4272 6446
779 388 883 459 579

1992 382 2301 445 NICOLAI
2345 386 2732 449 CABASILAZ

3899 398 4007 459 580

788 506 1092 561 Srdvatoris
1117 506 1400 559 imitantur
1425 518 1645 566 manus,
1667 514 1718 564 et
1744 519 1935 570 panem
1959 521 1987 565 ε
2013 519 2200 561 mensa
2218 504 2358 560 deli-
2382 509 2428 564 Α
2456 523 2475 556 ι

2322 534 2358 553 η-
2382 509 2428 564 Α
2456 506 2656 557 καὶτὸν
2686 507 2850 574 άρτον
2870 506 2977 559 άπὸ
3001 507 3096 574 τῆς
3124 508 3502 580 ἀληλιμμένης
3521 510 3803 581 τραπέζης
3820 510 4009 582 ὥσπερ

784 598 1102 661 buta,velut
1127 598 1194 650 ab
1218 596 1527 662 incorrupta
1568 596 1863 655 illamauu,
1906 593 2108 648 Christi
2149 608 2350 662 corpus

785 692 1104 758 accipimus,
1119 695 1172 742 et
1192 687 1506 753 sanguinem
1524 687 1640 751 ejus
1657 687 1910 750 bibimus,
1939 686 2023 739 vel
2040 697 2097 738 ut
2123 686 2195 739 illi
2213 700 2352 754 quos

788 779 1265 848 [tuminusiprimos
1287 780 1641 832 taliconvivio
1671 779 1894 847 accepit,
1920 778 2174 847 poculum
2198 779 2353 845 plane

788 877 1133 931 tremendum
1173 877 1483 945 propinans.
1512 874 1776 939 Quoniam
1819 877 1962 929 enim
1991 876 2103 943 ipse
2123 875 2262 928 idem
2299 884 2353 928 et

785 970 1043 1022 sacerdos
1114 977 1214 1029 est,
1264 976 1317 1019 ct
1368 967 1557 1027 altare,
1618 974 1669 1019 et
1734 966 1933 1030 hostia,
1990 973 2042 1017 ct
2094 964 2348 1025 offerens,

784 1072 837 1114 et
888 1076 995 1127 quo
1050 1059 1234 1121 ollert,
1280 1067 1333 1111 et
1387 1058 1528 1126 quod
1557 1057 1743 1118 offert:
1803 1057 2073 1127 mysteriis
2115 1072 2226 1110 rem
2266 1057 2351 1110 di-

785 1152 930 1213 visit,
956 1161 1005 1204 et
1036 1150 1172 1203 illud
1207 1150 1332 1218 puni
1360 1149 1782 1215 benedictionis,
1811 1149 1915 1202 hoc
1947 1158 2225 1218 unguento
2254 1150 2353 1202 tri—

787 1246 922 1298 buit.
964 1245 1176 1297 Etenim
1212 1244 1383 1297 altare
1417 1245 1636 1309 quidem
1686 1254 1768 1296 est
1810 1241 2079 1304 Salvator,
2135 1242 2350 1296 sacriﬁ-

786 1351 919 1388 cans
950 1345 1166 1403 propter
1191 1334 1450 1387 chrisma.
1475 1333 1656 1385 Altarc
1684 1333 1827 1386 enim
1861 1334 1985 1387 inde
2007 1334 2075 1386 ab
2096 1334 2249 1389 initio
2280 1336 2357 1388 iu-

787 1421 1036 1478 stitutum
1064 1434 1167 1485 est,
1197 1433 1253 1477 ut
1279 1434 1601 1493 urgeretur;
1638 1435 1689 1475 ct
1719 1424 2093 1481 sacerdotibus
2119 1425 2222 1480 hoc
2242 1436 2358 1479 crat

785 1518 1093 1570 sacerdotes
1125 1529 1246 1570 esse
1272 1554 1286 1576 .
1321 1516 1572 1569 inunctos
1606 1529 1746 1568 eSse.
1782 1514 2124 1569 Sacriﬁcium
2174 1528 2352 1570 autem

2453 596 2561 646 άπὸ
2592 597 2687 665 τῆς
2745 599 3025 666 ἀκηράτου
3054 601 3235 667 χειρὸς
3270 602 3484 669 ἐκείνης
3515 602 3755 671 Χριστοῦ
3790 605 4012 671 κομιζό-

2456 685 2591 752 μεθα
2626 687 2804 753 σῶμα,
2837 687 2930 739 καὶ
2959 688 3185 755 πίνομεν
3215 690 3309 741 τοῦ
3348 690 3577 758 αἵματος
3618 692 3806 758 αὐτοῦ,
3838 693 4012 747 καθά.

2454 795 2557 846 περ
2581 773 2661 841 οἷς
2698 778 2932 848 πρώτοις
2966 784 2993 833 6
3019 782 3298 849 Δεσπότης
3339 783 3436 852 τῆς
3491 786 3643 851 ίερᾶς
3684 786 4014 853 ἐκοινώνησε

2452 869 2753 940 τραπέζης,
2780 873 2874 940 τὴν
2905 874 3108 941 φρίκης
3134 874 3411 941 γέμουσαν
3462 876 3783 945 φιλοτησίαν
3811 878 4015 945 προπίο

2453 982 2577 1016 νων.
2622 964 2772 1016 Ἐπεὶ
2795 966 2902 1031 γάρ
2942 968 2969 1016 ὁ
2995 966 3156 1028 αὐτὸς
3187 967 3283 1019 καὶ
3326 954 3502 1034 ἱερεύς
3547 969 3665 1020 ἔστι
3703 969 3797 1021 καὶ
3828 967 4019 1021 θυσια-

2455 1056 2694 1124 στήριον,
2732 1057 2821 1106 καὶ
2849 1055 3011 1108 θυσία
3047 1057 3141 1109 καὶ
3176 1060 3490 1126 προσάγων,
3542 1060 3639 1111 καὶ
3662 1060 3730 1112 δι’
3755 1053 3817 1113 οῦ
3850 1078 4021 1130 προσ-

2454 1148 2575 1211 άγει
2610 1148 2702 1199 καὶ
2722 1146 2750 1198 6
2780 1149 3069 1216 προσάγει,
3097 1150 3207 1211 τοῖς
3242 1152 3563 1221 μυστηρίοις
3598 1152 3811 1215 διεῖλεν,
3841 1152 4019 1204 ἐκεῖνο

2457 1238 2557 1304 μὲν
2587 1240 2665 1309 τῷ
2712 1240 2812 1309 τῆς
2857 1241 3107 1306 εὐλογίας
3141 1242 3311 1313 ἄρτῳ.
3348 1243 3520 1295 ταῦτα
3544 1244 3599 1297 δὲ
3650 1244 3728 1312 τῷ
3764 1244 3918 1313 μύρῳ
3941 1244 4021 1295 δι-

2454 1328 2597 1389 δούς.
2630 1330 2735 1380 Καὶ
2760 1332 2870 1398 γάρ
2896 1330 3275 1402 θυσιαστήριον
3306 1334 3402 1402 μέν
3425 1336 3571 1387 ἐστιν
3599 1338 3625 1387 ὁ
3664 1336 3879 1404 Σωτὴρ,
3917 1338 4015 1389 καὶ

2458 1418 2597 1471 θύων
2620 1418 2706 1472 διὰ
2729 1420 2786 1471 τὸ
2813 1423 3021 1490 χρίσμα
3041 1438 3054 1453 ·
3087 1425 3146 1475 τό
3174 1440 3233 1475 τε
3260 1424 3369 1496 γὰρ
3401 1425 3786 1496 θυσιαστήριον
3807 1426 4018 1481 ἄνωθεν

2453 1510 2596 1563 οὕτω
2622 1511 2915 1565 καθίστατο
2943 1514 3255 1583 χριόμενον,
3296 1519 3410 1580 τοῖς
3434 1534 3491 1569 τε
3519 1517 3724 1588 ἱερεῦσι
3764 1518 3925 1570 τοῦτο
3950 1513 4020 1587 ἦν

788 1619 1008 1675 propter
1038 1621 1255 1659 crucem
1295 1614 1349 1657 et
1380 1615 1636 1668 mortem,
1692 1620 1797 1674 qua
1834 1621 1931 1675 pro
1964 1606 2053 1660 Dei
2090 1614 2144 1661 et
2178 1606 2356 1660 Patris
2459 1602 2473 1652 ῐ

2331 1623 2356 1660 3
2459 1601 2694 1671 ἱερεῦσιν
2754 1599 2893 1656 εἷναι
2945 1605 3004 1655 τὸ
3038 1607 3277 1673 χριστοϊς
3321 1604 3481 1670 εἶναι,
3527 1608 3687 1662 θυσία
3719 1610 3774 1663 ὁὶ
3799 1609 3886 1662 διὰ
3924 1611 4018 1661 τὸν

786 1701 957 1768 gloria
988 1710 1234 1751 mortuus
1271 1705 1355 1750 est
1390 1714 1405 1753 :
1437 1706 1663 1750 mortem
1698 1711 1859 1763 porro
1916 1707 1971 1753 et
2014 1697 2357 1753 immolatio-
2461 1711 2473 1744 ε

2330 1729 2357 1739 -
2461 1694 2695 1763 σταυρὸν
2717 1698 2808 1749 καὶ
2834 1697 2923 1748 τὸν
2953 1698 3202 1755 θάνατον.
3234 1696 3353 1751 ἀνθ’
3373 1691 3449 1751 ὧν
3477 1699 3620 1769 ὑπὲρ
3639 1700 3738 1770 τῆς
3766 1699 3862 1754 τοῦ
3878 1699 4017 1753 Θεοῦ

785 1807 908 1847 nem
960 1791 1102 1843 illaut
1139 1790 1552 1852 aummtiamus,
1585 1792 1825 1859 quoties,
1863 1790 2035 1859 inquit
2063 1792 2127 1855 ",
2163 1807 2351 1859 panem
2382 1834 2427 1860 τ,
2459 1802 2472 1835 ³

2333 1810 2351 1845 τ
2382 1834 2427 1860 η
2459 1786 2552 1837 καὶ
2588 1786 2797 1856 Πατρὸς
2847 1787 3086 1841 άπέθανε
3124 1788 3317 1860 δόξηςο
3355 1789 3445 1841 τὸν
3469 1789 3696 1844 θάνατον
3721 1791 3778 1844 δὲ
3809 1805 4020 1858 καταγ-

788 1885 934 1937 hunc
973 1882 1332 1937 comedimus.
1365 1881 1590 1950 Insuper
1616 1892 1670 1935 et
1701 1891 2059 1953 unguentum,
2092 1892 2145 1938 et
2168 1887 2354 1938 unctio
2382 1878 2429 1896 ⁸³
2456 1893 2475 1944 1

2332 1900 2354 1938 ο
2382 1878 2429 1896 ⁸³
2456 1878 2717 1947 γέλλομεν
2745 1881 2837 1932 καὶ
2865 1880 2964 1948 τὴν
3023 1881 3261 1950 σφαγὴν,
3292 1882 3509 1944 ὁσάκις,
3558 1884 3713 1951 φησὶ,
3740 1884 3830 1935 τὸν
3852 1882 4019 1952 ἄρτον

785 1984 871 2029 est
928 1974 1190 2028 Dominus
1246 1982 1463 2043 propter
1509 1976 1770 2044 Spiritum
1824 1987 2093 2031 sanctum.
2143 1976 2355 2030 Idcirco
2454 1987 2472 2023 ἰ

2329 1992 2355 2028 n
2454 1971 2642 2024 τοῦτον
2668 1970 2940 2040 ἐσθίομεν.
2976 1973 3097 2026 Ἐτι
3130 1973 3187 2026 δὲ
3227 1972 3397 2044 μύρον
3424 1973 3528 2041 μέν
3557 1977 3706 2028 ἐστιν
3728 1976 3756 2027 6
3783 1975 4016 2043 Χριστὸς

785 2066 964 2122 facere
991 2066 1207 2135 quidem
1238 2067 1585 2123 sanctissima
1616 2069 1887 2133 omnium,
1907 2078 1960 2122 et
1989 2070 2352 2134 sanctilicare,

784 2169 841 2212 at
871 2159 1224 2222 sanctiﬁcari,
1254 2170 1306 2214 et
1331 2160 1547 2228 quidvis
1579 2161 1794 2214 tandem
1840 2160 1950 2230 pati
1986 2175 2090 2213 non
2121 2168 2350 2229 poterat.

787 2252 913 2307 llzcc
960 2264 1139 2307 autem
1176 2252 1385 2311 altaris.
1426 2261 1477 2305 et
1524 2252 1909 2319 sacriﬁcantis,
1958 2238 2013 2306 et
2052 2252 2352 2316 ollerentis,

783 2362 892 2399 non
921 2345 1086 2399 oblati
1122 2354 1176 2398 et
1223 2345 1516 2399 sacrilicati
1548 2354 1725 2400 erant.
1755 2343 1888 2399 Nam
1920 2355 1975 2401 et
2015 2346 2183 2400 altare
2222 2362 2354 2400 san-

780 2439 1023 2492 ctilicare
1057 2436 1258 2491 dicitur
1288 2451 1303 2489 :
1338 2455 1356 2488 ι
1391 2437 1601 2501 Altare,
1633 2437 1835 2508 inquit,
1872 2437 2017 2507 quod
2053 2437 2355 2493 sanctiﬁcat

785 2532 988 2584 donum
1023 2531 1087 2587 ".
1129 2550 1147 2581 ι
1186 2530 1349 2586 Panis
1381 2546 1509 2584 vero
1540 2541 1760 2601 propter
1790 2546 2008 2586 carnem
2042 2531 2352 2587 sanctiﬁca-

785 2632 895 2675 tam
932 2633 984 2676 et
1045 2622 1370 2682 deilicatam.
1406 2633 1460 2677 et
1491 2640 1612 2693 qua:
1638 2625 1799 2678 ambo
1835 2625 1968 2687 haec,
2004 2634 2117 2679 tum
2150 2625 2355 2679 unctio-

786 2730 932 2776 nem,
973 2725 1084 2767 tum
1128 2715 1312 2783 plagas
1362 2718 1592 2784 accepit.
1644 2715 1827 2785 luquit
1870 2716 2013 2769 ettim
2043 2755 2057 2781 ,
2113 2730 2135 2766 ‹
2188 2716 2354 2777 Panis

780 2822 942 2876 quiem
968 2822 1067 2875 ego
1098 2807 1258 2870 dabo,
1291 2821 1421 2861 caro
1449 2821 1567 2861 mea
1603 2818 1704 2871 est,
1735 2824 1899 2876 quam
1931 2824 2030 2876 ego
2076 2808 2218 2863 dabo
2249 2808 2354 2879 (ri-

781 2900 977 2953 delicet
1002 2896 1342 2967 sacriﬁcans)
1377 2914 1474 2969 pro
1514 2900 1698 2953 mundi
1734 2901 1841 2953 vita
1875 2901 1945 2955 η.
1983 2919 2002 2951 ι
2043 2902 2164 2957 ldeo
2193 2902 2351 2957 offer-

787 3004 877 3045 tur
904 2992 1123 3060 quidem
1158 2999 1217 3045 ut
1241 2992 1419 3058 panis,
1447 2990 1605 3046 oﬂ'ert
1635 3002 1816 3046 autem
1866 3005 1925 3046 ut
1969 3003 2305 3063 unguentum
2333 3035 2348 3059 ,

782 3096 835 3137 et
871 3093 1043 3137 semet
1081 3099 1297 3138 Carnem
1331 3083 1610 3147 deificaus,
1684 3095 1738 3139 et
1782 3101 1879 3140 nos
1915 3089 2189 3143 unctionis
2222 3104 2351 3143 con-

2456 2064 2551 2115 καὶ
2604 2064 2813 2133 χρίσμα
2869 2065 2958 2117 διὰ
2989 2066 3051 2117 τὸ
3085 2064 3309 2136 Πνεῦμα
3361 2067 3422 2119 τὸ
3450 2064 3628 2133 άγιον,
3662 2066 3729 2120 δι’
3759 2065 3787 2119 6
3817 2066 4019 2136 δρᾶσαι

2458 2155 2557 2222 μὲν
2608 2158 2676 2206 τὰ
2714 2153 2983 2223 ίερώτατα
3023 2157 3242 2209 πάντων
3271 2159 3365 2210 καὶ
3400 2158 3649 2224 ἁγιάσαι,
3678 2158 4016 2227 άγιασθῆναι

2453 2250 2510 2299 δὲ
2534 2249 2625 2300 καὶ
2649 2247 2828 2300 ὁτιοῦν
2860 2248 3055 2302 παθεῖν
3080 2249 3233 2302 οὐδὲν
3264 2245 3401 2319 εἶχε.
3429 2249 3617 2303 Ταῦτα
3634 2250 3692 2303 δὲ
3722 2250 4017 2321 θυσιαστη-

2459 2339 2577 2408 ρίου
2609 2356 2665 2392 τε
2714 2336 2782 2411 ἢν
2817 2342 2912 2394 καὶ
2942 2341 3162 2403 θύοντος
3214 2341 3309 2394 καὶ
3346 2343 3738 2411 προσάγοντος.
3767 2342 3830 2395 οὐ
3854 2358 4023 2410 προσ-

2456 2430 2726 2499 αγομένου
2762 2433 2855 2484 καὶ
2886 2432 3152 2501 θυομένου
3173 2447 3188 2463 ο
3224 2434 3316 2486 καὶ
3360 2434 3470 2503 γὰρ
3505 2436 3600 2487 καὶ
3629 2434 3691 2486 τὸ
3730 2434 4026 2503 θυσιαστή-

2460 2541 2573 2595 ριον
2600 2526 2845 2590 ἁγιάζειν
2871 2526 3114 2594 λέγεται,
3157 2545 3175 2578 ι
3213 2528 3287 2581 Τὸ
3311 2528 3690 2598 θυσιαστήριον
3715 2529 3845 2594 γὰρ,
3866 2529 4021 2596 φησὶ.

2454 2619 2514 2670 τὸ
2545 2616 2775 2685 άγίαξον
2813 2618 2872 2670 τδ
2924 2619 3120 2689 δῶρον,
3158 2636 3178 2671 ι
3211 2619 3373 2689 ἄρτος
3400 2620 3458 2673 δὲ
3491 2620 3588 2689 τῆς
3628 2620 3830 2689 σαρκὸς
3859 2619 4022 2671 ἕνεκα

2456 2710 2553 2778 τῆς
2585 2711 2938 2781 άγιασθείσης
2967 2713 3063 2764 καὶ
3097 2711 3399 2782 θεωθείσης
3431 2712 3525 2766 καὶ
3554 2712 3719 2782 ἄμφω
3744 2712 3940 2775 ταῦτα,
3963 2713 4026 2765 τό

2454 2815 2513 2852 τε
2572 2802 2781 2871 χρίσμα
2820 2801 3124 2871 δεξαμένης
3176 2808 3274 2856 καὶ
3310 2805 3410 2872 την
3457 2803 3691 2872 πληγήν.
3746 2820 3767 2853 ι
3818 2802 3878 2855 '0
3912 2801 4025 2871 γάρ

2455 2892 2642 2961 ἄρτος,
2698 2893 2882 2961 φησιν,
2921 2892 2980 2945 δν
3011 2892 3123 2960 ἐγὼ
3155 2894 3333 2959 δώσω,
3367 2896 3400 2964 ή
3437 2894 3574 2963 σάρξ
3609 2895 3707 2963 μού
3759 2897 3929 2953 ἐστιν,
3957 2894 4026 2963 ἢν

2455 2984 2567 3052 ἐγὼ
2595 2983 2751 3038 δώσω
2775 3026 2789 3051 ,
2827 3004 2846 3038 ι
2899 2986 3145 3057 δηλονότι
3180 2987 3323 3041 θύων
3378 2988 3517 3057 ὑπὲρ
3546 2987 3647 3055 τῆς
3680 2986 3776 3039 τοῦ
3811 2987 4024 3055 κόσμου

2456 3072 2622 3142 ζωῆς.
2649 3076 2750 3127 Διὰ
2770 3075 2944 3129 ταῦτα
2960 3079 3308 3146 προσάγεται
3335 3079 3435 3148 μὲν
3458 3079 3532 3143 ὡς
3547 3079 3730 3148 ἄρτος,
3753 3081 4028 3148 προσάγει

782 3189 966 3229 sortes
999 3176 1313 3244 accipiens.
1338 3174 1579 3242 Quorum
1614 3185 1797 3247 typum
1847 3177 2016 3233 Jacob
2061 3181 2351 3235 subosteu-
2378 3169 2423 3229 C
2454 3164 2469 3216 ε

2340 3169 2423 3229 ,C
2454 3164 2512 3216 δὲ
2540 3165 2615 3227 ὠς
2648 3166 2842 3236 μύρον,
2892 3168 2986 3220 καὶ
3042 3170 3238 3222 ἑαυτὸν
3258 3170 3365 3240 τὴν
3418 3171 3601 3240 σάρκα
3656 3172 3867 3233 θεώσας
3929 3175 4027 3224 καὶ

782 3268 941 3330 deus,
975 3281 1099 3319 cum
1133 3266 1367 3335 lapidem
1407 3268 1528 3322 olco
1566 3270 1836 3333 uuxisset,
1877 3270 2107 3326 Domino
2139 3272 2357 3326 dedica-

784 3358 859 3408 \‘il
887 3355 956 3419 ",
991 3358 1038 3409 ei
1074 3357 1330 3425 uugcndo
1361 3356 1596 3412 offerens
1621 3374 1635 3410 :
1662 3360 1778 3414 sive
1801 3376 2023 3414 carnem
2054 3356 2361 3418 Salvatoris

780 3463 1054 3500 Hllllll-Ulll
1086 3448 1412 3516 angularem
1455 3449 1689 3517 lapidem
1732 3452 2041 3513 insinuans,
2084 3465 2355 3521 quatenus

780 3540 1076 3592 divinitatis
1129 3539 1319 3592 ell‘udit
1375 3551 1713 3608 unguentum
1771 3542 1933 3598 verus
1970 3544 2159 3609 Israel,
2202 3561 2356 3600 mens

782 3646 904 3698 qua-
935 3631 1048 3684 sola
1083 3635 1231 3684 novit
1260 3632 1499 3699 Patrem;
1532 3636 1648 3687 sive
1679 3650 1799 3700 nos,
1832 3652 1972 3704 quos
2003 3654 2064 3690 ex
2088 3638 2357 3706 lapidibus

780 3719 1038 3771 excitavit
1065 3718 1205 3774 filios
1229 3722 1479 3785 Abrahae,
1516 3724 1814 3793 participes
1836 3727 2095 3780 unctione
2123 3726 2354 3781 faciens.

786 3807 1023 3877 Spiritus
1058 3811 1202 3864 cnim
1237 3824 1462 3867 sanctus
1491 3830 1655 3882 super
1691 3827 1885 3870 unctos
1917 3817 2145 3883 etfusus,
2172 3830 2227 3873 ct
2253 3820 2357 3873 alia

783 3900 961 3965 nobis,
987 3910 1043 3955 et
1068 3901 1303 3970 Spiritus
1338 3905 1652 3974 adoptionis
1686 3908 1920 3961 liltorum
1953 3918 2077 3963 cst:
2117 3928 2135 3961 I
2180 3911 2247 3964 Et
2277 3921 2360 3965 te-

782 3993 1124 4055 stimonium,
1162 3996 1361 4064 inquit,
1390 4001 1571 4051 reddit
1598 4001 1815 4068 Spiritui
1848 4012 2057 4065 nostro,
2089 4005 2232 4072 quod
2264 4002 2358 4057 ﬂ'ii

785 4082 872 4133 ltei
915 4098 1129 4146 sumus,
1163 4087 1213 4139 in
1246 4089 1502 4142 cordibus
1534 4092 1737 4145 nostris
1774 4093 2044 4155 clamans.
2067 4095 2218 4147 Abba
2253 4092 2353 4149 Pa-

784 4184 865 4221 ter
895 4171 965 4223 ".
1011 4190 1028 4221 ι
1064 4174 1142 4224 Ad
1187 4175 1301 4227 haec
1335 4176 1558 4242 prodest
1590 4180 1994 4236 sanctissimum
2017 4190 2358 4253 unguentum

784 4259 1094 4314 volentibus
1123 4262 1174 4314 in
1204 4263 1426 4318 Christo
1458 4269 1619 4322 vitam
1656 4270 1898 4341 exigere.

2457 3259 2608 3325 ἡμᾶς
2661 3258 2952 3327 λαμϐάνων
2985 3258 3079 3311 τοῦ
3112 3261 3411 3330 χρίσματος
3453 3265 3763 3326 κοινωνοὺς,
3796 3257 3872 3316 ὧν
3920 3265 4027 3316 ἰα-

2459 3348 2575 3401 κὼὸ
2605 3350 2924 3416 ὑποφαίνων
2953 3352 3046 3404 τὸν
3075 3353 3248 3405 τύπον
3296 3353 3463 3424 ὲλαίῳ
3501 3356 3650 3408 λίθον
3670 3356 3899 3425 ἀλείψας
3930 3359 4027 3409 ἁν-

2457 3442 2623 3512 έθηκε
2670 3442 2748 3513 τῷ
2803 3443 2943 3513 Θεῷ,
2979 3444 3154 3515 τούτῳ
3181 3447 3244 3514 δὴ
3296 3448 3372 3511 τῷ
3401 3452 3584 3516 χρῖσαι
3620 3450 4025 3518 προσαγαγών·

2458 3536 2567 3587 εἴτε
2592 3536 2693 3601 τὴν
2719 3537 2898 3605 σάρκα
2918 3539 3014 3589 τοῦ
3041 3540 3296 3608 Σωτῆρος
3318 3540 3410 3593 τὸν
3436 3542 3839 3611 ἀκρογωνιαίον
3860 3545 4030 3595 αἰνιτ-

2455 3625 2681 3694 τόμενος
2723 3626 2888 3694 λίθον,
2993 3629 3052 3681 τδ
3099 3631 3195 3697 τῆς
3252 3630 3509 3698 θεότητος
3557 3634 3751 3703 ἐπέχει
3795 3634 3971 3702 μύρον
4000 3637 4029 3688 6

2457 3716 2710 3786 ἀληθινὸς
2755 3716 2991 3789 Ἰσραὴλ,
3024 3720 3052 3771 6
3082 3720 3205 3783 νοῦς
3235 3724 3262 3773 6
3288 3722 3459 3792 μόνος
3485 3723 3644 3788 εἰδὼς
3666 3726 3758 3777 τὸν
3782 3725 4027 3794 Πατέρα,

2459 3810 2568 3863 εἴτε
2599 3812 2772 3879 ἡμᾶς,
2805 3810 2899 3875 οὓς
2947 3813 3013 3865 ὲκ
3064 3814 3171 3868 τῶν
3202 3813 3366 3867 λίθων
3404 3814 3569 3878 αὐτὸς
3625 3817 3831 3884 ἐγείρει
3861 3820 4030 3869 τέκνα

2459 3902 2540 3979 τῷ
2571 3903 2828 3973 Ἀϐραὰμ
2857 3903 2936 3974 τῷ
2970 3904 3297 3974 μεταδοῦναι
3323 3906 3421 3959 τοῦ
3451 3908 3779 3977 χρίσματος.
3816 3908 3892 3960 Τὸ
3916 3912 4031 3979 γὰρ

2463 3994 2689 4066 Πνεῦμα
2721 3997 2782 4049 τὸ
2817 3997 2972 4065 ἅγιον
3000 4000 3359 4069 ἐπιχεόμενον
3381 4003 3695 4071 χριομένοις
3713 4003 3782 4056 τά
3804 4004 4035 4058 uilla.

2463 4090 2596 4158 ἡμῖν
2633 4090 2727 4143 καὶ
2763 4090 2981 4160 πνεῦμα
3016 4091 3291 4157 υἱοθεσίας
3320 4096 3443 4148 ἐστὶ
3482 4099 3577 4150 καὶ
3611 4115 3631 4147 ι
3664 4102 3969 4170 μαρτυρεῖ,
4008 4119 4027 4151 ι

2462 4178 2618 4247 φησὶ,
2641 4196 2661 4229 ι
2686 4178 2764 4248 τῷ
2788 4180 3062 4250 πνεύματι
3093 4183 3272 4252 ἡμῶν,
3298 4187 3380 4237 ὅτι
3411 4187 3576 4256 ισμὲν
3600 4188 3765 4241 τέκνα
3784 4188 3949 4254 Θεοῦ,
3972 4196 4033 4243 ἐν

2460 4271 2581 4331 ταῖς
2639 4270 2892 4355 καρδίαις
2946 4272 3103 4342 ήμῶν
3160 4277 3397 4344 κράζον·
3446 4278 3614 4332 ’Δὸϐἇ
3664 4282 3691 4333 6
3749 4282 3963 4352 Πατήρ.
4006 4302 4024 4335 ο

2462 4357 2702 4411 Τοιαῦτα
2737 4360 2926 4429 βοηθεῖ
2946 4362 3008 4414 τὸ
3038 4361 3315 4418 θειότατον
3346 4368 3525 4439 μύρον
3543 4372 3656 4433 τοίς
3683 4370 3783 4441 ζῇν
3817 4374 3876 4423 ἐν
3896 4374 4007 4427 Xa:

2465 4452 2575 4523 στῷ
2604 4452 2971 4523 βουλομένοις.

864 4608 903 4637 ¹’
935 4609 1105 4664 lCor.
1131 4627 1209 4677 ιι,
1248 4615 1340 4669 26.
1420 4616 1462 4649 ¹⁸
1497 4617 1683 4675 Matth.
1731 4637 1886 4691 unt,
1924 4625 2006 4680 l9.
2088 4628 2129 4659 ¹⁹
2166 4625 2327 4684 Joan.
2363 4647 2439 4698 Vl,
2480 4632 2551 4688 53

2216 4643 2327 4684 tan.
2363 4647 2439 4698 vr,
2480 4632 2684 4688 ὅδε-35.
2761 4635 2810 4667 ³⁸
2841 4634 2981 4691 Gen.
3013 4654 3205 4707 nun,
3238 4645 3325 4700 l9.
3402 4648 3446 4678 "
3488 4650 3650 4705 Rom.
3685 4666 3806 4715 νιη,
3837 4650 3903 4708 15
