4272 6446
783 426 900 486 583

2028 430 2332 489 NlCOLAi
2379 429 2767 492 CABASILE

3937 435 4042 498 584

785 551 840 595 ct
875 539 1179 596 initiatione
1237 556 1391 596 suam
1443 543 1495 595 in
1553 540 1707 595 nobis
1761 530 2013 596 virtutem
2062 543 2443 604 exserento,A

2354 581 2367 604 ,
2395 543 2443 602 Α
2472 542 2548 612 τῷ
2585 544 2866 613 εὐεργέτῃ,
2892 543 3004 597 ἀλλ’
3028 544 3286 598 ἀδύνατον
3316 546 3502 599 οὐδέν·
3542 547 3686 600 ἔστιν
3721 541 3799 602 ὧν
3847 550 3940 602 καὶ
3965 551 4041 602 δίο

788 629 1018 699 gratiam
1089 629 1305 699 quidem
1367 630 1549 682 datam
1606 640 1874 694 tenemus,
1920 640 2118 686 cetera
2178 642 2358 686 autem

787 721 1032 788 praestari
1059 737 1088 774 α
1115 723 1456 774 benefactore
1489 737 1593 775 non
1653 723 1942 775 admodum
1999 739 2225 778 necesse
2258 737 2360 779 est.

790 812 934 867 Fieri
967 815 1111 868 enim
1155 821 1352 878 potest,
1387 829 1489 866 nos
1521 815 1891 881 quorumdam
1913 829 2102 883 manas
2131 816 2358 880 debere;

790 921 890 958 nec.
927 905 1175 971 prohibet
1210 905 1534 973 quidquam.
1569 915 1616 958 ct
1660 907 1783 959 data
1833 921 1933 960 nos
1984 921 2359 974 corrumpere,

788 1007 839 1052 et
873 997 1031 1051 oﬂicii
1065 1011 1326 1050 nttmeros
1356 1013 1461 1050 nou
1495 998 1731 1065 explere.

861 1088 1028 1157 Cujus
1063 1080 1135 1140 rei
1170 1089 1323 1141 multi
1353 1097 1479 1142 sunt
1509 1098 1698 1152 testes,
1737 1099 1806 1142 ἰιι
1831 1090 2130 1148 Corinthiis
2161 1094 2209 1146 id
2237 1109 2366 1162 apo-

791 1181 949 1238 Stolis
979 1180 1273 1233 etiamnum
1303 1179 1700 1240 vivis,accidit.
1734 1180 1866 1234 Nam
1899 1199 1962 1234 ex
2001 1185 2082 1236 his
2115 1183 2204 1252 qui
2235 1184 2360 1252 Spi-

798 1274 904 1324 ritu
961 1283 1117 1324 erant
1167 1271 1327 1338 pleni,
1379 1272 1470 1339 qui
1549 1273 1970 1340 prophe'thant,
2019 1276 2110 1341 qui
2161 1276 2362 1343 linguis

798 1363 1183 1430 loquebantur,
1238 1363 1838 1429 aliisqueornamentis
1872 1366 2148 1430 conspicui
2182 1377 2359 1429 erant,

795 1463 1006 1506 tantum
1045 1462 1222 1504 tamen
1255 1453 1466 1512 aberat,
1505 1463 1564 1503 ut
1612 1469 1839 1520 prorsus
1887 1455 2053 1506 divini
2097 1465 2153 1508 ct
2205 1458 2363 1524 spiri-

792 1546 929 1598 tales
955 1552 1159 1608 essent,
1192 1555 1248 1596 ιιι
1283 1543 1505 1604 invidia,
1538 1545 1833 1596 ambitione
1862 1545 2193 1613 importuna,
2231 1563 2362 1600 con-

795 1639 1057 1697 tentione,
1093 1646 1146 1690 et
1171 1635 1546 1704 hujuscemodi
1588 1635 1733 1689 vitiis
1768 1635 2099 1690 laborarent.
2137 1637 2200 1690 Et
2244 1639 2356 1691 haec

789 1728 897 1782 illis
924 1727 1260 1794 exprobrans
1295 1725 1517 1789 Paulus,
1561 1745 1577 1776 ι
1617 1727 1806 1779 Adhuc
1859 1730 2126 1790 carnales,
2169 1730 2360 1796 inquit,

2466 652 2568 696 κας
2597 635 2855 703 ὀφείλειν,
2884 638 2981 688 καὶ
3005 637 3158 690 ούδὲν
3187 637 3384 690 κωλύει
3439 639 3499 691 τό
3531 656 3588 690 τε
3627 641 3926 711 μυστήριον
3953 659 4044 692 τε·

2464 725 2718 794 λεσθῆναι
2767 728 2862 779 καὶ
2890 729 2956 779 τά
3002 727 3226 780 δοθέντα
3282 731 3357 797 μὴ
3409 728 3720 800 διαφθεῖραι
3783 733 3876 784 καὶ
3934 731 4045 784 τῶν

2465 818 2693 871 δεόντων
2727 819 2991 883 δλλειπεῖς
3027 817 3188 877 εἶναι.

2537 1079 2752 1132 Τούτων
2776 1079 2964 1132 πολλοὶ⁵
3001 1081 3307 1150 μάρτυρες,
3350 1084 3443 1136 καὶ
3484 1083 3792 1151 Κορινθίοις
3843 1083 3897 1136 δὲ
3951 1086 4048 1137 ἑνὶ

2463 1171 2569 1222 τῶν
2592 1171 2903 1225 ἀποστόλων
2932 1172 3129 1241 συνέϐη
3154 1187 3168 1202 ο
3200 1172 3310 1225 τῶν
3343 1173 3450 1242 γάρ
3478 1173 3572 1224 τοῦ
3608 1172 3923 1240 Πνεῦματος
3944 1177 4041 1239 γέ-

2467 1279 2655 1328 μοντες
2683 1265 2774 1314 καὶ
2808 1263 3268 1331 προφητεύοντες,
3305 1267 3397 1316 καὶ
3436 1264 3710 1331 γλώσσαις
3732 1264 4043 1326 λαλοῦντες,

2467 1355 2562 1407 καὶ
2585 1356 2755 1408 τᾶλλα
2787 1353 3223 1419 ἐπιδεικνύμενοι
3255 1356 3506 1410 τοσοῦτον
3558 1359 3785 1426 ἀπεῖχον⁴
3826 1359 4042 1426 ἀμέλει,

2465 1446 2622 1507 θείως
2674 1446 2930 1511 καθάπαξ
2989 1448 3079 1500 καὶ
3119 1449 3507 1513 πνευματικῶς
3560 1449 3724 1517 ἔχειν,
3766 1448 3905 1502 ὥστε
3967 1449 4044 1520 μὴ

2466 1539 2652 1608 πόρῤω
2687 1539 2988 1607 βασκανίας
3028 1542 3120 1592 καὶ
3149 1538 3458 1610 φιλοτιμίαξ
3513 1542 3747 1611 ἀκαίρου
3787 1542 3882 1594 καὶ
3925 1543 4042 1610 ἔρι-

2462 1630 2551 1690 δος
2601 1632 2693 1682 καὶ
2735 1631 2844 1682 τῶν
2893 1633 3150 1683 τοιούτων
3201 1634 3423 1685 ἑστάναι
3478 1634 3684 1686 κακῶν.
3732 1634 3839 1687 Καὶ
3866 1634 4040 1685 ταῦτα

2463 1723 2646 1784 αὐτοῖς
2676 1725 2967 1793 προφέρων
3007 1727 3036 1777 ό
3071 1725 3304 1788 Παῦλος,
3337 1744 3353 1775 ι
3385 1727 3666 1795 Σαρκικοὶ,
3701 1729 3886 1795 φησὶν,
3921 1727 4046 1779 ἐστὲ

788 1819 942 1880 eatis,
1007 1827 1062 1871 et
1121 1819 1420 1871 secundum
1458 1818 1730 1871 hominem
1794 1819 2084 1872 ambulatis
2134 1821 2232 1873 η.»
2271 1823 2362 1873 Λι-
2395 1813 2434 1867 Β
2472 1833 2475 1864 :

2357 1849 2362 1861 .
2395 1813 2434 1867 Β
2472 1817 2565 1866 καὶ
2596 1819 2736 1867 κατὰ
2766 1815 3052 1884 ἄνθρωπον
3102 1820 3452 1886 περιπατεῖτε
3475 1834 3488 1848 ο
3526 1837 3544 1868 ι
3580 1819 3759 1870 καίτοι
3794 1835 4044 1886 πνευμα-

788 1911 882 1977 qui
916 1908 1230 1976 spirituales
1253 1921 1426 1969 erant,
1459 1911 1601 1976 quod
1629 1911 1696 1962 ad
1727 1921 1932 1979 partem
1963 1913 2202 1981 aliquam
2230 1930 2354 1986 gra-

792 2004 989 2054 tiarum
1030 2003 1224 2055 attinet
1255 2017 1270 2066 ;
1301 2003 1394 2054 sed
1430 2002 1530 2054 hoc
1562 2002 1641 2056 eis
1682 2005 1747 2056 ad
1793 2019 2009 2057 onmem
2058 2006 2356 2074 nequitiam

789 2111 852 2148 ex
883 2096 1064 2148 anima
1097 2094 1420 2163 ejiciendam
1454 2095 1678 2148 minime
1716 2095 2032 2151 snﬂiciebat.
2065 2097 2120 2150 In
2151 2099 2360 2151 Eucha-

790 2189 942 2240 ristia
992 2201 1119 2240 vero
1149 2187 1255 2241 tale
1307 2186 1442 2239 nihil
1479 2197 1581 2240 est.
1641 2187 1695 2240 Ιιι
1752 2187 1951 2254 quibus
2009 2190 2154 2243 enim
2205 2191 2360 2257 panis

794 2278 912 2330 vita:
943 2294 1005 2330 ca
1050 2285 1308 2344 operatus
1338 2283 1441 2339 est,
1481 2291 1574 2344 per
1613 2292 1733 2345 quae.
1780 2287 2008 2330 mortem
2059 2279 2357 2342 evitarunt,

792 2379 845 2420 et
873 2383 1046 2436 neque
1067 2377 1343 2422 ccenantes
1369 2368 1475 2420 ullo
1502 2368 1703 2421 scelere
1732 2369 1977 2423 obstricti
2007 2379 2155 2432 sunt,
2186 2388 2361 2440 neque

792 2461 960 2514 ullum
981 2461 1493 2529 super-induxerunt,
1521 2465 1681 2514 nemo
1703 2465 1834 2516 tales
1866 2467 2216 2519 accusaverit.
2243 2467 2358 2520 Non

793 2555 937 2608 cnim
965 2564 1156 2622 potest,
1180 2568 1286 2606 non
1310 2562 1507 2622 potest,
1533 2555 1776 2623 inquam,
1799 2557 1898 2611 hoc
1921 2561 2234 2627 mysterium
2269 2575 2363 2627 per

797 2646 978 2700 omnia
1017 2646 1254 2714 cperari,
1286 2655 1340 2700 et
1388 2647 1630 2699 initiatos
1664 2663 1692 2700 a
1747 2651 2115 2718 qualicunque
2169 2653 2364 2718 imper-

800 2739 1034 2790 iectiouc
1072 2737 1368 2790 vindicare.
1403 2737 1478 2789 Cu
1502 2754 1525 2788 r
1562 2738 1630 2788 ita
1659 2738 1681 2789 ?
1713 2738 1978 2804 Quoniam
2012 2740 2112 2794 hoc
2141 2752 2224 2794 est
2255 2759 2364 2811 my-

796 2831 1020 2884 Sterium
1044 2827 1280 2895 operari,
1312 2829 1532 2897 quando
1557 2843 1619 2881 eo
1641 2829 1859 2884 allectos
1883 2832 2016 2884 nihil
2034 2848 2220 2886 eorum
2246 2850 2365 2902 quze

791 2919 986 2973 adesse
1045 2926 1298 2986 possunt,
1365 2919 1586 2976 defecit.
1633 2919 1830 2974 Mensa:
1864 2925 2009 2976 enim
2070 2928 2364 2992 promissio

793 3014 848 3063 in
913 3010 1134 3065 Christo
1195 3026 1316 3075 nos,
1363 3019 1416 3063 et
1482 3011 1536 3064 in
1593 3012 1750 3066 nobis
1792 3013 2066 3067 Christum
2120 3017 2365 3072 habitare

793 3101 946 3154 facit.
990 3100 1080 3154 Ait
1120 3101 1262 3154 enim
1317 3118 1329 3154 :
1368 3099 1453 3153 tln
1483 3117 1568 3154 me
1609 3112 1809 3168 manet,
1861 3114 1914 3157 et
1944 3121 2043 3173 ego
2075 3107 2125 3158 in
2149 3123 2216 3162 eo
2263 3111 2358 3164 ν’.»

792 3192 1019 3247 Christo
1055 3194 1108 3246 in
1139 3193 1297 3247 nobis
1344 3206 1622 3258 manente,
1663 3198 1791 3262 quid
1844 3200 2078 3266 amplius
2117 3203 2358 3270 requira-

794 3285 925 3337 tur?
966 3295 1058 3338 aut
1111 3284 1254 3352 quod
1307 3284 1506 3337 bonum
1565 3301 1663 3340 nos
1705 3287 1982 3354 ell'ugiat?
2037 3291 2094 3345 lit
2145 3293 2361 3348 Chrile

796 3387 1076 3430 manentes
1105 3376 1232 3445 quid
1275 3376 1420 3429 aliud
1455 3378 1926 3433 desidet-abimus?
1963 3380 2055 3434 llle
2086 3384 2361 3440 habitator

795 3480 999 3530 noster,
1033 3478 1085 3522 et
1113 3469 1225 3537 ipse
1257 3468 1518 3522 habitatio
1568 3481 1750 3524 nostra
1776 3483 1878 3526 est.
1921 3472 1964 3526 Ο
1995 3489 2095 3528 nos
2135 3478 2222 3529 tali
2276 3478 2362 3531 ba-

798 3563 1061 3614 litatioue
1094 3561 1286 3612 beatos
1318 3575 1332 3610 :
1365 3570 1418 3613 et
1452 3560 1637 3612 beatos
1668 3561 1882 3626 iterum,
1919 3570 2046 3631 quia
2090 3565 2356 3633 ejusmodi

793 3655 989 3706 domus
1023 3651 1213 3704 incolae
1238 3650 1358 3703 l'aeti
1383 3666 1598 3704 sumus.
1630 3653 1749 3716 Quo
1773 3669 2006 3723 namque
2036 3657 2178 3709 bono
2203 3671 2362 3726 mre

794 3753 1048 3810 poterunt
1081 3744 1159 3795 sic
1186 3741 1362 3794 εισι-οιὶ
1397 3751 1450 3794 et
1487 3744 1816 3795 constituti?
1873 3743 2012 3809 Quid
2055 3749 2353 3809 vitiositati,

796 3845 850 3888 et
905 3837 958 3888 in
1013 3844 1159 3888 tanta
1220 3833 1490 3886 eharitate
1534 3835 1876 3889 versantibus
1918 3851 2206 3893 commune
2247 3844 2360 3896 sit?

795 3930 934 3994 Quid
980 3928 1194 3982 tandem
1271 3927 1394 3979 mali
1473 3935 1622 3980 tanlo
1684 3921 1947 3982 bonorum
2019 3934 2236 3987 cumulo
2303 3951 2362 3988 se

793 4021 1065 4091 opponat?
1109 4019 1248 4083 Quid
1288 4018 1429 4071 cnim
1488 4019 1568 4073 vel
1618 4036 1856 4088 prmsens
1921 4024 2236 4083 Subsistere.
2278 4027 2360 4084 vel

799 4115 997 4167 absens
1025 4114 1278 4180 ingruere
1306 4120 1490 4177 queat,
1522 4113 1739 4179 quando
1761 4113 2012 4168 Christus
2035 4116 2170 4169 adeo
2207 4116 2364 4171 fami-

802 4206 1007 4257 liariter
1031 4204 1316 4257 nobiscum
1349 4211 1452 4264 est,
1480 4211 1534 4254 et
1568 4217 1667 4255 nos
1705 4211 1848 4256 totos
1883 4214 2147 4269 penetrat,
2179 4208 2359 4260 omnia

798 4295 1058 4348 interiora
1104 4293 1366 4362 possidet,
1397 4301 1451 4345 et
1482 4307 1581 4345 nos
1631 4293 1798 4361 cingit
1827 4310 1888 4346 ac
1917 4297 2190 4364 protegit?
2227 4298 2359 4352 Nam

798 4388 900 4440 tela
930 4386 1273 4439 extrinsecus
1311 4385 1512 4452 jactata
1584 4401 1648 4437 ne
1691 4386 1739 4436 in
1791 4401 1889 4438 nos
1954 4387 2193 4442 incidant
2236 4406 2360 4460 pro-

2460 1909 2598 1958 1WD".
2641 1903 2803 1976 ἦσαν,
2844 1910 2906 1960 τό
2955 1927 3018 1976 γε
3069 1910 3180 1961 τῶν
3222 1911 3461 1982 χαρίτων
3508 1913 3695 1980 μέρος,
3727 1912 3840 1964 ἀλλ’
3891 1913 4046 1965 οὐδὲν

2459 2001 2689 2068 ἢρκεσεν
2724 2001 2904 2063 αὐτοῖς
2944 2002 3078 2070 πρὸς
3112 2003 3171 2053 τὸ
3199 2004 3304 2054 πᾶν
3330 2003 3534 2069 φαῦλον
3571 2005 3677 2055 ἀπὸ
3723 2002 3822 2070 τῆς
3865 2003 4046 2072 ψυχῆς

2461 2093 2729 2146 ἐκϐαλεῖν.
2770 2095 2823 2146 Ἐ
2837 2094 2893 2146 πὶ
2920 2093 2974 2146 δὲ
3008 2099 3104 2162 τῆς
3134 2095 3494 2163 Εύχαριστίας
3516 2095 3720 2147 τούτων
3743 2095 3895 2148 οἰδέν
3913 2112 3928 2126 °
3961 2089 4046 2158 οἷς

2459 2186 2567 2252 γὰρ
2594 2188 2620 2236 ὁ
2642 2186 2736 2254 τῆ·
2771 2184 2915 2253 ζωῆς
2940 2186 3102 2254 ἄρτος
3148 2186 3368 2254 ἐνεργὸς
3419 2187 3661 2253 ἐγένετο,
3683 2186 3749 2238 δι’
3780 2180 3857 2238 ὧν
3904 2189 4036 2254 ἐφυ-

2461 2277 2688 2341 λάξαντο
2719 2277 2808 2329 τὸν
2839 2278 3086 2339 θάνατον,
3115 2279 3209 2330 καὶ
3231 2279 3355 2331 οὔτε
3407 2279 3752 2343 δειπνοῦντες
3797 2281 4042 2348 πονηρὸν

2462 2369 2614 2420 οὐδὲν
2645 2364 2812 2437 εἶχον,
2835 2368 2946 2422 οὔτ’
2978 2371 3364 2438 ἐπεισήγαγον,
3390 2371 3491 2424 οὐκ
3512 2371 3576 2423 ἄν
3605 2389 3687 2432 τις
3709 2371 3859 2424 οὐδὲν
3881 2372 4046 2438 ἐγκα-

2463 2464 2614 2514 λέσαι
2644 2464 2902 2516 τοιοῦτον,
2938 2464 3011 2514 Ui)
3039 2461 3144 2531 γὰρ
3179 2464 3345 2528 ἔστιν,
3382 2465 3482 2518 οὐκ
3509 2464 3646 2529 ἔστι,
3675 2466 3772 2534 τὴν
3819 2465 4045 2534 τελετὴν

2463 2556 2686 2624 ἐνεργὸν
2743 2556 3090 2607 παντάπασιν
3148 2552 3288 2607 εἶναι
3342 2557 3438 2608 καὶ
3491 2559 3602 2618 τοῖς
3664 2559 4044 2626 μεμυημένοις

2465 2647 2779 2714 ἡστινοσοῦν
2816 2649 3056 2713 μετεῖναι
3111 2646 3476 2713 φαυλότητος’
3505 2647 3594 2698 διὰ
3624 2648 3853 2712 τίςὊτι
3879 2647 4045 2701 τοῦτό

2465 2739 2578 2789 ὲστι
2611 2737 2708 2806 τὴν
2739 2737 2958 2805 τελετὴν
2991 2735 3210 2806 ἐνεργὸν
3238 2733 3402 2800 εἶναι,
3443 2737 3501 2789 τὸ
3527 2738 3654 2799 τοὺς
3682 2739 4044 2806 τελουμένους

2464 2829 2676 2891 οὐδενὸς
2705 2809 2814 2881 τ’ὦν
2846 2831 3184 2897 γιγνομένων
3215 2830 3499 2883 ἐλλείπειν.
3537 2831 3610 2882 Ἠ
3649 2831 3756 2898 γὰρ
3787 2833 3886 2900 τῆς
3905 2850 4039 2901 τραο

2466 2921 2634 2989 πέζης
2667 2923 2966 2988 ἐπαγγελία
2997 2922 3072 2990 τῷ
3107 2921 3328 2990 Χριστῷ
3356 2923 3453 2987 μὲν
3483 2924 3652 2991 ἡμᾶς,
3685 2924 3818 2991 ἡμῖν
3839 2923 3894 2974 δὲ
3950 2925 4045 2974 τὸν

2468 3015 2699 3084 Χριστὸν
2753 3015 3025 3077 ὲνοικίζει.
3069 3033 3086 3064 ι
3129 3016 3217 3067 Ἑν
3271 3015 3395 3082 ἐμοὶ
3480 3015 3613 3083 γὰρ,
3660 3014 3814 3085 φησι,
3863 3015 4044 3082 μένει,

2471 3105 2626 3170 κάγὼ
2653 3107 2710 3155 ἐν
2738 3104 2918 3173 αὐτῷ’
2949 3125 2968 3156 ι
3011 3104 3104 3156 τοῦ
3129 3105 3362 3171 Χριστοῦ
3409 3104 3466 3158 δὲ
3499 3107 3556 3156 ιν
3614 3107 3746 3174 ἡμῖν
3787 3107 4045 3175 μένοντος

2467 3200 2608 3257 τίνος
2639 3196 2719 3248 ἔτι
2747 3197 2948 3264 δεήσει,
2977 3197 3029 3247 τί
3055 3196 3097 3248 δ’
3133 3197 3198 3248 ἂν
3229 3197 3339 3249 τῶν
3370 3199 3593 3264 ἀγαθῶν
3623 3201 3908 3268 διαφύγοις
3949 3202 4041 3254 Ἐν

2463 3290 2539 3356 τῷ
2575 3287 2794 3357 Χριστῷ
2823 3289 2879 3341 δὲ
2912 3290 3160 3356 μένοντες
3193 3290 3335 3352 τίνος
3361 3291 3778 3360 ἐπιθυμήσομεν
3830 3293 3996 3346 ἀλλου
4024 3311 4039 3356 ς

2465 3382 2557 3433 καὶ
2596 3380 2799 3441 ἔνοικός
2828 3382 2975 3432 ἐστιν
3011 3382 3143 3449 ἡμῖν
3171 3381 3264 3433 καὶ
3301 3383 3472 3445 οικία,
3501 3383 3578 3445 ὡς
3619 3384 3882 3453 μακάριοι
3943 3386 4046 3452 μὲν

2463 3475 2559 3539 τῆς
2639 3475 2834 3534 οἰκίας,
2888 3474 3150 3543 μακάριοι
3205 3474 3260 3526 δὲ
3297 3475 3376 3527 ὅτι
3442 3476 3668 3543 τοιούτῳ
3740 3477 4048 3545 γεγόναμεν

2463 3567 2628 3616 οἰκία.
2663 3567 2728 3617 Τί
2763 3568 2870 3633 γὰρ
2908 3566 3017 3618 τῶν
3047 3565 3267 3630 ἀγαθῶν
3319 3567 3380 3617 ού
3445 3569 3680 3636 πάρεστι
3739 3571 3851 3623 τοῖς
3901 3569 4048 3621 οὕτω

2461 3657 2786 3719 διατεθεῖσις
2848 3657 2899 3709 τί
2927 3657 3101 3710 κοινὸν
3142 3659 3228 3709 καὶ
3267 3658 3566 3727 φαυλότητι
3637 3663 3748 3721 τοῖς
3805 3661 4046 3714 ἐνταῦθα

2463 3751 2774 3820 γενομένοις
2820 3750 3204 3818 λαμπρότητος
3232 3767 3247 3813 ς
3279 3750 3330 3802 τί
3375 3752 3488 3803 ποτ’
3516 3752 3584 3804 ἂν
3609 3754 3766 3821 σταίη
3807 3757 4049 3823 πονηρὸν

2464 3843 2597 3911 πρὸς
2637 3841 2890 3892 τοσοῦτον
2919 3839 3094 3903 σωρὸν
3126 3839 3380 3904 ἀγαθῶνς
3413 3841 3464 3892 τί
3499 3841 3597 3909 μὲν
3626 3840 3798 3911 παρὸν
3838 3842 4048 3895 δύναιτ’

2465 3935 2531 3985 ἂν
2572 3933 2776 4000 μένειν,
2806 3931 2857 3983 τί
2883 3931 2939 3982 δὲ
2969 3929 3108 3982 ἀπὸν
3167 3929 3385 3997 ισνύσαι
3443 3935 3833 3998 προσαγαγεῖν,
3863 3934 3993 3986 ὅταν
4021 3935 4051 3985 ὀ

2464 4024 2692 4092 Χριστὸς
2718 4021 2888 4084 οὕτως
2920 4021 3165 4089 ἀκριϐῶς
3195 4023 3323 4088 ἡμῖν
3351 4025 3481 4088 συνῇ
3510 4023 3604 4074 καὶ
3630 4023 3698 4075 δι’
3721 4023 3859 4075 ὅλων
3887 4023 4050 4093 ἡμῶν

2464 4119 2612 4184 χωρῇ
2645 4116 2736 4166 κα)⁸
2769 4115 2952 4166 τᾶνδον
2998 4119 3173 4164 πάντα
3213 4116 3462 4182 κατέχων
3493 4116 3740 4184 καὶπερὶ
3787 4117 3938 4182 ἡμᾶς
3973 4113 4048 4190 ᾖ,

2464 4209 2546 4260 Td
2579 4207 2674 4274 μὲν
2706 4208 2816 4274 γὰρ
2866 4205 3064 4268 ἔξωθεν
3113 4193 3332 4257 ἔπιόν-τα
3390 4205 3521 4274 βέλη
3584 4205 3782 4258 κωλύει
3846 4206 4049 4275 ψαύειν

2465 4298 2620 4365 ἡμῶν
2647 4296 2986 4365 πανταχόθεν
3024 4295 3492 4364 προϐεϐλημένος,
3527 4296 3678 4348 οἰκία
3704 4297 3812 4364 γάρ
3860 4299 4010 4349 ἐστιν
4030 4313 4046 4328 ⁸

2464 4387 2593 4437 εἴτι
2631 4384 2674 4436 δ’
2708 4385 2857 4436 ἔστιν
2891 4383 3108 4450 (ἔνδον)
3135 4381 3358 4450 φαῦλον,
3383 4383 3744 4452 διωθούμενος
3795 4384 4051 4438 ἀπελαύ-

801 4476 968 4538 hibet,
1006 4477 1366 4542 undecunque
1415 4487 1473 4526 se
1523 4473 1820 4538 objiciens;
1873 4487 1957 4529 est
1984 4480 2128 4531 enim
2158 4481 2374 4548 domus,
2407 4477 2488 4535 υς

2361 4522 2374 4548 ,
2407 4477 2454 4535 D
2482 4498 2580 4544 νει,
2625 4479 2832 4538 ἐνοικος
2859 4477 2965 4544 γάρ
2994 4478 3110 4527 ἐστι
3140 4477 3318 4527 πᾶσαν
3350 4474 3543 4526 ἑαυτοῦ
3576 4475 3802 4544 πληρῶν
3842 4476 3943 4543 τὴν
3969 4479 4048 4528 oi-

797 4579 850 4622 ιιι
903 4570 946 4624 si
982 4569 1114 4637 qttid
1157 4569 1300 4621 intus
1326 4569 1577 4621 vitiosum
1628 4580 1730 4633 est,
1784 4570 1984 4635 disjicit
2021 4583 2074 4625 et
2105 4575 2365 4638 expellit;

798 4673 881 4716 est
910 4663 1055 4716 enim
1091 4665 1289 4722 incola,
1358 4673 1411 4717 et
1477 4665 1698 4717 domum
1747 4678 1901 4716 suam
1954 4671 2119 4716 totam
2159 4665 2363 4733 implet.

803 4753 920 4805 Non
944 4753 1086 4804 enim
1119 4752 1322 4819 aliquid
1351 4753 1490 4819 ejus,
1523 4753 1617 4805 sed
1647 4767 1769 4804 eum
1799 4753 1975 4820 ipsum
2000 4753 2363 4816 continemus,

802 4860 900 4898 nec
933 4843 1139 4896 radium
1174 4845 1404 4909 aliquem
1457 4857 1518 4896 ac
1576 4843 1778 4906 lumen,
1833 4842 1926 4895 sed
1963 4842 2130 4896 solem
2185 4845 2362 4912 ipsum

806 4938 858 4989 in
893 4936 1103 4988 animas
1157 4936 1469 5002 recipimus,
1513 4945 1570 4989 ut
1625 4935 1990 4989 iuhabitemus
2020 4944 2071 4989 et
2097 4935 2364 4990 inhabitc-

807 5043 948 5088 mur,
987 5037 1044 5076 ut
1088 5025 1376 5077 induamur
1402 5034 1454 5076 et
1490 5023 1776 5076 induamus
1815 5034 1867 5077 et
1913 5029 2362 5091 permisceamur,

803 5128 860 5172 et
893 5133 1033 5171 unus
1065 5116 1290 5187 spiritus
1321 5133 1442 5168 cum
1470 5132 1533 5168 eo
1570 5116 1884 5168 evadamus.
1919 5115 2128 5169 Etenim
2183 5118 2362 5169 anima

807 5223 861 5265 et
899 5227 1122 5275 corpus,
1152 5222 1203 5263 et
1238 5210 1524 5263 facultates
1557 5223 1749 5263 omnes
1787 5219 2008 5278 repente
2054 5209 2368 5277 spirituales

816 5303 1113 5363 exsistunt,
1146 5302 1404 5368 quoniam
1433 5301 1610 5351 anima
1657 5299 1872 5360 animai,
1914 5314 2110 5368 corpus
2131 5301 2366 5367 corpori,

804 5406 855 5444 et
890 5395 1111 5459 sanguis
1141 5391 1387 5457 sanguini
1418 5390 1693 5443 coalescit.
1735 5390 1872 5454 Quid
1899 5389 2064 5442 inde?
2100 5399 2361 5458 przrstazi-

806 5488 941 5534 tiora
977 5482 1273 5549 prmvalent
1309 5479 1713 5543 humilioribus,
1753 5495 1804 5532 et
1835 5495 1862 5532 a
1893 5479 2093 5531 divinis
2123 5481 2360 5532 humana

803 5584 1158 5641 superantur,
1247 5573 1498 5640 quodque
1568 5571 1633 5623 de
1688 5570 2088 5624 resurrectione
2157 5568 2358 5624 Paulus

2477 4577 2620 4628 κίαν.
2655 4573 2728 4634 (ιὺ
2795 4574 2901 4640 γάρ
2937 4589 2986 4622 τι
3012 4571 3120 4622 τῶν
3147 4570 3335 4633 αὑτοῦ,
3365 4569 3483 4622 ἀλλ’
3530 4571 3694 4623 αὐτὸν
3723 4572 4049 4640 μετέχομεν,

2473 4665 2592 4716 οὶδὲ
2624 4664 2819 4715 ἀκτῖνὰ
2852 4679 2971 4714 τινα
3004 4664 3096 4714 καὶ
3133 4661 3268 4729 φῶς,
3324 4662 3458 4714 ἀλλά
3513 4664 3605 4713 τὶν
3644 4663 3827 4715 δίσκον
3886 4665 4051 4716 αὑτὸν

2473 4757 2590 4815 ταῖς
2620 4753 2819 4820 ψυχαῖς
2847 4751 3138 4821 δεχόμεθα,
3168 4750 3310 4802 ὥστε
3341 4753 3435 4804 καὶ
3460 4750 3681 4818 οἰκῆσαι
3733 4753 3825 4802 καὶ
3887 4755 4051 4804 εἰσοι-

2474 4845 2727 4897 κίσασθαι
2783 4848 2877 4896 καὶ
2914 4842 2970 4894 ἓν
3011 4841 3226 4910 πνεῦμα
3253 4843 3525 4910 γενέσθαι.
3572 4843 3688 4895 Καὶ
3727 4843 3836 4912 γὰρ
3899 4845 4050 4913 ψυχὴ

2477 4935 2752 5002 καὶσῶμα
2796 4934 2888 4984 καὶ
2923 4933 3093 4984 πᾶσαι
3141 4932 3404 5001 δυνάμεις
3433 4933 3630 4984 αὐτίκα
3679 4938 4048 5002 πνευματικὰ,

2472 5029 2554 5079 ὅτι
2592 5025 2736 5094 ψυχὴ
2762 5026 2870 5092 -μὲν
2898 5024 3063 5092 ψυχῇ,
3103 5023 3262 5091 σῶμα
3293 5023 3350 5076 δι
3389 5023 3624 5091 σώματι,
3657 5025 3749 5077 καὶ
3787 5019 3928 5091 αἷμα
3959 5025 4047 5079 ατο

2477 5135 2607 5187 ματι
2666 5115 3082 5185 μίγνυται-καὶ
3141 5114 3193 5165 τί
3256 5114 3318 5165 τὸ
3377 5113 3662 5177 ὲντεῦθενς
3731 5113 3801 5166 τὰ
3852 5115 4049 5184 βελτίω

2475 5209 2709 5279 κρείττω
2741 5207 2850 5258 τῶν
2885 5206 3181 5258 ἐλαττόνων
3210 5205 3306 5258 καὶ
3336 5208 3404 5257 τὰ
3454 5205 3575 5256 θεῖα
3616 5204 3725 5256 τῶν
3770 5205 4048 5274 ἀνθρωπιο

2476 5318 2582 5352 νων
2638 5299 2964 5365 ἐπικρατεῖο
2997 5296 3089 5349 καί
3127 5296 3154 5349 ὃ
3192 5313 3324 5365 φησι
3369 5299 3496 5365 περὶ
3551 5297 3646 5359 τίς
3695 5298 4048 5361 ἀναστάσεως

2481 5390 2707 5447 Παῦλος.
2745 5407 2762 5438 t
2792 5389 2864 5439 Τὸ
2927 5387 3120 5455 θνητὸν
3157 5387 3263 5438 ὑπὸ
3317 5388 3413 5457 τῆς
3460 5387 3606 5455 ζωῆς
3628 5389 4042 5450 καταπίνεται..

2472 5481 2529 5531 τὸ
2568 5480 2621 5531 δὲ
2657 5481 2810 5548 ἑξῆς·
2844 5500 2858 5528 ι
2887 5479 2975 5532 Ζῶ
3003 5479 3060 5531 δὲ
3091 5478 3272 5531 οὐκέτι
3307 5481 3438 5548 ἐγὼ,
3465 5481 3620 5549 φησὶ,
3658 5481 3725 5550 ζῇ
3752 5480 3806 5533 δὲ
3833 5482 3892 5534 ὲν
3923 5482 4047 5551 ἐμοὶ

2469 5571 2724 5638 Χριστός.
2759 5590 2775 5620 ι

801 5671 1043 5737 scripsit:
1075 5685 1091 5715 ι
1120 5666 1717 5719 Μοιίοὶυιιὶιεοτὺριιιιιι
1738 5666 1925 5719 vita".
1956 5685 1972 5714 ι
2003 5665 2073 5718 De
2101 5677 2329 5718 caetero:
2361 5685 2376 5715 ι
2403 5667 2488 5720 Vit

2361 5685 2376 5715 ι
2403 5667 2534 5720 Vivo
2557 5667 2668 5735 jam
2698 5681 2801 5719 non
2822 5681 2944 5734 ego,
2968 5667 3160 5735 inquit,
3189 5666 3319 5720 vivit
3339 5682 3464 5721 vero
3487 5669 3537 5721 in
3565 5683 3649 5722 me
3663 5667 3918 5725 Christus
3939 5672 4033 5722 ".i

873 5851 916 5878 "
949 5850 963 5899 ι
1003 5850 1122 5900 (Zur.
1154 5863 1233 5906 ιιι,
1256 5845 1316 5896 ’5.
1395 5846 1437 5874 "‘
1473 5843 1624 5898 Joatt.
1657 5862 1726 5896 νι.
1759 5846 1842 5897 57.
1922 5848 1964 5874 "
1997 5846 2034 5896 ll
2079 5848 2197 5898 (ZOr.
2247 5862 2291 5905 γ,
2321 5847 2368 5900 4.

2450 5849 2492 5878 ’⁸
2530 5846 2684 5898 Galat
2748 5863 2804 5907 ιι,
2830 5849 2917 5897 20.
