4262 6460
739 468 842 531 587

1975 459 2286 520 NICOLAI
2325 457 2714 517 CABASHJE

3878 454 3990 516 538
4035 416 4040 420 ’

736 597 790 640 et
833 585 964 638 illud
997 579 1214 634 virtutis
1261 579 1516 632 humana:
1543 589 1706 642 opera
1738 584 1791 627 et
1855 575 2088 626 humana
2108 571 2318 642 justitia
2350 583 2391 638 Α

2309 589 2318 624 ι
2350 583 2391 638 Α
2426 576 2647 626 κάκεῖνο
2676 567 2962 636 δυνάμεως
2993 565 3295 637 ἀνθρώπων
3340 567 3476 636 ἔργα
3534 567 3628 620 καὶ
3671 566 3992 636 ἀνθρωπεία

739 689 896 738 sunt;
920 673 1190 741 siquidem
1220 679 1274 724 et
1302 670 1475 738 legem
1511 668 1683 733 ipSam
1717 665 1774 719 Β.
1803 664 2010 719 Paulus
2033 666 2316 720 hominum

735 768 996 836 justitiam
1047 763 1328 833 appellat:
1365 781 1382 813 ι
1431 760 1665 814 ,ιιιειίιίεε
1709 760 1853 812 enim
1911 757 2044 818 Dei,
2101 757 2276 825 inquit
2303 798 2318 822 ,

740 874 848 911 non
881 865 1006 910 sunt
1042 853 1292 919 subjecti,
1328 867 1480 905 suam
1513 850 1784 920 justitiam
1816 850 2152 902 constituere
2176 861 2321 916 quae-

743 956 922 1000 rentes
949 946 1013 997 “.
1054 962 1070 995 ι
1110 943 1186 996 De
1215 941 1380 995 veteri
1411 940 1526 1009 lege
1551 939 1819 1007 loquitur.
1854 937 2088 991 Tantum
2119 936 2322 1005 quippe

739 1037 1006 1091 duntaxat
1035 1044 1221 1088 contra
1253 1034 1384 1086 vitia
1428 1040 1620 1084 nostra
1654 1029 1904 1094 valebat,
1940 1037 2206 1097 quantum
2239 1035 2323 1082 est

748 1130 814 1182 ad
859 1127 1149 1198 sanitatem
1187 1138 1517 1194 praeparare,
1565 1119 1877 1189 medicique
1916 1135 2078 1174 manu
2125 1119 2322 1188 dignos

736 1221 954 1275 etlirere
987 1235 1000 1272 :
1035 1237 1051 1268 ι
1084 1217 1192 1270 Lex
1226 1216 1393 1276 enim,
1435 1214 1632 1281 inquit,
1664 1211 1988 1282 pmdagogus
2013 1221 2196 1265 noster
2220 1209 2324 1263 fuit

744 1315 798 1366 in
830 1312 1046 1366 Christo
1079 1309 1207 1363 JeSU
1242 1310 1307 1360 ³³.
1349 1326 1366 1358 ι
1405 1306 1470 1359 Ει
1519 1315 1744 1358 sanctus
1793 1305 2036 1357 JOannes
2089 1304 2141 1356 in
2193 1317 2318 1358 eum

746 1402 840 1472 qui
893 1409 1159 1454 venturus
1209 1407 1327 1451 erat
1369 1408 1494 1466 post
1552 1397 1727 1462 ipsum
1792 1394 2102 1462 baptizabat
2147 1393 2213 1457 ",
2269 1400 2324 1447 et

745 1496 1004 1550 universa
1047 1491 1390 1562 philosophia
1437 1492 1697 1551 humana,
1735 1491 2024 1555 omnisque
2061 1487 2216 1540 labor
2253 1488 2319 1538 ad

744 1602 1054 1658 germanam
1083 1584 1352 1653 justitiam
1383 1583 1539 1648 quasi
1575 1583 1915 1635 initiamenta
1969 1587 2025 1632 et
2055 1591 2328 1648 praepara—

745 1682 923 1734 tiones
964 1677 1212 1742 qrimdam
1245 1684 1389 1729 sunt.
1420 1666 1600 1739 Quare
1628 1673 1885 1742 quoniam
1933 1685 2027 1738 per
2062 1685 2161 1724 nos
2213 1679 2270 1724 et
2292 1683 2324 1724 a

749 1773 912 1827 nobis
942 1771 1075 1839 ipsis
1108 1769 1376 1838 justitiam
1422 1766 1565 1818 hanc
1601 1774 1858 1833 praestare
1907 1762 2273 1830 nequibamus
2306 1799 2321 1826 ,

755 1884 774 1916 ι
808 1864 1058 1917 Christus
1095 1862 1210 1929 ipse
1254 1858 1409 1912 nobis
1437 1859 1646 1928 justiIia
1691 1855 1868 1909 factus
1897 1867 1977 1908 est
2011 1869 2040 1906 a
2077 1852 2186 1907 Deo
2219 1850 2324 1904 Pa-

2419 658 2760 727 δικαιοσύνη.
2797 657 2909 710 Καὶ
2935 656 3044 727 γὰρ
3075 655 3172 709 καὶ
3199 655 3294 709 τὸν
3343 656 3508 724 νόμον
3555 655 3720 710 αὑτὸν
3777 653 3994 723 ἀνθρώ-

2421 766 2539 802 πων
2588 747 2938 815 δικαιοσύνην
2987 747 3016 800 ὁ
3057 747 3329 814 μακάριος
3383 745 3540 797 καλεῖ
3589 743 3833 805 Παῦλοςο
3867 761 3886 793 ι
3917 743 3995 794 Οὐ

2420 840 2530 907 γὰρ
2565 841 2943 907 ὑπετάγησαν,
2976 835 3134 904 φησὶ,
3166 838 3232 906 τῇ
3263 833 3576 904 δικαιοσύνῃ
3603 833 3695 886 τοῦ
3726 832 3862 885 Θεοῦ
3894 833 3997 902 τὴν

2424 933 2563 985 ἰδίαν
2621 929 2970 996 δικαιοσύνην
3030 930 3225 996 στῆσαι
3280 924 3592 996 ζητοῦντες,
3626 944 3645 976 ι
3684 923 3775 976 τὸν
3831 924 3999 992 νόμον

2423 1021 2596 1088 λέγων
2645 1022 2739 1073 τὸν
2790 1019 3055 1073 παλαιόν’
3102 1017 3358 1070 τοσοῦτον
3401 1017 3508 1086 γὰρ
3554 1017 3787 1085 ἐδυνήθη
3834 1017 3998 1084 μόνον

2425 1111 2566 1163 κατὰ
2619 1110 2726 1162 τῶν
2785 1111 3075 1179 ἡμετέρων
3132 1107 3348 1172 κακῶν,
3400 1107 3529 1159 ὅσον
3578 1107 4002 1176 παρασκευάσαι

2421 1210 2560 1280 πρὸς
2595 1208 2692 1280 τὴν
2721 1208 2910 1276 ὑγείαν
2939 1208 3034 1260 καὶ
3073 1205 3259 1272 ἀξίους
3294 1207 3519 1275 ποιῆσαι
3551 1205 3649 1273 τῆς
3674 1204 3766 1256 τοῦ
3812 1202 4002 1273 ἰατροῦ

2423 1304 2627 1372 χειρός.
2673 1320 2692 1352 ι
2726 1303 2785 1354 'O
2823 1301 2932 1370 γὰρ
2969 1301 3132 1369 νόμος
3182 1296 3532 1364 παιδαγωγὸς
3591 1297 3999 1364 ἡμῶν-γέγονε.

2424 1397 2608 1465 φησὶν,
2641 1396 2720 1457 εἰς
2747 1391 2984 1462 Χριστὸν
3024 1391 3252 1463 Ἰησοῦν,
3284 1410 3300 1442 ι
3336 1391 3431 1444 καὶ
3455 1393 3481 1443 ό
3515 1391 3784 1459 μακάριος
3823 1388 4006 1438 Ἰωάν-

2423 1503 2522 1555 νης
2557 1487 2638 1546 εἰς
2666 1484 2756 1537 τὸν
2783 1484 3078 1554 ἐρχόμενον
3109 1482 3394 1548 ἐϐάπτιζε,
3423 1483 3518 1534 καὶ
3571 1482 3720 1534 πᾶσα
3784 1479 4005 1544 φιλοσο-

2426 1580 2524 1648 φία
2547 1577 2852 1648 ἀνθρώπων
2881 1577 2976 1629 καὶ
3006 1577 3168 1638 πόνος
3198 1574 3344 1637 ἅπας
3377 1574 3513 1644 πρὸς
3555 1560 3674 1641 τῆν’
3704 1571 3878 1641 ἀληθῆ
3923 1569 4006 1620 διν

2422 1671 2722 1739 ,καιοσύνην
2771 1669 3080 1739 προτέλειαί
3133 1668 3278 1730 τινές
3329 1667 3435 1719 εἰσι
3484 1665 3578 1718 καὶ
3629 1664 4004 1732 παρασκευαί.

2425 1763 2592 1819 Ταῦτ’
2626 1763 2734 1831 ἄρα
2751 1765 2846 1816 καὶ
2893 1762 2966 1823 ὡς
2994 1762 3059 1815 ἂν
3090 1760 3302 1814 οἴκοθεν
3331 1761 3422 1811 καὶ
3453 1757 3586 1826 παρ’
3620 1755 3773 1825 ἡμῶν
3825 1754 4009 1809 αὐτῶν

2428 1857 2796 1922 ἐπιδείξασθαι
2879 1855 2954 1925 μὴ
3019 1853 3343 1922 δυναμένοις
3415 1850 3768 1918 δικαιοσύνην
3844 1844 4012 1906 wish;

745 1967 854 2021 tre,
883 1967 935 2009 et
967 1951 1327 2009 sanctificatio
1353 1993 1367 2015 ,
1399 1960 1455 2005 et
1498 1949 1802 2018 redemptio
1831 1933 1902 2011 ³⁵,
1941 1966 1958 1998 ι
1994 1955 2047 2000 et
2081 1944 2317 1999 inimici-
2355 1919 2398 1978 Β
2426 1972 2428 1981 ι

2355 1919 2558 2022 Βὴμτν
2610 1919 2894 2017 ὸΧριστὸς
2943 1919 3171 2013 ’ἐγένετο
3196 1940 3511 2009 δικαιοσύνη
3565 1940 3674 1992 ἀπὸ
3717 1935 3853 1989 Θεοῦ
3913 1952 4008 1988 και

752 2043 858 2096 tias
904 2044 958 2095 in
1012 2055 1180 2095 carne
1211 2055 1306 2093 sua
1335 2039 1583 2093 dissolvit
1617 2039 1683 2105 ",
1715 2048 1767 2091 et
1804 2037 1972 2090 Deum
2006 2035 2164 2090 nobis
2205 2035 2319 2106 pla-

751 2147 865 2200 cat;
912 2152 1019 2189 non
1064 2135 1239 2188 solum
1279 2148 1400 2186 cum
1453 2142 1660 2185 natura:
1707 2128 2097 2193 communicat,
2145 2138 2322 2192 neque

749 2232 929 2285 Solum
975 2228 1199 2297 quando
1245 2236 1418 2279 morte
1468 2223 1765 2287 occubuit,
1816 2222 1912 2277 sed
1976 2235 2214 2290 semper,
2269 2227 2324 2274 et

754 2321 1054 2388 unicuique
1103 2319 1431 2372 hominum:
1466 2329 1576 2369 tum
1624 2325 1679 2369 ut
1721 2315 1870 2371 cruci
1917 2311 2130 2378 afﬁxus,
2178 2326 2325 2366 nunc

757 2425 816 2467 ut
858 2413 1077 2482 epulum
1127 2411 1284 2472 dans,
1337 2410 1382 2464 si
1430 2409 1812 2478 resipiStentes
1863 2409 2076 2461 veniam
2121 2407 2324 2477 rogite-

755 2524 901 2562 mus.
948 2504 1114 2560 Solus
1154 2504 1297 2556 enim
1339 2513 1393 2556 et
1433 2503 1748 2556 universum
1795 2500 2064 2554 honorem
2106 2497 2326 2553 Parenti

757 2600 1049 2656 refundere
1078 2639 1090 2662 ,
1124 2607 1179 2650 ct
1225 2597 1292 2649 de
1335 2595 1513 2648 ablato
1560 2592 1877 2646 satisfacere
1924 2591 2137 2661 potuit;
2195 2589 2327 2644 illud

753 2696 890 2757 vita,
945 2695 1044 2746 hoc
1091 2704 1229 2743 nece
1271 2703 1389 2741 sua.
1428 2686 1652 2752 Mortem
1684 2684 1978 2753 siquidem,
2017 2698 2180 2753 quam
2229 2695 2332 2752 pro

747 2786 926 2854 .gloria
975 2780 1153 2833 Patris
1198 2779 1250 2832 in
1312 2790 1478 2831 cruce
1538 2775 1799 2844 pertulit,
1859 2772 2248 2828 contumeliam
2301 2785 2330 2826 a

763 2876 920 2929 nobis
982 2873 1186 2925 illatam
1230 2876 1575 2939 aequantem,
1626 2865 1838 2934 majore
1885 2864 2107 2919 cumulo
2170 2877 2333 2932 repo-

761 2982 916 3028 nens,
952 2965 1238 3025 honorem,
1283 2975 1445 3028 quem
1489 2959 1536 3012 ei
1568 2958 1849 3027 peccando
1890 2970 1991 3010 nos
2029 2954 2335 3008 abstulera-

763 3076 884 3112 mus
927 3057 1219 3127 reparavit.
1264 3051 1520 3122 Magnum
1565 3051 1752 3119 utique
1785 3047 2045 3118 pretium.
2087 3045 2205 3100 Vita
2237 3061 2337 3098 au-

760 3163 869 3208 tem
918 3165 1133 3205 omnem
1181 3148 1453 3201 houorem‘
1488 3142 1742 3206 reddidit,
1787 3150 1842 3196 et
1884 3153 1993 3208 quo
2037 3139 2190 3193 illum
2242 3139 2339 3191 ho-

2425 2040 2694 2111 ἁγιασμὸς
2724 2039 2816 2091 καὶ
2846 2036 3244 2106 ἀπολύτρωσις,
3283 2034 3383 2087 καὶ
3419 2031 3536 2084 λύει
3570 2031 3669 2100 τὴν
3721 2027 3923 2097 ἔχθραν
3954 2028 4016 2077 ἐν

2424 2136 2491 2206 τῇ
2525 2132 2687 2202 σαρκί
2716 2131 2809 2182 καὶ
2833 2129 2922 2180 τὸν
2948 2127 3080 2179 Θεὸν
3109 2127 3142 2194 ἡ
3153 2129 3244 2192 μίν
3287 2119 3673 2180 καταλλάττει,
3711 2118 3772 2169 οὐ
3795 2119 3861 2187 τῇ
3913 2117 4015 2183 φύ-

2429 2243 2511 2279 σει
2542 2207 2735 2284 κοινῶς
2765 2219 2874 2274 οὐδ’
2901 2221 2988 2273 ὅτε
3024 2217 3323 2288 ἐπέθνησκε
3376 2215 3566 2286 μόνον,
3587 2211 3703 2264 ἀλλ’
3749 2211 4011 2262 ἑκάστοτε

2429 2319 2526 2372 καὶ
2557 2318 2774 2385 ἑκάστῳ
2804 2314 2913 2367 τῶν
2964 2310 3289 2381 ἀνθρώπων,
3334 2308 3523 2377 ὥσπερ
3594 2302 4009 2372 σταυρούμενος

2428 2415 2571 2478 τότε,
2649 2410 2747 2463 νῦν
2823 2405 3064 2476 εὐωχῶν,
3151 2402 3370 2456 ἐπειδὰν
3445 2399 3810 2471 μεταγνόντες
3877 2395 4015 2463 περὶ

2431 2499 2507 2560 ῶν
2541 2502 2864 2574 ἡμάρτομεν
2901 2493 3333 2570 παραιτώμεθα.
3375 2480 3572 2552 Μόνος
3625 2489 3734 2557 γὰρ
3774 2485 4012 2554 ἐδυνήθη

2433 2595 2526 2650 καί
2549 2573 2646 2661 τὴν
2675 2588 3038 2660 ὀφειλομένην
3089 2583 3312 2638 ἃπασαν
3375 2578 3670 2634 ἀποδοῦναι
3713 2575 3880 2645 τιμὴν
3937 2573 4017 2641 τῷ

2432 2684 2785 2758 γεγεννηκότι
2819 2682 2914 2734 καὶ
2940 2678 3069 2749 περὶ
3101 2677 3200 2747 τῆς
3229 2671 3622 2742 ἀπενεχθείσης
3667 2667 4019 2736 άπολογὴσα·

2437 2755 2583 2840 sea,
2612 2774 2673 2826 τδ
2700 2772 2798 2843 μὲν
2826 2771 2904 2841 τῷ
2945 2769 3064 2838 βίῳ,
3096 2767 3157 2818 τὸ
3206 2764 3266 2817 δὲ
3323 2765 3389 2833 τῇ
3449 2761 3696 2829 τελευτῇ.
3742 2757 3849 2810 Τὸν
3907 2755 4020 2823 γάρ

2436 2870 2684 2933 θάνατον,
2710 2865 2769 2918 ὃν
2794 2863 2934 2926 ὑπὲρ
2955 2860 3057 2930 τῆς
3075 2857 3229 2927 δόξης
3259 2854 3352 2908 τοῦ
3381 2853 3593 2923 Πατρὸς
3624 2849 3894 2904 ἀπέθανεν
3924 2850 4019 2899 ἐπ.

2435 2962 2530 3016 τοῦ
2559 2956 2822 3027 σταυροῦ,
2853 2955 2952 3024 τῆς
3009 2951 3138 3021 παρ’
3169 2947 3327 3019 ἡμῶν
3397 2945 3610 3015 ὕῦρεως
3683 2942 4023 3012 ἀντίρροπον

2437 3049 2768 3120 εἰσενεγκὼν
2828 3046 2969 3118 μετὰ
3027 3043 3274 3114 μείζονος
3337 3041 3434 3109 τῆς
3503 3034 3883 3106 παρασκευῆς,
3952 3031 4024 3102 ην

2441 3149 2602 3219 ἡμεῖς
2636 3133 2965 3212 όφειλόμεθα
2997 3139 3167 3207 τιμὴν
3207 3135 3274 3188 δι’
3306 3128 3381 3186 ὧν
3429 3129 3853 3200 ἐξημάρτομεν,
3892 3125 4027 3176 ἀνα-

761 3260 960 3301 norare
1033 3253 1085 3296 et
1158 3240 1371 3294 Patrem
1423 3236 1684 3291 honorari
1735 3241 2165 3289 consentaneum
2217 3230 2337 3285 fuit.
2369 3258 2411 3315 α

2369 3258 2411 3315 c
2444 3217 2690 3293 καλεῖται
2740 3233 2922 3302 πολλῷ
2947 3230 3025 3301 τῷ
3054 3231 3173 3315 δντι
3194 3246 3207 3261 ο
3239 3227 3319 3296 τῷ
3351 3224 3409 3278 δὲ
3446 3224 3545 3293 βίῳ
3594 3224 3776 3275 πᾶσαν
3810 3217 4025 3272 ἀπέδω-

765 3338 975 3393 Etenim
1012 3343 1208 3405 praeter
1243 3332 1412 3386 multa
1448 3343 1753 3400 magnaque
1799 3340 1968 3395 opera
2015 3338 2137 3394 qua:
2180 3322 2338 3377 exhi-

761 3431 904 3497 buit,
948 3445 1068 3494 qua:
1109 3422 1491 3494 Patrio-gloriae
1535 3421 1784 3474 maxima:
1828 3418 2070 3482 fuerunt,
2101 3425 2216 3471 tum
2261 3415 2342 3471 vi-

766 3534 878 3579 tam
930 3534 1098 3575 totam
1150 3518 1221 3571 ab
1275 3516 1422 3568 omni
1465 3521 1690 3582 peccato
1730 3524 1923 3580 puram
1981 3508 2184 3577 gessit;
2229 3515 2343 3560 tum

767 3613 1184 3672 accuratissime
1235 3607 1289 3663 et
1348 3604 1746 3676 perfectissime
1794 3602 1938 3673 leges
1986 3599 2090 3655 sibi
2160 3599 2230 3652 ab
2277 3612 2344 3654 eo

758 3710 925 3766 datas
968 3713 1265 3761 exsecutus
1308 3709 1390 3754 est
1420 3736 1437 3763 ,
1485 3712 1592 3751 non
1649 3704 1860 3750 tantum
1915 3693 1983 3747 iis
2044 3705 2182 3762 quas
2227 3690 2345 3759 ipse

769 3800 1005 3858 servavit
1060 3795 1282 3867 (etenim
1339 3809 1358 3842 ι
1400 3789 1573 3842 Patris
1617 3786 1720 3840 mei
1758 3791 2023 3854 praecepta
2065 3779 2301 3843 servavi,
2326 3796 2343 3828 ι

765 3895 950 3966 inquit
983 3893 1076 3960 "),
1106 3890 1201 3945 sed
1247 3889 1408 3940 etiam
1452 3896 1593 3952 quas
1634 3877 1916 3934 hominum
1945 3875 2067 3929 vitce
2097 3872 2351 3942 pra-scri-

769 3991 894 4058 psit,
929 3986 1081 4039 solus
1112 3980 1388 4036 caelestem
1421 3970 1826 4044 philosophiam
1879 3976 2038 4022 terra:
2075 3978 2350 4034 prazmon-

770 4055 951 4133 strans
995 4082 1049 4128 et
1096 4073 1360 4132 inserens,
1388 4073 1646 4135 praeterea
1693 4057 1975 4113 miraculis
2018 4055 2175 4124 ipsis,
2217 4068 2352 4122 quo-

772 4185 892 4226 rum
931 4178 1152 4222 causam
1195 4169 1249 4216 et
1281 4154 1564 4212 auctorem
1597 4150 1814 4206 Patrem
1848 4146 2181 4219 prazdicavit.

841 4441 1046 4493 Praeter
1077 4435 1193 4487 haec
1217 4419 1426 4490 omnia,
1448 4422 1575 4492 quis
1605 4435 1712 4474 non
1741 4417 1907 4481 videt,
1940 4418 2042 4470 hoc
2074 4432 2183 4470 uno
2240 4416 2355 4471 solo

775 4548 899 4588 cum
958 4523 1274 4582 hominibus
1325 4524 1602 4570 versatum
1647 4526 1790 4576 esse,
1846 4519 1902 4563 et
1954 4508 2093 4562 adeo
2151 4509 2357 4576 integre

2443 3348 2506 3385 κε
2538 3328 2722 3397 τιμὴν,
2746 3324 2839 3378 καὶ
2875 3323 2938 3394 ἡν
2972 3319 3117 3383 εἰκὸς
3146 3313 3212 3388 ἦν
3238 3315 3466 3386 τιμῆσαι
3497 3313 3596 3382 μὶν
3661 3310 3891 3373 ἐκεῖνον,
3943 3324 4029 3360 τι-

2449 3421 2685 3493 μηθῆναι
2711 3416 2767 3469 δέ
2812 3416 2899 3467 τὸν
2953 3411 3200 3480 Πατέρα.
3234 3409 3397 3460 Ἀνευ
3433 3405 3540 3474 γάρ
3599 3399 3674 3457 ῶν
3713 3400 4030 3465 ἐπεδείξατο

2447 3492 2658 3567 πολλῶν
2704 3510 2798 3563 καὶ
2833 3504 3082 3576 μεγάλων
3111 3501 3313 3571 ἐργων,
3354 3498 3390 3553 ἃ
3421 3498 3498 3566 τῷ
3535 3497 3708 3564 Πατρί
3734 3494 3832 3564 τὴν
3867 3492 4028 3562 μεγί-

2450 3620 2582 3674 στην
2611 3597 2721 3671 εἶχε
2754 3597 2938 3668 τιμὴν,
2960 3593 3134 3646 -τοῦτο
3164 3592 3261 3660 μὲν
3294 3589 3570 3659 ἁμαρτίας
3597 3578 3823 3654 ’ἁπάσης
3849 3584 4030 3636 καθα-

2455 3672 2547 3766 ρὸν
2572 3687 2987 3762 παρασχόμενος
3020 3684 3109 3737 τὸν
3144 3684 3278 3752 βίον,
3309 3681 3465 3734 τοῦτο
3495 3681 3552 3732 δὲ
3594 3677 3660 3732 δι’
3698 3672 3772 3731 ὧν
3801 3676 4034 3747 ἀκριϐέ-

2451 3798 2623 3836 στατα
2653 3781 2746 3833 καί⁵
2776 3776 3081 3830 τελεώτατα
3136 3774 3261 3834 τοὺς
3316 3771 3524 3824 ἐκεῖθεν
3575 3769 3744 3821 ἔσωσε
3807 3770 4033 3838 νόμους,

2451 3875 2547 3946 οὐχ
2585 3869 2662 3935 οἷς
2691 3870 2847 3932 αὐτὸς
2869 3866 3160 3939 εἰργάσατο
3193 3865 3352 3934 μόνον
3408 3866 3455 3932 (ι
3480 3865 3592 3918 Καὶ
3618 3863 3726 3930 γὰρ
3759 3861 3854 3922 τὰς
3887 3863 4040 3913 ἐντο-

2453 3965 2552 4026 λὰς
2580 3961 2673 4015 τοῦ
2706 3957 2918 4028 Πατρός
2965 3973 3092 4026 μου,
3122 3957 3275 4024 φησί,
3337 3955 3613 4024 τετήρηκα
3650 3954 3722 4018 ι),
3756 3951 3892 4003 ἀλλὰ
3942 3951 4038 4003 καὶ

2454 4051 2534 4118 οἷς
2555 4054 2633 4124 τῷ
2681 4052 2780 4123 βίῳ
2840 4051 2950 4102 τῶν
3011 4046 3315 4116 ἀνθρώπιον
3359 4043 3687 4112 ἐνομοθέτει,
3731 4042 3889 4111 μόνος
3937 4042 4038 4111 τὴν

2455 4146 2787 4215 οὐράνιοντῇ
2824 4143 2894 4211 γῇ
2929 4136 3214 4209 προδείξας
3249 4135 3342 4189 καὶ
3375 4135 3646 4202 φυτεύσας
3685 4132 4037 4200 φιλοσοφίαν,

2457 4239 2539 4292 ἐτι
2564 4237 2619 4290 δὲ
2649 4235 2828 4288 αὐτῶν
2855 4217 2962 4284 τῶν
2989 4232 3305 4299 θαυμάτων,
3332 4221 3406 4282 ὧν
3435 4229 3610 4280 αἴτιον
3639 4225 3905 4295 ἐκήρυττε
3947 4224 4041 4275 τὸν

2457 4327 2848 4402 γεγεννηκότα.

2532 4421 2690 4494 Παρὰ
2711 4427 2890 4474 πάντα
2919 4417 2984 4486 δὴ
3007 4413 3180 4467 ταῦτα
3211 4413 3293 4475 τίς
3321 4411 3420 4464 οὐκ
3441 4405 3602 4474 οἶδεν,
3631 4408 3708 4471 ὡς
3723 4408 3858 4461 αὐτὸ
3879 4408 4047 4460 τοῦτο

2471 4515 2631 4585 μόνον
2663 4513 2722 4566 τὸ
2755 4511 2892 4582 μετὰ
2919 4508 3222 4578 ἀνθρώπων
3251 4504 3505 4574 γενέσθαι
3539 4503 3631 4555 καὶ
3662 4499 3838 4562 οὕτως
3875 4502 4042 4568 ἀκριο

779 4621 932 4678 carni
967 4615 1290 4683 implicitum
1329 4607 1496 4661 fuisse
1519 4642 1533 4667 ,
1575 4617 1685 4672 quo
1723 4600 2063 4656 clementiam
2093 4609 2146 4653 et
2173 4600 2364 4670 benig-
2391 4590 2442 4649 Ι)

2362 4590 2442 4649 ιῙ)
2470 4607 2579 4669 ὁῶς
2623 4605 2788 4673 σαρκί
2825 4598 3194 4669 συναφθῆναι,
3242 4599 3343 4664 τὴν
3390 4594 3486 4646 τοῦ
3523 4593 3843 4660 πέμψαντος
3908 4609 4045 4660 χρη-

779 4717 1001 4770 nitatem
1039 4704 1306 4763 mittentis
1364 4716 1422 4754 se
1456 4697 1773 4769 plenissime
1823 4705 1879 4748 et
1921 4693 2364 4748 manifestissime
2411 4764 2422 4776 .

771 4801 1205 4862 demonstravit,
1240 4795 1493 4865 gloriam,
1523 4803 1689 4857 quam
1722 4800 1917 4841 omnes
1945 4786 1992 4838 ei
2027 4785 2362 4838 convenien-

781 4904 858 4953 tes
905 4897 1145 4950 tribuere
1191 4887 1485 4946 debebant,
1525 4878 1871 4935 conciliatam
1919 4873 2079 4928 esse?
2111 4871 2167 4927 Si
2217 4874 2360 4927 enim

2469 4700 2702 4768 στότητα
2749 4696 2844 4748 καὶ
2891 4690 3308 4762 φιλανθρωπίαν
3346 4685 3724 4757 ἀκριϐέστατα
3756 4685 3853 4736 καὶ
3882 4700 4049 4749 φανε-

2471 4790 2692 4862 ρώτατα
2759 4785 3027 4848 διαδείξας
3078 4783 3179 4852 τὴν
3241 4781 3370 4850 περὶ
3433 4776 3601 4831 αὑτοῦ
3653 4777 4048 4846 προσήκουσαν

2467 4882 2693 4950 ἐνέθηκε
2719 4878 2876 4942 δόξαν
2900 4893 2916 4943 ;
2956 4876 3019 4928 Ei
3045 4875 3153 4943 γὰρ
3181 4871 3259 4942 τῷ
3283 4867 3341 4933 εὖ
3370 4871 3546 4922 ποιεῖν
3569 4869 3668 4938 τὴν
3692 4866 4048 4936 χρησ;ότητα

774 4991 997 5046 bonitas
1028 4987 1149 5052 ejus
1188 4976 1488 5034 benefactis
1513 4971 1788 5026 metienda
1823 4978 1926 5033 est,
1961 4976 2014 5020 et
2049 4966 2234 5033 generi
2265 4965 2370 5019 hu-
2422 5026 2430 5033 _

2364 4995 2370 5007 ν
2422 5026 2430 5033 ,
2468 4975 2549 5028 δεῖ
2582 4954 2826 5043 μετρεῖν,
2856 4969 3004 5022 οὕτω
3032 4969 3087 5021 δέ
3121 4967 3181 5020 τὸ
3213 4965 3368 5034 γένος
3399 4964 3490 5014 ἐπὶ
3509 4963 3610 5031 τῆς
3641 4960 3960 5028 οἰκονομίας
3989 4955 4047 5012 εὖ

783 5097 944 5140 manu
981 5093 1072 5147 per
1099 5069 1462 5129 mcenomiam
1511 5066 1654 5120 Deus
1703 5062 1842 5116 adeo
1890 5058 2179 5125 benefecit,
2214 5066 2272 5112 ut
2301 5072 2366 5113 eo

781 5169 1173 5245 pertinentium
1207 5163 1341 5219 nulli
1366 5169 1635 5231 parceret,
1658 5155 1754 5210 sed
1777 5169 1968 5210 omnes
1990 5153 2211 5207 divitias
2236 5167 2366 5206 suae

783 5242 990 5319 natura:
1023 5262 1276 5313 humanae
1331 5249 1638 5306 includeret
1666 5244 1912 5315 (ctenim,
1946 5243 2032 5296 «In
2067 5243 2182 5312 ipso
2215 5242 2367 5296 Ιι.ιι›ἰ·

781 5365 879 5420 tat,
915 5351 1108 5421 inquit,
1158 5345 1338 5401 omnis
1388 5338 1671 5406 plenitudo
1720 5335 2024 5389 divinitatis
2063 5333 2367 5402 corporali-

781 5444 1006 5515 101³³⁸1),
1032 5439 1380 5512 perspicuum
1401 5442 1506 5498 est,
1528 5445 1628 5484 nos
1670 5428 1724 5481 iu
1742 5425 2023 5481 Salvatore
2053 5440 2364 5495 supremam

778 5551 834 5596 et
865 5538 1126 5592 extimain
1185 5525 1577 5597 benignitatem
1612 5520 1736 5588 ejus
1769 5518 2138 5587 cognovisse;
2175 5526 2230 5572 et
2271 5535 2366 5586 per

779 5647 844 5686 ea
873 5645 995 5700 quae
1021 5623 1299 5696 praestitit,
1347 5618 1498 5672 solus
1529 5611 1782 5665 homines
1829 5609 2084 5673 erudivit,
2134 5623 2366 5679 quanto.

719 5746 722 5748 ν
783 5740 911 5794 pere
940 5721 1112 5774 Deus.
1140 5714 1405 5769 mundum
1458 5701 1736 5767 dilexerit,
1765 5711 2083 5771 quantaque
2127 5706 2197 5756 sit
2248 5701 2367 5770 ejus

2474 5063 2775 5132 πεποίηκεν
2816 5062 2844 5113 ό
2897 5061 3054 5125 Θεὸς,
3085 5059 3158 5122 ὡς
3196 5056 3423 5128 μηδενὸς
3477 5053 3769 5123 φείσασθαι
3815 5053 3929 5105 τῶν
3969 5054 4051 5113 είς

2471 5155 2632 5208 τοῦτο
2676 5155 2973 5223 φερόντων,
3012 5149 3147 5202 ἀλλὰ
3181 5150 3360 5202 πάντα
3408 5146 3498 5199 τὸν
3548 5141 3778 5196 πλοῦτον
3805 5141 4046 5194 ἐνθεῖναι

2472 5250 2540 5319 τῇ
2569 5246 2732 5315 φύσει
2761 5244 2853 5296 τὸν
2884 5239 3100 5304 ἑαυτοῦ,
3132 5243 3225 5293 καὶ
3252 5239 3359 5308 γὰρ
3392 5256 3412 5289 ι
3459 5237 3548 5288 Ἐν
3581 5233 3730 5303 αὑτῷ
3772 5235 4045 5293 κατοικεῖ,

2476 5341 2635 5410 φησι,
2669 5337 2777 5390 πᾶν
2805 5334 2866 5388 τὸ
2895 5333 3170 5403 πλήρωμα
3204 5331 3304 5400 τῆς
3344 5328 3600 5396 Θεότητος
3634 5324 3992 5394 σωματικῶς,
4024 5341 4042 5370 ι

2475 5429 2744 5500 πρόδηλον
2774 5427 2855 5480 ὅτι
2899 5425 2990 5478 τὸν
3017 5424 3242 5494 ἔσχατον
3274 5420 3375 5490 τῆς
3418 5418 3573 5480 θείας
3631 5413 4051 5486 φιλανθρωπίας

2471 5523 2598 5592 ὅρον
2627 5499 2714 5573 ἐπί
2767 5517 2863 5573 τοῦ
2899 5517 3153 5586 Σωτῆρος
3202 5513 3473 5582 ἔγνωμεν,
3510 5511 3606 5563 καὶ
3647 5506 3716 5560 δι’
3745 5499 3822 5558 ὧν
3859 5506 4054 5574 εἰργά-

2475 5630 2610 5667 σατο
2644 5611 2804 5683 μόνος
2851 5607 3088 5672 ἐδίδαξεν
3134 5605 3480 5678 ἀνθρώπους,
3521 5603 3670 5662 ὅπως
3707 5597 4001 5666 ἡγάπησιν
4029 5597 4056 5646 ό

2472 5705 2605 5767 Θεὸς
2642 5703 2734 5755 τὸν
2791 5701 2994 5771 κόσμον
3021 5701 3115 5753 καί
3162 5699 3260 5767 ὅση
3309 5695 3392 5758 τίς
3432 5696 3606 5753 ἐστιν,
3633 5690 3785 5759 αὐτῷ
3837 5686 4054 5756 περὶτὸ

855 5839 898 5869 u
940 5835 1099 5888 nom.
1133 5846 1185 5892 χ,
1222 5829 1279 5882 5.
1357 5825 1398 5857 ³³
1447 5821 1624 5878 Galat.
1658 5831 1743 5880 ιιι,
1808 5816 1898 5870 2i.
1975 5817 2019 5850 ³⁸
2043 5817 2161 5872 Act.
2206 5834 2317 5883 χιχ,
2350 5819 2402 5872 4.
2483 5818 2526 5851 ³⁸

2371 5819 2402 5872 i.
2483 5816 2728 5872 "lCor.
2793 5814 2952 5881 1,30.
3031 5812 3076 5844 "
3107 5810 3287 5880 Ephes
3368 5825 3425 5873 ει,
3500 5807 3582 5868 li,
3649 5801 3736 5856 ιϐ.
3819 5795 4054 5852 "Joan.

787 5925 879 5971 xv,
915 5905 998 5960 lO.
1081 5900 1124 5934 ³⁸
1149 5901 1363 5954 Coloss.
1404 5909 1464 5960 ιι,
1489 5894 1575 5947 l9.
