4262 6460
278 417 389 480 58Ί

1358 426 1453 485 DE
1493 426 1669 486 VlTA
1706 425 1783 484 ΙΝ
1827 426 2158 488 CIIliISTO
2197 432 2343 493 LlB.
2372 437 2469 495 ιν.

3424 446 3529 510 590

278 533 436 598 γένος
483 530 990 602 κηδεμονία.”οθεν
1041 531 1133 584 καὶ
1183 531 1272 583 τὸν
1324 532 1634 603 Νικόδημον
1666 535 1757 587 ἐπὶ
1802 536 1860 587 τὸ
1892 541 1931 596 Α

1847 541 1931 596 ΰΑ
1964 554 2086 609 erga
2133 558 2303 611 genus
2338 553 2583 600 nostrum
2618 561 2749 602 cura
2795 558 2849 604 et
2896 550 3229 608 sollicitudo.
3282 552 3437 610 Unde
3480 563 3530 610 et

276 625 488 689 γνῶναι
518 625 615 693 τὴν
645 623 1060 692 φιλανθρωπίαν
1110 624 1205 676 τοῦ
1236 625 1447 693 Πατρός
1492 626 1743 679 ἐντεῦθεν
1775 630 1858 681 ὲν-

272 720 423 784 ἀγει,
456 707 554 770 3ιαί
588 718 747 768 τοῦτο
774 718 997 785 σημεῖον
1022 716 1205 767 ἰκανὸν
1230 720 1463 769 ποιεῖται
1498 718 1594 784 τῆς
1625 719 1853 787 ἀπείρου

270 812 665 878 χρηστότητος.
696 809 789 859 καὶ
819 826 836 858 ι
874 806 1055 871 Οὕτω,
1097 809 1280 878 φησὶν,
1314 810 1342 860 ό
1368 807 1499 871 Θεὸς
1531 809 1619 861 τὸν
1652 810 1853 880 κόσμον

266 903 589 969 ἠγάπησεν,
623 900 765 953 ὥστε
803 900 897 952 τὸν
941 900 1068 951 Υἰὸν
1094 900 1259 952 αὐτοῦ
1296 900 1387 954 τὸν
1424 904 1689 971 μονογενῆ
1718 904 1849 955 ἔδω-

270 1010 391 1053 ¹κεν,
426 993 515 1044 ἵνα
566 994 674 1053 πᾶς
706 995 734 1041 ό
786 990 1061 1043 πιστεύων
1094 992 1177 1053 εἰς
1235 991 1396 1044 αὑτὸν
1446 996 1522 1061 μὴ
1558 996 1848 1062 ἀπόληται,

267 1084 388 1134 ἀλλ’
420 1083 520 1153 ἔχῃ
567 1084 716 1153 ζωὴν
764 1082 1004 1135 αἰώνιον.
1047 1101 1064 1131 ι
1104 1084 1163 1134 Εἰ
1220 1083 1329 1151 γὰρ
1357 1077 1430 1135 ὧν
1476 1086 1735 1138 κατέθετο
1783 1089 1847 1154 τῇ

270 1176 437 1242 φύσει
478 1177 719 1244 χαρίτων
746 1176 840 1227 ἐπὶ
863 1178 927 1243 τῇ
962 1174 1176 1243 καθόδῳ
1212 1175 1303 1227 τοῦ
1336 1177 1655 1243 μονογενοῦς
1681 1178 1708 1228 ὁ
1735 1180 1846 1230 lla.-

263 1268 396 1333 τὴρ,
436 1267 658 1334 μείζους
702 1266 733 1334 ἢ
773 1267 1025 1329 καλλίους
1063 1268 1163 1318 οὐκ
1196 1267 1306 1337 ἔχει
1336 1267 1540 1330 δοῦναι,
1583 1268 1741 1336 δῆλον
1775 1268 1847 1325 th:

260 1356 389 1408 ούδέ
446 1358 620 1424 μείζω
671 1357 829 1421 δόξαν
887 1359 953 1411 ἂν
1002 1360 1278 1427 παράσχοι
1342 1362 1710 1429 χρηστότητος
1755 1363 1847 1413 καί

263 1449 707 1517 φιλανθρωπίας,
732 1446 799 1520 ἦς
839 1451 1048 1503 ἐκεῖθεν
1084 1450 1293 1519 ὑπῆρξε
1335 1453 1521 1504 λαϐεῖν
1543 1469 1555 1481 ⁸
1602 1454 1698 1505 καί⁸
1722 1454 1845 1506 τού-

260 1560 360 1593 του
417 1543 579 1613 χάριν
608 1543 699 1596 τὸν
748 1542 952 1612 τρόπον
988 1542 1179 1599 τοῦτον
1231 1547 1259 1597 ὁ
1301 1545 1492 1615 Σωτὴρ
1538 1545 1604 1597 δι’
1650 1546 1843 1598 ἑαυτοῦ

260 1634 434 1699 ἀξίως
496 1634 693 1687 ἐαυτοῦ
741 1636 836 1687 καὶ
897 1634 991 1687 τοῦ
1051 1638 1447 1705 γεγεννηκότος
1500 1638 1592 1690 τὸν
1627 1639 1844 1708 Πατέρα

259 1724 420 1792 τιμᾷ.
463 1724 613 1792 Τιμὴ
640 1727 747 1794 γὰρ
793 1725 928 1776 Θεοῦ
970 1727 1020 1777 τί
1049 1726 1249 1793 γένοιτ’
1278 1726 1344 1779 ἂν
1373 1726 1521 1791 ἄλλο,
1555 1729 1585 1797 ἢ
1636 1728 1693 1781 τὸ
1726 1730 1843 1783 δια-

259 1817 544 1884 δειχθῆναι
566 1816 938 1885 διαφερόντως
967 1820 1172 1885 ἀγαθὸν
1196 1820 1323 1871 ὄντα
1348 1836 1361 1881 ;
1398 1820 1506 1873 Καὶ
1532 1820 1671 1891 αὕτη
1698 1824 1841 1876 ἐστὶν

258 1909 292 1975 ή
331 1906 460 1971 δόξα
496 1909 527 1974 ἢ
574 1908 861 1979 πόρρωθεν
890 1908 1155 1976 ὠφείλετο
1188 1912 1310 1979 μὲν,
1340 1911 1441 1965 οὐκ
1468 1913 1594 1980 ένῆν
1620 1890 1676 1966 δέ
1710 1917 1844 1985 παρ’
1878 1890 1915 1943 Β

257 2001 483 2063 οὐδενὸς
513 2000 609 2054 ἀνθ
623 2001 819 2069 ρώπων
847 2002 1243 2072 εἰσενεχθῆναι,
1266 2004 1359 2057 καί
1390 2004 1475 2057 διὰ
1502 2006 1657 2059 τοῦτο
1676 2047 1692 2072 ,
1723 2024 1743 2058 t
1770 2009 1833 2061 El

258 2094 480 2163 Πατὴρ,
517 2098 704 2165 φησὶν,
735 2097 854 2165 εἰμὶ
882 2096 1015 2163 ἐγὼ,
1071 2096 1175 2148 ποῦ
1200 2099 1346 2150 ἐστιν
1384 2101 1415 2167 ἡ
1459 2099 1587 2165 δόξα
1630 2118 1769 2169 μους
1809 2122 1826 2152 ι

254 2188 427 2256 Μόνῳ
479 2188 591 2257 γὰρ
641 2189 767 2258 ἐξῆν
822 2188 900 2259 τῷ
953 2189 1252 2258 Μονογενεῐ
1293 2192 1361 2245 τά
1418 2194 1601 2247 εἰκότα
1660 2196 1834 2248 πάντα

250 2278 533 2331 διασῶσαι
567 2280 702 2351 πρὸς
731 2280 821 2333 τὸν
860 2281 1081 2351 Πατέρα
1104 2299 1118 2313 ·
1156 2286 1250 2338 καὶ
1290 2284 1468 2337 τοίνυν
1517 2286 1649 2340 αὐτὸ
1677 2288 1837 2341 τοῦτο

248 2370 500 2435 δεικνὺς,
551 2370 626 2432 ὡς
669 2371 777 2440 ἄρα
832 2372 994 2440 μόνος
1040 2373 1267 2443 ἐδυνήθη
1310 2377 1525 2428 τουτονί⁵
1554 2377 1647 2430 τὸν
1673 2373 1834 2432 ἆθλον

249 2462 483 2527 άνῦσαι,
541 2463 668 2517 ἐπιί
698 2462 758 2517 τὸ
796 2467 900 2518 πᾶν
928 2466 1170 2518 ἐτέλεσεν
1212 2467 1373 2535 ἔργον
1402 2469 1537 2537 πρὸς
1571 2470 1662 2522 τὸν
1686 2488 1833 2524 τετι-

251 2556 509 2624 μημένον
562 2555 802 2624 Πατέρα,
838 2574 856 2607 t
906 2556 1065 2624 Ἐγὼ,
1120 2558 1303 2628 φησὶν,
1361 2560 1587 2625 ἐδόξασά
1628 2579 1686 2614 σε
1740 2565 1833 2615 ἐπὶ

247 2651 355 2719 τῆς
392 2651 518 2718 γῆς,
556 2651 879 2721 ἐφανέρωσά
907 2668 999 2705 σου
1033 2654 1093 2705 τὸ
1117 2655 1289 2724 ὄνομα
1313 2659 1427 2718 τοῖς
1445 2657 1773 2727 ἀνθρώποις.
1805 2679 1824 2710 ι

247 2742 519 2803 Εἰκότως.
570 2743 745 2809 Λόγος
788 2745 898 2812 γάρ
949 2746 1097 2797 ἐστιν
1143 2743 1367 2816 ἀκριὸὲς
1413 2748 1505 2801 τοῦ
1564 2766 1826 2820 γεγεννη-

246 2836 411 2897 κότος
462 2836 647 2904 φέρων
695 2834 756 2886 τὸ
799 2831 959 2898 εἶδος,
996 2838 1341 2909 ἀπαύγασμα
1376 2840 1475 2909 τῆς
1522 2842 1680 2909 δόξης
1730 2844 1828 2895 καὶ

250 2928 548 2997 χαρακτὴρ
585 2929 685 2996 τῆς
740 2930 1092 2990 ὑποστάσεως
1118 2932 1282 2984 αὐτοῦ
1306 2947 1319 2961 ·
1362 2935 1455 2985 καὶ
1500 2934 1621 2985 ἐπεὶ
1651 2934 1717 2987 δι’
1749 2930 1824 2989 ὧν

252 3020 425 3087 σαρκὶ
459 3022 728 3091 συνήφθη,
759 3024 872 3083 τοῖς
903 3024 961 3075 ἐν
1000 3022 1249 3090 αἰσθήσει
1286 3020 1423 3086 ζῶσι
1459 3026 1675 3086 συνετὸς
1708 3026 1833 3092 ἐγέ-

246 3127 396 3173 νετο,
432 3112 612 3162 πᾶσαν
640 3111 733 3164 τοῦ
765 3111 1190 3182 προενεγκόντος
1211 3111 1303 3164 νοῦ
1331 3114 1431 3179 τὴν
1454 3114 1667 3182 ἀγαθὴν
1693 3114 1833 3183 ὲμήι-

245 3221 383 3257 νυσε
433 3202 696 3269 Θέλησιν⁶
731 3204 867 3272 πρὸς
913 3204 941 3255 ὃ
976 3204 1199 3257 κάκεῖνο
1248 3204 1435 3271 φέρειν
1488 3206 1754 3275 ἠγοῦμαι.
1802 3204 1833 3259 ὃ

248 3296 395 3365 πρὸς
442 3295 535 3346 τὸν
594 3295 883 3358 Φίλιππον,
923 3295 1052 3347 ἰδεῖν
1096 3296 1187 3348 τὸν
1246 3296 1471 3367 Πατέρα
1534 3295 1826 3365 ζητοῦντα,

246 3387 419 3454 φησὶν
443 3386 472 3437 ό
506 3386 719 3457 Σωτὴρ,
757 3405 776 3437 ι
826 3386 886 3439 Ὀ
926 3384 1188 3455 ἑωρακὼς
1222 3386 1322 3457 ἐμὲ
1352 3387 1569 3458 ἑώρακε
1597 3388 1688 3441 τὸν
1717 3390 1828 3441 Πα-

246 3482 409 3548 τέρα,
453 3498 471 3530 ι
512 3482 605 3530 καὶ
637 3480 725 3531 διὰ
749 3478 909 3532 τοῦτό
935 3496 1102 3547 φησιν
1140 3479 1393 3545 Ἡσαΐας,
1419 3497 1438 3530 ι
1478 3480 1737 3533 Καλεῖται
1767 3481 1829 3533 τὸ

243 3570 422 3637 δνομα
453 3570 621 3622 αὑτοῦ
656 3570 898 3639 μεγάλης
929 3569 1416 3639 βουλῆςἊγγελος.
1457 3589 1477 3623 ι

316 3662 481 3714 Οὕτω
514 3662 696 3715 τοῐνυν
758 3663 899 3732 πρὸς
943 3663 1043 3732 τὴν
1078 3663 1239 3726 δόξαν
1279 3664 1373 3715 τοῦ
1411 3664 1623 3733 Πατρός
1677 3664 1831 3718 οὐδὲν

248 3755 587 3825 παραλιπὼν
627 3756 655 3806 ό
707 3754 1026 3825 Μονογενὴς
1069 3758 1232 3835 μόνος
1278 3754 1538 3826 καθαιρεῖ
1576 3757 1636 3809 τὸ
1671 3758 1832 3827 μεσό-

243 3865 431 3916 τοιχον
477 3847 578 3916 τῆς
628 3846 853 3914 ἔχθρας,
904 3846 1000 3900 καὶ
1034 3846 1150 3899 λύει
1200 3846 1309 3899 τῶν
1334 3848 1693 3918 ἐγκλημάτων
1743 3850 1833 3904 τὸν

246 3938 565 4006 ἄνθρωπον.
626 3935 778 3988 Ἐπεὶ
805 3936 866 3988 δὲ
910 3936 1053 3988 κατὰ
1079 3935 1180 4005 τὴν
1224 3936 1421 4004 ἑτέραν
1446 3936 1555 3989 τῶν
1594 3937 1830 4005 φύσεων,

245 4032 348 4097 τὴν
380 4029 661 4099 ἡμετέραν
707 4029 851 4094 λέγω
880 4028 979 4094 τὴν
1006 4026 1373 4097 ἀνθρωπείαν,
1408 4028 1436 4080 ό
1470 4028 1689 4090 διπλοῦς
1730 4027 1835 4097 ’1η-

245 4121 378 4184 σοῦς
408 4122 501 4173 τὸν
536 4120 757 4188 Πατέρα
788 4119 1023 4186 ἐτίμησε
1054 4120 1149 4171 καὶ
1179 4119 1287 4171 άπὸ
1318 4118 1411 4171 τοῦ
1448 4121 1699 4187 σώματος
1730 4120 1833 4172 αὐ-

241 4213 340 4265 τοῦ
376 4214 475 4265 καὶ
507 4210 603 4263 τοῦ
635 4210 871 4277 αἵματος
901 4211 992 4262 τὸν
1027 4209 1344 4277 θαυμαστὸν
1390 4212 1597 4261 εκεῖνον
1626 4209 1829 4276 στέφα-

244 4321 338 4355 νον
375 4303 477 4371 τῆς
507 4300 669 4368 δόξης
704 4298 897 4363 ἔπλεξε
949 4300 1027 4367 τῷ
1066 4300 1276 4368 Πατρί·
1330 4300 1420 4352 διὰ
1454 4299 1627 4351 ταῦτα
1674 4299 1833 4366 μόνον

245 4395 352 4464 μέν
378 4394 502 4444 ἐστι
528 4392 671 4445 κατά
702 4391 801 4459 τῆς
833 4391 1112 4459 ἁμαρτίας
1156 4394 1446 4460 φάρμακον
1484 4390 1545 4441 τὸ
1574 4388 1666 4441 τοῦ
1701 4391 1833 4460 Χρι-

244 4486 379 4539 στοῦ
420 4486 606 4552 σῶμα,
640 4484 781 4553 μόνη
809 4485 867 4537 δὲ
900 4486 933 4553 ἡ
959 4483 1115 4545 λύσις
1139 4483 1557 4552 ἁμαρτημάτων
1582 4485 1642 4535 τὸ
1666 4477 1827 4550 αἷμα.

1968 631 2322 688 Νἰροιίεηιιιιη
2362 637 2429 689 ad
2477 636 2652 694 Patris
2688 641 3081 696 humanitatem
3125 647 3527 711 agnoscendam

1959 722 2084 777 hinc
2121 724 2349 789 inducit,
2381 739 2433 780 et
2460 729 2599 783 istuc
2634 730 2897 786 bonitatis
2929 733 3049 801 ejus
3090 730 3363 791 sullieiens
3394 738 3531 793 indi-

1955 814 2098 868 cium
2130 831 2249 870 esse
2273 819 2385 872 vult
2413 838 2427 873 :
2459 837 2477 870 ι
2514 820 2605 875 Sic
2633 822 2773 877 Deus
2803 825 2991 880 dilexit
3018 827 3303 891 mundum,
3332 830 3529 899 inquit,

1955 918 2013 961 ut
2047 906 2241 961 Fllilllli
2276 927 2436 964 suum
2488 914 2826 980 unigenitum
2873 917 3047 981 daret,
3103 927 3163 973 ut
3208 921 3390 974 omnis
3432 922 3526 989 qui

1953 998 2128 1051 credit
2152 999 2202 1053 in
2234 1001 2409 1069 ipsum
2442 1019 2549 1057 non
2583 1016 2789 1073 pereat,
2826 1007 2917 1060 sed
2950 1008 3146 1061 habeat
3174 1009 3341 1063 vitam
3369 1019 3527 1063 mter-

1952 1103 2075 1140 nam
2110 1089 2177 1141 ³⁹.
2216 1108 2235 1140 ι
2283 1092 2337 1143 Si
2366 1093 2511 1145 enim
2547 1091 2706 1147 Pater
2734 1096 2942 1163 majora
2977 1105 3031 1149 et
3061 1098 3286 1152 meliora
3327 1100 3530 1154 beneli-

1950 1178 2033 1231 cia
2085 1179 2137 1231 in
2191 1190 2444 1235 naturam
2494 1184 2771 1238 collocare
2833 1201 2940 1238 non
2998 1187 3207 1254 potuit,
3259 1203 3421 1258 quam
3472 1190 3524 1242 in

1950 1268 2070 1321 Filii
2103 1271 2169 1322 ad
2199 1285 2296 1324 nos
2323 1271 2589 1327 descensu
2616 1274 2924 1341 collocavit,
2953 1275 3173 1343 planum
3204 1289 3308 1343 est,
3328 1277 3524 1332 Fili-nt

1947 1363 1995 1412 el
2041 1362 2302 1428 majorem
2340 1363 2565 1432 gloriam
2622 1365 2883 1420 bonitatis
2926 1376 2977 1419 et
3030 1368 3387 1425 humanitatis
3435 1387 3527 1439 pa-

1948 1467 2067 1505 rere
2096 1469 2203 1507 non
2239 1456 2505 1522 potuisse,
2540 1473 2703 1526 quam
2737 1458 2865 1512 hinc
2890 1467 2983 1532 est
3018 1470 3369 1514 consecutus.
3411 1459 3523 1514 llac

1946 1543 2012 1597 de
2036 1558 2201 1598 causa
2234 1546 2341 1599 isto
2374 1548 2537 1601 modo
2574 1546 2823 1603 Salvator
2883 1564 2980 1619 per
3034 1551 3277 1615 seipsum
3304 1593 3317 1615 ,
3355 1562 3413 1605 ut
3466 1567 3524 1605 se

1945 1641 1997 1685 et
2043 1635 2290 1700 genitore
2335 1636 2555 1706 dignum
2602 1646 2704 1702 est,
2756 1654 2881 1692 eum
2917 1639 3170 1692 honorat.
3202 1639 3343 1703 Quid
3374 1640 3521 1693 enim

1945 1724 2091 1777 aliud
2127 1725 2215 1779 Dei
2258 1727 2435 1782 honor
2470 1729 2559 1789 sit,
2597 1744 2763 1797 quam
2806 1732 3160 1785 excellentem
3194 1732 3314 1800 ejus
3356 1731 3517 1785 boni-

1947 1825 2108 1870 tatem
2141 1818 2535 1873 demonstrari?
2562 1821 2741 1890 Atque
2780 1821 2893 1876 haec
2921 1830 3006 1877 est
3034 1824 3226 1891 gloria,
3259 1838 3381 1892 qua:
3409 1823 3519 1893 jam

1948 1906 2153 1975 pridem
2203 1908 2249 1960 ei
2291 1908 2590 1964 debebatur
2613 1950 2627 1974 ,
2661 1921 2713 1964 et
2750 1927 2780 1965 a
2814 1911 3123 1965 mortalium
3156 1912 3377 1965 nemine
3406 1928 3524 1980 per-

1949 2001 2087 2055 solvi
2119 2012 2348 2071 poterat.
2384 2004 2538 2068 llinc,
2582 2023 2600 2056 ι
2641 2006 2694 2060 Si
2728 2005 2907 2069 Pater,
2940 2006 3115 2075 inquit
3147 2047 3161 2070 ,
3208 2021 3311 2074 ego
3358 2022 3476 2060 sum
3505 2043 3523 2071 ,

1948 2092 2037 2144 ubi
2072 2100 2153 2146 est
2180 2093 2353 2147 honor
2388 2110 2541 2148 meus
2566 2095 2650 2148 δοῖ
2689 2115 2707 2147 ι
2742 2097 2851 2150 Soli
2900 2112 3135 2167 namque
3166 2096 3304 2153 Filio
3340 2098 3520 2151 omnia

1945 2193 2312 2237 consentanea
2352 2201 2481 2255 erga
2532 2186 2743 2242 Patrem
2794 2199 3051 2257 praestare
3107 2190 3284 2243 licnlt.
3335 2189 3521 2257 Itaque

1946 2278 2046 2333 hoc
2075 2277 2248 2347 ipsum
2286 2280 2601 2344 ostendens,
2636 2296 2693 2336 se
2727 2284 2906 2336 solum
2941 2283 3185 2351 potuisse
3219 2281 3322 2335 hoc
3352 2296 3519 2349 nego-

1947 2369 2080 2423 tium
2109 2371 2379 2427 conlieere
2402 2413 2417 2438 ,
2448 2383 2735 2442 postquam
2773 2390 2912 2444 opus
2942 2388 3103 2429 omne
3134 2374 3388 2437 absolvit,
3418 2373 3519 2426 Pa—

1945 2471 2079 2517 trem
2116 2464 2325 2519 honore
2351 2464 2605 2521 alIectum
2640 2466 2725 2521 his
2765 2468 2946 2522 verbis
2980 2467 3320 2536 alloquitur:
3354 2485 3373 2517 ι
3408 2465 3519 2536 Ego

1946 2566 1999 2610 te
2050 2556 2345 2611 clatiﬁeavi
2388 2574 2553 2627 super
2613 2569 2853 2625 terram,
2911 2560 3257 2615 manilestavi
3317 2574 3517 2615 nomen

1942 2658 2092 2703 tuum
2133 2651 2447 2706 hominibus
2472 2653 2541 2707 δ’.
2572 2670 2592 2705 ›
2628 2651 2812 2708 Recte.
2848 2653 2944 2709 Est
2981 2655 3127 2707 enim
3158 2653 3433 2719 Verbum,
3463 2660 3519 2707 et

1939 2739 2213 2796 Genitoris
2244 2758 2556 2811 expressam
2585 2743 2690 2798 fert
2714 2744 3028 2815 imaginem,
3061 2764 3079 2796 ι
3113 2744 3386 2813 Splendor
3405 2742 3519 2813 glo-

1940 2832 2055 2897 riae,
2084 2841 2139 2884 et
2165 2830 2335 2902 figura
2367 2834 2684 2889 substantiae
2702 2835 2825 2905 ejus
2849 2837 2947 2890 ".i
2978 2837 3044 2891 Et
3068 2838 3351 2907 quoniam,
3386 2836 3513 2905 quia

1941 2922 2092 2975 carni
2127 2924 2447 2993 copulatum
2485 2934 2609 2990 est,
2644 2942 2767 2981 cum
2802 2943 2969 2983 sensu
3000 2929 3309 2983 viventibus
3342 2928 3517 2982 evasit

1940 3010 2301 3085 intelligihile,
2332 3031 2553 3072 omnem
2590 3021 2786 3075 mentis
2814 3037 2936 3090 (luat
2970 3024 3143 3091 ipsum
3175 3022 3385 3093 genuit,
3420 3024 3517 3077 bo-

1942 3123 2065 3160 nam
2104 3109 2434 3189 voluntatem
2474 3113 2769 3167 nuntiavit.
2814 3114 2893 3166 Ad
2928 3116 3074 3183 quod
3122 3126 3177 3170 et
3215 3116 3348 3170 illud
3397 3132 3521 3186 spe-

1937 3208 2085 3255 ctare
2113 3202 2327 3267 opinor,
2352 3203 2495 3271 quod
2530 3202 2778 3273 Philippo
2807 3203 3024 3259 Patrem
3060 3207 3241 3260 videre
3270 3208 3514 3273 cupienti

1933 3293 2013 3345 ait
2044 3308 2056 3342 :
2094 3310 2112 3343 ι
2150 3292 2252 3358 Qui
2289 3295 2445 3350 videt
2473 3309 2579 3360 me,
2612 3294 2775 3351 videt
2793 3307 2845 3351 et
2879 3298 3090 3351 Patrem
3121 3298 3188 3352 “.
3220 3317 3239 3349 ι
3284 3298 3349 3353 Et
3387 3300 3517 3354 hinc

1934 3394 2017 3437 est
2053 3385 2194 3453 apud
2229 3385 2425 3439 lsaiam
2483 3403 2499 3438 :
2540 3405 2558 3438 ι
2611 3385 2910 3443 Vocabitur
2944 3405 3142 3443 nomen
3176 3392 3297 3458 ejus
3332 3393 3513 3461 magni

1932 3476 2147 3531 consilii
2174 3475 2408 3548 Angelus
2432 3476 2533 3531 “.3

2004 3653 2097 3707 Sic
2129 3653 2291 3723 igitur
2321 3654 2456 3708 nihil
2486 3655 2549 3709 ad
2577 3658 2804 3725 gloriam
2840 3658 3021 3713 Patris
3053 3668 3501 3728 praetermittens,

1934 3744 2112 3799 solum
2153 3746 2395 3801 medium
2428 3747 2689 3815 parietem
2724 3748 3140 3804 inimicitiarum
3169 3750 3427 3816 destruit,
3451 3763 3508 3808 et

1934 3837 2211 3892 hominem
2229 3839 2556 3893 criminibus
2579 3839 2837 3894 absolvit.
2856 3840 3129 3907 Quoniam
3160 3856 3289 3898 vero
3316 3858 3512 3899 secun-

1932 3929 2061 3984 dum
2100 3929 2329 3985 alteram
2376 3938 2655 3997 naturam,
2712 3945 2979 3997 nostram,
3043 3936 3266 4003 inquam
3320 3945 3373 4002 et
3403 3937 3509 3991 htt-

1937 4036 2181 4086 manam,
2212 4022 2418 4091 duplici
2456 4031 2651 4077 natura
2684 4034 2943 4079 constans
2974 4023 3135 4081 Jesus
3166 4022 3381 4083 Patrem
3413 4029 3511 4083 ho-

1936 4114 2168 4175 noravit,
2201 4123 2255 4167 et
2282 4116 2350 4167 de
2396 4128 2628 4182 corpore
2656 4116 2725 4183 iet
2767 4117 3033 4183 sanguine
3062 4132 3166 4172 suo
3214 4119 3510 4174 admirabi-

1935 4202 2038 4256 lem
2071 4201 2218 4255 illam
2256 4216 2518 4256 coronam
2548 4203 2596 4255 ei
2623 4202 2834 4267 nexuit,
2862 4202 3067 4258 ideirco
3102 4204 3279 4259 solum
3302 4205 3506 4261 Christi

1933 4304 2136 4359 corpus
2170 4292 2477 4345 remedium
2507 4292 2776 4345 adversus
2803 4302 3084 4361 peccatum
3132 4302 3234 4358 est,
3261 4304 3314 4348 et
3344 4297 3507 4350 unica

1937 4390 2288 4450 peccatorum
2321 4382 2552 4436 abolitio
2578 4384 2807 4451 sanguis
2832 4384 2970 4451 ejus.
3007 4381 3212 4453 Nempe
3255 4386 3326 4439 ob
3368 4388 3508 4440 hanc

1934 4488 2152 4542 quoque
2185 4488 2406 4527 causam
2441 4488 2469 4526 a
2503 4474 2773 4543 principio
2795 4475 3048 4529 conditus
3067 4485 3171 4541 est,
3206 4484 3265 4530 ut
3290 4476 3505 4531 Patrem

244 4579 356 4628 Kal.
388 4576 497 4643 γάρ
529 4575 618 4627 διά
657 4574 818 4627 τοῦτο
851 4574 1079 4643 συνέστη
1113 4575 1211 4642 τὴν
1245 4573 1441 4642 ἀρχὴν,
1477 4574 1568 4626 ἵνα
1598 4573 1688 4625 τὸν
1720 4574 1827 4626 [lar-
1860 4586 1903 4640 ι)

1820 4601 1827 4610 .
1860 4586 1903 4640 ι)
1937 4566 2293 4632 gloriticaret,
2324 4566 2467 4619 sicut
2515 4567 2630 4633 ipse
2663 4568 2975 4625 conﬁtetur,
2997 4581 3055 4620 se
3087 4566 3153 4620 ad
3180 4568 3282 4622 hoc
3316 4578 3503 4621 natum

237 4671 380 4740 τέρα.
415 4666 643 4736 δοξάσῃ,
672 4666 767 4717 καὶ
795 4667 822 4717 ὃ
864 4682 1028 4730 φησιν
1056 4664 1217 4725 αὐτὸς
1244 4665 1271 4715 ό
1302 4664 1514 4733 Σωτὴρ,
1543 4666 1622 4725 εἰς
1661 4663 1823 4716 τοῦτο

1925 4672 2070 4720 esse,
2093 4668 2147 4711 et
2179 4659 2245 4710 ad
2304 4658 2405 4708 hoc
2432 4656 2649 4710 venisse
2678 4657 2731 4709 in
2770 4657 3029 4710 mundum
3064 4672 3077 4708 :
3113 4667 3164 4710 et
3205 4672 3299 4724 per
3342 4673 3507 4711 omne

238 4760 575 4827 γεγέννηται
606 4758 700 4808 καὶ
735 4758 815 4817 εἰς
842 4756 1001 4807 τοῦτο
1051 4755 1308 4824 ἐλήλυθεν
1359 4758 1439 4814 εἰς
1481 4756 1571 4805 τὸν
1620 4755 1823 4825 κόσμον

1822 4774 1823 4789 ι
1925 4758 2139 4814 tempus
2158 4746 2831 4814 deinceps,tantummodo
2856 4746 3119 4815 quidquid
3158 4748 3262 4800 huc
3296 4748 3505 4800 laceret

237 4851 335 4900 καὶ
394 4850 486 4900 τὸν
528 4847 654 4915 ἑξῆς
687 4848 903 4899 ἅπαντα
946 4847 1158 4916 χρόνον,
1220 4847 1379 4913 μόνον
1426 4846 1526 4914 μέν
1578 4845 1639 4896 τὸ
1688 4845 1822 4913 πρὸς

1923 4837 2054 4906 egit,
2081 4839 2240 4905 hujus
2276 4839 2435 4890 unius
2462 4838 2538 4891 rei
2563 4838 2737 4905 gratia
2768 4836 2933 4891 etiam
2966 4845 3127 4905 atque
3150 4837 3311 4891 t-tiam
3336 4838 3510 4907 majo-

233 4942 402 4993 τοῦτο
431 4940 597 5008 φέρον
626 4939 770 4992 ἆπαν
796 4939 1046 4989 ἐτέλεσεν
1078 4938 1261 5005 ἔργον,
1303 4936 1460 5004 μόνον
1487 4936 1541 4987 δὲ
1572 4939 1660 4988 τὸν
1686 4936 1824 5004 ὑπὲρ

1923 4944 2145 4999 remque
2164 4930 2216 4983 in
2242 4930 2458 4982 modum
2486 4930 2769 4983 laboravit.
2788 4928 2899 4983 Hoc
2920 4944 3155 4995 namque
3197 4942 3399 4997 corpus
3422 4930 3508 4997 ple

234 5033 439 5084 τούτου
490 5029 860 5097 διαφερόντως
908 5030 1298 5097 ὑπομεμένηκε
1352 5029 1534 5079 πόνον.
1570 5028 1680 5079 Καὶ
1709 5027 1816 5095 γάρ

236 5119 404 5171 τοῦτο
442 5117 505 5168 τὸ
543 5117 706 5184 σῶμα
756 5117 853 5168 τοῦ
896 5117 1268 5186 πληρώματος
1302 5115 1403 5182 τῆς
1438 5116 1689 5183 θεότητος
1712 5116 1826 5182 ἐγέ-

236 5226 363 5261 νετο
400 5207 679 5276 θησαυρὸς
702 5208 798 5259 καὶ
826 5209 1005 5274 πάσης
1034 5208 1133 5277 μὲν
1160 5204 1227 5276 ἦν
1245 5208 1507 5273 ἄγευστον
1529 5205 1824 5274 deusti“;-

237 5302 543 5373 ἐπλήρωσε
576 5298 634 5351 δὲ
674 5300 858 5351 πᾶσαν
912 5297 1287 5365 δικαιοσύνην,
1332 5297 1568 5364 ἐκήρυξε
1611 5298 1667 5349 δὲ
1720 5300 1831 5359 τοίς

235 5393 544 5462 ὁμογενέσι
583 5390 956 5459 ἀγνοούμενον
1005 5390 1098 5441 τὸν
1136 5388 1377 5455 Πατέρα,
1431 5392 1526 5439 καὶ
1569 5382 1648 5449 οἷς
1681 5386 1833 5453 ἔλεγε

234 5486 337 5536 καὶ
372 5478 456 5543 οἷς
505 5481 877 5533 ἐπεδείκνυτο.
928 5480 1098 5533 Τοῦτό
1136 5482 1250 5530 ἐστι
1282 5479 1344 5529 τὸ
1378 5479 1584 5545 σφαγὲν
1622 5482 1711 5531 ἐπὶ
1741 5476 1834 5529 τοῦ

236 5573 519 5636 σταυροῦ·
554 5574 650 5624 καὶ
682 5571 710 5623 ὃ
768 5572 835 5639 τῇ
892 5572 1073 5637 σφαγῇ
1130 5569 1428 5636 προσάγον,
1480 5568 1683 5619 ἐδειλία
1742 5567 1835 5619 καὶ

236 5669 457 5737 ἠγωνία
498 5667 593 5719 καὶ
634 5666 825 5734 ἰδρῶσι
876 5666 1223 5735 περιερρεῖτο
1269 5666 1361 5715 καὶ
1415 5662 1690 5731 προῦδόθη
1741 5661 1836 5711 καὶ

1928 5024 2187 5077 nitudinis
2215 5022 2513 5075 divinitatis
2537 5023 2825 5075 thesaurus
2866 5022 2985 5085 fuit,
3011 5030 3066 5074 et
3096 5024 3273 5077 omnis
3302 5023 3506 5089 peccati

1931 5128 2136 5183 expers
2180 5123 2318 5177 erat,
2366 5127 2583 5165 omnem
2624 5111 2894 5179 justitiam
2956 5112 3237 5181 implebat,
3294 5128 3509 5181 generis

1936 5203 2283 5258 consortibus
2320 5202 2679 5271 (hominibus)
2713 5202 2929 5255 Patrem
2964 5218 3123 5271 quem
3159 5202 3505 5269 ignorabant,

1939 5294 2338 5363 promulgabat,
2376 5301 2489 5345 tum
2517 5307 2612 5357 per
2646 5308 2706 5345 ea
2739 5308 2857 5360 quae
2888 5293 3235 5360 loquebatur,
3266 5299 3381 5344 tum
3411 5306 3529 5359 per.

1942 5400 2003 5439 ea
2040 5400 2160 5453 qua:
2185 5384 2509 5451 patiebatur.
2546 5383 2888 5436 immolatum
2916 5394 2998 5437 est
3018 5383 3277 5436 nimirum
3302 5382 3354 5435 in
3379 5396 3507 5437 cru-

1942 5491 2025 5542 ce,
2056 5486 2247 5543 etquze
2301 5474 2728 5527 immolationem
2765 5484 3183 5537 praecesserunt,
3232 5474 3505 5543 pavidum,

1941 5568 2169 5622 anxium
2231 5564 2357 5631 fuit,
2415 5566 2617 5619 sudore
2663 5565 2893 5619 dililuxit
2937 5566 3511 5635 proditum,eompre-

1944 5660 2175 5712 hensum
2226 5667 2328 5723 est,
2358 5658 2622 5726 judicium
2660 5658 2907 5726 iniquum
2946 5660 3133 5721 subiit,
3164 5658 3265 5711 sub
3312 5656 3507 5710 Pontio

329 5848 379 5875 ³⁹
420 5842 578 5896 Juan.
609 5857 692 5905 Ill,
737 5840 820 5893 l6.
899 5842 945 5875 ‘°
980 5838 1210 5891 ilalzteh.
1243 5855 1278 5899 ι.
1315 5839 1366 5891 6.
1448 5838 1487 5868 “
1517 5835 1673 5890 Joan.
1712 5853 1842 5903 xvn,
1878 5838 1929 5891 4.
2005 5836 2012 5864 ¹

1712 5853 1842 5903 nn,
1878 5838 1929 5891 4,
2005 5836 2048 5867 δ’
2090 5834 2253 5885 llehr.
2290 5847 2326 5896 I,
2357 5834 2409 5884 3.
2491 5832 2533 5861 "
2557 5831 2715 5885 Joan.
2745 5848 2855 5899 xw,
2884 5831 2935 5885 9.
3013 5833 3057 5864 “
3094 5832 3197 5889 lsa.
3227 5848 3284 5899 ιι,
3308 5833 3358 5888 6.
