4262 6460
728 467 834 533 591

1956 463 2002 521 N
2020 463 2266 523 lCOLAI
2309 462 2570 523 CABAS]
2583 461 2694 523 LE

3865 452 3967 516 59?.

730 582 909 632 Pilato
934 575 1308 629 testimonium
1335 571 1625 642 perhibuit,
1653 573 1846 625 bonam
1878 573 2304 636 confessmnem,
2336 578 2380 634 Α
2411 588 2437 624 σ

2411 571 2721 641 συνελήφθη
2784 571 2877 624 καὶ
2930 568 3136 642 κριτῶν
3181 567 3442 638 ἠνέσχετο
3491 563 3827 633 παρανόμων
3874 565 3971 616 καὶ

730 683 791 725 ιιι
842 669 1040 722 l‘aulus
1069 667 1360 735 inquit‘”,
1395 678 1696 731 poenasque
1741 662 2104 718 confessionis
2135 665 2296 731 hujus

735 765 787 815 in
821 775 982 815 cruce
1014 758 1253 812 moriens
1295 754 1446 809 dedit
1474 773 1487 818 ;
1524 765 1578 810 et
1615 754 1817 822 ﬂagella
1849 763 2020 823 tergo,
2049 755 2301 812 manibus

730 864 784 907 ct
821 853 1048 920 pedibus
1073 851 1284 913 clavos,
1322 849 1489 901 latere
1551 847 1794 901 lanceam
1825 848 2059 917 excepit.
2091 846 2303 918 Flagris

730 954 1043 1013 coopertum
1075 942 1267 1003 doluit,
1296 950 1350 993 et
1371 940 1643 994 conﬁxum
1678 939 1845 994 clavis
1867 940 2169 994 cruciatum
2197 949 2300 995 est.

735 1034 833 1086 llic
864 1033 1087 1101 sanguis
1138 1047 1166 1083 e
1216 1031 1537 1084 vulneribus
1592 1044 1890 1097 erumpens
1943 1027 2073 1083 solis
2121 1028 2302 1082 lumen

733 1124 1076 1183 obscuravit,
1103 1131 1158 1174 et
1186 1129 1388 1173 terram
1435 1119 1737 1182 concussit,
1768 1127 1818 1172 ct
1857 1132 2037 1172 aerem
2065 1116 2308 1171 sanctiﬁ-

733 1215 896 1272 cavit.
938 1220 992 1265 et
1036 1210 1293 1264 mundum
1348 1211 1664 1262 universum
1721 1223 1750 1262 a
1810 1208 2015 1274 peccati
2049 1208 2306 1263 sordibus

735 1305 885 1359 lavit.
926 1303 1113 1370 Itaque
1143 1301 1284 1354 sicut
1341 1299 1556 1369 scriptae
1608 1299 1710 1367 legi
1761 1298 1986 1351 omnino
2036 1297 2304 1365 spirituali

737 1397 852 1462 lege
906 1409 1042 1462 Opus
1085 1393 1206 1455 fuit,
1266 1389 1602 1460 imperfecta:
1654 1387 1912 1457 perfecta,
1947 1388 1996 1442 ei
2043 1402 2165 1457 qua:
2199 1403 2304 1442 non

737 1489 914 1558 potuit
942 1485 1246 1555 perfectum
1272 1484 1451 1537 facere
1486 1483 1832 1545 servientem,
1857 1496 1918 1534 ea
1943 1496 2064 1549 qua:
2093 1489 2302 1549 potest:

739 1581 925 1631 eodem
959 1583 1122 1631 modo
1149 1577 1238 1645 qui
1272 1587 1392 1645 post
1418 1574 1746 1642 baptismum
1774 1573 1828 1626 in
1858 1573 2087 1642 gratiam
2121 1586 2309 1640 pecca-

737 1681 955 1733 verunt,
1009 1668 1453 1736 suppliciumque
1489 1668 1875 1734 deprecantur,
1907 1664 2122 1716 illorttm
2159 1664 2310 1717 labo-

739 1762 912 1825 ribus,
945 1758 1239 1813 sudoribus
1275 1767 1330 1810 et
1381 1756 1634 1827 lacrymis
1662 1755 1925 1824 sanguine
1963 1753 2094 1807 Novi
2117 1754 2310 1808 Testa-

2407 662 2758 731 ἐμαρτύρησε
2801 661 2901 731 μὲν
2957 661 3050 714 ἐπὶ
3097 659 3321 713 Ποντίου
3374 657 3609 710 Πιλάτου
3654 655 3754 726 τὴν
3797 653 3972 724 καλὴν

2401 754 2712 824 ὁμολογίαν,
2810 769 2942 823 φησι
2973 750 3210 815 Παῦλος,
3241 749 3407 803 ἔδωκε
3441 748 3498 800 δὲ
3522 747 3682 816 δίκην
3705 747 3807 813 τῆς
3838 733 3997 812 ὅμοι’

2402 847 2594 913 λογίας
2615 847 2863 909 θάνατον,
2895 845 2990 899 καὶ
3021 845 3210 896 τοῦτον
3231 844 3322 894 ἐπὶ
3351 840 3615 909 σταυροῦ,
3645 839 3738 890 καὶ
3772 838 3972 907 μάστι-

2403 957 2507 1008 γας
2544 943 2642 1007 μὲν
2670 940 2761 990 ἐπὶ
2806 938 2915 991 τῶν
2955 936 3338 1006 μεταφρένων,
3373 934 3465 986 ἐπὶ
3517 933 3574 986 δὲ
3625 932 3734 984 τῶν
3772 931 3975 1001 χειρῶν

2405 1033 2499 1084 καὶ
2545 1030 2652 1083 τῶν
2695 1029 2874 1083 ποδῶν
2929 1029 3114 1099 ἥλους,
3160 1031 3234 1097 τῇ
3280 1026 3494 1096 πλευρᾷ
3542 1024 3598 1075 δὲ
3638 1023 3737 1094 τὴν
3774 1024 3976 1092 λόγχην

2406 1122 2620 1188 ἐδέξατο
2679 1122 2772 1174 καὶ
2826 1121 3032 1190 ἤλγησε
3087 1116 3525 1187 μαστιγούμενον
3577 1116 3672 1168 καὶ
3724 1113 3976 1182 ammon

2407 1213 2874 1284 προσηλούμενον,
2916 1212 3076 1265 τοῦτο
3105 1210 3167 1264 τὸ
3217 1205 3354 1278 αἷμα
3391 1208 3502 1260 τῶν
3549 1206 3775 1277 πληγῶν
3807 1207 3981 1274 ἐκπη-

2406 1305 2579 1374 δῆσαν
2611 1305 2702 1357 τὸν
2729 1305 2881 1374 ἥλιον
2907 1302 3098 1356 ἔσϐεσε
3130 1302 3224 1354 καὶ
3251 1301 3351 1370 τὴν
3393 1300 3500 1368 γῆν
3533 1299 3713 1351 ἔσεισε
3750 1298 3845 1350 καὶ
3884 1298 3978 1348 τὸν

2408 1397 2548 1467 ἀέρα
2605 1397 2800 1466 ἡγίασε
2871 1396 2992 1448 καὶ·
3029 1395 3207 1447 πάντα
3281 1395 3372 1446 τὸν
3431 1393 3637 1461 κόσμον
3700 1391 3978 1444 ἀπέκλυσε

2407 1489 2500 1540 τοῦ
2549 1487 2720 1556 ῥύπου
2775 1488 2872 1557 τῆς
2914 1486 3208 1555 ἁμαρτίας.
3239 1485 3403 1538 Ὅθεν
3451 1485 3705 1551 καθάπερ
3750 1483 3974 1550 ἐδέησεν

2410 1579 2597 1642 ἁπλῶς
2636 1580 2710 1649 τῷ
2760 1579 2992 1650 γραπτῷ
3039 1579 3186 1648 νόμῳ
3221 1576 3317 1630 τοῦ
3365 1573 3739 1644 πνευματικοῦ
3785 1574 3978 1641 νόμου,

2407 1671 2486 1741 τῷ
2518 1670 2726 1734 ἀτελῶς
2757 1671 2937 1740 ἔχοντι
2966 1669 3062 1722 τοῦ
3093 1668 3324 1732 τελείου,
3357 1667 3435 1737 τῷ
3465 1667 3675 1720 τέλειον
3703 1665 3981 1732 ἀποφῆναι

2409 1762 2503 1814 τὸν
2536 1760 2908 1830 κατορθοῦντα
2945 1761 3019 1830 μὴ
3067 1759 3350 1829 δυναμένῳ
3374 1757 3469 1811 τοῦ
3511 1757 3814 1825 δυναμένου
3841 1769 3856 1784 ·
3887 1755 3981 1808 τὸν

746 1852 936 1915 menti,
970 1861 1020 1903 et
1089 1848 1442 1902 immaculato
1491 1862 1719 1916 corpore
1790 1861 1926 1916 opus
1970 1855 2073 1910 est,
2127 1853 2312 1915 utpote
2415 1852 2437 1903 ί

2415 1852 2528 1904 ἴσον
2557 1852 2761 1923 τρόπον
2792 1855 2883 1904 καὶ
2930 1853 3036 1906 τῶν
3063 1853 3204 1921 μετά
3240 1851 3301 1904 τδ
3328 1850 3573 1920 λουτρὸν,
3602 1849 3731 1918 περὶ
3765 1841 3840 1900 ῶν
3887 1844 3977 1909 ἐξ-

738 1944 874 1996 citra
911 1943 1025 1995 lucc
1062 1941 1168 1994 illis
1195 1939 1328 1992 nihil
1363 1936 1690 1994 valentibus.

2337 1924 2382 1982 Β
2411 1945 2682 2015 ήμαρτον,
2721 1943 2802 2007 είς
2835 1944 2933 2014 τὴν
2986 1945 3147 2014 χάριν
3182 1941 3632 2012 παραιτουμένων
3661 1942 3771 2000 τοῖς
3799 1937 3983 1996 πόνοις

740 2038 833 2089 καὶ
865 2038 976 2098 τοῖς
1003 2035 1231 2102 δάκρυσι
1269 2031 1361 2084 τοῦ
1393 2030 1622 2094 αἵματος
1648 2028 1728 2081 δεῖ
1751 2031 1848 2099 τῆς
1876 2029 2061 2101 κοινῆς
2095 2029 2373 2105 Διαθήκης
2403 2037 2498 2090 καὶ
2527 2035 2621 2089 τοῦ
2652 2035 2955 2106 σφαγέντος
2978 2033 3250 2105 σώματος,
3312 2033 3390 2096 ὡς
3450 2033 3604 2086 οὐδέν
3667 2029 3864 2100 ὄφελος
3923 2024 3983 2078 δν

739 2127 962 2180 ἐκείνων
993 2125 1196 2178 τούτων
1227 2123 1416 2193 χωρίς.

812 2223 1034 2278 Divinus
1066 2236 1229 2291 porro
1267 2220 1554 2291 Dionysius
1583 2227 1638 2272 et
1669 2219 1814 2287 ipsas
1841 2217 2175 2275 initiationes
2206 2220 2312 2275 rite

738 2318 1020 2388 pcragi,et
1063 2329 1260 2368 munus
1309 2329 1471 2368 suum
1497 2314 1676 2368 facere
1694 2327 1851 2380 posse
1887 2320 2064 2380 negat,
2093 2312 2136 2365 si
2156 2326 2311 2366 sacra

744 2423 899 2463 coena
932 2422 1037 2460 non
1069 2404 1356 2460 accesserit
1381 2421 1395 2458 :
1417 2404 1587 2459 multo
1643 2405 1823 2458 minus
1855 2403 2092 2458 laborem
2128 2412 2182 2458 et
2220 2404 2312 2472 ju-

743 2500 941 2554 stitiam
977 2497 1279 2558 hominum,
1304 2504 1520 2563 peccata
1549 2495 1852 2548 emaculare
1902 2501 1957 2546 et
1997 2493 2100 2546 alia
2129 2491 2314 2547 efﬁce-

745 2605 803 2642 re
826 2604 988 2658 posse
1023 2586 1348 2641 crcdendum
1389 2595 1492 2639 est.
1561 2583 1762 2638 Deinde
1809 2592 1864 2637 et
1901 2584 2002 2640 hoc
2033 2598 2199 2638 unum
2231 2593 2314 2638 est

748 2680 818 2735 de
853 2679 1228 2742 sacramentis,
1257 2681 1320 2730 de
1342 2677 1581 2746 peccatis
1601 2677 1945 2746 pmnitcntes,
1997 2685 2051 2730 et
2099 2676 2312 2745 seipsos

749 2770 1120 2825 sacerdotibus
1152 2769 1473 2837 aperientes,
1508 2767 1575 2822 ab
1611 2768 1756 2820 omni
1790 2781 1946 2836 poena
1971 2767 2111 2835 apud
2147 2767 2311 2822 Deum

749 2860 986 2930 judicem
1023 2859 1284 2922 eximere,
1307 2872 1412 2927 qua
1437 2857 1724 2912 elltcientia
1760 2855 2011 2910 similiter
2036 2857 2192 2925 potiri
2227 2871 2316 2912 ne-

755 2953 1008 3020 quihnnt,
1040 2953 1130 3019 qui
1170 2950 1340 3005 sacris
1365 2950 1539 3016 epulis
1575 2963 1679 3002 non
1735 2947 2107 3002 accubuerint.
2165 2947 2316 3012 Quo~

753 3042 902 3094 circa
932 3054 1236 3108 quanquam
1287 3038 1456 3092 semel
1483 3037 1794 3101 invitamur,
1824 3037 2020 3104 sapius
2045 3047 2221 3090 tatncn
2253 3035 2323 3090 ad

753 3134 900 3185 hanc
946 3146 1187 3186 mensam
1210 3129 1553 3185 accedimus:
1589 3128 2028 3198 quandoquidem
2081 3129 2328 3181 homines

759 3233 914 3278 natos
931 3238 1144 3292 semper
1163 3221 1325 3276 Deum
1345 3221 1618 3276 olIendere
1645 3220 1928 3290 contingit,
1963 3219 2119 3273 noxis
2144 3229 2325 3273 autem

749 3317 906 3370 exire
947 3324 1223 3376 conantes,
1253 3313 1589 3382 pcenitentia,
1622 3313 1902 3366 laboribus
1962 3321 2016 3366 et
2048 3311 2325 3381 triumpho

759 3407 990 3477 quodam
1012 3407 1078 3459 de
1118 3413 1340 3474 peccato
1365 3405 1628 3473 indigent.
1647 3405 1824 3473 Atque
1849 3404 1952 3458 hoc
1972 3412 2162 3458 contra
2194 3417 2320 3472 pec-

758 3511 937 3552 catum
973 3499 1195 3560 lacient,
1236 3498 1305 3562 si,
1349 3498 1490 3565 quod
1525 3497 1698 3550 solum
1733 3507 1818 3551 est
1851 3497 2111 3550 adversus
2147 3468 2320 3550 homi-
2344 3468 2389 3531 Ο

759 3607 886 3642 num
920 3596 1140 3656 peccata
1170 3586 1648 3652 medicamentum,
1690 3585 1990 3640 adhibitum
2033 3583 2213 3639 fuerit.

828 3765 982 3818 Sicut
1005 3762 1147 3817 enim
1177 3761 1474 3816 oleastrum
1503 3760 1604 3815 sibi
1628 3762 1895 3813 insertum
1921 3759 2063 3812 oliva
2095 3758 2320 3812 horten-

754 3858 836 3910 sis
859 3871 983 3909 mox
1005 3857 1058 3908 in
1090 3868 1147 3908 se
1163 3856 1452 3916 convertit,
1483 3865 1537 3907 et
1554 3853 1763 3906 fructus
1798 3861 1981 3919 postea
2002 3851 2318 3920 neutiquam

759 3946 996 4001 oleastro
1012 3947 1286 4010 convenit,
1319 3944 1390 3997 ita
1412 3954 1464 3998 et
1486 3942 1942 4010 hutnanajustitia
1964 3940 2078 4010 ipsa
2104 3942 2320 4011 quidem

762 4055 855 4107 per
887 4054 946 4092 se
991 4038 1159 4106 ipsam
1225 4037 1290 4090 ad
1345 4036 1478 4092 niln.
1526 4034 1806 4097 conducit;
1870 4033 1964 4088 sed
1997 4033 2050 4086 in
2117 4033 2200 4086 his
2231 4032 2324 4101 qui

759 4132 976 4184 Christo
1021 4127 1262 4196 copulati
1293 4126 1514 4188 fuerint,
1565 4126 1825 4194 carnique
1851 4134 1904 4178 et
1937 4124 2182 4193 sanguini
2208 4121 2325 4189 ejus

760 4219 1302 4282 eornmunicavcrint,
1357 4218 1613 4271 continuo
1645 4217 1782 4270 bona
1837 4217 2169 4285 amplissima
2199 4230 2326 4284 pro-

761 4319 1002 4379 generat,
1057 4318 1398 4376 peccatorum
1448 4305 1825 4360 remissionem
1858 4314 1911 4360 et
1958 4305 2324 4359 haereditatem

765 4403 934 4470 regni,
963 4402 1054 4467 qui
1084 4399 1310 4468 iustitia»
1349 4397 1550 4452 Christi
1609 4397 1818 4452 fructus
1884 4407 2030 4453 sunt.
2079 4395 2151 4453 Ut
2180 4400 2326 4452 enim

763 4510 791 4546 ιι
823 4506 980 4546 sacra
1013 4505 1198 4544 mensa
1232 4489 1436 4542 Christi
1476 4503 1672 4556 corpus
1727 4491 2046 4558 accipimus,
2079 4497 2130 4543 et
2185 4489 2329 4558 quod

748 4581 1108 4651 praestantius
1130 4588 1234 4642 est,
1262 4584 1462 4647 corpus
1486 4590 1732 4630 nostrum
1760 4581 1914 4646 longe
1939 4581 2129 4633 vincit:
2153 4580 2226 4634 ita
2246 4595 2331 4634 se-

2487 2221 2766 2283 Διονύσιος
2787 2221 2843 2274 δέ
2876 2223 2903 2275 ό
2932 2221 3076 2284 θεῖος
3109 2220 3205 2274 καὶ
3231 2217 3331 2282 τὰς
3376 2216 3529 2288 ίεράς
3560 2215 3731 2277 αὐτάς
3759 2210 3984 2274 τελετάς

2421 2313 2496 2383 μὴ
2523 2314 2590 2366 ἂν
2615 2314 2834 2366 τελέσαι
2873 2313 3029 2382 φησὶ,
3062 2312 3194 2383 μηδὲ
3236 2312 3302 2364 τά
3336 2309 3515 2363 αὐτῶν
3567 2305 3862 2376 δυνηθῆναι
3906 2305 3984 2375 μὴ

2417 2405 2512 2460 τοῦ
2564 2405 2782 2459 δείπνου
2818 2404 3210 2477 προστεθέντος
3251 2403 3346 2456 τοῦ
3401 2399 3574 2472 ίεροῦ,
3612 2399 3777 2470 σχολῇ
3826 2415 3889 2466 γε
3919 2398 3985 2462 δὴ

2418 2499 2581 2552 πόνον
2625 2499 2720 2552 καὶ
2747 2497 3097 2566 δικαιοσύνην
3146 2494 3448 2566 ἀνθρώπων
3494 2491 3767 2561 ἁμαρτίας
3821 2489 3986 2543 δύνα-

2421 2589 2544 2642 σθαι
2582 2589 2730 2642 λύειν
2769 2589 2861 2641 καὶ
2905 2588 2972 2641 τὰ
3018 2585 3242 2639 τοιαῦτα
3295 2588 3578 2654 περαίνειν
3634 2583 3780 2653 ιχειν
3839 2581 3988 2642 είκός

2416 2682 2564 2734 ἐστιν
2587 2697 2602 2711 °
2637 2681 2810 2743 ἄλλως
2841 2697 2901 2732 τε
2934 2679 3040 2731 τῶν
3077 2678 3124 2731 ίε
3137 2677 3246 2748 ρῶν
3279 2677 3337 2730 ἐν
3361 2677 3455 2731 καὶ
3484 2676 3641 2729 τοῦτο
3669 2676 3988 2746 μυστηρίων

2417 2772 2544 2833 τοὺς
2579 2772 2707 2841 περὶ
2741 2763 2816 2823 ὧν
2848 2769 3154 2838 ἐξήμαρτον
3200 2767 3568 2837 μεταγνόντας
3609 2767 3705 2819 καὶ
3735 2782 3988 2834 προσαγ·

2421 2861 2707 2930 γείλαντας
2752 2863 2975 2923 ἑαυτοὺς
3007 2863 3119 2924 τοῖς
3167 2859 3372 2929 ίερεῦσι
3418 2860 3599 2927 πάσης
3647 2857 3988 2912 ἀπολύεσθαι

2422 2951 2582 3019 δίκης
2614 2955 2763 3023 παρά
2809 2954 2929 3023 Θεῷ
2958 2954 3210 3024 δικαστῇ.
3241 2952 3454 3006 οὐκοῦν
3499 2952 3622 3006 οὑδέ
3658 2952 3849 3006 τούτου
3890 2952 3988 3019 γέ-

2424 3047 2553 3098 νοιτ’
2587 3043 2654 3097 ἂν
2685 3047 2868 3114 τυχεῖν
2910 3043 3158 3116 ἐνεργοῦ,
3199 3047 3271 3113 μὴ
3303 3044 3363 3096 τδ
3412 3044 3560 3114 ἱερὸν
3589 3045 3990 3112 δειπνήσαντας

2427 3136 2663 3191 δεῖπνον.
2695 3141 2791 3191 Διά
2819 3138 2974 3191 τοῦτο
3000 3141 3092 3191 καὶ
3111 3139 3353 3208 λούμεθα
3388 3141 3486 3207 μὲν
3513 3136 3679 3202 ἀπαξ,
3716 3138 3989 3204 πρόσιμεν

2423 3229 2479 3281 δὲ
2511 3231 2577 3298 τῇ
2600 3229 2850 3301 τραπέζῃ
2877 3229 3154 3294 πολλάκις,
3181 3232 3261 3284 ὅτι
3290 3231 3576 3302 συμϐαίνει
3602 3230 3698 3298 μεν
3725 3230 3988 3282 ἑκάστοτε

2421 3322 2540 3391 Θεῷ
2577 3325 2943 3392 προσκρούειν
2973 3323 3292 3394 ἀνθρώπους
3317 3324 3495 3386 ὄντας,
3540 3323 3688 3376 λύειν
3724 3323 3779 3377 δέ
3815 3322 3875 3374 τὸ
3897 3323 3990 3388 ἔγ-

2423 3413 2609 3482 κλημα
2637 3416 3003 3483 πειρωμένοις
3034 3415 3324 3482 μετανοίας
3352 3415 3509 3484 χρείᾳ
3561 3417 3656 3467 καὶ
3685 3415 3866 3467 πόνων
3895 3414 3992 3467 καὶ

2421 3501 2514 3554 τοῦ
2544 3501 2918 3572 θριαμϐεῦσαι
2948 3502 3047 3573 τὴν
3089 3503 3364 3572 ἁμαρτίαν
3388 3519 3400 3533 °
3438 3503 3607 3556 ταῦτα
3636 3503 3693 3556 δέ
3737 3503 3992 3571 δράσειεν

2422 3591 2490 3645 ἂν
2515 3592 2663 3652 κατά
2701 3592 2801 3660 τῆς
2838 3595 3136 3663 ἁμαρτίας,
3174 3595 3238 3658 ἦν
3263 3594 3323 3645 τὸ
3357 3593 3519 3663 μόνον
3565 3594 3675 3647 τῶν
3706 3594 3992 3663 ἀνθρωπί-

2422 3703 2528 3740 νων
2567 3685 2752 3738 κακιτιν
2779 3685 3066 3754 φάρμακον
3094 3687 3388 3756 προστεθῇ.

2496 3775 2759 3846 Καθάπερ
2786 3776 2894 3845 γάρ
2924 3779 3024 3846 τὴν
3051 3777 3366 3845 ἀγριέλαιον
3389 3778 3423 3847 η
3449 3778 3811 3844 καλλιέλαιος,
3841 3781 3994 3832 ἐπει-

2423 3866 2520 3919 δάν
2541 3866 2927 3938 ἐγκεντρισθῇ,
2956 3867 3091 3936 πρὸς
3124 3867 3326 3934 ἑαυτὴν
3361 3868 3615 3934 καθάπαξ
3641 3869 3863 3937 ἀμείϐει
3895 3873 3994 3922 καὶ

2425 3960 2454 4011 ὁ
2491 3959 2700 4029 καρπὸς
2749 3959 3044 4029 οὐδαμόθεν
3094 3960 3293 4030 κοτίνῳ
3337 3961 3662 4030 προσήκων
3724 3964 3817 4018 τὸν
3877 3964 3993 4016 ίσον

2425 4051 2625 4120 τρόπον
2661 4052 2754 4103 καὶ
2793 4053 2827 4114 ἡ
2860 4054 2966 4106 τῶν
3008 4051 3308 4120 ἀνθρώπιον
3359 4053 3676 4122 δικαιοσύνη
3720 4056 3857 4120 αὐτὴ
3893 4056 3995 4123 μὲν

2428 4138 2565 4208 πρὸς
2587 4140 2735 4192 οὐδὲν
2757 4141 2914 4210 φέρει
2935 4141 3004 4194 δι’
3031 4141 3252 4210 ἐαυτὴν,
3271 4140 3350 4210 τῷ
3377 4141 3432 4194 δέ
3453 4143 3674 4212 Χριστῷ
3697 4145 3996 4212 συναφθέν-

2429 4248 2540 4284 των
2583 4231 2679 4282 καὶ
2711 4232 2912 4301 σαρκὸς
2951 4233 3046 4285 καὶ
3087 4232 3318 4299 αἵματος
3374 4236 3872 4302 κεκοινωνηκότων,
3922 4237 3994 4286 τὰ

2436 4321 2668 4390 μέγιστα
2693 4323 2802 4374 τῶν
2831 4322 3052 4390 ἀγαθῶν
3083 4321 3242 4384 εὐθὺς
3265 4323 3517 4392 ἐδυνήθη,
3551 4326 3835 4393 ἁμαρτιῶν
3863 4327 3997 4393 ἅψει
4053 4342 4055 4344 ·

2434 4429 2518 4465 σιν
2549 4415 2642 4465 καὶ
2683 4413 2960 4483 βασιλείας
2988 4415 3375 4485 κληρονομίαν,
3417 4415 3452 4468 ἃ
3479 4417 3576 4486 τῆς
3628 4417 3722 4469 τοῦ
3756 4417 3994 4485 Χριστοῦ

2431 4503 2776 4573 δικαιοσύνης
2805 4505 2922 4557 ἐστὶ
2947 4507 3181 4576 καρπός.
3217 4507 3428 4577 Ὥσπερ
3454 4509 3563 4577 γὰρ
3588 4509 3695 4561 ἀπὸ
3728 4509 3824 4574 τῆς
3844 4511 3998 4578 ἱερᾶς

2431 4595 2712 4666 τράπεζης
2746 4597 2806 4648 τὸ
2841 4597 3000 4667 σῶμα
3036 4598 3274 4668 Χριστοῦ
3311 4599 3653 4668 κομιζόμεθα
3699 4599 3860 4669 σῶμα
3889 4601 3998 4652 τῶν

766 4673 950 4739 quitur
971 4672 1079 4733 hic,
1111 4679 1169 4723 ut
1191 4669 1399 4738 justitia
1424 4678 1607 4721 nostra
1631 4668 1828 4723 Christi
1851 4669 2074 4739 justitite
2096 4673 2329 4739 speciem
2436 4707 2437 4713 η

2436 4689 2762 4754 κρειττόνων
2787 4689 3224 4760 ὑπερνικώντων,
3247 4691 3422 4754 οὕτως
3447 4691 3739 4744 ἀκόλουθον
3764 4668 4002 4746 ἐνταῦθα

765 4761 1081 4828 vultumque
1101 4760 1153 4811 in
1170 4773 1226 4811 se
1241 4765 1508 4825 capessat.
1533 4758 1658 4810 Haec
1672 4758 1840 4822 enim,
1867 4776 1883 4807 ι
1901 4757 2114 4826 Corpus
2131 4760 2330 4814 Christi
2358 4779 2410 4840 ι)
2436 4798 2437 4804 η

2386 4777 2530 4839 )καὶ
2557 4778 2658 4848 τὴν
2708 4757 3059 4850 δικαιοσύνην
3095 4781 3252 4850 ἡμῶν
3280 4783 3585 4850 χριστοειδῆ
3635 4783 3886 4850 γενέσθαι
3919 4783 4003 4835 δι-

770 4866 981 4916 sumus,
1005 4861 1058 4903 et
1077 4849 1316 4903 membra
1335 4865 1400 4902 cx
1423 4858 1574 4917 parte
1595 4849 1640 4878 “
1658 4888 1673 4912 ,
1699 4867 1717 4898 ι
1750 4863 1855 4902 non
1881 4849 1948 4903 de.
1979 4865 2210 4920 corpore
2227 4851 2332 4906 dici

2438 4868 2750 4938 καιοσύνην.
2782 4871 2855 4922 Τὸ
2883 4871 2992 4939 γάρ
3015 4849 3043 4921 ίι
3077 4849 3241 4940 Σῶμα
3267 4849 3504 4941 Χριστοῦ
3536 4849 3706 4941 ἐσμεν
3735 4873 3831 4924 καὶ
3860 4873 3999 4942 μέλη

767 4943 940 4994 solum
965 4938 1337 4992 existimemus
1371 4938 1514 5000 licet,
1535 4938 1704 4992 multo
1722 4948 1899 4991 autem
1923 4939 2124 5007 justius
2144 4942 2334 4996 anima:

768 5041 821 5083 et
869 5029 1070 5082 actioni
1115 5027 1235 5096 ejus
1287 5028 1424 5080 hanc
1481 5029 1916 5082 communionem
1969 5031 2332 5099 tribuendam;

771 5117 1218 5189 quandoquidem
1257 5135 1275 5168 t
1318 5118 1418 5182 Qui
1457 5119 1695 5171 adlimret
1726 5120 1968 5182 Christo,
2002 5136 2141 5175 unus
2172 5123 2333 5190 spiri-

769 5221 858 5262 tus
880 5216 962 5262 est
984 5223 1104 5262 cum
1137 5221 1199 5259 eo
1233 5206 1320 5258 ⁸⁸⁸.
1354 5225 1371 5256 ι
1404 5207 1616 5271 Quibus
1642 5208 1817 5261 verbis
1848 5209 2332 5274 declaratur,hanc

771 5306 1211 5355 communionem
1246 5307 1299 5352 ct
1328 5299 1737 5352 coalescentiatn
1776 5300 1827 5353 in
1865 5304 2042 5355 anima
2091 5312 2147 5356 et
2185 5319 2334 5356 men-

775 5408 824 5450 te
852 5396 1027 5464 potius
1062 5394 1380 5446 consisterc.
1431 5392 1555 5446 Ideo
1620 5409 1722 5448 non
1783 5409 1975 5462 corpus
2010 5395 2211 5459 solum,
2242 5396 2334 5451 sed

775 5490 1009 5539 animam
1043 5494 1334 5553 quoque,et
1371 5497 1620 5542 tuentem,
1647 5495 1699 5538 et
1735 5487 2083 5551 voluntatem,
2110 5498 2162 5542 et
2189 5505 2336 5558 qua:-

775 5592 991 5644 cunque
1016 5577 1246 5628 humana
1280 5576 1594 5641 assumpsit,
1627 5577 1854 5630 utnobis
1887 5581 2013 5633 totis
2042 5583 2182 5635 uniri
2207 5600 2333 5650 pos-

777 5673 879 5730 set,
906 5679 1110 5734 nosque
1133 5672 1275 5717 totos
1293 5664 1630 5731 pervaderet,
1683 5675 1733 5718 et
1757 5667 1807 5718 in
1835 5668 2069 5737 seipsum
2102 5673 2338 5726 resolve-

2437 4959 2502 5010 ἐκ
2552 4958 2769 5029 μέρους,
2822 4979 2840 5011 ι
2895 4962 2956 5014 οὐ
2989 4962 3131 5014 κατά
3177 4963 3236 5014 τὸ
3291 4963 3451 5033 σῶμα
3505 4963 3665 5032 μόνον
3715 4963 4003 5032 νομιστέον

2437 5047 2708 5117 εἰρῆσθαι,
2742 5050 2877 5103 ἀλλὰ
2925 5051 3108 5121 πολλῷ
3135 5053 3475 5122 δικαιότερον
3521 5057 3585 5124 τῇ
3617 5054 3760 5122 ψυχῇ
3781 5057 3907 5110 ,καὶ
3937 5058 4003 5123 τῇ

2438 5136 2560 5189 κατ’
2589 5137 2757 5208 αὐτὴν
2786 5140 3038 5211 ἐνεργείᾳ
3065 5141 3166 5210 τὴν
3189 5143 3476 5196 κοινωνίαν
3511 5143 3800 5194 ἀποδοτέον
3831 5144 4002 5195 ἐστίν·

2432 5225 2558 5278 ἐπεὶ
2585 5229 2680 5281 καὶ
2715 5248 2733 5278 ι
2763 5234 2789 5282 ὁ
2812 5230 3150 5301 κολλώμενος
3178 5233 3254 5301 τῷ
3277 5236 3467 5303 Κυρίῳ
3494 5233 3550 5285 ἒν
3575 5234 3793 5302 πνεῦρά
3813 5238 3950 5299 ἐστι,
3981 5254 4000 5286 ι

2438 5316 2593 5370 τοῦτό
2631 5319 2747 5370 ἐστι
2795 5321 3124 5386 δεικνύντος,
3173 5324 3269 5392 τὴν
3317 5325 3603 5376 κοινωνίαν
3657 5325 3866 5391 ταύτην
3913 5328 4007 5378 καὶ

2443 5409 2720 5474 συμφυΐαν
2761 5411 2855 5463 ἐπὶ
2892 5411 2986 5464 τοῦ
3027 5413 3116 5465 νοῦ
3153 5415 3386 5483 μάλιστα
3419 5416 3741 5467 συνεστάναι
3774 5415 3871 5466 καὶ
3907 5417 4005 5481 τῆς

2437 5495 2635 5565 ψυχῆς.
2682 5501 2781 5552 Διά
2825 5502 2980 5554 τοῦτο
3016 5505 3121 5574 γὰρ
3165 5505 3226 5556 οὐ
3277 5504 3434 5572 σῶμα
3486 5504 3766 5573 περιέθετο
3825 5508 4004 5571 μόνον,

2441 5587 2576 5639 ἀλλά
2603 5589 2697 5640 καὶ
2724 5590 2899 5661 ψυχὴν
2933 5593 3088 5646 ἔλαϐε
3121 5594 3213 5646 καὶ
3243 5593 3367 5646 νοῦν
3390 5596 3481 5647 καὶ
3515 5594 3736 5662 θέλησιν
3767 5595 3863 5645 καὶ
3896 5594 4007 5646 πᾶν

2444 5679 2626 5733 ότιοῦν
2662 5682 3024 5752 ἀνθρώπειον,
3070 5686 3136 5738 ἶν’
3168 5686 3308 5751 ὅλοις
3340 5688 3471 5756 ἡμῖν
3503 5687 3768 5754 ἐνωθῆναι
3799 5684 4008 5756 δυνηθῇ

845 5845 962 5900 W1
988 5844 1132 5904 Tim.
1173 5857 1255 5907 rt,
1288 5841 1340 5895 2.
1417 5842 1461 5874 ⁸⁸
1489 5842 1504 5896 1
1536 5844 1660 5898 Cor.
1695 5860 1787 5912 ιιι,
1823 5849 1911 5902 27.
1991 5846 2059 5880 η’
2093 5815 2258 5906 lCor.
2289 5869 2362 5921 vt,
2401 5854 2486 5908 17.
