4262 6460
323 420 433 484 593

322 629 591 700 ἀναλύσῃ,
623 635 759 687 πᾶσι
810 639 989 693 πάντα
1039 644 1285 713 συνάψας
1326 652 1438 712 τοῖς
1484 629 1790 723 ἡμετέροις
1820 658 1888 711 τά

317 717 541 786 ἑαυτοῦ,
596 723 719 776 ὅθεν
772 728 1181 797 ἁμαρτάνουσιν
1236 717 1579 808 ἀνάρμοστός
1632 717 1889 801 εστιγκαὶ

315 808 644 904 ἀκόλλητος,
674 818 755 869 ὄτι
788 821 959 892 ταύτῃ
998 824 1159 892 μόνον
1205 830 1383 882 κοινὸν
1417 834 1543 901 ἡμῖν
1572 837 1707 904 πρὸς
1749 840 1889 891 ἐκεῖ·

316 914 430 951 νον,
468 901 511 952 Τ
517 904 547 953 ἀ
577 906 688 975 γάρ
721 905 853 960 ἄλλα
880 910 1057 963 πάντα
1091 917 1182 967 καὶ
1218 918 1434 984 ἐδέξατο
1466 925 1591 993 παρ’
1615 901 1771 995 ημῶν
1803 946 1889 996 φι-

313 990 658 1088 λανθρώπως
712 1002 804 1052 καὶ
857 1004 990 1071 ἡμῖν
1038 1007 1302 1063 συνάπτει
1354 990 1882 1088 φιλανθρωπότερον.

314 1082 389 1171 Ίίὸ
430 1068 534 1148 μὶν
564 1089 672 1156 γάρ
700 1086 768 1155 ἦν
811 1068 1062 1147 τὸν-Θεὸν
1110 1098 1189 1159 είς
1215 1101 1317 1167 τὴν
1498 1068 1887 1169 κάτελθεῖνί-τδ

312 1170 370 1222 δὲ
396 1174 545 1241 ἡμᾶς
581 1177 792 1233 ενθένδε
818 1182 1120 1251 ἀναγαγεῖν
1144 1208 1157 1222 ο
1197 1190 1293 1242 καὶ
1324 1193 1383 1242 τὸ
1410 1193 1510 1261 μὲν
1543 1196 1705 1249 αὑτὸν
1738 1199 1889 1251 ἐναν-

304 1266 632 1337 θρωπῆσαι,
672 1273 733 1325 τὸ
773 1274 831 1328 δὲ
877 1279 968 1330 τὸν
1016 1282 1305 1351 ἄνθρωπον
1348 1287 1649 1357 θεωθῆναι·
1690 1291 1785 1344 καὶ
1826 1293 1887 1345 τὸ

314 1360 418 1427 μὲν
456 1362 556 1430 τὴν
587 1365 749 1432 φύσιν
782 1368 973 1433 άπλῶς
1016 1372 1127 1425 τῶν
1162 1375 1378 1432 ὀνειδῶν
1421 1379 1774 1448 ἀπαλλάττει,
1799 1385 1888 1453 ἐφ’

306 1452 395 1503 ἑνὶ
432 1451 649 1524 σώματι
690 1461 783 1511 καὶ
818 1464 919 1532 μιᾷ
945 1462 1091 1534 ψυχῇ
1130 1467 1227 1535 τὴν
1255 1469 1535 1539 ἁμαρτίαν
1560 1451 1886 1543 νικήσασαν,

306 1543 372 1593 τὸ
399 1544 458 1596 δι
496 1546 731 1601 ἕκαστον
750 1552 860 1605 τῶν
894 1555 1198 1622 ἀνθρώπων
1224 1562 1510 1630 ἁμαρτιῶν
1539 1566 1764 1620 ἀπολύει
1792 1569 1885 1621 καὶ

303 1632 431 1702 Θεῷ
465 1638 747 1708 συνίστησι
774 1659 788 1672 ·
826 1644 1000 1700 ταῦτα
1024 1648 1081 1700 δὲ
1111 1650 1333 1705 ἐκείνων
1374 1654 1882 1729 φιλανθρωπότερα.

319 1727 479 1781 Ἐπεὶ
522 1731 632 1799 γάρ
688 1733 790 1787 οὐκ
826 1736 954 1805 ινῆν
999 1741 1144 1807 ἡμᾶς
1190 1743 1515 1809 ἀνελθόντας
1566 1749 1675 1801 τῶν
1718 1727 1881 1806 αὑτοῦ

306 1824 634 1890 μετασχεῖν,
671 1825 831 1889 αὐτὸς
864 1832 1144 1885 κατελθὼν
1180 1837 1259 1898 είς
1283 1838 1426 1905 ἡμᾶς
1454 1840 1563 1892 τῶν
1588 1843 1879 1914 ἡμετέρων

306 1914 747 1983 μεταλαμῦάνει,
788 1924 883 1973 καὶ
912 1924 1087 1986 οὕτως
1132 1929 1379 1998 ἀκριϐῶς
1412 1930 1491 1993 οἷς
1529 1934 1689 1989 ἔλαϐε
1749 1956 1874 1991 συν-

300 2004 476 2075 εφύη,
503 2007 643 2061 ὥστε
675 2012 741 2063 δι’
764 2006 840 2067 ὧν
860 2016 1012 2085 ἡμῖν.
1036 2017 1072 2072 ἃ
1095 2020 1225 2090 παρ’
1258 2022 1413 2091 ἡμῶν
1443 2024 1656 2092 ἔλαϐεν,
1698 2031 1879 2083 4ιιτοδί-

302 2097 497 2162 δωσιν,
529 2102 723 2156 εαυτοῦ
770 2109 1118 2173 μεταδίδωσι,
1146 2114 1478 2185 καὶ-σαρκὸς
1514 2120 1606 2171 καὶ
1648 2122 1879 2189 αἵματος

306 2193 635 2260 μετέχοντες
668 2197 1017 2265 ἀνθρωπείου
1052 2204 1141 2255 τὸν
1176 2206 1506 2265 Θεὸνιαὲεὸν
1537 2216 1655 2275 ταῖς
1678 2217 1879 2284 ψυχαῖς

298 2280 597 2351 δεχόμεθα,
630 2287 724 2341 καὶ
756 2289 915 2360 σῶμα
942 2292 1079 2347 Θεοῦ
1107 2298 1203 2349 καὶ
1237 2295 1374 2366 αἷμα
1406 2307 1497 2357 καὶ
1538 2280 1714 2377 ψυχὴν
1742 2280 1877 2362 ὀεοῦ

302 2379 405 2428 καὶ
437 2379 563 2431 νοῦν
592 2381 686 2433 καὶ
739 2382 957 2453 θέλησιν
990 2388 1143 2441 οὐδὲν
1184 2391 1406 2447 ἔλαττον
1454 2398 1485 2465 ἢ
1540 2401 1876 2470 ἀνθρώπινα.

308 2468 465 2522 Ἐδει
497 2470 604 2541 γάρ
655 2476 748 2528 καὶ
776 2474 934 2530 τοῦτο
964 2474 1103 2533 εἶναι
1148 2486 1367 2539 κάκεῖνο
1399 2468 1653 2553 γενέσθαι
1691 2494 1750 2545 τὸ
1782 2497 1880 2563 τῆς

306 2561 454 2629 ἐμῆς
484 2563 767 2627 ἀσθενείας
795 2570 1088 2638 φάρμακον
1115 2590 1130 2605 ⁸
1156 2578 1205 2628 εί
1247 2578 1347 2640 μὲν
1377 2581 1483 2649 γὰρ
1525 2582 1654 2643 Θεὸς
1689 2581 1755 2655 ἦν
1786 2561 1879 2655 μόο

303 2669 421 2713 νον,
454 2654 552 2707 οὐκ
576 2657 641 2709 ἂν
668 2658 840 2721 οὕτως
876 2663 1056 2734 ἡνὼθη
1084 2683 1096 2695 ·
1117 2668 1233 2731 πῶς
1265 2672 1373 2739 γὲτρ
1402 2676 1467 2725 ἂν
1507 2678 1637 2744 ἡμῖν
1665 2682 1880 2746 ἐγένετο

300 2744 559 2809 δεῖπνονς
597 2750 660 2801 Εἰ
705 2751 749 2804 δ’
784 2749 938 2823 ’ὅπερ
989 2757 1151 2826 ἡμεῖς
1205 2762 1386 2829 μόνον,
1451 2766 1550 2819 οὐκ
1600 2769 1664 2821 ἂν
1706 2744 1879 2837 οὕτως

304 2837 526 2905 ἔδρασε.
561 2840 675 2893 Νῦν
707 2843 764 2897 δὲ
794 2844 854 2895 τὸ
887 2848 1294 2917 συναμφότερον
1316 2867 1328 2880 ·
1355 2855 1499 2907 οὕτω
1524 2858 1621 2925 μὲν
1652 2859 1725 2923 ὡς
1750 2864 1879 2929 ὀμο-

302 2934 527 2996 τενέσιν
578 2934 793 2989 ένοῦται
849 2941 940 2991 καὶ
1002 2943 1310 3011 συμφύεται
1366 2951 1478 3011 τοῖς
1530 2951 1875 3021 ἀνθρώποις,

301 3021 534 3082 ἐκείνως
566 3024 622 3076 δὲ
651 3027 749 3095 τὴν
776 3028 940 3096 φύσιν
980 3028 1112 3101 ἆραι
1146 3033 1367 3089 δύναται
1405 3039 1499 3092 καὶ
1535 3042 1756 3110 νικῆσαι
1784 3048 1879 3099 καὶ

304 3114 447 3179 πρδς
497 3116 690 3169 ἑαυτὸν
753 3123 1114 3191 μεταστῆσαι.
1150 3127 1271 3180 Τῶν
1314 3129 1425 3201 γάρ
1464 3133 1750 3204 δυνάμεων
1780 3140 1881 3203 τάς

1354 447 1448 505 ΒΕ
1492 449 1662 509 νιῬΑ
1714 454 1789 512 [Ν
1830 456 2172 519 CHRIS'I‘O
2226 464 2367 522 LIB.
2411 464 2507 527 ιν.

323 536 511 634 διαὶ-δι’
542 538 681 593 ὅλων
726 543 885 611 ἡμῶν
915 550 1160 623 χωρήσῃ,
1198 558 1292 607 καὶ
1329 558 1461 626 πρὸς
1508 561 1700 616 ἑαυτὸν
1738 566 1885 634 ἡμᾶς
1916 572 1960 627 Α

3457 481 3561 544 ενι

1995 578 2094 630 ret,
2126 585 2248 625 cum
2283 577 2539 631 omnibus
2569 579 2771 645 omnia,
2806 584 3007 640 nostris
3041 600 3140 641 sua
3194 596 3562 659 congmtinas-

1991 672 2092 715 εει.
2122 662 2276 719 Unde
2300 670 2644 733 peccantibus
2668 674 2910 743 atlaptari
2953 686 3007 731 et
3030 680 3305 736 cohaerere
3338 700 3441 738 non
3460 702 3560 754 po-

1993 762 2097 807 test
2120 796 2133 818 ,
2155 759 2411 823 quoniam
2439 762 2537 814 hac
2570 772 2780 818 tantum
2808 767 3018 821 ratione
3054 772 3201 824 nulla
3240 775 3402 829 nobis
3430 792 3555 829 cum

1989 844 2080 897 illo
2109 850 2461 904 consociatio.
2482 851 2611 907 Nam
2641 867 2833 910 caetera
2876 859 3059 912 omnia
3092 872 3148 915 et
3177 863 3485 920 humaniter
3529 884 3557 921 a

1989 936 2148 991 nobis
2170 942 2429 1008 suscepit,
2455 953 2506 997 et
2524 960 2620 999 sua
2639 941 3237 1015 nobiscumltumanius
3248 957 3557 1022 conjunxit.

1992 1026 2125 1081 Illud
2163 1040 2280 1084 erat
2315 1030 2481 1086 Deum
2530 1036 2581 1087 in
2635 1045 2811 1093 terras
2840 1040 3207 1105 descendisse,
3242 1044 3387 1099 istutl
3452 1064 3552 1104 nos

1990 1118 2112 1172 hinc
2139 1120 2194 1173 in
2231 1122 2430 1176 caelum
2465 1126 2823 1193 subvexisse;
2864 1131 2991 1183 illud
3016 1132 3193 1200 ipsum
3262 1136 3546 1192 hominem

1987 1211 2187 1269 factum
2217 1230 2359 1281 esse,
2387 1218 2488 1273 hoc
2524 1222 2797 1276 hominem
2835 1222 3003 1277 Deum
3028 1227 3307 1295 evasisse;
3331 1239 3384 1284 et
3422 1232 3557 1285 illud

1986 1304 2207 1367 quidem
2254 1317 2506 1363 naturam
2542 1314 2753 1378 probris
2784 1328 2846 1367 ac
2877 1314 3144 1371 dedecore
3169 1320 3387 1386 penitus
3427 1322 3551 1375 libe-

1987 1405 2090 1457 rat,
2123 1397 2248 1464 quia
2284 1400 2335 1452 in
2372 1417 2479 1453 uno
2532 1418 2760 1472 corpore
2794 1414 2848 1459 et
2903 1423 3006 1461 una
3052 1409 3228 1462 anima
3275 1423 3555 1479 peccatum

1987 1488 2209 1549 devicit;
2237 1492 2336 1544 hoc
2360 1509 2801 1565 unumquemque
2830 1498 3103 1554 hominem
3134 1517 3159 1551 a
3185 1511 3411 1568 peccato
3434 1506 3557 1557 vin-

1985 1577 2131 1633 dicat
2190 1580 2403 1649 Deoque
2428 1587 2792 1643 commendat.
2851 1587 2977 1643 Haec
3031 1607 3191 1659 porro
3220 1593 3327 1647 illis
3362 1595 3556 1647 hama-

1984 1668 2151 1721 nitate
2180 1678 2459 1736 praastant.
2495 1670 2759 1737 Quoniam
2822 1677 2965 1731 enim
3022 1694 3119 1732 nos
3150 1682 3466 1742 ascendere,
3504 1690 3571 1735 et.

1984 1758 2250 1812 bonorum
2283 1762 2403 1828 ejus
2442 1764 2739 1834 participes
2775 1767 2887 1820 fieri
2923 1785 3027 1820 non
3065 1770 3397 1832 valebamus,
3442 1774 3556 1839 ipse

1983 1851 2048 1903 ad
2082 1867 2178 1905 nos
2213 1854 2516 1916 descendit,
2552 1867 2901 1926 nostramque
2941 1861 3309 1916 conditionem
3366 1864 3552 1929 subiit,

1983 1943 2224 2013 adeoque
2245 1945 2489 2013 perfecte
2516 1949 2582 2003 iis
2604 1965 2725 2017 qua:
2749 1954 3069 2021 assumpsit,
3102 1955 3329 2020 coaluit,
3366 1966 3425 2010 ut
3462 1972 3556 2024 per

1983 2049 2101 2103 quae
2116 2036 2293 2099 nobis,
2309 2054 2428 2107 quae
2440 2054 2471 2093 a
2486 2040 3212 2115 nobissumpsit,reddit,per
3227 2062 3289 2102 ea
3309 2048 3547 2116 seipsum

1980 2128 2364 2192 communicet,
2392 2139 2444 2183 et
2464 2145 2624 2184 carne
2642 2135 3270 2203 sanguineque-humano
3296 2148 3557 2193 constan-

1981 2225 2083 2282 tes,
2119 2220 2285 2273 Denm
2317 2221 2492 2290 ipsum
2522 2226 2811 2280 animabus
2834 2228 3219 2297 suscipiamus,
3255 2238 3548 2299 etcorpns

1980 2320 2036 2366 et
2060 2315 2399 2382 sanguinem,
2425 2326 2479 2369 et
2507 2315 2743 2370 animam
2769 2329 2824 2371 et
2855 2328 3086 2374 mentem
3112 2336 3175 2375 ac
3194 2322 3548 2377 voluntatem

1983 2399 2076 2453 Dei
2115 2416 2267 2470 mque
2313 2411 2368 2456 ut
2391 2404 2644 2458 hominis.
2681 2405 2978 2475 Oportebat
3007 2410 3275 2477 siquidem
3331 2412 3550 2466 elaliud

1980 2510 2126 2557 esse.
2155 2505 2207 2548 et
2240 2498 2384 2550 aliud
2420 2497 2532 2551 fieri
2573 2500 2876 2569 a-gritudini
2924 2517 3056 2555 mea:
3113 2502 3459 2560 medicinam.
3492 2506 3550 2560 Si

1980 2585 2122 2638 enim
2145 2585 2282 2640 Deus
2308 2596 2449 2641 esset
2472 2595 2703 2650 tantum,
2734 2604 2839 2643 non
2861 2590 2935 2643 ita
2968 2591 3232 2645 uniretur.
3260 2590 3365 2656 Qui
3396 2595 3543 2645 enim

1980 2677 2138 2729 nobis
2168 2692 2320 2730 coma
2348 2676 2603 2732 fieret?Si
2634 2688 2815 2733 autem
2836 2692 2984 2735 esset
3015 2688 3228 2735 tantum
3262 2683 3408 2750 quod
3447 2699 3547 2737 nos

1961 2783 2194 2829 -sumus.
2221 2770 2502 2823 nobiscum
2534 2786 2638 2826 non
2659 2772 2740 2825 sic
2755 2772 2975 2839 egisset.
3001 2772 3157 2827 Nunc
3189 2790 3311 2828 cum
3332 2785 3546 2829 utrum-

1980 2875 2085 2929 que
2101 2861 2192 2925 sit,
2216 2860 2317 2913 hoc
2348 2861 2568 2930 quidem
2623 2863 2959 2929 hominibus,
2998 2874 3054 2917 ut
3087 2866 3250 2920 homo
3278 2866 3550 2937 jungitur,

1978 2958 2033 3003 et
2061 2950 2331 3005 coalescit:
2366 2951 2454 3005 illo
2480 2962 2724 3007 naturam
2744 2956 3004 3009 extollere
3032 2967 3084 3009 et
3114 2958 3372 3019 excitare,
3404 2967 3455 3010 et
3491 2958 3542 3010 in

1978 3040 2231 3107 seipsum.
2252 3041 2549 3096 transferre
2578 3052 2777 3111 potest.
2833 3042 3141 3098 Facultatcs
3172 3047 3314 3099 enim
3352 3058 3547 3114 poten-

1986 3131 2181 3195 tiores,
2210 3131 2337 3185 siin
2373 3130 2701 3188 inﬁrmiores
2740 3134 3054 3198 inciderint,
3096 3137 3398 3189 consistere
3450 3152 3548 3191 cas

297 3207 564 3271 ἐλάττους
597 3211 654 3264 al
683 3213 906 3281 μείζους
935 3218 1030 3270 ἐπὶ
1073 3218 1181 3272 τῶν
1211 3222 1392 3275 αὐτῶν
1428 3227 1631 3294 μένειν,
1658 3230 1877 3287 ιπειδάν
1902 3244 1943 3302 (ζ

1982 3223 2248 3277 iniisdem
2280 3239 2386 3277 non
2423 3226 2729 3294 patluntur.
2760 3225 2824 3280 Et
2846 3225 3048 3281 ferrum
3077 3229 3182 3297 igni
3232 3228 3544 3298 impositum

298 3301 503 3363 αὑταῖς
537 3304 957 3373 συνενεχθῶσιν,
989 3310 1050 3361 οὐ
1098 3314 1463 3383 συγχωροῦσι,
1516 3324 1606 3372 καὶ
1655 3322 1871 3392 σίδηρος

294 3392 457 3444 οὐδὲν
496 3393 719 3464 σιδήρου
774 3397 931 3467 φέρει
985 3402 1119 3471 πυρὶ
1176 3406 1468 3472 συνελθὼν,
1530 3414 1623 3462 καὶ
1658 3416 1727 3480 γῆ
1779 3417 1873 3469 καὶ

292 3482 451 3553 ὕδωρ
478 3486 588 3536 τῶν
621 3488 837 3541 οίκείων
864 3492 928 3543 τά
964 3494 1057 3545 τοῦ
1100 3496 1271 3563 πυρὸς
1308 3498 1656 3556 ἀλλάττονται
1704 3509 1871 3577 πυρὸς

294 3576 762 3631 ἀπολελαυκόταο
792 3580 842 3633 εί
895 3582 953 3634 δι
1000 3584 1108 3636 τῶν
1158 3586 1433 3655 ὁμογενῶν
1479 3576 1871 3660 δυνάμεωναί

294 3668 589 3735 κρείττους
610 3668 758 3721 οὕτω
780 3670 981 3738 δρῶσιν
1009 3675 1090 3735 είς
1115 3676 1213 3738 τάς
1258 3678 1533 3743 ἐλάττους,
1564 3684 1617 3736 τί
1637 3686 1719 3737 δεῖ
1746 3688 1872 3757 περὶ

294 3758 399 3826 τῆς
426 3759 750 3843 ὑπερφυοῦς
780 3763 998 3831 ἐκείνης
1024 3766 1279 3834 νομίσαι;
1308 3770 1549 3841 Φανερδν
1571 3775 1770 3837 τοίνυν.
1798 3780 1870 3841 ὼς

293 3854 545 3920 ἐγχεῖται
589 3854 689 3917 μὲν
728 3855 863 3921 ἡμῖν
889 3856 917 3906 6
958 3856 1192 3921 Χριστὸς
1222 3861 1317 3913 καὶ
1354 3862 1713 3931 ἀναμίγνυσιν
1744 3872 1871 3924 ἑαυο

289 3943 408 4007 τὸν,
438 3943 659 4011 ἀμείσέι
701 3945 757 3997 δὲ
794 3948 886 3997 καὶ
922 3947 1055 4017 πρὸς
1093 3949 1284 4002 ἑαυτὸν
1328 3954 1654 4020 μεταϐάλλει
1704 3962 1875 4016 καθά-

292 4049 406 4100 περ
438 4030 632 4098 ρανίδα
664 4033 868 4102 μικράν
893 4034 1084 4099 ὕδατος
1113 4039 1432 4107 ἔγχεθεῖσαν
1453 4044 1668 4117 ἀπείρῳ
1698 4049 1871 4121 μύρου

292 4122 552 4189 πελάγει.
602 4123 853 4179 Τοσαῦτα
890 4127 1000 4196 γάρ
1030 4128 1255 4183 δύναται
1278 4134 1388 4194 τοῖς
1432 4134 1732 4203 ἐμπεσοῦσι
1756 4141 1870 4193 τόδε

290 4213 353 4265 τὸ
405 4214 605 4282 μύρον,
660 4212 801 4267 ὥστε
841 4218 943 4268 οὐκ
988 4218 1209 4282 εὐώδεις
1259 4223 1639 4279 ἀποδείκνυσιν
1686 4230 1870 4294 ἀπλῶς

287 4303 415 4355 οῦδὲ
450 4304 627 4371 μύρου
664 4304 930 4367 πνέοντας
961 4306 1143 4374 μόνον,
1178 4309 1293 4362 ἀλλ’
1324 4312 1553 4366 εὐωδίαν
1581 4316 1750 4386 αὐτὴν
1775 4320 1872 4389 τὴν

289 4397 408 4458 ἕξιν
439 4395 610 4447 αὐτοῦ
638 4394 734 4447 τοῦ
768 4396 1099 4459 κενωθέντος
1134 4400 1199 4452 δι’
1229 4402 1376 4471 ἡμᾶς
1434 4407 1637 4475 μύρουο
1680 4428 1699 4460 ι
1735 4411 1873 4479 Χρι-

292 4487 427 4543 στοῦ
458 4489 593 4557 γάρ,
628 4492 816 4557 φησὶν,
848 4492 1048 4545 εὐωδία
1076 4494 1262 4559 ἐσμέν.
1299 4514 1317 4546 ι

1980 3315 2115 3371 nihil
2147 3316 2275 3371 ferri
2299 3317 2513 3373 retinet.
2530 3317 2695 3372 Terra
2721 3319 2848 3375 item
2874 3330 2926 3375 et
2942 3336 3083 3391 aqua
3113 3324 3166 3374 in
3191 3322 3366 3391 ignem
3402 3337 3543 3375 con-

1970 3408 2114 3478 jecta
2159 3408 2269 3477 igni
2322 3418 2619 3465 mutantur.
2654 3411 2806 3476 Quod
2836 3411 2882 3465 si
2918 3412 3231 3466 facultatum
3286 3424 3547 3483 cognata-

1974 3516 2095 3555 rum
2133 3500 2423 3556 validiores
2453 3503 2534 3556 sic
2591 3502 2645 3555 in
2677 3503 3059 3557 imbecilliores
3090 3512 3275 3573 agunt,
3318 3504 3447 3571 quid
3480 3507 3545 3558 de

1975 3594 2344 3664 illasingulari
2387 3603 2445 3669 et
2467 3594 2775 3648 admirabili
2802 3594 3060 3649 facultate
3090 3594 3547 3650 existimabimus?

1972 3684 2200 3741 Constat
2234 3686 2393 3756 igitur
2444 3685 2719 3738 Christum
2774 3686 3058 3740 infundere
3119 3697 3174 3740 et
3221 3688 3452 3741 miscere
3487 3705 3544 3741 se

1975 3776 2154 3839 nobis,
2190 3783 2403 3829 mutare
2432 3790 2553 3836 nos,
2582 3784 2636 3827 et
2665 3774 2721 3828 itt
2748 3790 2807 3829 se
2858 3785 3247 3840 transmutare,
3280 3785 3542 3844 tanquam

1974 3882 2128 3935 aquas
2162 3877 2368 3937 guttam
2396 3866 2665 3921 modicam
2699 3866 2937 3921 infusam
2987 3868 3252 3922 immenso
3283 3872 3545 3939 unguenti

1976 3959 2181 4029 pelago.
2219 3958 2450 4013 Tantum
2486 3959 2684 4027 quippe
2724 3958 3091 4013 incidentibus
3131 3959 3184 4012 in
3209 3975 3266 4014 se
3293 3976 3539 4030 unguen.

1976 4057 2114 4114 tum,
2142 4049 2281 4105 istuc
2323 4057 2564 4119 praestat,
2612 4058 2803 4104 utnon
2831 4052 3009 4105 solum
3061 4051 3218 4120 plane
3253 4052 3539 4117 odoratos,

1974 4156 2075 4196 nec
2134 4153 2482 4210 unguentum
2543 4143 2817 4211 spirantes
2874 4143 3273 4203 tantummodo.
3303 4144 3396 4198 sed
3433 4144 3544 4198 fra-

1974 4231 2246 4303 grantiam
2274 4232 2450 4301 ipsam
2484 4234 2695 4295 habitu,
2740 4242 2796 4287 et.
2827 4234 3028 4288 bonum
3089 4236 3311 4289 odorem
3350 4235 3545 4305 ipsius

1977 4326 2236 4394 unguenti
2264 4332 2482 4393 propter
2514 4341 2616 4380 nos
2655 4325 2819 4382 effusi
2854 4328 3073 4381 reddat:
3118 4344 3142 4375 ι.
3171 4325 3377 4382 Christi
3398 4328 3537 4381 enim

1975 4416 2150 4472 bonus
2171 4419 2304 4472 odor
2332 4431 2521 4472 sumus
2552 4418 2616 4486 “,
2650 4438 2670 4471 ιι
2700 4418 2895 4489 inquit.

366 4580 638 4649 Τοιαύτην
671 4580 782 4649 ἔχει
817 4582 1048 4650 δύναμιν
1084 4588 1175 4637 καὶ
1199 4587 1356 4655 χάριν
1383 4589 1494 4651 τοῖς
1544 4592 1867 4663 τετελεσμέ-
1895 4570 1952 4629 Ῑ)

1944 4580 1952 4619 ’
2046 4587 2194 4644 lianc
2242 4589 2345 4644 vim
2369 4600 2422 4643 et
2447 4592 2671 4661 gratiam
2706 4593 2847 4661 apud
2883 4595 3351 4650 communicantes
3389 4609 3546 4649 caena

288 4690 406 4733 νοις
442 4674 504 4722 τὸ
542 4672 781 4729 δεῖπνον.
826 4674 921 4726 ἐάν
953 4691 1015 4740 γε
1061 4676 1289 4744 καθαροὶ
1336 4680 1726 4746 προσελθόντες
1766 4702 1868 4738 και

285 4766 417 4823 χίας
444 4762 666 4830 ἀπάσης
698 4762 863 4832 μηδὲν
890 4765 1349 4835 ἐπεισαγάγωμεν
1376 4770 1565 4823 ἔπειτα
1599 4777 1830 4846 πονηρόν
1848 4793 1862 4806 ·

284 4854 437 4907 οὕτω
478 4853 586 4922 γὰρ
610 4852 795 4919 ἔχουσι
847 4856 940 4907 καὶ
976 4860 1518 4926 παρεσκευασμένοις
1568 4864 1717 4916 οὐδὲν
1752 4883 1861 4920 κω-

285 4946 447 4997 λύσει
478 4943 569 4994 τὸν
620 4944 857 5010 Χριστὸν
887 4943 1060 5006 οὓτως
1102 4947 1345 5015 ἀκριόὠς
1378 4951 1508 5018 ἡμῖν
1554 4953 1821 5024 ἑνωθῆναι
1845 4972 1857 4986 ·

292 5054 312 5086 ι
348 5035 424 5086 Τὸ
462 5032 769 5101 μυστήριον
795 5032 956 5084 τοῦτο
981 5034 1122 5102 μέγα
1155 5037 1289 5096 ἐστὶ,
1333 5056 1350 5087 ι
1390 5038 1489 5107 τὴν
1518 5039 1709 5094 ἕνωσιν
1739 5044 1867 5096 ταύ-

285 5143 391 5195 την
441 5124 674 5192 ἐξαίρων
706 5126 735 5175 ὁ
777 5124 1045 5193 μακάριος
1096 5124 1197 5193 ἔφη
1261 5128 1503 5191 Παῦλος·
1551 5133 1707 5185 τοῦτο
1758 5135 1865 5205 γάρ

284 5219 443 5269 ἐστιν
474 5215 504 5266 6
537 5214 714 5281 γάμος
765 5216 792 5265 6
826 5214 1226 5284 πολυύμνητος,
1279 5219 1400 5269 καθ’
1440 5221 1498 5271 ὃν
1545 5223 1572 5273 6
1601 5227 1865 5291 πανάγιος

284 5306 524 5374 νυμφίος
546 5308 647 5372 τὴν
683 5305 1009 5374 Ἐκκλησίαν
1030 5306 1103 5369 ὼς
1130 5308 1397 5375 παρθένον
1415 5312 1604 5375 ἀγεται
1624 5316 1861 5384 νύμφην.

288 5399 404 5450 Καὶ
436 5396 548 5462 γὰρ
597 5395 833 5446 ἐνταῦθα
864 5395 963 5462 μὲν
1000 5397 1027 5446 6
1058 5396 1289 5462 Χριστὸς
1330 5398 1584 5465 ἐκτρέφει
1619 5402 1708 5452 τὸν
1740 5404 1866 5471 περὶ

282 5487 453 5538 αὐτὴν
483 5486 664 5553 χορὸν,
686 5488 861 5553 τούτῳ
883 5486 937 5537 δὲ
971 5487 1114 5556 μόνῳ
1145 5488 1251 5541 τῶν
1275 5493 1587 5559 μυστηρίων
1618 5511 1635 5543 ι
1668 5496 1868 5561 σάρκες

285 5577 460 5644 ἐσμὲν
490 5578 556 5625 ὲκ
587 5574 695 5627 τῶν
723 5576 943 5644 σαρκῶν
968 5577 1155 5645 αὑτοῦ,
1182 5580 1425 5633 καὶόστᾶ
1450 5583 1513 5633 ἐκ
1552 5586 1661 5634 τῶν
1690 5585 1867 5639 ὀστῶν

286 5667 482 5721 αὑτοῦ.
518 5685 535 5717 ι
570 5666 757 5721 Ταῦτα
778 5668 832 5719 δέ
861 5670 1030 5734 ἐστιν,
1062 5663 1144 5733 οἷς
1175 5672 1202 5723 6
1231 5672 1526 5736 ἀπόστολος
1550 5676 1867 5744 ὁριζόμενος

371 5849 420 5881 ⁸⁸
452 5851 496 5905 ll
529 5849 659 5907 Cor.
696 5865 758 5916 tt,
798 5850 882 5905 15.
963 5851 1005 5882 ⁸⁷
1032 5849 1231 5923 Εριιινδ,
1270 5868 1323 5920 v,
1360 5852 1447 5906 52.
1529 5852 1571 5884 “
1597 5852 1731 5907 Gen.
1778 5869 1837 5920 ll,
1869 5855 1957 5909 2i.

1971 4679 2425 4748 babet,siquidem
2439 4681 2585 4734 omni
2602 4682 2720 4737 labe
2731 4695 2977 4739 carentes
2991 4702 3109 4738 cum
3126 4685 3541 4749 accesserimus,

1970 4771 2107 4824 nihil
2140 4781 2322 4838 postea
2345 4772 2466 4827 novi
2488 4773 2712 4828 sceleris
2730 4775 3176 4829 consciverimus.
3198 4775 3289 4831 Sic
3305 4777 3449 4831 enim
3472 4777 3547 4830 af-

1968 4861 2146 4927 fectis,
2169 4870 2223 4915 et
2249 4863 2457 4930 paratis
2477 4864 2652 4929 nobis,
2683 4865 2817 4919 nihil
2843 4866 3133 4934 perfectam
3168 4866 3373 4921 Christi
3405 4883 3547 4922 con-

1958 4952 2295 5029 junctionem
2322 4952 2606 5007 nobiscum
2632 4954 2950 5007 retardabit:
2977 4954 3417 5009 «Sacramentum
3440 4957 3546 5009 hoc

1975 5056 2228 5109 maguum
2248 5040 2405 5105 est",
2420 5061 2436 5091 ι»
2458 5043 2708 5109 copulam
2730 5043 2888 5097 istam
2913 5043 3168 5108 efferens,
3192 5045 3383 5099 beatus
3404 5046 3543 5099 Pan-

1974 5130 2060 5185 lus
2092 5131 2190 5186 ait.
2221 5131 2310 5184 lla:
2348 5142 2474 5185 sunt
2508 5132 2651 5186 enim
2686 5135 2887 5203 nuptiae
2908 5134 3317 5199 laudatissima,
3344 5136 3546 5206 quibus

1974 5222 2315 5277 castissimus
2334 5224 2423 5277 ille
2440 5238 2673 5292 sponsus
2695 5224 2992 5302 Ecclesiam
3019 5237 3076 5282 ut
3093 5229 3355 5296 virginem
3383 5243 3546 5295 spon-

1976 5328 2091 5366 sam
2125 5314 2293 5367 ducit.
2326 5312 2423 5367 Hic
2455 5315 2599 5367 enim
2620 5315 2865 5370 Christus
2916 5318 3139 5371 chorum
3176 5319 3278 5373 sibi
3324 5319 3539 5372 allixnm

1944 5472 1945 5475 η
1976 5403 2091 5457 alit.
2115 5403 2225 5456 Hoc
2247 5404 2363 5456 solo
2385 5407 2639 5473 mysterio
2661 5422 2817 5460 «caro
2836 5422 3025 5463 sumus
3048 5409 3113 5462 de
3142 5425 3306 5463 carne
3335 5413 3473 5478 ejus,
3490 5418 3546 5463 et
3632 5408 3633 5411 “

1977 5509 2097 5549 ossa
2130 5495 2194 5549 de
2222 5497 2440 5551 ossibus
2461 5498 2579 5565 ejus
2613 5500 2678 5553 ".
2727 5499 2905 5553 Hisne
2935 5511 3103 5567 sunt,
3130 5502 3331 5572 quibus
3392 5504 3546 5572 Apo-

1977 5586 2155 5641 stolus
2177 5589 2392 5656 nuptias
2410 5590 2673 5646 definiens
2704 5592 2979 5647 Christum
3011 5610 3132 5649 esse
3159 5609 3420 5664 sponsum
3445 5596 3543 5650 do-

1978 5688 2081 5745 cet,
2113 5685 2171 5733 et
2196 5693 2320 5735 eum
2350 5696 2605 5753 sponsam
2642 5685 2835 5740 habere
2863 5686 3122 5755 Joannes,
3154 5688 3317 5759 hujus
3334 5702 3544 5745 connu-
