4262 6460
775 435 880 498 595

1975 441 2282 500 NlCOLAl
2322 439 2713 498 CABASILJE

3904 433 4007 495 596

779 552 853 605 hii
885 566 1085 620 auspex
1116 561 1169 606 ct
1193 550 1514 605 conciliator
1544 551 1619 603 ait
1650 552 1716 604 ".
1766 551 1876 605 lloc
1934 559 2331 605 sacramentum
2359 547 2413 606 Δ
2437 570 2462 604 τ

2322 547 2413 606 ιΛ
2437 553 2525 605 τὸν
2562 553 2763 619 γάμον,
2811 548 3042 617 νυμφίον
3090 546 3437 600 ἀποδείκνυσι
3480 546 3570 598 τὸν
3602 545 3834 614 Χριστὸν
3869 542 4005 599 εἶναι

776 642 958 696 ιιηιιεη
996 655 1078 698 est
1107 643 1221 711 jam
1288 643 1551 710 purgatis;
1582 642 1635 695 in
1671 643 1754 697 his
1783 653 1985 699 autem.
2025 643 2113 709 qui
2142 642 2335 694 etiam-

778 750 906 787 num
942 745 1258 802 purgantur,
1292 734 1552 802 purgandi
1580 733 1894 787 facultatem
1925 730 2086 787 habet
2116 742 2336 786 contra-

775 845 880 896 que
903 829 1196 897 malignum
1223 836 1276 881 et
1307 827 1644 880 turbulentas
1667 827 1830 880 animi
1857 827 2124 880 motiones
2146 826 2335 879 decer-

776 931 972 981 tantes,
1009 919 1154 973 sicut
1183 919 1416 972 athletas
1454 919 1503 970 in
1541 919 1894 987 gymnasticis
1945 916 2336 971 certaminibus

777 1007 948 1074 ungit.
981 1008 1092 1062 Illis
1128 999 1362 1076 namque
1403 1009 1529 1060 nihil
1573 1016 1739 1060 restat
1783 1007 1952 1069 aliud,
1995 1021 2155 1074 quam
2190 1005 2338 1058 velut

778 1099 933 1164 pulso
969 1101 1036 1152 ab
1083 1099 1258 1154 oculis
1309 1101 1440 1152 vitio
1475 1142 1488 1164 ,
1544 1099 1725 1153 lumen
1781 1098 1965 1152 mundi
2031 1099 2332 1150 admittere.

777 1192 878 1255 Qui
920 1201 1097 1245 autem
1144 1196 1285 1245 unde
1346 1193 1557 1258 purgari
1591 1199 1812 1261 queant,
1851 1192 2026 1245 adhuc
2068 1193 2332 1262 indigent,

775 1299 872 1338 eos
906 1284 1164 1351 quidnam
1193 1285 1362 1343 aliud,
1388 1284 1850 1353 quaeso,purget?
1890 1302 1906 1334 ι
1937 1283 2168 1350 Sanguis
2191 1286 2333 1337 enim

776 1375 900 1429 Filii
946 1375 1039 1429 Dei
1071 1376 1327 1428 emundat
1384 1391 1483 1430 nos
1518 1377 1583 1429 ab
1630 1377 1775 1427 omni
1825 1389 2066 1443 peccato,
2115 1395 2131 1426 ι
2163 1377 2338 1444 inquit

773 1465 1011 1520 Joannes
1040 1467 1084 1498 ⁸⁰
1124 1466 1341 1520 Christo
1398 1466 1772 1520 charissitnns.
1831 1466 2121 1520 Victoriam
2182 1482 2339 1537 porro

773 1568 961 1612 contra
1021 1558 1333 1627 malignum,
1365 1573 1395 1611 a
1450 1558 1671 1611 Christo
1708 1560 1826 1613 solo
1859 1560 2160 1627 dependere
2218 1562 2338 1629 quis

780 1648 995 1702 nescit?
1052 1649 1210 1716 cujus
1280 1648 1450 1703 solius
1501 1663 1700 1718 corpus
1758 1658 2014 1718 tropmum
2082 1651 2339 1706 adversus

777 1748 1054 1807 peccatum
1114 1739 1304 1801 erexit,
1369 1748 1422 1792 et
1488 1755 1582 1805 per
1635 1741 1737 1794 hoc
1791 1742 2108 1810 Oppttgnalis
2147 1744 2355 1797 afferre

776 1832 1037 1884 auxilium
1089 1841 1303 1899 potest,
1343 1831 1396 1885 in
1429 1847 1535 1902 quo
1589 1832 1704 1899 ipso
1749 1849 1940 1901 passus
1997 1843 2096 1897 est,
2135 1844 2186 1888 et
2225 1845 2340 1888 ten-

779 1931 920 1977 tatns
980 1923 1127 1978 vicit.
1168 1923 1432 1987 Quoniam
1484 1923 1624 1977 enim
1680 1926 1826 1978 carni
1886 1942 2007 1979 cum
2063 1928 2168 1980 vita
2227 1927 2307 1996 spi

778 2011 954 2066 ritu-li
1007 2012 1139 2066 nihil
1181 2012 1258 2066 rei
1319 2023 1402 2067 est
1437 2029 1596 2082 quam
1644 2016 1806 2068 etiam
1861 2017 2129 2071 hostiliter
2171 2018 2284 2071 odit
2325 2035 2339 2072 :

780 2121 801 2155 ι
848 2102 1196 2173 Concupiscit
1243 2107 1410 2169 enim,
1454 2107 1650 2176 inquit,
1693 2123 1821 2163 caro
1871 2111 2129 2164 adversus
2176 2111 2339 2179 spiri-

779 2207 891 2249 tum
921 2196 989 2260 ⁸¹;
1030 2214 1049 2249 ι
1084 2197 1153 2251 oh
1179 2197 1230 2251 id
1263 2199 1562 2267 excogitata
1598 2210 1650 2253 et
1684 2201 1900 2254 inventa
1934 2211 2017 2256 est
2046 2218 2172 2256 caro
2204 2217 2339 2257 con-

777 2297 858 2343 tra
930 2303 1173 2353 carnem,
1227 2301 1414 2345 contra
1472 2300 1740 2348 terrenam
1781 2297 2078 2364 spiritualis
2115 2317 2128 2353 :
2165 2308 2218 2351 et
2259 2299 2340 2352 lex

776 2383 958 2438 carnis
989 2383 1298 2454 abrogatur,
1327 2393 1380 2438 et
1400 2399 1527 2440 caro
1550 2387 1692 2441 cedit
1741 2389 1972 2456 spiritui.
1997 2400 2050 2443 et
2080 2391 2342 2446 adversus

779 2473 946 2542 legem
976 2475 1175 2541 peccati
1201 2475 1304 2529 fert
1333 2475 1658 2530 subsidium.
1678 2477 1814 2543 Quia
1847 2496 2076 2549 namque
2113 2497 2237 2536 caro
2270 2484 2343 2538 is-

780 2571 831 2615 ta
875 2562 1030 2615 beata
1086 2563 1326 2616 nondum
1374 2574 1657 2633 compacta
1688 2575 1741 2620 et
1773 2581 2145 2636 coagmentata
2204 2584 2338 2635 erat,

780 2654 940 2709 vitam
975 2655 1309 2725 spiritualem
1349 2656 1532 2710 vivere
1576 2660 1781 2714 nemini
1817 2663 2059 2716 omnium
2081 2666 2343 2718 concede-

779 2747 976 2801 batur:
1011 2749 1227 2817 quando
1252 2766 1350 2804 nec
1377 2752 1491 2820 ipsa
1526 2752 1608 2805 lex
1633 2753 1970 2815 servabatur,
1995 2756 2210 2809 tametsi
2234 2771 2338 2809 nou

777 2838 1067 2892 admodum
1095 2841 1371 2894 recondita
1393 2842 1709 2897 etabstrusa
1745 2859 1760 2908 ;
1791 2843 2166 2898 necclliciehat
2187 2848 2341 2913 quid-

776 2944 940 2997 quam
979 2930 1031 2983 in
1052 2930 1392 2995 hominibus,
1421 2949 1544 2987 cum
1597 2945 1791 2988 natura
1833 2948 2017 2990 uostra
2074 2939 2339 2992 deteriora

776 3031 1116 3092 sequeretur.
1164 3022 1550 3080 lnlirmabatur
1597 3027 1743 3081 enim
1775 3029 1857 3082 lex
1894 3045 1988 3097 pcr
2017 3045 2256 3092 carnem.
2287 3043 2341 3084 et

778 3115 884 3170 alia
917 3131 1080 3172 carne
1108 3132 1242 3187 opus
1273 3118 1532 3185 habebat,
1555 3136 1678 3190 quae
1710 3123 1873 3175 robur
1891 3136 2007 3188 ejus
2041 3123 2173 3175 tueri
2217 3137 2341 3192 pos-

2440 646 2532 698 xa‘t
2563 645 2658 711 τὴν
2688 642 2904 711 νύμφην
2931 641 3097 710 ἔχειν,
3135 642 3164 692 6
3203 640 3580 707 νυμφαγωγός
3630 654 3794 705 φησιν
3832 638 4007 690 Ἰωάν-

2437 753 2553 805 νης.
2589 732 2761 787 Τοῦτο
2799 733 2860 785 τὺ
2890 732 3194 800 μυστήριον
3228 728 3343 795 φῶς
3375 728 3474 796 μέν
3502 730 3616 779 ἐστι
3646 729 3759 789 τοῖς
3782 728 3882 796 ἤδη
3916 744 4006 778 κε-

2439 826 2823 895 καθαρμένοις,
2873 823 3167 891 καθάρσιον
3197 822 3253 874 δὲ
3281 823 3392 882 τοῖς
3437 819 3517 872 ἔτι
3561 819 4006 887 καθαιρομένοις,

2438 917 2702 984 ἀλείπτης
2730 915 2788 967 δὲ
2820 913 2959 966 κατά
2985 910 3080 964 τοῦ
3113 909 3353 980 πονηροῦ
3383 910 3479 960 καὶ
3501 908 3609 958 τῶν
3639 905 3831 958 παθῶν
3866 907 4009 971 ἀγω-

2437 1007 2774 1076 νιζομένοιςο
2824 1005 2934 1066 τοῖς
2971 1003 3069 1071 μὲν
3098 1001 3207 1069 γὰρ
3253 999 3405 1052 οὐδὲν
3441 998 3567 1052 ἄλλο
3597 996 3784 1048 λοιπὸν
3815 995 3848 1064 ἢ
3875 995 4009 1046 καθ’

2437 1101 2579 1170 άπερ
2632 1096 2900 1165 ὀφθαλμῷ
2948 1095 3046 1160 τὴν
3083 1092 3261 1161 λύμην
3308 1089 3630 1157 ἀποθεμένῳ
3672 1088 3734 1139 τὸ
3761 1087 3873 1154 φῶς
3912 1085 4007 1136 τοῦ

2439 1193 2642 1259 κόσμου
2670 1187 2949 1253 δέξασθαι.
2972 1188 3085 1247 τοῖς
3116 1185 3172 1236 δὲ
3200 1182 3477 1251 δεομένοις
3511 1180 3591 1232 ἔτι
3633 1179 3728 1231 τοῦ
3767 1178 4005 1246 καθᾶραι

2437 1282 2757 1351 δυναμένου,
2803 1279 3095 1346 καθάρσιον
3121 1276 3173 1328 τί
3212 1274 3408 1341 γένοιτ⁹
3433 1271 3499 1323 ἂν
3544 1271 3672 1324 ἄλλο
3700 1287 3713 1333 ;
3747 1289 3764 1318 ί
3803 1269 3874 1319 Τὸ
3899 1270 4007 1335 γὰρ

2439 1368 2575 1442 αἷμα
2602 1371 2691 1424 τοῦ
2731 1369 2860 1422 Υίοῦ
2893 1368 2983 1420 τοῦ
3011 1365 3147 1419 Θεοῦ
3178 1365 3463 1432 καθαρίζει
3490 1364 3656 1430 ἡμᾶς.
3687 1359 3872 1428 φησὶν,
3899 1361 4008 1409 ἀπὸ

2440 1467 2618 1534 πάσης
2643 1464 2934 1533 ἁμαρτίας,
2969 1480 2987 1512 ι
3020 1461 3047 1514 6
3077 1460 3442 1525 διαφερόντως
3468 1455 3544 1524 τῷ
3569 1453 3789 1518 Χριστῷ
3817 1449 4003 1516 φιλού-

2443 1575 2602 1628 μενος
2645 1556 2930 1624 Ἰωάννης·
2987 1552 3082 1621 τὴν
3139 1550 3194 1602 δὲ
3234 1553 3376 1602 κατὰ
3411 1548 3503 1600 τοῦ
3559 1544 3797 1612 πονηροῦ
3846 1542 4006 1605 νίκην

2439 1627 2524 1712 τίς
2552 1650 2652 1702 οὐκ
2678 1643 2841 1708 οἶδεν,
2869 1645 2944 1707 ὡς
2977 1646 3004 1696 6
3036 1640 3268 1711 Χριστὸς
3301 1637 3572 1708 ἀνῄρηται
3605 1636 3785 1703 μόνος,
3815 1627 3876 1685 οὗ
3912 1632 4002 1699 μόο

2438 1759 2528 1795 νον
2564 1740 2692 1808 ἔστη
2724 1738 2983 1807 τρόπαιον
3006 1735 3144 1785 κατὰ
3167 1731 3268 1800 τῆς
3300 1728 3574 1798 ἁμαρτίας
3600 1727 3660 1778 τὸ
3694 1724 3871 1791 σῶμα.
3912 1723 4008 1772 καὶ

2443 1834 2614 1903 τούτῳ
2660 1830 2886 1884 δύναται
2927 1825 3192 1897 βοηθῆσαι
3254 1820 3699 1888 πολεμουμένοις,
3742 1817 3797 1867 ὲν
3829 1810 3872 1878 ᾧ
3907 1815 4006 1865 πέ-

2445 1926 2638 1980 πονθεν
2682 1920 2843 1981 αὐτὸς
2883 1919 2976 1972 καὶ
3007 1917 3258 1984 νενίκηκε
3307 1909 3658 1980 πειρασθείςς
3705 1906 3859 1958 Ἐπεὶ
3895 1905 4007 1970 γὰρ

2442 2023 2508 2091 τῇ
2537 2018 2700 2088 σαρκὶ
2733 2013 2867 2084 πρὸς
2915 2011 3013 2080 τὴν
3042 2005 3420 2076 πνευματικὴν
3463 2001 3608 2070 ζωὴν
3643 1999 3821 2051 κοινὸν
3850 1997 4006 2048 esse»

2441 2089 2532 2182 ἦν,
2581 2111 2615 2181 ἤ
2678 2125 2740 2175 γε
2779 2109 2872 2161 καὶ
2916 2105 3036 2158 λίαν
3088 2098 3343 2168 ἀπεχθῶς
3399 2095 3511 2164 ἔχει
3562 2094 3656 2145 καὶ
3704 2089 4004 2182 πολεμίως,

2449 2181 2785 2270 ιἚπιθυμεῖ
2811 2199 2938 2268 γὰρ,
2981 2194 3135 2263 φησὶ,
3171 2190 3312 2244 κατὰ
3346 2192 3440 2241 τοῦ
3490 2185 3822 2253 πνεύματος,
3868 2205 3884 2231 ι
3918 2181 4008 2233 διὰ

2440 2296 2615 2350 ταῦτα
2643 2293 2778 2360 σὰρξ
2801 2286 3069 2350 ἐπενοήθη
3096 2285 3238 2338 κατά
3261 2285 3359 2351 τῆς
3391 2281 3615 2344 σαρκὸς,
3648 2275 3746 2343 τῆς
3781 2273 4004 2341 χοῖκῆς.

2443 2392 2476 2459 ἡ
2511 2383 2876 2455 πνευματικὴ,
2916 2381 3011 2434 καὶ
3056 2379 3241 2429 λύεται
3293 2373 3493 2441 σαρκὸς
3542 2370 3691 2438 νόμῳ
3744 2365 4007 2459 sapiube

2441 2455 2626 2548 νόμος,
2663 2478 2756 2530 καὶ
2808 2472 2946 2542 σάρξ
2990 2472 3127 2523 εῐκει
3167 2467 3440 2530 πνεύματι
3497 2462 3592 2515 καὶ
3636 2458 3822 2530 βοηθεί
3865 2455 4006 2507 κατά

2440 2573 2535 2627 τοῦ
2577 2574 2743 2639 νόμου
2773 2566 2872 2634 τῆς
2900 2561 3199 2632 ἁμαρτίας.
3235 2559 3332 2610 Διά
3366 2555 3542 2610 ταῦτα
3565 2553 3672 2620 γάρ
3711 2551 3809 2618 τὴν
3840 2565 4006 2600 πνευ-

2445 2663 2677 2738 ματικὴν
2711 2662 2870 2730 ζῆσαι
2913 2657 3059 2724 ζωὴν
3091 2652 3268 2706 οὐδενὶ
3304 2649 3412 2701 τῶν
3461 2647 3680 2738 πάντων
3722 2641 3871 2738 ὲξῆνι,
3905 2639 4007 2738 τῆς

2445 2728 2718 2828 μακαρίας
2765 2728 2974 2818 σαρκὸς
3019 2743 3223 2810 ταύτης
3273 2740 3438 2810 μήπω
3489 2732 3782 2828 παγείσης,
3841 2728 4004 2828 ὁπᾲότε

2441 2820 2756 2917 μηδάύτδς
2792 2843 2820 2894 6
2871 2840 3033 2906 νόμος
3069 2833 3324 2897 ισώζετο,
3378 2829 3557 2881 καίτοι
3794 2820 4002 2917 σφόδρα

2442 2913 2760 3008 φιλοσοφίας
2793 2928 3208 2996 ἐπειλημμένος,
3256 2922 3366 2976 οὐδ’
3395 2923 3580 2988 ῐσχυεν
3625 2913 3778 2967 οὐδὲν
3823 2916 3879 2967 ὲν
3907 2913 4006 3008 άν-

2441 3005 2700 3099 θρώποις,
2733 3022 2829 3075 τοῦ
2861 3018 2984 3075 καθ’
3014 3018 3158 3086 ἡμᾶς
3188 3013 3452 3081 πεφυκότι
3487 3013 3552 3077 τῇ
3595 3009 3797 3099 χείρονι
3837 3005 4003 3099 μοίρᾳ

2441 3096 2781 3191 βοηθοῦντος.
2815 3133 2834 3168 σ
2877 3109 3125 3166 Ἦσθένει
3153 3108 3282 3175 γὰρ,
3312 3105 3500 3172 φησὶν,
3529 3103 3558 3154 6
3582 3101 3744 3166 νόμος
3774 3098 3863 3191 διὰ
3903 3096 4005 3191 της

776 3212 880 3261 set.
922 3225 941 3258 ι
971 3206 1104 3263 Nam
1134 3210 1277 3278 quod
1310 3188 1640 3279 impossibile
1674 3221 1790 3266 erat
1819 3213 1944 3282 legi,
1971 3231 1990 3265 ι
2016 3188 2252 3283 inquiti:
2285 3215 2337 3269 in
2370 3221 2412 3280 c

2323 3231 2337 3265 ι
2370 3221 2412 3280 ε
2442 3188 2668 3284 σαρκὸς,
2701 3227 2720 3262 ι
2751 3208 2846 3261 καὶ
2879 3200 3321 3274 σαρκὸς,έτέρας
3355 3197 3525 3248 ἐδεῖτο
3571 3193 3742 3245 σῶσαι
3771 3188 4006 3284 δυναμέζ

782 3311 893 3365 quo
921 3298 1303 3356 infirmahatur
1333 3317 1429 3371 per
1449 3317 1694 3370 carnem,
1717 3302 1860 3357 Deus
1881 3306 2119 3375 mittens
2137 3304 2331 3359 Filium

774 3402 936 3444 suum
967 3392 1022 3445 in
1052 3392 1456 3449 similitudinem
1479 3395 1659 3450 carnis
1682 3397 1910 3464 peccati,
1929 3407 1984 3451 et
2010 3399 2076 3451 de
2111 3407 2335 3468 peccato

777 3481 1055 3537 damnavit
1077 3493 1359 3552 peccatum
1392 3486 1446 3541 in
1477 3502 1694 3542 carnem
1725 3489 1794 3543 ".
1833 3507 1850 3534 ι
1889 3491 2063 3555 Quam
2100 3491 2169 3545 ob
2197 3506 2334 3546 cau-

777 3586 892 3625 sam
929 3587 1095 3628 carne
1126 3574 1228 3630 hac
1256 3589 1470 3646 semper
1497 3592 1740 3647 egemus,
1773 3587 1826 3633 et
1842 3581 2032 3634 crebro
2075 3580 2160 3635 his
2185 3583 2335 3649 dapi-

780 3662 884 3718 bus
925 3679 1022 3719 nos
1074 3665 1370 3732 reﬁcimus,
1411 3676 1470 3722 ut
1512 3669 1596 3724 lex
1624 3671 1845 3739 spiritus
1878 3674 1930 3726 in
1957 3674 2112 3726 nobis
2145 3688 2336 3744 opere-

780 3763 886 3820 tur,
919 3764 973 3809 et
1025 3757 1146 3811 vita:
1174 3759 1356 3814 carnis
1383 3759 1537 3816 locus
1563 3763 1742 3818 nullus
1769 3764 2126 3834 relinquatur,
2160 3781 2336 3836 neque

779 3847 1120 3903 occasionem
1176 3849 1422 3905 inveniat
1484 3851 1537 3906 in
1585 3861 1785 3908 terram
1828 3855 2337 3924 devergendi,sicut

781 3940 963 4006 gravia
993 3955 1242 4010 corpora,
1287 3944 1633 3999 adminiculis
1666 3955 1718 4000 et
1748 3949 2136 4008 sustentaculis
2172 3949 2340 4002 desti-

783 4039 913 4084 tuta.
952 4029 1047 4086 Est
1081 4033 1227 4087 cnim
1258 4044 1657 4090 sacramentum
1704 4039 1997 4104 perfectum
2037 4041 2336 4094 secundum

780 4117 982 4184 omnia,
1015 4135 1192 4190 neque
1241 4126 1526 4193 requirunt
1546 4125 1748 4195 aliquid
1785 4127 1876 4195 qui
1921 4142 1987 4181 eo
2021 4129 2339 4199 impertiun-

783 4223 888 4277 tur,
919 4214 1062 4282 quod
1088 4229 1195 4269 non
1225 4216 1422 4270 eximie
1452 4218 1775 4287 suppeditet.

853 4390 988 4456 Quia
1015 4408 1144 4447 vero
1170 4393 1406 4448 materia:
1451 4407 1651 4451 nostrae
1675 4398 1937 4453 vitiositas
1966 4402 2200 4469 sigillum
2234 4405 2340 4456 im-

785 4492 992 4537 motum
1023 4499 1239 4537 manere
1265 4500 1368 4538 non
1391 4486 1519 4541 sinit
1550 4505 1563 4540 :
1601 4487 1904 4543 «Habemus
1943 4493 2083 4544 enim
2120 4494 2337 4548 thesau-

2443 3279 2541 3375 νης
2571 3301 2718 3372 αύτῷ
2743 3299 2838 3368 τὴν
2871 3294 3024 3365 ίσχύν
3045 3310 3059 3324 ·
3100 3310 3118 3343 ι
3153 3291 3226 3343 T6
3255 3289 3365 3356 γὰρ
3414 3286 3698 3347 ἀδύνατον,
3730 3279 4006 3375 φησὶ,τοῦ

2443 3373 2629 3465 νόμου,
2659 3394 2717 3444 ὲν
2738 3382 2784 3458 ᾧ
2810 3387 3026 3457 ἠσθένει
3052 3381 3142 3436 διὰ
3173 3382 3271 3447 τῆς
3300 3378 3522 3444 σαρκὸς,
3554 3375 3742 3436 όηΘεδς
3764 3373 3854 3426 τὸν
3880 3374 4010 3465 ἑαυ-

2442 3463 2537 3542 τού
2566 3485 2696 3539 Υίδν
2750 3479 2972 3549 πέμψας
3011 3477 3068 3528 ὲν
3106 3471 3415 3541 ὁμοιώματι
3473 3465 3674 3536 σαρκὸς
3730 3463 4010 3529 ἁμαρτίας

2444 3579 2729 3646 κατέκρινε
2780 3571 2878 3640 τὴν
2933 3565 3208 3635 ἁμαρτίαν
3259 3563 3316 3613 ἐν
3365 3563 3430 3630 τῇ
3487 3557 3673 3626 σαρκί.
3713 3574 3731 3606 ι
3780 3553 4007 3646 Τούτων

2442 3643 2742 3735 ἓνεκα-τῆς
2775 3660 2975 3730 σαρκὸς
3003 3657 3207 3723 ταύτης
3238 3655 3323 3707 ἀεὶ
3354 3650 3587 3719 δεόμεθα
3616 3648 3711 3703 καὶ
3743 3643 4008 3714 συνεχοῦς

2445 3759 2796 3824 ἀπολαύομεν
2818 3753 2916 3821 τῆς
2943 3749 3243 3820 τραπέζης,
3273 3745 3348 3807 ὡς
3373 3747 3438 3797 ἂν
3471 3746 3497 3796 ό
3519 3743 3682 3808 νόμος
3711 3738 3804 3791 τοῦ
3836 3736 3972 3790 πνεύ
3992 3763 4011 3775 ο

2449 3869 2616 3924 ματος
2648 3853 2704 3901 ὲν
2736 3849 2869 3918 ἡμῖν
2913 3841 3133 3909 ἐνεργὸς
3162 3838 3217 3911 ᾖ,
3251 3839 3342 3891 καὶ
3382 3839 3447 3904 τῇ
3503 3835 3614 3903 ζωῇ
3650 3834 3746 3900 τῆς
3803 3830 4010 3924 caput»;

2451 3919 2690 4016 μηδεμία
2729 3939 2952 4008 γένηται
2988 3935 3165 4004 χώρα,
3220 3930 3353 4000 μηδὲ
3385 3928 3527 3997 λάϐῃ
3549 3925 3740 3991 καιρὸν
3771 3924 3854 4016 είς
3904 3919 4013 4016 γῆν

2445 4011 2754 4104 ἐνεχθῆναι,
2803 4029 3057 4094 καθάπερ
3078 4024 3147 4078 τά
3178 4021 3349 4092 βαρέα
3380 4021 3492 4071 τῶν
3520 4016 3792 4084 σωμάτων
3833 4011 4011 4104 διαλι-

2447 4103 2638 4190 πόντος
2673 4124 2767 4178 τοῦ
2811 4121 3194 4188 ύπανέχοντος.
3226 4116 3383 4167 Ἐστι
3425 4111 3526 4181 μὲν
3553 4108 3664 4176 γάρ
3701 4105 3762 4156 τὸ
3797 4103 4012 4172 μυστή-

2451 4237 2566 4292 ριον
2588 4218 2788 4274 τέλειον
2822 4216 2984 4268 ἕνεκα
3030 4213 3247 4264 πάντων
3277 4201 3367 4262 καὶ
3399 4209 3499 4260 οὑκ
3529 4207 3675 4258 ἔστιν
3703 4209 3748 4272 ᾧ
3786 4203 3867 4254 δεῖ
3896 4202 4014 4261 τοῖς

2449 4308 2812 4377 τελουμένοις,
2841 4304 2870 4355 ὃ
2900 4303 2974 4372 μὴ
3009 4300 3238 4369 παρέχει
3273 4298 3662 4366 διαφερόντως.

2534 4399 2691 4452 Ἐπεὶ
2719 4397 2775 4449 δὲ
2801 4398 2832 4464 ἡ
2863 4394 2962 4462 τῆς
2992 4393 3123 4460 ὕλης
3162 4390 3436 4456 φαυλότης
3477 4391 3579 4441 οὐκ
3611 4388 3675 4455 ἑᾷ
3700 4386 3800 4453 τὴν
3832 4400 4013 4450 σφρα-

2453 4491 2574 4558 γῖδα
2604 4489 2783 4558 μένειν
2815 4483 3073 4550 ἀκίνητον
3121 4481 3176 4549 (r
3210 4479 3449 4547 Ἕχομεν
3481 4477 3590 4545 γὰρ
3621 4475 3712 4527 τὸν
3734 4472 4014 4542 θησαυρὸν

786 4589 900 4625 rum
931 4573 1094 4628 istum
1129 4575 1181 4628 in
1223 4576 1365 4632 vasis
1425 4577 1675 4634 fictilibus
1709 4582 1776 4646 ";
1818 4600 1836 4633 ι
1868 4583 1998 4636 obid
2026 4598 2131 4637 non
2157 4587 2343 4652 setnel,
2375 4563 2425 4622 θ
2449 4601 2469 4635 1

2328 4627 2343 4652 ,
2375 4563 2638 4635 θτοῦτον
2679 4581 2736 4631 έν
2775 4576 3116 4646 ὀστρακίνοις
3169 4573 3411 4635 σκεύεσι,
3457 4570 3540 4638 ι),
3586 4570 3674 4622 διά
3701 4569 3857 4621 τοῦτο
3911 4568 4011 4636 οὐχ

784 4663 878 4718 sed
908 4665 1132 4719 assiduo
1164 4668 1484 4721 medicinam
1507 4672 1863 4738 capessimus,
1893 4673 2224 4740 figulumque
2256 4677 2341 4729 lu-

785 4767 838 4810 to
871 4771 1086 4826 semper
1135 4759 1380 4814 assidere
1418 4771 1648 4830 Oportet,
1690 4776 1742 4818 et
1781 4765 2060 4820 confusam
2115 4767 2339 4835 efﬁgiem

784 4850 976 4901 iterum
1028 4849 1330 4919 iterumque
1385 4866 1654 4920 reparare,
1685 4864 1738 4908 et
1788 4855 2095 4924 frequenter
2142 4859 2345 4912 sentire

784 4956 883 4992 nos
909 4955 1126 4994 manum
1159 4943 1378 5009 medici,
1415 4945 1504 5011 qui
1565 4947 1844 5000 materiam
1893 4947 2230 5003 fatiscentem
2260 4965 2340 5004 re-

783 5029 1068 5098 dintegrct,
1100 5039 1151 5084 et
1172 5032 1444 5087 labantem
1479 5035 1810 5089 voluntatem
1846 5038 2038 5106 erigat,
2093 5053 2159 5091 ne
2193 5054 2340 5093 mors

785 5121 1214 5188 imprudentibus
1241 5125 1484 5192 obrepat.
1522 5141 1540 5176 ι
1566 5124 1700 5179 Nam
1730 5141 1852 5179 cum
1884 5142 2125 5182 essemus
2143 5132 2338 5182 mortui

787 5211 1045 5279 peccatis,
1100 5213 1504 5268 Convivilicavit
1574 5231 1672 5269 nos
1737 5217 1788 5269 in
1833 5216 2048 5270 Christo
2101 5219 2168 5283 “,
2211 5238 2228 5271 ι
2289 5229 2341 5272 ct

792 5318 810 5352 ι
849 5300 1080 5368 Sanguis
1127 5303 1327 5358 Christi
1383 5307 1640 5359 emundat
1716 5310 2074 5366 conscientias
2126 5320 2340 5366 nostras

783 5394 852 5445 ab
909 5393 1160 5460 operibus
1242 5397 1490 5462 mortuis,
1573 5398 1638 5452 ad
1690 5401 2031 5455 serviendum
2093 5404 2201 5457 Deo
2258 5405 2344 5458 vi-

787 5485 928 5537 venti
961 5485 1031 5538 ".
1095 5503 1113 5536 ι
1171 5485 1365 5539 Veram
1423 5503 1657 5557 namque
1717 5491 1882 5544 vitam
1914 5507 2083 5547 sacrm
2145 5510 2344 5548 mensa:

787 5578 959 5631 virtus
983 5593 1011 5632 a
1056 5593 1214 5632 sacro
1253 5578 1347 5632 illo
1370 5581 1530 5634 corde
1577 5581 1628 5633 in
1668 5597 1763 5636 nos
1797 5583 2026 5650 derivat;
2060 5593 2114 5636 et
2153 5593 2210 5636 ut
2236 5583 2344 5639 Deo

787 5670 988 5738 pariter
1036 5668 1358 5732 serviamus,
1397 5669 1520 5723 inde
1544 5672 1698 5726 nobis
1732 5673 2065 5727 conceditur.
2105 5673 2160 5725 Si
2199 5675 2340 5727 cnim

854 5785 897 5813 δ’
929 5782 1086 5835 Joan.
1136 5784 1340 5853 nuit).
1420 5784 1510 5837 "l
1553 5785 1707 5842 Joan.
1745 5803 1781 5852 ι,
1820 5787 1871 5841 7.
1945 5789 1986 5820 ⁸¹
2015 5787 2190 5842 Galat.
2229 5805 2281 5851 ν,
2319 5790 2405 5842 l7.
2480 5793 2524 5823 "

1258 5784 1340 5836 29.
1420 5784 1510 5837 "l
1553 5785 1707 5842 Joan.
1745 5803 1781 5852 ι,
1820 5787 1871 5841 7.
1945 5789 1986 5820 ⁸¹
2015 5787 2190 5842 Galat.
2229 5805 2281 5851 ν,
2319 5790 2405 5842 l7.
2480 5793 2524 5823 "
2561 5793 2716 5845 Rom.
2743 5805 2860 5853 vm,
2891 5790 2941 5843 ὖ.

788 5854 830 5883 ⁵⁵
865 5853 1024 5906 ΙΙεὶτ.
1063 5867 1136 5915 ιι,
1181 5852 1262 5906 Η.

2447 4675 2592 4740 ἅπαξ
2628 4671 2765 4726 ἀλλά
2814 4666 3095 4739 διηνεκοῦς
3148 4663 3497 4732 ἀπολαύομεν
3547 4661 3640 4714 τοῦ
3689 4661 4010 4727 φαρμάκου,

2448 4766 2543 4818 καὶ
2590 4764 2678 4816 τὸν
2708 4762 2953 4829 πλάστην
2994 4757 3082 4810 ἀεὶ
3124 4756 3243 4808 δέον
3267 4755 3346 4820 τῷ
3388 4752 3544 4820 πηλῷ
3583 4749 4016 4820 παρακαθῆσθαι

2449 4861 2542 4913 καὶ
2576 4857 2942 4926 συγχεόμενον
2973 4852 3034 4905 τὸ
3080 4848 3220 4910 εἶδος
3257 4848 3413 4911 αὖθις
3461 4846 3872 4906 ἀνακαλεῖσθαι,
3918 4844 4015 4895 καὶ

2452 4946 2891 5017 συνεχοῦςδήμᾶς
2944 4941 3236 4994 ἀπολαύειν
3280 4943 3380 5005 τῆς
3424 4937 3518 4990 τοῦ
3571 4935 3750 5001 ἰατροῦ
3806 4933 4009 5002 χειρὸς,

2449 5040 2823 5113 χαυνουμένην
2882 5035 3115 5104 ίωμένου
3184 5031 3283 5101 τὴν
3336 5029 3470 5098 ὓλην
3526 5029 3621 5080 καὶ
3683 5025 4014 5093 κλινομένην

2449 5128 2919 5202 ἐπανορθουμένου
2951 5125 3049 5194 τὴν
3084 5122 3329 5191 γνώμην,
3362 5121 3436 5189 μὴ
3471 5120 3565 5172 καὶ
3614 5117 3752 5186 λάθῃ
3783 5117 4014 5177 θάνατος

2453 5221 2763 5292 παρελθών.
2799 5239 2816 5270 ι
2859 5217 3104 5285 Νεκροὺς
3159 5217 3267 5282 γὰρ
3300 5213 3482 5273 ὄντας,
3528 5211 3679 5279 φησὶ,
3737 5211 3852 5269 τοῖς
3912 5223 4019 5257 πα-

2451 5311 2774 5384 ραπτώμασι
2788 5307 3214 5374 συνεξωοποίησε
3231 5304 3308 5374 τῷ
3324 5303 3560 5372 Χριστῷ,
3574 5319 3593 5352 ι
3612 5301 3725 5353 καί’
3752 5319 3771 5350 ι
3784 5301 3857 5353 T6
3876 5293 4016 5367 αἷμα

2449 5405 2545 5458 τοῦ
2575 5402 2812 5474 Χριστοῦ
2865 5398 3151 5468 καθαρὲζει
3197 5397 3294 5466 τὴν
3347 5394 3651 5462 συνείδησιν
3699 5392 3857 5463 ἡμῶν
3905 5390 4015 5444 ἀπὸ

2450 5494 2659 5562 νεκρῶν
2688 5493 2865 5561 ἔργων
2890 5490 2966 5550 el;
2997 5489 3055 5541 τὸ
3089 5487 3371 5555 λατρεύειν
3396 5485 3514 5553 Θεῷ
3539 5485 3718 5549 ζῶντι.
3761 5503 3778 5533 ι
3815 5484 3928 5549 Τήν
3956 5499 4013 5532 τε

2451 5588 2557 5653 γὰρ
2583 5583 2841 5653 ἀληθινὴν
2873 5582 3019 5649 ζωὴν
3049 5581 3126 5640 εἰς
3167 5580 3313 5646 ἡμᾶς
3344 5580 3377 5646 ἠ
3409 5576 3512 5644 τῆς
3548 5577 3698 5644 ἱερᾶς
3731 5575 4016 5644 τραπέζης

2451 5677 2678 5745 δύναμις
2712 5676 2817 5728 ἀπὸ
2844 5676 2942 5740 τῆς
2995 5672 3272 5742 μακαρίας
3305 5671 3518 5738 ἐκείνης
3568 5669 3716 5721 ἒὶκει
3764 5667 4012 5734 καρδίας,

3022 5785 3065 5815 ³³
3107 5782 3148 5836 ll
3179 5785 3305 5839 Cor.
3344 5801 3416 5848 iv,
3441 5784 3490 5838 7.
3568 5785 3614 5818 ³⁸
3665 5783 3864 5854 Ephes.
3896 5798 3931 5837 υ
3955 5783 4007 5838 5.
