4262 6460
327 450 433 514 597

1315 458 1413 517 DE
1456 458 1632 518 VlTA
1668 458 1747 517 1N
1790 458 2119 518 CHRISTO

2184 460 2434 523 [ΑΒΝ.
3456 458 3560 523 598

311 580 381 620 το
409 584 469 620 τε
492 567 776 639 λατρεύειν
800 571 918 643 Θεῷ
947 574 1204 644 καθαρῶς
1229 575 1479 629 ιντεῦθεν
1510 577 1658 645 ἡμῖν.
1690 576 1752 627 Ei
1780 577 1886 644 γάρ
1917 579 1962 634 Α

2004 582 2105 630 Erue
2152 587 2234 631 est
2288 583 2499 634 sincera
2537 579 2628 635 Dei
2661 579 2915 647 servitus,
2991 579 3210 651 subjici,
3277 579 3558 651 obtempe-

310 654 474 709 τοῦτό
504 658 621 709 Im
663 660 882 730 καθαρά
923 660 1150 733 λατρεία
1178 663 1340 729 Θεοῦ,
1385 664 1446 717 τὸ
1495 663 1883 734 ὑποτετάχθαι,

310 752 377 804 τὸ
409 752 735 819 ὑπακούειν,
762 756 823 808 τὸ
863 756 1029 809 αὑτοῦ
1056 757 1332 821 κινοῦντος
1357 759 1534 811 πάντα
1561 760 1759 823 ποιεῖν,
1785 758 1883 811 οὐκ

310 837 436 896 οἴδα
465 844 585 896 πότ’
608 843 676 899 ἄν
710 845 912 916 μᾶλλον
945 847 1283 918 ὑποταγῆναι
1316 848 1435 920 Θεῷ
1460 848 1806 918 δυνηθεῖμεν,
1849 848 1881 917 ἢ

310 934 541 987 ἀπιδάν
574 937 738 991 αὑτοῦ
791 940 1080 1009 γενώμεθα
1112 942 1269 1011 μέλη.
1304 942 1422 995 Τίνι
1455 942 1561 1011 γὰρ
1606 942 1671 996 ἂν
1705 941 1886 995 ὁτιοῦν

313 1026 628 1080 ἐπιτάττειν
652 1029 868 1084 δύναιτο
898 1033 1122 1101 μάλλον,
1150 1033 1182 1104 ἢ
1204 1035 1313 1096 τοῖς
1335 1034 1551 1103 μέλεσιν
1578 1035 1610 1105 ἠ
1640 1034 1885 1104 κεφαλή;

312 1117 473 1186 Μέλη
505 1120 614 1189 γάρ
643 1123 882 1191 Χριστοῦ
916 1126 1041 1188 τοὺς
1088 1126 1437 1195 τελουμένους
1471 1127 1561 1179 καὶ
1586 1127 1767 1197 πάσης
1793 1126 1887 1179 ἄλ-

311 1210 413 1277 λης
449 1213 603 1281 ίεράς
633 1215 859 1285 τελετῆς
904 1217 1359 1287 ἀπεργαζομένης
1391 1218 1720 1289 τελεώτερον
1758 1220 1889 1289 ἡμῖν

307 1302 337 1354 ὁ
366 1304 468 1372 τῆς
496 1304 641 1375 ζωῆς
676 1306 836 1361 τοῦτο
868 1308 1087 1361 δίδωσιν
1133 1310 1317 1379 ἄρτος.
1353 1310 1620 1378 Καθάπερ
1665 1310 1773 1380 γάρ
1802 1312 1890 1364 διὰ

311 1396 413 1466 τὴν
448 1399 696 1470 κεφαλὴν
732 1402 826 1452 καὶ
853 1403 954 1469 τὴν
982 1403 1213 1471 καρδίαν
1250 1404 1318 1457 τά
1349 1404 1483 1475 μέλη
1513 1442 1528 1469 ,
1560 1403 1732 1467 οὕτως
1767 1422 1785 1455 ι
1832 1405 1890 1459 Ὀ

311 1486 550 1557 τρώγων
582 1507 675 1559 με,
722 1494 911 1560 φησιν,
949 1495 1201 1557 κάκεῖνος
1233 1496 1459 1566 ζήσεται
1505 1496 1572 1550 δι’
1603 1497 1726 1565 ἐμέ.
1759 1515 1776 1547 ι
1816 1500 1887 1565 Ζῇ

315 1582 421 1648 μὲν
464 1581 575 1651 γὰρ
607 1585 703 1636 καὶ
735 1584 824 1639 διὰ
859 1586 958 1655 τὴν
997 1588 1228 1657 τροφήν.
1270 1588 1333 1640 'H
1368 1588 1560 1659 τελετὴ
1596 1588 1650 1641 δὲ
1686 1590 1745 1642 οὐ
1770 1590 1892 1641 τοῦ-

309 1689 405 1725 τον
428 1674 541 1742 ἔχει
568 1675 661 1727 τὸν
688 1677 891 1745 τρόπον
912 1694 925 1708 ·
955 1679 987 1747 ή
1012 1678 1188 1749 τροφὴ
1213 1679 1312 1746 μὲν
1339 1681 1445 1750 γὰρ
1471 1680 1565 1733 ire
1599 1681 1729 1751 μηδὲ
1754 1682 1889 1750 αὑτὴ

309 1763 485 1831 ζῶσα,
517 1764 666 1836 ζωὴν
708 1772 806 1836 μὲν
855 1771 987 1839 ἡμῖν
1026 1768 1157 1838 παρ’
1178 1773 1379 1841 ἑαυτῆς
1412 1773 1509 1825 οὐκ
1546 1771 1610 1825 ἂν
1645 1776 1889 1841 εἰσενέγ-

309 1875 400 1911 κοι
448 1875 464 1890 ⁸
495 1858 575 1928 τῷ
607 1859 664 1912 δὲ
806 1861 1082 1933 προσούσῃ
1128 1861 1202 1933 τῷ
1248 1865 1459 1931 σώματι
1501 1864 1713 1933 βοηθεῖν
1743 1868 1890 1919 αίτία

312 1945 465 2015 ζωῆς
497 1951 608 2012 τοῖς
636 1954 1019 2021 προσιεμένοις
1054 1932 1192 2006 εἶναι
1225 1953 1390 2008 δοκεῖ.
1443 1932 1510 2007 ’οῨ
1532 1932 1593 2008 δὲγ
1615 1960 1711 2028 τῆς
1744 1959 1890 2028 ζωῆς
1925 1932 1963 1988 Β

311 2040 482 2107 ἄρτος
512 2042 672 2105 αὑτός
701 2045 761 2096 τέ
797 2045 913 2112 ἐστι
947 2044 1076 2110 ζῶν,
1109 2046 1200 2098 καὶ
1224 2045 1291 2098 δι’
1323 2048 1533 2100 ἐκεῖνον
1568 2046 1644 2110 ὡς
1672 2048 1889 2117 ἀληθῶς

310 2130 505 2197 ζῶσιν,
560 2126 639 2196 οἷς
674 2132 743 2187 ἂν
783 2134 950 2187 αὐτοῦ
1011 2137 1299 2207 μεταδοίη’
1331 2136 1452 2190 ὅθεν
1492 2138 1524 2208 ὴ
1585 2139 1684 2208 μὲν
1712 2140 1889 2211 τροφὴ

313 2222 455 2289 πρὸς
478 2223 569 2276 τὸν
594 2226 916 2294 σιτούμενον
950 2228 1278 2295 μεταϐάλλει
1307 2228 1400 2281 καὶ
1432 2228 1582 2299 ἰχθὺς
1614 2234 1708 2285 καὶ
1727 2234 1891 2304 ἄρτος

312 2313 415 2367 καὶ
454 2315 639 2368 ὁτιοῦν
678 2317 808 2371 ἄλλο
852 2320 1020 2372 σιτίον
1068 2316 1207 2389 αἷμα
1245 2323 1602 2391 ἀνθρώπειον,
1656 2328 1892 2383 ἐνταῦθα

310 2407 373 2458 δὲ
409 2408 719 2461 τούναντίον
772 2411 941 2465 ἄπαν.
992 2412 1052 2464 '0
1081 2412 1190 2483 γὰρ
1219 2415 1316 2483 τῆς
1350 2416 1496 2486 ζωῆς
1537 2420 1697 2487 ἄρτος
1729 2422 1892 2486 αὐτὸς

315 2501 465 2551 κινεῖ
503 2499 595 2552 τὸν
643 2506 964 2573 σιτούμενον
1004 2504 1095 2558 καὶ
1139 2507 1427 2577 μεθίστησι
1475 2512 1568 2563 καὶ
1600 2512 1734 2582 πρὸς
1766 2516 1893 2568 ἐαυ-

310 2593 411 2642 τὸν
463 2593 818 2658 μεταϐάλλει,
856 2598 950 2650 καὶ
996 2596 1025 2649 ὃ
1062 2599 1159 2668 τῆς
1214 2600 1440 2668 καρδίας
1485 2605 1743 2669 ἐπιεικῶς
1778 2611 1894 2662 ἐστι

314 2687 414 2736 καὶ
454 2686 553 2753 τῆς
606 2689 874 2758 κεφαλῆς,
929 2691 1234 2760 κινούμεθα
1286 2695 1377 2747 καὶ
1416 2695 1601 2765 ζῶμεν
1630 2700 1689 2751 τό
1721 2717 1783 2768 γε
1816 2704 1895 2768 είς

310 2777 482 2829 αὐτὸν
517 2773 673 2848 ἧκον,
711 2781 785 2842 ὡς
811 2780 923 2850 ἔχει
958 2782 1106 2851 ζωῆς
1139 2784 1347 2849 ἐκεῖνος
1368 2802 1382 2818 ⁸
1411 2786 1439 2839 δ
1472 2789 1565 2840 καὶ
1588 2790 1765 2860 δηλῶν
1795 2795 1892 2846 αύο

314 2869 416 2931 τὸς
445 2871 474 2921 ό
506 2871 720 2940 Σωτὴρ,
754 2873 830 2935 ὡς
862 2874 922 2925 οὗ
955 2876 1048 2927 τὸν
1074 2876 1261 2929 σιτίων
1291 2879 1495 2947 τρόπον
1541 2882 1672 2951 ἡμῖν
1715 2884 1896 2954 ἀνέχει

312 2962 412 3014 τὸν
443 2962 581 3031 βίον,
613 2964 731 3016 ἀλλ’
776 2966 933 3027 αὐτὸς
968 2966 1105 3036 ἔχων
1134 2968 1346 3022 οῖκοθεν
1391 2971 1608 3039 έμπνεῖ,
1644 2976 1735 3027 καὶ
1767 2976 1900 3029 καθα

314 3057 466 3124 άπερ
492 3055 689 3123 καρδία
724 3057 946 3125 μέλεσιν
993 3059 1025 3131 ἢ
1056 3062 1265 3131 κεφαλὴ
1307 3062 1579 3118 διαδίδωσι
1607 3066 1705 3138 τὴν
1729 3069 1897 3140 ζωὴν,

315 3148 502 3209 ζῶντα
526 3150 584 3202 δὲ
616 3150 809 3203 ἑαυτὸν
835 3150 1094 3204 ἐκάλεσεν
1125 3153 1306 3223 ἄρτον,
1347 3157 1460 3219 καὶ,
1493 3174 1511 3208 ι
1558 3157 1617 3211 Ὀ
1674 3158 1901 3229 τρώγων

324 3256 418 3309 με,
450 3240 610 3308 φησὶ,
648 3241 903 3305 κάκεῖνος
933 3241 1161 3314 ζήσεται
1190 3247 1258 3299 δι’
1288 3248 1408 3316 ἐμέ.
1449 3265 1469 3299 ι

393 3333 654 3386 Φαίνεται
676 3336 861 3388 τοίνυν
890 3335 981 3388 τόν
1021 3337 1158 3389 Θεὸν
1192 3344 1520 3407 προσκυνεῖν
1543 3344 1601 3396 ὲν
1626 3344 1899 3415 πνεύματι

319 3425 421 3477 καὶ
448 3425 680 3496 ἀληθείᾳ
705 3428 800 3480 καὶ
823 3428 1105 3499 λατρεύειν
1132 3430 1410 3501 καθαρῶς,
1442 3436 1540 3505 τῆς
1568 3436 1717 3506 ἱεράς
1741 3438 1901 3508 ἔργον

320 3512 468 3569 εἴναι
519 3517 843 3586 τραπέζης’
874 3520 933 3570 οὗ
987 3519 1148 3587 μόνον
1188 3521 1427 3589 Χριστοῦ
1482 3523 1706 3591 μέλεσιν
1761 3522 1901 3579 εἶναι

328 3608 424 3660 καὶ
455 3607 647 3661 τοῦτον
678 3612 851 3662 εῖκειν
871 3609 1020 3679 αὐτῷ
1049 3609 1140 3663 τὸν
1182 3611 1396 3679 τρόπον,
1414 3613 1536 3667 ἀπὸ
1558 3615 1667 3669 τῶν
1695 3632 1901 3687 μυστη-

325 3701 465 3770 ρίων
518 3699 862 3769 περιγίνεται
916 3700 1125 3755 τούτων
1162 3704 1317 3773 ἡμῖν,
1366 3703 1481 3760 ἀλλ’
1540 3706 1619 3758 ὅτι
1673 3708 1902 3778 νεκροὺς

328 3793 433 3859 μὲν
489 3791 652 3856 ϐντας
687 3791 788 3844 οὐκ
838 3790 905 3845 ἀν
949 3792 1161 3860 γένοιτο
1214 3792 1716 3869 ζῶντιηλατρεύειν
1760 3796 1902 3867 Θεῷ,

325 3886 542 3947 ζῶντας
568 3883 627 3937 δὲ
676 3880 817 3938 εἶναι
845 3885 940 3938 καὶ
980 3883 1156 3953 ἔργων
1186 3885 1533 3957 ἀπηλλάχθαι
1575 3890 1788 3959 νεκρῶν
1829 3894 1904 3964 μὴ

321 3976 488 4028 τοῦτο
540 3975 629 4028 ἀεὶ
682 3975 1036 4041 δειπνοῦντας
1081 3979 1141 4033 τὸ
1193 3979 1429 4035 δεῖπνον.
1473 3982 1743 4051 Καθάπερ
1797 3989 1905 4058 γὰρ

329 4087 349 4121 ι
389 4068 621 4138 Πνεῦμα
668 4068 761 4121 τὸν
799 4068 934 4121 Θεὸν
964 4067 1095 4123 δντα
1148 4070 1243 4125 καὶ
1286 4073 1414 4134 τοὺς
1462 4076 1905 4142 προσκυνοῦντας

322 4161 492 4212 αὑτὸν
546 4161 604 4212 έν
635 4158 909 4228 πνεύματι
943 4158 1040 4213 καὶ
1084 4158 1311 4231 ἀληθείᾳ
1359 4161 1442 4214 δεῖ
1490 4168 1837 4231 προσκυνεῖν,
1880 4186 1899 4219 υ

321 4252 471 4305 οὕτω
518 4252 615 4305 καὶ
665 4251 829 4316 ζῶντι
883 4252 1093 4317 ζῶντας
1128 4248 1269 4307 εἶναι
1316 4256 1583 4324 προσήκει
1634 4258 1763 4320 τοὺς
1795 4260 1905 4311 λα·-

325 4344 550 4415 τρεύειν
612 4344 1077 4415 προῃρημένους·
1119 4363 1138 4396 ι
1191 4345 1265 4398 Ού
1318 4346 1427 4417 γάρ
1468 4349 1617 4401 ἑστιν
1680 4350 1709 4402 ό
1748 4351 1906 4418 Θεὸς,

324 4440 487 4508 φησῖ,
514 4436 650 4497 Θεὸς
678 4435 912 4504 νεκρῶν,
942 4434 1079 4489 ἀλλά
1107 4434 1347 4499 ζώντων.
1388 4457 1405 4489 ι

404 4528 570 4581 Ἐστι
602 4528 702 4598 μὲν
731 4523 824 4581 οῦν
878 4530 975 4581 καὶ
1023 4529 1083 4581 τὸ
1118 4528 1221 4598 ζῇν
1246 4530 1391 4584 κατά
1419 4531 1512 4585 τὸν
1556 4533 1717 4602 ὀρθὸν
1748 4534 1907 4600 λόγον

1996 682 2135 728 rare,
2190 670 2307 737 ipso
2367 681 2615 727 movente
2667 681 2721 727 et
2767 671 3078 741 impellente
3131 671 3310 726 facere
3355 671 3562 737 omnia,

1997 774 2100 811 non
2154 760 2310 814 video
2365 765 2635 830 quomodo
2665 764 2838 829 magis
2873 761 2981 815 Deo
3034 762 3232 832 subjici
3261 763 3563 832 possimus,

1996 867 2155 920 quam
2208 855 2250 908 si
2286 854 2404 922 ejus
2441 856 2680 910 membra
2718 856 2932 910 fiamus.
2970 856 3114 920 Quid
3148 858 3293 909 enim
3344 854 3563 907 tandem

1996 945 2169 1014 magis
2216 946 2453 1015 cuipiam
2515 947 2763 1015 imperet,
2816 960 2978 1016 quam
3047 956 3211 1013 caput
3266 944 3566 1001 membris!

1998 1035 2141 1093 Sane
2165 1040 2409 1108 quidem,
2467 1047 2524 1093 ut
2558 1042 2793 1094 membra
2856 1039 3061 1093 Christi
3103 1038 3295 1103 simus,
3355 1040 3407 1091 in
3464 1040 3567 1092 hoc

1998 1132 2258 1200 mysterio
2281 1130 2597 1197 perfectius,
2626 1145 2788 1199 quam
2816 1129 2866 1183 in
2901 1129 3093 1198 quovis
3114 1129 3244 1188 alio.
3270 1128 3384 1196 ipse
3412 1129 3567 1197 panis

2000 1222 2121 1275 vit-.1:
2160 1222 2314 1276 nobis
2349 1223 2599 1293 largitur.
2634 1222 3103 1287 Quemadmodum
3163 1222 3307 1274 enim
3353 1231 3570 1289 propter

1998 1326 2160 1383 caput
2190 1324 2241 1368 et
2272 1329 2364 1367 cor
2412 1316 2652 1369 membra
2684 1314 2895 1379 vivunt,
2947 1313 3023 1365 sic
3087 1333 3105 1363 ι
3144 1312 3245 1379 Qui
3279 1313 3572 1365 manducat

2000 1422 2107 1469 me,
2128 1406 2325 1479 inquit,
2356 1416 2408 1459 et
2440 1408 2551 1475 ipse
2578 1407 2720 1460 vivet
2747 1418 2964 1475 propter
2988 1407 3158 1459 me".
3198 1425 3213 1455 ι
3246 1405 3385 1456 Vivit
3408 1406 3566 1456 ιιιίειιιι

2000 1508 2218 1567 propter
2249 1499 2601 1562 alimentum;
2638 1509 2693 1552 at
2754 1514 2881 1552 vero
2935 1506 3337 1552 sacramentum
3406 1497 3568 1549 aliam

2001 1592 2266 1644 rationem
2305 1590 2483 1643 habet.
2518 1590 2649 1644 Nam
2711 1590 3132 1651 nutrimentum,
3196 1597 3382 1656 utpote
3423 1587 3568 1655 quod

2001 1682 2176 1751 ipsum
2209 1683 2310 1736 vita
2336 1691 2506 1745 caret,
2550 1687 2715 1736 vitam
2742 1683 2898 1736 nobis
2929 1697 2955 1734 a
2992 1684 3170 1749 seipso
3201 1682 3437 1736 inserere
3462 1695 3575 1733 non

1999 1784 2163 1843 queat
2183 1791 2197 1829 :
2214 1775 2303 1828 sed
2325 1773 2415 1841 qui
2437 1775 2598 1827 vitam
2615 1775 2858 1843 corporis
2878 1790 3037 1843 quam
3058 1773 3568 1835 invenitsusteutat,

2000 1868 2409 1921 comedentibus
2426 1868 2547 1921 vitae
2563 1866 2983 1931 causajvidetur.
3001 1866 3097 1918 Ast
3118 1866 3272 1933 panis
3292 1866 3411 1916 vit-.1-
3434 1865 3573 1929 ipse-

1996 1967 2103 2012 met
2134 1961 2279 2022 vivit,
2315 1969 2367 2013 et
2393 1970 2613 2028 propter
2653 1958 2799 2011 illum
2826 1972 2949 2011 vere
2974 1956 3182 2016 vivunt,
3202 1957 3401 2023 quibus
3424 1954 3585 2006 illum

1996 2050 2437 2105 communicarit.
2483 2049 2633 2106 Unde
2656 2049 2975 2104 alimentum
3009 2048 3061 2101 in
3105 2062 3230 2101 eum
3265 2046 3356 2115 qni
3385 2045 3570 2105 alitur.

1998 2139 2413 2206 transmutatur,
2448 2150 2496 2195 et
2533 2141 2719 2210 piscis,
2745 2150 2799 2195 et
2843 2140 3021 2210 panis,
3047 2148 3099 2193 et
3131 2137 3398 2207 quidquid
3424 2137 3572 2190 aliud

1998 2235 2331 2290 cibariorum
2362 2243 2463 2297 est,
2501 2232 2555 2287 in
2593 2232 2911 2301 sanguinem
2948 2230 3186 2291 hominis
3212 2230 3573 2284 convertitur.

2001 2327 2096 2384 llis
2126 2344 2351 2398 prorsus
2394 2328 2452 2381 fit
2481 2327 2839 2385 contrarium.
2874 2322 3038 2379 Panis
3092 2326 3238 2377 enim
3288 2323 3411 2376 vita:
3462 2323 3577 2391 ipse

2002 2427 2182 2473 movet
2208 2434 2333 2473 eum
2364 2419 2453 2488 qui
2487 2418 2753 2487 pascitur,
2783 2429 2837 2471 et
2872 2415 3151 2478 transfert,
3184 2425 3349 2483 atque
3400 2415 3452 2469 in
3492 2431 3564 2471 se-

2003 2513 2181 2581 ipsum
2228 2520 2444 2575 mutat;
2500 2512 2755 2580 quodque
2792 2508 2985 2562 merito
3044 2508 3226 2562 cordis
3282 2518 3336 2563 et
3383 2507 3580 2578 capitis

2001 2616 2105 2669 est,
2147 2619 2430 2658 movemur
2454 2611 2507 2656 et
2538 2602 2795 2663 vivimus,
2846 2609 3108 2668 quantum
3150 2601 3201 2653 in
3235 2600 3351 2669 ipso
3379 2611 3484 2659 est.
3522 2610 3580 2652 ut

2004 2699 2121 2767 ipse
2150 2707 2398 2752 movetur
2443 2704 2497 2750 et
2519 2694 2675 2748 vivit.
2727 2692 2842 2747 Hoc
2878 2693 3015 2747 idem
3062 2692 3331 2758 iudicans,
3389 2693 3610 2747 videli--

2005 2798 2109 2853 cet,
2138 2803 2243 2843 non
2280 2790 2454 2842 instar
2479 2801 2731 2840 escarum
2787 2800 2845 2839 se
2898 2786 3060 2839 vitam
3093 2796 3339 2840 nostram
3394 2788 3577 2850 alere;

2006 2881 2101 2937 sed
2135 2866 2298 2949 quam
2332 2879 2448 2948 ipse
2502 2878 2721 2941 habeat,
2752 2891 2870 2929 eam
2906 2876 3049 2928 ultro
3093 2876 3249 2931 nobis
3288 2876 3577 2944 inspirare,

2007 2984 2060 3029 et
2091 2973 2256 3027 veluti
2290 2986 2386 3026 cor
2440 2980 2533 3024 aut
2575 2980 2742 3037 caput
2778 2968 3037 3021 membris
3089 2968 3255 3020 vitam
3284 2967 3577 3036 impertiri,

2008 3076 2056 3121 et
2092 3067 2273 3120 vivum
2298 3078 2491 3133 panem
2526 3077 2647 3116 sese
2671 3061 2978 3131 appellaiit,
3008 3071 3061 3115 et
3091 3078 3103 3115 :
3149 3080 3165 3110 ι
3206 3061 3308 3125 Qui
3351 3064 3579 3116 mandu-

2011 3166 2099 3212 cat
2130 3171 2239 3218 me,
2275 3153 2479 3224 inquit,
2504 3161 2559 3207 et
2585 3153 2699 3221 ipse
2736 3154 2878 3205 vivet
2905 3159 3128 3220 propter
3158 3164 3240 3203 me
3263 3150 3331 3202 ".
3378 3168 3395 3200 ι

2076 3336 2302 3390 Planum
2349 3342 2433 3388 est
2465 3331 2653 3401 igitur,
2693 3329 2859 3384 Deum
2903 3329 2957 3384 in
3011 3327 3210 3399 spiritu
3248 3338 3301 3385 et
3352 3330 3581 3386 veritate

2005 3427 2257 3489 adorare,
2324 3433 2379 3479 et
2442 3423 2518 3477 illi
2579 3423 2789 3477 sincere
2848 3420 3076 3486 servire,
3141 3437 3311 3477 sacras
3382 3437 3581 3477 mensa:

2006 3520 2225 3584 deberi;
2279 3532 2388 3570 non
2450 3515 2623 3570 solum
2651 3514 2780 3583 quia
2827 3521 2883 3567 ut
2925 3511 3128 3567 Christi
3196 3514 3440 3569 membra
3508 3516 3583 3569 si-

2008 3627 2164 3677 mus,
2234 3618 2292 3664 et
2350 3608 2450 3662 bac
2524 3606 2733 3660 ratione
2806 3604 3223 3660 similitudinem
3284 3608 3578 3674 quamdam

2008 3703 2153 3759 illius
2211 3712 2630 3769 consequamur,
2669 3697 2737 3751 ab
2774 3695 2923 3751 hisce
2970 3697 3243 3766 mysteriis
3294 3698 3580 3763 habemus,

2004 3792 2450 3855 verumetiam,
2510 3789 2637 3858 quia
2691 3788 2893 3843 mortui
2952 3788 3159 3842 servire
3221 3789 3418 3843 viventi
3474 3806 3581 3843 non

2006 3901 2314 3957 possemus.
2372 3884 2642 3940 Czeterum
2670 3884 2873 3947 vivere,
2922 3892 2978 3937 et
3027 3884 3097 3938 ab
3141 3883 3401 3953 Operibus
3432 3899 3581 3937 mor-

2010 3979 2117 4034 tuis
2187 3979 2485 4032 immunem
2542 3992 2662 4032 esse
2723 3976 3064 4046 impossibile
3113 3985 3241 4042 est,
3291 3977 3398 4031 nisi
3460 3977 3584 4046 quis

2009 4074 2149 4127 hanc
2196 4086 2406 4128 coenam
2459 4068 2899 4137 frequentissime
2976 4070 3145 4124 ineat.
3214 4068 3368 4122 Sicut
3433 4068 3582 4122 enim

2012 4165 2201 4228 Deum,
2263 4182 2282 4216 ι
2323 4179 2447 4217 cum
2503 4163 2574 4216 sit
2631 4161 2881 4230 spiritus,
2940 4161 2996 4215 in
3050 4161 3245 4228 spiritu
3274 4169 3328 4214 et
3358 4162 3583 4214 veritate

2009 4264 2222 4323 oportet
2268 4258 2497 4310 adorare
2529 4254 2600 4318 ⁵⁸,
2667 4272 2686 4304 ι
2728 4254 2801 4307 ita
2848 4253 3000 4309 vivos
3032 4267 3154 4307 esse
3180 4252 3473 4327 decettqui
3508 4253 3586 4303 vi—

2015 4366 2141 4403 vum
2201 4350 2382 4403 colere
2408 4356 2720 4401 statuerunt
2760 4364 2773 4400 :
2817 4364 2835 4396 ι
2868 4344 2986 4399 Non
3036 4354 3120 4399 est
3174 4345 3348 4409 enim,
3384 4345 3582 4412 inquit,

2017 4442 2159 4496 Deus
2195 4450 2559 4501 mortuorum,
2602 4438 2697 4493 sed
2720 4437 2967 4491 vivorum
3008 4437 3075 4489 ".
3116 4454 3134 4487 ο

2085 4533 2391 4590 ScCundum
2426 4539 2630 4586 rectam
2662 4530 2925 4585 rationem
2958 4544 3121 4597 porro
3145 4529 3349 4591 vivere,
3385 4536 3583 4581 etcum

327 4622 427 4675 καὶ
459 4621 598 4690 πρὸς
632 4619 833 4691 ἀρετὴν
865 4620 1031 4689 ἔχειν,
1061 4619 1182 4691 Θεῷ
1217 4622 1505 4693 λατρεύειν
1530 4639 1543 4653 ·
1576 4626 1691 4679 ἀλλ’
1734 4628 1963 4690 έκεῖνο]

2022 4627 2219 4679 virtute
2248 4622 2637 4677 commercium
2671 4620 2894 4681 habere,
2921 4618 3083 4671 etiam
3115 4618 3221 4671 Deo
3252 4617 3456 4671 servire
3479 4625 3583 4669 est.

324 4712 430 4780 μὲν
460 4710 557 4762 καὶ
586 4709 792 4762 δούλων
819 4709 1015 4777 γένοιτ’
1041 4710 1107 4763 ἂν
1130 4710 1290 4782 ἔργον
1312 4728 1329 4744 ο
1355 4732 1374 4764 ι
1409 4712 1581 4766 Ὀταν
1604 4714 1712 4785 γὰρ
1735 4717 1907 4771 ταῦτα

321 4801 513 4854 πάντα
567 4800 855 4869 ποιήσητε,
896 4800 1053 4883 φησι,
1111 4800 1302 4868 λέγετε
1330 4802 1414 4855 ὅτι
1452 4802 1689 4873 Ἀχρεῖοι
1727 4806 1907 4861 δοῦλοί

318 4897 514 4962 ἐσμεν.
546 4909 566 4944 ο
603 4890 753 4962 Αὕτη
789 4890 847 4943 δὲ
897 4892 929 4961 ή
962 4890 1189 4961 λατρεία
1218 4894 1358 4962 πρὸς
1392 4892 1501 4946 τῶν
1530 4894 1661 4947 υίῶν
1699 4897 1909 4959 γίνεται

323 4988 530 5055 μόνων,
570 4985 733 5055 ἡμεῖς
765 4983 823 5037 δὲ
854 4984 917 5038 οὐ
966 4983 1075 5038 τῶν
1100 4984 1345 5051 ’δούλωη
1400 4985 1517 5039 ἀλλ’
1565 4988 1646 5050 είς
1671 4987 1765 5042 τὸν
1797 4991 1909 5043 τῶν

329 5078 545 5131 παίδων
570 5075 888 5145 καλούμεθα
923 5077 1105 5144 χορόν.
1140 5076 1241 5129 Διά
1265 5077 1425 5131 τοῦτο
1458 5079 1663 5147 σαρκὸς
1692 5079 1788 5133 καὶ
1820 5081 1906 5133 αῖ-

327 5189 506 5244 ματος
558 5170 707 5241 αὑτῷ
748 5170 1157 5241 κοινωνοῦμεν·
1198 5190 1217 5223 ι
1256 5172 1338 5225 Τὰ
1364 5173 1473 5241 γὰρ
1504 5172 1714 5236 παιδία,
1752 5174 1906 5241 φησι,

328 5260 706 5331 κεκοινώνηκε
758 5260 966 5330 σαρκὸς
1002 5263 1095 5315 καὶ
1132 5262 1383 5331 αἵματος-
1428 5281 1445 5313 ›
1498 5262 1766 5332 Καθάπερ
1800 5264 1908 5333 γάρ

330 5354 566 5416 ἐκεῖνος,
603 5352 690 5405 Iv:
720 5353 904 5421 πατὴρ
936 5352 1203 5423 ἡμέτερος
1242 5353 1466 5421 γένηται
1493 5353 1587 5407 καὶ
1624 5356 1714 5406 τὸν
1754 5355 1908 5420 λόγον

329 5447 546 5500 ἐκεῖνον
588 5445 793 5515 δυνηθῇ
839 5446 1042 5512 λέγειν,
1082 5463 1101 5498 ι
1154 5448 1287 5500 Ἰδοὺ
1319 5446 1431 5511 ἐγὼ
1461 5449 1554 5498 καὶ
1596 5450 1664 5498 τὰ
1696 5448 1907 5513 παιδία,

325 5540 362 5594 ἄ.
400 5557 496 5610 μοι
528 5538 733 5592 ἔδωκεν
777 5538 806 5589 ὁ
852 5538 1011 5603 Θεὸς,
1044 5557 1062 5588 ι
1104 5538 1308 5608 σαρκὸς
1363 5539 1455 5591 καὶ
1503 5540 1733 5607 αἵματος
1777 5542 1912 5610 ἡμῖν

322 5633 549 5699 ἐγένετο
578 5630 861 5695 κοινωνὸς,
902 5629 1047 5683 οὕτω
1077 5629 1173 5682 καὶ
1214 5631 1383 5698 ἡμᾶς,
1419 5630 1485 5681 ἶν’
1516 5630 1708 5698 ἐκείνῳ
1740 5630 1909 5695 γενώ-

328 5728 475 5796 μεθα
514 5724 730 5788 παῖδες,
779 5724 996 5791 ἀνάγκη
1032 5722 1141 5775 τῶν
1176 5721 1388 5775 ἐκείνου
1446 5720 1909 5790 μεταλαμϐάνειν,

397 5840 447 5870 ⁵⁸
480 5836 639 5891 δοσιν
677 5853 751 5899 vi,
782 5837 871 5890 57.
950 5837 992 5868 ⁸⁷
1019 5835 1179 5891 Joan.
1228 5852 1302 5901 vr,
1328 5836 1415 5891 58.
1491 5836 1537 5867 "
1573 5832 1731 5887 Joan.
1766 5849 1839 5898 xv,
1866 5834 1956 5887 24.

2036 5838 2078 5868 "
2112 5833 2301 5888 Matth.
2340 5848 2470 5892 xx".
2526 5833 2593 5887 52
2620 5874 2632 5887 .

328 5925 390 5975 ιι,
424 5908 512 5963 Η.
590 5910 634 5941 ⁸⁸
672 5910 780 5963 lsa.
817 5921 931 5972 vm,
972 5908 1056 5962 18.

2016 4718 2118 4771 Sed
2142 4716 2245 4770 hoc
2278 4728 2556 4769 servorum
2578 4726 2800 4781 quoque
2838 4709 3072 4765 otlicinm
3104 4718 3264 4777 atque
3297 4725 3433 4777 opus
3456 4724 3586 4763 cen-

2018 4818 2202 4865 seatur
2241 4830 2253 4861 ι
2294 4824 2311 4856 ι
2349 4806 2484 4860 Cum
2533 4802 2682 4859 enim
2716 4801 2951 4857 feceritis
2986 4801 3101 4855 haec
3152 4800 3355 4863 omnia,
3390 4800 3585 4867 inquit,

2019 4900 2197 4953 adhuc
2227 4896 2411 4958 dicite,
2456 4894 2582 4963 quia
2616 4894 2754 4947 servi
2781 4892 3001 4947 inutiles
3036 4906 3229 4945 sumus
3285 4890 3351 4943 “.
3414 4910 3429 4938 ›
3463 4889 3587 4942 Haec

2020 5000 2199 5043 autem
2229 4988 2388 5040 latria
2423 4986 2689 5056 (servitus
2718 4985 2831 5039 sive
2860 4983 3064 5049 cultus)
3100 4996 3129 5035 a
3166 4980 3293 5035 ﬁliis
3320 4982 3586 5034 duntaxat

2021 5088 2338 5148 praestatur;
2366 5085 2419 5131 et
2451 5090 2554 5132 nos
2580 5092 2687 5130 non
2719 5076 2771 5128 in
2802 5089 3107 5135 servorum,
3138 5073 3231 5127 sed
3267 5072 3319 5125 in
3352 5074 3584 5125 ﬁliorum

2018 5170 2265 5224 ordinem
2317 5179 2370 5224 et
2415 5169 2597 5223 locum
2622 5181 2915 5230 vocamur;
2940 5166 3012 5220 ob
3045 5165 3097 5219 id
3128 5181 3349 5221 carnem
3388 5174 3439 5218 et
3462 5178 3587 5217 san-

2018 5262 2238 5329 guinem
2276 5261 2395 5329 ejus
2449 5260 2844 5330 participamus
2884 5278 2897 5314 :
2942 5279 2959 5311 ι
2994 5258 3157 5312 Pueri
3186 5257 3354 5321 enim,
3385 5256 3582 5325 inquit,

2016 5354 2247 5409 carniet
2272 5354 2528 5423 sanguini
2569 5352 3130 5407 communicarunt“.
3168 5370 3186 5401 ι
3218 5349 3586 5414 Quemadmo-

2018 5445 2147 5499 dum
2201 5459 2439 5513 namque
2479 5444 2620 5514 ipse,
2669 5454 2728 5497 ut
2764 5453 2918 5512 pater
2962 5449 3146 5494 noster
3178 5440 3291 5504 ﬁat,
3328 5451 3382 5493 et
3428 5438 3585 5491 verba

2021 5539 2113 5593 illa
2137 5553 2385 5606 promere
2407 5546 2594 5605 queat,
2625 5555 2643 5587 ι
2684 5534 2820 5589 Ecce
2852 5548 2953 5600 ego
2983 5541 3037 5584 et
3079 5531 3229 5600 pueri
3288 5530 3413 5593 mei,
3450 5544 3587 5595 quos

2021 5632 2170 5685 dedit
2201 5629 2330 5682 mihi
2361 5628 2503 5682 Deus
2542 5629 2610 5692 ",
2653 5646 2671 5679 ι
2706 5625 2892 5680 carnis
2922 5632 2977 5677 et
3019 5623 3300 5691 sanguinis
3358 5636 3588 5675 consors

2024 5722 2177 5775 nobis
2207 5719 2383 5775 factus
2410 5728 2495 5774 est
2530 5735 2543 5773 :
2574 5718 2651 5773 sic
2672 5724 2725 5772 et
2753 5731 2875 5782 nos,
2901 5723 2958 5769 ut
2988 5714 3132 5768 illius
3161 5712 3251 5765 lilii
3274 5713 3587 5774 evadamus,

2714 5829 2927 5902 “,Luc.
2993 5843 3125 5893 ινιι,
3184 5826 3267 5880 10.
3347 5822 3586 5880 “Hebr.
