4262 6460
753 433 862 496 599

1936 430 2244 490 NICOLAI
2284 424 2670 488 CABASIL/E

3879 415 3986 481 660

757 556 980 596 necesse
1011 551 1092 597 est
1119 545 1358 597 vicissim
1389 557 1575 596 carnis
1595 553 1644 596 ct
1685 541 1968 610 sanguinis
1995 541 2114 604 ejus
2145 538 2311 605 parti-
2338 543 2382 600 Α
2416 556 2440 589 κ

2298 568 2311 578 -
2338 543 2382 600 Α
2416 539 2507 590 καὶ
2542 537 2731 590 τοῦτον
2760 537 2852 591 τὸν
2877 543 3077 608 τρόπον
3102 539 3161 590 οὐ
3193 535 3329 607 μέλη
3353 535 3441 588 διὰ
3464 532 3562 603 τὴν
3589 531 3810 601 τελετὴν
3834 531 3981 597 αὐτῷ

751 634 904 697 cipes
939 648 1081 686 esse.
1117 633 1294 701 Atque
1318 633 1422 687 isto
1476 631 1635 684 modo
1670 646 1777 684 non
1814 629 1988 684 solum
2021 629 2070 683 ei
2101 643 2195 695 per
2220 643 2311 681 sa-

752 734 1090 777 cramentum
1156 724 1256 777 hoc
1311 725 1551 776 membra
1609 722 1907 788 reddimur,
1954 721 2048 774 sed
2093 720 2314 788 insuper

756 811 875 875 ﬁlii,
906 823 964 864 ut
998 813 1222 866 libentes
1249 813 1298 866 ei
1354 821 1407 868 et
1433 812 1614 865 animo
1647 812 1860 865 volente
1884 813 2054 864 instar
2080 809 2310 862 ﬁliorum

752 917 1060 970 pareamus.
1097 902 1388 973 Diligenter
1415 905 1564 968 item,
1594 902 2048 972 quemadmodum
2070 899 2312 954 membra

751 993 982 1048 scilicet.
1022 993 1111 1048 Sic
1136 997 1276 1048 enim
1303 996 1539 1050 servitus
1566 996 1622 1050 ﬁt
1651 995 2007 1054 admirabilis.
2039 1002 2086 1046 et
2114 993 2311 1046 eximia

753 1097 997 1148 prorsus.
1037 1083 1305 1148 Quocirca
1336 1095 1388 1138 et
1420 1085 1532 1138 haec
1555 1093 1608 1138 ct
1633 1085 1744 1148 illa,
1781 1084 2038 1147 ﬁliorum,
2069 1085 2312 1151 inquam,

751 1181 805 1224 ιιι
830 1175 1198 1228 membrorum
1230 1176 1410 1245 imago
1469 1176 1772 1229 inducenda
1822 1184 1923 1235 est,
1963 1175 2179 1243 quando
2209 1189 2315 1227 una

753 1263 816 1316 ad
848 1279 959 1316 rem
1000 1273 1122 1317 ante
1155 1270 1339 1322 oculos
1371 1267 1672 1335 ponendam
1729 1266 1864 1318 satis
1896 1281 2004 1318 non
2041 1273 2140 1316 est.
2173 1263 2313 1327 Quid

753 1356 896 1407 enim
934 1355 1314 1410 admirationis
1350 1359 1529 1418 habet,
1564 1358 1710 1412 nullo
1739 1373 1837 1426 per
1878 1373 1936 1410 se
1989 1367 2138 1410 motu
2181 1371 2313 1424 prae-

751 1446 917 1509 ditos,
956 1450 1102 1500 velut
1132 1450 1395 1507 membra.
1431 1464 1459 1502 a
1489 1449 1595 1502 Deo
1634 1464 1730 1502 ceu
1753 1465 1781 1502 a
1824 1448 2003 1516 capite
2038 1447 2239 1501 moveri
2263 1454 2316 1500 ct

755 1536 968 1591 incitari
997 1539 1019 1591 ?
1048 1540 1185 1602 Quid
1213 1541 1509 1606 singulare,
1535 1541 1679 1593 velut
1707 1540 1951 1608 patribus
1970 1541 2152 1594 carnis
2172 1538 2313 1592 Patri

752 1629 1042 1696 spirituum
1075 1631 1266 1698 subiici
1295 1632 1318 1683 ?
1350 1631 1444 1684 Ast
1503 1641 1799 1701 utrumque
1851 1631 2010 1686 simul
2065 1639 2315 1685 naturam

752 1721 985 1782 exveilit,
1013 1736 1135 1774 cum
1173 1722 1383 1775 arbitrii
1419 1722 1663 1775 libertate
1719 1730 1924 1776 retenta
1971 1733 2029 1776 ut
2082 1721 2195 1782 ﬁlii,
2225 1735 2312 1773 su-

752 1810 910 1864 besse
950 1826 1242 1877 possumus
1267 1823 1524 1881 tanquam
1569 1814 1832 1867 membra.

827 1903 892 1955 Et
922 1903 1035 1956 base
1066 1913 1147 1957 est
1171 1905 1258 1956 illa
1291 1905 1633 1973 praedicanda
1666 1905 1897 1988 ﬁliorum
1928 1903 2175 1972 adoptio,
2207 1917 2314 1955 non

753 1994 806 2043 in
840 2008 970 2048 voce
992 2001 1042 2046 et
1066 1993 1772 2060 appellatione.consistens,
1794 1999 1852 2044 ut
1871 1994 1922 2046 in
1947 1992 2106 2043 rebus
2130 1991 2315 2041 huma-

754 2087 860 2150 nis,
902 2102 997 2138 nec
1027 2101 1199 2155 usque
1221 2102 1286 2141 eo
1311 2087 1662 2143 honorabilis.
1689 2086 1819 2140 Nam
1849 2086 1990 2139 inter
2013 2099 2132 2143 nos.
2155 2082 2321 2150 adop-

753 2179 848 2230 tati
881 2194 1002 2231 cum
1059 2179 1447 2246 adoptantibus
1475 2180 1692 2234 nomine
1723 2179 1838 2234 solo
1887 2178 2316 2238 communicant,

753 2281 806 2326 ct
846 2287 911 2324 eo
935 2287 1105 2342 usque
1159 2273 1264 2326 illis
1309 2274 1614 2328 communis
1650 2283 1734 2327 est
1775 2281 1946 2342 pater,
1981 2272 2127 2325 nulla
2151 2270 2319 2325 inter-

753 2363 1210 2433 ceditgeneratio,
1251 2365 1377 2417 nulli
1422 2375 1642 2434 partus;
1676 2365 1763 2419 hic
1794 2373 1970 2420 autem
1997 2373 2050 2418 et
2091 2377 2316 2431 genera-

756 2456 830 2509 tio
848 2466 931 2511 est
951 2473 1155 2523 revera,
1177 2468 1227 2510 et
1247 2459 1562 2511 communio
1589 2473 1710 2511 eum
1735 2457 2043 2526 Unigenito,
2072 2470 2177 2508 non
2200 2465 2315 2508 tan-

757 2558 866 2600 tum
886 2551 1259 2616 notnjuis.sed
1282 2566 1459 2603 rerum
1486 2551 1984 2620 quoqueipsarum,
2011 2548 2314 2617 sanguinis,

755 2640 1026 2705 Corporis,
1059 2646 1203 2693 vitae.
1231 2640 1370 2707 Quid
1403 2641 1544 2694 enim
1579 2640 1948 2710 praestantius,
1997 2653 2159 2707 quam
2191 2653 2312 2691 cum

755 2734 870 2799 ipse
895 2732 1050 2784 Pater
1075 2730 1345 2799 Unigeniti
1375 2733 1458 2787 sui
1492 2734 1732 2786 membra
1763 2733 1813 2785 in
1851 2733 2004 2785 nobis
2029 2730 2316 2798 agnoscit?

753 2839 876 2877 cum
901 2823 1070 2892 ipsam
1094 2823 1465 2889 Filiiformatn
1483 2826 1535 2879 in
1553 2827 1794 2881 vultibus
1816 2829 2018 2880 nostris
2040 2824 2317 2878 intuetur?

759 2931 780 2962 ε
819 2916 966 2980 Quos
1003 2914 1429 2982 praedestinavit,
1468 2917 1662 2983 inquit,
1690 2915 1997 2969 coniormes
2037 2915 2148 2967 ﬁeri
2183 2916 2317 2966 ima-

755 3004 894 3071 ginis
929 3002 1048 3056 Filii
1098 3005 1181 3057 sui
1217 3004 1282 3058 “.
1334 3022 1351 3055 ι
1393 3003 1455 3057 Et
1493 3005 1619 3074 quid
1672 3021 1770 3074 ego
1795 3006 1954 3058 istam
2019 3006 2313 3058 humanam

748 3094 1094 3163 adoptionem
1117 3108 1374 3147 enumero
1392 3093 1416 3147 ἲ
1436 3110 1555 3147 cum
1575 3094 1662 3149 hic
1691 3095 1804 3161 ipsa
1837 3094 2066 3147 naturali
2094 3107 2316 3161 genera-

2414 627 2676 696 γινόμεθα
2714 629 2894 702 μόνον,
2945 629 3081 682 ἀλλὰ
3115 626 3210 683 καὶ
3250 627 3458 690 παῖδες,
3517 623 3659 676 ὥστε
3697 620 3984 690 λατρεύειν

2415 719 2888 788 ὑποταττομένους
2942 721 3164 782 ἑκόντας
3217 721 3314 789 μὲν
3357 718 3452 772 καὶ
3507 717 3627 786 μετ’
3674 714 3983 767 ἐθελουσίου

2416 808 2658 878 γνώμης,
2713 808 2901 878 ῶσπερ
2936 810 2982 861 oi
3016 809 3223 870 παῖδες.
3285 805 3552 877 Ἀκριὸῶς
3612 803 3668 855 δὲ
3732 803 3984 865 καθάπερ

2415 900 2484 952 τὰ
2513 900 2648 969 μέλη
2673 915 2686 929 °
2718 898 2860 952 οὕτω
2883 899 2992 970 γὰρ
3031 901 3062 967 ἡ
3100 898 3326 968 λατρεία
3359 895 3650 966 θαυμαστὴ
3683 895 3776 947 καὶ
3809 893 3985 952 οὕτως

2416 991 2721 1061 θπερςρυὴς,
2751 991 2890 1044 ὥστε
2922 993 3011 1043 καὶ
3033 990 3237 1060 ταύτης
3267 989 3527 1055 κάκείνης
3553 988 3631 1039 δεῖ
3657 988 3750 1056 τῆς
3775 985 3982 1044 είκόνος

2417 1083 2511 1134 καὶ
2548 1083 2646 1147 τῆς
2676 1082 2784 1133 τῶν
2815 1082 2947 1133 υίῶν
2980 1083 3073 1133 καὶ
3104 1082 3202 1142 τῖς
3249 1081 3356 1131 τῶν
3395 1078 3594 1147 μελῶν,
3627 1076 3700 1138 ὡς
3732 1074 3830 1125 οὐκ
3877 1073 3977 1138 ἁρο

2418 1174 2620 1241 κοὺσης
2670 1173 2766 1241 τῆς
2802 1173 2994 1243 ἑτέρας
3037 1173 3099 1226 τὸ
3134 1171 3194 1224 ὃν
3233 1168 3592 1234 ἐνδείξασθαι.
3626 1165 3691 1217 Ἰ’ί
3739 1164 3836 1236 μέν
3870 1162 3982 1229 ‘(ip

2417 1263 2576 1316 τοῦτο
2607 1263 2938 1332 θαυμαστὸν,
2978 1265 3247 1333 μηδεμίαν
3284 1262 3493 1330 κίνησιν
3523 1258 3733 1310 οἴκοθεν
3778 1254 3978 1313 αὐτοὺς

2419 1358 2812 1426 κεκτημένους,
2844 1355 3033 1425 ὥσπερ
3073 1355 3140 1406 τὰ
3170 1355 3307 1424 μέλη
3349 1353 3424 1412 ὡς
3470 1349 3575 1402 ὑπὸ
3607 1345 3850 1412 κεφαλῆς
3883 1343 3977 1395 τοῦ

2417 1446 2552 1498 Θεοῦ
2600 1446 2922 1514 κινηθῆναις
2960 1447 3025 1497 Τί
3070 1445 3125 1497 δὲ
3161 1448 3336 1496 έκεῖνο
3368 1443 3530 1511 μέγα,
3564 1439 3816 1506 καθάπερ
3863 1440 3978 1496 τοῖς

2419 1539 2663 1606 πατράσι
2690 1540 2788 1605 τῆς
2817 1538 3016 1609 σαρκὸς
3051 1537 3129 1606 τῷ
3156 1535 3329 1606 πατρὶ
3355 1535 3460 1586 τῶν
3493 1533 3820 1601 πνευμάτων
3849 1529 3986 1581 ὑπο-

2418 1632 2686 1698 ταγῆναις
2731 1633 2802 1684 Τὸ
2841 1631 2898 1685 δὲ
2933 1631 3341 1699 συναμφότερον
3390 1624 3685 1695 ὑπερφυὲς,
3716 1624 3843 1676 ὅταν
3881 1617 3977 1670 τοῦ

2417 1724 2580 1790 λόγου
2614 1724 2712 1793 τὴν
2759 1722 3086 1791 αὐτονομίαν
3138 1719 3400 1782 σώζοντες
3437 1717 3625 1786 ῶσπερ
3664 1715 3710 1765 οἱ
3768 1711 3981 1771 παῖδες,

2420 1815 2756 1885 ὑποταγῆναι
2790 1814 3104 1883 δυνηθῶμεν
3127 1813 3312 1880 ῶσπερ
3340 1812 3407 1863 τὰ
3445 1809 3599 1877 μέλη.

2493 1909 2600 1959 Καὶ
2634 1906 2789 1960 τοῦτό
2821 1908 2936 1958 ἐστι
2976 1907 3036 1957 τὸ
3068 1903 3259 1974 χρῆμα
3285 1905 3380 1964 τῆς
3409 1898 3752 1969 ὑμνουμένης
3801 1891 3978 1946 υίοθε-

2422 2001 2564 2064 σίας,
2593 2001 2692 2053 οὐκ
2727 2001 2817 2053 ἐπὶ
2843 2000 2940 2069 τῆς
2965 1999 3145 2066 φωνῆς
3187 1994 3498 2064 ἱσταμένης,
3525 1991 3711 2057 ὥσπερ
3749 1988 3839 2040 ὲπὶ
3872 1986 3981 2036 τῶν

2421 2093 2795 2163 ἀνθρωπίνων,
2823 2093 2942 2146 οὐδὲ
2975 2092 3134 2162 μέχρι
3158 2090 3346 2144 τούτου
3374 2086 3642 2156 τιμώσης.
3676 2082 3794 2149 Ἐφ’
3827 2078 3986 2148 ἡμῶν

2426 2188 2526 2254 μὲν
2564 2187 2673 2255 γὰρ
2721 2187 2768 2238 οἱ
2827 2186 3041 2254 ποιητοὶ
3097 2186 3208 2246 τοῖς
3248 2181 3666 2250 γεγεννημένοις
3719 2175 3988 2242 ὀνόματος

2421 2280 2737 2332 κοινωνοῦσι
2771 2279 2950 2348 μόνον,
2992 2277 3086 2330 καὶ
3121 2273 3490 2346 μέχριτούτου
3521 2269 3696 2330 κοινὸς
3733 2266 3918 2324 αὐτοῖς
3958 2263 3989 2312 ὁ

2420 2369 2624 2439 πατὴρ,
2659 2369 2911 2438 γέννησις
2940 2368 2994 2420 δὲ
3023 2366 3246 2433 οὐδεμία
3271 2363 3388 2415 οὐδὲ
3409 2361 3596 2420 ὠδῖνες
3617 2374 3632 2390 ο
3667 2352 3901 2409 ἐνταῦθα
3930 2350 3987 2401 δὲ

2420 2461 2516 2514 καὶ
2557 2460 2803 2530 γέννησίς
2837 2460 2982 2512 ἐστιν
3043 2457 3258 2524 ἀληθῶς
3293 2456 3385 2508 καὶ
3432 2448 3684 2504 κοινωνία
3729 2446 3865 2515 πρὸς
3891 2445 3986 2495 τὸν

2419 2553 2717 2623 Μονογενῆ,
2755 2554 2814 2605 οὑ
2855 2553 2952 2621 τῆς
2985 2551 3298 2618 ἐπωνυμίας
3331 2548 3508 2616 μόνον,
3542 2542 3678 2597 ἀλλὰ
3717 2542 3810 2592 καὶ
3848 2553 3989 2604 πρα-

2420 2649 2644 2715 γμάτων
2664 2647 2864 2709 αὐτῶν,
2881 2645 2974 2698 τοῦ
3000 2645 3252 2712 αἵματος,
3272 2641 3364 2693 τοῦ
3391 2640 3660 2707 σώματος,
3679 2633 3778 2700 τῆς
3816 2630 3985 2696 ζωῆς.

2419 2743 2526 2795 Καὶ
2555 2741 2606 2793 τί
2636 2739 2741 2809 γὰρ
2784 2739 2968 2808 μεῖζον
3002 2737 3033 2805 ἢ
3060 2738 3186 2789 ὃταν
3212 2734 3373 2795 αὐτὸς
3401 2735 3426 2784 ὁ
3453 2729 3642 2796 Πατὴρ
3673 2725 3766 2778 τοῦ
3817 2725 3988 2776 Μονο-

2419 2833 2607 2901 γενοῦς
2661 2835 2717 2884 ἐν
2745 2833 2876 2899 ἡμῖν
2931 2829 3273 2897 ἐπιγινώσκῃ
3317 2826 3384 2877 τὰ
3439 2823 3598 2892 μέλῃ,
3633 2822 3761 2873 ὅταν
3808 2813 3983 2882 αὐτὴν

2419 2925 2650 2994 εὑρίσκῃ
2679 2925 2777 2989 τὴν
2821 2920 3031 2989 μορφὴν
3053 2918 3147 2971 τοῦ
3181 2917 3368 2977 παιδὸς
3400 2916 3493 2968 ἐπὶ
3534 2913 3643 2964 τῶν
3675 2906 3986 2978 προσώπων

2416 3015 2524 3066 τῶν
2556 3013 2858 3082 ἡμετέρων.
2911 3029 2929 3062 ι
2965 3008 3330 3078 Συμμόρφους
3364 3005 3492 3073 γὰρ,
3527 3001 3680 3070 φησὶ,
3707 2998 3987 3069 προώρισε

2416 3105 2516 3174 τῆς
2572 3103 2774 3162 εἰκόνος
2814 3101 2906 3153 τοῦ
2963 3099 3090 3154 Υίοῦ
3142 3097 3327 3152 αὑτοῦ.
3389 3115 3406 3148 ι
3444 3095 3552 3147 Καὶ
3595 3092 3648 3144 τί
3695 3092 3842 3154 λέγω
3886 3087 3988 3156 τὴν

752 3189 898 3241 tione
931 3186 1212 3240 astrictius
1244 3186 1496 3252 quiddam
1532 3186 1814 3254 magisque
1862 3195 2148 3254 cognatum
2211 3185 2304 3247 sit,
2339 3202 2384 3266 ρ
2420 3216 2435 3250 ι

2303 3229 2304 3237 ι
2339 3202 2384 3266 C
2420 3198 2641 3262 υίότητα
2688 3195 2784 3265 τὴν
2816 3192 3209 3260 πεποιημένην,
3257 3191 3387 3243 ὅταν
3416 3188 3512 3257 τῆς
3557 3183 3793 3255 φυσικῆς
3817 3196 3986 3246 πραισ-

747 3287 802 3332 ει
831 3280 900 3332 ita
921 3279 1033 3331 nati
1058 3279 1228 3346 magis
1256 3276 1345 3328 Dci
1368 3277 1459 3329 lilii
1490 3278 1619 3342 sint,
1646 3291 1804 3344 quam
1837 3291 2022 3330 eorum
2057 3276 2144 3346 qui
2169 3275 2314 3344 ipsos

749 3371 1044 3426 secundum
1103 3384 1304 3438 corpus
1333 3380 1691 3440 procrearunt
1719 3387 1733 3422 :
1769 3367 1932 3437 idque
1958 3384 2024 3422 eo
2059 3368 2316 3437 amplius,

749 3473 953 3533 quanto
996 3462 1227 3529 amplius
1263 3461 1503 3525 illorum,
1539 3476 1699 3529 quam
1731 3463 1970 3513 materia:
1994 3460 2058 3513 ad
2091 3474 2322 3528 concep-

753 3569 866 3608 tum
923 3555 1214 3623 suppositae
1247 3563 1391 3608 sunt.
1410 3551 1550 3619 Quid
1605 3553 1875 3618 enim’est,
1895 3552 2034 3620 quod
2057 3567 2212 3606 veros
2230 3566 2321 3620 pa—

750 3653 858 3696 tres
887 3642 1042 3695 nobis
1061 3641 1386 3706 facit?Quod
1413 3658 1475 3694 ex
1511 3643 1750 3710 ipsorum
1770 3657 1932 3694 carne
1950 3655 2164 3694 carnem
2182 3641 2320 3694 hanc

752 3737 1033 3798 habemus,
1065 3747 1168 3788 ειε
1193 3735 1687 3803 sanguineillorum
1712 3735 1818 3788 vita
1878 3735 2036 3788 nobis
2084 3734 2317 3788 conﬂata

750 3837 856 3881 est.
901 3826 1012 3880 "0c
1041 3841 1168 3880 vero
1217 3828 1347 3879 etin
1408 3824 1690 3880 Salvatore
1750 3827 2106 3896 acquirimus.
2175 3825 2318 3881 Caro

752 3919 896 3971 enim
932 3933 996 3970 ex
1025 3916 1145 3985 ejus
1177 3930 1342 3970 carne
1369 3927 1423 3970 et
1456 3931 1580 3970 ossa
1613 3932 1675 3970 ex
1705 3917 1826 3984 eius
1856 3917 2072 3972 ossibus
2099 3931 2312 3972 sumus.

755 4008 860 4060 Sed
891 4007 1176 4075 utriusque
1209 4008 1610 4061 communionis
1641 4008 1787 4060 haud
1826 4008 2101 4062 mediocre
2154 4008 2320 4061 inter-

753 4101 952 4153 vallum
987 4108 1089 4152 est.
1129 4099 1264 4153 Nam
1293 4099 1348 4152 in
1394 4099 1731 4153 naturalibus
1768 4098 1859 4169 qui
1885 4113 2030 4153 nunc
2061 4106 2143 4153 est
2193 4115 2322 4154 san-

756 4195 876 4258 guis
901 4190 1156 4252 ﬁliorum,
1191 4199 1475 4257 parentum
1507 4190 1618 4260 jam
1653 4208 1757 4244 non
1809 4199 1912 4256 est,
1946 4193 2039 4246 sed
2093 4193 2315 4247 illorum

756 4285 855 4338 fuit
911 4283 1223 4352 priusquam
1261 4281 1496 4337 ﬁliorum
1523 4293 1685 4338 esset.
1718 4286 1894 4352 Atque
1917 4286 2029 4339 haec
2055 4293 2138 4340 est
2167 4285 2320 4353 origo

754 4375 987 4446 generis,
1075 4374 1202 4443 quia
1285 4375 1378 4444 qui
1446 4377 1668 4444 sanguis
1750 4392 1894 4429 nunc
1942 4384 2024 4430 est
2102 4377 2317 4440 horum,

755 4479 880 4522 ante
931 4468 1147 4522 illorum
1213 4479 1348 4522 erat.
1397 4467 1473 4520 Ex
1534 4478 1876 4521 sacramento
1926 4478 2103 4522 autem
2160 4468 2317 4530 istoc,

2420 3290 2714 3357 φυέστερον
2763 3286 2859 3339 καὶ
2917 3285 3340 3352 συγγενέστερον
3391 3279 3528 3352 ἔχῃ,
3599 3277 3692 3330 καὶ
3739 3277 3788 3327 οί
3843 3273 3990 3325 οὕτω

2419 3379 2766 3448 γεννηθέντες
2796 3378 2900 3429 υἱοὶ
2931 3376 3064 3429 Θεοῦ
3120 3374 3320 3444 μᾶλλον
3371 3373 3403 3442 ἢ
3436 3371 3545 3424 τῶν
3576 3368 3990 3437 γεγεννηκότων

2421 3471 2625 3534 αὐτῶν,
2651 3470 2745 3523 καὶ
2770 3470 2988 3522 τοσοῦτο
3032 3469 3256 3536 μᾶλλον,
3305 3467 3428 3520 ὅσον
3457 3464 3685 3515 ἐκείνων
3720 3460 3926 3529 μᾶλλον
3955 3459 3986 3528 ἦ

2421 3564 2530 3614 τῶν
2588 3561 3036 3630 ὑποϐαλλομένων
3092 3558 3231 3622 eici;
3292 3556 3358 3608 Τί
3405 3556 3511 3624 γάρ
3566 3557 3740 3616 ἐστιν,
3788 3551 3817 3602 δ
3860 3553 3990 3607 τοὺς

2419 3655 2637 3724 ἀληθεῖς
2658 3656 2792 3722 ἡμῖν
2838 3652 3078 3718 πατέρας
3104 3649 3392 3712 ποιεῖςἙκ
3416 3647 3523 3700 τῶν
3560 3644 3778 3714 σαρκῶν
3812 3642 3991 3724 αυτῶν

2418 3748 2624 3816 ταύτην
2648 3746 2840 3816 ἔχομεν
2859 3748 2955 3814 τὴν
2979 3745 3176 3812 σάρκα,
3202 3741 3299 3794 καὶ
3319 3743 3382 3792 ὲκ
3403 3740 3511 3791 τῶν
3535 3738 3784 3806 αίμάτων
3809 3734 3992 3787 αὐτῶν

2421 3841 2751 3906 συνέστηκεν
2776 3840 2906 3908 ἡμῖν
2935 3839 2967 3906 ὴ
2995 3837 3130 3903 ζωή.
3158 3833 3328 3887 Τοῦτο
3351 3832 3446 3884 καὶ
3473 3833 3563 3884 ἐπὶ
3583 3829 3678 3882 τοῦ
3711 3827 3989 3895 Σωτῆρος·

2423 3929 2623 3997 σάρκες
2645 3927 2812 3995 ἔσμεν
2839 3928 2900 3979 ἐκ
2919 3927 3026 3978 τῶν
3047 3923 3266 3995 σαρκῶν
3293 3921 3486 3987 αὑτοῦ,
3521 3918 3614 3973 καὶ
3633 3920 3768 3971 ὀστᾶ
3795 3921 3858 3970 ὲκ
3888 3917 3993 3968 τῶν

2420 4017 2596 4072 ὀστῶν
2627 4015 2815 4079 αὑτοῦ,
2846 4015 2982 4068 ἀλλὰ
3010 4015 3110 4083 τῆς
3141 4015 3428 4073 κοινωνίας
3458 4013 3728 4080 ἑκατέρας
3766 4008 3905 4060 πολὺ
3935 4008 3996 4057 τὸ

2424 4110 2608 4181 μέσον.
2647 4107 2771 4160 Ἐπὶ
2807 4107 2906 4177 μὲν
2939 4106 3046 4176 γὰρ
3079 4105 3188 4157 τῶν
3216 4103 3467 4172 φυσικῶν
3499 4105 3560 4154 τὸ
3589 4102 3683 4152 νῦν
3710 4096 3850 4168 αἷμα
3883 4098 3995 4150 τῶν

2423 4201 2628 4253 παίδων
2647 4199 2830 4252 οὐκέτι
2858 4199 2948 4250 καὶ
2983 4197 3090 4249 τῶν
3124 4195 3539 4264 γεγεννηκότων
3577 4191 3747 4253 ἐστὶν,
3779 4189 3896 4241 ἀλλ’
3928 4184 3997 4258 ἦν

2422 4290 2645 4344 ικείνων
2668 4289 2832 4359 πρινὴ
2863 4289 2970 4339 τῶν
3000 4287 3204 4340 παίδων
3237 4281 3400 4346 εἶναι,
3434 4285 3526 4336 καὶ
3555 4281 3712 4334 τοῦτο
3755 4283 3905 4332 ποιεῖ
3937 4280 3998 4329 τὸ

2421 4383 2596 4448 γένος,
2636 4381 2717 4432 ὅτι
2746 4378 2773 4429 ὃ
2797 4376 2890 4430 νῦν
2920 4376 3146 4439 τούτων,
3172 4374 3396 4426 ἐκείνων
3424 4373 3690 4442 πρότερον
3714 4365 3782 4440 ἦν
3804 4386 3817 4399 °
3856 4371 3913 4421 τὸ
3940 4369 3996 4421 δὲ

2422 4473 2520 4540 τῆς
2554 4471 2772 4536 τελετῆς
2798 4469 2979 4538 ἔργον,
3009 4467 3067 4518 τὸ
3096 4461 3233 4530 αἷμα
3259 4458 3303 4532 ᾧ
3330 4463 3532 4530 ζῶμεν,
3561 4462 3656 4513 νῦν
3681 4464 3830 4512 ἐστιν
3857 4454 3999 4527 αἷμα

754 4560 975 4628 sanguis
1039 4573 1148 4626 quo
1178 4557 1428 4621 vivimus,
1461 4558 1623 4612 etiam
1655 4572 1799 4610 nunc
1851 4559 2072 4626 sanguis
2119 4556 2318 4612 Christi
2354 4549 2397 4603 Ι)
2426 4565 2437 4616 1

2309 4559 2318 4610 ἱ
2354 4549 2397 4603 D
2426 4562 2684 4632 Χριστοῦ,
2707 4561 2852 4628 καὶὴ
2874 4559 3031 4627 σὰρξ,
3057 4559 3123 4628 ῆν
3147 4560 3412 4626 πήγνυσιν
3432 4557 3563 4634 ἡμῖν
3583 4555 3644 4606 τὸ
3672 4554 3992 4621 μυστήριον,

754 4659 854 4704 est.
912 4649 976 4701 Et
1038 4661 1188 4710 caro,
1253 4660 1415 4714 quam
1473 4647 1632 4701 nobis
1684 4658 2046 4717 coagmentat,
2125 4663 2326 4717 corpus

754 4741 952 4794 Christi
982 4749 1081 4804 est,
1099 4749 1151 4793 et
1169 4739 1474 4793 communia
1499 4740 1716 4808 insuper
1735 4740 1995 4804 membra,
2018 4741 2319 4793 communis

757 4840 884 4885 vita.

825 4925 997 4989 Atque
1064 4925 1181 4979 haec
1253 4935 1335 4979 est
1392 4939 1514 4978 vera
1569 4925 1905 4987 communio,
1947 4938 2071 4976 cum
2132 4925 2324 4978 ambo-

759 5019 858 5069 bus
895 5017 1032 5069 idem
1059 5018 1247 5070 eodem
1277 5029 1523 5087 tempore
1569 5016 1740 5068 adest.
1791 5014 1923 5068 Nam
1992 5020 2036 5068 si
2093 5025 2320 5084 uterque

760 5111 940 5171 habet,
983 5111 1095 5179 jam
1165 5110 1274 5172 hic,
1306 5111 1415 5177 jam
1456 5111 1565 5171 ille,
1626 5111 1725 5162 hoc
1766 5123 1872 5162 non
1923 5110 2104 5177 potius
2157 5109 2322 5162 fuerit

757 5203 1177 5261 communicare,
1213 5215 1372 5268 quam
1401 5199 1662 5253 disridere
1710 5214 1773 5252 ac
1830 5200 2157 5267 discrepare.
2201 5199 2318 5253 Non

755 5301 838 5345 est
872 5293 1012 5343 eiiim
1047 5294 1190 5359 quod
1222 5293 1534 5361 coniungat,
1563 5291 1817 5360 quoniam
1855 5306 1961 5343 non
2001 5290 2196 5348 habent
2231 5307 2316 5345 se.

756 5383 992 5435 cundum
1028 5383 1167 5435 idem
1216 5384 1400 5446 ambo,
1465 5384 1609 5450 quod
1647 5382 1854 5436 utervis
1921 5383 2071 5438 solus
2135 5384 2314 5437 habet.

757 5469 1019 5536 Quocirca
1051 5490 1148 5527 nec
1179 5489 1304 5528 vere
1342 5485 1589 5528 mutuum
1631 5475 1682 5527 in
1724 5474 1832 5526 ullo
1891 5475 2316 5537 communicant,

761 5579 857 5616 nec
889 5565 1390 5620 communicarmtt.
1416 5567 1518 5619 Sed
1534 5564 1668 5634 quia
1699 5565 1839 5619 idem
1870 5572 1971 5627 est,
1997 5564 2142 5634 quod
2170 5565 2319 5633 prius

756 5665 875 5710 etut
906 5656 1081 5723 hujus,
1118 5671 1265 5710 nunc
1312 5665 1395 5710 cst
1445 5658 1610 5720 illius.
1644 5657 1853 5726 species
1885 5658 2131 5727 quwdam
2165 5671 2315 5711 com-

829 5845 875 5874 “
925 5841 1086 5896 llelit'.
1120 5858 1176 5905 Il,
1217 5842 1298 5895 1⁸5.

2429 4654 2590 4722 σῶμα
2621 4656 2737 4705 ἐστι
2771 4651 2862 4703 τοῦ
2894 4650 3157 4720 Χριστοῦ,
3186 4648 3277 4700 καὶ
3310 4648 3466 4699 κοινὰ
3505 4645 3585 4697 in
3619 4645 3690 4696 τὰ
3726 4644 3869 4712 μέλη
3904 4643 3996 4695 καὶ

2429 4747 2583 4816 κοινὴ
2615 4748 2648 4814 ἡ
2680 4745 2814 4813 tmt-

2499 4925 2669 4977 Τοῦτο
2697 4923 2752 4975 δέ
2776 4923 2925 4973 ἔστιν
2955 4922 2984 4989 η
3009 4917 3214 4988 ἀληθὴς
3244 4915 3522 4978 κοινωνία,
3550 4914 3678 4965 ὅταν
3701 4911 3908 4981 ἀμφοῖν
3936 4910 3996 4962 τὸ

2429 5017 2561 5069 αὐτὸ
2611 5014 2753 5066 κατὰ
2802 5013 2892 5064 τὸν
2951 5011 3111 5063 αὑτὸν
3161 5009 3350 5077 χρόνον
3408 5008 3580 5074 παρῇ,
3630 5003 3712 5063 ὠς
3771 5002 3996 5054 ἐπειδὰν

2428 5109 2684 5175 ἑκάτερος
2718 5105 2835 5173 ἔχῃ.
2869 5103 2961 5155 καὶ
2991 5101 3083 5152 νῦν
3119 5102 3216 5168 μὲν
3246 5093 3420 5162 οὗτος,
3456 5097 3549 5148 νῦν
3579 5096 3635 5148 δὲ
3675 5096 3904 5153 ἐκεῖνος,
3931 5095 3992 5145 οὐ

2427 5201 2701 5252 κοινωνεῖν
2731 5197 2798 5249 ἂν
2830 5195 2912 5261 εἴη
2940 5194 3137 5260 μᾶλλον
3165 5193 3196 5259 ἢ
3226 5193 3520 5243 διεστάναι.
3549 5188 3624 5240 Οὐ
3656 5186 3763 5254 γάρ
3796 5189 3914 5236 ἐστι
3937 5188 3993 5236 τὸ

2427 5293 2718 5351 συνάπτον,
2747 5291 2827 5342 ὅτι
2867 5287 2939 5356 μὴ
2971 5288 3203 5353 πάρεστι
3235 5283 3375 5334 κατὰ
3401 5282 3593 5333 ταύτὸν
3631 5278 3990 5347 ἀμφοτέροις,

2424 5388 2452 5437 ὃ
2483 5401 2544 5450 γε
2586 5383 2742 5450 μόνος
2790 5382 3053 5448 ἑκάτερος
3092 5379 3241 5446 ἔχει’
3283 5377 3406 5427 ὅθεν
3460 5373 3583 5425 οὔτε
3643 5372 3993 5424 κοινωνοῦσιν

2427 5475 2700 5543 ἀλλήλοις,
2740 5468 3052 5524 οὑτινοσοῦν
3094 5468 3308 5531 ἀληθῶς
3348 5464 3470 5517 οὕτε
3514 5465 3999 5530 γτΑοινωνηκασιν,

2427 5565 2541 5619 ἀλλ’
2572 5567 2598 5616 ὃ
2626 5581 2680 5615 τι
2707 5564 2766 5614 τὸ
2799 5563 2931 5614 αὑτό
2955 5565 3119 5624 ἐστιν,
3143 5559 3171 5610 ὃ
3201 5558 3464 5628 πρότερον
3490 5551 3556 5625 ἦν
3578 5555 3793 5616 τούτου,
3816 5553 3913 5606 νῦν
3940 5553 3997 5603 δὲ

2429 5657 2660 5719 ἐκείνου,
2690 5655 2873 5708 εἰκόνα
2907 5654 3027 5706 τινὰ
3080 5652 3366 5712 κοινωνίας
3411 5648 3546 5717 ἔχει.
3584 5645 3856 5714 Καθάπερ
3891 5646 3997 5711 γὰρ
