4262 6460
319 409 415 475 601

1386 416 1480 473 DE
1510 417 1679 476 νιτΑ
1724 418 1807 479 IN
1845 419 2177 480 (ἲΗῆίὸΤο
2240 422 2382 481 LIB.
2430 421 2528 482 IV.

3445 431 3554 493 60!

319 525 423 577 οὐκ
444 524 511 577 ἄν
538 542 619 587 τις
643 527 726 593 εἴη
759 524 1026 591 σύνοικος,
1055 521 1098 592 ᾧ
1123 527 1219 593 τὴν
1247 526 1416 594 αὐτὴν
1447 528 1661 599 ῷκησεν
1686 532 1883 594 οὶκίαν,
1918 540 1960 591 Α
1992 550 2002 586 1

1863 553 1883 594 π,
1918 540 1960 591 Α
1992 534 2265 588 munionis
2314 545 2366 589 et
2399 536 2574 602 imago
2602 534 2824 591 dicenda
2880 546 2963 591 est
2995 539 3186 607 magis,
3208 555 3368 608 quam
3393 558 3546 597 com-

322 617 371 666 sl
425 617 547 683 μετ’
582 618 791 668 ἐκεῖνον
826 616 1024 683 οἰκοίηο
1058 616 1164 668 οὐδ’
1202 618 1374 687 ἀρχῆς
1401 621 1492 670 καὶ
1542 622 1886 687 πραγμάτων

323 708 417 757 καὶ
460 706 761 773 φροντίδων
824 707 1077 769 κοινωνὸς
1113 708 1336 777 ὁτῳοῦν,
1365 710 1423 772 ὃς
1476 711 1749 777 ἐξεδέξατο
1788 714 1887 782 τὴν

321 795 517 864 ἀρχὴν,
554 797 673 847 ἀλλ’
700 796 757 857 ὃς
787 796 853 849 ἂν
901 797 1038 866 πρός
1086 812 1151 863 γε
1203 798 1280 865 τῷ
1331 798 1421 850 τὸν
1466 800 1627 852 αὑτὸν
1668 801 1885 865 οἰκῆσαι

320 887 489 938 τόπον
530 888 627 938 καὶ
656 887 765 939 τῶν
819 890 1001 941 αὐτῶν
1037 889 1337 958 προστῆναι
1396 892 1763 961 πραγμάτων,
1799 892 1876 944 ἔτι

321 977 417 1028 καὶ
442 978 655 1045 χρόνοις
679 978 943 1048 χρήσαιτο
965 982 1075 1043 τοῖς
1094 982 1281 1043 αὐτοῖς
1301 998 1313 1011 ·
1348 983 1437 1035 τὸν
1467 984 1578 1035 ἴσον
1605 984 1883 1037 κάνταῦθα

318 1070 524 1137 τρόπον
564 1069 630 1122 ἂν
661 1071 812 1140 ἔχοι·
852 1073 943 1125 καὶ
983 1074 1185 1142 σαρκὸς
1226 1075 1319 1127 καὶ
1359 1075 1587 1144 αἵματος
1632 1078 1744 1137 τοῖς
1785 1077 1883 1142 μὲν

315 1164 707 1229 γεγεννηκόσιν
752 1164 811 1215 οὐ
867 1165 1031 1227 πάνυ,
1083 1166 1158 1233 μὴ
1208 1166 1300 1217 τὸν
1346 1167 1507 1218 αὑτὸν
1560 1168 1691 1234 ἡμῖν
1746 1168 1887 1218 αὐτὰ

315 1254 650 1324 μετασχοῦσι
674 1257 887 1325 χρόνον,
915 1258 992 1324 τῷ
1015 1258 1235 1325 Χριστῷ
1260 1258 1314 1311 δὲ
1344 1259 1414 1319 ὡς
1450 1258 1667 1327 άληθῶς
1695 1276 1885 1310 κοινω-

310 1346 535 1412 νοῦμεν,
576 1347 712 1414 πρὸς
741 1348 799 1399 ὃν
826 1350 919 1400 καὶ
968 1352 1051 1399 ἀεὶ
1096 1350 1253 1416 σῶμα
1296 1350 1387 1401 καὶ
1433 1346 1570 1417 αἷμα
1603 1351 1696 1403 καὶ
1746 1351 1881 1421 μέλη

311 1445 407 1488 καὶ
440 1438 618 1490 πάντα
642 1439 813 1491 ταῦτα
843 1442 1015 1493 κοινά.
1051 1441 1187 1493 Ειδι
1218 1441 1373 1493 τοῦτο
1403 1444 1547 1493 ποιεῖ
1573 1443 1640 1493 τὰ
1673 1443 1879 1505 παιδία,

305 1531 370 1582 τὸ
410 1531 744 1598 κοινωνῆσαι
777 1532 981 1599 σαρκὸς
1014 1534 1108 1585 καὶ
1143 1532 1397 1600 αἵματος,
1425 1532 1583 1601 δῆλον
1618 1534 1883 1585 καθέστα-

312 1634 414 1684 μεν
447 1617 585 1685 πρὸς
609 1622 697 1669 τὸν
724 1619 953 1687 Σωτῆρα
982 1621 1406 1690 συγγενέστερον
1428 1622 1641 1690 ἔχοντες
1664 1624 1768 1677 ἀπὸ
1789 1624 1883 1691 τῆς

307 1710 595 1778 τραπέζης
645 1711 675 1779 ἢ
717 1713 819 1779 τῆς
860 1712 1077 1779 φύσεως
1128 1715 1263 1782 πρὸς
1313 1716 1439 1776 τοὺς
1480 1717 1882 1783 γεγεννηκότας

304 1802 507 1862 αὐτούς
540 1819 553 1831 ·
596 1802 676 1853 ἔτι
708 1804 888 1855 τοίνυν
910 1806 1007 1872 οὐχ
1045 1804 1192 1868 ἅπαξ
1216 1804 1441 1869 ζωὼσας
1473 1806 1660 1877 ὥσπερ
1685 1810 1880 1873 ἐκεῖνοι

1990 628 2197 681 munio.
2226 625 2379 681 Sicut
2404 630 2547 681 enim
2578 643 2681 681 non
2710 638 2852 684 esset
2880 634 3003 700 quis
3039 634 3445 689 contubernalis
3470 636 3544 700 ei,

1989 732 2109 770 cum
2136 732 2241 784 quo
2269 718 2513 773 eamdem
2547 719 2765 773 domum
2808 721 3093 781 habitaret.
3147 725 3191 777 si
3226 736 3344 789 post
3396 726 3542 779 illum

1990 808 2275 870 habitaret,
2312 824 2409 863 nec
2470 810 2819 877 magistratus
2837 823 2889 866 et
2946 814 3254 883 reipublicae
3292 817 3546 870 curanda:

1986 902 2173 955 socius
2219 900 2399 965 alicui,
2466 902 2559 971 qni
2609 904 2982 972 magistratum
3013 915 3134 972 post
3197 906 3350 958 illum
3385 920 3545 959 occe-

1987 994 2172 1061 pisset,
2236 992 2330 1047 sed
2384 994 2499 1061 qui,
2555 1005 2911 1064 praeterquam
2971 997 3114 1065 quod
3160 999 3349 1051 eodem
3383 1000 3547 1052 modo

1984 1084 2127 1136 aedes
2179 1083 2396 1137 easdem
2437 1085 2718 1148 incoleret,
2769 1095 2824 1139 et
2872 1087 3061 1140 iisdem
3120 1104 3336 1157 quoque
3382 1092 3547 1144 rebus

1986 1190 2106 1229 cum
2138 1175 2362 1243 imperio
2397 1186 2672 1244 praeesset.
2719 1179 2881 1232 etiam
2914 1178 3101 1232 eodem
3141 1189 3377 1247 tempore
3405 1198 3545 1249 prae-

1983 1276 2161 1321 esset:
2206 1267 2299 1320 tali
2334 1268 2492 1320 modo
2548 1284 2605 1322 se
2634 1284 2721 1323 res
2765 1270 2851 1323 hic
2914 1270 3095 1323 habet.
3131 1268 3263 1324 Nam
3302 1288 3464 1327 carne
3493 1283 3547 1328 et

1982 1359 2243 1424 sanguine
2277 1374 2383 1411 non
2414 1357 2704 1411 admodum
2748 1376 2870 1414 cum
2929 1362 3248 1428 parentibus
3289 1378 3408 1429 nos,
3445 1380 3545 1419 nec

1984 1451 2170 1503 eodem
2202 1462 2441 1518 tempore
2462 1450 2517 1503 in
2544 1449 2628 1503 his
2653 1450 2935 1504 nobiscum
2973 1452 3068 1519 ipsi
3107 1454 3541 1508 communicant.

1984 1540 2200 1592 Christo
2240 1549 2417 1593 autem
2461 1556 2648 1593 revera
2696 1542 3187 1605 communicamns.
3255 1558 3377 1598 cum
3435 1561 3545 1613 quo

1983 1647 2196 1700 semper
2227 1640 2280 1684 et
2344 1648 2563 1700 corpus,
2596 1642 2650 1686 et
2684 1634 3023 1702 sanguinem,
3057 1645 3109 1688 et
3175 1638 3445 1701 membra,
3492 1648 3545 1690 et

1981 1723 2161 1777 omnia
2198 1723 2311 1777 haec
2342 1722 2601 1776 habemus
2633 1724 2969 1777 communia.
3001 1725 3153 1790 Quod
3184 1726 3230 1779 si
3268 1727 3371 1780 hoc
3405 1727 3543 1782 ﬁlios

1982 1815 2163 1878 eﬂicit,
2195 1815 2601 1868 communicare
2656 1830 2820 1868 carne
2848 1823 2903 1869 et
2932 1816 3215 1885 sanguine,
3261 1832 3361 1873 nos
3420 1834 3542 1872 ma-

306 1897 402 1945 καὶ
444 1897 862 1964 συστησάμενος
898 1898 1211 1967 ἀπηλλάγη,
1247 1900 1362 1951 ἀλλ’
1394 1901 1480 1952 ἀεὶ
1520 1902 1752 1971 πάρεστι
1784 1902 1876 1954 καὶ
1912 1880 1989 1972 Β]

1856 1902 1876 1953 l
1912 1880 1952 1937 Β
1978 1906 2095 1972 jore
2125 1904 2445 1972 cognatione
2472 1919 2593 1957 cum
2628 1903 2909 1959 Salvatore
2942 1922 3033 1974 per
3058 1922 3268 1960 sacram
3299 1924 3539 1963 mensam

299 1988 538 2056 ἥνωται,
574 1992 666 2041 καὶ
720 1989 895 2058 τούτῳ
952 1992 1101 2057 αύτῷ
1147 1992 1277 2055 (tuo!
1328 1995 1421 2045 καὶ
1470 1996 1750 2064 συνίστησι
1800 1995 1875 2064 τῷ

300 2084 582 2149 παρεῖναι.
620 2082 724 2135 Καὶ
779 2084 891 2135 τῶν
931 2083 1029 2151 μὲν
1061 2086 1468 2153 γεγεννηκότων
1498 2086 1874 2155 ἀφεστηκότας

297 2173 460 2225 οὐδὲν
494 2174 689 2226 κωλύει
720 2178 1016 2243 περιεῖναι,
1045 2178 1170 2235 τοὺς
1197 2176 1252 2229 et
1280 2178 1372 2229 τοῦ
1405 2176 1642 2247 Χριστοῦ
1669 2180 1875 2232 διῖστα-

300 2268 503 2333 μένους
558 2268 710 2320 οὐδὲν
756 2269 885 2321 άλλο
922 2269 1106 2321 λοιπὸν
1150 2270 1183 2338 ἢ
1222 2270 1493 2323 τεθνάναι.
1536 2272 1641 2322 Kal
1703 2272 1754 2321 τί
1798 2271 1871 2339 μὴ

297 2360 448 2425 λέγω
502 2360 565 2412 τὸ
628 2360 853 2427 μεῖζονς
899 2361 1169 2428 Συστῆναι
1229 2362 1328 2429 μὲν
1378 2361 1485 2429 γὰρ
1539 2361 1738 2424 αὐτοὺς
1789 2362 1873 2430 ἐφ’

296 2451 517 2504 ἑαυτῶν
570 2452 696 2513 τοὺς
751 2453 887 2513 υἱεῖς
940 2452 1042 2504 οὐκ
1094 2452 1210 2503 ἐστι
1276 2452 1350 2519 μή
1394 2452 1719 2515 διαστάντας
1765 2452 1873 2505 τῶν

298 2541 743 2611 γεγεννηκότων,
786 2542 920 2593 ἀλλὰ
958 2541 1115 2594 τοῦτο
1145 2544 1290 2593 ποιεῖ
1318 2541 1445 2601 τοὺς
1480 2541 1577 2609 μὲν
1615 2559 1873 2611 γεγεννη-

297 2630 459 2682 κέναι
516 2632 639 2691 τοὺς
668 2631 726 2683 δὲ
758 2631 1119 2699 γεγεννῆσθαι
1149 2632 1249 2699 τὴν
1281 2630 1457 2699 ἀρχὴν
1486 2631 1562 2697 τῷ
1594 2632 1873 2703 διαιρεοῆ-

297 2738 422 2773 ναι·
462 2725 494 2790 ή
533 2722 577 2774 δ’
607 2724 700 2775 ἐπὶ
729 2724 837 2778 τῶν
870 2724 1189 2792 μυστηρίων
1222 2724 1405 2792 υῑότης
1441 2726 1499 2775 εν
1533 2725 1609 2793 τῷ
1640 2729 1874 2777 συνεῖναι

300 2814 403 2866 καὶ
452 2816 732 2867 κοινωνεῖν
764 2817 903 2879 ἐστι,
934 2816 1028 2867 καὶ
1058 2815 1220 2867 τοῦτό
1256 2816 1372 2867 ἐστι
1410 2816 1735 2886 διεφθάρθαι
1784 2820 1875 2871 καὶ

303 2906 504 2973 μηκέτ’
534 2903 697 2961 εἶναι.

1982 1996 2298 2057 devinctos,
2358 2010 2517 2061 quam
2577 2011 2670 2063 per
2728 2008 2973 2049 naturam
3036 2012 3159 2051 cum
3225 2002 3544 2067 parentibus

1981 2087 2133 2155 ipsis,
2177 2084 2520 2140 manifestum
2550 2094 2652 2139 est.
2687 2085 2803 2139 Jam
2858 2103 2985 2141 vero
3040 2104 3146 2142 non
3194 2105 3316 2143 cum
3377 2090 3543 2144 semel

1983 2195 2081 2232 nos
2113 2179 2263 2232 vivos
2295 2189 2633 2247 procreasset
2664 2177 3079 2248 l'ormassetque,
3115 2190 3176 2233 nt
3237 2182 3336 2245 illi,
3367 2196 3426 2235 se
3455 2198 3543 2234 re-

1983 2269 2189 2323 movit:
2226 2272 2319 2323 setl
2350 2285 2630 2337 nunquam
2669 2286 2774 2323 non
2817 2272 2989 2334 adest,
3032 2281 3086 2326 et
3116 2274 3303 2327 unitns
3357 2284 3459 2336 est,
3492 2283 3545 2325 et

1981 2361 2081 2415 hoc
2109 2362 2226 2429 ipso
2264 2362 2408 2429 quod
2446 2363 2624 2423 adest,
2678 2376 2781 2415 nos
2832 2362 3068 2416 viviﬁcat
3096 2374 3147 2417 et
3202 2364 3420 2417 format.
3480 2364 3546 2417 Et

1979 2456 2256 2520 sejunctos
2285 2456 2502 2524 quidem
2525 2470 2552 2508 a
2580 2457 2887 2523 parentibus
2911 2456 3042 2509 nihil
3072 2466 3213 2511 vetat
3236 2473 3543 2525 superesse,

1979 2546 2255 2600 aChristo
2286 2557 2464 2600 autem
2508 2546 2795 2612 separatis,
2869 2554 3065 2615 praeter
3128 2557 3353 2600 mortem
3410 2548 3545 2600 nihil

1979 2638 2407 2707 exspectandum
2464 2648 2565 2691 est.
2622 2636 2725 2691 Sed
2778 2653 2878 2691 cur
2928 2638 3101 2707 majus
3138 2639 3394 2707 quiddam
3435 2654 3543 2692 non

1982 2730 2148 2784 dico?
2185 2729 2411 2797 Fingere
2444 2728 2574 2795 ipsis
2605 2729 2656 2780 in
2723 2728 3027 2797 semetipsis
3058 2728 3221 2791 ﬁlios,
3269 2730 3394 2797 quia
3455 2745 3547 2797 pa-

1984 2820 2229 2874 rentibus
2256 2834 2361 2873 non
2410 2816 2760 2878 dirimantur,
2830 2818 2973 2871 haud
3034 2820 3370 2873 conceditur.
3434 2820 3541 2874 Sed

1901 2902 1945 2962 C
1982 2911 2108 2979 quia
2141 2910 2232 2962 alii
2267 2918 2618 2979 generarunt,
2675 2910 2767 2963 alii
2820 2914 3058 2978 generati
3108 2921 3253 2974 sunt,
3294 2913 3395 2965 hoc
3451 2926 3544 2964 eos

301 3014 531 3067 prorsus
559 2998 788 3059 dirimit,
817 3013 882 3052 ac
912 2999 1161 3067 seiungit.
1194 3001 1324 3053 Esse
1379 3011 1558 3054 autem
1602 3002 1740 3055 filios
1802 3002 1852 3055 in
1904 3005 2198 3075 mysteriis,
2234 3002 2285 3055 in
2320 3004 2644 3055 commercio
2680 3013 2732 3055 et
2782 3004 3274 3058 communicatione
3306 3006 3541 3073 positum

299 3100 404 3154 est,
436 3101 492 3145 et
558 3091 905 3159 separari'ac
950 3092 1185 3161 sejungi,
1240 3094 1343 3148 hoc
1379 3106 1463 3149 est
1518 3110 1626 3149 non
1676 3096 2063 3165 ampliusesse,
2119 3098 2211 3150 sed
2262 3097 2485 3149 omnino
2531 3096 2773 3163 periisse.

376 3191 590 3246 Οὐκοῦν
622 3192 670 3242 εἰ
703 3189 988 3241 κοινωνίαν
1015 3190 1139 3241 τινὰ
1174 3190 1422 3259 βούλεται
1451 3192 1511 3243 τὸ
1547 3193 1643 3261 τῆς
1686 3210 1881 3259 συγγε-

303 3286 459 3347 νείας
489 3284 684 3353 ὄνομα,
725 3284 817 3336 καὶ
842 3282 1067 3343 τούτους
1101 3278 1254 3351 οἶμαι
1291 3282 1485 3352 μηνύει
1520 3289 1644 3346 τοὺς
1688 3284 1880 3353 αἵματι

305 3376 473 3446 κοινῷ
511 3377 920 3443 συνημμένους,
952 3377 1085 3444 μόνη
1114 3375 1212 3445 μὲν
1253 3376 1482 3443 αἵματος
1526 3376 1592 3428 ἄν
1626 3376 1709 3443 εἴη
1763 3393 1876 3427 κοι-

304 3472 492 3538 νότης,
545 3468 682 3537 μόνη
722 3467 779 3520 δὲ
829 3468 1121 3535 συγγένεια
1164 3469 1259 3520 καὶ
1310 3469 1519 3535 υῑότης,
1551 3468 1675 3520 καθ’
1704 3469 1768 3538 ἢν
1803 3468 1879 3536 τῷ

303 3561 532 3631 Χριστῷ
564 3558 954 3629 κοινωνοῦμεν.
1016 3561 1115 3611 Διὰ
1165 3559 1323 3611 τοῦτο
1366 3560 1462 3611 καὶ
1498 3560 1595 3628 τὴν
1641 3560 1879 3629 φυσικὴν

301 3630 561 3721 γέννησιν
589 3651 957 3719 ἀποκρύπτει,
983 3650 1202 3702 ἐπειδάν
1234 3652 1325 3702 ἐπὶ
1350 3651 1457 3703 τῶν
1480 3652 1657 3703 αὐτῶν
1684 3651 1879 3717 γένων-

300 3762 394 3797 ται
414 3759 428 3775 ·
464 3760 483 3793 ι
518 3744 673 3795 Ὀσοι
697 3742 806 3809 γὰρ
827 3740 1017 3794 ἔλαϐον
1037 3741 1222 3807 αὑτὸν,
1246 3743 1431 3812 φησιν.
1466 3742 1651 3805 αὐτοῖς
1680 3741 1876 3794 ἔδωκεν

302 3837 557 3899 ἑξουσίαν
581 3836 752 3888 τέκνα
771 3832 908 3887 Θεοῦ
937 3833 1192 3901 γενέσθαι
1215 3847 1231 3864 ⁸
1265 3853 1281 3884 ι
1315 3834 1499 3886 καίτοι
1523 3836 1877 3902 γεγέννηνται

302 3927 396 3978 καὶ
420 3925 627 3994 σάρκες
650 3920 789 3991 ἦσαν
815 3922 867 3975 οἱ
892 3914 1311 3990 γεγεννηκότες,
1336 3924 1431 3975 καὶ
1454 3924 1552 3993 τῆς
1571 3926 1877 3993 γεννήσεως

299 4018 549 4086 προτέρα
590 4014 798 4082 ταύτης
846 4014 1066 4082 ὲκείνη’
1117 4012 1251 4067 ἀλλὰ
1293 4015 1548 4067 τοσοῦτον
1582 4017 1613 4084 ἡ
1651 4015 1877 4084 δευτέρα

302 4106 691 4176 κατεκράτησε
736 4105 838 4173 τῆς
884 4104 1291 4174 πρεσϐυτέρας,
1351 4105 1493 4158 ὥστε
1551 4107 1683 4175 μηδὲ
1732 4108 1877 4173 [χνος

302 4203 524 4270 ἐκείνης
560 4199 693 4268 μηδὲ
730 4199 901 4267 ὄνομα
936 4198 1123 4250 λοιπὸν
1152 4196 1312 4261 εἶναι,
1341 4202 1433 4251 καὶ
1467 4199 1640 4261 οὕτως
1671 4202 1697 4251 ό
1735 4200 1876 4269 ἱερὸς

300 4293 469 4362 ἄρτος
489 4288 579 4342 τδν
596 4288 716 4341 νέον
738 4288 978 4353 εἰσάγων
998 4287 1282 4356 άνθρωπον
1310 4289 1605 4357 πρόρριζον
1624 4289 1875 4341 ἐκϐάλλει

294 4384 394 4434 τὸν
417 4379 671 4432 παλαιόν.
706 4378 816 4431 Καὶ
840 4377 1001 4431 τοῦτο
1032 4380 1141 4449 γὰρ
1172 4380 1272 4442 τῆς
1300 4379 1450 4447 ἱερᾶς
1482 4380 1642 4447 ἔργον
1668 4381 1874 4449 τραπέο

2054 3193 2238 3262 Itaque
2271 3194 2315 3246 si
2355 3206 2547 3245 nomen
2589 3192 2930 3259 cognationis
2970 3192 3412 3247 communionem
3442 3195 3544 3248 ali-

1982 3300 2144 3353 quam
2180 3284 2470 3353 signiﬁcat,
2508 3294 2562 3336 et
2595 3299 2689 3337 eos
2730 3284 2955 3347 indicat,
2991 3286 3208 3353 opinor,
3240 3285 3333 3353 qni
3388 3300 3541 3338 com-

1984 3375 2245 3428 munitate
2277 3374 2561 3442 sanguinis
2618 3374 2857 3441 copulati
2891 3385 3038 3436 sunt,
3095 3376 3207 3426 sola
3270 3376 3372 3428 erit
3418 3390 3545 3429 san-

1982 3468 2163 3537 guinis
2203 3466 2547 3525 communio.
2580 3467 2693 3518 sola
2724 3466 2972 3532 cognatio
3030 3474 3085 3519 et
3114 3466 3323 3528 liliatio,
3351 3482 3545 3520 secun-

1981 3559 2107 3611 dum
2142 3572 2303 3626 quam
2344 3571 2467 3610 cum
2498 3556 2718 3609 Christo
2750 3557 3241 3611 communicamns.
3274 3558 3460 3624 Itaque
3488 3570 3540 3611 et

1982 3650 2242 3703 naturalis
2278 3647 2554 3717 generatio
2592 3648 2643 3700 in
2678 3646 2762 3699 bis
2796 3648 3142 3700 obscuratur.
3187 3666 3205 3697 ε
3262 3648 3541 3717 Quotquot

1981 3751 2158 3793 autem
2194 3755 2316 3792 eum
2348 3746 2687 3807 receperunt,
2719 3739 2910 3807 inquit,
2944 3739 3089 3791 dedit
3110 3738 3188 3791 eis
3220 3748 3538 3807 potestatem

1982 3831 2121 3885 ﬁlios
2164 3832 2252 3885 Dei
2282 3830 2393 3883 ﬁeri
2425 3831 2491 3882 “.
2532 3848 2551 3880 ο
2590 3829 2705 3883 Non
2748 3840 2880 3883 sunt
2913 3831 3023 3883 nati
3048 3846 3113 3883 es
3155 3832 3537 3899 sanguinibns,

1982 3922 2193 3976 tametsi
2225 3922 2334 3978 nati
2364 3930 2511 3985 sunt,
2537 3930 2589 3974 et
2638 3921 2730 3991 qui
2798 3936 2894 3975 eos
2944 3932 3265 3989 genuerunt,
3321 3938 3538 3981 carnem

1980 4016 2151 4069 induti
2185 4014 2420 4075 fuerunt.
2452 4022 2504 4068 et
2524 4023 2709 4083 partus
2742 4014 2831 4069 ille
2890 4015 3033 4070 hunc
3095 4016 3389 4082 praecessit.
3417 4014 3522 4068 Sed

1979 4108 2327 4161 vetustiorem
2364 4108 2637 4160 recentior
2675 4114 2755 4161 tot
2785 4106 3030 4175 partibus
3064 4108 3193 4161 vicit
3225 4146 3241 4171 .
3283 4117 3341 4161 ut
3392 4108 3539 4163 illius

1980 4214 2151 4265 neque
2187 4198 2487 4267 vestigium.
2530 4212 2703 4265 neque
2727 4212 2920 4251 nomen
2952 4199 3207 4266 supersit.
3240 4199 3303 4251 Et
3346 4199 3417 4251 ita
3450 4214 3538 4252 sa«

1978 4306 2067 4344 cur
2102 4290 2254 4358 panis
2281 4304 2476 4341 novum
2516 4288 2789 4342 hominem
2853 4288 3225 4351 introducens,
3277 4289 3536 4342 radicitus

1980 4388 2212 4433 veterem
2250 4380 2398 4444 ejicit
2426 4395 2439 4439 ;
2474 4393 2596 4431 nam
2630 4388 2682 4431 et
2715 4378 2854 4430 istuc
2886 4393 3055 4431 sacra:
3106 4393 3307 4431 mensa:
3363 4380 3537 4447 quod-

298 4475 402 4541 ζης
421 4489 432 4502 ·
469 4472 518 4523 οῑ
543 4472 654 4539 γὰρ
679 4469 936 4529 λαϐόντες
962 4470 1147 4532 αὐτὸν,
1171 4470 1358 4537 φησιν,
1377 4470 1477 4522 οὐκ
1507 4471 1871 4541 ἐγεννήθησαν
1908 4484 1947 4536 [)
1976 4494 1981 4513 ι

1850 4491 1871 4521 ν
1908 4484 1947 4536 [)
1976 4471 2099 4523 dam
2164 4485 2360 4522 munus
2393 4478 2495 4522 est.
2534 4468 2741 4521 Etenim
2800 4468 2895 4536 qui
2926 4480 3242 4536 receperunt
3269 4485 3413 4532 eum,
3453 4471 3533 4523 in-

294 4563 360 4627 ὲξ
395 4561 648 4630 αἱμάτων
674 4577 688 4592 ·
714 4560 845 4611 πότε
880 4559 935 4611 δὲ
963 4559 1125 4611 αὑτὸν
1154 4559 1529 4629 λαμϐάνομεν,
1564 4562 1876 4629 ὲπιγνῶμεν

290 4655 355 4708 τὸ
385 4654 565 4722 ῥῆμα,
602 4652 698 4705 καὶ
728 4650 857 4719 παρ’
889 4644 933 4717 ᾧ
962 4650 1072 4703 τῶν
1102 4652 1419 4721 μυστηρίων
1448 4653 1663 4719 εἴρηται
1694 4652 1869 4715 τοῦτο,

290 4751 443 4817 λέγω
498 4747 563 4815 δὴ
609 4746 692 4809 τὸ,
751 4764 769 4797 ι
841 4746 1087 4798 Λάϐετεο
1150 4763 1169 4796 s
1219 4744 1377 4814 δῆλον
1416 4747 1547 4815 γὰρ,
1578 4745 1651 4803 ὼς
1695 4746 1787 4797 επὶ
1816 4745 1875 4797 τὸ

289 4844 518 4896 δεῖπνον
582 4837 758 4907 ταύτῃ
810 4836 1130 4904 καλούμεθα
1186 4839 1253 4906 τῇ
1304 4838 1477 4904 φωνῇ,
1542 4836 1664 4888 καθ’
1698 4836 1726 4889 ὃ
1782 4838 1872 4889 τὸν

289 4932 537 5001 Χριστὸν
562 4931 660 4983 καὶ
694 4931 853 4998 χερσὶ
893 4929 1244 4997 λαμϐάνομεν
1267 4927 1487 4995 ἀληθῶς
1519 4929 1612 4980 καὶ
1643 4929 1871 4996 στόματι

289 5022 570 5093 δεχόμεθα
672 5023 768 5073 καὶ
822 5021 969 5089 ψυχῇ
1047 5019 1433 5089 συμμίγνυμεν
1492 5020 1588 5071 καὶ
1661 5018 1873 5086 σώματι

293 5116 650 5182 συνάπτομεν
699 5113 795 5165 καὶ
838 5111 1116 5181 κιρνῶμεν
1145 5111 1362 5179 αἵματι.
1396 5110 1487 5161 καὶ
1520 5109 1781 5177 πρόσεστι
1812 5110 1873 5159 τὸ

290 5207 548 5267 δικαίως.
604 5204 733 5265 Τοῖς
779 5203 889 5272 γὰρ
923 5202 1065 5254 οὕτω
1106 5202 1197 5254 τὸν
1249 5203 1477 5271 Σωτῆρα
1524 5203 1616 5255 καὶ
1648 5201 1872 5254 λαϐοῦσι

292 5300 390 5352 καὶ
427 5295 769 5365 κατασχοῦσι
792 5294 1073 5357 διατέλους
1098 5295 1215 5346 ἐστὶ
1242 5295 1341 5363 μὲν
1370 5295 1528 5357 αὐτὸς
1556 5294 1872 5364 ἁρμόζουσα

288 5389 531 5459 κεφαλὴ,
567 5388 743 5456 τούτῳ
784 5387 841 5439 δὲ
875 5387 1073 5439 ἐκεῖνοι
1100 5386 1381 5455 πρέποντα
1415 5386 1581 5454 μέλη·
1617 5388 1871 5454 γέννησιν

285 5482 343 5533 δὲ
373 5482 443 5531 τὰ
493 5479 630 5547 μέλη
668 5477 1001 5547 γεννηθῆναι
1035 5482 1100 5545 τῇ
1147 5477 1356 5546 κεφαλῇ
1391 5477 1492 5546 τὴν
1538 5477 1707 5543 αὐτὴν
1743 5478 1872 5529 ἀκό-

287 5571 484 5624 λουθον
516 5566 602 5639 ἦν.
640 5571 757 5623 Οὐκ
787 5569 847 5633 ἐξ
874 5569 1125 5635 αἱμάτων
1175 5570 1208 5637 ἡ
1251 5570 1383 5637 σὰρξ
1418 5569 1603 5638 ἐκείνη
1650 5568 1773 5620 οὐδὲ
1805 5570 1869 5619 ὲκ

291 5660 614 5733 θελήματος
645 5662 847 5731 σαρκὸς
884 5660 1002 5714 ιῦδὲ
1050 5664 1112 5713 ἐκ
1161 5661 1469 5729 θελήματος
1502 5660 1714 5731 άνδρδῖ,
1759 5661 1871 5713 ἀλλ’

367 5836 594 5890 "Joan.
640 5855 674 5903 ι,
729 5838 809 5890 l2.
889 5839 931 5869 ⁸³
982 5835 1172 5890 Matth.
1214 5853 1357 5897 sxw,
1390 5837 1574 5891 26-27.

1981 4563 2117 4630 quit,
2151 4576 2255 4614 non
2297 4569 2425 4614 sunt
2454 4560 2563 4613 nati
2598 4575 2662 4612 es
2699 4560 3076 4628 sanguinibus.
3102 4559 3324 4625 Quoties
3355 4570 3531 4614 autem

1981 4654 2156 4722 ipsum
2187 4652 2499 4719 recipimus,
2558 4652 2717 4705 toties
2764 4652 2988 4705 verbum
3044 4653 3147 4704 hoc
3184 4654 3528 4719 experimur;

1976 4756 2029 4798 et
2066 4746 2117 4797 in
2169 4759 2277 4812 quo
2314 4744 2573 4813 mysterio
2614 4742 2814 4797 dictum
2874 4747 2945 4797 sit
3001 4742 3123 4805 hoc,
3159 4761 3176 4793 ι
3213 4744 3469 4806 Accipite.
3505 4762 3523 4792 s

1979 4838 2198 4905 inquam
2225 4836 2293 4889 ".
2327 4834 2550 4889 Certum
2580 4843 2665 4889 est
2693 4837 2745 4888 in
2778 4850 2930 4889 caena
2967 4849 3062 4887 nos
3101 4835 3201 4888 hac
3239 4850 3365 4888 voce
3394 4835 3532 4886 invi-

1978 4932 2101 4992 tari,
2137 4930 2190 4982 in
2230 4944 2333 4997 qua
2372 4928 2645 4983 Christum
2676 4938 2731 4982 et
2764 4929 3013 4981 manibus
3046 4944 3169 4981 vere
3209 4928 3528 4995 accipimus.

1974 5036 2024 5076 et
2055 5037 2148 5076 ore
2187 5021 2532 5089 suscipimus,
2558 5029 2611 5073 et
2640 5021 2836 5073 animae
2894 5019 3279 5085 admiscemus,
3310 5029 3362 5073 et
3414 5036 3537 5073 cor-

1978 5115 2093 5185 pori
2125 5114 2467 5181 c0pnlamus,
2502 5122 2554 5165 et
2591 5111 2843 5179 sanguini
2876 5111 3271 5181 immergimus.
3302 5113 3363 5164 Et
3411 5112 3534 5180 jure

1976 5206 2225 5276 quidem.
2265 5205 2355 5257 Sic
2418 5203 2561 5257 enim
2631 5203 2965 5256 Salvatorem
3015 5214 3066 5255 et
3119 5203 3529 5270 accipientibus,

1974 5310 2025 5351 et
2052 5312 2224 5365 usque
2249 5297 2312 5349 ad
2345 5306 2650 5349 extremum
2670 5296 2790 5350 vita
2821 5297 3198 5359 retinentibus,
3228 5296 3342 5362 ipse
3374 5303 3532 5362 caput

1977 5391 2225 5444 idoneum
2256 5400 2310 5441 et
2338 5390 2664 5444 conveniens
2694 5396 2795 5451 est,
2853 5398 2909 5440 et
2968 5388 3066 5457 ipsi
3092 5390 3261 5441 eidem
3288 5386 3527 5438 membra

1976 5482 2218 5535 decentia
2250 5481 2476 5545 ;eadem
2503 5490 2679 5534 autem
2714 5479 3068 5548 generatione
3098 5479 3336 5530 membra
3365 5476 3526 5542 capiti

1977 5572 2225 5640 generari
2285 5586 2497 5639 aequum
2556 5579 2694 5625 erat.
2739 5570 2857 5624 Non
2915 5572 3056 5623 enim
3090 5586 3119 5623 e
3173 5567 3529 5637 sanguinibus

1980 5677 2108 5716 caro
2139 5662 2257 5727 illa,
2295 5676 2467 5731 neque
2504 5675 2568 5716 ex
2600 5662 2877 5717 voluntate
2909 5660 3115 5723 carnis,
3144 5673 3316 5727 neque
3342 5672 3409 5711 ex
3433 5672 3531 5711 vo-
