4262 6460
711 458 816 522 6‘3

716 583 922 634 lnntate
958 575 1057 630 \‘iri
1084 577 1167 640 “‘;
1211 589 1268 630 se

721 693 741 723 ε
787 669 936 734 Quod
979 667 1121 721 enim
1159 665 1210 717 in
1238 680 1300 717 ea
1334 675 1518 717 natum
1575 673 1678 725 est,
1738 663 1931 730 inquit,
1964 663 2030 715 de
2080 661 2285 729 Spiritu

717 775 908 817 sancto
966 769 1048 814 cst
1099 759 1217 809 ⁸⁷.»
1258 756 1320 808 Et
1389 753 1632 808 membra
1710 754 1817 806 isto
1893 755 2052 806 modo
2138 751 2288 804 nasci

720 863 1140 908 consentaneum
1171 857 1252 904 est
1281 889 1295 910 ,
1343 847 1776 916 quandoquidem
1819 856 1870 898 et
1926 845 2040 912 ipsa
2099 844 2290 912 capitis

722 945 996 1010 generatio
1029 943 1308 996 beatorum
1341 944 1565 994 istorum
1603 940 1965 993 membrorum
2015 938 2291 1006 generatio

722 1046 823 1088 est.
858 1034 970 1087 Hoc
999 1034 1141 1086 enim
1174 1041 1254 1086 est
1281 1035 1581 1086 constituta
1641 1046 1758 1083 esse
1806 1031 2068 1088 membra.
2105 1035 2290 1082 natum

724 1142 846 1179 esse
870 1134 1052 1193 caput.
1087 1125 1240 1189 Quod
1274 1124 1318 1176 si
1355 1124 1516 1177 etiam
1570 1124 1766 1190 cuique
1805 1121 2135 1190 principium
2171 1121 2293 1173 vitae

727 1227 808 1269 est
833 1218 1133 1285 generatio,
1158 1225 1210 1268 et
1242 1217 1420 1288 vitam,
1453 1215 1761 1272 inchoasse,
1793 1222 1876 1267 est
1932 1223 2116 1266 natum
2150 1227 2292 1276 esse,

730 1309 989 1369 quoidam
1016 1309 1125 1362 vita
1162 1309 1261 1376 ipsi
1293 1306 1682 1362 adhzerentium
1718 1305 1973 1358 Christus
2031 1313 2134 1367 est,
2193 1303 2294 1372 ipsi

728 1401 946 1454 Christo
974 1400 1140 1453 vitam
1185 1399 1327 1452 hanc
1360 1399 1629 1468 ingresso,
1687 1407 1923 1466 natoque
1976 1400 2088 1451 nati
2145 1406 2296 1452 sunt.

731 1492 933 1544 Tantus
962 1490 1225 1543 honorum
1261 1504 1488 1543 acervus
1512 1503 1540 1542 e
1568 1504 1722 1543 sacra
1755 1503 1940 1542 mensa
1995 1489 2158 1542 nobis
2201 1505 2298 1544 ex-

732 1581 930 1636 mitur.
957 1582 994 1634 A
1030 1596 1186 1648 pmna
1231 1581 1440 1643 liberat,
1472 1580 1730 1647 pudorem
1781 1595 1846 1634 ex
1875 1587 2094 1648 peccato
2121 1579 2298 1632 orien-

735 1684 839 1726 tem
871 1675 1086 1737 exterit,
1123 1674 1581 1742 pulchritudinem
1622 1683 1856 1742 reparat,
1913 1673 2140 1727 Christo
2196 1673 2298 1741 ipsi

735 1762 940 1816 arctius
968 1763 1158 1832 alligat
1205 1779 1367 1833 quam
1402 1763 1673 1818 naturalia
1708 1763 1920 1817 vincula
1954 1771 2158 1831 queant
2183 1763 2302 1816 alli-

735 1868 892 1918 gare;
927 1863 986 1908 ttt
1012 1857 1172 1910 simul
1204 1865 1258 1910 ct
1318 1855 1486 1910 semel
1538 1855 1736 1919 dicam,
1793 1853 1990 1922 quovis
2043 1854 2303 1924 mysterio

735 1948 1097 2003 excellentius
1130 1964 1258 2004 vero
1286 1948 1706 2005 Christianismo
1731 1946 2000 2016 perfectos
2032 1947 2233 2002 reddit.

809 2123 908 2178 Hic
932 2126 1122 2181 multis
1154 2126 1303 2181 venit
1333 2126 1388 2182 in
1440 2135 1676 2182 mentem
1714 2126 1976 2183 admirari
2009 2143 2172 2196 super
2204 2128 2309 2182 hoc

738 2226 1083 2270 sacrau'iento
1140 2218 1436 2284 quomodo,
1500 2233 1624 2272 cum
1661 2219 1731 2273 sit
1791 2218 2308 2274 excellentissimum

737 2309 1008 2373 omnium,
1053 2310 1281 2379 ipsoque
1337 2310 1606 2379 baptismo
1657 2311 1858 2380 majus,
1894 2310 1949 2365 in
1992 2311 2312 2384 criminibus

741 2408 922 2452 tamen
953 2399 1201 2454 eluendis
1231 2399 1412 2455 minus
1438 2416 1502 2454 eo
1533 2416 1692 2468 posse
1716 2402 1981 2456 videatur.
2033 2401 2123 2456 llle
2170 2403 2311 2456 enim

743 2491 879 2544 nihil
902 2491 1068 2558 exigit
1099 2491 1304 2546 laboris
1330 2510 1344 2557 ;
1371 2493 1474 2547 hoc
1504 2493 1828 2547 antecedere
1861 2493 2074 2548 labores
2096 2493 2312 2548 debent.

744 2583 802 2637 Et
818 2593 1167 2654 purgatorum
1186 2583 1400 2652 quidem
1421 2584 1516 2647 ibi,
1533 2584 1601 2638 ab
1623 2583 1688 2638 iis
1709 2585 1797 2653 qui
1824 2583 2090 2638 maculam
2111 2586 2314 2639 nullam

744 2691 967 2742 prorsus
1013 2684 1427 2752 contraxerunt,
1484 2675 1691 2730 nullum
1750 2687 1832 2733 est
1882 2678 2207 2742 discrimen;
2250 2679 2317 2734 ad

744 2782 953 2820 caenam
980 2777 1159 2821 autem
1182 2767 1580 2831 ventitantium,
1620 2768 1807 2824 multis
1854 2778 2202 2838 peccatorum
2241 2771 2322 2825 in-

745 2870 873 2913 sunt
897 2859 1142 2928 vestigia.
1180 2858 1242 2914 Et
1266 2867 1326 2912 ut
1347 2859 1660 2914 distinctius
1685 2859 2007 2929 pleniusque
2051 2862 2317 2928 dicamus,

744 2967 865 3004 cum
901 2953 1004 3005 tria
1029 2952 1132 3005 ista
1164 2951 1220 3005 in
1250 2951 1491 3020 peccatis
1527 2951 1947 3006 considerentur
1979 2970 1994 3007 :
2048 2955 2322 3023 peccantis

746 3058 994 3110 perversa
1037 3043 1197 3106 actio,
1224 3056 1382 3112 pmna
1413 3042 1482 3096 ob
1502 3057 1622 3096 eam
1657 3044 1879 3106 luenda,
1936 3043 2063 3098 inde
2123 3044 2320 3113 injecta

746 3131 941 3184 animae
967 3130 1318 3200 proclivitas:
1353 3132 1424 3187 ab
1468 3132 1688 3186 actione
1737 3143 2083 3202 peccatorem
2139 3135 2322 3204 ipsum

1927 451 2237 515 NlCOLAt
2277 448 2662 509 CABASILIE

2391 655 2668 725 γεννηθὲν,
2739 655 2926 722 φησὶν,
2972 654 3037 704 ὲκ
3087 650 3403 719 Πνεύματός
3433 648 3599 700 tam!

2392 749 2538 809 είκὸς
2559 742 2629 815 ῆν
2654 747 2747 799 καὶ
2775 746 2844 798 τά
2878 745 3014 814 μέλη
3041 743 3230 796 τοῦτον
3251 739 3587 808 γεννηθῆναι
3613 735 3707 788 τὸν
3736 736 3962 803 τρόπον.

2393 838 2528 890 ὅπου
2551 852 2614 903 γε
2637 835 2731 888 καὶ
2754 835 2895 903 αὐτὴ
2917 836 2951 903 ἡ
2973 834 3228 901 γέννησις
3252 831 3350 897 τῆς
3372 828 3618 895 κεφαλῆς
3647 827 3754 878 τῶν
3785 823 3963 893 μελῶν

2393 928 2502 982 τῶν
2534 926 2821 997 μακαρίων
2847 926 3097 994 γέννησις
3130 918 3220 990 ῆν.
3263 920 3434 974 Τοῦτο
3462 919 3572 986 γὰρ
3595 913 3666 987 ἦν
3695 915 3964 983 συστῆναι

2395 1019 2462 1073 τὰ
2497 1019 2657 1088 μέλη,
2692 1018 2752 1070 τδ
2787 1016 3114 1086 γεννηθῆναι
3155 1014 3255 1082 τὴν
3294 1011 3568 1078 κεφαλήνο
3606 1011 3653 1061 εί
3695 1009 3753 1061 δὲ
3789 1006 3884 1059 καὶ
3932 1007 3965 1072 ὴ

2397 1111 2664 1180 ἀρχὴτῆς
2693 1109 2838 1178 ζωῆς
2866 1107 3121 1174 γέννησίς
3171 1108 3318 1158 ἐστιν
3354 1103 3590 1171 ἑκάστῳ,
3643 1101 3737 1152 καὶ
3781 1099 3842 1150 τὸ
3874 1098 3974 1163 τὴν

2399 1201 2544 1271 ζωὴν
2583 1199 2876 1270 ἄρξασθαι,
2903 1197 3062 1251 τοῦτό
3094 1200 3208 1249 ἐστι
3246 1193 3595 1266 γεννηθῆναι,
3653 1191 3720 1243 δι’
3755 1183 3830 1242 ὧν
3859 1187 3973 1254 ζωὴ

2399 1295 2506 1348 τῶν
2558 1292 2708 1360 αὐτῷ
2764 1290 3181 1361 προσκειμένων
3221 1289 3367 1340 ἐστὶν
3423 1288 3450 1337 ὁ
3499 1282 3757 1351 Χριστὸς,
3819 1280 3975 1332 αὐτοὶ

2399 1386 2750 1454 γεγέννηνται
2779 1382 2874 1436 τοῦ
2909 1383 3147 1451 Χριστοῦ
3180 1379 3270 1430 τὸν
3309 1377 3424 1445 βίον
3460 1373 3652 1427 τοῦτον
3691 1370 3976 1439 εἰσεληλυν

2403 1479 2555 1540 θότος
2604 1477 2697 1530 καὶ
2747 1474 3120 1544 γεννηθέντος.
3159 1470 3428 1529 Τοσοῦτος
3478 1466 3656 1535 σωρὸς
3684 1466 3818 1534 ἡμῖν
3839 1463 3979 1528 ἀγα-

2405 1569 2513 1622 θῶν
2546 1567 2653 1620 ἀπὺ
2685 1566 2784 1636 τῆς
2815 1567 2966 1633 ἱερᾶς
3005 1563 3213 1632 ἀνίσχει
3243 1559 3547 1630 τραπέζης,
3584 1556 3770 1626 ῥύεται
3799 1553 3976 1620 δίκης,

2406 1659 2758 1729 ἀποτρίϐεται
2784 1659 2883 1727 τὴν
2907 1658 3014 1711 ἀπὸ
3036 1657 3135 1724 τῆς
3157 1652 3433 1722 ἁμαρτίας
3459 1648 3743 1718 αἰσχύνην,
3775 1648 3982 1699 ἀνακα-

2405 1752 2579 1804 λεῖται
2643 1751 2742 1819 τὴν
2801 1748 2970 1818 ὥραν,
3026 1745 3176 1812 αὐτῷ
3223 1742 3452 1813 προσδεῖ
3490 1738 3568 1808 τῷ
3613 1735 3833 1806 Χριστῷ
3871 1734 3982 1786 τῶν

2409 1842 2654 1910 φυσικῶν
2695 1839 2907 1909 δεσμῶν
2928 1836 3341 1908 ἀκριϐέστερον,
3377 1831 3438 1884 τδ
3485 1827 3740 1892 καθάπαξ
3784 1827 3980 1888 είπεῖν,

2407 1932 2646 1995 τελείους
2705 1932 2850 1983 ποιεῖ
2897 1929 2987 1981 τὸν
3043 1925 3220 1997 ἀληθῆ
3278 1918 3711 1993 Χριστιανισμὸν
3756 1917 3983 1984 τελετῆς

2409 2025 2628 2094 ἀπάσης
2657 2020 3045 2092 διαφερόντως.

2493 2115 2758 2171 Ἐνταῦθα
2799 2113 2856 2166 δὲ
2883 2111 3010 2183 περὶ
3041 2107 3136 2162 τοῦ
3182 2102 3481 2177 μυστηρίου
3526 2101 3741 2164 πολλοῖς
3778 2096 3985 2166 ἐπῆλθε

2413 2210 2738 2280 θαυμάζειν,
2775 2206 2823 2258 εί
2849 2203 2993 2257 οῦτω
3016 2198 3324 2255 τελεώτατα
3346 2197 3565 2252 πάντων
3592 2195 3736 2263 ἔχον,
3761 2189 3898 2260 πρὸς
3928 2188 3989 2239 τὸ

2413 2302 2565 2356 λύειν
2596 2297 2828 2364 εὐθύνης
2858 2294 2953 2349 τοῦ
2991 2291 3368 2364 βαπτίσματος
3401 2286 3610 2341 ὲλάττω
3648 2285 3797 2337 δοκεῖ
3825 2281 3988 2334 δύνα-

2417 2393 2540 2446 σθαι
2575 2387 2756 2460 μεῖζον
2791 2386 2851 2439 δν
2871 2400 2884 2414 ο
2916 2383 3093 2438 έκεῖνο
3122 2380 3220 2452 μὲν
3249 2379 3360 2449 γὰρ
3388 2376 3543 2430 οὐδὲν
3572 2371 3893 2434 πονοῦντας,
3931 2367 3991 2420 τὸ

2414 2484 2470 2536 δὲ
2500 2481 2676 2535 πόνων
2705 2474 3094 2547 ἡγησαμένων.
3121 2472 3234 2526 Καὶ
3265 2469 3375 2521 τῶν
3411 2468 3510 2538 μὶν
3540 2467 3656 2518 ἐκεῖ
3683 2461 3990 2530 καθαρθέν-

2416 2591 2527 2629 των
2563 2573 2702 2641 πρὸς
2740 2571 2867 2632 τούς
2905 2565 3040 2637 μηδὲ
3069 2563 3170 2633 τὴν
3200 2561 3376 2632 ἀρχὴν
3428 2557 3703 2628 μολυσμὸν
3745 2553 3989 2607 ὁντινοῦν

2416 2667 2742 2736 δεξαμένους
2770 2657 3000 2730 οὐδεμία
3023 2653 3276 2725 διαφορὰ,
3311 2651 3420 2704 τῶν
3445 2651 3502 2703 δὲ
3534 2651 3626 2703 ἐπὶ
3655 2645 3747 2700 τοῦ
3772 2645 3990 2698 δείπνου

2421 2759 2633 2820 πολλοῖς
2653 2754 2763 2809 τῶν
2778 2747 3190 2824 ἡμαρτημένων
3207 2744 3406 2798 ἔνεισιν
3429 2740 3551 2811 ῐχνη
3571 2759 3582 2770 ·
3607 2741 3700 2792 καὶ
3714 2737 3989 2797 διελόντας

2421 2850 2815 2919 ἀκριϐέστερον
2841 2845 3039 2900 εἰπεῖν.
3057 2838 3334 2908 τεττάρων
3354 2834 3557 2888 τούτων
3587 2833 3646 2883 έν
3673 2834 3784 2889 τοῖς
3812 2831 3996 2919 ὴμσρο

2420 2918 2674 3009 τημένοις
2703 2931 3114 3006 θεωρουμένων,
3143 2927 3236 2981 τοῦ
3254 2928 3353 2996 τὴν
3382 2922 3658 2993 ἁμαρτίαν
3680 2918 3998 2989 ἐργασαμέ-

2423 3052 2541 3098 νου,
2585 3027 2968 3098 τῆςκπονηρᾶς
2999 3020 3312 3090 ἐνεργείας,
3345 3016 3444 3086 τῆς
3479 3014 3574 3069 ἐπὶ
3607 3012 3779 3083 ταύτῃ
3813 3011 3994 3080 δίκης,

2422 3128 2524 3194 τῆς
2552 3124 2764 3176 ἐκεῖθεν
2791 3117 3100 3184 ὲντεθείσης
3133 3115 3198 3183 τῇ
3221 3111 3365 3181 ψυχῇ
3395 3104 3733 3177 προτροπῆς,
3760 3103 3860 3172 τῆς
3895 3102 3998 3169 μὲν

750 3240 842 3291 per
887 3237 947 3278 se
969 3196 1274 3278 idiscedere
1293 3233 1530 3292 Oportet.
1552 3196 1801 3294 factoque
1830 3225 1932 3278 line
1948 3225 2015 3279 ad
2045 3196 2324 3281 lavacrum
2352 3231 2393 3288 C
2426 3223 2433 3270 Ι

2311 3244 2324 3281 ι
2352 3231 2393 3288 c
2426 3215 2704 3285 ἐνεργείας
2735 3210 2898 3266 αὐτὸν
2941 3205 3154 3261 οἴκοθεν
3183 3199 3529 3270 ἀπηλλάχθαι
3561 3197 3644 3294 δεῖ
3668 3197 3759 3249 τὸν
3803 3196 3994 3294 εἰργα-

749 3313 965 3380 venire;
995 3323 1190 3368 cetera
1220 3313 1525 3381 baptismus
1554 3314 1689 3368 nihil
1740 3329 2015 3383 quoquam
2043 3316 2324 3382 moliente,

751 3405 990 3460 simulet
1019 3404 1229 3460 semele
1257 3405 1437 3459 medio
1495 3405 1655 3466 tollit.
1680 3413 1735 3458 et
1781 3420 1998 3472 poenam
2052 3407 2330 3474 videlicet,

750 3508 803 3552 et
833 3499 1101 3552 morbum.
1129 3497 1315 3566 itaque
1344 3507 1396 3551 et
1420 3498 1598 3565 ipsum
1623 3497 1713 3565 qui
1746 3499 1991 3566 peccavit
2015 3499 2330 3555 interimere

753 3587 1155 3658 quodammodo
1186 3587 1449 3641 creditur.
1475 3587 1684 3640 Etenim
1718 3587 1875 3655 aquis
1914 3587 2246 3655 immoritur,
2275 3599 2332 3645 et

755 3695 927 3735 novus
955 3680 1121 3732 homo
1174 3688 1278 3743 est,
1326 3693 1486 3747 quem
1539 3678 1816 3732 lavacrum
1874 3679 2148 3746 producit.
2225 3681 2330 3736 Sa-

755 3786 846 3824 cer
900 3779 1078 3825 autem
1127 3770 1304 3838 panis,
1378 3785 1539 3837 quem
1598 3778 1856 3824 moestum
1907 3773 2180 3841 acceperit
2215 3813 2229 3837 ,
2277 3783 2331 3828 et

756 3877 855 3930 pro
888 3876 954 3917 eo
992 3875 1057 3916 ac
1081 3861 1306 3930 dignum
1341 3868 1428 3914 est
1456 3860 1524 3915 de
1558 3862 1802 3931 peccatis
1832 3862 2127 3925 dolentem.
2158 3880 2188 3918 a
2225 3865 2334 3919 cri-

759 3957 904 4009 mine
937 3954 1142 4016 liberat,
1176 3954 1369 4007 animae
1395 3968 1625 4022 pravum
1663 3954 1905 4008 habitum
1939 3955 2157 4010 abolet:
2215 3973 2323 4012 non

757 4055 936 4100 autem
991 4043 1214 4108 occidit,
1270 4058 1380 4097 non
1428 4043 1569 4096 enim
1631 4044 1698 4097 de
1766 4044 1978 4114 integro
2031 4046 2329 4102 reformare

761 4137 916 4198 sulct,
949 4136 1168 4190 ethunc
1198 4134 1374 4188 solum
1402 4133 1606 4202 peccati
1641 4132 1938 4187 terminum
1988 4135 2326 4194 immobilem

763 4228 1038 4295 relinquit,
1070 4233 1124 4279 et
1148 4239 1367 4278 manere
1395 4224 1547 4286 sinit,
1577 4237 1685 4277 non
1725 4223 1949 4293 quidem
1983 4227 2201 4282 crimini
2226 4231 2326 4283 ob-

2429 3309 2628 3378 σμένον
2652 3305 2748 3358 καὶ
2768 3299 3120 3369 πεπαυμένον
3147 3296 3236 3347 ἐπὶ
3263 3293 3323 3346 τὸ
3351 3292 3476 3344 λουτ
3487 3289 3577 3360 ρδν
3618 3288 3797 3355 ἥκειν,
3828 3287 3998 3340 τάλλα

2426 3402 2484 3455 δὲ
2503 3400 2562 3451 τὸ
2585 3398 2867 3467 βάπτισμα
2891 3391 2989 3461 μὲν
3010 3387 3168 3441 οὐδὲν
3185 3385 3399 3446 οὐδενὸς
3421 3378 3997 3452 πραγματευσαμένου

2423 3488 2680 3552 καθάπαξ
2721 3485 2786 3538 ὲκ
2819 3484 2985 3552 μέσον
3034 3477 3210 3530 πάντα
3245 3476 3407 3536 ποιεῖ,
3462 3469 3688 3538 καιτὴν
3717 3468 3874 3536 δίκην
3907 3467 4001 3519 καὶ

2425 3585 2527 3651 τὴν
2561 3581 2738 3639 νόσον.
2772 3575 2918 3629 ὥστε
2951 3573 3045 3652 καὶ
3077 3569 3241 3623 αὐτὸν
3275 3566 3523 3635 ἀναιρεῖν
3557 3563 3878 3616 πιστεύεται
3911 3559 4003 3615 τὸν

2427 3670 2811 3746 ἡμαρτηκότα.
2843 3667 2955 3719 Καὶ
2986 3663 3096 3734 γὰρ
3127 3658 3527 3727 ἐναποθνήσκει
3553 3658 3665 3718 τοῖς
3697 3655 3853 3707 ῦδασι
3908 3657 4002 3706 καὶ

2426 3771 2544 3827 νέος
2571 3767 2651 3825 τίς
2674 3765 2824 3815 ἐστιν
2854 3757 3162 3825 ἄνθρωπος,
3197 3752 3256 3804 δν
3281 3750 3571 3804 ἀναδίδωσι
3601 3749 3660 3801 τὸ
3686 3747 3912 3815 λουτρόν
3929 3763 3943 3778 ·
3977 3750 4005 3798 ὁ

2427 3860 2482 3912 δὲ
2513 3857 2658 3928 ἱερὸς
2706 3853 2894 3920 ἄρτος,
2926 3848 2984 3901 δν
3015 3847 3083 3899 ἂν
3127 3844 3420 3913 ὴνιαμένον
3449 3839 3605 3893 λάϐοι
3643 3840 3738 3891 καὶ
3767 3855 4006 3906 πεπονη-

2425 3949 2581 4013 κότα,
2610 3945 2719 3998 τῶν
2749 3939 3155 4012 ἡμαρτημένων
3187 3935 3354 3998 ἀξίως
3385 3932 3577 4001 ἀφίησι
3618 3931 3717 4000 μὲν
3748 3930 4004 3997 εὐθύνης,

2428 4039 2726 4100 ἀποκλύζει
2748 4036 2805 4089 δὲ
2828 4032 2929 4103 τῆς
2952 4029 3194 4100 πονηρᾶς
3213 4025 3383 4091 ἕξεως
3403 4024 3501 4094 τὴν
3521 4023 3720 4092 ψυχὴν,
3748 4022 4007 4073 arronei-

2427 4151 2508 4187 νει
2531 4133 2588 4186 δὲ
2631 4126 2903 4196 οὐδαμῶς,
2953 4123 3015 4176 οὐ
3048 4123 3155 4191 γὰρ
3209 4116 3576 4172 ἀναπλάττειν
3621 4112 3830 4166 ἀνωθεν
3864 4109 4005 4164 οἶδε·

2428 4225 2524 4279 καὶ
2553 4221 2743 4276 τοῦτον
2779 4218 2940 4288 μόνον
2973 4213 3084 4267 τῶν
3120 4211 3220 4280 τῆς
3251 4208 3531 4279 ἁμαρτίας
3565 4207 3707 4276 ὅρων
3740 4205 4006 4274 ἀκίνητον

763 4323 981 4376 noxium
1010 4322 1264 4391 amplius,
1298 4319 1562 4374 audacem
1587 4329 1789 4373 tamen.
1828 4320 1967 4374 Sunt
1996 4337 2159 4390 porro
2228 4327 2324 4393 qui
2430 4332 2446 4370 ι

2430 4312 2749 4370 καταλείπει
2768 4307 2863 4363 καὶ
2882 4307 3068 4378 μένειν
3093 4304 3342 4371 ἀφίησιν,
3363 4299 3666 4352 ὑπεύθυνον
3684 4295 3783 4365 μὲν
3800 4296 4008 4358 οὐκέτι,

765 4423 920 4468 notas
944 4388 1122 4468 adhuc
1155 4412 1329 4467 morbi
1367 4411 1568 4476 ferunt,
1611 4388 2009 4480 vulnerumque
2065 4388 2330 4484 pristino-
2431 4425 2448 4460 ι

2327 4446 2330 4459 .
2431 4406 2595 4460 αὐτὸν
2619 4404 2676 4457 δὲ
2704 4404 2855 4471 ὅμως
2896 4398 2989 4452 τὸν
3017 4394 3312 4464 τολμητήν.
3345 4392 3468 4444 Elui.
3496 4390 3553 4442 δὲ
3587 4388 3636 4442 οἳ
3680 4389 3775 4484 καὶ
3807 4392 4010 4456 σημεῖα

768 4521 883 4556 rum
907 4503 1210 4564 cicatrices.
1239 4503 1282 4556 si
1313 4501 1490 4555 minus
1511 4517 1671 4570 quam
1696 4508 1889 4568 parest
1911 4518 2100 4559 eorum
2133 4520 2335 4560 sanan-
2368 4549 2410 4570 ,ι
2439 4515 2451 4531 '

2327 4532 2335 4547 .
2368 4549 2410 4570 h
2439 4497 2538 4566 τῆς
2568 4491 2880 4564 ἀρρωστίας
2927 4488 3185 4558 φέρουσιν
3233 4482 3314 4535 ἔτι
3341 4482 3437 4535 καὶ
3463 4479 3627 4537 οὐλάς
3673 4477 3784 4529 τῶν
3838 4479 4010 4530 πάλαι

766 4597 955 4649 dorum
994 4593 1125 4662 ipsis
1147 4607 1276 4647 cura
1325 4589 1503 4654 fuerit,
1529 4567 1616 4644 iet
1648 4567 1834 4644 virtuti
1885 4593 2169 4648 medicinas
2226 4611 2335 4650 non
2368 4567 2412 4604 υ
2443 4607 2449 4620 ⁴

2332 4620 2335 4650 ι
2368 4567 2412 4604 υ
2443 4585 2685 4656 πληγῶν,
2715 4583 2783 4636 ἂν
2805 4574 2970 4652 ἦττον
2997 4577 3032 4648 ἢ
3059 4575 3340 4646 προσῆκον
3380 4567 3451 4641 ῆν
3480 4570 3691 4662 μελήσῃ
3722 4569 3852 4638 περὶ
3893 4569 4015 4662 τῶν

767 4661 1026 4751 aequalem
1048 4682 1240 4736 animae
1271 4679 1713 4749 praeparationem
1730 4678 2037 4746 attulerint;
2061 4690 2115 4736 et
2139 4697 2340 4753 μισ-εει·
2442 4700 2450 4716 ι

2329 4711 2340 4723 -
2442 4679 2768 4750 τραυμάτων
2819 4663 3024 4734 αὐτοῖς,
3083 4667 3177 4723 καὶ
3238 4665 3376 4735 πρὸς
3424 4666 3525 4731 τὴν
3570 4661 3664 4753 τοῦ
3712 4661 4012 4753 φαρμάκου

768 4776 843 4828 tio
864 4775 964 4828 ista
989 4772 1175 4827 hocab
1193 4772 1281 4825 illa
1306 4769 1504 4829 diﬂ'ert.
1551 4770 1696 4837 quod
1743 4784 1853 4824 non
1897 4771 2226 4827 mortiﬁcare
2255 4752 2338 4827 et
2438 4771 2451 4822 ί

2332 4789 2338 4826 ‘.
2438 4769 2668 4837 δύναμιν
2706 4765 2806 4818 οὐκ
2838 4759 3136 4832 ἐφάμιλλον
3169 4754 3524 4823 είσενέγκωσι
3567 4752 3666 4818 τῆς
3705 4752 3882 4820 ψυχῆς
3918 4753 4015 4820 τὴν

767 4867 1031 4934 reﬁngere
1073 4863 1278 4918 dicitur
1333 4869 1695 4930 peccatorem,
1754 4862 1973 4929 etquod
2023 4871 2331 4918 manentem

768 4964 1104 5025 peccatorem
1139 4968 1262 5007 cum
1289 4959 1483 5022 purget
1523 4950 1931 5015 tantummodo,
1967 4967 2038 5006 ne
2073 4953 2179 5008 hoc
2206 4955 2330 5020 qui-

770 5049 892 5102 dem
923 5045 1082 5101 nobis
1102 5045 1235 5100 citra
1261 5043 1524 5097 laborem.
1548 5040 1675 5094 Haec
1701 5048 1881 5095 autem
1905 5041 2036 5095 nihil
2062 5041 2126 5096 ad
2149 5057 2334 5097 sacra-

773 5147 1041 5204 mentum,
1074 5135 1168 5190 ned
1203 5134 1269 5187 ad
1298 5133 1469 5202 ipsam
1490 5131 1567 5186 rei
1614 5140 1863 5186 naturam
1924 5132 2217 5200 pertinent,
2277 5142 2339 5187 ut

770 5230 1155 5297 intelligamus,
1174 5236 1423 5295 oportere
1456 5222 1779 5276 criminibus
1803 5221 2044 5278 irretitos
2068 5223 2157 5277 hic
2213 5225 2337 5293 qui-

771 5323 892 5375 dem
945 5319 1207 5384 initiatos,
1241 5316 1351 5370 illic
1388 5327 1597 5369 sacram
1646 5325 1858 5368 ctenam
1908 5315 2172 5369 obeuntes
2214 5331 2339 5384 pur-

769 5429 906 5483 gari.

849 5588 912 5641 Et
956 5588 1173 5657 quidem
1225 5585 1293 5640 de
1347 5584 1626 5640 laboribus
1663 5586 1944 5654 requisitis
2004 5587 2136 5642 illud
2188 5571 2336 5643 dico.

778 5677 1089 5742 Baptismus
1102 5677 1343 5731 nondum
1365 5674 1650 5738 formatos,
1671 5691 1770 5731 nec
1795 5676 1862 5732 ad
1896 5678 2094 5732 bonum
2119 5693 2338 5733 cursum

855 5861 900 5891 "
941 5859 1098 5916 Joan.
1125 5859 1276 5926 1,13.
1356 5860 1398 5891 "
1441 5859 1636 5917 Matth.
1675 5878 1712 5926 ι,
1745 5858 1833 5912 20.

2437 4857 2796 4931 παρασκευήν
2845 4870 2860 4884 ο
2914 4853 3137 4919 καὶτῆς
3167 4847 3488 4917 καθάρσεως
3527 4842 3707 4912 τούτῳ
3758 4843 4014 4910 διήνεγκε

2435 4951 2641 5018 ταύτης
2679 4945 2887 5011 ἐκείνη,
2929 4943 3013 4996 ὃτι
3050 4957 3110 4992 τε
3158 4939 3259 4991 οὐκ
3299 4932 3627 4999 ἀποπνίγειν
3665 4933 3886 5000 λέγεται
3924 4932 4015 4985 τὸν

2440 5040 2797 5111 ἡμαρτηκότα
2818 5036 2914 5090 καὶ
2935 5031 3323 5093 ἀναπλάττειν,
3343 5027 3440 5078 καὶ
3459 5026 3540 5078 ὅτι
3565 5025 3799 5094 μένοντα
3823 5024 4016 5076 καθαί-

2442 5148 2612 5201 ρουσα
2663 5131 2844 5198 μόνον,
2903 5123 3024 5176 οὐδὲ
3050 5119 3197 5174 τοῦθ’
3233 5119 3365 5187 ἡμῖν
3418 5116 3535 5183 ἔχει
3589 5115 3767 5166 πόνων
3819 5115 4012 5183 χωρίς.

2441 5221 2625 5275 Ταῦτα
2659 5218 2717 5273 δὲ
2770 5216 2906 5287 πρὸς
2944 5215 3041 5283 μὲν
3091 5211 3190 5280 τὴν
3243 5207 3466 5277 τελετὴν
3522 5205 3698 5265 οὐδὲν,
3759 5203 3875 5256 ἀλλ’
3934 5207 4012 5266 εες

2443 5310 2610 5378 αὐτὴν
2635 5310 2760 5378 ἥκει
2787 5307 2886 5378 τὴν
2914 5304 3076 5374 φύσιν
3101 5302 3196 5355 τοῦ
3222 5298 3550 5368 πράγματος
3575 5295 3671 5348 καὶ
3695 5293 3792 5346 τοῦ
3817 5294 4015 5363 χρῆναι

2442 5403 2568 5464 τοὺς
2596 5399 2950 5459 ὑπευθύνους,
2999 5394 3175 5462 ταύτῃ
3213 5391 3310 5460 μὲν
3352 5386 3674 5457 λουμένους,
3708 5383 3932 5447 ἐκείνως
3957 5384 4012 5436 δὲ

2444 5492 2793 5552 δειπνοῦντας
2823 5484 3204 5557 καθαίρεσθαι.
3529 5480 3531 5482 ’

2518 5585 2627 5637 Καὶ
2650 5583 2778 5652 περὶ
2803 5581 2901 5650 μὲν
2934 5577 3027 5631 τοῦ
3064 5573 3268 5629 δεῖσθαι
3299 5572 3476 5624 πόνων
3501 5568 3678 5620 έκεῖνο
3722 5564 3892 5630 λέγω.
3943 5564 4016 5615 Τὸ

2452 5674 2732 5744 βάπτισμα
2791 5672 2890 5742 μὲν
2944 5670 3112 5740 μήπω
3160 5664 3462 5724 συστάντας
3513 5656 3830 5728 παραλαϐδν
3872 5653 4008 5724 μηδέ
