4262 6460
265 438 375 499 605

1340 443 1435 501 DE
1463 443 1633 501 VITA
1673 440 1747 499 lN
1790 442 2119 501 CHRlSTO
2163 440 2308 501 LIB.
2350 442 2444 499 1V.

3407 427 3512 491 606

271 557 505 624 δύναμιν
532 556 779 624 ἡντινοῦν
807 557 1174 626 κεκτημένους
1213 561 1352 627 ὑπὲρ
1384 558 1475 609 τοῦ
1507 560 1672 611 καλοῦ
1718 559 1846 626 δρά-
1880 563 1918 614 Α
1950 581 1954 609 ι

1825 588 1846 599 -
1880 563 1918 614 Α
1950 554 2279 613 currendum
2321 556 2430 609 ulla
2496 553 2697 605 virtute
2758 548 3012 619 praeditos
3058 546 3355 613 accipiens,
3402 561 3508 599 non

276 652 418 719 μεῖν,
441 651 503 703 οὐ
537 651 713 719 μάτην
739 651 894 719 ἡμᾶς
914 652 1088 704 ταῦτα
1112 654 1284 703 πάντα
1320 654 1516 719 προῖκα
1550 653 1840 718 ἐργάζεται

264 745 365 794 καὶ
394 742 569 793 δεῖται
599 742 706 793 τῶν
731 742 861 810 παρ’
886 744 1042 809 ἡμῶν
1057 742 1291 803 οὐδενὸς,
1323 744 1397 801 ὡς
1423 743 1487 794 ἂν
1514 744 1843 805 εἰσενεγκεῖν

260 833 600 901 δυναμένων.
672 833 736 885 'H
784 834 1035 901 τράπεζα
1097 834 1153 886 δὲ
1209 836 1538 885 συνεστῶσιν
1599 836 1699 903 ἢδη
1752 836 1841 886 καὶ

263 923 404 985 ζῶσι
430 925 523 976 καὶ
543 924 863 991 δυναμένοις
888 928 1076 992 ἀρκεῖν
1106 927 1239 993 ἡμῖν
1270 927 1448 983 αὐτοῖς
1480 926 1838 993 προκειμένη,

264 1014 507 1081 χρῆσθαι
542 1017 606 1083 τῇ
643 1015 872 1083 δυνάμει
904 1018 997 1068 καὶ
1019 1018 1132 1078 τοῖς
1152 1016 1386 1068 δοθεῖσιν
1412 1018 1592 1078 ὅπλοις
1626 1018 1838 1084 ἀφίησι,

265 1105 360 1156 καὶ
393 1106 612 1158 διώκειν
635 1108 874 1173 τάγαθὸν
904 1109 1088 1160 οὐκέτι
1112 1110 1505 1177 κομιζομένους
1548 1110 1655 1161 οὐδ’
1690 1110 1843 1160 ἔλκοο

269 1199 494 1265 μένους,
528 1200 644 1253 ἀλλ’
680 1203 879 1262 αὐτοὺς
908 1202 1122 1254 οίκοθεν
1160 1204 1254 1255 καὶ
1299 1203 1426 1267 παρ’
1454 1203 1609 1271 ἡμῶν
1662 1203 1842 1254 αὐτῶν

264 1290 558 1357 ὁρμῶντας
598 1293 693 1345 καὶ
725 1295 1100 1362 κινουμένους,
1134 1296 1208 1354 ὡς
1235 1296 1300 1349 ἂν
1346 1296 1444 1363 ἤδη
1478 1296 1689 1361 τρέχειν
1720 1297 1841 1347 ἔτι·

266 1381 595 1446 σταμένους.
626 1382 692 1436 Τί
728 1385 827 1451 μὲν
855 1385 963 1453 γὰρ
990 1386 1095 1437 ἔδει
1130 1389 1219 1438 καὶ
1251 1387 1471 1453 ποιῆσαι
1514 1388 1718 1449 ληδξίν,
1760 1382 1840 1448 οἷς

262 1470 367 1523 οὐκ
394 1472 503 1524 ἔδει
524 1474 875 1542 χρήσασθαις
923 1477 975 1526 τί
1010 1477 1065 1527 δὲ
1109 1476 1372 1542 ρωννύναι
1428 1478 1519 1527 καὶ
1580 1476 1841 1528 καθοπλί-

264 1560 382 1622 ζειν
408 1561 503 1614 τὸν
532 1565 671 1617 οῐκοι
692 1564 956 1632 μέλλοντα
984 1565 1264 1617 καθεύδειν
1297 1582 1311 1630 ;
1346 1567 1401 1617 Et
1437 1566 1541 1635 γὰρ
1583 1567 1715 1634 μήτε
1744 1569 1841 1636 τὴν

265 1652 444 1722 ἀρχὴν
478 1656 843 1723 γεννωμένοις
879 1656 1007 1725 μήθ’
1043 1655 1269 1724 ὕστερον
1298 1657 1651 1723 καθαίρεσθαι
1722 1658 1841 1727 βου-

263 1744 515 1811 λομένοις
576 1746 807 1814 ἀγώνων
873 1744 941 1817 ἦν
985 1749 1079 1801 καὶ
1140 1752 1319 1802 πόνων
1347 1751 1558 1818 καιρδς,
1586 1750 1683 1803 οὐκ
1724 1748 1839 1803 οἶδα

262 1837 387 1888 πότ’
418 1838 485 1889 ἂν
514 1840 645 1905 ἡμῖν
671 1840 857 1900 αὐτοῖς
880 1841 1179 1909 ἐγενόμεθα
1214 1843 1493 1911 χρήσιμοι,
1516 1843 1567 1894 τί
1598 1842 1642 1896 δ’
1674 1842 1738 1894 ἂν
1770 1838 1839 1911 ἦν

264 1926 432 1993 ἔργον
492 1928 782 1996 ἀνθρώπου
839 1930 948 1981 τῶν
994 1932 1133 1999 ὑπὲρ
1196 1933 1296 2000 τῆς
1354 1933 1557 2000 ἀρετῆς
1622 1933 1839 2000 δρόμων
1872 1914 1909 1966 Β

265 2019 655 2086 ἀνῃρημένων,
692 2021 894 2088 μᾶλλον
929 2021 986 2074 δὲ
1011 2023 1061 2075 τί
1095 2024 1276 2091 χεῖρον
1305 2022 1373 2077 άν
1402 2019 1469 2092 ἦν
1496 2027 1841 2092 πρᾶγματος,

262 2111 623 2177 πραττόντων
652 2112 751 2180 μὲν
774 2107 849 2165 ὧν
878 2114 1097 2177 ἔπαινός
1128 2117 1272 2167 ἔστιν
1295 2116 1413 2168 οὐδὲ
1463 2115 1542 2178 ἒν,
1599 2117 1734 2184 πρὸς
1788 2118 1843 2169 δὲ

261 2202 328 2251 τὸ
366 2202 601 2270 πονηρὸν
626 2204 844 2272 ἐνεργὸν
880 2205 1111 2273 ἑχόντων
1167 2207 1425 2259 ἑκάστοτε
1473 2206 1571 2278 τὴν
1630 2207 1839 2275 ψυχὴνς

266 2294 369 2344 Διά
400 2294 576 2346 ταῦτα
606 2297 771 2349 τόπον
800 2297 975 2363 ἔργων
1008 2297 1315 2366 ἀνθρώποις
1348 2300 1452 2351 ἔδει
1487 2300 1847 2367 συγχωρηθῆ-

266 2401 359 2435 ναι
410 2384 500 2435 καὶ
558 2386 749 2452 καιρὸν
779 2387 1027 2452 ἀγώνων,
1082 2386 1143 2439 τό
1186 2404 1249 2453 γε
1301 2388 1529 2451 τελείοις
1584 2389 1845 2456 ἀνδράσιν

264 2469 413 2526 εἶναι
450 2477 601 2546 παρά
634 2477 743 2529 τῶν
780 2480 1105 2546 μυστηρίων
1146 2480 1241 2549 ἤδη
1271 2480 1494 2531 λαϐοῦσι
1540 2480 1635 2533 καὶ
1683 2481 1845 2531 δυνα-

270 2568 460 2634 μένοις
487 2571 547 2621 το
569 2573 633 2640 τῇ
668 2570 828 2638 φύσει
862 2574 1136 2641 προσῆκον
1159 2572 1318 2641 ἔργον
1350 2572 1697 2639 ἐργάζεσθαι.
1752 2574 1845 2623 καὶ

265 2661 373 2728 τῆς
410 2663 627 2731 ἡμέρας
658 2666 943 2732 φανείσης,
977 2666 1045 2735 ἢν
1070 2667 1096 2717 6
1131 2665 1332 2733 Κύριος
1354 2666 1597 2735 ἐποίησε,
1649 2666 1845 2733 μηκέτι

270 2752 589 2817 καθεύδειν,
624 2755 740 2805 ἀλλ’
775 2757 864 2806 ἐπ’
896 2757 1031 2823 ἔργα
1066 2758 1285 2824 χωρεῖν.
1314 2758 1407 2808 καὶ
1494 2773 1625 2823 φησι
1684 2756 1847 2808 Δαδὶδ

275 2868 292 2898 ι
343 2848 471 2899 Ἐπὶ
501 2848 563 2899 τὸ
585 2848 748 2915 ἔργον
774 2848 943 2901 αὐτοῦ
976 2852 1067 2901 καὶ
1110 2852 1201 2903 ἐπὶ
1232 2850 1331 2917 τὴν
1362 2850 1625 2916 ἐργασίαν
1676 2847 1845 2901 αὑτοῦ

268 2940 365 2990 τῖρν
424 2940 715 3007 ἄνθρωπον
770 2940 1007 3004 ἐξελθεῖν
1066 2942 1170 3003 ἔως
1210 2940 1470 3009 ἑσπέρας.
1503 2960 1520 2992 ι
1582 2940 1847 3009 Καθάπερ

269 3035 380 3099 γάρ
407 3033 547 3099 μετά
587 3032 793 3099 ταύτην
821 3034 917 3103 τήν
940 3035 1151 3103 ἡμέραν
1176 3034 1393 3104 ἔρχεται
1442 3033 1556 3097 νὺξ,
1611 3036 1700 3086 ὅτε
1750 3035 1845 3085 οὑ-

269 3123 383 3184 an;
406 3122 636 3177 δύναται
665 3126 1020 3193 ἐργάζεσθαι,
1055 3126 1198 3179 οὕτω
1224 3129 1317 3180 καὶ
1370 3127 1478 3194 πρὸ
1502 3127 1705 3195 ταύτης
1753 3123 1843 3196 ἦν,

270 3216 359 3266 ὅτε
394 3216 669 3283 παντελὴς
694 3211 761 3285 ἦν
791 3217 887 3269 τοῦ
909 3219 1175 3287 πράττειν
1200 3219 1496 3287 ἀδυναμία,
1524 3223 1619 3272 καὶ
1676 3219 1848 3282 οὐδεὶς
1875 3263 1918 3320 c

272 3306 391 3376 ᾔδει
427 3309 521 3359 ποῖ
544 3307 626 3360 δεῖ
647 3308 902 3373 βαδίζειν,
936 3311 1129 3374 νυκτὸς
1153 3309 1387 3380 ἐχούσης
1440 3310 1519 3362 ἔτι
1569 3310 1669 3378 τὴν
1721 3309 1844 3378 γῆν,

277 3418 295 3449 ι
337 3400 396 3449 ἔν
450 3392 506 3471 ᾗ,
539 3402 727 3467 φησὶν,
761 3402 789 3452 ό
815 3402 1135 3468 περιπατῶν
1163 3402 1263 3454 οὐκ
1293 3401 1399 3454 οἶδε
1434 3401 1538 3455 ποῦ
1575 3402 1775 3469 ὑπάγει
1797 3420 1843 3453 Ἰ

268 3491 365 3543 τοῦ
389 3492 544 3561 ἡλίου
570 3492 629 3544 δὲ
658 3493 987 3561 ἀνασχόντος
1010 3496 1103 3546 καὶ
1130 3494 1404 3563 πανταχοῦ
1442 3496 1532 3548 διὰ
1583 3496 1692 3547 τών
1741 3513 1848 3563 μυ-

273 3586 515 3651 στηρίων
540 3584 643 3652 τῆς
696 3586 919 3644 ἀκτῖνος
959 3585 1234 3653 χεθείσης,
1303 3588 1515 3656 ἀνάγκη
1576 3588 1849 3656 μηδεμίαν

272 3674 632 3743 ἀνθρωπίνων
690 3675 869 3743 ἔργων
934 3671 1075 3727 εἶναι
1140 3676 1234 3727 καὶ
1297 3677 1478 3729 πόνων
1536 3677 1845 3746 ἀναϐολὴν,

271 3766 411 3818 ἀλλά
475 3764 745 3817 σιτεῖσθαι
777 3766 867 3817 τὸν
925 3765 1091 3834 ἄρτον
1154 3765 1347 3818 τοῦτον
1395 3768 1453 3819 ὲν
1513 3768 1699 3835 ίδρῶτι
1753 3768 1846 3820 τοῦ

274 3859 573 3924 προσώπου
600 3858 692 3909 τὸν
722 3858 992 3926 ἡμέτερον
1018 3857 1093 3919 ώς
1135 3858 1277 3927 ὑπὲρ
1330 3859 1491 3927 ἡμῶν
1544 3859 1844 3927 κλώμενον,

270 3952 447 4013 ἄλλως
482 3950 529 4002 θ’
559 3951 644 4001 ὅτι
680 3950 790 4010 τοῖς
828 3949 1065 4015 λογικοῖς
1096 3949 1402 4017 ἀφώρισται
1436 3951 1641 4017 μόνοις,
1682 3952 1774 4003 καὶ
1822 3952 1849 4003 ὃ

272 4045 492 4113 φησινό
522 4043 755 4110 Κύριος,
792 4041 1125 4111 ἐργάζεσθαι
1170 4040 1268 4108 τὴν
1322 4059 1340 4092 ι
1386 4042 1654 4110 μένουσαν
1705 4043 1849 4111 βρῶ-

274 4154 376 4202 σιν,
413 4156 433 4188 ι
474 4137 615 4203 ὅπερ
650 4133 768 4185 ἐστὶ
799 4132 1137 4195 κελεύοντος,
1173 4134 1271 4185 οὑκ
1296 4134 1499 4203 ἀργοὺς
1536 4135 1646 4186 οὐδ’
1674 4136 1852 4205 ἀπρά-

270 4245 452 4292 κτους,
508 4226 627 4279 ἀλλ’
684 4224 1088 4295 ἐργαζομένους
1147 4224 1237 4276 ἐπὶ
1294 4224 1359 4276 τὸ
1404 4225 1619 4277 δεῖπνον
1690 4225 1852 4277 τοῦτο

270 4322 495 4389 χωρεῖν.
553 4319 617 4370 Et
656 4318 765 4385 γὰρ
813 4318 939 4378 τοὺς
966 4316 1169 4382 ἀργοὺς
1202 4316 1295 4369 καὶ
1326 4317 1423 4385 τῆς
1470 4317 1853 4386 ἀπολλυμένης

1946 659 2151 704 temere
2184 652 2235 703 in
2277 648 2437 702 nobis
2474 648 2585 698 haec
2616 643 2801 699 omnia
2853 640 3025 711 gratis
3056 648 3335 707 operatur,
3380 650 3433 691 et
3484 655 3511 689 a

1946 743 2105 795 nobis
2158 742 2293 794 nihil
2349 738 2596 804 requirit,
2671 744 2857 804 utpote
2910 733 3000 798 qtti
3060 731 3314 785 conferre
3374 730 3512 781 nihil

1946 835 2239 903 possimus.
2305 832 2487 887 Mensa
2540 840 2717 883 autem
2761 829 3035 895 proposita
3091 823 3342 878 formatis
3374 822 3509 888 jam.

1943 936 1995 980 et
2044 925 2371 989 viventibus,
2425 936 2479 978 et
2513 922 2819 976 valentibus
2873 920 3029 973 nobis
3083 918 3215 985 ipsis
3266 915 3519 970 sulficere

1946 1019 2180 1081 viribus,
2214 1016 2460 1082 datisque
2488 1018 2657 1069 armis
2686 1014 2764 1066 uti
2811 1014 2963 1075 sinit,
2995 1023 3050 1067 et
3080 1013 3282 1065 bonum
3322 1022 3509 1076 perse-

1942 1112 2059 1177 qui,
2095 1123 2205 1161 non
2264 1108 2371 1176 jam
2407 1116 2669 1176 portatus,
2711 1121 2890 1174 neque
2926 1115 3151 1164 tractos,
3208 1102 3301 1156 scd
3362 1101 3510 1167 ipsos

1943 1211 2134 1265 sponte
2177 1216 2238 1252 ac
2294 1214 2386 1267 per
2437 1215 2537 1252 nos
2591 1200 2895 1253 concitatos
2955 1208 3119 1264 atque
3178 1206 3506 1254 ροιιιιηοιος,

1943 1297 2089 1347 velut
2139 1294 2249 1362 jam
2306 1307 2504 1353 gnaros
2554 1306 2795 1345 currere.
2852 1290 2993 1355 Quid
3043 1288 3185 1341 enim
3242 1287 3511 1339 refert-hat

1943 1387 2122 1442 facere
2148 1396 2207 1439 ut
2249 1386 2637 1452 accipercnnts,
2684 1385 2881 1452 quibus
2910 1381 3175 1435 utendum
3218 1396 3321 1432 non
3360 1376 3513 1428 erat?

1942 1479 2082 1543 Quid
2115 1477 2477 1530 corroliorare
2497 1486 2560 1528 et
2606 1490 2819 1529 armare
2855 1475 2999 1527 domi
3029 1469 3429 1525 dormiturum?
3458 1467 3511 1517 Si

1942 1572 2086 1624 enim
2154 1586 2325 1638 neque
2391 1568 2567 1637 primo
2634 1568 3026 1627 nascentibus,
3086 1579 3262 1631 neque
3326 1570 3513 1630 postea

1944 1663 2162 1732 purgari
2198 1661 2506 1714 volentibus
2554 1659 2876 1714 certandum
2912 1667 2964 1712 et
3010 1657 3371 1709 laborandum
3406 1662 3513 1715 est,

1944 1757 2129 1809 nescio
2157 1755 2376 1821 quando
2435 1752 2592 1805 nobis
2648 1751 2781 1819 ipsis
2842 1755 3305 1803 commendemus.
3366 1744 3514 1804 Jam,

1942 1846 2086 1915 quod
2119 1846 2352 1898 hominis
2379 1860 2536 1914 opus,
2564 1844 2613 1898 si
2644 1840 2864 1895 virtutis
2893 1840 3229 1893 curriculum
3262 1837 3519 1889 auferas?

1944 1936 2057 1990 lum
2088 1951 2213 1989 vero
2240 1936 2370 2003 quid
2400 1949 2562 2002 opere
2582 1942 2767 1988 nostro
2798 1931 3062 1994 deterius,
3088 1930 3129 1983 si
3163 1928 3297 1981 nihil
3328 1942 3515 1979 eorum

1945 2044 2064 2097 qua!
2098 2027 2392 2081 laudantur
2445 2025 2726 2085 facientes,
2767 2039 2822 2077 tn
2884 2022 3233 2091 improbitate
3280 2020 3517 2072 animam

1948 2119 2296 2173 continenter
2352 2126 2680 2184 occupatam
2720 2114 3056 2166 habeamus?
3115 2115 3304 2179 Itaque
3340 2112 3517 2163 locum

1947 2226 2173 2278 operum
2202 2206 3133 2273 hominibus,opportunitatemque
3156 2200 3519 2256 certaminum

1947 2302 2251 2356 concedere
2298 2300 2604 2369 oportebat,
2662 2298 2754 2366 qui
2791 2296 3011 2367 quidem
3070 2307 3127 2350 ut
3162 2295 3388 2364 perfecti
3422 2294 3520 2347 viti

1946 2404 2157 2455 essent,
2214 2409 2241 2447 a
2306 2392 2585 2462 mysteriis
2622 2390 2731 2459 jam
2766 2392 3129 2458 accepissent,
3188 2399 3521 2456 possentque

1948 2502 2084 2554 Opus
2140 2496 2349 2538 natura:
2391 2485 2730 2537 conveniens
2785 2484 3020 2553 operari,
3054 2491 3108 2535 et
3169 2482 3521 2535 illuccscenle

1948 2580 2055 2642 diu,
2082 2594 2240 2644 quem
2262 2577 2389 2631 fecit
2412 2576 2671 2629 Dominus
2692 2576 2757 2638 ⁸⁸,
2782 2590 2888 2628 non
2922 2575 3161 2627 dormire
3183 2575 3248 2627 de
3278 2582 3477 2627 cmtero
3504 2589 3519 2627 :

1948 2672 2039 2727 sed
2074 2671 2138 2724 ad
2170 2685 2332 2737 opera
2371 2668 2717 2728 incumbere,
2748 2674 2801 2719 et
2834 2676 2893 2721 ut
2930 2666 3093 2719 David
3130 2668 3305 2734 inquit
3340 2685 3351 2718 :
3389 2685 3406 2716 ι
3440 2667 3519 2719 Ad

1948 2780 2085 2834 opus
2116 2778 2295 2826 suum,
2346 2772 2401 2815 et
2446 2760 2513 2815 ad
2545 2759 2919 2829 operationem
2972 2774 3125 2813 suam
3162 2758 3312 2811 exire
3348 2773 3517 2825 usque

1950 2859 2015 2910 ad
2053 2872 2329 2925 vesperam
2354 2856 2419 2907 “.
2464 2873 2480 2905 ι
2520 2853 2674 2907 Sicut
2703 2852 2847 2906 enim
2882 2862 2999 2919 post
3032 2852 3177 2903 hunc
3210 2852 3351 2904 diem
3380 2850 3524 2901 venit

1950 2962 2081 3008 nox,
2116 2946 2335 3012 quando
2382 2959 2541 2997 nemo
2592 2952 2770 3012 poteSt
2826 2944 3043 3010 Operari
3074 2942 3143 3006 ",
3182 2941 3260 2993 sic
3297 2950 3355 2993 et
3400 2952 3523 2991 ante

1951 3042 2093 3095 hunc
2128 3038 2270 3092 dicm
2308 3052 2413 3091 nox
2452 3044 2596 3095 erat,
2628 3035 2848 3103 quando
2882 3048 3090 3085 summa
3119 3042 3237 3085 erat
3261 3032 3521 3100 Operaudi

1951 3133 2317 3197 imbecillitas,
2388 3140 2442 3183 et
2504 3143 2613 3197 quo
2675 3126 3065 3180 ambulandum
3137 3140 3291 3186 esse,
3364 3139 3524 3176 uenio

1952 3226 2178 3290 sciebat,
2212 3238 2335 3278 cum
2371 3221 2549 3275 adhuc
2602 3234 2708 3273 nox
2746 3227 2919 3272 terras
2978 3224 3206 3279 teneret,
3244 3234 3261 3265 ι
3297 3214 3349 3267 in
3419 3231 3523 3283 qua

1960 3320 2038 3388 (ut
2072 3328 2153 3373 est
2196 3317 2250 3375 in
2317 3313 2630 3383 Evangelia)
2673 3312 2763 3379 qui
2842 3311 3104 3370 ambulat,
3177 3310 3345 3362 nescit
3416 3324 3524 3375 qun

1956 3407 2209 3460 vadat".
2271 3423 2289 3456 ι
2367 3402 2493 3456 Sole
2566 3411 2745 3454 autem
2810 3411 3022 3461 exorto,
3090 3400 3361 3467 radiisque
3433 3414 3526 3466 per

1934 3507 2296 3565 sacramenta
2340 3494 2539 3561 ubique
2568 3490 2799 3553 dill'usis,
2858 3490 3061 3542 nullam
3110 3504 3336 3555 opermn
3371 3488 3525 3540 labo-

1958 3603 2188 3657 rumque
2224 3588 2587 3641 humanorum
2641 3583 2958 3637 dilationem
3003 3582 3208 3650 perpeti
3259 3596 3355 3649 par
3389 3590 3474 3633 e~t
3508 3597 3521 3632 :

1958 3685 2051 3739 sed
2078 3683 2287 3738 comedi
2324 3698 2515 3752 panem
2548 3681 2693 3734 hunc
2727 3680 2778 3731 in
2812 3678 3010 3732 sudore,
3040 3678 3223 3731 vultus
3255 3686 3522 3738 nostrum,

1957 3776 2106 3846 (quia
2136 3791 2229 3841 pro
2261 3773 2415 3827 nobis
2452 3772 2688 3835 factum;
2728 3778 2985 3839 praeterea
3011 3768 3134 3837 quia
3164 3766 3295 3819 solis
3323 3765 3527 3819 ratione

1953 3868 2229 3922 utentibus
2292 3865 2597 3918 destinatus
2660 3860 2785 3929 est),
2824 3859 3046 3927 etquod
3109 3859 3182 3911 ait
3242 3857 3524 3920 Dominus,

1954 3959 2170 4027 operari
2209 3957 2411 4018 cibum,
2444 3955 2531 4024 qui
2567 3950 3114 4021 permanet,";qttod
3148 3960 3235 4002 est
3265 3948 3523 4015 iubentis,

1957 4064 2024 4102 ne
2070 4048 2232 4101 Otiosi
2290 4062 2387 4100 nec
2425 4044 2725 4097 inefficaces
2784 4040 2851 4094 ad
2904 4041 3045 4093 hanc
3087 4056 3297 4093 ctenam
3333 4040 3524 4094 venia-

1960 4153 2099 4191 mus.
2166 4138 2222 4192 Si
2276 4139 2416 4190 enim
2476 4136 2684 4187 otiosos
2746 4132 2897 4185 Pauli
2966 4132 3047 4184 lex
3114 4135 3276 4187 etiam
3341 4149 3526 4186 mensa

1958 4230 2263 4284 intereunte
2319 4229 2559 4283 excludit
2615 4232 2673 4297 (ι
2706 4230 2749 4283 si
2794 4229 2916 4295 quis
2949 4228 3196 4280 labmare
3242 4242 3347 4279 non
3388 4228 3523 4286 vult,

1956 4323 2156 4391 lnquit,
2214 4338 2315 4376 nec
2349 4325 2748 4390 manducet")
2786 4342 2831 4386 ι,
2886 4323 3085 4389 quibus
3141 4321 3400 4390 operibus
3459 4321 3523 4373 ad

264 4412 553 4481 τραπέζης
616 4412 644 4463 ό
691 4408 787 4461 τοῦ
828 4409 1041 4461 Παύλου
1100 4410 1261 4478 νόμος
1293 4410 1496 4477 ἀπάγει
1541 4411 1609 4477 (ι
1665 4411 1694 4463 ὁ
1747 4411 1857 4481 γὰρ

1212 4426 1261 4471 ος
1293 4410 1496 4477 ἀπάγει
1541 4411 1559 4477 (
1592 4431 1609 4461 ι
1665 4411 1694 4463 ὁ
1747 4411 1857 4481 γὰρ
1960 4418 2101 4470 hanc
2135 4432 2377 4470 mensam
2409 4419 2585 4471 voc:tti
2623 4418 2895 4485 egebunt?

267 4505 461 4574 ἀργὸς,
532 4503 690 4572 φησὶ,
752 4502 886 4571 μηδὲ
950 4502 1175 4554 ἐσθιέτω
1223 4503 1293 4565 ι),
1346 4502 1844 4571 τίνωνδεήσειτῶν
1872 4502 2049 4573 ἔργων
2103 4511 2215 4570 τοῖς
2276 4510 2366 4561 ἐπὶ
2431 4509 2632 4576 ταύτην
2667 4509 3020 4576 καλουμένοις
3063 4508 3161 4576 τὴν
3208 4506 3522 4575 τράπεζανς

338 4600 467 4651 Ὀτι
510 4597 609 4664 μὲν
641 4595 737 4646 οὖν
781 4593 953 4653 οὕτως
1003 4595 1171 4663 ἐχρῆν
1209 4595 1318 4647 τῶν
1366 4595 1529 4662 ἱερῶν
1580 4595 1848 4648 ἅπτεσθαι
1888 4601 1927 4653 D

1842 4614 1848 4647 ι
1888 4601 1927 4653 D
2027 4598 2115 4653 Sic
2150 4603 2318 4668 igitur
2348 4617 2501 4657 sacra
2536 4603 2674 4654 dona
2706 4603 3047 4671 attingenda,
3079 4611 3133 4655 et
3163 4602 3231 4654 ob
3268 4601 3367 4653 hoc
3401 4612 3525 4652 ante

264 4693 477 4759 δώρων,
517 4690 609 4743 καὶ
634 4688 825 4740 τούτου
869 4687 1027 4755 χάριν
1066 4686 1173 4755 πρὸ
1222 4687 1324 4754 τῆς
1378 4686 1601 4755 τελετῆς
1648 4688 1857 4743 οἴκοθεν

265 4784 469 4843 αὐτοὺς
499 4779 866 4849 καθαίρεσθαι
906 4778 1007 4837 δεῖ,
1030 4778 1266 4846 φανερὸν
1294 4780 1355 4828 ὲκ
1378 4778 1489 4829 τῶν
1518 4780 1851 4848 εἰρημένων

264 4878 347 4928 ὅτι
379 4875 437 4927 δὲ
472 4872 635 4925 τοῦτό
660 4876 809 4924 ἔστιν
840 4870 943 4922 οὐκ
974 4870 1179 4923 ἐλάττω
1206 4870 1367 4938 μόνον
1396 4870 1502 4921 τῶν
1534 4872 1710 4924 ἄλλων
1749 4891 1851 4939 μυ-

268 4965 533 5035 στηρίων,
562 4962 694 5016 ἀλλά
727 4961 818 5013 καὶ
842 4958 1011 5029 μείζω
1050 4960 1373 5027 δυναμένου,
1412 4960 1573 5027 δῆλον
1618 4964 1846 5016 ἐκεῖθεν.

269 5056 503 5125 Πρῶτον
556 5054 656 5121 μὶν
689 5054 801 5119 γὰρ
832 5052 880 5102 εί
916 5052 1029 5110 τοῖς
1065 5048 1327 5118 βελτίοσιν
1356 5049 1384 5099 ὁ
1414 5049 1547 5112 Θεὸς
1583 5052 1649 5102 τά
1681 5051 1850 5120 μείζω

266 5147 550 5215 δωρεῖται,
581 5143 641 5204 ὃς
676 5142 770 5193 τὸν
789 5142 938 5193 ἔλεον
964 5140 1147 5210 ἵστησι
1184 5142 1273 5191 καὶ
1294 5139 1445 5208 ζυγῷ
1470 5159 1597 5202 τινι,
1642 5144 1699 5194 τὸ
1754 5143 1848 5195 τοῦ

271 5240 578 5306 προφήτου,
610 5234 708 5286 καὶ
732 5233 1058 5303 δικαιοσύνῃ
1118 5234 1294 5287 πάντα
1342 5235 1508 5296 ποιεῖ,
1555 5235 1736 5305 πολλῷ
1794 5235 1849 5286 δὲ

269 5330 529 5390 καλλίους
557 5328 706 5395 ἡμᾶς
746 5328 980 5389 εὐποιεῖ,
1023 5326 1441 5394 τετελεσμένους
1481 5328 1580 5397 ἤδη
1624 5326 1717 5381 καί
1747 5345 1848 5380 που

268 5423 367 5474 καὶ⁵
399 5422 533 5490 περὶ
565 5422 769 5488 ἀρετῆς
795 5418 1267 5486 ἀγωνισαμένους,
1306 5419 1339 5488 ἢ
1380 5419 1515 5487 μηδὲ
1546 5420 1645 5487 τὴν
1679 5422 1854 5492 ἀρχὴν

267 5512 664 5578 λουσαμένους,
694 5510 942 5563 λείπεται
965 5512 1057 5563 καὶ
1089 5510 1187 5579 τὴν
1212 5512 1371 5579 χάριν
1400 5512 1604 5581 ταύτην
1636 5514 1853 5583 ἐκείνης

268 5600 412 5654 εἶναι
474 5601 672 5670 βελτίω
726 5602 823 5656 καὶ
883 5601 993 5653 τῶν
1047 5601 1320 5673 δευτέρων
1376 5604 1679 5672 ἀμεινόνων
1728 5606 1854 5670 τοὺς

269 5695 665 5765 μεμυημένους
702 5694 1017 5765 τυγχάνειν.
1060 5696 1282 5748 Ἐστιδ’
1309 5696 1483 5749 ἐκεῖνο
1514 5697 1611 5766 μὲν
1650 5697 1710 5749 τὸ
1751 5696 1851 5767 βά·

340 5815 386 5845 ⁸³
432 5814 553 5870 Psal
603 5832 771 5879 cun,
838 5818 925 5870 ει.
1005 5818 1048 5848 ⁸⁸
1091 5815 1230 5871 Psal.
1265 5834 1379 5883 cut,
1414 5818 1503 5873 23.
1583 5819 1628 5850 ⁷⁰
1673 5816 1828 5873 Joan.
1862 5834 1934 5880 Ix.
1977 5821 2023 5872 ι.

869 5818 925 5870 1t.
1005 5818 1048 5848 "
1091 5815 1230 5871 Psal.
1265 5834 1379 5883 cut,
1414 5818 1503 5873 23.
1583 5819 1628 5850 ⁷⁰
1673 5816 1828 5873 Joan.
1862 5834 1934 5880 Ix.
1977 5821 2027 5872 ι.
2105 5818 2145 5849 ⁷¹
2176 5816 2435 5878 Joau-xtt,
2468 5816 2552 5870 5‘5.

273 5902 353 5952 tn,
398 5886 481 5940 l0.
559 5887 605 5919 "
654 5886 755 5942 Isa.
801 5902 986 5950 uvttt,
1025 5888 1107 5942 l7.

1966 4699 2366 4744 sacramentum
2410 4708 2504 4759 per
2556 4701 2728 4745 semet
2764 4708 2996 4761 purgare
3030 4709 3087 4744 se
3135 4701 3408 4761 oportere,
3464 4708 3525 4742 ex

1962 4782 2123 4835 dictis
2154 4782 2320 4849 liquet
2354 4798 2367 4834 :
2403 4783 2544 4849 quod
2580 4798 2683 4835 non
2716 4781 2993 4835 inferioris
3026 4782 3204 4845 modo,
3240 4781 3331 4835 sed
3362 4784 3523 4834 etiam

1962 4874 2284 4940 potentioris
2315 4872 2555 4942 mysterii
2614 4889 2760 4937 esse,
2812 4873 2937 4926 inde
2985 4883 3227 4941 apparet.
3282 4872 3522 4925 Primum

1957 4966 2126 5027 enim,
2156 4964 2199 5017 si
2237 4964 2555 5018 melioribus
2589 4962 2732 5017 Deus
2773 4965 2977 5028 majora
3016 4966 3199 5025 donat,
3238 4965 3329 5033 qui
3365 4967 3527 5017 mise—

1959 5056 2252 5111 ricordiam
2284 5054 2495 5117 statuit,
2517 5062 2569 5107 et
2592 5054 2743 5122 juxta
2780 5053 3097 5122 prophetam
3117 5054 3164 5085 "
3198 5055 3251 5107 in
3284 5054 3527 5122 pondere

1958 5158 2012 5202 et
2066 5148 2275 5217 justitia
2327 5148 2508 5201 omnia
2567 5146 2713 5209 facit,
2757 5146 2926 5201 multo
2989 5147 3159 5215 magis
3212 5147 3527 5201 melioribus

1964 5240 2139 5301 nobis,
2174 5248 2363 5308 utpote
2413 5238 2522 5307 jam
2560 5254 2654 5307 per
2690 5248 3030 5291 sacramenta
3064 5238 3312 5303 initiatis,
3362 5249 3413 5291 et
3456 5240 3527 5291 oh

1961 5333 2215 5385 virtutem
2276 5329 2387 5396 jam
2453 5329 2673 5383 luctatis
2738 5328 3031 5391 benefacit,
3087 5345 3247 5397 quam
3299 5346 3525 5398 prorsus

1963 5438 2072 5477 non
2116 5422 2339 5476 ablutis.
2377 5422 2723 5490 Relinquitur
2753 5435 2884 5487 ergo
2916 5428 2969 5473 et
3007 5421 3236 5488 gratiam
3280 5422 3418 5473 hanc
3449 5421 3523 5476 illi

1962 5527 2267 5586 praestare,
2328 5523 2383 5567 et
2459 5514 2699 5568 initiatos
2761 5513 2917 5564 donis
2983 5512 3238 5565 secundis
3304 5514 3529 5565 meliora

1964 5603 2392 5676 consequiiEst
2444 5612 2623 5657 autem
2674 5602 2804 5655 illud
2865 5604 3155 5670 baptisma,
3212 5603 3313 5656 hoc
3368 5619 3531 5658 mana

1964 5716 2139 5759 sacra,
2176 5713 2338 5767 quam
2370 5705 2519 5749 tanto
2554 5694 2929 5763 perfectiorem
2960 5696 3280 5749 existimare
3325 5711 3527 5748 conve-

2634 5817 2677 5847 "
2706 5812 2866 5868 Joan.
2912 5828 2985 5875 vt,
3010 5811 3099 5866 Ἡ.
3178 5814 3223 5847 ⁷³
3252 5812 3291 5866 ll
3325 5810 3518 5865 Thess.
