4262 6460
706 454 814 516 607
1925 442 2232 504 NICOLAI
2264 442 2389 502 CA!

2264 440 2657 502 CABASIUE
3818 423 3925 491 608

711 564 811 622 nit.
846 566 1051 629 quanto
1081 573 1205 614 eam
1254 557 1407 610 obire
1443 554 1746 608 valentibus
1799 552 2005 615 maiore
2065 566 2271 618 praepa-
2300 558 2343 613 Λ
2372 567 2394 602 τ

2252 579 2271 591 -
2300 558 2343 613 Α
2372 567 2604 615 πτισμα,
2659 547 2818 601 τοῦτο
2862 545 2918 598 δὲ
2984 546 3042 600 τδ
3093 545 3308 599 δεῖπνον
3351 543 3413 596 τὺ
3439 542 3603 613 ίερδν,
3656 540 3684 594 ὃ
3712 540 3935 594 τοσοῦτο

709 653 918 706 ratione
968 665 1107 718 opus
1153 657 1254 721 est;
1294 646 1442 698 llaud
1495 646 1638 698 enim
1673 659 1889 713 aequum
1925 653 2029 708 est,
2086 644 2266 712 majus
2370 658 2392 694 ιι

2256 659 2266 697 ἰ
2370 641 2694 708 τελεώτερον
2726 637 2976 706 ἡγεῖσθαι
3037 640 3334 706 προσῆκεν,
3375 635 3485 704 ὅσῳ
3557 633 3806 703 μείζονος
3855 632 3939 684 δεῖ

709 743 910 796 volenti
948 743 1186 803 cuilibet,
1231 741 1411 793 minus
1442 753 1535 808 per
1588 739 1882 791 certamina
1936 747 2030 791 aut
2084 750 2268 789 sacra-
2374 751 2392 785 ιι

2258 764 2268 774 -
2374 736 2484 788 τοῖς
2513 732 2834 801 προσελθεῖν
2899 729 3244 797 βουλομένοις
3279 727 3656 796 παρασκευῆς.
3701 723 3776 775 Οὐ
3831 723 3941 789 γὰρ

713 844 894 885 menta
961 831 1204 901 purgatis
1278 830 1590 898 contingere
1654 845 1670 881 :
1728 828 1858 897 quin
1931 826 2266 881 contrarium
2376 843 2396 879 ε

2260 845 2266 877 ι
2376 826 2541 887 εἰκὸς,
2573 825 2635 876 τὸ
2663 822 2851 890 μεῖζον
2884 824 2980 889 μὲν
3021 822 3133 882 τοῖς
3171 818 3514 889 βουλομένοις
3549 815 3743 876 ἀπασι,
3775 814 3837 866 τὸ
3895 813 3943 865 δ’

713 927 895 994 potius
947 925 1072 976 hinc
1126 922 1436 990 conjectare
1489 920 1570 974 fas
1624 928 1728 982 est,
1783 930 2082 988 putareque
2142 915 2272 970 illud
2381 917 2396 967 Ι

2263 915 2272 968 ι
2381 915 2600 969 ῐλαττον
2649 918 2761 978 τοῖς
2814 915 3022 982 ἀγῶσιν
3081 912 3114 980 ἢ
3166 911 3493 982 μυστηρίοις
3539 907 3946 976 καθηραμένοις

714 1032 832 1069 esse
886 1015 1224 1083 perfectius,
1283 1013 1426 1079 quod
1493 1012 1593 1065 nisi
1650 1011 1833 1065 multis
1885 1018 1940 1065 et
1994 1006 2275 1078 generosis
2382 1011 2397 1062 ί

2264 1023 2275 1062 ι
2382 1009 2581 1076 ἐξεῖναι
2619 1023 2630 1057 '.
2660 1007 2974 1059 τούναντίον
2999 1005 3097 1074 μὲν
3134 1003 3226 1056 οῦν
3269 1001 3515 1055 ἐντεῦθεν
3548 999 3768 1065 είολογον
3816 1013 3947 1048 τεκ-

715 1109 994 1161 laboribus
1023 1123 1128 1160 non
1155 1105 1377 1161 emitur.

2390 1099 2685 1170 μαίρεσθαι
2724 1099 2820 1152 καὶ
2853 1096 3184 1167 τελεώτερον
3218 1095 3362 1164 ἔχειν
3426 1094 3604 1146 ἐκεῖνο
3628 1090 3892 1159 νομίζειν,
3919 1087 3951 1138 δ

721 1201 794 1266 μὴ
857 1200 1066 1252 πολλῶν
1126 1198 1302 1267 ἔργων
1354 1194 1446 1247 καὶ
1505 1194 1769 1259 γενναίων
1801 1194 1901 1247 οὐκ
1950 1195 2096 1246 ἔστιν
2127 1191 2467 1262 ὠνήσασθαι.

794 1291 993 1345 Deinde
1036 1292 1220 1345 ethoc
1263 1290 1569 1354 sciendum,
1603 1290 1902 1348 Christum,
1944 1289 2034 1352 qui
2076 1288 2278 1353 prebet

719 1385 966 1452 epulum,
1016 1383 1332 1436 certaminis
1383 1383 1552 1436 nostri
1603 1383 1807 1435 socium
1869 1389 1922 1433 et
1975 1379 2278 1442 adiutorem

720 1490 862 1528 esse.
897 1475 1128 1542 Adjutor
1153 1483 1328 1527 antem
1363 1489 1584 1527 manum
1642 1473 1872 1540 porrigit
1918 1487 2022 1523 non
2051 1471 2282 1540 jacenti—

724 1565 847 1624 bus.
886 1581 991 1618 non
1029 1565 1434 1633 aegrotantibus,
1488 1563 1580 1616 sed
1636 1579 1662 1615 a
1712 1563 1909 1614 robore
1965 1572 2017 1616 et
2056 1561 2280 1614 audacia

725 1658 918 1716 firmis.
954 1666 1007 1709 et
1039 1657 1302 1711 adversus
1330 1656 1703 1708 adversarium
1739 1653 1982 1707 animose
2042 1655 2286 1720 beneque

725 1748 1134 1801 dimicantibus.
1164 1750 1286 1815 Ipse
1330 1747 1474 1800 enim
1507 1745 1760 1799 Christus
1814 1746 1970 1796 nobis
2029 1759 2283 1812 operans,

728 1841 780 1890 in
857 1853 1184 1907 unoquoque
1247 1847 1590 1891 sacramento
1653 1837 1833 1890 omnia
1901 1835 1999 1898 fit,
2061 1836 2285 1904 plastes,

2465 1287 2696 1339 Ἔπειτα
2720 1285 2940 1338 κάκεῖνο
2967 1281 3073 1352 χρὴ
3101 1281 3353 1344 συνιδεῖν,
3405 1281 3487 1332 ὅτι
3542 1275 3956 1344 συναγωνιστὴς

2389 1383 2534 1433 ἔστιν
2566 1382 2697 1446 ἡμῖν
2726 1381 2752 1431 ὁ
2805 1375 3040 1448 Χριστὸς
3073 1375 3318 1442 εὖωχῶν,
3371 1374 3401 1425 ὁ
3443 1372 3500 1425 δὲ
3545 1369 3956 1437 συναγωνιστὴς

2391 1474 2544 1540 χεῖρα
2565 1471 2775 1523 δίδωσιν
2809 1472 2870 1523 οὗ
2899 1469 3174 1538 κειμένοις
3201 1470 3324 1521 οὐδὲ
3353 1466 3622 1527 νοσοῦσιν,
3659 1467 3799 1518 ἀλλά
3852 1464 3960 1533 ρώ-

2395 1581 2500 1632 μης
2537 1565 2633 1632 μὲν
2665 1562 2757 1615 καὶ
2782 1563 2982 1631 τόλμης
3012 1563 3227 1629 ἔχουσιν
3266 1557 3350 1620 εὖ,
3377 1560 3514 1628 πρὸς
3541 1559 3597 1612 δὲ
3652 1558 3743 1610 τὸν
3789 1559 3959 1609 ἀκτα-

2390 1656 2662 1724 γωνιστὴν
2718 1656 2981 1717 γενναίως
3017 1655 3112 1707 καὶ
3141 1651 3326 1715 καλῶς
3389 1651 3725 1719 ἱσταμένοις.
3784 1649 3958 1710 Αὐτὸς

2391 1747 2498 1815 γὰρ
2525 1747 2657 1815 ἡμῖν
2680 1747 2707 1798 ὁ
2731 1744 2965 1815 Χριστὸς
2985 1744 3223 1811 ἐνεργῶν
3258 1744 3317 1795 ἐν
3345 1743 3561 1811 ἑκάστῳ
3593 1743 3700 1794 τῶν
3750 1757 3964 1808 μυστη-

2397 1836 2528 1907 ρίων
2562 1836 2733 1889 πάντα
2761 1835 2994 1901 γίνεται,
3038 1834 3305 1902 πλάστης,
3361 1832 3648 1899 ἀλείπτης,
3706 1847 3960 1895 συναγω-

727 1931 944 1998 aliptes,
999 1930 1315 1998 opitulator,
1372 1938 1425 1982 et
1478 1929 1724 1991 abluens,
1758 1938 1809 1980 et
1842 1943 2070 1996 ungens.
2101 1936 2153 1978 et
2189 1943 2291 1978 nu-
2321 1937 2366 1995 Β
2398 1946 2410 1978 ι

2279 1955 2291 1968 -
2321 1937 2366 1995 Β
2398 1927 2601 1995 νιστὴῖ,
2639 1927 2698 1978 τὸ
2737 1927 2835 1995 μὲν
2861 1925 3054 1989 λούων,
3094 1924 3229 1976 τὸδὲ
3265 1922 3455 1993 χρίων,
3505 1923 3567 1975 τὸ
3619 1923 3675 1976 δὲ
3719 1923 3962 1991 τρέφων.

729 2023 922 2077 triens.
974 2021 1048 2076 lbi
1085 2024 1229 2076 enim
1267 2038 1294 2076 a
1344 2021 1614 2089 principio
1651 2022 1894 2075 membra
1955 2021 2294 2085 fabricatur;

732 2114 821 2167 hic
885 2115 1077 2181 spiritu
1143 2113 1514 2176 corroborat;
1579 2113 1630 2165 in
1705 2127 1889 2166 mensa
1955 2126 2082 2163 vero
2149 2112 2299 2164 adest

734 2206 988 2272 perfecte,
1031 2212 1085 2256 ct
1133 2220 1236 2254 una
1268 2212 1537 2256 certamen
1590 2201 1847 2254 sustinet.
1885 2198 2168 2253 Defunctis
2207 2199 2301 2252 de-

733 2313 884 2352 mum
921 2296 1216 2350 certamine
1264 2304 1577 2346 munerator
1619 2291 1741 2355 erit,
1777 2301 1830 2346 et
1883 2290 2087 2344 sanctis
2134 2290 2298 2358 juder

736 2391 944 2444 sedebit
982 2389 1250 2452 laborum,
1304 2400 1537 2453 quorum
1573 2384 1687 2450 ipse
1745 2398 1868 2451 pars
1927 2397 2122 2450 magna
2178 2381 2299 2433 fuit.

737 2483 938 2536 Adha‘c
992 2497 1114 2535 cum
1172 2480 1411 2532 victores
1467 2477 1735 2531 redimere
1795 2476 2099 2543 oportebit,
2159 2474 2299 2527 idem

739 2590 955 2642 quoque
983 2587 1184 2625 corona
1215 2571 1336 2623 erit.
1370 2570 1448 2621 Ad
1483 2583 1684 2636 agones
1715 2566 1878 2636 igitur
1912 2581 2009 2634 pro
2058 2565 2302 2633 philoso-

743 2666 868 2734 phia
908 2663 1209 2724 andcndos,
1245 2671 1297 2713 et
1321 2659 1387 2713 ad
1419 2659 1794 2713 excellentiam
1833 2655 2301 2724 consequendam,

747 2763 954 2826 fingens
1007 2763 1062 2808 et
1110 2768 1318 2821 ungens
1351 2750 1562 2805 confert
1609 2749 1792 2803 omnia
1848 2748 2011 2802 simul
2064 2756 2304 2808 certans,

743 2862 855 2900 non
902 2847 1084 2898 omnia
1125 2862 1138 2897 :
1175 2852 1227 2896 et
1260 2851 1503 2911 tempore
1539 2839 1757 2906 quidem
1795 2839 2112 2893 certaminis
2143 2838 2305 2892 nihil.

743 2939 857 2993 Nec
912 2936 1057 2991 enim
1102 2935 1322 3002 aliptem
1382 2943 1435 2987 et
1491 2932 1698 3001 plasten
1750 2931 1956 2984 licitum
2007 2932 2302 3000 quidquam

750 3028 1184 3099 praatermiltere,
1239 3040 1359 3096 quae
1411 3024 1668 3078 athletam
1706 3038 1898 3092 parare
1929 3039 1989 3075 ac
2023 3024 2309 3091 disponere

749 3129 1000 3190 possunt,
1069 3133 1246 3187 neque.
1305 3116 1729 3172 commilitonem
1797 3115 2105 3167 communis
2170 3113 2310 3166 ratio

755 3213 894 3267 sinit
922 3212 973 3264 in
1016 3225 1074 3265 se
1107 3210 1291 3264 omnia
1328 3208 1590 3276 recipere,
1639 3215 1691 3261 et
1722 3207 1890 3259 alium
1927 3204 2145 3274 quidem
2179 3204 2312 3256 deli-

2413 2019 2557 2071 Ἐκεί
2594 2017 2692 2086 μὲν
2728 2017 2836 2087 γὰρ
2871 2016 2929 2083 ἐξ
2968 2017 3144 2086 ἀρχῆς
3183 2017 3252 2069 τά
3294 2014 3426 2084 μέλη
3475 2013 3822 2083 δημιουργεῖ,
3874 2015 3963 2064 ἐν-

2397 2111 2567 2164 ταῦθα
2591 2111 2647 2165 δὲ
2670 2111 2748 2182 τῷ
2778 2110 3050 2173 πνεύματι
3087 2111 3376 2180 ῥώννυσι-ο,
3418 2111 3512 2164 ἐπὶ
3537 2111 3593 2162 δὲ
3623 2111 3722 2178 τῆς
3759 2110 3967 2176 τραπέ-

2397 2203 2498 2272 ζης
2522 2205 2769 2256 σύνεστιν
2802 2202 3046 2272 ἀκριὸῶς
3103 2205 3197 2255 καὶ
3227 2204 3573 2271 συνδιαφέρει
3619 2203 3708 2253 τὸν
3779 2198 3964 2260 ἆθλον,

2402 2297 2538 2365 μετά
2565 2296 2621 2348 δὲ
2657 2294 2756 2365 τὴν
2802 2294 3126 2362 ἀπαλλαγὴν
3161 2293 3454 2362 ἀθλοθέτης
3499 2292 3652 2344 ἔσται
3698 2293 3792 2344 καὶ
3837 2289 3971 2342 καθ-

2399 2391 2598 2442 εδεῖται
2623 2390 2732 2450 τοῖς
2765 2389 2940 2455 ἁγίοις
2964 2387 3159 2454 κριτὴς
3222 2378 3297 2438 ὧν
3350 2383 3679 2451 ἐκοινώνησε
3748 2381 3928 2433 πόνων
3952 2399 3968 2411 ο

2401 2477 2519 2534 εἶτα
2560 2481 2656 2532 καὶ
2695 2481 2845 2547 νίκη,
2878 2480 3002 2541 τοὺς
3035 2477 3524 2544 ἀποδεδειγμένους
3552 2475 3818 2542 ἀναδῆσαι
3841 2472 3974 2538 δεῆ-

2405 2589 2524 2635 σαν,
2554 2570 2650 2623 καὶ
2700 2569 2965 2637 στέφανός
3027 2568 3225 2620 εστινό
3260 2566 3442 2628 αὐτός.
3497 2564 3639 2634 Πρὸς
3678 2565 3862 2615 τοίνυν
3913 2563 3976 2614 τὸ

2404 2661 2680 2732 θαρρῆσαι
2708 2660 2835 2722 τοὺς
2868 2659 3005 2727 ὑπὲρ
3032 2658 3350 2725 φιλοσοφίας
3383 2655 3603 2722 ἀγῶνας
3631 2655 3725 2707 καὶ
3761 2653 3977 2719 διενεγ-

2406 2755 2524 2808 κεῖν
2568 2751 2886 2821 δυνηθῆναι,
2917 2750 3169 2802 πλάττων
3225 2749 3322 2815 μὲν
3378 2745 3477 2798 ’καὶ
3530 2744 3767 2812 ἀλείφων
3799 2746 3977 2794 πάντα

2407 2846 2609 2906 δίδωσι,
2663 2841 3167 2910 συναγωνιζόμενος
3203 2838 3263 2891 δὲ
3318 2837 3379 2890 οὐ
3402 2838 3602 2901 πάντα,
3655 2837 3746 2888 ἐπὶ
3781 2836 3838 2887 δὲ
3878 2833 3976 2887 τοῦ

2407 2935 2602 3005 καιροῦ
2638 2935 2743 2986 τῶν
2774 2933 2951 2986 ἄθλων
2973 2931 3148 2984 οὐδέν.
3212 2927 3351 2981 Οὔτε
3397 2928 3506 2996 7&9
3555 2927 3648 2980 τὸν
3707 2926 3980 2996 ἀλείπτην

2409 3028 2503 3081 καὶ⁵
2529 3027 2777 3093 πλάστην
2815 3023 3039 3090 εὔλογον
3083 3022 3416 3090 παραλιπεῖν
3440 3039 3492 3073 τι
3545 3020 3656 3073 τῶν
3710 3019 3983 3072 διαθεῖναι

2411 3119 2501 3172 τὸν
2536 3117 2847 3188 ἀγωνιστὴν
2885 3115 3220 3185 δυναμένων,
3265 3113 3388 3166 οὗτε
3436 3114 3531 3167 τὸν
3573 3112 3984 3179 συναγωνιστὴν

2411 3211 2440 3262 ὁ
2466 3208 2559 3261 τοῦ
2595 3206 2854 3262 κοινωνοῦ
2884 3206 3065 3260 δίδωσι
3099 3205 3256 3273 λόγος
3282 3205 3365 3267 είς
3403 3204 3594 3257 ἑαυτὸν
3625 3204 3687 3255 τὸ
3717 3206 3830 3256 πᾶν
3877 3205 3973 3255 ἀν·

751 3305 867 3358 cias
924 3304 1102 3357 faccre
1151 3300 1380 3371 perpeti.
1445 3299 1621 3367 ipsum
1679 3300 1854 3351 solum
1908 3296 1973 3349 ad
2035 3277 2434 3354 certamcuce

2301 3312 2309 3347 I
2339 3277 2382 3335 ε
2419 3302 2654 3363 ελέσθαι,
2679 3301 2773 3352 καὶ
2831 3300 2924 3352 τὸν
2955 3298 3054 3368 μὲν
3089 3297 3404 3365 ἐπιτρέπειν
3433 3297 3667 3366 τρυφᾷν,
3716 3295 3878 3348 αὐτὸν
3925 3295 3984 3347 δὲ

754 3395 995 3464 aggredi.
1026 3395 1187 3462 Atqui
1223 3407 1322 3445 nec
1365 3391 1544 3460 ipsum
1593 3389 1687 3459 qui
1734 3388 2047 3444 certaminis
2094 3387 2313 3456 praemia

753 3490 1029 3560 proponit.
1087 3494 1182 3540 aut
1230 3486 1323 3549 qui
1379 3485 1614 3553 ipsemet
1675 3498 1880 3537 corona
1949 3493 2054 3546 est,
2117 3497 2317 3551 ungere

754 3591 1071 3646 certatores,
1105 3579 1217 3643 aut:
1244 3577 1504 3640 formare,
1559 3584 1652 3628 aut
1688 3576 1883 3629 medici
1934 3584 2114 3633 partes
2159 3589 2318 3630 agere

754 3675 909 3728 decet
960 3690 972 3726 :
1026 3686 1123 3726 nec
1173 3671 1432 3732 victoria,
1496 3677 1593 3722 aut
1648 3666 2010 3731 fortitudinis,
2074 3677 2169 3722 aut
2232 3684 2320 3721 ro-

756 3768 927 3831 boris,
972 3774 1066 3818 aut
1104 3764 1318 3819 virtutis
1360 3763 1734 3831 cujuscunque
1762 3761 1986 3815 alterius
2023 3761 2317 3830 quidquam

758 3861 980 3915 athletis
1012 3872 1326 3926 apponere:
1363 3856 1458 3910 sed
1493 3855 1670 3910 solum
1714 3869 1834 3922 quze
1862 3865 1966 3918 est,
2004 3864 2057 3908 et
2096 3853 2320 3918 enituit,

757 3968 878 4007 eam
911 3953 1278 4005 condecorare
1307 3963 1488 4001 nosse.
1520 3946 1615 4001 Est
1645 3957 1827 4000 autem
1865 3945 2097 4000 fortibus
2125 3947 2323 3999 melius

759 4044 1055 4106 coronari,
1125 4057 1288 4112 quam
1355 4039 1616 4096 certando
1677 4039 1939 4100 vincere,
2005 4046 2060 4092 et
2128 4039 2326 4092 melius

758 4141 996 4200 vincere,
1027 4151 1189 4204 quam
1224 4135 1446 4189 formari
1477 4142 1639 4201 atque
1667 4132 1818 4200 ungi.
1869 4128 1995 4184 Haec
2034 4130 2178 4184 enim
2199 4147 2326 4199 pro-

761 4243 878 4300 pter
908 4231 1188 4283 victoriam
1225 4227 1378 4288 fiunt,
1402 4225 1629 4279 victoria
1654 4233 1876 4293 propter
1919 4237 2152 4277 coronas
2173 4238 2326 4291 qua:-

763 4326 923 4378 ritur.
980 4321 1132 4386 Quod
1166 4321 1208 4374 si
1245 4321 1344 4372 hoc
1375 4317 1588 4387 signum
1619 4325 1702 4368 est
1729 4313 2058 4382 imperfectae
2109 4314 2330 4369 inferio-

763 4418 949 4484 risque
991 4414 1176 4475 sortis,
1235 4426 1342 4463 non
1402 4425 1466 4464 ex
1523 4407 1670 4461 omni
1719 4417 1873 4474 parte
1932 4421 2183 4474 purgare,
2231 4421 2330 4459 nec

764 4521 1069 4578 praeparare
1101 4519 1163 4557 ac
1184 4505 1405 4571 tingere,
1451 4509 1724 4553 extremus
1757 4498 2105 4551 beatitudinis
2143 4499 2332 4549 termi-

765 4618 866 4656 nus
888 4600 1068 4653 minus
1091 4596 1158 4651 ad
1185 4594 1489 4648 felicitatem
1513 4591 1714 4644 valeret
1739 4606 1751 4640 :
1777 4598 1923 4657 puta,
1948 4587 2054 4640 Deo
2072 4602 2328 4639 coronan'

2423 3391 2584 3461 μόνον
2609 3389 2958 3452 ἀποδύεσθαι,
2995 3389 3088 3442 καὶ
3117 3389 3227 3458 μὴν
3252 3387 3372 3440 οὐδὲ
3390 3387 3482 3440 τὸν
3511 3385 3806 3453 ἀθλοθέτην
3832 3387 3864 3454 ἢ
3896 3387 3989 3438 τὸν

2425 3486 2689 3553 στέφανον
2717 3484 2880 3536 αὑτὸν
2898 3482 3140 3548 ἀλείφειν
3169 3481 3336 3544 είκὸς,
3367 3482 3399 3550 ἢ
3434 3480 3713 3535 πλάττειν.
3739 3479 3770 3547 ἢ
3799 3479 3866 3531 τὰ
3890 3480 3985 3531 τοῦ

2428 3576 2608 3642 ίατροῦ
2644 3577 2840 3636 ποιεῖν,
2879 3573 2999 3626 οὐδέ
3026 3591 3077 3626 τι
3105 3572 3454 3642 προστιθέναι
3486 3572 3646 3640 νίκης
3673 3571 3705 3640 ἢ
3735 3570 3989 3638 ἀνδρείας

2425 3669 2666 3738 ῆρὡης
2699 3667 2731 3736 ἧ
2761 3667 2958 3736 ἀρετῆς
2997 3663 3314 3734 ἡστινοσοῦν
3354 3663 3520 3731 άλλης
3564 3665 3679 3724 τοῖς
3703 3663 3992 3730 ἀθληταῖς,

2427 3758 2559 3810 ἀλλὰ
2579 3759 2678 3826 τὴν
2707 3753 2871 3811 οὖσαν
2906 3757 3066 3824 μόνον
3116 3754 3213 3808 καὶ
3253 3757 3522 3822 φανεῖσαν
3558 3754 3786 3820 ειδέναι,
3863 3770 3993 3805 κοσ-

2431 3851 2571 3918 μεῖν.
2602 3849 2757 3900 Ἐστι
2787 3848 2844 3900 δὲ
2871 3849 2983 3909 τοῖς
3011 3845 3328 3922 ἀριστεῦσιν
3357 3844 3587 3914 ἄμεινον
3625 3844 3725 3912 μὲν
3765 3845 3828 3896 τὸ
3867 3862 3995 3896 στε-

2430 3939 2731 4009 φανοῦσθαι
2762 3939 2854 3992 τοῦ
2885 3939 3043 4007 νικᾷν
3076 3937 3541 4004 ἀγωνιζομένους.
3583 3935 3815 4003 άμεινον
3844 3933 3902 3986 δὲ
3933 3936 3998 3986 τὸ

2427 4032 2654 4103 νικητάς
2689 4025 2832 4084 εἶναι
2863 4029 2959 4082 τοῦ
2991 4027 3328 4081 πλάττεσθαι
3359 4042 3377 4059 ο
3428 4029 3490 4079 τὸ
3549 4026 3651 4096 μὲν
3691 4026 3798 4094 7&9
3854 4026 3998 4096 ὑπὲρ

2430 4124 2524 4176 τοῦ
2552 4123 2731 4193 νικᾷν,
2761 4121 2794 4191 ὴ
2821 4121 2946 4189 νίκη
2976 4120 3032 4172 δὲ
3054 4116 3166 4170 τῶν
3195 4117 3478 4183 στεφάνων
3507 4116 3672 4170 ἕνεκα
3704 4133 3720 4148 ⁶
3785 4117 3902 4169 ἀλλ’
3945 4119 4001 4169 εξ

2431 4214 2589 4269 τοῦτο
2621 4214 2846 4282 σημεῖον
2877 4206 2944 4281 ἦν
2970 4209 3195 4272 ἀτελοῦς
3227 4208 3325 4263 καὶ
3380 4208 3482 4274 τῆς
3532 4208 3821 4268 ἐλάσσονος
3883 4211 4006 4276 μοί-

2437 4324 2558 4378 ρας,
2591 4305 2651 4358 τδ
2678 4307 2752 4375 μὴ
2795 4305 2971 4372 πάντη
3027 4303 3312 4373 καθαίρειν
3359 4301 3494 4371 μηδὲ
3550 4302 4004 4368 παρασκευάζειν

2434 4398 2529 4449 καὶ⁸
2557 4397 2831 4459 πλάττειν,
2857 4389 3019 4464 ἦττον
3048 4391 3114 4444 ἂν
3139 4387 3208 4462 ἦν
3237 4393 3317 4454 είς
3360 4390 3708 4458 εὐδαιμονίαν
3734 4392 3763 4442 ὁ
3812 4391 4005 4442 τελευ-

2435 4491 2587 4551 ταῖος
2610 4488 2711 4556 τῆς
2743 4486 3145 4557 μακαριότητος
3175 4485 3323 4550 ὄρος.
3368 4483 3526 4549 Λέγω
3583 4482 3647 4550 δὴ
3703 4483 3760 4532 τὸ
3816 4486 4009 4549 τυχεῖν

2437 4578 2574 4631 Θεοῦ
2609 4579 3000 4644 στεφανοῦντος
3024 4573 3118 4625 τοῦ
3158 4573 3296 4641 μετά
3343 4572 3869 4642 παραπετασμάτων
3918 4574 4012 4622 ἐπὶ

767 4703 819 4748 te
841 4691 1018 4760 potiri,
1043 4697 1096 4741 et
1118 4688 1218 4741 sub
1259 4683 1524 4737 velamine
1551 4683 1604 4735 in
1655 4695 1807 4734 sacra
1833 4695 2015 4732 mensa
2066 4677 2184 4746 ejus
2217 4692 2338 4744 par.
2363 4658 2416 4718 Ῑ)
2440 4692 2450 4706 ι

2329 4705 2338 4719 .
2363 4658 2416 4718 D
2440 4673 2539 4739 τῆς
2564 4665 3036 4739 τραπέζης-αὑτοῦ
3072 4665 3338 4733 μετέχειν,
3366 4663 3440 4723 ὠς
3477 4662 3574 4729 τῆς
3601 4660 3699 4728 μὲν
3724 4661 4012 4727 τραπέζης

767 4787 982 4851 ticipem
1016 4781 1152 4844 fieri,
1203 4778 1358 4846 quasi
1387 4789 1570 4828 mensa
1590 4781 1644 4824 et
1669 4770 2117 4840 praeparationem
2136 4784 2323 4837 quam-

767 4877 986 4938 dam,ct
1016 4869 1385 4939 purgationem
1421 4864 1663 4921 haberet,
1708 4874 2032 4913 coronarum
2084 4872 2210 4909 vero
2263 4872 2327 4909 ex

769 4968 852 5019 his
887 4973 1161 5017 neutrum.
1193 4958 1321 5023 Qum
1352 4971 1475 5010 cum
1509 4954 1580 5006 ita
1607 4953 1735 5015 sint,
1775 4950 2076 5004 mirandum
2098 4963 2204 5000 non
2226 4957 2330 5011 est,

770 5059 815 5112 si
858 5069 1027 5111 cmnae
1092 5051 1427 5121 mysterium,
1467 5043 1726 5115 quamvis
1778 5041 2091 5110 perfectius,
2149 5040 2332 5092 minus

771 5163 949 5204 tamen
981 5151 1195 5214 purget.
1228 5141 1454 5207 Insuper
1484 5136 1645 5189 etiam
1675 5133 1954 5202 praemium
1981 5140 2062 5184 est
2089 5130 2190 5182 hoc
2242 5129 2342 5182 do-

775 5255 925 5294 num.
961 5232 1281 5304 Hnjusmodi
1344 5240 1527 5284 autem
1571 5227 1793 5296 praemia
1840 5238 1948 5276 non
2005 5225 2346 5276 constituunt

775 5346 950 5400 neque
974 5329 1176 5382 faciunt
1203 5322 1558 5381 fortissimos,
1579 5316 1672 5371 sed
1699 5315 2000 5370 ostendunt
2048 5322 2102 5366 et
2127 5321 2346 5365 ornant.

775 5426 893 5480 Non
922 5423 1065 5480 enim
1101 5421 1153 5474 in
1173 5432 1328 5472 omna
1358 5412 1608 5483 purgatio
1669 5417 1880 5462 tantum
1925 5417 1980 5459 et
2037 5405 2347 5462 auxiliator.

777 5521 871 5575 sed
903 5527 957 5571 et
981 5514 1259 5585 praemium
1285 5517 1370 5560 est
1393 5506 1664 5564 Christus,
1688 5500 1829 5569 quod
1859 5499 2158 5552 certamine
2219 5510 2341 5562 pcr-

781 5611 979 5664 functis
1027 5602 1417 5673 reportandum
1449 5604 1551 5650 est.
1583 5593 1721 5660 Quid
1776 5593 1918 5644 enim
1962 5588 2107 5641 aliud
2143 5585 2343 5640 sanctis

783 5715 880 5770 pro
913 5697 1187 5751 laboribus
1225 5694 1274 5746 in
1304 5691 1402 5743 hoc
1428 5700 1542 5742 aevo
1574 5682 1813 5738 toleratis
1837 5680 2057 5748 dignius
2083 5677 2344 5745 rependa-

784 5766 893 5852 tur,
921 5802 1079 5856 quam
1114 5784 1391 5839 Christum
1411 5777 1655 5843 accipere
1700 5782 1754 5827 et
1809 5787 1930 5827 cum
1987 5784 2052 5824 eo
2108 5783 2248 5831 esse,
2279 5766 2347 5819 Et

784 5884 987 5941 Paulus
1009 5877 1415 5946 eungrationcm
1450 5873 1573 5941 post
1595 5881 1813 5924 cursum
1842 5864 1994 5919 illum
2039 5862 2092 5916 in
2116 5861 2216 5915 hoc
2258 5875 2350 5914 ex-

2429 4765 2524 4816 καὶ
2548 4759 2904 4831 παρασκευὴν
2954 4756 3187 4824 ἐχούσης
3237 4755 3359 4805 τινὰ
3418 4753 3514 4805 καὶ
3562 4753 3852 4819 κάθαρσιν,
3903 4752 4016 4804 τῶν

2432 4853 2709 4921 στεφάνων
2737 4851 2793 4904 δὲ
2840 4848 3042 4902 τούτων
3073 4847 3374 4913 οὐδέτερον.
3426 4846 3524 4896 Διά
3567 4841 3735 4894 ταῦτα
3785 4843 3846 4894 οὗ
3908 4841 4017 4910 χρὴ

2433 4940 2754 5010 θαυμάζειν,
2775 4940 2820 4991 εί
2843 4937 3175 5002 τελειότερον
3203 4934 3260 4986 ὃν
3287 4934 3583 5002 μυστήριον
3606 4930 3663 4981 τὸ
3679 4931 3898 4982 δεῖπνον
3921 4925 4020 4999 ἦτ-

2435 5056 2527 5091 τον
2554 5031 2660 5087 οίδε
2699 5031 3008 5100 καθαίρειν,
3031 5029 3204 5085 ἄλλως
3243 5041 3302 5075 τε
3350 5023 3488 5090 πρὸς
3537 5023 3649 5082 τοῖς
3702 5019 4020 5087 εἰρημένοις

2445 5127 2539 5180 καὶ
2557 5121 2716 5178 ἆθλόν
2747 5122 2863 5173 tm
2886 5116 3036 5169 τουτὶ
3066 5116 3125 5166 τὸ
3145 5114 3317 5181 δῶρον
3337 5128 3350 5140 ·
3377 5109 3623 5163 τοιοῦτον
3647 5108 3703 5160 δὲ
3729 5107 3790 5159 τὺ
3826 5108 4021 5175 χρῆμα

2447 5215 2556 5268 τῶν
2587 5213 2764 5267 άθλων
2787 5211 2846 5262 οὐ
2884 5208 3210 5272 καθίστησιν
3236 5201 3358 5254 οὐδὲ
3392 5199 3689 5268 ἐργάζεται
3714 5198 3839 5258 τοὺς
3887 5197 4015 5264 ἀρί-

2446 5323 2625 5368 στους,
2656 5301 2770 5355 ἀλλ’
2792 5297 3145 5354 ἀναδείκνυσι
3204 5293 3297 5344 καὶ
3342 5291 3559 5359 κοσμεῖ.
3601 5288 3676 5340 Οὐ
3738 5288 3848 5355 7&9
3883 5287 4025 5338 καθ-

2448 5399 2639 5465 ἀρσιον
2685 5393 2744 5445 ὲν
2794 5389 2873 5458 τῷ
2935 5387 3136 5454 δείπνῳ
3185 5383 3281 5437 καὶ
3344 5377 3757 5446 συναγωνιστὴς
3830 5378 4021 5447 μόνον,

2450 5487 2584 5542 ἀλλά
2623 5485 2718 5537 καὶ
2745 5483 2913 5551 γέρας
2943 5481 3088 5532 ἐστὶν
3129 5478 3156 5528 ὁ
3182 5474 3438 5545 Χριστὸς,
3469 5473 3497 5524 ὃ
3525 5473 3605 5524 δεῖ
3641 5472 3827 5523 λαϐεῖν
3867 5471 4026 5538 ἀγω-

2449 5579 2774 5647 νισαμὲνους
2812 5591 2825 5604 ·
2857 5573 3038 5641 τίγάρ
3069 5571 3200 5624 ἄλλο
3236 5571 3350 5629 τοῖς
3390 5565 3684 5637 μακαρίοις
3743 5562 3868 5615 ἀντὶ
3917 5563 4030 5613 τῶν

2451 5669 2688 5722 ἐνταῦθα
2710 5667 2887 5718 πὸνων
2918 5664 2950 5732 ἢ
3003 5662 3062 5714 τὸ
3110 5660 3296 5712 λαϐεῖν
3329 5658 3565 5728 Χριστὸν
3591 5658 3684 5709 καὶ
3734 5656 3974 5707 συνεῖναι
4012 5669 4027 5715 ;

2456 5763 2564 5815 Kal.
2592 5760 2804 5818 Παῦλος
2843 5758 2980 5825 μετά
3017 5757 3112 5806 τὸν
3147 5753 3349 5821 δρόμον
3403 5753 3614 5803 ἐκεῖνον
3654 5747 3752 5815 τὴν
3806 5745 4026 5797 ἐνθένδε

2456 5853 2712 5908 ἀνάλυσιν
2732 5851 2809 5913 είς
2833 5846 2991 5902 τοῦτο
3026 5846 3216 5922 λήγειν
3255 5843 3481 5913 ἔσχατον
3519 5842 3625 5911 εφη
3657 5838 3752 5893 τὸν
3769 5836 3866 5892 τοῦ
3900 5837 4030 5906 Χρι·
