4262 6460
271 427 378 494 θον

1316 434 1415 495 ΒΕ
1450 438 1627 498 νιΤΑ
1669 437 1740 497 ιΝ
1776 440 2103 501 CllRISTO
2140 440 2286 500 LIB.
2329 440 2426 500 IV.

3402 443 3511 506 6l0

270 547 400 601 στοῦ
452 546 744 600 συνουσίαν
774 562 789 579 ο
835 563 854 599 ε
892 545 1179 601 Ἀναλῦσαι
1207 547 1315 617 γάρ
1338 587 1353 612 ,
1393 550 1555 620 φησι,
1610 552 1705 603 καὶ
1730 554 1827 604 σὺν
1858 561 1953 616 At

1821 570 1827 597 ι
1858 562 1907 616 Α
1935 561 2167 604 tremum
2184 551 2431 605 desinere
2465 550 2560 613 ait,
2588 563 2778 619 nempe
2809 564 2932 604 cum
2984 548 3203 605 Christo
3220 554 3401 608 vivere
3449 566 3504 610 ct

267 639 491 707 Χριστῷ
512 636 650 691 είναι
678 639 855 707 πολλῷ
881 639 1084 708 μᾶλλον
1117 641 1395 709 κρείσσον’
1422 660 1443 693 ι
1475 640 1634 695 τοῦτο
1673 642 1730 693 δὲ
1773 640 1832 692 τὸ

266 730 367 798 τῆς
403 731 688 799 τραπέζης
720 730 880 798 ἔργον
903 730 1294 799 διαφερόντως.
1322 732 1382 784 Et
1410 733 1517 802 γάρ
1552 736 1644 786 καὶ
1684 732 1836 803 παρά

265 825 378 882 τοῖς
400 822 583 884 ἀλλοις
638 823 958 892 μυστηρίοις
1004 823 1152 875 ἐστιν
1176 824 1363 892 εὑρεῖν
1428 824 1519 877 τὸν
1573 826 1831 894 Χριστὸν⁹

263 911 384 962 ἀλλ’
418 912 561 965 ῶστε
616 913 693 980 τῷ
753 913 940 965 λαϐεῖν
993 913 1516 982 παρασκευασθῆναι
1575 915 1712 983 πρὸς
1773 914 1835 967 τὸ

263 1002 561 1071 δυνηθῆναι
596 1006 856 1067 συνεῖναι,
894 1005 1129 1058 ένταῦθα
1160 1006 1215 1057 δὲ
1245 1004 1386 1058 ῶστε
1434 1007 1536 1077 ἤδη
1573 1006 1832 1076 καθαρῶς

264 1092 452 1145 λαῦεῑν
496 1096 589 1147 καὶ
616 1097 855 1147 συνεῖναι
881 1112 894 1125 ’
920 1097 1013 1149 τοῦ
1039 1099 1144 1168 γάρ
1174 1099 1283 1151 τῶν
1304 1098 1478 1152 ἄλλων
1501 1100 1559 1152 τὸ
1584 1100 1642 1151 ἓν
1676 1102 1836 1169 σῶμα

265 1186 363 1237 καὶ
387 1185 445 1236 ἓν
478 1188 697 1255 πνεῦμα
730 1191 825 1239 καὶ
856 1191 914 1240 τὸ
951 1190 1137 1257 μένειν
1171 1192 1270 1261 μὲν
1292 1192 1351 1244 ὲν
1380 1190 1551 1261 αὐτῷ,
1604 1193 1834 1261 μένοντα

263 1274 323 1325 δὲ
356 1276 503 1344 ἔχειν
531 1277 717 1339 αὐτὸν,
758 1278 899 1347 ὑπὲρ
938 1271 1000 1331 οῦ
1036 1280 1177 1332 δοκῶ
1212 1282 1304 1333 καὶ
1368 1281 1604 1349 Χριστὸς
1672 1282 1836 1348 αὐτὸς

264 1363 366 1431 τὴν
394 1368 772 1435 μακαριότητα
802 1368 911 1421 τῶν
938 1370 1161 1423 δικαίων
1186 1370 1401 1423 δεῖπνον
1447 1368 1587 1424 εἷναί
1646 1390 1834 1443 φησιν,

264 1456 430 1508 αὑτὸν
450 1458 573 1525 ἔχον
602 1458 971 1516 διακονοῦντα.

337 1633 499 1687 Οὕτω
536 1637 634 1705 μὲν
664 1630 756 1689 οὖν
795 1632 961 1691 ἆθλόν
1006 1639 1155 1693 εστιν
1200 1640 1229 1692 ό
1272 1639 1371 1708 τῆς
1434 1639 1583 1707 ζωῆς
1628 1641 1789 1709 ἄρτος
1820 1656 1836 1671 ⁸

264 1726 392 1777 ἐπεὶ
447 1726 505 1778 δὲ
543 1728 593 1779 οί
661 1728 820 1781 τοῦτο
871 1730 1154 1799 δεχόμενοι
1176 1729 1236 1783 τὸ
1271 1730 1445 1800 δῶρον
1473 1732 1573 1801 τὴν
1621 1733 1725 1801 γῆν
1756 1730 1839 1784 ἔτι

1936 640 2161 694 versari.
2191 639 2479 705 «Dissolvi,
2518 640 2785 707 iuquit,et
2810 655 2931 692 cum
2951 639 3169 693 Christo
3195 655 3335 703 esse,
3366 644 3506 696 mul-

1936 739 1991 784 ιο
2018 731 2189 799 magis
2219 731 2410 783 melius
2437 731 2503 783 ".
2544 748 2559 778 ι
2599 729 2754 792 Quod
2782 730 2894 781 haec
2936 742 3118 780 mensa
3150 738 3372 796 prastat
3427 732 3507 783 in-

1935 819 2181 885 signiter.
2212 818 2322 871 Etsi
2348 818 2489 871 enim
2520 818 2573 870 in
2603 818 2725 869 aliis
2750 832 2967 885 quoque
3000 817 3277 886 mysteriis
3312 817 3506 872 Chrisu

1935 919 2048 963 tuut
2087 909 2327 962 invenire
2355 909 2493 971 licet.
2527 908 2622 962 sed
2660 917 2909 965 eatenus.
2946 918 3001 959 ut
3056 909 3505 983 praeparationem

1936 1001 2061 1055 inde
2082 1001 2342 1063 feramus,
2366 1017 2471 1070 quo
2493 1016 2615 1055 cum
2640 1015 2708 1054 eo
2722 1016 2844 1054 esse
2866 1001 3157 1069 possimus.
3186 1000 3283 1053 llic
3306 1013 3508 1060 autem,

1938 1094 2122 1162 utjam
2152 1108 2282 1162 pure
2305 1110 2425 1147 eum
2486 1096 2834 1161 accipiamus,
2890 1102 2942 1146 et
2997 1108 3121 1147 eum
3182 1093 3273 1145 illo
3315 1094 3506 1145 simus.

1938 1180 2040 1235 Ubi
2072 1182 2216 1234 enim
2250 1182 2301 1233 in
2328 1182 2449 1235 aliis
2492 1183 2727 1249 reperias
2757 1197 2919 1234 unum
2969 1197 3165 1249 corpus
3230 1192 3283 1235 et
3342 1197 3506 1235 unum

1937 1268 2213 1337 spiritum,
2236 1279 2291 1323 et
2321 1286 2546 1323 manere
2576 1272 2627 1323 in
2655 1274 2792 1338 ipso.
2823 1283 3238 1338 manentemque
3267 1274 3504 1327 vicissim

1942 1360 2143 1413 habere
2184 1362 2236 1413 in
2265 1362 2490 1430 seipso?
2542 1361 2767 1431 Propter
2800 1363 2923 1429 hoc,
2959 1374 3015 1415 ιιι
3050 1366 3302 1425 arbitror,
3344 1369 3503 1419 etiam

1937 1449 2185 1504 Christus
2216 1451 2327 1518 ipse
2364 1452 2752 1505 beatitudinem
2776 1452 3048 1521 justorum
3104 1469 3320 1510 cmuam
3370 1472 3507 1509 nun-

1938 1543 2176 1610 wpavit,
2208 1544 2258 1594 in
2286 1558 2391 1611 qua
2415 1544 2527 1612 ipse
2560 1546 2910 1599 ministraret.

2011 1632 2103 1688 Sic
2126 1632 2289 1701 igitur
2317 1634 2471 1703 panis
2494 1636 2615 1689 vita
2647 1640 2922 1705 praemium
2959 1638 3335 1705 est.Quoniam
3380 1655 3509 1695 vero

1939 1720 2137 1776 donum
2167 1724 2305 1777 istuc
2334 1726 2691 1793 suscipientes
2718 1738 2916 1782 terram
2948 1730 3128 1785 adhuc
3183 1735 3418 1792 calcant,
3454 1741 3508 1785 et

263 1817 506 1871 πατοῦσι
542 1819 637 1874 καὶ
659 1820 1023 1891 ὁδοιποροῦσι,
1061 1824 1154 1876 καὶ
1178 1824 1267 1877 διὰ
1286 1822 1447 1877 τοῦτο
1472 1823 1565 1877 καὶ
1602 1823 1841 1888 κονίζον-
1944 1832 1946 1840 ‘

1820 1853 1841 1865 .
1944 1824 2005 1869 ut
2036 1815 2269 1871 viatores
2299 1817 2518 1886 pulvere
2562 1819 2934 1887 inquinantur,
2961 1833 3014 1876 et
3047 1824 3278 1891 pedibus
3329 1823 3503 1875 oﬂ’en-

260 1927 358 1964 ται
379 1914 473 1965 καὶ
501 1913 911 1983 προσκόπτουσι
930 1915 1023 1968 καὶ
1045 1915 1260 1987 λῃστῶν
1306 1916 1575 1970 δεδοίκασι
1624 1919 1831 1986 χεῖρας,
1860 1903 1910 1965 Β
1936 1927 1943 1957 ι

1820 1956 1831 1980 ,
1860 1903 1910 1965 Β
1936 1908 2093 1972 dunt,
2120 1920 2597 1979 grassatorumque
2615 1926 2809 1966 manus
2860 1914 3073 1977 timent,
3102 1930 3201 1983 pro
3251 1916 3503 1983 praesenti

260 2004 405 2073 πρὸς
432 2004 531 2075 τὴν
581 2005 870 2076 παροῦσαν
922 2008 1112 2078 χρείαν
1151 2009 1337 2071 αὐτοῖς
1392 2008 1617 2070 είκότως
1672 2009 1835 2076 ἀρκεῖ

258 2097 355 2146 καὶ
383 2096 483 2165 τὴν
512 2096 663 2166 ίσχὺν
696 2097 879 2166 ἀνέχει
910 2099 1003 2153 καὶ
1033 2099 1256 2169 ἡγεμών
1301 2099 1531 2153 ἐστικαὶ
1554 2099 1829 2171 καθαίρει,

256 2186 369 2248 ἕως
392 2188 816 2254 καταλύσουσιν,
840 2182 902 2242 οῦ
941 2192 1084 2244 κατὰ
1112 2191 1211 2244 τὸν
1242 2192 1451 2274 Πέτρου
1486 2192 1644 2261 λόγον
1666 2192 1831 2247 καλὸν

256 2276 402 2330 εἶναι
436 2279 530 2331 τὸν
565 2281 876 2350 ἄνθρωπον,
910 2283 1046 2336 ὅπου
1073 2284 1182 2337 τῶν
1210 2284 1387 2338 ἄλλων
1438 2284 1541 2355 μὲν
1602 2286 1830 2355 οὐδεμία

255 2373 438 2438 χώρα,
471 2371 530 2423 εν
557 2372 787 2443 καθαρῷ
825 2374 1169 2443 πραγμάτων
1186 2377 1371 2446 χωρίῳ
1405 2376 1653 2445 μένουσιν
1702 2378 1828 2446 ἢδη,

258 2460 794 2532 μόωνδδσύφανός
846 2466 995 2519 εστιν
1035 2465 1219 2528 αὐτοῖς
1275 2469 1303 2520 ὁ
1359 2464 1593 2536 Χριστὸς
1653 2470 1831 2520 συνὼν

254 2552 544 2621 καθαρῶς.
580 2553 792 2608 Ουκοῦν
828 2554 903 2618 ῶς
934 2555 1033 2625 μὲν
1065 2556 1365 2627 καθάρσιον
1382 2558 1479 2612 καὶ
1509 2558 1646 2626 πρὸς
1671 2558 1831 2612 τοῦτο

256 2646 470 2715 συστᾷν
499 2645 559 2712 ἐξ
593 2647 771 2717 ἀρχῆς
796 2647 1073 2716 μολυσμοῦ
1131 2648 1331 2711 παντὸς
1374 2649 1725 2716 ἀπαλλάττει,
1753 2650 1829 2714 ὡς

254 2738 317 2788 δὲ
348 2740 607 2801 κοινωνὸς
636 2739 771 2807 ἡμῖν
800 2739 907 2791 τῶν
925 2739 1175 2807 ἀγώνων,
1209 2735 1285 2794 ὧν
1318 2741 1545 2811 ἡγεμὼν
1592 2744 1826 2813 ὑπῆρξε,

257 2830 616 2895 πρωτότοκος
644 2832 727 2893 είς
752 2831 982 2893 τούτους
1019 2833 1437 2903 ἀποδυσάμενος
1484 2836 1639 2905 ίσχὺν
1688 2836 1827 2890 κατά

254 2919 370 2970 τῶν
406 2919 793 2987 πολεμούντων
823 2922 1060 2991 παρέχει
1092 2938 1107 2953 ·
1157 2924 1238 2977 ὅτι
1285 2924 1342 2978 δὲ
1380 2926 1475 2979 καὶ
1505 2926 1676 2995 γέρας
1727 2929 1829 2980 οὐκ

253 3007 394 3061 ἄνευ
434 3010 634 3074 πόνων,
665 3009 695 3062 δ
727 3011 911 3064 τοίνυν
938 3011 1013 3077 ὡς
1038 3009 1202 3066 ἆθλον
1227 3012 1339 3082 ἔχει
1370 3014 1429 3066 τδ
1479 3015 1695 3068 δεῖπνον
1735 3018 1827 3070 καὶ

254 3099 335 3160 ὡς
364 3100 570 3169 εσχάτη
604 3102 969 3170 μακαριότης,
1018 3103 1119 3156 τίν’
1158 3102 1271 3172 εχει
1293 3102 1470 3171 λόγον.
1500 3104 1577 3169 ῶς
1622 3105 1828 3160 ελάττω

252 3190 567 3258 δυναμένου
602 3192 875 3245 ποιεῖσθαι
905 3195 1207 3263 τεκμήριον
1232 3213 1247 3261 ;
1278 3197 1385 3249 Τὸν
1412 3197 1523 3250 [σον
1545 3198 1601 3250 δὲ
1626 3198 1828 3269 τρόπον

1938 2001 2257 2055 necessitate
2274 2002 2404 2071 ipsis
2427 2002 2583 2070 plane
2611 2001 2802 2057 sullicit
2828 2004 2913 2058 hic
2938 2010 3113 2076 panis.
3132 2019 3184 2061 et
3207 2009 3345 2061 vires
3372 2024 3503 2062 sus-

1936 2100 2126 2156 tentat,
2162 2103 2217 2146 et
2265 2094 2374 2147 dux
2404 2096 2507 2158 est',
2554 2104 2603 2147 et
2633 2104 2845 2163 purgat,
2872 2095 3043 2151 donec
3068 2098 3355 2165 divertaut,
3414 2100 3503 2151 ubi

1934 2184 2233 2239 secundum
2265 2183 2409 2237 Pctrl
2464 2185 2625 2238 verba
2657 2186 2704 2216 ⁷⁸
2734 2186 2933 2239 bonum
2959 2198 3038 2240 est
3066 2190 3335 2242 hominem
3364 2205 3503 2251 esse.

1938 2275 2028 2329 ubi
2063 2275 2183 2328 aliis
2210 2275 2393 2328 nullus
2420 2274 2664 2339 I0cus,in
2696 2280 2912 2343 regione
2936 2294 2964 2330 a
2988 2280 3215 2346 negotiis
3263 2282 3505 2333 molestis

1936 2366 2225 2436 liberajam
2243 2366 2613 2425 manentibus.
2632 2366 2749 2420 solu
2766 2396 2780 2413 ς
2798 2378 2977 2421 autem
2995 2385 3193 2423 corona
3210 2371 3507 2438 ipsisChri-

1936 2468 2057 2513 atus
2083 2468 2188 2525 est,
2214 2474 2333 2512 cum
2365 2459 2445 2513 eis
2477 2458 2903 2514 familiarissime
2941 2476 3182 2516 versans.
3236 2462 3402 2532 Igitur
3450 2478 3506 2518 ut

1943 2549 2212 2619 purgandi
2250 2552 2355 2602 vim
2390 2551 2619 2615 habens,
2644 2560 2697 2603 et
2726 2553 2789 2603 ad
2826 2556 2927 2604 hoc
2974 2568 3001 2603 a
3029 2555 3296 2622 principio
3345 2557 3506 2609 insti-

1938 2652 2142 2706 tutum,
2184 2644 2598 2712 inquinamento
2624 2646 2771 2697 omni
2800 2645 3015 2699 liberat.
3049 2645 3116 2700 Ut
3175 2660 3355 2703 autem
3408 2667 3506 2704 nos

1936 2736 1988 2789 in
2019 2737 2403 2789 certaminibus
2422 2737 2658 2805 adjuvat,
2696 2752 2925 2805 quorum
2963 2739 3076 2805 ipse
3126 2740 3377 2794 Christus
3397 2743 3504 2795 dux

1936 2822 2036 2877 fuit
2078 2831 2223 2887 ante,
2258 2825 2464 2891 primus
2494 2825 2559 2878 ad
2593 2840 2652 2877 ea
2683 2841 2991 2894 aggressus,
3026 2830 3191 2881 robur
3244 2836 3506 2885 adversus

1934 2925 2311 2984 uppugnantes
2350 2916 2599 2985 largitur.
2669 2916 2806 2981 Quia
2844 2933 2971 2971 vero
3014 2921 3173 2973 etiam
3224 2925 3504 2987 pisciniqu

1933 3018 2035 3072 est,
2072 3010 2285 3064 labores
2312 3010 2511 3079 quibus
2558 3008 2817 3065 debeatur
2870 3017 3121 3081 postulat.
3181 3018 3281 3078 Qui
3342 3019 3507 3082 igitur

1935 3115 2147 3155 cmuam
2180 3113 2234 3155 ut
2272 3101 2578 3171 praemium,
2610 3113 2663 3157 et
2694 3115 2748 3157 ut
2770 3119 3079 3172 supremam
3116 3108 3502 3163 beatitudioem

1936 3191 2113 3251 habet.
2130 3194 2620 3261 quomodocaateris
2640 3195 2818 3248 minus
2833 3212 2989 3263 posse
3007 3198 3359 3252 nihilominus
3380 3216 3514 3254 con-

255 3284 367 3352 χρὴ
404 3286 499 3335 καὶ
533 3286 659 3354 περὶ
692 3285 922 3356 θατέρου
960 3287 1295 3355 ψηφίζεσθαι
1336 3290 1430 3343 καὶ
1474 3264 1734 3357 νομίζειν,
1761 3295 1825 3362 τῇ
1856 3264 1899 3327 c
1932 3274 1938 3344 ί

1856 3264 1899 3327 C
1932 3274 2106 3344 liciet?
2119 3283 2260 3338 Idem
2278 3282 2346 3338 de
2363 3284 2532 3339 altero
2548 3285 2969 3349 decernendum,
2985 3288 3113 3340 exist
3126 3289 3510 3359 imaudumque

253 3379 564 3444 τελειότητι
594 3375 691 3429 τοῦ
724 3380 1023 3446 μυστηρίου
1053 3382 1129 3450 μὴ
1180 3380 1458 3449 πολεμεῖν.
1492 3383 1564 3434 Ού
1607 3382 1715 3451 γὰρ
1746 3383 1827 3434 ὃτι

257 3470 407 3536 μέγα
432 3468 684 3533 δύναται,
708 3471 797 3524 τὸν
817 3471 1115 3542 ἁμαρτίαις
1140 3473 1537 3545 διεφθαρμένον
1577 3475 1678 3526 οὐκ
1701 3476 1830 3527 ἀνα-

255 3560 513 3625 πλάττει,
575 3561 691 3613 ἀλλ’
718 3564 883 3615 αὑτὸν
915 3565 990 3635 μὴ
1019 3564 1319 3634 δυνάμενον
1345 3566 1518 3619 ταῦτα
1564 3566 1828 3631 δέξασθαι

254 3655 354 3703 καὶ⁵
380 3654 598 3715 παθεῖν,
634 3654 729 3707 άτε
769 3654 869 3723 τὴν
922 3654 1157 3726 πρώτην
1190 3657 1270 3709 [τι
1313 3658 1549 3729 φέροντα
1608 3659 1825 3723 πλάσιν,

253 3740 406 3816 ᾗπερ
440 3751 496 3798 ἐν
527 3748 643 3808 τοῖς
683 3748 920 3817 πρόσθεν
943 3750 1156 3817 εἴρηται
1200 3749 1401 3818 λόγοις,
1444 3753 1511 3820 ἠν
1562 3752 1827 3821 ἀφανίσαι

254 3838 352 3887 καὶ
376 3835 489 3887 τῶν
533 3835 721 3905 ψυχῶν
791 3838 993 3901 ἐξελεῖν
1035 3840 1142 3892 τῶν
1178 3840 1327 3905 ἅπαξ
1384 3841 1824 3911 βαπτισαμένων,

252 3927 377 3979 οὐδὲ
405 3927 507 3994 τῆς
534 3928 771 3995 ἐσχάτης
802 3930 919 3981 ἐστὶ
954 3932 1217 4000 πονηρίας
1292 3932 1400 3985 οὐδ’
1426 3934 1493 3987 ἂν
1536 3934 1705 4005 αὐτὴν
1729 3936 1829 4006 ἅρ-

253 4015 529 4083 νήσασθαι
580 4017 949 4084 τολμήσωσιν,
1001 4019 1070 4089 ἢν
1105 4020 1478 4091 ξώμολόγησαν
1522 4022 1599 4091 τῷ
1665 4024 1827 4093 κοινῷ

251 4108 506 4179 Δεσπότῃ
543 4108 817 4175 δουλείαν,
852 4110 926 4172 ὡς
958 4112 1080 4164 οὐδὲ
1113 4114 1213 4177 τῆς
1243 4114 1415 4184 άκρας
1440 4116 1757 4184 φιλοσοφίας
1792 4118 1824 4188 ἢ

251 4200 419 4267 ψιλῆς
447 4201 545 4268 τῆς
573 4200 868 4269 ὁμολογίας
902 4203 1225 4272 δυνηθείσης
1250 4205 1507 4273 ἐνθεῖναι,
1534 4207 1711 4260 ἔπειθ’
1742 4209 1825 4261 ὃτι

252 4292 352 4344 καὶ
380 4291 619 4343 καθόλου
651 4294 921 4362 κρείττων
955 4295 1106 4347 ἐστὶν
1134 4298 1162 4348 ό
1193 4297 1479 4366 ἄνθρωπος
1511 4300 1543 4371 ἢ
1571 4298 1826 4353 τεθνάναι

248 4385 349 4435 καὶ
376 4383 790 4452 συντετρίφθαι,
814 4385 1007 4438 τούτου
1037 4387 1093 4439 δὲ
1122 4390 1292 4459 χωρὶς
1326 4389 1426 4441 οὐκ
1458 4384 1528 4460 ἦν
1550 4391 1828 4445 ἀναπλάτ-

244 4474 469 4526 τεσθαι.
507 4475 615 4526 Καὶ
644 4474 800 4545 γάρὸ
834 4475 936 4543 μὲν
968 4476 1197 4539 θάνατος
1245 4477 1337 4531 τοῦ
1392 4480 1631 4533 παλαιοῦ
1691 4481 1825 4550 κόμο

250 4579 449 4632 ματος,
494 4564 591 4616 καὶ
614 4557 770 4626 οὗτος
805 4567 833 4617 ό
856 4565 1152 4635 δυνάμενος
1206 4570 1591 4638 ἀποθνήσκειν,
1642 4572 1700 4624 ὃν
1733 4576 1826 4625 ἀν-

245 4654 458 4706 έδωκεν
496 4656 524 4705 ὁ
555 4653 703 4722 χοῦς,
736 4672 755 4704 ε
799 4656 863 4707 Ἡ
920 4656 1028 4723 γάρ
1080 4655 1257 4726 ἀξίνη,
1323 4664 1488 4730 φησὶν
1544 4661 1820 4731 Ἰωάννης.

244 4748 388 4815 πρ¹ς
420 4743 520 4812 τὴν
550 4744 711 4813 ῥίζαν
746 4744 855 4797 τῶν
882 4746 1115 4817 δένδρων
1146 4751 1325 4801 κεῖται
1358 4766 1373 4781 ο
1404 4769 1424 4802 ›
1467 4753 1495 4804 ό
1522 4752 1581 4805 δὶ
1642 4752 1822 4806 λελου-

246 4837 415 4905 μένος
449 4836 549 4905 ήδη
590 4837 681 4889 τὸν
717 4838 835 4889 νέον
872 4840 1053 4908 φορεῖ,
1088 4840 1287 4892 οὐκοῦν
1320 4841 1435 4904 πῶς
1474 4842 1574 4911 μὲν
1610 4846 1821 4897 ἀποθε-

242 4931 422 4980 νεῖται
446 4927 587 4995 πρὸς
624 4928 714 4979 τὸν
757 4929 930 4999 ’Δδάμ
968 4931 1336 5000 ἡρμοσμένος,
1377 4934 1436 4996 ὃς
1460 4936 1643 4989 ούκέτι
1692 4940 1826 4990 ἀπο-

239 5019 518 5087 θνήσκεις
562 5017 703 5069 Ἀνθ’
727 5020 849 5071 ὅτου
885 5020 930 5073 δ’
981 5020 1367 5101 ἂνάποθάνοι,
1430 5024 1488 5077 δν
1540 5027 1680 5097 ὑπὲρ
1730 5027 1825 5080 τοῦ

241 5108 437 5161 λαδεῖν
470 5107 578 5160 ἔδει
604 5107 881 5170 τεθνάνὰι,
899 5106 1089 5164 τοῦτον
1112 5104 1407 5186 ἐτι-ςφέρων
1428 5114 1499 5165 γὲν
1534 5117 1598 5183 τῇ
1630 5115 1773 5186 ψυχῇ
1804 5132 1819 5181 ;

241 5198 422 5252 Τοῦτο
457 5198 515 5249 δὲ
541 5198 652 5249 οὐδ’
680 5197 775 5251 ἀπ’
827 5198 995 5252 αὑτοῦ
1069 5181 1513 5279 λαδιεξῆἐξεστιν
1702 5181 1826 5259 λου-

235 5289 376 5361 τροῦ
399 5306 414 5320 σ
441 5289 560 5351 πῶς
579 5288 671 5342 οῦν
696 5289 763 5341 ἂν
789 5290 1003 5362 γένοιτο
1021 5291 1391 5365 τῶνίτελετῶν
1404 5295 1611 5365 ταύτης
1640 5296 1822 5365 ἐκείνη

234 5382 423 5450 τούτῳ
473 5380 722 5448 βελτίων,
748 5379 777 5431 δ
801 5374 931 5450 παρ’
970 5376 1174 5451 ἀμφοῖν
1200 5386 1400 5452 ὁμοίως
1430 5385 1531 5437 οὐκ
1561 5386 1711 5438 ἔστιν
1740 5388 1831 5437 εύ-

238 5474 360 5541 ρείν
384 5488 397 5535 ;
428 5472 505 5522 Οὐ
523 5473 635 5539 γὰρ
655 5471 765 5523 οὐδ’
799 5470 1177 5551 αύτὸξδύναταιε
1192 5474 1257 5545 ίτδ
1277 5462 1564 5543 βάπτισμα
1582 5477 1704 5536 τοὺς
1728 5476 1826 5544 ἤδη

234 5562 535 5633 περιόντας
561 5562 657 5613 καὶ
683 5578 749 5613 πε
762 5548 1101 5640 πλασμένους
1120 5554 1273 5641 αὖθις
1288 5564 1608 5635 ἀναγεννᾷν,
1627 5568 1654 5619 ὅ
1673 5583 1731 5617 τε
1757 5568 1833 5618 ts-

234 5658 331 5725 ρὸς
352 5653 559 5721 θεσμὸς
574 5654 768 5707 οὐδένα
799 5654 888 5707 διὰ
904 5654 1075 5706 ταῦτα
1096 5653 1175 5719 ὄις
1193 5657 1411 5709 ἔλουσεν
1435 5658 1531 5711 ἀνθ
1542 5676 1741 5728 ρωπον,
1765 5658 1825 5708 οὐ

1934 3374 2255 3445 perlectioni
2286 3376 2530 3446 mysterii
2570 3391 2676 3428 non
2708 3391 3029 3445 repugnare.
3062 3380 3175 3433 Non
3209 3384 3353 3435 enim
3382 3386 3509 3451 quia

1936 3481 2044 3520 non
2072 3467 2303 3521 multum
2342 3476 2540 3537 potest,
2572 3470 2809 3535 peccatis
2837 3472 3103 3539 perditum
3150 3489 3255 3526 non
3277 3476 3506 3544 relingit,

1935 3561 2027 3613 sed
2058 3560 2183 3629 quia
2211 3574 2333 3613 cum
2368 3559 2595 3627 primam
2655 3559 3032 3615 formationem
3091 3579 3183 3617 seu
3233 3568 3512 3620 characte-

1933 3663 2048 3703 rem
2074 3649 2251 3703 adhuc
2281 3647 2564 3713 ferat,a|io
2593 3650 2838 3717 insigniri
2868 3652 3076 3719 nequit.
3109 3655 3247 3707 sicut
3278 3666 3403 3710 ante
3429 3659 3511 3711 ili-

1932 3751 2077 3795 ctum
2110 3749 2194 3794 est
2233 3758 2247 3805 ;
2277 3756 2437 3810 quem
2498 3739 2678 3794 delere
2711 3751 2762 3794 et
2790 3756 2853 3795 ex
2881 3746 3167 3799 animabus
3199 3750 3364 3801 semel
3419 3752 3510 3803 ha-

1932 3831 2256 3899 ptizatorum
2295 3830 2536 3894 eradere,
2568 3845 2663 3884 nec
2687 3842 2945 3886 extrema:
2977 3837 3191 3902 quidem
3245 3839 3507 3906 improbi-

1934 3919 2060 3972 tatis
2086 3930 2190 3984 est,
2224 3932 2325 3975 nec
2352 3918 2402 3973 id
2423 3928 2694 3987 poterunt,
2714 3923 2963 3989 quamvis
2984 3936 3191 3992 pactam
3232 3933 3507 3983 communi

1934 4009 2754 4079 Dominiservitutemabnegare
2780 4029 2889 4065 non
2929 4016 3315 4081 dubitaverint,
3346 4036 3505 4091 quem

1934 4101 2042 4154 illis
2074 4116 2173 4154 nec
2206 4116 2418 4153 summa
2441 4101 2799 4171 philosophia,
2832 4120 2925 4158 nec
2946 4107 3086 4160 nuda
3116 4111 3387 4165 confessio
3410 4116 3508 4168 imt

1932 4192 2165 4259 primere
2195 4192 2389 4258 potuit.
2425 4188 2625 4244 Deinde
2683 4194 2809 4261 quia
2898 4197 3144 4252 universe
3199 4204 3388 4255 melius
3450 4222 3509 4259 es

1934 4284 2209 4337 hominem
2238 4298 2377 4346 esse,
2414 4300 2575 4352 quam
2608 4296 2873 4339 mortuum
2899 4296 2951 4339 et
3012 4293 3304 4346 contritum
3362 4312 3504 4363 esse,

1932 4376 2051 4431 sine
2080 4389 2188 4443 quo
2207 4390 2314 4429 non
2329 4377 2488 4430 datur
2520 4378 2749 4431 retictio.
2782 4377 2993 4434 Etenim
3022 4396 3169 4436 mors
3199 4395 3281 4438 est
3315 4392 3508 4443 veteris

1933 4480 2183 4532 monetae,
2226 4476 2280 4520 et
2315 4469 2401 4521 hic
2435 4480 2517 4521 est
2545 4469 2635 4537 qui
2670 4470 2803 4522 mori
2854 4481 3051 4538 potest,
3114 4489 3274 4539 que'n
3334 4480 3509 4544 pulvis

1934 4559 2225 4628 produxit:
2265 4577 2283 4610 ι
2317 4560 2535 4613 Securis
2569 4560 2737 4624 enim,
2773 4562 2948 4630 inquit
3007 4564 3364 4635 Evangelista,
3438 4572 3504 4624 ad

1932 4650 2168 4705 radicem
2233 4651 2448 4705 arboris
2520 4652 2691 4720 posita
2749 4663 2831 4706 est
2858 4654 2967 4718 ",i
3022 4658 3239 4713 ablutus
3301 4676 3503 4723 autem,

1925 4744 2036 4813 jam
2062 4758 2262 4797 novum
2290 4744 2563 4798 hominem
2616 4754 2813 4815 portat.
2850 4746 3132 4811 Quomodo
3192 4750 3354 4818 igitur
3389 4769 3506 4805 mo-

1936 4834 2130 4899 rietur,
2172 4837 2380 4887 Adamo
2418 4834 2597 4887 adhuc
2634 4836 2979 4906 conjunctus,
3011 4839 3103 4907 qui
3136 4841 3365 4909 amplius
3399 4860 3505 4897 non

1933 4925 2163 4979 moritur
2194 4923 2300 4977 7Et
2336 4941 2433 4993 pro
2462 4941 2570 4995 quo
2603 4931 2814 4981 tandem
2848 4939 3168 4993 moreretur,
3225 4947 3348 4984 cum
3412 4950 3508 5001 pro

1931 5032 2038 5087 quo
2071 5017 2385 5084 accipiendo
2413 5017 2549 5070 mori
2573 5020 2877 5085 Oportebat,
2899 5034 3020 5071 eum
3051 5020 3228 5075 adhuc
3255 5022 3308 5075 in
3328 5026 3507 5077 auium

1928 5110 2136 5178 gestet?
2156 5106 2267 5165 Hoc
2287 5119 2464 5163 autem
2490 5123 2589 5163 nec
2611 5109 2679 5162 ab
2707 5110 2823 5178 ipso
2840 5111 3057 5164 lavacro
3083 5117 3338 5182 consequi
3364 5116 3503 5169 licet.

1929 5202 2033 5267 Qui
2062 5217 2190 5271 ergo
2220 5202 2319 5255 hoc
2350 5202 2606 5271 mysterio
2642 5201 2773 5257 illud
2806 5208 2872 5256 sit
2919 5203 3131 5266 melius,
3167 5205 3219 5256 in
3247 5219 3331 5266 eo,
3361 5207 3508 5273 quod

1929 5308 2083 5360 aque
2124 5294 2175 5345 in
2209 5298 2399 5347 neutro
2431 5293 2749 5346 invenitur?
2806 5292 2912 5346 Nec
2950 5294 3093 5346 enim
3146 5310 3208 5347 ea
3258 5295 3507 5362 baptismi

1932 5386 2013 5438 vis
2046 5395 2148 5446 est,
2180 5392 2237 5435 ut
2268 5385 2377 5452 jam
2411 5394 2687 5439 exstantes
2735 5393 2789 5439 et
2828 5384 3094 5439 lormatos
3139 5385 3319 5438 denuo
3350 5400 3507 5453 gene-

1936 5489 2056 5528 rare
2088 5482 2285 5541 queat;
2315 5483 2544 5539 etgsncra
2564 5477 2643 5529 les
2680 5477 2949 5535 nemiuem
2974 5478 3174 5530 idcirco
3204 5477 3284 5529 bis
3315 5477 3508 5539 abluit,

1937 5580 2110 5631 neque
2138 5563 2189 5615 id
2220 5566 2524 5633 disciplina:
2550 5576 2603 5619 et
2630 5566 2838 5619 ordinis
2876 5566 3068 5633 gratia,
3122 5566 3217 5620 sed
3247 5568 3389 5635 quod
3424 5567 3509 5621 bis

1938 5658 1988 5708 in
2014 5657 2203 5708 eodem
2236 5660 2481 5723 generari
2512 5660 2583 5711 sit
2616 5658 2971 5727 impossibile.

230 5748 412 5801 τύπον
433 5750 558 5802 τινὰ
583 5748 773 5813 σώζων
798 5751 891 5803 καὶ
910 5749 1087 5815 τάξιν,
1116 5747 1235 5805 ἀλλ’
1258 5749 1441 5829 ὅτιδὶς
1466 5750 1607 5801 κατὰ
1628 5750 1826 5801 ταῦτ’,ν
1858 5746 2183 5817 γεννηθῆναι
2210 5748 2317 5798 τῶν
2355 5749 2673 5815 ἀμηχάνων.

304 5864 630 5937 "Philipp.
665 5881 704 5931 ι,
746 5864 837 5921 Ξὸ.
917 5866 963 5899 ’⁸
995 5863 1187 5920 Matth.
1227 5863 1355 5929 xt'tt,
1393 5865 1444 5917 4.
1522 5865 1566 5895 ’⁷
1612 5864 1799 5918 Matth.
1829 5878 1909 5925 ιιι,
1953 5864 2036 5915 l0.
