4262 6460
709 475 804 538 611

1932 451 2241 513 NICOLAI
2303 447 2694 508 CADASILE

3842 427 3958 491 (512

785 578 971 648 Atqui,
1003 578 1253 628 occurret
1287 567 1507 636 aliquis,
1537 563 1623 617 hic
1648 571 1732 617 est
1766 562 2091 630 baptismus,
2127 560 2282 613 si’re—
2318 566 2354 620 Α
2457 560 2468 611 l

2274 591 2282 598 -
2318 566 2354 620 Α
2457 559 2567 611 Καὶ
2601 559 2708 624 μὴν
2738 557 2879 607 εἴποι
2907 569 2989 613 τις
3019 552 3106 615 ἀν,
3135 548 3291 604 τοῦτό
3312 547 3428 601 ἑστι
3453 546 3734 615 βάπτισμα
3757 544 3816 596 τὸ
3856 542 3957 610 τὴν

714 674 968 739 ligioncm
1001 680 1186 719 coram
1221 656 1665 730 persecutoribus
1705 653 1988 706 confessus
2024 650 2283 704 moriare.

716 762 854 826 Quid
888 761 1052 828 igitur
1086 755 1236 808 multi
1271 751 1426 819 aquis
1454 748 1676 808 initiati,
1710 755 1761 797 et
1794 745 1894 796 hoc
1923 743 2156 796 stadium
2194 743 2288 795 de-

715 860 1025 912 currerunt,
1057 856 1111 900 et
1139 846 1373 900 alterum
1416 842 1518 893 hoc
1552 841 1826 891 lavacrum
1886 834 2290 902 susceperunt?

719 942 856 996 l'luic
889 937 1175 1006 quaestioni
1215 936 1284 986 ita
1322 943 1696 984 occurremus.
1737 925 1876 991 Quid
1910 926 1974 978 ad
2007 924 2286 978 Christum

721 1049 781 1086 se
810 1032 1121 1100 adiungere,
1146 1036 1199 1078 et
1223 1037 1326 1075 una
1355 1037 1479 1073 cum
1501 1035 1565 1072 eo
1587 1020 1769 1070 vivere
1795 1017 2166 1079 instituerunt,
2197 1028 2292 1068 eos

717 1123 1081 1181 commendat,
1119 1116 1263 1185 quod
1300 1114 1447 1166 illitis
1496 1125 1653 1162 manu
1709 1108 1967 1176 prmclare
2019 1107 2130 1158 iit-ti
2185 1104 2294 1156 [or-

719 1215 956 1280 matique
992 1217 1138 1262 sunt.
1174 1204 1535 1258 Commendat
1569 1202 1753 1262 etiam,
1789 1198 1933 1267 quod
1986 1212 2080 1266 per
2125 1196 2296 1248 virtu-

723 1316 828 1358 tem
868 1303 968 1370 ipsi
1006 1317 1097 1370 per
1131 1297 1476 1364 semctipsos,
1510 1304 1560 1345 et
1593 1307 1686 1358 per
1709 1291 1952 1342 laudatos
1983 1299 2178 1356 agones
2208 1298 2296 1336 ac-

720 1403 1020 1449 cesserunt.
1064 1395 1214 1459 Aqua
1249 1392 1410 1456 igitur
1467 1383 1752 1453 baptizari,
1799 1380 2067 1434 hominem
2125 1377 2294 1444 litigii,

721 1498 772 1538 et
809 1487 859 1536 id
894 1499 1060 1536 unum
1092 1489 1268 1549 potest
1296 1496 1310 1541 ;
1346 1493 1492 1531 mors
1522 1492 1617 1544 pro
1645 1473 1864 1526 Christo
1891 1471 2153 1539 appetita,
2182 1470 2298 1522 sine

724 1578 888 1629 dubio
940 1585 1226 1640 utrumque
1272 1578 1466 1638 potest,
1497 1567 1707 1635 etquod
1730 1580 1868 1634 aqua
1905 1565 2034 1617 dare
2065 1563 2224 1624 valet,
2246 1571 2302 1615 et

727 1669 866 1734 quod
898 1683 926 1719 a
967 1667 1120 1718 nobis
1154 1663 1514 1730 praestandum
1543 1669 1643 1713 est.
1675 1657 1911 1711 Proinde
1934 1657 2170 1710 nondum
2197 1655 2300 1706 iiii-

731 1761 878 1812 tiatis
916 1757 1250 1825 propositum
1308 1763 1390 1807 est
1421 1752 1636 1821 quidem
1724 1750 2012 1818 baptisma,
2042 1754 2096 1799 et
2129 1745 2299 1809 lictiu,

740 1851 1106 1902 testimonium
1142 1849 1207 1900 de
1235 1846 1477 1908 Christo,
1509 1843 1559 1897 ei
1597 1843 1879 1911 sepultura
1904 1857 2024 1894 cum
2059 1839 2301 1903 Chrism,

2360 654 2376 671 '
2395 649 2691 718 θρησκείαν
2711 649 2820 708 τοῖς
2841 645 3097 706 δ.ώκταις
3125 640 3534 710 ἐπιδειξάμενον
3563 637 3954 706 ἀποθνήσκειν

2394 743 2444 795 τί
2475 742 2568 795 οὖν
2591 738 2776 793 πολλοὶ⁵
2803 739 2912 789 τῶν
2949 740 3036 790 ἐπὶ
3065 738 3158 789 τοῦ
3197 734 3390 796 ὓδατος
3421 731 3821 798 τετελεσμένων
3857 726 3952 778 καὶ

2396 834 2584 888 τοῦτον
2611 831 2773 902 ἦλθον
2801 832 2890 883 τὸν
2915 831 3136 900 δρόμον,
3167 827 3422 894 δεύτερον
3460 824 3620 879 τοῦτο
3669 822 3960 888 δεξάμενοι

2395 927 2455 979 τδ
2483 925 2741 995 λουτρόνς
2774 922 2913 975 Ἀλλ’
2941 922 3117 974 ἐκεῖνό
3141 938 3204 986 γε
3237 921 3370 988 πρὸς
3394 911 3565 970 ταῦτα
3585 916 3734 968 ἐστιν
3759 915 3956 966 εἰπεῖν.

2409 1016 2496 1080 Ὦς
2529 1017 2636 1087 ἀρα
2671 1016 2749 1084 τῷ
2790 1014 3012 1084 Χριστῷ
3067 1013 3194 1073 τοὺς
3249 1009 3526 1063 συνελθεῖν
3575 1007 3671 1062 καὶ
3725 1003 3962 1073 συζῆσαι

2400 1107 2816 1177 προῃρημένους
2868 1105 3154 1172 συνίστησι
3210 1100 3311 1170 μὲν
3357 1099 3418 1151 τὸ
3475 1097 3614 1160 πρὸς
3658 1097 3756 1165 τὴν
3784 1093 3960 1161 καλὴν

2401 1199 2597 1250 πλάσιν
2623 1197 2728 1250 ὑπὸ
2757 1197 2853 1264 τῆς
2872 1194 3052 1264 χειρὸς
3079 1193 3292 1261 ἐκείνης
3320 1189 3651 1251 πεπλάσθαι,
3677 1185 3966 1254 συνίστησι

2402 1290 2457 1341 δὲ
2486 1288 2545 1340 τὸ
2576 1288 2643 1340 δι’
2682 1286 2882 1355 ἀρετῆς
2918 1285 3116 1347 αὐτοὺς
3146 1283 3276 1353 παρ’
3308 1280 3518 1335 ἑαυτῶν
3548 1274 3840 1344 ἀφικέσθαι
3865 1273 3970 1324 καὶ

2402 1383 2512 1434 τῶν
2561 1379 2964 1449 ἐπαινουμένων
3020 1379 3271 1444 ἀγώνων,
3320 1377 3382 1428 τὸ
3422 1376 3520 1444 μὲν
3544 1369 3638 1426 οὖν
3670 1371 3824 1424 ὕδατι
3865 1367 3968 1438 βα.-

2405 1476 2698 1542 πτισθῆναι
2748 1474 2973 1525 πλάττει
3018 1471 3109 1523 τὸν
3141 1469 3452 1538 ἄνθρωπον,
3485 1467 3578 1519 καὶ
3637 1463 3779 1516 τοῦτ’
3831 1459 3966 1513 αὐτὸ

2405 1568 2628 1620 δύναται
2687 1567 2870 1633 μόνον,
2899 1566 2926 1616 ὁ
2965 1563 3010 1615 δ’
3040 1561 3180 1629 ὑπὲρ
3219 1557 3461 1627 Χριστοῦ
3532 1556 3760 1615 θάνατος
3811 1551 3970 1610 δῆλός

2409 1660 2554 1711 ἐστιν
2574 1657 2883 1726 ἀμφότερον
2913 1654 3073 1723 ἔχων,
3125 1654 3152 1704 ὅ
3195 1669 3253 1703 τε
3299 1651 3557 1719 χορηγεῖν
3597 1640 3705 1698 οἶδε
3734 1643 3793 1695 τὸ
3826 1640 3974 1701 ὕδωρ

2409 1752 2503 1802 καὶ
2530 1749 2558 1801 ὃ
2591 1749 2720 1818 παρ’
2751 1747 2908 1816 ἡμῶν
2967 1741 3314 1814 εἰσφέρεσθαι
3367 1741 3469 1793 δεῖ.
3507 1738 3616 1789 Καὶ
3645 1736 3822 1787 τοίνυν
3857 1732 3973 1790 τοῖς

2415 1843 2516 1912 μὲν
2553 1843 2718 1910 μήπω
2770 1838 3145 1907 μεμυημένοις
3215 1835 3331 1887 ἐστι
3391 1834 3491 1902 μὲν
3547 1830 3830 1900 βάπτισμα
3879 1824 3975 1876 καὶ

741 1942 795 1994 in
831 1939 1030 2008 quibus
1058 1937 1308 2006 baptismi
1339 1936 1459 1988 linis
1481 1944 1535 1987 et
1564 1947 1760 2000 scapus
1780 1941 1882 1985 est.
1913 1929 2191 2000 Proposita
2223 1941 2306 1983 est
2335 1925 2379 1984 Β
2408 1954 2424 1988 ιι

2294 1941 2306 1982 ι
2335 1925 2379 1984 Β
2408 1936 2604 1997 πλάσις
2651 1932 2728 2002 τῷ
2778 1931 2997 2001 Χριστῷ
3027 1931 3124 1982 καὶ
3185 1927 3318 1997 μετά
3366 1922 3603 1994 Χριστοῦ
3638 1922 3732 1973 καὶ
3765 1934 3977 1987 μαρτυ-

735 2034 864 2087 item
898 2036 1090 2092 virtus,
1129 2030 1417 2084 sudoribus
1481 2042 1576 2096 pro
1611 2027 1749 2079 bono
1781 2024 1872 2076 illo
1912 2036 2167 2089 supremo
2199 2022 2313 2075 adi-

736 2126 1014 2196 piscendo,
1042 2135 1092 2177 ει
1127 2135 1366 2176 extrema
1396 2118 1680 2172 tolerantia
1712 2116 1957 2169 laborum
1991 2115 2166 2181 plena.
2202 2111 2311 2166 lni-

739 2221 888 2270 tiatis
923 2231 1079 2283 porro
1109 2215 1342 2282 primum
1387 2225 1492 2261 non
1524 2207 1804 2274 contingit,
1826 2205 1912 2272 qui
1935 2205 2042 2271 jam
2068 2200 2310 2256 lictifor-

748 2311 989 2378 matith
1009 2306 1403 2361 suntctvivunt
1423 2321 1434 2355 :
1456 2299 1751 2354 secundum
1793 2295 2076 2364 contingit.
2102 2293 2311 2349 Etenim

746 2399 1186 2454 exercitationem
1217 2394 1452 2465 pietatis,
1472 2401 1526 2445 et
1557 2390 1834 2451 virtutem,
1859 2397 1911 2442 et
1932 2402 2001 2440 an
2039 2386 2315 2440 Christum

736 2494 1107 2548 uoverimuset
1122 2503 1364 2543 amemus
1379 2500 1538 2554 super
1554 2484 1734 2536 omnia
1748 2497 1868 2550 qua:
1880 2481 2046 2533 amari
2063 2489 2314 2547 possunt,

737 2597 788 2639 et
817 2583 1180 2637 ﬁrmissimam
1205 2592 1351 2646 spem
1373 2575 1614 2636 inillum,
1639 2574 1773 2635 hrec,
1803 2571 2047 2640 inquam,
2073 2568 2276 2622 ferrum
2299 2605 2314 2632 ,

744 2687 797 2731 et
833 2676 995 2743 ignis,
1017 2683 1068 2727 et
1097 2671 1415 2742 gravissima
1443 2679 1672 2737 quaeque
1708 2673 1976 2718 tormenta
2032 2661 2319 2715 manifeste

746 2771 1061 2823 ostendunt.
1096 2765 1298 2819 Horum
1321 2776 1485 2816 causa
1511 2759 1837 2828 baptismate
1865 2757 2028 2811 semel
2078 2754 2320 2808 initiatos

739 2863 931 2915 eodem
974 2872 1164 2910 rursus
1196 2855 1272 2908 uti
1301 2852 1526 2906 minime
1563 2851 1644 2904 fas
1674 2859 1778 2912 εει,
1815 2863 1937 2902 cum
1965 2847 2171 2900 donare
2211 2859 2319 2897 non

745 2953 869 3021 plus
898 2956 1086 3018 queat,
1117 2959 1280 3014 quam
1312 2943 1456 3012 quod
1514 2941 1638 2993 inde
1673 2948 1952 3008 acceptum
1999 2940 2317 2990 retinemus.

741 3044 813 3097 At
854 3039 1175 3108 martyrium
1210 3035 1393 3090 subire
1422 3031 1584 3086 etiam
1618 3042 1780 3099 atque
1828 3029 1991 3083 etiam
2030 3028 2138 3091 fas,
2175 3028 2320 3094 quod

743 3150 850 3188 non
884 3132 1058 3186 solum
1088 3142 1345 3197 generare
1375 3134 1428 3178 et
1463 3123 1721 3184 formare,
1756 3121 1850 3175 sed
1881 3123 2043 3174 etiam
2095 3133 2322 3174 coronas

744 3229 813 3279 ob
846 3222 984 3278 facta
1024 3234 1286 3291 generosa
1319 3219 1553 3287 plectere
1582 3214 1766 3268 novit:
1799 3223 1852 3268 et
1883 3221 2168 3281 propterea
2199 3226 2322 3280 pro-

2414 2028 2565 2098 ροῦσι
2603 2028 2696 2078 καὶ
2731 2023 3118 2090 θαπτομένοις,
3172 2022 3230 2072 ἐν
3275 2014 3356 2080 οἷς
3403 2019 3431 2069 ὁ
3459 2014 3554 2067 τοῦ
3579 2011 3978 2084 βαπτίσματος

2410 2122 2642 2189 ἕστηκεν
2691 2120 2835 2185 ὅρος,
2888 2117 3003 2168 ἐστι
3040 2114 3097 2168 δὲ
3129 2110 3302 2183 ἀρετὴ
3354 2110 3462 2162 τῶν
3511 2107 3651 2176 ὑπὲρ
3673 2103 3768 2158 τοῦ
3805 2100 3976 2155 καλοῦ

2413 2211 2603 2280 γέμων
2640 2210 2884 2278 ἱδρώτων
2916 2207 3012 2261 καὶ
3061 2204 3356 2273 καρτερίας
3420 2205 3520 2271 τῆς
3561 2199 3794 2268 ἐσχάτης
3819 2213 3834 2227 ο
3869 2198 3982 2256 τοῖς

2413 2307 2470 2359 δὲ
2521 2303 2931 2388 τετελεσμένοις
2991 2300 3051 2388 τὸ
3098 2298 3198 2367 μὲν
3246 2296 3463 2367 πρῶτον
3497 2293 3558 2347 οὐ
3592 2292 3800 2360 γίνεται
3848 2288 3986 2340 πλα-

2418 2403 2624 2455 σθεῖσιν
2637 2374 2738 2469 ηδῆ
2757 2401 2851 2479 καὶ
2877 2374 3033 2462 ζῶσί,
3061 2395 3121 2448 τὸ
3142 2395 3395 2461 δεύτερον
3416 2391 3491 2453 δὲ,
3513 2391 3608 2442 καὶ
3631 2387 3740 2456 γάρ
3768 2383 3981 2452 γυμνά-

2421 2511 2532 2546 σιον
2581 2475 2865 2550 εὐσεὸείτίς
2901 2489 2996 2541 καὶ
3039 2485 3243 2556 ἀρετῆς
3285 2481 3585 2548 ἀπόδειξις,
3640 2479 3734 2532 καὶ
3765 2475 3860 2530 τοῦ
3891 2476 3985 2526 τὸν

2417 2584 2652 2654 Χριστὸν
2684 2583 2887 2636 είδέναι
2940 2581 3036 2633 καὶ
3093 2578 3267 2646 φιλεῖν
3301 2576 3398 2645 μὲν
3430 2573 3571 2641 ὑπὲρ
3602 2572 3629 2624 ὅ
3667 2589 3718 2622 τι
3756 2566 3986 2637 φιλητὸν

2420 2678 2586 2736 ἆπαν,
2620 2672 2728 2725 τῶν
2758 2673 2801 2724 δ’
2830 2674 2908 2733 είς
2945 2671 3151 2750 ἐκεῖνον
3183 2666 3416 2721 ἐλπίδων
3449 2663 3613 2733 μηδὲν
3637 2661 3980 2728 ἀσφαλέστε-

2425 2784 2515 2837 ρον
2537 2766 2714 2832 ἄγειν,
2747 2766 2916 2831 πεῖρα
2967 2759 3147 2828 σαφὴς
3191 2757 3398 2827 σιδήρῳ
3426 2753 3522 2807 καὶ
3572 2752 3710 2821 πυρὶ
3743 2751 3836 2801 καὶ
3867 2751 3986 2810 τοῖς

2426 2859 2525 2927 μὲν
2586 2856 2910 2925 βιαιοτάτοις
2934 2851 3350 2922 δοκιμασθεῖσα.
3377 2847 3484 2900 Καὶ
3503 2844 3708 2898 τούτων
3722 2843 3886 2895 ἕνεκα
3908 2839 3988 2908 τῷ

2425 2947 2757 3015 βαπτίσματι
2796 2945 2920 3008 τοὺς
2955 2941 3102 3005 ἅπαξ
3135 2939 3521 3010 μεμυημένους
3570 2935 3726 2996 αὖθις
3759 2931 3987 3001 θεμιτὸν

2422 3040 2620 3106 ἥκιστα
2646 3035 2904 3106 χρῆσθαι,
2926 3033 3217 3104 δωρεῖσθαι
3249 3031 3413 3102 μηδὲν
3444 3028 3626 3092 πλέον,
3652 3020 3713 3079 οὗ
3735 3026 3992 3084 λαϐόντες

2426 3130 2636 3184 ἐκεῖθεν
2662 3129 2882 3198 ἔχομεν,
2914 3125 3220 3195 δυναμένῳ,
3252 3126 3316 3193 τῇ
3351 3121 3628 3191 μαρτυρίᾳ
3650 3118 3705 3171 δὲ
3726 3121 3823 3170 καὶ
3847 3117 3991 3169 πάνυ

2431 3225 2504 3292 μὴ
2539 3223 2696 3291 μόνον
2727 3221 2922 3290 γεννᾷν
2952 3220 3049 3273 καὶ
3079 3216 3359 3280 πλάττειν,
3392 3214 3528 3267 ἀλλά
3563 3212 3656 3265 καὶ
3692 3209 3996 3275 στεφάνους

743 3317 883 3372 fanis
921 3274 1096 3368 adhuc
1131 3313 1313 3375 ambo,
1356 3309 1586 3362 initiatis
1642 3305 1869 3359 alterum
1905 3274 2324 3358 tribuitur.-Ni-
2347 3274 2392 3335 C

2301 3331 2324 3340 '
2347 3274 2392 3335 C
2429 3274 2611 3376 abaci;
2665 3274 2773 3366 aut
2810 3276 3077 3380 γενναίων
3112 3309 3292 3376 ἔργων
3343 3274 3565 3359 πλέκειν
3613 3274 3984 3369 ἐπισταμένῃ,

745 3409 819 3462 liil
849 3408 991 3460 enim
1027 3418 1248 3466 novum,
1275 3417 1396 3456 cum
1429 3401 1559 3469 quid
1601 3401 1666 3453 ad
1697 3409 1987 3466 utrumque
2042 3403 2124 3450 est
2170 3395 2320 3461 utile,

743 3515 839 3553 eos
863 3499 951 3566 qui
997 3505 1226 3563 utroque
1260 3509 1364 3545 non
1399 3492 1664 3559 indigent,
1697 3499 1912 3559 propter
1944 3488 2174 3542 alterum
2219 3489 2320 3551 uti,

746 3601 799 3642 ct
829 3590 881 3642 id
909 3589 1083 3642 solum
1120 3599 1230 3654 quo
1259 3583 1492 3651 egebant
1537 3582 1762 3650 adipisci
1797 3599 1811 3633 :
1840 3580 2107 3649 siquidem
2140 3589 2194 3633 et
2239 3594 2324 3633 sa-

748 3699 857 3737 crze
887 3697 1086 3735 mensa:
1120 3679 1261 3734 dona
1296 3690 1550 3746 purgare,
1577 3674 1669 3742 qui
1708 3689 1768 3726 ea
1795 3673 2033 3726 nondum
2070 3686 2325 3740 suscepe-

747 3786 896 3837 runt,
932 3781 985 3826 et
1012 3773 1121 3842 jam
1161 3778 1418 3838 purgatos
1455 3767 1760 3820 illuminare
1785 3757 2210 3842 consueverunt.
2261 3763 2326 3815 Et

751 3877 930 3919 tamen
971 3841 1102 3918 nihil
1131 3862 1312 3915 obstat
1335 3859 1464 3928 quin
1525 3857 1594 3911 ob
1617 3857 1845 3909 alterum
1876 3841 1948 3908 ad
2007 3854 2326 3924 mysterium

749 3957 1033 4017 accedant,
1064 3955 1156 4021 qui
1183 3954 1332 4021 prius
1355 3949 1729 4006 obtinuerunt.
1771 3946 1841 4000 Et
1860 3945 1941 4001 .de
1976 3945 2060 3999 bis
2094 3944 2250 4000 satis.

2430 3403 2526 3456 xui.
2546 3403 2633 3456 διά
2663 3401 2824 3456 τοῦτο
2860 3404 2970 3463 τοῖς
3028 3399 3128 3466 μὲν
3170 3397 3438 3468 ἀμυήτοις
3474 3394 3761 3465 ἀμφότερα
3792 3406 3996 3457 κεκτη-

2435 3495 2594 3567 μένῃ,
2640 3495 2754 3557 τοῖς
2804 3491 3179 3562 μεμυημένοις
3237 3489 3296 3541 δὲ
3337 3487 3594 3556 θάτερον.
3648 3482 3851 3536 Καινδν
3885 3482 3999 3548 γάρ

2431 3587 2604 3651 οὐδὲν,
2632 3585 2834 3654 ἑαυτὴν
2866 3584 3097 3652 συντελῆ
3127 3581 3267 3652 πρὶς
3294 3581 3461 3649 άμφω
3489 3576 3848 3647 παρεχομένῃ
3873 3573 3999 3635 τοὺς

2431 3678 2762 3746 ἀμφοτέρων
2803 3676 2879 3744 μὴ
2911 3674 3200 3740 δεομένους
3245 3671 3387 3740 ὑπὲρ
3418 3668 3645 3738 θατέρου
3675 3665 3996 3735 χρωμένους

2431 3767 2743 3835 τυγχάνειν,
2761 3759 2822 3818 οὗ
2839 3765 3049 3818 δέονται
3069 3763 3254 3832 μόνου,
3279 3761 3401 3812 ἐπεὶ
3418 3759 3512 3811 καὶ
3527 3757 3594 3810 τά
3613 3755 3710 3825 τῆς
3731 3755 3776 3806 ίε
3785 3754 3884 3820 ρᾶς
3897 3750 4004 3804 δῶ-

2438 3876 2506 3928 ρα
2529 3859 2808 3929 τραπέζης
2831 3854 2943 3909 οῐδε
2973 3856 3072 3925 μὲν
3098 3854 3383 3923 καθαίρειν
3404 3852 3527 3913 τοὺς
3553 3851 3722 3919 μήπω
3737 3845 3898 3899 τοῦτο
3915 3844 4003 3897 δε-

2428 3951 2716 4019 ξαμένους,
2729 3949 2950 4003 δύναται
2963 3947 3019 4000 δὲ
3032 3945 3289 4013 φωτίζειν
3302 3943 3428 4005 τοὺς
3441 3942 3543 4012 ἠδη
3555 3938 3836 4009 κικαθαρμ
3847 3937 4004 3997 ένους

753 4056 845 4103 καὶ
862 4051 1006 4118 ὅμως
1023 4047 1173 4100 οὐδὲν
1191 4044 1408 4106 κωλύει,
1427 4059 1492 4094 πε
1501 4045 1554 4113 pi
1575 4040 1669 4094 τοῦ
1681 4038 1935 4109 δευτέρου
1955 4037 2237 4107 προσιέναι
2254 4037 2332 4107 τῷ
2356 4044 2636 4114 μυστηρίῳ
2659 4045 2782 4106 τοὺς
2795 4047 2854 4095 τὸ
2879 4042 3094 4110 πρῶτον
3115 4039 3360 4108 ἔχοντας.
3378 4034 3490 4090 Καὶ
3507 4033 3712 4088 τούτων
3734 4033 3834 4098 μιν
3855 4030 3999 4090 ἃλις.

826 4145 932 4198 Sed
965 4143 1104 4196 unde
1128 4143 1232 4193 huc
1252 4139 1470 4208 delapsa
1492 4147 1578 4191 est
1610 4136 1806 4199 oratio,
1845 4135 1990 4202 quod
2023 4135 2319 4204 perfectam

758 4238 1037 4292 hominum
1068 4250 1192 4300 erga
1224 4233 1388 4286 Deum
1423 4230 1862 4284 communionem
1897 4236 2176 4294 operatur,
2209 4227 2324 4281 sive

756 4345 867 4383 rem
917 4328 1063 4380 illam
1092 4325 1324 4387 Iatriam,
1362 4322 1477 4375 sive
1530 4321 1766 4374 ﬁliorum
1801 4322 2173 4387 adoptionem.
2209 4319 2326 4372 sive

760 4430 1050 4487 utrumque
1079 4417 1308 4471 velimus
1333 4413 1622 4483 appellare.
1651 4428 1805 4467 sacra
1837 4427 1996 4466 cinna
2021 4422 2106 4466 est
2139 4430 2153 4465 :
2186 4412 2328 4480 quod

758 4528 858 4566 nos
893 4512 1108 4565 Christo
1137 4509 1373 4562 arctiore
1418 4507 1759 4575 cognationis
1793 4506 2008 4559 vinculo
2049 4505 2324 4574 astringit,

2523 4141 2663 4194 Ἀλλ’
2696 4141 2820 4193 ὅθεν
2851 4141 2985 4207 ἡμῖν
3016 4139 3042 4190 ὁ
3075 4135 3230 4203 λόγος
3260 4134 3352 4186 ἐπὶ
3380 4130 3556 4185 ταῦτα
3587 4128 3865 4198 προήχθη,
3898 4127 4008 4196 τὴν

2433 4233 2669 4301 παντελῆ
2693 4232 2804 4284 τῶν
2834 4230 2931 4284 ἀνθ
2944 4228 3140 4297 ρώπων
3176 4225 3313 4292 πρὸς
3343 4225 3433 4276 τὸν
3480 4221 3633 4285 θεὸν,
3661 4221 3797 4288 ὅπερ
3829 4219 4006 4288 ἐργά-

2432 4325 2605 4387 ζεται,
2669 4321 2976 4384 κοινωνίαν,
3029 4318 3139 4370 εἴτε
3199 4316 3458 4386 λατρείαν
3510 4313 3572 4366 τδ
3628 4313 3864 4381 πρᾶγμα
3895 4309 4007 4379 χρὴ

2434 4416 2640 4476 καλεῖν,
2682 4413 2792 4466 εἴτε
2833 4411 3108 4465 υἱοθεσίαν
3167 4409 3281 4461 είτε
3337 4408 3434 4461 καὶ
3476 4409 3644 4474 ἄμφω
3699 4403 3899 4463 ταῦτα,
3942 4401 4007 4452 τὸ

2436 4505 2578 4572 ίερύν
2617 4505 2732 4554 ἐστι
2775 4501 3010 4561 δεῖπνον,
3044 4500 3071 4551 ὃ
3104 4500 3392 4565 συγγενεῖς
3455 4496 3601 4564 ἡμᾶς
3653 4493 3734 4562 τῷ
3782 4490 4009 4559 Χριστῷ

758 4620 921 4670 quam
957 4601 1276 4670 parentibus
1323 4615 1387 4651 ex
1425 4599 1558 4666 ipsis
1595 4607 1751 4650 natos
1792 4613 1933 4651 esse.
1968 4596 2156 4664 Neque
2183 4600 2327 4650 enim
2359 4562 2441 4643 De

2359 4562 2406 4619 υ
2434 4562 2579 4647 ποιεῖ
2614 4594 2816 4663 μᾶλλον
2844 4593 2875 4661 ἢ
2905 4591 2965 4644 τὸ
2998 4591 3127 4656 παρ’
3162 4562 3344 4642 αὐτῶν
3376 4562 3543 4654 φῦναι
3567 4588 3682 4647 τοῖς
3738 4600 4010 4650 γεγεννη-

763 4698 903 4750 exile
931 4696 1199 4762 quoddam
1231 4695 1478 4762 corporis
1511 4694 1747 4754 initium,
1789 4703 1843 4745 et
1893 4693 2167 4745 modicam
2200 4705 2332 4742 san-

761 4791 941 4857 guinis
977 4788 1258 4839 materiam
1296 4787 1452 4838 uobis
1486 4785 1783 4853 prmstruit,
1841 4784 1934 4837 sed
1968 4799 2168 4851 corpus
2207 4798 2334 4835 sau-

763 4882 1098 4948 guinemque
1169 4878 1407 4947 perfecte
1481 4877 1638 4928 nobis
1698 4876 2082 4928 communicat.
2146 4872 2333 4940 Neque

763 4980 975 5022 tantum
1002 4977 1085 5020 est
1121 4971 1240 5021 vita:
1263 4983 1450 5028 causa,
1492 4978 1549 5019 ut
1595 4977 1872 5038 parentes,
1906 4968 1998 5019 sed
2037 4968 2199 5018 etiam
2230 4965 2337 5018 vita

767 5064 907 5131 ipsa.
939 5059 1125 5128 Neque
1164 5061 1283 5112 ideo
1315 5060 1514 5111 dicitur
1548 5059 1832 5126 vita,quia
1876 5059 1998 5110 vitae
2040 5069 2200 5110 causa
2247 5057 2339 5118 sit,

764 5154 1040 5222 quomodo
1091 5151 1364 5221 apostolos
1395 5151 1570 5204 lucem
1599 5150 1921 5210 nominavit,
1957 5147 2081 5217 quia
2117 5147 2338 5199 luminis

763 5245 936 5297 duces
969 5253 1328 5309 auctoresque
1378 5241 1534 5294 nobis
1566 5239 1789 5294 fuerunt
1822 5241 1908 5303 '8;
1944 5239 2036 5293 sed
2070 5236 2199 5306 quia
2226 5251 2338 5304 quo

765 5349 897 5386 vere
922 5335 1104 5402 vivere
1131 5333 1278 5395 licet,
1306 5333 1537 5401 ipsemet
1565 5342 1669 5395 est,
1708 5332 1822 5400 ipsa
1854 5333 1983 5392 vita,
2015 5329 2236 5398 quando
2282 5336 2335 5381 et

768 5423 872 5477 sibi
908 5422 1253 5474 adhaerentes
1283 5436 1343 5475 ac
1374 5420 1590 5473 deditos
1618 5429 1838 5473 sanctos
1873 5433 1935 5471 ac
1976 5419 2152 5486 jnstos
2181 5415 2334 5479 facit,

768 5528 876 5564 non
920 5512 1096 5563 solum
1149 5511 1440 5564 instituens
1467 5524 1531 5563 ac
1569 5511 1792 5570 docens,
1832 5524 1954 5576 qua:
2001 5515 2238 5574 oportet,
2286 5514 2339 5556 et

770 5603 1005 5655 animam
1033 5601 1096 5655 ad
1135 5603 1392 5654 virtutem
1425 5617 1710 5662 exercens,
1739 5614 2011 5669 quamque
2044 5599 2133 5650 illa
2164 5597 2339 5651 facul-

776 5701 938 5745 tatem
971 5693 1036 5746 ad
1069 5708 1249 5745 veram
1285 5691 1551 5746 rationem
1583 5692 1764 5753 habet,
1798 5691 1850 5741 in
1881 5704 2020 5756 opus
2048 5690 2286 5742 educcus
2323 5701 2335 5737 :

855 5869 897 5897 ⁷⁸
927 5868 1113 5920 Matth.
1157 5883 1208 5929 ν,
1259 5868 1349 5919 Η.

2438 4687 2588 4740 κόσιν
2615 4689 2818 4747 αὐτοῖς.
2854 4683 2991 4736 Οὔτε
3027 4683 3138 4752 γὰρ
3161 4681 3412 4749 ἀμυδράν
3445 4697 3567 4730 τινα
3593 4676 3845 4746 σώματος
3872 4677 4011 4745 ἡμῖν

2440 4777 2843 4832 καταϐάλλεται
2872 4775 3110 4844 κρηπῖδα
3135 4775 3230 4826 καὶ
3253 4771 3453 4841 μικράς
3475 4770 3705 4839 αἵματος
3727 4767 4011 4836 ἀφορμὰς.

2439 4871 2572 4924 ἀλλὰ
2597 4869 2818 4921 τελείων
2842 4870 3021 4921 αὐτῶν
3048 4869 3179 4937 ἡμῖν
3206 4868 3476 4925 κοινωνεῖ.
3512 4863 3636 4916 οὔτε
3663 4863 3806 4928 ζωῆς
3831 4862 4013 4921 αἴτιος

2448 4963 2605 5030 μόνον
2631 4960 2823 5029 ὥσπερ
2857 4961 2907 5010 oi
2935 4960 3348 5027 γεγεννηκὸτες,
3378 4956 3512 5009 ἀλλά
3545 4956 3639 5007 καὶ
3669 4953 3808 5022 ζωὴ,
3835 4955 3930 5005 καὶ
3951 4953 4016 5004 οὖ

2442 5055 2619 5120 τούτῳ
2667 5052 2731 5120 δὴ
2783 5051 3000 5116 λέγεται
3057 5049 3171 5119 ζωὴ
3222 5049 3301 5119 τῷ
3356 5048 3502 5116 ζωῆς
3553 5049 3722 5108 αἴτιος
3757 5043 3923 5105 εἶναι,
3956 5046 4020 5097 δν

2442 5145 2643 5213 τρόπον
2674 5142 2789 5208 φῶς
2820 5141 3004 5192 ἐκάλει
3027 5141 3151 5202 τοὺς
3182 5139 3538 5198 ἀποστόλους,
3568 5138 3647 5188 ὅτι
3677 5137 3855 5202 φωτὸς
3879 5136 4016 5201 ἡμῖν

2445 5229 2790 5298 κατέστησαν
2822 5229 3111 5297 ἡγεμόνες,
3146 5226 3261 5282 ἀλλ’
3291 5228 3373 5280 ὅτι
3405 5221 3450 5294 ᾧ
3479 5225 3580 5297 ζῇν
3604 5227 3752 5278 ἐστιν
3780 5226 3856 5287 ὡς
3887 5225 4024 5294 ἀλη-

2447 5320 2582 5382 θῶς,
2608 5319 2771 5381 αὑτός
2797 5321 2951 5373 ἔστιν
2987 5318 3127 5387 αὑτὴ
3152 5320 3185 5388 ὴ
3205 5317 3343 5388 ξυνὴ,
3397 5320 3519 5371 επεὶ
3546 5318 3641 5370 καὶ
3674 5317 3866 5384 ἁγίους
3893 5316 4024 5378 τοὺς

2444 5409 2593 5478 αὐτῷ
2652 5413 3082 5478 προσκειμένους
3108 5409 3486 5479 ἀπεργάζεται
3524 5409 3618 5460 καὶ
3646 5406 3916 5468 δικαίως,
3957 5408 4022 5458 οὐ

2450 5500 2610 5568 μόνον
2643 5498 2915 5552 παιδεύων
2938 5501 3042 5552 -καὶ
3070 5498 3338 5551 διδάσκων
3366 5497 3402 5550 ἀ
3429 5497 3531 5560 δεῖ,
3566 5497 3662 5549 καὶ
3697 5497 3833 5566 πρὸς
3880 5498 4016 5565 ἀρε-

2447 5590 2546 5659 τὴν
2575 5589 2760 5654 ἀσκῶν
2797 5587 2895 5657 τὴν
2917 5589 3120 5658 ψυχὴν,
3147 5588 3339 5663 rutilio
3370 5588 3555 5655 ἐκείνη
3589 5585 3724 5654 πρὸς
3773 5585 3868 5639 τὸν
3915 5586 4014 5650 ὀρ-

2455 5681 2549 5733 θὸν
2577 5679 2737 5747 λόγον
2767 5681 3001 5752 δύναμιν
3029 5682 3165 5751 ἔχει,
3189 5680 3328 5750 πρὸς
3361 5663 3643 5750 ὶνέργειαν
3667 5678 3839 5745 ἄγων,
3881 5676 4021 5730 ἀλλά
