4262 6460
255 454 369 517 613

1322 452 1415 509 DE
1455 449 1627 508 VlTA
1667 446 1742 505 IN
1783 443 2113 503 CHRISTO
2175 444 2322 503 LIB.
2371 442 2471 504 IV.

3404 440 3510 502 6M

260 576 358 625 καὶ
391 569 559 633 αὐτὸς
604 568 888 637 γινόμενος
946 568 1126 629 αὐτοῖς
1177 565 1490 631 δικαιοσύνη
1539 563 1645 616 ἀπο
1691 563 1824 613 Θεοῦ
1856 560 1943 615 Ᾱε

1856 560 1903 615 Α
1932 557 2022 609 St‘ti
2050 566 2101 609 et
2137 558 2251 624 ipse
2281 557 2386 611 illis
2420 556 2597 611 factus
2650 570 2679 608 a
2711 554 2819 609 Deo
2856 553 3066 624 justitia
3114 560 3166 607 et
3210 552 3515 608 sanctiﬁca-

266 661 367 713 καὶ
397 658 696 727 ἀγιασμός.
725 658 923 709 Τοῦτον
942 658 1050 726 γὰρ
1084 657 1318 725 μάλιστα
1376 656 1465 707 τὸν
1490 656 1686 722 τρόπον
1718 655 1827 716 τοῖς

252 749 442 817 ἁγίοις
498 748 641 799 τοῦτ’
673 747 805 799 αὐτὸ
852 748 911 798 τὸ
974 748 1264 815 μακαρίοις
1306 746 1398 797 καὶ
1464 745 1639 810 ἁγίοις
1688 740 1828 795 εἶναι

259 842 555 909 συμϐαίνει
586 841 679 892 τοῦ
711 840 959 899 συνόντος
999 839 1161 891 ἕνεκα
1198 840 1495 907 μακαρίου,
1538 838 1607 889 δι’
1636 837 1692 888 ὃν
1722 836 1829 888 ἀπὸ

262 932 365 999 μὶν
423 932 637 999 νεκρῶν
670 932 823 995 ζῶσι,
885 932 1041 997 σοφοὶ
1065 930 1121 983 δὲ
1152 931 1258 983 ἀπὸ
1291 930 1557 999 ἀνοήτων,
1601 931 1747 997 ἆγιοι
1775 929 1830 981 ει

262 1020 359 1072 καὶ
387 1020 591 1073 δίκαιοι
625 1023 719 1072 καὶ
754 1020 861 1072 uioi
893 1019 1027 1072 Θεοῦ
1058 1020 1166 1073 ἀπὸ
1203 1020 1413 1090 μιαρῶν
1454 1021 1549 1071 καὶ
1578 1020 1831 1087 πονηρῶν

262 1094 612 1179 κατέστησαν
668 1102 892 1164 δούλων.
947 1111 1175 1165 Οίκοθεν
1232 1113 1339 1180 γὰρ
1392 1112 1695 1172 αὐτοῖςκαὶ
1728 1112 1824 1178 τῆς

263 1202 614 1269 ἀνθρωπείας
648 1202 863 1267 φύσεως
898 1203 991 1254 καὶ
1027 1205 1283 1271 σπουδῆς,
1325 1204 1383 1267 ἐξ
1408 1198 1483 1256 ῶν
1521 1204 1586 1255 ἂν
1621 1205 1826 1271 κυρίως

263 1294 441 1345 ταῦτα
489 1293 762 1356 καλοῖντο,
811 1294 1038 1361 γέγονεν
1094 1295 1213 1347 οὐδὲ
1251 1296 1329 1358 ἓν,
1366 1295 1501 1347 ἀλλά
1550 1296 1641 1347 καὶ
1678 1293 1826 1361 ἆγιοι

266 1384 358 1436 διὰ
383 1385 478 1436 τὸν
515 1384 692 1450 ἆγιον,
742 1385 837 1437 καὶ
872 1387 1072 1439 δίκαιοι
1111 1388 1206 1439 καὶ
1243 1385 1399 1453 σοφοὶ
1454 1386 1538 1438 διά
1588 1386 1677 1437 τὸν
1712 1403 1834 1437 συν-

264 1478 399 1528 όντα
432 1478 642 1528 δίκαιον
702 1480 790 1529 καί
828 1479 986 1543 σοφόν
1016 1495 1029 1509 ⁸
1067 1480 1160 1531 καὶ
1194 1478 1328 1539 ὅλως
1357 1478 1409 1529 εῐ
1438 1495 1520 1537 τις
1543 1477 1755 1545 ἀληθῶς
1780 1479 1835 1529 ἐν

262 1565 579 1630 ἀνθρώποις
612 1567 676 1617 τά
709 1568 919 1633 μεγάλα
950 1567 1041 1618 καὶ
1064 1566 1233 1633 σεμνὰ
1262 1566 1431 1618 ταῦτα
1456 1565 1658 1629 δίκαιός
1692 1568 1836 1619 ἔστιν

261 1657 513 1720 ἀκούειν,
552 1658 649 1727 τήν
682 1660 1002 1727 ἐπωνυμίαν
1031 1658 1239 1711 ἐκεῖθεν
1276 1659 1390 1728 ἔχει
1432 1660 1667 1727 μάλιστα
1714 1658 1833 1726 μὲν,

261 1750 345 1802 ὅτι
381 1749 451 1801 τά
479 1767 541 1817 γε
574 1751 789 1802 οἴκοθεν
819 1754 911 1806 καὶ
936 1752 1067 1821 παρ’
1120 1752 1297 1805 αὐτῶν
1325 1752 1578 1805 τοσοῦτον
1614 1755 1833 1820 ἀπέχει,

260 1843 507 1904 δικαίους
560 1844 758 1905 αὐτοὺς
816 1843 1234 1913 ἀπεργάζεσθαι
1290 1846 1383 1899 καὶ
1440 1846 1661 1910 σοφοὺς,
1694 1846 1833 1897 ῶστε

262 1936 505 2003 πονηρία
546 1936 643 2003 μὲν
706 1935 890 1999 αὐτοῖς
941 1937 1345 2006 ήδικαιοσύνη,
1398 1940 1577 2009 μωρία
1622 1938 1675 1990 δὲ
1734 1956 1833 1990 σα-

262 2030 434 2097 φὴςή
496 2030 675 2095 σοφία·
718 2031 928 2093 ἔπειτα,
977 2032 1024 2082 εί
1073 2031 1167 2083 καὶ
1209 2030 1276 2083 τά
1325 2030 1557 2097 μάλιστα
1604 2031 1834 2098 σεμνοὺς

262 2121 445 2173 ἐποίει
476 2122 571 2174 καὶ
606 2123 809 2189 κόσμον
862 2124 995 2193 ἡμῖν
1023 2118 1226 2193 εἷχενή
1265 2123 1458 2203 ἀρετὴ,
1492 2122 1558 2175 δι’
1588 2115 1661 2173 ῶν
1696 2123 1834 2191 πρὸς

261 2216 369 2281 τὴν
403 2218 468 2267 ἐκ
495 2214 633 2267 Θεοῦ
668 2216 1019 2285 δικαιοσύνην
1053 2219 1151 2269 καὶ
1202 2217 1299 2284 τήν
1364 2198 1557 2283 σοφίαν
1618 2198 1844 2281 οίκείωέ

264 2306 474 2375 ἔχομεν
513 2308 711 2375 μᾶλλον
742 2307 773 2377 ἦ
806 2309 901 2377 τὴν
926 2308 1294 2379 ἀνθρωπείαν,
1354 2310 1446 2362 καὶ
1476 2308 1542 2379 ἣν
1573 2310 1703 2377 ἡμίν
1728 2290 1839 2363 évé1

265 2394 444 2461 θηκεν
472 2396 505 2464 ή
548 2395 774 2465 σπουδὴ,
805 2396 1089 2450 καλεῖσθαι
1149 2398 1348 2467 μᾶλλον
1404 2400 1511 2451 ἀπὸ
1563 2400 1764 2469 ταύτης
1804 2400 1837 2471 ἢ

1936 650 2010 701 tio
2042 649 2111 702 ⁷⁸.
2138 648 2253 702 Tali
2284 650 2429 703 enim
2464 650 2697 701 maxime
2744 648 2906 701 modo
2939 647 3041 701 hoc
3074 648 3251 715 ipsum
3282 647 3514 708 sanctis,

1933 754 2126 806 nempe
2184 739 2369 793 beatos
2420 750 2472 792 et
2523 749 2742 791 sanctos
2795 752 2954 802 esse,
3014 736 3319 805 contingit,
3372 736 3515 802 quod

1935 834 2089 883 adest
2116 830 2220 883 illis
2250 840 2472 884 sanctus
2497 840 2547 883 et
2574 831 2787 891 beatus,
2818 840 3038 898 propter
3067 842 3230 896 quem
3263 844 3327 881 ex
3367 844 3516 880 mot-

1936 922 2043 974 tuis
2075 922 2337 987 viventes,
2368 936 2431 975 ex
2463 921 2643 975 stultis
2674 921 2969 989 sapientes,
3007 935 3067 973 ex
3104 919 3275 972 servis
3312 920 3515 986 impro-

1935 1013 2019 1067 bis
2066 1022 2226 1081 atque
2270 1013 2519 1067 scelestis
2568 1011 2964 1079 sanetietjusti
2992 1010 3518 1077 evadunt.Asvipsis

1949 1118 2207 1171 namque,
2260 1112 2311 1157 et
2366 1108 2599 1156 humana
2638 1113 2828 1157 natura
2882 1102 3173 1167 studioque
3226 1102 3359 1154 nihil
3414 1102 3519 1155 illis

1940 1193 2275 1262 suppeditat,
2327 1198 2469 1248 unde
2520 1198 2736 1263 proprie
2784 1194 2863 1247 sic
2894 1194 3267 1261 appellentur,
3321 1193 3412 1245 sed
3465 1201 3519 1244 et

1943 1285 2117 1337 sancti
2149 1284 2405 1337 dicuntur
2429 1294 2646 1352 prOpter
2669 1293 2943 1343 sanctum,
2976 1293 3029 1337 et
3054 1282 3185 1351 justi
3227 1292 3276 1335 et
3305 1284 3521 1350 sapien-

1939 1383 2019 1428 tes
2056 1387 2275 1445 propter
2329 1392 2450 1429 eunt
2493 1376 2584 1444 qui
2634 1391 2756 1428 cum
2784 1376 2916 1443 ipsis
2956 1386 3037 1428 est
3073 1376 3281 1443 justum
3347 1386 3400 1427 et
3438 1391 3522 1427 sa-

1937 1468 2193 1535 pientein.
2242 1470 2303 1522 Et
2339 1468 2606 1531 absolute,
2642 1469 2685 1521 si
2734 1471 2857 1537 quis
2913 1482 3037 1519 vere
3090 1469 3226 1519 inter
3274 1467 3520 1519 homines

1940 1575 2135 1629 magna
2189 1561 2303 1615 hazc
2356 1569 2411 1616 et
2460 1560 2765 1615 veneranda
2819 1560 3006 1612 audire
3038 1560 3233 1628 dignus
3262 1568 3363 1621 est,
3401 1558 3522 1611 inde

1940 1653 2058 1707 haec
2115 1663 2476 1723 cognomenta
2537 1654 2859 1729 adipiscitur
2895 1656 2922 1706 ':
2961 1653 3254 1722 presertim
3302 1651 3523 1721 quando

1938 1745 2258 1807 doarestica,
2284 1754 2335 1798 et
2362 1760 2484 1815 quae
2510 1745 2577 1797 ab
2608 1745 2714 1799 illis
2739 1755 2998 1814 prazstare
3026 1752 3273 1813 possunt,
3311 1750 3520 1795 tantum

1940 1839 2093 1891 abest
2122 1847 2179 1891 ut
2207 1837 2388 1904 justos
2440 1854 2532 1891 eos
2563 1852 2626 1892 ac
2658 1840 2934 1906 sapientes
2959 1836 3168 1890 eﬂicerc
3203 1844 3429 1904 queant.
3466 1844 3524 1888 ut

1944 1928 2158 1979 illorum
2187 1928 2398 1996 justitia
2448 1943 2594 1982 mera
2640 1928 2983 1997 improbitas,
3025 1938 3078 1981 et
3105 1927 3372 1996 sapientia
3416 1926 3526 1978 evi-

1938 2017 2073 2071 dens
2096 2019 2325 2073 stultitia
2352 2020 2443 2073 sit.
2471 2018 2696 2083 Deinde,
2741 2021 2840 2073 etsi
2872 2021 3046 2072 virtus
3094 2019 3343 2087 inprimis
3368 2034 3527 2071 vene-

1916 2108 2137 2165 .rahiles
2187 2109 2436 2163 redderet
2484 2118 2538 2163 et
2602 2119 2841 2174 ornaret,
2904 2110 3161 2177 quoniam
3214 2118 3393 2162 tamen
3437 2108 3523 2176 ju-

1943 2200 2180 2278 stitiam,
2212 2212 2266 2256 et
2304 2194 2632 2271 sapientiam
2660 2217 2780 2270 quae
2820 2217 2883 2256 ex
2916 2200 3027 2255 Deo
3066 2210 3168 2267 est,
3207 2200 3527 2255 familiarius

1942 2302 1994 2349 et
2020 2294 2322 2350 studiosius
2369 2296 2750 2366 amplectimur
2785 2310 2947 2367 quam
2982 2296 3301 2359 humanam,
3339 2296 3404 2348 ah
3438 2296 3525 2348 illa

1942 2388 2123 2457 potius
2181 2403 2344 2458 quam
2399 2390 2467 2443 ab
2517 2390 2618 2443 ista
2672 2388 2945 2443 nominari
2991 2404 3094 2443 nos
3143 2390 3319 2443 decet.
3374 2386 3527 2441 Sicut

264 2487 490 2556 ὲκείνης
522 2489 669 2550 εἰκὸς
711 2488 777 2542 ἂν
806 2491 911 2557 εἴη.
962 2489 1229 2560 Καθάπερ
1277 2492 1466 2562 γὰρού
1500 2492 1607 2545 τῶν
1646 2493 1841 2557 ἔξωθέν
1941 2497 1947 2527 ⁴

1941 2478 2084 2532 enim
2108 2494 2213 2533 non
2235 2479 2301 2533 ab
2329 2480 2605 2535 extraneis
2620 2488 2673 2534 et
2690 2478 2883 2534 alienis
2902 2495 3095 2534 nomen
3122 2480 3414 2541 trahimus,
3436 2480 3526 2532 sed

268 2583 445 2645 ὲσμεν
477 2580 758 2650 ἐπώνυμοι
788 2582 882 2633 καὶ
916 2582 1027 2635 τῶν
1061 2583 1377 2654 ἀλλοτρίων,
1412 2587 1517 2639 ἀπὸ
1541 2586 1598 2638 δὲ
1633 2589 1739 2639 τῶν
1768 2587 1845 2640 οί-
1943 2586 1951 2623 ³

1943 2584 1973 2624 a
2001 2572 2261 2640 propriis,
2293 2584 2347 2625 et
2381 2572 2435 2626 in
2472 2582 2665 2627 natura
2699 2582 2889 2627 nostra
2917 2573 3120 2639 insitis,
3156 2582 3211 2627 et
3266 2573 3528 2625 alhcimnr

276 2669 469 2733 κείων,
505 2671 596 2720 καὶ
620 2672 764 2738 ειπερ
797 2671 955 2739 ἡμῶν
980 2670 1156 2724 ἔνεστι
1181 2676 1244 2742 τῇ
1275 2672 1453 2741 φύσει,
1490 2677 1583 2726 καὶ
1615 2676 1845 2727 διατίθε-
1944 2676 1959 2715 (

1841 2704 1845 2714 .
1944 2671 1998 2716 et
2028 2677 2289 2716 vocamur
2316 2663 2449 2733 (non
2474 2665 2619 2718 enim
2652 2664 2873 2730 domus,
2904 2673 2997 2718 aut
3027 2665 3195 2719 vestis
3222 2664 3287 2718 ad
3318 2664 3416 2716 hos
3441 2663 3524 2715 vel

269 2757 399 2809 σθαι
425 2758 519 2809 καὶ
538 2758 823 2812 καλεῖσθαι
852 2760 1139 2829 συμϐαίνει
1190 2762 1271 2832 (οὑ
1299 2762 1406 2833 γάρ
1435 2765 1467 2831 ὴ
1498 2764 1643 2815 οἰκία
1668 2764 1760 2815 καὶ
1785 2764 1846 2817 τὸ
1950 2758 1952 2805 l

1950 2754 2072 2808 illus
2123 2768 2303 2811 mores
2357 2769 2455 2811 nos
2490 2756 2742 2825 ﬁnxerit;
2776 2771 2953 2828 neque
2998 2758 3115 2812 vitii
3166 2767 3261 2812 aut
3312 2757 3529 2811 virtutis

272 2849 501 2917 ἱμάτιον
520 2851 656 2920 πρὸς
684 2851 843 2904 τοῦτο
868 2851 1095 2921 ἧὲκεῖνο
1117 2854 1177 2906 τὸ
1199 2850 1328 2925 ἦθος
1356 2857 1610 2907 πλάσειεν
1636 2855 1845 2919 amur
1948 2863 1955 2900 1

1948 2862 2145 2901 nomen
2188 2849 2452 2919 imponat)
2504 2866 2519 2904 :
2574 2851 2645 2905 ita
2704 2851 2795 2905 illa
2847 2851 3029 2905 divina
3089 2852 3265 2920 magis
3321 2852 3531 2905 animos

270 2940 342 2992 ἂν
376 2944 643 3010 πονηρίας
673 2943 706 3012 ἢ
741 2945 939 3013 ἀρετῆς
974 2944 1236 3015 ὀνόματος
1297 2946 1599 3015 μεταδοῖεν)
1630 2964 1644 2979 ο
1706 2946 1849 3001 οὕτω
1949 2953 1953 2990 1

1846 2976 1849 2993 ν
1949 2946 2169 2993 nostros
2204 2949 2530 3013 temperant,
2579 2951 2632 2997 et
2687 2956 2887 2996 nomen
2936 2958 3229 2997 commune
3270 2942 3529 3008 eﬂieiunt,

272 3032 389 3083 τῶν
411 3034 631 3085 οἰκείων
674 3035 856 3087 αὐτῶν
888 3038 1073 3089 ἐκεῖνα
1102 3038 1374 3106 διατίθησι
1406 3040 1604 3109 μᾶλλον
1629 3041 1722 3092 καὶ⁵
1750 3040 1849 3106 τήν
1948 3052 1955 3081 ⁴

1846 3058 1849 3077 ν
1948 3046 2071 3100 quae
2118 3034 2291 3101 magis
2340 3043 2528 3088 nostra
2562 3042 2709 3088 sunt.
2752 3034 2883 3100 Quae
2925 3044 3107 3089 autem
3152 3046 3276 3089 sunt
3306 3036 3529 3101 Christi,

271 3124 607 3189 ἐπωνυμίαν
636 3128 872 3177 ποιεῖται
902 3125 1110 3197 κοινὴν,
1149 3125 1186 3181 ἃ
1220 3128 1424 3195 μᾶλλον
1457 3131 1701 3199 ἡμέτερα
1728 3146 1743 3160 ⁶
1780 3132 1849 3183 τά
1951 3139 1954 3176 l

1847 3172 1849 3179 ,
1951 3133 2134 3177 nostra
2187 3126 2358 3193 magis
2411 3134 2561 3187 sunt,
2602 3141 2766 3195 quam
2815 3137 3002 3182 nostra
3036 3128 3301 3195 ipsorum.
3337 3126 3530 3183 Nostra

268 3213 329 3265 δὲ
355 3214 449 3265 τοῦ
477 3215 718 3284 Χριστοῦ
748 3217 993 3286 ἡμέτερα
1019 3217 1221 3288 μᾶλλον
1259 3218 1404 3289 ἥπερ
1437 3221 1505 3273 τὰ
1540 3221 1699 3291 ήμῶν
1746 3222 1844 3275 αύ-
1876 3226 1920 3285 C

1876 3226 1920 3285 ο
1952 3228 2079 3271 sunt
2103 3216 2270 3281 enim,
2300 3219 2425 3285 quia
2456 3218 2718 3285 membra,
2747 3227 2801 3273 et
2827 3218 2922 3273 ﬁlii
2958 3219 3085 3273 facti
3124 3234 3342 3283 sumus,
3373 3222 3532 3288 eique

270 3307 411 3358 τῶν.
438 3307 627 3358 Οίκεῖα
659 3305 758 3375 μὲν
783 3309 915 3376 γὰρ,
949 3309 1030 3361 ὅτι
1066 3309 1202 3379 μέλη
1233 3312 1326 3363 καὶ
1359 3313 1466 3363 υἱοὶ
1503 3312 1846 3382 καθέσταμεν

1957 3321 2145 3372 carne,
2170 3311 2437 3378 sanguine
2460 3316 2514 3363 et
2537 3309 2732 3378 spiritu
2765 3309 3261 3366 communicamus.
3298 3310 3532 3380 Propius

272 3401 373 3451 καὶ
413 3400 621 3466 σαρκὸς
656 3401 751 3452 καὶ
791 3401 1023 3471 αἵματος
1068 3404 1162 3456 καὶ
1197 3403 1506 3473 πνεύματος
1538 3407 1687 3476 αὑτῴ
1736 3425 1852 3460 κοι-
1912 3458 1929 3487 ο

1844 3436 1852 3449 .
1912 3458 1929 3487 ο
1958 3410 2139 3455 autem
2175 3411 2359 3455 nostra
2389 3417 2497 3457 non
2525 3404 2591 3457 iis
2622 3412 2831 3458 tantum
2858 3419 2979 3474 qua:
3011 3404 3079 3457 ab
3117 3405 3527 3469 exercitatione,

274 3491 589 3562 νωνοῦμεν,
646 3492 833 3559 ἔγγιον
882 3494 937 3546 δὲ
985 3496 1117 3564 ήμῖν
1155 3495 1215 3549 οὑ
1241 3496 1351 3549 τῶν
1371 3496 1486 3550 άπὸ
1519 3498 1618 3565 τῆς
1674 3499 1847 3569 ἀσκή-

270 3600 415 3647 σεως
451 3585 636 3652 μόνον,
679 3586 794 3639 ἀλλ’
830 3586 933 3657 ήδη
958 3588 1054 3641 καὶ
1079 3588 1189 3640 τῶν
1218 3587 1335 3642 ἀπὸ
1372 3590 1467 3659 τῆς
1498 3590 1711 3657 φύσεως
1754 3608 1851 3643 πε-

274 3677 679 3747 ριγενομένων,
710 3678 793 3730 ὅτι
836 3678 1267 3748 συγγενέστερος
1326 3680 1458 3751 ἡμῖν
1504 3681 1721 3751 ἐδείχθη
1757 3682 1850 3734 καὶ

270 3770 387 3821 τῶν
418 3770 834 3837 γεγεννηκότων
865 3770 1074 3825 αὐτῶν.
1106 3770 1208 3823 Διά
1262 3773 1431 3823 ταῦτα
1466 3773 1571 3841 γὰρ
1602 3774 1723 3825 οὐδὲ
1752 3772 1852 3843 τὴν

268 3860 629 3927 ἀνθρωπείαν
650 3862 961 3927 εἰσενέγκαι
992 3862 1334 3929 φιλοσοφίαν,
1367 3864 1487 3916 οὐδὲ
1531 3866 1692 3935 μέχρι
1722 3866 1851 3918 τού-

270 3972 386 4006 των
417 3955 614 4023 στῆναι
645 3954 752 4006 τῶν
792 3953 995 4017 ἀθλων,
1031 3954 1168 4007 ἀλλά
1195 3955 1404 4025 ταύτην
1434 3957 1533 4026 μὲν
1563 3958 1727 4027 ζῆσαι
1752 3961 1852 4027 τὴν

269 4048 331 4097 ὲν
375 4043 604 4115 Χριστῷ
654 4043 799 4114 ζωὴν
856 4044 955 4115 τὴν
1014 4047 1232 4115 καινὴν,
1274 4048 1491 4117 ἐκείνην
1545 4050 1601 4101 δὲ
1652 4052 1855 4103 ὲπιδεί-

271 4137 475 4203 ξασθαι
502 4136 600 4205 τὴν
636 4136 988 4205 δικαιοσύνην
1021 4137 1277 4208 ὑπόχρεῳ
1322 4139 1673 4209 καθέσταμεν
1712 4146 1849 4196 πάνυ

275 4242 392 4285 τες.
425 4225 541 4275 Οὐκ
576 4224 643 4277 ἂν
701 4227 750 4277 εἰ
798 4228 872 4296 μὴ
907 4228 1079 4297 ταύτῃ
1124 4229 1479 4299 προσήκομεν
1515 4232 1721 4298 μᾶλλον
1762 4236 1855 4287 καὶ

273 4316 651 4384 διαφερόντως
691 4319 829 4387 πρὸς
862 4320 1019 4390 ἡμῶν
1065 4316 1167 4388 ἦν’
1197 4321 1284 4374 διά
1336 4323 1494 4376 τοῦτο
1549 4326 1655 4396 γὰρ
1705 4346 1722 4377 ι
1766 4328 1855 4396 Τῷ

273 4408 502 4475 Χριστῴ
550 4411 941 4480 συνετάφημεν
971 4412 1058 4466 διὰ
1095 4413 1191 4465 τοῦ
1228 4413 1627 4485 βαπτίσματος,
1676 4420 1761 4470 ἵνα
1793 4422 1851 4471 ἑν

270 4502 563 4569 καινότητι
596 4501 741 4569 ζωῆς
801 4501 1295 4575 περιπατήσωμεν,
1335 4527 1352 4559 ι
1389 4512 1482 4561 καὶ
1517 4512 1650 4579 πρὸς
1685 4511 1853 4579 Τιμό-

272 4593 399 4645 θεον
432 4610 450 4640 ι
478 4592 794 4655 Ἐπιλαῦοῦ,
828 4598 961 4663 φησὶ
989 4597 1221 4662 Παῦλος,
1249 4600 1347 4669 τῆς
1373 4602 1594 4654 αίωνίου
1630 4604 1794 4673 ζωῆς,
1833 4624 1851 4656 ι

272 4685 375 4734 καὶ
412 4701 429 4732 ι
456 4682 679 4734 Γίνεσθε
702 4682 849 4749 ἆγιοι
874 4684 1016 4737 κατά
1044 4688 1135 4740 τὸν
1172 4690 1475 4743 καλέσαντα
1500 4692 1652 4760 ἆγιον
1679 4710 1692 4721 ·
1710 4713 1728 4745 ι
1766 4697 1859 4748 καὶ

281 4796 299 4827 ι
337 4774 567 4826 Γίνεσθε
612 4778 984 4847 οἰκτίρμονες,
1050 4781 1111 4832 οὐ
1161 4784 1252 4834 τὸν
1299 4784 1449 4837 ἔλεον
1500 4781 1859 4857 τὺνάνθρώ·

272 4886 457 4932 πειον,
497 4867 638 4922 ἀλλὰ
664 4869 874 4931 ¹καθὼς
928 4872 1027 4947 καὶ
1052 4876 1077 4925 ό
1108 4874 1295 4944 Πατὴρ
1358 4878 1512 4945 ὑμῶν
1560 4880 1859 4949 οίκτίρμων

268 4960 436 5012 ἐστί’
480 4978 498 5010 ι
571 4960 668 5013 καὶ
726 4978 744 5011 ι
794 4961 1070 5029 Ἀγαπᾶτε
1134 4966 1420 5036 ἀλλήλους,
1494 4971 1676 5035 καθὼς
1749 4974 1858 5039 ἐγὼ

268 5055 545 5122 ἠγάπησα
626 5054 795 5121 ὑμᾶς.
861 5071 880 5105 ι
939 5048 1009 5125 ⁷ῼ
1051 5056 1525 5127 φίλτρῳῚῙαῦλος
1589 5064 1761 5131 ἐφίλει
1800 5068 1855 5117 ὲν

270 5146 620 5213 σπλάγχνοις
665 5143 843 5215 Ἰησοῦ
896 5146 1175 5217 Χριστοῦ·
1232 5150 1355 5202 ὅθεν
1431 5154 1525 5205 καὶ
1589 5156 1615 5206 ὁ
1665 5154 1855 5225 Σωτὴρ

266 5238 438 5297 αὐτὸς
487 5236 619 5297 τοὺς
677 5235 929 5305 μαθητὰς
994 5238 1218 5309 είρήνην
1266 5240 1424 5308 ἀγειν
1487 5243 1725 5297 κελεύων
1758 5249 1858 5299 αὑ.

266 5332 373 5395 τὴν
398 5327 681 5397 ἐντίθησιν
713 5330 897 5395 αὐτοῖς
924 5332 1024 5398 τὴν
1055 5333 1283 5403 εἰρήνην
1312 5335 1411 5404 τὴν
1440 5336 1637 5389 ἑαυτοῦ
1663 5355 1676 5369 ’
1716 5358 1734 5390 ι
1770 5340 1857 5392 Ei-

270 5420 449 5491 ρήνην
514 5421 647 5489 γὰρ,
686 5422 846 5490 φησὶ,
883 5413 1000 5493 ’τὴν
1060 5425 1200 5495 ἐμὴν
1263 5426 1459 5497 δίδωμι
1512 5430 1661 5497 ὑμῖν,
1699 5449 1716 5481 ι
1766 5436 1861 5486 καὶ

268 5512 416 5581 πρὸς
447 5512 543 5564 τὸν
576 5512 797 5583 Πατέρα
836 5533 853 5564 ι
890 5514 1030 5580 Ἵνα,
1061 5517 1250 5584 φησὶν,
1283 5519 1314 5587 ή
1363 5520 1575 5589 ἀγάπη,
1626 5523 1691 5591 ἢν
1722 5524 1863 5591 ήγάο

266 5605 455 5675 πησάς
492 5622 586 5674 με,
619 5610 676 5659 ἒν
705 5608 887 5671 αὐτοῖς
1018 5628 1036 5661 ι
1071 5611 1181 5663 Καὶ
1206 5612 1347 5676 ὅλως
1384 5614 1635 5685 καθάπερ
1671 5617 1701 5683 ή
1739 5617 1861 5683 γέν-

335 5817 387 5847 ⁷⁹
421 5816 439 5870 1
471 5815 599 5870 Cor.
630 5832 669 5877 ι,
707 5816 799 5872 30.

1883 4550 1938 4611 D

1962 3495 2055 3549 sed
2084 3493 2195 3562 jam
2227 3495 2390 3549 etiam
2430 3496 2495 3550 iis
2525 3512 2647 3564 qua:
2682 3512 2711 3550 a
2744 3506 2935 3549 natura
2986 3497 3247 3563 veniunt;
3281 3498 3533 3567 quando-

1961 3585 2199 3653 quidem,
2253 3596 2311 3639 ut
2363 3587 2677 3652 docuimus,
2732 3586 2962 3641 interior
3012 3588 3171 3642 nobis
3224 3604 3349 3643 cum
3413 3590 3532 3658 ipso

1962 3693 2124 3748 quam
2162 3693 2283 3732 cum
2319 3680 2637 3747 parentibus
2664 3681 2917 3749 cognatio
2958 3690 3059 3735 est.
3106 3679 3218 3735 Hac
3259 3683 3325 3737 de
3368 3698 3529 3736 causa

1966 3784 2069 3824 nec
2112 3769 2405 3828 humanam
2454 3771 2857 3842 philosophiam
2892 3772 3118 3839 invenit,
3155 3788 3254 3828 nec
3301 3775 3532 3829 istorum

1966 3862 2325 3916 certaminum
2370 3872 2532 3917 tenus
2578 3878 2677 3919 nos
2708 3864 2962 3934 progredi
3014 3864 3204 3929 voluit,
3256 3866 3348 3921 sed
3394 3867 3534 3921 hanc

1966 3954 2017 4007 in
2068 3953 2288 4009 Christo
2322 3955 2484 4030 vitam
2536 3968 2731 4010 novam
2774 3956 2978 4021 vivere,
3010 3966 3063 4011 et
3103 3957 3247 4011 illam
3280 3958 3538 4011 exhibere

1962 4042 2226 4111 justitiam
2257 4044 2560 4113 obligamur
2587 4031 2779 4098 omnes
2806 4060 2821 4098 :
2853 4045 2995 4114 quod
3031 4059 3138 4099 non
3176 4044 3392 4101 fecisset
3428 4048 3530 4101 nisi

1969 4136 2080 4188 haec
2111 4136 2218 4188 vita
2268 4135 2424 4188 nobis
2470 4135 2608 4189 foret
2637 4135 2835 4210 aptior,
2865 4134 3149 4204 oﬂieioque
3182 4148 3370 4191 nostro
3398 4152 3537 4205 pra:-

1969 4232 2112 4281 clare
2138 4228 2477 4280 conveniret.
2512 4224 2593 4281 0b
2636 4227 2737 4281 hoc
2770 4227 2913 4280 enim
2950 4245 2963 4280 :
3000 4243 3019 4277 ι
3053 4226 3269 4281 Christo
3316 4242 3410 4296 per
3444 4229 3537 4280 ha-

1970 4322 2229 4390 ptismum
2304 4314 2603 4389 consepulti
2674 4335 2896 4381 sumus,
2964 4330 3023 4375 ut
3101 4322 3341 4375 novitate
3414 4325 3536 4375 vitae

1969 4415 2313 4469 ambulemus
2336 4415 2403 4465 ⁸ο.
2438 4433 2455 4465 ι
2489 4414 2551 4466 Et
2583 4416 2649 4467 ad
2683 4412 3027 4466 Timotheum
3066 4430 3079 4467 :
3115 4432 3133 4465 ι
3166 4413 3539 4482 Apprehendit

1967 4509 2133 4561 vitam
2165 4517 2420 4560 aeternam
2447 4506 2513 4557 ⁸¹.
2540 4524 2559 4556 ι
2587 4506 2649 4559 Et
2679 4520 2693 4558 :
2731 4522 2749 4556 ι
2781 4504 2967 4559 Estote
2999 4506 3194 4569 sancti,
3229 4506 3380 4577 juxta
3412 4523 3533 4560 eum

1963 4601 2055 4671 qui
2076 4602 2406 4654 vocavitvos
2431 4610 2653 4652 sanctus
2678 4598 2745 4651 ".
2772 4615 2792 4649 ›
2818 4597 2917 4652 Et:
2950 4616 2965 4649 ι
2998 4597 3397 4666 Miscricordes,
3428 4615 3537 4652 non

1961 4692 2337 4747 misericordia
2413 4690 2686 4752 humana,
2748 4691 2838 4744 sed
2885 4708 2903 4740 ι
2955 4691 3097 4744 sicut
3144 4688 3304 4745 Pater
3360 4703 3537 4747 vester

1958 4786 2197 4839 cmlestis
2226 4783 2539 4836 misericors
2569 4792 2647 4835 est
2677 4782 2742 4835 ⁸³.
2777 4800 2794 4833 ι
2829 4784 2892 4835 Et
2930 4800 2944 4839 :
2980 4803 2999 4833 ι
3034 4782 3248 4850 Diligite
3283 4784 3536 4847 invicem,

1959 4877 2101 4933 sicut
2136 4892 2235 4944 ego
2263 4876 2425 4931 dilexi
2461 4888 2555 4927 vos
2576 4874 2646 4936 ⁸⁸,
2681 4891 2699 4924 ι
2736 4888 2843 4941 quo
2870 4888 3053 4927 amore
3093 4872 3293 4927 Paulus
3323 4876 3533 4940 dilexit,

1964 4988 1983 5021 ι
2016 4970 2069 5023 In
2094 4969 2395 5023 visceribus
2417 4965 2543 5020 Jesu
2564 4966 2765 5019 Christi
2786 4967 2852 5017 ⁸⁸.
2879 4984 2897 5016 ι
2922 4964 3073 5019 Unde
3090 4968 3403 5021 etSalvator
3425 4971 3540 5035 ipse

1961 5065 2259 5131 discipulos
2289 5076 2472 5130 pacem
2506 5059 2949 5129 agitarejubens,
2980 5074 3133 5113 suam
3160 5062 3327 5129 ipsius
3350 5076 3537 5130 pacem
3604 5122 3609 5126 _

1964 5158 2071 5212 illis
2121 5155 2371 5210 immisit.
2424 5154 2515 5206 Ait
2561 5152 2707 5205 enim
2757 5168 2772 5205 :
2822 5168 2839 5201 ι
2892 5151 3082 5205 Pacem
3121 5168 3295 5205 meam
3342 5155 3411 5207 do
3444 5169 3539 5207 vo-

1964 5252 2047 5306 bis
2071 5248 2138 5302 ⁸⁸.
2175 5267 2195 5300 ι
2222 5246 2368 5301 Etad
2396 5243 2638 5308 Patrem,
2694 5260 2711 5293 ι
2746 5241 2833 5308 Ut,
2860 5243 3058 5311 inquit,
3079 5244 3295 5298 dilectio
3322 5260 3425 5313 qua
3451 5244 3538 5297 di—

1965 5340 2143 5398 lexisti
2187 5353 2294 5402 me,
2347 5337 2401 5390 in
2444 5336 2575 5405 ipsis
2608 5335 2681 5389 sit
2721 5334 2786 5388 ⁸⁷.
2832 5353 2851 5385 ι
2887 5334 2953 5387 Ει
2996 5336 3154 5403 plane
3197 5337 3336 5389 sicut
3379 5351 3539 5405 getic-

1961 5434 2100 5489 ratio
2128 5432 2309 5486 divina
2346 5430 2618 5498 quaedam,
2656 5437 2709 5481 et
2742 5442 2904 5497 supra
2928 5436 3176 5482 naturam
3218 5439 3319 5497 est,
3375 5430 3455 5483 sic
3484 5438 3538 5484 et

1961 5526 2094 5586 vita,
2169 5530 2223 5576 et
2279 5520 2494 5574 vivendi
2552 5518 2887 5581 institutum,
2942 5528 2995 5573 ct
3066 5521 3429 5589 philosophia,
3484 5532 3538 5576 et

1959 5618 2141 5673 omnia
2194 5616 2331 5679 haec,
2377 5627 2515 5667 nova
2564 5624 2617 5668 et
2668 5612 2971 5681 spiritualia
3022 5622 3167 5667 sunt.
3212 5616 3389 5684 Atque
3436 5615 3539 5670 hoc

909 5816 955 5848 ⁸ο
988 5816 1151 5889 Rom.
1188 5833 1261 5878 vr,
1296 5819 1347 5873 4.
1428 5822 1468 5852 ⁸¹
1507 5823 1519 5874 Ι
1557 5822 1699 5877 Tim.
1735 5843 1805 5885 vt,
1864 5829 1950 5881 12.
2026 5825 2125 5878 "l
2168 5823 2315 5875 Ρθῑν-
2378 5836 2419 5885 1.
2471 5821 2559 5885 1δὶ

1864 5829 1950 5881 te.
2026 5825 2125 5878 "l
2168 5823 2315 5875 Petr.
2378 5836 2419 5885 t,
2471 5821 2559 5885 15;
2606 5818 2776 5875 Levit.
2844 5837 2957 5885 xu,
2997 5826 3048 5878 2.
3128 5825 3175 5857 ⁸³
3208 5825 3340 5883 Luc.
3378 5827 3534 5889 vt,'5.

260 5886 307 5917 “
350 5884 513 5942 Joah.
547 5903 667 5953 τιιι,
700 5888 788 5943 54.
824 5888 869 5919 ⁸⁸
904 5888 1135 5957 Philipp.
1170 5904 1207 5953 t,
1249 5889 1301 5944 8.
1379 5892 1422 5923 "
1456 5893 1610 5947 Joan.
1645 5912 1754 5961 xiv,
1797 5884 1885 5954 26.

607 5903 667 5953 ιι,
700 5888 788 5943 54.
824 5888 869 5919 ιι
904 5888 1135 5957 Philipp.
1170 5904 1207 5953 ι,
1249 5889 1301 5944 8.
1379 5892 1610 5947 "1min.
1645 5912 1754 5961 .m,
1797 5884 1885 5954 ac.
1963 5899 2005 5929 ατ
2033 5896 2161 5950 unt.
2195 5893 2282 5945 εἳ.
