4262 6460
731 466 836 528 615

1960 461 2274 524 NICOLAI
2315 460 2699 522 CABASIIJE

3866 461 3976 531 διε
4015 441 4018 444 ’

735 578 1047 647 significans
1094 576 1348 631 Salvator
1393 575 1713 644 Nicodemo,
1752 595 1769 628 ι
1813 575 1968 641 Quod
2013 587 2197 628 natum
2229 576 2418 634 estA'

2293 576 2572 642 ιΑνησις
2635 572 2754 624 θεία
2805 572 2888 634 τίς
2945 573 3060 624 ἐστι
3117 572 3210 625 καὶ
3274 572 3585 644 ὑπερφυὴς,
3633 570 3774 626 οὕτω
3821 573 3975 642 καὶὴ

730 686 795 725 ex
833 671 1044 738 spiritu,
1072 670 1270 738 inquit,
1296 670 1518 737 spiritus
1544 677 1626 723 est
1652 669 1719 721 ⁸⁸.
1762 688 1779 720 ι
1814 667 1967 721 Unde
1995 678 2049 722 et
2078 666 2300 730 Paulus,

739 781 756 813 ι
794 761 861 816 Ut
893 763 1136 815 inveniar
1170 761 1221 813 itt
1255 761 1366 822 illo,
1399 775 1502 813 non
1545 763 1753 814 habens
1786 774 1962 812 meam
2009 758 2301 828 justitiam,

731 870 851 922 qua:
884 869 946 907 ex
991 853 1108 921 lege
1135 863 1217 907 est
1244 870 1256 905 :
1286 852 1378 905 sed
1415 867 1533 918 quae
1564 868 1626 904 ex
1664 852 1766 904 fide
1791 858 1877 904 est
1901 849 2029 904 Jesu
2072 849 2301 913 Christi,

733 961 854 1012 qua.
897 961 961 997 ex
1008 945 1119 997 Deo
1147 953 1251 1005 est,
1281 942 1493 1012 justitia
1543 943 1595 995 in
1628 943 1736 996 fide
1761 943 1831 995 δ’.
1877 961 1894 992 ι
1930 944 2095 995 Docet
2125 949 2302 994 autem

734 1038 1041 1106 Scriptura,
1082 1037 1222 1090 hanc
1269 1052 1387 1089 esse
1421 1037 1624 1105 regiam
1655 1044 1856 1089 vestem
1897 1055 1909 1088 :
1947 1050 2069 1088 nam
2116 1044 2303 1089 nostra

735 1129 950 1182 servilia
1004 1136 1155 1182 sunt.
1202 1127 1453 1181 Libertas
1483 1143 1644 1196 porro
1676 1135 1728 1180 et
1773 1142 2021 1195 regnum,
2055 1127 2119 1180 ad
2159 1127 2304 1195 quod

729 1220 1096 1272 festinandum
1125 1227 1230 1282 est,
1252 1220 1526 1288 quomodo
1550 1233 1832 1273 servorum
1861 1218 2081 1288 praztnia
2106 1216 2305 1271 erunt?

740 1323 913 1376 neque
949 1310 1092 1361 enim
1142 1324 1308 1376 regno
1358 1308 1502 1377 digiti
1551 1309 1911 1378 apparebunt,
1957 1308 2001 1362 si
2035 1308 2167 1361 nihil
2199 1308 2302 1362 nisi

729 1413 1014 1452 servorum
1051 1402 1305 1453 virtutem
1336 1400 1708 1468 prwstiterint.
1741 1399 1896 1452 Sicut
1933 1401 2076 1452 enim
2117 1421 2133 1448 ο
2181 1413 2302 1453 cor-

729 1491 908 1557 ruptio
974 1491 1443 1560 incorruptionem
1515 1507 1623 1544 non
1688 1490 2026 1558 possidebit,
2092 1497 2306 1558 oportet

725 1594 908 1638 autem
945 1585 1301 1652 corruptibile
1334 1585 1435 1637 hoc
1461 1583 1686 1636 induere
1721 1583 2213 1652 incorruptionem,
2249 1590 2304 1637 et

728 1675 954 1727 mortale
974 1676 1075 1728 hoc
1097 1675 1319 1728 induere
1345 1674 1807 1727 immortalitatem
1826 1674 1872 1706 '°
1894 1690 1909 1728 :
1934 1692 1952 1725 ι
1981 1675 2049 1728 ita
2076 1688 2175 1728 nec
2191 1688 2308 1728 ser-

728 1782 915 1818 vorutn
939 1781 1099 1835 opera
1122 1768 1186 1818 ad
1211 1781 1432 1835 regnum
1456 1765 1586 1819 illud
1609 1765 1769 1819 nobis
1787 1773 1990 1834 queant
2013 1765 2302 1830 sufficere;

726 1860 817 1911 sed
841 1857 1054 1925 justitia
1071 1874 1133 1911 ex
1168 1859 1275 1911 Deo
1295 1859 1612 1925 requiritur.
1632 1857 1912 1911 llaeredem
1934 1856 2078 1910 enim
2095 1865 2304 1924 oportet

729 1964 850 2002 csse
873 1949 1064 2013 lilium,
1085 1965 1190 2002 non
1213 1963 1470 2003 servum:
1500 1967 1517 1999 ι
1548 1948 1750 2002 Servus
1774 1947 1939 2013 enim,
1967 1949 2161 2015 inquit,
2196 1963 2303 2001 non

727 2049 909 2093 manet
923 2040 973 2093 in
991 2042 1152 2094 domo
1173 2041 1225 2092 in
1245 2050 1528 2106 aeternum;
1543 2041 1683 2094 [ilius
1698 2051 1874 2094 autem
1892 2051 2074 2095 manet
2090 2042 2140 2092 in
2154 2049 2310 2093 aeter-

730 2147 854 2183 num
878 2133 942 2184 ⁹¹.
995 2148 1013 2181 ι
1049 2131 1415 2195 Quamobrem
1449 2146 1890 2201 unumquemque
1910 2145 2097 2184 eorum
2119 2129 2213 2199 qtti
2239 2128 2307 2182 ad

730 2223 870 2276 hanc
904 2221 1269 2277 hmreditatem
1294 2224 1619 2276 cernendatn
1643 2232 1929 2286 venerunt,
1952 2220 2106 2290 prius
2126 2219 2308 2290 abjec-

727 2309 780 2368 ‘a
811 2316 1125 2370 conditione
1139 2316 1303 2381 servi,
1321 2316 1489 2369 tilium
1507 2332 1565 2370 se
1584 2315 1870 2370 ostendere
1893 2323 2105 2383 oportet
2126 2330 2140 2377 ;
2160 2309 2306 2381 quod

728 2415 811 2461 est
834 2404 1088 2468 formam,
1115 2416 1167 2461 et
1196 2405 1390 2460 faciem
1427 2403 1700 2474 Unigeniti
1751 2405 1992 2468 indutos,
2045 2419 2168 2458 cum
2204 2403 2308 2457 hoc

730 2501 927 2554 decore
953 2509 1004 2552 et
1034 2499 1302 2569 elegantia
1334 2497 1578 2554 Genitori
1615 2514 1711 2552 nos
1738 2497 1948 2553 sistere.
1986 2496 2052 2550 Et
2081 2496 2184 2550 hoc
2223 2503 2308 2551 est

729 2607 759 2644 a
793 2591 928 2645 Filio
961 2590 1055 2646 Dei
1085 2592 1233 2645 omni
1269 2592 1532 2646 servitute
1559 2591 1798 2656 liberari,
1830 2605 2068 2660 vereque
2106 2589 2306 2644 liberos

728 2698 884 2751 esse;
933 2684 1078 2752 quod
1119 2681 1322 2738 ludat-is
1345 2683 1626 2738 Christum
1666 2684 1849 2738 dicere
1875 2682 2110 2737 voluisse
2145 2681 2306 2736 intel-

727 2774 854 2843 lige,
890 2791 1016 2830 cum
1059 2776 1191 2829 dicit
1240 2793 1254 2829 :
1310 2791 1329 2826 ι
1372 2775 1427 2828 Si
1458 2775 1626 2829 Filius
1675 2789 1772 2828 vos
1810 2774 2140 2837 liberaverit,
2179 2788 2308 2829 vere

730 2865 886 2919 liberi
920 2864 1073 2919 eritis
1115 2866 1184 2917 ".
1222 2882 1240 2916 ι
1276 2863 1495 2919 Liberat
1546 2865 1712 2928 enim,
1739 2872 1794 2919 et
1842 2863 1934 2932 qui
1981 2863 2302 2925 servierant,

728 2958 870 3011 tilios
913 2954 1008 3010 Dei
1057 2955 1258 3022 etlicit;
1291 2956 1553 3025 quoniam
1605 2956 1720 3023 ipse
1746 2970 1870 3008 cum
1917 2955 1988 3008 sit
2031 2953 2221 3018 Filius,
2254 2964 2309 3009 et

725 3047 879 3100 omni
906 3054 1128 3116 peccato
1155 3056 1332 3110 vacet,
1361 3055 1415 3100 et
1443 3060 1640 3114 corpus
1680 3045 1836 3115 ipsis,
1865 3053 1920 3099 et
1960 3045 2304 3116 sanguinem,

727 3149 779 3194 et
831 3140 1190 3209 spiritum,et
1238 3155 1334 3194 sua
1383 3139 1567 3193 omnia
1617 3138 1930 3193 communia
1987 3137 2140 3192 facit.
2193 3131 2306 3192 Hac

2407 665 2520 732 ζωὴ
2552 665 2647 716 καὶ
2678 665 2710 734 ἠ
2743 663 2919 717 δίαιτα
2949 666 3040 717 καὶ
3070 665 3101 734 ἡ
3129 665 3417 733 φιλοσοφία
3446 666 3538 717 καὶ
3584 664 3762 717 πάντα
3797 662 3975 715 ταῦτα

2405 757 2570 809 καινά
2605 758 2698 808 καὶ
2746 756 3112 824 πνευματικά.
3143 759 3250 808 Καὶ
3303 755 3464 808 τοῦτο
3492 755 3668 824 δηλῶν
3706 756 3734 806 ὁ
3783 754 3976 822 Σωτὴρ

2405 848 2730 918 Νικοδήμῳ,
2767 863 2786 898 ‹
2836 847 2908 899 Τὸ
2931 848 3329 915 γεγεννημένον
3363 848 3426 899 ὲκ
3483 846 3578 898 τοῦ
3640 846 3975 914 πνεύματος,

2406 945 2561 1012 φησι,
2593 941 2812 1010 πνεῦμά
2841 942 2979 994 ἔστι.
3015 957 3034 992 ι
3068 941 3166 993 Διά
3205 939 3366 991 τοῦτο
3391 940 3484 991 καὶ
3517 938 3754 1002 Παῦλος,
3800 956 3818 988 ι
3859 934 3978 988 Ἵνα

2406 1037 2639 1103 εὑρεθῶ,
2703 1035 2888 1105 φησὶν,
2948 1035 3004 1086 ἐν
3062 1032 3231 1100 αὐτῷ,
3277 1031 3350 1101 μὴ
3406 1032 3544 1100 ἔχων
3599 1030 3738 1098 ἐμὴν
3767 1030 3980 1081 δικαιο-

2408 1128 2572 1196 σύνην
2601 1126 2700 1196 τὴν
2730 1127 2793 1178 ὲκ
2821 1124 2915 1177 τοῦ
2943 1125 3132 1194 νόμου,
3166 1124 3301 1176 ἀλλὰ
3327 1123 3423 1192 τὴν
3455 1122 3541 1175 διὰ
3567 1122 3802 1182 πίστεως
3834 1122 3973 1188 Χρι-

2408 1218 2535 1272 στοῦ
2581 1219 2677 1286 τὴν
2733 1221 2796 1269 ὲκ
2839 1215 2976 1270 Θεοῦ
3009 1215 3377 1284 δικαιοσύνην.
3419 1233 3437 1264 ι
3485 1214 3545 1266 '0
3581 1213 3638 1265 δὲ
3692 1212 3848 1278 λόγος
3889 1212 3974 1262 ὅτι

2403 1311 2562 1364 τοῦτό
2606 1312 2721 1362 ἐστι
2778 1311 2838 1362 τὸ
2892 1309 3170 1377 βασιλικὸν
3207 1309 3426 1374 ἱμάτιον
3448 1322 3462 1336 ·
3489 1307 3558 1359 τὰ
3587 1307 3693 1374 γὰρ
3725 1307 3977 1375 ἡμέτεροι

2404 1403 2588 1464 δοῦλα,
2622 1400 2910 1470 ἐλευθερία
2951 1401 3007 1453 δὲ
3045 1401 3140 1452 καὶ
3167 1398 3441 1468 βασιλεία,
3499 1397 3635 1465 πρὸς
3660 1399 3724 1467 ἢν
3759 1396 3983 1461 ἐπείγε-

2408 1494 2531 1545 σθαι
2573 1494 2674 1556 δεῖ,
2731 1493 2844 1552 πῶς
2878 1491 2968 1562 [ἂν
3012 1491 3223 1559 γένοιτο
3268 1491 3502 1552 δούλων;
3530 1488 3590 1541 οὐ
3625 1487 3758 1558 γὰρ]
3794 1488 3857 1540 ἃν
3887 1486 3978 1553 εἴη

2408 1586 2685 1657 βασιλείας
2737 1585 2921 1650 ἀξίους
2971 1585 3208 1652 φανῆναι
3278 1582 3439 1635 πλέον
3491 1580 3644 1633 οὐδὲν
3690 1581 3723 1650 ἢ
3768 1579 3979 1630 δούλων

2405 1679 2606 1750 ἀρετὴν
2661 1677 3151 1744 ὲπιδειξαμένουςς
3207 1674 3475 1743 Καθάπερ
3510 1673 3618 1741 γάρ
3664 1690 3682 1722 ι
3723 1673 3755 1740 ἡ
3800 1669 3983 1737 φθορά

2406 1771 2503 1838 τῆς
2535 1768 2838 1837 ἀφθαρσίας
2874 1768 2974 1820 οὐκ
3008 1766 3074 1820 ἂν
3122 1766 3336 1834 γένοιτο
3372 1763 3729 1834 κληρονόμος,
3788 1761 3869 1812 δεῖ
3919 1759 3980 1811 δὲ

2407 1863 2468 1914 τὸ
2523 1861 2761 1930 φθαρτὸν
2811 1859 2970 1912 τοῦτο
3000 1856 3325 1910 ἐνδύσασθαι
3386 1854 3698 1924 ἀφθαρσίαν
3759 1853 3854 1904 καὶ
3914 1852 3980 1904 τὸ

2413 1951 2606 2021 θνητὸν
2627 1950 2786 2003 τοῦτο
2823 1947 3145 2002 ἐνδύσασθαι
3171 1945 3497 2006 ἀθανασίαν,
3534 1962 3552 1995 ι
3586 1944 3675 1996 τὸν
3714 1943 3827 1995 ῐσον
3851 1941 3984 2011 τρό-

2411 2064 2510 2100 πον
2543 2045 2663 2098 οὐδὲ
2699 2044 2769 2096 τά
2799 2042 2909 2094 τῶν
2936 2041 3140 2094 δούλων
3192 2038 3332 2108 ἔργα
3378 2036 3516 2105 πρὸς
3543 2035 3641 2106 τὴν
3695 2034 3981 2104 βασιλείαν

2409 2136 2625 2206 ἐκείνην
2651 2135 2885 2204 ἀρκέσαι
2912 2132 3114 2187 δύναιτ’
3144 2133 3210 2186 ἀν
3247 2134 3400 2202 ἡμῖν.
3435 2129 3572 2183 ἀλλά
3601 2129 3700 2197 τῆς
3726 2130 3790 2180 ἐκ
3838 2128 3978 2180 Θεοῦ

2405 2228 2756 2295 δικαιοσύνης
2807 2228 3011 2298 δεήσει.
3046 2226 3172 2279 Υίὸν
3205 2227 3316 2294 γὰρ
3347 2221 3487 2276 εἶναι
3518 2223 3602 2275 δεῖ
3627 2222 3720 2274 τὸν
3771 2222 3976 2291 κληρο-

2407 2325 2573 2394 νόμον
2601 2322 2791 2377 δοῦλον
2816 2337 2832 2352 ο
2871 2339 2891 2374 ι
2935 2320 2995 2374 '0
3030 2320 3140 2390 γὰρ
3173 2317 3383 2382 δοῦλος,
3420 2316 3606 2387 φησὶν,
3633 2317 3693 2369 οὐ
3728 2317 3880 2385 μένει
3915 2317 3980 2368 ὲν

2409 2418 2473 2485 τῇ
2491 2414 2638 2485 οἰκίᾳ
2664 2416 2745 2476 είς
2773 2411 2862 2466 τὸν
2881 2411 3075 2473 αἰῶνα,
3105 2413 3133 2463 ό
3162 2409 3290 2473 Υἰδς
3318 2408 3468 2479 μένει
3495 2408 3577 2472 εἰς
3605 2407 3697 2462 τὸν
3719 2408 3915 2462 αἰῶνα.
3957 2426 3976 2459 ι

2409 2501 2616 2561 ἀνθ’ὦν
2637 2506 2870 2558 ἕκαστον
2886 2503 2997 2556 τῶν
3036 2502 3129 2555 ἐπὶ
3151 2501 3243 2554 τὸν
3265 2500 3467 2571 κλῆρον
3489 2499 3682 2554 τοῦτον
3714 2500 3982 2570 ἀφιξομέ-

2408 2613 2516 2650 νων
2568 2596 2834 2666 πρότερον
2879 2592 3222 2648 ἀποϐαλόντα
3253 2591 3344 2644 τὸν
3372 2591 3559 2644 δοῦλον
3585 2590 3756 2657 δεῖξαι
3785 2591 3868 2643 δεῖ
3893 2592 3984 2644 τὸν

2411 2687 2561 2752 Υἰόν,
2587 2688 2725 2756 ὅπερ
2756 2685 2872 2737 ἐστὶ
2898 2685 2997 2756 τὴν
3031 2682 3243 2754 μορφὴν
3264 2678 3358 2736 τοῦ
3384 2683 3721 2749 Μονογενοῦς
3752 2683 3844 2735 ἐπὶ
3871 2683 3984 2734 τῶν

2409 2779 2718 2852 προσώπων
2768 2777 3178 2847 κομισαμένους
3227 2775 3366 2846 μετὰ
3393 2780 3586 2827 τούτου
3621 2774 3715 2827 τοῦ
3745 2775 3984 2838 κάλλους

2407 2873 2486 2942 τῷ
2516 2871 2875 2941 γεγεννηκότι
2907 2869 3143 2938 φανῆναι
3163 2883 3179 2899 ν
3213 2869 3308 2919 καὶ
3340 2865 3499 2919 τοῦτό
3553 2867 3701 2918 ἐστιν
3726 2866 3831 2918 ὑπὸ
3881 2866 3981 2918 τοῦ

2409 2965 2541 3020 Υἱοῦ
2581 2963 2675 3018 τοῦ
2727 2962 2864 3016 Θεοῦ
2921 2962 3102 3032 πάσης
3161 2960 3429 3029 ἀφεθῆναι
3489 2958 3736 3020 δουλείας
3773 2959 3870 3011 καὶ
3902 2958 3978 3022 ὡς

2408 3059 2627 3129 ἀληθῶς
2659 3056 2975 3127 ἐλευθέρους
3017 3051 3179 3118 εἶναι,
3213 3054 3241 3106 ὃ
3263 3053 3340 3123 τῷ
3367 3053 3587 3124 Χριστῷ
3617 3056 3730 3106 νοεῖ
3757 3054 3816 3106 τὸ
3843 3055 3984 3122 πρὸς

2408 3151 2535 3214 τοὺς
2579 3150 2865 3212 Ἰουδαίους
2928 3149 3219 3217 εἰρημένον
3271 3149 3494 3209 ἐκεῖνο,
3549 3146 3719 3198 «Ἐὰν
3768 3148 3795 3199 ό
3853 3146 3988 3209 Υίδς

726 3233 872 3287 enim
905 3234 1118 3287 ratione
1151 3248 1252 3286 nos
1296 3241 1350 3285 et
1386 3232 1629 3296 refinxit,
1661 3240 1715 3286 et
1762 3230 2036 3297 liberavit,
2069 3239 2122 3283 et
2151 3230 2303 3284 deifi-
2332 3265 2374 3323 ο

2301 3260 2303 3268 ‘
2332 3265 2374 3323 ο
2412 3245 2556 3316 ὑμᾶς
2590 3242 2959 3315 ἐλευθερώσῃ,
3017 3242 3190 3303 ὅντως
3225 3238 3500 3310 ἐλεύθεροι
3552 3239 3763 3292 ἔσεσθε.
3797 3259 3814 3291 ι
3848 3239 3984 3292 Λύει

727 3327 891 3387 cavit,
948 3339 1289 3394 germanum,
1349 3331 1403 3377 et
1457 3323 1713 3387 liberum,
1770 3332 1825 3377 et
1881 3337 2070 3376 verum
2131 3320 2301 3374 Deum

727 3419 969 3487 seipsum
1022 3418 1180 3471 nobis
1230 3415 1560 3470 admiscens.
1616 3413 1681 3468 Et
1730 3415 1810 3469 sic
1855 3414 2159 3477 Christum,
2208 3413 2303 3483 qui

724 3526 853 3564 vera
879 3521 964 3564 est
987 3509 1221 3577 justitia,
1255 3517 1504 3563 nostrum
1537 3507 1762 3573 bonum,
1800 3521 1964 3575 supra
1998 3522 2161 3576 quam
2189 3507 2306 3574 ipsa

737 3603 1029 3662 naturalia,
1063 3617 1220 3655 sacra
1247 3617 1404 3656 omna
1434 3600 1592 3655 nobis
1620 3599 1768 3653 facit.
1801 3600 1989 3669 Itaque
2028 3610 2082 3654 et
2113 3600 2312 3670 gloria-

725 3693 1036 3750 murl-iouis
1076 3695 1215 3763 ejus,
1244 3703 1296 3747 et
1338 3695 1494 3765 quasi
1537 3704 1722 3748 nostra
1752 3702 1934 3748 essent
1964 3704 2107 3747 recte
2139 3691 2306 3755 facta,

724 3789 1094 3853 celebramur,
1145 3787 1382 3856 indeque
1427 3786 1802 3851 nominamur,
1853 3786 1897 3840 si
1934 3784 1986 3839 in
2018 3797 2308 3838 commune

725 3894 1130 3949 permanemus.
1166 3879 1234 3933 Et
1269 3881 1311 3933 si
1345 3880 1471 3947 quis
1498 3894 1622 3932 vere
1669 3887 1895 3933 sanctus
1929 3887 1984 3932 et
2021 3877 2222 3945 justus,
2255 3883 2310 3930 et

725 3975 1092 4042 quodcunque
1125 3970 1344 4024 tandem
1387 3970 1740 4024 laudabilium
1783 3970 1954 4034 audit,
1987 3968 2307 4038 appellatio.

727 4078 852 4115 nem
900 4077 965 4115 ex
1021 4063 1087 4115 iis
1135 4075 1257 4129 quae
1300 4075 1328 4112 a
1357 4059 1573 4112 Christo
1619 4059 1847 4113 sortitus
1893 4065 2003 4121 est,
2049 4057 2246 4126 accipit
2289 4073 2306 4112 :

732 4172 753 4206 ι
796 4154 850 4207 In
884 4152 1013 4218 Deo,
1049 4153 1247 4222 inquit,
1280 4152 1595 4206 laudabitur
1631 4153 1814 4206 anima
1867 4166 1983 4205 mea
2020 4152 2085 4207 ⁸³.
2125 4167 2144 4202 ι
2192 4149 2259 4204 Ει
2292 4168 2306 4205 :

730 4266 751 4297 ‹
785 4245 1252 4301 Benediceniurin
1275 4261 1340 4300 eo
1362 4261 1554 4301 omnes
1575 4254 1764 4315 gentes
1784 4243 1855 4299 “.
1889 4263 1906 4295 ι
1935 4242 2086 4298 Unde
2117 4243 2310 4296 huma-

730 4353 860 4390 tmm
905 4336 1060 4395 nihil,
1089 4336 1182 4390 sed
1213 4350 1336 4404 qua:
1368 4334 1573 4388 Christi
1608 4347 1733 4388 sunt
1771 4334 2051 4404 poscimus
2089 4349 2102 4385 :
2147 4339 2205 4385 ut
2247 4346 2309 4385 ea

725 4426 779 4479 in
826 4427 1039 4479 animas
1072 4437 1289 4479 nostras
1339 4439 1464 4479 cum
1519 4423 2020 4493 importaverimus,
2067 4437 2192 4477 cum
2242 4422 2310 4474 iis

725 4519 854 4572 hinc
906 4517 1274 4580 discedamus,
1327 4526 1379 4570 et
1416 4525 1542 4569 ante
1596 4529 1832 4569 coronas
1887 4514 2027 4568 hanc
2071 4514 2313 4582 philoso-

2411 3342 2521 3413 γὰρ
2554 3344 2650 3396 καὶ
2687 3341 2836 3404 υἰοὺς
2867 3337 3004 3392 Θεοῦ
3037 3340 3272 3391 ποιεῖται
3299 3337 3424 3398 τοὺς
3449 3335 3692 3402 δούλους,
3732 3337 3812 3389 ὅτι
3849 3336 3983 3397 Υἱὸς

2410 3435 2486 3489 ὢν
2504 3435 2661 3496 αὐτὸς
2678 3433 2771 3486 καὶ
2790 3433 2970 3502 πάσης
2990 3430 3277 3499 ἐλεύθερος
3297 3428 3568 3498 ἁμαρτίας
3593 3427 3687 3478 καὶ
3711 3427 3868 3496 σῶμα
3887 3427 3991 3479 αύ-

2409 3532 2522 3591 τοῖς
2563 3527 2654 3581 καὶ
2675 3522 2813 3594 αἷμα
2835 3524 2927 3578 καὶ
2960 3522 3178 3591 πνεῦμα
3207 3523 3302 3575 καὶ
3328 3522 3396 3573 τά
3429 3521 3597 3574 αὐτοῦ
3629 3522 3804 3573 πάντα
3831 3522 3990 3573 κοινά

2412 3621 2666 3673 ποιεῖται·
2685 3617 2876 3670 τοῦτον
2893 3617 2999 3684 γὰρ
3013 3614 3315 3682 τὸντρόπον
3331 3613 3426 3664 καὶ
3444 3613 3713 3666 ἀνέπλασε
3732 3615 3826 3664 καὶ
3840 3613 3996 3664 ἐλευ-

2413 3713 2620 3783 θέρωσε
2641 3713 2732 3764 καὶ
2747 3709 2971 3772 ὲθέωσε,
2991 3707 3083 3759 τὸν
3103 3708 3231 3774 ὑγιᾶ
3256 3707 3348 3758 καὶ
3373 3704 3655 3774 ἐλεύθερον
3675 3708 3769 3757 καὶ
3793 3705 3994 3775 ἀληθι-

2412 3805 2502 3856 νὸν
2531 3803 2663 3855 Θεὸν
2697 3801 2892 3854 ἑαυτὸν
2923 3803 3057 3868 ἡμῖν
3090 3799 3383 3868 ἀναμίξας,
3416 3801 3511 3851 καὶ
3555 3797 3700 3850 οὕτω
3723 3798 3820 3866 τὴν
3854 3797 3990 3868 ἀλη-

2413 3895 2564 3966 θινὴν
2595 3895 2723 3947 ὄντα
2746 3893 3091 3959 δικαιοσύνην
3141 3892 3232 3944 τὸν
3260 3891 3511 3959 Χριστὸν,
3539 3890 3810 3959 ἡμέτερον
3846 3890 3990 3954 ἀγα-

2415 3984 2526 4051 θὸν,
2559 3985 2652 4035 καὶ
2682 3980 2786 4050 πρὸ
2814 3981 2921 4034 τῶν
2953 3984 3199 4048 φυσικῶν
3221 3980 3400 4032 αὐτῶν
3423 3981 3482 4033 τὸ
3518 3980 3661 4050 ίερδν
3696 3981 3995 4050 ἐργάζεται

2412 4076 2661 4138 δεῖπνον,
2718 4075 2858 4128 ὥστε
2899 4074 2992 4126 καὶ
3042 4072 3476 4141 φιλοτιμούμεθα
3527 4075 3637 4136 τοῖς
3686 4073 3852 4126 αὐτοῦ
3894 4074 3993 4126 καὶ

2412 4167 2486 4230 ὠς
2504 4165 2568 4219 ἂν
2604 4165 2758 4219 αὐτοὶ
2780 4163 3205 4235 κατωρθωκότες
3224 4164 3640 4232 εὐδοκιμοῦμεν,
3672 4163 3766 4219 καῖ
3797 4165 3998 4217 καλού-

2416 4256 2555 4328 μεθά
2593 4273 2655 4325 γε
2691 4241 2924 4321 ἐκεῖθεν,
2958 4255 3005 4307 εί
3044 4254 3142 4324 τὴν
3177 4256 3464 4309 κοινωνίαν
3504 4255 3866 4324 φυλάττομεν,
3898 4257 3998 4309 καὶ

2414 4349 2561 4410 εῖτις
2574 4345 2785 4416 ἀληθῶς
2801 4345 2957 4413 ἀγιος
2977 4345 3068 4396 καὶ
3083 4344 3290 4406 δίκαιος
3308 4345 3405 4396 καί⁸
3420 4343 3596 4395 ὁτιοῦν
3617 4345 3724 4396 τῶν
3738 4348 3995 4399 ἐπαινου-

2420 4443 2595 4509 μένων
2613 4436 2820 4502 ἀκούοι,
2851 4437 2950 4506 τὴν
2982 4435 3302 4508 ἐπωνυμίαν
3335 4434 3394 4497 ὲξ
3416 4429 3491 4486 ὧν
3522 4431 3737 4487 ἐκείνου
3764 4437 3996 4508 τετύχη.

2417 4529 2756 4594 κεν,ἐλα6εν.
2784 4546 2803 4579 t
2825 4527 2914 4580 ‘Ev
2943 4525 3020 4596 τῷ
3041 4525 3160 4593 Θεῷ
3179 4527 3307 4594 γὰρ,
3340 4526 3526 4594 φησιν,
3557 4526 3993 4596 ἐπαινεθήσεται

725 4619 912 4688 phiam
942 4617 1094 4671 omni
1129 4619 1311 4692 modo,
1351 4625 1407 4671 et
1438 4616 1539 4670 has
1595 4630 1764 4670 novas
1799 4615 2019 4669 divitias
2055 4614 2314 4669 exhibea-
2340 4610 2393 4671 Ι)

2340 4610 2393 4671 Ῑ)
2421 4619 2618 4689 ήψυχή
2642 4635 2768 4688 μου,
2793 4618 2887 4669 καὶ
2914 4614 3443 4684 ὲνευλογηθήσονται
3476 4616 3531 4666 ὲν
3555 4614 3703 4684 αὐτῷ
3724 4616 3904 4669 πάντα
3929 4620 3998 4671 τὰ

726 4725 871 4773 ntus,
904 4708 1053 4761 nullo
1085 4706 1439 4777 super-addito
1474 4705 1611 4759 falso
1652 4704 1999 4768 numismate,
2047 4701 2307 4772 quoniam

727 4803 869 4856 hunc
897 4802 1070 4855 solam
1101 4802 1163 4854 ad
1193 4798 1622 4870 promerendum
1661 4811 1887 4868 regnum
1915 4796 2179 4850 cmlorum
2211 4808 2309 4862 ap-

728 4903 947 4964 pet-tare
1012 4907 1338 4961 possumus.
1393 4890 1531 4955 Quia
1582 4890 1726 4942 enim
1787 4887 2104 4958 praemium,
2160 4883 2306 4955 quod

727 5000 906 5054 pugna
959 4981 1200 5037 defuncti
1254 4983 1503 5051 accipere
1557 4981 1791 5042 debent,
1847 4978 1992 5034 Deus
2043 4977 2160 5045 ipse
2201 4984 2307 5039 est,

725 5077 1097 5133 necessarium
1133 5076 1348 5128 videtur
1406 5088 1539 5128 sane
1592 5071 1814 5142 praemio
1865 5069 2215 5142 respondere,
2255 5079 2308 5121 et

724 5169 942 5223 divinos
970 5183 1092 5221 esse
1121 5167 1285 5221 etiam
1335 5181 1563 5236 agones,
1603 5165 1886 5233 Deumque
1929 5161 2153 5216 athletis
2199 5175 2305 5214 non

723 5262 901 5315 solum
945 5260 1148 5328 alipten
1187 5251 1309 5312 esse
1359 5258 1836 5325 certaminumque
1871 5255 2172 5323 auspicem,
2206 5253 2304 5308 sed

723 5364 776 5407 et
827 5353 1002 5420 ipsum
1053 5352 1107 5405 in
1160 5351 1293 5420 ipsis
1347 5351 1566 5404 virtutis
1617 5364 1843 5403 munere
1889 5348 2066 5417 fungi.
2116 5348 2183 5401 Et
2231 5348 2304 5401 ita

728 5448 890 5500 tinem
925 5444 1016 5515 qui
1049 5443 1317 5514 quaeritur
1341 5458 1466 5498 cum
1501 5442 1918 5512 praeparatione,
1951 5450 2005 5495 et
2030 5456 2305 5511 prmpara-

730 5543 933 5592 tionem
982 5552 1108 5591 cum
1165 5537 1272 5590 line
1321 5549 1653 5606 congruere.
1704 5533 1859 5589 Sicut
1910 5535 2056 5587 enim
2100 5535 2152 5586 in
2209 5536 2309 5588 has

730 5638 914 5683 terras
966 5643 1065 5684 nos
1109 5629 1350 5693 mittens,
1401 5627 1536 5681 nihil
1585 5626 1746 5680 nobis
1799 5623 1946 5690 fecit,
1990 5638 2088 5679 nec
2129 5623 2312 5693 exegit

2418 4712 2543 4781 ἔθνη
2565 4725 2579 4740 ⁸
2608 4729 2626 4762 ι
2664 4709 2786 4764 ὅθεν
2810 4708 2921 4762 τῶν
2951 4706 3313 4777 ἀνθρωπίνων
3366 4706 3468 4774 μὲν
3515 4706 3698 4768 οὐδὲν,
3755 4707 3824 4758 τὰ
3859 4708 3999 4777 Χρι..

2418 4804 2543 4857 στοῦ
2569 4803 2625 4856 δὲ
2655 4800 3036 4869 ἀπαιτούμεθα
3066 4799 3162 4850 καὶ
3220 4799 3467 4865 ἐνεγκεῖν
3516 4797 3608 4850 ἐπὶ
3654 4797 3768 4849 τῶν
3801 4798 4001 4869 ψυχῶν

2415 4898 2510 4948 καὶ
2542 4897 2810 4965 φέροντας
2839 4891 3124 4954 ἀπελθεῖν,
3160 4889 3255 4944 καὶ
3282 4891 3488 4958 ταύτην
3521 4890 3625 4960 πρὸ
3649 4889 3758 4943 τῶν
3797 4893 4004 4960 στεφά-

2414 5006 2523 5042 νων
2546 4977 2916 5053 ὲπιδείξασθαι
2947 4984 3046 5053 τὴν
3074 4983 3400 5053 φιλοσοφίαν
3431 4984 3495 5035 ἐκ
3527 4983 3730 5044 παντὸς
3764 4986 4000 5052 τρόπου,
4060 4969 4066 4972 “

2417 5081 2512 5132 καὶ
2541 5079 2730 5132 τοῦτον
2755 5078 2845 5130 τὸν
2869 5077 3056 5130 καινὸν
3088 5075 3341 5142 πλοῦτον,
3386 5075 3556 5145 μηδὲν
3591 5076 4004 5143 ἑπεισαγαγόν-

2422 5188 2521 5232 τας
2559 5168 2710 5240 αὐτῷ
2740 5168 2836 5222 τοῦ
2878 5167 3121 5238 πονηροῦ
3156 5167 3463 5238 κόμματος,
3489 5167 3565 5229 ὡς
3592 5167 3764 5235 μόνην
3795 5168 4006 5234 ταύνην

2412 5258 2580 5315 οὖσαν
2611 5262 2752 5331 ὑπὲρ
2805 5263 2902 5331 τῆς
2940 5262 2998 5313 ὲν
3029 5258 3248 5329 οὐρανῷ
3298 5259 3574 5329 βασιλείας
3597 5258 3870 5327 ἀξιόχρεω
3910 5276 4007 5326 φο-

2416 5353 2540 5426 ράν.
2600 5353 2755 5406 Ἐπεὶ
2814 5351 2924 5423 γὰρ
2972 5346 3156 5414 ἆθλον,
3211 5349 3239 5402 ὃ
3298 5351 3380 5403 δεῖ
3436 5349 3593 5402 λασεῖ
3641 5350 4004 5418 ἀγωνισαμέ-

2417 5467 2564 5512 νους,
2595 5447 2624 5500 ὁ
2654 5447 2786 5509 Θεός
2817 5447 2964 5498 ἐστιν
2992 5447 3178 5509 αὐτὸς,
3218 5446 3434 5514 ἀνάγκη
3470 5444 3535 5515 δὴ
3568 5445 3702 5514 πρὶς
3726 5443 3788 5497 τδ
3829 5446 4006 5513 γέρας

2422 5535 2687 5601 ἀνάλογον
2717 5535 2886 5603 ἔχειν,
2920 5535 3014 5585 καὶ
3046 5532 3225 5596 θείους
3265 5531 3404 5586 εῖναι
3439 5537 3566 5592 τοὺς
3612 5535 3857 5600 ἀγῶνας,
3910 5533 4006 5586 καὶ

2420 5625 2555 5678 Θεὸν
2574 5627 2684 5688 τοῖς
2711 5625 2976 5695 ἀθληταῖς
3014 5624 3077 5678 οὑ
3106 5625 3266 5694 μόνον
3293 5625 3560 5693 ἀλείπτην
3583 5620 3724 5677 εἶναι
3760 5625 3860 5677 καὶ
3890 5621 4000 5675 τῶν

799 5830 846 5862 ⁸³
875 5827 1037 5884 Joan.
1074 5827 1266 5901 tn._6.
1349 5828 1396 5862 ⁸⁹
1446 5827 1689 5901 Philipp.
1727 5847 1811 5897 tu,
1854 5829 1909 5884 9.
1983 5827 2081 5882 "l
2144 5829 2271 5887 Cor.
2322 5847 2412 5898 xv,
2463 5830 2649 5887 50-55.
2727 5832 2771 5864 "
2809 5833 2970 5888 Joan.
3027 5847 3146 5900 vui,
3197 5832 3288 5889 56.
3365 5832 3412 5864 "
3454 5831 3712 5888 lbid.56.
3788 5832 4007 5893 "Psal.

724 5916 917 5968 sunt,
957 5902 1012 5956 5.
1089 5899 1137 5933 ⁸⁸
1169 5897 1307 5956 Gen.
1359 5916 1456 5967 ιιι,
1484 5901 1539 5956 3.
