4262 6460
293 439 401 504 631

1360 439 1457 498 DE
1488 439 1662 500 VITA
1694 437 1771 496 IN
1813 439 2148 503 CIIRISTO
2196 447 2339 508 LIB.
2377 448 2466 506 ιν.

3453 456 3563 518 6'23

296 557 518 625 ἀληθῶς
571 555 902 625 βασιλεύειν,
971 555 1060 608 ὅτε
1125 556 1224 623 τὴν
1283 555 1421 608 κατά
1483 555 1575 606 τὸν
1627 554 1958 622 λογισμονΑ

1876 563 1958 615 νΔ
1998 572 2246 624 regnare,
2308 557 2524 625 quando
2564 555 2842 610 arbitrium
2884 559 3130 621 rationis,
3181 569 3233 614 et
3266 562 3559 616 voluntati:

297 649 552 712 ἐξουσίαν
594 649 686 698 καὶ
713 648 812 715 τῆν
843 646 941 712 τῆς
993 645 1220 713 γνώμης
1280 643 1633 711 αὐτονομίαν,
1670 643 1706 694 ἃ
1741 647 1882 694 ποιεῖ

297 739 388 792 τδν
423 739 743 806 ἄνθρωπον,
774 737 1012 790 ἐνταῦθα
1044 737 1361 806 καταδήσας
1388 739 1482 788 καὶ
1522 737 1881 804 δουλωσάμε-

298 849 388 892 νος
407 833 638 900 ἤγαγεν,
672 831 811 899 ὑπὲρ
843 825 903 882 οῦ
935 831 1054 894 καὶ,
1095 849 1112 880 ι
1138 831 1326 898 Ἐδόοη
1355 849 1442 899 μοι
1463 832 1612 883 πᾶσα
1644 831 1879 895 ἐξουσία,

300 926 487 992 φησιν,
525 925 583 974 ἐν
623 924 842 992 οὐρανῷ
889 925 983 976 καὶ
1032 926 1123 977 ἐπὶ
1190 925 1287 992 τῆς
1338 924 1461 990 γῆς,
1504 941 1520 973 ι
1567 925 1641 985 ὡς
1704 923 1766 990 δή
1831 939 1883 973 τι

299 1017 490 1068 κιινὺν
518 1016 711 1067 παθὼν
741 1018 768 1066 6
798 1016 904 1084 πρὸ
928 1015 1033 1066 τῶν
1084 1015 1294 1067 αἰώνων
1320 1017 1413 1067 τοῦ
1450 1018 1656 1085 κόσμου
1686 1018 1885 1068 Δεσπό-

298 1126 424 1173 της.
460 1110 542 1160 ὅτι
580 1108 719 1178 μετὰ
750 1108 856 1159 τῶν
891 1109 948 1158 ἐν
971 1107 1183 1176 ούρανῷ
1234 1110 1382 1175 καὶὴ
1423 1110 1530 1160 τῶν
1578 1110 1884 1178 ἀνθρώπων

302 1203 466 1272 φύσις
498 1203 589 1252 τὸν
620 1201 798 1252 κοινδν
831 1202 1045 1266 ἐπέγνω
1096 1200 1387 1267 Δεσπότην.
1468 1202 1574 1255 Καὶ
1633 1202 1740 1268 μὴν
1794 1202 1888 1252 καὶ

299 1294 359 1344 τὸ
398 1293 494 1344 τοῦ
525 1291 691 1344 Δα6“ιδ
722 1294 922 1349 ἐκεῖνο,
958 1311 975 1342 ι
1039 1292 1420 1344 Ἐϐασίλευσεν
1470 1295 1495 1343 ὁ
1536 1292 1668 1350 Θεὸς
1705 1292 1795 1342 ἐπὶ
1822 1292 1888 1343 τὰ

301 1386 458 1452 ἔθνη,
507 1403 525 1434 ι
582 1384 786 1452 ταύτην
831 1385 978 1437 ἐστὶν
1014 1384 1394 1451 αἰνιττομένου
1452 1383 1549 1448 τὴν
1585 1383 1886 1451 βασιλείαν,

303 1479 429 1530 καθ’
457 1479 524 1547 ἣν
556 1479 623 1529 τὰ
651 1476 828 1545 ἐθνηοι
861 1475 1128 1546 σύσσωμα
1151 1476 1228 1543 τῷ
1262 1476 1474 1544 Σωτῆρι
1515 1476 1608 1526 καὶ
1644 1476 1886 1540 συμμέτ-

301 1589 404 1638 οχα
441 1589 458 1620 ι
503 1553 912 1636 Παῦλόςφησι.
943 1569 1032 1640 Τῷ
1062 1570 1170 1638 γὰρ
1212 1568 1356 1624 οὕτω
1385 1571 1498 1628 τοῖς
1540 1569 1762 1633 σώμασι
1799 1567 1888 1618 καὶ

301 1666 422 1724 ταῖς
457 1662 656 1730 ψυχαῖς
686 1659 946 1723 καθάπαξ
999 1661 1242 1728 ἡνῶσθαι
1286 1660 1347 1712 ού
1379 1660 1647 1727 σωμάτων
1707 1660 1888 1727 μόνον,

301 1755 446 1808 ἀλλὰ
484 1754 581 1805 καὶ
619 1753 830 1822 ψυχῶν,
863 1757 958 1805 καὶ
997 1753 1373 1822 προαιρέσεων
1413 1753 1652 1819 κατέστη
1682 1752 1888 1803 Δεσπόο

305 1864 430 1913 της,
470 1848 565 1898 καὶ
589 1849 781 1916 κρατεί
809 1848 908 1914 τὴν
936 1847 1008 1906 ὡς
1041 1844 1258 1912 ἀληθῶς
1293 1845 1544 1911 αὐτάρκη
1599 1843 1693 1896 καὶ
1726 1843 1893 1894 καθα-

1994 648 2321 710 libertatent,
2368 664 2484 716 qua:
2540 650 2811 702 hominem
2878 650 3104 711 faciunt,
3145 653 3230 704 ltic
3290 655 3462 705 vinxit
3511 667 3564 708 ct

1993 740 2216 792 subacta
2256 741 2427 793 duxit.
2480 740 2636 803 llint‘,
2675 761 2691 790 ι
2740 740 2868 792 Data
2918 754 2998 797 est
3031 744 3160 796 mihi
3198 746 3378 796 omnis
3414 756 3564 812 pote-

1993 839 2127 887 Stas,
2162 830 2354 898 iuqttit,
2397 831 2447 881 iu
2499 831 2638 883 (uelo
2672 839 2724 882 et
2773 834 2820 883 in
2864 833 3090 899 terra';
3129 852 3144 882 ι
3184 834 3324 885 velut
3367 849 3563 884 novum

1993 921 2244 986 quiddam
2275 923 2376 974 sibi
2407 925 2694 975 accidisset
2720 934 2842 977 ante
2872 926 3066 977 smeula
3099 927 3281 977 mundi
3307 925 3562 986 Domino,

1991 1016 2248 1079 qn'zniam
2299 1030 2420 1066 eum
2477 1016 2793 1068 t'mlestihus
2856 1020 3018 1069 etiam
3073 1017 3310 1069 humana
3370 1028 3563 1068 natura

1992 1121 2337 1157 communem
2385 1105 2669 1158 Dominum
2706 1109 2948 1173 agnovit.
2981 1108 3119 1172 Quin
3152 1119 3204 1161 et
3239 1110 3366 1160 illud
3412 1110 3566 1159 Davi-

1991 1200 2072 1251 dis
2112 1216 2122 1249 :
2159 1217 2176 1247 ι
2211 1199 2473 1264 Regnabit
2517 1198 2654 1250 llens
2679 1216 2841 1277 super
2863 1211 3048 1267 gentes
3076 1201 3117 1260 ⁸,
3155 1219 3171 1250 ι
3212 1202 3309 1252 hoe
3337 1216 3560 1268 regnum

1991 1290 2186 1351 iunttit,
2226 1291 2522 1341 secundum
2551 1290 2692 1354 quod
2725 1298 2914 1356 gentes
2949 1292 3369 1358 coneorporales
3415 1303 3561 1355 sont,

1987 1389 2041 1431 et
2075 1379 2508 1445 compat'tioipes,
2558 1389 2618 1429 ut
2657 1378 2860 1430 Paulus
2891 1380 3032 1430 ait’.
3077 1379 3206 1429 Nam
3249 1381 3392 1448 quod
3439 1396 3563 1432 eor-

1989 1458 2294 1536 poribus'et
2326 1472 2613 1526 animabus
2655 1475 2814 1525 simul
2849 1481 2900 1528 et
2933 1475 3099 1526 semel
3128 1474 3196 1524 ita
3233 1474 3420 1524 unitus
3456 1481 3560 1532 est,

1991 1559 2093 1611 hoc
2128 1575 2230 1608 non
2260 1574 2545 1624 corporum
2597 1562 2784 1618 modo.
2834 1560 2928 1614 sed
2987 1563 3292 1612 animarum
3346 1574 3564 1626 quoque

1990 1655 2045 1700 et
2072 1648 2410 1701 voluntatum
2449 1648 2559 1700 Dou
2587 1652 2736 1703 inum
2763 1652 2907 1714 feeit,
2945 1653 3262 1719 obtinetque
3294 1666 3418 1704 vere
3450 1651 3565 1702 sul-

1993 1739 2183 1793 ﬁciens
2220 1751 2273 1793 et
2307 1740 2576 1806 integrum
2612 1758 2858 1808 regnum,
2895 1746 3009 1812 ipse
3046 1745 3175 1798 illud
3203 1758 3297 1810 per
3326 1759 3385 1797 se
3422 1744 3564 1797 sicut

1992 1830 2171 1881 anima
2231 1845 2448 1896 corpus,
2504 1841 2556 1882 et
2604 1836 2843 1887 membra
2897 1838 3227 1904 gubernans.
3280 1835 3563 1904 Regnator

306 1938 410 2005 ράν
435 1903 742 2004 βασιλείαν,
776 1936 937 1996 αὐτὸς
971 1936 1119 2002 ἄγων
1139 1934 1207 1986 δι’
1239 1935 1433 1987 ἐαυτοῦ
1466 1935 1721 2003 καθάπερ
1748 1933 1891 2003 ψυχὴ
1931 1903 1967 1955 Β

1878 1951 1891 2003 1
1931 1903 1967 1955 Β
1990 1925 2157 1985 enim,
2183 1924 2275 1991 qui
2307 1925 2406 1976 hoc
2428 1925 2616 1991 jugum
2652 1929 3124 1991 compleCIeItdunt
3152 1929 3561 1991 existimarunt,

305 2031 470 2097 σῶμα
496 2030 589 2081 καὶ
640 2028 782 2097 μέλη
812 2028 1046 2096 κεφαλή.
1093 2027 1352 2094 Ἀγονται
1396 2028 1502 2097 γὰρ
1555 2029 1603 2079 οἳ
1644 2030 1892 2096 στέργειν

300 2124 399 2175 τὸν
431 2124 598 2189 ζυγὸν
625 2122 886 2194 ᾠήθησαν
907 2122 1116 2182 τοῦτον,
1184 2121 1374 2189 ὥσπερ
1407 2123 1506 2173 οὐκ
1568 2121 1721 2173 αὐτοὶ
1751 2121 1893 2190 λόγῳ

304 2214 612 2277 συζῶντες,
644 2213 767 2264 ούδέ
831 2212 1208 2282 προαιρέσεως
1271 2212 1522 2269 συνόντες
1571 2208 1890 2277 αὐτονομίᾳ.

307 2325 328 2356 ‹
373 2305 676 2373 Κτηνώδής
705 2305 837 2374 γὰρ,
873 2305 1063 2373 φησὶν,
1094 2303 1364 2373 ἐγενόμην
1407 2304 1555 2371 παρᾶ
1613 2305 1715 2362 σοι,
1747 2321 1764 2352 ι
1799 2302 1894 2352 καὶ

299 2399 471 2450 τοῦτό
505 2402 624 2451 ἐστι
679 2398 777 2464 τὴν
804 2398 989 2466 ψυχήν
1033 2414 1153 2448 τινα
1187 2397 1510 2466 τὴνέαυτοῦ
1549 2397 1776 2464 μισῆσαι
1802 2398 1893 2445 καὶ

299 2492 577 2540 ἀπολέσαι
606 2490 698 2541 καὶ
727 2489 797 2541 δι’
824 2485 898 2541 ῶν
927 2489 1192 2542 ἀπόλλυσι
1258 2488 1450 2549 σῶσαι,
1505 2490 1634 2540 ὅταν
1665 2488 1837 2550 οὓτως
1859 2490 1891 2556 ἡ

299 2583 472 2649 καινὴ
505 2584 757 2652 κρατήσῃ
790 2581 990 2643 κτίσις,
1017 2581 1110 2632 καὶ
1143 2582 1170 2631 6
1207 2581 1388 2642 καινὸς
1409 2581 1576 2649 ’Λδὰμ
1609 2582 1896 2633 παντάπα-

300 2692 394 2725 σιν
419 2674 719 2742 ἀποκρύψῃ
742 2676 834 2724 τὸν
862 2673 1117 2736 παλαιὸν,
1153 2674 1245 2725 καὶ
1278 2673 1401 2724 οὔτε
1436 2674 1741 2740 γεννήσεως
1770 2672 1893 2724 οὔτε

298 2765 454 2832 ζωῆς
490 2765 613 2816 οὕτε
642 2759 901 2831 τελευτῆς
933 2765 1088 2817 οὐδὲν
1127 2767 1223 2833 τῆς
1278 2767 1514 2828 παλαιᾶς
1571 2768 1893 2836 περιλειφθῇ

298 2861 511 2928 ζύμης-

379 2952 491 3002 Kal.
523 2951 629 3017 γὰρ
656 2949 731 3018 τῷ
759 2949 970 3017 παλαιῷ
1012 2950 1112 3017 μὲν
1137 2951 1243 3002 ἀπὸ
1280 2954 1378 3020 τῆς
1410 2952 1511 3020 γῆς
1554 2952 1784 3019 συνέστη
1837 2953 1897 3002 τδ

300 3044 494 3109 σῶμα,
522 3044 550 3093 6
589 3042 644 3093 δέ
680 3043 796 3104 νέος
833 3044 899 3094 ἐκ
932 3043 1090 3105 Θεοῦ,
1124 3044 1314 3112 φησὶν,
1345 3046 1636 3111 ἐγεννήθη,
1667 3045 1762 3095 καὶ
1795 3043 1896 3108 τῆς

299 3136 454 3202 ζωῆς
481 3134 540 3185 δὲ
589 3135 862 3203 ἑκατέρας
913 3137 945 3203 ἡ
980 3135 1230 3204 τράπεζα
1283 3136 1576 3205 μαρτύρων
1633 3136 1894 3204 ἑκατέρα·

1990 2020 2148 2086 quasi
2184 2034 2285 2070 non
2319 2033 2439 2072 CUIII
2492 2037 2588 2072 sua
2642 2033 2850 2074 retlone
2919 2025 3184 2076 viverent.
3227 2038 3323 2073 nec
3381 2021 3567 2072 volun-

1997 2116 2106 2160 tate
2155 2109 2322 2160 libera
2376 2121 2678 2164 uterentur.
2718 2114 2804 2166 Mt
2836 2116 2979 2167 enim
3032 2134 3044 2170 :
3100 2136 3118 2167 ι
3173 2116 3570 2188 Utjumentum

1997 2199 2170 2252 laetus
2201 2217 2318 2253 sum
2351 2204 2490 2267 apud
2515 2212 2565 2256 te
2588 2205 2653 2257 ‘°.
2698 2223 2714 2254 ι
2749 2206 2812 2258 Et
2847 2207 2949 2259 hoe
2982 2219 3062 2261 est
3100 2210 3334 2278 aliquem
3368 2214 3572 2278 odisse,

1996 2302 2047 2344 et
2083 2294 2304 2359 perdere
2344 2297 2582 2347 animant
2635 2312 2811 2359 suam,
2846 2307 2898 2350 et
2932 2301 3057 2367 quia
3087 2302 3288 2368 perdit,
3328 2319 3571 2366 servare,

1997 2385 2216 2452 quando
2276 2386 2350 2437 ita
2413 2387 2688 2439 dominata
2748 2389 2913 2441 fuerit
2996 2408 3131 2444 nova
3197 2404 3470 2460 creatura,
3522 2405 3577 2449 et

1999 2493 2172 2528 novus
2196 2477 2365 2531 Adam
2388 2479 2722 2532 omnimodis
2755 2493 2989 2535 Veterem
3025 2488 3378 2553 oppresserit,
3411 2490 3575 2543 nihil-

1998 2583 2102 2634 que
2152 2570 2541 2636 g'nerationis,
2602 2572 2734 2624 nihil
2777 2572 2922 2636 vitae,
2979 2576 3113 2630 nihil
3163 2580 3379 2644 mortis,
3436 2581 3572 2635 nihil

2000 2661 2198 2712 Veteris
2231 2661 2482 2712 fermenti
2512 2661 2760 2714 reliCtuut
2801 2661 2988 2716 fuerit.

2073 2929 2284 2984 Etenim
2340 2944 2509 2986 veteri
2571 2933 2793 3000 quidem
2849 2934 3061 2989 Adamo
3108 2944 3321 2990 eterra
3376 2953 3578 3006 corpus

1999 3039 2441 3096 coagmentatum
2492 3039 2616 3094 est;
2665 3045 2838 3082 novus
2885 3043 3065 3083 autem
3119 3045 3182 3084 ex
3219 3032 3345 3094 Deo,
3383 3034 3577 3101 inquit,

2000 3133 2158 3173 natus
2205 3132 2304 3184 est,
2353 3125 2640 3191 utriusque
2683 3125 2808 3176 vitae
2852 3133 3082 3191 utraque
3110 3139 3296 3178 mensa
3332 3127 3581 3178 testimo-

298 3227 407 3294 τὴν
441 3227 542 3293 μὲν
571 3227 680 3294 γὰρ
707 3226 912 3295 ἀνῆκεν
953 3227 985 3293 ή
1017 3225 1116 3293 γῆ,
1157 3226 1248 3276 τον
1291 3226 1348 3276 δέ
1390 3228 1576 3278 καινὸν
1611 3226 1897 3295 ἄνθρωπον
1928 3245 1969 3300 c

1894 3245 1969 3300 ,ϐ
2007 3213 2158 3264 nium
2209 3221 2315 3266 est.
2360 3211 2511 3265 Illam
2547 3212 2767 3281 quidem
2818 3213 2977 3266 tellus
3029 3214 3334 3277 submittit;
3378 3230 3577 3268 novum

296 3323 326 3372 6
359 3319 690 3390 ἐπουράνιος
727 3319 837 3371 ἀπὸ
869 3319 978 3371 τῶν
1026 3320 1245 3372 οἰκείων
1277 3320 1467 3386 τρέφει
1523 3321 1761 3388 σαρκῶν.
1795 3322 1894 3372 Διὰ

297 3411 483 3463 ταῦτα
523 3411 616 3461 καὶ
639 3409 967 3469 ἀναλύοντες
997 3408 1025 3460 6
1061 3407 1160 3475 μὲν
1182 3408 1262 3468 είς
1286 3409 1384 3474 τήν
1426 3407 1528 3474 γῆν
1566 3409 1893 3476 ἐπανῆλθεν,

298 3504 362 3568 ἐξ
412 3495 480 3571 ἦς
516 3500 813 3569 προῆλθεν,
859 3501 886 3551 6
935 3499 990 3550 δέ
1024 3499 1105 3560 είς
1153 3499 1246 3550 τὸν
1295 3498 1532 3566 Χριστὸν
1588 3499 1892 3567 ἐχώρησεν,

299 3596 430 3650 ὅθεν
460 3595 698 3663 ἐλήφθη,
729 3593 826 3665 και)
847 3593 914 3660 τῇ
939 3590 1033 3644 τοῦ
1068 3590 1492 3658 προενεγκόντος
1519 3591 1659 3660 ἀρχῇ
1694 3592 1896 3644 κατάλ-

300 3687 470 3754 ληλον
515 3686 782 3752 ἑκάτερος
809 3685 1047 3735 ποιεῖται
1087 3681 1186 3752 τὴν
1217 3681 1496 3750 τελευτήν·
1554 3700 1572 3732 ι
1610 3678 1737 3744 υἷος
1762 3683 1891 3754 γὰρ,

303 3777 503 3847 φησιν,
559 3776 586 3827 6
613 3775 821 3844 χοῖκὸς,
876 3771 1112 3826 τοιοῦτοι
1146 3774 1240 3824 καὶ
1273 3773 1322 3826 οἱ
1360 3773 1556 3840 χοϊκοί,
1609 3776 1705 3825 καὶ
1734 3769 1843 3836 οἷος
1868 3777 1895 3826 6

302 3867 662 3934 ἐπουράνιος,
688 3863 922 3916 τοιοῦτοι
955 3865 1049 3915 καὶ
1082 3864 1130 3914 οί
1165 3864 1499 3932 ἐπουράνιοι,
1534 3882 1551 3913 ι
1588 3865 1683 3916 καὶ
1709 3867 1767 3917 οὐ
1797 3867 1896 3933 τῆς

301 3964 491 4031 ψυχῆς
531 3959 697 4010 ἕνεκα
732 3957 918 4026 μόνον,
943 3955 1081 4008 ἀλλὰ
1112 3957 1209 4008 καὶ
1251 3955 1346 4007 τοῦ
1396 3956 1649 4025 σώματος
1705 3957 1891 4009 αὑτοῦ.

305 4057 422 4107 Καὶ
449 4052 584 4104 αὐτὸ
638 4051 750 4118 γὰρ
785 4049 1140 4117 ἐπουράνιον,
1197 4048 1447 4116 καθάπερ
1493 4051 1553 4100 τὸ
1615 4049 1896 4116 συναμφό-

302 4162 471 4215 τερον
506 4144 624 4194 ἐκεῖ
655 4142 864 4209 χοῖκόνο
901 4141 935 4208 ἦ
968 4156 1024 4192 τε
1055 4141 1162 4209 γὰρ
1190 4138 1337 4208 ψυχὴ
1391 4143 1506 4200 τὰς.
1541 4142 1727 4208 χεῖρας
1759 4142 1898 4192 οἰκεῖ

302 4238 403 4290 τοῦ
440 4236 776 4302 ἐπουρανίου
814 4235 875 4285 τό
907 4249 967 4284 τε
1001 4232 1163 4300 σῶμα
1193 4233 1356 4301 μέλος
1403 4232 1633 4294 ἐκείνου,
1673 4235 1767 4285 καὶ
1791 4233 1895 4298 (Lu-

305 4333 418 4401 χῆς
451 4331 552 4398 μὲν
583 4328 645 4380 οὐ
678 4327 926 4396 μετέχει,
955 4325 1051 4376 τοῦ
1079 4327 1133 4377 δὲ
1158 4324 1361 4387 ζῶντος
1398 4326 1707 4394 πνεύματος
1737 4326 1897 4396 γέμει

307 4425 408 4476 καὶ
437 4423 504 4490 ζῇ
539 4419 676 4490 μετὰ
712 4421 814 4485 τὴν
834 4416 1095 4485 τελευτήν
1119 4417 1215 4483 τῆς
1237 4418 1511 4487 προτέρας
1553 4419 1694 4487 ζωῆς
1716 4419 1825 4470 οὐδ’
1846 4420 1900 4470 ὃ-

306 4533 405 4568 σον
446 4515 626 4564 εἰπεῖν
660 4509 890 4573 καλλίω,
921 4509 1046 4560 ἐπεὶ
1098 4507 1222 4576 μηδ’
1249 4508 1526 4559 ἀπέθανεν
1555 4508 1770 4574 ἀληθῶς
1801 4508 1900 4574 τὴν

2005 3316 2184 3356 autem
2235 3304 2511 3357 hominem
2547 3305 2785 3359 coclesus
2819 3306 2886 3360 de
2921 3322 3017 3360 sua
3047 3321 3211 3361 carne
3246 3308 3362 3361 alit.
3399 3308 3582 3375 Quare

2003 3404 2057 3447 et
2110 3410 2233 3448 cum
2284 3395 2682 3460 dissolvuntur,
2737 3397 2826 3450 ille
2862 3398 2915 3450 iit
2955 3407 3155 3452 terram
3185 3400 3344 3462 redit,
3373 3416 3437 3455 ex
3474 3419 3580 3471 qua

2006 3491 2205 3560 prodiit
2240 3509 2253 3545 :
2284 3489 2374 3543 hic
2421 3491 2486 3542 ad
2537 3491 2816 3544 Christum
2866 3491 3034 3556 vadit,
3087 3496 3229 3546 unde
3267 3509 3583 3566 assumptus

2005 3590 2109 3644 est,
2157 3590 2210 3634 et
2253 3591 2482 3648 uterque
2523 3579 2776 3647 dignitati
2829 3580 3105 3636 eﬂectoris
3139 3585 3224 3637 sui
3256 3586 3414 3641 ﬁnem
3449 3603 3584 3642 con-

2005 3685 2200 3738 gruum
2301 3669 2450 3722 facit.
2493 3687 2510 3719 ι
2567 3671 2756 3734 Qualis
2827 3673 2972 3724 enim
3058 3673 3256 3749 inquit,
3313 3685 3584 3744 terrenus,

2005 3763 2140 3815 tales
2181 3769 2234 3813 et
2285 3763 2509 3822 terreni,
2567 3772 2619 3814 et
2651 3762 2828 3829 qualis
2852 3762 3113 3826 cmlestis,
3155 3767 3290 3818 tales
3331 3777 3383 3821 et
3422 3769 3587 3823 caele-

2007 3853 2228 3917 stes“;
2267 3870 2286 3902 ι
2326 3867 2425 3904 nec
2469 3862 2693 3920 propter
2725 3853 2965 3906 animant
3011 3864 3246 3918 tantum,
3280 3859 3373 3911 sed
3419 3861 3583 3915 etiam

2007 3955 2226 4012 propter
2255 3958 2452 4011 corpus
2478 3944 2692 4011 ipsum;
2729 3958 2854 3997 nam
2887 3956 2941 4000 et
2971 3947 3148 4014 ipsum
3183 3949 3425 4016 caeleste,
3458 3968 3587 4021 quo-

2006 4042 2167 4089 modo
2216 4047 2507 4103 utrumque
2570 4037 2644 4090 ibi
2703 4037 2868 4090 simul
2921 4049 3218 4094 terrenum.
3279 4042 3343 4096 Et
3399 4046 3584 4099 anima

2006 4130 2207 4195 quippe
2259 4129 2310 4180 in
2345 4129 2595 4180 manibus
2629 4129 2841 4182 habitat
2884 4131 3147 4196 cmlestis,
3179 4140 3236 4186 et
3266 4149 3467 4204 corpus
3504 4151 3587 4194 est

2008 4225 2311 4276 membrum
2347 4223 2511 4277 illius.
2551 4223 2614 4276 Et
2640 4226 2879 4279 animam
2913 4228 3132 4296 quidem
3167 4246 3272 4283 nott
3309 4232 3492 4296 habet,
3529 4245 3587 4287 at

2006 4319 2199 4384 Spiritu
2241 4318 2470 4371 viventis
2515 4319 2734 4386 plenum
2776 4330 2893 4386 est;
2937 4329 2990 4374 et
3040 4333 3165 4391 post
3198 4326 3355 4378 liuent
3388 4329 3584 4395 prioris

2008 4409 2129 4461 vitae
2188 4408 2398 4463 felicius
2443 4410 2577 4462 vivnt
2615 4428 2778 4481 quant
2821 4413 2927 4466 dici
2958 4418 3155 4482 possit;
3190 4417 3458 4482 siquidem
3487 4435 3588 4474 nec

2010 4517 2134 4555 vere
2187 4514 2462 4556 mortuum
2519 4514 2602 4558 est
2653 4507 2897 4558 omnino.
2958 4510 3046 4559 Ait
3100 4509 3246 4562 enim
3298 4510 3584 4576 Salomon,

303 4607 513 4674 ἀρχήν*
550 4621 567 4653 ι
592 4599 823 4665 Ἕδοξαν
846 4599 978 4668 γὰρ,
1003 4600 1136 4666 φησὶ
1157 4597 1432 4666 Σολομὼν,
1461 4599 1734 4663 τεθνάναι,
1765 4618 1782 4648 ι
1808 4601 1900 4652 καὶ
1933 4603 1979 4661 ι)

1933 4603 1979 4661 ι)
2011 4613 2030 4645 ι
2071 4594 2184 4650 Visi
2237 4608 2364 4650 sunt
2401 4598 2563 4660 mori,
2601 4615 2619 4647 ι
2659 4613 2758 4651 nec
2807 4599 2859 4651 id
2901 4601 3260 4667 sapientibus,
3315 4606 3407 4656 sed
3447 4623 3465 4654 ι
3503 4607 3586 4659 iu-

302 4699 368 4749 οὐ
406 4698 522 4756 τοῖς
554 4692 615 4745 εὖ
644 4692 957 4761 φρονοῦσιν,
983 4710 1002 4742 ι
1027 4691 1142 4742 ἀλλ’
1169 4691 1226 4742 ἐν
1251 4690 1502 4759 ἀφρόνων
1529 4690 1849 4759 ὀφθαλμοῖς.
1879 4708 1896 4741 ι

306 4791 592 4857 Καθάπερ
625 4787 726 4855 γὰρ
763 4807 780 4834 ι
805 4787 833 4836 6
855 4783 1091 4853 Χριστὸς
1119 4783 1367 4851 ἐγερθεὶς
1391 4786 1454 4834 ἐκ
1484 4781 1693 4851 νεκρῶν
1721 4783 1904 4834 οὐκέτι

306 4877 929 4948 ἀποθνήσκει,θάνατος
960 4873 1126 4926 αὐτοῦ
1167 4874 1352 4924 οὐκέτι
1388 4873 1659 4940 κυριεύει,
1703 4892 1720 4924 ι
1764 4872 1908 4925 οὓτω

305 4974 379 5024 τα
409 4969 654 5037 Χριστοῦ
696 4968 834 5038 μέλη
871 4966 1104 5018 θάνατον
1152 4965 1212 5015 οὐ
1256 4967 1331 5032 μή
1377 4963 1636 5033 θεωρήσῃ
1676 4966 1754 5026 είς
1815 4965 1908 5015 τὸν

308 5066 516 5118 αἰῶναο
560 5061 676 5122 πῶς
702 5061 811 5127 γὰρ
841 5058 907 5110 ἂν
932 5056 1190 5123 γεύσαιτο
1222 5055 1454 5108 θανάτου
1481 5055 1580 5124 τῆς
1617 5055 1796 5124 ζώσης
1822 5056 1911 5107 ἀεὶ

308 5155 546 5224 καρδίας
584 5152 937 5220 ἐξηρτημένα
967 5165 982 5214 ;

391 5249 458 5302 El
491 5247 548 5298 δὲ
573 5245 723 5305 κόνις
756 5245 816 5293 τὸ
845 5241 1128 5311 ὁρώμενον
1157 5239 1252 5291 καὶ
1289 5239 1453 5292 πλέον
1496 5239 1668 5301 οὐδὲν,
1699 5240 1759 5290 οὐ
1803 5238 1907 5308 χρὴ

310 5337 652 5408 θαυμάζειν.
709 5335 771 5386 ’0
808 5335 908 5403 μὲν
959 5333 1069 5400 γὰρ
1121 5331 1352 5393 πλοῦτος
1410 5331 1576 5384 ἔνδον·
1618 5348 1637 5381 ι
1697 5332 1760 5383 'H
1797 5331 1909 5400 ζωὴ

311 5435 454 5501 γὰρ,
501 5431 695 5498 φησὶν,
759 5424 916 5495 ὑμῶν
970 5427 1316 5492 κέκρυπται,
1348 5441 1367 5474 ι
1434 5423 1464 5474 6
1509 5422 1567 5474 δὲ
1637 5422 1909 5491 θησαυρὸς

315 5523 655 5595 ὀστρέκινον
678 5517 896 5578 σκεῦος.
936 5533 955 5567 ι
1005 5516 1244 5584 Ἐχομεν
1299 5514 1407 5581 γὰρ
1436 5514 1527 5567 τὸν
1560 5515 1791 5567 πλοῦτον
1850 5516 1908 5565 ἐν

312 5611 681 5684 ὀστρακίνοις
710 5609 953 5671 σκεύεσι,
989 5624 1007 5656 ι
1048 5606 1262 5667 Παῦλος
1319 5601 1492 5657 εἶπεν*
1540 5604 1661 5657 ὅθεν
1711 5601 1790 5666 οἷς
1843 5607 1911 5657 τὰ

400 5812 644 5869 ’Ma‘th.
695 5827 891 5872 xxviii,
937 5810 1024 5865 18.
1139 5809 1333 5865 ‘Psal.
1383 5825 1548 5867 XLVII.
1606 5813 1661 5863 9.
1775 5811 1793 5840 '

325 5889 377 5924 ι’
417 5886 556 5954 Sap.
601 5899 684 5945 nt,
715 5883 771 5937 ‘2.
855 5884 897 5913 ⁸³
927 5880 1088 5935 Rom.
1133 5896 1205 5945 vi,
1249 5883 1300 5934 9.
1384 5884 1426 5911 η
1458 5883 1669 5935 Coloss.
1729 5896 1809 5938 nt,

1852 5829 1888 5925 ‘-—.‘

1889 5809 2025 5864 ibes.
2075 5826 2152 5870 ιιι,
2198 5811 2251 5864 6.

1985 5883 2023 5910 ¹⁴⁵
2070 5883 2107 5933 ιι
2141 5881 2265 5935 Cor.
2303 5897 2377 5944 tv,
2413 5883 2461 5935 7.

2006 4688 2319 4755 sipientium
2351 4689 2527 4741 oculis
2549 4689 2619 4743 “.
2660 4708 2677 4740 ι
2702 4691 2859 4743 Sicut
2887 4694 3032 4743 enim
3075 4709 3092 4742 ι
3118 4694 3371 4747 Christus
3403 4712 3584 4750 resur-

2007 4794 2138 4846 gens
2160 4794 2226 4833 ex
2259 4781 2514 4841 mortuis,
2551 4781 2664 4847 jam
2701 4797 2811 4833 non
2842 4782 3097 4847 moritur,
3146 4799 3295 4837 mors
3336 4786 3413 4838 illi
3445 4789 3582 4840 ultra

2011 4885 2117 4922 non
2148 4871 2520 4923 dominabitur
2544 4871 2623 4924 ¹³;
2663 4888 2681 4921 ι
2717 4872 2797 4925 sic
2825 4873 3027 4926 Christi
3070 4877 3310 4929 membra
3354 4887 3584 4932 mortem

2012 4977 2117 5014 non
2149 4962 2410 5015 videbunt
2465 4963 2515 5014 in
2549 4973 2838 5016 aeternum.
2882 4964 3162 5028 Quomodo
3206 4969 3350 5020 enim
3399 4981 3588 5037 gusta-

2013 5064 2134 5107 reut
2168 5062 2422 5117 mortem,
2475 5070 2596 5123 qua;
2646 5070 2674 5108 a
2722 5057 2887 5109 corde
2935 5073 3151 5128 semper
3196 5059 3410 5115 vivente
3454 5078 3587 5131 pen-

2011 5145 2175 5198 deut?

2084 5237 2236 5301 Quod
2261 5237 2305 5292 si
2332 5239 2468 5292 nihil
2501 5248 2581 5292 est
2621 5251 2814 5308 praeter
2861 5241 3135 5310 pulverem
3172 5243 3315 5311 quod
3351 5244 3587 5308 videtur,

2012 5328 2147 5381 nihil
2175 5331 2411 5396 mirum;
2443 5331 2645 5384 divitia:
2668 5333 2812 5385 enim
2857 5343 2985 5387 sunt
3021 5336 3188 5388 intus.
3223 5353 3240 5385 ι
3286 5333 3404 5388 Vita
3440 5339 3585 5391 enim

2012 5431 2191 5475 vestra
2212 5421 2530 5475 abscondita
2567 5432 2650 5476 est
2679 5423 2749 5489 ’⁵,
2789 5443 2806 5475 ι
2845 5425 3044 5493 inquit.
3075 5425 3142 5478 Et
3183 5427 3475 5483 thesaurus
3505 5441 3589 5484 est

2016 5515 2069 5568 in
2096 5530 2222 5569 vase
2252 5515 2420 5568 ﬁctili.
2467 5532 2485 5564 ι
2523 5514 2794 5571 Habemus
2825 5520 2996 5582 enim,
3031 5519 3225 5588 inquit.
3269 5523 3583 5575 thesaurum

2020 5607 2165 5661 hunc
2198 5608 2249 5660 in
2275 5609 2419 5662 vasis
2449 5607 2710 5662 ﬁctilibus
2748 5609 2814 5661 ".
2850 5627 2866 5658 ι
2907 5609 3060 5666 Unde
3082 5611 3283 5679 quibus
3312 5627 3430 5680 qua:
3453 5611 3586 5668 foris

2359 5813 2401 5843 ¹⁰
2441 5813 2582 5869 Psal.
2639 5830 2824 5880 tum,
2855 5815 2945 5870 (τ’-2.
3061 5817 3147 5870 “l
3201 5816 3326 5871 Cor.
3378 5830 3466 5882 xv,
3496 5815 3590 5872 48.
