4262 6460
726 435 831 497 6‘33

1980 426 2286 487 NiCOiAi
2330 424 2417 482 CA
2433 426 2592 487 BASi
2612 428 2719 485 LJE

3860 397 3971 489 ea

723 557 851 604 sunt
879 557 1140 617 apparent
1188 554 1415 609 tantum,
1460 547 1532 599 illi
1560 548 1731 599 Iulum
1768 544 2147 598 tantummodo
2180 557 2301 595 εει-κ
2332 544 2373 597 Α

2288 571 2301 581 ς
2332 544 2373 597 Α
2407 540 2611 610 θύραζε
2644 544 2891 608 φαίνεται
2928 542 3107 609 μόναν,
3167 544 3193 594 δ
3224 542 3393 609 πηλὸς
3444 543 3511 596 ἂν
3576 540 3747 610 όρῷτο
3806 541 3971 609 Mch

725 651 899 701 num;
933 639 1188 693 Chrisms
1222 649 1401 690 autem
1437 653 1560 691 eum
1592 639 1925 705 apparuerit,
1969 636 2133 688 etiam
2186 635 2301 701 ipse

723 729 901 796 pultis
943 744 1039 781 sua
1072 727 1475 797 pulchritudine
1519 727 1853 795 conspicuus
1901 730 2025 789 erit,
2077 726 2300 794 quando

725 827 782 870 nt
819 819 1123 871 membrum
1159 818 1303 871 illius
1355 818 1588 886 fulguris
1616 818 2025 886 conspicietur,
2073 815 2302 867 et'sinti-

726 910 791 961 lis
821 909 926 962 erit
988 910 1112 973 soli,
1137 911 1363 977 parique
1393 909 1638 961 claritate
1680 910 2012 961 coruscahit.
2052 927 2068 957 ι
2111 907 2301 974 Fuige-

721 1002 857 1055 hunt
904 1002 1060 1069 justi,
1110 1003 1305 1071 inquit,
1357 1006 1495 1057 sicut
1538 1005 1617 1055 sol
1674 1004 1726 1055 in
1779 1018 1946 1069 regno
2000 1002 2173 1055 Patris
2204 1015 2297 1054 eo-

724 1111 843 1147 rum
882 1096 962 1159 ¹⁶;
994 1113 1012 1144 ι
1053 1110 1282 1163 regnum
1319 1094 1491 1148 Patris
1520 1110 1719 1147 vocans
1746 1095 1926 1147 radius
1962 1094 2078 1145 illos
2101 1094 2301 1162 quibus

723 1186 843 1253 ipse
879 1186 1172 1253 Splendens
1200 1187 1352 1239 visus
1391 1196 1475 1239 est
1507 1186 1793 1253 apostolis,
1854 1188 2029 1253 ipsum
2074 1200 2299 1255 regnum

723 1283 777 1327 ct
810 1275 952 1343 quod
1005 1276 1152 1328 venit
1206 1276 1260 1327 in
1326 1276 1544 1338 virtute,
1588 1276 1732 1329 sicut
1790 1276 1906 1343 ipse
1932 1276 2030 1336 ait,
2066 1276 2150 1328 his
2206 1274 2298 1341 qui

722 1381 848 1420 cum
894 1365 1170 1420 viderunt.
1207 1365 1513 1436 Fulgehunt
1545 1376 1725 1420 autem
1767 1378 1818 1420 et
1844 1368 1976 1435 justi
2007 1370 2060 1420 in
2097 1369 2184 1420 die
2210 1368 2301 1420 illo

724 1472 831 1509 una
871 1457 1119 1512 claritate
1170 1466 1224 1511 ct
1276 1460 1471 1525 gloria,
1528 1459 1612 1512 his
1652 1460 1869 1527 quidem
1930 1461 2296 1526 susceptione,

726 1550 844 1617 ipso
895 1561 1075 1603 autem
1158 1551 1657 1604 communicatione
1728 1552 2081 1606 micantibus.
2137 1552 2298 1607 Panis

726 1643 870 1695 enim
907 1642 1014 1703 hic,
1041 1657 1240 1709 corpus
1272 1642 1395 1704 hoc,
1425 1643 1568 1709 quod
1606 1642 1730 1694 hinc
1756 1641 1823 1693 ah
1853 1642 1951 1695 hac
1994 1657 2181 1695 menSa
2231 1657 2297 1694 eo

724 1742 1003 1803 portantes
1040 1733 1280 1791 venient,
1318 1732 1419 1783 hoc
1450 1741 1552 1791 est,
1592 1730 1735 1797 qttnd
1770 1746 1936 1797 super
1970 1731 2136 1783 nuhes
2169 1739 2299 1783 tunc

723 1826 973 1878 omnium
1016 1823 1189 1876 oculis
1236 1822 1626 1889 conspicietur.
1684 1823 1994 1889 orientique
2049 1832 2103 1874 et
2150 1819 2296 1875 occi-

722 1917 872 1972 denti
909 1917 1079 1970 instar
1112 1915 1363 1983 fulguris.
1397 1924 1599 1983 puncto
1625 1914 1904 1982 temporis,
1934 1913 2294 1981 pulchritudi-

723 2024 846 2061 nem
904 2022 1058 2061 suam
1116 2006 1535 2059 demonstrabit.
1582 2004 1717 2057 Cum
1759 2008 1857 2057 hoc
1903 2005 2057 2058 radio
2107 2007 2294 2057 vivunt

724 2100 923 2158 sancti,
968 2107 1016 2150 et
1047 2112 1077 2150 ιι
1118 2096 1354 2149 mortuis
1382 2094 1467 2148 lux
1515 2112 1619 2147 non
1653 2096 1891 2158 recedit;
1937 2097 2114 2147 lumen
2146 2096 2293 2148 enim

718 2194 886 2261 justis
923 2205 1136 2258 semper
1162 2189 1335 2252 adest,
1366 2198 1418 2243 et
1442 2187 1507 2241 ad
1539 2188 1705 2241 vitam
1744 2188 1891 2241 illam
1922 2189 2023 2242 hoc
2055 2187 2294 2241 illustra-

724 2283 761 2336 ti
796 2282 1139 2351 perveniunt,
1198 2293 1431 2346 quocum
1481 2293 1695 2347 semper
1747 2279 1985 2342 luerunt,
2047 2281 2111 2332 ad
2162 2279 2291 2332 illud

724 2387 854 2427 tunc
885 2383 1191 2429 currentes.
1229 2372 1385 2437 Quod
1418 2375 1563 2424 enim
1613 2372 1809 2441 cuique
1839 2382 1965 2425 tunc
2010 2388 2296 2442 resurgen-

725 2468 858 2519 tium
904 2464 1139 2526 eveniet,
1188 2471 1245 2516 ut
1277 2477 1423 2527 ossa,
1457 2472 1509 2516 et
1542 2472 1746 2531 partes,
1803 2473 1854 2517 et
1884 2464 2126 2517 membra
2169 2479 2293 2517 cum

725 2557 904 2625 capite
941 2556 1005 2607 ad
1040 2553 1403 2623 integritatem
1433 2556 1648 2621 ('Ot'pztt‘i
1687 2555 2063 2609 illustrandain
2096 2571 2295 2611 conve-

725 2649 898 2708 niant,
958 2648 1059 2699 hoc
1108 2645 1231 2698 item
1277 2643 1496 2698 Christo
1530 2644 1819 2708 Salvatori,
1873 2648 2147 2700 communi
2180 2663 2297 2701 om-

727 2742 879 2792 nium
913 2737 1073 2805 capiti
1107 2737 1407 2805 continget.
1445 2735 1659 2790 Etenim
1684 2754 1846 2806 super
1878 2740 2051 2792 nuhes
2082 2752 2292 2794 tantum

723 2846 1041 2893 coruscans,
1074 2831 1294 2897 propria
1331 2830 1691 2897 utnlecuuque
1752 2831 1990 2884 membra
2046 2834 2290 2901 recipiet,

726 2925 870 2977 Deus
928 2923 980 2991 in
1041 2921 1221 2974 medio
1271 2922 1523 2984 deorum,
1588 2922 1871 2989 speciosus
1920 2924 2294 2991 Speciosorum

719 3017 956 3085 agminis
984 3016 1324 3086 coryphaeus.
1364 3013 1426 3066 Et
1459 3015 1918 3083 quemadmodum
1946 3030 2108 3070 onera
2132 3019 2293 3081 elata,

718 3110 955 3164 vinculis
988 3107 1370 3161 ruhihentihus
1402 3108 1639 3175 diruptis
1662 3148 1676 3171 ,
1710 3109 1761 3159 in
1809 3117 2007 3161 terram
2044 3110 2293 3173 tendunt,

2405 633 2495 683 τοῦ
2524 634 2761 699 Χριστοῦ
2794 634 3210 700 διαδειχθέντος,
3248 635 3341 685 καὶ
3367 636 3397 699 ή
3437 635 3585 694 κόνις
3611 633 3749 701 αὓτη
3802 634 3862 684 τὸ
3885 638 3966 684 οἱ-

2404 724 2548 771 κείον
2582 721 2908 785 ἐπιδείξεται
2952 723 3164 784 κάλλος.
3197 723 3284 775 ὅτε
3310 724 3408 791 τῆς
3438 724 3724 791 ἀστραπῆς
3750 723 3969 788 ἐκείνης

2407 812 2565 878 μέλος
2594 813 2725 866 οὖσα
2756 817 3005 882 φανεῖται
3036 818 3129 866 καὶ
3159 818 3538 883 προσαρμόσει
3594 815 3674 883 τῷ
3710 815 3843 883 ἡλίῳ
3873 817 3971 867 καὶ

2401 900 2500 967 τὴν
2529 904 2722 953 ἀκτῖνα
2753 904 2935 971 κόινὴν
2956 906 3174 971 ἀφήσει.
3215 922 3232 954 ι
3267 905 3555 973 Λάμψουσι
3606 910 3735 971 γὰρ.
3780 907 3968 971 φησὶν,

2403 995 2451 1043 οἱ
2476 992 2673 1044 δίκαιοι
2696 995 2769 1055 ὠς
2802 996 2830 1045 ὁ
2868 995 3014 1063 ἥλιος
3081 998 3137 1046 ἐν
3190 1000 3255 1065 τῇ
3293 996 3543 1065 βασιλεία
3605 996 3697 1047 τοῦ
3755 998 3972 1063 Πατρός

2403 1082 2605 1140 αὐτῶν.
2650 1101 2667 1131 ι
2704 1083 2986 1150 βασιλείαν
3029 1084 3121 1135 τοῦ
3153 1085 3364 1153 [ἰατρὸς
3396 1086 3495 1153 τὴν
3532 1087 3724 1138 ἀκτῖνα
3786 1086 3971 1137 καλῶν

2402 1173 2639 1242 ἐκείιην,
2679 1174 2884 1243 καθ’ἥν
2912 1175 3067 1243 ὤφθη
3104 1176 3201 1243 μὲν
3233 1176 3397 1237 αὐτὸς
3423 1177 3658 1244 λάμπων
3695 1180 3808 1239 τοῖς
3834 1180 3972 1229 ἀπο-

2404 1264 2633 1325 στόλοις,
2659 1265 2831 1334 αὐτὴν
2871 1264 2969 1333 τὴν
3032 1263 3312 1331 βασιλείαν
3370 1265 3465 1316 τοῦ
3497 1266 3655 1324 Θεοῦ.
3714 1267 3970 1333 καθάπερ

2401 1356 2561 1417 αὐτός
2591 1373 2777 1424 φησιν,
2810 1355 3132 1423 ἐληλυθυῖαν
3176 1360 3234 1407 ἐν
3294 1357 3522 1425 δυνάμει
3571 1357 3921 1427 τεθεαμένοις
3950 1374 3964 1387 ·

2400 1446 2672 1513 λάμψουσι
2700 1447 2753 1499 δὲ
2775 1448 2865 1499 καὶ
2902 1448 2951 1498 οἱ
2980 1447 3178 1499 δίκαιοι
3214 1448 3307 1500 ἐπὶ
3335 1449 3433 1516 τῆς
3490 1428 3706 1518 ἡμέρας
3747 1452 3969 1518 ἐκείνης

2403 1528 2534 1607 μίαν
2565 1538 2927 1606 λαμπρότητα
2962 1538 3055 1590 καὶ
3083 1538 3262 1603 δόξαν,
3292 1539 3401 1590 τῶν
3444 1540 3543 1607 μὲν
3580 1540 3658 1609 τῷ
3688 1541 3967 1607 δέχεσθαι,

2400 1628 2492 1682 τοῦ
2522 1629 2577 1681 δὲ
2620 1630 2696 1693 τῷ
2734 1631 2971 1683 διαδόναι
3034 1630 3495 1699 φαιδρυνομένων.
3564 1632 3622 1681 ’0
3650 1634 3757 1701 γὰρ
3805 1634 3971 1698 ἄρτος

2400 1712 2575 1780 οὗτος,
2601 1720 2659 1770 τὸ
2696 1720 2855 1785 σῶμα
2884 1718 3062 1783 τοῦτο,
3100 1720 3239 1789 ὅπερ
3280 1720 3536 1795 ,ἐνθένὸεν
3573 1722 3680 1774 ἀπὸ
3718 1722 3812 1789 τῆς
3836 1741 3974 1790 τρι-

2402 1810 2571 1877 πέζης
2612 1810 2811 1878 ταύτης
2843 1812 2959 1862 ἐκεῖ
2996 1810 3317 1875 κομίζοντες
3364 1811 3574 1878 ἥξουσι,
3635 1812 3792 1866 τοῦτό
3819 1818 3971 1867 ἐστιν

2395 1901 2529 1967 ὅπερ
2557 1901 2772 1951 ἐπὶτῶν
2796 1900 3033 1967 νεφελῶν
3054 1900 3171 1952 τότε
3190 1904 3432 1967 φανεῗται
3470 1904 3630 1954 πᾶσιν
3645 1904 3971 1973 ὀφθαλμοῖς,

2396 1992 2489 2045 καὶ
2514 1992 2673 2055 δείξει
2705 1992 2800 2060 τὴν
2832 1990 2984 2060 ὥραν
3008 1992 3239 2062 ἀνατολῇ
3265 1994 3359 2046 καὶ
3389 1992 3539 2046 δύσει
3569 1994 3727 2063 δίκην
3757 1998 3969 2064 ἀστρα-

2398 2083 2506 2150 πῆς
2546 2085 2603 2135 ἐν
2627 2086 2724 2152 μιᾷ
2753 2086 2944 2153 χρόνου
2985 2086 3144 2154 ῥοπῇ·
3184 2088 3323 2153 μετά
3351 2086 3553 2155 ταύτης
3580 2087 3743 2151 ζῶσιν
3771 2092 3819 2140 ot
3860 2107 3969 2157 μα-

2395 2175 2581 2244 κάριοι
2610 2176 2709 2241 τῆς
2755 2179 2979 2239 ἀκτῖνος
3037 2178 3132 2229 καὶ
3170 2177 3545 2233 τελευτώντων
3604 2182 3665 2233 τὸ
3701 2183 3816 2251 φῶς
3866 2187 3969 2237 οὐκ

2396 2268 2698 2336 ἀποχωρεῖ.
2733 2269 2850 2330 Φῶς
2881 2269 2990 2337 γὰρ
3042 2270 3271 2334 δικαίοις
3324 2274 3640 2338 διαπαντὸς,
3700 2277 3972 2349 καὶπρὸς

2397 2362 2495 2431 τὴν
2531 2363 2678 2431 ζωὴν
2705 2363 2921 2432 ἐκείνην
2954 2363 3131 2435 τούτῳ
3163 2364 3472 2431 λάμποντες
3516 2367 3894 2434 ἀφικνοῦνται,

2397 2451 2487 2503 τὸν
2520 2452 2606 2505 ἀεὶ
2637 2454 2877 2522 συνῆσαν
2908 2454 3125 2522 χρόνον,
3158 2454 3247 2507 ἐπ’
3287 2458 3464 2508 ἐκεῖνο
3509 2460 3813 2526 τηνικαῦτα
3839 2464 3971 2531 τρέ⁹

2397 2560 2609 2611 χοντες.
2649 2545 2713 2596 ’0
2752 2544 2860 2613 γάρ
2906 2545 3120 2614 ἑκάστῳ
3156 2547 3497 2615 συμϐήσεται
3540 2553 3661 2604 τότε
3697 2556 3805 2607 τῶν
3834 2559 3972 2608 ἀνα-

2400 2636 2812 2704 ϐιωσκομένων,
2845 2637 2980 2689 ὀστᾶ
3011 2639 3103 2689 καὶ
3136 2640 3276 2707 μέρη
3329 2641 3424 2691 καὶ
3459 2642 3597 2712 μέλη
3655 2648 3721 2713 τῇ
3756 2648 3967 2717 κεφαλῇ

2401 2728 2654 2781 συνιόντα
2695 2728 2794 2795 τὴν
2827 2730 3054 2797 όλότητα
3090 2731 3166 2798 τῷ
3203 2732 3413 2801 σώματι
3443 2736 3753 2801 διασώζειν,
3811 2739 3971 2792 τοῦτο

2400 2821 2496 2873 καὶ
2518 2820 2594 2888 τῷ
2618 2822 2833 2889 Σωτῆρι
2882 2821 3127 2891 Χριστῷ,
3178 2826 3243 2893 τῇ
3278 2826 3494 2878 πάντων
3526 2832 3676 2897 κοινῇ
3728 2834 3967 2900 κεφαλῇ.

2402 2913 2507 2965 Καὶ
2533 2911 2639 2983 γὰρ
2672 2914 2766 2964 ἐπὶ
2795 2913 2905 2965 τῶν
2945 2914 3185 2981 νεφελῶν
3224 2917 3548 2985 ἀστράψασα
3585 2922 3752 2986 μόνον
3792 2923 3857 2972 τά
3889 2926 3969 2974 οἰ-

2400 3007 2522 3056 κεῖα
2562 3006 2899 3074 πανταχόθεν
2957 3005 3300 3075 ἀπολήψεται
3336 3008 3496 3078 μέλη,
3549 3010 3681 3071 Θεὸς
3717 3014 3774 3063 ἐν
3817 3015 3974 3083 μέσῳ

2406 3099 2566 3161 θεῶν,
2608 3099 2807 3166 ὡραῖος
2849 3099 3053 3168 ὡραίου
3102 3102 3398 3168 κορυφαῖος
3432 3104 3617 3172 χοροῦ,
3666 3108 3760 3157 καὶ
3802 3108 3977 3161 καθά-

723 3202 1076 3267 mediumque
1106 3199 1283 3252 locum
1322 3213 1418 3252 seu
1449 3208 1698 3251 centrum
1739 3200 1919 3252 statim
1959 3208 2181 3267 petunt;
2214 3202 2294 3255 sic
2325 3199 2370 3258 C
2403 3215 2406 3224 ί

2291 3221 2294 3249 ι
2325 3199 2370 3258 c
2403 3210 2507 3261 περ
2547 3192 2613 3244 τά
2650 3195 2902 3261 μετέωρα
2940 3193 3083 3260 βάρη
3119 3194 3227 3245 τῶν
3252 3193 3467 3262 δεσμῶν
3521 3196 3629 3249 τῶν
3662 3198 3974 3267 ἐπεχόντων

720 3304 773 3345 et
812 3306 1034 3359 corpora
1062 3300 1373 3342 sanctorum
1406 3299 1561 3342 terra:
1593 3290 1745 3343 allisa
1780 3302 1909 3343 sunt
1937 3292 2024 3344 illa
2051 3292 2295 3359 quidem.

723 3395 775 3437 et
809 3384 1148 3450 corruptioni
1176 3383 1393 3450 alligata
1439 3384 1716 3451 tyrannidi
1764 3387 2010 3447 suhierta
2043 3396 2294 3445 manent;

723 3487 770 3527 et
807 3466 1010 3529 idcirco
1040 3475 1472 3541 ingemiscimus,
1527 3475 1722 3547 inquit,
1757 3480 1806 3527 in
1837 3477 1940 3529 hoc
1966 3477 2295 3531 habitacula.

727 3570 861 3620 Cum
899 3578 1079 3621 autem
1120 3567 1339 3619 lihertas
1382 3568 1619 3631 aﬂ'uetit,
1660 3570 1863 3636 impetu
1899 3567 2197 3621 incredibili
2232 3570 2296 3621 ad

721 3658 997 3712 Christum
1052 3658 1319 3722 ferentur,
1354 3667 1411 3711 ut
1459 3662 1737 3727 proprium
1788 3660 1967 3712 locum
2009 3663 2295 3727 recipiant.

722 3749 904 3815 Quare
962 3749 1165 3803 Paulus
1219 3750 1513 3804 ostendens
1572 3766 1793 3803 cursum
1847 3752 2295 3804 illum‘cohiheri

722 3857 830 3895 non
862 3858 1043 3908 posse,
1079 3852 1238 3895 vocat
1296 3852 1536 3911 raptum.
1567 3861 1585 3894 ι
1624 3843 1922 3911 liapiemur
1973 3843 2173 3909 inquit,
2242 3844 2293 3896 in

722 3934 962 3988 nuhihus
986 3934 1199 3988 obviam
1238 3932 1457 3988 Christo
1494 3934 1546 3986 in
1581 3950 1708 3988 aera
1728 3934 1791 3987 "'.
1818 3952 1836 3985 ι
1856 3932 1922 3988 Ει
1944 3934 2193 3988 Salvator
2222 3935 2299 3987 ait

723 4041 782 4081 se
814 4026 936 4081 illos
962 4037 1366 4096 suscepturum.
1431 4046 1449 4078 ι
1488 4025 1667 4093 Tunc,
1698 4026 1974 4097 inquiens,
2011 4028 2118 4081 duo
2140 4038 2299 4082 erunt

726 4120 777 4171 in
806 4134 962 4185 agro,
1021 4134 1160 4172 unus
1190 4130 1527 4183 assumetur,
1554 4128 1607 4173 et
1643 4119 1780 4173 alter
1807 4120 2147 4188 relinquetur
2172 4120 2235 4184 ἐς
2273 4138 2290 4170 ι

728 4209 856 4262 illud
888 4211 1227 4276 signiﬁcans,
1276 4211 1411 4264 nihil
1442 4224 1564 4265 esse
1598 4211 1895 4263 humanum
1930 4226 2028 4266 nec
2058 4212 2111 4265 in
2166 4212 2296 4279 ipsis

724 4300 916 4361 situm,
944 4309 999 4352 ut
1024 4315 1189 4354 mora“.
1230 4304 1382 4354 locus
1428 4302 1754 4370 sitaliquis;
1790 4302 1883 4355 sed
1932 4302 2045 4371 ipse
2084 4302 2291 4367 trahet,

724 4394 838 4459 ipse
874 4394 1171 4461 rapiet,qui
1214 4408 1319 4447 non
1346 4402 1522 4463 potest
1553 4395 1759 4449 servire
1788 4396 2045 4465 tempori.

803 4760 1112 4813 Sicutenitn
1135 4758 1203 4811 ah
1221 4761 1372 4813 initio
1394 4775 1498 4814 non
1520 4762 2300 4830 exspectavitntquazreretur,

724 4853 817 4906 sed
837 4854 948 4920 ipse
964 4852 1279 4907 aherrantes
1300 4854 1568 4921 quaesivit,
1587 4856 2070 4922 demonstratoque
2087 4858 2301 4921 itinere,

724 4942 917 4997 deinde
931 4944 1211 4997 ambulare
1233 4960 1335 4997 non
1356 4946 1619 5009 valentes,
1646 4946 1759 5013 ipse
1783 4946 2025 5002 sublatos
2047 4948 2098 4999 in
2121 4949 2308 5002 hume-

727 5048 817 5087 ros
842 5019 1096 5102 portavit.
1124 5044 1177 5086 ct
1213 5034 1463 5089 labentes
1494 5044 1727 5103 reparat.
1756 5045 1809 5089 et
1830 5036 2033 5091 inertes
2055 5041 2304 5106 corrigit,

724 5139 773 5180 et
801 5124 1153 5180 abscedentes
1206 5126 1454 5189 advocat,
1491 5138 1543 5181 et
1604 5130 1831 5181 omnino
1873 5130 1939 5183 de
1992 5131 2165 5183 salute
2196 5132 2305 5185 illis

727 5222 931 5273 instare
966 5235 1071 5272 non
1097 5220 1293 5272 desinit
1322 5238 1335 5272 :
1364 5221 1439 5273 sic
1472 5220 1635 5274 etiam
1671 5232 1800 5274 tunc
1833 5231 2136 5275 extremum
2178 5238 2304 5275 cur-

730 5327 846 5363 sum
881 5314 944 5363 atl
980 5313 1159 5380 ipsum
1217 5323 1501 5367 currentes
1534 5314 1648 5380 ipse
1676 5316 1956 5380 excitahit,
1999 5326 2050 5368 et
2076 5316 2305 5370 volanti-

730 5404 830 5454 i-US
884 5402 1000 5469 ipse
1042 5402 1155 5455 alas
1194 5402 1378 5457 faciet.
1424 5404 1625 5457 ldeort
1660 5406 1875 5473 aquilas
1929 5422 2027 5460 nos
2063 5397 2307 5462 nominat

728 5494 793 5546 ad
852 5510 1057 5561 corpus
1113 5506 1499 5566 congregatas.
1575 5515 1591 5546 ι
1640 5496 1964 5565 Lhitunque
2003 5500 2145 5551 enim
2203 5502 2307 5555 crit

727 5600 947 5654 corpus,
980 5588 1177 5655 inquit,
1224 5587 1331 5640 illic
1365 5590 1845 5657 religi-egalmntur
1869 5601 1921 5643 et
1954 5592 2150 5659 aquilte
2183 5594 2245 5646 ‘9.
2278 5613 2296 5645 ι

727 5682 939 5733 intentu;
976 5698 1003 5731 ιι
1041 5696 1226 5733 mensa
1258 5681 1320 5732 ad
1356 5696 1598 5733 mensam
1626 5684 1861 5746 venient,
1899 5682 1965 5736 ab
1991 5687 2307 5741 abscondita

784 5862 839 5907 .”
869 5861 1056 5916 Matth.
1101 5876 1209 5922 xut,
1246 5860 1370 5923 43.,
1418 5859 1461 5889 υ
1496 5860 1511 5910 1
1566 5857 1756 5933 Thess.
1788 5877 1857 5927 tv,
1900 5864 1983 5917 Η.

2067 5863 2108 5895 ¹⁸
2133 5862 2323 5918 Matth.
2362 5882 2504 5931 xxn',
2532 5860 2620 5920 9.3.

2404 3284 2684 3352 ῥαγέντων
2710 3284 2801 3334 ἐπὶ
2824 3285 2923 3351 τὴν
2974 3284 3080 3351 γῆν
3122 3286 3292 3352 χωρεῖ
3340 3289 3434 3337 καὶ
3465 3286 3556 3338 τὸν
3611 3289 3776 3355 μέσον
3810 3293 3976 3348 εὐθὺς

2403 3376 2634 3444 ἐζήτησε
2669 3377 2852 3438 τόπον,
2897 3376 2970 3437 ὡς
2999 3376 3055 3427 δὲ
3102 3375 3197 3428 καὶ
3242 3378 3310 3427 τά
3358 3378 3588 3446 σώματα
3634 3383 3744 3441 τοῖς
3798 3383 3980 3447 ἁγίοις

2405 3469 2757 3535 προσήλωται
2792 3470 2887 3536 μὲν
2911 3471 2975 3537 τῇ
3009 3470 3103 3534 γῇ,
3155 3472 3217 3537 τῇ
3252 3472 3429 3538 φθορά
3461 3471 3685 3524 δεθέντα
3742 3476 3837 3525 καὶ
3884 3493 3982 3527 τυ-

2405 3560 2743 3629 ραννούμενα
2775 3563 2952 3629 μένει,
3004 3563 3095 3613 καὶ
3138 3563 3226 3614 διά
3256 3563 3416 3614 τοῦτο
3461 3566 3810 3632 στενάζομεν,
3872 3587 3982 3634 φη-

2406 3655 2511 3715 σὶν,
2551 3656 2606 3704 ἐν
2632 3654 2711 3722 τῷ
2741 3655 2953 3723 σκήνει,
2982 3654 3241 3722 φανείσης
3265 3656 3319 3706 δὲ
3341 3656 3439 3723 τῆς
3467 3656 3781 3727 ἐλευθερίας
3801 3660 3982 3727 ἀκρα-

2400 3747 2552 3814 τήτῳ
2582 3746 2733 3815 φορῷ
2762 3746 2896 3811 πρδς
2926 3746 3016 3796 τὸν
3048 3746 3283 3817 Χριστὸν
3331 3747 3472 3799 ἵεται
3512 3748 3604 3799 τὸν
3647 3752 3847 3801 οἰκεῖον
3883 3769 3982 3804 κο-

2404 3834 2675 3904 μιζόμενα
2729 3837 2914 3888 τόπον.
2952 3835 3117 3887 Ὅθεν
3172 3838 3199 3887 ὁ
3240 3836 3452 3899 Παῦλος
3493 3838 3721 3904 ἄσχετον
3754 3839 3977 3905 δεικνὺς

2401 3924 2542 3978 εἶναι
2586 3927 2675 3978 τδν
2740 3926 2939 3994 δρόμον
2999 3928 3229 3990 ἐκεῖνον,
3291 3927 3551 3995 ἁρπαγὴν
3635 3928 3696 3979 τὸ
3738 3932 3979 3999 πρᾶγμα

2401 4019 2586 4070 καλεῖο
2616 4036 2634 4069 ι
2693 4017 3155 4088 Ἀρπαγησόμεθα
3190 4018 3317 4088 γὰρ,
3371 4021 3535 4087 φησὶν
3569 4058 3584 4084 ,
3622 4021 3679 4070 ἐν
3721 4021 3980 4087 νεφέλαις

2401 4113 2481 4174 είς
2509 4112 2813 4180 ἀπάντησιν
2841 4109 2933 4162 τοῦ
2994 4110 3200 4179 Κυρίου
3266 4114 3344 4172 εἰς
3398 4112 3555 4181 ἀέρα,
3598 4129 3617 4161 ι
3672 4114 3764 4164 καὶ
3796 4114 3823 4165 ὁ
3857 4115 3977 4166 Σω-

2401 4206 2503 4273 τὴρ
2552 4204 3072 4273 παραλαμϐάνεσθαί
3137 4220 3303 4271 φησιν
3348 4203 3585 4269 αὐτοὺς,
3622 4224 3641 4257 ι
3678 4206 3813 4260 Τότε
3854 4209 3978 4275 δύο,

2399 4299 2592 4363 λέγων,
2622 4298 2837 4349 ἔσονται
2866 4297 2922 4348 ἐν
2953 4296 3030 4358 τῷ
3080 4296 3255 4367 ἀγρῷ,
3290 4297 3319 4348 ό
3347 4291 3427 4361 εἷς
3479 4299 3978 4368 παραλαμϐάνεται

2402 4392 2498 4445 καὶ
2548 4395 2575 4444 ὁ
2626 4387 2707 4453 εἷς
2764 4390 3008 4456 ἀφίεται,
3051 4408 3069 4439 ι
3112 4392 3289 4441 ἐκεῖνο
3340 4391 3641 4457 σημαίνων,
3696 4393 3772 4452 ὡς
3822 4393 3981 4444 οὐδὲν

2404 4483 2746 4554 ἁνθρώπ.νον
2776 4484 2897 4535 οὐδὲ
2928 4481 3061 4552 παρ’
3094 4482 3295 4543 αὐτῶν,
3331 4482 3473 4535 ὥστε
3527 4486 3621 4536 καὶ
3659 4484 3820 4552 σχολῇ
3850 4502 3977 4539 τινα.

2406 4580 2591 4650 χώραν
2646 4574 2807 4642 εἶναι,
2850 4578 2965 4631 ἀλλ’
3001 4577 3162 4639 αὐτὸς
3219 4577 3457 4644 ἐλκύσει,
3507 4578 3666 4641 αὐτὸς
3712 4581 3982 4650 ἁρπάσει,

2404 4672 2464 4724 ὃν
2498 4672 2597 4724 οὐκ
2627 4670 2707 4722 ἔνι
2736 4670 2913 4739 χρόνῳ
2937 4669 3232 4722 δουλεύειν.

2480 4764 2748 4832 Καθάπερ
2780 4762 2887 4831 γὰρ
2921 4762 2977 4825 ἐξ
3015 4761 3191 4829 ἀρχῆς
3245 4761 3346 4813 οῦκ
3391 4763 3647 4830 ἀνέμεινε
3680 4761 3987 4830 ζητηθῆναι

2408 4857 2540 4928 παρ’
2568 4856 2767 4921 αὐτῶν,
2818 4852 2935 4905 ἀλλ’
2965 4855 3127 4915 αὐτὸς
3167 4852 3398 4922 ἐζήτησε
3432 4856 3839 4922 πλανωμένους,
3889 4862 3989 4910 καὶ

2406 4952 2505 5019 τὴν
2538 4950 2655 5001 ὁδὸν
2683 4947 2971 5008 ὑποδείξας
3004 4944 3195 4997 ἔπειτα
3236 4946 3474 5012 βαδίζειν
3522 4948 3597 5016 μὴ
3649 4947 3986 5017 δυναμένους

2406 5042 2731 5109 ἀνελόμενος
2759 5039 2852 5090 ἐπὶ
2890 5039 2997 5089 τῶν
3034 5038 3200 5103 ῶμων
3255 5038 3481 5106 ἐκόμισε
3540 5038 3632 5089 καὶ
3682 5039 3985 5104 πίπτοντας

2410 5132 2723 5185 ἀνεκαλεῖτο
2764 5131 2857 5182 καί
2905 5128 3287 5198 ῥᾳθυμοῦντας
3311 5128 3697 5197 ἐπηνωρθοῦτο
3724 5135 3820 5182 καὶ
3853 5138 3991 5186 ὀπο-

2410 5224 2725 5293 χωροῦντας
2757 5222 3077 5290 παρεκάλει,
3123 5222 3215 5274 καὶ
3242 5221 3380 5283 ὅλως
3403 5223 3551 5292 ςπερὶ
3578 5224 3678 5291 τῆς
3707 5228 3987 5293 σσιιτηρίας

2409 5318 2588 5377 αὐτοῖς
2614 5316 2913 5367 διετέλεσεν
2944 5313 3136 5382 ἐνοχλιῖ
3153 5329 3202 5364 ν·
3228 5313 3372 5366 οὕτω
3403 5316 3497 5367 καὶ
3527 5317 3649 5367 τότε
3678 5318 3770 5369 τὸν
3803 5318 3989 5371 τελευο

2408 5413 2560 5461 ταῖον
2584 5409 2720 5477 πρὸς
2752 5408 2914 5460 αὐτὸν
2946 5408 3240 5477 τρέχοντας
3274 5405 3476 5476 δρόμον
3500 5408 3662 5471 αὐτὸς
3684 5399 3989 5478 ἀναστήσει

2410 5503 2504 5554 καὶ
2543 5500 2863 5568 πετομένοις
2910 5500 3069 5561 αὐτὸς
3121 5500 3417 5565 ἐργάσεται
3474 5499 3534 5553 τὸ
3594 5501 3819 5569 πτερόν.
3890 5505 3989 5556 Διά

2410 5593 2565 5646 τοῦτο
2606 5592 2701 5644 καὶ
2731 5592 2919 5652 ἀετοὺς
2948 5590 3212 5666 ἀπεκάλει
3245 5593 3525 5653 συνιόντας
3555 5591 3650 5643 ἐπὶ
3674 5592 3733 5644 τὸ
3760 5594 3986 5661 πτῶμα,

2415 5686 2623 5738 ι”Οπου
2661 5686 2790 5755 γὰρ,
2828 5685 2984 5754 φησὶ,
3013 5685 3072 5737 τὸ
3125 5684 3350 5754 πτῶμα,
3380 5686 3497 5738 ἐκεῖ
3553 5684 3988 5756 συναχθήσονται

2706 5866 2746 5898 ¹⁹
2782 5866 2913 5920 ibid.
