4262 6460
256 433 366 495 625

1347 437 1442 497 or.
1486 437 1657 495 rm
1703 436 1782 496 1N
1820 436 2145 500 cumsro
2186 440 2331 498 Lm.
2375 443 2415 496 ν

3383 441 3490 501 620

257 548 308 596 οἱ
348 545 516 597 ἀετοί.
551 564 566 593 ι
604 546 711 598 Καὶ
755 546 863 614 γὰρ
914 546 1022 598 ἀπὸ
1071 547 1351 617 τραπέζης
1402 552 1494 602 ὲττι
1545 551 1832 619 τράπεζαν
1861 559 1902 612 Α
1939 589 1940 596 η

1812 559 1902 612 νΑ
1939 551 2118 603 adhuc
2176 554 2240 602 ad
2280 554 2644 612 manili-stam.
2683 566 2709 602 a
2759 565 2896 619 pane
2945 552 3009 605 ad
3066 565 3284 619 corpus.
3340 550 3495 604 Nunc.

256 636 470 703 ἥξουσι,
505 636 603 704 τῆς
628 636 707 688 ἔτι
745 636 1158 708 καλυπτομένης
1186 640 1278 690 ἐπὶ
1304 640 1402 709 τὴν
1432 640 1531 709 ἤδη
1565 658 1826 711 φανερου-

260 728 452 794 μένην,
491 728 600 779 ἀπὸ
628 728 721 780 τοῦ
757 731 918 797 ἄρτου
952 733 1045 781 ἐπὶ
1085 731 1144 783 τὸ
1170 733 1390 800 πτῶμα.
1428 733 1543 785 Νῦν
1588 735 1688 803 μὲν
1720 737 1827 803 γὰρ

256 819 424 883 ἄρτος
461 821 608 871 ἐστὶν
641 821 825 883 αὐτοῖς
872 824 899 874 6
931 824 1189 892 Χριστλις,
1245 825 1344 892 τὴν
1369 826 1711 896 ἀνθρωπείαν
1745 828 1826 879 ἔτι

256 907 396 970 ζῶσι
423 909 590 977 ζωὴν,
649 913 743 962 καὶ
789 913 994 981 πάσχα,
1051 914 1390 968 διαϐαίνουσι
1442 916 1548 984 γὰρ
1587 917 1829 970 ὲνθένδεν

256 998 353 1050 ἐπὶ
406 998 501 1066 τὴν
557 1002 615 1050 ὲν
661 1001 874 1071 οὐρανῷ
932 1003 1106 1056 πόλιν·
1171 1008 1258 1058 ὅτε
1316 1006 1372 1059 δὲ
1451 1026 1469 1058 ‹
1505 1007 1829 1072 ἀλλάξουσιν

261 1088 441 1156 ἰσχὺν,
503 1093 977 1160 πτεροφυήσουσιν
1036 1096 1111 1158 ὡς
1183 1098 1352 1161 ἀετοὶ,
1393 1117 1411 1150 ι
1458 1101 1484 1152 6
1517 1098 1830 1168 θαυμαστός

259 1197 428 1246 cf,ch
457 1182 710 1248 Ἰ-Ισαῒας,
742 1186 860 1238 τότε
900 1187 957 1240 δὲ
989 1189 1074 1241 ἐπ’
1111 1189 1274 1261 αὑτοῦ
1299 1189 1392 1242 τοῦ
1426 1191 1711 1259 πτώματος
1739 1211 1833 1245 κα-

261 1271 543 1325 θεδοῦνται
574 1274 818 1344 καθαροῦ
850 1280 1396 1348 παραπετασμάτων.
1439 1280 1506 1334 Ὀ
1538 1283 1630 1333 καὶ
1659 1281 1832 1350 δηλῶν

257 1361 285 1411 ὁ
318 1364 593 1431 μακάριός
627 1382 790 1433 φησιν
816 1369 1069 1439 Ἰωάννης
1103 1385 1115 1397 ·
1151 1387 1170 1418 ι
1214 1369 1488 1439 Ὀψόμεθα
1544 1370 1708 1422 αὑτὸν
1738 1388 1835 1421 κα-

259 1451 372 1511 θὼς
407 1454 559 1506 ἐστιν
681 1457 808 1509 οὔτε
871 1461 978 1529 γὰρ
1029 1460 1192 1530 ἄρτος
1233 1462 1382 1512 ἐστὶν
1426 1462 1608 1524 αὐτοῖς
1643 1461 1744 1530 τῆς
1778 1464 1836 1514 ὲν

261 1546 433 1610 σαρκὶ
465 1545 610 1613 ζωῆς
638 1549 1018 1618 πεπαυμένης,
1052 1551 1175 1602 οὔτε
1219 1552 1404 1622 πάσχα
1437 1553 1690 1621 μένουσιν
1711 1553 1832 1623 ἤδη,

256 1635 355 1685 τοῦ
386 1635 682 1704 πτώματος
722 1640 778 1692 δὲ
827 1641 1002 1694 πολλὰ
1033 1644 1210 1712 φέρει·
1269 1649 1362 1696 καὶ
1394 1645 1502 1712 γὰρ
1553 1645 1690 1713 μετὰ
1727 1645 1837 1698 τῶν

262 1727 588 1793 στιγμάτων
617 1729 670 1779 αί
707 1732 888 1798 χεῖρες
915 1731 1008 1782 καὶ
1046 1733 1114 1782 τὰ
1171 1736 1290 1802 ἴχνη
1325 1733 1434 1784 τῶν
1467 1733 1612 1802 ἥλων
1663 1734 1712 1785 oi
1742 1733 1840 1786 πό-

258 1814 350 1876 55;
383 1816 588 1884 ἔχουσι,
613 1823 707 1872 καὶ
733 1823 826 1872 τὸν
843 1822 1014 1890 τύπον
1056 1824 1136 1875 ἐτι
1189 1826 1347 1893 φέρει
1399 1825 1494 1876 τοῦ
1529 1825 1752 1894 δόρατος
1803 1828 1836 1896 ή

1931 641 2076 694 enim
2113 642 2268 709 panis
2321 643 2425 696 illis
2456 652 2537 696 est
2564 642 2842 704 Christus,
2878 641 3055 696 adhuc
3112 643 3274 695 vitam
3305 644 3498 694 huma—

1932 748 2058 786 nam
2096 734 2423 797 viventibus,
2449 744 2502 787 et
2536 736 2734 803 phase;
2773 735 3222 788 transeuntenim
3262 735 3388 787 hinc
3443 736 3495 786 in

1929 827 2203 878 cmlestem
2262 826 2555 879 civitatem.
2617 825 2847 891 Quando
2900 837 3080 878 autem
3135 843 3154 877 ι
3209 827 3501 879 mutabunt

1930 916 2324 982 fortitudinem,
2347 926 2398 970 et
2421 927 2700 970 assument
2731 932 2956 984 pennas,
2982 918 3124 970 sicut
3151 917 3344 986 aquila:
3375 915 3442 976 ὀ,
3479 935 3490 961 ι

1929 1009 2086 1077 juxta
2130 1008 2350 1071 lsaiam,
2383 1017 2510 1062 tunc
2547 1009 2651 1077 ipsi
2687 1009 2904 1076 corpori
2942 1024 2969 1061 a
3005 1008 3321 1063 velamentis
3359 1008 3503 1059 nudo

1936 1097 2264 1151 insidebant.
2298 1097 2453 1163 Quod
2480 1097 2792 1164 signiﬁcans
2822 1107 2876 1150 et
2906 1097 3098 1151 beatus
3117 1097 3349 1149 Joannes
3382 1098 3454 1149 ait
3491 1115 3501 1146 :

1941 1206 1958 1239 ι
1992 1188 2309 1243 Videbimus
2357 1205 2479 1242 eum
2508 1190 2666 1243 sicuti
2723 1198 2806 1242 est
2866 1190 2937 1242 ".
2979 1207 2997 1238 ι
3037 1189 3143 1240 Nec.
3171 1190 3311 1239 enim
3354 1187 3508 1255 panis

1935 1277 2183 1333 Christus
2218 1289 2299 1333 est
2346 1279 2472 1336 illis.
2504 1278 2724 1347 quando
2759 1278 2865 1330 vita
2916 1278 2968 1330 in
2994 1292 3159 1330 carne
3190 1276 3298 1342 jam
3347 1279 3505 1328 linem

1936 1367 2116 1426 habet.
2151 1382 2245 1421 nec
2285 1368 2452 1435 phase
2484 1368 2593 1435 jam
2627 1367 2991 1420 manentibus.
3041 1366 3296 1433 Corporis
3327 1375 3508 1417 autem

1936 1458 2081 1527 passi
2116 1459 2268 1524 signa
2300 1457 2468 1510 multa
2507 1457 2631 1511 [οτι.
2682 1457 2892 1510 Etenim
2935 1472 3056 1510 cum
3089 1457 3359 1525 stigmatis
3393 1470 3510 1507 cer-

1937 1557 2144 1602 nuntur
2176 1564 2394 1612 manus,
2430 1558 2483 1602 et
2510 1549 2736 1620 vestigia
2785 1549 3059 1602 clavorum
3100 1550 3263 1616 pedes
3288 1547 3509 1606 habent,

1937 1650 1991 1693 et
2022 1648 2148 1694 nota
2178 1641 2342 1694 inﬁxa
2389 1642 2441 1694 in
2503 1642 2646 1694 latus
2679 1641 2880 1694 lancea:
2920 1640 3100 1692 adhuc
3133 1648 3326 1691 exstat.
3390 1636 3513 1690 llaec

1939 1749 2093 1789 coena
2117 1735 2180 1788 ad
2214 1749 2415 1803 corpus
2444 1733 2577 1786 illud
2614 1733 2734 1798 fert,
2779 1734 2896 1786 sine
2919 1747 3027 1801 qua
3063 1730 3400 1800 impossibile
3434 1739 3517 1783 ρει

1942 1828 2075 1883 illud
2105 1828 2331 1897 adipsci,
2359 1827 2580 1896 perinde
2607 1838 2768 1895 atque
2798 1827 2968 1879 erutis
2996 1825 3171 1878 oculis
3203 1825 3424 1876 intueri.
3459 1821 3514 1872 Si

260 1909 504 1978 πλευρά.
539 1911 712 1964 Τοῦτο
735 1915 793 1965 τδ
819 1914 1036 1967 δεῖπνον
1088 1916 1174 1968 ἐπ’
1213 1918 1391 1969 ἐκεῖνο
1423 1919 1579 1985 φέρει
1610 1917 1670 1969 τὸ
1696 1919 1838 1969 πτῶ-
1872 1915 1912 1968 Β
1940 1947 1943 1965 ‹

1872 1915 2083 1973 Benim
2144 1933 2251 1972 non
2305 1919 2504 1971 habent
2558 1918 2724 1970 vitam
2777 1916 2830 1969 in
2881 1915 3209 1984 semetipsis,
3244 1914 3338 1980 qui
3381 1913 3522 1964 hane

264 2022 365 2071 μα,
411 2005 605 2059 τούτου
632 2008 803 2078 χωρὶς
851 2011 1133 2080 ἀμήχανον
1159 2012 1336 2064 ὲκεῖνο
1366 2011 1578 2075 λαϐεῖν,
1612 2012 1711 2081 οὐχ
1739 2007 1836 2082 ἦτ-

262 2111 359 2144 τον
388 2094 545 2162 ἤητὸν
583 2098 890 2151 ἐκκοπέντα
919 2102 1045 2162 τοὺς
1076 2099 1390 2168 ὀφθαλμοὺς
1421 2101 1515 2152 τοῦ
1544 2101 1719 2166 φωτὸς
1752 2103 1836 2159 είς

262 2190 468 2254 πεῖραν
493 2187 688 2243 ἐλθεῖν.
735 2191 796 2242 El
841 2193 948 2260 γὰρ
1001 2191 1183 2261 ἔχουσι
1238 2192 1382 2261 ζωὴν
1413 2193 1470 2244 ἐν
1524 2194 1737 2255 ἑαυτοῖς
1793 2194 1862 2243 οίο

258 2278 426 2330 τοῦτο
475 2279 548 2348 μὴ
591 2281 942 2345 δειπνοῦντες
992 2284 1053 2335 τὸ
1106 2283 1342 2350 δεῖπνον,
1404 2284 1582 2354 μελῶν
1636 2285 1851 2352 νεκρῶν

261 2369 541 2434 ἀθάνατος
579 2373 696 2434 πῶς
734 2375 799 2426 ἂν
824 2376 1041 2443 γένοιτο
1071 2378 1324 2448 κεφαλῆς
1385 2379 1499 2432 Μία
1539 2378 1638 2448 μὲν
1671 2381 1778 2448 γὰρ
1809 2379 1842 2448 ὴ

259 2465 361 2529 τῆς
398 2465 682 2534 τραπέζης
712 2467 962 2537 δύναμις,
1013 2465 1095 2533 εἷς
1147 2472 1204 2523 δὲ
1243 2471 1442 2524 ἑστιῶν
1507 2473 1564 2524 ὲν
1599 2472 1847 2540 ἑκατέρῳ

261 2558 376 2608 τῶν
409 2560 652 2627 κόσμων,
690 2562 782 2613 καὶ
817 2562 974 2614 τοῦτο
1031 2564 1132 2631 μὲν
1161 2565 1310 2617 ἐστιν
1341 2567 1367 2618 6
1392 2562 1643 2635 νυμφὼν,
1689 2564 1848 2617 τοῦτο

259 2650 324 2701 δὲ
408 2651 441 2719 ὴ
530 2654 666 2721 πρζς
720 2654 811 2704 τδν
888 2657 1159 2724 νυμφῶνα
1242 2657 1609 2727 παρασκευὴ,
1689 2656 1851 2710 τοῦτο

259 2742 323 2793 δὲ
355 2743 517 2800 auch;
543 2745 569 2793 6
599 2745 852 2813 νυμφίος.
884 2743 1045 2799 Ὅθεν
1076 2750 1189 2812 τοῖς
1221 2749 1298 2820 μὴ
1324 2749 1464 2819 μετὰ.
1482 2749 1691 2802 τούτων
1721 2750 1857 2802 ἀπε-

260 2834 532 2902 ληλυθόσι
592 2837 701 2888 τῶν
737 2839 930 2907 δώρων
979 2841 1117 2911 πρὸς
1165 2841 1262 2914 τὴν
1309 2843 1456 2912 ζωὴν
1499 2843 1652 2896 ἔσται
1693 2842 1855 2895 πλέον

261 2927 448 2980 οὐδέν’
477 2924 560 2991 οἷς
584 2929 640 2981 δὲ
671 2930 885 2999 ὑπῆρξε
914 2933 1009 2984 καὶ
1041 2933 1226 2987 λαϐεῖν
1271 2933 1372 3004 τὴν
1400 2936 1564 3007 χάριν
1605 2936 1700 2987 καὶ
1750 2934 1856 2986 σῶ-

264 3037 388 3084 σαι.
444 3024 539 3075 καὶ
583 3024 684 3093 τὴν
727 3028 901 3093 χαρὰν
962 3029 1211 3095 εἰσῆλθον
1268 3030 1363 3082 τοῦ
1419 3030 1627 3100 Κυρίου
1682 3028 1866 3082 αὐτῶν

263 3116 367 3166 καὶ
414 3115 492 3184 τῷ
523 3118 742 3186 νυμρίῳ
775 3120 1126 3188 συνεισῆλοον
1185 3122 1263 3183 είς
1302 3123 1392 3175 τὸν
1455 3122 1719 3191 νυμφῶνα
1771 3123 1866 3174 καὶ

260 3207 366 3274 τῆς
393 3207 562 3274 ἄλλης
593 3209 918 3279 ἀπήλαυσαν
941 3213 1039 3282 τῆς
1091 3214 1150 3265 ὲν
1195 3214 1270 3267 τῶ
1303 3215 1505 3285 δείπνῳ
1533 3213 1858 3286 τρυφῆς,“οὺ

1949 2027 2159 2065 cunmm
2185 2025 2294 2064 non
2327 2018 2564 2071 cmnant,
2585 2009 2674 2078 qui
2699 2008 3021 2062 immortalis
3051 2018 3151 2068 est,
3179 2015 3522 2058 mortuorum

1932 2103 2322 2178 .membrorum
2346 2102 2622 2171 quomodo
2658 2108 2834 2170 potest
2881 2114 3002 2154 esse
3035 2100 3236 2166 caput?
3293 2095 3409 2150 Una
3445 2105 3528 2148 est

1951 2197 2095 2252 enim
2127 2210 2328 2248 mensa:
2365 2195 2575 2260 virtus;
2623 2208 2765 2247 unus
2799 2193 2892 2262 qui
2946 2192 3252 2246 convivium
3287 2190 3338 2241 in
3378 2198 3526 2240 utro~

1954 2302 2059 2356 que
2110 2286 2315 2341 mundo
2371 2295 2620 2355 apparat.
2676 2284 2739 2337 Et
2771 2285 2872 2336 hoc
2925 2272 3119 2351 partim
3177 2281 3395 2350 quidem
3445 2288 3528 2332 est

1955 2382 2251 2442 thalamus,
2297 2380 2489 2448 partim
2515 2379 2580 2430 ad
2607 2377 2906 2431 thalamum
2946 2373 3290 2445 prceparatio,
3331 2372 3527 2441 partim

1957 2494 2188 2549 sponsus
2241 2477 2488 2546 ipsemet.
2528 2474 2679 2528 Unde
2701 2475 2791 2542 qui
2835 2489 2941 2527 non
2977 2486 3101 2526 eum
3138 2470 3240 2536 ‘his
3275 2467 3430 2522 donis
3466 2469 3531 2520 ad

1956 2573 2124 2626 vitam
2168 2571 2294 2625 hinc
2350 2571 2602 2633 abierint,
2659 2569 2794 2622 nihil
2832 2577 3263 2636 consequentur.
3323 2562 3533 2628 Quibus

1956 2673 2135 2718 autem
2162 2663 2390 2731 gratiam
2428 2662 2674 2729 accipere
2731 2673 2783 2713 et
2824 2676 3040 2715 servare
3098 2656 3346 2725 contigit,
3397 2664 3450 2708 et
3480 2655 3532 2703 in

1956 2754 2214 2824 gaudium
2245 2752 2455 2806 Domini
2495 2753 2577 2806 sui
2643 2753 2937 2810 intrarunt.
2971 2761 3024 2804 et
3077 2766 3202 2804 cum
3237 2747 3450 2816 Sponso
3480 2745 3536 2798 in

1958 2843 2270 2898 cubiculum
2299 2842 2538 2911 nuptiale
2563 2851 2939 2895 convenerunt
2960 2841 3027 2905 “,
3055 2850 3106 2894 et
3139 2841 3263 2892 aliis
3288 2836 3537 2908 perfruiti

1958 2945 2087 2991 sunt
2141 2937 2193 2988 in
2229 2950 2385 2989 omna
2446 2933 2676 2998 deliciis,
2703 2948 2809 2986 non
2846 2943 2975 2985 tunc
3032 2947 3094 2984 ea
3149 2930 3538 2994 adipiscentur,

1960 3028 2056 3082 sed
2094 3027 2240 3096 quod
2292 3037 2647 3096 apportantes
2684 3034 2972 3083 venerunt.
3002 3023 3218 3079 Christo
3249 3033 3542 3090 conspecto

1965 3117 2226 3186 liquidius
2283 3117 2538 3170 sentient.
2605 3114 2670 3168 Et
2735 3116 2850 3169 hate
2908 3124 2994 3169 est
3058 3116 3194 3168 ratio
3241 3113 3541 3184 secundum

1965 3226 2130 3279 quam
2171 3223 2397 3278 regnum
2429 3209 2691 3264 caslorum
2725 3207 2864 3261 intra
2898 3222 2996 3262 nos
3032 3217 3118 3261 cst

261 3298 578 3364 τηνικαῦτα
603 3303 881 3372 τυχόντες,
923 3303 1039 3356 ἀλλ’
1096 3304 1125 3357 ὃ
1200 3306 1520 3374 κομίζοντες
1584 3301 1772 3375 ἦλθον,
1832 3302 2024 3356 τούτου
2090 3299 2481 3368 διαὸειχθέντος
2532 3297 2923 3369 καθαρώτερον
2969 3297 3372 3366 αἰσθανόμενοι.
3433 3293 3546 3349 Καὶ

263 3384 426 3457 οὗτος
453 3397 481 3447 ὁ
517 3397 696 3464 Λόγος,
732 3398 854 3452 καθ’
891 3400 948 3452 ὃν
973 3403 1005 3471 ή
1045 3399 1295 3471 βασιλεία
1318 3403 1426 3456 τῶν
1451 3403 1695 3474 οὐρανῶν
1729 3400 1879 3462 ἐντὸς
1910 3399 2069 3469 ἡμῶν
2095 3399 2266 3449 ἔστιν.

346 3539 394 3568 ²⁰
435 3539 540 3593 Isa.
589 3542 804 3610 IL,_5L
883 3546 926 3575 “
962 3545 1164 3601 lJoan.
1199 3564 1280 3611 ιιι,
1308 3548 1359 3600 2.
1441 3551 1484 3578 ¹¹
1516 3548 1651 3601 Luc.
1684 3561 1819 3606 xvn.
1853 3542 1918 3594 21

287 3751 3555 3778 W

767 3925 1165 4051 ΠΕΡΙ
1241 3927 1581 4052 ΤΗΣ
1658 3928 1866 4054 EN

1941 3929 2566 4056 ΧΡΙΣΤΩ
2625 3927 3075 4055 ΖΩΗΣ

1395 4151 1763 4236 ΛΟΓΟΣ
1841 4151 2426 4239 ΠΕΜΠΤΟΣ.

751 4322 888 4376 Τίνα
919 4322 1282 4376 συντέλειαν
1313 4321 1468 4392 αὺτῇ
1496 4324 1819 4394 παρέχεται
1846 4324 1885 4391 ἡ
1921 4325 2275 4393 καθιέρωσις
2312 4323 2418 4377 τοῦ
2453 4321 2612 4391 ἱεροῦ
2647 4318 3102 4384 θυσιαστηρίου.

1093 4622 1290 4744 DE
1359 4622 1750 4802 VITA
1829 4623 1988 4747 1N
2067 4530 2776 4746 CHRISTO-

1417 4861 1768 4950 LIBER
1865 4857 2442 4964 QUINTUS.

403 5150 506 5210 Ad
557 5167 884 5210 sacrorum
917 5148 1395 5227 divinorumque
1437 5147 1876 5224 mysteriorum
1916 5144 2368 5204 absoluttonem
2401 5137 2599 5196 altare
2625 5134 2809 5194 etiam
2841 5130 3257 5193 necessarium
3297 5147 3444 5187 esse.

351 5295 480 5349 Τῶν
540 5294 642 5364 μὲν
690 5294 855 5363 ίερῶν
910 5294 1228 5364 μυστηρίων
1281 5289 1436 5357 οὗτος
1486 5296 1514 5346 6
1558 5293 1737 5362 λόγος.
1779 5295 1872 5349 καὶ
1903 5297 1947 5357 C

1903 5297 1947 5357 ο
2051 5290 2345 5343 Sacrorum
2397 5283 2786 5356 mysteriorum
2815 5282 2894 5335 vis
2935 5290 2989 5334 ct
3019 5278 3158 5332 ratio
3199 5279 3315 5331 hasc
3365 5285 3467 5338 est,
3504 5283 3558 5326 ct

270 5390 492 5457 ταύτην
528 5389 664 5458 ἡμῖν
695 5387 811 5457 ἔχει
847 5387 986 5456 πρὸς
1017 5387 1115 5456 τὴν
1145 5386 1321 5454 ἀληθῆ
1368 5385 1514 5455 ζωὴν
1559 5389 1658 5453 τὴν
1696 5404 1877 5456 παρα-

273 5480 517 5543 σκευήν.
568 5479 726 5532 Ἐπεὶ
750 5479 806 5530 δὲ
832 5479 893 5530 τὸ
919 5477 1313 5546 θυσιαστήριον
1346 5478 1530 5543 πάσης
1556 5480 1702 5530 tam
1726 5479 1872 5548 ἀρχὴ

269 5573 536 5640 τελετῆς,
563 5571 631 5624 ἄν
661 5589 719 5623 τε
741 5571 983 5624 δειπνεῖν
1014 5571 1078 5624 ἄν
1101 5586 1160 5622 τε
1196 5572 1402 5640 χρίσμα
1429 5570 1521 5640 δὲῃ
1550 5570 1875 5638 λαμϐάνειν,

273 5668 378 5721 καὶ
416 5665 530 5735 μὴν
560 5666 655 5716 καὶ
696 5663 1027 5730 imisue-6m.
1060 5665 1152 5718 καὶ
1188 5661 1282 5714 τοῦ
1318 5661 1541 5738 λουτροῦ
1578 5662 1643 5714 τὰ
1675 5659 1877 5714 τελεώ-

271 5777 426 5812 τατα
462 5759 784 5825 μετασχεῖν,
813 5758 867 5809 εἶ
891 5773 943 5808 τι
973 5758 1065 5809 καί
1094 5754 1228 5806 αὐτὸ
1257 5753 1391 5823 πρὸς
1420 5755 1533 5815 τοῖς
1566 5754 1883 5821 εἰρημένας

274 5850 385 5905 au".
416 5849 518 5904 τὴν
554 5845 843 5917 πηγνῦσαν
877 5847 1011 5900 αὐτὸ
1057 5844 1303 5917 τελετὴν,
1342 5845 1416 5908 ὠς
1447 5838 1551 5899 οἷοί
1585 5843 1642 5896 τέ
1683 5845 1874 5917 ἐσμεν,

1977 5381 2043 5436 ad
2078 5395 2261 5434 veram
2295 5378 2456 5432 vilam
2497 5376 2640 5429 hunc
2671 5374 2722 5427 in
2759 5374 2974 5427 modum
3009 5387 3108 5425 nos
3138 5371 3398 5425 excolunt
3430 5383 3566 5435 pra:-

1980 5482 2304 5543 parantque.
2341 5469 2610 5523 Caeterum
2643 5466 2766 5535 quia
2802 5465 2971 5518 altare
3005 5463 3186 5516 omnis
3242 5460 3568 5515 initial-innis

1982 5578 2029 5621 et
2088 5563 2522 5619 consecrationis
2556 5558 2885 5628 principium
2930 5567 3034 5618 est,
3089 5568 3183 5608 seu
3222 5564 3376 5606 sacra
3413 5565 3570 5604 Cinna

1987 5658 2322 5727 usurpanda,
2361 5669 2455 5710 seu
2489 5652 2675 5706 unctio
2730 5650 3067 5718 accipienda,
3105 5662 3198 5702 seu
3234 5644 3566 5699 sacriﬁcium

1986 5747 2320 5809 iaciendum,
2347 5760 2442 5801 seu
2485 5760 2606 5814 qua:
2642 5743 2694 5796 in
2729 5741 3000 5810 baptismo
3036 5738 3305 5808 praecipua
3353 5735 3574 5805 partici-

1986 5839 2161 5914 panda
2190 5841 2343 5907 sint;
2401 5840 2446 5894 si
2484 5839 2702 5908 insuper
2729 5833 2793 5892 de
2822 5836 2962 5905 ipso,
2987 5843 3043 5891 et
3078 5831 3185 5887 ritu
3227 5844 3334 5900 quo
3374 5841 3573 5884 conse-
