4262 6460
719 404 822 473 627

1967 415 2271 478 NICOLAI
2314 422 2399 481 CA
2416 425 2701 486 BASIL‘E

3839 414 3945 475 εει
3985 396 3991 403 ’

718 526 902 573 cratnr
947 528 1417 589 comparaturque,
1448 534 1548 588 pro
1586 522 1721 575 virili
1763 534 1948 579 nostra
1981 527 2274 593 egerimus,
2306 536 2401 593 Ae

2260 568 2274 593 ο
2306 536 2354 593 Δ
2382 536 2752 605 θεωρήσομεν.
2787 534 2877 605 Μὴ
2916 534 2981 588 ἂν
3014 529 3166 602 οἴμαι
3209 528 3501 601 περίεργον
3533 527 3685 580 οὐδέν
3720 528 3943 592 ποιῆσαι

719 605 854 661 nihil
885 622 985 663 nos
1019 610 1100 664 vel
1147 610 1451 675 curiosum,
1484 615 1565 667 vel
1603 629 2067 683 supervacaneum
2105 619 2282 673 factu-

720 709 813 752 ros
878 697 1560 769 equidem“existintamus.
1614 704 1912 761 Perlectius
1942 718 2121 762 autem
2155 725 2284 764 con-

722 786 983 843 ditionem
1007 791 1126 860 cjus
1154 793 1589 862 explanahimus,
1620 797 1662 848 si
1701 807 1960 866 tanquam
1992 800 2058 853 de.
2084 811 2285 871 myste-

719 879 930 933 riorum
989 881 1128 945 basi,
1182 893 1277 938 aut
1337 885 1542 948 radice,
1605 897 1699 941 aut
1747 906 1858 957 quo
1912 890 2020 945 alio
2065 893 2285 947 nomine

722 971 981 1041 appr-[lari
1016 973 1194 1039 debet,
1248 974 1602 1041 disseramus.
1632 979 1811 1043 Quare
1844 993 1896 1035 et
1920 997 2039 1050 qua:
2094 997 2286 1037 conse-

719 1064 952 1119 cratoris
978 1066 1233 1121 manibus
1266 1068 1423 1135 ﬁunt,
1477 1079 1530 1125 et
1579 1073 1781 1139 quibus
1840 1074 2009 1128 altare
2051 1085 2282 1139 constet,

720 1154 1058 1218 indicemus;
1108 1158 1471 1228 omnibusque
1503 1163 1693 1216 ordine
1731 1165 2016 1233 expositis,
2070 1167 2283 1234 singula

717 1246 914 1301 deinde
936 1248 1067 1318 quid
1101 1250 1329 1305 occulta:
1359 1252 1785 1322 significationis
1833 1256 2065 1311 habeant
2104 1259 2285 1328 inqui—

709 1350 916 1394 ramus.

780 1427 1024 1486 Primum
1083 1432 1391 1499 bierarcha,
1429 1451 1524 1491 seu
1583 1438 1875 1508 episcopus
1934 1440 2176 1502 brachia.
2228 1451 2281 1496 et

712 1536 914 1592 corpus
947 1524 1215 1593 reliquum
1272 1526 1554 1585 linteatus.
1602 1541 1654 1585 et
1696 1532 1931 1595 cinctus,
1964 1534 2075 1593 Deo
2122 1550 2283 1610 super

712 1613 879 1669 humo
929 1616 1262 1687 (quanquam
1292 1636 1399 1675 non
1432 1622 1599 1692 nuda)
1636 1638 1694 1677 se
1728 1632 2046 1697 prosternit,
2083 1648 2283 1700 preca-

709 1709 908 1770 tusque
942 1706 1016 1757 uti
1060 1707 1242 1761 studio
1284 1724 1387 1763 suo
1438 1714 1770 1785 propositum
1804 1735 1867 1772 ac
1921 1722 2281 1777 desideratum

716 1792 874 1847 linem
930 1808 1319 1866 consequatur.
1369 1809 1437 1861 ad
1468 1822 1684 1875 operam
1737 1813 1988 1880 resurgit,
2025 1815 2281 1882 positam-

2389 626 2523 695 μηδέ
2544 624 2824 695 Δπαρέλκον
2844 641 2857 656 ·
2882 623 2972 676 τὸν
2996 623 3153 691 λόγον
3180 620 3277 690 μὲν
3300 616 3391 673 οὖν
3412 617 3743 687 τελεώτερον
3769 615 3947 677 οὕτως

2387 717 2454 769 ἂν
2483 717 2677 784 εἴημεν
2720 715 3138 776 ἀποδεδωκότες,
3169 712 3244 773 ὡς
3278 710 3343 763 ἂν
3386 709 3515 778 περὶ
3560 707 3659 776 τῆς
3687 705 3796 759 τῶν
3848 722 3949 773 μυ-

2387 810 2626 877 στηρέων
2660 806 2927 876 κρηπῖδος
2966 806 2998 874 ἢ
3053 804 3205 872 ῥίζης
3238 803 3272 872 ἦ
3318 802 3346 855 ὅ
3375 818 3427 853 τι
3454 800 3548 853 καὶ
3572 798 3678 867 χρὴ
3718 795 3947 850 καλέσαι

2383 894 2763 963 διεξελθόντες.
2798 899 2906 952 Καὶ
2925 898 3109 949 τοίνυν
3142 894 3178 948 δ.
3211 893 3361 965 παρὰ
3389 893 3500 947 τῶν
3536 891 3631 945 τοῦ
3669 888 3949 948 τελοῦντος

2384 990 2584 1059 χειρῶν
2615 989 2844 1057 γίνεται,
2890 992 2983 1043 καὶ
3011 988 3046 1040 ἃ
3081 986 3141 1039 τὸ
3174 984 3564 1053 θυσιαστήριον
3598 980 3949 1047 καθίστησιν,

2385 1082 2512 1148 ἑξῆς
2568 1078 3220 1141 ἐκτεθέντων.ἁπάντων,
3280 1076 3511 1129 ἕκαστον
3557 1072 3749 1126 ἔπειτα
3800 1071 3948 1132 τίνος

2385 1174 2534 1227 ἐστὶν
2566 1173 2793 1242 αἴνιγμα
2833 1171 2924 1224 καὶ
2957 1171 2983 1223 ὃ
3012 1186 3064 1222 τι
3099 1170 3280 1239 φέρει,
3316 1165 3630 1234 σκοπῶμεν.
3693 1194 3703 1203 -

2456 1440 2654 1516 Πρῶτα
2686 1439 2784 1512 μὶν-ι
2828 1432 3155 1501 ὀπέωνας
3206 1430 3561 1507 περτθέμενος
3609 1429 3636 1485 ό
3686 1426 3951 1501 ίεράρισςς
4030 1469 4037 1479 .

2387 1536 2587 1598 λευκὰς
2619 1539 2714 1587 καὶ
2757 1534 3069 1601 καταδήσας
3108 1532 3196 1584 ἐπί
3227 1546 3284 1581 τε
3330 1528 3438 1580 τῶν
3484 1524 3685 1596 χειρῶν
3728 1521 3821 1574 καὶ
3853 1519 3945 1572 τοῦ

2384 1626 2570 1681 λοιποῦ
2600 1626 2871 1693 σώματος,
2922 1624 3000 1692 τῷ
3041 1622 3162 1693 Θεῷ
3210 1619 3544 1691 προσπίπτει
3577 1612 3946 1675 κατακλιθεὶς,

2385 1722 2446 1775 οὐ
2474 1720 2616 1772 κατὰ
2637 1716 2796 1789 ψιλοῦ
2822 1715 2915 1770 τοῦ
2943 1716 3193 1783 ἐδάφους,
3217 1714 3311 1767 καὶ
3354 1711 3566 1775 δεηθεὶς
3594 1708 3653 1762 τδ
3683 1705 3948 1775 ζητούμε-

2384 1834 2473 1870 νον
2504 1815 2676 1885 πέρας
2721 1812 2907 1866 λαϐεῖν
2939 1810 3086 1879 αὑτῷ
3134 1808 3231 1879 τὴν
3268 1805 3505 1872 σπουδὴν
3554 1802 3648 1855 ἐπὶ
3677 1801 3738 1853 τὸ
3785 1800 3949 1868 ἔργον

711 1899 816 1957 q—ue
866 1902 1108 1946 mensam
1164 1893 1527 1965 prehendo-ns,
1561 1916 1677 1953 eam
1724 1913 1847 1971 apte
1878 1905 2016 1958 locat
2059 1922 2121 1960 ac
2168 1916 2278 1962 sta-
2312 1902 2394 1963 Bt

2268 1938 2278 1950 -
2312 1902 2351 1961 Β
2380 1909 2686 1972 ἀνίσταται,
2718 1909 2813 1960 καὶ
2833 1905 2931 1973 τὴν
2970 1900 3253 1973 τράπεζαν
3307 1898 3571 1967 κειμένην
3624 1892 3951 1954 ἀνελόμενος

711 1979 866 2045 l.ilit;
904 1997 1009 2036 non
1053 1984 1103 2038 id
1139 1994 1345 2040 tantum
1385 1987 1505 2043 aliis
1532 1990 1750 2058 jubens,
1786 1993 1877 2046 sed
1924 1995 2038 2063 ipse
2064 2008 2278 2066 quoque

709 2088 907 2128 manus
936 2076 1251 2133 admovens.
1281 2078 1353 2132 Ita
1382 2080 1492 2136 live
1516 2082 1743 2137 locatam
1773 2086 1861 2139 ubi
1880 2087 2054 2141 calida
2085 2087 2278 2155 abluit,

708 2179 831 2219 cum
852 2167 1123 2235 precibus,
1143 2178 1277 2225 utea
1299 2187 1404 2227 non
1424 2174 1596 2228 solum
1625 2176 1812 2231 sordes
1829 2188 2166 2247 apparentes,
2186 2179 2280 2235 sed

708 2255 874 2311 etiam
899 2261 1277 2329 contagionem
1308 2280 1337 2317 a
1367 2264 1705 2322 daemonibus
1734 2268 1807 2321 illi
1843 2285 2127 2338 aspersam.
2149 2286 2280 2340 puro

709 2350 871 2415 gandi
907 2353 1015 2407 vim
1051 2354 1267 2419 habeat,
1294 2372 1417 2413 mox
1444 2361 1691 2415 eamdem
1721 2363 1847 2417 vino
1877 2372 2017 2417 notae
2038 2364 2277 2433 optimae,

708 2450 766 2496 et
799 2444 918 2499 oleo
955 2460 1200 2513 rosaceo,
1239 2458 1298 2504 ut
1329 2450 1587 2517 arbitror,
1620 2453 1916 2523 perfundit.
1971 2455 2278 2511 Secundum

712 2534 828 2589 haec
888 2550 1105 2593 sacrum
1188 2553 1523 2613 unguentum
1590 2545 1832 2610 adhibet,
1913 2549 2275 2618 ungendoque

710 2628 892 2700 crucis
926 2629 1163 2698 ﬁgura-tr
1192 2634 1413 2687 tertium
1446 2635 1723 2704 exprimit.
1760 2652 1824 2692 ac
1860 2638 1969 2691 Deo
2001 2640 2276 2692 canticum

710 2717 841 2773 illud
874 2724 1247 2792 propheticum
1290 2734 1344 2779 et
1389 2726 1804 2782 celeberrimum
1874 2730 2092 2785 accinil.
2126 2732 2282 2785 Post-

712 2811 933 2866 modum
983 2814 1215 2869 candido
1271 2817 1417 2870 illam
1453 2819 1622 2873 linteo
1658 2821 1892 2884 ohvelat,
1926 2832 1981 2876 et
2039 2824 2279 2891 stragula

712 2910 867 2957 veste
895 2913 1132 2972 prettosa
1164 2918 1413 2975 exornat,
1437 2909 1653 2979 aliaque
1688 2911 1853 2966 lintea
1904 2928 2067 2982 super
2092 2914 2158 2968 iis
2181 2929 2278 2969 ex-

713 2993 921 3062 pandit.
955 3013 1076 3067 quae
1108 2999 1325 3069 quidem
1380 3012 1549 3056 sacro
1590 3016 1886 3072 unguento,
1931 3006 2280 3073 quemade

716 3088 843 3139 dum
878 3102 1088 3153 mensa,
1128 3088 1387 3153 delibuta,
1421 3102 1477 3147 et
1522 3095 1586 3147 ad
1616 3105 1916 3149 extremum
1962 3110 2165 3150 mense
2195 3113 2286 3151 su-

713 3177 1035 3248 perinjecla,
1077 3184 1250 3237 sacris
1284 3184 1482 3239 tabulis
1515 3186 1757 3254 proxime
1784 3188 2011 3243 subesse
2042 3196 2279 3259 oportet.

2383 2000 2665 2070 καθιδρύει
2687 2000 2780 2051 καὶ
2805 1998 3099 2065 πήγνυσιν,
3123 1994 3183 2047 ού
3216 1990 3452 2045 κελεύων
3486 1987 3664 2057 μόνον,
3698 1983 3833 2040 ἀλλὰ
3857 1982 3953 2035 καὶ

2381 2094 2569 2165 χεῖρας
2602 2090 2859 2157 εἰσάγων.
2899 2085 3163 2140 Τεθεῖσαν
3205 2081 3261 2135 δὲ
3300 2081 3523 2150 θερμοῖς
3562 2072 3950 2140 ἀποκλυσάμεο

2380 2204 2469 2250 νος
2495 2183 2704 2246 ὕδασιν,
2737 2178 2817 2244 οἷς
2847 2177 3051 2249 ηὔξατο
3083 2176 3157 2247 μὴ
3195 2174 3371 2247 ῥύπου
3407 2168 3948 2241 φαινομένουμόνον,

2378 2278 2514 2335 ἀλλὰ
2543 2281 2640 2333 καὶ
2668 2277 2767 2347 τῆς
2799 2275 2906 2330 ἀπὸ
2931 2274 3038 2327 τῶν
3062 2273 3335 2341 δαιμόνων
3365 2265 3717 2338 προστροπῆς
3739 2262 3949 2331 καθάρο

2383 2391 2499 2427 σιον
2530 2371 2759 2440 δύναμιν
2810 2368 2993 2438 ἔχειν’
3038 2361 3159 2419 εἶτα
3209 2361 3427 2435 μυρίζει
3484 2360 3627 2414 οἴνου
3684 2374 3745 2410 τε
3809 2357 3951 2424 χέων

2380 2465 2519 2534 αὐτῇ
2544 2462 2636 2517 τοῦ
2656 2460 2945 2515 καλλίστου
2974 2458 3065 2511 καὶ.
3088 2455 3261 2527 μύρου
3296 2451 3529 2508 στακτοῦ
3553 2450 3744 2519 ῥόδων,
3770 2444 3951 2515 οἶμαι,

2381 2554 2771 2626 πεποιημένου,
2801 2554 2937 2623 μετὰ
2955 2549 3196 2605 δὲταῦτα
3216 2549 3275 2601 τὸ
3289 2548 3431 2617 ἱερὸν
3454 2546 3625 2614 μύρδν
3643 2541 3834 2608 ἐπάγει
3861 2538 3957 2591 καὶ

2381 2647 2546 2717 χρίει,
2588 2646 2767 2716 τρίτον
2796 2642 3022 2713 γράφων
3050 2643 3134 2693 ἐπ’
3163 2638 3335 2706 αὐτῆς
3369 2636 3460 2689 τὸν
3484 2632 3716 2702 σταυρὸν
3742 2630 3835 2683 καὶ
3872 2628 3953 2697 τῷ

2382 2736 2501 2806 Θεῷ
2558 2736 2619 2787 τὸ
2674 2732 3016 2805 προφητικὸν
3052 2731 3194 2803 ᾄδων
3241 2726 3391 2801 ᾆσμα
3442 2727 3503 2779 τὸ
3547 2722 3954 2791 πολυύμνητον.

2383 2825 2517 2882 Εἶτα
2550 2828 2719 2898 λευκῇ
2770 2823 3150 2896 περικαλύψας
3193 2822 3353 2892 ὀθόνῃ
3399 2819 3624 2879 πέπλοις
3655 2832 3713 2868 τε
3752 2812 3954 2879 τιμίοις

2383 2921 2695 2990 ἐπικοσμεῖ,
2730 2918 2824 2971 καὶ
2864 2916 3075 2977 τούτοις
3127 2913 3317 2975 ὀθόνας
3376 2910 3542 2971 ἄλλας
3587 2907 3841 2977 ἑφαπλοῖ,
3876 2902 3956 2970 τῲ

2384 3005 2515 3076 θείῳ
2551 3006 2708 3075 μύρῳ
2742 3004 2834 3066 τὸν
2861 3003 2963 3072 τῆς
2992 3003 3276 3073 τραπέζης
3308 3001 3509 3071 τρόπον
3549 2996 3953 3066 ἀληλιμμέναςν

2382 3097 2450 3161 ἃς
2484 3096 2921 3166 ἐπιϐεϐλημένας
2960 3096 3186 3165 ἔσχατον
3218 3096 3282 3164 τῇ
3324 3089 3576 3162 τραπέζῃ
3614 3088 3695 3141 δεῖ
3721 3088 3831 3147 τοῖς
3862 3084 3956 3137 πί-

2384 3189 2535 3253 ναξιν
2592 3189 2816 3257 ἁμέσως
2868 3186 3187 3240 ὑποκεῖσθαι
3242 3188 3354 3247 τοῖς
3402 3184 3588 3254 ἱεροῖς.
3636 3181 3747 3235 Καὶ
3783 3178 3961 3231 ταῦτα

712 3268 829 3326 llac
880 3273 1188 3329 carintonia
1254 3274 1477 3332 functus
1521 3278 1686 3333 linteo
1719 3294 1778 3333 se
1829 3281 1998 3345 exuit,
2034 3281 2287 3336 intlulus-
2316 3269 2359 3328 ο

2274 3310 2287 3322 -
2316 3269 2359 3328 C
2396 3280 2537 3332 οὕτω
2565 3279 2810 3341 τελέσας.
2846 3278 2964 3330 λύει
3000 3277 3097 3347 μὲν
3123 3277 3218 3330 καὶ
3248 3274 3560 3344 περιδύεται
3599 3272 3696 3334 τὰς
3738 3270 3957 3335 ὀθόνας,

711 3377 819 3432 que
841 3364 1034 3418 stolam
1068 3366 1462 3422 hierarchicam
1488 3369 1539 3423 in
1571 3370 1803 3425 vicinam
1836 3372 2070 3440 aliquam
2096 3387 2278 3427 sacra-

713 3469 834 3508 rum
878 3455 1089 3510 aedium
1126 3459 1443 3526 egreditur;
1493 3460 1581 3513 ubi
1660 3462 1896 3530 acceptis
1971 3475 2281 3517 sanctorum

714 3554 1021 3618 martyrum
1058 3551 1299 3615 ossibus,
1333 3551 1399 3605 ad
1428 3553 1529 3607 hoc
1577 3553 1751 3622 ipsum
1786 3554 2010 3623 paratis,
2037 3565 2088 3609 et
2120 3571 2286 3625 super

713 3637 885 3692 altera
914 3639 1103 3694 altaris
1149 3641 1471 3695 tabellarum
1534 3645 1808 3713 repositis,
1843 3646 1895 3698 in
1927 3661 2035 3713 quo
2067 3661 2287 3699 venera-

712 3728 823 3784 bile
890 3730 1091 3786 donum
1148 3733 1425 3799 collocat,
1475 3743 1530 3788 et
1579 3737 1852 3805 operiens,
1888 3734 2093 3806 quibus
2152 3736 2285 3792 illud

714 3823 914 3890 operit,
950 3823 1243 3880 admodum
1278 3838 1592 3882 reverenter
1615 3829 1771 3893 tollit,
1802 3845 2078 3900 supraque
2126 3839 2289 3899 caput

712 3920 939 3984 portans
966 3954 981 3979 ,
1010 3915 1076 3970 ad
1100 3917 1324 3972 domum
1358 3935 1479 3989 quae
1522 3920 1894 3975 sanctiﬁratur
1933 3922 2045 3976 sive
2074 3921 2289 3975 dedica-

716 4017 806 4061 tur
831 4008 974 4063 inter
1015 4009 1311 4079 lampades,
1350 4021 1565 4075 cantus,
1595 4004 1918 4076 suﬂimenta,
1944 4012 2142 4080 quibus
2163 4027 2286 4064 eum

716 4098 1053 4154 incedentem
1116 4101 1270 4155 multi
1346 4103 1727 4162 cohonestanl.
1790 4103 2155 4172 progreditur.
2210 4103 2287 4155 Ita

716 4192 1044 4260 procedens,
1079 4193 1459 4263 ubi~templnm
1516 4196 1714 4264 attigit,
1743 4204 1866 4248 ante
1887 4195 2084 4263 jauuzts
2142 4196 2291 4248 clau-

715 4298 808 4338 sas
839 4283 1118 4352 consistit,
1178 4284 1442 4354 iubetque
1504 4286 1640 4355 ipsis
1684 4286 1903 4340 Davidis
1936 4285 2164 4342 vocibus
2195 4301 2290 4341 eos

712 4376 808 4445 qui
843 4376 990 4431 intus
1028 4386 1177 4441 sunt,
1203 4388 1388 4447 portas
1420 4376 1549 4448 Regi
1580 4379 1767 4450 gloria:
1797 4379 2007 4448 aperire
2034 4381 2101 4442 ”,
2133 4388 2187 4435 et
2214 4381 2293 4431 vi-

712 4467 901 4522 cissim
932 4468 1102 4531 audit,
1137 4483 1261 4538 qua:
1290 4468 1405 4533 ille,
1459 4469 1741 4523 Salvatore
1771 4470 1971 4523 caelum
2028 4483 2294 4525 conscen-

711 4558 875 4613 d‘ente
924 4558 1145 4627 angelos
1185 4559 1393 4628 angelis
1444 4568 1635 4613 contra
1686 4564 2078 4628 respondentes
2109 4570 2282 4615 Intro-

714 4650 888 4705 ducit.
951 4648 1268 4719 Portisjam
1301 4652 1631 4719 patentibus.
1678 4653 2001 4721 ingreditur,
2065 4670 2282 4710 sacrum

712 4752 810 4792 vas
844 4738 976 4791 illud
1002 4726 1316 4807 colipertum
1354 4754 1518 4808 supra
1558 4750 1721 4809 caput
1747 4742 1977 4797 habens.
2011 4742 2187 4796 Simul
2221 4745 2286 4798 ad

712 4828 907 4891 altare,
934 4835 987 4881 et
1017 4827 1083 4881 ad
1116 4828 1287 4897 ipsam
1339 4843 1580 4882 mensam
1622 4830 1874 4892 accessit,
1919 4847 2083 4901 super
2112 4848 2172 4885 ea
2198 4834 2291 4887 de-

713 4918 888 4988 ponit,
916 4927 1396 4989 teguutentumque
1424 4931 1691 4981 removet,
1711 4920 2064 4990 iacentesque
2087 4922 2139 4975 itt
2168 4938 2295 4977 vase

715 5011 937 5067 divitias
966 5012 1127 5078 tollit,
1154 5022 1207 5066 et
1228 4994 1421 5078 thecae,
1450 5028 1573 5082 quae
1600 5015 1907 5083 capacitate
1939 5015 2287 5084 respondeat,

715 5103 967 5170 imponit.
997 5102 1128 5157 Post
1180 5105 1292 5159 haec
1343 5115 1621 5175 unguento
1649 5106 2023 5161 sacratissimo
2052 5107 2160 5163 illis
2199 5125 2292 5162 sn-

716 5195 960 5264 perfuso,
991 5196 1093 5249 sub
1125 5212 1280 5251 sacra
1313 5212 1499 5252 mensa
1532 5199 1739 5252 condit.
1767 5198 1861 5252 llis
1919 5199 1989 5251 ita
2026 5202 2292 5259 confectis

717 5289 913 5344 domus
938 5289 1050 5360 jam
1085 5290 1283 5345 domus
1315 5292 1602 5357 orationis,
1642 5308 1829 5348 mensa
1862 5310 1990 5346 vero
2017 5294 2083 5348 ad
2120 5298 2295 5354 sacri-

719 5382 899 5435 licium
964 5383 1154 5437 idonea
1221 5393 1275 5439 et
1331 5392 1518 5452 parata
1571 5394 1675 5449 est,
1732 5395 1784 5440 et
1837 5388 2289 5442 sacriﬁcatorium

716 5483 946 5539 prorsus
976 5482 1085 5528 est.

2388 3372 2549 3436 αὐτὸς
2580 3372 2637 3425 δὲ
2665 3372 2763 3440 τὴν
2799 3369 3115 3440 ίεραρχικὴν
3148 3368 3286 3438 ἔχων
3332 3366 3528 3437 στολὴν
3569 3366 3662 3418 ἐπί
3691 3381 3815 3418 τινα
3842 3365 3964 3431 γείο

2384 3480 2513 3519 τονα
2543 3464 2651 3517 τῶν
2684 3463 2846 3533 ίερῶν
2878 3462 3080 3526 ἔξεισιν
3117 3461 3301 3513 οἴκων.
3337 3459 3504 3513 Ὅθεν
3539 3457 3711 3527 ἁγίων
3744 3454 3960 3527 μαρτύ-

2391 3571 2499 3623 ρων
2551 3556 2686 3621 ana
2734 3552 2914 3605 λαὸὼν
2963 3554 3040 3613 είς
3080 3552 3223 3604 τοῦτ’
3261 3550 3409 3620 αὐτῷ
3456 3546 3957 3618 παρεσκευασμένα

2388 3651 2484 3703 καὶ
2530 3646 2642 3710 θεὶς
2701 3647 2796 3698 ἐπὶ
2836 3645 3067 3715 θατέρου
3122 3645 3231 3697 τῶν
3283 3645 3375 3696 ἐπὶ
3422 3642 3518 3695 τοῦ
3565 3641 3959 3711 θυσιαστηρίου

2392 3737 2660 3802 πινάκων,
2697 3738 2755 3789 ἐν
2871 3737 2933 3788 τὸ
2968 3735 3193 3805 φρικτὸν
3228 3734 3413 3803 τίθησι
3439 3733 3634 3802 δῶρον,
3666 3734 3763 3784 καὶ
3798 3728 3968 3783 καλύ-

2389 3830 2516 3899 ψας,
2542 3824 2621 3892 οἷς
2652 3831 2828 3882 ἐκεῖνο
2852 3826 3136 3891 καλύπτει,
3166 3827 3310 3894 μάλα
3336 3843 3395 3880 τε
3422 3825 3636 3894 σεμνῶς
3657 3824 3967 3891 ἀναιρεῖται

2392 3924 2487 3976 καὶ
2521 3923 2755 3992 κομίσας
2802 3923 2896 3974 ἐπὶ
2938 3921 3036 3990 τῆς
3077 3920 3319 3988 κεφαλῆς
3358 3921 3448 3973 ἐπὶ
3479 3919 3571 3972 τὸν
3600 3916 3969 3987 ἁγιαζόμενον

2393 4012 2638 4084 πρόεισιν
2688 4009 2859 4075 οἷκον,
2911 4012 3163 4077 λαμπάσι
3196 4012 3289 4064 καὶ
3339 4011 3549 4081 ᾄσμασι
3578 4010 3674 4062 καὶ
3710 4008 3982 4085 θυώμασι-

2393 4109 2487 4159 καὶ
2522 4105 2715 4175 μύροις
2743 4105 2841 4175 τὴν
2873 4103 3099 4174 πρόοδον
3132 4102 3345 4155 πολλῶν
3395 4101 3751 4170 κοσμούντων
3792 4100 3967 4167 αὐτῷ,

2393 4198 2491 4249 καὶ
2519 4194 2661 4248 οὕτω
2694 4194 2912 4264 χωρῶν,
2951 4195 3075 4247 ἐπεὶ
3100 4192 3397 4245 καταλάϐοι
3420 4194 3510 4243 τὸν
3532 4191 3671 4244 νεὼν
3702 4192 3796 4244 καὶ
3829 4190 3971 4258 πρὸς

2395 4287 2544 4356 αὐτῷ
2589 4287 2823 4354 γένοιτο,
2854 4286 3070 4337 ἵσταται
3121 4284 3221 4352 μὲν
3260 4284 3368 4353 πρὸ
3398 4284 3504 4336 τῶν
3537 4282 3719 4353 θυρῶν
3751 4284 3970 4336 κεκλει-

2397 4380 2631 4449 σμένων,
2683 4375 2892 4429 κελεύει
2944 4376 3001 4427 δὲ
3052 4376 3164 4437 τοῖς
3218 4373 3367 4426 ἔνδον
3417 4373 3601 4425 πυλῶν
3648 4374 3748 4436 τὰς
3792 4373 3972 4435 πύλας

2396 4472 2639 4537 ἀνοίγειν
2670 4467 2747 4536 τῷ
2774 4470 2871 4535 τῆς
2894 4464 3050 4531 δόξης
3084 4464 3322 4526 Βασιλεῖ,
3355 4465 3450 4516 καὶ
3478 4463 3649 4525 αὐτὰς
3678 4463 3771 4515 τοῦ
3801 4463 3973 4516 Δαδ¹ιδ

2398 4558 2571 4611 εἰπὼν
2603 4556 2700 4619 τὰς
2733 4556 2949 4624 φωνάς·
2985 4554 3081 4607 καὶ⁵
3112 4553 3263 4623 παρὰ
3284 4552 3394 4605 τῶν
3425 4550 3862 4616 ἐνδοιιὰκούσας,
3901 4551 3972 4614 ἃς

2393 4653 2603 4712 ἐκεῖνος
2629 4649 2753 4709 τοὺς
2785 4647 3046 4715 ἀγγέλους
3070 4646 3327 4711 λέγοντας
3352 4644 3603 4713 ἀλλήλοις
3636 4644 3847 4711 εἰσάγει
3874 4645 3975 4696 τοῦ

2393 4740 2643 4809 Σωτῆρος
2711 4738 2790 4799 είς
2852 4738 2945 4788 τὸν
3007 4734 3237 4804 οὐρανὸν
3293 4733 3559 4798 ἀνιόντος,
3612 4732 3721 4785 τῶν
3791 4733 3977 4801 θυρῶν

2393 4829 2920 4899 ἀναπεταννυμένων
2979 4829 3174 4881 εἴσεισι
3224 4826 3285 4878 τὸ
3329 4827 3495 4896 ἱερὸν,
3554 4825 3746 4887 σκεῦος
3793 4827 3977 4877 ἐκεῖνο

2397 4921 2919 4990 συγκεκαλυμμένον
2953 4920 3043 4971 ἐπὶ
3085 4919 3184 4987 τῆς
3230 4920 3469 4987 κεφαλῆς
3507 4916 3666 4985 ἔχων.
3716 4917 3977 4970 Ἐπειδὰν
4049 4924 4053 4929 ’

2393 5016 2451 5069 δὲ
2489 5014 2740 5069 statuto?)
2769 5010 3162 5080 θυσιαστηρίου
3202 5011 3293 5061 καὶ
3320 5011 3456 5078 πρὸς
3487 5011 3623 5079 αὐτῇ
3656 5010 3882 5078 γένηται
3906 5013 3978 5079 τῇ

2398 5107 2669 5181 τραπέζῃ,
2701 5104 3055 5160 κατατίθεται
3100 5102 3200 5171 μὲν
3243 5101 3331 5152 ἐπ’
3371 5102 3541 5170 αὐτῆς
3571 5103 3667 5154 καὶ
3694 5102 3978 5154 ἀνακαλύ-

2398 5220 2542 5269 πτει,
2581 5202 2669 5254 τὸν
2719 5202 2764 5253 δ’
2811 5198 3129 5266 ἐγκείμενον
3166 5194 3317 5264 αύτῷ
3380 5194 3611 5248 πλοῦτον
3667 5197 3982 5264 ἀναιρεῖται

2404 5297 2502 5367 μὲν
2534 5294 2765 5367 ἐκεῖθεν,
2793 5289 3062 5359 -ἐντίθησι
3099 5288 3157 5340 δὲ
3192 5286 3451 5359 θησαυρῷ
3488 5287 3565 5357 τῷ
3614 5286 3837 5356 μεγέθει
3870 5287 3983 5339 τῶν

2402 5385 2759 5454 ἐντιθεμένων
2822 5382 3141 5451 συμμέτρῳ,
3186 5380 3280 5431 καὶ
3329 5378 3466 5449 μετὰ
3495 5376 3653 5430 τοῦτο
3701 5376 3763 5429 τὸ
3801 5376 3982 5446 μύρον

2402 5482 2586 5540 αὐτοῖς
2617 5479 2677 5530 τὸ
2718 5476 3132 5543 παναγέστατον
3165 5474 3391 5542 ἐπιχέας
3434 5470 3537 5524 ὑπὸ
3566 5470 3666 5540 τὴν
3693 5469 3985 5540 τράπεζαν

716 5566 1033 5620 ἀποτίθεται
1062 5568 1162 5636 τὴν
1206 5569 1379 5641 ίερόν.
1414 5570 1631 5624 Τούτων
1672 5570 1728 5623 δὲ
1768 5571 1911 5625 οὕτω
1943 5576 2474 5646 κατεσκευασμένων
2509 5578 2535 5628 ὁ
2564 5575 2661 5644 μὲν
2692 5568 2839 5634 οἶκος
2903 5567 3217 5639 προσευχῆς
3286 5564 3456 5636 οἶκος,
3521 5568 3567 5637 ἡ,
3628 5564 3883 5638 τράπεζα
3926 5564 3989 5618 δδ

722 5655 859 5726 πρὸς
888 5657 989 5727 τὴν
1023 5658 1213 5714 θυσίαν
1244 5661 1358 5732 ἔχει
1390 5665 1483 5717 καὶ
1509 5663 1954 5733 παρεσκεύασται
1983 5665 2078 5720 καὶ
2104 5666 2455 5737 θυσιασήριόν
2493 5668 2640 5722 ἐστιν
2666 5662 2926 5736 ἀτεχνῶς.

794 5841 839 5876 ⁸³
877 5840 1021 5899 Psal.
1058 5859 1211 5913 xxi",
1251 5844 1305 5911 7,
1343 5846 1393 5903 8.
