4262 6460
779 414 878 477 051

2000 409 2305 468 \‘lCOLAi
2350 409 2663 468 CARASIL
2686 410 2734 468 ‘E

3904 406 4005 469 652

776 536 975 601 gladio,
1031 534 1158 601 igni,
1225 533 1379 584 morti
1411 548 1527 584 sese
1578 532 1932 595 tradideaunt,
1988 532 2337 585 (matricibus
2369 536 2459 587 Ac

2334 566 2337 579 .
2369 536 2408 587 Α
2443 529 2659 586 αὐτοὺς,
2689 528 2784 588 τὰς
2820 528 2978 588 οὐλὰς
3004 528 3081 578 ἔτι
3111 527 3417 591 δεικνύντες
3445 530 3539 581 ἐπὶ
3563 530 3673 583 τῶν
3694 532 4017 599 λαμπόντων

776 628 829 676 in
869 624 1187 691 corporibus
1220 621 1438 684 fulgidis
1486 623 1787 689 conspicui,
1834 633 1885 675 et
1936 622 2176 687 vestigiis
2222 623 2336 671 vnl—

776 732 989 771 nerum.
1060 724 1118 767 ut
1170 723 1490 780 tropaorum
1537 714 1767 780 quadem
1828 714 2179 781 inscriptione
2249 714 2339 763 tri-

775 806 1120 879 umphantes,
1184 818 1382 857 corona
1465 802 1927 863 fortissimorum,
2022 803 2337 855 vulneribus

773 899 1067 950 illustrium
1098 937 1111 959 ,
1161 895 1312 965 juxta
1353 908 1564 962 regem,
1607 895 1722 963 qui,
1772 895 1914 963 quod
1973 897 2192 948 occisus
2234 906 2336 955 est,

773 991 926 1048 vicit,
979 998 1034 1041 et
1092 986 1233 1055 quod
1294 984 1493 1038 Paulus
1548 985 1643 1049 ait,
1714 993 1963 1054 «propter
2025 986 2335 1054 passionem

772 1086 961 1139 mortis
983 1083 1077 1147 “,:
1115 1081 1285 1150 gloria
1320 1089 1375 1134 et
1409 1081 1615 1134 honore
1642 1090 1978 1132 coronatum.

845 1174 971 1229 li're
997 1172 1406 1227 commentandi
1430 1179 1745 1239 argumenta
1788 1170 1949 1224 nobis
1974 1173 2339 1233 sumenlibus,

770 1279 821 1320 et
844 1266 990 1319 omni
1026 1278 1266 1333 tempore
1284 1263 1666 1331 cogitantibus,
1689 1272 1802 1316 tum
1820 1272 2023 1316 natura:
2049 1262 2341 1317 nostrzedi-

771 1362 973 1429 gnitas,
1000 1368 1112 1410 tum
1151 1357 1238 1409 Dei
1260 1356 1563 1424 benignitas
1602 1356 1852 1408 notaliel.
1877 1353 1990 1407 Iioc
2030 1352 2267 1405 maxime
2311 1368 2339 1405 a

770 1452 1031 1523 pravitate
1049 1465 1147 1503 nos
1165 1448 1388 1509 arcebit,
1405 1456 1457 1499 et
1474 1448 1515 1500 si
1533 1446 1940 1507 forti-labentur,
1961 1443 2115 1497 facile
2135 1459 2346 1513 repara-

772 1546 869 1598 bit.
906 1543 1040 1595 Cum
1066 1540 1211 1593 enim
1274 1540 1441 1593 multa
1491 1539 1600 1591 sint
1640 1553 1760 1605 qua:
1813 1537 2039 1590 salutent
2099 1546 2337 1591 nostram

772 1634 1033 1701 impedire
1090 1639 1317 1701 queant,
1368 1631 1704 1697 pnecipuum
1752 1636 1857 1691 est,
1918 1628 2063 1696 quod
2115 1636 2341 1696 peccato

768 1736 1099 1793 quocunque
1155 1720 1418 1782 admisso,
1469 1734 1572 1771 non
1607 1718 1752 1771 illico
1796 1719 1859 1771 ad
1893 1718 2058 1770 Dcnm
2092 1717 2340 1769 conversi

769 1816 983 1869 veniam
1021 1812 1358 1881 rogitamus;
1397 1810 1490 1864 sed
1518 1812 2338 1872 erubescentes,etinctuentes,

2446 620 2711 687 σωμάτων
2769 619 2861 669 καὶ
2906 618 3333 687 θριαμϐεύοντες
3381 622 3493 682 τοῖς
3522 620 3632 673 τῶν
3660 621 3886 690 πληγῶν
3921 623 4018 674 τύ-

2442 728 2559 771 ποις
2592 711 2665 771 ὡς
2701 711 2978 779 ἐπιγραφῇ
3011 710 3317 773 τροπαίων,
3354 711 3553 772 κύκλος
3600 714 3870 778 ἀριστέων
3904 714 4017 765 ἀπὸ

2439 804 2770 869 τραυμάτων
2815 802 3119 870 εὐδοκιμῶν
3170 803 3322 868 παρὰ
3382 803 3595 872 βασιλεῖ
3625 804 3702 872 τῷ
3739 808 4015 871 σφαγῆναι

2440 894 2769 963 νενικηκότι,
2804 896 2896 946 καὶ
2927 895 2954 945 ὃ
2987 911 3120 962 φησι
3144 895 3352 957 Παῦλος
3384 913 3401 945 ι
3431 896 3519 948 διὰ
3546 896 3605 948 τὸ
3655 895 3887 966 πάθημα
3923 897 4015 948 τοῦ

2442 984 2673 1037 θανάτου
2703 984 2830 1057 δόξῃ
2860 986 2953 1036 καὶ
2978 986 3116 1053 τιμῇ
3154 985 3619 1054 ἐστεφανωμένῳ.
3661 1006 3678 1036 ι

2511 1168 2695 1221 Ταῦτα
2720 1169 3068 1238 ποιουμένοις
3102 1166 3337 1235 μελέτην
3359 1168 3453 1220 καὶ
3478 1165 3685 1219 τούτων
3710 1164 3862 1218 οῦσιν
3892 1166 4019 1217 ὅσαι

2441 1255 2581 1329 ὧραι
2605 1261 2710 1312 τῶν
2738 1260 3041 1326 λογισμῶν.
3062 1261 3120 1310 τό
3149 1275 3208 1309 τε
3236 1257 3334 1325 τῆς
3363 1258 3576 1326 φύσεως
3608 1258 3762 1327 ἡμῶν
3801 1256 4021 1324 ἀξίωμα

2442 1353 2716 1421 γνώριμον
2810 1369 2866 1402 τε
2890 1351 3273 1419 φιλανθρωπία
3297 1351 3427 1419 δήλη
3453 1349 3653 1417 γένοιτ’
3675 1349 3741 1401 ἂν
3766 1350 3899 1417 ἡμῖν
3923 1348 4020 1400 τοῦ

2443 1444 2601 1497 Θεοῦ.
2658 1443 2828 1495 Τοῦτο
2878 1443 2933 1495 δὲ
2974 1444 3211 1512 μάλιστα
3246 1442 3346 1511 μὲν
3383 1443 3474 1493 ἐπί
3533 1459 3584 1493 τι
3618 1442 3855 1510 πονηρὸν
3892 1442 4024 1493 ἰδεῖν

2443 1541 2733 1603 ούκὲάσει,
2766 1540 3031 1599 πεσόντας
3078 1538 3153 1602 δὲ,
3190 1540 3237 1589 εἰ
3268 1538 3534 1606 συμϐαίη,
3572 1536 3898 1607 ἀναλήψαιτ’
3954 1536 4023 1589 ἂν

2445 1631 2659 1700 ῥᾳδίως.
2702 1631 2921 1683 Πολλῶν
2942 1631 3050 1699 γὰρ
3081 1630 3274 1690 ὄντων,
3304 1630 3406 1683 ἆπε
3417 1648 3449 1698 ρ
3477 1632 3543 1683 ἂν
3580 1631 3712 1697 ἡμῖν
3743 1630 4021 1697 προσταίη

2444 1727 2507 1793 τῇ
2550 1724 2813 1794 σωτηρίᾳ,
2866 1726 3121 1791 μέγιστον
3180 1722 3437 1775 ἁπάντων
3470 1723 3530 1775 τδ
3562 1721 4023 1791 πλημμελοῦντας

2444 1814 2623 1867 ὁτιοῦν
2660 1817 2733 1885 μὴ
2769 1817 2904 1884 πρὸς
2933 1816 3025 1865 τὸν
3051 1815 3183 1867 Θεὸν
3210 1815 3371 1875 εὐθὺς
3416 1815 3792 1884 ἐπεστράφθαι
3820 1831 4022 1883 παραι-

772 1910 912 1960 Viam
940 1908 1004 1959 ad
1034 1906 1185 1959 illum
1218 1902 1502 1956 molestam
1535 1916 1597 1953 ac
1627 1898 1919 1963 ditiicilem,
1945 1898 2205 1966 illumque
2235 1897 2337 1949 ira-
2378 1920 2416 1973 Β
2447 1926 2455 1938 ι

2378 1920 2416 1973 Β
2447 1909 2763 1971 τουμένουε,
2812 1908 2929 1959 ἀλλ’
2988 1908 3413 1978 αἰσχυνομένους
3448 1914 3543 1959 καὶ
3587 1907 3899 1971 δεδοικότας
3931 1911 4025 1976 ἐρ-

773 2013 887 2055 tum
920 1999 1077 2053 nobis
1101 2006 1153 2051 et
1174 1994 1479 2057 inimicum,
1506 2003 1559 2047 et
1594 2008 1717 2045 eum
1745 1990 2003 2045 accedere
2035 1990 2340 2043 volentibus

774 2089 1033 2161 singulari
1070 2087 1467 2158 praeparatione
1495 2099 1631 2153 opus
1654 2098 1775 2137 esse
1801 2083 2112 2147 opinamur.
2144 2080 2342 2132 Huma-

775 2188 918 2241 nitas
946 2199 1111 2255 porro
1139 2182 1230 2236 Dei
1271 2178 1587 2249 hnjusmodi
1634 2180 1867 2247 cogitata
1899 2192 1962 2229 ex
1996 2177 2175 2228 anima
2213 2174 2339 2227 fun-

773 2282 923 2335 ditus
948 2277 1186 2346 expellit.
1215 2275 1351 2327 Nam
1386 2273 1478 2341 qui
1513 2272 1681 2342 probe
1720 2272 1973 2341 cognovit
1998 2284 2159 2336 quam
2184 2284 2340 2320 man-

775 2380 965 2425 suetus
1001 2372 1095 2435 sit,
1129 2377 1181 2420 et
1216 2367 1344 2419 illud
1395 2367 1627 2433 ignorat.
1672 2382 1688 2412 ι
1729 2362 1917 2414 Adhuc
1957 2371 2007 2413 te
2058 2361 2336 2428 loquente.

774 2468 936 2526 dicet,
969 2476 1097 2515 ecce
1141 2459 1334 2511 adsum
1362 2454 1433 2518 δ’,
1469 2474 1486 2505 ι
1520 2454 1649 2523 quid
1704 2468 1825 2505 eum
1860 2461 2163 2505 remoretur
2207 2452 2337 2518 quin

776 2555 956 2606 statim
1005 2562 1065 2605 ut
1093 2548 1355 2618 peccavit,
1388 2562 1510 2599 eum
1547 2544 1743 2598 adeat?
1770 2542 1891 2597 lbec
1926 2543 2071 2595 enim
2097 2557 2339 2595 commu-

777 2645 861 2699 nis
892 2644 1063 2697 hostis
1094 2643 1383 2695 adversum
1437 2653 1536 2693 nos
1564 2636 1916 2698 machinatio,
1958 2644 2011 2687 ct
2042 2634 2203 2689 dolus
2235 2643 2339 2699 est,

773 2737 902 2788 dum
931 2734 996 2788 ad
1022 2740 1303 2801 peccatum
1338 2730 1615 2793 sollicitat,
1652 2727 2036 2781 confidentiam
2067 2734 2122 2779 et.
2168 2727 2344 2779 auda-

774 2826 913 2879 ciam
943 2823 1185 2876 excitare
1222 2838 1235 2873 :
1274 2820 1547 2874 teterrima
1576 2818 1687 2887 iam
1734 2818 1909 2882 ausis,
1942 2817 2338 2885 prolapsisquc,

774 2915 1032 2984 pudorem
1093 2928 1155 2966 ac
1183 2912 1432 2965 timorem
1491 2908 1787 2962 absurdum
1823 2908 2066 2978 injicere,
2125 2903 2183 2960 ut
2216 2922 2339 2961 cum

774 3009 865 3061 illo
888 3006 1051 3060 modo
1097 3006 1292 3058 cadere
1325 3002 1533 3066 fecerit,
1568 3002 1672 3055 hoc
1693 3016 1994 3069 resurgere
2024 3015 2131 3053 non
2163 3002 2338 3064 sinat;

775 3114 871 3153 seu
901 3098 1101 3167 potius,
1133 3096 1225 3149 illo
1254 3112 1282 3149 a
1322 3094 1429 3149 Deo
1462 3092 1734 3158 adducat;
1769 3093 1870 3144 hoc
1893 3091 1958 3144 ad
1990 3106 2113 3143 eum
2144 3091 2339 3144 reverti

775 3186 882 3245 non
934 3190 1229 3260 permittat,
1261 3201 1428 3256 atque
1472 3188 1543 3240 ita
1578 3186 1680 3241 viis
1740 3184 2034 3239 contrariis
2085 3184 2139 3237 in
2171 3199 2338 3237 unum

778 3284 1090 3336 barathrum
1123 3279 1423 3350 pet-trahat.

844 3463 950 3518 Sed
981 3463 1093 3517 haec
1125 3460 1275 3515 omni
1323 3459 1604 3529 diligentia
1655 3459 1894 3512 cavenda
1947 3469 2096 3522 sunt,
2148 3473 2339 3525 nempe

773 3562 899 3607 ante
926 3563 1205 3622 peceatum
1236 3549 1481 3612 audacia,
1516 3558 1568 3603 et
1599 3557 1722 3618 post
1751 3555 2030 3615 peccaturo
2080 3548 2252 3613 pudor
2277 3561 2340 3599 ac

772 3648 959 3704 ti'nor.
1000 3643 1133 3697 nihil
1156 3642 1301 3697 enim
1336 3640 1743 3696 commoditatis
1775 3640 1994 3693 habent.
2032 3640 2145 3692 Non
2197 3640 2337 3692 enim

776 3740 941 3791 timor
965 3738 1063 3791 iste
1094 3734 1293 3797 calcar,
1327 3735 1419 3788 sed
1451 3743 1639 3802 stupor
1664 3732 1883 3801 quidam
1913 3746 1976 3785 ac
2000 3742 2184 3800 torpor
2226 3732 2341 3784 ani-

775 3832 967 3887 mabus
993 3838 1075 3884 est
1106 3845 1119 3879 :
1151 3843 1248 3881 nec
1277 3826 1654 3881 erubescimus
1701 3823 2041 3887 vulneribus,
2072 3834 2131 3876 ut
2182 3825 2338 3875 auxi-

775 3926 841 3977 lia
869 3921 1317 3987 curationemque
1356 3917 1718 3980 inveniamus,
1772 3916 1867 3969 sed
1904 3926 1961 3968 ut
1997 3915 2186 3969 oculos
2217 3913 2338 3968 Sal-

774 4014 975 4067 vator-is
1009 4009 1369 4077 eﬂ‘ugiamus;
1396 4006 1540 4059 sicut
1564 4005 1735 4057 Adam
1792 4017 1853 4057 se
1880 4001 2185 4065 abscOndit,
2212 4016 2338 4070 pro-

776 4118 893 4179 pter
918 4108 1116 4161 vulnus
1146 4116 1365 4156 manum
1426 4100 1619 4153 medici
1678 4098 1888 4166 fugiens
1908 4097 2150 4167 (propter
2195 4094 2337 4162 quod

778 4204 916 4257 enim
943 4212 1185 4268 quaerere
1208 4194 1462 4255 debebat,
1491 4206 1561 4247 ne
1592 4201 1872 4260 peccatum
1910 4189 1977 4242 de
2004 4188 2120 4256 ipso
2148 4186 2339 4240 trium-

779 4292 1007 4356 pharet).
1044 4299 1268 4337 uxorein
1306 4290 1486 4334 autem
1538 4278 1820 4347 objiciens,
1872 4288 1932 4331 ut
1983 4286 2243 4345 quantum
2284 4276 2337 4329 in

776 4394 893 4449 ipso
926 4388 1062 4440 erat,
1095 4375 1379 4429 mollitiem
1414 4373 1577 4427 animi
1612 4372 1692 4426 sui
1746 4380 1948 4440 tegeret
2001 4385 2063 4423 ac
2113 4370 2336 4423 velaret.

775 4471 837 4525 Et
866 4472 1008 4525 sicut
1046 4478 1164 4536 post
1188 4467 1339 4520 illum
1367 4464 1501 4519 Cain
1555 4478 1807 4532 qttaerens
1854 4462 2020 4514 latere
2064 4460 2339 4530 quomodo

772 4578 831 4616 se
862 4576 1021 4629 posse
1046 4562 1213 4613 latere
1240 4558 1464 4627 putabat
1486 4571 1611 4611 eum
1640 4557 1795 4623 cujus
1815 4555 1985 4608 oculis
2011 4562 2193 4622 patent
2220 4568 2340 4606 om-

2445 2002 2591 2070 γώδη
2630 2003 2750 2055 τινὰ
2812 2001 3058 2071 νομίζειν
3122 2002 3223 2073 τὴν
3269 2001 3350 2059 εἰς
3390 2001 3597 2053 ἐκεῖνον
3630 2000 3766 2065 ὁδὸν,
3819 2003 3910 2053 καὶ
3945 2000 4023 2061 ὡς

2442 2096 2674 2166 ὀργίλως
2724 2096 2859 2161 πρδς
2894 2098 3043 2164 ἡμᾶς
3086 2100 3177 2149 καὶ
3200 2094 3477 2164 δυσχερῶς
3505 2094 3617 2164 ἔχει
3649 2096 3739 2147 καὶ
3775 2096 4023 2164 μεγάλης

2443 2187 2523 2239 δεῖ
2558 2189 2672 2249 τοῖς
2698 2187 3021 2254 προσελθεῖν
3056 2186 3407 2255 βουλομένοις
3434 2187 3794 2255 Παρασκευῆς
3817 2203 3831 2217 ·
3874 2188 3905 2255 ἡ
3963 2188 4023 2238 δὲ

2442 2278 2535 2332 τοῦ
2566 2277 2701 2330 Θεοῦ
2734 2279 3114 2347 φιλανθρωπία
3141 2280 3237 2346 τῆς
3260 2278 3438 2347 ψυχῆς
3471 2280 3790 2332 παντάπασι
3825 2279 4021 2331 τοῦτον

2442 2371 2693 2424 ἐκϐάλλει
2730 2373 2820 2424 τὸν
2858 2371 3139 2441 λογισμόν.
3171 2371 3261 2439 Τῷ
3296 2371 3407 2440 γὰρ
3440 2371 3603 2424 εἰδότι
3634 2371 3840 2437 σαφῶς,
3867 2372 4022 2433 arm;

2445 2466 2783 2534 ἡμερότητος
2817 2464 2947 2533 ἔχει,
2980 2465 3073 2516 καὶ
3102 2465 3175 2527 ῶς
3204 2467 3284 2517 ἔτι
3346 2484 3362 2514 ι
3404 2463 3693 2524 λαλοῦντος
3720 2466 3857 2532 ἐρεῖ,
3882 2465 4020 2519 Ἰδοὺ

2444 2556 2699 2625 πάρειμι,
2729 2576 2744 2607 ι
2778 2558 2831 2609 τί
2858 2558 3056 2621 γένοιτ’
3095 2559 3160 2609 ἂν
3194 2558 3425 2625 κώλυμα
3466 2558 3595 2625 περὶ
3624 2558 3730 2608 τῶν
3765 2559 4022 2626 ἡμαρτη-

2449 2650 2623 2716 μένων
2652 2649 2811 2710 εύθῗις
2839 2648 2985 2718 αύτῷ
3012 2649 3367 2718 προσελθεῖνς
3396 2649 3569 2703 Τοῦτο
3584 2650 3692 2719 γὰρ
3718 2652 4023 2719 μηχάνημα

2437 2738 2565 2821 ,καθ’
2598 2739 2752 2807 ἡμῶν
2784 2742 2876 2791 καὶ
2911 2742 3074 2808 τέχνη
3102 2741 3194 2792 τοῦ
3224 2742 3404 2793 κοινοῦ
3436 2741 3719 2811 πολεμίου,
3751 2746 3885 2812 πρὸς
3917 2745 4023 2811 μὲν

2443 2828 2540 2896 τὴν
2582 2830 2858 2897 ἁμαρτίαν
2893 2832 3093 2897 ἄγοντα
3126 2832 3430 2899 θρασύτητι
3463 2835 3558 2884 καὶ
3600 2834 3774 2904 τόλμῃ
3824 2838 4021 2899 κινεῖν,

2442 2921 2745 2988 τολμήσασι
2775 2922 2831 2974 δὲ
2862 2922 2929 2973 τὰ
2978 2923 3263 2975 δεινότατα
3316 2925 3411 2975 καὶ
3466 2923 3725 2976 πεσοῦσιν
3752 2925 4023 2994 αἰσχύνην

2445 3013 2535 3063 καὶ
2568 3012 2683 3074 δέος
2704 3013 2905 3065 ἄτοπον
2936 3012 3218 3074 ἐντιθέναι,
3242 3014 3315 3076 ὡς
3337 3013 3400 3065 ἂν
3430 3012 3507 3083 τῷ
3540 3014 3638 3083 μὲν
3658 3020 4019 3083 παρασκευάο

2446 3119 2511 3170 σῃ
2541 3105 2747 3166 πεσεῖν,
2780 3102 2855 3171 τῷ
2904 3103 2948 3156 δ’
2978 3104 3276 3171 ἀναστῆναι
3316 3104 3390 3173 μὴ
3436 3106 3784 3173 συγχωρήσῃ,
3817 3106 4023 3173 μᾶλλον

2443 3195 2499 3246 δὲ
2528 3196 2602 3264 τῷ
2639 3195 2737 3262 μὲν
2765 3196 3029 3264 ἀπαγάγῃ
3061 3194 3221 3259 Θεοῦ,
3250 3196 3327 3261 τῷ
3352 3196 3408 3248 δὲ
3433 3197 3570 3263 πρὸς
3602 3198 3763 3249 αὐτὸν
3786 3199 4027 3249 ἐπανελ-

2369 3277 2411 3331 C
2446 3287 2557 3339 θεῖν
2595 3289 2695 3341 οὐκ
2737 3288 2893 3360 ἐάσῃ,
2943 3290 3034 3340 καί
3092 3287 3233 3341 οῦτω
3263 3289 3350 3341 διὰ
3391 3290 3499 3341 τῶν
3534 3289 3791 3343 ἐναντίων
3822 3290 3908 3355 ἐφ’
3962 3289 4022 3342 ἓν

2445 3380 2649 3452 ἑλκύσῃ
2680 3381 2975 3452 βάραθρον.

2518 3473 2707 3526 Ταῦτα
2767 3473 2823 3526 δὲ
2881 3473 3029 3543 πάσῃ
3094 3472 3295 3541 σπουδῇ
3348 3470 3712 3537 φυλάττεσθαι
3767 3472 3867 3536 δεῖ,
3920 3475 4024 3525 καὶ

2445 3566 2669 3632 φεύγειν
2725 3564 2929 3632 ὁμοίως
2994 3566 3092 3633 τήν
3142 3583 3200 3617 τε
3259 3564 3364 3635 πρὸ
3423 3567 3521 3632 τῆς
3566 3564 3842 3630 ἁμαρτίας
3890 3565 4024 3618 τόλ-

2447 3674 2553 3725 μαν
2610 3656 2705 3708 καὶ⁵
2758 3657 2858 3726 τὴν
2913 3660 3051 3724 μετὰ
3108 3657 3312 3726 ταύτην
3368 3659 3633 3728 αἰσχύνην
3683 3658 3777 3711 καὶ
3826 3658 4021 3724 φόϐον,

2442 3741 2517 3803 ὧν
2583 3748 2734 3801 οὐδὲν
2796 3747 3011 3816 ὄφελος.
3074 3749 3147 3801 Οὐ
3207 3751 3315 3816 γὰρ
3368 3747 3433 3819 δὴ
3495 3748 3720 3817 κέντρον
3784 3740 3941 3807 οὗτος
3991 3749 4023 3799 ὁ

2446 3839 2633 3909 φόϐος,
2664 3838 2800 3891 ἀλλὰ
2829 3839 3007 3908 νάρκη
3040 3839 3121 3901 τίς
3148 3843 3263 3891 ἐστι
3291 3842 3411 3899 ταῖς
3433 3839 3654 3908 ψυχαῖς,
3686 3839 3796 3891 οὐδ’
3824 3842 4020 3907 αἰσχυ-

2442 3927 2649 3997 νόμεθα
2684 3929 2794 3989 τοῖς
2819 3929 3153 3996 τραύμασιν,
3178 3929 3243 3980 ἵν’
3267 3928 3579 3997 ἐξεύρωμεν
3600 3921 3644 3995 ᾧ
3676 3929 4022 3998 θεραπεύσο-

2444 4039 2564 4089 μεν,
2599 4022 2715 4075 ἀλλ’
2777 4022 2865 4073 ἵνα
2893 4022 3017 4082 τοὺς
3049 4020 3142 4073 τοῦ
3176 4020 3431 4091 Σωτῆρος
3488 4020 3751 4089 φύγωμεν
3803 4022 4017 4086 ὀφθαλ-

2444 4115 2598 4183 μοὺς,
2634 4112 2886 4182 καθάπερ
2915 4112 3088 4181 Ἀδὰμ
3109 4111 3343 4181 ἐκρύϐη,
3366 4110 3454 4163 διὰ
3471 4113 3531 4164 τὸ
3556 4112 3774 4181 τραῦμα
3795 4113 3893 4181 τὴν
3916 4115 4017 4166 τοῦ

2447 4204 2630 4274 ἰατροῦ
2677 4208 2833 4274 χεῖρα
2888 4204 3128 4271 φεύγων,
3178 4202 3317 4272 ὑπὲρ
3344 4199 3405 4257 οῦ
3439 4205 3623 4275 ζητεῖν
3664 4202 3795 4267 ἔδει,
3825 4203 3905 4270 τῷ
3938 4206 4017 4271 μὴ

2443 4295 2563 4349 κατ’
2598 4294 2759 4355 αύτδς
2784 4294 2948 4347 αὑτοῦ
2983 4294 3351 4363 θριαμϐεῦσαι
3383 4294 3481 4364 τὴν
3528 4296 3827 4364 ἁμαρτίαν,
3874 4294 4016 4346 ἀλλὰ

2440 4387 2539 4456 τὴν
2560 4388 2794 4453 γυναῖκα
2820 4385 3213 4454 προϊσχόμενος
3240 4386 3337 4453 τὴν
3360 4386 3457 4455 τῆς
3482 4384 3707 4453 γνώμης
3723 4385 4017 4441 ἀσθένειαν

2445 4476 2787 4545 συγκαλύψαι
2818 4479 2875 4527 τό
2908 4476 2958 4543 γ’
2994 4476 3079 4529 ἐπ’
3112 4476 3261 4545 αὐτῷ
3283 4494 3295 4507 ·
3331 4477 3425 4528 καὶ
3481 4477 3621 4530 Κάῖν
3652 4474 3771 4543 μετ’
3799 4476 4017 4527 ἐκεῖνον

2442 4569 2721 4622 λανθάνειν
2737 4567 2937 4637 ζητῶν,
2958 4561 3036 4630 οἷς
3054 4565 3207 4636 ᾠηθῇ
3233 4566 3529 4635 δυνηθῆναι
3547 4567 3749 4628 λαθεῖν,
3766 4560 3809 4634 ᾧ
3836 4570 4017 4618 πάντα

773 4654 883 4705 uia.
918 4650 1189 4704 Conducit
1246 4648 1389 4700 enim
1441 4656 1489 4699 et
1546 4644 1756 4709 timere,
1792 4652 1844 4696 et
1890 4644 2230 4699 erubescere,
2285 4648 2340 4694 et
2372 4639 2456 4692 ι).

2331 4650 2340 4692 ί
2372 4639 2417 4692 D
2452 4660 2558 4729 πρὸ
2587 4659 2695 4712 τῶν
2721 4659 3036 4727 ὀφθαλμῶν.
3073 4658 3230 4710 Ἐστι
3257 4661 3365 4726 γὰρ
3397 4658 3690 4717 λυσιτελῶς
3713 4667 3799 4709 κα·
3831 4658 4014 4710 δεῖσαι

774 4742 1041 4797 macerari
1107 4740 1307 4801 animo,
1365 4747 1419 4790 et
1486 4751 1683 4804 corpus
1715 4735 2050 4797 submittere,
2076 4748 2197 4786 cum
2221 4733 2336 4787 hmc

742 4816 745 4818 ’
776 4836 838 4889 ad
871 4832 1038 4888 Deum
1072 4846 1169 4884 nos
1199 4829 1453 4897 expedire
1485 4828 1775 4895 potuerint.
1814 4846 1830 4875 ι
1865 4828 1905 4878 Α
1934 4826 2198 4877 fructibus
2246 4839 2339 4875 eo-

776 4940 918 4989 rum,
940 4919 1490 4989 iuquit,cognoscetis
1507 4933 1602 4972 eos
1619 4918 1665 4949 ⁶⁰
1704 4935 1722 4967 ι
1745 4916 1809 4968 Et
1824 4916 2076 4983 quoniam
2099 4930 2205 4967 non
2223 4929 2336 4966 mo-

773 5018 842 5070 do
866 5014 1040 5084 pudor
1080 5028 1140 5065 ac
1169 5014 1353 5077 timor,
1384 5011 1475 5065 sed
1504 5011 1683 5078 gravis
1717 5011 1842 5061 item
1895 5008 2111 5059 tristitia
2144 5020 2337 5072 pecea-

776 5120 889 5160 tum
920 5106 1139 5173 excipit,
1172 5105 1335 5155 etiam
1386 5102 1497 5153 ha-c
1544 5102 1631 5153 Dei
1687 5100 2078 5153 humanitatem
2134 5097 2335 5163 optime

769 5195 1225 5265 cognoscentibus
1254 5192 1385 5245 nihil
1416 5190 1677 5243 nocuerit.
1713 5188 1845 5242 Nam
1878 5188 1979 5241 etsi
2001 5186 2332 5241 scelestissi-

772 5302 985 5341 morum
1038 5284 1342 5338 [acinorum
1384 5282 1487 5335 siiii
1545 5281 1652 5334 sint
1702 5281 1931 5339 conscii,
1967 5294 2074 5332 non
2130 5280 2333 5335 idcirco

769 5394 918 5445 spem
972 5376 1143 5431 venite
1194 5374 1506 5445 projicient.
1543 5372 1778 5426 scientes
1812 5369 1943 5422 nihil
2001 5367 2139 5423 adeo
2194 5368 2333 5422 indi-

769 5482 933 5537 gnum
964 5481 1084 5521 esse
1114 5464 1289 5525 venia,
1328 5474 1385 5515 ut
1409 5460 1501 5515 Dei
1532 5461 1872 5517 clementiam
1911 5459 2109 5512 vincat.
2142 5459 2337 5512 Tristi—

769 5561 839 5610 tia
868 5565 1045 5610 autem
1081 5554 1383 5608 adiciantur
1416 5552 1660 5615 salutari,
1689 5564 1739 5606 et
1790 5552 2077 5611 curabunt,
2129 5557 2185 5602 ut
2212 5566 2328 5603 eam

766 5649 1133 5719 ampliﬁcent;
1178 5646 1322 5698 illam
1377 5646 1601 5698 alteram
1635 5646 1804 5698 bonas
1847 5656 1968 5711 spes
1999 5640 2332 5695 labefactan-

765 5750 870 5793 tem
900 5739 923 5793 1⁵
924 5740 1189 5809 ugahunt.

834 5946 878 5979 “
911 5943 1075 6000 Hebr.
1120 5960 1178 6011 ιι,
1222 5944 1276 6001 9.
1351 5943 1395 5974 ‘9
1442 5943 1545 5999 lsa.
1590 5958 1739 6008 tvm,
1771 5942 1824 5998 9.

1899 5941 1943 5974 ⁸⁸
1987 5939 2169 5995 Matth.
2219 5958 2310 6005 vn,
2350 5943 2433 5999 lG.

2441 4749 2533 4801 καὶ
2560 4747 2918 4817 αἰσχυνθῆναι
2944 4748 3037 4800 καὶ
3062 4748 3242 4817 ψυχὴν
3269 4746 3429 4815 τῆξαι
3454 4749 3548 4800 καὶ
3571 4747 3728 4815 σῶμα
3756 4765 4019 4814 κατενεγς

2441 4834 2577 4895 κεῖν,
2602 4834 2730 4885 ὅταν
2748 4833 2883 4901 πρὸς
2905 4834 2996 4886 τὸν
3012 4833 3147 4886 Θεὸν
3164 4834 3331 4887 ταῦτα
3355 4836 3576 4903 δύνηται
3600 4836 3807 4904 φέρειν.
3837 4857 3853 4884 ι
3881 4838 4017 4888 Ἀπδ

2439 4921 2548 4989 γὰρ
2577 4921 2682 4972 τῶν
2715 4922 2940 4990 καρπῶν
2994 4922 3194 4981 αὐτῶν,
3257 4925 3443 4989 φησὶν,
3500 4923 3871 4991 ἐπιγνώσεσθε
3911 4927 4019 4977 αὑ-

2438 5012 2596 5073 τούς·
2643 5030 2661 5061 ι
2694 5013 2816 5063 ἐπεὶ
2860 5012 2903 5063 δ’
2951 5013 3048 5081 οὐχ
3089 5013 3217 5065 ὅσον
3270 5015 3501 5082 αἰσχύνη
3539 5014 3633 5066 καὶ
3678 5014 3823 5075 δέος,
3876 5016 4016 5066 ἀλλὰ

2444 5102 2635 5170 βαρεῖά
2664 5119 2745 5165 τις
2768 5103 2892 5155 ἁνία
2917 5104 3016 5172 τὴν
3049 5104 3323 5173 ἁμαρτίαν
3354 5105 3658 5173 ἐκδέχεται,
3690 5105 3780 5156 καὶ
3807 5106 4017 5173 ταύτης

2439 5191 2660 5260 οὐδεμία
2685 5193 2878 5259 γένοιτ’
2909 5192 2973 5245 ἂν
3004 5194 3178 5263 βλάϐη
3202 5196 3317 5257 τοῖς
3339 5196 3592 5263 ἀκριϐῶς
3623 5195 3721 5263 τὴν
3750 5196 3846 5247 τοῦ
3873 5195 4014 5249 Θεοῦ

2441 5283 2856 5351 φιλανθρωπίαν
2878 5287 3289 5357 ἐπισταμένοις.
3311 5287 3431 5340 Κᾶν
3458 5288 3564 5357 γὰρ
3588 5289 3653 5341 τὰ
3677 5290 3884 5357 ἔσχατα
3908 5292 4015 5346 τῶν

2439 5374 2624 5427 κακῶν
2643 5378 2828 5455 αύτρῖς
2854 5378 3194 5445 συνειδῶσιν,
3227 5381 3327 5433 οὐκ
3354 5381 3419 5432 ἂν
3445 5381 3698 5448 πρόοιντο
3736 5384 3838 5443 τὰς
3857 5383 4012 5435 ἐλαί-

2439 5465 2534 5527 δας
2556 5483 2570 5496 ·
2598 5467 2834 5520 εἴσονται
2869 5468 2925 5521 δὲ
2966 5469 3133 5538 μηδὲν
3162 5470 3306 5522 οὕτω
3360 5472 3543 5538 μεῖζον
3568 5466 3709 5523 εἶναι
3763 5474 4019 5537 συγγνώ-

2444 5572 2586 5640 μης,
2633 5558 2774 5612 ὥστε
2827 5563 2926 5630 τῆς
2980 5561 3073 5615 τοῦ
3104 5564 3239 5615 Θεοῦ
3287 5563 3562 5632 κρατῆσαι
3612 5566 4012 5633 χρηστότητος,

2440 5649 2616 5717 λύπην
2646 5652 2701 5703 δὲ
2754 5657 2851 5721 τὴν
2886 5655 2983 5722 μὲν
3020 5655 3227 5707 οἴσουσι
3285 5648 3381 5721 τὴν
3417 5660 3686 5724 σωτήριον
3720 5658 3813 5707 καὶ
3847 5658 4019 5723 ζητή-

2444 5754 2645 5802 σουσιν,
2679 5736 2762 5803 οἷς
2800 5745 2968 5815 μείζω
3022 5746 3335 5812 ποιήσουσι,
3387 5746 3486 5819 τὴν
3535 5746 3726 5813 ἑτέραν
3754 5747 3809 5798 δὲ
3844 5747 4014 5799 ἑκϐα-

2439 5830 2586 5884 λοῦσι
2616 5836 2738 5895 ταῖς
2769 5834 2995 5900 ἀγαθαῖς
3023 5837 3203 5888 ἐλπίσι
3237 5837 3665 5908 λυμαινομένην.
