4262 6460
234 395 351 458 653

234 618 377 671 μασι
410 603 612 671 λύπην,
668 604 758 654 καὶ
792 603 889 670 τὴν
947 604 1045 672 μὲν
1100 605 1456 676 ἐπανορθοῦν,
1495 608 1591 673 τὴν
1620 608 1673 658 δὲ
1705 611 1816 667 τοῖς

228 693 587 762 ἀνεχομένοις
617 693 839 762 ὄλεθρον
870 694 1041 764 ἔχειν,
1090 697 1366 765 μάρτυρες
1405 700 1594 764 σαφεῖς
1626 699 1818 750 ἐκατέ-

230 802 370 853 ρων,
394 784 489 836 τοῦ
522 786 623 852 μὲν
652 786 859 854 Πέτρος
888 788 915 837 ὁ
950 787 1239 855 μακάριος,
1273 789 1502 857 θατέρου
1536 790 1589 840 δὲ
1616 790 1814 850 Ἰούδας

226 881 255 927 ὁ
292 877 527 945 μισρός’
559 870 634 929 ὧν
662 878 742 943 τῷ
775 878 872 943 μέν
916 878 1147 930 διέσωσε
1200 880 1298 948 τὴν
1328 880 1555 947 γνώμην
1606 883 1636 946 ὴ
1669 881 1813 947 λύπη

228 970 332 1020 καὶ
401 968 477 1037 τῷ
528 969 750 1037 Χριστῷ
790 971 1045 1037 συνέστη,
1107 971 1351 1033 κλαύσας
1407 972 1620 1041 πικρῶς
1664 974 1814 1025 οὐδὲν

226 1056 395 1130 ἧττον
420 1062 450 1128 ἢ
483 1060 611 1129 πρὶν
629 1062 708 1119 el;
735 1060 898 1113 αὐτὸν
922 1059 1273 1130 ἐξαμαρτεῖν,
1296 1064 1386 1114 τον
1407 1064 1459 1115 δὲ
1491 1065 1584 1115 ἐπὶ
1618 1065 1813 1133 βρόχον

229 1155 411 1222 ἤγαγε
441 1155 529 1204 τὸν
573 1151 801 1205 Ἰούδαν.
836 1152 945 1204 Καὶ
970 1153 1177 1218 ἀπῆλθε
1223 1153 1398 1221 δεσμὰ
1434 1154 1613 1222 φὶἐρων
1640 1156 1697 1205 ἐν
1738 1156 1814 1223 τῷ

228 1245 415 1313 καιρῷ
447 1248 542 1314 τῆς
564 1245 753 1311 κοινῆς
778 1244 1114 1312 ἐλευθερίας,
1148 1246 1235 1296 ὅτε
1268 1245 1329 1297 τὸ
1360 1245 1661 1313 καθάρσιον
1714 1247 1808 1297 τοῦ

230 1339 447 1403 κόσμου
505 1335 707 1396 παντὸς
772 1336 970 1403 ἐχεῖτο,
1016 1335 1114 1402 τὴν
1170 1332 1365 1387 ἐαυτοῦ
1394 1336 1663 1403 κάθαρσιν
1693 1336 1810 1397 ἐνὸς

226 1428 428 1497 ἀνδρὸς
478 1427 773 1494 ἀπογνούς.
822 1426 912 1488 Ὠς
946 1427 1009 1478 ἂν
1063 1427 1117 1478 δὲ
1170 1426 1458 1497 πόρρωθεν
1487 1427 1685 1488 εἰδότες
1712 1428 1809 1497 τὴν

229 1521 331 1587 μὲν
365 1519 754 1587 εἰσδεχώμεθα,
779 1520 877 1588 τὴν
908 1519 961 1571 δὲ
990 1520 1302 1587 φεύγωμεν,
1334 1520 1440 1571 τῶν
1468 1520 1656 1572 παθῶν
1683 1522 1811 1574 ἐκα-

224 1615 393 1680 τέρου
433 1610 751 1679 προσθεῖναι
775 1612 856 1662 δεῖ
881 1615 979 1679 τὴν
1010 1612 1300 1680 διαφορὰν,
1325 1613 1417 1665 καὶ
1442 1604 1484 1679 ᾧ
1514 1615 1573 1663 τὸ
1609 1614 1708 1681 μὲν
1747 1612 1808 1664 εὖ

226 1707 406 1756 ποιεῖν
437 1706 583 1773 ἡμᾶς
610 1704 743 1771 ἔχει,
778 1706 836 1755 τὸ
883 1705 937 1756 δέ
974 1704 1178 1757 κακῶς.
1246 1704 1399 1756 Ἐπεὶ⁸
1429 1706 1536 1774 γὰρ
1557 1705 1806 1772 ἁμαρτάσ

226 1812 415 1856 νοντες
441 1794 518 1863 τῷ
545 1812 603 1845 τε
623 1792 741 1863 Θεῷ
766 1798 859 1845 καὶ
890 1796 1021 1863 ἡμῖν
1048 1796 1232 1855 αὐτοῖς
1253 1794 1516 1863 γινόμεθα
1551 1796 1804 1864 πονηροὶ,

1295 402 1389 460 DE
1435 404 1605 461 Vl'l‘A
1649 404 1721 463 IN
1766 405 2101 463 ClllilS'l‘l)
2143 406 2283 464 LIB.
2343 405 2437 463 VI-

309 509 417 560 Tot'i
470 510 566 579 μὲν
620 506 713 563 οὖν
749 511 930 580 διτῖὴν
966 507 1107 564 εἶναι
1142 513 1238 581 τὴν
1279 516 1368 565 ἐπὶ
1414 516 1526 577 τοῖς
1564 517 1811 583 ἁμαρτῆ·
1846 524 1879 573 Α

3378 406 3488 469 6M

1986 516 2268 570 Geminam
2298 520 2478 584 itaque
2514 532 2676 582 super
2704 528 2927 587 peccato
2968 525 3279 586 perpetrato
3316 523 3489 573 tristi.

1922 609 2050 662 tiam
2084 620 2135 662 et
2157 610 2400 662 dolorem
2428 624 2569 673 esse,
2618 619 2669 661 et
2700 609 2925 662 alteram
2956 609 3020 662 ad
3051 609 3487 663 emendationem

1918 702 2215 769 pertinere,
2252 701 2478 754 alteram
2507 716 2569 753 ea
2598 700 2807 754 allectis
2836 700 3066 754 exitium
3102 716 3292 769 parcre
3325 712 3492 757 testes

1918 794 2179 849 luculenti
2210 804 2373 856 sunt;
2411 793 2612 860 prioris
2649 793 2907 846 nimirum
2945 793 3005 846 Β.
3056 793 3272 855 Petrus.
3308 804 3489 860 poste-

1920 887 2081 940 rioris
2111 885 2377 940 nefandus
2400 885 2590 947 ludas,
2622 901 2856 953 quorum
2888 886 2962 940 illi
3007 885 3204 939 bonam
3235 888 3490 941 volunta-

1918 988 2023 1032 tem
2072 982 2386 1033 mmstitudo
2410 979 2668 1043 sertavit,
2698 978 3028 1048 Christoque
3069 994 3271 1032 amarae
3319 979 3493 1050 lacry-

1918 1088 2017 1125 ma:
2062 1087 2215 1139 teque
2264 1073 2703 1125 commendatum
2736 1079 2787 1124 et
2828 1072 3053 1123 charum
3110 1072 3487 1133 reddiderunt,

1914 1175 2077 1230 atque
2104 1173 2228 1217 ante
2276 1165 2621 1229 negationem
2662 1162 2879 1226 fuerat;
2930 1163 3074 1216 hunc
3125 1164 3189 1216 ad
3233 1164 3489 1233 laqueum

1914 1256 2114 1320 adegit,
2158 1267 2210 1309 et
2264 1258 2394 1310 abiit
2427 1257 2641 1309 vinrula
2675 1266 2919 1325 portans,
2961 1257 3182 1324 quando
3231 1256 3490 1311 omnibus

1914 1348 2131 1400 libertas
2157 1350 2569 1407 coliciliabatur.
2597 1362 2692 1402 sua
2723 1350 2885 1401 troius
2910 1348 3148 1403 hominis
3177 1349 3490 1417 expiatione

1914 1442 2218 1507 desperata,
2247 1443 2467 1511 quando
2500 1443 2642 1509 quod
2670 1443 2935 1495 mundum
2965 1442 3281 1494 universum
3306 1440 3490 1510 expia-

1914 1542 2015 1595 ret,
2048 1532 2443 1586 emindehatur.
2502 1531 2768 1584 Caeterum
2810 1542 2868 1584 ut
2923 1532 3097 1585 multo
3161 1544 3285 1585 ante
3334 1532 3486 1601 gnari

1916 1624 2060 1677 illam
2094 1624 2470 1683 admittamus.
2510 1624 2649 1676 hanc
2674 1622 2971 1691 fugiamus,
3002 1624 3293 1690 utriusque
3362 1639 3487 1687 per-

1916 1716 2243 1768 turbationis
2304 1715 2601 1767 discrimen
2634 1714 3041 1768 consideremus
3074 1731 3087 1766 :
3144 1714 3311 1767 altera
3338 1716 3483 1767 enim

1914 1807 2017 1859 hoc
2051 1806 2233 1869 habet,
2265 1816 2322 1859 ut
2376 1805 2534 1860 nobis
2583 1806 2742 1868 bene,
2788 1805 2982 1870 altera,
3033 1814 3090 1858 ut
3120 1806 3259 1858 male
3299 1805 3487 1860 faciat.

224 1891 285 1939 τὸ
322 1889 422 1954 μὲν
477 1885 617 1955 ὺπέρ
683 1886 781 1953 τῆς
811 1887 892 1948 εἰς
944 1888 1035 1938 τὸν
1074 1886 1353 1953 Δεσπότην
1411 1886 1804 1956 ἀγνωμοσύνης
1843 1880 1880 1932 Β

1799 1905 1804 1946 :
1843 1880 1880 1932 Β
1910 1899 2177 1963 Quoniam
2208 1897 2352 1951 enim
2384 1898 2599 1967 quoties
2637 1912 2953 1964 peccamus,
2988 1907 3042 1951 et
3072 1897 3201 1961 Deo,
3240 1907 3294 1950 et
3324 1898 3482 1950 nobis

223 1978 418 2045 ἀλγεῖν
447 1976 569 2029 οὗτε
610 1976 805 2047 βλάϐος
830 1978 985 2030 οὐδὲν
1015 1978 1176 2036 οῐσει.
1201 1979 1310 2030 ,καὶ
1343 1978 1580 2045 μάλιστα
1606 1976 1802 2043 γένοιτ’

220 2073 291 2127 ἂν
322 2074 457 2140 ἡμῖν
483 2074 539 2124 ἐν
574 2071 776 2141 καιρῷ,
812 2073 871 2122 τό
896 2088 958 2137 γε
992 2074 1099 2141 μὴν
1122 2073 1250 2141 περὶ
1274 2074 1435 2139 ἡμῶν
1471 2074 1651 2125 αὐτῶν
1674 2072 1803 2125 θαυ-

224 2169 446 2237 μαστάς
473 2182 629 2227 τινας
648 2165 859 2233 ψήφους
895 2164 1287 2233 ὑποθεμένους,
1318 2165 1490 2217 ἔπειτ’
1521 2166 1804 2235 ἐξεληλεγ-

222 2264 398 2330 μένας
434 2260 694 2330 ὁρῶντες,
734 2258 801 2309 δι’
851 2252 926 2311 ὧν
961 2257 1071 2309 τῶν
1121 2258 1349 2309 δεόντων
1382 2260 1804 2328 ἡμαρτήκαμεν,

218 2353 483 2406 ἀνιᾶσθαι
520 2354 613 2404 καὶ
646 2351 949 2405 κόπτεσθαι
1006 2353 1102 2403 καὶ
1134 2352 1320 2422 πικρῷ
1370 2370 1478 2404 τινι
1515 2354 1807 2422 μεταμέλῳ

218 2445 319 2515 τὴν
356 2443 592 2513 καρδίαν
624 2443 857 2507 πιέζειν,
897 2444 972 2505 ὡς
1001 2445 1100 2495 οὐκ
1135 2442 1193 2495 ὃν
1244 2444 1437 2512 βιωτὸν
1467 2444 1805 2511 τηλικούτοις

219 2539 416 2598 κακοῖς
448 2528 677 2588 τοιοῖσδε
727 2536 1119 2604 περιπεσοῢσι.
1175 2535 1395 2604 Ταύτην
1423 2536 1479 2586 δὲ
1506 2536 1605 2605 τὴν
1629 2536 1806 2602 λύπην

217 2628 637 2695 ἀποτρέπεσθαι
664 2628 745 2679 δεῖ
778 2629 1011 2680 θανάτου
1073 2628 1289 2695 μητέρα
1329 2626 1586 2695 φανερῶς
1637 2623 1805 2679 οὖσαν

219 2726 319 2775 καὶ
340 2724 404 2775 τὸ
436 2722 638 2774 πολλοῦ
670 2738 813 2783 τινος
847 2721 992 2789 ἡμᾶς
1024 2720 1221 2781 αὐτοὺς
1254 2718 1582 2785 ἁξιοῦν,τὴν
1609 2719 1805 2785 ἑτέραν

216 2816 275 2867 δέ
299 2817 361 2867 τὸ
397 2815 531 2884 περὶ
558 2814 649 2865 τὸν
689 2815 968 2875 Δεσπότην
1000 2810 1208 2877 ἐγείρει
1243 2810 1467 2877 φίλτρον
1497 2811 1589 2861 καὶ
1621 2812 1680 2860 τὸ
1708 2827 1804 2860 σα-

219 2908 340 2975 φῶς
381 2907 580 2957 εἰδέναι
604 2906 695 2955 τὸν
727 2903 1046 2970 εὐεργέτην,
1089 2904 1183 2953 καὶ
1233 2895 1307 2953 ὧν
1341 2901 1637 2964 ὀφείλεται,
1674 2902 1807 2951 πάν-

219 3017 315 3060 τες
378 2997 529 3065 αὐτῷ
601 2995 978 3057 καταστάντες
1025 2992 1139 3046 οὔτ’
1180 2993 1507 3061 εἰσφέρομεν
1533 2992 1685 3043 οὐδὲν
1713 2995 1805 3045 καὶ

222 3088 364 3156 πρός
398 3104 461 3153 γε
495 3086 687 3144 κακοῖς
724 3082 1095 3153 ἀμειὸόμεθα.
1158 3082 1424 3151 Καθάπερ
1455 3082 1635 3134 τοίνυν
1668 3083 1803 3135 ἀλαο

222 3180 408 3241 ζονεξπ
440 3177 703 3247 πονηρὸν,
734 3175 879 3229 οὕτω
912 3175 1086 3228 καὶτὸ
1113 3176 1199 3227 διά
1228 3175 1434 3243 ταύτην
1464 3176 1578 3231 ταῖς
1604 3176 1802 3245 ψυχαῖς

221 3273 514 3339 γινόμενον
575 3272 739 3337 ἄλγος
790 3270 885 3322 καὶ
922 3265 1133 3337 αὖθιςῆ
1172 3284 1231 3319 τε
1266 3270 1395 3336 περὶ
1439 3268 1529 3319 τὸν
1575 3269 1807 3338 Χριστδν

220 3364 415 3432 ἀγάπη
447 3362 557 3413 τῶν
591 3362 834 3431 ἐσχάτως
862 3362 1291 3426 ἐπαινουμένων,
1318 3358 1412 3410 τοῦ
1443 3377 1498 3411 τε
1530 3362 1640 3420 τοῖς
1661 3360 1805 3412 ὲκεῖο

221 3454 318 3507 θεν
355 3454 536 3524 βέλεσι
566 3455 957 3521 κεντουμένους
976 3453 1265 3505 ὀδυνᾶσθαι
1298 3455 1389 3503 καὶ
1422 3452 1682 3519 τήκεσθαι
1710 3454 1807 3520 τὴν

219 3546 421 3613 ψυχὴν,
466 3545 886 3615 μακαριώτερον
910 3546 1023 3605 τοῖς
1058 3543 1117 3595 εὖ
1153 3542 1442 3611 φρονοῦσιν
1470 3543 1639 3593 οὐδέν.

1910 1992 2044 2059 ipsis
2075 2007 2307 2060 nequam
2334 2006 2549 2055 sumus,
2586 1992 2653 2045 de
2688 1991 2900 2045 oﬂ‘eusa
2925 1992 2977 2044 in
3009 1990 3297 2044 Dominum
3329 1990 3483 2043 dolo-

1912 2098 2024 2136 rem
2059 2097 2272 2152 capere.
2308 2098 2409 2136 nec
2442 2083 2612 2136 ullum
2640 2082 3024 2136 detrimentum
3055 2083 3273 2147 afferet,
3304 2092 3359 2137 et
3389 2097 3485 2151 per

1910 2190 2073 2242 quam
2099 2184 2466 2243 opportunum
2505 2172 2690 2227 fuerit.
2738 2172 2810 2227 De
2836 2174 2994 2228 nobis
3022 2188 3148 2227 vero
3179 2172 3314 2241 ipsis
3354 2188 3479 2226 cum

1911 2266 2073 2320 nimis
2112 2266 2349 2336 gloriosa
2383 2264 2644 2334 sulTragia
2677 2266 2990 2320 tulerimus.
3015 2264 3208 2319 deinde
3233 2280 3298 2320 ea
3332 2262 3484 2318 refu-

1910 2365 2019 2409 tata
2055 2355 2372 2416 viderimus,
2400 2357 2529 2423 quia
2557 2368 2677 2422 qua:
2698 2352 2780 2407 fas
2812 2370 2917 2407 non
2951 2364 3068 2407 erat
3094 2355 3381 2422 consequi,
3417 2354 3482 2407 iis

1908 2446 2299 2508 exciderimus,
2337 2446 2459 2499 ideo
2482 2445 2817 2509 contristari,
2849 2454 2903 2501 et
2932 2446 3208 2515 plangere,
3238 2455 3291 2499 et
3326 2462 3484 2500 acer-

1911 2536 1976 2588 ba
2016 2535 2355 2605 pteoitudine
2388 2535 2441 2588 in
2476 2535 2729 2591 medullis
2755 2537 3012 2598 cruciari,
3044 2537 3201 2603 quasi
3232 2536 3345 2604 jam
3372 2536 3481 2588 vita

1911 2629 2087 2682 vitalis
2120 2643 2229 2680 non
2267 2629 2359 2692 sit,
2401 2628 2661 2696 quoniam
2696 2630 2749 2680 in
2784 2629 2909 2681 talia
2934 2630 3074 2682 mala
3107 2629 3482 2691 inciderimus.

1910 2722 2050 2775 hanc
2081 2721 2380 2779 tristitiam.
2416 2730 2474 2772 ut
2507 2721 2698 2775 mortis
2726 2730 2954 2773 matrem
2987 2720 3129 2773 haud
3156 2721 3404 2786 dubiam,
3428 2733 3484 2774 et

1910 2817 1975 2867 ad
2010 2813 2218 2869 inferos
2247 2816 2536 2868 ducentem
2586 2816 2826 2869 aversari
2853 2830 2915 2869 ac
2951 2815 3214 2881 repellere
3244 2825 3480 2882 oportet.

1913 2907 2075 2961 Istam
2124 2907 2323 2974 quippe
2369 2906 2707 2973 arrogantia,
2733 2916 2787 2959 et
2820 2906 2961 2973 quod
2997 2915 3213 2959 nosmet
3270 2908 3484 2976 magnis

1911 3000 2239 3068 quibusdam
2284 3000 2449 3053 rebus
2474 2999 2669 3068 dignos
2691 2999 3092 3063 existimamus,
3142 3000 3479 3067 superiorem

1910 3106 2066 3144 amor
2103 3091 2399 3159 singularis
2430 3105 2559 3157 erga
2612 3088 2902 3143 Dominum
2932 3090 3157 3155 excitat,
3182 3102 3233 3143 et
3256 3090 3483 3145 evidens

1910 3181 2169 3251 cognitio,
2216 3192 2420 3248 quanta
2472 3182 2541 3234 ab
2570 3196 2635 3235 eo
2670 3181 2931 3234 beneﬁcia
2986 3182 3380 3248 acceperimus.
3428 3193 3485 3235 et

1915 3285 2079 3337 quam
2110 3270 2293 3323 multis
2329 3270 2641 3322 nominibus
2675 3283 2799 3335 cum
2860 3269 2935 3321 illi
2986 3270 3234 3325 obstricti
3284 3273 3480 3337 simus,

1920 3376 2021 3413 nec
2084 3375 2251 3413 unum
2290 3371 2468 3413 tamen
2520 3358 2919 3428 persolvamus,
2953 3362 3044 3413 sed
3075 3362 3299 3428 insuper“
3328 3362 3483 3417 maiie

1912 3453 2053 3504 bona
2115 3467 2564 3519 compensemus.
2627 3451 3096 3515 Quemadmodum
3136 3453 3300 3521 igitur
3330 3469 3477 3507 arro-

1912 3544 2093 3610 gantia
2131 3542 2335 3595 crimen
2368 3551 2471 3603 est,
2510 3543 2579 3594 ita
2607 3551 2659 3595 et
2690 3544 2846 3597 dolor
2866 3542 2986 3609 ejus
3008 3558 3172 3597 causa
3206 3545 3272 3597 ab
3299 3545 3483 3598 anima

227 3653 551 3711 susceptus,
580 3642 799 3694 crimini
830 3640 1005 3693 aﬂinis
1040 3649 1145 3693 est.
1186 3637 1250 3691 Et
1286 3654 1478 3693 rursus
1539 3647 1651 3689 tum
1719 3640 1960 3693 charitas
2014 3654 2142 3707 erga
2208 3640 2487 3691 Christum
2541 3654 2753 3692 summe
2798 3640 3139 3706 praedicanda
3200 3650 3316 3705 est;
3370 3651 3482 3696 tum

220 3737 566 3806 ejusjaculis
594 3735 1023 3790 coovulneratos
1080 3732 1286 3795 dolere,
1352 3734 1639 3795 macerari,
1708 3744 1760 3785 et
1833 3733 2243 3801 colliquescere,
2304 3734 2599 3800 prudentes
2660 3746 2888 3785 summa!
2952 3732 3302 3788 beatitudinis
3364 3736 3485 3790 loco

221 3836 458 3888 ducunt.

297 3924 457 3976 Ἐπεὶ
492 3920 538 3973 δ’
567 3921 831 3989 ἐξῄρηται
868 3917 970 3986 μὶν
998 3917 1097 3984 τῆς
1126 3916 1254 3987 περὶ
1282 3918 1375 3968 τὸν
1402 3918 1636 3985 Χριστὸν
1664 3918 1800 3985 ἀγά-

225 4012 403 4082 πηςή
452 4011 693 4080 χαρίτων
754 4010 1005 4075 γέμουσα
1061 4006 1229 4072 λύπη,
1271 4006 1459 4073 ἀγάπη
1506 4007 1559 4057 δὲ
1591 4007 1698 4059 τῶν
1720 4009 1803 4058 ἐν-

223 4107 409 4165 νοιῶν,
439 4105 497 4157 αἶ
522 4104 614 4154 τὸν
646 4101 880 4169 Χριστὸν
906 4100 1095 4167 ἔχουσι
1128 4102 1219 4150 καὶ
1250 4101 1348 4159 τὴν
1374 4100 1580 4150 ἐκείνου
1609 4099 1799 4165 φιλαν-

224 4197 504 4268 θρωπίαν,
538 4192 747 4253 ταύτας
783 4192 851 4244 ἂν
886 4194 974 4258 εἴη
1014 4189 1289 4257 προύργου
1322 4192 1384 4258 τῇ
1420 4191 1606 4258 μνήμῃ
1670 4208 1801 4243 κατ-

222 4296 373 4360 έχειν
428 4289 522 4339 καὶ
581 4286 836 4353 στρέφειν
866 4284 921 4333 ὲν
976 4286 1040 4351 τῇ
1081 4284 1227 4351 ψυχῇ
1262 4286 1350 4333 καὶ
1381 4284 1479 4350 τῆς
1518 4283 1801 4350 διατριῦῆς

224 4384 467 4450 ταυτησὶ
501 4380 772 4448 μηδέποτε
802 4376 998 4444 σχολὴν
1028 4376 1207 4441 ἄγειν,
1230 4376 1340 4426 ἁλλ’
1372 4375 1624 4442 ἐπίτηδες
1644 4375 1803 4426 τοῦτο

224 4476 326 4543 μὲν
373 4475 459 4539 ἐφ’
502 4471 714 4523 ἑαυτῶν
762 4469 962 4530 αὐτοὺς
1023 4468 1179 4519 ταυτὶ
1217 4467 1445 4535 μελετᾷν
1472 4468 1564 4519 καὶ
1594 4467 1807 4533 λογίζε-

222 4568 374 4621 σθαι,
407 4562 569 4614 τοῦτο
612 4561 657 4612 δ’
689 4562 748 4611 ἐν
775 4563 895 4621 ταῖς
942 4559 1254 4619 συνουσίαις
1305 4556 1555 4627 γλώσσης
1591 4560 1801 4627 τρυφὴν

1981 3914 2249 3979 Quoniam
2309 3929 2435 3969 vero
2478 3913 2697 3967 tristitia
2753 3914 2950 3969 divina:
3006 3918 3193 3983 gratia:
3245 3921 3402 3987 plena
3450 3940 3480 3978 a

1916 4007 2183 4059 charitate
2209 4005 2474 4074 procedit,
2532 4003 2773 4061 Charitas
2807 4014 2988 4058 autem
3028 4006 3081 4059 in
3137 4011 3486 4077 cogitationi-

1914 4098 2013 4149 bus
2040 4096 2344 4158 Christum,
2372 4097 2628 4163 illiusque
2658 4096 3047 4165 benignitatem
3074 4102 3483 4168 complectenti-

1911 4190 2011 4242 hus
2059 4192 2233 4257 posita
2284 4200 2389 4251 est,
2417 4203 2597 4256 opera?
2630 4190 2863 4256 pretium
2894 4189 3059 4244 fuerit
3089 4207 3182 4246 eas
3217 4198 3479 4250 memoria

1910 4293 1959 4334 et
1989 4283 2169 4335 animo
2204 4297 2443 4345 versare,
2472 4293 2521 4333 et
2559 4282 2627 4333 ab
2655 4281 2968 4349 huiusmodi
3007 4298 3171 4351 opera
3196 4301 3475 4355 nunquam

1912 4374 2138 4437 feriari;
2198 4375 2289 4425 sed
2334 4372 2401 4425 de
2465 4371 2731 4425 industria
2783 4381 2835 4423 et
2864 4387 2959 4440 per
2982 4375 3301 4441 semetipsos
3364 4378 3482 4430 haec

1911 4465 2180 4527 meditari,
2241 4477 2538 4530 secumque
2590 4472 2861 4530 reputare,
2908 4472 2961 4515 et
3015 4465 3068 4516 in
3120 4468 3482 4520 conventibus

1910 4558 2183 4609 sermonis
2209 4554 2454 4616 delicias,
2518 4554 3032 4621 eol|0quorumque
3080 4561 3362 4611 materiam
3401 4559 3481 4612 l'a-

223 4659 323 4709 καὶ
347 4655 627 4720 συλλόγων
654 4652 787 4719 ὓλην
815 4650 1090 4703 ποιεῖσθαι
1122 4650 1218 4701 καὶ
1252 4650 1386 4716 πρὸς
1415 4665 1475 4714 γε
1508 4648 1803 4717 πειρᾶσθαι
1839 4647 1881 4699 Ι.)

1793 4669 1803 4701 ι
1839 4647 1881 4699 D
1913 4661 2056 4706 cere,
2093 4659 2147 4699 et
2184 4647 2371 4699 conari
2422 4648 2645 4713 insuper
2675 4656 2733 4697 ut
2783 4647 2932 4698 nullo
2988 4650 3205 4714 negotio
3232 4650 3476 4706 distracti

228 4746 428 4817 μηδενὶ
452 4744 919 4812 διακοπτομένους
944 4741 1146 4809 συνεχῆ
1174 4741 1379 4806 ταύτην
1401 4739 1805 4792 ἐπιδείκνυσθαι

225 4841 326 4907 τὴν
353 4836 614 4904 σπουδὴν,
632 4837 681 4887 εἰ
716 4835 817 4902 μὲν
844 4828 955 4884 οἷόν
978 4850 1035 4883 τε
1060 4832 1150 4885 διὰ
1175 4832 1310 4902 βίον,
1334 4833 1381 4883 εἰ
1406 4830 1449 4881 δ’
1477 4827 1570 4884 οὖν
1591 4832 1803 4897 συχνὸν,

222 4928 296 4987 ὡς
338 4927 403 4977 ἂν
458 4924 755 4990 ἐντακῆναι
808 4922 1011 4991 δυνηθῇ
1044 4922 1135 4972 καὶ
1189 4922 1438 4993 κατάσχῃ
1492 4923 1807 4975 παντάπασι

222 5020 320 5088 τὴν
352 5018 603 5088 καρδίαν.
630 5015 766 5067 Uitta
793 5016 902 5083 γὰρ
934 5014 1043 5081 πῦρ
1071 5013 1322 5083 δράσειεν
1350 5013 1414 5064 ἂν
1434 5013 1608 5072 οὐδὲν,
1636 5007 1715 5071 οἷς
1744 5011 1808 5063 ἂν

224 5109 473 5171 ἐπέλθοι,
509 5108 584 5176 μὴ
625 5106 865 5173 συνεχῶς
908 5104 1201 5173 ὀμιλῆσαν,
1251 5102 1372 5155 οὔτε
1409 5102 1665 5170 λογισμὸς
1693 5102 1807 5153 δια-

222 5201 433 5251 λείπων
470 5198 606 5265 πρὸς
638 5195 816 5248 ὁτιοῦν
853 5194 1023 5256 πάθος
1056 5194 1121 5245 ἂν
1152 5192 1390 5244 διὰθοιτο
1420 5193 1518 5260 τὴν
1551 5192 1804 5259 καρδὶαν,

228 5294 365 5343 ἀλλὰ
395 5291 478 5342 δεῖ
501 5289 694 5357 χρόνου
722 5285 916 5354 συχνοῦ
946 5302 1090 5347 τινος
1128 5284 1343 5350 ἐφεξῆς.

299 5475 360 5523 (ii
393 5470 494 5539 μὲν
524 5466 617 5520 οὖν
655 5469 759 5517 ἀπὶ
791 5466 900 5517 τῶν
932 5467 990 5516 ἐν
1024 5464 1277 5532 αἰσθήσει
1308 5463 1491 5515 καλῶν
1520 5463 1613 5513 καὶ
1636 5462 1807 5529 ἡδέων

227 5567 326 5631 τὴν
362 5561 670 5621 ἐπιθυμίαν
703 5558 952 5619 καίοντες
980 5557 1254 5625 λογισμοὶ,
1298 5556 1430 5607 διότι
1462 5558 1557 5616 τὰς
1594 5556 1691 5619 μὲν
1724 5561 1806 5604 αι-

230 5659 459 5723 οθήσεις
523 5653 784 5720 ἐνεργοὺς
833 5654 964 5719 ἡμῖν
1000 5652 1055 5715 ἐξ
1112 5651 1286 5718 ἀρχῆς
1316 5643 1455 5699 εἶναι
1490 5645 1810 5714 συμϐαίνει,

228 5750 351 5808 τοὺς
404 5744 463 5797 δὲ
493 5742 709 5795 ἐκεῖθεν
758 5742 1059 5811 ὁρμᾶσθαι,
1095 5740 1385 5808 σύντροφοι
1411 5742 1493 5789 καί
1528 5738 1813 5805 ἡλικιῶται

229 5840 325 5892 καὶ
359 5837 647 5899 πείθοντες
688 5836 771 5887 ἆτ’
806 5836 870 5888 ἂν
905 5834 1178 5891 βούλοιντο
1220 5832 1439 5901 ῥαδίως,
1478 5830 1553 5898 τῷ
1585 5846 1641 5879 τε
1670 5830 1813 5896 ἡδεῖς

1910 4751 1973 4789 ac
2000 4735 2232 4789 districti
2271 4735 2513 4788 studium
2542 4736 2680 4789 istuc
2710 4734 2953 4798 assiduo,
2981 4737 3157 4804 quoad
3203 4739 3308 4791 vita
3349 4756 3480 4808 sup.

1910 4824 2250 4891 peditavm‘it,
2311 4824 2355 4877 si
2386 4822 2500 4876 hrri
2552 4826 2746 4891 p0ssit,
2787 4832 3117 4890 tractemus;
3149 4830 3231 4880 sin
3276 4831 3481 4893 minus,

1912 4924 1965 4967 at
1991 4914 2153 4981 longo
2184 4923 2448 4981 tetnpore,
2475 4922 2532 4965 ut
2556 4914 2753 4965 animae
2784 4914 3048 4966 altissime
3076 4916 3480 4982 imprimuntur,

1909 5015 1962 5059 et
2026 5021 2119 5058 cor
2154 5005 2371 5072 penitus
2430 5003 2763 5070 possideant.
2826 5002 3009 5072 Neque
3042 5007 3187 5057 enim
3227 5008 3367 5071 ignis
3423 5010 3475 5062 in

1910 5111 2030 5163 quae
2063 5094 2306 5147 inciderit
2343 5094 2394 5144 in
2423 5107 2485 5144 ea
2520 5091 2821 5159 quidquam
2854 5105 2992 5160 aget.
3022 5094 3067 5145 si
3110 5111 3171 5147 ea
3199 5098 3483 5151 coiitincn—

1912 5196 1991 5237 ter
2018 5200 2123 5237 non
2179 5186 2481 5250 contingat,
2536 5198 2710 5248 neque
2764 5184 3023 5247 cogitatio
3083 5186 3474 5247 intermittens.

1911 5278 2147 5328 animam
2231 5276 2295 5325 ad
2351 5286 2736 5340 quamcunque
2784 5274 3123 5325 alleclionrni
3192 5281 3478 5343 aptarerit,

1914 5367 2004 5419 sed
2043 5376 2248 5431 tempus
2279 5364 2504 5415 multum
2536 5365 3024 5429 continuatumque
3049 5366 3365 5431 requiritur.

1987 5454 2355 5522 Cogitationes
2392 5454 2552 5520 igitur
2580 5467 2607 5503 a
2645 5453 2801 5503 bonis
2826 5463 2878 5504 et
2908 5452 3165 5521 jucundis
3203 5457 3482 5511 sensibili-

1918 5562 2021 5604 ους
2072 5548 2421 5615 t-upidilalrm
2457 5548 2797 5602 accedentes.
2826 5546 2951 5611 quia
2984 5560 3177 5599 sensus
3209 5563 3237 5598 a
3282 5550 3481 5615 princi-

1918 5643 2006 5709 pio
2045 5642 2095 5692 in
2129 5640 2282 5691 nobis
2310 5650 2630 5706 operantur,
2663 5648 2712 5689 et
2753 5637 2871 5689 illas
2902 5637 3026 5688 inde
3072 5638 3203 5690 oriri
3234 5637 3481 5706 Contigit,

1915 5732 2331 5784 contubernales
2382 5740 2604 5790 nostrae,
2644 5741 2691 5779 et
2735 5742 2929 5781 contra
2973 5738 3125 5789 sunt,
3167 5737 3219 5779 et
3253 5744 3483 5795 persua-

1918 5824 2045 5873 dent
2084 5819 2239 5871 facile
2270 5835 2389 5887 qure
2426 5820 2734 5882 voluerint;
2768 5828 2880 5869 tum
2902 5820 3025 5885 quia
3054 5820 3220 5886 jucun
3246 5824 3306 5871 la:
3331 5832 3481 5887 sunt,
