4262 6460
768 424 871 500 ess

1970 433 2272 493 NICOLM
2308 432 2701 491 CABASILIE

3907 408 4013 490 σεε

774 562 881 604 tum
916 552 1039 618 quia
1074 550 1242 602 multo
1273 550 1385 616 jatn
1437 560 1678 616 tempore
1714 547 1995 601 nobiseum
2027 558 2171 603 sunt.
2229 547 2330 611 Qui
2367 560 2378 603 Δ

2442 540 2571 598 εἶναι
2599 548 2676 615 τῷ
2702 563 2759 597 τε
2797 546 2963 599 πολὺν
2995 548 3122 615 ἡμῖν
3148 547 3337 614 χρόνον
3362 546 3608 596 συνεῖναι
3626 560 3639 572 ·
3680 546 3813 612 πρὸς
3835 545 3894 597 δὲ
3920 546 4013 597 τὸν

766 650 947 694 autem
982 642 1179 693 mentis
1207 640 1473 701 rationes,
1515 636 1779 704 illiusque
1809 634 2212 705 philosophiam
2250 648 2337 688 ses

766 734 882 785 itus
910 730 1227 797 attigerunt.
1257 728 1341 781 his
1374 726 1543 780 multa
1575 725 1855 794 diligentia
1887 733 1971 779 est
2004 724 2338 788 necessaria,

766 833 826 876 ut
865 823 917 874 in
972 821 1121 875 brevi
1157 831 1424 888 tempore,
1486 828 1539 873 et
1567 818 1791 873 assidua
1842 817 2241 873 consuetudine
2272 815 2341 870 ad

768 918 971 969 bonum
1011 914 1337 978 adiciantur,
1383 914 1525 982 quod
1565 922 1790 983 repente
1818 914 2044 981 arrepit,
2088 912 2183 966 sed
2218 924 2342 965 sero

765 1008 944 1070 valde,
989 1006 1286 1074 multisque
1334 1007 1445 1075 jam
1496 1005 1624 1059 aliis
1654 1004 1842 1073 plenos
1869 1004 2190 1074 ingreditur.
2241 1000 2340 1054 Vix

765 1100 911 1153 cnim
941 1107 1197 1153 contenta
1233 1109 1285 1151 et
1311 1098 1423 1151 acri
1454 1098 1841 1151 exercitatione
1869 1097 2192 1151 diuturnum
2216 1111 2340 1149 cum

767 1190 876 1243 illis
903 1190 1028 1242 aliis
1062 1190 1453 1244 commercium
1508 1188 1885 1257 prmcidentcs,
1922 1204 2053 1243 vera
2086 1188 2341 1257 opinato-

764 1296 909 1345 rum,
975 1289 1029 1331 et
1086 1279 1225 1332 bona
1270 1277 1446 1332 solida
1492 1278 1864 1346 jucundorum
1913 1277 2032 1330 loco
2084 1277 2341 1331 inducere

764 1372 1060 1439 poSsimus.
1123 1367 1279 1422 Unde
1349 1384 1448 1423 nec
1500 1369 1829 1432 mirandum,
1890 1369 1935 1421 si
1968 1369 2341 1437 cogitationes

763 1467 980 1532 optima:
1011 1465 1152 1516 haud
1202 1462 1407 1529 ubique
1440 1462 1610 1517 malas
1639 1470 1914 1530 superent,
1939 1472 1991 1516 et
2021 1461 2341 1518 melioribus

762 1557 1063 1608 deteriores
1106 1555 1242 1611 nihil
1290 1555 1602 1608 concedant
1648 1555 1791 1622 apud
1822 1568 1938 1617 eos,
1980 1554 2073 1622 qui
2129 1553 2341 1606 ratione

765 1657 1019 1700 utuntur.
1081 1644 1215 1698 Nam
1244 1645 1371 1713 jure
1408 1646 1618 1713 optimo
1670 1644 1916 1699 sufﬁcere
1952 1644 2129 1699 sentio
2159 1652 2216 1697 ut
2248 1643 2343 1697 bo-

765 1754 869 1790 nus
900 1753 1022 1789 esse
1070 1736 1271 1804 possis,
1311 1752 1417 1788 non
1459 1735 1564 1789 hoc
1602 1735 1781 1803 ipsum
1824 1735 1868 1788 si
1898 1735 2177 1796 didiceris,
2209 1734 2341 1803 quid

765 1830 922 1878 nobis
955 1825 1254 1877 bonitatem
1291 1826 1654 1892 persuadeat;
1694 1824 1789 1876 sed
1834 1826 1902 1883 si,
1939 1826 2085 1892 quod
2117 1839 2341 1878 necesse

764 1927 869 1979 est,
908 1916 1047 1969 ineo
1077 1916 1244 1968 etiam
1271 1915 1583 1969 meditando
1609 1915 1947 1978 immoreris,
1970 1926 2022 1970 et
2045 1917 2342 1985 cogitando

764 2011 987 2065 insistas
1018 2028 1031 2063 :
1068 2019 1122 2063 et
1150 2026 1274 2063 cum
1304 2020 1509 2063 rectam
1536 2009 1802 2064 rationem
1838 2011 2192 2082 cognoveris,
2226 2026 2335 2064 non

761 2117 881 2156 eam
915 2104 1088 2156 solum
1146 2104 1286 2155 intra
1339 2111 1390 2155 te
1422 2100 1661 2167 habeas;
1711 2102 1806 2157 sed
1858 2116 1921 2156 ea
1981 2117 2200 2173 quoque
2246 2103 2340 2157 ubi

763 2214 904 2269 opus
934 2208 1015 2253 est
1038 2206 1213 2261 utare,
1272 2196 1417 2251 sicut
1469 2207 1524 2251 et
1552 2196 1729 2259 cibus,
1778 2206 1834 2250 et
1861 2211 2037 2262 arma,
2084 2211 2139 2252 et
2167 2196 2341 2252 medi-

763 2294 914 2357 cina,
956 2302 1015 2347 et
1097 2290 1294 2353 vestis,
1365 2304 1473 2344 non
1525 2288 1851 2358 simpliciter
1884 2289 2085 2360 quibus
2120 2291 2340 2357 adsunt,

765 2386 971 2455 quique
1002 2399 1066 2438 ea
1094 2381 1397 2453 possident,
1427 2381 1777 2437 commodum
1814 2380 1999 2435 ferunt
2065 2382 2343 2437 utentibus

765 2480 883 2547 ipse
934 2494 1071 2533 usus
1120 2474 1459 2532 commodat.
1494 2473 1653 2540 Quod
1699 2473 1746 2527 si
1776 2488 1957 2541 prava:
1984 2473 2344 2541 cogitationes

764 2570 1147 2627 incumbentes
1178 2578 1413 2623 mentem
1444 2567 1746 2632 detineant,
1782 2566 1939 2621 bona:
1962 2566 2343 2621 tantummodo

766 2673 997 2733 gustata:
1046 2663 1381 2727 sentiantur,
1435 2659 1706 2716 deteriora
1764 2662 2011 2724 vincunt,
2069 2669 2122 2712 et
2167 2672 2345 2727 pravae

766 2758 987 2827 quidem
1051 2768 1290 2810 actuosa:
1351 2768 1475 2807 cum
1511 2754 1643 2816 sint,
1668 2753 1866 2806 animae
1894 2755 2171 2821 regionem
2210 2752 2345 2806 insi-

722 2894 727 2898 .
769 2855 921 2910 dent.
951 2850 1073 2903 aliae
1100 2858 1157 2903 ut
1186 2848 1344 2902 victae
1385 2856 1440 2901 et
1469 2847 1663 2901 otiosae
1694 2860 1922 2915 prorsus
1953 2844 2337 2899 exturbantur.

769 2942 913 2997 Nihil
942 2942 1106 3011 igitur
1135 2953 1360 3003 navum,
1402 2952 1508 2991 non
1536 2936 1812 2993 azdil‘tcare
1836 2936 2221 3002 architectum,
2248 2943 2344 2990 aut

774 3034 1045 3087 medicum
1102 3046 1208 3084 non
1240 3045 1459 3095 sanare,
1518 3040 1613 3083 aut
1642 3029 1895 3097 Opiﬁcem
1959 3043 2344 3099 quemcunque

774 3142 879 3178 non
900 3137 1059 3177 suutn
1085 3136 1284 3174 munus
1306 3119 1480 3183 obire,
1508 3118 1771 3189 quamdiu
1798 3127 1969 3172 artem
1989 3132 2095 3170 non
2120 3114 2344 3169 adhibet

772 3230 871 3270 nec
901 3214 1032 3267 illud
1083 3214 1306 3275 mirum,
1352 3211 1398 3265 si
1429 3210 1555 3278 quis
1580 3220 1787 3264 rectam
1816 3209 2081 3262 rationem
2113 3207 2340 3271 habens,
2374 3249 2419 3311 ϐ

767 3313 1017 3375 agentem
1048 3318 1211 3372 porro
1260 3319 1368 3355 non
1405 3302 1637 3366 habens,
1686 3300 1894 3354 nullmn
1924 3299 2216 3369 diligentia:
2240 3299 2335 3353 l‘ru‘

769 3413 915 3453 ctum
942 3404 1105 3463 capit.
1132 3393 1325 3449 Utatur
1345 3393 1489 3447 enim
1509 3392 1781 3460 quispiam
1801 3392 1971 3447 armis
1991 3401 2183 3445 contra
2203 3392 2354 3444 inva-

770 3494 982 3549 dentes,
1005 3498 1278 3557 quatenus
1306 3486 1566 3542 convenit
1600 3501 1695 3541 eos
1732 3487 2090 3551 interﬁciens,
2119 3498 2235 3539 arte
2256 3499 2353 3537 au-

773 3596 902 3643 tent,
918 3582 1219 3633 secundum
1246 3579 1420 3648 ipsam
1440 3593 1627 3647 agens.
1646 3575 1757 3633 Nos
1778 3591 1905 3633 vero
1925 3576 2351 3647 cogitationibus

770 3674 994 3742 optimis
1022 3673 1165 3726 sicut
1186 3671 1519 3726 consiliariis
1542 3671 1766 3735 utimur,
1795 3679 2029 3725 mentem
2061 3670 2347 3725 adverten-

776 3781 877 3831 tes,
925 3779 1036 3817 non
1075 3772 1133 3816 ut
1154 3778 1279 3816 eum
1306 3762 1558 3817 didicerit
1585 3777 1708 3832 qua:
1735 3762 2230 3833 oportet,‘.noverit.
2256 3762 2349 3815 sed

774 3868 834 3909 ut
866 3872 989 3910 cum
1025 3856 1361 3925 cognoverit,
1388 3856 1806 3923 persuadeatur,
1827 3870 2060 3924 vereque
2082 3854 2348 3909 bonorum

775 3965 1017 4005 amorem
1050 3948 1533 4018 concipiat;quod
1589 3949 1776 4003 sedula
1810 3947 2167 4001 meditatione
2204 3954 2348 4015 eget,

774 4044 993 4114 quando
1014 4051 1201 4098 contra
1232 4041 1286 4093 in
1314 4040 1472 4095 malis
1497 4039 1755 4110 occupari
1782 4048 1836 4094 et
1856 4040 2135 4093 immorari
2156 4040 2352 4093 anima

776 4138 1066 4191 exitiosum
1099 4144 1221 4199 est;
1261 4132 1587 4202 simpliciter
1633 4142 1815 4187 autem
1852 4147 2044 4187 eorum
2078 4131 2350 4195 notiones,

777 4232 912 4284 nihil
942 4230 1145 4282 habent
1178 4228 1326 4280 mali.
1378 4224 1751 4291 Quamobrem
1802 4233 2080 4293 quomodo
2120 4222 2209 4277 hic
2268 4222 2353 4275 l‘u-

774 4324 990 4393 gienJa,
1030 4323 1102 4374 ita
1144 4322 1255 4373 illic
1287 4320 1653 4373 consectanda
1692 4329 1775 4371 est
1801 4317 2103 4370 meditatio.

852 4416 997 4467 Velle
1035 4415 1203 4481 igitur
1235 4413 1435 4465 bonum
1486 4410 1857 4464 diﬂicultatem
1896 4424 2003 4463 non
2034 4410 2219 4471 habet,
2254 4421 2354 4463 nec

776 4524 863 4561 res
887 4508 988 4559 ista
1015 4506 1195 4559 studio
1249 4503 1490 4558 creditur
1543 4503 1804 4571 indigere.
1865 4502 1941 4556 Ad
1974 4502 2347 4571 accipiendum

2442 639 2565 689 νοῦν
2592 639 2684 691 καὶ
2709 637 2806 707 τὴν
2830 636 3041 690 ἐκείνου
3073 635 3391 707 φιλοσοφίαν
3419 635 3601 705 χρόνῳ
3630 634 3858 703 ὕστερον
3892 636 4016 701 ἀφι-

2442 728 2663 795 γμένοις
2694 726 2898 796 πολλῆς
2932 726 3143 795 ἀνάγκη
3197 727 3300 796 τῆς
3333 726 3591 795 σπουδῆς,
3622 723 3696 787 ὡς
3726 723 3785 774 ὲν
3822 722 4016 792 βραχεῖ

2443 820 2619 888 χρόνῳ
2650 819 2745 870 κα)⁸
2776 819 3035 888 συνεχοῦς
3066 818 3377 884 συνουσίας,
3402 816 3545 870 ὥστε
3576 817 3773 869 παθεῖν
3795 834 3847 869 τι
3875 816 4016 883 πρὸς

2441 912 2503 963 τὸ
2527 911 2734 978 ἀγαθὸν
2756 911 2883 964 οὔτε
2915 904 3115 964 αὐτίκα
3140 911 3340 981 τέρπον
3372 911 3471 964 καὶ
3501 910 3599 979 ὀψὲ
3633 909 3778 980 μάλα
3804 908 4016 961 πολλῶν

2441 1004 2542 1075 ήδη
2577 1003 2947 1073 πληρωθεῖσιν
2977 1004 3461 1075 ὲπεισερχόμενον.
3492 1002 3666 1066 Μόλις
3698 1003 3807 1072 γὰρ
3839 1002 3904 1056 ἂν
3938 1000 4017 1071 τῷ

2444 1096 2683 1168 συντόνῳ
2709 1096 2810 1163 τῆς
2848 1096 3079 1165 μελέτης
3104 1095 3163 1148 τὸ
3196 1097 3407 1166 μακρὸν
3440 1096 3541 1164 τῆς
3578 1096 3803 1149 ἐκείνων
3836 1094 4015 1147 διακό-

2440 1186 2644 1253 ψαντες
2670 1187 2957 1255 συνηθείας
2975 1188 3186 1258 τάληθῆ
3212 1187 3310 1257 μὲν
3328 1187 3435 1241 τῶν
3460 1186 3784 1251 δοκούντων,
3803 1185 4019 1253 τάγαθὰ

2440 1279 2497 1333 δὲ
2524 1279 2632 1331 τῶν
2662 1280 2833 1347 ἡδέων
2870 1282 3294 1349 ἀντεισαγαγεῖν
3349 1278 3675 1348 δυνηθεῖμεν
3695 1295 3709 1309 ’
3743 1277 3868 1331 ὅθεν
3895 1277 4019 1331 οὐδὲ

2441 1371 2547 1439 χρὴ
2580 1370 2904 1439 θαυμάζειν,
2939 1374 2987 1423 εἰ
3019 1371 3128 1423 τῶν
3158 1370 3443 1440 λογισμῶν
3467 1372 3515 1423 οἱ
3540 1371 3753 1440 ἄριστοι
3784 1370 3891 1421 τῶν
3918 1387 4021 1421 ποι

2442 1462 2622 1532 νηρῶν
2657 1464 2715 1514 οὐ
2750 1462 3010 1531 κρατοῦσι
3066 1463 3367 1533 πανταχοῦ,
3400 1463 3496 1515 καὶ
3528 1461 3638 1515 τῶν
3662 1461 3927 1531 χειρόνων
3957 1462 4017 1514 οὗ

2442 1556 2608 1607 πλέον
2636 1556 2854 1625 ἔχουσιν
2883 1558 2931 1607 oi
2963 1554 3217 1618 καλλίους
3247 1555 3398 1621 παρὰ
3428 1557 3538 1614 τοῖς
3572 1557 3630 1606 ὲν
3650 1554 3796 1622 λόγῳ
3826 1554 4017 1618 ζῶσιν.
4086 1572 4089 1575 λ

2454 1645 2715 1717 Ἀρκέσαι
2766 1648 2876 1715 γὰρ
2906 1648 2973 1701 ἂν
3020 1647 3245 1708 εἰκότως
3284 1641 3441 1716 οἶμαι
3473 1646 3610 1715 πρὸς
3636 1646 3697 1698 τὸ
3724 1646 4021 1715 δυνηθῆναι

2442 1738 2692 1805 γενέσθαι
2741 1736 3000 1808 χρηστὸν,
3056 1740 3119 1791 οὐ
3154 1738 3301 1791 τοῦτ’
3340 1738 3473 1790 αὐτὸ
3513 1737 3739 1807 μαθεῖν,
3807 1737 3929 1788 ὅθεν
3955 1736 4022 1788 ἂν

2443 1830 2671 1895 γένοιτσ
2689 1829 2979 1896 πεισθῆναι
3011 1829 3268 1896 γενέσθαι
3300 1830 3563 1899 χρηστὸν,
3597 1829 3813 1899 ἀνάγκη
3847 1828 3903 1881 δὲ
3926 1829 4022 1880 καὶ

2452 1920 2795 1991 μελετῶντας
2823 1920 3106 1990 διατρῖψαι
3146 1922 3239 1973 καὶ
3269 1924 3451 1990 μεῖναι
3487 1921 3896 1989 λογιζομένους,
3924 1922 4022 1973 καὶ

2447 2014 2540 2067 τὸν
2590 2013 2747 2085 ὀρθὸν
2779 2012 2940 2081 λόγον
2974 2015 3033 2066 οὐ
3066 2014 3310 2083 μαθόντα
3339 2014 3650 2085 κτήσασθαι
3683 2014 4022 2084 μόνον,άλλά

2448 2107 2541 2159 καὶ
2593 2108 2903 2178 χρήσασθαι
2940 2108 3079 2177 πρὸς
3109 2106 3275 2170 ἃδεῖ,
3304 2110 3561 2179 καθάπερ
3604 2113 3695 2163 καὶ
3723 2110 3893 2163 σιτίον
3926 2112 4023 2162 καὶ

2447 2200 2611 2253 ὅπλον
2654 2201 2750 2254 καὶ
2792 2201 3083 2269 φάρμακον
3137 2201 3232 2253 καὶ
3278 2202 3494 2271 ἱμάτιον
3527 2202 3589 2255 οὐ
3623 2206 3733 2264 τοῖς
3768 2203 4023 2255 συνοῦσιν

2448 2290 2635 2351 ἁπλῶς
2663 2291 2757 2342 καὶ
2783 2290 3145 2360 κεκτημένοις
3174 2291 3365 2359 ὄφελος
3394 2291 3530 2361 ἔχει,
3564 2295 3677 2356 τοῖς
3711 2294 4022 2363 χρωμένοις

2446 2383 2503 2436 δὲ
2541 2383 2609 2436 τὰ
2633 2373 2933 2453 γιγνόμῖενα
2962 2383 3168 2455 βοηθεῖ.
3212 2385 3277 2438 Ei
3310 2385 3367 2439 δὲ
3393 2386 3503 2439 τῶν
3524 2384 3806 2456 λογισμῶν
3832 2388 3883 2437 ot
3921 2388 4023 2454 μὲν

2450 2474 2642 2543 φαῦλοι
2675 2457 2773 2527 τὸν
2799 2475 2922 2527 νοῦν
2962 2477 3043 2539 είς
3086 2477 3315 2541 ἑαυτοὺς
3376 2477 3655 2549 ἀσχολοῖεν
3682 2478 4018 2549 ἐγκείμενοι,

2449 2568 2557 2620 τῶν
2592 2567 2636 2620 δ’
2691 2568 2913 2636 ἀγαθῶν
2968 2568 3095 2621 ὅσον
3150 2569 3436 2623 αίσθὲσθαι
3477 2572 3803 2640 γεγευμένοι
3861 2574 4024 2641 μόνον

2450 2659 2842 2730 ἀποπηδῶμεν,
2898 2663 2949 2715 τί
2990 2665 3175 2716 καινὸν
3205 2665 3274 2717 τὰ
3296 2665 3465 2735 χείρω
3494 2670 3740 2736 κρατεῖν,
3770 2667 3865 2718 καὶ
3898 2668 4023 2727 τοὺς

2454 2752 2553 2821 μὲν
2587 2758 2857 2821 πονηροὶ-ς
2889 2757 3180 2825 κατασχεῖν
3207 2756 3307 2826 τὴν
3338 2757 3434 2825 τῆς
3464 2757 3643 2828 ψυχῆς
3664 2756 3845 2827 χώραν
3870 2760 4023 2824 ἐνερ-

2450 2846 2581 2911 γοὺς
2615 2843 2797 2909 ὄντας,
2835 2850 2959 2909 τοὺς
2993 2846 3038 2899 δ’
3073 2846 3433 2916 ἐκϐεϐλῆσθαι
3471 2849 3822 2902 παντάπασιν
3858 2850 4027 2916 ἡττηα

2453 2937 2648 3004 μένους
2698 2937 2858 3000 ὄντας
2914 2940 3154 3018 ἁργούςς
3214 2940 3349 2993 Οὔτε
3396 2942 3580 2993 τοίνυν
3608 2940 3682 3011 μὴ
3715 2941 4025 3010 οἰκοδομεῖν

2450 3028 2647 3090 εἰδότα,
2682 3029 2714 3100 ἢ
2747 3030 2820 3101 μὴ
2849 3032 2939 3083 τδν
2981 3032 3166 3102 ίατρδν
3193 3031 3439 3099 ὑγιάζειν
3470 3032 3503 3103 ἢ
3531 3033 3642 3085 τῶν
3670 3034 4025 3103 δημιουργῶν

2450 3122 2697 3176 ὁντινοῦν
2720 3122 2796 3193 μὴ
2822 3129 2890 3177 τὰ
2911 3124 3079 3177 αὐτοῦ
3110 3128 3310 3190 ποιεῖν,
3343 3126 3445 3189 ἕως
3467 3127 3527 3179 οὐ
3553 3127 3734 3197 χρῷτο
3752 3131 3817 3198 τῇ
3838 3129 4025 3199 τέχνῃ,

2451 3218 2641 3269 καινὸν
2666 3217 2842 3280 οὐδὲν,
2881 3214 3005 3270 οὔτε
3044 3218 3222 3270 ὲκεῖνο
3251 3217 3584 3286 θαυμαστὸν,
3612 3219 3665 3271 εί
3692 3236 3775 3283 τις
3796 3220 3890 3272 τὸν
3928 3219 4025 3287 δρ-

2453 3310 2544 3363 θδν
2577 3308 2734 3377 λόγον
2765 3308 2927 3378 ἔχων,
2965 3309 3188 3379 ἐνεργὸν
3212 3309 3269 3362 δὲ
3297 3310 3397 3363 οὐκ
3427 3310 3568 3379 ἔχων
3589 3311 3741 3365 οὐδὲν
3764 3312 4028 3365 ἀπώνατο

2451 3404 2553 3472 τῆς
2590 3398 2861 3471 σπουδῆςέ
2890 3403 3174 3473 Χρήσαιτο
3210 3404 3317 3474 γάρ
3354 3405 3421 3459 ἄν
3445 3421 3531 3468 τις
3568 3408 3681 3468 τοῖς
3713 3405 3812 3476 μὲν
3838 3407 4028 3469 ὅπλοις

2455 3494 2592 3563 πρὸς
2644 3495 2774 3556 τοὺς
2828 3494 3083 3555 ἐπιόντας
3229 3495 3475 3564 προσῆκε
3530 3494 3905 3565 διαχειρίξων,
3958 3500 4026 3567 τῇ

2452 3587 2615 3658 τέχνῃ
2648 3586 2706 3637 δὲ
2742 3586 2859 3637 κατ’
2886 3585 3056 3653 αὐτὴν
3077 3586 3347 3656 ἐνεργῶν
3381 3586 3491 3639 τῶν
3520 3588 3577 3639 δὲ
3606 3588 3887 3657 λογισμῶν
3914 3593 4028 3651 τοῖς

2452 3678 2723 3747 ἀρίστοις,
2755 3676 3009 3747 καθάπερ
3041 3679 3151 3741 τοῖς
3177 3677 3506 3746 συμϐούλοις
3525 3679 3821 3750 -χρώμεθα,
3856 3697 4027 3743 προσ-

2453 3767 2592 3837 έχων
2614 3767 2703 3822 τὸν
2726 3767 2870 3833 νοῦν,
2903 3768 3001 3838 οὐχ
3033 3768 3158 3820 ὅσον
3186 3767 3223 3820 ἀ
3266 3766 3350 3820 δεῖ
3382 3768 3625 3836 μαθόντα
3655 3768 3886 3837 γνῶναι,
3909 3766 4026 3820 ἀλλ’

2452 3860 2594 3914 ὥστε
2652 3861 2849 3927 γνόντα
2901 3860 3194 3926 πεισθῆναι
3224 3859 3319 3913 καὶ
3346 3861 3456 3914 τῶν
3485 3860 3561 3923 ὡς
3592 3859 3809 3930 ἀληθῶς
3846 3859 4030 3913 καλῶν

2452 3955 2633 4023 ἔρωτα
2684 3953 2853 4018 σχεῖν,
2880 3952 2909 4004 δ
2942 3952 3237 4022 περιέργου
3269 3952 3442 4005 δεῖται
3471 3951 3703 4021 μελέτης
3729 3969 3743 3982 ο
3783 3952 3911 4004 ἐπεὶ
3934 3953 4030 4005 καὶ

2452 4047 2767 4098 τούναντίον
2796 4046 2890 4097 ἐπὶ
2924 4045 3035 4097 τῶν
3076 4044 3297 4112 φαύλων
3336 4044 3400 4097 τὸ
3422 4045 3521 4111 μὲν
3554 4043 3909 4113 ἀσχολεῖσθαι
3937 4045 4031 4096 καὶ

2452 4137 2755 4208 διατρίϐειν
2791 4140 2856 4206 τῇ
2882 4136 3028 4206 ψυχῇ
3061 4137 3151 4189 τὸν
3180 4135 3427 4205 ὄλεθρον,
3455 4136 3516 4189 τὸ
3533 4136 3581 4188 δ’
3614 4135 3800 4197 ἁπλῶς
3827 4136 4031 4187 οὑτωσὶ

2453 4231 2655 4298 γνῶναι
2681 4229 2855 4283 δεινὸν
2871 4228 3046 4294 οὐδὲν,
3066 4227 3192 4280 ὅθεν
3211 4229 3427 4297 ἀνάγκη
3453 4228 3553 4297 τὴν
3579 4227 3812 4297 μελέτην
3838 4226 4031 4295 ὥσπερ

2454 4326 2570 4375 ἐκεῖ
2598 4323 2843 4389 φεύγειν,
2885 4320 3059 4384 οὓτως
3089 4320 3327 4373 ἐνταῦθα
3357 4320 3595 4373 διώκειν.

2525 4414 2602 4469 Τὸ
2634 4415 2733 4483 μὲν
2758 4414 2850 4467 οὖν
2883 4413 3090 4466 ἐθέλειν
3122 4412 3376 4479 τάγαθὸν,
3404 4413 3554 4465 οὐδὲν
3585 4411 3769 4480 ἔργον,
3802 4410 4033 4477 οὐδεμία

2460 4514 2565 4579 γὰρ
2602 4510 2695 4561 τοῦ
2752 4511 3081 4577 πράγματος
3127 4508 3347 4577 ἡγεῖται
3414 4505 3653 4574 σπουδή·
3707 4505 3849 4574 πρὸς
3889 4505 3946 4557 δὲ
3977 4504 4035 4557 τὸ

776 4612 955 4655 autent
982 4598 1533 4665 conservandumque
1557 4607 1680 4650 cum
1711 4599 1862 4649 labor
1888 4597 1958 4651 sit
1982 4597 2348 4657 necessarius,

2459 4602 2641 4654 λαϐεῖν
2672 4600 2767 4652 καὶ
2802 4601 2975 4653 σῶσαι
3009 4598 3173 4650 πόνου
3200 4597 3481 4665 δεόμενον,
3514 4592 3903 4664 πραγματείας
3943 4592 4035 4644 καὶ

777 4696 959 4747 studio
995 4707 1057 4744 ac
1090 4691 1172 4743 via
1202 4690 1443 4757 quadam
1474 4705 1612 4755 Opus
1668 4699 1773 4750 est,
1808 4705 1915 4757 qua
1948 4688 2014 4740 ad
2051 4689 2351 4742 certamina

2464 4693 2691 4763 μεθόδου
2757 4696 2915 4760 χρεία
2979 4689 3145 4752 τινὸς,
3209 4688 3325 4751 πῶς
3357 4686 3424 4741 ἂν
3475 4687 3694 4747 ἑκόντες
3734 4679 3877 4736 εἶναι
3911 4686 4035 4742 τοὺς

781 4784 894 4841 hac
950 4784 1194 4839 volentes
1244 4780 1649 4849 aggrediamur,
1702 4779 2147 4846 quandoquidem
2208 4778 2352 4831 haud

2460 4783 2677 4851 ἀγῶνας
2730 4779 3055 4847 ἀνελοίμεθα
3084 4774 3335 4839 τούτους,
3366 4776 3443 4837 ὡς
3478 4775 3579 4828 οὐκ
3604 4774 3664 4827 δν
3698 4774 3884 4844 ῥᾴδιον
3921 4773 4036 4824 ἐλό-

776 4873 934 4931 [ειαίὶε
961 4873 1086 4927 taiis
1120 4872 1274 4923 labor
1303 4874 1628 4937 capessitur.
1661 4869 1815 4933 Quod
1845 4879 2025 4922 autem
2058 4870 2262 4937 ubique
2285 4870 2351 4923 ad

2459 4877 2583 4928 σθαι
2621 4877 2832 4935 πονεῖν;
2868 4873 3025 4925 Ἐστι
3069 4870 3125 4923 δὲ
3158 4871 3219 4921 τδ
3267 4870 3364 4937 μὲν
3397 4863 3714 4935 ἁπανταχοῦ
3749 4864 3890 4932 πρὸς
3913 4864 4036 4923 τοὺς
4106 4926 4109 4929 Α

778 4966 1077 5029 certamina
1109 4962 1254 5014 velut
1306 4963 1565 5013 athletam
1618 4961 1793 5029 ungit.
1838 4975 1989 5014 amor
2019 4972 2102 5019 est
2139 4976 2352 5027 eorum,

2456 4967 2674 5035 ἀγῶνας
2694 4968 2915 5031 ἁλεῖφον
2932 4969 2963 5017 ὀ
2989 4966 3119 5033 περὶ
3143 4958 3218 5016 ὧν
3243 4964 3274 5014 ἁ
3290 4957 3627 5029 ςωνιζόμεθα
3653 4956 3817 5017 πόθος
3845 4973 3860 4987 ·
3881 4949 4037 5015 οὗτος

780 5072 878 5127 pro
907 5055 1108 5131 quibus
1138 5065 1432 5106 certamus.
1464 5051 1559 5104 llie
1585 5053 1730 5104 enim
1766 5052 1997 5115 labores,
2030 5056 2133 5105 etsi
2163 5052 2358 5106 admo-

2455 5063 2565 5130 γὰρ
2588 5061 2735 5129 ἡδεῖς
2758 5061 2903 5115 ποιεῖ
2931 5062 3057 5121 τοὺς
3096 5058 3308 5118 πόνους,
3342 5053 3447 5107 κᾶν
3472 5070 3576 5105 ωσι
3611 5052 3731 5102 λίαν
3759 5050 4035 5119 ὀδυνηροὶ.

779 5153 909 5203 dum
948 5146 1273 5200 cruciabiles
1305 5143 1579 5197 suavitate
1632 5143 1839 5200 condit.
1872 5144 2125 5198 Amorem
2175 5158 2360 5197 autem

2455 5153 2544 5205 τὸν
2577 5153 2755 5223 ἔρωτα
2788 5152 2843 5204 δὲ
2896 5151 3003 5205 τῶν
3041 5150 3225 5202 καλῶν
3256 5148 3363 5200 τῶν
3388 5146 3566 5200 ἄλλων
3604 5145 3702 5213 μὲν
3730 5144 3909 5207 οὐδὲν,
3980 5142 4037 5189 τὸ

781 5243 1138 5295 honestorum
1173 5237 1306 5290 nihil
1336 5236 1484 5289 aliud
1532 5236 1808 5297 accendit,
1846 5250 2011 5305 quam
2074 5238 2356 5291 attendere

776 5334 883 5389 illis
922 5332 1188 5395 aninmm,
1231 5340 1501 5384 eteorum
1534 5330 1863 5399 elegantiam
1905 5330 2236 5397 perspicere.
2290 5328 2355 5383 Et

776 5427 865 5481 hic
896 5434 981 5479 est
1012 5423 1176 5493 ignis,
1218 5421 1310 5492 qui
1360 5436 1425 5476 cx
1476 5420 1830 5475 meditatione
1910 5420 2001 5475 Dei
2062 5423 2117 5475 in
2172 5403 2353 5476 anima

777 5519 1061 5588 Propheta:
1092 5514 1359 5570 exarsit"
1392 5532 1409 5564 ι
1441 5512 1505 5566 Ει
1528 5513 1957 5569 ἰηιηειιὶιειὶυηε
1981 5530 2119 5578 mea,
2154 5516 2351 5585 inquit,

779 5591 1291 5679 ex'ardescetignis.
1329 5626 1346 5657 ι
1380 5606 1519 5673 Quia
1544 5607 1674 5661 alibi
1704 5607 2020 5673 ostendens,
2052 5607 2196 5661 circa
2221 5609 2351 5677 quid

779 5704 1060 5759 meditatio
1086 5712 1357 5763 versetur,
1397 5708 1451 5754 et
1484 5700 1640 5769 cujus
1675 5700 1776 5754 viri
1812 5701 1883 5755 sit
1907 5715 2063 5770 optts,
2091 5702 2191 5756 hoc
2229 5701 2349 5771 qui-

845 5882 887 5912 “
940 5880 1082 5936 Psal.
1128 5893 1353 5943 xxxrttt,
1396 5876 1447 5927 4.

2458 5238 2725 5315 ’προσχεῖν
2755 5244 2811 5297 δὲ
2842 5243 2933 5297 τὸν
2962 5242 3087 5295 νοῦν
3110 5243 3295 5303 αὐτοῖς
3324 5242 3419 5294 καὶ
3450 5237 3795 5307 καταμαθεῖν
3820 5236 3883 5287 τδ
3909 5236 4010 5287 κάλ

2464 5336 2552 5401 λος
2584 5337 2813 5389 ἀνάπτει
2837 5351 2850 5365 ·
2894 5336 2987 5387 καὶ
3022 5333 3179 5386 τοῦτό
3212 5334 3328 5384 ἐστι
3360 5330 3420 5383 τδ
3464 5329 3599 5399 πῦρ,
3632 5328 3770 5396 ὅπερ
3796 5326 3909 5379 ἀπὸ
3942 5322 4035 5392 τῆς

2464 5424 2594 5494 περὶ
2623 5425 2758 5477 Θεὸν
2791 5424 3025 5493 μελέτης
3049 5421 3269 5493 ἀνήφθη
3302 5422 3367 5492 τῇ
3404 5420 3498 5474 τοῦ
3538 5420 3824 5488 προφήτου
3869 5420 4034 5483 ψυχῇ.

2473 5530 2495 5570 ι
2521 5518 2629 5570 Καὶ
2655 5521 2714 5570 ἐν
2740 5522 2805 5586 τῇ
2837 5516 3039 5587 μελέτῃ
3062 5532 3183 5583 μου,
3207 5515 3394 5584 φησὶν,
3425 5511 3824 5578 ἐκκαυθήσεται
3857 5509 3993 5575 πῦρ·
4018 5525 4033 5551 ι

2461 5609 2518 5672 ὃς
2540 5609 2768 5681 ἑτέρωθι
2788 5612 3024 5674 δεικνὺς,
3050 5610 3175 5677 περὶ
3196 5608 3296 5660 ὅτε
3321 5608 3353 5677 ὴ
3383 5604 3581 5675 μελέτη
3608 5601 3861 5663 κοὶτίνος
3885 5602 4039 5667 ἔργον

2462 5702 2652 5771 ἀνδρὸς
2660 5742 2673 5767 ,
2702 5704 2796 5756 ’τὸν
2818 5704 2921 5772 μέν
2941 5719 3072 5771 φησι
3099 5700 3187 5752 τὸν
3214 5698 3480 5768 μακάριον
3500 5698 3593 5749 ἄνθ
3605 5708 3785 5748 οωπον
3805 5688 3963 5755 εἶναι,
3982 5700 4034 5742 τι
