4262 6460
288 409 393 471 657

1285 414 1378 473 DE
1418 416 1591 474 \'lT.l
1634 414 1708 475 IN
1752 408 2078 478 CHRISTO
2146 421 2285 480 ΗΒ.
2325 421 2427 482 γι.

3422 422 3528 483 658

285 523 340 573 δὲ
377 523 468 573 τὸν
497 522 590 577 τοῦ
617 523 752 578 θεοῦ
778 526 939 593 νόμον
972 546 978 552 ’
1012 528 1037 578 ὁ
1064 526 1171 594 γὰρ
1205 530 1474 597 μακάριος
1498 530 1638 597 ἀνὴρ
1660 529 1870 597 ἡμέρας
1904 531 1946 585 Α

1852 543 1870 587 ιτ
1904 531 1946 585 Α
1976 531 2095 584 dem
2127 533 2203 587 ait
2228 533 2366 591 beati
2404 532 2522 594 viii,
2551 532 2677 584 illud
2731 532 2818 586 llei
2851 532 3042 599 legem.
3087 532 3281 587 Beatus
3322 537 3423 598 tir,
3456 538 3535 589 in-

286 614 379 662 καὶ
408 612 603 673 νυκτὸς
626 616 684 665 ἐν
708 614 785 682 τῷ
821 616 966 684 νόμῳ
993 614 1083 668 τοῦ
1105 616 1264 680 Θεοῦ,
1290 620 1442 687 φησι,
1476 607 1785 686 μελετήσει.

360 702 420 753 Εἰ
448 702 505 754 δὲ
536 706 565 772 ἡ
611 707 744 772 περὶ
778 706 869 758 τὸν
923 706 1167 774 γραπτὸν
1215 710 1380 778 νόμον
1418 711 1617 779 μελέτη
1658 712 1718 762 τὸ
1750 711 1860 780 πῦρ

282 795 554 845 ἀνάπτειν
584 795 809 849 δύναται
839 798 1017 862 τοῦτο,
1054 800 1105 850 τί
1145 817 1275 851 ποτε
1318 802 1423 870 χρὴ
1468 802 1661 871 δρᾶσαι
1704 804 1862 872 νσμί-

286 903 378 937 σαι
444 888 538 938 τὸν
596 888 761 957 νόμον
810 889 906 942 τοῦ
957 892 1291 961 πνεύματος,
1351 895 1409 957 ὃς
1455 896 1547 946 τὸν
1611 895 1862 965 ἀληθινὸν

282 977 466 1045 ἔρωτα
504 980 599 1033 τοῦ
633 981 775 1034 Θεοῦ
808 986 921 1045 τοῖς
954 984 1264 1052 ἀνθρώποις
1300 988 1538 1057 ἐνέθηκε
1579 991 1739 1058 μόνος
1772 991 1862 1042 καὶ

283 1070 401 1139 πῦρ
436 1073 608 1139 ἀνῆψε
645 1077 813 1126 πόθου
848 1076 1147 1145 σϐεσθῆναι
1188 1081 1382 1147 μηδενὶ
1408 1082 1740 1151 δυναμένην,
1799 1086 1860 1139 οὗ

283 1165 398 1214 τῶν
462 1166 668 1235 ἑτέρως
721 1170 974 1235 ἑχόντων,
1027 1174 1087 1223 οὑ
1141 1174 1249 1228 τῶν
1297 1174 1607 1231 ἐνεστώτων
1654 1177 1715 1228 οὐ
1755 1178 1861 1229 τῶν

285 1256 630 1321 μελλόντωνι
677 1258 845 1329 Ὑπὲρ
900 1256 960 1313 ὦ
1017 1280 1109 1329 μοι
1146 1264 1295 1316 δοκεῖ
1346 1267 1437 1317 καὶ
1470 1268 1722 1335 πυρίναις
1766 1287 1865 1337 φα-

284 1347 447 1411 νῆναι
501 1350 779 1414 γλώσσαις
815 1354 1146 1423 είσενεχθεὶς
1180 1358 1261 1409 ὅτι
1316 1358 1415 1425 τὴν
1480 1361 1649 1428 πυρὸς
1706 1361 1864 1429 δίκην

284 1438 470 1490 πάντα
526 1442 815 1508 τολμῶσαν
890 1447 1117 1516 ἀγάπην
1175 1451 1515 1517 εἰσήνεγκεν,
1594 1455 1718 1505 ἐπεὶ
1768 1455 1866 1506 καὶ

284 1530 510 1593 πρῶτον
544 1532 706 1583 αὐτὸν
733 1533 826 1587 τοῦ
863 1536 1028 1606 νόμου
1079 1539 1382 1609 νομοθέτην
1411 1544 1602 1611 ἀγάπη
1634 1546 1862 1613 κεκομι-

284 1639 383 1671 κεν
422 1624 498 1683 εἰς
524 1624 623 1693 τὴν
650 1625 775 1693 γῆν,
828 1630 920 1680 καὶ
976 1630 1107 1682 αὐτὸ
1136 1633 1195 1683 τὸ
1230 1633 1322 1685 τοῦ
1376 1636 1665 1703 νομοθέτου
1702 1638 1863 1705 σῶμα

285 1713 704 1778 φιλανθρωπίας
761 1718 880 1771 ἐστὶ
936 1722 1171 1789 καρπὸς,
1222 1727 1314 1775 καὶ
1359 1724 1536 1787 ἄλλως
1563 1726 1619 1778 δὲ
1657 1728 1806 1796 αὐτῷ
1838 1730 1864 1779 ὁ

282 1804 450 1872 νόμος
492 1806 635 1868 ἆπας
668 1809 869 1878 ἔρωτος
899 1814 1055 1881 γέμει
1088 1815 1180 1866 καὶ
1208 1814 1397 1869 τοῦτον
1432 1818 1533 1885 μὲν
1557 1819 1863 1871 ἐπιδείκνυ-

282 1914 377 1948 ται
414 1900 581 1950 πᾶσιν
611 1893 694 1959 οἷς
727 1900 863 1970 ἔχει,
900 1901 1088 1956 τοῦτον
1111 1904 1166 1956 δὲ
1200 1906 1433 1975 εἰσάγει,
1464 1909 1639 1978 τούτῳ
1663 1910 1718 1962 δὲ
1747 1910 1865 1963 πεί-

283 1988 393 2050 θει,
435 1988 626 2042 τοῦτον
647 1991 703 2043 δὲ
740 1995 871 2062 παρ’
903 1995 1061 2065 ἡμῶν
1108 1996 1304 2066 δῶρον,
1355 1998 1498 2068 ὑπὲρ
1535 1994 1610 2055 ὧν
1644 2003 1862 2067 ἔδωκεν,

280 2081 553 2151 ἀποχρῶν
606 2086 825 2154 ἡγεῖται
880 2087 1083 2143 λα6ὡν.
1118 2092 1193 2143 Οὐ
1226 2092 1335 2160 γὰρ
1365 2093 1649 2148 ἐπιτάττει
1691 2098 1862 2151 καθά-

282 2190 393 2239 περ
414 2174 695 2241 ὀφείλουσι
728 2180 959 2248 δούλοις,
995 2184 1111 2236 ἀλλ’
1138 2185 1330 2257 ὥσπερ
1363 2188 1579 2241 πολλῶν
1606 2191 1705 2259 μὲν
1735 2192 1863 2261 παρ’

282 2263 445 2329 ημῶν
494 2265 630 2333 πρὸς
686 2268 852 2323 αὐτὸν
899 2272 1076 2325 πόνων
1118 2277 1511 2347 ἡγησαμένων,
1574 2280 1773 2350 πολλῆς
1808 2281 1863 2333 δὲ

283 2356 587 2424 συνηθείας
645 2363 739 2416 καὶ
797 2363 1058 2433 φίλτρων,
1120 2367 1211 2419 ἐπὶ
1260 2368 1358 2439 τὴν
1390 2373 1676 2424 κοινωνίαν
1708 2374 1865 2426 καλεί

278 2448 394 2499 τῶν
429 2450 597 2503 αὑτοῦ
638 2455 967 2522 προσιόντας
1020 2459 1183 2521 εὐθὺς
1228 2462 1283 2527 ἐξ
1350 2464 1525 2532 ἀρχῆς
1554 2482 1565 2493 ·
1604 2465 1715 2533 ἐγὼ
1765 2468 1863 2533 μὲν

282 2541 428 2609 ὑπὲρ
477 2543 580 2611 τῆς
628 2544 909 2612 βασιλείας
947 2548 1261 2619 ἠγώνισμαι
1310 2556 1403 2607 καὶ
1456 2558 1669 2619 πολλοῖς
1699 2576 1863 2629 φησιν

278 2632 486 2695 ἐπλεξα
548 2636 641 2687 τὸν
692 2639 959 2706 στέφανον
1019 2644 1221 2708 πόνοις,
1286 2648 1443 2714 ὑμεῖς
1508 2649 1566 2701 δὲ
1629 2652 1864 2721 ἀπονητὶ

278 2724 525 2785 δέξεσθε.
556 2728 693 2781 αίτῶ
723 2731 779 2782 δὲ
812 2733 944 2801 παρ’
984 2735 1138 2803 ὑμῶν
1168 2738 1287 2789 ἀντὶ
1318 2738 1545 2801 τούτων,
1577 2744 1624 2793 εἰ
1657 2716 1860 2809 φιλεῖτε

279 2819 451 2871 πλέον
482 2822 655 2876 οὐδέν.

359 2910 427 2961 Ὠ
457 2910 560 2978 τῆς
611 2914 851 2985 ἀρρήτου
894 2922 1279 2989 χρηστότητος,
1330 2926 1379 2975 εί
1419 2924 1491 2994 μὴ
1527 2925 1673 2993 φιλεῖ
1700 2928 1863 2995 μόνον

276 3001 430 3055 οὕτω
475 3005 721 3074 σφοδρῶς
764 3010 905 3062 ἀλλὰ
941 3013 1034 3064 καὶ
1088 3014 1149 3064 τὸ
1198 3015 1470 3081 φιλεῖσθαι
1516 3020 1644 3088 παρ’
1704 3023 1862 3089 ἡμῶν

274 3095 546 3149 τοσούτου
605 3102 836 3167 τιμᾶται
895 3105 989 3156 καὶ
1042 3104 1183 3175 ὑπὲρ
1234 3109 1425 3161 τούτου
1463 3112 1639 3165 πάντα
1674 3117 1857 3169 ποιεῖι

1966 624 2103 692 quit,
2131 622 2247 678 dies
2279 636 2332 679 et
2358 636 2542 679 ttoctcs
2579 626 2628 677 in
2658 625 2768 690 lege
2796 626 2885 679 Dei
2925 626 3273 679 meditabitur
3300 628 3368 679 ".

2040 709 2157 764 Jam
2190 726 2317 771 vero
2346 713 2391 764 si
2444 713 2722 765 meditatio
2752 715 2895 767 circa
2938 714 3172 769 litteram
3210 716 3341 783 legis
3395 719 3536 770 hunc

1972 804 2145 868 ignem
2176 804 2471 857 accendere
2505 813 2702 872 potest,
2739 805 2865 872 quid
2893 806 3160 865 facturam
3194 809 3535 862 existimabi-

1974 910 2093 949 mus
2117 894 2287 963 legem
2324 895 2549 963 spiritus
2572 938 2585 959 ,
2621 906 2743 964 qua
2782 897 2896 949 sola
2930 912 3115 951 verum
3145 900 3237 958 Dei
3288 914 3530 952 amurcam

1976 986 2288 1040 hominibus
2326 988 2575 1049 inseruit,
2599 996 2653 1041 et
2686 1000 2876 1054 rogum
2909 988 3198 1055 quemdam
3224 990 3429 1044 amoris
3455 992 3536 1042 in-

1974 1079 2293 1143 ﬂammavit,
2326 1094 2487 1147 quam
2517 1080 2662 1132 nulla
2688 1095 2773 1133 res
2800 1082 2997 1148 poterit
3032 1082 3397 1149 exstinguere,
3426 1100 3532 1137 non

1978 1185 2188 1235 aspera,
2247 1185 2356 1225 non
2410 1170 2674 1239 jucunda,
2720 1187 2823 1225 non
2887 1173 3121 1236 instans,
3157 1189 3263 1229 non
3319 1176 3529 1229 futura!

1975 1261 2145 1324 Quam
2176 1261 2247 1315 ob
2277 1276 2498 1320 causam
2533 1262 2672 1318 colo
2701 1262 2974 1317 demissus
3011 1262 3211 1331 linguis
3235 1265 3406 1333 igneis
3437 1282 3535 1333 ap—

1974 1352 2222 1419 paruisse
2254 1353 2384 1406 Illllll
2419 1355 2648 1417 videtur,
2676 1354 2935 1421 quoniam
2988 1353 3309 1406 charitatrm
3363 1355 3536 1408 instar

1971 1444 2112 1512 ignis
2148 1447 2324 1499 omnia
2376 1444 2755 1511 depascentem
2795 1445 2996 1507 intulit,
3026 1446 3291 1512 siquidem
3320 1456 3372 1499 ct
3424 1462 3535 1513 pri—

1974 1553 2122 1589 tuum
2161 1536 2527 1604 legislaturem
2559 1540 2735 1604 ipsum
2768 1538 3005 1592 Charitas
3047 1538 3099 1589 in
3146 1548 3318 1592 terras
3344 1554 3537 1604 appor-

1973 1631 2124 1691 tavit,
2178 1641 2225 1681 ct
2273 1629 2449 1698 ipsum
2504 1629 2830 1695 legislatoris
2884 1644 3107 1698 corpus,
3178 1627 3535 1681 humanitatis

1976 1722 2095 1789 ejus
2130 1723 2325 1789 pignus
2352 1737 2413 1775 ac
2444 1722 2653 1775 h-itctus
2676 1732 2757 1776 est
2784 1738 2798 1785 ;
2837 1733 2889 1775 et
2936 1733 3193 1789 pra-terea
3223 1722 3393 1789 ipsius
3452 1722 3535 1777 lex

1978 1822 2087 1866 tota
2119 1828 2304 1866 amore
2337 1821 2546 1877 scatet;
2579 1823 2633 1866 et
2665 1813 2809 1865 hunc
2842 1813 3101 1866 erunibus
3132 1810 3329 1879 quibus
3362 1820 3537 1878 potest

1970 1907 2145 1958 modis
2204 1906 2462 1966 ostendit,
2528 1906 2671 1959 hunc
2739 1906 3057 1967 introducit,
3114 1905 3258 1956 hunc
3322 1904 3533 1963 suadet,

1970 1996 2113 2051 hunc
2141 2013 2170 2050 a
2206 1997 2365 2051 nobis
2389 1997 2434 2050 si
2476 1998 2746 2059 retulerit,
2808 1997 3093 2051 sullicienti
3157 2012 3381 2049 munere
3431 1996 3533 2049 sibi

1968 2098 2067 2139 sua
2096 2083 2150 2137 in
2181 2097 2280 2139 nos
2311 2085 2498 2138 merita
2525 2096 2876 2153 compensata
2912 2084 3222 2138 arbitratur.
3253 2082 3366 2137 Non
3390 2086 3532 2137 enim

1966 2176 2123 2244 quasi
2161 2176 2337 2231 servis
2396 2176 2653 2245 obligatis
2704 2177 2954 2244 imperat,
3001 2178 3093 2231 sed
3154 2178 3311 2245 quasi
3349 2179 3534 2231 multis

1969 2277 2189 2337 propter
2222 2273 2403 2338 ipsum
2437 2268 2920 2339 defatigationibus
2972 2271 3307 2339 perlunctos,
3350 2272 3533 2340 longa-

1966 2374 2071 2429 que
2095 2363 2489 2415 consuetudine
2518 2372 2566 2415 ct
2602 2378 2786 2415 amore
2812 2362 3113 2426 devinctos,
3148 2364 3327 2417 statim
3372 2372 3427 2416 ut
3468 2364 3533 2415 ad

1969 2468 2093 2505 eum
2132 2470 2188 2507 se
2216 2455 2561 2519 contulerint,
2615 2454 2681 2507 ad
2722 2457 3157 2509 communionem
3197 2472 3375 2509 rerum
3408 2470 3531 2508 sna-

1969 2561 2085 2597 rnm
2115 2557 2294 2600 vocat.
2322 2547 2431 2614 Ego
2453 2548 2671 2615 quidem
2704 2563 2799 2616 pro
2828 2564 2993 2616 regno
3016 2550 3306 2611 decertavi,
3336 2550 3531 2617 inquit,

1970 2640 2259 2707 multisque
2326 2642 2609 2693 laboribus
2666 2657 2923 2695 coronam
2983 2644 3166 2703 nexui,
3216 2660 3378 2711 quam
3440 2658 3535 2696 vos

1966 2734 2101 2785 citra
2140 2733 2381 2785 laborem
2438 2732 2739 2799 accipietis.
2783 2733 2890 2786 Pro
2937 2735 3018 2788 his
3046 2736 3193 2789 aliud
3250 2737 3324 2788 nil
3354 2736 3530 2805 exigo,

1968 2824 2069 2877 nisi
2098 2834 2156 2877 ut
2187 2842 2268 2877 me
2298 2827 2513 2878 ametis.

2040 2919 2083 2972 Ο
2117 2918 2548 2986 inexplicabilem
2573 2917 2897 2972 bonitatem!
2936 2934 3040 2971 non
3076 2921 3250 2975 solum
3290 2929 3395 2971 tam
3420 2935 3535 2971 ext-

1967 3013 2073 3066 mie
2106 3012 2301 3079 diligit,
2336 3012 2430 3063 sed
2472 3010 2635 3064 etiam
2667 3011 2839 3063 amari
2872 3027 2899 3062 a
2930 3011 3085 3064 nobis
3121 3012 3250 3062 tanti
3281 3011 3545 3074 aestimth

1965 3103 2111 3171 quod
2149 3112 2205 3155 ut
2234 3113 2624 3170 consequatur,
2652 3103 2784 3155 nihil
2816 3104 3038 3156 omittit.
3076 3104 3206 3154 Nam
3236 3102 3365 3169 quid
3388 3104 3530 3155 aliud

278 3188 391 3237 Καὶ
430 3189 574 3249 τίνος
607 3192 716 3260 γὰρ
748 3193 937 3245 ἕνεκεν
985 3197 1309 3267 ᾠκόδομησε
1360 3202 1461 3269 μὲν
1492 3205 1720 3272 οὐρανὸν
1769 3212 1859 3260 καί
1889 3214 1929 3268 C

1851 3229 1859 3259 ι
1889 3214 1929 3268 ρ
1967 3194 2175 3247 fuitcur
2196 3196 2415 3258 C(Blttm,
2440 3202 2657 3257 terram,
2684 3195 2876 3255 solem,
2900 3203 2951 3247 et
2973 3196 3350 3263 aspectabilem
3378 3212 3534 3248 Inun-

277 3280 387 3346 γῆν
422 3281 693 3348 καὶ·ἦλιον
748 3284 842 3336 καί
877 3286 968 3337 τὸν
993 3288 1268 3358 ὁρώμενον
1315 3295 1544 3362 κόσμον,
1578 3297 1671 3348 τοῦ
1705 3298 1861 3369 δὲμὴ

275 3373 569 3438 ὁρωμένου
622 3375 681 3425 τὸ
737 3376 953 3439 κάλλος,
987 3375 1099 3432 οἷον
1136 3385 1226 3434 καὶ
1270 3384 1416 3447 ὅπως
1446 3388 1597 3456 αὺτῷ
1630 3396 1862 3461 συνέστη

275 3461 517 3529 νεύματι
547 3466 717 3535 μόνῳ,
753 3470 845 3521 καὶ
869 3473 969 3539 τὴν
999 3474 1236 3527 ἐνταῦθα
1276 3480 1456 3530 πᾶσαν
1480 3482 1721 3536 διδάσκει
1772 3503 1859 3552 φι-

276 3556 567 3623 λοσοφίαν,
604 3560 637 3627 ἢ
670 3559 765 3612 τοῦ
795 3579 857 3628 γε
892 3564 1025 3631 πρὸς
1074 3567 1265 3620 ἑαυτὸν
1312 3573 1647 3641 ἐπιστρέψας
1678 3578 1863 3628 πεῖσαι

278 3648 499 3715 ςριλεῖν;
547 3652 643 3703 καὶ
685 3654 826 3716 ὅλως
875 3656 1126 3726 καθάπερ
1167 3661 1216 3711 οἱ
1244 3661 1439 3731 θερμοὶ
1473 3666 1580 3717 τῶν
1617 3668 1863 3735 ἐραστῶν

275 3742 383 3807 τὴν
422 3742 620 3808 σοφίαν
654 3746 786 3813 ἡμῖν
818 3746 1190 3802 ἐπιδείκνυται
1242 3757 1335 3804 καὶ
1393 3755 1491 3823 τὴν
1519 3758 1864 3828 χρηστότητα

276 3834 375 3884 xal.
422 3836 524 3904 τὴν
556 3837 777 3907 τέχνην,
822 3840 888 3891 ἶν’
928 3843 1160 3896 ἐνθεῖναι
1197 3846 1287 3897 τὸν
1324 3846 1502 3909 ἔρωτα
1534 3851 1624 3902 τον
1662 3852 1859 3905 ἑαυτοῦ

272 3928 509 3997 δυτηθῇ.
541 3930 650 3999 καὶ
675 3931 858 3984 τοίνυν
890 3936 1122 3987 ποιεῖται
1141 3941 1391 3991 τοσοῦτον
1418 3942 1508 3992 το]
1536 3947 1862 4013 πράγματος

273 4024 440 4087 λόγον
474 4023 569 4074 καὶ
597 4024 771 4087 οὕτως
802 4025 927 4093 ἄγει
958 4029 1155 4082 πολλοῦ
1178 4049 1342 4097 τινος,
1363 4033 1493 4085 ὥσθ’
1512 4038 1649 4104 ὑπὲρ
1676 4041 1863 4091 τούτου

273 4117 465 4169 πάντα
490 4120 761 4187 πονήσας,
806 4117 841 4171 ἆ
882 4122 1020 4175 Θεοῦ
1061 4124 1221 4189 φύσει
1255 4127 1551 4195 προσῆκεν,
1592 4132 1692 4183 οὑκ
1725 4135 1860 4199 ἀγα-

273 4209 652 4276 πῆσαι.ἀλλὰ
690 4213 827 4280 πρὸς
877 4214 1070 4281 ἑτέραν
1131 4216 1292 4282 φύσιν
1355 4218 1504 4285 ἰδεῖν,
1567 4222 1705 4274 ὥστε
1765 4227 1860 4278 καὶ

273 4301 456 4371 ταύτῃ
519 4301 657 4368 πρὸς
710 4302 871 4354 τοῦτο
930 4304 1262 4373 χρήσασθαι,
1316 4308 1382 4359 ἵν’
1435 4310 1578 4380 ἅπερ
1606 4314 1706 4365 οὐκ
1744 4311 1857 4385 εἶχε

272 4394 495 4446 πείθειν
546 4394 624 4463 τῷ
664 4397 797 4457 Θεὸς
832 4392 991 4474 εἶναι,
1024 4398 1196 4451 ταῦτα
1232 4402 1524 4470 γενόμενος
1575 4406 1858 4479 ἄνθρωπος

269 4487 507 4555 δυνηθῇ,
540 4489 634 4538 καὶ
670 4489 736 4539 δι’
762 4490 1062 4557 ἑκατέρων,
1089 4484 1163 4544 ὧν
1197 4510 1254 4545 τε
1314 4495 1527 4547 οἴκοθεν
1552 4494 1658 4568 ἧκε
1703 4502 1861 4569 κομί-

271 4580 412 4641 ζων,
455 4572 535 4631 ὧν
561 4597 620 4630 τε
668 4579 869 4642 ἔξωθεν
911 4581 1145 4650 εἰλήφει,
1181 4584 1271 4634 τὸν
1311 4583 1589 4654 ἐρώμενον
1619 4591 1859 4660 ἀναρτή-

274 4692 468 4739 σηται.
529 4673 715 4734 Οὕτως
744 4675 772 4724 ὁ
804 4673 896 4724 τοῦ
946 4676 1259 4743 πνεύματος
1288 4680 1447 4743 νόμος
1479 4681 1660 4748 φιλίας
1692 4684 1861 4735 ἐπιει-

276 4766 395 4825 κῶς
463 4766 584 4816 ἐστι
631 4767 797 4833 νόμος
856 4766 948 4817 καὶ
998 4768 1132 4834 πρὸς
1171 4771 1592 4841 εὐγνωμοσύνην
1639 4776 1862 4830 αὐτόθεν

270 4860 464 4910 ἀσκεῖ.
493 4859 592 4909 Διὰ
621 4858 781 4909 τοῦτο
827 4862 1160 4925 προσεκτέον
1194 4862 1343 4931 αὐτῷ
1380 4866 1469 4915 τὸν
1522 4868 1644 4917 νοῦν
1669 4884 1681 4897 ’
1708 4870 1860 4935 πρῶ-

273 4970 371 5003 τον
428 4951 531 5028 μὲν
580 4952 661 5002 ὅτι
694 4950 813 5001 οὑδὶ
853 4951 1014 5018 ἱδρώς
1069 4954 1217 5004 ἐστιν
1249 4955 1482 5007 ἐνταῦθα
1518 4960 1713 5022 οὐδεὶς,
1739 4961 1859 5015 οὐδὲ

273 5048 358 5096 δεῖ
392 5047 581 5096 πονεῖν
602 5044 719 5095 οὐδὲ
745 5045 1009 5111 χρήματα
1042 5045 1375 5109 ἀναλίσκειν,
1411 5050 1523 5100 οὐδ’
1551 5051 1733 5115 ἀδοξία
1766 5054 1860 5118 γέ-

272 5141 407 5191 νοιτ’
461 5139 528 5189 iv
576 5136 687 5187 οὐδ’
741 5137 1003 5204 αἰσχύνη,
1034 5137 1144 5188 οὐδ’
1174 5136 1303 5189 ἄλλο
1336 5156 1395 5204 γε
1427 5140 1575 5192 οὐδὲν
1629 5145 1864 5209 ἐσόμεθα

276 5230 527 5299 χείρους,
553 5228 690 5279 ἀλλὰ
722 5228 815 5278 καὶ
844 5226 1061 5296 τέχναις
1088 5226 1203 5278 ἔστι
1235 5230 1546 5297 χρήσασθαι
1584 5234 1739 5283 οὐδὲν
1769 5230 1862 5302 ﬁc-

275 5340 395 5381 τον,
432 5320 529 5371 καὶ
561 5320 696 5387 πρὸς
724 5320 1067 5386 ἐπιτήδευμα
1116 5319 1299 5370 ὁτιοῦν
1356 5321 1499 5388 ἔχειν
1559 5324 1709 5375 οὐδὲν
1761 5326 1864 5378 κώ-

277 5415 452 5481 λυμα,
490 5414 584 5463 καὶ
616 5412 985 5479 στρατηγήσει
1023 5414 1126 5480 μὲν
1154 5414 1179 5464 ὁ
1212 5414 1543 5481 στρατηγὸς,
1575 5417 1663 5467 καὶ
1693 5434 1865 5486 γεωρ-

275 5513 445 5574 γήσει
486 5506 544 5559 δὲ
575 5508 603 5557 ὁ
639 5505 907 5571 γεωργὸς.
964 5505 1058 5554 καὶ
1110 5504 1443 5572 δημιουργὸς
1495 5511 1863 5574 προστήσεται

278 5602 392 5649 τῶν
430 5599 611 5663 ἔργων
638 5596 729 5646 καὶ
758 5595 819 5646 οὐ
843 5596 1027 5663 δεήσει
1058 5612 1117 5661 γε
1150 5595 1328 5647 οὐδενὶ
1380 5596 1489 5647 τῶν
1522 5600 1864 5665 γιγνομένων

276 5693 369 5745 διὰ
424 5688 681 5740 τουτουσὶ
704 5689 831 5746 τοὺς
877 5685 1088 5751 λόγους.
1119 5687 1191 5737 Οὐ
1220 5686 1325 5752 γὰρ
1356 5688 1612 5755 ἐσχατιὰν
1652 5692 1862 5758 ἀνάγκη

281 5781 655 5841 καταλαεεῑνη
695 5780 803 5830 οὐδ’
844 5780 988 5847 ἀήθη
1024 5778 1140 5829 τινὰ
1181 5776 1475 5845 προσέσθαι
1515 5779 1713 5847 τροφήν
1754 5782 1864 5832 οὺο⁹

355 5901 575 5960 “Psal
614 5915 647 5965 ι,
680 5899 729 5961 1,
771 5896 827 5949 2.

1967 3295 2093 3341 dum
2128 3288 2428 3342 euaderet?
2469 3288 2600 3355 Ejus
2637 3304 2763 3341 vero
2791 3290 2881 3356 qui
2923 3303 3027 3340 non
3066 3289 3330 3350 cernitur,
3356 3290 3534 3354 qualis

1970 3384 2339 3450 pulchritudo,
2371 3394 2425 3436 et
2457 3383 2734 3452 quomodo
2766 3383 2833 3435 ab
2864 3397 2929 3435 eo
2994 3392 3127 3434 nutu
3183 3382 3299 3433 solo
3329 3382 3532 3433 consti-

1970 3485 2119 3529 tutus
2145 3477 2237 3539 sit,
2268 3486 2320 3530 et
2349 3491 2569 3529 omnem
2622 3490 2783 3543 quam
2826 3478 2878 3527 in
2911 3476 3020 3528 haec
3055 3474 3309 3527 inferiora
3344 3490 3531 3525 curam

1967 3569 2231 3632 conferat,
2269 3582 2374 3620 non
2409 3569 2513 3620 alio
2540 3568 2644 3620 [ine
2695 3567 2874 3627 docet,
2911 3581 3073 3633 quam
3127 3577 3183 3617 ιιι
3216 3565 3280 3617 ad
3318 3581 3376 3618 se
3407 3580 3535 3615 con-

1970 3659 2142 3713 versis
2175 3674 2414 3711 amorem
2462 3659 2545 3711 sui
2597 3660 2843 3711 suadeat.
2896 3656 2959 3709 Et
3014 3656 3256 3717 omnino,
3294 3654 3436 3708 sicut
3480 3655 3533 3707 in

1968 3768 2153 3806 amore
2194 3752 2486 3809 ferventes.
2521 3750 2867 3817 sapientiam,
2908 3747 3227 3808 bonizatem,
3272 3755 3325 3799 et
3359 3753 3530 3798 artem

1967 3847 2330 3903 demonstrat,
2389 3852 2447 3895 ut
2475 3842 2702 3910 injicere
2745 3841 2900 3892 nobis
2941 3840 3025 3891 sui
3070 3853 3309 3891 amorem
3342 3838 3532 3904 pes~it.

1969 3936 2202 3989 Proinde
2241 3937 2315 3989 rei
2354 3935 2518 4002 hujus
2568 3943 2775 3986 tantam
2814 3931 3080 3984 rationem
3114 3931 3282 3993 ducit,
3318 3939 3370 3983 et
3401 3930 3534 3981 adeo

1962 4028 2149 4099 magni
2175 4044 2294 4081 eam
2324 4028 2579 4090 azstimat,
2608 4036 2665 4080 ut
2690 4041 2812 4081 cum
2856 4041 2953 4093 pro
2983 4040 3043 4077 ea
3080 4024 3296 4078 fecisSet
3330 4022 3529 4085 omnia,

1966 4138 2089 4191 quae
2120 4121 2212 4175 Dei
2264 4129 2459 4173 natura
2504 4118 2827 4188 patiebatur,
2884 4132 2990 4169 non
3052 4116 3388 4183 quiesceret;
3434 4114 3529 4166 sed

1964 4215 2030 4268 ad
2082 4214 2244 4267 aliam
2277 4222 2531 4266 naturam
2596 4225 2655 4263 se
2705 4208 2878 4272 daret,
2924 4223 3031 4276 qua
3085 4208 3151 4260 ad
3186 4208 3327 4259 idem
3380 4219 3533 4272 mque

1965 4314 2233 4370 uteretur,
2272 4311 2330 4357 ut
2356 4319 2476 4372 quae
2507 4301 2834 4370 persuadere
2867 4316 2971 4352 non
3027 4310 3258 4367 poterat,
3283 4312 3347 4353 eo
3386 4300 3530 4366 quod

1966 4400 2109 4455 Deus
2138 4409 2304 4460 esset,
2331 4412 2392 4450 ea
2426 4397 2588 4450 homo
2643 4394 2816 4449 factus
2850 4402 3054 4461 posset,
3089 4405 3140 4445 et
3177 4408 3269 4458 per
3299 4400 3530 4458 utraque

1964 4504 2078 4550 tum
2106 4492 2428 4553 domestica,
2453 4504 2573 4557 quae
2595 4489 2813 4541 veniens
2833 4486 3108 4541 aﬂerebat.
3134 4494 3247 4538 tum
3270 4497 3533 4547 extranea

1964 4602 2087 4657 qua;
2119 4589 2513 4651 assumpserat,
2549 4582 2774 4632 charum
2810 4579 2911 4630 sibi
2941 4579 3003 4630 ad
3037 4577 3338 4635 amicitiam
3376 4593 3530 4630 suam

1966 4678 2307 4745 adjungeret.
2336 4673 2423 4726 Sic
2468 4672 2551 4727 lex
2586 4672 2833 4738 spiritus,
2864 4670 2985 4737 iure
3013 4670 3091 4722 lex
3140 4681 3221 4727 est
3254 4671 3533 4732 amicitia’,

1967 4773 2201 4837 indeque
2254 4768 2318 4820 ad
2381 4766 2641 4821 beneﬁcia
2713 4764 3059 4831 agnoscenda
3118 4779 3219 4815 nos
3292 4774 3532 4818 exercet.

1965 4861 2403 4928 Quarestudiose
2434 4860 2485 4911 in
2523 4872 2640 4910 eam
2695 4856 3119 4908 incumbendurn
3149 4867 3251 4909 est.
3294 4857 3532 4908 Primum

1967 4956 2208 5025 quidem.
2236 4952 2493 5020 quoniam
2545 4964 2717 5015 neque
2747 4947 2916 5001 sudOr
2941 4941 3029 4999 hic
3057 4947 3220 5002 ullus.
3251 4962 3346 4998 nec
3386 4944 3535 4998 labor

1967 5061 2069 5111 est,
2111 5061 2208 5101 nec
2230 5040 2499 5108 sumptus,
2527 5058 2623 5095 nec
2663 5040 2966 5103 infamiam,
3003 5050 3094 5092 aut
3126 5041 3385 5106 probrum
3441 5054 3507 5107 pa

1969 5146 2058 5201 rit,
2101 5156 2196 5193 nec
2230 5140 2298 5192 ob
2330 5138 2473 5190 aliud
2520 5136 2665 5187 illius
2703 5134 2985 5200 quippiam
3049 5132 3272 5183 viliores
3303 5144 3529 5192 sumus;

1972 5238 2064 5288 sed
2096 5244 2147 5286 et
2183 5242 2329 5285 artes
2372 5237 2606 5282 tractare
2669 5226 3026 5278 nihilominus
3071 5224 3279 5275 licitum
3332 5232 3433 5285 est,
3481 5234 3532 5278 et

1968 5327 2333 5397 quodcunque
2393 5321 2633 5373 studium
2693 5316 2888 5370 sectari
2937 5315 3068 5366 nihil
3103 5324 3265 5367 vetat.
3312 5313 3374 5364 Et
3427 5314 3529 5365 dth

1967 5419 2268 5475 exercitum
2321 5415 2498 5473 ducet,
2545 5422 2597 5464 et
2640 5409 2875 5474 agricola
2911 5417 3109 5459 terram
3149 5407 3311 5466 colet,
3339 5414 3391 5455 et
3420 5420 3534 5467 ορ-

1972 5512 2055 5566 fex
2100 5507 2309 5572 urgebit
2355 5519 2512 5571 opus,
2571 5512 2620 5553 et
2686 5500 2783 5551 hac
2827 5498 3048 5563 quidem
3100 5497 3163 5547 de
3196 5508 3354 5547 causa
3398 5494 3533 5544 nihil

1968 5616 2305 5667 earumque
2362 5600 2537 5649 facere
2585 5592 2893 5652 consuevit,
2960 5590 3351 5656 praetermittat.
3412 5584 3526 5636 Non

1973 5698 2023 5747 in
2062 5693 2424 5750 remotissima
2484 5688 2594 5740 loca
2658 5682 2990 5743 abeundum,
3044 5693 3145 5735 nec
3194 5680 3403 5732 insueta
3441 5679 3535 5727 ali-

1974 5786 2149 5837 mania
2186 5780 2514 5837 adhibenda,
2559 5792 2651 5829 nec
2687 5773 3041 5843 permutanda
3083 5770 3259 5830 testis,
3298 5784 3391 5821 nec
3417 5783 3534 5820 cor-
