4262 6460
286 418 384 481 661

1327 429 1425 488 DE
1464 429 1640 489 VITA
1689 429 1760 486 IN
1807 426 2135 485 CIIRISTO
2179 430 2321 490 LIB.
2372 432 2471 491 Vi.

3417 428 3521 493 6f»?

286 526 389 591 τῆς
420 527 478 579 έν
514 526 694 597 καιρῷ
724 531 832 592 τοῖς
870 531 1140 597 συνοῦσιν,
1176 535 1259 586 ὅτι
1305 537 1428 597 τοὺς
1469 538 1725 605 ἀρίστους
1769 539 1856 588 ἐν·
1887 543 1922 596 Λ
1959 545 1969 588 l

1835 566 1856 576 -
1887 543 1922 596 Λ
1959 538 2109 603 tutis,
2141 540 2427 607 discipulis
2476 542 2591 595 suis
2647 552 2945 611 opportune
2977 543 3265 611 cogitation
3302 564 3325 597 δ
3379 557 3518 611 opti-

286 616 528 670 τίθενται
566 618 884 687 λογισμοὺς,
920 628 1016 678 καὶ
1047 624 1118 678 αῦ
1164 627 1477 679 τούναντίον
1528 630 1575 679 oi
1627 629 1851 696 πονηροὶ

286 707 546 774 δαίμονες
580 712 855 780 πονηροὺς
912 714 1224 783 εἰσάγοντες
1276 717 1495 781 τύπους,
1541 719 1614 781 ὡς
1654 722 1703 772 oi
1754 721 1853 788 μὲν

283 798 459 869 ταύτῃ
496 799 605 854 τῶν
649 804 1019 859 ἀτοπωτάτων
1053 811 1319 876 τεχνίτας,
1374 812 1425 864 οι
1458 813 1513 863 δὲ
1548 812 1655 865 τῶν
1701 813 1851 869 δεόνιι

284 905 392 940 των
428 893 873 961 ἀπεργασόμενοι
910 899 1265 965 πρακτικούς.

361 980 519 1035 Ἐστι
574 984 673 1053 μὶν
725 983 819 1040 οὖν
870 989 1089 1059 ἀπάσης
1145 992 1547 1062 ἐπαινουμένης
1600 995 1849 1061 μελέτης.

284 1074 425 1142 πρὸς
464 1075 671 1144 ἀρετὴν
714 1080 1016 1134 ἀπόνασθαι
1053 1084 1121 1134 τὰ
1168 1086 1483 1152 γιγνόμενα,
1519 1087 1755 1155 Χριστοῦ
1795 1089 1851 1140 δὲ

287 1167 421 1234 πέρι
474 1168 568 1219 καὶ
596 1162 675 1221 ὧν
724 1170 885 1234 αὐτὸς
936 1172 1336 1243 φιλανθρώπως
1390 1179 1516 1246 περὶ
1563 1178 1662 1247 τῆς
1715 1179 1851 1248 ἐμῆς

283 1257 677 1327 ἐμηχανήσατο
732 1264 1025 1332 σωτηρίας,
1088 1266 1339 1331 διεξιέναι
1392 1272 1502 1333 τοῖς
1552 1270 1850 1340 λογισμοῖς,

282 1348 458 1418 αὐτὴν
490 1351 620 1418 ἡμῖν
650 1353 905 1422 ἄντικρυς
923 1354 1033 1424 ἔχει
1064 1358 1163 1426 τὴν
1195 1360 1533 1430 ζητουμένην
1560 1363 1726 1432 ζωὴν,
1760 1367 1852 1417 καὶ

282 1439 372 1492 διὰ
406 1442 625 1495 πάντων
653 1445 1002 1499 ἀποδείκνυσι
1034 1450 1357 1519 μακαρίους.
1391 1452 1497 1504 Καὶ
1526 1452 1600 1512 ῶς
1654 1453 1720 1505 ἂν
1772 1457 1855 1507 ὲν-

282 1532 473 1596 αργῶς
505 1532 756 1602 εἰδῶμεν,
790 1535 1183 1607 θεωρήσωμεν,
1215 1540 1249 1593 ἃ
1283 1543 1406 1604 τοὺς
1453 1543 1851 1612 κατορθοῦντας

281 1624 309 1673 ὁ
350 1623 590 1691 Χριστὸς
622 1626 782 1687 αὐτὸς
838 1628 1062 1681 έκάλεσε
1105 1632 1427 1699 μακαρίους,
1471 1636 1519 1686 εί
1573 1637 1644 1705 μὴ
1676 1638 1853 1691 πάντα

278 1714 393 1765 τῶν
426 1714 703 1784 λογισμῶν
738 1718 1031 1787 ἐξήρτηται
1063 1722 1289 1776 τούτων.
1326 1724 1488 1788 Τίνας
1510 1727 1603 1778 οὖν
1633 1729 1853 1791 τούτους

278 1806 308 1857 ό
340 1807 505 1874 μόνος
550 1807 627 1869 ὡς
673 1809 886 1877 ἀληθῶς
946 1814 1215 1881 μακάριος
1264 1815 1669 1885 εὐδαιμονίζει;
1726 1822 1849 1883 τοὺς
1880 1864 1926 1921 Β

1725 1912 1851 1973 τοὺς
1880 1896 1926 1921 υ
1947 1896 2157 1961 judicat
2183 1896 2204 1948 ?
2242 1896 2513 1966 Pauperes
2541 1899 2759 1967 spiritu,
2793 1900 3056 1969 lugentes,
3079 1903 3259 1963 mites,
3280 1901 3523 1955 esurien—

281 1898 536 1966 πτωχοὺς
587 1897 667 1967 τῷ
740 1900 1051 1969 πνεύματι,
1112 1904 1238 1966 τοὺς
1293 1906 1665 1971 πενθοῦντας,

278 1989 521 2057 πράους,
562 1991 690 2053 τοὺς
722 1992 1024 2055 πεινῶντας
1063 1997 1158 2048 καὶ
1192 1996 1460 2065 διψῶντας
1516 1999 1614 2069 τὴν
1647 2002 1851 2055 δικαιο·

276 2082 474 2150 σᾶνην,
526 2084 654 2146 τοὺς
690 2084 1010 2155 ἐλεήμονας,
1054 2090 1182 2151 τοὺς
1216 2092 1494 2161 καθαροὺς
1525 2096 1591 2164 τῇ
1633 2096 1848 2171 καρδίᾳ,

250 2208 251 2211 η
274 2174 406 2235 τοὺς
435 2175 831 2245 εἰρηνοποιοὺς,
855 2180 979 2243 τοὺς
1004 2181 1259 2251 διωγμῶν
1279 2187 1370 2238 καὶ
1394 2190 1589 2252 παντὸς
1618 2190 1853 2257 ὀνείδους

279 2268 415 2334 περὶ
447 2267 801 2341 δικαιοσύνης
831 2274 925 2325 καὶ
951 2274 1054 2342 τῆς
1104 2278 1233 2346 περὶ
1266 2278 1499 2345 Χριστὸν
1544 2282 1851 2354 προθυμίας

274 2356 665 2424 ἀνεχομένους.
692 2354 851 2415 Οὗτοι
884 2364 983 2432 μὲν
1025 2361 1118 2419 οὖν
1147 2368 1196 2419 οί
1228 2368 1328 2437 τῆς
1380 2374 1653 2442 μακαρίας
1704 2378 1856 2429 ἔπει-

275 2446 555 2515 λημμένοι
594 2449 762 2518 ζωῆς.
795 2451 859 2505 Ei.
883 2456 1061 2508 τοίνυν
1097 2458 1204 2510 ἀπὸ
1226 2460 1621 2530 τῶνλλογισμῶν
1650 2469 1851 2521 τούτων

272 2544 377 2605 τὴν
412 2541 589 2611 καλὴν
629 2544 1004 2616 πλαττόμενον
1059 2550 1255 2605 πλάσιν
1298 2554 1487 2608 τοῦτον
1520 2559 1849 2624 σκοποῦντες

274 2633 594 2702 εὑρήσομεν
639 2638 731 2690 τὸν
768 2641 930 2708 χορὸν
974 2645 1064 2696 καὶ
1113 2649 1235 2709 τοὺς
1296 2651 1588 2717 στεφάνους
1642 2657 1852 2709 ἐκεῖθεν

275 2725 681 2794 πλεκομένους,
719 2731 891 2783 ἅπασι
940 2735 1099 2802 δῆλον
1132 2738 1196 2789 ἂν
1233 2740 1443 2805 γίνοιτο
1477 2746 1713 2809 πάντως,
1750 2749 1849 2819 τὴν

276 2816 410 2882 περὶ
451 2820 704 2870 τουτουσὶ
732 2822 861 2884 τοὺς
903 2823 1096 2887 λόγους
1144 2826 1428 2899 διατριϐὴν
1474 2834 1569 2885 καὶ
1623 2816 1851 2907 μελέτην

274 2906 398 2958 ὁδὸν
432 2910 650 2980 ἀσφαλῆ
682 2914 777 2965 καὶ
806 2913 1057 2968 διάϐασιν
1084 2920 1175 2969 καὶ
1216 2921 1458 2988 κλίμακα
1488 2928 1581 2977 και
1610 2928 1636 2980 δ
1686 2930 1735 2980 τε
1770 2906 1850 2993 τις

272 2998 341 3049 ἂν
375 2998 547 3065 εῐποι,
585 3002 722 3069 πρὸς
760 3004 857 3073 τὴν
888 3010 1165 3077 μακαρίαν
1198 3007 1337 3065 εῖναι
1371 3015 1535 3086 ζωήν.

348 3090 563 3180 Αὐτίκα
584 3094 737 3164 γὰρὴ
761 3096 819 3147 ἐν
842 3098 1109 3167 πνεύματι
1130 3106 1367 3172 πτωχεία
1387 3108 1478 3158 καὶ
1506 3126 1525 3160 ι
1551 3110 1607 3161 τὸ
1629 3112 1701 3179 μὴ
1721 3131 1853 3180 φρο-

1958 639 2072 679 mas
2108 626 2465 695 ingruerant;
2518 638 2570 683 et
2605 640 2816 692 contra,
2870 633 2997 685 mali
3049 633 3324 685 dwmonrs
3380 634 3518 686 [teda

1954 717 2246 772 simulacra
2284 720 2428 773 intus
2457 721 2715 785 excitant,
2752 732 2809 775 ut
2840 724 2939 776 ista
2979 724 3082 785 via,
3122 724 3174 775 hi
3227 724 3289 775 ad
3328 726 3522 792 turpis-

1953 807 2112 873 sima,
2147 808 2222 862 illi
2254 810 2318 863 ad
2346 812 2727 867 honestissima
2760 817 2963 883 agenda
3014 825 3327 883 provocent.

2023 984 2116 1040 Est
2148 985 2310 1053 igitur
2340 987 2604 1057 cujusque
2637 990 2863 1043 laudatae
2905 991 3268 1044 meditationis
3319 995 3519 1054 videre,

1955 1078 2230 1143 quomodo
2254 1079 2495 1132 actiones
2529 1096 2593 1132 ex
2633 1082 2829 1134 virtute
2860 1082 3142 1151 proﬁciant
3178 1099 3192 1143 ;
3244 1082 3520 1137 Christum

1954 1172 2133 1218 autem
2168 1164 2440 1230 meditari,
2466 1175 2519 1220 et
2546 1182 2665 1236 qua:
2696 1168 2741 1223 is
2760 1183 2860 1238 pro
2906 1184 3021 1224 mea
3046 1171 3220 1223 salute
3272 1180 3520 1224 amanter

1953 1256 2236 1317 laboravit,
2270 1259 2693 1326 cogitationibus
2747 1275 3095 1328 percurrere,
3123 1275 3308 1330 aperte
3342 1264 3507 1315 vitam

1954 1348 2110 1400 nobis
2158 1348 2439 1415 quaesitam
2499 1351 2763 1412 continet.
2834 1366 3035 1419 perque
3088 1352 3268 1405 omnia
3336 1353 3519 1407 beatos

1952 1438 2149 1492 reddit.
2182 1440 2241 1491 Et
2268 1448 2325 1492 ut
2359 1442 2498 1494 istuc
2551 1440 2837 1495 manifeste
2880 1456 3293 1509 cognoscamus,
3343 1443 3521 1496 Consi-

1954 1532 2357 1594 deretnus,illas
2415 1532 2808 1596 sanctimoniae,
2873 1543 3095 1601 propter
3145 1549 3282 1603 quas
3329 1549 3518 1588 earum

1953 1622 2191 1677 cultores
2223 1623 2474 1678 Christus
2507 1624 2623 1691 ipse
2666 1625 2854 1680 beatos
2918 1627 3231 1694 praedicavit
3257 1666 3272 1687 .
3341 1643 3520 1680 annon

1953 1727 2142 1767 omnes
2172 1712 2239 1766 ab
2269 1713 2419 1768 hisce
2459 1715 2878 1783 cogitationibus
2919 1716 3356 1785 proﬁciscantur.
3377 1717 3523 1783 Quos

1953 1818 2083 1872 ergo
2129 1804 2366 1869 tandem,
2398 1808 2489 1875 qui
2539 1806 2690 1861 solus
2722 1819 2775 1861 et
2816 1823 2940 1862 vere
2970 1809 3159 1863 beatus
3205 1818 3310 1871 est,
3337 1809 3523 1863 beatos

1954 1996 2032 2039 tes
2102 1997 2155 2041 et
2211 1988 2455 2046 sitientes
2498 1992 2763 2057 justitiam
2796 2033 2811 2057 ,
2857 1994 3260 2057 misericordes,
3320 1998 3524 2052 mundo

1952 2080 2131 2145 corde,
2186 2082 2459 2150 paciﬁcos,
2491 2085 2897 2151 persecutiones
2960 2094 3012 2138 et
3074 2098 3234 2138 omne
3266 2088 3522 2153 probrum

1954 2181 2173 2240 propter
2232 2173 2526 2242 justitiam,
2557 2184 2612 2228 et
2658 2185 2965 2244 promptum
3020 2174 3223 2231 Christi
3277 2177 3518 2231 studium

1953 2264 2288 2320 sustinentes
2328 2266 2399 2320 ".
2430 2266 2496 2321 Hi
2545 2276 2673 2322 sunt
2731 2268 2824 2337 qui
2857 2268 3071 2323 beatam
3106 2270 3270 2322 vitam
3328 2284 3525 2338 appre-

1953 2357 2279 2413 henderunt.
2312 2357 2367 2415 Si
2418 2360 2584 2427 igitur
2630 2360 2700 2414 ab
2752 2361 2837 2416 his
2895 2362 3318 2430 cogitationibus
3381 2364 3525 2417 hunc

1952 2451 2181 2505 chorum
2217 2452 2444 2521 pulchre
2477 2452 2795 2515 formatum,
2855 2462 2908 2506 et
2956 2469 3193 2509 coronas
3222 2454 3348 2509 inde
3392 2468 3526 2508 con—

1953 2550 2129 2596 testas
2213 2543 2574 2607 inveniemus,
2658 2544 2914 2599 omnibus
2999 2545 3153 2613 plane
3229 2548 3525 2614 constabit,

1951 2649 2169 2701 operam
2205 2646 2257 2687 et
2292 2636 2696 2689 meditationem
2727 2635 2779 2689 in
2812 2636 2959 2691 hisce
3007 2637 3312 2694 rationibus
3365 2642 3531 2693 collo-

1952 2731 2150 2789 catam,
2181 2728 2320 2779 viam
2355 2741 2626 2789 securam,
2654 2736 2703 2780 et
2732 2729 3024 2783 transitum
3074 2739 3128 2782 et
3164 2731 3411 2795 gradum,
3474 2740 3529 2784 et

1952 2832 2063 2886 quo
2088 2820 2209 2881 quis
2252 2821 2471 2875 nomine
2504 2818 2755 2886 appellet,
2792 2820 2856 2873 ad
2893 2820 3100 2874 beatam
3155 2822 3320 2875 vitam
3382 2837 3524 2877 esse.

2026 3084 2320 3153 Paupertas
2354 3085 2407 3137 in
2438 3084 2654 3152 spiritu,
2689 3094 2743 3139 et
2769 3103 2787 3137 ι
2827 3099 2934 3139 non
2968 3100 3179 3153 sapere,
3216 3095 3276 3139 ut
3328 3085 3526 3141 Paulus

270 3186 409 3244 νεῖν,
492 3200 624 3251 φησι
646 3185 1040 3259 Παῦλος,ζύπὲρ
1061 3191 1088 3242 ὃ
1110 3192 1190 3244 δεῖ
1206 3198 1441 3264 φρονεῖν,
1462 3199 1597 3253 ἀλλὰ
1881 3207 1923 3262 C

1835 3224 1847 3257 μ
1881 3207 1923 3262 C
1955 3174 2185 3243 ait,plus
2200 3190 2361 3243 quam
2381 3184 2623 3242 Oportet:
2653 3177 2743 3234 sed
2766 3180 3031 3245 saperead
3056 3177 3402 3231 sobrietatem
3422 3180 3518 3235 ".i

268 3275 352 3335 εἰς
377 3274 441 3326 τὸ
472 3281 795 3345 σωφρονεῖν,
825 3298 844 3331 ›
866 3282 1024 3333 τίνων
1047 3286 1241 3348 γένοιτ’
1264 3288 1330 3339 ἂν
1357 3288 1388 3357 ἢ
1423 3290 1533 3343 τῶν
1562 3292 1659 3362 τὴν
1676 3294 1849 3362 Ἰησοῦ

269 3368 562 3435 πτωχείαν
591 3371 1005 3441 ὲπισταμένων;
1042 3376 1097 3437 ὃς
1132 3380 1225 3430 καὶ
1274 3380 1486 3447 φύσεως
1517 3386 1609 3436 καὶ
1648 3387 1853 3458 διατρι-

268 3459 385 3511 ϐῶν
436 3460 671 3529 μετέσχε
706 3466 819 3525 τοῖς
870 3464 1078 3529 δούλοις
1135 3471 1410 3540 Δεσπότης
1442 3471 1537 3539 ῶν,
1572 3477 1664 3529 καὶ
1720 3480 1853 3548 σὰρξ

268 3550 495 3617 ἐγένετο
550 3551 681 3614 Θεὸς
714 3552 809 3616 ὢν,
857 3557 959 3609 καὶ
1007 3558 1201 3611 πενίαν
1250 3563 1279 3613 ό
1325 3563 1629 3629 πλουτίζων
1680 3571 1855 3625 είλετο

271 3644 367 3693 καὶ
395 3642 636 3709 ἤνεγκεν
662 3644 892 3712 ἀτιμίαν
923 3650 951 3699 ὁ
991 3652 1090 3719 τῆς
1127 3651 1286 3721 δόξης
1327 3654 1601 3723 βασιλεὺς,
1633 3664 1727 3715 καὶ
1760 3680 1852 3717 πε-

269 3735 507 3801 ριήγετο
545 3734 645 3801 μὲν
700 3736 989 3803 δεδεμένος
1030 3744 1055 3792 ό
1091 3742 1257 3806 λύσας
1307 3746 1366 3798 τὸ
1402 3749 1578 3815 γένος,
1631 3758 1853 3824 γραφὴν

267 3823 324 3875 δὲ
359 3823 587 3887 ἐδέξατο
626 3827 985 3896 παρανόμων,
1038 3830 1096 3894 ὃς
1128 3827 1294 3903 ἦλθεν
1329 3837 1422 3889 ἐπὶ
1454 3838 1515 3890 τὸ
1556 3823 1850 3910 πληρῶσαι

266 3914 359 3964 τὸν
389 3912 580 3981 νόμον,
634 3916 732 3967 καὶ
776 3919 977 3986 κριτῶν
1022 3920 1284 3992 ἠνέσχετο
1326 3926 1484 3998 δήμῳ
1532 3935 1851 4005 μαινομένῳ

267 4004 364 4053 καὶ
398 4004 633 4070 φονῶντι
664 4006 1058 4077 χαριζομένων,
1086 4028 1105 4061 ι
1136 4005 1289 4083 ᾦτὴν
1318 4018 1496 4085 κρίσιν
1514 4021 1691 4074 πᾶσαν
1717 4004 1851 4077 58m-

267 4111 364 4146 κεν
394 4096 423 4146 ὁ
456 4096 649 4166 Πατήρ
682 4111 698 4128 ⁸
729 4116 747 4148 ι
789 4098 976 4152 Ταῦτα
1016 4102 1135 4155 τίνα
1182 4106 1281 4157 οὐκ
1312 4106 1377 4160 ἂν
1396 4112 1720 4179 κατενέγκοι
1758 4116 1852 4168 τῦ-

268 4190 405 4257 φονί
457 4189 670 4253 ’Δλλως
703 4208 763 4244 τε
800 4192 901 4262 τῆς
934 4195 1313 4266 ὑπερηφανίας
1356 4201 1462 4254 ἀπὸ
1500 4204 1607 4255 τῶν
1651 4223 1849 4277 κατορ·

268 4282 573 4349 θωμάτων,
611 4283 744 4336 ὅταν
779 4284 1145 4354 ὑπερϐάλλειν
1175 4290 1426 4355 δοκῶσιν,
1466 4296 1848 4368 ἐγειρομένης.

266 4376 293 4425 ὁ
330 4376 400 4426 τὰ
427 4374 676 4444 Χριστοῦ
712 4375 1017 4447 μελετήσας
1047 4381 1255 4434 εἵσεται
1289 4384 1361 4453 μὴ
1396 4387 1477 4437 ὅτι
1512 4390 1676 4458 μηδὲν
1708 4394 1848 4458 μέγα

265 4462 682 4530 κατωρθωκὼς,
709 4463 827 4515 ἀλλ’
848 4466 960 4519 οὐδ’
986 4467 1127 4537 ὑπὲρ
1154 4469 1247 4523 τοῦ
1270 4470 1495 4541 λυθῆναι
1523 4477 1617 4545 τῆς
1648 4479 1848 4547 αίχμα-

264 4554 477 4615 λωσίας
507 4553 672 4615 αὐτὸς
702 4557 1037 4623 εἰσενεγκεῖν
1071 4559 1226 4611 οὐδὲν
1254 4560 1520 4630 δυνηθεὶς,
1546 4567 1603 4627 ὅς
1628 4583 1690 4633 γε
1726 4568 1845 4621 οὐδὲ

268 4643 409 4710 μετὰ
447 4643 514 4693 τὺ
544 4643 777 4711 λυθῆναι
824 4644 1000 4698 σῶσαι
1050 4648 1300 4717 καθαρὰν
1352 4654 1449 4720 τὴν
1498 4654 1832 4726 ἐλευθερίαν.

277 4734 335 4784 Ὀ
382 4733 488 4801 μὲν
531 4733 642 4800 γὰρ
695 4734 790 4786 τοῦ
840 4736 1073 4804 αἵματος
1114 4739 1259 4805 ἡμᾶς
1290 4742 1517 4811 ἐπρίατο
1551 4748 1642 4796 καὶ
1706 4765 1849 4816 παρ-

262 4824 426 4892 έσχεν
456 4825 593 4892 ἡμῖν
628 4823 770 4877 οὕτω
818 4827 1060 4893 μεγάλου
1109 4833 1455 4899 κτησάμενος
1486 4836 1585 4904 τὴν
1634 4838 1849 4891 ἐλευθε-

268 4912 390 4979 ρίαν
411 4926 428 4943 ⁶
452 4912 543 4973 τίς
562 4911 620 4965 δὲ
642 4912 751 4965 τῶν
780 4913 1053 4968 λυθέντων
1073 4917 1156 4983 ἐφ’
1177 4912 1255 4979 οἷς
1288 4921 1507 4991 εἴληφεν
1537 4924 1717 4992 ἔμεινε
1750 4930 1844 4980 καὶ

261 5003 354 5054 τὸν
380 5004 762 5071 πνευματικὸν
792 5006 1019 5060 πλοῦτον
1063 5010 1152 5062 διὰ
1202 5013 1384 5072 τέλους
1437 5015 1632 5068 ἄσυλον
1664 5020 1839 5087 ἔσχεν,

261 5094 401 5147 ἀλλὰ
431 5094 513 5164 μὴ
535 5094 699 5147 τοῦτο
732 5096 873 5163 μέγα
898 5100 1281 5169 κατωρθωκὼς
1302 5105 1557 5177 ἐνομίσθη
1583 5109 1650 5159 τὰ
1675 5113 1845 5178 μικρὰ

262 5186 404 5253 πρὸς
436 5187 544 5253 τὴν
574 5187 739 5254 χάριν
772 5186 1139 5257 ἐξαμαρτείνς
1175 5192 1239 5243 Τί
1277 5195 1458 5246 τοίνυν
1495 5199 1627 5265 ἡμῖν
1665 5201 1846 5261 αὐτοῖς

263 5279 571 5331 συνειδόσιν
602 5278 835 5347 ὑπάρξει
871 5282 1015 5347 μέγα
1049 5286 1288 5351 φρονεῖν,
1323 5281 1401 5347 οἷς
1434 5289 1466 5355 ἡ
1508 5288 1606 5355 μὲν
1636 5291 1848 5342 οἴκοθεν

261 5368 435 5436 ἁρετὴ
463 5368 535 5419 δι’
572 5368 775 5436 ἑαυτὴν
807 5370 947 5439 αὐτὴ
983 5374 1116 5441 πρὸς
1148 5374 1303 5426 οὐδὲν
1346 5376 1502 5445 φέρει
1532 5378 1843 5444 lucustis;

260 5459 318 5509 εί
346 5476 399 5511 τι
455 5459 506 5510 δ’
559 5458 770 5511 ἔνεστιν
802 5460 1056 5530 ἀληθινὸν
1104 5464 1329 5529 όγαθὸν,
1376 5468 1403 5517 ό
1449 5468 1581 5530 Θεὸς
1624 5469 1848 5538 ἐνέθηκε

265 5550 441 5615 μηδὲν
476 5551 1101 5620 πραγματευσαμένοις,
1136 5557 1230 5605 καὶ
1259 5555 1378 5607 οὐδὲ
1406 5557 1569 5609 αὑτὸν
1600 5558 1729 5624 γοῦν
1758 5562 1850 5611 τὸν

260 5636 470 5701 ιξωθεν
506 5640 796 5693 ἐντεθέντα
852 5641 1084 5695 πλοῦτον
1123 5644 1333 5713 ἀψύχου
1383 5647 1659 5715 θησαυροῦ
1692 5650 1847 5718 δίκην

335 5818 382 5851 ⁸⁸
415 5817 613 5871 Matth.
651 5834 706 5879 ν,
741 5818 891 5873 3-H.

1958 3282 2319 3336 quorumnam
2352 3267 2442 3329 sit,
2478 3266 2590 3322 nisi
2610 3266 2735 3319 Jesu
2803 3277 3173 3337 paupertatem
3212 3272 3522 3334 scientium,

1956 3360 2048 3428 qui
2075 3371 2128 3413 et
2160 3372 2371 3422 natura,
2418 3370 2470 3412 et
2495 3361 2743 3413 convictu
2801 3376 2922 3413 cum
2984 3361 3156 3412 servis
3218 3365 3522 3416 communi-

1956 3453 2115 3515 cavit,
2149 3466 2271 3505 cum
2300 3462 2443 3505 esset
2472 3450 2755 3515 Dominus,
2788 3460 2839 3503 et
2889 3454 3066 3505 factus
3117 3464 3197 3505 est
3226 3469 3377 3519 caro,
3402 3470 3524 3509 cum

1955 3553 2102 3598 esset
2150 3542 2407 3610 Deus;et
2432 3545 2583 3597 dives
2630 3543 2789 3613 elegit
2842 3554 3157 3609 egestatem,
3194 3549 3523 3617 pertulitque

1957 3630 2310 3697 ignominiam
2378 3646 2471 3684 rex
2539 3631 2772 3698 gloriae;
2846 3642 2897 3683 et
2965 3632 3376 3691 circumductus
3444 3649 3529 3693 est

1955 3726 2192 3789 vinctus,
2225 3725 2314 3793 qui
2345 3740 2518 3793 genus
2572 3733 2821 3779 nostrum
2895 3725 3124 3781 vinculis
3202 3729 3363 3783 solvit
3393 3748 3408 3796 ;
3436 3748 3528 3785 ac-

1954 3817 2288 3870 cusationem
2347 3818 2667 3870 violatorum
2717 3818 2851 3882 legis
2904 3801 2955 3871 in
3009 3834 3067 3874 se
3121 3823 3381 3890 suscepit,
3432 3826 3527 3891 qui

1952 3909 2121 3976 legem
2174 3908 2493 3976 impleturus
2554 3920 2910 3979 venerat;et,
2944 3915 3151 3985 jndices
3196 3929 3387 3981 passus
3421 3930 3523 3977 est,

1955 4002 2245 4056 insanienti
2308 4002 2505 4070 populo
2593 4018 2656 4056 ac
2699 4006 2860 4058 cmdis
2914 4006 3072 4059 avido
3135 4009 3521 4073 gratiﬁcantes,

1958 4112 1977 4145 ι
2016 4094 2104 4147 cui
2156 4108 2318 4150 omne
2363 4094 2629 4162 judicium
2664 4095 2810 4149 dedit
2850 4096 3007 4150 Pater
3040 4098 3107 4152 ³⁸.
3153 4119 3170 4150 ι
3206 4098 3328 4153 llaec
3363 4117 3522 4168 quem

1953 4186 2151 4242 fastum
2184 4203 2288 4241 non
2322 4188 2625 4255 deprimant
2653 4188 2774 4240 iAd
2806 4189 2937 4251 haec,
2996 4191 3252 4256 superbia
3307 4207 3335 4244 a
3366 4192 3523 4245 bonis

1952 4283 2207 4349 operibus
2264 4280 2518 4349 (quando
2543 4281 2655 4334 visa
2684 4280 2887 4334 fuerint
2918 4286 3183 4339 excellere
3216 4286 3231 4350 )
3266 4286 3520 4350 excitata,

1953 4376 2197 4429 actiones
2226 4374 2429 4427 Christi
2468 4373 2782 4436 meditatus,
2816 4376 2969 4434 sciet,
3012 4392 3119 4429 non
3176 4377 3350 4431 solum
3389 4380 3520 4432 nihil

1955 4480 2012 4519 se
2065 4480 2319 4533 magnum
2354 4480 2475 4519 cum
2509 4465 2707 4517 virtute
2739 4466 3053 4532 praestitisse
3082 4484 3095 4529 ;
3123 4468 3215 4519 sed
3254 4484 3429 4537 neque
3453 4470 3520 4523 ad

1956 4557 2234 4612 servitutis
2297 4571 2411 4610 suae
2469 4555 2657 4623 jugum
2720 4568 2747 4605 a
2799 4557 3107 4609 cervicibus
3151 4557 3517 4624 dejiciendutn

1950 4650 2242 4718 quidquam
2303 4657 2561 4717 prwstare
2622 4648 2886 4716 potuisse,
2959 4650 3049 4717 qui
3110 4666 3208 4704 nec
3271 4652 3516 4720 adeptam

1952 4739 2250 4791 libertatn-m
2326 4752 2654 4791 conservare
2722 4745 2924 4789 sartam
3001 4744 3197 4789 tectam
3263 4738 3515 4804 potuerit.

1954 4828 2047 4882 Ille
2075 4828 2217 4881 enim
2254 4828 2517 4896 sanguine
2549 4842 2649 4881 suo
2683 4841 2782 4880 nos
2814 4826 2968 4889 emit,
2995 4835 3047 4879 et
3077 4827 3152 4879 ita
3185 4841 3382 4895 magno
3428 4842 3517 4880 ac-

1952 4919 2208 4989 quisitam
2244 4919 2550 4972 libertatem
2604 4917 2760 4972 nobis
2785 4918 3023 4971 donavit.
3076 4915 3211 4983 Quis
3251 4932 3416 4985 porro
3451 4917 3518 4969 li-

1955 5014 2269 5065 heratorum
2306 5010 2358 5062 in
2393 5010 2479 5064 his
2503 5025 2622 5077 quae
2649 5009 2858 5076 accepit
2881 5008 3200 5077 permansit,
3257 5009 3517 5075 spiritua-

1956 5108 2138 5173 lesque
2163 5105 2382 5159 divitias
2414 5119 2587 5173 usque
2638 5103 2703 5155 ad
2740 5104 2900 5155 ﬁnem
2931 5119 2959 5154 a
2986 5102 3334 5169 praedonibus
3368 5110 3513 5154 tutas

1955 5198 2199 5258 retinuit,
2228 5211 2291 5250 ac
2322 5211 2427 5249 non
2464 5195 2603 5248 hanc
2631 5208 2878 5264 magnam
2912 5192 3330 5246 sanctimoniam
3360 5207 3513 5245 suam

1956 5287 2245 5354 reputavit,
2283 5286 2417 5339 levia
2444 5285 2705 5339 adversus
2746 5285 2973 5349 gratiam
3031 5282 3279 5350 peccare?
3318 5281 3371 5335 In
3408 5297 3517 5350 quo

1952 5375 2115 5444 igitur
2146 5373 2304 5428 nobis
2342 5374 2481 5428 male
2515 5373 2755 5428 consciis
2785 5372 2970 5425 licebit
3030 5372 3278 5439 gl0riari,
3315 5372 3514 5438 quibus

1954 5465 2174 5533 propria
2220 5464 2397 5519 virtus
2461 5465 2578 5533 ipsa
2624 5474 2842 5532 propter
2897 5464 3134 5530 seipsam
3168 5462 3231 5513 ad
3267 5460 3403 5513 nihil
3434 5469 3519 5513 est

1957 5558 2127 5610 utilis?
2161 5556 2215 5609 lu
2253 5573 2359 5626 qua
2394 5558 2440 5611 si
2474 5557 2602 5625 quid
2666 5556 2807 5609 inest
2844 5556 2993 5616 boni,
3034 5553 3172 5606 Deus
3207 5552 3256 5606 id
3312 5552 3518 5619 alisque

1957 5648 2143 5701 Iahore
2162 5660 2348 5704 nostro
2369 5649 2672 5705 indidit.Ac
2694 5664 2869 5716 neque
2894 5650 3033 5716 ipsas
3053 5648 3393 5701 ettrinsecus
3413 5645 3518 5695 sal-

974 5818 1018 5847 "
1062 5816 1218 5871 Rom.
1258 5836 1354 5885 xu,
1390 5821 1441 5873 3.
1518 5826 1562 5857 "
1603 5824 1755 5880 Joan.
1795 5844 1843 5887 ν,
1875 5828 1964 5881 22.
