4262 6460
708 421 810 480 667

701 531 927 585 ύίνίῑὶεν.
960 527 1018 580 Et
1050 538 1339 598 pattpcrias
1367 530 1585 598 quidem
1611 526 1920 584 necessario
1974 537 2094 574 eum
2153 531 2282 585 pm-
2315 517 2357 566 Δ

706 621 843 673 senti
881 623 982 671 vita
1017 619 1210 670 desiuit
1249 637 1262 681 ;
1305 623 1440 673 hanc
1481 635 1661 672 autem
1712 617 2072 670 calamitatem
2135 624 2283 661 mors

709 713 900 764 tollere
929 726 1032 763 non
1063 722 1229 777 μινινει
1263 729 1276 773 ;
1305 714 1431 778 quin
1469 715 1666 779 potius,
1695 721 1752 764 ut
1785 709 2114 774 nohislonge
2140 706 2286 769 igno-

711 803 997 856 tuiniosior
1051 802 1120 853 sit
1155 802 1206 852 in
1254 803 1453 863 luturu,
1498 816 1718 855 necesse
1770 811 1874 852 cst.
1921 799 2022 851 Sed
2074 792 2284 848 insania

708 906 783 945 est
821 893 1164 946 misvrabilis.
1228 895 1368 956 Quid
1402 896 1422 946 ?
1486 910 1666 946 annon
1705 893 1876 945 malus
1903 891 2112 944 daemon
2165 887 2284 939 ani-

715 1004 860 1036 mum
897 994 1141 1038 nostrum
1178 985 1419 1039 furenter
1468 987 1725 1054 exagitat,
1782 985 1834 1037 in
1888 997 2049 1052 quem
2086 989 2285 1034 tantam

715 1078 966 1130 anu-ntia:
999 1078 1102 1128 vim
1135 1076 1408 1130 effundit?
1442 1076 1494 1130 Si
1526 1078 1668 1130 enim
1700 1093 1861 1144 super
1891 1090 2049 1129 enses
2100 1071 2289 1126 ambu-

715 1171 847 1229 lare,
876 1184 994 1221 sese
1028 1170 1355 1236 praecipitem
1390 1169 1537 1227 dare,
1600 1169 1804 1220 amicus
1865 1165 2156 1236 praeterire,
2239 1173 2294 1217 et

723 1260 1247 1312 malevolentissimis
1278 1261 1572 1326 supplicem
1607 1260 1742 1322 fieri,
1781 1260 1822 1312 si
1857 1262 1986 1320 inec,
2047 1259 2291 1325 inquam,

722 1351 1113 1403 insanientium
1147 1360 1487 1410 suut,nonne
1526 1361 1791 1403 amantem
1821 1351 2082 1416 fuginms?
2115 1365 2295 1403 nonne

721 1442 929 1494 hostem
964 1444 1283 1496 asciscimus
1314 1443 1336 1494 ?
1367 1459 1551 1495 nonne
1581 1444 1644 1495 ad
1671 1446 1968 1510 gehennam
2000 1443 2293 1506 currimus,

723 1533 852 1587 dum
889 1536 1092 1596 omnia,
1118 1549 1238 1601 qure
1269 1549 1332 1587 eo
1355 1536 1656 1604 impellunt,
1686 1538 2035 1601 designamus
2066 1537 2088 1589 ?
2119 1535 2298 1601 Quare

723 1623 965 1676 omnium
1000 1623 1266 1675 seelerum
1300 1626 1631 1677 conscientia
1666 1625 1956 1692 impeditos
1987 1635 2039 1676 et
2072 1640 2296 1692 Oppres-

721 1728 834 1780 sos,
868 1714 995 1768 ﬂere
1040 1726 1090 1768 et
1118 1714 1302 1783 lugere
1361 1732 1462 1769 nos
1498 1728 1926 1770 Consentaneum
1961 1728 2061 1769 cst.
2124 1719 2299 1783 Atque

724 1804 929 1857 utinam
972 1805 1162 1858 horum
1197 1809 1528 1860 conscientia
1565 1809 1722 1861 nobis
1755 1808 2049 1875 contingat,
2102 1818 2151 1861 et
2179 1822 2298 1875 qua:

725 1904 874 1954 sunt,
909 1909 1028 1947 esse
1052 1895 1301 1950 arbitrari
1340 1916 1351 1950 :
1386 1908 1436 1950 et
1466 1913 1569 1950 non
1600 1900 1760 1950 etiam
1796 1898 1847 1950 in
1907 1898 2006 1950 hoc
2057 1898 2302 1950 infelices

728 1988 924 2048 simus,
965 1986 1054 2038 ubi
1093 1987 1358 2041 malorum
1415 2004 1692 2042 versemur
1738 1990 2046 2058 ignorantes
2091 1991 2133 2041 si
2203 1991 2302 2043 bo-

729 2086 853 2123 nam
887 2071 1079 2124 animae
1111 2071 1505 2135 habitmlinein,
1546 2074 1860 2134 etdivitias,
1898 2082 1948 2126 et
2019 2073 2301 2126 sanitatem

730 2160 1062 2224 nesciamus,
1096 2175 1214 2226 qua:
1247 2161 1403 2213 nobis
1443 2177 1470 2211 a
1533 2162 1749 2214 Christo
1802 2172 2117 2228 praeparata,
2170 2161 2304 2214 citra

728 2240 994 2313 inboreni,
1027 2251 1158 2302 nihil
1192 2252 1292 2303 nisi
1331 2249 1665 2307 voluntatem
1726 2249 2073 2303 offerentibus
2116 2265 2306 2304 conse-

730 2343 820 2409 qui
872 2341 1018 2395 licet.
1060 2337 1226 2394 Valde
1290 2341 1434 2394 enim
1469 2342 1622 2394 triste
1656 2342 1743 2405 sit,
1773 2358 1894 2394 cum
1917 2341 2169 2394 felicitate
2189 2357 2309 2409 per-

732 2433 838 2484 frui
883 2432 1061 2494 liceat,
1117 2433 1316 2496 eligere
1368 2433 1666 2496 miseriam,
1698 2443 1902 2485 etcum
1941 2434 2211 2500 possimus
2258 2433 2308 2484 iu

734 2525 852 2576 luce
887 2522 1082 2584 vivere,
1127 2538 1233 2574 non
1269 2539 1522 2576 recusare
1554 2523 1604 2574 in
1641 2523 1874 2575 tenebris
1928 2525 2138 2576 sedere.
2190 2520 2312 2575 Haec

735 2628 865 2666 vero
891 2629 995 2665 non
1027 2614 1202 2667 solum
1245 2616 1511 2667 inertibus
1544 2615 1811 2681 Iaerymas
1846 2623 2071 2682 possunt
2093 2615 2312 2678 elicere,

739 2705 831 2758 sed
884 2706 1229 2773 prohisslmis
1261 2707 1443 2772 etiam,
1497 2718 1547 2759 et
1584 2707 1665 2758 his
1709 2708 1961 2769 maxime,
2019 2716 2224 2772 quanto
2265 2714 2318 2758 et

741 2795 916 2862 majus
945 2796 1185 2848 sentiunt
1219 2796 1628 2851 detrimentum.
1668 2794 1879 2848 Etenim
1908 2806 1959 2849 et
1994 2798 2075 2849 his
2103 2806 2151 2849 et
2195 2811 2319 2863 gra-

746 2888 989 2940 vioribus
1011 2897 1184 2940 semet
1209 2885 1597 2946 condemnant,
1615 2897 1665 2939 et
1687 2888 1943 2940 extremis
1963 2903 2019 2940 se
2039 2888 2320 2955 suppliciis

748 2979 1061 3033 multandos
1097 2992 1339 3043 censent,
1373 2995 1496 3033 cum
1557 2980 1816 3049 cogitant,
1881 2980 2047 3033 Deum
2090 2980 2317 3047 nudum,

747 3085 908 3124 cruce
944 3071 1354 3140 interemptum,
1398 3072 1485 3124 cui
1526 3072 1707 3124 omnia
1746 3071 2012 3138 serviunt,
2046 3081 2098 3126 et
2129 3087 2252 3126 eum
2289 3087 2319 3126 a

1961 408 2266 473 NlCOl.Al
2305 401 2688 462 messim:

3838 379 3950 440 668

2392 509 2651 576 παρόντες
2690 503 2900 568 ἀνάγκη
2931 498 3265 559 πεπαῦσθαι,
3298 494 3445 547 τουτὶ
3471 493 3527 545 δέ
3557 490 3620 544 τὸ
3665 489 3839 542 δεινὸν
3889 489 3948 540 οὗ

2386 600 2603 649 δύναται
2627 597 2771 647 λύειν
2791 595 2822 661 ἡ
2839 593 3080 661 τελευτὴ,
3104 591 3216 643 ἀλλ’
3233 591 3444 657 ἀνάγκη
3463 587 3556 638 καὶ
3579 583 3756 652 πολλῷ
3782 581 3953 650 μείζω

2388 694 2560 742 ποιεῖν
2591 691 2720 756 ἡμῖν
2750 689 2838 738 ἐπὶ
2873 685 2964 737 τοῦ
2995 685 3278 753 μέλλοντος
3321 683 3420 749 τὴν
3476 678 3743 746 αἰσχύνην
3770 691 3783 703 '
3819 673 3954 726 am

2392 785 2555 852 μανία
2583 782 2832 837 ἐλεεινόν.
2873 781 2938 833 Τί
2969 774 3097 840 οὗνς
3153 778 3216 828 οὐ
3253 772 3488 842 πονηρῖς
3545 769 3703 836 ἡμῶν
3735 765 3954 818 ἐλαύνει

2388 877 2597 942 δαίμων
2632 873 2729 943 τὴν
2760 874 3002 941 γνώμην,
3046 867 3111 940 ἦς
3137 867 3409 934 τοσαύτην
3441 863 3701 930 κατέχεεν
3732 859 3955 918 ἄνοιαυ;

2392 971 2451 1022 EE
2487 970 2592 1038 γὰρ
2615 968 2706 1020 ἐπὶ
2743 967 2884 1035 ξίφει
2933 966 3131 1034 χωρεῖν
3170 962 3266 1014 καὶ
3295 957 3439 1012 κατά
3479 953 3743 1023 κρημνῶν
3776 949 3958 1001 ἵεσθαι

2394 1062 2490 1112 καὶ
2535 1062 2660 1122 τοὺς
2716 1059 2902 1124 φίλους
2943 1057 3160 1123 ἀγνοεῖν
3194 1053 3285 1105 καὶ
3339 1052 3450 1111 τοῖς
3503 1043 3959 1112 δυσμενεστάτοις

2396 1152 2785 1219 προσπίπτειν,
2841 1147 3017 1201 ταῦτα
3074 1144 3440 1213 μαινομένων,
3467 1140 3528 1191 ού
3568 1139 3661 1189 τὸν
3702 1132 3961 1202 φιλοῦντα

2395 1243 2692 1310 φεύγομεν,
2736 1241 2794 1292 ού
2837 1240 2927 1290 τὸν
2978 1236 3170 1306 ἐχθρὸν
3229 1230 3310 1295 οἷς
3363 1229 3626 1298 ποιοῦμεν
3653 1224 3960 1294 ζητοῦμενς

2395 1337 2494 1387 οὐκ
2530 1337 2622 1387 ἐπὶ
2672 1335 2772 1403 τὴν
2818 1332 3045 1400 γέενναν
3087 1327 3389 1396 σπεύδομεν
3447 1324 3623 1376 πάντα
3658 1317 3961 1376 ποιοῦντες,

2398 1426 2431 1479 ἃ.
2462 1426 2598 1495 πρὸς
2628 1424 2843 1490 ἐκείνην
2879 1422 3046 1486 ὡθεί;
3083 1417 3244 1473 Οὕτω
3277 1416 3378 1487 μὲν
3407 1412 3588 1467 τοίνυν
3614 1412 3751 1481 ἡμῖν
3783 1410 3966 1468 αὐτοῖς

2398 1518 2465 1569 τὰ
2498 1516 2755 1568 πάνδεινα
2781 1512 3045 1566 συνειδόσι
3077 1509 3336 1579 δακρύειν
3389 1504 3686 1558 ἀκόλουθον
3709 1499 3806 1553 καὶ
3838 1514 3969 1550 nev-

2402 1607 2513 1660 θεῖν
2538 1625 2554 1640 ·
2587 1606 2760 1660 ταῦτα
2792 1606 2848 1659 δὲ
2869 1602 3068 1672 γένοιτ’
3095 1603 3160 1654 ἂν
3197 1601 3327 1670 ἡμῖν
3353 1597 3536 1659 αὐτοῖς
3564 1588 3968 1658 συνεγνωκέναι

2404 1702 2495 1752 καὶ
2527 1699 2593 1752 τὰ
2619 1699 2746 1750 ὖντα
2779 1697 3020 1762 δοξάζειν
3054 1694 3148 1745 καὶ
3185 1692 3260 1760 μὴ
3281 1690 3377 1742 καὶ
3419 1687 3579 1740 τοῦτο
3606 1683 3912 1750 δυστυχεῖν,

2405 1790 2589 1842 κακῶν
2614 1789 2776 1857 ἐσμὲν
2797 1785 3102 1854 ἀγνοοῦσιν,
3119 1784 3213 1836 ἐάν
3238 1785 3336 1850 τὴν
3360 1780 3574 1843 εὑεξὲαν
3597 1776 3692 1828 καὶ
3709 1775 3796 1826 τὸν
3814 1771 3977 1826 πλοῦ-

2405 1899 2495 1933 τον
2511 1880 2743 1948 εἰδῶμεν
2770 1880 2864 1931 καὶ
2885 1879 2943 1930 τὸ
2976 1875 3298 1945 σωφρονεῖν,
3325 1866 3399 1924 ὧν
3424 1872 3553 1940 ήμῖν
3580 1868 3683 1920 ύπδ
3710 1866 3800 1917 τοῦ
3835 1865 3974 1932 Χρι-

2406 1973 2530 2026 στοῦ
2566 1971 2729 2041 μηδὲν
2758 1973 3024 2036 πονήσασι
3085 1963 3620 2032 κατεσκευασμένων
3680 1959 3978 2026 τυγχάνειν

2405 2067 2614 2131 ἔξεστιν
2678 2066 2991 2132 εἰσάγοντας
3047 2061 3199 2115 οὐδὲν
3246 2059 3408 2112 πλέον
3505 2055 3536 2124 ἢ
3595 2052 3972 2120 βουλομένους.

2407 2158 2577 2212 Τοῦτο
2602 2158 2708 2225 γὰρ
2748 2159 2812 2208 ἂν
2840 2157 2993 2209 δάκοι
3034 2152 3236 2223 μᾶλλον
3274 2149 3526 2219 καρδίαν,
3573 2146 3693 2208 ἐξὸν
3718 2142 3978 2207 εὐδαιμο-

2409 2254 2546 2316 νεῖν,
2571 2249 2843 2320 αἱρεῖσθαι
2870 2244 3281 2316 δυστυχεῖν,καὶ
3299 2242 3397 2312 ζῇν
3421 2241 3478 2292 ἐν
3495 2240 3632 2307 φωτὶ
3651 2235 3986 2302 δυναμένους

2413 2346 2470 2396 ἐν
2495 2343 2673 2395 σκότει
2698 2341 3036 2408 καθημένους
3056 2335 3371 2405 ἀνέχεσθαι.
3392 2332 3580 2384 Ταῦτα
3598 2328 3656 2380 δὲ
3675 2329 3734 2380 ού
3755 2328 3866 2386 τοῖς
3887 2325 3986 2393 pa-

2415 2434 2599 2501 θύμως
2629 2432 2808 2503 ἔχουσι
2839 2431 2996 2500 μόνον
3023 2431 3045 2479 ἐ
3056 2426 3280 2498 μὸάλλει
3305 2425 3560 2492 δάκρυον,
3585 2420 3716 2472 ἀλλὰ
3746 2418 3840 2472 καὶ
3871 2418 3985 2476 τοῖς

2417 2523 2855 2583 σπουδαιοτάτοις
2888 2521 2982 2574 καὶ
3010 2519 3246 2590 μάλιστα
3269 2514 3502 2577 τούτοις,
3531 2513 3643 2579 ὅσῳ
3668 2508 3763 2561 καὶ
3799 2505 3988 2575 μείζο-

2418 2634 2506 2679 νος
2528 2616 2874 2670 αἰσθάνονται
2901 2611 3003 2680 τῆς
3033 2609 3256 2680 ζημίας.
3287 2609 3395 2660 Καὶ
3423 2605 3533 2674 γὰρ
3563 2605 3658 2655 καὶ
3687 2599 3862 2654 ταῦτα
3894 2601 3990 2650 καὶ

2420 2711 2487 2762 τὰ
2506 2709 2709 2761 τούτων
2727 2707 2806 2759 ἔτι
2826 2705 2993 2774 χείρω
3011 2701 3483 2772 καταψηφίζονται
3513 2697 3663 2766 σφῶν
3681 2693 3860 2748 αὐτῶν
3877 2693 3994 2760 (καὶ

2421 2803 2658 2871 τιμῶσιν
2683 2800 2867 2859 αὐτοῖς
2903 2797 3011 2850 τῶν
3046 2797 3337 2865 ἐσχάτων),
3373 2791 3592 2844 ἐπειδὰν
3642 2785 3994 2854 ἐνθυμηθῶσι

2423 2894 2556 2945 Θεὸν
2600 2892 2689 2942 ἐπὶ
2740 2887 2981 2958 σταυροῦ
3036 2885 3242 2955 γυμνὸν
3304 2883 3699 2951 σφαττόμενον,
3741 2871 3785 2944 ᾧ
3816 2877 3996 2929 πάντα

2424 2986 2688 3047 δουλεύει,
2723 2985 2817 3037 καὶ
2844 2982 2943 3050 τὴν
2977 2978 3333 3047 ἀντίστροφον
3364 2974 3495 3044 παρ’
3521 2973 3682 3042 ἡμῶν
3726 2972 4000 3038 εἰσπρατ-

2425 3079 2651 3146 τόμενον
2679 3074 2937 3144 ἀμοιὸὴν,
2972 3069 3088 3122 ἀνθ’
3118 3064 3193 3121 ὧν
3215 3066 3509 3136 ἀνθρώπου
3532 3064 3666 3125 Θεὸς
3713 3061 3791 3114 ῶν
3832 3059 3996 3119 αὐτὸς

749 3163 906 3215 nobis
939 3163 1442 3230 compensationem
1479 3163 1719 3218 vicissim
1760 3165 2006 3234 exigere;
2037 3167 2164 3233 quia
2196 3181 2318 3219 cum
2351 3189 2391 3245 ο
2425 3173 2432 3222 i

2311 3182 2318 3218 I
2351 3189 2391 3245 ο
2425 3169 2642 3233 ἐδέξατο
2670 3166 2851 3235 φύσιν,
2885 3162 3137 3229 γενέσθαι
3170 3160 3335 3218 Θεοὺς
3369 3159 3517 3226 ἡμᾶς
3557 3157 3622 3219 ἐξ
3660 3150 3994 3245 ἀνθρώπων,

751 3263 893 3307 esset
933 3254 1094 3315 Deus.
1142 3265 1388 3308 naturam
1428 3256 1664 3309 hominis
1700 3257 1962 3326 suscepit,
2015 3266 2072 3311 ut
2122 3272 2220 3312 nos
2254 3274 2317 3311 ex

753 3343 1067 3398 hominibus
1127 3345 1196 3398 dii
1261 3346 1567 3401 lieremus:
1621 3353 1675 3399 et
1745 3361 1866 3400 cum
1899 3356 2041 3399 terra
2103 3347 2320 3416 quidem

756 3434 978 3497 rmlum,
1010 3451 1130 3487 cum
1169 3439 1430 3490 servitute
1461 3453 1709 3507 regnum,
1744 3453 1868 3491 cum
1916 3440 2235 3508 ignominia,
2271 3441 2324 3493 in

756 3539 863 3591 qua
903 3539 1142 3590 eramus,
1184 3541 1364 3579 veram
1399 3528 1627 3596 gloriam
1664 3538 2023 3597 permutasse,
2066 3546 2163 3599 pro
2202 3533 2327 3600 qui-

759 3614 863 3668 bus
915 3616 1177 3671 calorum
1236 3616 1487 3673 conditor
1525 3629 1723 3672 terram
1786 3620 1982 3685 induit,
2031 3631 2085 3674 et
2138 3631 2328 3676 natura

761 3705 1052 3772 Dominus,
1105 3709 1157 3762 in
1196 3707 1370 3764 forma
1424 3710 1565 3765 servi
1598 3712 1870 3780 apparuit,
1917 3723 1971 3766 et
2003 3712 2186 3778 gloria:
2238 3730 2330 3769 rex

766 3816 786 3848 ι
827 3801 1085 3854 sustinuit
1118 3815 1357 3866 crucem,
1396 3803 1716 3857 confusione
1747 3815 2053 3874 contempta
2086 3806 2168 3858 ³⁸.
2200 3825 2218 3857 ι

833 3889 966 3943 Cum
998 3892 1164 3945 multa
1181 3893 1310 3953 sint,
1327 3909 1424 3962 per
1448 3910 1568 3961 qua:
1599 3906 1912 3961 germanam
1931 3897 2332 3966 philosophiam

765 3980 1018 4035 Salvator
1081 3984 1426 4038 inmundum
1495 3987 1721 4048 invexit,
1767 3990 2223 4051 mansuetudinis,
2281 3997 2336 4041 et

770 4075 1155 4129 moderationis
1187 4077 1238 4128 in
1273 4078 1372 4140 ira,
1409 4078 1751 4147 lenitatisque
1794 4080 2056 4133 adversus
2088 4081 2337 4134 laadentes

770 4166 1002 4232 plurima
1060 4167 1302 4220 omnium
1365 4177 1418 4221 et
1485 4169 1720 4221 maxima
1779 4171 2024 4238 exempla
2085 4171 2336 4236 dicendo,

773 4257 1042 4320 faciendo.
1069 4259 1345 4328 patiendo,
1386 4263 1690 4330 proposuit.
1725 4260 1859 4315 Nam
1889 4280 1955 4317 ne
1983 4264 2145 4335 longe
2177 4265 2341 4319 abea-

773 4366 917 4411 nius,
942 4365 1039 4420 pro
1069 4352 1134 4406 iis
1164 4367 1193 4406 a
1225 4354 1423 4420 quibus
1457 4365 1572 4408 erat
1604 4356 1788 4418 laesus,
1835 4373 2055 4410 carnem
2108 4366 2162 4412 et
2215 4373 2341 4412 san-

772 4441 989 4505 guinem
1037 4441 1264 4496 induere
1313 4444 1593 4508 sustinuit,
1626 4458 1681 4499 et
1709 4461 1803 4500 eos
1863 4448 2101 4500 solutum
2165 4449 2337 4513 venit,

2424 3263 2517 3317 καὶ
2545 3262 2645 3330 τῆς
2677 3260 2773 3328 μὲν
2799 3258 2900 3325 γῆς
2941 3256 3033 3307 τὸν
3088 3253 3339 3323 οὐρανὸν,
3382 3252 3477 3315 τῆς
3503 3251 3559 3302 δὲ
3589 3247 3841 3308 δουλείας
3895 3244 3998 3312 τὴν

2428 3353 2727 3426 βασιλείαν,
2768 3351 2867 3418 τῆς
2924 3351 2980 3401 δὲ
3047 3347 3312 3414 συνούσης
3357 3343 3572 3408 ἀδοξίας
3607 3341 3707 3411 τὴν
3730 3337 3999 3406 ἀληθινὴν

2427 3443 2754 3510 ἀλλάξασθαι
2783 3443 2961 3506 δόξαν,
2995 3439 3139 3507 ὺπέρ
3170 3431 3244 3488 ῶν
3273 3439 3301 3489 ό
3339 3433 3449 3486 τῶν
3470 3432 3716 3500 οὐρανῶν
3748 3429 4003 3498 τεχνίτης

2430 3538 2719 3591 ἐνεδύσατο
2749 3537 2878 3603 γῆν,
2913 3535 3006 3586 καὶ
3038 3534 3065 3583 ὁ
3102 3531 3201 3599 μὲν
3228 3530 3389 3598 φύσει
3418 3525 3695 3592 Δεσπότης
3723 3524 3780 3574 ἐν
3811 3521 4006 3576 δούλου

2434 3633 2639 3700 μορφῇ,
2664 3628 2692 3680 ὁ
2716 3628 2771 3679 δὲ
2802 3626 2899 3694 τῆς
2932 3623 3087 3692 δόξης
3115 3621 3369 3690 βασιλεὺς
3397 3636 3419 3669 ι
3449 3615 3712 3684 ὑπέμεινε
3743 3613 4005 3682 σταυρὸν,

2432 3721 2692 3790 αἰσχύνης
2721 3715 3166 3786 καταφρονήσας.
3215 3729 3235 3762 ι

2505 3897 2817 3969 Πραότητος
2848 3894 2904 3947 δέ
2934 3890 3145 3946 καὶτοῦ
3185 3887 3360 3958 θυμοῦ
3391 3885 3740 3958 κρατεῖν’καὶ
3766 3882 3840 3952 μὴ
3873 3883 4011 3950 πρὶς

2437 3991 2563 4051 τοὺς
2601 3985 2982 4056 λελυπηκότας
3044 3981 3301 4054 χαλεπῶς
3329 3979 3495 4050 ἔχειν,
3541 3976 3755 4031 πολλῶν
3813 3976 4012 4038 ὅντων,

2437 4085 2504 4136 δι’
2532 4080 2607 4136 ῶν
2633 4081 2730 4149 τὴν
2766 4079 2940 4149 ἀληθῆ
2999 4074 3319 4145 φιλοσοφίαν
3351 4076 3379 4126 ὁ
3425 4070 3618 4141 Σωτὴρ
3685 4069 4012 4138 εἰσήνεγκεν

2441 4177 2518 4237 εἰς
2553 4174 2642 4226 τὸν
2672 4171 2897 4239 κόσμον,
2949 4168 3018 4221 τὰ
3056 4167 3283 4220 πλεῖστα
3340 4165 3563 4217 πάντων
3626 4161 3720 4214 καὶ
3773 4160 4011 4228 μέγιστα

2442 4263 2798 4336 προστέθεικε
2850 4258 3267 4329 παραδείγματα
3301 4255 3396 4306 καὶ
3426 4248 3506 4315 οἷς
3537 4251 3760 4320 ἐποίησε
3797 4249 3895 4301 καὶ
3943 4241 4014 4300 ῶν

2441 4357 2698 4427 ἠνέσχετο
2727 4355 2974 4424 πάσχων.
3009 4349 3216 4404 Αὐτίκα
3248 4348 3358 4416 γὰρ
3386 4345 3529 4414 ὑπὲρ
3567 4344 3675 4396 τῶν
3712 4342 4018 4411 λελυπηκό-

2446 4469 2552 4503 των
2601 4450 2833 4518 αἵματος
2886 4445 3151 4516 ἠνέσχετο
3197 4441 3294 4492 καὶ
3327 4448 3555 4507 σαρκὸς,
3625 4435 3720 4489 καὶ
3793 4434 4019 4492 τούτους

773 4542 914 4598 ψιοδ
945 4534 1414 4588 atrocissimorum
1441 4538 1705 4591 scelerum
1737 4553 1997 4592 accusare
2031 4549 2257 4607 poterat,
2287 4548 2340 4593 et
2377 4520 2416 4572 θ
2444 4539 2456 4594 i

2337 4581 2340 4592 .
2377 4520 2416 4572 θ
2444 4539 2574 4610 ἦλθε
2632 4540 2790 4591 λῦσαι
2846 4536 3052 4608 ζητῶν,
3082 4530 3164 4596 οἷς
3189 4531 3257 4584 τὰ
3287 4530 3571 4583 δεινότατα
3620 4527 3842 4580 πάντων
3877 4522 4020 4595 εἶχεν

775 4636 804 4673 a
851 4624 1050 4691 quibus
1094 4623 1351 4692 iniuriose
1387 4635 1654 4683 tractatus
1695 4630 1890 4683 fuerat.
1951 4630 2140 4685 Postea
2179 4634 2343 4685 mira~

775 4712 937 4776 culis,
965 4716 1167 4783 quibus
1200 4718 1445 4772 homines
1481 4731 1687 4775 natura;
1735 4723 2038 4790 integritati
2088 4726 2344 4777 restitue-

777 4806 887 4866 bat,
923 4823 1232 4875 quanquam
1255 4809 1448 4864 invidis
1474 4813 1888 4879 oblatrantibus,
1920 4830 2023 4868 non
2058 4816 2216 4869 desiit
2247 4817 2343 4870 be-

778 4895 1027 4951 nefacere
1061 4917 1075 4952 :
1105 4899 1198 4952 sed
1230 4915 1374 4961 cum,
1397 4903 1539 4969 quod
1566 4904 1842 4959 daemonas
1887 4906 2140 4975 ejiciebat
2174 4924 2203 4960 e
2227 4923 2347 4961 cor-

779 4990 1022 5056 poribus,
1066 4989 1387 5056 Beelzebub,
1455 5005 1507 5047 et
1538 4996 1788 5064 princeps
1857 4998 2250 5056 daemoniorum
2295 5007 2348 5052 et

781 5081 1290 5137 inaledicentissima
1324 5087 1570 5139 omnimn
1597 5089 1828 5153 audiret,
1861 5092 2062 5159 ejicere
2085 5107 2340 5160 perseve-

783 5177 958 5237 ralral,
991 5181 1044 5227 et
1073 5191 1238 5228 unum
1271 5175 1338 5230 de
1361 5178 1641 5247 discipulis
1667 5195 1695 5232 a
1722 5196 1779 5234 se
1804 5181 2095 5234 alienatum
2139 5191 2346 5234 tantum

783 5263 975 5326 abfuit,
1027 5275 1085 5318 ut
1105 5267 1272 5320 choro
1295 5269 1602 5336 expelleret,
1634 5281 1691 5324 ut
1719 5273 1880 5324 etiam
1908 5287 2012 5326 non
2047 5288 2207 5326 secus
2226 5289 2348 5326 eum

787 5371 855 5412 eo
886 5368 1212 5423 versaretur,
1231 5374 1394 5427 quam
1429 5362 1631 5414 versari
1657 5362 1890 5415 anticum
1913 5379 2034 5415 cum
2063 5365 2238 5418 amico
2262 5380 2354 5430 par

788 5459 892 5504 est.
925 5451 1129 5520 Captus
1185 5468 1399 5521 quoque
1438 5469 1562 5507 cum
1596 5454 1862 5509 homicida
1913 5459 2358 5522 communicavit,

789 5550 842 5593 et
861 5543 1225 5597 secretissima
1249 5545 1527 5611 proditori,
1553 5561 1754 5614 corpus
1769 5559 1823 5599 et
1842 5551 2158 5618 sanguinem
2181 5550 2358 5618 ipsum

791 5630 1065 5697 prmhuit:
1102 5641 1156 5687 et
1200 5634 1416 5688 tandem
1473 5651 1530 5691 se
1557 5637 2049 5705 complectentium,
2103 5641 2360 5697 osculan-

876 5811 918 5839 ""
954 5810 1110 5864 Ilchr.
1153 5831 1247 5875 xu,
1281 5815 1336 5866 1’.

2444 4633 2718 4700 ἐγκαλεῖν,
2754 4629 2848 4682 καὶ
2883 4627 3015 4696 παρ’
3041 4620 3115 4679 ὧν
3146 4625 3338 4676 ἔπειτα
3372 4623 3492 4682 ταῖς
3529 4620 3899 4688 εὐεργεσίαις,
3938 4611 4022 4679 αἷς

2445 4729 2545 4794 τὴν
2586 4723 2747 4791 φύσιν
2799 4718 3145 4790 ἐπηνώρθου,
3186 4715 3295 4767 τῶν
3330 4712 3623 4781 βασκάνων
3678 4708 4024 4776 ἐπιθεμένων

2447 4819 2544 4869 οὒκ
2583 4814 2781 4882 ἀνῆκεν
2807 4810 3120 4881 εὐεργετῶν
3151 4825 3164 4838 ο
3197 4806 3314 4858 ἀλλ’
3348 4806 3431 4857 ὃτι
3462 4804 3589 4865 τοὺς
3621 4801 3880 4868 δαίμονας
3909 4800 4023 4863 ἐξέο

2450 4908 2610 4960 ϐάλλε
2665 4905 2775 4956 τῶν
2823 4899 3132 4972 ἀνθρώπων
3192 4895 3524 4959 Βεελζεὸοὺλ
3588 4895 3683 4948 καὶ
3728 4893 4027 4961 δαιμονίων

2453 5003 2657 5070 ἄρχων,
2687 4995 2782 5049 καὶ
2813 4996 2878 5046 τά
2905 4992 3189 5046 δεινότατα
3222 4991 3441 5043 πάντων
3476 4985 3694 5039 ἀκούων
3719 4985 3876 5036 οὖδέν
3929 4978 4022 5054 ἦτ-

2456 5109 2546 5143 τον
2595 5087 2818 5158 ἣλαυνε,
2875 5086 2968 5137 καὶ
3011 5083 3120 5134 τῶν
3185 5079 3446 5149 μαθητῶν
3511 5077 3608 5129 ἕνα
3668 5076 3802 5144 πρὸς
3866 5077 4031 5128 αὑτὸν

2457 5180 2824 5249 διαφθαρέντα
2858 5174 3109 5229 τοσοῦτον
3141 5173 3382 5240 ἀπέσχεν
3417 5169 3674 5222 ἐκϐαλεῖν
3703 5168 3797 5220 τοῦ
3845 5168 4030 5235 χοροῦ,

2460 5275 2601 5327 ὥστε
2629 5272 2723 5324 καὶ
2767 5269 2950 5337 συνῆν,
2979 5265 3015 5318 ἃ
3047 5265 3288 5317 συνεῖναι
3323 5261 3499 5330 φίλοις
3545 5259 3712 5324 εἰκὸς,
3749 5259 3846 5312 καὶ
3888 5260 4032 5313 ἀλῶν

2461 5365 2733 5418 ἐκοινώνει
2760 5360 2836 5427 τῷ
2861 5359 3117 5426 φονευτῇ,
3144 5356 3239 5406 καὶ
3254 5353 3363 5404 τῶν
3395 5351 3730 5421 ἀπορρήτων
3764 5350 3843 5416 τῷ
3896 5368 4030 5420 προ⁹

2456 5457 2606 5525 δὸτῃ,
2645 5455 2738 5505 καὶ
2767 5450 2876 5506 τῶν
2906 5448 3154 5516 αἱμάτων
3176 5443 3378 5502 αὐτῶν,
3434 5444 3531 5495 καὶ
3560 5440 3876 5514 τελευταῖον
3901 5455 4038 5508 παρο

2460 5549 2583 5616 έσχε
2637 5542 2949 5611 περιϐαλεῖν
3008 5539 3101 5590 καὶ
3133 5535 3382 5602 φιλῆσαι,
3431 5534 3524 5586 καὶ
3570 5531 3640 5583 τά
3681 5530 3782 5599 μὲν
3817 5533 4034 5586 πάντων

2459 5637 2756 5693 καινότσιτα
2786 5631 3074 5700 ἐτολμᾶτο.
3117 5624 3293 5694 ’Υπὲρ
3321 5617 3397 5677 ῶν
3427 5622 3491 5677 εὖ
3523 5622 3851 5691 πεποίηκεν,
3900 5623 4032 5673 ἀπέ-
