4262 6460
741 406 847 474 671

2003 403 2314 466 NICOLAI
2355 399 2615 460 CAllASl
2630 397 2740 458 UE

3897 386 4001 455 672

744 517 948 579 missis,
976 517 1058 570 sic
1086 532 1209 569 eum
1251 518 1566 578 honoravit,
1595 526 1647 569 et
1700 532 2022 585 congressus
2072 526 2318 569 amanter
2350 516 2393 569 Λ
2422 529 2427 543 ‘

2350 516 2393 569 Λ
2422 513 2529 563 τῶν
2558 510 2732 562 ἄλλων
2762 506 2929 575 αὐτῷ,
2989 506 3080 558 καὶ
3115 504 3288 575 ταύτῃ
3312 504 3551 573 τιμήσας
3597 506 3624 556 ό
3664 503 3720 556 δὲ
3749 504 3843 556 καὶ
3883 520 4004 556 συν-

742 610 1057 676 appellavit,
1090 619 1143 662 et
1176 624 1305 661 num
1334 610 1401 661 ab
1426 624 1491 661 eo
1520 612 1662 675 plus,
1686 624 1846 677 quant
1875 609 1943 661 al)
1989 610 2112 662 aliis
2146 608 2335 670 dilige—

742 708 894 750 retur
929 704 1315 766 percunctatus
1354 704 1456 749 est.
1492 694 1738 763 Cumque
1780 694 1973 750 Petrus
2016 696 2328 765 respondis-

743 798 845 848 set,
879 804 938 841 se
971 787 1215 854 diligere,
1246 788 1424 839 adhuc
1446 787 1609 839 "idem
1663 788 1988 857 interrogat:
2036 804 2104 841 au
2130 789 2334 856 'itoqne

742 880 959 942 iterum,
997 895 1016 928 ι
1044 879 1181 930 Amo
1209 889 1260 931 te
1287 879 1353 941 °°,
1389 896 1407 928 ι
1440 878 1622 931 denuo
1640 880 1835 946 quaerit
1868 895 1935 932 an
1970 880 2038 933 ab
2069 880 2187 947 ipso
2211 880 2334 932 dili-

741 980 919 1032 gatur.
952 969 1128 1033 Atque
1157 978 1213 1022 ut
1234 970 1363 1021 mihi
1395 970 1626 1028 videtur,
1677 972 2018 1039 quaesivisset
2064 971 2331 1033 crebrius,

743 1062 845 1131 nisi
884 1061 1078 1115 Petrus
1104 1062 1466 1115 contristatns
1495 1064 1819 1129 respondere
1840 1072 2165 1125 recusasset,
2188 1062 2331 1131 quod

740 1147 787 1203 ’ς
823 1153 914 1219 qui
952 1164 1136 1205 nosset
1167 1153 1373 1213 omnia,
1404 1153 1468 1205 ad
1492 1156 1929 1222 cognoscendum
1959 1170 2197 1205 amorem
2246 1153 2330 1205 sui

743 1244 909 1294 multa
946 1243 1111 1295 verba
1143 1243 1402 1308 exigeret.
1437 1242 1760 1309 Quanquam
1795 1244 1895 1297 ista
1934 1260 2031 1297 nec
2093 1245 2329 1297 amicum

744 1334 1064 1396 ignorantis,
1094 1346 1189 1385 nec
1221 1333 1563 1398 ignmantvtn
1599 1348 1655 1385 se
1688 1332 1939 1400 fingentis
1987 1341 2176 1396 ciant;
2198 1348 2332 1399 quo-

744 1439 861 1473 tum
901 1424 1128 1475 alterum
1158 1420 1351 1476 fuisset
1375 1440 1579 1485 errare,
1615 1429 1843 1476 alterum
1877 1423 2152 1492 decipere,
2200 1440 2333 1477 ncu-

745 1521 886 1562 trtnn
922 1511 1150 1566 sincera:
1180 1514 1444 1566 Vt‘lllalls.
1480 1512 1584 1567 Sed
1639 1515 1856 1567 volebat
1883 1514 1963 1567 sic
2016 1515 2326 1578 ostendere,

742 1620 801 1656 se
836 1602 1049 1672 injuriae
1101 1615 1321 1672 propter
1376 1607 1557 1673 priora
1616 1614 1771 1673 pacta
1800 1616 2109 1675 contempta
2169 1608 2326 1674 plane

744 1696 995 1759 oblitum,
1028 1712 1136 1748 non
1166 1698 1312 1749 enim
1348 1697 1529 1751 denuo
1560 1712 1623 1753 ea
1652 1699 1975 1767 postulasset
2003 1716 2019 1753 :
2052 1699 2198 1768 quod
2228 1700 2328 1753 init

744 1804 982 1842 antorem
1019 1789 1071 1842 in
1102 1786 1263 1842 Petro
1312 1793 1630 1855 accendere,
1663 1790 1755 1857 qui
1782 1791 1894 1859 jam
1931 1793 2321 1861 propemodum

744 1880 1216 1947 exstinguebatur.
1250 1880 1396 1934 Talia
1427 1882 1571 1935 enim
1627 1884 1893 1936 sciscitari
1918 1893 1970 1936 et
1999 1884 2063 1936 ad
2095 1884 2218 1935 talia
2249 1898 2333 1937 re-

751 1971 1070 2039 spondenda
1112 1987 1428 2039 provocare,
1472 1974 1536 2026 ad
1567 1974 1861 2027 amicitiam
1897 1974 2015 2043 plus
2072 1976 2331 2029 omnibus

746 2061 911 2125 valet,
940 2072 994 2116 et
1023 2079 1204 2117 rerum
1239 2065 1304 2118 ad
1333 2082 1574 2119 antorem
1607 2066 1994 2135 pertinentium
2066 2069 2329 2122 memoria

746 2163 907 2221 atque
932 2169 1112 2207 sermo
1131 2169 1234 2208 non
1251 2158 1424 2209 solum
1448 2157 1744 2213 amicitiam
1763 2174 1981 2229 augere,
2010 2160 2106 2215 sed
2124 2170 2177 2213 et
2201 2175 2332 2212 tton-

752 2246 880 2298 dum
915 2255 1218 2300 exstantem
1251 2264 1513 2316 generare
1536 2251 1732 2318 potuit.
1764 2252 2073 2320 Atqucltzec
2108 2250 2328 2320 quidem

748 2337 1061 2405 huiusmodi
1093 2351 1279 2395 sunto.

822 2512 1072 2568 Salvator
1103 2530 1232 2584 ergo
1280 2516 1423 2569 hunc
1473 2517 1523 2569 in
1556 2518 1775 2570 modum
1832 2517 1882 2569 in
1913 2518 2174 2586 operibus
2207 2519 2328 2571 suis

752 2608 833 2658 ira
874 2608 1084 2659 vacavit
1127 2624 1140 2661 ;
1195 2622 1304 2675 quo
1351 2608 1600 2669 docente,
1635 2617 1688 2661 et
1743 2609 1890 2678 leges
1939 2612 2163 2673 ferente,
2194 2610 2327 2678 quid

754 2698 946 2751 mitius
976 2712 1040 2751 ac
1069 2697 1283 2751 lenius?
1327 2699 1470 2751 Sane
1500 2710 1555 2751 et
1604 2715 1791 2768 preces
1831 2702 1999 2769 ipsas,
2029 2710 2081 2754 et
2114 2699 2327 2754 sacrifi-

754 2791 899 2843 cium
935 2806 1040 2843 non
1099 2806 1156 2844 se
1197 2791 1571 2845 admissurum
1606 2793 1702 2856 ait,
1738 2794 1781 2845 si
1828 2808 1951 2845 cum
2004 2795 2082 2846 ira
2111 2802 2205 2845 aut
2236 2808 2326 2845 sa-

754 2881 1085 2947 crilicemus,
1114 2891 1207 2934 aut
1238 2897 1544 2951 precemur,
1582 2893 1635 2935 et
1661 2884 2042 2937 remissionem
2074 2895 2329 2952 peccato-

756 2986 901 3030 rum.
935 2988 1225 3026 commune
1272 2974 1527 3028 omnibus
1571 2974 1800 3037 donum,
1846 2975 1989 3043 quod
2040 2989 2225 3028 secum
2264 2976 2331 3028 de

756 3064 897 3117 uelo
935 3066 1261 3133 apportatit.
1310 3074 1501 3119 mutuo
1528 3065 1895 3121 irascentibus
1923 3083 2202 3137 nunquam
2233 3069 2330 3121 da-

2438 602 2609 654 ελιιὼν
2665 600 2733 650 τὰ
2792 597 2985 665 φιλικᾶ
3047 596 3297 664 διελέχθη
3369 598 3466 648 καὶ
3520 595 3852 647 πυνθάνεται
3916 595 4005 648 τὸν

2435 694 2635 746 ἑαυτοῦ
2671 692 2858 750 πόθον,
2909 692 2956 741 εί
3006 688 3268 758 μείζωνῆ
3311 692 3461 754 παρὰ
3512 689 3627 750 τοῖς
3673 687 3859 747 ἄλλοις
3900 686 4005 738 τῶν

2435 784 2669 852 ἑταίρων
2721 784 2868 834 ἐστὶν
2896 783 2952 831 ἐν
2990 779 3161 848 αὐτῷ.
3216 780 3325 831 Καὶ
3379 778 3475 831 τοῦ
3547 778 3754 847 Πέτρου
3818 778 4000 845 φιλεῖν

2436 879 2676 938 εἰπόντος
2710 876 2787 928 ἔτι
2817 875 2983 927 ταὺτὸ
3018 873 3368 934 πυνθάνεται,
3417 872 3608 934 καὶτξι,
3646 891 3664 922 t
3692 871 3834 923 Φιλῶ
3867 886 3951 929 σε,
3982 889 3999 921 ι

2436 971 2598 1023 πάλιν
2627 970 2893 1028 ἀκούσας,
2913 967 3147 1036 άνείρετ’
3176 960 3331 1026 αὖθις
3355 966 3401 1017 εί
3426 964 3651 1028 φιλοῖτο,
3685 963 3778 1014 καὶ
3812 963 3913 1014 οὐκ
3940 960 4007 1012 ἂν

2434 1062 2558 1129 ἐμοὶ
2582 1061 2758 1113 δοκεῖν
2792 1059 3015 1127 ἐρωτῶν
3046 1056 3217 1125 ἀνῆκε
3240 1114 3258 1128 ⁹
3280 1054 3565 1114 πολλάκις,
3598 1054 3647 1105 εξ
3691 1052 3766 1121 μὴ
3796 1052 4001 1120 Πέτρος

2434 1151 2667 1201 ἀπεῖπεν
2730 1147 3000 1210 ἀνιαθεὶς,
3033 1149 3079 1198 εί
3110 1147 3243 1215 πρὸς
3294 1146 3355 1197 τὸ
3395 1145 3588 1211 μαθεῖν
3640 1145 3723 1195 ὃτι
3774 1141 4003 1209 φιλοίτο,

2434 1240 2645 1293 πολλῶν
2683 1240 2858 1293 δέοιτο
2900 1239 3077 1307 λόγων
3132 1240 3314 1289 πάντα
3368 1233 3547 1298 εἰδώς.
3586 1235 3781 1286 Καίτοι
3826 1232 4000 1285 ταῦτα

2433 1328 2498 1403 ἦν
2541 1308 2663 1384 σῦτε
2715 1332 2804 1383 τὸν
2851 1331 3004 1398 φίλον
3028 1329 3355 1396 ἀγνοοῦντος
3400 1326 3526 1379 οὔτε
3578 1326 3668 1379 τὸν
3699 1325 4003 1392 ἀγνοοῦντα

2433 1424 2806 1492 πλαττομένου
2840 1465 2853 1486 ,
2912 1422 2973 1474 τὸ
3026 1422 3122 1489 μὲν
3181 1420 3288 1488 γὰρ
3341 1415 3410 1489 ἦν
3467 1416 3797 1481 πλανᾶσθαι,
3859 1418 3919 1469 τὸ
3965 1417 4010 1468 δ’

2429 1514 2685 1582 ἀπατᾷν,
2747 1506 2821 1564 ὧν
2899 1511 3179 1578 οὐδέτερον
3269 1508 3369 1578 τῆς
3456 1505 3788 1574 εἰλικρινοῦς
3880 1506 4011 1563 ὀλη-

2431 1608 2581 1668 θείας
2634 1624 2647 1636 ·
2711 1605 2850 1660 ἀλλὰ
2903 1604 3061 1657 τοῦτο
3117 1605 3216 1671 μὲν
3272 1603 3451 1655 ἐκεῖνο
3507 1600 3811 1658 δεικνύντος
3864 1614 3877 1626 '
3932 1599 4007 1655 ὡς

2428 1701 2488 1754 οὑ
2524 1699 2876 1769 μνησικακῶν
2932 1698 3014 1758 εἰη
3069 1696 3177 1748 τῶν
3234 1692 3514 1762 προτέρων
3567 1690 3871 1760 ὁμολογιῶν
3912 1706 4009 1739 πε-

2433 1792 2783 1859 πατημένων,
2838 1789 2899 1840 οῦ
2952 1788 3061 1856 γὰρ
3108 1787 3174 1838 ἂν
3228 1786 3408 1854 ἐζήτει
3439 1785 3721 1853 δευτέραςο
3756 1781 3917 1834 τοῦτο
3952 1781 4007 1832 δὲ

2432 1882 2495 1932 τὸ
2523 1878 2745 1949 φίλτρον
2767 1878 3103 1937 άνάπτοντος
3152 1876 3232 1941 τῷ
3284 1876 3478 1943 Πέτρῳ
3512 1873 3873 1926 κινδυνεῦσαν
3905 1872 4009 1939 ἤδη

2433 1970 2732 2037 σϐεσθῆναι
2797 1971 3021 2039 μικροῦ.
3058 1968 3133 2020 Τὸ
3160 1968 3272 2036 γὰρ
3314 1967 3568 2028 τοιαύτας
3625 1966 3723 2034 μὲν
3782 1964 4009 2024 πεύσεις

2434 2061 2756 2129 προσάγειν,
2808 2062 2946 2129 πρὸς
3002 2059 3258 2122 τοιαύτας
3286 2060 3340 2111 δὲ
3377 2058 3726 2127 παρακαλεῖν
3772 2059 4007 2127 ἀποκρί-

2436 2173 2567 2217 σεις,
2604 2154 2743 2225 πρὸς
2774 2154 3022 2223 ἑταιρίαν
3084 2153 3284 2216 παντὸς
3344 2152 3567 2205 δύναται
3630 2152 3854 2221 μᾶλλον,
3914 2151 4010 2205 καὶ

2436 2250 2626 2318 μνήμη
2660 2249 2769 2300 τῶν
2805 2246 3038 2318 φιλικῶν
3072 2248 3167 2300 καὶ
3217 2248 3277 2301 τὺ
3324 2248 3454 2318 περὶ
3486 2247 3699 2302 τούτων
3747 2266 3798 2299 τι
3827 2247 4012 2314 λέγειν

2430 2343 2531 2409 οὐχ
2556 2341 2680 2392 ὅσον
2711 2340 2883 2408 μείζω
2936 2340 3237 2408 πεποίηκεν
3292 2334 3482 2405 οὖσαν,
3540 2339 3678 2393 ἀλλά
3712 2340 3804 2394 καὶ
3839 2341 4011 2410 μήπω

2434 2435 2612 2500 φῦσαν
2644 2431 2877 2499 ἐδυνήθη
2914 2435 3114 2486 τεκεῖν.
3148 2427 3297 2485 Εἶεν.

2503 2522 2660 2575 Οῦτω
2684 2522 2784 2591 μὲν
2811 2516 2905 2575 οὖν
2940 2524 2969 2573 ὁ
3000 2521 3189 2590 Σωτὴρ
3222 2524 3313 2574 ἐπὶ
3346 2522 3455 2575 τῶν
3503 2522 3682 2591 ἔργων
3729 2523 4009 2575 ἐκϐάλλων

2433 2612 2682 2681 φαίνεται
2711 2611 2808 2681 τὴν
2836 2611 3011 2682 ὀργήν
3038 2625 3050 2637 ·
3083 2610 3396 2663 διδάσκοντι
3417 2611 3471 2663 δὲ
3495 2615 3589 2664 καὶ
3620 2611 4008 2678 νομοθετοῦντι

2433 2700 2521 2772 ἄρ’
2554 2704 2700 2755 ἔστιν
2732 2702 2760 2753 δ
2804 2702 2911 2771 πρὸ
2967 2704 3065 2770 τῆς
3125 2702 3434 2770 πραότητός
3495 2702 3645 2754 ἐστιν
3679 2686 3864 2771 αῦτῷς
3899 2704 4009 2753 Καὶ

2432 2794 2541 2859 γὰρ
2572 2794 2663 2844 καὶ
2720 2790 3030 2861 προσευχὴν
3062 2791 3234 2859 αὐτὴν
3270 2791 3363 2844 καὶ
3398 2790 3594 2843 θυσίαν
3625 2792 3700 2860 μὴ
3734 2792 3800 2843 ἂν
3842 2809 4014 2861 προσ·

2433 2886 2586 2936 ἐσθαι
2614 2885 2799 2952 φησὶν,
2853 2883 2919 2951 ἢν
2961 2882 3191 2951 ὀργίλως
3219 2882 3437 2952 ἔχοντες
3462 2883 3490 2951 ἢ
3519 2884 3739 2952 θύωμεν
3763 2885 3795 2952 ἦ
3840 2902 4017 2954 προσ·-

2436 2974 2750 3045 εῦχώμεθα,
2787 2974 2881 3026 καλ⁸
2926 2975 3123 3041 ἄφεσιν
3159 2975 3473 3042 ἁμαρτιῶν,
3516 2976 3577 3026 τὸ
3610 2976 3788 3027 κοινὸν
3842 2978 4015 3029 ἅπασι

2431 3069 2604 3140 δῶρον
2636 3068 2686 3137 (ὃ
2720 3067 2967 3137 κομίζων
2997 3061 3133 3138 ἧκεν
3161 3065 3221 3129 ἐξ
3265 3064 3544 3134 οὐρανοῦ),
3568 3069 3681 3129 τοῖς
3710 3067 3855 3137 ὑπὲρ
3888 3069 4019 3119 ἑαυο

759 3164 980 3217 ιυι·υω;
1012 3156 1229 3209 tametsi
1259 3171 1475 3209 onmem
1511 3157 1742 3225 lapidem
1775 3173 2112 3222 moveamus,
2148 3169 2201 3214 ct
2229 3159 2329 3213 ﬂu-
2359 3173 2401 3229 ο
2438 3181 2442 3191 ·

2359 3173 2401 3229 c
2438 3162 2544 3214 τῶν
2571 3159 2944 3231 ὀργιζομένοις
2976 3158 3175 3212 οὔποτε
3199 3156 3417 3222 δώσειν,
3474 3158 3578 3209 κᾶν
3627 3158 3766 3227 ὑπὲρ
3820 3158 4016 3210 τούτου

756 3244 906 3300 mina
965 3248 1229 3302 sudorutn
1293 3250 1769 3319 lacrymarutnque
1840 3250 2174 3315 fundamus,
2229 3252 2330 3306 etsi

758 3340 939 3407 ipsum
986 3356 1185 3410 corpus
1220 3342 1400 3412 gladio
1435 3352 1489 3396 et
1533 3341 1643 3411 igni
1692 3342 2021 3409 objiciamus
2047 3336 2118 3397 ⁶’¹.
2169 3342 2329 3397 Tanti

761 3433 890 3487 fecit
921 3433 1009 3487 ille
1042 3434 1549 3497 mansuetudinem;
1598 3444 1651 3487 et
1680 3435 1772 3503 qui
1807 3435 1923 3502 ejus
1958 3437 2121 3488 vitam
2161 3436 2334 3489 medi-

763 3533 969 3588 tantur,
1000 3539 1095 3579 eos
1127 3526 1200 3580 ita
1239 3527 1423 3580 mitem
1473 3527 1718 3581 animum
1749 3543 1877 3596 erga
1927 3543 2024 3581 eos
2056 3544 2085 3581 a
2132 3526 2334 3598 quibus

760 3618 955 3672 offensi
1005 3628 1155 3681 sunt,
1205 3636 1394 3689 gerere
1426 3636 1642 3689 aequum
1671 3604 1774 3674 est.
1814 3620 1967 3687 Quod
1999 3622 2162 3674 etiam
2194 3622 2335 3677 indi-

760 3726 893 3764 rans
924 3728 937 3762 :
970 3709 1025 3764 Si
1080 3727 1254 3764 meam
1298 3712 1772 3768 mansuetudinem
1828 3713 2084 3777 nossetis,
2136 3714 2332 3781 inquit,

760 3803 922 3855 etiam
970 3818 1065 3854 cor
1092 3814 1334 3856 vestrum
1373 3813 1809 3858 mansucsceret.
1853 3823 1871 3856 ι
1916 3805 2118 3859 Discite
2150 3821 2179 3858 a
2222 3820 2335 3869 me,

763 3896 857 3955 ait,
890 3894 1017 3961 quia
1051 3894 1202 3946 mitis
1230 3910 1375 3955 sum,
1403 3904 1457 3948 et
1479 3893 1704 3949 humilis
1734 3896 1920 3961 corde,
1955 3906 2010 3949 et
2040 3896 2336 3950 invenietis

764 3986 1003 4055 requiem
1034 3986 1322 4041 animabus
1354 3987 1547 4041 vestris
1572 3987 1639 4042 “.
1677 4005 1695 4038 ι

836 4159 1097 4214 Prmterea
1131 4162 1209 4216 sic
1230 4162 1604 4218 meditationis
1629 4163 1696 4217 dc
1720 4163 1939 4217 Christo
1967 4166 2337 4220 mansuetudo

767 4255 991 4306 materia
1028 4254 1139 4307 lict.
1188 4252 1305 4307 Non
1340 4264 1515 4323 potest
1567 4256 1711 4307 enim
1759 4269 1930 4309 sacra
1963 4272 2165 4311 mensa:
2196 4257 2338 4313 desi-

770 4346 949 4410 derio,
997 4355 1053 4400 et
1107 4362 1294 4401 amore
1343 4364 1451 4401 non
1506 4348 1750 4411 incendi,
1782 4350 1959 4417 quiin
2015 4350 2336 4420 ltujusmodi

767 4439 1191 4505 regitationibus
1230 4440 1397 4493 vitant
1446 4442 1721 4495 consumit
1755 4459 1768 4495 :
1805 4457 1967 4510 quam
2001 4458 2126 4497 cum
2174 4444 2337 4497 cuili-

2436 3253 2611 3305 πάντα
2664 3250 2930 3319 ποιῶμεν,
2982 3249 3085 3302 κᾶν
3138 3249 3422 3316 ποταμοὺς
3473 3248 3716 3316 ἱδρώτων
3766 3246 3865 3298 καὶ
3915 3248 4015 3298 δα-

2437 3346 2622 3414 κρύων
2648 3345 2885 3412 χὲωμεν,
2922 3340 3026 3393 κᾶν
3058 3339 3189 3393 αὐτὸ
3224 3339 3369 3406 ξίφει
3422 3338 3517 3391 καὶ
3552 3338 3687 3407 πυρὶ
3716 3337 4019 3407 προδῶμεν

2435 3435 2494 3483 τὸ
2525 3432 2703 3499 σῶμα.
2735 3428 3003 3482 Τοσούτου
3034 3429 3186 3488 τινὸς
3220 3428 3371 3494 ἄγων
3406 3426 3662 3495 φαίνεται
3694 3429 4015 3497 πραότητα,

2438 3513 2534 3576 καῖ
2559 3521 2733 3583 οῦτως
2763 3519 3060 3573 ἀκόλουθον
3109 3522 3233 3581 τοὺς
3262 3519 3328 3571 τά
3353 3519 3566 3571 ἐκείνου
3620 3518 4017 3587 λογιζομένους

2436 3615 2533 3681 τὴν
2592 3611 2816 3682 καρδίαν
2865 3611 3003 3681 πρὸς
3035 3610 3163 3671 τοὺς
3214 3608 3485 3671 άνιῶντας
3535 3609 3745 3678 ἥμερον
3794 3608 4025 3678 ἔχειν,δ

2436 3706 2529 3759 καὶ
2549 3706 2786 3770 δεικνὺς,
2814 3704 2917 3756 “Av
2941 3702 3041 3771 ἐμὲ
3060 3701 3256 3770 γνῶτε,
3280 3702 3468 3770 φησιν,
3498 3700 3646 3761 ὅπως
3672 3703 4025 3771 ἡμερότητος

2436 3799 2563 3867 ἔχω,
2590 3796 2683 3849 καὶ
2713 3796 2841 3865 ὑμῖν
2872 3795 3181 3864 κατασταίη
3224 3796 3254 3861 ἠ
3285 3793 3505 3862 καρδία.
3545 3810 3565 3843 ι
3602 3793 3831 3846 Μάθετε
3884 3795 4023 3863 γάρ,

2436 3893 2623 3959 φησὶν,
2656 3888 2750 3942 ἀπ’
2798 3886 2958 3955 ιμοῦ,
3012 3887 3094 3939 ὅτι
3132 3885 3307 3954 πρᾶός
3371 3884 3495 3952 εἰμι’
3522 3884 3616 3936 καὶ
3646 3886 3910 3948 ταπεινὸς
3954 3889 4022 3954 τῇ

2438 3983 2669 4051 καρδία,
2737 3982 2832 4033 καὶ
2908 3980 3178 4049 εὑρήσετε
3248 3976 3558 4031 ἀνάπαυσιν
3620 3980 3741 4039 ταῖς
3821 3978 4027 4047 ψυχαῖς

2438 4076 2615 4145 ὑμῶν.
2649 4094 2667 4126 ι

2512 4168 2634 4220 Ἔτι
2663 4167 2719 4220 δὲ
2751 4166 2845 4218 καὶ
2886 4165 3035 4218 τόνδε
3064 4165 3155 4217 τδν
3180 4165 3382 4234 τρόπον
3421 4168 3521 4234 τῆς
3568 4164 3703 4231 περὶ
3752 4164 3849 4218 τοῦ
3881 4166 4025 4233 Χρι-

2440 4260 2567 4312 στοῦ
2606 4258 2839 4328 μελέτης
2874 4261 2906 4327 ἡ
2938 4258 3184 4327 πραότης
3212 4257 3410 4325 γένοιτ’
3440 4258 3507 4309 ἂν
3538 4256 3722 4327 ἔργον.
3759 4255 3871 4319 Τῆς
3917 4260 4022 4323 μὲν

2439 4353 2545 4419 γὰρ
2590 4351 2740 4421 ἱερᾶς
2777 4347 3057 4422 τραπέζης
3105 4349 3319 4419 ἀνάγκη
3356 4348 3545 4401 λαϐεῖν
3597 4348 3777 4415 ἔρωτα
3828 4349 3924 4401 τὸν
3972 4350 4030 4399 ἐν

2440 4442 2651 4502 τούτοις
2678 4441 2857 4506 ζῶντα
2881 4442 2991 4503 τοῖς
3028 4440 3311 4509 λογισμοῖς
3334 4455 3348 4469 ·
3383 4439 3589 4505 ταύτης
3637 4439 3694 4491 δὲ
3743 4440 3847 4494 οῦκ
3903 4439 4028 4502 ἐξὸν

770 4528 857 4584 bet
888 4530 1213 4600 injuriarum
1263 4534 1489 4585 tnemori
1532 4535 1849 4601 contingere
1892 4534 2046 4589 nefas
2085 4537 2178 4598 sit,
2207 4537 2342 4591 ι’εεί-
2366 4506 2453 4585 Di

2366 4506 2419 4566 Β
2442 4540 2730 4606 τυγχάνειν
2777 4506 3219 4605 μνησικακοῦντα
3252 4536 3387 4605 πρὸς
3414 4534 3599 4586 πᾶσαν
3630 4535 3823 4604 όργην,
3872 4528 4030 4595 οὗτος

768 4632 873 4675 stet
924 4622 1041 4684 ira,
1074 4630 1129 4678 et
1166 4623 1236 4677 ab
1263 4625 1390 4679 odio
1433 4640 1625 4693 puram
1676 4628 1914 4681 servabit
1949 4630 2212 4684 animam.
2241 4628 2339 4685 llic

768 4715 910 4766 enim
947 4715 1172 4783 Sanguis
1203 4716 1268 4768 ad
1302 4718 1807 4773 reconciliationem
1844 4736 1871 4772 a
1910 4722 2178 4790 principio
2210 4722 2340 4776 effu-

769 4820 887 4868 sus,
938 4808 1129 4861 merito
1168 4809 1463 4863 iracundia:
1509 4811 1793 4881 furorique
1843 4814 2147 4868 servientes
2183 4831 2340 4869 aver-

770 4906 945 4949 Satur.
982 4897 1047 4950 Et
1075 4914 1388 4967 quanquam
1422 4902 1485 4953 ad
1519 4902 1734 4956 Patrem
1773 4904 2028 4959 clamavit
2056 4922 2220 4973 super
2256 4906 2341 4959 itt-

774 4984 1179 5050 terl'ectoribus,
1207 4992 1351 5043 sicut
1376 4991 1561 5045 Abelis
1598 4994 1823 5059 sanguis
1856 5013 1881 5045 a
1912 4996 2084 5049 Caino
2109 4995 2340 5061 effusus,

775 5089 882 5127 non
926 5086 1107 5131 tamen
1139 5080 1281 5143 apud
1316 5097 1439 5134 eum
1467 5084 1764 5139 sceleratos
1803 5086 2104 5149 accusavit,
2134 5102 2251 5149 nee,
2288 5099 2346 5142 ut

776 5165 892 5228 ille,
950 5168 1017 5221 de
1080 5168 1245 5223 fratre
1277 5172 1568 5227 vindictam
1622 5179 1906 5243 poposcit;
1963 5180 2095 5244 quin
2155 5189 2344 5234 contra

778 5257 1035 5324 absolvit,
1085 5269 1141 5315 et
1176 5275 1270 5315 vos
1302 5262 1471 5319 occisi
1522 5265 1738 5318 veniam
1784 5266 2126 5320 occisoribus
2158 5270 2346 5322 conci-

781 5349 956 5405 liavit.

855 5438 995 5507 Quin
1042 5445 1204 5496 etiam
1252 5447 1705 5501 excellentissime
1748 5448 2014 5514 justitiam
2076 5451 2352 5517 excolunt,

784 5536 878 5602 qui
931 5537 983 5588 itt
1038 5537 1121 5590 his
1170 5542 1724 5593 commentationibus
1788 5552 1919 5595 sunt
1968 5543 2171 5595 assidui
2223 5561 2235 5595 :
2285 5559 2348 5596 ex

785 5627 988 5696 quibus
1038 5638 1261 5698 apparet
1295 5631 1481 5684 mundi
1537 5632 1824 5687 Dominum
1864 5635 1999 5688 adeo
2052 5637 2351 5691 Itonorasse

870 5816 913 5842 “‘
944 5821 1103 5865 toan.
1140 5826 1245 5872 xxi,
1282 5812 1348 5865 15
1368 5827 1521 5881 seqq.

1598 5814 1638 5843 ⁶¹
1677 5815 1862 5873 Matth.
1899 5832 1947 5881 v,
2000 5813 2091 5881 ‘23,
2127 5814 2224 5883 24,
2262 5833 2419 5883 xmt,
2449 5815 2540 5882 2i,
2580 5816 2668 5869 35.

2446 4631 2700 4697 στήσεται
2723 4629 2814 4682 καὶ
2839 4628 3029 4695 μίσους
3062 4627 3292 4695 τηρήσει
3322 4624 3574 4695 καθαρὰν
3590 4622 3689 4691 τὴν
3722 4622 3926 4691 ψυχήν.
3956 4622 4033 4674 Τὸ

2445 4722 2553 4789 γὰρ
2586 4715 2721 4788 αἷμα
2748 4718 2907 4773 τοῦτο
2938 4720 3073 4785 πρὸς
3098 4717 3398 4783 διαλλαγάς
3425 4717 3582 4786 χεοὲν
3614 4714 3675 4779 ἐξ
3715 4715 3890 4782 ἀρχῆς
3927 4714 4032 4768 οὐκ

2447 4812 2717 4880 ἀνάσχοιτ’
2746 4810 2810 4862 ἂν
2837 4809 3065 4869 δικαίως
3102 4808 3210 4859 τῶν
3239 4809 3377 4878 ὀργῇ
3406 4812 3501 4860 καὶ
3532 4806 3693 4874 θυμῷ
3736 4805 4032 4857 δουλευόν-

2448 4921 2591 4957 των*
2612 4907 2663 4956 εἰ
2697 4903 2804 4973 γάρ
2843 4906 2935 4955 καὶ
2960 4902 3147 4968 φωνὴν
3177 4902 3314 4970 πρὸς
3367 4903 3459 4953 τὸν
3492 4900 3706 4968 Πατέρα
3756 4898 3888 4964 περὶ
3924 4896 4034 4950 τῶν

2454 4996 2749 5063 μιαιφόνων
2774 4994 2978 5062 ἀφῆκε,
2999 4994 3251 5063 καθάπερ
3276 4992 3517 5045 τδἊόελ
3539 4988 3679 5058 αἷμα
3708 4987 3884 5057 χιθὲν,
3909 4987 4028 5039 ἀλλ’

2450 5091 2548 5140 οῦκ
2565 5088 2842 5155 ἐγράψατο
2869 5087 2998 5155 παρ’
3018 5084 3169 5153 αὐτῷ
3195 5086 3322 5146 τοὺς
3347 5083 3704 5151 ἠδικηκότας,
3732 5080 3851 5132 οὐδὲ
3876 5079 4033 5141 δίκας

2453 5182 2753 5249 ἀπῄτησεν,
2789 5179 2978 5247 ὥσπερ
3008 5179 3220 5239 ἐκεῖνος
3241 5176 3334 5228 τὸν
3356 5173 3606 5242 ἀδελφὸν,
3644 5176 3733 5225 καὶ
3759 5173 3864 5242 γάρ
3893 5176 4033 5224 άπε-

2453 5272 2629 5336 λύετο,
2680 5273 2773 5323 καὶ
2805 5272 2835 5337 ἡ
2877 5271 2970 5321 τοῦ
3006 5269 3309 5337 σφαγέντος
3341 5266 3495 5337 φωνὴ
3555 5264 3891 5333 συγγνώμην
3921 5258 4033 5331 εἶχε

2450 5366 2562 5423 τοῖς
2591 5364 2899 5427 φονευταῖς.

2527 5452 2647 5506 Ἔτι
2704 5453 2761 5503 δὲ
2804 5453 2894 5504 καὶ
2960 5448 3310 5517 δικαιοσύνης
3364 5450 3593 5519 ἐργάται
3654 5448 4031 5517 διαφερόντως

2455 5543 2711 5596 ἁπάντων
2741 5543 2787 5593 οἱ
2847 5547 2982 5610 μετὰ
3035 5541 3237 5593 τούτων
3265 5540 3465 5604 ζῶντες
3503 5540 3611 5591 τῶν
3635 5540 3939 5608 λογισμῶν,
3982 5542 4039 5591 ἰν

2462 5630 2540 5694 οἷς
2568 5636 2594 5686 ό
2634 5636 2724 5685 τοῦ
2762 5635 2962 5703 κόσμου
3004 5633 3283 5699 Δεσπότης
3332 5631 3475 5685 οὕτω
3524 5631 3773 5699 φαίνεται
3796 5638 4045 5701 τιμήσας

2748 5812 2790 5845 ⁸⁷
2839 5813 3019 5869 Matth.
3056 5830 3130 5879 ιι,
3166 5813 3258 5869 29.
