4262 6460
276 406 386 470 673

1307 411 1400 468 DE
1446 413 1614 469 VITA
1662 413 1737 470 1N
1782 412 2116 473 CllRlSTO
2175 418 2320 476 LIB.
2362 418 2456 478 Vl.

3385 427 3492 487 674

273 517 643 586 δικαιοσύνην,
693 517 829 570 ὥστε
867 520 1002 587 μετὰ
1054 519 1159 570 τῶν
1216 520 1413 572 δούλων
1438 518 1504 590 ἦν
1537 522 1696 590 (μετὰ
1726 523 1832 572 τῶν

1872 527 1909 580 Δ
1935 521 2224 589 justitiam,
2265 535 2320 578 ut
2361 540 2674 584 versaretur
2719 545 2844 584 cum
2877 531 3069 592 servis.
3101 546 3223 586 cum
3269 534 3495 588 danina-

276 608 668 677 κατακρίτων),
731 610 866 674 μετὰ
912 610 1019 661 τῶν
1082 615 1486 681 σφαττομένων,
1545 615 1679 682 μετὰ
1733 614 1838 666 τῶν

272 700 505 766 νεκρῶν,
543 701 628 751 ἵνα
666 702 798 752 πᾶσι
834 701 894 754 τὸ
932 701 1136 753 δίκαιον
1202 705 1380 771 ἀποδῷ
1410 721 1424 734 ·
1459 708 1550 757 καὶ
1603 707 1676 771 τῷ
1742 708 1838 774 μὲν

275 792 448 859 [largi
489 792 585 860 τὴν
636 793 792 855 δόξαν
855 796 945 844 καὶ
977 793 1076 863 τὴν
1121 794 1386 864 ὑπακοὴν,
1443 798 1507 864 ἣν
1559 798 1839 867 πόρρωθεν

271 883 556 952 προσῆκον
601 884 776 939 οὐδεὶς
811 887 1142 949 εἰσενεγκεῖν
1190 881 1324 954 εἶχε,
1373 887 1448 956 τῷ
1497 890 1742 957 τυράννῳ
1782 889 1836 939 δὲ

264 975 334 1025 τὰ
365 975 540 1042 δεσμὰ
573 978 666 1026 καὶ
707 975 769 1026 τὸ
815 977 1173 1046 περιορᾶσθαι
1199 980 1309 1042 fita".
1349 979 1447 1045 τὴν
1478 981 1758 1050 αἰσχύνην,
1794 975 1839 1049 ᾧ

263 1063 384 1113 λύει
449 1063 545 1130 τὴν
597 1064 778 1116 ἄδικον
837 1066 1013 1135 ἀρχὴν
1076 1069 1166 1118 καὶ
1217 1068 1366 1118 νόθον
1404 1068 1681 1138 ἁψάμενον
1729 1073 1838 1124 τῶν

265 1154 558 1221 ἡμετέρων
599 1156 824 1225 ἐξήλασε
879 1158 1052 1227 κρίσει
1118 1161 1470 1228 κατενεγκὼν
1508 1166 1600 1215 καὶ
1634 1165 1838 1218 δικαιο-

267 1271 428 1338 σύνῃ.

342 1363 534 1414 Ἐλεον
561 1365 615 1416 δὲ
650 1367 739 1420 καὶ
772 1367 832 1418 τὸ
858 1371 1132 1423 κοινωνεῖν
1175 1371 1363 1438 ὀδύνης
1394 1371 1616 1436 ἀλγοῦσι
1653 1377 1747 1426 καὶ
1771 1373 1839 1427 τὰ

269 1458 510 1526 δυσχερῆ
557 1462 664 1521 τοῖς
708 1462 887 1522 ἄλλοις
941 1464 1105 1515 αὑτοῦ
1148 1466 1387 1532 νομίζειν
1445 1466 1610 1529 κακὰ,
1653 1470 1833 1533 πόθεν,

281 1554 332 1600 εί
375 1551 640 1617 ἑτέρωθεν
673 1551 746 1619 μὴ
777 1552 977 1604 τούτων
1013 1555 1078 1605 ἂν
1112 1572 1191 1616 τις
1222 1556 1372 1608 λάϐοι
1398 1558 1505 1609 τῶν
1544 1559 1836 1628 λογισμῶν.

255 1637 341 1701 οἷς
385 1643 533 1708 ἡμᾶς
594 1643 794 1705 αὐτοὺς
853 1644 1070 1713 ὁρῶμεν
1128 1647 1330 1715 ἥκιστα
1394 1650 1633 1712 δικαίους
1681 1653 1838 1712 ὄντας

257 1733 442 1796 ἐλέου,
501 1733 654 1801 παρὰ
698 1736 878 1786 πᾶσαν
939 1737 1267 1804 προσδοκίαν
1328 1740 1697 1808 ἐλεουμένους,
1741 1745 1840 1810 τὴν

255 1825 646 1891 αἰχμαλωσίαν
678 1826 916 1894 ἐκείνην,
965 1830 1063 1896 τὴν
1093 1830 1362 1893 δουλείαν,
1417 1833 1486 1884 τὰ
1511 1834 1706 1899 δεσμὰ,
1742 1837 1839 1903 τὴν

253 1913 354 1964 τοῦ
384 1914 796 1984 δουλωσαμένου
827 1920 1048 1984 μανίαν·
1098 1922 1190 1972 καὶ
1237 1921 1310 1982 ὠς
1339 1923 1414 1990 τῷ
1448 1924 1546 1990 μὲν
1571 1924 1696 1992 ὅρος
1727 1927 1836 1977 τῶν

254 2005 338 2064 είς
369 2007 520 2073 ἡμᾶς
581 2008 766 2060 κακῶν
817 2010 993 2069 οὐδεὶς
1026 2007 1125 2080 ἦν,
1184 2013 1297 2065 ἀλλ’
1326 2017 1410 2066 ἀεὶ
1457 2014 1836 2086 χαλετῖωτέρου

258 2099 354 2148 καὶ
398 2097 644 2165 χείρονος
703 2100 1051 2169 ἐπειρώμεθα
1113 2103 1208 2155 τοῦ
1263 2106 1546 2172 τυράννου,
1596 2108 1726 2175 ἡμῖν
1780 2109 1837 2160 δὲ

257 2189 607 2255 πανταχόθεν
641 2190 928 2260 ἀμηχανία
966 2194 1058 2245 καὶ
1082 2195 1291 2263 ἐρημία
1344 2195 1435 2247 τοῦ
1468 2196 1651 2250 δοῦναι
1677 2200 1837 2267 χεῖρά

252 2296 384 2330 τινα
438 2280 766 2348 δυναμένου·
817 2285 912 2335 καὶ
971 2284 1048 2353 τῷ
1085 2285 1188 2355 μὲν,
1222 2287 1454 2367 χρῆσθαι
1513 2292 1578 2357 τῇ
1639 2291 1833 2362 γνώμῃ

251 2375 384 2427 καθ’
421 2377 581 2444 ἡμῶν
611 2377 736 2446 ἐξῆν
777 2381 873 2433 καὶ
923 2381 1171 2450 ἠγόμεθα
1226 2384 1483 2454 καθάπερ
1537 2388 1834 2458 ἐωνημένῳ

253 2471 644 2536 πεπραμένοι,
685 2472 818 2540 ἡμῖν
852 2472 907 2525 δὲ
947 2475 1278 2543 παραμυθία
1335 2477 1444 2529 τῶν
1475 2478 1665 2531 δεινῶν
1714 2481 1836 2533 οὐδὲ

250 2558 557 2627 φάρμακον
582 2561 734 2614 οὐδὲν
757 2558 846 2632 ἦν,
897 2565 998 2616 οὐκ
1023 2565 1254 2630 οἴκοθεν,
1306 2567 1403 2638 οὐχ
1435 2571 1731 2639 ζἑτέρωθεν,
1775 2573 1834 2624 οὺ

247 2651 365 2701 τῶν
395 2651 540 2721 ὑπὲρ
572 2654 743 2720 ἡμᾶς,
771 2656 833 2707 οὐ
864 2656 968 2708 τῶν
993 2658 1298 2726 ὁμοφύλων,
1328 2661 1440 2713 ἀλλ’
1472 2664 1665 2732 ἐπίσης
1700 2664 1839 2717 άπα-

253 2761 344 2794 σιν
376 2746 438 2794 ἐν
491 2744 666 2814 καιρῷ
717 2747 970 2814 γενέσθαι
1026 2754 1090 2819 τῇ
1151 2751 1314 2817 φύσει
1366 2753 1478 2804 τῶν
1537 2754 1838 2823 ἀνθρώπων

250 2834 468 2903 ἄπορον
497 2833 586 2904 ἦν.
626 2838 733 2890 Καὶ
763 2838 816 2889 τί
857 2839 999 2905 λέγω
1060 2842 1376 2910 φάρμακον,
1433 2840 1513 2908 οἷς
1548 2847 1668 2899 οὐδὲ
1698 2865 1838 2914 μνη-

253 2925 466 2993 σθῆναι
496 2933 592 2978 τοῦ
623 2928 812 2996 ἰατροῦ
873 2930 1133 3000 καθαρῶς
1170 2935 1299 3003 ἐξῆν
1361 2935 1483 2988 οὐδὲ
1533 2937 1789 3008 δεηθῆναι
1821 2941 1833 2991 !

253 3013 424 3066 Οὕτω
474 3016 656 3068 τοίνυν
685 3018 886 3082 ἀθλίως
924 3020 1304 3090 διακειμένους
1335 3024 1398 3077 οὐ
1436 3025 1678 3095 πρέσϐυς
1719 3029 1838 3080 οὐδὲ

252 3106 523 3172 ἄγγελος,
563 3109 678 3160 ἀλλ’
711 3112 874 3173 αὐτὸς
903 3115 931 3164 ὁ
963 3111 1191 3183 Κύριος,
1220 3107 1262 3181 ᾧ
1299 3115 1654 3182 πολεμοῦντες
1672 3112 1833 3188 ἦμεν,

1947 614 2034 677 tis,
2080 632 2199 668 cum
2237 619 2453 684 occisis,
2489 636 2612 674 cum
2650 624 2899 685 mortuis,
2945 633 3001 674 ut
3054 625 3309 679 omnibus
3353 633 3498 695 quod

1942 708 2230 760 deberetur
2268 711 2527 764 redderet.
2586 715 2662 766 Ac
2698 712 2840 766 Patri
2894 713 3113 781 quidem
3171 717 3394 785 gloriam
3448 732 3502 773 et

1942 805 2328 868 obedientiam,
2358 824 2477 876 qum
2533 810 2604 861 illi
2659 811 2858 876 pridem
2896 811 3144 874 debetur,
3191 814 3499 878 persolvere

1942 909 2101 946 nemo
2150 907 2378 964 poterat,
2430 915 2527 953 nec
2568 909 2796 968 tyranno
2840 900 3079 964 vincula,
3125 912 3498 971 contemptum

1941 996 1991 1038 et
2024 987 2258 1041 dedecus
2287 991 2373 1042 cui
2425 991 2667 1058 iniquum
2703 993 2906 1045 ademit
2958 994 3265 1060 imperium,
3292 1006 3345 1048 ct
3372 1010 3501 1062 spu-

1944 1079 2083 1130 tium
2135 1080 2444 1133 inrasorem
2498 1097 2527 1134 a
2562 1083 2717 1137 nobis
2744 1083 2954 1151 judicio
2997 1093 3048 1136 et
3075 1084 3285 1152 jnstitia
3315 1086 3500 1140 detur-

1943 1170 2125 1222 batum
2160 1173 2384 1239 expulit.

2011 1368 2444 1426 Misericordiam
2477 1385 2657 1428 autem
2689 1385 2740 1430 et
2781 1379 3078 1431 dolentium
3112 1379 3292 1433 dolere
3326 1381 3496 1433 vicem

1940 1470 1992 1513 et
2018 1461 2194 1515 aliena
2245 1463 2383 1516 mala
2417 1480 2514 1518 sua
2550 1467 2767 1529 dueere,
2805 1470 3069 1519 nndenam
3101 1469 3300 1533 potius,
3335 1484 3497 1535 quam

1941 1567 2002 1605 ex
2044 1552 2413 1619 hujuscemodi
2451 1557 2876 1624 cogitationibus
2921 1559 3189 1626 quoniam
3232 1559 3503 1626 adipisca-

1943 1653 2050 1703 tur,
2079 1644 2132 1696 in
2166 1646 2364 1712 quibus
2397 1649 2674 1701 cernimus
2708 1665 2807 1704 nos
2852 1651 2998 1717 ipsos
3033 1653 3255 1703 minime
3291 1654 3504 1704 miseri-

1942 1734 2124 1788 cordia
2164 1735 2378 1802 dignos,
2418 1747 2610 1805 praeter
2650 1756 2865 1793 omnem
2899 1742 3361 1808 exspectationem
3401 1741 3502 1794 mi-

1872 1865 1910 1918 Β
1944 1825 2296 1878 sericordiam
2335 1839 2682 1891 consecutos,
2715 1839 2769 1882 et
2807 1831 3199 1897 captivitatem,
3241 1843 3293 1884 et
3328 1832 3502 1884 servi-

1941 1925 2108 1969 tutem
2145 1917 2314 1980 illam,
2345 1917 2562 1972 vincula
2596 1920 2702 1982 illa,
2749 1933 2799 1973 et
2834 1921 3069 1974 furorem
3107 1921 3246 1989 ejus,
3279 1922 3370 1989 qui
3405 1937 3502 1974 nos

1937 2009 2180 2074 captivos
2212 2010 2399 2063 duxit?
2425 2010 2491 2063 Et
2522 2011 2609 2064 ille
2646 2013 2863 2079 quidem
2900 2013 3164 2082 amigendi
3200 2028 3299 2067 nos
3339 2011 3500 2066 linem

1937 2101 2140 2152 nullum
2198 2102 2452 2165 faciebat,
2485 2119 2644 2171 quem
2696 2105 3072 2165 immitiorem,
3118 2113 3173 2158 et
3207 2105 3498 2159 immanio-

1937 2207 2072 2254 rem,
2124 2208 2337 2260 semper
2393 2195 2830 2261 experiebantur.
2870 2194 2981 2250 Nos
3029 2207 3210 2250 autem
3264 2196 3498 2266 titulique

1935 2280 2168 2334 consilio
2198 2284 2516 2349 egebamus,
2544 2285 2749 2353 quique
2778 2301 2997 2339 manum
3023 2287 3189 2341 nobis
3221 2288 3351 2341 dare
3374 2303 3498 2355 pos-

1936 2381 2036 2436 set,
2085 2373 2264 2427 nullus
2314 2379 2708 2442 reperiebatur.
2745 2380 2819 2431 Ac
2859 2379 2933 2432 illi
2961 2380 3175 2448 quidem
3204 2396 3326 2448 qua:
3361 2382 3489 2435 vole-

1938 2461 2028 2516 bat
2062 2463 2113 2516 in
2145 2479 2246 2518 nos
2277 2464 2498 2541 licebat,
2527 2467 2671 2521 velut
2709 2478 2886 2537 empta
2927 2469 3194 2539 mancipia
3247 2472 3499 2541 raptaba-

1939 2569 2082 2619 mnr,
2120 2555 2278 2610 nobis
2305 2540 2486 2612 autem
2522 2559 2789 2613 malorum
2842 2561 3047 2614 nullum
3090 2563 3370 2629 solatium,
3404 2579 3501 2619 nec

1941 2646 2239 2699 remedium
2270 2647 2352 2700 vel
2399 2661 2430 2700 a
2472 2649 2906 2718 nobismetipsis,
2942 2651 3024 2704 vel
3059 2652 3278 2707 aliunde
3310 2669 3498 2723 suppe-

1939 2736 2169 2814 ditabat,
2232 2753 2340 2791 non
2371 2739 2441 2793 ab
2491 2740 2557 2793 iis
2583 2741 2673 2810 qui
2722 2757 2886 2808 supra
2921 2758 3041 2807 nos,
3078 2759 3186 2797 non
3227 2760 3256 2797 a
3296 2755 3503 2798 natura:

1940 2828 2128 2890 sociis,
2189 2829 2281 2882 sed
2339 2831 2621 2899 aequaliter
2670 2834 2929 2887 omnibus
2986 2835 3265 2888 hominum
3317 2837 3501 2904 generi

1940 2918 2291 2972 commodare
2333 2920 2544 2975 difficile
2575 2934 2714 2977 erat.
2747 2921 2811 2976 Et
2837 2925 2966 2993 quid
2996 2926 3121 2979 dico
3155 2929 3456 2982 remedium
3485 2971 3501 2990 ,

1942 3012 2140 3078 quibus
2183 3027 2278 3065 nec
2313 3014 2626 3068 meminisse
2661 3017 2856 3071 medici
2894 3033 3141 3086 prorsus,
3181 3036 3352 3088 neque
3378 3037 3502 3075 eum

1942 3118 2134 3168 rogare
2190 3103 2422 3158 licebat!
2459 3105 2513 3158 In
2573 3106 2672 3161 hac
2703 3109 2918 3162 miseria
2968 3109 3364 3172 conﬂictanles,
3396 3129 3502 3166 non

249 3200 336 3257 εἰς
401 3195 464 3248 δν
514 3197 812 3266 ὑϐρίζομεν
860 3203 1331 3270 παρανομοῦντες,
1400 3205 1558 3268 αὐτὸς
1605 3208 1836 3274 ἠλέησεν

1872 3197 1908 3254 ε
1944 3194 2173 3263 legatus,
2203 3211 2311 3250 non
2348 3199 2593 3260 nuntius,
2629 3199 2722 3252 sed
2753 3200 2865 3268 ipse
2901 3202 3180 3264 Dominus,
3209 3204 3298 3257 cui
3334 3207 3504 3260 rebel-

248 3285 443 3340 οἶκτον
485 3290 624 3358 ἁήδη
667 3292 763 3342 καὶ
787 3290 949 3360 λόγου
982 3295 1157 3360 μείζω
1214 3296 1306 3350 καὶ
1356 3297 1506 3366 παρὰ
1527 3300 1633 3351 πᾶν
1662 3299 1720 3351 τὸ
1743 3301 1834 3352 ἐπὶ

250 3381 471 3443 τούτοις
500 3382 668 3440 εἰκός.
699 3380 774 3435 Ού
826 3384 935 3453 γάρ
986 3385 1254 3455 ἐϐουλήθη
1313 3388 1420 3440 τῶν
1468 3391 1652 3441 κακῶν
1700 3393 1831 3459 ἡμῖν

245 3471 352 3541 τὴν
383 3471 713 3541 ἀπαλλαγὴν
746 3475 928 3541 μόνον,
983 3475 1097 3529 οὐδ’
1142 3478 1340 3530 οἰκεῖον
1372 3481 1590 3548 ἐνόμισε
1640 3481 1701 3534 τὸ
1741 3483 1832 3535 ἇλο

247 3580 371 3628 γος.
401 3563 524 3615 ἀλλ’
555 3565 854 3632 ἐποιήσατο
878 3569 971 3619 καί
1024 3571 1360 3639 μετέστησεν
1417 3573 1509 3640 ἀφ’
1536 3575 1692 3643 ἡμῶν
1753 3579 1832 3637 είς

249 3655 457 3706 ἐαυτδν
482 3654 581 3712 τὰς
611 3655 822 3717 ὀδύνας,
858 3656 1155 3726 δεξάμενος
1190 3661 1348 3722 αὐτὸς
1400 3661 1549 3714 ἐλέου
1603 3667 1833 3733 φανῆναι

251 3751 521 3810 πράττων
579 3748 766 3811 ἀξίως,
840 3749 905 3801 ἵν’
939 3752 1090 3820 ἡμᾶς
1151 3752 1454 3821 ἐργάσηται
1507 3755 1831 3823 μακαρίους.

245 3842 359 3892 Καὶ
394 3840 532 3906 γάρ.
584 3858 602 3890 ι
633 3841 690 3891 ἐν
713 3845 832 3902 ταῖς
891 3842 1131 3911 ἡμέραις
1183 3845 1282 3912 τῆς
1330 3845 1532 3912 σαρκὸς
1587 3845 1771 3907 αὑτοῦ,
1809 3863 1826 3894 ι

252 3931 474 3992 Παῦλος
504 3925 659 4000 εἷπε,
695 3933 804 3984 τῶν
835 3934 1174 4003 ἐλεουμένων
1210 3937 1421 3997 πολλοῖς
1467 3936 1642 3999 ἔδοξεν
1672 3933 1830 4002 εἶναι,

244 4030 343 4077 καὶ
381 4026 595 4095 ἠλεήθη
652 4027 744 4078 τὸν
776 4027 959 4080 ἄδικον
1016 4026 1243 4080 θάνατον
1279 4029 1658 4097 ἀποθνήσκων.
1703 4031 1830 4095 Καὶ,

252 4138 270 4168 ι
317 4119 659 4170 Ἐκόπτοντο
690 4118 822 4187 γὰρ,
852 4120 1008 4187 φησὶ,
1074 4120 1168 4171 καὶ
1225 4119 1482 4190 ἐθρήνουν
1522 4139 1540 4170 ι
1598 4120 1833 4189 ἐπάὑτῷ

241 4211 347 4278 τὴν
380 4210 480 4260 ἐπὶ
534 4207 766 4259 θάνατον
799 4209 1078 4279 ἀγομένῳο
1124 4211 1217 4262 καὶ
1253 4211 1312 4260 οὺ
1369 4215 1477 4272 τοῖς
1508 4210 1594 4262 ἐπ’
1623 4213 1831 4263 ἐκείνου

245 4325 270 4368 ι-
292 4304 416 4355 ὁνον
453 4304 554 4355 καὶ
585 4301 882 4370 θεωμένοις
899 4304 958 4353 τὸ
983 4304 1174 4363 πάθος.
1204 4303 1318 4354 ἀλλ’
1343 4303 1442 4372 ἥδη
1471 4306 1562 4354 καὶ
1605 4305 1833 4365 Ἠσαίας

239 4393 546 4466 πόρρωθεν
581 4391 736 4458 ίδὼν,
774 4393 1043 4462 ἀδακρυτὶ
1095 4394 1193 4464 τὴν
1249 4395 1374 4447 θέαν
1419 4396 1516 4448 οὐκ
1579 4397 1828 4466 ἡνεγκεν,

237 4489 301 4537 ά)
318 4487 365 4536 λ’
391 4486 472 4546 ὼς
502 4486 594 4536 ἐπὶ
633 4483 818 4552 νεκρῷ
849 4484 1105 4554 μονῳδῶν
1136 4486 1288 4538 ἐλέου
1331 4485 1607 4553 γέμουσαν
1656 4489 1828 4556 ἀφῆκε

240 4579 465 4645 φωνήν
509 4593 528 4626 ‹
583 4576 814 4642 Είόομεν
842 4576 1032 4638 αὑτὸν,
1067 4579 1223 4644 φησὶ,
1257 4581 1349 4632 καὶ
1374 4580 1473 4631 οὐκ
1524 4576 1666 4647 εῖχεν
1699 4575 1834 4642 εἶδος

235 4671 368 4721 οῶέ
409 4666 633 4729 κάλλος,
663 4669 801 4718 άλλά
834 4667 893 4719 τὸ
923 4665 1062 4728 εἶδος
1097 4669 1264 4721 αὑτοῦ
1317 4670 1530 4737 ἄτιμον,
1588 4670 1836 4723 ἐκλεῖπον

239 4764 305 4810 τὸ
338 4755 489 4817 εἶδος
512 4756 678 4808 αὑτοῦ
738 4756 892 4826 παρὰ
953 4757 1079 4819 τοὺς
1138 4758 1286 4819 υίοᾉς
1336 4759 1444 4809 τῶν
1477 4759 1831 4828 ἀνθρώπων.»

240 4853 310 4904 Ἱῖ
348 4855 448 4921 τῆς
495 4849 846 4918 συμπαθείας
898 4839 1446 4918 ταύτης’γένοιτ’ἂν
1483 4853 1615 4915 ἴσον,
1667 4855 1715 4904 εἰ
1762 4855 1836 4922 μὴ

236 4944 540 5012 λογισμοῖς
569 4943 662 4993 καὶ
687 4942 905 5010 θελήσει
938 4944 1184 4994 κοινωνεῖ
1215 4942 1307 4994 τοῦ
1337 4943 1537 5003 πάθους
1575 4945 1686 5013 τοῖς
1709 4945 1837 4995 δυσ-

237 5039 506 5107 τυχέσιν,
559 5035 678 5087 ἀλλ’
712 5037 896 5098 αὐτοῖς
950 5037 1263 5106 πράγμασι,
1308 5040 1400 5090 καὶ
1445 5037 1550 5088 οὐδ’
1590 5038 1837 5107 ἀνέχεται

241 5131 498 5200 μεσίτης
533 5125 677 5180 εἶναι
707 5128 814 5179 τῶν
842 5129 1141 5197 δυσχερῶν,
1164 5129 1278 5179 ἀλλ’
1313 5129 1390 5190 είς
1424 5129 1613 5180 ἑαυτὸν
1640 5130 1698 5180 τὸ
1730 5131 1838 5181 πᾶν

240 5227 577 5292 ἀναιρεῖται
621 5224 712 5273 καὶ
754 5222 846 5274 τὸν
878 5223 1146 5288 ἡμέτερον
1183 5221 1410 5272 θάνατον
1459 5222 1790 5295 ἀποθνήσκει
1823 5239 1836 5288 ;

237 5318 485 5371 Τούτων
519 5314 626 5366 τῶν
653 5315 827 5380 λόγων
860 5314 938 5374 είς
977 5315 1064 5365 τὸν
1092 5314 1196 5365 τῶν
1245 5314 1533 5382 ὁμοφύλων
1581 5312 1761 5368 οἶκτον
1786 5315 1837 5364 τί

232 5415 310 5467 ἂν
352 5410 737 5462 ἐπισπάσαιτο
767 5407 972 5473 μᾶλλον
1005 5422 1020 5466 ;
1050 5406 1108 5456 Ei
1139 5408 1248 5473 γὰρ
1300 5406 1358 5456 τὸ
1385 5406 1696 5472 φθάσαντας
1727 5425 1835 5459 πα-

234 5505 366 5556 θεῖν
389 5501 505 5551 τῶν
529 5496 812 5565 δυσχερῶν
838 5493 1016 5547 ὁτιοῦν
1060 5493 1216 5556 ίλὲως
1250 5494 1539 5563 ἐργάζεται
1570 5496 1680 5556 τοῖς
1712 5495 1837 5562 ἄρτι

232 5599 314 5649 τὰ
357 5594 453 5646 ῖσα
484 5587 901 5641 κακοπαθοῦσιν
950 5588 1352 5654 οἰκειουμένους
1397 5588 1493 5648 τὰς
1527 5589 1833 5657 συμφορὰς,

232 5687 293 5739 τί
341 5684 458 5736 τῶν
485 5679 680 5733 δεινῶν
709 5681 768 5730 οὐ
800 5679 1149 5747 πεπόνθαμεν
1173 5719 1188 5743 ,
1230 5679 1329 5730 οὐκ
1361 5678 1678 5730 ἀπόπτωσιν
1730 5695 1837 5730 πα-

322 5865 378 5895 ”
418 5861 589 5931 Ριςίλτ,
628 5877 679 5923 v,
717 5861 766 5913 7.

850 5863 894 5894 ⁸⁵
939 5860 1070 5914 Luc.
1111 5874 1265 5926 xxiii,
1299 5861 1390 5914 ‘27.
1471 5860 1514 5890 "
1553 5861 1655 5914 lsa.
1715 5875 1830 5926 Lm,

1865 4544 1912 4599 D

1945 3287 2210 3350 labamus,
2247 3299 2299 3342 et
2335 3290 2388 3342 in
2423 3306 2584 3358 quem
2620 3291 2935 3360 frangendis
2965 3295 3206 3363 imperiis
3233 3299 3352 3363 ejus
3378 3314 3503 3351 con-

1936 3366 2216 3435 tumeliosi
2252 3397 2490 3448 eramus,
2518 3383 2631 3450 ipse
2668 3395 2748 3436 est
2784 3385 3097 3446 miseratus,
3130 3388 3502 3442 misericordia

1945 3473 2179 3535 insueta,
2229 3483 2282 3526 et
2341 3475 2520 3529 verbis
2577 3475 2964 3542 inexplicabili,
3021 3487 3075 3529 et
3125 3495 3287 3546 supra
3341 3496 3503 3549 quam

1943 3565 2316 3618 Conveniebat.
2357 3566 2470 3620 Non
2522 3569 2667 3620 enim
2724 3577 2933 3620 tantum
2992 3569 3290 3623 libertatem
3348 3575 3505 3626 nobis

1942 3659 2165 3722 cupivit,
2215 3674 2390 3726 neque
2418 3659 2660 3712 dolorem
2700 3671 2946 3713 nostrum
2984 3677 3144 3716 suum
3197 3664 3372 3726 duxit,
3410 3672 3504 3719 sed

1942 3765 1970 3802 a
2006 3751 2161 3803 nobis
2197 3750 2248 3804 in
2301 3767 2359 3804 se
2392 3751 2607 3804 doleres
2642 3760 2858 3806 nostros
2893 3753 3084 3807 ascivit
3116 3763 3278 3823 atque
3324 3765 3504 3810 trans-

1943 3842 2086 3904 tulit,
2122 3854 2174 3894 et
2227 3842 2433 3910 placuit
2462 3841 2541 3896 eis
2575 3858 2696 3896 sors
2722 3843 3050 3908 miseranda,
3087 3855 3141 3898 ut
3187 3860 3286 3898 nos
3320 3846 3504 3900 beatos

1942 3933 2190 3987 elliceret.
2243 3932 2452 3985 Etenim
2503 3951 2520 3984 ι
2559 3934 2612 3986 in
2663 3933 2856 3987 diebus
2889 3936 3068 3988 carnis
3119 3937 3337 4002 suze“,
3377 3957 3394 3987 ι
3449 3949 3506 3992 ut

1942 4023 2145 4076 Paulus
2175 4023 2271 4086 ait,
2307 4025 2494 4078 multis
2540 4025 2688 4078 visus
2736 4034 2818 4079 est
2855 4025 3199 4080 miserabilis.
3239 4025 3302 4079 Et
3343 4029 3505 4082 mise~

1943 4117 2138 4170 rationi
2169 4132 2302 4170 sane
2343 4115 2444 4170 fuit
2479 4117 2662 4185 iniqua
2700 4128 2870 4170 morte
2901 4119 3181 4173 moriens:
3225 4137 3240 4168 ι
3277 4120 3502 4189 Plange-

1942 4211 2070 4264 bant
2099 4209 2264 4267 enim.
2299 4209 2494 4276 inquit,
2527 4218 2580 4262 et
2605 4208 3044 4262 lamentabantur
3069 4225 3188 4263 eum
3215 4210 3280 4272 “,
3320 4229 3336 4260 ι
3378 4226 3500 4265 cum

1942 4303 2007 4355 ad
2043 4311 2272 4354 mortem
2311 4303 2618 4353 ducem-tur.
2673 4299 2781 4353 Nec
2835 4303 2882 4353 id
2941 4300 2975 4353 ii
3030 4304 3227 4364 solum,
3256 4303 3346 4370 qui
3390 4313 3502 4355 tum

1943 4393 2216 4454 vivebant,
2267 4401 2320 4445 et
2375 4392 2712 4458 spectabant,
2753 4389 3032 4454 fecerunt;
3089 4390 3180 4444 sed
3233 4400 3286 4443 et
3313 4390 3502 4450 Isaias.

1944 4485 2111 4537 multo
2153 4493 2296 4538 ante
2353 4498 2475 4535 cum
2532 4481 2869 4551 prmvidisset
2932 4482 3056 4533 illud
3107 4485 3501 4550 spectaculum.

1946 4595 2047 4630 non
2079 4577 2400 4644 temperavit
2432 4575 2710 4643 lacrymis,
2748 4574 2838 4626 sui
2873 4582 3127 4638 tanquam
3166 4588 3325 4642 super
3365 4590 3505 4626 mor-

1948 4680 2038 4721 tuo
2074 4669 2398 4728 lamentans,
2427 4681 2609 4718 vocem
2646 4665 3004 4718 miserabilem
3039 4664 3212 4717 emisit
3243 4681 3257 4720 :
3298 4684 3314 4715 ι
3361 4664 3502 4717 Vidi-

1951 4777 2070 4814 mus
2100 4775 2240 4822 eum,
2267 4759 2527 4826 inquit,et
2559 4737 2672 4810 non.
2697 4757 2924 4809 habebat
2957 4757 3210 4822 speciem,
3230 4758 3461 4825 nequiuit
3482 4789 3507 4798 -

1942 4869 2118 4907 corcm
2136 4870 2150 4917 ;
2167 4854 2256 4905 sed
2277 4853 2482 4918 species
2502 4852 2617 4911 ejus
2645 4850 2984 4906 inhonorata.
3006 4859 3057 4900 et
3075 4848 3351 4909 deﬁciens,
3374 4866 3507 4919 pra:-

1945 4955 2024 5001 ter
2067 4945 2204 4996 ﬁlios
2236 4944 2510 4995 hominum
2543 4942 2644 4996 ⁸⁵.»
2669 4941 2806 5005 Quid
2849 4958 2966 4992 cum
2995 4943 3094 4993 hac
3130 4946 3503 5010 compassione

1942 5037 2176 5092 conferri
2211 5037 2419 5105 potest?
2443 5036 2716 5102 Siquidem
2751 5050 2854 5086 non
2884 5034 3206 5101 cogitatione
3228 5045 3282 5087 et
3311 5036 3503 5089 volun-

1951 5142 2056 5183 tate
2085 5129 2197 5182 sola
2244 5129 2565 5181 miserorum
2614 5129 2750 5178 mala
2803 5125 2987 5187 sentit,
3017 5125 3106 5177 sed
3144 5124 3301 5178 rebus
3347 5125 3498 5194 ipsis,

1951 5236 2049 5274 nec
2083 5221 2432 5272 molestorum
2470 5233 2590 5271 esse
2643 5218 2907 5284 particeps
2956 5218 3086 5270 satis
3120 5217 3295 5277 habet,
3319 5216 3411 5272 sed
3449 5220 3502 5269 in

1945 5326 2005 5368 se
2041 5313 2213 5377 ipsum
2254 5320 2420 5361 totum
2468 5310 2712 5376 suscipit,
2766 5317 3057 5375 nostraque
3110 5316 3282 5362 morte
3342 5312 3506 5363 mori-

1945 5413 2051 5458 tur.
2077 5401 2168 5456 llis
2199 5402 2502 5454 rationibus
2537 5401 2604 5454 ad
2638 5401 2968 5452 miserandos
3016 5400 3263 5452 homines
3312 5411 3504 5455 natura

1945 5497 2234 5548 nobiSi-um
2267 5495 2615 5560 conjunctae,
2649 5494 2771 5559 quid
2801 5492 2969 5560 magis
3009 5507 3107 5544 nos
3139 5491 3416 5559 impellat?
3447 5491 3501 5546 Si

1950 5589 2093 5639 cnim
2135 5587 2284 5654 prius
2322 5601 2574 5654 asperum
2633 5585 2843 5652 quidvis
2901 5597 3214 5651 perpessum
3247 5599 3386 5646 esse,
3419 5599 3502 5637 re-

1948 5694 2075 5733 eens
2118 5679 2303 5733 eadem
2340 5677 2512 5746 passis
2545 5676 2813 5738 conciliat,
2848 5676 2970 5727 -ium
3008 5675 3057 5727 iu
3102 5675 3166 5729 iis
3195 5691 3323 5730 suas
3356 5676 3503 5731 cala-
