4262 6460
734 429 845 493 675

1998 421 2305 480 NlCOLAl
2348 419 2736 480 CABASILE

3895 425 3999 484 6'ib

735 546 959 600 mitates
1029 546 1452 610 recognoscunt,
1511 539 1640 608 quid
1700 552 1805 591 non
1868 538 2012 605 passi
2076 535 2418 596 sumushr

2311 545 2312 554 ‘
2345 541 2388 596 Α
2417 535 2596 603 τρίδος
2629 534 2729 602 τῆς
2763 534 2837 596 ῶς
2863 532 3079 602 ἀληθῶς
3107 534 3422 603 ήμετέρας;
3458 535 3521 588 οὐ
3554 535 3765 601 πενίαν,
3816 538 3878 590 ού
3915 541 3994 591 v6-

740 636 931 691 Nonne
956 636 1306 689 amissionem
1336 633 1520 702 patria:
1553 646 1673 683 vere
1702 628 1935 682 vestrae?
1968 642 2148 681 nonne
2190 642 2322 695 pau-

742 727 1039 796 pertatem?
1091 741 1269 779 nonne
1299 722 1591 776 morbum?
1646 736 1822 773 nonne
1856 721 2175 773 servitutem
2231 719 2317 770 in-

740 816 1155 887 dignissimam?
1201 830 1381 869 nonne
1415 814 1684 868 insaniam
1716 811 2054 865 extremam?
2111 810 2176 863 Et
2231 810 2315 862 bis

740 912 998 966 onmihus
1038 929 1056 961 ι
1086 926 1178 978 per
1212 910 1424 963 viscera
1455 906 1843 961 misericm-diae
1881 904 1969 957 Dei
2015 902 2183 956 nostri
2215 902 2264 933 “
2287 923 2306 954 ι

743 1004 952 1057 liberati
1002 1016 1212 1056 sumus.
1268 1000 1437 1070 Igitur
1467 1009 1518 1051 et
1565 1012 1665 1051 nos
1699 996 2077 1057 misereamur,
2113 1009 2159 1047 st
2192 993 2316 1062 quis

740 1111 1074 1165 quocunque
1107 1096 1301 1148 horum
1340 1090 1807 1145 incommodorum
1842 1088 2098 1156 iactatur,
2137 1095 2190 1138 et
2213 1086 2318 1138 mi-

739 1188 1090 1243 sericordiam
1147 1185 1427 1240 conservis
1491 1183 1876 1251 rependamus,
1936 1194 2098 1247 quam
2157 1178 2316 1232 nobis

736 1279 1049 1331 cotmnunis
1081 1276 1348 1328 Dominus
1382 1280 1511 1327 ante
1543 1272 1812 1340 praestitit.
1862 1269 1924 1322 Et
1956 1270 2057 1322 hoc
2089 1283 2320 1322 monens

747 1367 1018 1431 Salvator,
1055 1384 1246 1436 nempe
1277 1382 1407 1434 erga
1455 1368 1765 1434 proximum
1817 1372 2070 1431 oportere
2106 1375 2205 1413 nos
2237 1360 2321 1411 in-

741 1462 908 1512 duere
938 1460 1411 1513 mansuetudinem
1439 1497 1452 1518 ,
1489 1471 1585 1524 pro
1617 1455 1866 1522 exemplo
1894 1454 2131 1505 divinam
2166 1449 2318 1505 heni-

734 1553 996 1619 gnitatem
1037 1553 1350 1605 intuentes:
1391 1570 1407 1601 ι
1448 1550 1653 1614 Eslote,
1688 1544 2305 1613 inquit,misericordes,

736 1650 882 1702 sicut
934 1658 986 1701 et
1022 1647 1177 1700 Pater
1210 1656 1382 1698 vester
1419 1644 1656 1698 caelestis
1714 1644 2027 1696 misericors
2063 1640 2238 1693 est".
2284 1657 2301 1688 ι

808 1738 1068 1792 Mundare
1103 1749 1283 1791 autem
1333 1752 1449 1800 cor,
1495 1736 1845 1806 animamque
1881 1736 1945 1788 ad
1981 1732 2310 1788 sanctitudi-

740 1847 863 1884 nem
916 1847 1194 1893 exrreere,
1227 1830 1384 1898 enjus
1438 1829 1811 1882 contentionis
1850 1838 1942 1881 aut
1993 1826 2307 1896 diligentiae,

2425 642 2518 677 σον
2564 625 2645 691 (οῦ
2676 625 2774 694 τὴν
2795 623 3191 694 χαλεπωτάτην
3220 625 3513 693 δουλείαν),
3542 627 3604 679 ού
3639 628 3737 697 τὴν
3761 630 3998 698 ἐσχάτην

2422 716 2659 782 μανίαν;
2725 714 3063 766 καὶτούτων
3112 714 3506 785 ἀπηλλάξαμεν
3567 717 3788 769 πάντων
3854 736 3874 767 ι
3910 718 3998 769 διὰ

2424 802 2713 871 σπλάγχνα
2767 802 2951 863 Dion;
3007 804 3144 855 Θεοῦ
3172 804 3349 872 ἡμῶν.
3394 824 3413 857 ι
3467 805 3677 859 Οὐκοῦν
3717 807 3811 859 καὶ
3839 809 4002 876 ἡμεῖς

2410 894 2655 963 ἐλεοῑμεν
2685 893 2769 956 ἂν,
2798 895 2849 946 εἰ
2870 911 2950 955 τις
2973 892 3096 945 καθ’
3125 894 3302 946 ὁτιοῦν
3326 896 3532 948 τούτωι
3552 897 3781 966 πράττει
3810 898 4000 962 κακῶς

2423 987 2640 1039 καὶτὸν
2669 983 2847 1040 οἶκτον
2910 988 3204 1055 ἀποδοῖμεν
3264 991 3376 1049 τοῖς
3438 988 3770 1057 ὁμοδούλοις,
3828 983 4003 1060 οὗπερ

2427 1081 2556 1147 ἡμῖν
2578 1080 2603 1131 ὁ
2633 1078 2813 1138 κοινὸς
2849 1079 3059 1149 ὑπῆρξε
3090 1080 3388 1149 Δεσπότης.
3444 1081 3554 1132 Καὶ
3584 1080 3741 1133 τοῦτο
3774 1081 3950 1151 δηλῶν
3974 1085 4001 1135 ὁ

2422 1171 2635 1241 Σωτὴρ,
2667 1172 2739 1232 ὼς
2802 1172 2905 1240 ἄρα
2954 1171 3034 1223 δεῖ
3064 1173 3199 1241 πρὸς
3245 1173 3371 1236 τοὺς
3428 1173 3736 1242 ὁμοφύλους
3780 1176 4002 1245 ἡμέρως

2419 1262 2563 1331 ἔχειν
2598 1261 2681 1323 είς
2726 1262 3078 1330 παράδειγμα
3114 1263 3213 1333 τὴν
3241 1263 3391 1316 θείαν
3435 1265 3755 1334 ἀφορῶντας
3811 1267 4002 1332 φιλαν-

2419 1356 2683 1425 θρωπίαν,
2716 1374 2733 1407 ι
2772 1355 3015 1420 Γίνεσθε,
3044 1359 3230 1425 φησιν,
3257 1359 3628 1427 οἰκτῐρμονες,
3668 1358 3851 1422 καθὼς
3903 1362 3997 1412 καὶ

2417 1450 2447 1502 ὁ
2469 1449 2657 1520 Πατὴρ
2686 1449 2841 1520 ὑμῶν
2872 1450 3170 1521 οἰκτίρμων
3199 1450 3336 1503 ἐστι.
3362 1469 3381 1502 ι

2489 1729 2565 1783 Τό
2606 1747 2666 1799 γε
2696 1729 2804 1801 μὴν
2860 1730 3098 1801 καθᾶραι
3132 1732 3361 1802 καρδίαν
3421 1733 3517 1786 καὶ
3544 1734 3680 1805 πρὸς
3723 1736 4003 1805 ἁγιασμὲν

2415 1824 2516 1891 τὴν
2544 1822 2726 1893 ψυχὴν
2751 1823 3016 1889 ἀσκῆσαι,
3042 1823 3189 1887 τίνος
3214 1824 3426 1891 ἀγῶνος
3450 1827 3483 1895 ἢ
3516 1827 3755 1893 σπουδῆς
3779 1828 3812 1897 ἢ
3837 1830 4004 1882 τίνων

739 1933 831 1975 aut
859 1938 1092 1991 quorum
1146 1924 1407 1977 sudorum
1446 1921 1646 1990 potius,
1682 1930 1777 1974 aut
1812 1919 2229 1987 cogitationum,
2260 1924 2315 1970 et
2342 1898 2392 1957 Β

2342 1898 2392 1957 Β
2425 1914 2667 1983 ἱδρώτων
2701 1914 2907 1985 μᾶλλον
2950 1915 2982 1985 ἢ
3031 1917 3138 1969 ¹ιῶν
3165 1917 3384 1970 ἐννοιῶν
3411 1917 3620 1971 τούτων
3647 1922 3739 1971 καὶ
3769 1922 3867 1989 τῆς
3902 1940 4002 1985 ρε-

739 2016 1112 2069 meditationis
1144 2030 1284 2082 opus
1307 2030 1371 2067 ac
1400 2016 1625 2067 materia
1652 2011 1843 2066 fuerit?
1870 2011 1985 2066 Imo
2011 2014 2151 2079 quod
2185 2011 2309 2079 quis

735 2108 1049 2161 accuratius
1083 2122 1195 2161 rem
1229 2107 1611 2170 considerans,
1638 2120 1743 2159 non
1771 2120 1910 2174 opus
1942 2104 2310 2157 meditationis

736 2205 805 2255 de
856 2200 1097 2261 Christo,
1152 2200 1245 2253 sed
1304 2199 1476 2268 ipsam
1528 2198 1649 2252 sine
1680 2197 1848 2251 dubio
1898 2197 2309 2249 meditationem

741 2291 963 2345 dixerit.
1017 2290 1258 2344 Primum
1311 2292 1456 2343 enim
1515 2291 1567 2343 in
1619 2289 1840 2357 optimis
1885 2288 2311 2357 cogitationibus

738 2382 970 2446 versari,
1016 2391 1071 2436 et
1124 2398 1151 2434 a
1206 2382 1365 2436 malis
1409 2382 1836 2451 cogitationibus
1867 2381 2171 2444 discedere,
2208 2380 2311 2434 hoc

740 2486 918 2529 autem
967 2489 1051 2528 εει
1077 2490 1174 2527 cor
1221 2490 1416 2543 purum
1467 2488 1610 2528 esse.
1658 2472 1797 2529 Cum
1831 2474 1977 2527 enim
2009 2474 2206 2541 duplex
2240 2473 2312 2527 sit

741 2567 898 2621 nobis
927 2566 1054 2630 vita,
1083 2566 1481 2635 dupliciterque
1508 2581 1820 2627 nascamur,
1844 2581 1949 2619 una
1986 2564 2309 2633 Spiritualis,
2338 2554 2341 2557 Α

743 2664 909 2713 altera
946 2668 1303 2725 corporea,et
1337 2658 1565 2728 spiritus
1598 2659 1649 2711 in
1687 2658 1772 2712 his
1804 2674 1924 2728 quae
1948 2658 2309 2725 concupiSrit,

741 2748 1004 2803 adversus
1031 2764 1231 2816 corpus
1262 2758 1483 2817 pugnet,
1509 2764 1708 2817 corpus
1735 2748 1998 2803 adversus
2030 2748 2306 2817 spiritum,

743 2857 866 2892 runt
906 2843 1179 2895 contraria
1234 2840 1410 2894 fil-dus
1446 2840 1584 2894 inire
1618 2850 1672 2894 et
1706 2842 2023 2909 conspirare
2061 2842 2312 2909 impo-si—

744 2935 852 2987 bile
897 2950 923 2988 s
949 2941 988 2996 t,
1023 2933 1279 2987 omnibus
1321 2942 1407 2986 est
1438 2940 1710 3000 apertum,
1755 2942 1878 2986 utra
1917 2935 2309 2999 concupiscen-

743 3028 816 3079 tia
855 3042 949 3095 per
1000 3027 1318 3079 memoriam
1371 3024 1739 3094 cogitationes
1793 3024 2120 3085 obtinuerit,
2152 3023 2219 3076 ab
2246 3039 2309 3077 ea

741 3118 966 3172 alteram
999 3116 1341 3187 proﬂigatum
1369 3114 1458 3169 iri.
1489 3114 1711 3177 Deinde,
1741 3115 2135 3169 sicutcarnalis
2165 3114 2306 3178 vitm,

742 3216 798 3260 et
824 3204 1188 3276 generationis
1215 3205 1496 3267 memoria,
1531 3215 1585 3258 et
1612 3208 1899 3272 ocrupatio
1934 3206 2098 3257 animi
2134 3205 2185 3257 in
2229 3215 2307 3257 tae
2340 3249 2381 3302 C

746 3299 887 3352 libus
912 3298 1331 3366 perditissimam
1351 3296 1725 3365 cupiditatem,
1744 3306 1797 3349 et
1819 3297 1941 3349 inde
1960 3296 2311 3349 exsistentem

743 3390 1267 3445 contaminationem
1304 3388 1461 3442 al'l‘ert
1501 3407 1512 3441 ε
1547 3388 1737 3442 eodem
1783 3387 1944 3441 modo
1995 3388 2191 3441 lavacri
2226 3406 2315 3458 ge-

748 3483 1109 3543 nerationem,
1140 3489 1192 3531 et
1222 3486 1613 3547 congruentem
1653 3478 1829 3550 eidem
1878 3479 2214 3539 alimoniam,
2261 3488 2310 3531 et

744 3575 851 3627 alia
884 3571 1047 3638 hujus
1082 3585 1235 3624 "0sz
1262 3570 1383 3624 vita
1410 3570 1627 3622 assidua
1663 3572 1925 3623 memoria
1964 3580 2311 3638 usurpantes,

748 3679 777 3715 υ
816 3671 960 3715 terra
1012 3662 1066 3716 in
1119 3661 1294 3728 ipsum
1347 3661 1546 3715 caelum
1584 3661 1881 3715 transferre
1928 3661 1987 3714 lit
2027 3674 2318 3716 consenta-

746 3768 935 3807 neunt.

819 3930 1088 3995 Quoniam
1125 3941 1301 3985 autem
1349 3950 1365 3982 ι
1401 3929 1654 3986 Christus
1688 3942 1773 3986 est
1828 3947 1926 4000 pax
1974 3942 2185 3995 nostra,
2220 3936 2312 4001 qui

754 4022 878 4076 fecit
911 4034 1140 4091 utraque
1174 4039 1360 4086 υηιιιιι,
1389 4035 1440 4076 ιιι
1493 4025 1727 4076 medium
1780 4027 2037 4091 parietem
2072 4028 2316 4078 mat-cria:

749 4113 935 4174 solvit,
993 4114 1307 4169 inimicitias
1375 4117 1426 4167 in
1490 4130 1653 4167 carne
1715 4130 1808 4169 sua
1844 4115 1911 4178 ⁸⁸,
1955 4136 1971 4165 ι
2022 4115 2114 4183 qui
2168 4119 2316 4183 paris

751 4222 915 4260 causa
974 4207 1157 4260 omnia
1210 4208 1429 4262 molitus
1463 4218 1563 4270 est,
1600 4209 1727 4275 quid
1785 4222 1916 4277 pace
1974 4209 2317 4276 praestantius

759 4299 899 4367 apud
931 4314 1045 4362 eos,
1070 4300 1268 4367 quibus
1300 4302 1480 4353 studio
1505 4309 1587 4353 est
1617 4315 1704 4353 res
1741 4300 1860 4367 ejus
1890 4300 2071 4353 animo
2101 4301 2319 4353 volvere

751 4406 818 4445 ac
871 4391 1188 4443 revolvere?
1260 4389 1390 4443 Nam
1452 4402 1506 4444 et
1564 4391 1663 4459 ipsi
1719 4391 2097 4454 sectalnmtur,
2160 4391 2314 4443 Pauli

750 4484 931 4552 jussu,
968 4492 1027 4535 ut
1064 4482 1206 4534 niltil
1232 4497 1403 4549 teque,
1433 4492 1486 4535 et
1515 4484 1567 4535 in
1602 4498 1663 4536 ea
1706 4482 1994 4536 t‘ccolencla
2023 4484 2146 4535 aliis
2184 4499 2318 4550 pra:-

2416 2006 2580 2076 λέτης
2614 2007 2815 2075 γένοιτ’
2837 2008 2905 2061 ἂν
2941 2009 3141 2078 ἐργον;
3192 2010 3220 2062 ὃ
3254 2027 3317 2077 γε
3352 2010 3463 2063 οὐδ’
3485 2011 3649 2080 ἔργον
3706 2014 3772 2067 ἄν
3804 2030 3887 2076 τις
3920 2015 4003 2067 εί-

2416 2115 2508 2151 ποι
2540 2102 2638 2169 τῆς
2673 2100 2802 2168 περὶ
2834 2101 3073 2170 Χριστοῦ
3103 2101 3359 2169 μελέτης,
3394 2102 3512 2155 ἀλλ’
3538 2102 3709 2174 αὐτὴν
3738 2104 4003 2175 ἄντικρυς

2416 2184 2688 2259 εἶναιτὴν
2720 2191 2974 2262 μελέτην,
3027 2193 3247 2247 σκοπῶν
3298 2194 3566 2265 ἀκριϐῶς.
3618 2198 3843 2267 Πρῶτον
3902 2200 4003 2267 μὲν

2415 2283 2525 2351 γὰρ
2564 2283 2623 2335 τὸ
2652 2286 2889 2361 συνεῖναι,
2941 2284 3048 2337 τῶν
3104 2286 3385 2354 λογισμῶν
3429 2289 3547 2350 τοῖς
3584 2289 3831 2359 ἀρίστοις
3887 2290 4002 2344 τῶν

2416 2374 2636 2441 φαύλων
2660 2374 2809 2428 ἐστὶν
2835 2377 3167 2443 ἀφεστάναι·
3208 2376 3366 2430 τοῦτο
3392 2377 3448 2431 δέ
3468 2380 3589 2442 ,ἐστι
3633 2380 3732 2448 τὴν
3765 2382 3998 2450 καρδίαν

2414 2462 2654 2532 καθαρὸν
2689 2458 2850 2518 εἶναι.
2884 2465 3079 2531 Διττῆς
3101 2466 3210 2533 γὰρ
3244 2467 3375 2536 ἡμῖν
3407 2468 3506 2537 τῆς
3561 2470 3705 2540 ζωῆς
3752 2475 3849 2524 καὶ
3895 2473 4001 2542 τῆς

2414 2559 2718 2627 γεννήσεως
2743 2556 2932 2626 οῦσης,
2962 2559 3062 2627 τῆς
3094 2561 3192 2627 μὲν
3223 2563 3625 2632 πνευματικῆς,
3651 2563 3751 2632 τῆς
3783 2565 3839 2617 δὲ
3860 2583 3997 2637 σαρ-

2414 2648 2594 2717 κικῆς,
2630 2650 2722 2701 καὶ
2751 2648 2828 2719 τῷ
2865 2650 2963 2719 μὲν
2995 2650 3208 2717 σώματι
3230 2652 3323 2704 τοῦ
3355 2654 3669 2724 πνεύματος
3697 2652 3776 2720 οἷς
3806 2658 4000 2711 ἐπιθυ-

2418 2745 2509 2810 μεῖ
2536 2742 2927 2812 πολεμοῦντος,
2977 2741 3073 2795 τοῦ
3104 2746 3359 2812 σώματος
3388 2747 3445 2800 δὲ
3482 2751 3624 2802 κατὰ
3672 2751 3767 2803 τοῦ
3826 2753 4000 2805 πνεύ-

2418 2852 2586 2902 ματος
2624 2836 2945 2905 ἱσταμένου,
2977 2839 3241 2891 τάναντία
3288 2839 3617 2893 σπείσασθαι
3674 2844 3768 2894 καὶ⁵
3805 2846 3997 2897 συνελο

2414 2926 2526 2977 θεῖν
2555 2928 2837 2996 ἀμήχανον
2868 2928 2948 2989 ὃ),
2984 2932 3225 3000 ὁποτέρα
3259 2932 3369 2982 τῶν
3390 2933 3697 3002 ἐπιθυμιῶν
3711 2939 3777 3004 τῇ
3803 2940 3999 3008 μνήμῃ

2413 3022 2681 3088 κρατήσει
2710 3020 2819 3071 τῶν
2870 3022 3171 3091 λογισμῶν,
3227 3022 3303 3086 ῶς
3361 3025 3585 3079 ὶκόαλεῖ
3625 3027 3725 3098 τὴν
3771 3029 3993 3098 ἑτέραν,

2414 3111 2581 3163 παντί
2619 3129 2719 3163 που
2745 3113 2928 3182 δῆλον.
2993 3115 3228 3169 Ἔπειτα
3260 3117 3516 3188 καθάπερ
3574 3120 3675 3188 τῆς
3722 3125 3998 3193 σαρκικῆς

2415 3201 2560 3271 ζωῆς
2584 3204 2804 3273 καὶτῆς
2852 3208 3163 3273 γεννήσεως
3221 3209 3257 3278 ἠ
3290 3212 3479 3282 μνήμη
3524 3212 3620 3266 καὶ⁵
3672 3215 3731 3266 τδ
3760 3216 3996 3269 τοιοῖσδε

2418 3294 2510 3346 τὸν
2539 3296 2659 3347 νοῦν
2691 3298 2979 3366 προσέχειν
3017 3299 3118 3368 τὴν
3153 3300 3373 3354 κάκιστ’
3396 3302 3783 3374 ἀπολουμένην
3805 3305 4001 3358 ἐπιου-

2421 3384 2552 3451 μίαν
2588 3386 2680 3436 καὶ
2711 3387 2803 3437 τὸν
2851 3388 3063 3441 ἐκεῖθεν
3114 3391 3356 3460 ἐντίθησι
3390 3392 3684 3462 μολυσμὸν,
3739 3396 3832 3449 τὸν
3880 3396 3999 3450 ἴσον

2418 3477 2621 3545 τρόπον
2651 3478 2747 3547 τὴν
2771 3479 2863 3532 τοῦ
2884 3480 3111 3549 λουτροῦ
3136 3484 3389 3551 γέννησιν
3431 3486 3523 3539 καὶ
3568 3486 3671 3558 τὴν
3716 3488 3996 3558 κατάλληο

2417 3566 2510 3618 λον
2537 3570 2602 3637 τῇ
2635 3571 2888 3639 γεννήσει
2914 3572 3120 3643 τροφὴν
3154 3576 3247 3627 καὶ
3271 3574 3443 3629 τᾶλλα
3467 3577 3530 3647 δὴ
3559 3578 3627 3630 τὰ
3659 3579 3763 3649 τῆς
3798 3583 4001 3648 καινῆς

2419 3660 2568 3729 ζωῆς
2594 3664 2659 3731 τῇ
2685 3667 2907 3732 συνεχεῖ
2935 3668 3116 3737 μνήνῃ
3145 3667 3246 3737 τὴν
3273 3669 3457 3740 ψυχὴν
3479 3672 3849 3741 κατασχόντα,
3897 3674 4000 3742 τὴν

2420 3753 2716 3820 ἐπιθυμίαν
2746 3756 2892 3819 είκός
2915 3759 3066 3810 ἑστιν
3086 3760 3193 3811 ἀπὸ
3233 3762 3329 3829 τῆς
3365 3762 3466 3831 γῆς
3522 3763 3789 3817 ὲπάὐτὸν
3840 3767 4001 3834 ἄγειν

2417 3842 2510 3891 τὸν
2546 3843 2605 3893 ού
2616 3844 2798 3909 ρανόν.

2502 3934 2654 3986 Ἐπεὶ
2676 3936 2731 3988 δὲ
2762 3936 2998 4004 Χριστός
3027 3940 3175 3994 ἔστιν
3214 3966 3229 3991 ι
3263 3944 3515 4014 ἡείρήνη
3550 3947 3729 4015 ήμῶν,
3762 3952 3791 4001 ὁ
3829 3952 3996 4021 ποιή-

2420 4040 2516 4086 σας
2545 4027 2616 4077 τὰ
2670 4027 2960 4099 ἀμφότερα
2998 4030 3080 4097 ἓν,
3111 4035 3204 4085 καὶ
3235 4035 3294 4086 τὸ
3323 4038 3639 4108 μεσότοιχον
3690 4040 3785 4093 τοῦ
3818 4061 4002 4112 φραγ-

2422 4116 2525 4182 μοῦ
2569 4118 2757 4180 λύσας,
2786 4121 2886 4189 τὴν
2913 4121 3118 4193 ἔχθραν
3146 4126 3204 4176 ὲν
3222 4129 3287 4195 τῇ
3332 4130 3520 4196 σαρκὶ,
3566 4149 3583 4180 ι
3621 4125 3665 4199 ᾧ
3706 4132 3997 4206 τῆςνείρή-

2418 4225 2514 4275 νης
2538 4208 2704 4263 ἕνεκα
2725 4211 2791 4262 τὰ
2824 4212 3002 4265 πάντα
3052 4215 3347 4286 ἐπενοήθη,
3398 4220 3452 4271 τί
3506 4220 3611 4291 πρὸ
3638 4224 3737 4290 τῆς
3765 4228 3999 4298 εἰρήνης

2418 4300 2486 4352 ἂν
2513 4303 2599 4370 εἴη
2628 4304 2742 4364 τοῖς
2795 4304 3029 4375 μελέτην
3070 4307 3253 4378 ψυχῆς
3283 4312 3494 4365 καὶτοῦ
3533 4315 3773 4385 σπουδὴν
3797 4318 3997 4371 τάκεί-

2419 4409 2511 4443 νου
2538 4398 2927 4465 ποιησαμένοις
2950 4414 2965 4463 ;
3016 4399 3180 4451 Δύτοί
3208 4418 3267 4452 τε
3294 4403 3400 4470 γὰρ
3430 4404 3685 4469 διώξουσι
3722 4408 3826 4475 τὴν
3844 4412 3999 4479 εἰρή-

2421 4481 2538 4555 νην,
2626 4488 2838 4541 κελεύει
2867 4489 3103 4555 Παῦλος,
3136 4492 3213 4554 ὼς
3253 4494 3408 4546 οὐδὲν
3433 4496 3581 4560 ἄλλο,
3628 4501 3721 4552 καὶ
3747 4504 3859 4563 τοῖς
3892 4504 3993 4554 ἀλ-

755 4575 931 4633 ihunt,
962 4582 1017 4625 et
1045 4571 1229 4624 odium
1261 4572 1455 4626 inutile
1495 4574 1789 4641 deponent,
1820 4572 2128 4641 frustraque
2155 4574 2310 4626 belli-
2348 4585 2389 4639 ι)
2418 4581 2438 4628 λ

2348 4585 2389 4639 D
2418 4581 2529 4640 λοις
2567 4582 2863 4649 ἡγήσονται
2897 4582 2991 4633 τοῦ
3026 4582 3352 4650 πράγματος
3421 4587 3517 4637 καὶ
3566 4587 3789 4641 λύσουσι
3831 4595 3993 4657 μῖσος

750 4678 946 4730 gerere
971 4664 1243 4727 desinent,
1276 4665 1505 4718 scientes
1541 4680 1725 4733 pacem
1748 4667 1884 4718 adeo
1914 4667 2228 4734 pretiosam,
2253 4675 2311 4718 ut

758 4750 902 4804 Deus
937 4752 1050 4818 ipse
1075 4750 1245 4813 dives,
1284 4761 1337 4805 et
1366 4753 1607 4807 omnium
1639 4753 1917 4815 Dominus,
1953 4770 2076 4808 cum
2110 4756 2161 4808 in
2205 4765 2311 4810 ter-

761 4858 850 4895 ras
887 4841 1121 4894 venisset
1174 4851 1231 4896 ut
1261 4856 1379 4895 eam
1434 4843 1742 4899 hominibus
1798 4836 2154 4913 compararet,
2213 4864 2311 4900 nec

756 4932 1028 4984 inveniret
1061 4929 1355 5002 quidquam
1401 4932 1645 5002 dignum,
1686 4946 1846 4988 suum
1883 4936 2055 5004 ipsius
2085 4940 2310 5007 sangui-

758 5036 883 5073 nem
919 5020 1072 5088 pretii
1110 5020 1225 5074 loco
1257 5020 1599 5089 impenderit.
1626 5022 1761 5089 Quia
1792 5025 1937 5079 enim
1964 5024 2076 5093 jam
2110 5028 2312 5094 produ-

759 5122 994 5174 ctorum,
1035 5120 1090 5163 et
1120 5111 1445 5169 exstantium
1479 5114 1612 5166 nilnl
1646 5114 1859 5168 videbat
1888 5116 2127 5184 qttznsitae
2171 5120 2313 5185 paci,

756 5212 816 5257 et
849 5202 1277 5257 reconciliationi
1314 5201 1722 5266 conferendum,
1761 5206 1921 5259 aliam
1958 5223 2155 5260 novam
2184 5223 2313 5261 con-

758 5293 899 5347 didit
941 5304 1212 5353 naturatn,
1244 5296 1557 5356 sanguinem
1606 5296 1811 5349 scilicet
1858 5298 1959 5349 sibi
1994 5313 2174 5359 suum,
2205 5314 2313 5365 quo

760 5385 897 5437 dato
948 5399 1070 5437 mox
1129 5384 1605 5447 rer0nriliatur,et
1668 5388 1921 5455 princeps
1985 5390 2131 5455 pacis
2193 5389 2312 5446 fuit.

765 5479 1100 5548 Sanguinem
1160 5479 1325 5545 igitur
1366 5479 1511 5530 illum
1566 5481 1873 5542 adorantes,
1923 5485 2051 5549 quid
2101 5486 2313 5536 tandem

762 5570 908 5625 aliud
960 5584 1083 5623 cum
1146 5570 1343 5623 virtute
1398 5582 1745 5639 conjunctum
1785 5581 2157 5627 consct'latllrs
2205 5590 2315 5627 rem

763 5676 919 5714 suam
952 5675 1008 5713 se
1040 5660 1305 5727 putabant
1353 5674 1528 5728 agere,
1552 5677 1709 5727 quam
1766 5673 1821 5714 nt
1853 5664 2309 5718 reconciliationis

836 5840 880 5870 “
909 5838 1039 5891 Luc.
1073 5854 1112 5902 ι,
1146 5837 1235 5890 τε.
1312 5836 1353 5866 ⁸⁷
1386 5836 1516 5891 an.
1556 5853 1624 5900 vt,
1660 5838 1746 5890 30'.
1823 5838 1865 5868 ⁸⁸
1902 5838 2094 5905 Bpltes.
2130 5855 2187 5901 ιι,
2221 5841 2303 5894 Η.

2419 4672 2677 4741 ἀνόνητον
2718 4675 2812 4726 καὶ
2853 4676 3155 4727 παύσουσιν
3188 4677 3311 4745 εἰκῆ
3346 4678 3741 4746 πολεμοῦντας,
3782 4682 3993 4747 ειδότες

2419 4764 2640 4830 εἰρήνην
2674 4764 2816 4815 οὓτω
2847 4766 3050 4832 τίμιον,
3088 4765 3228 4843 ὥστε
3253 4769 3347 4818 τὸν
3402 4767 3537 4821 Θεὸν
3575 4770 3737 4823 αὑτὸν
3768 4773 3861 4825 ὲπὶ
3908 4775 3988 4843 τῷ

2420 4853 2625 4919 ταύτην
2653 4856 2963 4922 ἀνθρώποις
2988 4857 3101 4927 ὼνή
3113 4832 3308 4912 ξασθαι
3331 4858 3708 4912 καταλαϐόντα
3728 4862 3829 4932 τὴν
3857 4865 3992 4934 γῆν,

2418 4952 2512 4995 καί
2545 4945 2802 4997 πλούσιον
2835 4947 2963 4998 ὄντα
3014 4950 3108 5000 καὶ
3132 4950 3351 5002 πάντων
3376 4951 3579 5021 Κύριον
3604 4953 3774 5023 μηδὲν
3808 4958 3997 5026 εὑρεῖν

2421 5036 2569 5098 ἄξιον
2597 5037 2690 5089 τοῦ
2724 5040 3021 5108 χρήματος,
3052 5041 3165 5091 ἀλλ’
3206 5041 3339 5094 αὐτὸ
3367 5044 3428 5095 τὸ
3457 5038 3597 5113 αἷμα
3632 5030 3991 5109 καταϐαλεῖν.

2431 5128 2587 5178 Ἐπεὶ
2616 5130 2722 5196 γὰρ
2757 5128 2866 5180 τῶν
2898 5130 2996 5198 ήδη
3048 5134 3465 5200 γεγεννημένων
3499 5138 3593 5188 καὶ
3619 5136 3791 5190 ὄντων
3837 5142 3997 5195 οῦδὲν

2419 5218 2566 5286 ἐώρα
2589 5220 2685 5286 τῆς
2713 5218 3051 5287 ζητουμένης
3086 5223 3309 5291 εἰρήνης
3374 5230 3469 5277 καὶ
3513 5227 3621 5277 τῶν
3654 5227 3990 5297 διαλλαγῶν,

2417 5309 2554 5375 ὅπερ
2568 5307 2634 5360 ἂν
2661 5309 2980 5379 ἀντίρροπον
3015 5307 3103 5379 ῆν,
3145 5312 3314 5381 ἄλλην
3347 5319 3539 5386 καινὴν
3577 5319 3759 5371 ἔκτισε
3786 5322 3988 5385 κτίσιν,

2417 5386 2556 5458 αἷμα
2587 5392 2787 5459 ἑαυτῷ.
2853 5392 2947 5443 καὶ
2993 5394 3151 5446 τοῦτο
3194 5396 3316 5459 δούς
3344 5399 3673 5470 διαλλακτὴς
3725 5397 3797 5472 ἦν
3828 5404 3992 5471 εὐθὺς

2416 5485 2510 5533 καὶ
2544 5485 2724 5551 ἅρχων
2750 5484 2990 5551 εἰρήνης.
3018 5485 3083 5536 Ol
3114 5487 3296 5539 τοίνυν
3327 5488 3387 5540 τὸ
3422 5486 3562 5558 αἷμα
3588 5496 3763 5545 έκεῖνο
3813 5512 3989 5563 προσ-

2418 5574 2729 5635 κυνοῦντες,
2760 5573 2811 5624 τί
2845 5574 2961 5625 ποτ’
2992 5574 3056 5627 ἂν
3090 5577 3393 5645 κατορθοῦν
3414 5580 3543 5633 ἄλλο
3592 5583 3890 5649 ζητοῦντες
3923 5586 3989 5637 τὰ

2420 5664 2628 5716 ἑαυτῶν
2658 5668 2957 5734 ἡγήσονται
2990 5671 3251 5736 πράττειν
3288 5670 3317 5738 ἤ
3349 5671 3654 5738 διαλλαγῶν
3707 5676 3802 5726 καὶ
3833 5679 3984 5745 εἰρήο
