4262 6460
195 469 303 533 ὃῗῗ

1308 469 1400 526 DE
1444 467 1614 528 VlTA
1660 466 1733 523 l.\'
1774 465 2106 524 CllRlS'l‘O
2144 465 2290 525 LIB.
2339 464 2438 523 Vl.

3351 463 3460 525 C78

196 604 294 654 νης
324 584 633 653 ἀνθρώποις
676 585 825 645 ὄντες
883 587 1153 650 capitati;
1192 585 1250 634 lii
1295 585 1346 633 ἴε
1396 588 1492 648 τὴν
1545 582 1773 634 καθόλου
1810 583 1848 636 Α

1810 583 1848 636 Λ
1882 589 1934 632 τι
2001 581 2148 647 pacis
2203 578 2514 630 hominibus
2553 583 2801 628 auctores
2856 575 2985 629 sint.
3028 573 3184 640 Quod
3243 575 3286 628 si
3338 580 3457 627 uni-

195 675 578 744 δικαιοσύνην,
617 675 760 743 λέγω
789 677 885 743 τὴν
921 680 1145 745 αρετὴν,
1172 676 1360 745 ἡλίκον
1386 676 1533 726 ἐστὶν
1577 675 1778 740 ἀγαθὸν

195 771 295 822 καὶ
318 762 433 819 οἷον
463 769 599 836 αὑτῇ
637 767 857 819 σύνεστι
892 768 1108 831 καλλος,
1144 770 1238 818 ἐπὶ
1287 768 1383 818 τοῦ
1419 769 1580 837 ῆθ-νιυς
1619 767 1778 829 μόνου

196 863 473 929 πάρεστιν
509 863 639 913 ίδεῖν
686 861 773 912 τοῦ
816 863 1086 927 Σωτῆρος,
1155 861 1245 912 ara
1281 862 1441 928 μόνον
1473 859 1578 910 τῶν
1625 862 1778 909 ἐναν-

193 954 330 1004 τίων
363 954 494 1005 αὐτὸ
552 953 795 1022 καθαρὴν
849 953 1130 1014 παντελῶς
1185 952 1618 1019 ἐπιδειξαμένου,
1661 951 1779 1014 (καὶ

194 1048 307 1114 γὰρ
345 1046 632 1113 ἁμαρτίαν
664 1047 762 1097 οὐκ
792 1047 1071 1111 ἐποίησεν,
1105 1045 1224 1096 οὐδὲ
1258 1047 1283 1094 ὁ
1316 1045 1408 1096 τοῦ
1447 1046 1653 1110 κόσμου
1677 1043 1775 1110 ἄρ-

191 1159 307 1209 χων
339 1138 514 1190 ἐλθὼν
563 1134 744 1209 εὗρεν,
801 1132 868 1192 οὗ
923 1139 1109 1201 διῶξαι
1160 1138 1449 1206 δυνήσεται
1487 1136 1586 1203 τὴν
1632 1134 1782 1185 θείαν

191 1231 418 1296 ἐκείνην
451 1229 653 1296 ψυχὴν,
687 1230 797 1280 οὐδ’
825 1230 880 1279 ἐν
910 1221 953 1293 ᾧ
986 1227 1260 1295 μέμψαιτο
1308 1228 1404 1294 τὴν
1442 1225 1590 1294 ῶραν
1612 1263 1624 1283 ,
1685 1224 1778 1289 βα-

195 1323 426 1380 σκάνοις
456 1321 813 1390 περισκοπῶν
839 1320 1164 1387 ὀιρθαλμοῖ)
1199 1320 1287 1369 τὶν
1316 1319 1411 1386 μὲν
1432 1320 1508 1372 εἰς
1538 1317 1627 1366 τὶν
1653 1317 1782 1383 Χρι-

191 1416 321 1463 στὸν
360 1413 449 1463 καὶ
504 1413 704 1481 ἀρετὴν
734 1413 914 1481 ἔρωτα
968 1411 1128 1480 δῆλον
1166 1409 1239 1472 ὡς
1295 1410 1447 1461 οὐδὲν
1500 1409 1630 1461 ἄλλο
1663 1423 1781 1458 ποι-

187 1505 392 1567 οῦντας
452 1504 949 1573 ἦμηχανωμένους
992 1504 1022 1570 ἢ
1069 1505 1135 1555 τὰ
1175 1503 1270 1553 τοῦ
1325 1501 1559 1570 Χριστοῦ
1621 1502 1780 1569 μελεο

185 1599 409 1657 τῶντας
440 1597 558 1647 ἔστι
589 1597 796 1648 λαεεῖν.
841 1596 996 1647 Οῦτω
1025 1597 1131 1661 γὰρ
1159 1595 1444 1662 περιέσται
1478 1596 1567 1644 καὶ
1603 1595 1660 1644 τὸ
1680 1593 1776 1660 ’ἧς

186 1691 396 1756 ἀρετῆς
423 1691 516 1739 καὶ
544 1689 602 1738 τὸ
628 1689 720 1739 τοῦ
750 1688 1003 1755 Σωτῆρος
1037 1687 1234 1748 καλλος
1270 1685 1628 1754 καταμαθεῖν,
1684 1703 1782 1735 κα-

183 1780 504 1846 ταμαθοῦσι
579 1780 636 1831 δὲ
675 1780 770 1831 καὶ
823 1781 1019 1846 φιλεῖν,
1053 1778 1126 1839 ὡς
1183 1777 1355 1830 αἴτιον
1408 1777 1465 1828 ὃν
1500 1774 1779 1842 πανταχοῦ

187 1870 290 1921 τοῦ
333 1871 513 1937 φιλεῖν
556 1871 616 1921 τὸ
648 1870 1014 1939 καταμαθεῖν,
1050 1871 1171 1921 ἐπεὶ
1206 1874 1297 1921 καὶ
1323 1869 1419 1938 τὴν
1449 1868 1590 1919 Εὕαν
1627 1869 1654 1917 ὁ
1686 1866 1778 1917 τοῦ

187 1962 358 2024 ξύλου
410 1963 623 2029 καρπὸς
666 1965 758 2014 καὶ
812 1962 986 2014 ταῦτα
1020 1962 1396 2029 ἀπειρημένου
1448 1961 1638 2012 τοῦτον
1670 1953 1775 2010 εἷλε

185 2053 289 2105 τὸν
328 2054 553 2122 τρόπον·
623 2071 641 2103 ι
689 2055 1012 2121 Κατενόησε
1045 2058 1176 2121 γὰρ,
1236 2056 1422 2122 φησὶν,
1482 2053 1554 2116 ὡς
1581 2052 1778 2122 ὡραῖος

183 2140 261 2217 ἦν
285 2149 368 2208 εἰς
393 2147 607 2215 ὅρασιν,
641 2147 733 2197 καὶ
782 2145 946 2208 καλὸς
970 2147 1046 2208 είς
1081 2144 1306 2214 βρῶσιν.
1351 2165 1368 2195 ι

269 2412 491 2478 Ἔρωτα
523 2411 578 2462 δὲ
604 2411 840 2474 Χριστοῦ
874 2413 966 2462 καὶ
992 2412 1091 2479 τῆς
1119 2411 1318 2481 ἀρετῆς
1354 2412 1493 2463 οὕτω
1516 2413 1780 2476 λαῖόντας

187 2504 293 2557 καὶ
321 2502 584 2570 διωγμῶν
625 2503 764 2570 ὑπὲρ
798 2503 978 2553 αὐτῶν
1009 2505 1156 2564 είκδς
1192 2504 1523 2571 ἀνασχέσθαι
1561 2506 1651 2555 καὶ
1685 2523 1785 2573 φῦ-

185 2600 315 2664 γεῖν
348 2595 568 2648 ἑλέσθαι
605 2595 803 2663 δεῆσαν
833 2596 925 2647 καὶ
961 2595 1026 2646 τὰ
1052 2594 1339 2646 δεινότατα
1373 2596 1588 2647 πάντων
1619 2597 1783 2648 ἀκοῦ-

192 2706 312 2751 σαι,
349 2687 632 2739 καὶτοῦτο
667 2688 977 2756 χαίροντας,
1014 2688 1088 2750 ὡς
1116 2687 1179 2756 δὴ
1214 2689 1490 2754 μεγίστων
1527 2690 1616 2740 καὶ
1652 2689 1784 2739 καλ-

187 2780 400 2830 λίστων
438 2779 625 2840 αὐτοῖς
666 2779 846 2847 γερῶν
886 2780 1268 2845 ἀποκειμένων
1311 2780 1368 2831 ἑν
1408 2781 1672 2848 οὐρανοῖς.
1725 2781 1781 2832 Ὀ

190 2872 310 2940 γὰρ
339 2874 469 2939 περὶ
500 2873 593 2923 τὸν
621 2873 916 2938 ἁθλοθέτην
944 2872 1052 2924 τῶν
1075 2872 1494 2942 ἀγωνιζομένων
1523 2873 1660 2941 ἔρως
1691 2873 1784 2924 καὶ

187 2963 361 3016 τοῦτο
409 2963 658 3026 δύναται,
719 2965 814 3016 καὶ
873 2967 1002 3032 περὶ
1052 2965 1160 3016 τῶν
1226 2965 1392 3034 μήπω
1443 2966 1785 3033 φαινομένων

188 3056 380 3109 ἄθλων
412 3058 560 3108 ποιεῖ
585 3057 863 3110 πιστεύειν
893 3057 1040 3126 αὐτῷ
1074 3060 1164 3109 καὶ
1199 3058 1420 3127 βεϐαίας
1456 3061 1534 3119 εἰς
1570 3059 1629 3108 το
1661 3058 1786 3126 μέλ-

189 3150 290 3198 λον
321 3148 414 3197 ἐπὶ
450 3147 546 3199 τοῦ
597 3149 864 3216 παρόντος
895 3149 1064 3226 -ἔχειν
1094 3149 1332 3212 ἐλπίδας.
1372 3148 1530 3201 Οὕτω
1559 3150 1625 3202 τὰ
1658 3151 1788 3217 Χρι-

191 3238 329 3290 στοῦ
354 3240 481 3301 τοὺς
513 3239 773 3292 ἑκάστοτε
793 3241 1176 3310 λογιζομένους
1202 3244 1295 3294 καὶ
1327 3242 1664 3312 μελετῶντας
1695 3243 1786 3293 καὶ
1813 3276 1858 3336 C

192 3334 464 3399 μετρίους
496 3327 634 3383 εἶναι
670 3336 815 3385 ποιεῖ
849 3335 942 3386 καὶ
969 3333 1066 3401 τῆς
1094 3333 1442 3402 ἀνθρωπείας
1480 3333 1789 3400 ἐπιγνώμο-

189 3439 294 3483 νας
319 3422 638 3487 ἀσθενείας,
661 3423 801 3476 ὥστε
826 3423 1062 3486 πενθεῖν,
1093 3427 1185 3476 καὶ
1210 3426 1416 3494 πράους
1441 3425 1787 3478 ἀποδείκνυσι

188 3512 292 3560 καὶ
344 3510 592 3572 δικαίους
625 3513 720 3563 καὶ
770 3512 1186 3584 φιλανθρώπους
1233 3515 1326 3565 καὶ
1358 3515 1644 3585 σὼςρονας
1696 3516 1789 3567 καὶ

187 3603 431 3671 είρήνης
492 3605 586 3654 καὶ
642 3603 947 3671 διαλλαγῶν
1011 3605 1324 3674 ἀνθρώποις
1379 3608 1638 3676 ἔργάτας,
1697 3609 1790 3660 καὶ

185 3685 344 3743 οὕτω
379 3692 620 3760 Χριστοῦ
659 3696 752 3746 καὶ
782 3696 880 3765 τῆς
912 3698 1114 3767 ἀρετῆς
1149 3699 1575 3767 περιεχομένους
1598 3741 1611 3762 ,
1648 3700 1788 3751 ὥστε

188 3783 343 3853 ὑπὲρ
375 3784 557 3837 αὐτῶν
590 3787 690 3838 οὐκ
725 3789 1020 3856 ἀνέχεσθαι
1056 3790 1241 3858 μόνον,
1277 3792 1413 3845 ἀλλὰ
1455 3795 1548 3845 καί⁸
1579 3793 1788 3862 χαίρειν

185 3876 602 3944 ὑϐριζομένους
627 3881 721 3931 καὶ
750 3881 976 3948 ἥδεσθαι
998 3882 1387 3952 διωκομένους.
1425 3885 1535 3938 Καὶ
1567 3887 1700 3947 ὅλως
1721 3886 1790 3938 τὰ

192 3971 444 4036 μέγιστα
488 3970 597 4023 τῶν
639 3973 861 4038 ἀγαθῶν
903 3977 996 4027 καὶ
1034 3976 1159 4028 ὅθεν
1195 3979 1310 4030 ἐστὶ
1350 3995 1658 4047 μακαριους
1695 3997 1790 4046 γε·

186 4061 394 4112 νέσθαι
418 4101 433 4120 ,
468 4062 577 4113 τῶν
615 4065 837 4117 ἐννοιῶν
872 4067 1172 4120 ἀπολαύειν
1207 4067 1382 4131 ἔξεστι
1413 4074 1629 4123 τούτων
1697 4073 1789 4124 καὶ

190 4148 348 4201 οὕτω
382 4151 623 4221 τηρῆσαι
657 4152 756 4222 μὲν
785 4157 842 4207 ὲν
872 4156 950 4225 τῷ
976 4158 1168 4228 ἀγαθῷ
1194 4162 1294 4228 τὴν
1322 4162 1572 4232 γνώμην,
1602 4163 1702 4232 τὴν
1732 4164 1787 4216 δὲ

187 4245 540 4313 γιγνομένην
574 4245 727 4314 ὥραν
756 4249 925 4317 καλὴν
962 4250 1302 4319 ἐργάσασθαι
1336 4255 1432 4324 τὴν
1461 4257 1662 4326 ψυχὴν,
1697 4259 1788 4309 καὶ

184 4337 290 4386 τὸν
332 4336 446 4386 ἀπὸ
480 4336 588 4388 τῶν
643 4339 963 4408 μυστηρίων
1015 4342 1247 4407 φυλάξαι
1291 4345 1543 4409 πλοῦτον,
1583 4349 1676 4398 καὶ
1699 4349 1789 4400 τὸν

186 4428 487 4496 βασιλικὸν
517 4430 592 4499 μὴ
624 4431 784 4501 ῥῆξαι
819 4432 954 4501 μηδὲ
985 4435 1222 4502 ρυπᾶναι
1257 4438 1480 4505 χιτῶνα.
1509 4442 1608 4491 Διὰ
1633 4441 1790 4492 τοῦτο

187 4520 461 4587 καθάπερ
488 4523 550 4572 τὸ
591 4522 716 4574 νοῦν
755 4523 899 4592 ἔχειν
937 4525 1032 4578 καὶ
1066 4526 1211 4595 λόγῳ
1244 4530 1516 4600 χρῆσθαι.
1552 4534 1648 4598 τῆς
1684 4533 1789 4584 τῶν

1887 685 2094 720 Versum
2168 670 2427 729 inatitiam
2456 706 2470 729 ,
2526 668 2827 728 virtutem,
2885 667 3104 734 inquam
3132 706 3144 729 ,
3188 677 3453 736 quantum

1884 765 1953 814 sit
2010 764 2250 821 lionum,
2309 769 2360 811 ct
2401 760 2575 827 qualis
2638 759 2756 825 ejus
2821 757 3188 825 pulchritudo,
3247 761 3297 812 in
3340 775 3456 812 mo-

1885 855 2034 906 ribus
2075 861 2125 904 et
2160 852 2266 902 vita
2323 849 2485 901 unius
2545 847 2844 902 Salvatoris
2899 859 2982 902 est
3036 848 3236 910 videre,
3275 859 3458 914 tllpOte

1885 948 1975 1015 qui
2011 947 2160 997 solus
2210 943 2379 1011 ipsam
2424 944 2828 994 contrariorum
2879 941 3172 1008 puritatem
3215 939 3456 1006 perfecte

1885 1046 2126 1093 osteudtt
2155 1051 2375 1095 letcntm
2413 1043 2693 1102 peccatum
2725 1049 2833 1086 non
2861 1026 3027 1095 fecit;
3069 1048 3166 1086 ncc
3204 1035 3455 1100 princeps

1887 1131 2048 1200 hujus
2082 1131 2269 1183 mundi
2320 1129 2568 1191 veniens,
2613 1136 2664 1178 et
2712 1125 2959 1177 invidens
2998 1124 3186 1176 Oculos
3223 1124 3458 1175 circnm-

1888 1225 2070 1274 [ειη-ηε
2103 1223 2335 1281 invenit,
2371 1221 2420 1271 in
2461 1236 2569 1288 quo
2603 1218 2837 1270 animam
2866 1215 3010 1268 illam
3051 1230 3304 1267 accusare
3334 1231 3458 1281 pos-

1886 1329 1987 1375 St‘l,
2028 1330 2124 1366 nec
2175 1317 2226 1365 in
2273 1329 2380 1381 quo
2418 1311 2538 1379 ejus
2589 1308 3049 1376 pulcln'itudinctn
3091 1307 3455 1374 reprehende-

1887 1409 2018 1468 ret),
2061 1415 2267 1455 et-rtum
2323 1414 2423 1465 cst,
2451 1417 2688 1454 amorem
2721 1414 2847 1467 erga
2896 1399 3193 1461 (lin-istum,
3230 1405 3281 1449 et
3331 1411 3458 1462 erga

1887 1497 2162 1557 virtutem,
2199 1494 2313 1560 ejus
2350 1495 2514 1545 vitant
2563 1493 2885 1544 itu-ditantes
2919 1489 3234 1556 adepturos,
3266 1504 3460 1555 quam-

1886 1584 1967 1636 vis
2015 1584 2159 1635 aliud
2222 1584 2356 1635 nthil
2411 1583 2631 1642 faciant,
2669 1591 2762 1634 aut
2820 1581 3099 1647 incipiant.
3163 1580 3254 1632 Sic
3311 1582 3456 1632 enim

1886 1676 2103 1728 aliunde
2151 1675 2336 1727 lict-hit
2369 1685 2416 1726 et
2453 1673 2688 1730 virtutis,
2726 1681 2778 1724 et
2813 1669 3116 1725 Saltatoris
3157 1671 3463 1729 pulchritu-

1889 1766 2070 1818 diuetn
2109 1767 2430 1834 intelligere.
2463 1775 2516 1817 et
2557 1763 2880 1816 intellectam
2915 1777 3118 1825 amare,
3153 1762 3370 1830 quando
3404 1762 3458 1815 in

1888 1861 2035 1912 omni
2075 1875 2130 1913 re
2187 1860 2544 1925 intelligentia
2599 1860 2714 1911 sive
2767 1857 3010 1924 cognitio
3062 1871 3300 1907 amorem
3338 1872 3460 1922 pro-

1888 1970 2076 2008 creare
2111 1953 2435 2007 consuevit:
2468 1951 2661 2020 siquidt
2686 1965 2734 2000 m
2776 1959 2828 2000 et
2869 1949 3032 2000 Evam
3071 1946 3278 1999 fructus
3308 1946 3461 2013 ligni,

1889 2046 2050 2116 idque
2081 2045 2254 2109 vetiti,
2285 2044 2387 2096 hoc
2426 2042 2588 2096 modo
2627 2055 2840 2108 pessum
2881 2039 3048 2091 dedit.
3081 2056 3098 2087 ι
3130 2037 3188 2090 Et
3214 2037 3464 2090 animad-

1890 2141 2051 2194 vertit
2087 2140 2305 2204 mulier,
2335 2138 2534 2205 inquit,
2565 2134 2708 2204 quod
2744 2133 2944 2190 bonum
2979 2143 3124 2186 esset
3156 2133 3359 2201 lignum
3390 2133 3460 2186 ad

1890 2233 2245 2294 vescendum,
2279 2243 2330 2286 et
2385 2231 2667 2300 pulchrum
2722 2226 2919 2305 oculis,
2951 2234 3280 2295 aspectuque
3318 2225 3464 2279 deleo

1887 2327 2084 2378 ctaltile
2111 2326 2177 2376 ".
2214 2343 2229 2375 ι

1960 2417 2214 2468 Amorem
2271 2415 2470 2467 Christi
2526 2424 2579 2467 et
2629 2415 2844 2467 virtutis
2896 2419 2973 2466 sic.
3009 2414 3256 2480 adeptos,
3296 2410 3460 2462 etiam

1891 2520 2296 2577 persecutiones
2339 2519 2562 2575 propter
2618 2509 2732 2561 lucc
2789 2508 3059 2561 sustinere
3106 2507 3374 2566 convi-nit,
3412 2513 3465 2559 et

1890 2617 2012 2653 cum
2077 2615 2163 2653 res
2217 2601 2530 2669 postularit,
2569 2600 2750 2665 fugam
2787 2616 2894 2653 non
2939 2613 3218 2661 recusare,
3254 2607 3307 2650 et
3340 2612 3469 2665 pro-

1893 2695 2214 2748 brosissima
2246 2710 2476 2760 quzeque
2509 2695 2719 2757 audire,
2771 2694 2932 2759 idque
2976 2708 3097 2744 cum
3133 2691 3334 2750 laetitia,
3374 2702 3466 2740 η’·-

1890 2797 2014 2854 pote
2076 2786 2331 2838 maximis
2387 2784 2884 2852 pulcherrimisque
2925 2781 3158 2851 praemiis
3217 2781 3269 2831 in
3325 2781 3464 2833 cm'o

1895 2877 2169 2945 repositis.
2223 2879 2388 2928 Amor
2418 2876 2562 2928 enim
2614 2876 2941 2947 certantium
2990 2889 3113 2939 erga
3152 2871 3462 2939 prmsidem.

1895 2979 2475 3036 remuneratoremquc
2508 2967 2831 3022 certaminis
2859 2969 3021 3020 etiam
3063 2967 3165 3018 hoc
3192 2964 3467 3034 potest,'ct

1892 3064 1958 3116 de
1992 3062 2230 3130 praemiis
2261 3060 2500 3114 nondum
2533 3060 2685 3121 visis,
2733 3059 2856 3111 facit
2887 3058 2933 3107 ei
2971 3057 3127 3109 ﬁdem
3164 3057 3386 3112 haltere,
3413 3063 3468 3106 et

1895 3157 2001 3224 iam
2057 3169 2201 3207 nunc
2252 3154 2562 3206 futurorum
2627 3166 2776 3219 spem
2837 3149 3068 3203 solidam
3119 3163 3325 3216 gerere.
3377 3145 3470 3199 Sic

1893 3246 2170 3299 Christum
2205 3257 2419 3311 semper
2440 3243 2764 3310 cogitantes,
2798 3237 3228 3304 meditantesque
3261 3244 3314 3287 et
3342 3247 3468 3285 mo-

1891 3338 2112 3389 deratos
2144 3334 2341 3395 reddit,
2374 3341 2427 3385 et
2473 3326 3102 3383 humanaeinﬁrmitatis
3147 3337 3367 3392 gnaros,
3408 3329 3469 3374 ut

1894 3428 2132 3493 lugeant,
2161 3426 2491 3493 eosdemque
2527 3435 2579 3475 et
2630 3422 2886 3482 mites,et
2926 3420 3128 3488 justos.
3180 3429 3232 3469 et
3272 3418 3472 3468 huma-

1894 3536 2015 3579 nos,
2050 3527 2103 3571 et
2135 3517 2412 3570 modestos
2449 3517 2600 3574 facit,
2630 3524 2682 3566 et
2723 3513 2873 3582 pacis
2918 3509 3341 3576 concordimque
3388 3512 3473 3560 in-

1897 3621 2177 3679 terpretes,
2203 3610 2447 3676 adeoque
2470 3607 2715 3668 Christo,
2736 3616 2789 3659 et
2817 3605 3016 3658 virtute
3045 3602 3463 3668 circumseptus,

1895 3714 1950 3755 ut
1980 3719 2076 3770 pro
2102 3702 2168 3755 iis
2201 3715 2305 3755 non
2333 3701 2505 3754 solum
2535 3699 2851 3768 patiantur,
2886 3694 2977 3750 sed
3003 3694 3274 3764 gaudeant
3304 3693 3469 3745 etiam

1894 3794 2106 3861 injuriis
2155 3792 2396 3850 multari.
2454 3801 2506 3844 et
2568 3790 2617 3842 in
2664 3787 3140 3859 persecutionibus
3169 3786 3464 3838 exsultent.

1894 3886 1978 3949 Et,
2019 3898 2077 3939 ut
2115 3888 2426 3939 summatim
2460 3885 2662 3947 dicam,
2695 3882 2837 3935 bona
2879 3880 3237 3948 amplissima,
3265 3887 3319 3932 et
3348 3879 3471 3946 qui--

1895 3980 1994 4032 bus
2027 3979 2257 4032 beatitas
2304 3985 2539 4034 constat,
2571 3989 2634 4028 ex
2669 3971 3093 4042 cogitationibus
3130 3971 3245 4023 istis
3291 3968 3467 4038 perci-

1895 4088 2016 4138 pere
2050 4085 2373 4136 possumus;
2410 4077 2462 4120 et
2495 4067 2563 4120 ita
2607 4067 2657 4118 in
2689 4079 2753 4118 eo
2779 4064 2872 4132 qui
2909 4077 3123 4116 summe
3155 4062 3332 4114 bonus
3362 4070 3466 4122 est,

1894 4175 2127 4215 mentem
2155 4161 2453 4222 custodire,
2482 4160 2698 4211 solitam
2730 4154 3194 4225 pulchritudinem
3226 4167 3468 4213 servare,

1893 4257 2129 4308 animam
2163 4253 2442 4305 meliorem
2474 4253 2717 4310 reddere,
2747 4257 3113 4316 acceptaeque
3141 4261 3168 4298 a
3197 4245 3472 4315 mysteriis

1894 4363 2024 4415 opes
2056 4346 2220 4408 tueri,
2250 4357 2299 4398 et
2355 4344 2586 4412 regalem
2637 4342 2874 4394 tunicam
2922 4354 3025 4391 non
3060 4354 3333 4406 rumpere,
3367 4351 3468 4389 nec

1893 4440 2195 4495 sordidare.
2234 4437 2296 4489 Et
2330 4436 2538 4488 ideirco
2576 4432 3034 4501 quemadmodum
3073 4430 3268 4481 int-niis
3318 4446 3471 4480 emn-

1895 4540 2070 4601 potem
2128 4546 2268 4592 esse,
2322 4537 2373 4580 et
2425 4529 2632 4580 ratione
2670 4526 2767 4590 ttti,
2804 4527 3299 4588 humaniehnatu-a:
3346 4537 3470 4590 pro-

183 4608 514 4678 ἀνθρώπων
551 4610 764 4676 φύσεως
804 4613 935 4665 ῐδιον
960 4653 976 4675 ,
1006 4613 1150 4666 οῦτω
1184 4617 1250 4668 τὰ
1286 4619 1528 4685 Χριστοῦ
1564 4620 1790 4689 θεωρεῖν
1827 4633 1866 4685 υ

1783 4642 1790 4669 ν
1827 4633 1867 4685 D
1898 4626 2072 4692 prium
2107 4632 2221 4684 est;
2261 4623 2339 4674 sie
2384 4635 2469 4672 I'CS
2502 4617 2704 4670 Christi
2750 4615 3134 4683 contemplari,
3165 4630 3300 4683 Opus
3346 4631 3466 4667 esse

182 4703 287 4768 έργ
301 4717 364 4751 ον
395 4697 538 4751 εἶναι
571 4702 672 4769 χρὴ
703 4703 950 4770 νομίζειν
978 4704 1072 4756 τοῦ
1100 4705 1390 4776 λογισμοῦ,
1426 4711 1660 4777 μάλιστα
1692 4713 1790 4778 μὲν

181 4795 275 4846 ὅτι
312 4795 374 4844 το
415 4793 793 4864 παράδειγμα,
835 4797 972 4864 πρὸς
1002 4797 1029 4848 ὃ
1068 4797 1151 4849 δεῖ
1185 4799 1406 4866 βλέπειν
1445 4803 1783 4870 ἀνθρώπους,

180 4888 254 4938 ἄν
291 4887 354 4937 τέ
388 4903 441 4937 τι
471 4887 566 4956 δὲῃ
588 4888 851 4955 πράττειν
883 4889 970 4957 ἐφ’
995 4891 1206 4942 ἑαυτῶν
1238 4893 1459 4956 αὐτοὺς,
1498 4895 1561 4947 ἄν
1589 4912 1647 4946 τε
1676 4900 1788 4958 τοῖς

179 4980 384 5041 ἄλλοις
420 4979 533 5031 τῶν
577 4979 808 5032 δεόντων
845 4982 1123 5050 ἡγεῖσθαι,
1166 4984 1326 5051 μόνος
1366 4986 1515 5037 ἐστὶν
1562 4986 1785 5054 Ἰησοῦς,

177 5072 242 5134 ὃς
298 5070 399 5122 καὶ
435 5070 547 5122 τῶν
583 5071 728 5123 ίδίων
776 5073 941 5125 ἓνεκα
981 5076 1075 5126 καὶ
1114 5076 1214 5142 τῆς
1267 5076 1544 5139 πολιτείας
1578 5078 1790 5146 πρῶτος

180 5162 291 5214 καὶ
327 5161 498 5228 μέσος
525 5163 618 5212 καὶ
645 5162 958 5224 τελευταῖος
977 5166 1075 5232 τὴν
1106 5164 1368 5235 ἀληθινὴν
1391 5167 1672 5232 ὑπέδειξεν
1699 5170 1790 5221 ἀν-

181 5254 448 5322 θρώποις
501 5253 875 5323 δικαιοσύνην.
930 5257 1161 5308 Ἔπειτα
1216 5260 1310 5310 καὶ
1362 5259 1531 5328 γέρας
1574 5261 1722 5312 ἐστὶν
1769 5261 1796 5311 ό

180 5346 366 5405 αὐτὸς
407 5346 507 5395 καὶ
554 5349 843 5414 στέφανος,
874 5348 932 5398 ὃν
984 5348 1066 5400 δεῖ
1103 5348 1286 5402 λαϐεῖν
1331 5352 1792 5420 ἀγωνισαμένουί.

181 5436 418 5490 Οὐκοῦν
466 5438 547 5498 είς
596 5441 805 5492 ἐκεῖνον
853 5443 988 5511 όρᾷν
1033 5443 1114 5494 δεῖ
1143 5443 1238 5494 καί⁵
1277 5445 1528 5496 τάκείνου
1570 5448 1790 5497 σκοπεῖν

180 5531 480 5598 ἀκριϐῶς,
506 5533 602 5582 καὶ
620 5531 693 5595 ὡς
716 5533 891 5586 ἔνεστι
917 5535 1209 5605 πειρᾶσθαι
1231 5539 1696 5606 καταμανθάνειν,
1726 5539 1790 5589 ἵν’

181 5623 441 5689 εἰδῶμεν
472 5623 547 5683 ὡς
590 5624 673 5675 δεῖ
703 5625 904 5678 πονεῖν.
950 5627 1028 5678 Τὰ
1063 5627 1170 5698 γὰρ
1212 5624 1346 5681 ἆθλα
1378 5632 1487 5690 τοῖς
1533 5629 1793 5696 ἀθληταῖς

187 5719 405 5785 μετρεῖ
433 5718 561 5778 τοὺς
593 5717 838 5785 ἀγῶνας,
874 5720 1165 5774 καὶταῦτα
1196 5721 1640 5785 ἀποσκοποῦντες
1671 5725 1792 5784 τοὺς

263 5899 319 5930 ⁴⁹
354 5898 496 5953 Gen.
547 5913 630 5961 ιιι,
669 5897 723 5952 6.

1898 4715 2247 4785 cositatiouis
2280 4711 2703 4764 existimandum
2730 4719 2829 4762 est.
2861 4707 3110 4770 Maxiire,
3133 4711 3256 4776 quia
3285 4723 3440 4760 exem

1899 4811 2037 4878 plar,
2091 4805 2158 4858 ad
2205 4803 2348 4872 quod
2393 4801 2703 4855 hominibus
2741 4801 3140 4866 respiciendum
3199 4808 3298 4857 est.
3354 4800 3470 4853 sive

1900 4916 2035 4967 Opus
2071 4909 2150 4951 est
2184 4912 2341 4964 agere
2368 4894 2571 4962 aliquid
2598 4894 2749 4960 ipsos
2783 4894 2833 4942 in
2866 4891 3084 4957 seipsis,
3109 4893 3219 4944 sive
3254 4893 3376 4944 aliis
3415 4895 3467 4944 in

1897 4991 2074 5046 oliicio
2133 4988 2507 5058 praeeuntium,
2564 4985 2710 5036 solus
2767 4996 2848 5037 est
2899 4983 3081 5045 Jesus,
3116 4984 3207 5050 qui
3260 4993 3313 5035 et
3364 4999 3467 5051 qua

1900 5085 2116 5154 propria
2169 5095 2376 5144 nostra,
2422 5093 2473 5133 et
2508 5094 2611 5146 qua
2651 5079 2701 5129 in
2760 5076 3157 5129 consuetudine
3190 5077 3466 5130 convictu-

1899 5193 2005 5247 que
2039 5176 2236 5245 posita.
2265 5174 2496 5240 primus,
2532 5169 2764 5224 medius,
2799 5169 3046 5228 ultimus,
3077 5184 3257 5222 veram
3296 5169 3472 5221 homi-

1899 5269 2061 5321 nihus
2097 5267 2362 5334 justitiam
2401 5263 2656 5315 ostendit.
2711 5260 2912 5312 Deinde
2942 5271 2993 5312 et
3043 5263 3321 5328 praemium
3355 5265 3473 5328 ipse

1898 5371 2001 5422 est,
2039 5374 2093 5411 et
2131 5372 2329 5409 corona
2361 5365 2441 5406 est
2473 5354 2807 5405 certantibus
2837 5353 3127 5404 ull-renda.
3162 5353 3349 5418 Itaque
3383 5355 3473 5408 ille

1901 5462 2027 5504 ante
2055 5451 2244 5504 oculos
2281 5447 2586 5513 ponendus,
2617 5457 2667 5496 et
2701 5462 2818 5512 εμιςυ
2862 5445 3003 5496 illats
3040 5455 3187 5505 sunt,
3217 5457 3475 5500 aernrate

1903 5541 2304 5610 perpendenda,
2337 5548 2390 5590 ct
2437 5547 2708 5605 quatenus
2744 5537 2884 5592 licet,
2931 5537 2991 5587 ad
3043 5553 3228 5587 eorum
3271 5538 3471 5589 inte-lit-

1905 5635 2140 5705 gentiam
2176 5630 2511 5692 enitendum,
2539 5640 2595 5680 ut
2631 5628 2889 5692 sciamus,
2923 5629 3194 5694 quomodo
3225 5631 3477 5682 laborau-

1907 5731 2056 5780 dum.
2091 5722 2314 5778 l‘rmmia
2340 5723 2483 5774 enim
2515 5721 2682 5772 athlrt
2709 5736 2732 5773 s
2766 5738 2966 5786 agones
3002 5730 3318 5784 mt't'ttntur,
3345 5735 3395 5774 et
3419 5724 3480 5777 iu
