  <div class='ocr_page' id='page_1' title='image "/cluster/home/n/w/nwhite01/storage/ocr_20150623/150/nnc1.0022106740/350.png"; bbox 0 0 4262 6460; ppageno 0'>
   <div class='ocr_carea' id='block_1_1' title="bbox 205 465 307 534">
    <p class='ocr_par' dir='ltr' id='par_1_1' title="bbox 205 465 307 534">
     <span class='ocr_line' id='line_1_1' title="bbox 205 465 307 534; baseline -0.059 1"><span class='ocrx_word' id='word_1_1' title='bbox 205 465 307 534; x_wconf 82' lang='grc'><strong>681</strong></span> 
     </span>
    </p>
   </div>
   <div class='ocr_carea' id='block_1_2' title="bbox 1275 458 2406 524">
    <p class='ocr_par' dir='ltr' id='par_1_2' title="bbox 1275 458 2406 524">
     <span class='ocr_line' id='line_1_2' title="bbox 1275 458 2406 524; baseline -0.004 0"><span class='ocrx_word' id='word_1_2' title='bbox 1275 465 1371 524; x_wconf 88' lang='lat' dir='ltr'><strong>DE</strong></span> <span class='ocrx_word' id='word_1_3' title='bbox 1410 461 1586 521; x_wconf 74' lang='lat' dir='ltr'><strong>VITA</strong></span> <span class='ocrx_word' id='word_1_4' title='bbox 1623 459 1701 520; x_wconf 89' lang='lat' dir='ltr'><strong>IN</strong></span> <span class='ocrx_word' id='word_1_5' title='bbox 1742 458 2074 522; x_wconf 73' lang='lat' dir='ltr'><strong>CHRISTO</strong></span> <span class='ocrx_word' id='word_1_6' title='bbox 2112 462 2259 522; x_wconf 82' lang='lat' dir='ltr'><strong>LIB.</strong></span> <span class='ocrx_word' id='word_1_7' title='bbox 2303 460 2406 521; x_wconf 74' lang='lat' dir='ltr'><strong>VI.</strong></span> 
     </span>
    </p>
   </div>
   <div class='ocr_carea' id='block_1_3' title="bbox 3375 458 3477 520">
    <p class='ocr_par' dir='ltr' id='par_1_3' title="bbox 3375 458 3477 520">
     <span class='ocr_line' id='line_1_3' title="bbox 3375 458 3477 520; baseline -0.02 0"><span class='ocrx_word' id='word_1_8' title='bbox 3375 458 3477 520; x_wconf 66' lang='lat'><strong>692</strong></span> 
     </span>
    </p>
   </div>
   <div class='ocr_carea' id='block_1_4' title="bbox 200 572 1883 650">
    <p class='ocr_par' dir='ltr' id='par_1_4' title="bbox 200 574 1870 650">
     <span class='ocr_line' id='line_1_4' title="bbox 200 574 1870 650; baseline -0.007 -15"><span class='ocrx_word' id='word_1_9' title='bbox 200 586 265 635; x_wconf 80' lang='grc' dir='ltr'><strong>τὸ</strong></span> <span class='ocrx_word' id='word_1_10' title='bbox 298 581 455 650; x_wconf 81' lang='grc' dir='ltr'>γένος</span> <span class='ocrx_word' id='word_1_11' title='bbox 488 580 635 633; x_wconf 75' lang='grc' dir='ltr'>ἅπαν</span> <span class='ocrx_word' id='word_1_12' title='bbox 660 579 735 642; x_wconf 86' lang='grc' dir='ltr'><strong>είς</strong></span> <span class='ocrx_word' id='word_1_13' title='bbox 764 578 954 632; x_wconf 69' lang='grc' dir='ltr'>ἑαυτὸν</span> <span class='ocrx_word' id='word_1_14' title='bbox 983 576 1217 649; x_wconf 71' lang='grc' dir='ltr'>ἥρμοσε,</span> <span class='ocrx_word' id='word_1_15' title='bbox 1250 576 1365 639; x_wconf 83' lang='grc' dir='ltr'>πῶς</span> <span class='ocrx_word' id='word_1_16' title='bbox 1390 575 1449 639; x_wconf 81' lang='grc' dir='ltr'><strong>ού</strong></span> <span class='ocrx_word' id='word_1_17' title='bbox 1475 574 1543 629; x_wconf 85' lang='grc' dir='ltr'><strong>τά</strong></span> <span class='ocrx_word' id='word_1_18' title='bbox 1570 574 1796 645; x_wconf 76' lang='grc' dir='ltr'>δεύτερα</span> <span class='ocrx_word' id='word_1_19' title='bbox 1827 580 1870 635; x_wconf 77' lang='grc' dir='ltr'><strong>Α</strong></span> 
     </span>
    </p>
   </div>
   <div class='ocr_carea' id='block_1_5' title="bbox 1791 572 3474 650">
    <p class='ocr_par' dir='ltr' id='par_1_5' title="bbox 1791 572 3474 645">
     <span class='ocr_line' id='line_1_5' title="bbox 1791 572 3474 645; baseline 0.002 -20"><span class='ocrx_word' id='word_1_20' title='bbox 1791 593 1796 625; x_wconf 74' lang='grc' dir='ltr'><strong>ι</strong></span> <span class='ocrx_word' id='word_1_21' title='bbox 1827 580 1870 635; x_wconf 78' lang='grc' dir='ltr'><strong>Α</strong></span> <span class='ocrx_word' id='word_1_22' title='bbox 1902 575 2181 644; x_wconf 88' lang='lat' dir='ltr'><strong>quomodo</strong></span> <span class='ocrx_word' id='word_1_23' title='bbox 2214 574 2517 645; x_wconf 75' lang='lat' dir='ltr'><strong>posteriora</strong></span> <span class='ocrx_word' id='word_1_24' title='bbox 2545 572 2791 643; x_wconf 80' lang='lat' dir='ltr'><strong>priorum</strong></span> <span class='ocrx_word' id='word_1_25' title='bbox 2823 585 2928 625; x_wconf 85' lang='lat' dir='ltr'><strong>non</strong></span> <span class='ocrx_word' id='word_1_26' title='bbox 2958 572 3224 643; x_wconf 79' lang='lat' dir='ltr'><strong>exempla,</strong></span> <span class='ocrx_word' id='word_1_27' title='bbox 3249 584 3300 625; x_wconf 86' lang='lat' dir='ltr'><strong>et</strong></span> <span class='ocrx_word' id='word_1_28' title='bbox 3330 574 3474 629; x_wconf 85' lang='lat' dir='ltr'><strong>hunc</strong></span> 
     </span>
    </p>
   </div>
   <div class='ocr_carea' id='block_1_6' title="bbox 200 667 1799 743">
    <p class='ocr_par' dir='ltr' id='par_1_6' title="bbox 200 667 1799 743">
     <span class='ocr_line' id='line_1_6' title="bbox 200 667 1799 743; baseline -0.007 -15"><span class='ocrx_word' id='word_1_29' title='bbox 200 677 313 728; x_wconf 78' lang='grc' dir='ltr'><strong>τῶν</strong></span> <span class='ocrx_word' id='word_1_30' title='bbox 340 674 626 743; x_wconf 78' lang='grc' dir='ltr'><strong>προτέρων</strong></span> <span class='ocrx_word' id='word_1_31' title='bbox 650 671 1095 740; x_wconf 86' lang='grc' dir='ltr'>παραδείγματα,</span> <span class='ocrx_word' id='word_1_32' title='bbox 1130 671 1224 724; x_wconf 86' lang='grc' dir='ltr'><strong>καί</strong></span> <span class='ocrx_word' id='word_1_33' title='bbox 1248 669 1339 723; x_wconf 74' lang='grc' dir='ltr'>τὸν</span> <span class='ocrx_word' id='word_1_34' title='bbox 1369 669 1467 737; x_wconf 66' lang='grc' dir='ltr'><strong>μὲν</strong></span> <span class='ocrx_word' id='word_1_35' title='bbox 1492 667 1799 737; x_wconf 76' lang='grc' dir='ltr'>ἀρχέτυπον</span> 
     </span>
    </p>
   </div>
   <div class='ocr_carea' id='block_1_7' title="bbox 203 758 1801 837">
    <p class='ocr_par' dir='ltr' id='par_1_7' title="bbox 203 758 1801 837">
     <span class='ocr_line' id='line_1_7' title="bbox 203 758 1801 837; baseline -0.008 -16"><span class='ocrx_word' id='word_1_36' title='bbox 203 766 347 821; x_wconf 74' lang='grc' dir='ltr'>εἶναι</span> <span class='ocrx_word' id='word_1_37' title='bbox 389 767 496 837; x_wconf 78' lang='grc' dir='ltr'>χρὴ</span> <span class='ocrx_word' id='word_1_38' title='bbox 545 765 813 833; x_wconf 72' lang='grc' dir='ltr'>νομίζειν,</span> <span class='ocrx_word' id='word_1_39' title='bbox 856 764 946 817; x_wconf 76' lang='grc' dir='ltr'>τὸν</span> <span class='ocrx_word' id='word_1_40' title='bbox 994 763 1051 816; x_wconf 69' lang='grc' dir='ltr'><strong>δὲ</strong></span> <span class='ocrx_word' id='word_1_41' title='bbox 1094 763 1307 815; x_wconf 64' lang='grc' dir='ltr'>ἐκεῖθεν</span> <span class='ocrx_word' id='word_1_42' title='bbox 1344 760 1640 831; x_wconf 82' lang='grc' dir='ltr'>είλῆφθαι;</span> <span class='ocrx_word' id='word_1_43' title='bbox 1680 758 1801 810; x_wconf 85' lang='grc' dir='ltr'><strong>Τῶν</strong></span> 
     </span>
    </p>
   </div>
   <div class='ocr_carea' id='block_1_8' title="bbox 204 850 1802 928">
    <p class='ocr_par' dir='ltr' id='par_1_8' title="bbox 204 850 1802 928">
     <span class='ocr_line' id='line_1_8' title="bbox 204 850 1802 928; baseline -0.008 -16"><span class='ocrx_word' id='word_1_44' title='bbox 204 860 317 928; x_wconf 84' lang='grc' dir='ltr'><strong>γὰρ</strong></span> <span class='ocrx_word' id='word_1_45' title='bbox 345 858 737 919; x_wconf 71' lang='grc' dir='ltr'><strong>ἀτοπωτάτων,</strong></span> <span class='ocrx_word' id='word_1_46' title='bbox 767 857 903 926; x_wconf 82' lang='grc' dir='ltr'>πρὸς</span> <span class='ocrx_word' id='word_1_47' title='bbox 935 856 1003 908; x_wconf 87' lang='grc' dir='ltr'><strong>τά</strong></span> <span class='ocrx_word' id='word_1_48' title='bbox 1034 856 1203 923; x_wconf 84' lang='grc' dir='ltr'>ἀτελῆ</span> <span class='ocrx_word' id='word_1_49' title='bbox 1232 854 1303 907; x_wconf 85' lang='grc' dir='ltr'><strong>τά</strong></span> <span class='ocrx_word' id='word_1_50' title='bbox 1335 852 1641 906; x_wconf 75' lang='grc' dir='ltr'><strong>τελεώτατα</strong></span> <span class='ocrx_word' id='word_1_51' title='bbox 1669 850 1802 903; x_wconf 65' lang='grc' dir='ltr'>πάνυ·</span> 
     </span>
    </p>
   </div>
   <div class='ocr_carea' id='block_1_9' title="bbox 204 945 1805 1018">
    <p class='ocr_par' dir='ltr' id='par_1_9' title="bbox 204 945 1805 1018">
     <span class='ocr_line' id='line_1_9' title="bbox 204 945 1805 1018; baseline -0.005 -15"><span class='ocrx_word' id='word_1_52' title='bbox 204 972 316 1006; x_wconf 83' lang='grc' dir='ltr'><strong>των</strong></span> <span class='ocrx_word' id='word_1_53' title='bbox 362 950 684 1018; x_wconf 64' lang='grc' dir='ltr'>ἐπείγεσθαι</span> <span class='ocrx_word' id='word_1_54' title='bbox 727 945 992 1017; x_wconf 73' lang='grc' dir='ltr'>νομίζειν,</span> <span class='ocrx_word' id='word_1_55' title='bbox 1050 950 1147 1002; x_wconf 72' lang='grc' dir='ltr'><strong>καὶ</strong></span> <span class='ocrx_word' id='word_1_56' title='bbox 1185 949 1297 1010; x_wconf 81' lang='grc' dir='ltr'>τοῖς</span> <span class='ocrx_word' id='word_1_57' title='bbox 1347 946 1580 1017; x_wconf 80' lang='grc' dir='ltr'><strong>βελτίοσι</strong></span> <span class='ocrx_word' id='word_1_58' title='bbox 1627 961 1805 1011; x_wconf 83' lang='grc' dir='ltr'>παρα-</span> 
     </span>
    </p>
   </div>
   <div class='ocr_carea' id='block_1_10' title="bbox 202 1036 1801 1113">
    <p class='ocr_par' dir='ltr' id='par_1_10' title="bbox 202 1036 1801 1113">
     <span class='ocr_line' id='line_1_10' title="bbox 202 1036 1801 1113; baseline -0.008 -14"><span class='ocrx_word' id='word_1_59' title='bbox 202 1048 483 1113; x_wconf 86' lang='grc' dir='ltr'>δείγματα</span> <span class='ocrx_word' id='word_1_60' title='bbox 535 1042 860 1111; x_wconf 78' lang='grc' dir='ltr'>προκεῖσθαι</span> <span class='ocrx_word' id='word_1_61' title='bbox 910 1042 977 1094; x_wconf 76' lang='grc' dir='ltr'>τὰ</span> <span class='ocrx_word' id='word_1_62' title='bbox 1024 1043 1229 1109; x_wconf 91' lang='grc' dir='ltr'>χείρω,</span> <span class='ocrx_word' id='word_1_63' title='bbox 1266 1042 1357 1092; x_wconf 73' lang='grc' dir='ltr'>καὶ</span> <span class='ocrx_word' id='word_1_64' title='bbox 1395 1039 1521 1100; x_wconf 80' lang='grc' dir='ltr'>τοὺς</span> <span class='ocrx_word' id='word_1_65' title='bbox 1568 1036 1801 1105; x_wconf 69' lang='grc' dir='ltr'>τυφλοῦς</span> 
     </span>
    </p>
   </div>
   <div class='ocr_carea' id='block_1_11' title="bbox 208 1126 1804 1205">
    <p class='ocr_par' dir='ltr' id='par_1_11' title="bbox 208 1126 1804 1205">
     <span class='ocr_line' id='line_1_11' title="bbox 208 1126 1804 1205; baseline -0.008 -17"><span class='ocrx_word' id='word_1_66' title='bbox 208 1137 469 1205; x_wconf 79' lang='grc' dir='ltr'>ἡγεῖσθαι</span> <span class='ocrx_word' id='word_1_67' title='bbox 528 1136 642 1195; x_wconf 88' lang='grc' dir='ltr'>τοῖς</span> <span class='ocrx_word' id='word_1_68' title='bbox 692 1132 1003 1201; x_wconf 77' lang='grc' dir='ltr'>βλέπουσιν.</span> <span class='ocrx_word' id='word_1_69' title='bbox 1035 1129 1113 1185; x_wconf 87' lang='grc' dir='ltr'>Ού</span> <span class='ocrx_word' id='word_1_70' title='bbox 1165 1133 1275 1197; x_wconf 81' lang='grc' dir='ltr'>γὰρ</span> <span class='ocrx_word' id='word_1_71' title='bbox 1336 1130 1419 1181; x_wconf 82' lang='grc' dir='ltr'>ὅτι</span> <span class='ocrx_word' id='word_1_72' title='bbox 1471 1128 1562 1180; x_wconf 82' lang='grc' dir='ltr'><strong>τὸν</strong></span> <span class='ocrx_word' id='word_1_73' title='bbox 1614 1126 1804 1195; x_wconf 85' lang='grc' dir='ltr'>χρόνον</span> 
     </span>
    </p>
   </div>
   <div class='ocr_carea' id='block_1_12' title="bbox 208 1216 1805 1296">
    <p class='ocr_par' dir='ltr' id='par_1_12' title="bbox 208 1216 1805 1296">
     <span class='ocr_line' id='line_1_12' title="bbox 208 1216 1805 1296; baseline -0.008 -16"><span class='ocrx_word' id='word_1_74' title='bbox 208 1228 463 1296; x_wconf 72' lang='grc' dir='ltr'>πρότερα</span> <span class='ocrx_word' id='word_1_75' title='bbox 501 1228 705 1287; x_wconf 72' lang='grc' dir='ltr'>ἐκεῖνα,</span> <span class='ocrx_word' id='word_1_76' title='bbox 764 1226 975 1278; x_wconf 83' lang='grc' dir='ltr'>δίκαιον</span> <span class='ocrx_word' id='word_1_77' title='bbox 1043 1223 1109 1275; x_wconf 83' lang='grc' dir='ltr'><strong>ἂν</strong></span> <span class='ocrx_word' id='word_1_78' title='bbox 1168 1222 1257 1290; x_wconf 72' lang='grc' dir='ltr'><strong>εἴη</strong></span> <span class='ocrx_word' id='word_1_79' title='bbox 1318 1218 1652 1288; x_wconf 77' lang='grc' dir='ltr'><strong>θαυμάζειν,</strong></span> <span class='ocrx_word' id='word_1_80' title='bbox 1690 1216 1805 1270; x_wconf 82' lang='grc' dir='ltr'>ἀλλ’</span> 
     </span>
    </p>
   </div>
   <div class='ocr_carea' id='block_1_13' title="bbox 207 1308 1803 1383">
    <p class='ocr_par' dir='ltr' id='par_1_13' title="bbox 207 1308 1803 1383">
     <span class='ocr_line' id='line_1_13' title="bbox 207 1308 1803 1383; baseline -0.005 -13"><span class='ocrx_word' id='word_1_81' title='bbox 207 1321 294 1371; x_wconf 79' lang='grc' dir='ltr'>ὅτι</span> <span class='ocrx_word' id='word_1_82' title='bbox 326 1318 512 1371; x_wconf 84' lang='grc' dir='ltr'>τέλεια</span> <span class='ocrx_word' id='word_1_83' title='bbox 557 1317 731 1370; x_wconf 88' lang='grc' dir='ltr'>ταῦτα</span> <span class='ocrx_word' id='word_1_84' title='bbox 764 1318 872 1369; x_wconf 81' lang='grc' dir='ltr'><strong>τῶν</strong></span> <span class='ocrx_word' id='word_1_85' title='bbox 910 1314 1115 1369; x_wconf 78' lang='grc' dir='ltr'><strong>ἀτελῶν</strong></span> <span class='ocrx_word' id='word_1_86' title='bbox 1156 1315 1330 1383; x_wconf 73' lang='grc' dir='ltr'>ἀρχὰς</span> <span class='ocrx_word' id='word_1_87' title='bbox 1377 1308 1517 1366; x_wconf 82' lang='grc' dir='ltr'>εῖναι</span> <span class='ocrx_word' id='word_1_88' title='bbox 1559 1311 1803 1381; x_wconf 75' lang='grc' dir='ltr'>προσῆκε</span> 
     </span>
    </p>
   </div>
   <div class='ocr_carea' id='block_1_14' title="bbox 214 1402 1807 1477">
    <p class='ocr_par' dir='ltr' id='par_1_14' title="bbox 214 1402 1807 1477">
     <span class='ocr_line' id='line_1_14' title="bbox 214 1402 1807 1477; baseline -0.006 -14"><span class='ocrx_word' id='word_1_89' title='bbox 214 1412 535 1463; x_wconf 83' lang='grc' dir='ltr'>πισττεύειν</span> <span class='ocrx_word' id='word_1_90' title='bbox 558 1412 736 1461; x_wconf 72' lang='grc' dir='ltr'>ἐκεῖνο</span> <span class='ocrx_word' id='word_1_91' title='bbox 765 1409 1200 1477; x_wconf 72' lang='grc' dir='ltr'><strong>ἐνθυμουμένους</strong></span> <span class='ocrx_word' id='word_1_92' title='bbox 1223 1447 1238 1470; x_wconf 92' lang='grc'><strong>,</strong></span> <span class='ocrx_word' id='word_1_93' title='bbox 1278 1406 1361 1458; x_wconf 85' lang='grc' dir='ltr'>ὅτι</span> <span class='ocrx_word' id='word_1_94' title='bbox 1392 1404 1488 1458; x_wconf 78' lang='grc' dir='ltr'><strong>καὶ</strong></span> <span class='ocrx_word' id='word_1_95' title='bbox 1536 1402 1674 1473; x_wconf 78' lang='grc' dir='ltr'>πρὸς</span> <span class='ocrx_word' id='word_1_96' title='bbox 1709 1402 1807 1473; x_wconf 80' lang='grc' dir='ltr'>τὴν</span> 
     </span>
    </p>
   </div>
   <div class='ocr_carea' id='block_1_15' title="bbox 209 1496 1804 1571">
    <p class='ocr_par' dir='ltr' id='par_1_15' title="bbox 209 1496 1804 1571">
     <span class='ocr_line' id='line_1_15' title="bbox 209 1496 1804 1571; baseline -0.008 -15"><span class='ocrx_word' id='word_1_97' title='bbox 209 1504 510 1571; x_wconf 84' lang='grc' dir='ltr'>ἀνθρώπου</span> <span class='ocrx_word' id='word_1_98' title='bbox 543 1502 735 1570; x_wconf 83' lang='grc' dir='ltr'>χρείαν</span> <span class='ocrx_word' id='word_1_99' title='bbox 763 1500 934 1553; x_wconf 87' lang='grc' dir='ltr'>πολλά</span> <span class='ocrx_word' id='word_1_100' title='bbox 963 1498 1402 1554; x_wconf 74' lang='grc' dir='ltr'><strong>κατεσκεύασται</strong></span> <span class='ocrx_word' id='word_1_101' title='bbox 1432 1496 1532 1566; x_wconf 80' lang='grc' dir='ltr'>μὲν</span> <span class='ocrx_word' id='word_1_102' title='bbox 1567 1496 1804 1565; x_wconf 89' lang='grc' dir='ltr'>πρότερα</span> 
     </span>
    </p>
   </div>
   <div class='ocr_carea' id='block_1_16' title="bbox 207 1587 1806 1659">
    <p class='ocr_par' dir='ltr' id='par_1_16' title="bbox 207 1587 1806 1659">
     <span class='ocr_line' id='line_1_16' title="bbox 207 1587 1806 1659; baseline -0.008 -10"><span class='ocrx_word' id='word_1_103' title='bbox 207 1598 291 1659; x_wconf 82' lang='grc' dir='ltr'>δὲ,</span> <span class='ocrx_word' id='word_1_104' title='bbox 330 1596 427 1649; x_wconf 76' lang='grc' dir='ltr'>καὶ</span> <span class='ocrx_word' id='word_1_105' title='bbox 453 1597 482 1648; x_wconf 82' lang='grc' dir='ltr'><strong>ὁ</strong></span> <span class='ocrx_word' id='word_1_106' title='bbox 523 1595 745 1647; x_wconf 83' lang='grc' dir='ltr'>πάντων</span> <span class='ocrx_word' id='word_1_107' title='bbox 779 1592 983 1645; x_wconf 89' lang='grc' dir='ltr'>τούτων</span> <span class='ocrx_word' id='word_1_108' title='bbox 1030 1590 1214 1644; x_wconf 85' lang='grc' dir='ltr'><strong>κανὼν</strong></span> <span class='ocrx_word' id='word_1_109' title='bbox 1250 1590 1535 1659; x_wconf 77' lang='grc' dir='ltr'>ἄνθρωπος</span> <span class='ocrx_word' id='word_1_110' title='bbox 1579 1587 1806 1648; x_wconf 79' lang='grc' dir='ltr'>ὕστατος</span> 
     </span>
    </p>
   </div>
   <div class='ocr_carea' id='block_1_17' title="bbox 207 1678 1807 1753">
    <p class='ocr_par' dir='ltr' id='par_1_17' title="bbox 207 1678 1807 1753">
     <span class='ocr_line' id='line_1_17' title="bbox 207 1678 1807 1753; baseline -0.006 -13"><span class='ocrx_word' id='word_1_111' title='bbox 207 1685 475 1740; x_wconf 80' lang='grc' dir='ltr'>ἁπάντων</span> <span class='ocrx_word' id='word_1_112' title='bbox 520 1684 627 1752; x_wconf 78' lang='grc' dir='ltr'>τῆς</span> <span class='ocrx_word' id='word_1_113' title='bbox 662 1684 764 1751; x_wconf 84' lang='grc' dir='ltr'>γῆς</span> <span class='ocrx_word' id='word_1_114' title='bbox 814 1683 1157 1753; x_wconf 68' lang='grc' dir='ltr'>ἐξελήλυθεν.</span> <span class='ocrx_word' id='word_1_115' title='bbox 1207 1678 1351 1735; x_wconf 81' lang='grc' dir='ltr'>Εἶεν.</span> <span class='ocrx_word' id='word_1_116' title='bbox 1397 1681 1569 1747; x_wconf 82' lang='grc' dir='ltr'>’Υπὲρ</span> <span class='ocrx_word' id='word_1_117' title='bbox 1602 1680 1807 1732; x_wconf 82' lang='grc' dir='ltr'>τούτων</span> 
     </span>
    </p>
   </div>
   <div class='ocr_carea' id='block_1_18' title="bbox 208 1772 1808 1845">
    <p class='ocr_par' dir='ltr' id='par_1_18' title="bbox 208 1772 1808 1845">
     <span class='ocr_line' id='line_1_18' title="bbox 208 1772 1808 1845; baseline -0.006 -15"><span class='ocrx_word' id='word_1_118' title='bbox 208 1778 397 1831; x_wconf 84' lang='grc' dir='ltr'>τοίνυν</span> <span class='ocrx_word' id='word_1_119' title='bbox 420 1777 685 1831; x_wconf 74' lang='grc' dir='ltr'>ἀπάντων</span> <span class='ocrx_word' id='word_1_120' title='bbox 719 1776 811 1829; x_wconf 81' lang='grc' dir='ltr'>καὶ</span> <span class='ocrx_word' id='word_1_121' title='bbox 842 1775 1004 1843; x_wconf 83' lang='grc' dir='ltr'>φύσει</span> <span class='ocrx_word' id='word_1_122' title='bbox 1035 1775 1131 1828; x_wconf 78' lang='grc' dir='ltr'><strong>καὶ</strong></span> <span class='ocrx_word' id='word_1_123' title='bbox 1160 1774 1357 1845; x_wconf 83' lang='grc' dir='ltr'>γνώμῃ</span> <span class='ocrx_word' id='word_1_124' title='bbox 1398 1775 1491 1825; x_wconf 76' lang='grc' dir='ltr'><strong>καὶ</strong></span> <span class='ocrx_word' id='word_1_125' title='bbox 1528 1772 1808 1839; x_wconf 75' lang='grc' dir='ltr'><strong>λογισμοῖς</strong></span> 
     </span>
    </p>
   </div>
   <div class='ocr_carea' id='block_1_19' title="bbox 1906 663 3478 737">
    <p class='ocr_par' dir='ltr' id='par_1_19' title="bbox 1906 663 3478 737">
     <span class='ocr_line' id='line_1_19' title="bbox 1906 663 3478 737; baseline 0.001 -17"><span class='ocrx_word' id='word_1_126' title='bbox 1906 668 2288 737; x_wconf 83' lang='lat' dir='ltr'><strong>archetypum,</strong></span> <span class='ocrx_word' id='word_1_127' title='bbox 2325 666 2475 720; x_wconf 91' lang='lat' dir='ltr'><strong>illum</strong></span> <span class='ocrx_word' id='word_1_128' title='bbox 2506 680 2637 721; x_wconf 89' lang='lat' dir='ltr'><strong>vero</strong></span> <span class='ocrx_word' id='word_1_129' title='bbox 2697 664 2821 719; x_wconf 89' lang='lat' dir='ltr'><strong>inde</strong></span> <span class='ocrx_word' id='word_1_130' title='bbox 2862 663 3143 734; x_wconf 81' lang='lat' dir='ltr'><strong>sumptum</strong></span> <span class='ocrx_word' id='word_1_131' title='bbox 3170 676 3222 719; x_wconf 93' lang='lat' dir='ltr'><strong>et</strong></span> <span class='ocrx_word' id='word_1_132' title='bbox 3254 680 3478 734; x_wconf 80' lang='lat' dir='ltr'><strong>expres-</strong></span> 
     </span>
    </p>
   </div>
   <div class='ocr_carea' id='block_1_20' title="bbox 1905 756 3484 827">
    <p class='ocr_par' dir='ltr' id='par_1_20' title="bbox 1905 756 3484 827">
     <span class='ocr_line' id='line_1_20' title="bbox 1905 756 3484 827; baseline -0.001 -15"><span class='ocrx_word' id='word_1_133' title='bbox 1905 774 2022 812; x_wconf 86' lang='lat' dir='ltr'><strong>sum</strong></span> <span class='ocrx_word' id='word_1_134' title='bbox 2059 775 2164 813; x_wconf 92' lang='lat' dir='ltr'><strong>non</strong></span> <span class='ocrx_word' id='word_1_135' title='bbox 2191 756 3154 814; x_wconf 76' lang='lat' dir='ltr'><strong>existimabimus?Absurdissimum</strong></span> <span class='ocrx_word' id='word_1_136' title='bbox 3185 759 3385 827; x_wconf 89' lang='lat' dir='ltr'><strong>quippe</strong></span> <span class='ocrx_word' id='word_1_137' title='bbox 3400 768 3484 813; x_wconf 87' lang='lat' dir='ltr'><strong>est</strong></span> 
     </span>
    </p>
   </div>
   <div class='ocr_carea' id='block_1_21' title="bbox 1908 848 3483 918">
    <p class='ocr_par' dir='ltr' id='par_1_21' title="bbox 1908 848 3483 918">
     <span class='ocr_line' id='line_1_21' title="bbox 1908 848 3483 918; baseline 0.001 -19"><span class='ocrx_word' id='word_1_138' title='bbox 1908 862 2096 918; x_wconf 87' lang='lat' dir='ltr'><strong>putare</strong></span> <span class='ocrx_word' id='word_1_139' title='bbox 2146 851 2392 904; x_wconf 92' lang='lat' dir='ltr'><strong>omnium</strong></span> <span class='ocrx_word' id='word_1_140' title='bbox 2447 848 2845 917; x_wconf 79' lang='lat' dir='ltr'><strong>perfectissima</strong></span> <span class='ocrx_word' id='word_1_141' title='bbox 2901 848 2967 902; x_wconf 84' lang='lat' dir='ltr'><strong>ad</strong></span> <span class='ocrx_word' id='word_1_142' title='bbox 3014 849 3331 917; x_wconf 80' lang='lat' dir='ltr'><strong>imperfecta</strong></span> <span class='ocrx_word' id='word_1_143' title='bbox 3371 851 3483 903; x_wconf 86' lang='lat' dir='ltr'><strong>exi-</strong></span> 
     </span>
    </p>
   </div>
   <div class='ocr_carea' id='block_1_22' title="bbox 1906 940 3480 1009">
    <p class='ocr_par' dir='ltr' id='par_1_22' title="bbox 1906 940 3480 1009">
     <span class='ocr_line' id='line_1_22' title="bbox 1906 940 3480 1009; baseline 0.001 -17"><span class='ocrx_word' id='word_1_144' title='bbox 1906 940 2104 1009; x_wconf 84' lang='lat' dir='ltr'><strong>genda,</strong></span> <span class='ocrx_word' id='word_1_145' title='bbox 2141 950 2191 994; x_wconf 90' lang='lat' dir='ltr'><strong>et</strong></span> <span class='ocrx_word' id='word_1_146' title='bbox 2227 942 2549 995; x_wconf 81' lang='lat' dir='ltr'><strong>melioribus</strong></span> <span class='ocrx_word' id='word_1_147' title='bbox 2575 941 2824 1009; x_wconf 85' lang='lat' dir='ltr'><strong>exempla</strong></span> <span class='ocrx_word' id='word_1_148' title='bbox 2853 940 3123 993; x_wconf 75' lang='lat' dir='ltr'><strong>deteriora</strong></span> <span class='ocrx_word' id='word_1_149' title='bbox 3158 956 3480 1009; x_wconf 65' lang='lat' dir='ltr'><strong>praeponen-</strong></span> 
     </span>
    </p>
   </div>
   <div class='ocr_carea' id='block_1_23' title="bbox 1905 1032 3479 1104">
    <p class='ocr_par' dir='ltr' id='par_1_23' title="bbox 1905 1032 3479 1104">
     <span class='ocr_line' id='line_1_23' title="bbox 1905 1032 3479 1104; baseline -0.001 -16"><span class='ocrx_word' id='word_1_150' title='bbox 1905 1035 2078 1097; x_wconf 90' lang='lat' dir='ltr'><strong>da,et</strong></span> <span class='ocrx_word' id='word_1_151' title='bbox 2112 1050 2141 1089; x_wconf 86' lang='lat' dir='ltr'><strong>a</strong></span> <span class='ocrx_word' id='word_1_152' title='bbox 2185 1036 2344 1089; x_wconf 59' lang='lat' dir='ltr'><strong>caecis</strong></span> <span class='ocrx_word' id='word_1_153' title='bbox 2394 1036 2747 1104; x_wconf 67' lang='lat' dir='ltr'><strong>praeeundum</strong></span> <span class='ocrx_word' id='word_1_154' title='bbox 2800 1034 3131 1087; x_wconf 68' lang='lat' dir='ltr'><strong>videntibus.</strong></span> <span class='ocrx_word' id='word_1_155' title='bbox 3184 1032 3300 1087; x_wconf 85' lang='lat' dir='ltr'><strong>Non</strong></span> <span class='ocrx_word' id='word_1_156' title='bbox 3335 1036 3479 1087; x_wconf 88' lang='lat' dir='ltr'><strong>enim</strong></span> 
     </span>
    </p>
   </div>
   <div class='ocr_carea' id='block_1_24' title="bbox 1906 1124 3483 1194">
    <p class='ocr_par' dir='ltr' id='par_1_24' title="bbox 1906 1124 3483 1194">
     <span class='ocr_line' id='line_1_24' title="bbox 1906 1124 3483 1194; baseline 0 -16"><span class='ocrx_word' id='word_1_157' title='bbox 1906 1125 2035 1194; x_wconf 83' lang='lat' dir='ltr'><strong>quia</strong></span> <span class='ocrx_word' id='word_1_158' title='bbox 2070 1126 2159 1179; x_wconf 88' lang='lat' dir='ltr'><strong>illa</strong></span> <span class='ocrx_word' id='word_1_159' title='bbox 2186 1138 2429 1194; x_wconf 89' lang='lat' dir='ltr'><strong>tempore</strong></span> <span class='ocrx_word' id='word_1_160' title='bbox 2466 1126 2669 1193; x_wconf 86' lang='lat' dir='ltr'><strong>priora,</strong></span> <span class='ocrx_word' id='word_1_161' title='bbox 2701 1124 2977 1194; x_wconf 87' lang='lat' dir='ltr'><strong>adeojure</strong></span> <span class='ocrx_word' id='word_1_162' title='bbox 3006 1124 3349 1189; x_wconf 85' lang='lat' dir='ltr'><strong>admiranda,</strong></span> <span class='ocrx_word' id='word_1_163' title='bbox 3389 1126 3483 1178; x_wconf 75' lang='lat' dir='ltr'><strong>Sed</strong></span> 
     </span>
    </p>
   </div>
   <div class='ocr_carea' id='block_1_25' title="bbox 1908 1216 3485 1287">
    <p class='ocr_par' dir='ltr' id='par_1_25' title="bbox 1908 1216 3485 1287">
     <span class='ocr_line' id='line_1_25' title="bbox 1908 1216 3485 1287; baseline 0.001 -18"><span class='ocrx_word' id='word_1_164' title='bbox 1908 1218 2037 1287; x_wconf 84' lang='lat' dir='ltr'><strong>quia</strong></span> <span class='ocrx_word' id='word_1_165' title='bbox 2085 1216 2199 1272; x_wconf 71' lang='lat' dir='ltr'><strong>haec</strong></span> <span class='ocrx_word' id='word_1_166' title='bbox 2245 1217 2485 1286; x_wconf 82' lang='lat' dir='ltr'><strong>perfecta</strong></span> <span class='ocrx_word' id='word_1_167' title='bbox 2536 1228 2683 1283; x_wconf 80' lang='lat' dir='ltr'><strong>sunt,</strong></span> <span class='ocrx_word' id='word_1_168' title='bbox 2734 1216 3178 1286; x_wconf 78' lang='lat' dir='ltr'><strong>imperfectorum</strong></span> <span class='ocrx_word' id='word_1_169' title='bbox 3223 1218 3485 1287; x_wconf 79' lang='lat' dir='ltr'><strong>principia</strong></span> 
     </span>
    </p>
   </div>
   <div class='ocr_carea' id='block_1_26' title="bbox 1909 1308 3486 1379">
    <p class='ocr_par' dir='ltr' id='par_1_26' title="bbox 1909 1308 3486 1379">
     <span class='ocr_line' id='line_1_26' title="bbox 1909 1308 3486 1379; baseline -0.003 -16"><span class='ocrx_word' id='word_1_170' title='bbox 1909 1323 2030 1363; x_wconf 87' lang='lat' dir='ltr'><strong>esse</strong></span> <span class='ocrx_word' id='word_1_171' title='bbox 2056 1308 2257 1364; x_wconf 82' lang='lat' dir='ltr'><strong>debere</strong></span> <span class='ocrx_word' id='word_1_172' title='bbox 2303 1311 2632 1369; x_wconf 78' lang='lat' dir='ltr'><strong>eredendum</strong></span> <span class='ocrx_word' id='word_1_173' title='bbox 2676 1319 2779 1371; x_wconf 86' lang='lat' dir='ltr'><strong>est,</strong></span> <span class='ocrx_word' id='word_1_174' title='bbox 2828 1320 2881 1363; x_wconf 88' lang='lat' dir='ltr'><strong>ct</strong></span> <span class='ocrx_word' id='word_1_175' title='bbox 2926 1309 3058 1362; x_wconf 89' lang='lat' dir='ltr'><strong>illud</strong></span> <span class='ocrx_word' id='word_1_176' title='bbox 3112 1310 3486 1379; x_wconf 82' lang='lat' dir='ltr'><strong>cogitandum,</strong></span> 
     </span>
    </p>
   </div>
   <div class='ocr_carea' id='block_1_27' title="bbox 1908 1400 3465 1470">
    <p class='ocr_par' dir='ltr' id='par_1_27' title="bbox 1908 1400 3465 1470">
     <span class='ocr_line' id='line_1_27' title="bbox 1908 1400 3465 1470; baseline 0.002 -19"><span class='ocrx_word' id='word_1_177' title='bbox 1908 1400 2074 1453; x_wconf 90' lang='lat' dir='ltr'><strong>etiam</strong></span> <span class='ocrx_word' id='word_1_178' title='bbox 2106 1401 2170 1453; x_wconf 88' lang='lat' dir='ltr'><strong>ad</strong></span> <span class='ocrx_word' id='word_1_179' title='bbox 2207 1402 2447 1456; x_wconf 85' lang='lat' dir='ltr'><strong>hominis</strong></span> <span class='ocrx_word' id='word_1_180' title='bbox 2480 1418 2640 1456; x_wconf 88' lang='lat' dir='ltr'><strong>usum</strong></span> <span class='ocrx_word' id='word_1_181' title='bbox 2685 1402 2855 1455; x_wconf 90' lang='lat' dir='ltr'><strong>multa</strong></span> <span class='ocrx_word' id='word_1_182' title='bbox 2886 1403 3039 1468; x_wconf 90' lang='lat' dir='ltr'><strong>prius</strong></span> <span class='ocrx_word' id='word_1_183' title='bbox 3072 1411 3259 1470; x_wconf 79' lang='lat' dir='ltr'><strong>parata</strong></span> <span class='ocrx_word' id='word_1_184' title='bbox 3296 1400 3465 1454; x_wconf 81' lang='lat' dir='ltr'><strong>fuisse</strong></span> 
     </span>
    </p>
   </div>
   <div class='ocr_carea' id='block_1_28' title="bbox 1909 1474 3488 1561">
    <p class='ocr_par' dir='ltr' id='par_1_28' title="bbox 1909 1474 3488 1561">
     <span class='ocr_line' id='line_1_28' title="bbox 1909 1474 3488 1561; baseline 0.003 -20"><span class='ocrx_word' id='word_1_185' title='bbox 1909 1486 2143 1557; x_wconf 76' lang='lat' dir='ltr'><strong>Propter</strong></span> <span class='ocrx_word' id='word_1_186' title='bbox 2182 1490 2298 1544; x_wconf 74' lang='lat' dir='ltr'><strong>haec</strong></span> <span class='ocrx_word' id='word_1_187' title='bbox 2350 1493 2532 1545; x_wconf 88' lang='lat' dir='ltr'><strong>omnia</strong></span> <span class='ocrx_word' id='word_1_188' title='bbox 2573 1474 2737 1561; x_wconf 81' lang='lat' dir='ltr'><strong>igitur</strong></span> <span class='ocrx_word' id='word_1_189' title='bbox 2766 1502 2819 1547; x_wconf 88' lang='lat' dir='ltr'><strong>et</strong></span> <span class='ocrx_word' id='word_1_190' title='bbox 2850 1501 3067 1556; x_wconf 82' lang='lat' dir='ltr'><strong>natura,</strong></span> <span class='ocrx_word' id='word_1_191' title='bbox 3097 1502 3151 1545; x_wconf 89' lang='lat' dir='ltr'><strong>et</strong></span> <span class='ocrx_word' id='word_1_192' title='bbox 3185 1492 3488 1555; x_wconf 70' lang='lat' dir='ltr'><strong>voluntate,</strong></span> 
     </span>
    </p>
   </div>
   <div class='ocr_carea' id='block_1_29' title="bbox 1910 1582 3489 1651">
    <p class='ocr_par' dir='ltr' id='par_1_29' title="bbox 1910 1582 3489 1651">
     <span class='ocr_line' id='line_1_29' title="bbox 1910 1582 3489 1651; baseline 0.001 -15"><span class='ocrx_word' id='word_1_193' title='bbox 1910 1590 1965 1636; x_wconf 89' lang='lat' dir='ltr'><strong>et</strong></span> <span class='ocrx_word' id='word_1_194' title='bbox 1998 1582 2428 1651; x_wconf 73' lang='lat' dir='ltr'><strong>cogitationibus</strong></span> <span class='ocrx_word' id='word_1_195' title='bbox 2482 1585 2760 1639; x_wconf 84' lang='lat' dir='ltr'><strong>Christum</strong></span> <span class='ocrx_word' id='word_1_196' title='bbox 2816 1586 2981 1641; x_wconf 90' lang='lat' dir='ltr'><strong>homo</strong></span> <span class='ocrx_word' id='word_1_197' title='bbox 3035 1586 3329 1650; x_wconf 79' lang='lat' dir='ltr'><strong>desiderat,</strong></span> <span class='ocrx_word' id='word_1_198' title='bbox 3381 1600 3489 1638; x_wconf 89' lang='lat' dir='ltr'><strong>non</strong></span> 
     </span>
    </p>
   </div>
   <div class='ocr_carea' id='block_1_30' title="bbox 1913 1675 3489 1747">
    <p class='ocr_par' dir='ltr' id='par_1_30' title="bbox 1913 1675 3489 1747">
     <span class='ocr_line' id='line_1_30' title="bbox 1913 1675 3489 1747; baseline 0.002 -19"><span class='ocrx_word' id='word_1_199' title='bbox 1913 1688 2131 1744; x_wconf 84' lang='lat' dir='ltr'><strong>prOpter</strong></span> <span class='ocrx_word' id='word_1_200' title='bbox 2160 1675 2416 1731; x_wconf 85' lang='lat' dir='ltr'><strong>deitatem</strong></span> <span class='ocrx_word' id='word_1_201' title='bbox 2468 1686 2701 1741; x_wconf 84' lang='lat' dir='ltr'><strong>tantum,</strong></span> <span class='ocrx_word' id='word_1_202' title='bbox 2752 1694 2871 1747; x_wconf 73' lang='lat' dir='ltr'><strong>qua:</strong></span> <span class='ocrx_word' id='word_1_203' title='bbox 2920 1689 3001 1733; x_wconf 89' lang='lat' dir='ltr'><strong>est</strong></span> <span class='ocrx_word' id='word_1_204' title='bbox 3049 1680 3296 1731; x_wconf 87' lang='lat' dir='ltr'><strong>omnium</strong></span> <span class='ocrx_word' id='word_1_205' title='bbox 3346 1678 3489 1742; x_wconf 76' lang='lat' dir='ltr'><strong>fluis,</strong></span> 
     </span>
    </p>
   </div>
   <div class='ocr_carea' id='block_1_31' title="bbox 1914 1770 3489 1839">
    <p class='ocr_par' dir='ltr' id='par_1_31' title="bbox 1914 1770 3489 1839">
     <span class='ocr_line' id='line_1_31' title="bbox 1914 1770 3489 1839; baseline 0 -16"><span class='ocrx_word' id='word_1_206' title='bbox 1914 1770 2007 1823; x_wconf 88' lang='lat' dir='ltr'><strong>sed</strong></span> <span class='ocrx_word' id='word_1_207' title='bbox 2058 1778 2110 1824; x_wconf 91' lang='lat' dir='ltr'><strong>et</strong></span> <span class='ocrx_word' id='word_1_208' title='bbox 2172 1779 2393 1839; x_wconf 90' lang='lat' dir='ltr'><strong>propter</strong></span> <span class='ocrx_word' id='word_1_209' title='bbox 2447 1771 2671 1824; x_wconf 86' lang='lat' dir='ltr'><strong>alteram</strong></span> <span class='ocrx_word' id='word_1_210' title='bbox 2709 1781 2986 1823; x_wconf 84' lang='lat' dir='ltr'><strong>naturam.</strong></span> <span class='ocrx_word' id='word_1_211' title='bbox 3044 1770 3109 1823; x_wconf 83' lang='lat' dir='ltr'><strong>Et</strong></span> <span class='ocrx_word' id='word_1_212' title='bbox 3148 1772 3237 1824; x_wconf 84' lang='lat' dir='ltr'><strong>hic</strong></span> <span class='ocrx_word' id='word_1_213' title='bbox 3271 1772 3489 1839; x_wconf 84' lang='lat' dir='ltr'><strong>quidem</strong></span> 
     </span>
    </p>
   </div>
   <div class='ocr_carea' id='block_1_32' title="bbox 209 1860 1892 1939">
    <p class='ocr_par' dir='ltr' id='par_1_32' title="bbox 209 1863 1883 1939">
     <span class='ocr_line' id='line_1_32' title="bbox 209 1863 1883 1939; baseline -0.005 -17"><span class='ocrx_word' id='word_1_214' title='bbox 209 1868 504 1939; x_wconf 74' lang='grc' dir='ltr'>ἅνθρωπος</span> <span class='ocrx_word' id='word_1_215' title='bbox 523 1869 660 1937; x_wconf 80' lang='grc' dir='ltr'>πρὸς</span> <span class='ocrx_word' id='word_1_216' title='bbox 684 1866 775 1920; x_wconf 71' lang='grc' dir='ltr'><strong>τὸν</strong></span> <span class='ocrx_word' id='word_1_217' title='bbox 800 1866 1035 1935; x_wconf 72' lang='grc' dir='ltr'>Χριστὸν</span> <span class='ocrx_word' id='word_1_218' title='bbox 1066 1867 1228 1929; x_wconf 85' lang='grc' dir='ltr'>ῐεται,</span> <span class='ocrx_word' id='word_1_219' title='bbox 1254 1865 1312 1918; x_wconf 87' lang='grc' dir='ltr'><strong>ού</strong></span> <span class='ocrx_word' id='word_1_220' title='bbox 1339 1866 1426 1918; x_wconf 74' lang='grc' dir='ltr'>διὰ</span> <span class='ocrx_word' id='word_1_221' title='bbox 1456 1863 1551 1933; x_wconf 74' lang='grc' dir='ltr'><strong>τὴν</strong></span> <span class='ocrx_word' id='word_1_222' title='bbox 1580 1863 1809 1932; x_wconf 90' lang='grc' dir='ltr'>θεότητα</span> <span class='ocrx_word' id='word_1_223' title='bbox 1844 1925 1883 1939; x_wconf 42' lang='grc' dir='ltr'>ἢ</span> 
     </span>
    </p>
   </div>
   <div class='ocr_carea' id='block_1_33' title="bbox 1800 1860 3483 1939">
    <p class='ocr_par' dir='ltr' id='par_1_33' title="bbox 1800 1860 3483 1939">
     <span class='ocr_line' id='line_1_33' title="bbox 1800 1860 3483 1939; baseline 0.001 -27"><span class='ocrx_word' id='word_1_224' title='bbox 1800 1880 1809 1912; x_wconf 85' lang='grc' dir='ltr'><strong>ι</strong></span> <span class='ocrx_word' id='word_1_225' title='bbox 1844 1925 1883 1939; x_wconf 72' lang='lat'><strong>__</strong></span> <span class='ocrx_word' id='word_1_226' title='bbox 1915 1860 2212 1930; x_wconf 79' lang='lat' dir='ltr'><strong>(Christus)</strong></span> <span class='ocrx_word' id='word_1_227' title='bbox 2243 1862 2608 1915; x_wconf 84' lang='lat' dir='ltr'><strong>diversorium</strong></span> <span class='ocrx_word' id='word_1_228' title='bbox 2640 1873 2725 1916; x_wconf 88' lang='lat' dir='ltr'><strong>est</strong></span> <span class='ocrx_word' id='word_1_229' title='bbox 2776 1878 3055 1916; x_wconf 75' lang='lat' dir='ltr'><strong>armorum</strong></span> <span class='ocrx_word' id='word_1_230' title='bbox 3095 1863 3483 1926; x_wconf 87' lang='lat' dir='ltr'><strong>humanorum,</strong></span> 
     </span>
    </p>
   </div>
   <div class='ocr_carea' id='block_1_34' title="bbox 214 1925 1897 2031">
    <p class='ocr_par' dir='ltr' id='par_1_34' title="bbox 214 1925 1885 2031">
     <span class='ocr_line' id='line_1_34' title="bbox 214 1925 1885 2031; baseline -0.004 -19"><span class='ocrx_word' id='word_1_231' title='bbox 214 1925 403 2031; x_wconf 67' lang='grc' dir='ltr'>μόνον,</span> <span class='ocrx_word' id='word_1_232' title='bbox 436 1925 725 2030; x_wconf 30' lang='grc' dir='ltr'>ἦνπάντ-ων</span> <span class='ocrx_word' id='word_1_233' title='bbox 756 1925 891 2012; x_wconf 77' lang='grc' dir='ltr'>οὖσα</span> <span class='ocrx_word' id='word_1_234' title='bbox 924 1958 1183 2027; x_wconf 79' lang='grc' dir='ltr'><strong>τυγχάνει</strong></span> <span class='ocrx_word' id='word_1_235' title='bbox 1209 1925 1381 2019; x_wconf 81' lang='grc' dir='ltr'>τέλος,</span> <span class='ocrx_word' id='word_1_236' title='bbox 1418 1925 1554 2007; x_wconf 40' lang='grc' dir='ltr'><strong>ἀλλ-ἀ</strong></span> <span class='ocrx_word' id='word_1_237' title='bbox 1585 1957 1681 2006; x_wconf 75' lang='grc' dir='ltr'><strong>καὶ</strong></span> <span class='ocrx_word' id='word_1_238' title='bbox 1714 1925 1810 2021; x_wconf 78' lang='grc' dir='ltr'>τῆς</span> <span class='ocrx_word' id='word_1_239' title='bbox 1844 1925 1885 1980; x_wconf 72' lang='grc' dir='ltr'><strong>Β</strong></span> 
     </span>
    </p>
   </div>
   <div class='ocr_carea' id='block_1_35' title="bbox 1809 1925 3492 2031">
    <p class='ocr_par' dir='ltr' id='par_1_35' title="bbox 1844 1925 3492 2025">
     <span class='ocr_line' id='line_1_35' title="bbox 1844 1925 3492 2025; baseline 0.002 -18"><span class='ocrx_word' id='word_1_240' title='bbox 1844 1925 1885 1980; x_wconf 71' lang='grc' dir='ltr'><strong>Β</strong></span> <span class='ocrx_word' id='word_1_241' title='bbox 1917 1954 2003 2009; x_wconf 91' lang='lat' dir='ltr'><strong>hic</strong></span> <span class='ocrx_word' id='word_1_242' title='bbox 2028 1953 2241 2009; x_wconf 74' lang='lat' dir='ltr'><strong>delicia:</strong></span> <span class='ocrx_word' id='word_1_243' title='bbox 2276 1954 2689 2024; x_wconf 79' lang='lat' dir='ltr'><strong>cogitationum,</strong></span> <span class='ocrx_word' id='word_1_244' title='bbox 2717 1962 2770 2009; x_wconf 93' lang='lat' dir='ltr'><strong>et</strong></span> <span class='ocrx_word' id='word_1_245' title='bbox 2798 1965 2997 2025; x_wconf 61' lang='lat' dir='ltr'><strong>praeter</strong></span> <span class='ocrx_word' id='word_1_246' title='bbox 3030 1955 3173 2010; x_wconf 91' lang='lat' dir='ltr'><strong>hunc</strong></span> <span class='ocrx_word' id='word_1_247' title='bbox 3205 1957 3492 2025; x_wconf 85' lang='lat' dir='ltr'><strong>quodcun-</strong></span> 
     </span>
    </p>
   </div>
   <div class='ocr_carea' id='block_1_36' title="bbox 211 2045 1810 2121">
    <p class='ocr_par' dir='ltr' id='par_1_36' title="bbox 211 2045 1810 2121">
     <span class='ocr_line' id='line_1_36' title="bbox 211 2045 1810 2121; baseline -0.005 -16"><span class='ocrx_word' id='word_1_248' title='bbox 211 2052 435 2121; x_wconf 76' lang='grc' dir='ltr'>φύσεως</span> <span class='ocrx_word' id='word_1_249' title='bbox 465 2053 633 2106; x_wconf 71' lang='grc' dir='ltr'>ἕνεκα</span> <span class='ocrx_word' id='word_1_250' title='bbox 653 2053 751 2120; x_wconf 82' lang='grc' dir='ltr'>τῆς</span> <span class='ocrx_word' id='word_1_251' title='bbox 772 2052 857 2104; x_wconf 78' lang='grc' dir='ltr'>ἑτέ</span> <span class='ocrx_word' id='word_1_252' title='bbox 869 2068 990 2120; x_wconf 85' lang='grc' dir='ltr'>ρας.</span> <span class='ocrx_word' id='word_1_253' title='bbox 1020 2052 1113 2104; x_wconf 68' lang='grc' dir='ltr'>καὶ</span> <span class='ocrx_word' id='word_1_254' title='bbox 1135 2045 1289 2111; x_wconf 66' lang='grc' dir='ltr'>οὗτος</span> <span class='ocrx_word' id='word_1_255' title='bbox 1318 2048 1416 2118; x_wconf 69' lang='grc' dir='ltr'>μὲν</span> <span class='ocrx_word' id='word_1_256' title='bbox 1436 2048 1494 2099; x_wconf 71' lang='grc' dir='ltr'><strong>τὺ</strong></span> <span class='ocrx_word' id='word_1_257' title='bbox 1521 2046 1810 2115; x_wconf 85' lang='grc' dir='ltr'>κατάλυμα</span> 
     </span>
    </p>
   </div>
   <div class='ocr_carea' id='block_1_37' title="bbox 210 2138 1807 2214">
    <p class='ocr_par' dir='ltr' id='par_1_37' title="bbox 210 2138 1807 2214">
     <span class='ocr_line' id='line_1_37' title="bbox 210 2138 1807 2214; baseline -0.004 -17"><span class='ocrx_word' id='word_1_258' title='bbox 210 2145 328 2197; x_wconf 83' lang='grc' dir='ltr'><strong>τῶν</strong></span> <span class='ocrx_word' id='word_1_259' title='bbox 360 2143 727 2214; x_wconf 78' lang='grc' dir='ltr'><strong>ἀνθρωπίνων</strong></span> <span class='ocrx_word' id='word_1_260' title='bbox 756 2144 999 2213; x_wconf 78' lang='grc' dir='ltr'>ἐρώτων,</span> <span class='ocrx_word' id='word_1_261' title='bbox 1027 2138 1180 2205; x_wconf 77' lang='grc' dir='ltr'>οὗτος</span> <span class='ocrx_word' id='word_1_262' title='bbox 1210 2141 1267 2194; x_wconf 83' lang='grc' dir='ltr'><strong>δὲ</strong></span> <span class='ocrx_word' id='word_1_263' title='bbox 1300 2140 1478 2210; x_wconf 79' lang='grc' dir='ltr'>τρυφὴ</span> <span class='ocrx_word' id='word_1_264' title='bbox 1507 2139 1807 2208; x_wconf 80' lang='grc' dir='ltr'>λογισμῶν,</span> 
     </span>
    </p>
   </div>
   <div class='ocr_carea' id='block_1_38' title="bbox 212 2230 1813 2305">
    <p class='ocr_par' dir='ltr' id='par_1_38' title="bbox 212 2230 1813 2305">
     <span class='ocr_line' id='line_1_38' title="bbox 212 2230 1813 2305; baseline -0.004 -15"><span class='ocrx_word' id='word_1_265' title='bbox 212 2236 395 2290; x_wconf 75' lang='grc' dir='ltr'>καὶτὸ</span> <span class='ocrx_word' id='word_1_266' title='bbox 428 2237 580 2305; x_wconf 81' lang='grc' dir='ltr'>παρά</span> <span class='ocrx_word' id='word_1_267' title='bbox 606 2234 795 2289; x_wconf 89' lang='grc' dir='ltr'>τοῦτον</span> <span class='ocrx_word' id='word_1_268' title='bbox 825 2233 1005 2287; x_wconf 78' lang='grc' dir='ltr'>ὁτιοῦν</span> <span class='ocrx_word' id='word_1_269' title='bbox 1034 2234 1066 2302; x_wconf 86' lang='grc' dir='ltr'>ἢ</span> <span class='ocrx_word' id='word_1_270' title='bbox 1098 2232 1274 2299; x_wconf 76' lang='grc' dir='ltr'>φιλεῖν</span> <span class='ocrx_word' id='word_1_271' title='bbox 1307 2232 1339 2302; x_wconf 82' lang='grc' dir='ltr'>ἢ</span> <span class='ocrx_word' id='word_1_272' title='bbox 1377 2230 1689 2301; x_wconf 82' lang='grc' dir='ltr'>λογίζεσθαι</span> <span class='ocrx_word' id='word_1_273' title='bbox 1719 2247 1813 2283; x_wconf 88' lang='grc' dir='ltr'>πε-</span> 
     </span>
    </p>
   </div>
   <div class='ocr_carea' id='block_1_39' title="bbox 214 2322 1815 2400">
    <p class='ocr_par' dir='ltr' id='par_1_39' title="bbox 214 2322 1815 2400">
     <span class='ocr_line' id='line_1_39' title="bbox 214 2322 1815 2400; baseline -0.004 -20"><span class='ocrx_word' id='word_1_274' title='bbox 214 2327 458 2400; x_wconf 75' lang='grc' dir='ltr'>ριφανὴς</span> <span class='ocrx_word' id='word_1_275' title='bbox 478 2326 574 2380; x_wconf 92' lang='grc' dir='ltr'><strong>τοῦ</strong></span> <span class='ocrx_word' id='word_1_276' title='bbox 602 2327 813 2391; x_wconf 80' lang='grc' dir='ltr'>δέοντος</span> <span class='ocrx_word' id='word_1_277' title='bbox 846 2324 1095 2395; x_wconf 84' lang='grc' dir='ltr'>ἁμαρτία</span> <span class='ocrx_word' id='word_1_278' title='bbox 1126 2325 1221 2379; x_wconf 78' lang='grc' dir='ltr'><strong>καὶ</strong></span> <span class='ocrx_word' id='word_1_279' title='bbox 1250 2324 1358 2377; x_wconf 84' lang='grc' dir='ltr'><strong>τῶν</strong></span> <span class='ocrx_word' id='word_1_280' title='bbox 1388 2324 1445 2389; x_wconf 76' lang='grc' dir='ltr'><strong>ἐξ</strong></span> <span class='ocrx_word' id='word_1_281' title='bbox 1477 2325 1651 2393; x_wconf 78' lang='grc' dir='ltr'>ἀρχῆς</span> <span class='ocrx_word' id='word_1_282' title='bbox 1684 2322 1815 2375; x_wconf 86' lang='grc' dir='ltr'>ὑπο-</span> 
     </span>
    </p>
   </div>
   <div class='ocr_carea' id='block_1_40' title="bbox 211 2414 1815 2489">
    <p class='ocr_par' dir='ltr' id='par_1_40' title="bbox 211 2414 1815 2489">
     <span class='ocr_line' id='line_1_40' title="bbox 211 2414 1815 2489; baseline -0.006 -13"><span class='ocrx_word' id='word_1_283' title='bbox 211 2424 487 2476; x_wconf 77' lang='grc' dir='ltr'>τεθέντων</span> <span class='ocrx_word' id='word_1_284' title='bbox 517 2424 583 2489; x_wconf 82' lang='grc' dir='ltr'><strong>τῇ</strong></span> <span class='ocrx_word' id='word_1_285' title='bbox 618 2420 777 2488; x_wconf 86' lang='grc' dir='ltr'>φύσει</span> <span class='ocrx_word' id='word_1_286' title='bbox 807 2419 1139 2489; x_wconf 83' lang='grc' dir='ltr'>παρατροπή</span> <span class='ocrx_word' id='word_1_287' title='bbox 1159 2435 1174 2450; x_wconf 89' lang='grc'><strong>·</strong></span> <span class='ocrx_word' id='word_1_288' title='bbox 1208 2418 1281 2480; x_wconf 83' lang='grc' dir='ltr'>ὡς</span> <span class='ocrx_word' id='word_1_289' title='bbox 1308 2416 1375 2470; x_wconf 82' lang='grc' dir='ltr'><strong>ἂν</strong></span> <span class='ocrx_word' id='word_1_290' title='bbox 1406 2416 1463 2469; x_wconf 79' lang='grc' dir='ltr'><strong>δὲ</strong></span> <span class='ocrx_word' id='word_1_291' title='bbox 1489 2418 1624 2486; x_wconf 85' lang='grc' dir='ltr'>πρὸς</span> <span class='ocrx_word' id='word_1_292' title='bbox 1652 2414 1815 2469; x_wconf 72' lang='grc' dir='ltr'>αὑτὸν</span> 
     </span>
    </p>
   </div>
   <div class='ocr_carea' id='block_1_41' title="bbox 214 2501 1815 2584">
    <p class='ocr_par' dir='ltr' id='par_1_41' title="bbox 214 2501 1815 2584">
     <span class='ocr_line' id='line_1_41' title="bbox 214 2501 1815 2584; baseline -0.004 -18"><span class='ocrx_word' id='word_1_293' title='bbox 214 2516 369 2584; x_wconf 66' lang='grc' dir='ltr'>ἔχειν</span> <span class='ocrx_word' id='word_1_294' title='bbox 406 2513 491 2566; x_wconf 79' lang='grc' dir='ltr'><strong>ἀεὶ</strong></span> <span class='ocrx_word' id='word_1_295' title='bbox 549 2511 837 2580; x_wconf 85' lang='grc' dir='ltr'>δυνώμεθα</span> <span class='ocrx_word' id='word_1_296' title='bbox 876 2510 974 2582; x_wconf 81' lang='grc' dir='ltr'><strong>τὴν</strong></span> <span class='ocrx_word' id='word_1_297' title='bbox 1022 2511 1252 2581; x_wconf 80' lang='grc' dir='ltr'><strong>μελέτην</strong></span> <span class='ocrx_word' id='word_1_298' title='bbox 1288 2510 1383 2561; x_wconf 77' lang='grc' dir='ltr'>καὶ</span> <span class='ocrx_word' id='word_1_299' title='bbox 1421 2508 1625 2578; x_wconf 80' lang='grc' dir='ltr'><strong>ταύτης</strong></span> <span class='ocrx_word' id='word_1_300' title='bbox 1664 2501 1815 2577; x_wconf 79' lang='grc' dir='ltr'>ὦμεν</span> 
     </span>
    </p>
   </div>
   <div class='ocr_carea' id='block_1_42' title="bbox 214 2594 1813 2674">
    <p class='ocr_par' dir='ltr' id='par_1_42' title="bbox 214 2594 1813 2674">
     <span class='ocr_line' id='line_1_42' title="bbox 214 2594 1813 2674; baseline -0.003 -15"><span class='ocrx_word' id='word_1_301' title='bbox 214 2606 487 2659; x_wconf 79' lang='grc' dir='ltr'>ἑκάστοτε</span> <span class='ocrx_word' id='word_1_302' title='bbox 532 2605 635 2673; x_wconf 82' lang='grc' dir='ltr'><strong>τῆς</strong></span> <span class='ocrx_word' id='word_1_303' title='bbox 685 2605 947 2674; x_wconf 80' lang='grc' dir='ltr'>σπουδῆς,</span> <span class='ocrx_word' id='word_1_304' title='bbox 986 2603 1151 2655; x_wconf 74' lang='grc' dir='ltr'>αὑτὸν</span> <span class='ocrx_word' id='word_1_305' title='bbox 1207 2601 1466 2671; x_wconf 84' lang='grc' dir='ltr'><strong>καλῶμεν</strong></span> <span class='ocrx_word' id='word_1_306' title='bbox 1510 2603 1631 2656; x_wconf 83' lang='grc' dir='ltr'>ὅσαι</span> <span class='ocrx_word' id='word_1_307' title='bbox 1673 2594 1813 2671; x_wconf 85' lang='grc' dir='ltr'>ὧραι</span> 
     </span>
    </p>
   </div>
   <div class='ocr_carea' id='block_1_43' title="bbox 211 2694 1817 2766">
    <p class='ocr_par' dir='ltr' id='par_1_43' title="bbox 211 2694 1817 2766">
     <span class='ocr_line' id='line_1_43' title="bbox 211 2694 1817 2766; baseline -0.002 -16"><span class='ocrx_word' id='word_1_308' title='bbox 211 2698 327 2751; x_wconf 82' lang='grc' dir='ltr'><strong>τῶν</strong></span> <span class='ocrx_word' id='word_1_309' title='bbox 372 2697 658 2766; x_wconf 85' lang='grc' dir='ltr'>λογισμῶν</span> <span class='ocrx_word' id='word_1_310' title='bbox 702 2698 802 2766; x_wconf 75' lang='grc' dir='ltr'><strong>τὴν</strong></span> <span class='ocrx_word' id='word_1_311' title='bbox 831 2696 1112 2749; x_wconf 83' lang='grc' dir='ltr'>ὑπόθεσιν.</span> <span class='ocrx_word' id='word_1_312' title='bbox 1156 2696 1382 2757; x_wconf 78' lang='grc' dir='ltr'><strong>Πάντως</strong></span> <span class='ocrx_word' id='word_1_313' title='bbox 1430 2694 1487 2747; x_wconf 81' lang='grc' dir='ltr'><strong>δὲ</strong></span> <span class='ocrx_word' id='word_1_314' title='bbox 1535 2695 1598 2746; x_wconf 82' lang='grc' dir='ltr'>οὐ</span> <span class='ocrx_word' id='word_1_315' title='bbox 1638 2711 1817 2762; x_wconf 89' lang='grc' dir='ltr'>παρα-</span> 
     </span>
    </p>
   </div>
   <div class='ocr_carea' id='block_1_44' title="bbox 216 2785 1817 2858">
    <p class='ocr_par' dir='ltr' id='par_1_44' title="bbox 216 2785 1817 2858">
     <span class='ocr_line' id='line_1_44' title="bbox 216 2785 1817 2858; baseline -0.004 -16"><span class='ocrx_word' id='word_1_316' title='bbox 216 2790 428 2856; x_wconf 79' lang='grc' dir='ltr'>σκευῆς</span> <span class='ocrx_word' id='word_1_317' title='bbox 471 2788 609 2858; x_wconf 81' lang='grc' dir='ltr'>πρὸς</span> <span class='ocrx_word' id='word_1_318' title='bbox 651 2789 752 2851; x_wconf 76' lang='grc' dir='ltr'><strong>τὰς</strong></span> <span class='ocrx_word' id='word_1_319' title='bbox 802 2787 970 2857; x_wconf 88' lang='grc' dir='ltr'>εὑχάς</span> <span class='ocrx_word' id='word_1_320' title='bbox 1003 2787 1085 2839; x_wconf 81' lang='grc' dir='ltr'><strong>δεῖ</strong></span> <span class='ocrx_word' id='word_1_321' title='bbox 1140 2787 1236 2840; x_wconf 75' lang='grc' dir='ltr'><strong>καὶ</strong></span> <span class='ocrx_word' id='word_1_322' title='bbox 1292 2786 1473 2839; x_wconf 82' lang='grc' dir='ltr'>τόπων</span> <span class='ocrx_word' id='word_1_323' title='bbox 1510 2785 1633 2837; x_wconf 80' lang='grc' dir='ltr'>οὐδὲ</span> <span class='ocrx_word' id='word_1_324' title='bbox 1690 2785 1817 2853; x_wconf 80' lang='grc' dir='ltr'>βοῆς</span> 
     </span>
    </p>
   </div>
   <div class='ocr_carea' id='block_1_45' title="bbox 215 2873 1817 2948">
    <p class='ocr_par' dir='ltr' id='par_1_45' title="bbox 215 2873 1817 2948">
     <span class='ocr_line' id='line_1_45' title="bbox 215 2873 1817 2948; baseline -0.004 -13"><span class='ocrx_word' id='word_1_325' title='bbox 215 2885 436 2935; x_wconf 70' lang='grc' dir='ltr'>ἐκεῖνον</span> <span class='ocrx_word' id='word_1_326' title='bbox 466 2882 725 2935; x_wconf 85' lang='grc' dir='ltr'>καλοῦσιν</span> <span class='ocrx_word' id='word_1_327' title='bbox 744 2896 759 2913; x_wconf 89' lang='grc'><strong>·</strong></span> <span class='ocrx_word' id='word_1_328' title='bbox 789 2882 849 2933; x_wconf 76' lang='grc' dir='ltr'>οὐ</span> <span class='ocrx_word' id='word_1_329' title='bbox 881 2880 990 2948; x_wconf 81' lang='grc' dir='ltr'><strong>γὰρ</strong></span> <span class='ocrx_word' id='word_1_330' title='bbox 1019 2879 1169 2931; x_wconf 79' lang='grc' dir='ltr'>ἐστιν</span> <span class='ocrx_word' id='word_1_331' title='bbox 1189 2873 1249 2932; x_wconf 78' lang='grc' dir='ltr'>οὗ</span> <span class='ocrx_word' id='word_1_332' title='bbox 1284 2879 1359 2947; x_wconf 84' lang='grc' dir='ltr'>μὴ</span> <span class='ocrx_word' id='word_1_333' title='bbox 1392 2877 1681 2946; x_wconf 82' lang='grc' dir='ltr'>πάρεστιν,</span> <span class='ocrx_word' id='word_1_334' title='bbox 1708 2874 1817 2929; x_wconf 80' lang='grc' dir='ltr'><strong>οὐδ’</strong></span> 
     </span>
    </p>
   </div>
   <div class='ocr_carea' id='block_1_46' title="bbox 216 2967 1841 3042">
    <p class='ocr_par' dir='ltr' id='par_1_46' title="bbox 216 2967 1841 3042">
     <span class='ocr_line' id='line_1_46' title="bbox 216 2967 1841 3042; baseline -0.004 -16"><span class='ocrx_word' id='word_1_335' title='bbox 216 2974 376 3026; x_wconf 76' lang='grc' dir='ltr'>ἐστιν</span> <span class='ocrx_word' id='word_1_336' title='bbox 398 2974 549 3034; x_wconf 83' lang='grc' dir='ltr'>ὅπως</span> <span class='ocrx_word' id='word_1_337' title='bbox 579 2972 656 3042; x_wconf 75' lang='grc' dir='ltr'><strong>μὴ</strong></span> <span class='ocrx_word' id='word_1_338' title='bbox 686 2971 936 3024; x_wconf 86' lang='grc' dir='ltr'>σύνεστιν</span> <span class='ocrx_word' id='word_1_339' title='bbox 959 2971 1113 3039; x_wconf 81' lang='grc' dir='ltr'>ἡμῖν,</span> <span class='ocrx_word' id='word_1_340' title='bbox 1149 2971 1208 3032; x_wconf 86' lang='grc' dir='ltr'>ὃς</span> <span class='ocrx_word' id='word_1_341' title='bbox 1241 2986 1303 3036; x_wconf 80' lang='grc' dir='ltr'><strong>γε</strong></span> <span class='ocrx_word' id='word_1_342' title='bbox 1336 2972 1448 3031; x_wconf 83' lang='grc' dir='ltr'>τοῖς</span> <span class='ocrx_word' id='word_1_343' title='bbox 1471 2967 1695 3037; x_wconf 79' lang='grc' dir='ltr'>ζητοῦσι</span> <span class='ocrx_word' id='word_1_344' title='bbox 1722 2968 1841 3019; x_wconf 64' lang='grc' dir='ltr'><strong>καὶ.Δ</strong></span> 
     </span>
    </p>
   </div>
   <div class='ocr_carea' id='block_1_47' title="bbox 216 3059 1820 3134">
    <p class='ocr_par' dir='ltr' id='par_1_47' title="bbox 216 3059 1820 3134">
     <span class='ocr_line' id='line_1_47' title="bbox 216 3059 1820 3134; baseline -0.004 -16"><span class='ocrx_word' id='word_1_345' title='bbox 216 3066 396 3133; x_wconf 77' lang='grc' dir='ltr'>αὐτῆς</span> <span class='ocrx_word' id='word_1_346' title='bbox 435 3065 623 3133; x_wconf 74' lang='grc' dir='ltr'>ιγγιόν</span> <span class='ocrx_word' id='word_1_347' title='bbox 657 3066 777 3117; x_wconf 83' lang='grc' dir='ltr'>ἐστι</span> <span class='ocrx_word' id='word_1_348' title='bbox 819 3063 920 3132; x_wconf 82' lang='grc' dir='ltr'>τῆς</span> <span class='ocrx_word' id='word_1_349' title='bbox 966 3063 1222 3134; x_wconf 78' lang='grc' dir='ltr'><strong>καρδίας.</strong></span> <span class='ocrx_word' id='word_1_350' title='bbox 1272 3061 1596 3115; x_wconf 82' lang='grc' dir='ltr'>Ἀκόλουθον</span> <span class='ocrx_word' id='word_1_351' title='bbox 1635 3059 1692 3113; x_wconf 80' lang='grc' dir='ltr'><strong>δὲ</strong></span> <span class='ocrx_word' id='word_1_352' title='bbox 1727 3061 1820 3112; x_wconf 75' lang='grc' dir='ltr'>καὶ</span> 
     </span>
    </p>
   </div>
   <div class='ocr_carea' id='block_1_48' title="bbox 214 3151 1817 3227">
    <p class='ocr_par' dir='ltr' id='par_1_48' title="bbox 214 3151 1817 3227">
     <span class='ocr_line' id='line_1_48' title="bbox 214 3151 1817 3227; baseline -0.005 -16"><span class='ocrx_word' id='word_1_353' title='bbox 214 3159 289 3211; x_wconf 79' lang='grc' dir='ltr'><strong>τά</strong></span> <span class='ocrx_word' id='word_1_354' title='bbox 341 3157 496 3227; x_wconf 85' lang='grc' dir='ltr'><strong>παρά</strong></span> <span class='ocrx_word' id='word_1_355' title='bbox 534 3156 647 3210; x_wconf 83' lang='grc' dir='ltr'><strong>τῶν</strong></span> <span class='ocrx_word' id='word_1_356' title='bbox 692 3154 871 3225; x_wconf 83' lang='grc' dir='ltr'><strong>εὐχῶν</strong></span> <span class='ocrx_word' id='word_1_357' title='bbox 910 3157 1041 3225; x_wconf 85' lang='grc' dir='ltr'>ἡμῖν</span> <span class='ocrx_word' id='word_1_358' title='bbox 1074 3153 1147 3217; x_wconf 84' lang='grc' dir='ltr'><strong>ὡς</strong></span> <span class='ocrx_word' id='word_1_359' title='bbox 1191 3154 1501 3222; x_wconf 80' lang='grc' dir='ltr'><strong>ἀπαντήσει</strong></span> <span class='ocrx_word' id='word_1_360' title='bbox 1538 3151 1681 3220; x_wconf 87' lang='grc' dir='ltr'>μάλα</span> <span class='ocrx_word' id='word_1_361' title='bbox 1726 3168 1817 3203; x_wconf 77' lang='grc' dir='ltr'>πιο</span> 
     </span>
    </p>
   </div>
   <div class='ocr_carea' id='block_1_49' title="bbox 1914 2047 3494 2117">
    <p class='ocr_par' dir='ltr' id='par_1_49' title="bbox 1914 2047 3494 2117">
     <span class='ocr_line' id='line_1_49' title="bbox 1914 2047 3494 2117; baseline 0.003 -19"><span class='ocrx_word' id='word_1_362' title='bbox 1914 2060 2019 2115; x_wconf 91' lang='lat' dir='ltr'><strong>que</strong></span> <span class='ocrx_word' id='word_1_363' title='bbox 2049 2056 2144 2101; x_wconf 89' lang='lat' dir='ltr'><strong>aut</strong></span> <span class='ocrx_word' id='word_1_364' title='bbox 2174 2062 2381 2113; x_wconf 89' lang='lat' dir='ltr'><strong>amare,</strong></span> <span class='ocrx_word' id='word_1_365' title='bbox 2414 2058 2507 2102; x_wconf 79' lang='lat' dir='ltr'><strong>aut</strong></span> <span class='ocrx_word' id='word_1_366' title='bbox 2536 2047 2799 2117; x_wconf 83' lang='lat' dir='ltr'><strong>cogitare,</strong></span> <span class='ocrx_word' id='word_1_367' title='bbox 2839 2047 3128 2108; x_wconf 82' lang='lat' dir='ltr'><strong>manifesta</strong></span> <span class='ocrx_word' id='word_1_368' title='bbox 3162 2057 3245 2103; x_wconf 90' lang='lat' dir='ltr'><strong>est</strong></span> <span class='ocrx_word' id='word_1_369' title='bbox 3279 2049 3347 2104; x_wconf 90' lang='lat' dir='ltr'><strong>ab</strong></span> <span class='ocrx_word' id='word_1_370' title='bbox 3374 2049 3494 2103; x_wconf 71' lang='lat' dir='ltr'><strong>olli-</strong></span> 
     </span>
    </p>
   </div>
   <div class='ocr_carea' id='block_1_50' title="bbox 1914 2138 3497 2210">
    <p class='ocr_par' dir='ltr' id='par_1_50' title="bbox 1914 2138 3497 2210">
     <span class='ocr_line' id='line_1_50' title="bbox 1914 2138 3497 2210; baseline 0 -18"><span class='ocrx_word' id='word_1_371' title='bbox 1914 2140 2001 2192; x_wconf 85' lang='lat' dir='ltr'><strong>cio</strong></span> <span class='ocrx_word' id='word_1_372' title='bbox 2040 2138 2339 2203; x_wconf 86' lang='lat' dir='ltr'><strong>aberratio,</strong></span> <span class='ocrx_word' id='word_1_373' title='bbox 2395 2147 2449 2193; x_wconf 91' lang='lat' dir='ltr'><strong>et</strong></span> <span class='ocrx_word' id='word_1_374' title='bbox 2496 2154 2525 2192; x_wconf 91' lang='lat' dir='ltr'><strong>a</strong></span> <span class='ocrx_word' id='word_1_375' title='bbox 2566 2139 2760 2207; x_wconf 87' lang='lat' dir='ltr'><strong>primis</strong></span> <span class='ocrx_word' id='word_1_376' title='bbox 2812 2150 3024 2194; x_wconf 76' lang='lat' dir='ltr'><strong>natura:</strong></span> <span class='ocrx_word' id='word_1_377' title='bbox 3079 2141 3364 2210; x_wconf 69' lang='lat' dir='ltr'><strong>principiis</strong></span> <span class='ocrx_word' id='word_1_378' title='bbox 3403 2144 3497 2195; x_wconf 69' lang='lat' dir='ltr'><strong>de.</strong></span> 
     </span>
    </p>
   </div>
   <div class='ocr_carea' id='block_1_51' title="bbox 1915 2228 3493 2302">
    <p class='ocr_par' dir='ltr' id='par_1_51' title="bbox 1915 2228 3493 2302">
     <span class='ocr_line' id='line_1_51' title="bbox 1915 2228 3493 2302; baseline 0.004 -19"><span class='ocrx_word' id='word_1_379' title='bbox 1915 2230 2097 2285; x_wconf 83' lang='lat' dir='ltr'><strong>ﬂexio.</strong></span> <span class='ocrx_word' id='word_1_380' title='bbox 2140 2228 2210 2285; x_wconf 85' lang='lat' dir='ltr'><strong>Ut</strong></span> <span class='ocrx_word' id='word_1_381' title='bbox 2242 2239 2425 2285; x_wconf 89' lang='lat' dir='ltr'><strong>autem</strong></span> <span class='ocrx_word' id='word_1_382' title='bbox 2461 2232 2637 2301; x_wconf 93' lang='lat' dir='ltr'><strong>ipsum</strong></span> <span class='ocrx_word' id='word_1_383' title='bbox 2676 2246 2893 2302; x_wconf 90' lang='lat' dir='ltr'><strong>semper</strong></span> <span class='ocrx_word' id='word_1_384' title='bbox 2924 2234 3173 2287; x_wconf 90' lang='lat' dir='ltr'><strong>meditari</strong></span> <span class='ocrx_word' id='word_1_385' title='bbox 3203 2250 3493 2301; x_wconf 84' lang='lat' dir='ltr'><strong>queamus,</strong></span> 
     </span>
    </p>
   </div>
   <div class='ocr_carea' id='block_1_52' title="bbox 1916 2322 3494 2398">
    <p class='ocr_par' dir='ltr' id='par_1_52' title="bbox 1916 2322 3494 2398">
     <span class='ocr_line' id='line_1_52' title="bbox 1916 2322 3494 2398; baseline 0.005 -21"><span class='ocrx_word' id='word_1_386' title='bbox 1916 2329 1969 2377; x_wconf 87' lang='lat' dir='ltr'><strong>et</strong></span> <span class='ocrx_word' id='word_1_387' title='bbox 2006 2322 2060 2375; x_wconf 89' lang='lat' dir='ltr'><strong>in</strong></span> <span class='ocrx_word' id='word_1_388' title='bbox 2090 2322 2191 2378; x_wconf 90' lang='lat' dir='ltr'><strong>hoc</strong></span> <span class='ocrx_word' id='word_1_389' title='bbox 2216 2323 2398 2378; x_wconf 82' lang='lat' dir='ltr'><strong>studio</strong></span> <span class='ocrx_word' id='word_1_390' title='bbox 2436 2339 2873 2391; x_wconf 83' lang='lat' dir='ltr'><strong>perseveremus,</strong></span> <span class='ocrx_word' id='word_1_391' title='bbox 2900 2327 3077 2394; x_wconf 89' lang='lat' dir='ltr'><strong>ipsum</strong></span> <span class='ocrx_word' id='word_1_392' title='bbox 3100 2328 3494 2398; x_wconf 80' lang='lat' dir='ltr'><strong>cogitationum</strong></span> 
     </span>
    </p>
   </div>
   <div class='ocr_carea' id='block_1_53' title="bbox 1917 2416 3497 2484">
    <p class='ocr_par' dir='ltr' id='par_1_53' title="bbox 1917 2416 3497 2484">
     <span class='ocr_line' id='line_1_53' title="bbox 1917 2416 3497 2484; baseline 0.006 -17"><span class='ocrx_word' id='word_1_393' title='bbox 1917 2425 2298 2484; x_wconf 80' lang='lat' dir='ltr'><strong>argumentum</strong></span> <span class='ocrx_word' id='word_1_394' title='bbox 2352 2416 2502 2470; x_wconf 85' lang='lat' dir='ltr'><strong>boris</strong></span> <span class='ocrx_word' id='word_1_395' title='bbox 2553 2417 2814 2473; x_wconf 90' lang='lat' dir='ltr'><strong>omnibus</strong></span> <span class='ocrx_word' id='word_1_396' title='bbox 2872 2420 3209 2475; x_wconf 83' lang='lat' dir='ltr'><strong>invocemus.</strong></span> <span class='ocrx_word' id='word_1_397' title='bbox 3260 2421 3497 2477; x_wconf 87' lang='lat' dir='ltr'><strong>Omnino</strong></span> 
     </span>
    </p>
   </div>
   <div class='ocr_carea' id='block_1_54' title="bbox 1919 2509 3500 2583">
    <p class='ocr_par' dir='ltr' id='par_1_54' title="bbox 1919 2509 3500 2583">
     <span class='ocr_line' id='line_1_54' title="bbox 1919 2509 3500 2583; baseline 0.007 -23"><span class='ocrx_word' id='word_1_398' title='bbox 1919 2517 2098 2562; x_wconf 89' lang='lat' dir='ltr'><strong>autem</strong></span> <span class='ocrx_word' id='word_1_399' title='bbox 2134 2522 2241 2561; x_wconf 92' lang='lat' dir='ltr'><strong>non</strong></span> <span class='ocrx_word' id='word_1_400' title='bbox 2284 2509 2685 2578; x_wconf 60' lang='lat' dir='ltr'><strong>prmparatione</strong></span> <span class='ocrx_word' id='word_1_401' title='bbox 2736 2512 2801 2564; x_wconf 90' lang='lat' dir='ltr'><strong>ad</strong></span> <span class='ocrx_word' id='word_1_402' title='bbox 2848 2527 3037 2581; x_wconf 83' lang='lat' dir='ltr'><strong>preces</strong></span> <span class='ocrx_word' id='word_1_403' title='bbox 3085 2529 3223 2583; x_wconf 82' lang='lat' dir='ltr'><strong>opus</strong></span> <span class='ocrx_word' id='word_1_404' title='bbox 3255 2526 3358 2579; x_wconf 85' lang='lat' dir='ltr'><strong>est,</strong></span> <span class='ocrx_word' id='word_1_405' title='bbox 3401 2533 3500 2571; x_wconf 67' lang='lat' dir='ltr'><strong>nec</strong></span> 
     </span>
    </p>
   </div>
   <div class='ocr_carea' id='block_1_55' title="bbox 1920 2597 3497 2662">
    <p class='ocr_par' dir='ltr' id='par_1_55' title="bbox 1920 2597 3497 2662">
     <span class='ocr_line' id='line_1_55' title="bbox 1920 2597 3497 2662; baseline 0.007 -11"><span class='ocrx_word' id='word_1_406' title='bbox 1920 2597 2077 2660; x_wconf 86' lang='lat' dir='ltr'><strong>locis,</strong></span> <span class='ocrx_word' id='word_1_407' title='bbox 2124 2614 2225 2653; x_wconf 90' lang='lat' dir='ltr'><strong>nec</strong></span> <span class='ocrx_word' id='word_1_408' title='bbox 2272 2601 2606 2655; x_wconf 88' lang='lat' dir='ltr'><strong>clamoribus</strong></span> <span class='ocrx_word' id='word_1_409' title='bbox 2637 2610 2720 2655; x_wconf 90' lang='lat' dir='ltr'><strong>est</strong></span> <span class='ocrx_word' id='word_1_410' title='bbox 2769 2602 3110 2659; x_wconf 80' lang='lat' dir='ltr'><strong>invocandus</strong></span> <span class='ocrx_word' id='word_1_411' title='bbox 3150 2624 3163 2659; x_wconf 85' lang='lat'><strong>:</strong></span> <span class='ocrx_word' id='word_1_412' title='bbox 3203 2624 3310 2660; x_wconf 87' lang='lat' dir='ltr'><strong>nou</strong></span> <span class='ocrx_word' id='word_1_413' title='bbox 3353 2609 3497 2662; x_wconf 88' lang='lat' dir='ltr'><strong>enim</strong></span> 
     </span>
    </p>
   </div>
   <div class='ocr_carea' id='block_1_56' title="bbox 1920 2691 3500 2762">
    <p class='ocr_par' dir='ltr' id='par_1_56' title="bbox 1920 2691 3500 2762">
     <span class='ocr_line' id='line_1_56' title="bbox 1920 2691 3500 2762; baseline 0.008 -18"><span class='ocrx_word' id='word_1_414' title='bbox 1920 2700 2005 2745; x_wconf 89' lang='lat' dir='ltr'><strong>est</strong></span> <span class='ocrx_word' id='word_1_415' title='bbox 2038 2691 2188 2747; x_wconf 90' lang='lat' dir='ltr'><strong>locus</strong></span> <span class='ocrx_word' id='word_1_416' title='bbox 2216 2692 2315 2746; x_wconf 91' lang='lat' dir='ltr'><strong>.ubi</strong></span> <span class='ocrx_word' id='word_1_417' title='bbox 2369 2708 2614 2762; x_wconf 63' lang='lat' dir='ltr'><strong>praesens</strong></span> <span class='ocrx_word' id='word_1_418' title='bbox 2665 2710 2772 2748; x_wconf 85' lang='lat' dir='ltr'><strong>non</strong></span> <span class='ocrx_word' id='word_1_419' title='bbox 2824 2696 2915 2760; x_wconf 85' lang='lat' dir='ltr'><strong>sit,</strong></span> <span class='ocrx_word' id='word_1_420' title='bbox 2950 2712 3048 2752; x_wconf 91' lang='lat' dir='ltr'><strong>nec</strong></span> <span class='ocrx_word' id='word_1_421' title='bbox 3077 2710 3161 2752; x_wconf 91' lang='lat' dir='ltr'><strong>est</strong></span> <span class='ocrx_word' id='word_1_422' title='bbox 3207 2700 3296 2754; x_wconf 88' lang='lat' dir='ltr'><strong>ubi</strong></span> <span class='ocrx_word' id='word_1_423' title='bbox 3341 2704 3500 2757; x_wconf 86' lang='lat' dir='ltr'><strong>nobis</strong></span> 
     </span>
    </p>
   </div>
   <div class='ocr_carea' id='block_1_57' title="bbox 1924 2781 3501 2861">
    <p class='ocr_par' dir='ltr' id='par_1_57' title="bbox 1924 2781 3501 2861">
     <span class='ocr_line' id='line_1_57' title="bbox 1924 2781 3501 2861; baseline 0.007 -28"><span class='ocrx_word' id='word_1_424' title='bbox 1924 2794 2033 2833; x_wconf 93' lang='lat' dir='ltr'><strong>non</strong></span> <span class='ocrx_word' id='word_1_425' title='bbox 2082 2781 2244 2847; x_wconf 89' lang='lat' dir='ltr'><strong>adsit,</strong></span> <span class='ocrx_word' id='word_1_426' title='bbox 2281 2784 2372 2851; x_wconf 90' lang='lat' dir='ltr'><strong>qui</strong></span> <span class='ocrx_word' id='word_1_427' title='bbox 2399 2784 2776 2851; x_wconf 60' lang='lat' dir='ltr'><strong>quarentibus</strong></span> <span class='ocrx_word' id='word_1_428' title='bbox 2808 2800 2865 2840; x_wconf 90' lang='lat' dir='ltr'><strong>se</strong></span> <span class='ocrx_word' id='word_1_429' title='bbox 2905 2786 3022 2855; x_wconf 87' lang='lat' dir='ltr'><strong>ipso</strong></span> <span class='ocrx_word' id='word_1_430' title='bbox 3070 2790 3234 2841; x_wconf 87' lang='lat' dir='ltr'><strong>corde</strong></span> <span class='ocrx_word' id='word_1_431' title='bbox 3279 2792 3501 2861; x_wconf 88' lang='lat' dir='ltr'><strong>propior</strong></span> 
     </span>
    </p>
   </div>
   <div class='ocr_carea' id='block_1_58' title="bbox 1921 2872 3504 2943">
    <p class='ocr_par' dir='ltr' id='par_1_58' title="bbox 1921 2872 3504 2943">
     <span class='ocr_line' id='line_1_58' title="bbox 1921 2872 3504 2943; baseline 0.006 -18"><span class='ocrx_word' id='word_1_432' title='bbox 1921 2881 2023 2926; x_wconf 89' lang='lat' dir='ltr'><strong>est.</strong></span> <span class='ocrx_word' id='word_1_433' title='bbox 2053 2872 2415 2943; x_wconf 89' lang='lat' dir='ltr'><strong>Consequens</strong></span> <span class='ocrx_word' id='word_1_434' title='bbox 2453 2887 2636 2929; x_wconf 85' lang='lat' dir='ltr'><strong>autem</strong></span> <span class='ocrx_word' id='word_1_435' title='bbox 2674 2886 2777 2938; x_wconf 84' lang='lat' dir='ltr'><strong>est,</strong></span> <span class='ocrx_word' id='word_1_436' title='bbox 2818 2878 2978 2930; x_wconf 91' lang='lat' dir='ltr'><strong>etiam</strong></span> <span class='ocrx_word' id='word_1_437' title='bbox 3016 2890 3333 2933; x_wconf 85' lang='lat' dir='ltr'><strong>constanter</strong></span> <span class='ocrx_word' id='word_1_438' title='bbox 3381 2896 3504 2934; x_wconf 89' lang='lat' dir='ltr'><strong>cre-</strong></span> 
     </span>
    </p>
   </div>
   <div class='ocr_carea' id='block_1_59' title="bbox 1922 2961 3494 3031">
    <p class='ocr_par' dir='ltr' id='par_1_59' title="bbox 1922 2961 3494 3031">
     <span class='ocr_line' id='line_1_59' title="bbox 1922 2961 3494 3031; baseline 0.004 -17"><span class='ocrx_word' id='word_1_439' title='bbox 1922 2961 2073 3027; x_wconf 87' lang='lat' dir='ltr'><strong>dere,</strong></span> <span class='ocrx_word' id='word_1_440' title='bbox 2099 2977 2221 3031; x_wconf 71' lang='lat' dir='ltr'><strong>qua:</strong></span> <span class='ocrx_word' id='word_1_441' title='bbox 2249 2977 2561 3031; x_wconf 86' lang='lat' dir='ltr'><strong>precamur,</strong></span> <span class='ocrx_word' id='word_1_442' title='bbox 2608 2963 2762 3019; x_wconf 89' lang='lat' dir='ltr'><strong>nobis</strong></span> <span class='ocrx_word' id='word_1_443' title='bbox 2794 2974 3082 3030; x_wconf 85' lang='lat' dir='ltr'><strong>eventura,</strong></span> <span class='ocrx_word' id='word_1_444' title='bbox 3114 2982 3214 3021; x_wconf 91' lang='lat' dir='ltr'><strong>nec</strong></span> <span class='ocrx_word' id='word_1_445' title='bbox 3245 2967 3367 3022; x_wconf 86' lang='lat' dir='ltr'><strong>ideo</strong></span> <span class='ocrx_word' id='word_1_446' title='bbox 3398 2970 3494 3021; x_wconf 43' lang='lat' dir='ltr'><strong>du.</strong></span> 
     </span>
    </p>
   </div>
   <div class='ocr_carea' id='block_1_60' title="bbox 1926 3055 3505 3129">
    <p class='ocr_par' dir='ltr' id='par_1_60' title="bbox 1926 3055 3505 3129">
     <span class='ocr_line' id='line_1_60' title="bbox 1926 3055 3505 3129; baseline 0.004 -22"><span class='ocrx_word' id='word_1_447' title='bbox 1926 3055 2116 3119; x_wconf 84' lang='lat' dir='ltr'><strong>bitare,</strong></span> <span class='ocrx_word' id='word_1_448' title='bbox 2150 3055 2279 3124; x_wconf 83' lang='lat' dir='ltr'><strong>quia</strong></span> <span class='ocrx_word' id='word_1_449' title='bbox 2316 3071 2510 3110; x_wconf 90' lang='lat' dir='ltr'><strong>sumus</strong></span> <span class='ocrx_word' id='word_1_450' title='bbox 2545 3057 2805 3126; x_wconf 91' lang='lat' dir='ltr'><strong>improbi,</strong></span> <span class='ocrx_word' id='word_1_451' title='bbox 2836 3058 2932 3112; x_wconf 90' lang='lat' dir='ltr'><strong>sed</strong></span> <span class='ocrx_word' id='word_1_452' title='bbox 2965 3059 3159 3123; x_wconf 79' lang='lat' dir='ltr'><strong>ﬁdere,</strong></span> <span class='ocrx_word' id='word_1_453' title='bbox 3185 3062 3313 3129; x_wconf 88' lang='lat' dir='ltr'><strong>quia</strong></span> <span class='ocrx_word' id='word_1_454' title='bbox 3350 3061 3505 3114; x_wconf 73' lang='lat' dir='ltr'><strong>Chri-</strong></span> 
     </span>
    </p>
   </div>
   <div class='ocr_carea' id='block_1_61' title="bbox 1924 3148 3498 3219">
    <p class='ocr_par' dir='ltr' id='par_1_61' title="bbox 1924 3148 3498 3219">
     <span class='ocr_line' id='line_1_61' title="bbox 1924 3148 3498 3219; baseline 0.004 -18"><span class='ocrx_word' id='word_1_455' title='bbox 1924 3157 2041 3201; x_wconf 89' lang='lat' dir='ltr'><strong>stus</strong></span> <span class='ocrx_word' id='word_1_456' title='bbox 2090 3155 2175 3200; x_wconf 87' lang='lat' dir='ltr'><strong>est</strong></span> <span class='ocrx_word' id='word_1_457' title='bbox 2220 3148 2311 3216; x_wconf 93' lang='lat' dir='ltr'><strong>qui</strong></span> <span class='ocrx_word' id='word_1_458' title='bbox 2365 3164 2533 3217; x_wconf 87' lang='lat' dir='ltr'><strong>super</strong></span> <span class='ocrx_word' id='word_1_459' title='bbox 2586 3150 2833 3219; x_wconf 88' lang='lat' dir='ltr'><strong>ingratos</strong></span> <span class='ocrx_word' id='word_1_460' title='bbox 2882 3159 2933 3203; x_wconf 93' lang='lat' dir='ltr'><strong>et</strong></span> <span class='ocrx_word' id='word_1_461' title='bbox 2982 3151 3154 3205; x_wconf 87' lang='lat' dir='ltr'><strong>malos</strong></span> <span class='ocrx_word' id='word_1_462' title='bbox 3188 3152 3498 3208; x_wconf 82' lang='lat' dir='ltr'><strong>invocatur.</strong></span> 
     </span>
    </p>
   </div>
   <div class='ocr_carea' id='block_1_62' title="bbox 221 3236 1904 3332">
    <p class='ocr_par' dir='ltr' id='par_1_62' title="bbox 221 3241 1891 3332">
     <span class='ocr_line' id='line_1_62' title="bbox 221 3241 1891 3332; baseline -0.006 -29"><span class='ocrx_word' id='word_1_463' title='bbox 221 3250 468 3314; x_wconf 79' lang='grc' dir='ltr'>στεύειν,</span> <span class='ocrx_word' id='word_1_464' title='bbox 507 3247 603 3303; x_wconf 77' lang='grc' dir='ltr'><strong>καὶ</strong></span> <span class='ocrx_word' id='word_1_465' title='bbox 647 3248 723 3317; x_wconf 79' lang='grc' dir='ltr'>μὴ</span> <span class='ocrx_word' id='word_1_466' title='bbox 757 3248 1078 3311; x_wconf 76' lang='grc' dir='ltr'>ἐνδοιάζειν,</span> <span class='ocrx_word' id='word_1_467' title='bbox 1112 3246 1195 3298; x_wconf 84' lang='grc' dir='ltr'><strong>ὅτι</strong></span> <span class='ocrx_word' id='word_1_468' title='bbox 1230 3245 1459 3315; x_wconf 73' lang='grc' dir='ltr'>πονηροὶ</span> <span class='ocrx_word' id='word_1_469' title='bbox 1492 3241 1583 3332; x_wconf 67' lang='grc' dir='ltr'><strong>τὸν</strong></span> <span class='ocrx_word' id='word_1_470' title='bbox 1619 3242 1821 3311; x_wconf 81' lang='grc' dir='ltr'>τρόπον</span> <span class='ocrx_word' id='word_1_471' title='bbox 1848 3275 1891 3332; x_wconf 80' lang='lat' dir='ltr'>c</span> 
     </span>
    </p>
   </div>
   <div class='ocr_carea' id='block_1_63' title="bbox 1818 3236 3501 3332">
    <p class='ocr_par' dir='ltr' id='par_1_63' title="bbox 1818 3236 3501 3332">
     <span class='ocr_line' id='line_1_63' title="bbox 1818 3236 3501 3332; baseline 0.006 -44"><span class='ocrx_word' id='word_1_472' title='bbox 1818 3261 1891 3332; x_wconf 39' lang='lat' dir='ltr'><strong>lc</strong></span> <span class='ocrx_word' id='word_1_473' title='bbox 1926 3236 2063 3303; x_wconf 87' lang='lat' dir='ltr'><strong>Quia</strong></span> <span class='ocrx_word' id='word_1_474' title='bbox 2113 3246 2323 3291; x_wconf 91' lang='lat' dir='ltr'><strong>tantum</strong></span> <span class='ocrx_word' id='word_1_475' title='bbox 2362 3239 2516 3293; x_wconf 88' lang='lat' dir='ltr'><strong>abest</strong></span> <span class='ocrx_word' id='word_1_476' title='bbox 2556 3249 2669 3294; x_wconf 87' lang='lat' dir='ltr'><strong>uta</strong></span> <span class='ocrx_word' id='word_1_477' title='bbox 2706 3241 2909 3311; x_wconf 88' lang='lat' dir='ltr'><strong>quibus</strong></span> <span class='ocrx_word' id='word_1_478' title='bbox 2934 3242 3174 3298; x_wconf 83' lang='lat' dir='ltr'><strong>oﬂ&#39;ensus</strong></span> <span class='ocrx_word' id='word_1_479' title='bbox 3204 3253 3285 3297; x_wconf 86' lang='lat' dir='ltr'><strong>est</strong></span> <span class='ocrx_word' id='word_1_480' title='bbox 3314 3259 3501 3299; x_wconf 78' lang='lat' dir='ltr'><strong>servos</strong></span> 
     </span>
    </p>
   </div>
   <div class='ocr_carea' id='block_1_64' title="bbox 219 3331 1902 3412">
    <p class='ocr_par' dir='ltr' id='par_1_64' title="bbox 219 3331 1872 3412">
     <span class='ocr_line' id='line_1_64' title="bbox 219 3331 1872 3412; baseline -0.005 -19"><span class='ocrx_word' id='word_1_481' title='bbox 219 3343 417 3412; x_wconf 82' lang='grc' dir='ltr'>ἡμεῖς,</span> <span class='ocrx_word' id='word_1_482' title='bbox 450 3339 591 3392; x_wconf 84' lang='grc' dir='ltr'>ἀλλὰ</span> <span class='ocrx_word' id='word_1_483' title='bbox 631 3337 883 3407; x_wconf 71' lang='grc' dir='ltr'>θαρρεῖν,</span> <span class='ocrx_word' id='word_1_484' title='bbox 918 3338 1000 3389; x_wconf 82' lang='grc' dir='ltr'>ὅτι</span> <span class='ocrx_word' id='word_1_485' title='bbox 1034 3334 1273 3406; x_wconf 81' lang='grc' dir='ltr'>χρηστὸς</span> <span class='ocrx_word' id='word_1_486' title='bbox 1301 3336 1329 3387; x_wconf 84' lang='grc' dir='ltr'>ὁ</span> <span class='ocrx_word' id='word_1_487' title='bbox 1360 3331 1696 3400; x_wconf 80' lang='grc' dir='ltr'>καλούμενος</span> <span class='ocrx_word' id='word_1_488' title='bbox 1729 3331 1822 3384; x_wconf 77' lang='grc' dir='ltr'><strong>ἐπὶ</strong></span> <span class='ocrx_word' id='word_1_489' title='bbox 1866 3331 1872 3332; x_wconf 50' lang='grc'><strong><em>⁷</em></strong></span> 
     </span>
    </p>
   </div>
   <div class='ocr_carea' id='block_1_65' title="bbox 1818 3331 3501 3412">
    <p class='ocr_par' dir='ltr' id='par_1_65' title="bbox 1818 3331 3501 3403">
     <span class='ocr_line' id='line_1_65' title="bbox 1818 3331 3501 3403; baseline 0.006 -20"><span class='ocrx_word' id='word_1_490' title='bbox 1818 3370 1822 3383; x_wconf 88' lang='grc'><em>,</em></span> <span class='ocrx_word' id='word_1_491' title='bbox 1866 3331 1872 3332; x_wconf 55' lang='grc'><strong>“</strong></span> <span class='ocrx_word' id='word_1_492' title='bbox 1925 3343 2212 3400; x_wconf 85' lang='lat' dir='ltr'><strong>precantes</strong></span> <span class='ocrx_word' id='word_1_493' title='bbox 2242 3334 2368 3387; x_wconf 90' lang='lat' dir='ltr'><strong>velit</strong></span> <span class='ocrx_word' id='word_1_494' title='bbox 2409 3336 2707 3403; x_wconf 74' lang='lat' dir='ltr'><strong>negligere,</strong></span> <span class='ocrx_word' id='word_1_495' title='bbox 2743 3345 2799 3389; x_wconf 94' lang='lat' dir='ltr'><strong>ut</strong></span> <span class='ocrx_word' id='word_1_496' title='bbox 2825 3336 3065 3391; x_wconf 90' lang='lat' dir='ltr'><strong>nondum</strong></span> <span class='ocrx_word' id='word_1_497' title='bbox 3098 3352 3155 3392; x_wconf 87' lang='lat' dir='ltr'><strong>se</strong></span> <span class='ocrx_word' id='word_1_498' title='bbox 3187 3338 3501 3393; x_wconf 80' lang='lat' dir='ltr'><strong>invocantes</strong></span> 
     </span>
    </p>
   </div>
   <div class='ocr_carea' id='block_1_66' title="bbox 219 3423 1821 3501">
    <p class='ocr_par' dir='ltr' id='par_1_66' title="bbox 219 3423 1821 3501">
     <span class='ocr_line' id='line_1_66' title="bbox 219 3423 1821 3501; baseline -0.007 -16"><span class='ocrx_word' id='word_1_499' title='bbox 219 3436 353 3493; x_wconf 74' lang='grc' dir='ltr'>τοὺς</span> <span class='ocrx_word' id='word_1_500' title='bbox 370 3430 708 3501; x_wconf 78' lang='grc' dir='ltr'>ἀχαρίστους</span> <span class='ocrx_word' id='word_1_501' title='bbox 736 3428 833 3481; x_wconf 75' lang='grc' dir='ltr'>καὶ</span> <span class='ocrx_word' id='word_1_502' title='bbox 856 3427 1149 3497; x_wconf 82' lang='grc' dir='ltr'>πονηροὺς,</span> <span class='ocrx_word' id='word_1_503' title='bbox 1168 3427 1225 3489; x_wconf 85' lang='grc' dir='ltr'><strong>ὃς</strong></span> <span class='ocrx_word' id='word_1_504' title='bbox 1246 3441 1310 3492; x_wconf 78' lang='grc' dir='ltr'><strong>γε</strong></span> <span class='ocrx_word' id='word_1_505' title='bbox 1328 3423 1581 3477; x_wconf 85' lang='grc' dir='ltr'>τοσοῦτον</span> <span class='ocrx_word' id='word_1_506' title='bbox 1602 3424 1821 3492; x_wconf 84' lang='grc' dir='ltr'>ἀπέχει,</span> 
     </span>
    </p>
   </div>
   <div class='ocr_carea' id='block_1_67' title="bbox 219 3516 1824 3590">
    <p class='ocr_par' dir='ltr' id='par_1_67' title="bbox 219 3516 1824 3590">
     <span class='ocr_line' id='line_1_67' title="bbox 219 3516 1824 3590; baseline -0.006 -14"><span class='ocrx_word' id='word_1_507' title='bbox 219 3525 354 3585; x_wconf 71' lang='grc' dir='ltr'>τοὺς</span> <span class='ocrx_word' id='word_1_508' title='bbox 390 3519 912 3590; x_wconf 84' lang='grc' dir='ltr'>προσκεκρουκότας</span> <span class='ocrx_word' id='word_1_509' title='bbox 947 3518 1055 3571; x_wconf 86' lang='grc' dir='ltr'><strong>τῶν</strong></span> <span class='ocrx_word' id='word_1_510' title='bbox 1082 3516 1286 3570; x_wconf 87' lang='grc' dir='ltr'>δούλων</span> <span class='ocrx_word' id='word_1_511' title='bbox 1314 3516 1601 3585; x_wconf 76' lang='grc' dir='ltr'>δεομένους</span> <span class='ocrx_word' id='word_1_512' title='bbox 1631 3532 1824 3585; x_wconf 83' lang='grc' dir='ltr'>περιο-</span> 
     </span>
    </p>
   </div>
   <div class='ocr_carea' id='block_1_68' title="bbox 225 3605 1825 3684">
    <p class='ocr_par' dir='ltr' id='par_1_68' title="bbox 225 3605 1825 3684">
     <span class='ocr_line' id='line_1_68' title="bbox 225 3605 1825 3684; baseline -0.003 -21"><span class='ocrx_word' id='word_1_513' title='bbox 225 3615 371 3684; x_wconf 74' lang='grc' dir='ltr'>ρᾷν,</span> <span class='ocrx_word' id='word_1_514' title='bbox 414 3610 560 3662; x_wconf 85' lang='grc' dir='ltr'>ὥστε</span> <span class='ocrx_word' id='word_1_515' title='bbox 614 3610 782 3679; x_wconf 83' lang='grc' dir='ltr'>μήπω</span> <span class='ocrx_word' id='word_1_516' title='bbox 827 3606 1167 3669; x_wconf 80' lang='grc' dir='ltr'><strong>καλέσαντας</strong></span> <span class='ocrx_word' id='word_1_517' title='bbox 1211 3607 1348 3676; x_wconf 69' lang='grc' dir='ltr'>μηδὲ</span> <span class='ocrx_word' id='word_1_518' title='bbox 1387 3605 1542 3674; x_wconf 85' lang='grc' dir='ltr'>λόγον</span> <span class='ocrx_word' id='word_1_519' title='bbox 1582 3606 1825 3659; x_wconf 81' lang='grc' dir='ltr'><strong>ὁντινοῦν</strong></span> 
     </span>
    </p>
   </div>
   <div class='ocr_carea' id='block_1_69' title="bbox 222 3696 1826 3771">
    <p class='ocr_par' dir='ltr' id='par_1_69' title="bbox 222 3696 1826 3771">
     <span class='ocr_line' id='line_1_69' title="bbox 222 3696 1826 3771; baseline -0.003 -14"><span class='ocrx_word' id='word_1_520' title='bbox 222 3704 447 3758; x_wconf 73' lang='grc' dir='ltr'>ἐκείνου</span> <span class='ocrx_word' id='word_1_521' title='bbox 479 3702 890 3771; x_wconf 81' lang='grc' dir='ltr'>ποιησαμένους</span> <span class='ocrx_word' id='word_1_522' title='bbox 913 3698 1076 3761; x_wconf 79' lang='grc' dir='ltr'>αὐτὸς</span> <span class='ocrx_word' id='word_1_523' title='bbox 1105 3701 1206 3768; x_wconf 84' lang='grc' dir='ltr'><strong>τὴν</strong></span> <span class='ocrx_word' id='word_1_524' title='bbox 1234 3698 1339 3768; x_wconf 84' lang='grc' dir='ltr'><strong>γῆν</strong></span> <span class='ocrx_word' id='word_1_525' title='bbox 1359 3696 1681 3751; x_wconf 76' lang='grc' dir='ltr'>καταλαϐὼν</span> <span class='ocrx_word' id='word_1_526' title='bbox 1698 3699 1826 3752; x_wconf 76' lang='grc' dir='ltr'>ἐκά-</span> 
     </span>
    </p>
   </div>
   <div class='ocr_carea' id='block_1_70' title="bbox 222 3789 1828 3864">
    <p class='ocr_par' dir='ltr' id='par_1_70' title="bbox 222 3789 1828 3864">
     <span class='ocr_line' id='line_1_70' title="bbox 222 3789 1828 3864; baseline -0.006 -14"><span class='ocrx_word' id='word_1_527' title='bbox 222 3800 356 3849; x_wconf 81' lang='grc' dir='ltr'>λεσε</span> <span class='ocrx_word' id='word_1_528' title='bbox 391 3796 639 3864; x_wconf 78' lang='grc' dir='ltr'>πρῶτος.</span> <span class='ocrx_word' id='word_1_529' title='bbox 678 3813 696 3845; x_wconf 77' lang='grc' dir='ltr'><strong>ι</strong></span> <span class='ocrx_word' id='word_1_530' title='bbox 730 3789 938 3845; x_wconf 81' lang='grc' dir='ltr'>Ἦλθον</span> <span class='ocrx_word' id='word_1_531' title='bbox 992 3792 1125 3860; x_wconf 82' lang='grc' dir='ltr'>γὰρ,</span> <span class='ocrx_word' id='word_1_532' title='bbox 1175 3790 1330 3859; x_wconf 75' lang='grc' dir='ltr'>φησὶ,</span> <span class='ocrx_word' id='word_1_533' title='bbox 1380 3790 1608 3844; x_wconf 81' lang='grc' dir='ltr'>καλέσαι</span> <span class='ocrx_word' id='word_1_534' title='bbox 1648 3792 1828 3858; x_wconf 85' lang='grc' dir='ltr'>ἀμαρ-</span> 
     </span>
    </p>
   </div>
   <div class='ocr_carea' id='block_1_71' title="bbox 221 3881 1826 3954">
    <p class='ocr_par' dir='ltr' id='par_1_71' title="bbox 221 3881 1826 3954">
     <span class='ocr_line' id='line_1_71' title="bbox 221 3881 1826 3954; baseline -0.005 -12"><span class='ocrx_word' id='word_1_535' title='bbox 221 3888 477 3951; x_wconf 82' lang='grc' dir='ltr'>τωλούς⁶</span> <span class='ocrx_word' id='word_1_536' title='bbox 554 3905 573 3937; x_wconf 75' lang='grc' dir='ltr'><strong>ι</strong></span> <span class='ocrx_word' id='word_1_537' title='bbox 630 3888 658 3939; x_wconf 78' lang='grc' dir='ltr'><strong>ὁ</strong></span> <span class='ocrx_word' id='word_1_538' title='bbox 709 3884 767 3937; x_wconf 75' lang='grc' dir='ltr'><strong>δὲ</strong></span> <span class='ocrx_word' id='word_1_539' title='bbox 831 3883 969 3954; x_wconf 74' lang='grc' dir='ltr'>μηδὲ</span> <span class='ocrx_word' id='word_1_540' title='bbox 1037 3882 1394 3953; x_wconf 70' lang='grc' dir='ltr'>βουλομένους</span> <span class='ocrx_word' id='word_1_541' title='bbox 1456 3881 1600 3935; x_wconf 74' lang='grc' dir='ltr'>οὕτω</span> <span class='ocrx_word' id='word_1_542' title='bbox 1658 3881 1826 3953; x_wconf 77' lang='grc' dir='ltr'>ζητή-</span> 
     </span>
    </p>
   </div>
   <div class='ocr_carea' id='block_1_72' title="bbox 222 3974 1827 4045">
    <p class='ocr_par' dir='ltr' id='par_1_72' title="bbox 222 3974 1827 4045">
     <span class='ocr_line' id='line_1_72' title="bbox 222 3974 1827 4045; baseline -0.002 -12"><span class='ocrx_word' id='word_1_543' title='bbox 222 3997 355 4043; x_wconf 85' lang='grc' dir='ltr'>σας,</span> <span class='ocrx_word' id='word_1_544' title='bbox 416 3977 501 4041; x_wconf 86' lang='grc' dir='ltr'><strong>τίς</strong></span> <span class='ocrx_word' id='word_1_545' title='bbox 562 3976 629 4030; x_wconf 79' lang='grc' dir='ltr'>ἂν</span> <span class='ocrx_word' id='word_1_546' title='bbox 677 3976 767 4045; x_wconf 87' lang='grc' dir='ltr'><strong>είη</strong></span> <span class='ocrx_word' id='word_1_547' title='bbox 818 3974 1185 4045; x_wconf 79' lang='grc' dir='ltr'>καλούμενοςς</span> <span class='ocrx_word' id='word_1_548' title='bbox 1228 3976 1321 4027; x_wconf 76' lang='grc' dir='ltr'><strong>καὶ</strong></span> <span class='ocrx_word' id='word_1_549' title='bbox 1376 3975 1427 4028; x_wconf 82' lang='grc' dir='ltr'><strong>εί</strong></span> <span class='ocrx_word' id='word_1_550' title='bbox 1497 3975 1827 4044; x_wconf 73' lang='grc' dir='ltr'>μισούμενος</span> 
     </span>
    </p>
   </div>
   <div class='ocr_carea' id='block_1_73' title="bbox 221 4064 1829 4139">
    <p class='ocr_par' dir='ltr' id='par_1_73' title="bbox 221 4064 1829 4139">
     <span class='ocr_line' id='line_1_73' title="bbox 221 4064 1829 4139; baseline 0 -18"><span class='ocrx_word' id='word_1_551' title='bbox 221 4072 487 4139; x_wconf 72' lang='grc' dir='ltr'>ἐφίλησε,</span> <span class='ocrx_word' id='word_1_552' title='bbox 541 4068 659 4131; x_wconf 85' lang='grc' dir='ltr'>πῶς</span> <span class='ocrx_word' id='word_1_553' title='bbox 689 4064 976 4120; x_wconf 78' lang='grc' dir='ltr'><strong>ἀπώσεται</strong></span> <span class='ocrx_word' id='word_1_554' title='bbox 1009 4065 1373 4134; x_wconf 82' lang='grc' dir='ltr'>φιλούμενος;</span> <span class='ocrx_word' id='word_1_555' title='bbox 1410 4068 1476 4119; x_wconf 90' lang='lat'><strong>&#39;0</strong></span> <span class='ocrx_word' id='word_1_556' title='bbox 1506 4067 1600 4119; x_wconf 71' lang='lat' dir='ltr'><strong>xui.</strong></span> <span class='ocrx_word' id='word_1_557' title='bbox 1653 4068 1829 4137; x_wconf 85' lang='grc' dir='ltr'>δηλῶν</span> 
     </span>
    </p>
   </div>
   <div class='ocr_carea' id='block_1_74' title="bbox 219 4156 1830 4227">
    <p class='ocr_par' dir='ltr' id='par_1_74' title="bbox 219 4156 1830 4227">
     <span class='ocr_line' id='line_1_74' title="bbox 219 4156 1830 4227; baseline -0.004 -12"><span class='ocrx_word' id='word_1_558' title='bbox 219 4166 252 4216; x_wconf 86' lang='grc' dir='ltr'><strong>ό</strong></span> <span class='ocrx_word' id='word_1_559' title='bbox 322 4160 564 4221; x_wconf 82' lang='grc' dir='ltr'>Παῦλος,</span> <span class='ocrx_word' id='word_1_560' title='bbox 628 4178 646 4210; x_wconf 78' lang='grc' dir='ltr'><strong>ι</strong></span> <span class='ocrx_word' id='word_1_561' title='bbox 714 4160 777 4211; x_wconf 84' lang='lat' dir='ltr'><strong>El</strong></span> <span class='ocrx_word' id='word_1_562' title='bbox 828 4158 1015 4227; x_wconf 75' lang='grc' dir='ltr'>ἐχθροὶ</span> <span class='ocrx_word' id='word_1_563' title='bbox 1066 4157 1219 4219; x_wconf 76' lang='grc' dir='ltr'>ὄντες</span> <span class='ocrx_word' id='word_1_564' title='bbox 1270 4156 1696 4227; x_wconf 83' lang='grc' dir='ltr'>κατηλλάγημεν</span> <span class='ocrx_word' id='word_1_565' title='bbox 1752 4158 1830 4225; x_wconf 80' lang='grc' dir='ltr'><strong>τῷ</strong></span> 
     </span>
    </p>
   </div>
   <div class='ocr_carea' id='block_1_75' title="bbox 220 4248 1831 4325">
    <p class='ocr_par' dir='ltr' id='par_1_75' title="bbox 220 4248 1831 4325">
     <span class='ocr_line' id='line_1_75' title="bbox 220 4248 1831 4325; baseline -0.004 -18"><span class='ocrx_word' id='word_1_566' title='bbox 220 4253 350 4325; x_wconf 87' lang='grc' dir='ltr'>Θεῷ</span> <span class='ocrx_word' id='word_1_567' title='bbox 392 4254 482 4305; x_wconf 81' lang='grc' dir='ltr'><strong>διά</strong></span> <span class='ocrx_word' id='word_1_568' title='bbox 515 4250 609 4305; x_wconf 92' lang='grc' dir='ltr'>τοῦ</span> <span class='ocrx_word' id='word_1_569' title='bbox 646 4249 882 4303; x_wconf 83' lang='grc' dir='ltr'>θανάτου</span> <span class='ocrx_word' id='word_1_570' title='bbox 919 4248 1014 4302; x_wconf 91' lang='grc' dir='ltr'><strong>τοῦ</strong></span> <span class='ocrx_word' id='word_1_571' title='bbox 1049 4248 1181 4301; x_wconf 86' lang='grc' dir='ltr'>Υίοῦ</span> <span class='ocrx_word' id='word_1_572' title='bbox 1215 4248 1382 4303; x_wconf 83' lang='grc' dir='ltr'>αὑτοῦ</span> <span class='ocrx_word' id='word_1_573' title='bbox 1406 4288 1419 4313; x_wconf 93' lang='grc'><strong>,</strong></span> <span class='ocrx_word' id='word_1_574' title='bbox 1453 4252 1609 4319; x_wconf 80' lang='grc' dir='ltr'>φησὶ,</span> <span class='ocrx_word' id='word_1_575' title='bbox 1650 4248 1831 4319; x_wconf 84' lang='grc' dir='ltr'>πολλῷ</span> 
     </span>
    </p>
   </div>
   <div class='ocr_carea' id='block_1_76' title="bbox 224 4338 1825 4415">
    <p class='ocr_par' dir='ltr' id='par_1_76' title="bbox 224 4338 1825 4415">
     <span class='ocr_line' id='line_1_76' title="bbox 224 4338 1825 4415; baseline -0.005 -16"><span class='ocrx_word' id='word_1_576' title='bbox 224 4346 440 4415; x_wconf 77' lang='grc' dir='ltr'>μᾶλλον</span> <span class='ocrx_word' id='word_1_577' title='bbox 463 4341 902 4408; x_wconf 83' lang='grc' dir='ltr'>καταλλαγέντες</span> <span class='ocrx_word' id='word_1_578' title='bbox 920 4340 1282 4410; x_wconf 80' lang='grc' dir='ltr'>σωθησόμεθα</span> <span class='ocrx_word' id='word_1_579' title='bbox 1298 4341 1355 4392; x_wconf 80' lang='grc' dir='ltr'><strong>ὲν</strong></span> <span class='ocrx_word' id='word_1_580' title='bbox 1370 4342 1435 4408; x_wconf 76' lang='grc' dir='ltr'>τῇ</span> <span class='ocrx_word' id='word_1_581' title='bbox 1456 4338 1568 4408; x_wconf 79' lang='grc' dir='ltr'><strong>ζωῇ</strong></span> <span class='ocrx_word' id='word_1_582' title='bbox 1589 4339 1775 4393; x_wconf 83' lang='grc' dir='ltr'><strong>αὐτοῦ.</strong></span> <span class='ocrx_word' id='word_1_583' title='bbox 1807 4358 1825 4391; x_wconf 73' lang='grc' dir='ltr'><strong>ι</strong></span> 
     </span>
    </p>
   </div>
   <div class='ocr_carea' id='block_1_77' title="bbox 223 4430 1830 4506">
    <p class='ocr_par' dir='ltr' id='par_1_77' title="bbox 223 4430 1830 4506">
     <span class='ocr_line' id='line_1_77' title="bbox 223 4430 1830 4506; baseline -0.006 -13"><span class='ocrx_word' id='word_1_584' title='bbox 223 4440 345 4493; x_wconf 73' lang='grc' dir='ltr'><strong>Καὶ</strong></span> <span class='ocrx_word' id='word_1_585' title='bbox 371 4437 482 4506; x_wconf 79' lang='grc' dir='ltr'><strong>μὴν</strong></span> <span class='ocrx_word' id='word_1_586' title='bbox 514 4438 610 4488; x_wconf 75' lang='grc' dir='ltr'>καὶ</span> <span class='ocrx_word' id='word_1_587' title='bbox 636 4434 697 4488; x_wconf 84' lang='grc' dir='ltr'><strong>τὺ</strong></span> <span class='ocrx_word' id='word_1_588' title='bbox 723 4434 910 4503; x_wconf 85' lang='grc' dir='ltr'>σχῆμα</span> <span class='ocrx_word' id='word_1_589' title='bbox 937 4434 1036 4501; x_wconf 80' lang='grc' dir='ltr'><strong>τῆς</strong></span> <span class='ocrx_word' id='word_1_590' title='bbox 1062 4433 1273 4494; x_wconf 86' lang='grc' dir='ltr'>ἱκεσίας</span> <span class='ocrx_word' id='word_1_591' title='bbox 1308 4430 1708 4501; x_wconf 72' lang='grc' dir='ltr'>ἐνθυμηθῶμεν</span> <span class='ocrx_word' id='word_1_592' title='bbox 1727 4438 1745 4463; x_wconf 81' lang='grc'><em>⁴</em></span> <span class='ocrx_word' id='word_1_593' title='bbox 1769 4433 1830 4484; x_wconf 86' lang='grc' dir='ltr'>οὐ</span> 
     </span>
    </p>
   </div>
   <div class='ocr_carea' id='block_1_78' title="bbox 220 4522 1833 4601">
    <p class='ocr_par' dir='ltr' id='par_1_78' title="bbox 220 4522 1833 4601">
     <span class='ocr_line' id='line_1_78' title="bbox 220 4522 1833 4601; baseline -0.006 -17"><span class='ocrx_word' id='word_1_594' title='bbox 220 4534 341 4601; x_wconf 80' lang='grc' dir='ltr'><strong>γὰρ</strong></span> <span class='ocrx_word' id='word_1_595' title='bbox 372 4530 408 4583; x_wconf 75' lang='grc' dir='ltr'><strong>ἃ.</strong></span> <span class='ocrx_word' id='word_1_596' title='bbox 445 4528 634 4596; x_wconf 72' lang='grc' dir='ltr'>φίλους</span> <span class='ocrx_word' id='word_1_597' title='bbox 669 4528 816 4588; x_wconf 80' lang='grc' dir='ltr'>εἰκὸς</span> <span class='ocrx_word' id='word_1_598' title='bbox 847 4524 1117 4578; x_wconf 76' lang='grc' dir='ltr'>αἰτεῖσθαι</span> <span class='ocrx_word' id='word_1_599' title='bbox 1149 4526 1243 4577; x_wconf 83' lang='grc' dir='ltr'>καὶ</span> <span class='ocrx_word' id='word_1_600' title='bbox 1266 4522 1590 4593; x_wconf 77' lang='grc' dir='ltr'>λαμϐάνειν,</span> <span class='ocrx_word' id='word_1_601' title='bbox 1625 4522 1833 4576; x_wconf 87' lang='grc' dir='ltr'>τούτων</span> 
     </span>
    </p>
   </div>
   <div class='ocr_carea' id='block_1_79' title="bbox 1928 3424 3502 3494">
    <p class='ocr_par' dir='ltr' id='par_1_79' title="bbox 1928 3424 3502 3494">
     <span class='ocr_line' id='line_1_79' title="bbox 1928 3424 3502 3494; baseline 0.005 -18"><span class='ocrx_word' id='word_1_602' title='bbox 1928 3438 2105 3494; x_wconf 89' lang='lat' dir='ltr'><strong>neque</strong></span> <span class='ocrx_word' id='word_1_603' title='bbox 2137 3424 2302 3478; x_wconf 85' lang='lat' dir='ltr'><strong>ullam</strong></span> <span class='ocrx_word' id='word_1_604' title='bbox 2362 3425 2531 3494; x_wconf 81' lang='lat' dir='ltr'><strong>ipsius</strong></span> <span class='ocrx_word' id='word_1_605' title='bbox 2565 3426 2838 3481; x_wconf 88' lang='lat' dir='ltr'><strong>rationem</strong></span> <span class='ocrx_word' id='word_1_606' title='bbox 2873 3428 3159 3493; x_wconf 84' lang='lat' dir='ltr'><strong>ducentes,</strong></span> <span class='ocrx_word' id='word_1_607' title='bbox 3200 3429 3253 3483; x_wconf 93' lang='lat' dir='ltr'><strong>in</strong></span> <span class='ocrx_word' id='word_1_608' title='bbox 3302 3440 3502 3484; x_wconf 80' lang='lat' dir='ltr'><strong>terrain</strong></span> 
     </span>
    </p>
   </div>
   <div class='ocr_carea' id='block_1_80' title="bbox 1927 3516 3506 3591">
    <p class='ocr_par' dir='ltr' id='par_1_80' title="bbox 1927 3516 3506 3591">
     <span class='ocr_line' id='line_1_80' title="bbox 1927 3516 3506 3591; baseline 0.004 -20"><span class='ocrx_word' id='word_1_609' title='bbox 1927 3516 2205 3586; x_wconf 83' lang='lat' dir='ltr'><strong>delapsus,</strong></span> <span class='ocrx_word' id='word_1_610' title='bbox 2228 3516 2377 3587; x_wconf 88' lang='lat' dir='ltr'><strong>prior</strong></span> <span class='ocrx_word' id='word_1_611' title='bbox 2408 3519 2636 3573; x_wconf 89' lang='lat' dir='ltr'><strong>vocarit.</strong></span> <span class='ocrx_word' id='word_1_612' title='bbox 2673 3538 2690 3570; x_wconf 77' lang='grc' dir='ltr'><strong>ι</strong></span> <span class='ocrx_word' id='word_1_613' title='bbox 2720 3517 2855 3574; x_wconf 79' lang='lat' dir='ltr'><strong>Veni</strong></span> <span class='ocrx_word' id='word_1_614' title='bbox 2882 3521 3051 3587; x_wconf 90' lang='lat' dir='ltr'><strong>enim,</strong></span> <span class='ocrx_word' id='word_1_615' title='bbox 3077 3522 3277 3591; x_wconf 82' lang='lat' dir='ltr'><strong>inquit,</strong></span> <span class='ocrx_word' id='word_1_616' title='bbox 3310 3539 3506 3578; x_wconf 84' lang='lat' dir='ltr'><strong>vocare</strong></span> 
     </span>
    </p>
   </div>
   <div class='ocr_carea' id='block_1_81' title="bbox 1928 3608 3503 3681">
    <p class='ocr_par' dir='ltr' id='par_1_81' title="bbox 1928 3608 3503 3681">
     <span class='ocr_line' id='line_1_81' title="bbox 1928 3608 3503 3681; baseline 0.001 -16"><span class='ocrx_word' id='word_1_617' title='bbox 1928 3610 2340 3680; x_wconf 82' lang='lat' dir='ltr'><strong>peccatores“.</strong></span> <span class='ocrx_word' id='word_1_618' title='bbox 2380 3628 2396 3660; x_wconf 76' lang='grc' dir='ltr'><strong>ι</strong></span> <span class='ocrx_word' id='word_1_619' title='bbox 2436 3608 2555 3663; x_wconf 79' lang='lat' dir='ltr'><strong>Jam</strong></span> <span class='ocrx_word' id='word_1_620' title='bbox 2591 3611 2685 3679; x_wconf 91' lang='lat' dir='ltr'><strong>qui</strong></span> <span class='ocrx_word' id='word_1_621' title='bbox 2719 3625 2820 3665; x_wconf 90' lang='lat' dir='ltr'><strong>nec</strong></span> <span class='ocrx_word' id='word_1_622' title='bbox 2851 3612 3094 3666; x_wconf 90' lang='lat' dir='ltr'><strong>volentes</strong></span> <span class='ocrx_word' id='word_1_623' title='bbox 3131 3614 3203 3666; x_wconf 88' lang='lat' dir='ltr'><strong>ita</strong></span> <span class='ocrx_word' id='word_1_624' title='bbox 3233 3615 3503 3681; x_wconf 63' lang='lat' dir='ltr'><strong>quaesivit,</strong></span> 
     </span>
    </p>
   </div>
   <div class='ocr_carea' id='block_1_82' title="bbox 1927 3701 3503 3771">
    <p class='ocr_par' dir='ltr' id='par_1_82' title="bbox 1927 3701 3503 3771">
     <span class='ocr_line' id='line_1_82' title="bbox 1927 3701 3503 3771; baseline 0.002 -17"><span class='ocrx_word' id='word_1_625' title='bbox 1927 3701 2143 3771; x_wconf 90' lang='lat' dir='ltr'><strong>qualem</strong></span> <span class='ocrx_word' id='word_1_626' title='bbox 2184 3716 2245 3757; x_wconf 89' lang='lat' dir='ltr'><strong>se</strong></span> <span class='ocrx_word' id='word_1_627' title='bbox 2279 3702 2569 3755; x_wconf 88' lang='lat' dir='ltr'><strong>invocatus</strong></span> <span class='ocrx_word' id='word_1_628' title='bbox 2612 3702 2923 3757; x_wconf 80' lang='lat' dir='ltr'><strong>exhibebit?</strong></span> <span class='ocrx_word' id='word_1_629' title='bbox 2972 3713 3026 3757; x_wconf 87' lang='lat' dir='ltr'><strong>et</strong></span> <span class='ocrx_word' id='word_1_630' title='bbox 3059 3705 3104 3757; x_wconf 92' lang='lat' dir='ltr'><strong>si</strong></span> <span class='ocrx_word' id='word_1_631' title='bbox 3151 3706 3343 3759; x_wconf 80' lang='lat' dir='ltr'><strong>dilexit</strong></span> <span class='ocrx_word' id='word_1_632' title='bbox 3381 3721 3503 3760; x_wconf 91' lang='lat' dir='ltr'><strong>cum</strong></span> 
     </span>
    </p>
   </div>
   <div class='ocr_carea' id='block_1_83' title="bbox 1928 3794 3508 3865">
    <p class='ocr_par' dir='ltr' id='par_1_83' title="bbox 1928 3794 3508 3865">
     <span class='ocr_line' id='line_1_83' title="bbox 1928 3794 3508 3865; baseline 0.001 -18"><span class='ocrx_word' id='word_1_633' title='bbox 1928 3794 2058 3848; x_wconf 94' lang='lat' dir='ltr'><strong>odio</strong></span> <span class='ocrx_word' id='word_1_634' title='bbox 2110 3794 2425 3857; x_wconf 89' lang='lat' dir='ltr'><strong>haberetur,</strong></span> <span class='ocrx_word' id='word_1_635' title='bbox 2480 3794 2762 3864; x_wconf 92' lang='lat' dir='ltr'><strong>quomodo</strong></span> <span class='ocrx_word' id='word_1_636' title='bbox 2824 3810 2925 3851; x_wconf 89' lang='lat' dir='ltr'><strong>nos</strong></span> <span class='ocrx_word' id='word_1_637' title='bbox 2976 3796 3205 3865; x_wconf 69' lang='lat' dir='ltr'><strong>repellet</strong></span> <span class='ocrx_word' id='word_1_638' title='bbox 3234 3797 3508 3853; x_wconf 83' lang='lat' dir='ltr'><strong>dilectus?</strong></span> 
     </span>
    </p>
   </div>
   <div class='ocr_carea' id='block_1_84' title="bbox 1929 3882 3508 3953">
    <p class='ocr_par' dir='ltr' id='par_1_84' title="bbox 1929 3882 3508 3953">
     <span class='ocr_line' id='line_1_84' title="bbox 1929 3882 3508 3953; baseline 0.004 -17"><span class='ocrx_word' id='word_1_639' title='bbox 1929 3883 2087 3950; x_wconf 81' lang='lat' dir='ltr'><strong>Quod</strong></span> <span class='ocrx_word' id='word_1_640' title='bbox 2117 3893 2171 3939; x_wconf 87' lang='lat' dir='ltr'><strong>et</strong></span> <span class='ocrx_word' id='word_1_641' title='bbox 2218 3882 2417 3939; x_wconf 85' lang='lat' dir='ltr'><strong>Paulus</strong></span> <span class='ocrx_word' id='word_1_642' title='bbox 2461 3884 2801 3953; x_wconf 80' lang='lat' dir='ltr'><strong>signiﬁcans,</strong></span> <span class='ocrx_word' id='word_1_643' title='bbox 2853 3904 2871 3935; x_wconf 75' lang='grc' dir='ltr'><strong>ι</strong></span> <span class='ocrx_word' id='word_1_644' title='bbox 2906 3883 2963 3939; x_wconf 92' lang='lat' dir='ltr'><strong>Si</strong></span> <span class='ocrx_word' id='word_1_645' title='bbox 3019 3902 3142 3940; x_wconf 90' lang='lat' dir='ltr'><strong>cum</strong></span> <span class='ocrx_word' id='word_1_646' title='bbox 3183 3888 3387 3942; x_wconf 84' lang='lat' dir='ltr'><strong>inimici</strong></span> <span class='ocrx_word' id='word_1_647' title='bbox 3418 3905 3508 3943; x_wconf 89' lang='lat' dir='ltr'><strong>es-</strong></span> 
     </span>
    </p>
   </div>
   <div class='ocr_carea' id='block_1_85' title="bbox 1930 3977 3503 4048">
    <p class='ocr_par' dir='ltr' id='par_1_85' title="bbox 1930 3977 3503 4048">
     <span class='ocr_line' id='line_1_85' title="bbox 1930 3977 3503 4048; baseline 0.004 -18"><span class='ocrx_word' id='word_1_648' title='bbox 1930 3991 2136 4039; x_wconf 83' lang='lat' dir='ltr'><strong>semus,</strong></span> <span class='ocrx_word' id='word_1_649' title='bbox 2175 3977 2742 4047; x_wconf 82' lang='lat' dir='ltr'><strong>inquit,.recouciliati</strong></span> <span class='ocrx_word' id='word_1_650' title='bbox 2782 3993 2975 4033; x_wconf 88' lang='lat' dir='ltr'><strong>sumus</strong></span> <span class='ocrx_word' id='word_1_651' title='bbox 3004 3979 3112 4033; x_wconf 87' lang='lat' dir='ltr'><strong>Deo</strong></span> <span class='ocrx_word' id='word_1_652' title='bbox 3149 3998 3243 4048; x_wconf 89' lang='lat' dir='ltr'><strong>per</strong></span> <span class='ocrx_word' id='word_1_653' title='bbox 3275 3993 3503 4039; x_wconf 78' lang='lat' dir='ltr'><strong>martem</strong></span> 
     </span>
    </p>
   </div>
   <div class='ocr_carea' id='block_1_86' title="bbox 1933 4067 3505 4138">
    <p class='ocr_par' dir='ltr' id='par_1_86' title="bbox 1933 4067 3505 4138">
     <span class='ocr_line' id='line_1_86' title="bbox 1933 4067 3505 4138; baseline 0.004 -18"><span class='ocrx_word' id='word_1_654' title='bbox 1933 4067 2052 4121; x_wconf 88' lang='lat' dir='ltr'><strong>Filii</strong></span> <span class='ocrx_word' id='word_1_655' title='bbox 2093 4069 2234 4137; x_wconf 86' lang='lat' dir='ltr'><strong>ejus,</strong></span> <span class='ocrx_word' id='word_1_656' title='bbox 2268 4070 2443 4123; x_wconf 92' lang='lat' dir='ltr'><strong>multo</strong></span> <span class='ocrx_word' id='word_1_657' title='bbox 2475 4072 2646 4138; x_wconf 87' lang='lat' dir='ltr'><strong>magis</strong></span> <span class='ocrx_word' id='word_1_658' title='bbox 2684 4070 3018 4125; x_wconf 87' lang='lat' dir='ltr'><strong>reconciliati</strong></span> <span class='ocrx_word' id='word_1_659' title='bbox 3050 4072 3182 4125; x_wconf 79' lang='lat' dir='ltr'><strong>salvi</strong></span> <span class='ocrx_word' id='word_1_660' title='bbox 3215 4072 3421 4127; x_wconf 87' lang='lat' dir='ltr'><strong>erimus</strong></span> <span class='ocrx_word' id='word_1_661' title='bbox 3454 4078 3505 4129; x_wconf 87' lang='lat' dir='ltr'><strong>in</strong></span> 
     </span>
    </p>
   </div>
   <div class='ocr_carea' id='block_1_87' title="bbox 1932 4162 3507 4235">
    <p class='ocr_par' dir='ltr' id='par_1_87' title="bbox 1932 4162 3507 4235">
     <span class='ocr_line' id='line_1_87' title="bbox 1932 4162 3507 4235; baseline 0.003 -21"><span class='ocrx_word' id='word_1_662' title='bbox 1932 4163 2040 4215; x_wconf 87' lang='lat' dir='ltr'><strong>vita</strong></span> <span class='ocrx_word' id='word_1_663' title='bbox 2092 4163 2264 4231; x_wconf 86' lang='lat' dir='ltr'><strong>ipsius</strong></span> <span class='ocrx_word' id='word_1_664' title='bbox 2296 4162 2363 4214; x_wconf 86' lang='lat'><strong>&quot;.</strong></span> <span class='ocrx_word' id='word_1_665' title='bbox 2405 4180 2422 4212; x_wconf 76' lang='grc' dir='ltr'><strong>ι</strong></span> <span class='ocrx_word' id='word_1_666' title='bbox 2462 4162 2605 4226; x_wconf 89' lang='lat' dir='ltr'><strong>Quin</strong></span> <span class='ocrx_word' id='word_1_667' title='bbox 2638 4162 2869 4217; x_wconf 77' lang='lat' dir='ltr'><strong>l‘ormam</strong></span> <span class='ocrx_word' id='word_1_668' title='bbox 2904 4179 3124 4233; x_wconf 86' lang='lat' dir='ltr'><strong>quoque</strong></span> <span class='ocrx_word' id='word_1_669' title='bbox 3156 4166 3507 4235; x_wconf 86' lang='lat' dir='ltr'><strong>supplicatio</strong></span> 
     </span>
    </p>
   </div>
   <div class='ocr_carea' id='block_1_88' title="bbox 1934 4251 3508 4325">
    <p class='ocr_par' dir='ltr' id='par_1_88' title="bbox 1934 4251 3508 4325">
     <span class='ocr_line' id='line_1_88' title="bbox 1934 4251 3508 4325; baseline 0.003 -20"><span class='ocrx_word' id='word_1_670' title='bbox 1934 4253 2019 4305; x_wconf 92' lang='lat' dir='ltr'><strong>nis</strong></span> <span class='ocrx_word' id='word_1_671' title='bbox 2048 4254 2369 4323; x_wconf 84' lang='lat' dir='ltr'><strong>c0gitemus.</strong></span> <span class='ocrx_word' id='word_1_672' title='bbox 2406 4251 2523 4306; x_wconf 85' lang='lat' dir='ltr'><strong>Non</strong></span> <span class='ocrx_word' id='word_1_673' title='bbox 2564 4255 2712 4308; x_wconf 88' lang='lat' dir='ltr'><strong>enim</strong></span> <span class='ocrx_word' id='word_1_674' title='bbox 2744 4270 2864 4324; x_wconf 73' lang='lat' dir='ltr'><strong>qua:</strong></span> <span class='ocrx_word' id='word_1_675' title='bbox 2902 4254 3111 4310; x_wconf 90' lang='lat' dir='ltr'><strong>amicos</strong></span> <span class='ocrx_word' id='word_1_676' title='bbox 3159 4272 3373 4325; x_wconf 60' lang='lat' dir='ltr'><strong>equum</strong></span> <span class='ocrx_word' id='word_1_677' title='bbox 3426 4269 3508 4312; x_wconf 90' lang='lat' dir='ltr'><strong>est</strong></span> 
     </span>
    </p>
   </div>
   <div class='ocr_carea' id='block_1_89' title="bbox 1935 4346 3512 4419">
    <p class='ocr_par' dir='ltr' id='par_1_89' title="bbox 1935 4346 3512 4419">
     <span class='ocr_line' id='line_1_89' title="bbox 1935 4346 3512 4419; baseline 0.004 -20"><span class='ocrx_word' id='word_1_678' title='bbox 1935 4356 2119 4413; x_wconf 89' lang='lat' dir='ltr'><strong>petere</strong></span> <span class='ocrx_word' id='word_1_679' title='bbox 2172 4354 2227 4399; x_wconf 79' lang='lat' dir='ltr'><strong>et</strong></span> <span class='ocrx_word' id='word_1_680' title='bbox 2276 4346 2547 4415; x_wconf 84' lang='lat' dir='ltr'><strong>accipere,</strong></span> <span class='ocrx_word' id='word_1_681' title='bbox 2577 4362 2639 4399; x_wconf 87' lang='lat' dir='ltr'><strong>ea</strong></span> <span class='ocrx_word' id='word_1_682' title='bbox 2686 4348 2917 4416; x_wconf 85' lang='lat' dir='ltr'><strong>petimus</strong></span> <span class='ocrx_word' id='word_1_683' title='bbox 2946 4349 3231 4417; x_wconf 89' lang='lat' dir='ltr'><strong>consequi,</strong></span> <span class='ocrx_word' id='word_1_684' title='bbox 3265 4352 3357 4403; x_wconf 84' lang='lat' dir='ltr'><strong>sel</strong></span> <span class='ocrx_word' id='word_1_685' title='bbox 3390 4368 3512 4419; x_wconf 76' lang='lat' dir='ltr'><strong>qua:</strong></span> 
     </span>
    </p>
   </div>
   <div class='ocr_carea' id='block_1_90' title="bbox 1935 4436 3509 4507">
    <p class='ocr_par' dir='ltr' id='par_1_90' title="bbox 1935 4436 3509 4507">
     <span class='ocr_line' id='line_1_90' title="bbox 1935 4436 3509 4507; baseline 0.004 -18"><span class='ocrx_word' id='word_1_686' title='bbox 1935 4437 2077 4489; x_wconf 85' lang='lat' dir='ltr'><strong>servi</strong></span> <span class='ocrx_word' id='word_1_687' title='bbox 2109 4436 2359 4501; x_wconf 85' lang='lat' dir='ltr'><strong>obnoxii,</strong></span> <span class='ocrx_word' id='word_1_688' title='bbox 2402 4446 2455 4499; x_wconf 76' lang='lat' dir='ltr'><strong>et</strong></span> <span class='ocrx_word' id='word_1_689' title='bbox 2484 4438 2723 4492; x_wconf 79' lang='lat' dir='ltr'><strong>maxime</strong></span> <span class='ocrx_word' id='word_1_690' title='bbox 2757 4437 2833 4491; x_wconf 90' lang='lat' dir='ltr'><strong>rei</strong></span> <span class='ocrx_word' id='word_1_691' title='bbox 2872 4453 3064 4507; x_wconf 90' lang='lat' dir='ltr'><strong>rogare</strong></span> <span class='ocrx_word' id='word_1_692' title='bbox 3098 4444 3509 4507; x_wconf 85' lang='lat' dir='ltr'><strong>permittuntur.</strong></span> 
     </span>
    </p>
   </div>
   <div class='ocr_carea' id='block_1_91' title="bbox 1937 4525 3510 4597">
    <p class='ocr_par' dir='ltr' id='par_1_91' title="bbox 1937 4525 3510 4597">
     <span class='ocr_line' id='line_1_91' title="bbox 1937 4525 3510 4597; baseline 0.004 -18"><span class='ocrx_word' id='word_1_693' title='bbox 1937 4525 2054 4580; x_wconf 86' lang='lat' dir='ltr'><strong>Non</strong></span> <span class='ocrx_word' id='word_1_694' title='bbox 2110 4527 2259 4581; x_wconf 89' lang='lat' dir='ltr'><strong>enim</strong></span> <span class='ocrx_word' id='word_1_695' title='bbox 2289 4536 2348 4581; x_wconf 92' lang='lat' dir='ltr'><strong>ut</strong></span> <span class='ocrx_word' id='word_1_696' title='bbox 2394 4542 2493 4581; x_wconf 88' lang='lat' dir='ltr'><strong>nos</strong></span> <span class='ocrx_word' id='word_1_697' title='bbox 2530 4538 2774 4592; x_wconf 88' lang='lat' dir='ltr'><strong>coronet,</strong></span> <span class='ocrx_word' id='word_1_698' title='bbox 2827 4527 3118 4583; x_wconf 87' lang='lat' dir='ltr'><strong>Dominum</strong></span> <span class='ocrx_word' id='word_1_699' title='bbox 3170 4535 3510 4597; x_wconf 56' lang='lat' dir='ltr'><strong>invocamus,</strong></span> 
     </span>
    </p>
   </div>
   <div class='ocr_carea' id='block_1_92' title="bbox 220 4614 1903 4693">
    <p class='ocr_par' dir='ltr' id='par_1_92' title="bbox 220 4614 1903 4693">
     <span class='ocr_line' id='line_1_92' title="bbox 220 4614 1903 4693; baseline -0.005 -15"><span class='ocrx_word' id='word_1_700' title='bbox 220 4623 499 4693; x_wconf 80' lang='grc' dir='ltr'>αξιοῦμεν</span> <span class='ocrx_word' id='word_1_701' title='bbox 531 4623 846 4689; x_wconf 84' lang='grc' dir='ltr'>τυγχάνειν,</span> <span class='ocrx_word' id='word_1_702' title='bbox 876 4619 991 4672; x_wconf 87' lang='grc' dir='ltr'>ἀλλ’</span> <span class='ocrx_word' id='word_1_703' title='bbox 1020 4614 1095 4672; x_wconf 81' lang='grc' dir='ltr'><strong>ὦν</strong></span> <span class='ocrx_word' id='word_1_704' title='bbox 1125 4621 1221 4673; x_wconf 76' lang='grc' dir='ltr'><strong>καὶ</strong></span> <span class='ocrx_word' id='word_1_705' title='bbox 1248 4621 1362 4682; x_wconf 79' lang='grc' dir='ltr'>τοῖς</span> <span class='ocrx_word' id='word_1_706' title='bbox 1390 4619 1714 4681; x_wconf 83' lang='grc' dir='ltr'>ὑπευθύνοις</span> <span class='ocrx_word' id='word_1_707' title='bbox 1740 4620 1831 4671; x_wconf 77' lang='grc' dir='ltr'><strong>καὶ</strong></span> <span class='ocrx_word' id='word_1_708' title='bbox 1864 4614 1903 4670; x_wconf 81' lang='lat' dir='ltr'><strong>D</strong></span> 
     </span>
    </p>
   </div>
   <div class='ocr_carea' id='block_1_93' title="bbox 1830 4614 3513 4693">
    <p class='ocr_par' dir='ltr' id='par_1_93' title="bbox 1830 4614 3513 4693">
     <span class='ocr_line' id='line_1_93' title="bbox 1830 4614 3513 4693; baseline 0.007 -25"><span class='ocrx_word' id='word_1_709' title='bbox 1830 4660 1831 4668; x_wconf 30' lang='grc' dir='ltr'><strong>χ</strong></span> <span class='ocrx_word' id='word_1_710' title='bbox 1864 4614 1909 4670; x_wconf 85' lang='lat' dir='ltr'><strong>D</strong></span> <span class='ocrx_word' id='word_1_711' title='bbox 1940 4634 2038 4673; x_wconf 91' lang='lat' dir='ltr'><strong>nec</strong></span> <span class='ocrx_word' id='word_1_712' title='bbox 2073 4630 2130 4673; x_wconf 96' lang='lat' dir='ltr'><strong>ut</strong></span> <span class='ocrx_word' id='word_1_713' title='bbox 2160 4619 2263 4673; x_wconf 89' lang='lat' dir='ltr'><strong>alia</strong></span> <span class='ocrx_word' id='word_1_714' title='bbox 2305 4620 2617 4689; x_wconf 75' lang='lat' dir='ltr'><strong>huiusmodi</strong></span> <span class='ocrx_word' id='word_1_715' title='bbox 2665 4636 2763 4675; x_wconf 92' lang='lat' dir='ltr'><strong>nos</strong></span> <span class='ocrx_word' id='word_1_716' title='bbox 2800 4623 2972 4691; x_wconf 87' lang='lat' dir='ltr'><strong>gratia</strong></span> <span class='ocrx_word' id='word_1_717' title='bbox 3006 4622 3283 4693; x_wconf 73' lang='lat' dir='ltr'><strong>dignetur,</strong></span> <span class='ocrx_word' id='word_1_718' title='bbox 3316 4629 3411 4685; x_wconf 84' lang='lat' dir='ltr'><strong>sed</strong></span> <span class='ocrx_word' id='word_1_719' title='bbox 3456 4636 3513 4679; x_wconf 94' lang='lat' dir='ltr'><strong>ut</strong></span> 
     </span>
    </p>
   </div>
   <div class='ocr_carea' id='block_1_94' title="bbox 224 4712 1826 4787">
    <p class='ocr_par' dir='ltr' id='par_1_94' title="bbox 224 4712 1826 4787">
     <span class='ocr_line' id='line_1_94' title="bbox 224 4712 1826 4787; baseline -0.003 -17"><span class='ocrx_word' id='word_1_720' title='bbox 224 4715 751 4787; x_wconf 84' lang='grc' dir='ltr'>προσκεκρουκόσιν</span> <span class='ocrx_word' id='word_1_721' title='bbox 770 4715 983 4781; x_wconf 71' lang='grc' dir='ltr'>ἐφεῖται</span> <span class='ocrx_word' id='word_1_722' title='bbox 1004 4712 1212 4775; x_wconf 82' lang='grc' dir='ltr'>δούλοις</span> <span class='ocrx_word' id='word_1_723' title='bbox 1226 4713 1318 4764; x_wconf 73' lang='grc' dir='ltr'>καὶ</span> <span class='ocrx_word' id='word_1_724' title='bbox 1343 4712 1577 4783; x_wconf 83' lang='grc' dir='ltr'>μάλιστα</span> <span class='ocrx_word' id='word_1_725' title='bbox 1597 4712 1826 4775; x_wconf 81' lang='grc' dir='ltr'>τούτοις.</span> 
     </span>
    </p>
   </div>
   <div class='ocr_carea' id='block_1_95' title="bbox 221 4797 1835 4876">
    <p class='ocr_par' dir='ltr' id='par_1_95' title="bbox 221 4797 1835 4876">
     <span class='ocr_line' id='line_1_95' title="bbox 221 4797 1835 4876; baseline -0.004 -14"><span class='ocrx_word' id='word_1_726' title='bbox 221 4811 303 4862; x_wconf 80' lang='grc' dir='ltr'><strong>Οὐ</strong></span> <span class='ocrx_word' id='word_1_727' title='bbox 338 4810 451 4876; x_wconf 82' lang='grc' dir='ltr'>γὰρ</span> <span class='ocrx_word' id='word_1_728' title='bbox 479 4806 571 4857; x_wconf 74' lang='grc' dir='ltr'><strong>ἵνα</strong></span> <span class='ocrx_word' id='word_1_729' title='bbox 601 4805 945 4874; x_wconf 75' lang='grc' dir='ltr'>στεφανὼσῃ,</span> <span class='ocrx_word' id='word_1_730' title='bbox 976 4804 1068 4855; x_wconf 74' lang='grc' dir='ltr'>τὸν</span> <span class='ocrx_word' id='word_1_731' title='bbox 1099 4803 1377 4873; x_wconf 82' lang='grc' dir='ltr'>Δεσπότην</span> <span class='ocrx_word' id='word_1_732' title='bbox 1406 4804 1702 4874; x_wconf 89' lang='grc' dir='ltr'>καλοῦμεν,</span> <span class='ocrx_word' id='word_1_733' title='bbox 1726 4797 1835 4856; x_wconf 79' lang='grc' dir='ltr'><strong>οὐδ’</strong></span> 
     </span>
    </p>
   </div>
   <div class='ocr_carea' id='block_1_96' title="bbox 220 4897 1833 4968">
    <p class='ocr_par' dir='ltr' id='par_1_96' title="bbox 220 4897 1833 4968">
     <span class='ocr_line' id='line_1_96' title="bbox 220 4897 1833 4968; baseline -0.004 -12"><span class='ocrx_word' id='word_1_734' title='bbox 220 4904 320 4956; x_wconf 80' lang='grc' dir='ltr'><strong>ἵνα.</strong></span> <span class='ocrx_word' id='word_1_735' title='bbox 372 4900 547 4968; x_wconf 80' lang='grc' dir='ltr'>ἀλλην</span> <span class='ocrx_word' id='word_1_736' title='bbox 591 4898 856 4967; x_wconf 89' lang='grc' dir='ltr'>τοιαύτην</span> <span class='ocrx_word' id='word_1_737' title='bbox 890 4897 1017 4950; x_wconf 90' lang='grc' dir='ltr'><strong>τινά</strong></span> <span class='ocrx_word' id='word_1_738' title='bbox 1059 4898 1364 4964; x_wconf 71' lang='grc' dir='ltr'>κατάθηται</span> <span class='ocrx_word' id='word_1_739' title='bbox 1398 4900 1580 4968; x_wconf 80' lang='grc' dir='ltr'>χάριν,</span> <span class='ocrx_word' id='word_1_740' title='bbox 1623 4898 1739 4950; x_wconf 84' lang='grc' dir='ltr'>ἀλλ’</span> <span class='ocrx_word' id='word_1_741' title='bbox 1768 4899 1833 4950; x_wconf 74' lang='grc' dir='ltr'><strong>ἵν’</strong></span> 
     </span>
    </p>
   </div>
   <div class='ocr_carea' id='block_1_97' title="bbox 220 4990 1833 5062">
    <p class='ocr_par' dir='ltr' id='par_1_97' title="bbox 220 4990 1833 5062">
     <span class='ocr_line' id='line_1_97' title="bbox 220 4990 1833 5062; baseline -0.002 -16"><span class='ocrx_word' id='word_1_742' title='bbox 220 4994 433 5062; x_wconf 73' lang='grc' dir='ltr'>ἐλεήσῃ</span> <span class='ocrx_word' id='word_1_743' title='bbox 452 5007 464 5021; x_wconf 92' lang='grc'>·</span> <span class='ocrx_word' id='word_1_744' title='bbox 493 4991 645 5043; x_wconf 79' lang='grc' dir='ltr'>ἔλεον</span> <span class='ocrx_word' id='word_1_745' title='bbox 666 4990 721 5041; x_wconf 81' lang='grc' dir='ltr'><strong>δὲ</strong></span> <span class='ocrx_word' id='word_1_746' title='bbox 754 4992 847 5042; x_wconf 77' lang='grc' dir='ltr'><strong>καὶ</strong></span> <span class='ocrx_word' id='word_1_747' title='bbox 880 4990 1213 5061; x_wconf 86' lang='grc' dir='ltr'>συγγνώμην</span> <span class='ocrx_word' id='word_1_748' title='bbox 1242 4992 1338 5043; x_wconf 78' lang='grc' dir='ltr'>καὶ</span> <span class='ocrx_word' id='word_1_749' title='bbox 1364 4990 1555 5060; x_wconf 82' lang='grc' dir='ltr'>χρέους</span> <span class='ocrx_word' id='word_1_750' title='bbox 1589 4990 1833 5043; x_wconf 86' lang='grc' dir='ltr'>διάλυσιν</span> 
     </span>
    </p>
   </div>
   <div class='ocr_carea' id='block_1_98' title="bbox 221 5081 1829 5151">
    <p class='ocr_par' dir='ltr' id='par_1_98' title="bbox 221 5081 1829 5151">
     <span class='ocr_line' id='line_1_98' title="bbox 221 5081 1829 5151; baseline -0.003 -12"><span class='ocrx_word' id='word_1_751' title='bbox 221 5089 324 5139; x_wconf 76' lang='grc' dir='ltr'><strong>καὶ</strong></span> <span class='ocrx_word' id='word_1_752' title='bbox 359 5085 428 5137; x_wconf 74' lang='grc' dir='ltr'>τὰ</span> <span class='ocrx_word' id='word_1_753' title='bbox 458 5081 690 5135; x_wconf 89' lang='grc' dir='ltr'>τοιαῦτα</span> <span class='ocrx_word' id='word_1_754' title='bbox 727 5082 823 5133; x_wconf 86' lang='grc' dir='ltr'><strong>τοῦ</strong></span> <span class='ocrx_word' id='word_1_755' title='bbox 855 5082 1249 5151; x_wconf 79' lang='grc' dir='ltr'>φιλανθρώπου</span> <span class='ocrx_word' id='word_1_756' title='bbox 1282 5083 1544 5151; x_wconf 70' lang='grc' dir='ltr'>δεηθῆναι</span> <span class='ocrx_word' id='word_1_757' title='bbox 1578 5085 1671 5135; x_wconf 73' lang='grc' dir='ltr'><strong>καὶ</strong></span> <span class='ocrx_word' id='word_1_758' title='bbox 1708 5083 1829 5151; x_wconf 76' lang='grc' dir='ltr'>δεη-</span> 
     </span>
    </p>
   </div>
   <div class='ocr_carea' id='block_1_99' title="bbox 222 5172 1833 5244">
    <p class='ocr_par' dir='ltr' id='par_1_99' title="bbox 222 5172 1833 5244">
     <span class='ocr_line' id='line_1_99' title="bbox 222 5172 1833 5244; baseline -0.004 -13"><span class='ocrx_word' id='word_1_759' title='bbox 222 5181 427 5238; x_wconf 88' lang='grc' dir='ltr'>θέντας</span> <span class='ocrx_word' id='word_1_760' title='bbox 458 5176 536 5244; x_wconf 80' lang='grc' dir='ltr'>μὴ</span> <span class='ocrx_word' id='word_1_761' title='bbox 571 5175 755 5234; x_wconf 85' lang='grc' dir='ltr'>κεναῖς</span> <span class='ocrx_word' id='word_1_762' title='bbox 785 5174 977 5242; x_wconf 76' lang='grc' dir='ltr'>χερσὶν</span> <span class='ocrx_word' id='word_1_763' title='bbox 1011 5173 1291 5236; x_wconf 80' lang='grc' dir='ltr'>ἀπελθεῖν,</span> <span class='ocrx_word' id='word_1_764' title='bbox 1327 5174 1375 5225; x_wconf 87' lang='grc' dir='ltr'>εί</span> <span class='ocrx_word' id='word_1_765' title='bbox 1413 5172 1486 5243; x_wconf 83' lang='grc' dir='ltr'>μὴ</span> <span class='ocrx_word' id='word_1_766' title='bbox 1514 5176 1637 5235; x_wconf 75' lang='grc' dir='ltr'>τοὺς</span> <span class='ocrx_word' id='word_1_767' title='bbox 1670 5174 1833 5225; x_wconf 80' lang='grc' dir='ltr'>ὑπευ-</span> 
     </span>
    </p>
   </div>
   <div class='ocr_carea' id='block_1_100' title="bbox 220 5264 1834 5335">
    <p class='ocr_par' dir='ltr' id='par_1_100' title="bbox 220 5264 1834 5335">
     <span class='ocr_line' id='line_1_100' title="bbox 220 5264 1834 5335; baseline -0.003 -13"><span class='ocrx_word' id='word_1_768' title='bbox 220 5270 449 5331; x_wconf 84' lang='grc' dir='ltr'>θύνους,</span> <span class='ocrx_word' id='word_1_769' title='bbox 500 5264 657 5326; x_wconf 89' lang='grc' dir='ltr'>τίνας</span> <span class='ocrx_word' id='word_1_770' title='bbox 689 5264 938 5329; x_wconf 71' lang='grc' dir='ltr'>είκδς,εἰ’</span> <span class='ocrx_word' id='word_1_771' title='bbox 984 5280 1047 5331; x_wconf 88' lang='grc' dir='ltr'><strong>γε</strong></span> <span class='ocrx_word' id='word_1_772' title='bbox 1082 5284 1099 5315; x_wconf 77' lang='grc' dir='ltr'><strong>ι</strong></span> <span class='ocrx_word' id='word_1_773' title='bbox 1136 5268 1211 5333; x_wconf 81' lang='grc' dir='ltr'>μὴ</span> <span class='ocrx_word' id='word_1_774' title='bbox 1261 5265 1452 5335; x_wconf 81' lang='grc' dir='ltr'>χρείαν</span> <span class='ocrx_word' id='word_1_775' title='bbox 1505 5264 1724 5333; x_wconf 76' lang='grc' dir='ltr'>ἔχουσιν</span> <span class='ocrx_word' id='word_1_776' title='bbox 1782 5266 1834 5317; x_wconf 85' lang='grc' dir='ltr'><strong>οί</strong></span> 
     </span>
    </p>
   </div>
   <div class='ocr_carea' id='block_1_101' title="bbox 225 5355 1833 5429">
    <p class='ocr_par' dir='ltr' id='par_1_101' title="bbox 225 5355 1833 5429">
     <span class='ocr_line' id='line_1_101' title="bbox 225 5355 1833 5429; baseline -0.004 -14"><span class='ocrx_word' id='word_1_777' title='bbox 225 5360 517 5429; x_wconf 85' lang='grc' dir='ltr'>ἰσχύοντες</span> <span class='ocrx_word' id='word_1_778' title='bbox 535 5355 757 5426; x_wconf 83' lang='grc' dir='ltr'>ίατροῦ;</span> <span class='ocrx_word' id='word_1_779' title='bbox 782 5375 799 5406; x_wconf 72' lang='grc' dir='ltr'><strong>ι</strong></span> <span class='ocrx_word' id='word_1_780' title='bbox 828 5357 887 5408; x_wconf 80' lang='lat' dir='ltr'><strong>El</strong></span> <span class='ocrx_word' id='word_1_781' title='bbox 908 5356 1017 5425; x_wconf 84' lang='grc' dir='ltr'>γὰρ</span> <span class='ocrx_word' id='word_1_782' title='bbox 1032 5356 1168 5419; x_wconf 84' lang='grc' dir='ltr'>ὅλως</span> <span class='ocrx_word' id='word_1_783' title='bbox 1185 5356 1503 5425; x_wconf 83' lang='grc' dir='ltr'>ἀνθρώπους</span> <span class='ocrx_word' id='word_1_784' title='bbox 1519 5356 1833 5425; x_wconf 83' lang='grc' dir='ltr'>νενόμισται</span> 
     </span>
    </p>
   </div>
   <div class='ocr_carea' id='block_1_102' title="bbox 226 5447 1831 5521">
    <p class='ocr_par' dir='ltr' id='par_1_102' title="bbox 226 5447 1831 5521">
     <span class='ocr_line' id='line_1_102' title="bbox 226 5447 1831 5521; baseline -0.004 -16"><span class='ocrx_word' id='word_1_785' title='bbox 226 5453 373 5521; x_wconf 83' lang='grc' dir='ltr'>πρὸς</span> <span class='ocrx_word' id='word_1_786' title='bbox 420 5449 517 5501; x_wconf 74' lang='grc' dir='ltr'>τὸν</span> <span class='ocrx_word' id='word_1_787' title='bbox 551 5447 687 5499; x_wconf 80' lang='grc' dir='ltr'><strong>Θεὸν</strong></span> <span class='ocrx_word' id='word_1_788' title='bbox 718 5447 870 5499; x_wconf 81' lang='grc' dir='ltr'>ἔλεον</span> <span class='ocrx_word' id='word_1_789' title='bbox 902 5448 1317 5518; x_wconf 77' lang='grc' dir='ltr'>ἑκκαλουμένην</span> <span class='ocrx_word' id='word_1_790' title='bbox 1350 5448 1569 5515; x_wconf 82' lang='grc' dir='ltr'>ἀφεῖναι</span> <span class='ocrx_word' id='word_1_791' title='bbox 1623 5448 1831 5517; x_wconf 80' lang='grc' dir='ltr'>φωνὴν,</span> 
     </span>
    </p>
   </div>
   <div class='ocr_carea' id='block_1_103' title="bbox 227 5540 1835 5618">
    <p class='ocr_par' dir='ltr' id='par_1_103' title="bbox 227 5540 1835 5618">
     <span class='ocr_line' id='line_1_103' title="bbox 227 5540 1835 5618; baseline -0.002 -20"><span class='ocrx_word' id='word_1_792' title='bbox 227 5549 339 5598; x_wconf 73' lang='grc' dir='ltr'><strong>τὼν</strong></span> <span class='ocrx_word' id='word_1_793' title='bbox 361 5542 533 5608; x_wconf 77' lang='grc' dir='ltr'>ἀξίως</span> <span class='ocrx_word' id='word_1_794' title='bbox 555 5541 709 5592; x_wconf 56' lang='lat' dir='ltr'><strong>{Non</strong></span> <span class='ocrx_word' id='word_1_795' title='bbox 733 5541 1106 5611; x_wconf 78' lang='grc' dir='ltr'>πραττόντων,</span> <span class='ocrx_word' id='word_1_796' title='bbox 1126 5542 1234 5594; x_wconf 87' lang='grc' dir='ltr'>τῶν</span> <span class='ocrx_word' id='word_1_797' title='bbox 1258 5540 1659 5611; x_wconf 80' lang='grc' dir='ltr'>ἡμαρτηκότων</span> <span class='ocrx_word' id='word_1_798' title='bbox 1686 5541 1835 5618; x_wconf 62' lang='grc' dir='ltr'>ἐστὶν</span> 
     </span>
    </p>
   </div>
   <div class='ocr_carea' id='block_1_104' title="bbox 225 5632 1843 5712">
    <p class='ocr_par' dir='ltr' id='par_1_104' title="bbox 225 5632 1843 5712">
     <span class='ocr_line' id='line_1_104' title="bbox 225 5632 1843 5712; baseline -0.004 -23"><span class='ocrx_word' id='word_1_799' title='bbox 225 5646 258 5712; x_wconf 68' lang='grc' dir='ltr'>ὴ</span> <span class='ocrx_word' id='word_1_800' title='bbox 294 5636 482 5707; x_wconf 79' lang='grc' dir='ltr'><strong>φωνή.</strong></span> <span class='ocrx_word' id='word_1_801' title='bbox 516 5632 790 5701; x_wconf 78' lang='grc' dir='ltr'>Καλῶμεν</span> <span class='ocrx_word' id='word_1_802' title='bbox 818 5632 875 5685; x_wconf 81' lang='grc' dir='ltr'><strong>δὲ</strong></span> <span class='ocrx_word' id='word_1_803' title='bbox 908 5633 999 5685; x_wconf 79' lang='grc' dir='ltr'><strong>τὸν</strong></span> <span class='ocrx_word' id='word_1_804' title='bbox 1026 5633 1159 5684; x_wconf 79' lang='grc' dir='ltr'>Θεὸν</span> <span class='ocrx_word' id='word_1_805' title='bbox 1188 5635 1282 5686; x_wconf 82' lang='grc' dir='ltr'><strong>καὶ</strong></span> <span class='ocrx_word' id='word_1_806' title='bbox 1334 5632 1549 5701; x_wconf 80' lang='grc' dir='ltr'>γλώττῃ</span> <span class='ocrx_word' id='word_1_807' title='bbox 1579 5632 1672 5683; x_wconf 73' lang='grc' dir='ltr'>καὶ</span> <span class='ocrx_word' id='word_1_808' title='bbox 1703 5632 1843 5699; x_wconf 84' lang='grc' dir='ltr'>γνώ-</span> 
     </span>
    </p>
   </div>
   <div class='ocr_carea' id='block_1_105' title="bbox 296 5815 1867 5889">
    <p class='ocr_par' dir='ltr' id='par_1_105' title="bbox 296 5815 1867 5889">
     <span class='ocr_line' id='line_1_105' title="bbox 296 5815 1867 5889; baseline -0.011 -1"><span class='ocrx_word' id='word_1_809' title='bbox 296 5833 346 5867; x_wconf 83' lang='grc'>⁶⁶</span> <span class='ocrx_word' id='word_1_810' title='bbox 375 5829 575 5887; x_wconf 72' lang='lat' dir='ltr'><strong>Matth.</strong></span> <span class='ocrx_word' id='word_1_811' title='bbox 609 5842 689 5889; x_wconf 78' lang='lat' dir='ltr'><strong>lx,</strong></span> <span class='ocrx_word' id='word_1_812' title='bbox 724 5825 814 5879; x_wconf 74' lang='lat'><strong>1&#39;5.</strong></span> <span class='ocrx_word' id='word_1_813' title='bbox 892 5822 934 5853; x_wconf 85' lang='lat'><strong>&quot;</strong></span> <span class='ocrx_word' id='word_1_814' title='bbox 972 5822 1130 5874; x_wconf 76' lang='lat' dir='ltr'><strong>Rom.</strong></span> <span class='ocrx_word' id='word_1_815' title='bbox 1160 5834 1213 5884; x_wconf 76' lang='grc' dir='ltr'><strong>ν,</strong></span> <span class='ocrx_word' id='word_1_816' title='bbox 1248 5816 1334 5873; x_wconf 84' lang='grc'><strong>10.</strong></span> <span class='ocrx_word' id='word_1_817' title='bbox 1366 5818 1411 5849; x_wconf 85' lang='grc'><strong>⁸⁸</strong></span> <span class='ocrx_word' id='word_1_818' title='bbox 1440 5815 1634 5873; x_wconf 75' lang='lat' dir='ltr'><strong>Matth.</strong></span> <span class='ocrx_word' id='word_1_819' title='bbox 1670 5834 1743 5883; x_wconf 82' lang='grc' dir='ltr'>ι.‹,</span> <span class='ocrx_word' id='word_1_820' title='bbox 1782 5818 1867 5871; x_wconf 75' lang='lat'><strong>1‘2.</strong></span> 
     </span>
    </p>
   </div>
   <div class='ocr_carea' id='block_1_106' title="bbox 538 6008 1143 6075">
    <p class='ocr_par' dir='ltr' id='par_1_106' title="bbox 538 6008 1143 6075">
     <span class='ocr_line' id='line_1_106' title="bbox 538 6008 1143 6075; baseline -0.008 -3"><span class='ocrx_word' id='word_1_821' title='bbox 538 6012 812 6075; x_wconf 69' lang='lat' dir='ltr'><strong>ernot.</strong></span> <span class='ocrx_word' id='word_1_822' title='bbox 844 6012 957 6071; x_wconf 78' lang='lat' dir='ltr'><strong>Gn.</strong></span> <span class='ocrx_word' id='word_1_823' title='bbox 1010 6008 1100 6068; x_wconf 82' lang='lat' dir='ltr'><strong>Cl.</strong></span> <span class='ocrx_word' id='word_1_824' title='bbox 1122 6045 1143 6064; x_wconf 74' lang='grc' dir='ltr'><strong><em>ι</em></strong></span> 
     </span>
    </p>
   </div>
   <div class='ocr_carea' id='block_1_107' title="bbox 1939 4713 3516 4781">
    <p class='ocr_par' dir='ltr' id='par_1_107' title="bbox 1939 4713 3516 4781">
     <span class='ocr_line' id='line_1_107' title="bbox 1939 4713 3516 4781; baseline 0.005 -15"><span class='ocrx_word' id='word_1_825' title='bbox 1939 4713 2287 4767; x_wconf 87' lang='lat' dir='ltr'><strong>misereatur.</strong></span> <span class='ocrx_word' id='word_1_826' title='bbox 2339 4713 2773 4768; x_wconf 78' lang='lat' dir='ltr'><strong>Misericordiam</strong></span> <span class='ocrx_word' id='word_1_827' title='bbox 2829 4728 3035 4781; x_wconf 83' lang='lat' dir='ltr'><strong>autem,</strong></span> <span class='ocrx_word' id='word_1_828' title='bbox 3089 4728 3143 4771; x_wconf 88' lang='lat' dir='ltr'><strong>et</strong></span> <span class='ocrx_word' id='word_1_829' title='bbox 3191 4717 3429 4781; x_wconf 83' lang='lat' dir='ltr'><strong>veniam.</strong></span> <span class='ocrx_word' id='word_1_830' title='bbox 3462 4728 3516 4774; x_wconf 69' lang='grc' dir='ltr'><strong>ιι</strong></span> 
     </span>
    </p>
   </div>
   <div class='ocr_carea' id='block_1_108' title="bbox 1939 4803 3516 4877">
    <p class='ocr_par' dir='ltr' id='par_1_108' title="bbox 1939 4803 3516 4877">
     <span class='ocr_line' id='line_1_108' title="bbox 1939 4803 3516 4877; baseline 0.003 -21"><span class='ocrx_word' id='word_1_831' title='bbox 1939 4803 2104 4856; x_wconf 89' lang='lat' dir='ltr'><strong>dchiti</strong></span> <span class='ocrx_word' id='word_1_832' title='bbox 2137 4804 2537 4869; x_wconf 77' lang='lat' dir='ltr'><strong>dimissionem,</strong></span> <span class='ocrx_word' id='word_1_833' title='bbox 2584 4815 2639 4859; x_wconf 91' lang='lat' dir='ltr'><strong>et</strong></span> <span class='ocrx_word' id='word_1_834' title='bbox 2680 4804 2999 4874; x_wconf 81' lang='lat' dir='ltr'><strong>hujusmodi</strong></span> <span class='ocrx_word' id='word_1_835' title='bbox 3046 4808 3116 4860; x_wconf 90' lang='lat' dir='ltr'><strong>ab</strong></span> <span class='ocrx_word' id='word_1_836' title='bbox 3150 4808 3389 4861; x_wconf 83' lang='lat' dir='ltr'><strong>humano</strong></span> <span class='ocrx_word' id='word_1_837' title='bbox 3422 4823 3516 4877; x_wconf 77' lang='lat' dir='ltr'><strong>pe-</strong></span> 
     </span>
    </p>
   </div>
   <div class='ocr_carea' id='block_1_109' title="bbox 1940 4900 3513 4969">
    <p class='ocr_par' dir='ltr' id='par_1_109' title="bbox 1940 4900 3513 4969">
     <span class='ocr_line' id='line_1_109' title="bbox 1940 4900 3513 4969; baseline 0.002 -17"><span class='ocrx_word' id='word_1_838' title='bbox 1940 4909 2075 4961; x_wconf 88' lang='lat' dir='ltr'><strong>tere,</strong></span> <span class='ocrx_word' id='word_1_839' title='bbox 2111 4909 2165 4953; x_wconf 80' lang='lat' dir='ltr'><strong>et</strong></span> <span class='ocrx_word' id='word_1_840' title='bbox 2196 4910 2441 4969; x_wconf 90' lang='lat' dir='ltr'><strong>petentes</strong></span> <span class='ocrx_word' id='word_1_841' title='bbox 2467 4916 2575 4954; x_wconf 92' lang='lat' dir='ltr'><strong>non</strong></span> <span class='ocrx_word' id='word_1_842' title='bbox 2608 4900 2798 4956; x_wconf 84' lang='lat' dir='ltr'><strong>vacuis</strong></span> <span class='ocrx_word' id='word_1_843' title='bbox 2830 4900 3081 4955; x_wconf 88' lang='lat' dir='ltr'><strong>manibus</strong></span> <span class='ocrx_word' id='word_1_844' title='bbox 3111 4900 3282 4967; x_wconf 86' lang='lat' dir='ltr'><strong>abire,</strong></span> <span class='ocrx_word' id='word_1_845' title='bbox 3318 4903 3361 4957; x_wconf 90' lang='lat' dir='ltr'><strong>si</strong></span> <span class='ocrx_word' id='word_1_846' title='bbox 3405 4916 3513 4955; x_wconf 91' lang='lat' dir='ltr'><strong>non</strong></span> 
     </span>
    </p>
   </div>
   <div class='ocr_carea' id='block_1_110' title="bbox 1940 4989 3513 5062">
    <p class='ocr_par' dir='ltr' id='par_1_110' title="bbox 1940 4989 3513 5062">
     <span class='ocr_line' id='line_1_110' title="bbox 1940 4989 3513 5062; baseline 0.003 -20"><span class='ocrx_word' id='word_1_847' title='bbox 1940 4989 2023 5044; x_wconf 82' lang='lat' dir='ltr'><strong>fas</strong></span> <span class='ocrx_word' id='word_1_848' title='bbox 2055 5000 2139 5044; x_wconf 89' lang='lat' dir='ltr'><strong>est</strong></span> <span class='ocrx_word' id='word_1_849' title='bbox 2165 5006 2307 5052; x_wconf 90' lang='lat' dir='ltr'><strong>reos,</strong></span> <span class='ocrx_word' id='word_1_850' title='bbox 2340 5006 2479 5061; x_wconf 89' lang='lat' dir='ltr'><strong>quos</strong></span> <span class='ocrx_word' id='word_1_851' title='bbox 2510 4992 2723 5046; x_wconf 87' lang='lat' dir='ltr'><strong>tandem</strong></span> <span class='ocrx_word' id='word_1_852' title='bbox 2775 4992 2859 5046; x_wconf 77' lang='lat' dir='ltr'><strong>ias</strong></span> <span class='ocrx_word' id='word_1_853' title='bbox 2902 5002 3007 5057; x_wconf 81' lang='lat' dir='ltr'><strong>est,</strong></span> <span class='ocrx_word' id='word_1_854' title='bbox 3048 4993 3311 5062; x_wconf 87' lang='lat' dir='ltr'><strong>siquidem</strong></span> <span class='ocrx_word' id='word_1_855' title='bbox 3350 5012 3367 5043; x_wconf 74' lang='grc' dir='ltr'><strong>ι</strong></span> <span class='ocrx_word' id='word_1_856' title='bbox 3408 5010 3513 5046; x_wconf 93' lang='lat' dir='ltr'><strong>non</strong></span> 
     </span>
    </p>
   </div>
   <div class='ocr_carea' id='block_1_111' title="bbox 1938 5083 3513 5148">
    <p class='ocr_par' dir='ltr' id='par_1_111' title="bbox 1938 5083 3513 5148">
     <span class='ocr_line' id='line_1_111' title="bbox 1938 5083 3513 5148; baseline 0.001 -13"><span class='ocrx_word' id='word_1_857' title='bbox 1938 5091 2023 5135; x_wconf 88' lang='lat' dir='ltr'><strong>est</strong></span> <span class='ocrx_word' id='word_1_858' title='bbox 2050 5098 2187 5148; x_wconf 84' lang='lat' dir='ltr'><strong>Opus</strong></span> <span class='ocrx_word' id='word_1_859' title='bbox 2226 5083 2532 5139; x_wconf 87' lang='lat' dir='ltr'><strong>valentibus</strong></span> <span class='ocrx_word' id='word_1_860' title='bbox 2580 5084 2809 5139; x_wconf 82' lang='lat' dir='ltr'><strong>medicis</strong></span> <span class='ocrx_word' id='word_1_861' title='bbox 2836 5084 2923 5137; x_wconf 80' lang='lat'><strong>“?</strong></span> <span class='ocrx_word' id='word_1_862' title='bbox 2962 5102 2981 5136; x_wconf 76' lang='grc' dir='ltr'><strong>ι</strong></span> <span class='ocrx_word' id='word_1_863' title='bbox 3020 5084 3077 5138; x_wconf 87' lang='lat' dir='ltr'><strong>Si</strong></span> <span class='ocrx_word' id='word_1_864' title='bbox 3108 5086 3253 5138; x_wconf 90' lang='lat' dir='ltr'><strong>enim</strong></span> <span class='ocrx_word' id='word_1_865' title='bbox 3290 5084 3513 5138; x_wconf 88' lang='lat' dir='ltr'><strong>omnino</strong></span> 
     </span>
    </p>
   </div>
   <div class='ocr_carea' id='block_1_112' title="bbox 1942 5174 3514 5245">
    <p class='ocr_par' dir='ltr' id='par_1_112' title="bbox 1942 5174 3514 5245">
     <span class='ocr_line' id='line_1_112' title="bbox 1942 5174 3514 5245; baseline 0.004 -19"><span class='ocrx_word' id='word_1_866' title='bbox 1942 5174 2188 5228; x_wconf 90' lang='lat' dir='ltr'><strong>moribus</strong></span> <span class='ocrx_word' id='word_1_867' title='bbox 2243 5188 2519 5245; x_wconf 88' lang='lat' dir='ltr'><strong>receptum</strong></span> <span class='ocrx_word' id='word_1_868' title='bbox 2579 5188 2683 5241; x_wconf 90' lang='lat' dir='ltr'><strong>est,</strong></span> <span class='ocrx_word' id='word_1_869' title='bbox 2742 5174 2995 5233; x_wconf 89' lang='lat' dir='ltr'><strong>homines</strong></span> <span class='ocrx_word' id='word_1_870' title='bbox 3029 5178 3095 5231; x_wconf 89' lang='lat' dir='ltr'><strong>ad</strong></span> <span class='ocrx_word' id='word_1_871' title='bbox 3129 5176 3296 5230; x_wconf 89' lang='lat' dir='ltr'><strong>Deum</strong></span> <span class='ocrx_word' id='word_1_872' title='bbox 3354 5193 3514 5232; x_wconf 81' lang='lat' dir='ltr'><strong>voces</strong></span> 
     </span>
    </p>
   </div>
   <div class='ocr_carea' id='block_1_113' title="bbox 1943 5266 3516 5339">
    <p class='ocr_par' dir='ltr' id='par_1_113' title="bbox 1943 5266 3516 5339">
     <span class='ocr_line' id='line_1_113' title="bbox 1943 5266 3516 5339; baseline 0.003 -20"><span class='ocrx_word' id='word_1_873' title='bbox 1943 5266 2379 5321; x_wconf 88' lang='lat' dir='ltr'><strong>misericordiam</strong></span> <span class='ocrx_word' id='word_1_874' title='bbox 2417 5268 2701 5324; x_wconf 88' lang='lat' dir='ltr'><strong>elicientes</strong></span> <span class='ocrx_word' id='word_1_875' title='bbox 2753 5272 2991 5336; x_wconf 85' lang='lat' dir='ltr'><strong>mittere,</strong></span> <span class='ocrx_word' id='word_1_876' title='bbox 3027 5272 3213 5339; x_wconf 88' lang='lat' dir='ltr'><strong>utique</strong></span> <span class='ocrx_word' id='word_1_877' title='bbox 3266 5280 3516 5339; x_wconf 85' lang='lat' dir='ltr'><strong>peccato-</strong></span> 
     </span>
    </p>
   </div>
   <div class='ocr_carea' id='block_1_114' title="bbox 1941 5362 3511 5431">
    <p class='ocr_par' dir='ltr' id='par_1_114' title="bbox 1941 5362 3511 5431">
     <span class='ocr_line' id='line_1_114' title="bbox 1941 5362 3511 5431; baseline 0.004 -21"><span class='ocrx_word' id='word_1_878' title='bbox 1941 5373 2063 5411; x_wconf 93' lang='lat' dir='ltr'><strong>rum</strong></span> <span class='ocrx_word' id='word_1_879' title='bbox 2110 5376 2211 5414; x_wconf 79' lang='lat' dir='ltr'><strong>vox</strong></span> <span class='ocrx_word' id='word_1_880' title='bbox 2246 5362 2595 5424; x_wconf 87' lang='lat' dir='ltr'><strong>miserorum,</strong></span> <span class='ocrx_word' id='word_1_881' title='bbox 2620 5371 2674 5417; x_wconf 89' lang='lat' dir='ltr'><strong>et</strong></span> <span class='ocrx_word' id='word_1_882' title='bbox 2706 5363 3080 5417; x_wconf 90' lang='lat' dir='ltr'><strong>misericordia</strong></span> <span class='ocrx_word' id='word_1_883' title='bbox 3114 5364 3511 5431; x_wconf 87' lang='lat' dir='ltr'><strong>dignandorum</strong></span> 
     </span>
    </p>
   </div>
   <div class='ocr_carea' id='block_1_115' title="bbox 1944 5452 3515 5523">
    <p class='ocr_par' dir='ltr' id='par_1_115' title="bbox 1944 5452 3515 5523">
     <span class='ocr_line' id='line_1_115' title="bbox 1944 5452 3515 5523; baseline 0.004 -22"><span class='ocrx_word' id='word_1_884' title='bbox 1944 5465 2046 5503; x_wconf 86' lang='lat' dir='ltr'><strong>vox</strong></span> <span class='ocrx_word' id='word_1_885' title='bbox 2082 5461 2186 5505; x_wconf 86' lang='lat' dir='ltr'><strong>est.</strong></span> <span class='ocrx_word' id='word_1_886' title='bbox 2244 5452 2609 5521; x_wconf 81' lang='lat' dir='ltr'><strong>lmploramus</strong></span> <span class='ocrx_word' id='word_1_887' title='bbox 2658 5462 2833 5507; x_wconf 85' lang='lat' dir='ltr'><strong>autem</strong></span> <span class='ocrx_word' id='word_1_888' title='bbox 2887 5453 3058 5507; x_wconf 85' lang='lat' dir='ltr'><strong>Deum</strong></span> <span class='ocrx_word' id='word_1_889' title='bbox 3106 5464 3158 5507; x_wconf 86' lang='lat' dir='ltr'><strong>et</strong></span> <span class='ocrx_word' id='word_1_890' title='bbox 3211 5454 3420 5523; x_wconf 85' lang='lat' dir='ltr'><strong>lingua,</strong></span> <span class='ocrx_word' id='word_1_891' title='bbox 3461 5465 3515 5507; x_wconf 86' lang='lat' dir='ltr'><strong>et</strong></span> 
     </span>
    </p>
   </div>
   <div class='ocr_carea' id='block_1_116' title="bbox 1947 5544 3513 5616">
    <p class='ocr_par' dir='ltr' id='par_1_116' title="bbox 1947 5544 3513 5616">
     <span class='ocr_line' id='line_1_116' title="bbox 1947 5544 3513 5616; baseline 0.003 -21"><span class='ocrx_word' id='word_1_892' title='bbox 1947 5551 2147 5606; x_wconf 87' lang='lat' dir='ltr'><strong>mente,</strong></span> <span class='ocrx_word' id='word_1_893' title='bbox 2200 5551 2253 5596; x_wconf 84' lang='lat' dir='ltr'><strong>et</strong></span> <span class='ocrx_word' id='word_1_894' title='bbox 2310 5544 2764 5613; x_wconf 85' lang='lat' dir='ltr'><strong>cogitationibus,</strong></span> <span class='ocrx_word' id='word_1_895' title='bbox 2813 5556 2873 5599; x_wconf 87' lang='lat' dir='ltr'><strong>ut</strong></span> <span class='ocrx_word' id='word_1_896' title='bbox 2928 5549 3180 5602; x_wconf 89' lang='lat' dir='ltr'><strong>omnibus</strong></span> <span class='ocrx_word' id='word_1_897' title='bbox 3240 5563 3334 5615; x_wconf 91' lang='lat' dir='ltr'><strong>per</strong></span> <span class='ocrx_word' id='word_1_898' title='bbox 3392 5564 3513 5616; x_wconf 66' lang='lat' dir='ltr'><strong>quia</strong></span> 
     </span>
    </p>
   </div>
   <div class='ocr_carea' id='block_1_117' title="bbox 1954 5633 3515 5705">
    <p class='ocr_par' dir='ltr' id='par_1_117' title="bbox 1954 5633 3515 5705">
     <span class='ocr_line' id='line_1_117' title="bbox 1954 5633 3515 5705; baseline 0.003 -17"><span class='ocrx_word' id='word_1_899' title='bbox 1954 5633 2321 5702; x_wconf 86' lang='lat' dir='ltr'><strong>peccavimus,</strong></span> <span class='ocrx_word' id='word_1_900' title='bbox 2369 5636 2723 5705; x_wconf 88' lang='lat' dir='ltr'><strong>pharmacum</strong></span> <span class='ocrx_word' id='word_1_901' title='bbox 2766 5639 2944 5692; x_wconf 90' lang='lat' dir='ltr'><strong>solum</strong></span> <span class='ocrx_word' id='word_1_902' title='bbox 2981 5640 3220 5694; x_wconf 86' lang='lat' dir='ltr'><strong>salutare</strong></span> <span class='ocrx_word' id='word_1_903' title='bbox 3257 5638 3515 5692; x_wconf 86' lang='lat' dir='ltr'><strong>adhibea-</strong></span> 
     </span>
    </p>
   </div>
   <div class='ocr_carea' id='block_1_118' title="bbox 3120 6006 3195 6066">
    <p class='ocr_par' dir='ltr' id='par_1_118' title="bbox 3120 6006 3195 6066">
     <span class='ocr_line' id='line_1_118' title="bbox 3120 6006 3195 6066; baseline 0.04 -3"><span class='ocrx_word' id='word_1_904' title='bbox 3120 6006 3195 6066; x_wconf 75' lang='grc'><strong>22</strong></span> 
     </span>
    </p>
   </div>
  </div>
