4262 6460
780 440 887 501 6ῖ3

2035 435 2328 493 Νιαῡωι
2377 430 2755 492 CABASHJE

3908 417 4013 477 684

786 570 906 607 mus
934 572 945 605 :
981 571 997 602 ι
1036 551 1150 605 Non
1184 555 1326 605 enim
1364 560 1469 611 est.
1505 553 1701 620 inquit,
1734 551 1877 605 aliud
1911 564 2106 605 nomen
2146 550 2198 603 itt
2232 563 2341 617 quo
2371 554 2412 608 Α
2444 567 2469 617 ρ

2332 566 2341 597 ι
2371 554 2412 608 Α
2444 564 2520 620 μῃ
2544 549 2635 600 καὶ
2681 545 2986 613 λογισμοῖς,
3015 543 3102 595 ῖνα
3134 544 3283 605 πᾶσι,
3302 540 3370 594 δι’
3396 533 3471 594 ὧν
3501 536 3914 608 ἁμαρτάνομεν,
3952 536 4015 586 τὸ

790 660 887 697 nos
914 652 1161 713 uportcat
1188 644 1369 699 salvos
1409 643 1521 696 ﬁeri
1548 643 1614 696 ".
1652 664 1669 695 ι

853 820 932 873 Ad
966 821 1078 873 hate
1110 834 1273 889 porro
1303 821 1486 875 omnia
1522 821 1771 881 suiliciet.
1818 832 1871 875 et
1902 822 2142 875 studium
2167 821 2345 874 inten-

786 911 895 975 det,
934 921 988 965 et
1021 911 1403 967 adnascentem
1439 929 1503 968 ex
1547 916 1725 968 anima
1773 914 2076 969 socordiam
2122 914 2343 974 eximet,

787 1003 941 1072 panis
989 1018 1111 1056 vere
1160 1019 1258 1057 cor
1302 1007 1539 1060 hominis
1586 1007 1937 1070 conﬁrmans,
1986 1005 2077 1072 qui
2117 1006 2181 1057 de
2210 1004 2350 1057 cmlo

791 1092 1040 1157 veniens,
1088 1095 1250 1146 vitant
1306 1096 1461 1149 nobis
1492 1097 1691 1158 attulit,
1723 1097 1812 1164 qui
1847 1097 1900 1148 itt
1953 1104 2166 1163 pastum
2201 1093 2348 1147 omni

792 1185 950 1237 mudo
1001 1188 1324 1252 quaerendus
1372 1198 1471 1248 est,
1520 1196 1573 1240 ct
1626 1189 1724 1241 liae
1762 1202 1919 1242 caena
1960 1184 2350 1255 frequentanda

793 1275 963 1328 fames
1011 1275 1291 1344 fugienda,
1346 1293 1444 1330 nec
1483 1280 1609 1346 quia
1666 1287 1817 1333 tanto
1850 1278 2109 1349 mysterio
2160 1291 2350 1345 parum

792 1369 963 1420 simus
1015 1368 1216 1433 idonei,
1270 1370 1475 1425 diutius
1521 1384 1682 1439 quam
1735 1386 1832 1440 par
1881 1378 1967 1424 est
2014 1370 2115 1423 hac
2165 1383 2355 1424 mensa

793 1458 1137 1523 abstinentia,
1168 1468 1276 1511 tota
1313 1460 1497 1513 anima
1531 1460 1800 1515 reddenda
1846 1458 2171 1514 imbecillior
2197 1472 2357 1527 atque

796 1550 1050 1612 delt-rint,
1089 1551 1180 1603 sed
1230 1566 1392 1618 super
1438 1552 1674 1619 peccatis
1708 1552 2034 1606 conﬂtendis
2064 1549 2356 1606 accedendi

796 1642 1130 1701 sarerdotrs,
1179 1651 1230 1693 et
1263 1642 1528 1696 bibendus
1559 1643 1801 1711 sanguis,
1852 1643 1906 1697 in
1938 1657 2048 1711 quo
2093 1640 2355 1711 purgandi

798 1732 877 1783 vis
908 1739 1009 1782 est.
1042 1731 1273 1785 Prorsus
1296 1741 1475 1784 autem
1507 1747 1614 1785 non
1639 1732 1710 1784 ita
1743 1732 1953 1799 magnis
1980 1745 2083 1785 nos
2112 1727 2358 1783 crimini-

800 1824 901 1875 bus
936 1823 1318 1890 obligabinttts,
1372 1832 1430 1876 ut
1485 1841 1514 1877 a
1564 1839 1714 1878 sacra
1750 1838 1935 1878 mensa
1981 1821 2355 1885 excludamur,

798 1914 843 1967 si
898 1918 947 1966 in
990 1916 1071 1968 llis
1126 1915 1549 1984 cogitationibus
1598 1917 1770 1971 simus
1818 1929 1982 1986 quam
2020 1912 2357 1969 creberrimi.

802 2004 956 2058 Sicut
1021 2008 1165 2059 enim
1232 2008 1593 2062 nefandorum
1653 2015 1773 2073 est,
1832 2022 1954 2061 cum
2016 2006 2361 2077 peccaverint

800 2108 1081 2167 peccatum
1140 2100 1209 2152 ad
1266 2108 1519 2163 mortem,
1565 2107 1745 2152 tamen
1797 2098 1997 2152 audere
2051 2096 2118 2150 ad
2172 2102 2361 2151 sancta

802 2192 1060 2243 ucrcdere
1096 2209 1109 2243 :
1146 2190 1226 2244 sic
1258 2190 1347 2256 iis,
1381 2189 1474 2256 qui
1507 2198 1612 2243 tam
1645 2189 1793 2257 gravi
1842 2188 2030 2241 morbo
2064 2201 2170 2240 non
2212 2186 2363 2239 labo-

804 2293 944 2344 rant,
983 2298 1176 2351 panem
1208 2282 1351 2335 hunc
1380 2281 1567 2350 fugere
1598 2295 1705 2333 non
1735 2279 2010 2334 conducit.
2043 2278 2169 2332 Illos
2217 2274 2361 2330 enim

804 2375 988 2427 animo
1038 2388 1159 2427 cum
1214 2371 1549 2425 carbonibus
1591 2370 1768 2424 adhuc
1812 2360 2134 2438 pugnantes,
2169 2381 2364 2421 cavere

803 2475 1014 2532 oportet
1081 2466 1283 2532 ignem,
1349 2478 1448 2517 nec
1511 2476 1634 2516 eum
1702 2459 2172 2524 contubernalem,
2240 2464 2365 2511 ante

808 2557 1304 2609 teruncilialionetn
1335 2553 1583 2621 accipere
1621 2571 1634 2607 ι
1669 2552 1751 2605 bis
1782 2551 1965 2605 animo
1992 2551 2128 2604 bene
2158 2548 2363 2603 consti-

810 2650 963 2713 tutis,
1018 2658 1071 2703 et
1125 2648 1279 2702 aliter
1343 2646 1594 2709 inlirmis,
1657 2642 1924 2697 medicina
1977 2640 2367 2696 corroborante

808 2759 945 2811 opus
982 2749 1084 2803 εδι,
1118 2748 1173 2793 et
1206 2737 1574 2793 accedendum
1621 2737 1687 2789 ad
1725 2734 2041 2804 magistrum
2092 2732 2366 2798 sanitatis,

809 2835 904 2904 qui
942 2854 958 2883 ι
999 2835 1285 2902 lattguores
1336 2838 1556 2884 nostros
1607 2828 1749 2893 tulit,
1796 2836 1847 2880 et
1899 2825 2114 2881 dolores
2146 2835 2369 2880 nostros

810 2927 923 2991 ipse
966 2920 1304 2992 portavit";
1348 2938 1367 2971 ι
1424 2933 1527 2973 nec
1582 2918 1774 2971 morbo
1825 2915 2169 2971 obtendendo
2230 2916 2369 2997 (pro

813 3033 922 3085 quo
953 3011 1272 3082 depellenda
1302 3008 1569 3065 orandum
1620 3008 1724 3076 est)
1763 3007 2008 3063 medicus
2058 3005 2367 3076 fugiendus.

816 3104 1053 3172 Sanguis
1084 3102 1229 3155 enim
1264 3100 1352 3153 ltic
1385 3098 1639 3153 sensibus
1669 3096 1874 3151 nostris
1895 3097 2092 3166 januas
2114 3096 2369 3164 imponit,

2447 642 2740 711 φάρμακον
2770 638 2829 691 τὸ
2882 637 3041 706 μόνον
3071 635 3335 705 σωτήριον
3367 631 3675 700 ἐπιθῶμεν*
3713 647 3734 681 ε
3791 629 3868 682 Οὐ
3902 627 4015 697 γάρ

2447 734 2583 791 ἐστι,
2617 729 2802 798 φησὶν,
2827 727 3014 797 ἕτερον
3038 723 3226 793 ὄνομα,
3257 725 3314 777 ὲν
3339 717 3382 790 ᾧ
3408 722 3487 775 δεῖ
3522 720 3765 790 σωθῆναι
3793 720 3963 789 ἡμᾶς.
3987 736 4007 768 ι

2526 821 2773 891 ’Δρκέσει
2805 819 2861 873 δι
2899 819 3035 887 πρὸς
3063 817 3239 871 ταῦτα
3273 817 3453 869 πάντα
3481 815 3575 868 καὶ
3605 814 3760 866 τόνον
3788 810 4018 881 παρέξει

2452 912 2585 982 πρὸς
2629 913 2726 980 τὴν
2777 910 3013 979 σπουδὴν
3046 909 3143 963 καὶ
3188 908 3290 978 τὴν
3318 905 3691 975 ἐπιφυομένην
3722 903 3895 968 ἐξελεῖ
3918 902 4019 969 τῆς

2448 1000 2624 1068 ψυχῆς
2655 1000 2950 1070 ῥαθυμίαν,
2980 999 3007 1050 6
3034 1000 3133 1067 τὴν
3162 995 3452 1066 ἀνθρώπου
3485 995 3718 1065 καρδίαν
3741 993 4022 1061 στηρίζων

2452 1093 2664 1161 άληθῶς
2698 1093 2881 1161 ἄρτος,
2916 1090 2973 1151 ὃς
3000 1088 3096 1161 τὴν
3136 1089 3281 1157 ζωὴν
3314 1089 3447 1158 ἡμῖν
3477 1086 3770 1156 οὐρανόθεν
3799 1080 3901 1155 ἧκε
3930 1101 4025 1136 κο-

2457 1183 2646 1251 μίζων,
2671 1182 2731 1234 δν
2752 1180 3014 1235 σιτεῖσθαι
3040 1183 3122 1235 δεῖ
3143 1180 3325 1249 ζητεῖν
3348 1182 3413 1232 ἐκ
3438 1179 3642 1240 παντὸς
3670 1177 3894 1247 τρόπον,
3922 1177 4021 1229 καὶ

2453 1277 2512 1325 τί)
2539 1275 2751 1328 δεῖπνον
2791 1273 2946 1327 τοῦτο
2980 1272 3201 1342 συνεχὲς
3234 1271 3591 1341 ποιουμένους
3624 1269 3784 1340 ἔργον
3813 1268 4023 1335 φυλὰτο

2453 1367 2643 1419 τεσθαι
2671 1367 2762 1418 τὸν
2796 1366 2975 1437 λιμὸν,
3008 1368 3104 1419 καὶ
3140 1364 3217 1436 μὴ
3247 1365 3324 1435 τῷ
3360 1363 3437 1435 μὴ
3474 1363 3679 1431 σφόδρα
3721 1360 4025 1429 προσήκειν

2456 1462 2567 1520 τοῖς
2627 1460 2946 1530 μυστηρίοις
2996 1459 3158 1512 πλέον
3210 1458 3244 1529 ἢ
3304 1457 3551 1528 προσῆκε
3592 1456 3689 1523 τῆς
3741 1453 4027 1523 τραπέζης

2458 1550 2830 1617 ἀπεχομένους
2865 1548 3261 1618 ἀσθενεστέραν
3291 1547 3387 1601 καὶ
3416 1549 3584 1616 χείρω
3619 1548 3730 1607 τοῖς
3764 1544 3903 1605 ὅλοις
3933 1544 4029 1611 ἑρ-

2458 1640 2729 1707 γάσασθαι
2765 1642 2862 1711 τὴν
2899 1641 3096 1710 ψυχὴν,
3134 1641 3269 1694 ἁλλὰ
3303 1642 3430 1707 περὶ
3462 1639 3571 1692 τῶν
3603 1636 4028 1707 ἁμαρτημάτων

2462 1732 2785 1801 προσιόντας
2807 1735 2918 1795 τοῖς
2942 1731 3148 1801 ἱερεῦσι
3172 1732 3278 1785 τῶν
3305 1731 3619 1803 καθαρσίων
3649 1730 3830 1782 πίνειν
3859 1728 4030 1797 αίμά-

2461 1840 2588 1876 των.
2623 1824 2843 1886 Πάντως
2873 1824 2929 1877 δὲ
2956 1824 3053 1892 οὐχ
3080 1821 3222 1875 οὕτω
3253 1821 3502 1892 μεγάλων
3529 1819 3821 1874 ὑπεύθυνοι
3854 1817 4033 1888 γενοί-

2465 1915 2583 1982 μεθ’
2612 1914 2698 1976 ἇν,
2721 1914 2861 1966 ὥστε
2891 1915 2985 1982 τῆς
3016 1916 3167 1983 ἱερᾶς
3191 1913 3612 1966 ἀποκεκλεῖσθαι
3633 1908 3936 1980 τραπέζης.
3959 1908 4031 1962 ἂν

2460 2006 2669 2067 τούτοις
2692 2000 2841 2074 ὦμεν
2865 2007 3260 2076 συντραφέντες
3285 2006 3401 2069 τοῖς
3421 2004 3727 2072 λογισμοῖς.
3758 2001 4029 2069 Καθάπερ

2462 2099 2567 2168 γάρ
2596 2098 2701 2151 τῶν
2732 2096 3026 2167 ἀθεμίτων,
3063 2097 3116 2150 εῐ
3141 2115 3224 2161 τις
3256 2097 3324 2150 τὰ
3356 2096 3490 2167 πρὸς
3522 2096 3750 2151 θάνατον
3776 2095 4034 2163 ἁμαρτά·

2462 2206 2568 2241 νων
2609 2188 2800 2242 ἔπειτα
2847 2188 3209 2260 κατατολμῴη
3244 2188 3352 2242 τῶν
3389 2187 3570 2257 ίερῶν,
3624 2186 3767 2240 οὕτω
3796 2188 3909 2248 τοῖς
3951 2184 4031 2256 μὴ

2462 2280 2529 2332 τά
2552 2280 2775 2333 τοιαῦτα
2802 2280 3018 2334 νοσοῦσι
3046 2282 3135 2335 τὸν
3158 2281 3323 2351 ἄρτον
3354 2280 3597 2350 φεύγειν,
3621 2281 3721 2333 οὐκ
3746 2283 3805 2335 ιν
3827 2279 4029 2350 καιρῷ.

2464 2370 2601 2433 Τοὺς
2637 2375 2735 2440 μὲν
2759 2372 2868 2441 γάρ
2899 2370 2977 2424 ἔτι
3007 2374 3073 2443 τῇ
3104 2373 3296 2444 γνώμῃ
3330 2376 3438 2433 τοῖς
3466 2372 3694 2446 ἄνθραξι
3725 2372 4033 2443 πολεμοῦν-

2463 2477 2561 2523 τας
2594 2460 2939 2514 εὐλαϐεῖσθαι
2991 2462 3258 2532 προσήκει
3286 2464 3346 2515 τὸ
3374 2461 3507 2534 πῦρ,
3534 2465 3625 2517 καὶ
3676 2463 3751 2531 μὴ
3783 2463 4042 2517 σύνοικον

2464 2552 2646 2613 αὐτοῖς
2686 2550 2983 2621 λαμϐάνειν
3037 2554 3165 2622 πρὶν
3196 2553 3534 2624 διηλλάχθαι,
3565 2555 3678 2617 τοῖς
3708 2554 3764 2606 δὲ
3797 2553 3897 2623 τὴν
3930 2554 4035 2624 μὲν

2466 2643 2691 2712 γνώμην
2724 2642 2898 2712 ὀρθῶς
2947 2642 3182 2714 ἔχουσιν,
3218 2645 3421 2715 ἑτέρως
3449 2644 3505 2696 δὲ
3532 2644 3898 2714 ἀρρωστοῦσι,
3939 2643 4037 2696 τοῦ

2469 2734 2769 2804 ρωννύντος
2803 2735 2960 2805 χρεία
3000 2738 3313 2806 φαρμάκου,
3348 2739 3442 2790 καὶ
3480 2736 3560 2790 δεῖ
3601 2736 3843 2804 βαδίζειν
3884 2736 4039 2806 παρᾶ

2468 2826 2558 2878 τὸν
2601 2827 2697 2896 τῆς
2748 2827 2957 2895 ὑγιείας
2979 2828 3250 2898 τεχνίτην,
3284 2845 3303 2880 ι
3334 2827 3392 2891 ὃς
3416 2827 3513 2891 τὰς
3542 2828 3827 2891 ἀσθενείας
3878 2829 4040 2898 ἡμῶν

2469 2918 2626 2972 ἔλαϐε
2658 2919 2750 2971 καὶ
2782 2919 2881 2981 τὰς
2914 2920 3103 2981 νόσους
3156 2919 3447 2984 ἐϐάστασε,
3481 2939 3500 2972 ι
3541 2922 3636 2973 καὶ
3671 2922 3745 2991 μὴ
3772 2923 3833 2973 τὸ
3859 2926 4042 2974 νοσεῖν

2471 3008 2919 3079 προϊσχομένους,
2962 3009 3103 3079 ὑπὲρ
3154 3007 3216 3063 οὐ
3263 3011 3447 3082 ζητεῖν
3486 3011 3614 3077 ἔδει,
3667 3013 3891 3081 φεύγειν
3949 3014 4043 3067 τὸν

2476 3100 2777 3169 ἰασόμενον.
2807 3101 2881 3153 Τὸ
2902 3102 3011 3171 γάρ
3039 3097 3179 3170 αἷμα
3201 3103 3356 3155 τοῦτο
3385 3105 3509 3165 ταῖς
3541 3105 3861 3175 αίσθήσεσιν
3882 3105 4047 3174 ἡμῶν

813 3196 1061 3263 nihilque
1102 3194 1323 3246 ttoxium
1364 3191 1595 3244 transite
1627 3189 1778 3243 sinit.
1830 3186 1972 3254 Quin
2021 3189 2128 3242 imo
2174 3189 2372 3258 januas
2397 3191 2496 3274 Ct

2362 3204 2442 3274 sc
2473 3190 2749 3258 ἐπιτίθησι
2781 3189 2949 3257 θύρας
2982 3192 3075 3245 καὶ
3108 3193 3403 3247 διαϐαίνειν
3428 3193 3584 3247 οὐδὲν
3617 3195 3681 3265 ἐᾷ
3710 3194 3818 3246 τῶν
3843 3194 4045 3264 λυμαίο

817 3286 1133 3355 obsignans,
1189 3282 1671 3338 exterminatoretu
1728 3278 1959 3348 repellit,
2014 3285 2070 3333 et
2120 3292 2236 3342 cor,
2285 3280 2373 3331 cui

817 3379 1030 3432 infusus
1083 3384 1189 3438 est,
1223 3373 1479 3442 templum
1534 3371 1625 3425 Dei
1680 3371 1940 3437 ellieiens,
1979 3369 2177 3425 melius
2211 3384 2373 3438 quam

820 3467 1131 3523 Salomonis
1163 3480 1346 3519 muros
1377 3462 1599 3533 sanguis
1634 3462 1720 3516 ille
1748 3461 2051 3533 typicus,in
2076 3476 2141 3514 eo
2171 3460 2373 3513 malum

819 3560 1022 3613 idolum
1076 3546 1337 3609 constitui
1393 3568 1502 3606 non
1556 3551 1833 3621 permittit
1880 3549 2377 3617 (abominationem

820 3649 1198 3712 desoiationis,
1248 3647 1446 3716 inquit,
1500 3646 1552 3698 in
1604 3645 1725 3699 loco
1768 3645 2003 3713 sancto),
2038 3644 2132 3699 sed
2184 3644 2378 3713 spiritu

822 3740 1105 3811 principali
1180 3738 1421 3790 animum
1486 3735 1855 3796 confirmans,
1921 3736 2063 3789 sicut
2128 3745 2382 3804 precatur

824 3834 1032 3897 David,
1085 3832 1418 3901 prudentiam
1473 3830 1654 3883 carnis
1708 3830 1757 3883 ei
1817 3827 2058 3898 subjicit,
2109 3837 2162 3881 ct
2219 3828 2383 3883 homo

824 3926 1091 3984 altissima
1124 3922 1473 3993 trauquillate
1502 3920 1723 3977 fruitur.

893 4195 963 4247 Et
990 4195 1115 4263 quid
1146 4208 1245 4263 ego
1275 4194 1341 4247 de
1385 4192 1643 4263 mysterio
1691 4192 1938 4262 pluribus
1985 4192 2219 4257 dissero,
2258 4208 2383 4247 cum

827 4286 1074 4356 pluribus
1108 4295 1233 4338 ante
1261 4284 1463 4337 dictum
1498 4282 1589 4349 sit,
1623 4281 1751 4351 qttid
1790 4297 1855 4337 eo
1897 4283 2185 4352 impertitis
2216 4284 2387 4338 bono-

826 4393 947 4432 rum
989 4375 1209 4430 all'erat?
1244 4374 1347 4429 Sed
1378 4374 1425 4431 si
1457 4373 1536 4428 sic
1561 4389 1683 4427 cum
1716 4372 1935 4428 Christo
1967 4390 2264 4439 versemur,
2287 4375 2391 4429 ini-

828 4468 1053 4523 tiatione
1100 4466 1217 4521 sive
1266 4466 1644 4529 sacramentis,
1698 4465 1970 4533 precibus.
2015 4466 2387 4533 meditatione,

2476 3283 2657 3336 νεσθαι
2685 3281 3018 3351 δυναμένων,
3050 3284 3249 3352 μᾶλλον
3267 3284 3323 3337 δὲ
3344 3285 3442 3347 τὰς
3461 3284 3632 3355 θύρας
3663 3285 4046 3355 άποσημαινό-

2479 3390 2639 3443 μενον
2689 3374 2781 3427 τὸν
2818 3374 3144 3445 όλοθρευτὴν
3200 3376 3530 3441 ἀπωθεῖται,
3573 3382 3669 3430 καὶ
3713 3377 3850 3430 Θεοῦ
3905 3378 4049 3431 νεὼν

2476 3465 2943 3534 ἀπεργαζόμενον,
2995 3468 3073 3529 είς
3117 3466 3185 3537 ἢν
3233 3466 3395 3536 ἑχέθη
3436 3468 3686 3538 καρδίαν,
3736 3468 3963 3536 ἄμεινον
4011 3471 4047 3539 ἢ

2478 3556 2604 3617 τοὺς
2635 3554 2977 3623 Σολομῶντος
3000 3557 3233 3625 τοίχους,
3252 3557 3313 3609 τὸ
3339 3554 3478 3622 αἷμα
3501 3559 3562 3611 τὸ
3582 3560 3815 3613 τυπεκδν
3846 3562 4052 3629 συστῆ-

2480 3661 2567 3697 ναι
2598 3644 2730 3714 παρ’
2759 3644 2899 3714 αὐτῇ
2937 3646 3176 3715 πονηρόν
3206 3645 3423 3700 εῖδωλον
3452 3648 3512 3700 οὐ
3562 3651 3834 3719 συγχωρεῖ
3861 3664 3877 3680 ·
3915 3669 3935 3703 ι
3976 3652 4054 3704 Τὸ

2482 3735 2752 3806 βδέλυγμα
2781 3738 2879 3806 τῆς
2904 3737 3287 3807 «ἐρημώσεως,
3330 3739 3514 3806 φησὶν,
3547 3740 3603 3791 ἐν
3637 3742 3787 3811 τόπῳ
3817 3742 3981 3814 άγίῳ,
4026 3762 4047 3794 ι

2480 3828 2616 3881 ἀλλὰ
2642 3828 2720 3897 τῷ
2736 3827 3045 3898 ἡγεμονικῷ
3065 3828 3337 3897 πνεύματι
3360 3829 3634 3898 στηρίζων
3655 3831 3743 3885 τὸν
3766 3832 4052 3900 λογισμὸν,

2481 3918 2670 3989 ὥσπερ
2709 3918 2910 3990 ηὔξατο
2950 3920 3136 3984 Δαϐὶδ,
3179 3919 3279 3988 τῆς
3325 3920 3528 3990 σαρκὸς
3576 3922 3667 3974 ὐπ’
3715 3923 3881 3977 αὐτὸν
3924 3927 4056 3991 ἄγει

2481 4012 2541 4065 τὺ
2586 4012 2861 4081 φρόνημα,
2920 4014 3014 4065 καὶ
3071 4014 3099 4065 ὁ
3157 4011 3443 4081 ἄνθρωπος
3498 4012 3722 4082 βαθείας
3771 4015 4055 4070 ἀπολαύει

2482 4104 2742 4173 γαλήνης.

2555 4195 2663 4245 Καὶ
2698 4194 2749 4246 τί
2774 4193 2944 4247 ταῦτα
2998 4196 3131 4263 περὶ
3179 4196 3274 4249 τοῦ
3313 4198 3617 4266 μυστηρίου
3674 4197 3926 4265 μηκύνω,
3966 4197 4059 4250 διά

2486 4289 2695 4343 πολλῶν
2739 4289 3006 4359 πρότερον
3043 4290 3355 4358 είρημένον,
3387 4284 3475 4342 οία
3506 4292 3653 4341 ποιεῖ
3675 4289 3802 4351 τούς
3831 4290 4057 4342 τετελε-

2488 4380 2757 4449 σμένους;
2803 4379 2945 4433 Ἀλλ’
2982 4380 3051 4434 ἄν
3094 4379 3240 4433 οὕτω
3287 4381 3506 4451 Χριστῷ
3541 4379 3811 4449 συνῶμεν,
3864 4384 3934 4451 τῇ
3967 4399 4061 4435 τε-

2488 4471 2639 4541 λετῇ,
2671 4474 2791 4533 ταῖς
2818 4472 3026 4541 εὐχαῖς,
3058 4474 3126 4541 τῇ
3174 4471 3399 4545 μελέτῃ,
3431 4475 3546 4535 τοῖς
3593 4472 3877 4539 λογισμοῖς
3920 4475 4059 4543 πρὶς

825 4556 1270 4628 cogitationibus,
1311 4556 1377 4609 ad
1420 4569 1637 4608 omnem
1669 4554 1925 4609 virtutem
1959 4557 2196 4610 animam
2229 4573 2387 4611 exer-
2419 4559 2463 4614 D
2490 4580 2508 4614 ⁶ι

2378 4585 2387 4596 ·
2419 4559 2463 4614 D
2490 4564 2670 4615 πᾶσαν
2702 4562 2800 4632 μὲν
2828 4563 2926 4631 τὴν
2952 4561 3130 4632 ψυχὴν
3155 4563 3473 4632 άσκήσομεν
3493 4563 3714 4633 άρετὴν,
3743 4563 4061 4631 φυλάξομεν

827 4650 1070 4704 cebimus
1095 4686 1111 4709 ,
1149 4646 1454 4715 depositum
1494 4647 1860 4700 custodiemus
1885 4685 1901 4710 ,
1958 4659 2016 4700 ut
2060 4647 2259 4702 Paulus
2293 4647 2384 4717 ju-

829 4743 915 4795 bet
947 4742 1016 4804 '”,
1051 4748 1104 4792 et
1130 4755 1159 4791 a
1195 4737 1461 4808 mysteriis
1484 4737 1644 4792 nobis
1673 4737 1923 4792 collatam
1963 4749 2171 4809 gratam
2205 4755 2387 4795 serva-

829 4832 1030 4886 bimus.
1058 4831 1211 4885 Sicut
1244 4830 1389 4883 enim
1415 4829 1532 4898 ipse
1570 4838 1651 4883 est
1686 4829 1929 4893 initians,
1959 4828 2075 4896 ipse
2106 4832 2385 4900 mysteria,

832 4926 901 4977 ita
940 4922 1034 4991 qui
1063 4919 1299 4976 custodit
1330 4919 1386 4974 in
1415 4920 1574 4975 nobis
1604 4936 1723 4988 quae
1747 4920 1927 4983 dedit,
1957 4929 2010 4973 et
2043 4921 2134 4990 qui
2168 4937 2389 4977 manere

831 5014 885 5068 in
919 5014 1003 5068 his
1029 5008 1486 5083 quae'accepimus
1516 5010 1664 5075 facit,
1694 5011 1833 5065 idem
1862 5011 2011 5067 solus
2042 5021 2124 5067 est
2150 5029 2165 5066 :
2196 5032 2212 5063 ι
2238 5012 2388 5079 Quo-

833 5108 978 5159 niam
1015 5104 1135 5159 sine
1163 5118 1271 5167 tnc,
1307 5104 1502 5173 inquit,
1538 5103 1671 5156 nibil
1702 5102 1931 5172 potestis
1959 5100 2136 5158 facere
2158 5104 2225 5158 "’.
2256 5122 2275 5155 ι

2493 4651 2550 4706 δὲ
2581 4654 2678 4720 τὴν
2709 4651 3200 4721 παρακαταθήκην,
3234 4646 3268 4725 ᾖ
3303 4652 3518 4707 κελεύει
3553 4652 3786 4718 Παῦλος,
3828 4654 3928 4705 καὶ
3960 4656 4064 4722 τὴν

2492 4745 2601 4798 ἀπὸ
2624 4744 2734 4795 τῶν
2760 4744 3076 4815 μυστηρίων
3108 4746 3237 4813 ἡμῖν
3258 4743 3571 4798 ὲντεθεῖσαν
3595 4746 3841 4812 σώσομεν
3871 4746 4059 4814 χάριν.

2493 4835 2705 4903 Ὥσπερ
2737 4837 2845 4903 γὰρ
2883 4834 3046 4897 αὐτὸς
3080 4837 3183 4903 μέν
3227 4835 3377 4889 ἐστιν
3414 4838 3443 4889 ό
3471 4835 3661 4899 τελῶν,
3694 4835 3855 4896 αὐτὸς
3898 4837 3958 4888 δὲ
3991 4838 4063 4889 τά

2498 4924 2795 4993 μυστήρια,
2828 4924 2918 4976 τὸν
2978 4922 3093 4979 ῐσον
3137 4926 3333 4993 τρόπον
3361 4926 3391 4979 ὁ
3431 4926 3718 4994 φυλάττων
3744 4927 3802 4977 ὲν
3830 4927 3990 4994 ἡμῖν,
4026 4928 4062 4979 ἁ

2492 5012 2696 5075 δίδωσι,
2721 5012 2815 5065 καὶ
2844 5013 3046 5082 μένειν,
3075 5014 3160 5080 ἐφ’
3182 5009 3263 5076 οἷς
3287 5014 3577 5083 ἐλάϐομεν,
3612 5016 4061 5084 παρασκευάζων

2496 5102 2655 5171 μόνος
2684 5101 2830 5155 ἐστίν
2851 5118 2866 5134 ο
2910 5120 2927 5152 ι
2952 5102 3075 5155 Ὀτι
3104 5103 3271 5174 χωρὶς
3317 5104 3474 5174 ἐμοῦ,
3510 5104 3699 5175 φησιν,
3730 5105 3790 5157 οὐ
3823 5104 4062 5158 δύνασθε

2500 5197 2674 5247 ποιεῖν
2703 5194 2856 5247 οὐδέν
3027 5214 3045 5245 ι

911 5355 954 5386 ⁸⁸
982 5354 1101 5409 Act.
1136 5368 1209 5415 tv,
1252 5353 1339 5407 l2.
1412 5354 1456 5385 "°
1489 5352 1592 5407 Isa.
1624 5368 1740 5421 un,
1764 5353 1820 5411 4.
1893 5355 1936 5387 ⁷⁸
1966 5355 1983 5409 1
2020 5353 2166 5408 Tim.
2197 5370 2270 5417 vt,
2293 5352 2383 5409 20.
2461 5356 2505 5386 ⁷³
2533 5354 2594 5410 ,1ο

1252 5353 1339 5407 12.
1412 5354 1456 5385 "°
1489 5352 1592 5407 Isa.
1624 5368 1740 5421 un,
1764 5353 1820 5411 4.
1893 5355 1936 5387 ⁷⁸
1966 5355 1983 5409 1
2020 5353 2166 5408 Tim.
2197 5370 2270 5417 vt,
2293 5352 2383 5409 20.
2461 5356 2505 5386 ⁷²
2533 5354 2693 5411 Joan.
2737 5373 2825 5422 xv,
2855 5358 2906 5412 5.

902 5509 973 5569 (t)
1012 5508 1128 5556 Post
1165 5507 1269 5554 haec
1286 5509 1341 5570 in
1364 5508 1471 5555 cod.
1507 5507 1717 5570 Vindob:
1750 5508 1842 5558 210
1869 5508 2097 5570 sequitur
2114 5508 2396 5570 doxologia,
2420 5513 2471 5557 et
2494 5509 2585 5557 in!

1941 5508 2097 5570 [uitur
2114 5508 2396 5570 doxologia,
2420 5513 2471 5557 et
2494 5511 2543 5557 in
2567 5509 2851 5558 Mouacensl
2873 5509 2953 5569 84,
2976 5510 3061 5559 fol.
3101 5510 3190 5558 195
3218 5525 3229 5559 :
3255 5514 3400 5567 Τέλος
3441 5513 3527 5561 τοῦ
3566 5532 3624 5563 πε

3656 5516 3672 5564 ῖ
3692 5521 3777 5573 τῆς
3799 5516 3849 5565 ἂν
3866 5514 4063 5578 Χριστῷ

902 5532 973 5569 μ)
1014 5532 1128 5556 ιὐηι
1166 5532 1269 5554 ιιατιι
1293 5532 1341 5555 Ill
1364 5532 1471 5555 Unu-
1518 5532 1536 5554 V
1554 5532 1717 5559 ΙΙΙυυυ-
1751 5532 1842 5558 ιιυ
1869 5532 2093 5570 κιιυιιιιῐ
2114 5532 2396 5568 υιιιυιυδιδ,
2420 5532 2471 5557 τι
2496 5532 2516 5556 ΙΙ

833 5573 961 5626 ζωῆς
985 5570 1166 5637 βιϐλίον
1186 5569 1350 5639 κυρίου
1370 5570 1605 5639 Νικολάου
1635 5568 1721 5639 τοῦ
1756 5570 2027 5639 Καϐασίλα..
2049 5570 2268 5639 literque
2289 5569 2516 5639 ἱρίιριλε(

2383 5546 2396 5566 ,
2420 5532 2471 5557 et
2496 5532 2543 5557 ιιι
2568 5532 2851 5558 ιιυιιδιῑισιιιιι
2874 5532 2953 5569 tu,
2976 5532 3061 5559 tut.
3102 5532 3190 5558 ιυι)
3218 5532 3229 5559 ;
3267 5532 3281 5559 I
3298 5532 3400 5567 ελος
3441 5532 3527 5561 του
3566 5532 3625 5563 πε
3659 5532 3777 5573 ιτης
3799 5532 3849 5565 εν
3868 5532 4063 5578 λριστῳ

2380 5571 2627 5639 necode
2653 5573 2996 5639 t_otius_oper_is
3020 5575 3169 5639 ﬁnem
3202 5575 3530 5639 essestatuit.
3570 5532 3767 5625 Librum
3790 5583 4063 5639 septimum

837 5631 1095 5690 posterius
1117 5632 1351 5691 scriptum
1384 5632 1627 5690 operique
1671 5631 1731 5679 ab
1751 5632 2192 5679 auctoreatldttttm
2215 5638 2351 5690 putat
2374 5632 2547 5679 Editor
2567 5631 3008 5681 Greifswaldeosis.
3029 5636 3168 5682 Hunc
3200 5649 3293 5682 tton
3323 5636 3491 5685 Italiuit
3532 5639 3782 5688 Pontanus
3812 5631 3867 5688 ei
3924 5641 4065 5688 solus

836 5693 951 5741 cod.
989 5691 1381 5743 Viudoboncnsis
1404 5691 1496 5739 262
1518 5691 1820 5752 suppeditat.
1847 5694 2319 5753 interpretationem
2355 5700 2566 5742 nostram
2593 5692 2878 5741 addidimus.
2912 5694 3045 5741 Enn.
3081 5697 3228 5743 l'nn.
