4262 6460
270 482 370 544 685

303 638 629 651 -———-——-—

678 827 1074 954 ΠΕΡΙ
1187 826 1527 952 ΤΗΣ
1658 825 1864 951 ΕΝ

1390 1066 1763 1154 ΛΟΓΟΣ

1306 480 1404 542 DE
1428 480 1606 543 VITA
1641 477 1719 539 IN
1760 477 2090 539 ClIRlSTO
2136 475 2281 537 LIB.
2324 476 2453 538 Vll.

3436 461 3545 525 686

1975 823 2595 952 ΧΡΙΣΤΩ
2697 819 3152 949 ΖΩΗΣ

1865 1063 2417 1153 ΕΒΔΟΜΟΣ.

300 1247 525 1316 Οποῖος
557 1252 781 1319 γίνεται
814 1251 847 1303 ὁ
886 1247 1271 1320 μεμυημένος
1323 1246 1438 1316 τὴν
1470 1247 1588 1301 ἀπὸ
1629 1245 1748 1299 τῶν
1788 1246 2151 1313 μυστηρίων
2195 1244 2370 1313 χάριν
2405 1242 2687 1311 φυλάξας
2719 1240 2790 1308 τῇ
2840 1238 2975 1308 παρ’
3008 1238 3227 1293 ἑαυτοῦ
3280 1238 3547 1307 σπουδῇ.

1072 1585 1270 1709 DE
1334 1582 1729 1715 VITA
1812 1583 1972 1710 IN
2050 1581 2745 1710 CHRISTO

1368 1850 1726 1938 LIBER
1864 1850 2502 1940 SEPTIMUS.

640 2051 860 2129 Qualis
906 2050 977 2128 ﬁt
1002 2048 1290 2111 initiatus
1319 2046 1429 2126 qui
1464 2044 1903 2123 mysteriorum
1931 2043 2207 2122 gratiam
2250 2045 2516 2124 proprio
2558 2043 2770 2104 studio
2821 2044 3188 2105 custodivit.

354 2295 515 2351 Ἐπεὶ
574 2294 632 2348 δὲ
670 2294 913 2364 εἴρηται,
970 2292 1053 2357 τίς
1092 2292 1385 2361 γενόμενος
1430 2291 1459 2342 ὁ
1492 2288 1722 2359 μυηθεὶς
1766 2289 1863 2341 καὶ
1892 2295 1937 2350 Α

1892 2295 1937 2350 Α
2042 2287 2495 2359 Quandoquidem
2528 2288 2736 2343 dictum
2792 2298 2875 2343 est
2907 2290 3086 2358 qualis
3118 2292 3293 2344 evasit
3319 2294 3412 2359 qui
3450 2290 3552 2345 fuit

266 2390 397 2442 τίνα
430 2389 527 2458 τὴν
556 2388 673 2441 ὁδὸν
703 2387 899 2450 ἐλθὼν,
930 2386 965 2441 ὃ.
1000 2387 1152 2457 παρὰ
1179 2386 1288 2438 τῶν
1326 2382 1646 2455 μυστηρίων
1675 2381 1853 2444 ἔλαϐε,

267 2479 469 2543 σώσοι,
531 2480 758 2531 σκοπεῖν
789 2478 1107 2541 ἀκόλουθον,
1168 2477 1250 2541 τίς
1312 2478 1525 2545 γένοιτο
1578 2474 1857 2539 σεσωκὼς,

266 2572 370 2623 καὶ
402 2570 651 2632 ποταπὸς
682 2569 747 2623 ἂν
773 2569 1014 2637 άποὸαίη
1039 2570 1164 2631 τοὺς
1194 2567 1431 2639 τρόπους
1462 2570 1575 2630 τοῖς
1594 2568 1688 2620 τοῦ
1722 2569 1858 2621 Θεοῦ

265 2664 341 2717 τά
385 2664 519 2732 παρ’
560 2660 758 2715 ἑαυτοῦ
810 2660 1090 2732 προσθείς.
1145 2662 1359 2713 Ἐκεῖνα
1398 2660 1496 2729 μὲν
1546 2660 1655 2729 γὰρ
1693 2661 1860 2714 συνά-

267 2773 360 2823 γει
393 2756 495 2825 τὴν
531 2753 698 2824 ζωὴν,
748 2752 785 2807 ἃ.
825 2754 935 2805 τῶν
986 2754 1270 2822 προτέρων
1312 2752 1487 2818 λόγων
1522 2752 1655 2821 ἡμῖν
1689 2752 1861 2821 χωρὶς

267 2849 542 2914 ἑκάτερον
576 2844 837 2907 ὑπόθεσις
860 2839 950 2915 ἦν,
977 2845 1138 2897 τοῦτο
1176 2843 1275 2913 μὲν
1326 2844 1358 2908 ἡ
1393 2844 1541 2913 παρὰ
1569 2844 1678 2896 τῶν
1707 2842 1861 2895 τελε-

266 2940 384 2991 τῶν
418 2940 602 3009 χάρις,
635 2937 794 2991 τοῦτο
823 2937 881 2990 δὲ
914 2939 945 3006 ὴ
978 2936 1114 3007 πρὸς
1134 2936 1196 2989 τὸ
1230 2935 1566 3006 συντηρῆσαι
1596 2936 1658 2988 τὸ
1690 2935 1861 3003 δῶρον

267 3034 431 3101 παρὰ
465 3030 576 3083 τῶν
611 3029 923 3100 δεξαμένων
954 3029 1181 3099 σπουδή.
1220 3029 1334 3082 Νῦν
1364 3029 1421 3081 δὲ
1462 3029 1738 3081 συστᾶσαν
1766 3028 1862 3079 αύ-

266 3126 375 3192 τὴν
404 3123 700 3176 ὑπόλοιπόν
731 3125 879 3175 ἐστιν
910 3121 1208 3191 ὁλόκληρον
1241 3120 1542 3189 θεωρῆσαι,
1596 3120 1691 3172 καὶ
1721 3120 1773 3171 τί
1801 3121 1862 3172 τὸ

267 3212 694 3280 συναμφότερον
755 3211 949 3275 δεῖξαι,
990 3213 1083 3263 καὶ
1115 3206 1169 3262 οἷ
1213 3210 1329 3263 ἔστι
1374 3210 1473 3281 τὴν
1512 3210 1861 3280 ἀνθρωπίνην

267 3304 483 3375 ἀρετὴν
523 3304 748 3358 ἃπασαν
791 3305 857 3373 τῇ
892 3303 1076 3373 χάριτι
1113 3301 1414 3356 συνελθεῖν.
1468 3302 1640 3355 Τοῦτο
1683 3302 1738 3355 δὲ
1770 3301 1864 3369 γέ-

266 3398 412 3452 νοιτ’
446 3398 538 3461 ἂν,
574 3399 669 3450 ἐὰν
700 3396 864 3449 αὑτὸν
898 3397 989 3450 τὸν
1021 3396 1081 3461 ἐξ
1113 3397 1445 3466 ἀμφοτέρων
1487 3413 1863 3467 συγκεκροτη-

270 3490 445 3558 μένον
478 3487 837 3556 σκεψώμεθα,
876 3487 1130 3557 καθάπερ
1170 3484 1346 3555 οἶμαι,
1378 3489 1472 3540 καὶ
1512 3488 1722 3555 ὑγείαν,
1760 3489 1787 3540 ὅ
1813 3488 1864 3539 τί

266 3585 396 3635 ὲστι
424 3580 522 3635 καὶ
548 3581 674 3633 ὅσον
710 3578 886 3647 αὐτῆς
918 3577 1133 3646 ὄφελος,
1168 3580 1220 3630 εἴ
1246 3596 1330 3640 τις
1351 3578 1633 3632 δεικνύναι
1663 3580 1859 3644 ἐθέλοι,

1959 2378 2230 2446 initiatus,
2274 2382 2605 2452 qualemque
2646 2381 2790 2435 viam
2846 2396 3082 2451 sequens
3119 2398 3183 2437 ea
3210 2400 3331 2453 qua:
3363 2400 3391 2437 e
3435 2400 3553 2455 my-

1961 2473 2143 2527 steriis
2179 2474 2421 2543 percepit
2449 2489 2671 2529 servare
2703 2475 2895 2542 possit,
2920 2474 3028 2543 iam
3061 2478 3413 2544 quaerendum
3446 2486 3549 2539 est,

1960 2567 2140 2634 qualis
2170 2565 2349 2620 factus
2388 2566 2459 2620 sit
2482 2566 2577 2636 qui
2606 2566 2871 2627 servavit,
2903 2567 3269 2635 qualibusque
3310 2568 3553 2621 moribus

1960 2657 2052 2718 sil,
2094 2657 2185 2724 qui
2232 2656 2313 2711 eis
2345 2673 2467 2727 quae
2514 2657 2609 2712 Dei
2676 2668 2826 2722 sunt,
2882 2659 3098 2727 propria
3168 2660 3384 2727 adjecit.
3428 2661 3553 2712 ﬂare

1960 2751 2106 2805 enim
2145 2752 2266 2804 vitae
2290 2752 2343 2804 in
2368 2750 2591 2805 Christo
2624 2766 2838 2806 summa
2870 2768 2883 2803 :
2914 2766 3035 2819 qua:
3093 2750 3253 2805 nobis
3308 2752 3550 2819 priorum

1959 2855 2276 2894 sermonum
2329 2841 2668 2909 singulorum
2714 2841 2955 2895 materiae
3006 2840 3247 2905 fuerunt,
3277 2842 3403 2894 hinc
3434 2845 3555 2909 qui—

1962 2932 2086 2985 dem
2118 2948 2182 2985 ex
2226 2936 2499 3004 mysteriis
2544 2936 2719 3004 gratia
2743 2975 2757 3000 ,
2787 2937 2936 2991 illinc
2991 2948 3173 2993 autem
3218 2941 3273 2993 in
3305 2942 3552 2995 custodia

1964 3022 2171 3089 recepti
2201 3021 2329 3075 doni
2381 3022 2667 3078 sedulitas.
2700 3024 2857 3079 Nunc
2920 3043 3048 3081 vero
3081 3030 3345 3097 integram
3412 3031 3554 3085 hanc

1962 3125 2236 3166 summam
2269 3115 2671 3171 considerando
2704 3120 3132 3174 monstrabimus
3184 3122 3314 3190 quid
3370 3124 3442 3178 sil.
3487 3140 3549 3178 ex

1964 3215 2198 3275 utroque
2251 3209 2618 3276 compositum
2650 3250 2665 3275 ,
2713 3222 2765 3263 et
2808 3226 3098 3283 quousque
3151 3215 3323 3284 possit
3376 3219 3555 3273 omnis

1965 3296 2203 3351 humana
2265 3298 2441 3353 virtus
2505 3315 2627 3354 cum
2677 3304 2849 3377 gratia
2914 3307 3231 3360 connivere.
3285 3308 3397 3363 Hoc
3456 3326 3555 3363 au-

1967 3394 2074 3441 tem
2140 3388 2252 3442 ﬁeri
2294 3399 2494 3459 potest,
2525 3391 2570 3445 si
2623 3392 2772 3445 illum
2822 3395 2916 3463 qui
2973 3410 3038 3448 ex
3097 3397 3367 3454 ambobus
3420 3418 3554 3455 con-

1964 3490 2097 3543 stat,
2131 3474 2529 3546 examinemus,
2583 3486 3067 3554 quemadmodum,
3110 3498 3262 3558 puto,
3309 3500 3361 3546 et
3400 3493 3557 3547 bonae

1966 3574 2297 3631 valetudinis
2323 3586 2574 3630 naturam
2610 3586 2772 3647 atque
2804 3580 3096 3635 utilitatem
3145 3584 3240 3651 qui
3270 3586 3558 3640 ostendere

264 3675 363 3727 τὸν
402 3671 645 3742 μάλιστα
696 3670 867 3738 αὐτῆς
907 3669 1255 3724 ἀπολαύοντα
1310 3667 1537 3737 ἀγαγὼν
1574 3669 1657 3731 εἰς
1698 3670 1863 3737 μέσον
1900 3664 1937 3717 Β

1900 3664 1937 3717 Β
1970 3666 2149 3730 vellet,
2171 3667 2323 3721 illum
2351 3667 2443 3738 qui
2476 3684 2539 3723 ea
2569 3671 2829 3738 gauderet
2854 3671 2905 3724 in
2943 3673 3181 3727 medium
3230 3678 3555 3743 producens,

269 3765 502 3838 μάλιστ’
561 3765 629 3817 ἂν
681 3764 907 3834 ποιῆσαι
940 3760 1274 3830 καταφανές.
1330 3761 1441 3815 Καὶ
1488 3762 1553 3833 δὴ
1584 3762 1677 3814 τὸν
1720 3761 1865 3815 οὕτω

271 3861 525 3928 ζήσαντα
553 3854 663 3927 πρὸ
694 3855 804 3909 τῶν
835 3854 1134 3924 ὀφθαλμῶν
1166 3853 1468 3923 στήσαντες
1502 3852 1867 3921 μανθάνωμεν

269 3946 448 4003 αὑτοῦ
479 3947 580 4017 τὴν
614 3945 831 4009 εὐεξίαν
874 3942 972 3997 καὶ
1005 3943 1104 4013 τὴν
1136 3941 1287 4012 ῶραν
1336 3940 1678 4010 πανταχόθεν
1710 3956 1866 4011 περι-

269 4038 657 4102 σκοποῦντεςο
708 4034 1024 4106 σκεψόμεθα
1072 4034 1130 4088 δὲ
1168 4035 1278 4089 τῶν
1322 4033 1423 4104 μὲν
1470 4032 1647 4097 ἄλλως
1703 4034 1868 4087 αὐτὸν

269 4131 640 4201 κοσμούντων
679 4130 857 4192 οὐδὲν,
890 4127 999 4181 οὐδ’
1030 4128 1080 4180 εἰ
1114 4126 1359 4197 θαύμασι
1390 4127 1601 4196 λάμπει
1631 4126 1723 4179 καὶ
1756 4143 1868 4179 τοι-

270 4224 458 4293 αύτην
492 4222 683 4290 εἴληφε
719 4221 905 4289 χάριν,
950 4218 1068 4273 ἀλλ’
1092 4218 1256 4271 αὑτὸν
1276 4214 1466 4269 τοῦτον
1488 4216 1746 4285 καθαρῶς
1776 4215 1869 4268 καὶ

268 4319 372 4371 τὸν
406 4318 553 4370 οἶκοι
585 4315 795 4382 κόσμον
837 4312 935 4383 τὴν
982 4311 1081 4382 τῆς
1110 4310 1292 4381 ψυχῆς
1335 4310 1561 4379 ἀρετήν.
1609 4309 1868 4371 Ἐκείνοις

274 4410 381 4481 μὲν
417 4410 529 4477 γάρ
574 4405 795 4459 εἰκάσαι
844 4421 931 4466 τις
964 4402 1031 4456 ἂν
1078 4402 1171 4454 τὸν
1224 4400 1537 4465 σπουδαῖον,
1574 4400 1670 4452 καὶ
1724 4398 1868 4452 τοῦτ’

268 4504 413 4556 αὐτὸ
448 4502 613 4570 μόνον
650 4496 855 4568 ἀρετῆς
895 4497 961 4549 ἂν
1003 4496 1089 4564 εἴη
1140 4494 1446 4565 τεκμήριον
1469 4511 1483 4524 ·
1518 4495 1578 4545 τὸ
1613 4494 1658 4547 δ’
1685 4494 1868 4548 αὐτῶν

270 4593 587 4664 πειρᾶσθαι
634 4590 745 4643 τῶν
777 4589 1021 4659 τρόπων,
1076 4587 1239 4639 αὐτόν
1281 4590 1399 4640 ἐστι
1449 4585 1739 4654 γινώσκειν
1777 4589 1870 4641 τὸν

266 4688 593 4757 ἄνθρωπον.
649 4684 715 4735 Τί
743 4677 839 4735 οὖν
888 4681 991 4742 δεῖ,
1035 4678 1216 4747 παρὸν
1256 4677 1485 4731 αὐτόθεν
1545 4678 1868 4746 μανθάνειν,

266 4777 692 4850 τεκμαίρεσθαι
730 4774 827 4829 καὶ
886 4774 1092 4844 σημεῖα
1121 4770 1331 4841 ζητεῖν,
1379 4771 1507 4824 ὅταν
1540 4770 1723 4824 αὐτῶν
1772 4770 1865 4840 ὲξῇ

267 4876 384 4930 τῶν
438 4871 795 4941 πραγμάτων
845 4866 1159 4931 ἆπτεσθαι;
1217 4866 1395 4919 καίτοι
1458 4865 1581 4918 οὐδὲ
1640 4868 1868 4935 σημεῖον

265 4968 442 5023 τοῦτο
477 4962 680 5033 γένοιτ’
716 4963 783 5015 ἂν
835 4962 1096 5030 ἀποχρῶν
1127 4957 1354 5028 ἀρετῆς.
1406 4956 1543 5010 Uine
1594 4958 1702 5027 γάρ
1732 4959 1868 5010 πᾶσι

267 5059 457 5113 ταῦτα
486 5056 597 5116 τοῖς
633 5050 948 5112 σπουδαίοις
973 5047 1280 5111 ἀκολουθεῖ,
1330 5045 1445 5099 οὔθ’
1478 5042 1558 5108 οἷς
1601 5045 1866 5114 ὑπῆρξεν,

272 5153 521 5224 ἐργάται
555 5149 759 5208 πάντες
799 5145 943 5197 εἰσὶν
982 5144 1206 5213 ἀρετῆς.
1236 5142 1347 5196 Καὶ
1378 5144 1487 5212 γάρ
1536 5141 1722 5194 πολλοὶ
1760 5141 1869 5194 τῶν

275 5244 503 5316 μεγάλα
562 5238 719 5310 παρὰ
764 5236 887 5307 Θεῷ
931 5235 1270 5305 δυνηθέντων
1320 5234 1474 5286 οὐδὲν
1524 5232 1870 5298 ἐπεδείξαντο

268 5335 557 5397 τοιοῦτον,
586 5335 683 5385 καὶ
707 5326 865 5393 αὖθις
892 5328 1003 5381 τῶν
1029 5326 1284 5397 πονηρῶν
1330 5326 1506 5388 ὲνίονς
1548 5326 1734 5393 ὲδέησε
1764 5342 1873 5377 τει-

272 5429 425 5483 αὖτά
473 5442 610 5479 ποτε
661 5424 983 5492 δυνηθῆναι,
1031 5422 1127 5473 καὶ
1182 5420 1275 5471 τὸν
1326 5416 1563 5486 Χριστὸν
1616 5417 1876 5469 καλοῖσιν

272 5518 437 5573 οὐδὲν
466 5517 756 5585 ἀμήχανον
784 5510 873 5581 ἦν,
907 5512 967 5563 ού
999 5509 1108 5565 τῶν
1140 5507 1361 5577 τρόπων
1400 5506 1561 5558 τοῦτο
1600 5506 1875 5569 διδόντων,

272 5612 397 5666 αλλ’
427 5610 496 5662 ἶν’
551 5611 579 5658 ὁ
614 5605 952 5675 καλούμενος
1003 5604 1167 5669 φανῇ.
1200 5600 1308 5653 Καὶ
1340 5598 1429 5650 διά
1458 5598 1614 5650 τοῦτο
1645 5601 1741 5667 τῆς
1778 5600 1877 5666 μὲν

273 5703 495 5773 ἀρετῆς
552 5698 719 5749 ’ἑνεκα
770 5698 865 5748 καὶ
899 5692 1117 5745 τελεταὶ
1159 5694 1254 5744 καὶ
1284 5692 1393 5750 πᾶς
1429 5690 1607 5751 πόνος,
1645 5691 1778 5759 πρὸς
1820 5691 1875 5742 δὲ

270 5796 384 5861 τὴν
411 5790 653 5853 δύναμιν
696 5784 917 5853 ἐκείνην
950 5783 1127 5845 οὐδεὶς
1159 5782 1309 5834 οὐδὲν
1354 5783 1740 5851 ἐμηχανήσατο
1768 5783 1875 5835 τῶν

271 5884 695 5951 ἀπισταμὲνων,
726 5881 799 5942 ὡς
829 5881 907 5931 δεῖ
940 5878 1143 5930 πονεῖν.
1184 5875 1293 5928 Καὶ
1320 5877 1372 5926 τί
1406 5877 1546 5941 λέγω
1574 5892 1587 5939 ;
1620 5877 1712 5946 Μὴ
1739 5893 1877 5943 τιυιρ⁴

1970 3756 2318 3811 manifestum
2353 3768 2545 3813 testem
2594 3761 2899 3819 exhiberet.
2930 3762 3067 3818 Eum
3126 3782 3288 3835 porro
3341 3772 3433 3838 qui
3486 3773 3557 3825 ita

1969 3863 2028 3901 se
2060 3848 2247 3905 habet.
2296 3860 2422 3904 ante
2455 3853 2647 3907 oculos
2682 3855 3118 3922 constituentes,
3153 3859 3357 3914 bonum
3386 3864 3557 3931 ipsrus

1970 3946 2173 3991 statum
2195 3947 2249 3994 et
2267 3939 2553 3996 ﬂorentem
2575 3943 2818 3999 habitum
2840 3947 3017 4003 oculis
3032 3952 3387 4020 percipimus,
3418 3956 3557 4010 nihil

1971 4040 2149 4086 autem
2192 4047 2382 4087 eorum
2434 4050 2556 4105 qua:
2611 4037 2834 4093 aliunde
2886 4040 3042 4094 illiilli
3100 4057 3369 4099 exornant
3427 4064 3560 4102 con-

1970 4120 2362 4189 siderabimus,
2422 4141 2598 4196 neque
2654 4130 2698 4184 si
2754 4130 3082 4187 mirabiliter
3108 4134 3255 4190 lucet
3280 4146 3335 4191 et
3382 4141 3559 4207 gratia

1971 4214 2241 4280 abundat,
2268 4216 2361 4271 sed
2422 4218 2599 4287 ipsum
2638 4226 3040 4288 tantummodo,
3072 4242 3135 4281 ac
3175 4229 3556 4297 particularem

1969 4307 2458 4376 pulchritudinem,
2487 4312 2684 4366 animae
2711 4313 2965 4369 virtutem
2998 4316 3141 4373 dico.
3170 4320 3244 4373 Ex
3274 4322 3383 4376 illis
3405 4326 3553 4378 enim

1966 4398 2276 4453 studiosum
2300 4401 2575 4470 judicabis
2607 4414 2661 4459 et
2699 4405 2800 4459 hoc
2838 4408 3012 4462 solum
3041 4412 3145 4465 erit
3175 4412 3391 4468 virtutis
3417 4416 3556 4469 iudi-

1971 4492 2115 4546 cium
2149 4511 2161 4546 :
2200 4508 2380 4547 mores
2426 4506 2606 4549 autem
2656 4498 2886 4565 alicujus
2917 4515 3080 4556 nosse
3131 4504 3306 4573 ipsum
3355 4516 3439 4561 est
3469 4525 3561 4561 co-

1972 4583 2183 4651 gnitum
2244 4584 2465 4639 habere.
2522 4587 2601 4640 Ad
2659 4588 2789 4656 quid
2847 4590 3017 4654 enim,
3075 4607 3198 4646 cum
3261 4595 3387 4650 licet
3444 4599 3558 4667 jam

1972 4690 2121 4728 nunc
2184 4677 2328 4731 scire
2358 4716 2373 4743 ,
2418 4680 2757 4747 conjectare,
2799 4682 3063 4751 signaque
3089 4723 3103 4747 ,
3140 4686 3230 4740 ubi
3281 4703 3366 4743 res
3408 4691 3559 4759 ipsas

1971 4768 2724 4839 attingeredatur,qua:rere?
2754 4775 3019 4831 Caeterum
3051 4794 3148 4832 nec
3178 4780 3320 4833 istud
3345 4783 3559 4852 signum

1972 4858 2193 4913 virtutis
2224 4871 2369 4915 esset
2417 4863 2722 4919 sufﬁciens.
2758 4864 2883 4922 Haec
2928 4870 3072 4923 enim
3132 4886 3238 4924 non
3301 4875 3561 4928 omnibus

1973 4949 2242 5005 inlustrem
2274 4953 2556 5019 studiosis,
2582 4971 2681 5010 nec
2702 4956 2804 5021 illi,
2833 4958 2923 5027 qui
2958 4974 3021 5013 ca
3066 4962 3367 5028 possident,
3392 4964 3561 5018 virtu-

1976 5050 2082 5095 tem
2107 5046 2386 5113 operando
2409 5057 2684 5103 exercent.
2711 5048 2861 5102 Multi
2892 5067 3126 5120 namque
3146 5054 3556 5122 praevalentium

1979 5138 2123 5205 apud
2183 5137 2350 5192 Deum
2418 5139 2556 5192 nihil
2625 5142 2985 5195 ostenderunt
3040 5144 3175 5208 tale;
3234 5162 3561 5216 rursumque

1977 5245 2270 5299 pravorum
2295 5232 2562 5299 quosdam
2596 5232 2893 5301 aliquando
2934 5237 3176 5303 Oportuit
3206 5238 3333 5289 talia
3367 5254 3556 5307 posse;

1977 5321 2226 5392 nihilque
2275 5323 2559 5379 Christum
2610 5326 3003 5380 invocantibus
3046 5327 3383 5396 impossibile
3423 5342 3559 5396 erat,

1982 5429 2091 5470 non
2124 5417 2370 5471 moribus
2406 5417 2510 5471 hoc
2542 5420 2955 5487 praestantibus,
2990 5420 3086 5473 sed
3131 5429 3188 5474 ut
3223 5423 3312 5476 ille
3359 5424 3448 5491 qui
3482 5424 3564 5476 ἰκ-

1985 5508 2282 5562 vocabatur
2320 5509 2645 5565 manifestus
2676 5512 2851 5564 lieret.
2886 5510 2950 5563 Et
2982 5513 3105 5565 ideo
3142 5523 3360 5580 propter
3396 5520 3562 5566 virtu-

1985 5608 2089 5653 tem
2128 5612 2256 5654 sunt
2301 5606 2560 5673 mysteria
2602 5606 2897 5672 omnisque
2928 5606 3115 5670 labor;
3151 5614 3368 5674 promer
3400 5608 3559 5660 istam

1985 5708 2109 5747 vero
2184 5705 2509 5763 potestatem
2574 5712 2737 5752 nemo
2776 5714 2963 5752 eorum
3020 5700 3111 5767 qui
3166 5703 3347 5753 sciunt
3406 5700 3564 5753 iactis

1981 5802 2120 5853 opus
2160 5804 2280 5842 esse
2330 5790 2625 5857 quidquam
2669 5799 2925 5857 Operatus
2976 5802 3075 5844 est.
3127 5791 3191 5843 Et
3233 5791 3364 5859 quid
3407 5793 3563 5846 dico?

1978 5880 2087 5933 Nec
2159 5882 2511 5950 praesentium
2594 5883 2763 5936 ullum
2842 5883 3176 5938 desiderium
3253 5882 3566 5939 habuerunt
