4262 6460
651 458 657 465 ο
756 420 864 480 687

2082 408 2335 468 ICOLM
2365 406 2454 465 CA
2468 406 2631 465 BASl
2649 406 2757 464 UE

3897 410 4000 472 ϐεκ

753 551 847 597 aut
918 537 1340 607 inquisiverunt,
1393 532 1461 587 de
1519 531 1721 601 quibus
1794 528 2157 601 prasentibus
2203 530 2436 598 εσυ-Α

2315 557 2336 566 -
2360 530 2410 588 Α
2435 525 2605 576 όντων
2644 522 2834 576 οὐδένα
2863 522 3029 576 πόθον
3075 522 3265 577 ελαϐον
3294 522 3405 576 οὐδ’
3432 523 3727 595 ἐζήτησαν,
3754 519 3827 577 ὧν
3859 543 3998 596 παρ-

753 636 882 686 tiere
913 646 1016 682 non
1048 630 1192 683 licet.
1221 643 1238 676 ι
1264 624 1439 679 Nolite
1469 622 1723 692 gaudere,
1747 619 1945 689 ittquit,
1977 618 2121 687 quod
2159 617 2323 685 spiri-

2430 616 2600 669 όντων
2652 615 2773 670 ούδδ
2842 616 3055 686 χαίρειν
3115 616 3316 680 ἔξεστι.
3372 635 3390 667 ι
3435 618 3526 687 Μὴ
3595 619 3812 689 χαίρετε
3871 620 4002 689 γὰρ.

754 738 840 781 tus
871 724 1024 779 vobis
1071 720 1459 790 subjiciuntur,
1505 716 1597 771 sed
1647 714 1878 784 gaudete
1912 713 2057 783 quod
2100 710 2322 766 nomina
2427 724 2437 755 ι

2315 730 2322 765 ι
2427 708 2615 775 φησὶν,
2642 708 2722 759 ὅτι
2747 707 2817 760 τὰ
2852 707 3141 777 πνεύματα
3177 709 3305 777 ὑμῖν
3348 710 3738 777 ὑποτάσσεται,
3776 714 3998 783 χαίρετε

754 827 933 872 vestra
993 816 1193 882 scripta
1235 818 1363 865 sunt
1431 810 1486 863 in
1544 808 1719 861 cmlis.
1763 823 1783 857 ι
1824 802 1977 871 Quod
2020 802 2186 872 igitur
2234 815 2328 853 ne-

753 924 861 979 que
910 906 1040 961 facit
1090 904 1370 965 virtutem,
1433 914 1607 968 neque
1660 898 1781 967 ejus
1842 895 2182 964 praesentiam
2235 892 2327 945 de.

757 1010 1065 1055 monstrare
1097 1005 1298 1067 potest,
1344 994 1447 1048 hoc
1492 991 1711 1061 aliquis,
1753 1005 1871 1042 eam
1903 1000 2174 1057 quarens,
2211 983 2330 1037 sine

754 1091 1043 1148 commodo
1088 1089 1313 1143 iaceret.
1362 1086 1467 1139 Sed
1519 1100 1621 1137 nec
1671 1084 1715 1137 si
1764 1080 2109 1150 quis,divina
2170 1076 2330 1146 plane

752 1187 978 1240 edoctus
1031 1180 1453 1237 revelationibus
1496 1177 1768 1232 lrueretur
1822 1182 2128 1240 cunctaque
2168 1169 2329 1223 sciret

757 1276 1037 1347 mysteria,
1063 1290 1127 1329 ex
1173 1274 1244 1327 iis
1272 1271 1420 1325 illum
1450 1269 1764 1338 iudicamus
1801 1275 1855 1319 et
1897 1264 2177 1318 mirantur.
2234 1257 2330 1312 Et-

753 1371 899 1425 enim
926 1377 1239 1433 quanquam
1270 1363 1373 1417 ista
1406 1361 1732 1429 quandoque
1758 1355 2063 1411 viventibus
2098 1354 2151 1406 in
2175 1351 2330 1406 Chri-

755 1472 839 1516 sto
885 1468 1083 1530 praesto
1141 1456 1287 1518 sint,
1348 1468 1454 1506 non
1516 1457 1845 1516 componunt
1914 1461 2012 1501 nec
2083 1443 2333 1498 el'ticiu.:t

758 1554 950 1615 vitam,
976 1551 1049 1603 ita
1082 1556 1141 1602 ut
1180 1545 1315 1601 nihil
1351 1544 1416 1598 ad
1450 1544 1701 1597 virtutem
1728 1538 1899 1608 magis
1942 1535 2194 1590 conferre
2256 1535 2334 1586 vi-

755 1642 948 1695 deatur
968 1640 1017 1692 ei
1051 1637 1140 1705 qui
1172 1637 1272 1689 ista
1298 1634 1473 1687 solum
1505 1630 1742 1699 respicit.
1771 1624 1925 1695 Quod
1954 1625 2190 1680 ostendit
2210 1622 2333 1676 bea-

757 1743 843 1785 tus
902 1729 1105 1784 Paulus
1154 1726 1219 1780 ad
1269 1724 1591 1780 Corinthios
1645 1720 1891 1775 scribens
1926 1737 1940 1771 :
1980 1736 1999 1770 ι
2045 1716 2100 1772 Si
2164 1730 2332 1769 nove-

766 1825 891 1885 I‘llli,
924 1823 1121 1888 inquit,
1170 1817 1355 1873 omnia
1411 1815 1692 1885 mysteria,
1721 1824 2049 1878 monentque
2092 1806 2333 1861 habuero

747 1913 1064 1977 scientiam,
1108 1910 1425 1964 charitatem
1478 1916 1655 1960 autem
1697 1919 1807 1957 non
1867 1901 2148 1962 habuero,
2196 1896 2328 1950 nihil

756 2022 903 2065 sum,
936 2013 987 2055 et
1026 2000 1202 2055 lactus
1232 2014 1352 2053 sunt
1379 1998 1524 2051 velut
1560 2011 1634 2049 aes
1665 2008 1868 2049 sonans
1902 2002 1992 2045 aut
2023 1987 2329 2059 cymbalum

757 2096 1018 2150 tinniens.
1049 2113 1067 2143 ι
1107 2090 1280 2152 Unde,
1310 2087 1521 2141 caeteris
1564 2082 1970 2154 praetermissis,
2002 2080 2171 2148 ipsam
2206 2076 2331 2130 ani-

760 2208 860 2243 tute
891 2188 1173 2241 videamus
1203 2186 1558 2243 voluntatem,
1590 2180 1640 2233 iit
1678 2191 1786 2247 qua
1816 2174 2068 2229 consistit
2099 2170 2333 2226 hominis

744 2281 976 2336 ‘bonitas
1025 2288 1079 2333 et
1128 2276 1357 2336 malitia,
1395 2272 1605 2327 sanitas
1634 2278 1690 2324 et
1723 2268 1971 2328 morbus,
2004 2274 2058 2318 et
2107 2252 2333 2317 omnino

756 2376 867 2428 vita
924 2371 1005 2425 vel
1058 2384 1231 2433 mors,
1282 2382 1511 2436 qumque
1550 2379 1675 2417 eum
1697 2361 1839 2416 bona
1866 2365 1950 2414 est
1985 2368 2038 2413 et
2064 2356 2131 2411 ad
2164 2355 2333 2410 Deum

760 2465 936 2520 solum
974 2461 1169 2525 tendit,
1204 2459 1308 2512 vita
1342 2459 1496 2511 beata
1528 2462 1631 2509 est.

828 2557 941 2608 lim:
988 2554 1134 2606 enim
1192 2553 1576 2621 mysteriorum
1615 2548 1958 2615 humanique
1992 2542 2160 2599 studii
2191 2556 2330 2611 opus

761 2659 870 2712 est,
908 2647 1049 2717 quod
1083 2646 1230 2699 illius
1261 2645 1405 2710 quod
1444 2658 1564 2693 vere
1601 2641 1802 2694 bonum
1836 2646 1919 2692 est
1959 2633 2334 2690 tantummodo

763 2743 900 2795 ratio
956 2741 1220 2792 habeatur
1251 2774 1264 2789 .
1319 2734 1455 2787 Nam
1506 2732 1669 2787 totius
1697 2746 1822 2800 erga
1867 2731 2111 2783 homines
2141 2726 2335 2780 divinae

761 2849 903 2888 curse
930 2832 1078 2894 finis,
1117 2838 1175 2881 ιιι
1219 2828 1485 2889 videmus,
1516 2826 1620 2877 hoc
1668 2838 1841 2877 unum
1893 2830 1994 2885 est,
2024 2829 2077 2874 et
2127 2818 2191 2873 ad
2234 2819 2335 2871 ltoc

762 2926 936 2982 tendit
958 2923 1136 2979 omnis
1170 2922 1435 2974 bonorum
1474 2915 1762 2986 promissio
1791 2912 2075 2980 omnisque
2104 2909 2336 2964 COIltnll-

762 3016 913 3069 natio
986 3012 1279 3067 malorutn.
1332 3007 1502 3076 llujus
1533 3007 1694 3058 etiam
1730 3005 1898 3071 gratia
1963 3002 2105 3054 Deus
2172 3014 2333 3051 mun-

768 3108 893 3159 dtmt
947 3104 1104 3158 nobis
1142 3103 1283 3154 hunc
1340 3096 1647 3159 a-dilicavit,
1695 3098 1943 3163 legesque
1992 3092 2208 3160 posuit,
2268 3101 2332 3143 ac

769 3198 911 3252 mille
936 3195 1095 3250 bonis
1123 3194 1441 3255 cumulavit,
1466 3191 1648 3245 Illullla
1688 3198 1867 3242 autem
1927 3202 2021 3240 rur
2055 3201 2117 3238 us
2161 3193 2336 3238 exter—

767 3290 876 3343 ruit
913 3288 1094 3351 malis,
1124 3296 1182 3338 ut
1218 3284 1284 3337 ad
1342 3281 1693 3349 semetipsum
1738 3294 1837 3332 nos
1880 3277 2121 3331 alliceret
2161 3275 2334 3327 addu-

766 3387 1102 3448 ceretqueut
1152 3376 1327 3445 ipsum
1379 3376 1552 3428 solum
1613 3372 1840 3425 velimus
1901 3384 1964 3423 ac
2025 3367 2333 3434 dilic-aunts.

760 3470 880 3522 alloc
938 3476 1118 3521 autem
1194 3462 1541 3517 manifestum
1610 3468 1806 3514 estex
1856 3473 1922 3511 eo
1986 3456 2128 3523 quod
2198 3455 2337 3507 hanc

766 3566 936 3619 solam
968 3577 996 3614 a
1035 3559 1214 3618 nobis,
1246 3555 1298 3607 in
1348 3567 1491 3624 quos
1535 3550 1800 3605 beneﬁcia
1820 3548 2073 3609 contulit,
2101 3546 2337 3614 reposcit

771 3653 1098 3713 mercedem,
1132 3659 1184 3703 ut
1218 3648 1450 3701 velimus
1475 3647 1674 3699 bonum
1707 3641 1922 3710 etquod
1946 3641 2229 3693 honestum
2255 3644 2338 3691 est

766 3754 947 3799 metite
985 3744 1307 3795 recolatntts.
1359 3736 1473 3791 Hoc
1526 3745 1796 3790 testantur
1828 3733 2008 3787 omnia
2032 3739 2333 3801 praecepta;

773 3841 872 3892 hoc
925 3835 1336 3890 exhortationes
1392 3841 1446 3883 et
1504 3827 1686 3882 omnis
1741 3841 1922 3881 sermo
1951 3822 2247 3893 respiciens
2284 3830 2338 3874 et

774 3930 1075 3998 producens
1093 3925 1382 3980 hominum
1417 3921 1723 3975 utilitatem.
1758 3916 1933 3972 llomo
1961 3918 2104 3970 enim
2129 3912 2340 3983 cupidi-

767 4031 932 4075 tatem
970 4019 1373 4077 condemnatis,
1407 4012 1647 4067 carnalia
1696 4010 1961 4064 desideria
2013 4006 2333 4075 reprimens,

772 4111 1106 4166 iracundiam
1141 4108 1421 4161 refrenatts
1456 4106 1695 4171 malique
1724 4099 2040 4154 meritoriam
2074 4095 2297 4150 abolens
2319 4132 2335 4159 ,

756 4204 904 4256 nihil
984 4201 1088 4255 nisi
1168 4197 1462 4252 voluntatis
1545 4196 1843 4248 honi'atem
1899 4199 1953 4245 et
2011 4188 2335 4243 modestiam

750 4293 1049 4359 .exposcit;
1080 4303 1405 4357 rursumque
1451 4295 1742 4355 paupertas
1785 4284 1839 4336 itt
1884 4282 2103 4350 Splt'lltl,
2132 4280 2336 4343 luctus,

772 4384 1166 4445 misericordia,
1188 4379 1573 4440 mansuetudo,
1593 4387 1852 4429 etes-tera
1866 4381 2084 4435 cuneta,
2102 4384 2335 4440 quorum

774 4488 1068 4532 sectatores
1082 4473 1342 4527 Christus
1365 4472 1650 4539 appellavit
1677 4470 1884 4529 beatos,
1901 4463 2188 4518 manifeste
2209 4472 2335 4516 sunt

2426 797 2504 860 δὲ,
2535 800 2618 851 ὅτι
2656 798 2724 852 τὰ
2746 798 2988 870 ὀνόματα
3019 802 3176 871 ὑμῶν
3214 806 3433 877 ἐγράφη
3462 809 3519 860 ἐν
3550 811 3664 869 τοῖς
3684 809 3956 879 οὐρανοῖς.
3981 831 3998 861 ι

2433 891 2500 943 Ὀ
2522 890 2700 991 τρίνυν
2731 893 2881 991 μήτε
2899 896 3043 946 ποιεῖ
3071 895 3171 966 τὴν
3198 897 3422 968 ἀρετὴν,
3454 900 3594 970 μήτε
3627 901 3756 968 γοῦν
3779 902 4003 956 δύναται

2432 982 2673 1051 μηνῦσαι
2703 982 3011 1051 παροῦσαν,
3048 986 3344 1057 περίεργον
3378 990 3432 1041 εἴ
3457 1007 3541 1053 τις
3572 993 3789 1062 ἐκείνην
3820 992 4005 1062 ζητῶν

2428 1074 2586 1127 ιὸῦτο
2618 1075 3092 1145 πολυπραγμονεῖ.
3137 1079 3280 1132 ‘AD.’
3323 1081 3431 1133 οὐδ’
3465 1082 3514 1133 εί
3564 1081 3811 1152 θεωριῶν
3843 1101 4009 1136 τινων

2430 1167 2697 1221 ἀπολαύει
2728 1170 2822 1221 καὶ
2856 1169 3255 1239 ἀποκαλύψεων
3282 1173 3541 1242 τυγχάνει
3574 1176 3672 1227 καὶ
3702 1176 3771 1227 τὰ
3802 1176 4007 1243 μυστή-

2432 1274 2526 1347 ρια
2558 1259 2737 1311 πάντα
2780 1253 2942 1321 οἶδεν,
2992 1261 3102 1313 ἀπὸ
3133 1262 3339 1315 τούτων
3390 1264 3556 1317 αὑτὸν
3596 1266 3859 1333 εἰσόμεθα
3911 1267 4009 1317 καὶ

2432 1347 2816 1416 θαυμάσομεν.
2851 1350 2961 1403 Καὶ
3008 1351 3177 1403 ταῦτα
3204 1354 3313 1423 γὰρ
3353 1356 3525 1407 ἐνίοτε
3565 1357 3849 1409 ἀκολουθεῖ
3895 1362 4009 1419 τοῖς

2431 1441 2491 1493 ὲν
2523 1439 2745 1511 Χριστῷ
2779 1440 2970 1508 ζῶσιν,
2999 1444 3059 1495 οὐ
3096 1446 3412 1513 συνίστησιν
3442 1446 3549 1500 οὐδ’
3584 1448 3878 1517 ἐργάζεται
3907 1447 4011 1515 τὴν

2432 1531 2600 1602 ζωὴν,
2626 1532 2768 1587 ὥστε
2821 1534 2992 1605 μηδὲν
3032 1534 3198 1590 πλέον
3233 1537 3312 1599 είς
3347 1538 3549 1608 ἀρετὴν
3579 1536 3721 1591 εἶναι
3758 1538 3835 1608 τῷ
3868 1543 3962 1608 πρε
3983 1557 4011 1601 ς

2434 1626 2608 1679 ταῦτα
2642 1625 2804 1693 μόνον
2848 1628 3080 1696 ὁρῶντιο
3120 1629 3405 1682 καὶτοῦτο
3447 1631 3724 1685 δείκνυσιν
3751 1634 3780 1686 ό
3833 1636 4016 1703 μακά-

2436 1734 2551 1787 ριος
2611 1717 2847 1781 Παῦλος,
2902 1720 2961 1773 ιν
3015 1715 3100 1783 οἷς
3154 1722 3471 1792 Κορινθίοις
3528 1722 3781 1791 γράφων,
3814 1742 3833 1775 r
3884 1724 4015 1776 Ἐὰν

2435 1808 2580 1871 εἰδῶ,
2609 1810 2765 1879 φησὶ,
2795 1808 2864 1861 τὰ
2893 1811 3172 1880 μυστήρια
3204 1812 3402 1878 πάντα,
3442 1814 3535 1866 καὶ
3562 1814 3671 1883 ἔχω
3694 1817 3881 1867 πᾶσαν
3910 1819 4016 1883 τὴν

2439 1899 2662 1967 γνῶσιν,
2695 1901 2921 1970 ἀγάπην
2969 1901 3026 1953 δὲ
3059 1902 3131 1972 μὴ
3160 1902 3289 1973 ἔχω,
3321 1904 3474 1957 οὐδέν
3517 1906 3657 1975 είμι,
3689 1908 3782 1958 καὶ
3808 1907 4016 1973 γέγονα

2435 1991 2635 2063 χαλκὸς
2661 1994 2814 2063 ἠχῶν
2847 1992 2881 2064 ἦ
2925 1993 3207 2064 κύμϐαλον
3256 1996 3548 2062 ἀλαλάζον.
3583 2016 3601 2049 t
3641 1999 3804 2051 Ὅθεν
3842 2000 4018 2053 τᾶλλα

2437 2086 2889 2156 παραδραμόντεξ
2934 2089 3013 2150 είς
3061 2089 3228 2158 αὐτὴν
3258 2090 3459 2160 ἴδωμεν
3506 2091 3606 2162 τὴν
3660 2091 3879 2160 θέλησιν
3912 2092 4016 2162 τῆς

2438 2173 2784 2251 ψυχῆς,ἑνῇ
2835 2179 2930 2230 καὶ
2978 2182 3283 2251 χρηστότης
3335 2182 3669 2260 συνέστηκεν
3718 2183 4016 2253 ἀνθρώπου

2440 2276 2535 2325 καὶ
2567 2271 2825 2342 πονηρία,
2864 2274 2956 2324 καὶ
2988 2274 3049 2325 τὸ
3076 2274 3292 2341 ἀληθῶς
3313 2276 3579 2342 ὑγιαίνειν
3614 2276 3781 2329 καὶτὸ
3812 2280 4016 2341 νοσεῖν,

2438 2367 2531 2418 καὶ
2565 2363 2790 2416 καθόλου
2822 2362 2919 2434 ζῇν
2953 2364 2984 2435 ἢ
3012 2365 3287 2430 τεθνάναι,
3322 2366 3391 2436 ἣν
3420 2367 3480 2419 τὸ
3516 2368 3727 2436 ἀγαθὴν
3745 2365 3886 2422 εῐναι
3918 2374 4019 2423 καὶ

2438 2455 2575 2525 πρὸς
2602 2456 2736 2509 Θεδν
2768 2456 2927 2525 μόνον
2953 2456 3157 2527 ἔχεινῆ
3192 2459 3439 2529 μακαρία
3478 2461 3594 2513 ἐστὶ
3632 2460 3768 2531 ζωή.

2507 2546 2681 2598 Τοῦτο
2733 2548 2843 2615 γὰρ
2895 2548 2990 2600 καὶ
3048 2548 3363 2619 μυστηρίων
3417 2551 3512 2604 καὶ
3569 2551 3800 2621 μελέτης
3849 2552 4017 2621 ἔργον

2435 2635 2749 2706 ἀνθρώπου,
2811 2640 2910 2707 τὴν
2967 2641 3194 2707 γνώμην
3254 2639 3419 2709 μόνου
3468 2643 3724 2709 γενέσθαι
3779 2641 3877 2695 τοῦ
3935 2644 4017 2707 ὡς

2434 2728 2650 2798 ἀληθῶς
2681 2728 2907 2797 ἀγαθοῦ.
2936 2729 3045 2783 Καὶ
3069 2731 3177 2798 γὰρ
3200 2731 3299 2801 τῆς
3328 2732 3423 2785 τοῦ
3452 2733 3588 2787 Θεοῦ
3613 2735 3744 2803 περὶ
3764 2735 3827 2789 τὸ
3851 2736 4016 2804 γένος

2436 2819 2757 2890 ἐπιμελείας
2795 2820 3014 2890 ἀπάσης
3067 2824 3243 2875 ἐκεῖνο
3271 2825 3437 2894 μόνον
3467 2826 3621 2889 τέλος
3667 2826 3816 2881 ἐστιν
3858 2827 4015 2892 ἰδεῖν,

2438 2913 2528 2966 καὶ
2569 2913 2703 2980 πρὸς
2735 2912 2893 2966 τοῦτο
2923 2916 3072 2967 πᾶσα
3104 2917 3202 2983 μὲν
3232 2916 3453 2983 ἀγαθῶν
3483 2916 3785 2985 ἐπαγγελία
3827 2919 4016 2989 φέρει,

2438 3004 2589 3058 πᾶσα
2610 3003 2667 3056 δὲ
2700 3004 2885 3058 κακῶν
2911 3006 3110 3077 ἀπειλή
3141 3023 3154 3036 ο
3186 3009 3280 3061 καὶ
3302 3008 3495 3061 τούτου
3524 3010 3685 3080 χάριν
3704 3012 3732 3062 ό
3759 3012 3894 3073 Θεὸς
3921 3013 4020 3064 τὸν

2435 3097 2639 3167 κόσμον
2665 3098 2796 3166 ἡμῖν
2828 3096 3141 3168 ᾠκοδόμησε
3190 3099 3397 3167 τοῦτον,
3451 3105 3545 3155 καὶ
3588 3104 3785 3171 νόμους
3819 3104 4018 3175 ἔθηκε,

2436 3188 2530 3240 καὶ
2563 3188 2782 3257 μυρίοις
2817 3188 2917 3256 μὲν
2946 3185 3078 3258 ἧσεν
3109 3192 3356 3259 ἀγαθοῖς,
3391 3193 3605 3255 πολλοῖς
3650 3193 3706 3247 δὲ
3742 3195 4019 3264 μετῆλθεν

2438 3281 2703 3349 ἀνιαροῖς,
2738 3280 2807 3333 l’v‘
2839 3284 2920 3344 εἰς
2950 3280 3144 3335 ἑαυτὸν
3176 3284 3485 3357 ἔπιστρὲψῃ
3518 3288 3615 3340 καὶ
3645 3289 3807 3357 πείσῃ
3834 3288 4019 3341 θέλειν

2402 3428 2407 3434 ,
2439 3370 2602 3424 αὐτὸν
2628 3373 2719 3425 καὶ
2761 3374 2925 3441 μόνον
2954 3372 3153 3441 φιλεῖν.
3186 3373 3357 3426 Τοῦτο
3384 3376 3441 3428 δὲ
3485 3377 3668 3447 δῆλον,
3692 3379 3751 3444 ἐξ
3778 3372 3855 3431 ὧν
3885 3380 4022 3433 ταύ-

2436 3480 2537 3533 την
2576 3464 2742 3534 μόνην
2770 3464 2899 3537 παρ’
2924 3467 3103 3535 ημῶν,
3133 3467 3274 3538 ὑπὲρ
3304 3462 3377 3522 ὧν
3403 3465 3462 3523 εὖ
3494 3472 3818 3541 πεποίηκεν,
3850 3474 4021 3526 ἀπαι-

2439 3561 2521 3610 τεῖ
2549 3560 2648 3628 τὴν
2679 3560 2873 3628 φοράν,
2899 3558 2960 3612 τὸ
2990 3561 3193 3628 ἀγαθὸν
3222 3561 3509 3631 βούλεσθαι
3533 3566 3630 3619 καὶ
3656 3567 3755 3636 τὴν
3784 3567 4022 3639 γνώμην

2439 3642 2581 3701 εἶναι
2608 3648 2915 3719 χρηστούςο
2947 3652 3042 3705 καὶ
3075 3653 3413 3723 μαρτυροῦσι
3445 3655 3543 3724 μὲν
3567 3657 3779 3710 ἐντολαὶ
3813 3662 4018 3727 πᾶσαι,

2444 3740 2780 3812 μαρτυροῦσι
2809 3743 2864 3796 δὲ
2917 3744 3269 3814 παραινέσεις
3303 3734 3397 3800 καὶ
3446 3749 3632 3813 ἀπλῶς
3676 3750 3834 3819 λόγος
3868 3753 4022 3818 ἄπας

2439 3830 2748 3900 ἀνθρώποις
2779 3830 2972 3900 ὄφελος
3006 3833 3169 3903 ἔχων,
3207 3837 3287 3897 είς
3333 3836 3492 3890 τοῦτο
3524 3840 3728 3907 φέρων.
3763 3842 3879 3894 Καὶ
3908 3844 4021 3912 γὰρ

2440 3920 2752 3986 πλεονεξίαν
2777 3924 3019 3994 ἀναιρῶν
3070 3926 3165 3977 καὶ
3200 3928 3470 3997 σωμάτιον
3516 3930 3820 4000 ἐπιθυμίαν
3849 3934 4023 3986 κολά-

2439 4010 2548 4076 ζων
2578 4014 2672 4065 καὶ
2704 4013 2875 4082 θυμὸν
2921 4014 3105 4085 ἄγχων
3157 4018 3249 4068 καὶ
3286 4020 3652 4085 μνησικακίαν
3705 4020 4019 4091 ἐκϐάλλων,

2437 4102 2591 4155 οὐδὲν
2619 4102 2653 4172 ἢ
2683 4103 2911 4174 γνώμης
2934 4094 3285 4176 χρηστότητα
3315 4110 3411 4161 καὶ
3440 4110 3740 4164 ἐπιείκειαν
3766 4115 4016 4167 ἀπαιτεῖ·

2439 4196 2532 4247 καὶ
2566 4191 2725 4258 αὖθις
2764 4198 2797 4262 ή
2842 4198 2900 4249 ἑν
2955 4197 3225 4266 πνεύματι
3280 4202 3522 4270 πτωχεία
3568 4205 3661 4257 καὶ
3701 4204 3763 4257 τὺ
3796 4206 4020 4259 πενθεῖν

2440 4286 2532 4338 καὶ
2570 4287 2631 4339 τὸ
2680 4288 2851 4370 ἐλεεῖν
2895 4291 2991 4343 καὶ
3038 4292 3098 4342 τὸ
3131 4294 3306 4361 πρᾶον
3353 4289 3498 4345 εἶναι
3539 4297 3632 4346 καὶ
3682 4297 3792 4348 τῶν
3836 4299 4018 4352 ἄλλων

2438 4377 2688 4445 ῑκαστον,
2718 4377 2754 4432 ἀ
2809 4380 2938 4441 τοὺς
2983 4382 3379 4450 κατορθοῦντας
3431 4386 3460 4435 ό
3504 4385 3735 4453 Χριστ“ς
3787 4389 4020 4442 eam:

2442 4469 2772 4539 μακαρίους,
2810 4471 3052 4541 ἀτεχνῶς
3077 4471 3215 4541 ἔργα
3246 4473 3538 4543 θελήσεως.
3572 4476 3694 4530 Ἔτι
3716 4478 3776 4531 δὲ
3799 4482 3863 4531 τὸ
3892 4497 4021 4535 συν-

773 4583 933 4638 Opera
967 4564 1283 4620 voluntatis.
1313 4561 1416 4615 St-d
1466 4571 1520 4613 et
1558 4562 1719 4612 rectis
1762 4556 2075 4613 consentire
2115 4554 2339 4622 dogma-
2371 4568 2413 4622 ι)
2443 4560 2456 4612 t

2333 4582 2339 4591 ι
2371 4568 2413 4622 D
2443 4560 2631 4617 θέσθαι
2664 4564 2774 4625 τοῖς
2801 4563 2978 4633 ὀρθοῖς
3007 4566 3114 4617 τῶν
3144 4566 3430 4636 δογμάτων
3460 4571 3554 4621 καὶ
3600 4572 3729 4638 περὶ
3765 4572 3911 4626 Θεοῦ
3948 4578 4016 4628 ei

774 4663 917 4713 tibus
969 4667 1023 4710 et
1072 4654 1253 4707 omnia
1289 4653 1355 4703 ad
1388 4650 1555 4704 Deum
1589 4651 1812 4713 referre,
1853 4649 1987 4701 bene
2008 4654 2339 4699 moratorum

773 4761 888 4813 est;
943 4764 1007 4800 ae
1054 4745 1316 4808 omnino,
1368 4754 1585 4810 propter
1631 4741 1958 4794 cltaritatent
2014 4737 2157 4791 Deus
2209 4735 2342 4789 dicit

772 4858 989 4898 onmem
1024 4838 1248 4908 positam
1278 4850 1402 4891 esse
1427 4835 1634 4903 legent;
1684 4834 1921 4887 charitas
1962 4814 2140 4884 autem
2190 4830 2344 4881 bona:

773 4932 969 4987 indolis
990 4942 1074 4983 est
1100 4929 1293 4980 virtus.
1318 4924 1457 4979 Cum
1492 4926 1659 4992 igitur
1691 4930 1811 4990 post
1839 4936 2057 4975 omnem
2101 4918 2345 4986 discipli-

777 5040 901 5078 nam
940 5019 1399 5089 septovidetttiam
1432 5014 1724 5069 voluntatis
1754 5012 1896 5067 Deus
1924 5027 1954 5063 a
1982 5011 2137 5064 nobis
2163 5009 2345 5075 requi-

781 5126 860 5168 t-at
912 5113 1159 5174 fructi-ts,
1184 5110 1461 5163 evidenter
1516 5110 1568 5159 in
1612 5105 1760 5159 illam
1797 5111 1993 5159 cuncta
2024 5102 2274 5163 sentiunt,
2292 5106 2345 5151 et

778 5218 994 5259 omnem
1028 5203 1079 5255 in
1115 5216 1176 5255 ea
1206 5200 1427 5269 deponit
1458 5198 1523 5250 ad
1570 5199 1774 5251 bonum
1819 5198 2113 5264 potentiam
2145 5207 2210 5246 ac
2236 5192 2347 5245 dis-

780 5295 1126 5365 positionem.
1196 5292 1385 5358 Itaque
1455 5289 1784 5358 baptismum
1858 5299 2076 5355 quoque
2123 5283 2344 5336 adhoc

779 5390 937 5444 nobis
982 5386 1151 5451 dedit,
1186 5393 1239 5438 et
1267 5387 1320 5437 in
1352 5385 1566 5438 coleris
1589 5398 1688 5436 nos
1728 5381 1985 5444 initiavit,
2012 5389 2068 5432 ut
2105 5379 2160 5432 in
2189 5376 2343 5431 nobis

780 5485 978 5538 bOItaIII
1008 5481 1245 5534 efﬁceret
1269 5480 1621 5540 voluntatem,
1650 5475 1716 5529 ad
1741 5475 1883 5543 quod
1907 5474 2136 5543 pertinet
2163 5473 2344 5523 omnis

780 5575 1167 5645 mysteriorum
1203 5579 1447 5639 potestas
1492 5582 1546 5622 et
1591 5583 1730 5622 tto-va
1769 5568 1896 5620 inde
1925 5565 2179 5619 exoriens
2213 5564 2341 5615 vita.

780 5672 1043 5721 tia-terum
1089 5666 1219 5733 quid
1273 5664 1487 5714 tandem
1543 5663 1699 5714 nobis
1745 5658 2030 5728 potestatis
2060 5653 2346 5709 conferunt

780 5755 1066 5826 ntySteria?
1118 5755 1194 5806 Ad
1253 5753 1484 5807 futuram
1552 5744 1714 5804 vitam
1788 5757 2115 5820 praeparant,
2161 5756 2218 5800 ut
2270 5745 2347 5797 ait

786 5848 1008 5915 Paulus,
1030 5866 1051 5898 ι
1079 5847 1303 5901 virtutes
1328 5854 1453 5901 sunt
1484 5843 1695 5899 venturi
1726 5840 1932 5898 saeculi.
1960 5858 1975 5891 ι
2003 5840 2143 5905 Quid
2163 5849 2343 5893 autem

2442 4652 2572 4706 ὄντα
2603 4653 2917 4717 πιστεῦσαι,
2954 4655 3062 4708 τῶν
3108 4658 3469 4726 εὐγνωμόνων
3502 4662 3710 4723 γίνεται
3732 4678 3751 4695 ο
3785 4664 3888 4717 καὶ
3922 4684 4027 4718 κα-

2445 4743 2601 4796 θόλου
2626 4745 2723 4829 τῆς
2752 4745 2973 4816 ἀγάπης
2998 4747 3162 4800 ἕνεκα
3193 4751 3369 4803 πάντα
3395 4752 3561 4822 φησὶν
3582 4754 3610 4805 6
3631 4752 3769 4817 Θεὸς
3792 4755 4028 4825 τεθῆναι

2444 4836 2535 4887 τὸν
2564 4836 2747 4905 νόμον,
2790 4838 2822 4906 ἡ
2875 4836 2933 4889 δὲ
2982 4838 3172 4907 ἀγάπη
3213 4840 3314 4909 τῆς
3361 4842 3590 4911 γνώμης
3623 4844 3775 4897 ἐστὶν
3820 4851 4026 4919 ἀρετή.

2447 4922 2575 4976 Ὀτε
2606 4924 2791 4977 τοίνυν
2825 4925 2963 4993 μετά
3006 4926 3186 4979 πᾶσαν
3222 4926 3473 4979 παιδείαν
3510 4931 3605 4981 καὶ
3632 4931 3897 5000 πρόνοιαν
3934 4935 4029 4988 θε-

2444 5014 2651 5083 λήσεως
2698 5016 2845 5084 ἡμᾶς
2885 5017 2913 5066 ὁ
2968 5014 3103 5078 Θεὸς
3149 5017 3472 5085 εἰσπράττει
3528 5021 3802 5089 καρποὺς,
3859 5022 4026 5094 δῆλός

2444 5106 2598 5157 ἔστιν
2631 5106 2711 5167 είς
2771 5105 2987 5173 ἐκείνην
3036 5106 3255 5161 ᾶπαντα
3304 5110 3545 5180 σπείρων
3592 5110 3687 5163 καὶ
3747 5112 3934 5166 πᾶσαν
3963 5115 4029 5166 ιν

2445 5199 2583 5266 αὐτῇ
2611 5196 3094 5265 καταϐαλλόμενος
3134 5198 3234 5266 τὴν
3267 5201 3346 5264 είς
3376 5200 3615 5268 τάγαθὸν
3657 5200 3895 5271 δύναμιν
3926 5207 4027 5257 καὶ

2444 5291 2820 5356 παρασκευήν.
2872 5288 3081 5340 Οὐκοῦν
3133 5290 3227 5340 καὶ
3274 5292 3334 5342 τὸ
3392 5290 3673 5361 βάπτισμα
3720 5294 3809 5345 διά
3861 5296 4033 5348 τοῦτο

2445 5376 2646 5428 δέδωκε
2681 5380 2772 5428 καὶ
2825 5376 2996 5429 τᾶλλα
3038 5378 3189 5446 ἡμᾶς
3244 5380 3515 5446 ἐτέλεσεν,
3571 5382 3657 5433 ἵνα
3705 5383 3844 5450 πρὸς
3888 5388 4031 5451 ἡμῖν

2445 5470 2656 5538 ἀγαθὴν
2687 5472 2886 5539 ποιήσῃ
2920 5472 3017 5539 τὴν
3053 5472 3301 5539 γνώμην,
3336 5473 3429 5523 καὶ
3479 5474 3632 5525 πᾶσα
3667 5473 3777 5524 τῶν
3811 5490 4035 5545 μυστη-

2449 5564 2577 5631 ρίων
2611 5563 2643 5629 ἡ
2672 5561 2900 5631 δύναμις
2932 5564 3082 5631 καὶὴ
3118 5565 3278 5632 καινὴ
3318 5562 3432 5633 ζωὴ
3477 5566 3610 5634 παρ’
3639 5568 3801 5635 αὐτῇ.
3841 5566 4032 5632 Ὅλως

2444 5654 2499 5705 δὲ
2529 5654 2580 5705 τί
2615 5670 2747 5705 ποτε
2773 5657 2901 5723 ἡμῖν
2932 5655 2988 5706 αί
3020 5654 3233 5706 τελεταὶ
3266 5656 3563 5723 δύνανταις
3594 5658 3734 5725 Πρὸς
3762 5659 3857 5709 τὸν
3892 5658 4032 5726 μέλ-

2445 5745 2607 5797 λοντα
2649 5746 2760 5814 βίον
2798 5745 3281 5813 παρασκευάζουσι
3310 5762 3323 5774 ·
3372 5766 3391 5799 ι
3433 5751 3701 5816 Δυνάμεις
3752 5752 3865 5816 γάρ
3917 5749 4037 5801 εἱσι

2453 5838 2546 5890 τοῦ
2582 5836 2863 5907 μέλλοντος
2887 5838 3102 5903 αἰῶνος,
3143 5856 3161 5889 t
3264 5856 3395 5909 φησι
3427 5840 3634 5903 Παῦλος
3656 5856 3674 5871 ο
3706 5842 3761 5893 τί
3792 5841 3849 5894 δέ
3874 5841 4036 5895 ισττν
