4262 6460
293 468 399 529 689

1292 474 1388 531 DE
1431 474 1600 531 \‘lTA
1640 475 1717 532 ΙΝ
1762 474 2087 532 CHRISTO
2130 474 2270 535 LIB.
2310 476 2445 534 VII.

3417 478 3520 538 099

290 571 504 647 ᾦμόνῳ
533 580 1067 651 παρασκευαζόμεθα
1093 602 1105 646 ;
1141 583 1213 636 Τὸ
1243 588 1481 656 τηρῆσαι
1510 588 1608 650 τὰς
1642 589 1858 651 ἐντολὰς
1888 580 1938 639 Α
1964 602 1973 634 4

1841 607 1858 651 ;
1888 580 1938 639 Α
1964 593 2046 639 est
2087 586 2153 641 ad
2184 587 2328 655 quod
2391 603 2555 640 unum
2618 587 3002 656 disponimur?
3028 586 3105 639 Ad
3173 586 3314 640 illius
3345 598 3524 640 custo-

293 668 387 721 τοῦ
419 670 723 737 στεφανοῦν
763 672 860 724 καὶ
888 672 1140 737 κολάζειν
1188 675 1279 726 ἐπὶ
1308 677 1402 729 τοῦ
1454 678 1740 744 μέλλοντος
1767 679 1863 729 δυο

293 760 553 827 ναμένουο
586 760 743 814 τοῦτο
780 763 891 832 γὰρ
919 765 1009 816 τὸν
1041 764 1175 817 Θεὸν
1206 764 1369 818 αὐτὸν
1409 769 1539 834 ἡμῖν
1583 768 1859 831 ἑνοικίζει.

297 862 316 893 ι
365 844 423 895 ὐ
456 847 565 913 γὰρ
615 848 849 912 ἀγαπῶν
893 868 982 920 με,
1020 854 1171 921 φησὶ,
1214 853 1309 915 τὰς
1357 855 1576 909 ἐντολάς
1618 875 1717 924 μου
1770 875 1864 924 τη·-

295 937 477 1003 ρήσει.
511 942 607 992 καὶ
633 941 660 991 ό
686 941 875 1011 Πατήρ
903 960 1005 1011 μου
1039 946 1319 1015 ἀγαπήσει
1357 950 1540 1012 αὐτὸν,
1582 952 1673 1001 καὶ
1712 950 1861 1001 ἐλευ-

292 1025 525 1093 σόμεθα,
558 1029 649 1080 καὶ
695 1032 864 1099 μονὴν
920 1036 1049 1102 παρ’
1076 1036 1223 1105 αὐτῷ
1271 1038 1593 1106 ποιήσομεν.
1633 1057 1650 1089 ι
1684 1038 1759 1089 To
1809 1038 1861 1090 δὲ

294 1118 470 1170 σῶσαι
500 1120 629 1183 τοὺς
670 1123 869 1190 νόμους
897 1125 994 1193 τῆς
1028 1126 1252 1195 γνώμης
1283 1129 1429 1182 ἆπαν
1456 1130 1592 1184 ἐστί.
1624 1132 1731 1183 Καὶ
1756 1132 1863 1199 γὰρ

290 1205 435 1261 ἆθλα
468 1214 646 1265 κεῖται
683 1217 795 1277 τοῖς
828 1217 1123 1271 αἰδεσθεῖσι
1153 1223 1243 1272 τὸν
1285 1222 1580 1292 νομοθέτην
1615 1225 1862 1293 καθάπερ

290 1304 559 1371 τιμωρίαι
613 1308 725 1367 τοῖς
762 1307 1121 1378 ὑπερόπταις,
1171 1311 1231 1363 τὸ
1262 1312 1317 1364 δὲ
1366 1313 1605 1366 τοιούτον
1651 1316 1859 1367 ἐθελού-

292 1409 431 1444 σιον.
482 1394 652 1447 Τοῦτο
683 1397 789 1465 γάρ
820 1399 936 1450 ἐστι
969 1402 1066 1470 τῆς
1095 1402 1272 1471 ψυχῆς
1296 1404 1353 1454 τδ
1381 1405 1477 1466 τὰς
1512 1406 1747 1461 εὐθύνας
1777 1409 1860 1459 δε-

291 1484 527 1551 χόμενον
568 1490 866 1555 πανταχοῦ,
910 1492 1001 1542 καὶ
1050 1494 1160 1544 τῶν
1192 1495 1540 1548 παντάπασιν
1589 1499 1862 1551 ἀκουσίων

289 1577 415 1628 οὔτε
453 1579 717 1643 στέφανον
744 1582 867 1633 οὔτε
919 1585 1192 1653 τιμωρίαν
1226 1586 1371 1653 εὖροι
1400 1604 1485 1650 τις
1524 1590 1590 1643 ἄν
1618 1606 1628 1618 ·
1667 1591 1860 1643 οὐκοῦν

289 1671 339 1719 εί
372 1670 472 1735 τὴν
496 1672 722 1741 γνώμην
753 1674 1137 1743 ἁναπτύξομεν
1169 1678 1262 1729 τοῦ
1302 1680 1441 1731 κατὰ
1472 1680 1603 1732 Θεὸν
1635 1681 1857 1745 ζῶντος,

289 1763 351 1811 ὲν
384 1762 525 1831 αὺτῇ
560 1764 884 1829 λάμπουσαν
916 1768 1223 1837 εὑρήσομεν
1254 1770 1351 1839 τὴν
1382 1775 1658 1842 μακαρίαν
1689 1772 1855 1842 ζωήν·

289 1852 443 1905 ῶσὰν
474 1854 530 1905 δὲ
560 1855 739 1906 πᾶσαν
766 1857 933 1924 αὐτῆς
965 1858 1195 1926 εἰδῶμεν
1236 1862 1330 1929 τὴν
1358 1862 1608 1931 δύναμιν,
1643 1867 1729 1916 ἐπ’
1761 1867 1856 1917 αύ-

287 1941 393 2007 τῆς
425 1942 594 2009 αὐτὴν
626 1944 937 2013 σκεψόμεθα
969 1951 1065 2015 τῆς
1112 1950 1439 2021 ὑπερόοὶῆς,
1486 1954 1735 2021 καθάπερ
1765 1956 1854 2008 καὶ

290 2032 546 2101 σώματος
576 2038 729 2105 ἰσχὺν
773 2040 865 2089 ἐπὶ
902 2041 997 2109 τῆς
1033 2042 1239 2111 ἀκμῆς.
1280 2043 1589 2116 ’Υπερϐολὴ
1616 2047 1670 2098 δὲ
1699 2046 1859 2115 θελή-

288 2141 431 2186 σεως
467 2126 628 2195 ἡδονὴ
669 2130 762 2182 καὶ
817 2129 983 2200 λύπη,
1018 2133 1076 2184 τὸ
1116 2136 1214 2201 μὲν
1258 2138 1626 2207 προσιεμένης
1657 2139 1857 2206 ὁτιοῦν,

288 2220 472 2271 ἐκεῖνο
503 2221 558 2273 δὲ
591 2223 999 2292 ἐκτρεπομένης
1025 2242 1040 2256 ·
1076 2228 1196 2279 ὅθεν
1241 2230 1298 2279 ὲν
1338 2231 1548 2293 τούτοις
1578 2232 1858 2300 ἄνθρωπος

287 2312 316 2361 ὅ
345 2329 401 2364 τι
433 2312 569 2373 ἐστι,
604 2314 876 2382 φαίνεται,
915 2319 1205 2373 καὶταῦτα
1239 2325 1327 2374 τὸν
1360 2324 1592 2377 ἑκάστου
1617 2325 1859 2376 δείκνυσι

286 2408 495 2475 τρόπον
530 2410 621 2459 καὶ
670 2410 796 2472 τοὺς
832 2414 1104 2481 πονηροὺς
1154 2413 1389 2484 διῖστησι
1432 2418 1539 2468 τῶν
1586 2417 1858 2485 χρηστῶν.

290 2500 405 2550 Καὶ
431 2499 576 2551 οὕτω
612 2501 784 2564 διττὸς
816 2506 843 2555 ό
868 2505 977 2556 τῶν
1004 2505 1307 2574 ἀνθρώπων
1337 2510 1547 2575 γίνεται
1583 2510 1719 2578 βίος,
1756 2511 1862 2561 τῶν

294 2593 397 2658 μὲν
424 2595 683 2661 πονηρῶν
707 2598 952 2665 αίσχροῖς
985 2602 1080 2652 καὶ
1115 2600 1385 2667 ματαίοις,
1423 2603 1532 2655 τῶν
1564 2604 1619 2656 δὲ
1645 2605 1863 2669 ἀγαθῶν

290 2686 602 2753 χαιρόντων
627 2693 739 2752 τοῖς
775 2692 1021 2756 ἀγαθοῖς,
1056 2694 1150 2745 καὶ
1189 2695 1299 2747 τῶν
1335 2698 1434 2763 μὲν
1476 2700 1586 2759 τοῖς
1619 2698 1865 2750 δοκοῦσιν

291 2778 513 2844 ἀηδέσι,
538 2781 645 2832 τῶν
675 2782 729 2833 δὲ
762 2786 873 2845 τοῖς
909 2785 983 2844 ὡς
1025 2786 1238 2855 ἀληθῶς
1282 2790 1469 2849 κακοῖς
1512 2788 1826 2857 ἀχθομένων
1849 2804 1861 2817 ⁸

296 2872 392 2921 καὶ
438 2872 501 2921 οὐ
557 2874 791 2941 πονηρία
843 2877 934 2926 καὶ
990 2878 1299 2945 χρηστότης
1358 2880 1539 2946 μόνον,
1582 2881 1715 2932 ἀλλὰ
1775 2880 1867 2933 καὶ

297 2957 557 3026 ῥᾳστώνη
592 2959 709 3025 βίου
746 2965 838 3014 καὶ
872 2964 1129 3015 δυσκολία
1157 2968 1247 3016 καί
1278 2966 1335 3017 τὸ
1376 2967 1660 3036 δυστυχεῖν
1690 2970 1783 3020 καὶ
1810 2971 1869 3021 τὸ

294 3051 563 3115 πράττειν
594 3046 653 3102 εὖ
685 3052 793 3102 ἀπὸ
835 3054 1042 3105 τούτων
1084 3056 1353 3123 κρίνεται.
1389 3053 1483 3120 Οἷς
1515 3060 1693 3112 τοίνυν
1744 3064 1871 3132 περὶ

294 3140 444 3208 ζωῆς
472 3143 755 3211 μακαρίας
795 3147 822 3197 ό
868 3143 1044 3213 λόγος,
1075 3149 1191 3211 πῶς
1223 3150 1322 3202 οὐκ
1362 3152 1635 3218 ἀναγκαία
1668 3153 1872 3206 τούτων

1966 676 2159 731 dienda
2215 688 2501 746 pracepta,
2540 679 2634 747 qui
2684 690 2859 747 potest
2885 680 2937 733 in
2970 680 3213 733 futurum
3262 694 3526 732 coronare

1968 770 2046 823 vel
2077 771 2298 838 punire;
2336 770 2439 826 hoc
2470 772 2612 824 enim
2654 772 2819 825 Deum
2861 775 3035 841 ipsum
3076 773 3127 825 iu
3164 773 3321 825 nobis
3367 773 3523 825 inlra-

1968 860 2140 915 hilare
2192 860 2341 916 facit.
2377 882 2394 913 ι
2436 862 2536 928 Qui
2593 863 2761 923 enim.
2795 865 2990 930 inquit,
3020 865 3196 932 diligit
3232 882 3338 925 mc,
3393 881 3528 932 pra--

1965 960 2117 1019 eepta
2166 966 2282 1004 mea
2311 952 2571 1013 servabit,
2613 961 2666 1006 et
2696 951 2854 1006 Pa‘ler
2897 968 3047 1007 meus
3079 954 3267 1019 diliget
3294 970 3441 1013 cum,
3475 962 3527 1004 ct

1967 1044 2282 1107 veniemus,
2318 1056 2374 1097 et
2406 1046 2740 1099 mansionem
2791 1047 2932 1114 apud
2966 1047 3145 1114 ipsum
3177 1047 3454 1099 facienius.
3503 1066 3520 1096 ›

1968 1136 2088 1190 Haec
2113 1147 2292 1189 autem
2324 1137 2634 1191 observatio
2667 1137 2865 1207 legum,
2889 1138 2952 1191 ad
2996 1138 3326 1191 volutitatem
3372 1154 3527 1206 pror-

1966 1242 2060 1281 sus
2082 1229 2294 1279 attinet.
2318 1228 2524 1281 Etenim
2544 1229 2762 1295 pmmia
2785 1238 2983 1297 pra‘sto
3009 1240 3135 1283 sunt
3166 1230 3525 1295 legislatorcm

1966 1318 2364 1383 venerantibus,
2389 1320 2844 1388 quemadmodum
2879 1336 3047 1388 pmnte
3071 1320 3491 1387 despicientibus
3514 1336 3526 1375 :

1965 1418 2019 1461 et
2043 1409 2143 1461 hoc
2169 1410 2531 1463 voluntarium
2561 1421 2660 1463 est.
2700 1409 2813 1463 Hoc
2846 1411 2987 1464 enim
3013 1421 3094 1464 est
3127 1413 3346 1475 animae,
3384 1412 3525 1478 quod

1966 1495 2305 1565 disciplinam
2356 1498 2554 1566 ubique
2582 1499 2811 1565 recipit;
2836 1509 2887 1551 et
2912 1500 3124 1552 illorum
3160 1516 3278 1567 qum
3305 1514 3530 1567 prorsus

1964 1586 2131 1642 invite
2155 1598 2409 1657 aguntur,
2442 1605 2601 1643 nemo
2626 1605 2879 1644 coronam
2915 1606 3013 1643 nec
3044 1606 3257 1659 poenam
3293 1591 3532 1643 invenire

1964 1684 2157 1750 possit.
2211 1681 2396 1751 Itaque
2451 1684 2495 1735 si
2535 1684 2867 1737 voluntatem
2920 1684 3039 1750 ejus
3090 1684 3182 1749 qui
3227 1682 3527 1736 secundum

1970 1774 2135 1827 Deum
2156 1773 2307 1837 vivit,
2328 1773 2775 1841 expanderimus,
2804 1774 2857 1826 in
2882 1773 2981 1825 hac
3005 1772 3272 1825 lucentem
3290 1770 3529 1823 invenie-

1966 1882 2087 1920 mus
2108 1868 2319 1920 beatam
2340 1866 2505 1918 vitam
2529 1882 2543 1928 ;
2564 1874 2621 1918 ut
2646 1876 2825 1918 autem
2843 1880 3063 1918 omnem
3084 1864 3231 1917 illius
3249 1862 3531 1915 videamus

1962 1960 2279 2028 potentiam,
2320 1958 2457 2012 hanc
2484 1961 2535 2011 in
2570 1961 2681 2027 ipsa
2703 1958 3107 2026 speculahimur
3126 1955 3529 2023 exsuperantia,

1959 2051 2417 2123 quemadmodum
2440 2050 2686 2117 corporis
2716 2050 2857 2101 vires
2881 2049 3258 2115 injuventute.
3288 2044 3531 2113 Exsupe-

1962 2145 2133 2199 rantia
2159 2152 2341 2197 autem
2378 2142 2680 2196 voluntatis
2698 2151 2782 2195 est
2807 2142 3059 2209 voluptas
3091 2150 3143 2193 et
3178 2141 3377 2201 luctus,
3403 2140 3532 2193 hinc

1960 2235 2174 2303 quidem
2194 2233 2555 2303 quodcunque
2570 2232 3166 2300 Imtanteraccipientis,
3192 2230 3337 2283 illinc
3357 2239 3530 2282 autem

1965 2328 2290 2395 repellentis.
2320 2324 2471 2380 Unde
2528 2327 2689 2378 homo
2722 2325 2851 2392 quid
2895 2326 2964 2378 sit
3028 2324 3080 2377 in
3144 2324 3225 2377 his
3277 2331 3533 2391 apparet;

1965 2421 2077 2473 haec
2114 2418 2549 2485 uniuscujusque
2608 2432 2789 2471 mores
2821 2418 3139 2480 ostendunt,
3175 2432 3234 2470 ac
3276 2431 3473 2485 pravos
3506 2432 3532 2469 a

1964 2507 2118 2561 honis
2176 2516 2489 2560 secernunt.
2529 2505 2592 2557 Et
2644 2509 2715 2559 ita
2748 2506 2942 2574 duplex
2975 2508 3031 2559 tit
3068 2508 3349 2560 hominum
3400 2506 3534 2566 vita,

1966 2613 2257 2664 pravorum
2291 2598 2506 2665 quidem
2545 2598 2633 2664 qui
2669 2598 2733 2651 de
2768 2598 3018 2663 turpibus
3053 2600 3311 2664 vanisque
3348 2599 3533 2649 laetan-

1967 2697 2072 2750 tur,
2104 2689 2370 2741 bonorum
2406 2698 2586 2741 autem
2629 2688 2721 2757 qui
2748 2688 2903 2742 bonis
2936 2691 3310 2756 congaudent;
3345 2704 3536 2742 rursus

1969 2780 2183 2833 illorum
2219 2780 2312 2848 qui
2338 2780 2405 2833 de
2435 2779 2599 2833 rebus
2629 2796 2724 2848 per
2750 2784 2986 2849 speciem
3014 2781 3217 2835 odiosis
3251 2782 3451 2848 lugent,
3486 2790 3537 2833 et

1968 2872 2195 2926 istorum
2246 2873 2338 2940 qui
2372 2872 2438 2925 de
2483 2874 2645 2925 rebus
2673 2887 2799 2925 vere
2832 2873 2989 2925 malis
3027 2874 3434 2926 contristantur.
3477 2871 3539 2924 Et

1968 2975 2079 3012 non
2109 2960 2287 3013 solum
2334 2961 2661 3028 perversitas
2691 2970 2744 3014 et
2769 2962 3009 3025 bonitas,
3056 2964 3148 3015 sed
3182 2975 3233 3015 et
3267 2962 3391 3014 vita:
3422 2963 3541 3014 dul-«

1971 3052 2105 3106 cedo
2137 3054 2571 3123 morositasque,
2614 3054 2897 3108 calamitas
2930 3069 2992 3107 ac
3030 3057 3362 3123 prosperitas
3398 3066 3542 3107 rcclt:

1971 3160 2038 3201 ex
2090 3145 2176 3201 his
2207 3145 2545 3214 iudicantur.
2581 3145 2793 3211 Quibus
2843 3162 2972 3213 ergo
3014 3148 3079 3198 de
3112 3149 3216 3199 vita
3264 3148 3414 3199 bcata
3459 3158 3541 3200 est

290 3234 325 3299 ἡ
358 3231 584 3299 θεωρία,
625 3236 753 3303 παρ’
776 3232 858 3295 οἷς
886 3240 976 3288 καὶ
1007 3239 1067 3290 τὸ
1096 3241 1193 3307 τῆς
1224 3240 1365 3310 ζωῆς
1398 3240 1536 3304 εἶδος
1562 3246 1747 3308 ἁπλῶς
1779 3250 1869 3300 καὶ
1897 3247 1940 3303 C

1857 3252 1869 3300 ι
1897 3247 1940 3303 c
1974 3252 2175 3303 sermo,
2202 3240 2480 3307 quomodo
2510 3240 2818 3293 necessaria
2848 3254 2953 3291 non
2978 3248 3123 3291 esset
3160 3240 3385 3292 istorum
3414 3243 3540 3304 ειηιέ

294 3326 399 3391 τὴν
460 3325 815 3393 εὐδαιμονίαν
867 3328 984 3379 ἔστι
1024 3332 1251 3398 μαθεῖνι
1296 3334 1450 3387 Ἐπεὶ
1495 3335 1550 3386 δὲ
1608 3338 1797 3405 ἡδονῆς
1839 3342 1871 3408 ἡ

292 3416 443 3483 λύπη
470 3417 736 3485 προτέρα,
762 3420 995 3473 καθόσον
1023 3423 1233 3475 ἐκείνου
1259 3425 1416 3477 τοῦτο
1449 3428 1681 3497 καρπὸς,
1713 3447 1729 3478 ι
1764 3429 1874 3480 Πα-

294 3507 739 3575 ρακληθήσονται
791 3512 921 3579 γὰρ,
975 3518 1161 3580 φησὶν,
1204 3517 1614 3581 οἱπενθοῦντες,
1668 3538 1684 3569 ι
1731 3521 1876 3584 εἰκός

292 3601 417 3649 ἐστι
453 3600 546 3649 καὶ
580 3601 671 3651 τὸν
705 3602 835 3669 περὶ
865 3603 1067 3672 ταύτης
1103 3608 1262 3673 λόγον
1293 3609 1628 3676 ἡγήσασθαι.
1665 3614 1874 3677 ’Λλλως

288 3708 354 3741 τε
391 3692 454 3743 τὸ
482 3692 581 3759 μὲν
610 3689 690 3755 οἷς
718 3696 993 3765 προσῆκόν
1020 3700 1165 3749 ἐστιν
1193 3700 1484 3767 ἄχθεσθαι,
1508 3704 1732 3771 φεύγειν
1757 3707 1875 3758 ἐστὶ

288 3786 356 3836 τὸ
393 3786 588 3848 κακὸν,
618 3785 678 3838 τό
716 3804 779 3854 γε
823 3788 927 3855 μὴν
970 3789 1182 3857 χαίρειν
1218 3792 1477 3862 δεύτερον
1510 3799 1536 3848 ό
1573 3797 1706 3865 πρὸς
1734 3798 1871 3864 ἁγα-

291 3876 389 3927 θόν
428 3877 544 3926 ἐστι
578 3876 799 3943 δρόμος,
833 3880 1009 3929 ἐκεῖνο
1034 3878 1092 3930 δὲ
1129 3883 1321 3932 τούτου
1354 3885 1420 3952 τῇ
1457 3885 1665 3953 προξδῳ
1696 3886 1875 3938 δεύτε-

293 3986 413 4038 ρον,
455 3987 471 4017 ι
511 3968 801 4021 Ἐκκλινον
825 3970 954 4038 γὰρ,
981 3974 1165 4041 φησιν,
1197 3974 1305 4025 ἀπὸ
1329 3975 1499 4027 κακοῦ
1524 3980 1619 4029 καὶ
1651 3978 1876 4046 ποίησον

289 4061 529 4127 ἀγαθόν.
574 4080 593 4113 ι
627 4062 858 4131 Εἴρηται
896 4063 996 4131 μὲν
1034 4061 1127 4117 οὖν
1161 4066 1264 4117 κάν
1296 4069 1409 4126 τοῖς
1452 4068 1759 4137 ἔμπροσθεν
1791 4070 1875 4122 λό’

288 4168 414 4218 γοις
447 4152 576 4221 περὶ
616 4156 716 4222 τῆς
778 4156 919 4206 κατὰ
968 4154 1102 4206 Θεὸν
1149 4154 1352 4222 λύπης,
1389 4151 1462 4210 ὧν
1516 4162 1790 4226 ὑπόθεσις,
1839 4164 1874 4217 δι

285 4241 677 4311 λογιζομένοις
730 4245 807 4297 ενι
863 4248 1104 4310 πενθεῖν,
1149 4248 1283 4301 ἀλλὰ
1323 4250 1567 4302 ἐπ’ἇλλα
1620 4252 1872 4319 βλέπουσι

287 4342 388 4388 καὶ
418 4337 507 4388 διὰ
538 4335 698 4389 τοῦτο
732 4340 869 4406 πρὸς
911 4339 1077 4403 ἆπαν,
1107 4340 1134 4391 ὃ
1168 4343 1438 4408 προσήκει
1474 4342 1549 4411 τῷ
1582 4345 1768 4406 πάθει,
1799 4347 1874 4413 μὴ

284 4430 590 4495 δυνηθεῖσι.
634 4430 745 4481 Νύν
796 4431 854 4482 δὲ
903 4431 1177 4500 θεωρῆσαι
1209 4433 1310 4495 δεῖ,
1365 4436 1497 4497 Θεὸς
1537 4437 1593 4487 δὲ
1630 4436 1752 4504 ἄγοι
1785 4439 1875 4489 τῖρν

286 4519 475 4585 λόγον,
501 4522 555 4571 τί
587 4522 646 4571 τέ
676 4523 827 4572 ἐστιν
865 4522 893 4573 ὅ
928 4522 1166 4590 λυπήσει
1194 4525 1285 4575 τὸν
1314 4529 1602 4578 σπουδαῖον
1631 4531 1724 4579 καὶ
1753 4528 1871 4579 τίνα

284 4610 517 4678 τρόπον,
558 4612 652 4662 καὶ
676 4612 844 4664 τᾶλλα
869 4613 1164 4681 δήπουθεν,
1202 4617 1259 4665 ἐν
1287 4608 1366 4676 οἷς
1414 4615 1509 4683 τῆς
1550 4617 1872 4684 ἐπαινουμέ-

283 4720 387 4772 νης
416 4703 597 4773 λύπης
624 4705 760 4773 πρὸς
786 4705 885 4774 τὴν
924 4708 1164 4776 πονηρὰν
1189 4709 1233 4786 ⁵ἡ
1265 4707 1520 4775 διαφορά.

363 4888 494 4941 ὐτι
547 4888 644 4955 μὲν
677 4883 771 4940 οὖν
801 4884 880 4949 οἷς
921 4889 1001 4938 δεῖ
1030 4890 1121 4940 καὶ
1160 4890 1274 4952 πῶς
1325 4891 1405 4942 δεῖ
1453 4891 1747 4947 ἀκόλουθον
1783 4894 1874 4947 τὸν

282 4982 344 5032 ἐν
389 4979 513 5046 Θεῷ
543 4979 721 5041 ζῶντα
753 4979 1067 5044 λυπεῖσθαι,
1101 4982 1267 5035 πᾶσιν
1294 4983 1407 5033 ἐστι
1444 4984 1710 5050 φανερόν·
1758 4984 1875 5037 τίνα

277 5072 339 5121 δὲ
372 5072 440 5120 τὰ
485 5070 701 5131 δέοντα,
730 5070 824 5121 καὶ
852 5071 933 5130 τίς
964 5072 993 5120 ό
1018 5071 1218 5139 τρόπος
1245 5073 1270 5122 ό
1304 5076 1598 5142 προσήκων
1637 5074 1730 5126 καὶ
1767 5076 1873 5125 τῶν

279 5158 553 5212 τοιούτων
586 5160 646 5210 ού
682 5160 815 5211 πᾶσι
866 5161 1043 5227 δήλων
1100 5162 1549 5230 καθεσταμένων,
1594 5166 1625 5233 ἡ
1680 5166 1872 5232 σκέψις

277 5251 345 5301 οὗ
383 5250 566 5317 μάτην
598 5252 796 5314 γένοιτ’
848 5250 914 5303 ἂν
949 5254 1079 5321 ἡμῖν
1120 5255 1219 5322 ὅση
1281 5255 1504 5325 δυνατή.
1543 5258 1607 5307 'H
1654 5259 1751 5324 μὲν
1783 5258 1873 5309 οὖν

277 5340 434 5409 λύπη
458 5342 553 5392 τοῦ
577 5342 1103 5412 μίσουςὲξήρτηται,
1132 5347 1191 5396 τὸ
1217 5346 1271 5397 δὲ
1298 5351 1451 5414 μῖσος
1469 5349 1560 5399 τοῦ
1594 5350 1749 5415 λόγου
1777 5353 1870 5413 τῆς

278 5435 586 5502 πονηρίας.
623 5435 732 5486 Καὶ
777 5436 886 5503 γὰρ
914 5436 1378 5504 ἀποστρεφόμεθα
1417 5441 1512 5507 μὲν
1548 5441 1575 5491 ὃ
1606 5441 1872 5509 δοκοῦμεν

278 5523 432 5577 εἶναι
490 5524 748 5592 πονηρὸν,
784 5520 864 5587 οἷς
910 5528 967 5578 δέ
1017 5545 1097 5588 τις
1132 5528 1339 5597 ἐχθρῶς
1368 5530 1482 5597 ἔχει
1536 5533 1627 5582 καὶ
1676 5532 1807 5600 πρὸς
1838 5533 1872 5583 ἂ

273 5618 665 5685 δυσχεραίνει,
699 5618 913 5679 τούτοις
951 5621 1170 5673 ἀνιᾶται
1217 5620 1483 5690 παροῦσιν
1515 5638 1525 5651 ·
1556 5624 1678 5675 ὅθεν
1706 5627 1731 5675 ό
1766 5622 1872 5685 ζὼν

274 5710 467 5781 ὀρθῶς
506 5710 597 5761 11l-
642 5712 740 5778 τῆς
791 5711 1057 5780 ἀληθινῆς
1109 5713 1428 5780 φιλοσοφίας
1474 5715 1875 5783 ἐπειλημμένος

273 5802 395 5855 οἶδε
441 5803 546 5871 μὲν
578 5803 817 5871 πρῶτον,
850 5804 989 5872 ὅπερ
1028 5806 1144 5857 ἐστὶ
1188 5806 1357 5856 κακὸν
1392 5806 1626 5873 ἀληθῶς,
1662 5804 1767 5858 οἵδε
1819 5807 1874 5858 δὲ

274 5898 306 5949 δ
341 5896 455 5968 Χρὴ
488 5898 692 5966 (“ubi
727 5898 947 5950 ἀνιᾶται
978 5898 1033 5950 δὲ
1056 5891 1137 5964 οἷς
1170 5897 1431 5967 ἄχθεσθαι
1464 5901 1557 5954 δεῖ.
1589 5900 1685 5952 Διὰ
1717 5900 1870 5953 τοῦτο

1977 3329 2197 3393 culatio,
2224 3344 2251 3381 a
2277 3329 2477 3398 quibus
2499 3338 2552 3382 et
2590 3330 2710 3383 vitae
2745 3330 3047 3396 simplicem
3083 3329 3306 3381 formam
3340 3341 3391 3381 ι·ι
3430 3330 3543 3381 Μῖ-

1976 3419 2191 3473 citatem
2245 3420 2456 3473 discere
2488 3422 2673 3473 datum
2698 3422 2810 3473 est!
2842 3420 3103 3484 Quoniam
3151 3429 3331 3471 autem
3394 3421 3543 3472 volu—

1979 3520 2122 3578 ptate
2173 3512 2320 3579 prior
2378 3522 2459 3565 est
2495 3513 2675 3566 luctus
2715 3514 2765 3565 in
2803 3521 3066 3581 quantum
3124 3512 3282 3580 hujus
3312 3513 3397 3563 illa
3433 3513 3544 3563 frn-

1978 3616 2097 3657 ctus
2125 3612 2227 3666 est,
2266 3622 2282 3654 ι
2315 3604 2752 3658 Consolabuntnr
2790 3606 2959 3666 enim,
3010 3604 3105 3657 ait.
3147 3604 3237 3671 qui
3271 3604 3474 3666 lugent,
3519 3622 3537 3652 ι

1977 3711 2191 3765 a‘quum
2233 3705 2311 3750 est
2359 3696 2422 3750 de
2455 3696 2561 3749 isto
2619 3696 2881 3748 inchoare
2933 3710 3260 3747 sermonem.
3294 3692 3497 3747 Revera
3527 3735 3540 3755 .

1978 3790 2158 3857 lugere
2191 3786 2257 3841 de
2287 3788 2488 3856 quibus
2522 3798 2731 3856 oportet
2763 3796 2845 3841 est
2884 3786 3067 3852 fugere
3101 3788 3327 3849 malli-Ili,
3358 3797 3409 3838 et
3443 3789 3542 3839 itc-

1981 3897 2098 3935 rum
2165 3882 2421 3949 gaudere,
2462 3894 2657 3933 cursus
2700 3879 2764 3932 ad
2807 3879 3007 3931 bonum
3046 3888 3165 3945 cst;
3196 3878 3322 3933 illud
3361 3892 3539 3933 autem

1981 3972 2105 4025 huic
2134 3972 2309 4041 quoad
2340 3983 2547 4039 tempus
2566 3971 2844 4025 succedit:
2873 3993 2891 4025 ι
2919 3972 3136 4027 Declina
3158 3975 3325 4037 cnim,
3346 3975 3543 4043 inquit,

1979 4081 2004 4115 a
2045 4066 2185 4117 malo
2219 4071 2272 4117 et
2314 4062 2400 4117 fac
2442 4063 2669 4117 bonum.
2713 4081 2730 4113 ι
2774 4062 2928 4117 Dicta
2966 4081 3092 4119 vero
3138 4074 3265 4117 sunt
3295 4066 3361 4117 de
3396 4067 3539 4119 luctu

1977 4154 2271 4207 secundum
2342 4152 2507 4207 Deum
2574 4154 2629 4206 in
2694 4155 2969 4221 prioribus
3032 4155 3418 4217 sermonibus,
3479 4171 3542 4208 ea

1978 4260 2205 4314 quorum
2269 4254 2349 4299 est
2417 4246 2715 4314 propositio
2764 4245 2831 4300 de
2898 4247 3099 4315 quibus
3170 4261 3301 4300 sane
3363 4248 3544 4314 lugere

1980 4337 2119 4397 licet,
2169 4336 2261 4389 sed
2314 4334 2379 4389 ad
2430 4335 2534 4387 alia
2572 4336 2890 4403 respiciunt,
2924 4346 2975 4389 et
3033 4337 3153 4388 ideo
3191 4352 3354 4389 mune
3398 4338 3543 4405 quod

1979 4427 2215 4490 passioni
2290 4427 2581 4494 competit,
2627 4442 2931 4495 prmcavcre
3011 4440 3308 4496 nequeunt.
3389 4429 3541 4481 Nunc

1980 4528 2155 4571 autem
2212 4517 2500 4571 videndum
2557 4529 2651 4573 est
2694 4518 2805 4573 Deo
2834 4521 3077 4587 auspice,
3118 4520 3248 4586 quid
3284 4520 3371 4579 sit,
3397 4522 3541 4587 quod

1980 4619 2155 4675 pOIest
2217 4610 2543 4663 contristare
2620 4612 2948 4673 studiosum,
3016 4620 3069 4662 ct
3114 4626 3221 4677 quo
3259 4612 3440 4671 modo,
3477 4612 3543 4662 dc

1975 4710 2168 4753 caetero
2200 4702 2252 4754 in
2274 4701 2470 4770 quibus
2492 4702 2694 4755 laudati
2728 4702 2904 4755 luctus
2926 4717 2955 4754 a
2983 4717 3239 4774 perverso
3264 4710 3369 4754 stct
3394 4702 3542 4755 dilic-

1977 4794 2172 4846 rentia.

2044 4885 2201 4949 Quod
2237 4885 2455 4953 quidem
2486 4884 2627 4937 fideli
2672 4884 2725 4937 in
2783 4884 2889 4937 Deo
2946 4884 3169 4947 viventi,
3228 4885 3295 4939 de
3344 4886 3543 4954 quibus

1973 4984 2260 5045 oportetet
2289 4976 2562 5044 quomodo
2598 4985 2827 5042 oportet,
2873 4975 2945 5029 sit
2999 4976 3289 5046 lugendum
3313 5016 3328 5041 ,
3363 4979 3541 5028 omni-

1975 5071 2075 5121 bus
2117 5068 2461 5121 manii‘cstum
2508 5080 2591 5122 est
2626 5085 2640 5132 ;
2676 5083 2923 5137 quamam
2964 5076 3144 5120 autem
3183 5069 3293 5120 sint
3334 5084 3540 5121 conve-

1977 5162 2177 5213 nientia
2233 5171 2288 5213 et
2340 5160 2463 5227 quis
2504 5160 2700 5213 modus
2770 5159 3121 5221 conveniens,
3172 5159 3413 5228 quidque
3473 5160 3542 5212 sit

1968 5252 2331 5320 judicandum
2359 5252 2425 5305 de
2457 5252 2576 5305 aliis
2606 5252 2877 5305 similibus
2929 5268 3034 5304 non
3070 5250 3312 5317 profecto
3346 5268 3395 5301 III
3429 5252 3542 5303 lucc

1972 5345 2188 5411 positis,
2224 5358 2329 5395 non
2366 5343 2566 5396 lrustra
2599 5343 2756 5396 nobis
2816 5358 2910 5411 pro
2966 5342 3224 5395 facultate
3257 5344 3539 5407 speculan-

1972 5436 2100 5488 dum
2160 5436 2323 5487 venit.
2356 5432 2560 5486 Luctus
2613 5433 2778 5501 igitur
2829 5436 2896 5485 ab
2933 5434 3058 5485 odio
3113 5432 3322 5499 pendet,
3356 5434 3537 5483 odium

1972 5534 2148 5578 autem
2196 5540 2226 5578 a
2278 5526 2508 5578 rationis
2573 5524 2795 5575 malilia.
2866 5524 3073 5575 Etenim
3131 5524 3343 5575 odimus
3395 5523 3538 5588 quod

1976 5618 2131 5671 nobis
2164 5618 2366 5670 malum
2400 5632 2519 5670 esse
2546 5616 2795 5680 videtur;
2826 5631 2944 5684 qua:
2977 5624 3156 5667 autem
3185 5615 3383 5680 aliquis
3414 5614 3539 5665 odio

1973 5713 2154 5773 habet,
2182 5721 2235 5765 et
2259 5712 2457 5781 quibus
2482 5710 2838 5777 praisentibus
2868 5709 3254 5761 contristatur:
3291 5708 3413 5759 hinc
3446 5709 3535 5772 qui

1975 5817 2117 5859 recte
2151 5806 2278 5857 vivit
2308 5815 2361 5857 et
2398 5818 2534 5856 verae
2568 5798 2923 5870 philosophitc
2968 5802 3214 5854 addictus
3253 5808 3354 5863 est,
3392 5800 3539 5851 novit

1980 5900 2153 5969 primo
2186 5898 2313 5967 quid
2371 5912 2493 5954 vere
2544 5898 2611 5949 sit
2661 5897 2883 5963 malum,
2931 5895 3079 5951 novit
3134 5894 3356 5964 insuper
3403 5891 3534 5959 quid
