4262 6460
753 427 851 490 691

2014 428 2319 488 NICOLAI
2355 430 2744 493 CABASILE

3878 443 3988 505 692

749 540 926 595 odisse
964 550 1231 608 oporteat,
1259 550 1315 594 et
1339 541 1404 594 de
1430 540 1630 608 quibus
1663 539 1842 608 lugere
1889 539 2062 600 decet,
2115 540 2322 592 contri-
2352 549 2394 602 Α
2427 575 2432 593 ς

2312 570 2322 579 -
2352 549 2394 602 Α
2427 545 2701 615 ζητῶμεν,
2737 547 2790 599 τί
2817 547 2876 600 τὸ
2901 549 2977 610 ὡς
3000 547 3215 618 ἀληθῶς
3244 547 3518 621 ἀνθρώπῳ
3546 551 3739 606 κακόν.
3775 555 3995 608 Πολλῶν

749 638 946 682 statur.
978 628 1182 683 Idcirco
1208 644 1536 698 quaeramus,
1567 629 1696 698 quid
1736 628 1937 681 homini
1960 644 2082 683 vere
2118 631 2318 682 malum

748 721 839 774 sit.
873 720 1039 773 Multa
1097 737 1256 789 porro
1281 735 1406 773 eum
1449 721 1556 774 sint
1587 735 1650 774 ac
1676 721 1912 782 diversa,
1949 734 2068 789 qua
2095 719 2202 773 isto
2232 735 2324 773 vo-

748 819 942 863 cantur
993 812 1254 877 nomine;
1286 811 1388 863 alia
1420 811 1640 879 quidem
1691 809 1905 863 cunctis
1960 809 2324 863 communiter

747 903 1084 964 hominibus.
1107 905 1209 956 alia
1244 917 1370 955 vero
1395 901 1721 972 quibusdam
1750 900 2118 963 incommoda,
2143 900 2323 967 gravis

746 1007 828 1050 est
854 997 1046 1049 anima:
1079 995 1280 1048 malitia
1308 1005 1362 1050 et
1396 993 1591 1047 mentis
1619 995 1862 1047 morbus.
1903 991 2109 1045 Etenim
2149 1002 2322 1045 astro-

749 1101 867 1140 ium
933 1083 1216 1148 deiectus,
1267 1093 1568 1152 temporum
1649 1081 2034 1146 confusiones,
2081 1081 2319 1135 locorum

747 1177 1084 1239 sterilitates.
1132 1187 1288 1230 terra;
1309 1175 1626 1239 divisiones,
1650 1182 1806 1228 terra:
1839 1181 2018 1227 motus
2045 1186 2109 1226 ac
2129 1170 2318 1240 pestis,

749 1281 962 1338 egestas
999 1278 1054 1323 et
1079 1270 1321 1330 morbus,
1353 1268 1574 1337 injuria,
1620 1281 1809 1321 carcer
1869 1275 1924 1320 et
1989 1265 2314 1328 verbera,et

750 1361 943 1414 horum
979 1358 1403 1428 unumquodque
1451 1365 1626 1427 potest
1661 1357 1713 1410 in
1745 1357 1924 1425 seipse
1941 1357 2160 1426 quidem
2192 1369 2313 1410 esse

745 1452 974 1515 malum,
1036 1450 1240 1503 homini
1299 1463 1425 1502 vero
1485 1447 1708 1501 minime
1766 1447 1968 1499 malum
2030 1454 2135 1500 est.
2192 1445 2318 1501 Haec

744 1555 982 1609 namque
1015 1539 1232 1609 quidem
1270 1538 1508 1592 exterius
1552 1546 1770 1600 vexant,
1798 1551 1900 1591 nec
1951 1537 2091 1590 ultra
2123 1550 2324 1606 corpus

743 1642 797 1686 et
827 1633 1201 1701 possessiones
1251 1630 1622 1683 extenduntur
1660 1647 1676 1684 :
1729 1631 1890 1682 homo
1936 1643 2063 1681 vero
2096 1642 2203 1683 non
2237 1639 2325 1682 est

745 1742 966 1793 corpus,
1001 1734 1082 1788 ut,
1117 1724 1221 1779 hoc
1270 1724 1578 1788 laborante,
1629 1723 1744 1791 ipse
1778 1730 2023 1791 aegrotet,
2077 1736 2252 1788 neque
2293 1733 2322 1772 a

746 1819 951 1873 fortiori
1005 1817 1146 1884 illis,
1176 1831 1297 1887 quae
1335 1815 1550 1884 corpori
1597 1813 1904 1869 necessaria
1937 1811 2325 1887 suppeditant,

2426 637 2604 690 τοίνυν
2638 639 2731 691 καὶ
2786 637 3146 693 παντοδαπῶν
3184 642 3376 702 όντων,
3421 643 3456 696 δ
3497 643 3736 713 τοῦνομα
3777 644 3996 715 δέχεται

2423 728 2604 795 τοῦτο,
2637 732 2732 783 καὶ
2763 731 2873 784 τῶν
2920 733 3020 799 μὶν
3049 732 3360 802 ἀνθρώποις
3408 736 3466 787 ἐν
3494 735 3662 804 κοινῷ
3693 739 3850 801 πᾶσι,
3882 739 3994 791 τῶν

2423 823 2468 874 δ’
2500 823 2665 885 ἐνίοις
2698 823 2865 876 ὄντων
2920 825 3218 896 δυσχερῶν,
3260 826 3413 880 οὐδὲν
3442 825 3555 881 οἷον
3600 831 3633 898 ἠ
3664 829 3763 899 τῆς
3812 830 3994 900 ψυχῆς

2425 917 2658 984 πονηρία
2693 919 2787 970 καὶ
2836 917 2896 970 τὸ
2939 918 3039 989 τὴν
3096 918 3321 988 γνώμην
3359 923 3557 972 νοσεῖν.
3597 921 3708 973 Καὶ
3749 922 3857 991 γὰρ
3899 924 3995 974 καὶ

2423 1008 2639 1077 ἄστρων
2678 1010 2878 1079 φθοραὶ
2906 1009 3002 1061 καλ⁵
3029 1009 3189 1079 ώρῶν
3224 1010 3438 1075 ἀταξίαι
3483 1012 3578 1064 καὶ
3620 1013 3814 1081 χωρῶν
3856 1015 3993 1079 ἀφο-

2425 1101 2539 1170 ρίαι
2568 1101 2661 1152 καὶ
2691 1101 2792 1170 γῆς
2815 1101 3128 1166 διαστάσεις
3166 1106 3261 1156 καὶ
3291 1106 3510 1171 σεισμοὶ
3544 1103 3639 1155 καὶ
3665 1104 3868 1172 λοιμοὶ,
3897 1107 3993 1156 καὶ

2425 1188 2580 1253 αὖθις
2602 1193 2764 1246 πενία
2797 1195 2891 1247 καὶ
2923 1199 3096 1257 νόσος,
3141 1193 3236 1246 καὶ
3268 1192 3428 1263 ὕϐρις
3480 1194 3571 1246 καὶ
3609 1194 3991 1263 δεσμωτήριον

2423 1283 2520 1334 καὶ
2551 1283 2777 1351 πληγαὶ,
2805 1285 3030 1337 καὶτῶν
3069 1287 3327 1337 τοιούτοιν
3350 1284 3582 1336 ἕκαστον
3610 1284 3744 1337 αὐτὸ
3785 1284 3885 1353 μὲν
3927 1286 3993 1336 ἂν

2425 1373 2513 1442 εἴη
2538 1377 2728 1437 κακὸν,
2755 1376 3032 1445 ἀνθρώπῳ
3072 1377 3125 1428 δὲ
3159 1376 3329 1429 κακὸν
3362 1376 3636 1445 οὐδαμῶς.
3665 1376 3852 1430 Ταῦτα
3889 1377 3994 1443 μὲν

2425 1467 2532 1535 γὰρ
2560 1468 2670 1527 τοῖς
2709 1467 2811 1531 ἔξω
2840 1467 3184 1537 λυμαίνεται,
3231 1469 3326 1521 καὶ
3359 1467 3610 1536 σώματος
3644 1468 3738 1520 καὶ
3770 1469 3992 1536 κτημά-

2423 1574 2531 1610 των
2559 1557 2711 1610 οὺδὲν
2743 1561 3056 1629 περαιτέρω
3085 1563 3257 1629 χωρεῖ
3278 1575 3293 1589 ο
3322 1562 3350 1613 δ
3380 1559 3435 1612 δὲ
3462 1560 3750 1630 ἄνθρωπος
3779 1560 3901 1613 οὔτε
3928 1562 3994 1612 τὸ

2429 1647 2589 1714 σῶμά
2616 1651 2784 1710 ἐστιν,
2824 1649 2911 1701 ἵνα
2943 1649 3224 1711 νοσοῦντος
3251 1647 3408 1707 αὐτὸς
3451 1652 3608 1719 νοσῇ,
3641 1649 3763 1702 οὔτε
3806 1651 3992 1718 πολλῷ

2429 1738 2628 1806 μᾶλλον
2654 1738 2763 1790 τῶν
2790 1737 2825 1792 ἀ
2854 1739 2937 1791 δεῖ
2967 1739 3043 1807 τῷ
3083 1737 3294 1807 σώματι
3321 1739 3725 1808 χορηγούντων,
3750 1733 3824 1792 ὧν
3848 1742 3994 1810 ἀφῃ-

2433 1831 2687 1901 ρημένων
2735 1833 2815 1893 εἰς
2867 1829 3035 1898 αὐτὴν
3084 1828 3386 1899 βεϐλάφθαι
3442 1831 3542 1899 τὴν
3590 1831 3993 1900 ἀνθρωπότητα

742 1911 956 1975 ablatis,
977 1913 1028 1962 in
1064 1908 1400 1964 humanitate
1423 1922 1518 1961 sua
1545 1906 1660 1959 laedi
1696 1905 1912 1974 poterit.
1935 1903 2074 1969 Quin
2096 1903 2206 1957 imo
2227 1876 2326 1960 nec
2357 1876 2400 1932 Β

2307 1919 2326 1960 θ
2357 1876 2400 1932 Β
2426 1876 2626 1990 ἕεῆῖει.
2661 1920 2762 1974 Καὶ
2789 1876 2906 1990 μὴν
2932 1876 3044 1972 οὐδ’
3070 1876 3125 1972 ἀί
3171 1876 3285 1973 tib;
3312 1876 3522 1972 πολλῶν
3563 1876 3732 1989 ψῆφόι

743 2002 1104 2056 multitudinis
1131 1999 1331 2068 judicia
1365 1998 1635 2052 hominem
1666 1998 1949 2066 efﬁngunt,
1986 2004 2046 2050 ut
2084 1995 2325 2050 sitdete—

2306 2024 2325 2036 '
2426 2013 2642 2084 θρωπον
2705 2013 3052 2078 πλάττουσιν,
3110 2008 3325 2084 ὃπωςῇ
3373 2013 3589 2084 χείρων,
3631 2013 3684 2065 εῖ
3713 2031 3796 2073 τις
3856 2013 3989 2082 περὶ

744 2097 873 2159 rior,
900 2095 944 2148 si
969 2094 1089 2163 quis
1119 2093 1185 2148 de
1235 2093 1351 2161 ipso
1389 2092 1568 2146 minus
1599 2093 1733 2145 bene
1784 2090 2005 2159 iudicat.
2029 2087 2236 2143 Etenim
2274 2088 2321 2141 si
2423 2130 2427 2156 η

2306 2088 2321 2141 ί
2423 2104 2587 2159 αὑτοῦ
2619 2107 2686 2158 τά
2734 2106 2902 2175 χείρω
2931 2102 3212 2172 γινώσκει.
3249 2106 3359 2158 Καὶ
3394 2107 3503 2174 γὰρ
3553 2106 3602 2158 εί
3634 2104 3793 2157 τοῦτο
3820 2105 3987 2174 θήσο-

745 2202 1070 2256 poneremus
1119 2186 1286 2248 istud,
1327 2194 1595 2254 oporteret
1641 2193 1695 2237 et
1742 2183 1879 2236 male
1929 2196 2086 2251 agere
2133 2196 2322 2251 quem-
2425 2220 2428 2263 λ

2308 2211 2322 2221 ·
2425 2196 2732 2265 μεν,δεήσει
2766 2197 2859 2248 καὶ
2907 2196 3092 2259 κακῶς
3129 2195 3415 2266 πράττειν,
3447 2198 3540 2250 καὶ⁸
3592 2196 3798 2265 βέλτιον
3839 2196 3991 2265 ἔχειν

741 2282 864 2334 dam
907 2290 960 2334 et
989 2294 1082 2348 per
1121 2293 1179 2334 se
1205 2278 1479 2332 meliorem
1506 2290 1627 2331 esse
1659 2315 1673 2341 ,
1705 2290 1926 2344 pravum
1954 2273 2171 2345 quidem
2197 2288 2319 2328 esse
2421 2304 2424 2337 τ

2307 2288 2319 2328 3
2421 2286 2539 2339 κατ’
2563 2286 2744 2350 αὑτὸν,
2767 2287 2860 2338 καὶ
2879 2286 3115 2356 πονηρὸν
3139 2287 3235 2355 μὲν
3251 2282 3389 2339 εῖναι
3411 2287 3505 2339 καὶ
3522 2288 3779 2356 χρηστὸν,
3803 2287 3990 2339 ἀθλιον

743 2373 906 2428 simul
950 2387 1012 2427 ac
1057 2371 1281 2432 bonum,
1325 2370 1589 2424 miserum
1639 2383 1703 2422 ac
1753 2367 2012 2429 beatum,
2047 2366 2315 2436 siquidem
2418 2379 2426 2428 ε

2308 2383 2315 2419 |
2418 2379 2476 2430 δὲ
2514 2379 2609 2431 καὶ
2650 2380 2923 2448 μακάριον
2967 2377 3060 2431 τὸν
3102 2378 3285 2440 αὐτὸν,
3328 2377 3478 2430 ἔστιν
3523 2378 3610 2445 ἐφ’
3637 2372 3712 2429 ῶν
3751 2379 3858 2429 τῶν
3890 2378 3991 2446 μὲν

745 2467 857 2521 haec
889 2465 1000 2529 alii,
1044 2465 1132 2518 alii
1168 2479 1298 2518 vero
1353 2463 1445 2516 illa
1479 2462 1792 2530 opinantur.
1828 2459 1883 2512 Si
1921 2467 2101 2512 autem
2143 2459 2310 2510 homo
2418 2486 2428 2513 ε

2308 2487 2310 2499 ’
2418 2469 2610 2535 ταῦτα,
2636 2470 2741 2522 τῶν
2781 2471 2825 2523 δ’
2859 2472 3042 2523 ἐκεῖνα
3088 2470 3502 2539 ψηφιζομένων.
3544 2469 3607 2522 Ei
3649 2469 3694 2519 δ’
3729 2469 3876 2520 ἐστιν
3911 2469 3991 2532 ὡς

745 2576 869 2615 vere
921 2559 992 2614 sit
1042 2557 1290 2612 voluntas
1346 2563 1399 2608 et
1439 2555 1602 2617 ratio,
1655 2552 1798 2621 quod
1833 2552 1969 2606 nihil
2003 2551 2150 2603 aliud
2187 2565 2313 2603 cum
2418 2581 2428 2616 ε

2308 2571 2313 2602 ι
2418 2562 2639 2630 ἀληθῶς
2675 2562 2962 2630 ἄνθρωπος
3003 2563 3036 2629 ἡ
3089 2561 3282 2630 γνώμη
3313 2562 3407 2613 καὶ
3445 2559 3504 2613 τὸ
3545 2560 3877 2627 λογίζεσθαι,
3910 2554 3991 2612 ὢν

743 2669 810 2708 eo
844 2651 1228 2714 communicat,
1267 2649 1370 2702 hoc
1411 2647 1629 2716 quidem
1659 2647 1932 2710 virtutem,
1989 2643 2122 2697 illud
2183 2656 2315 2696 vero
2415 2674 2426 2705 η

2307 2659 2315 2691 '
2415 2657 2525 2710 τῶν
2559 2657 2731 2708 ἄλλων
2769 2656 2921 2708 οὐδὲν
2951 2655 3101 2724 αὑτῷ
3136 2656 3408 2720 κοινωνεῖ,
3445 2654 3605 2706 τοῦτο
3649 2655 3746 2722 μὲν
3782 2653 3990 2723 ἀρετὴν

745 2744 1005 2798 malitiam
1054 2741 1298 2796 hominis
1350 2740 1624 2807 respicere
1666 2746 1879 2806 potest;
1913 2745 1966 2789 et
2014 2737 2066 2788 in
2107 2736 2193 2788 bis
2228 2734 2314 2785 in-
2416 2766 2428 2801 ι

2308 2765 2314 2774 ·
2416 2748 2731 2817 ἀνθρώπου,
2774 2748 2934 2800 τοῦτο
2957 2746 3013 2798 δὲ
3049 2747 3248 2798 κακίαν
3278 2745 3505 2797 δύναται
3539 2744 3727 2814 φέρειν
3752 2760 3767 2775 ·
3801 2745 3896 2796 καὶ
3924 2743 3991 2795 τὸ

745 2835 1042 2889 fortuuium
1080 2841 1134 2886 et
1154 2832 1278 2886 boni
1317 2845 1495 2884 mores
1516 2828 1705 2883 eodem
1749 2826 2032 2893 redibunt;
2059 2834 2318 2895 aegrotare
2416 2842 2428 2893 δ

2306 2840 2318 2878 ⁵
2416 2841 2698 2910 δυστυχεῖν
2733 2840 2800 2893 ἀν
2839 2840 2923 2909 εῖη
2965 2838 3106 2891 κατὰ
3145 2837 3319 2890 ταῦτα
3361 2839 3454 2889 καὶ
3488 2837 3549 2888 τὸ
3589 2835 3853 2904 πράττειν
3885 2851 3989 2886 κι-

744 2939 798 2982 et
842 2929 976 2981 bene
1031 2926 1232 2990 valere,
1290 2923 1343 2976 in
1378 2922 1674 2992 gemitibus
1699 2920 1883 2974 vivere
1912 2929 1965 2973 et
2013 2920 2066 2972 in
2102 2918 2316 2972 deliciis
2417 2932 2427 2983 1

2308 2934 2316 2972 ί
2417 2932 2547 2995 λῶς,
2603 2933 2696 2984 καὶ
2727 2932 2786 2983 τὸ
2827 2933 3004 2984 νοσεῖν
3047 2929 3144 2983 καὶ
3185 2932 3244 2982 τὸ
3287 2929 3576 2996 ὑγιαίνειν,
3611 2929 3705 2980 καὶ
3748 2928 3809 2978 τὸ
3863 2929 3991 2978 στέ-

744 3035 884 3081 esse,
916 3017 1062 3088 quod
1108 3017 1161 3070 in
1194 3026 1484 3085 utramque
1535 3023 1739 3082 partem
1765 3013 2011 3065 inclinat.
2046 3011 2313 3075 Quoniam
2419 3043 2427 3061 ς

2306 3027 2313 3063 ¹
2419 3041 2576 3077 νοντα
2605 3024 2704 3094 ζῇν
2752 3025 2845 3075 καὶ⁵
2878 3023 2939 3074 τὸ
2979 3024 3212 3091 τρυφᾷν,
3257 3021 3326 3074 τά
3363 3024 3463 3091 μὲν
3508 3020 3989 3090 παρατραπέντων

746 3121 923 3165 autem
958 3123 1112 3164 error
1143 3107 1368 3162 rationis
1418 3115 1499 3160 cst
1544 3105 1883 3160 mendacium
1914 3104 2318 3172 voluntatisque
2420 3119 2429 3168 ι

2310 3119 2318 3156 ⁵
2420 3117 2664 3179 ἐκείνων,
2710 3116 2779 3168 τὰ
2814 3114 2858 3166 δ’
2895 3115 2954 3166 ὲν
3002 3108 3083 3176 οἷς
3119 3113 3227 3166 ἔδει
3271 3114 3562 3182 μενόντων.
3602 3112 3755 3163 Ἐπεὶ
3789 3110 3847 3162 δὲ
3880 3128 3993 3163 πα-

748 3203 1092 3270 perversitas,
1140 3200 1492 3269 qumreudum
1545 3207 1795 3266 superest
1837 3212 2070 3265 quonam
2117 3196 2318 3249 indicio

754 3294 1044 3348 manifesto
1114 3292 1398 3359 utriusque
1468 3304 1864 3359 cognoscamus
1917 3302 2180 3341 errorem.
2238 3286 2315 3340 Ex

749 3386 933 3440 multis
982 3395 1158 3439 autem
1226 3384 1428 3452 ubique
1497 3381 1736 3434 omnium
1808 3379 2168 3434 rectissimum
2236 3386 2321 3431 est

751 3480 843 3533 Dei
885 3476 1188 3546 judicium;
1228 3475 1429 3529 bonum
1462 3482 1643 3527 autem
1703 3480 1756 3525 et
1805 3485 1994 3524 verum
2033 3479 2137 3532 est,
2173 3469 2317 3536 quod

749 3571 824 3624 illi
879 3569 1077 3636 placet,
1103 3566 1244 3621 istud
1297 3574 1477 3619 autem
1534 3553 1772 3631 pravum
1803 3576 1866 3615 ae
1916 3560 2132 3626 falsum,
2175 3560 2317 3628 quod

748 3663 992 3731 ejusdem
1047 3675 1153 3714 non
1211 3657 1418 3713 obtinet
1468 3653 1823 3721 suﬂragium;
1874 3661 1925 3706 et
1965 3651 2053 3705 illa
2098 3652 2316 3720 quidem

750 3772 870 3825 quae
913 3754 1046 3808 utile
1100 3759 1290 3808 censet
1324 3749 1529 3804 homini
1571 3748 1779 3803 discere
1836 3761 1962 3799 vera
2006 3753 2167 3808 sunt;
2197 3759 2319 3814 quae

749 3865 879 3904 vero
930 3848 1068 3902 velle
1111 3845 1286 3912 jubet,
1333 3850 1474 3897 bona
1509 3848 1670 3905 sunt;
1711 3854 1834 3909 qua:
1866 3848 2047 3891 autem
2093 3837 2177 3891 his
2221 3837 2318 3890 ad-

751 3947 1066 3999 versantur,
1104 3949 1290 3990 errore
1339 3939 1394 3984 et
1453 3929 1696 3999 nequitia
1753 3928 1912 3998 plena
1957 3935 2109 3982 sunt.
2177 3927 2320 3980 Inter

749 4029 930 4083 divina
984 4040 1147 4095 porro
1205 4022 1446 4086 oracula,
1495 4018 1740 4089 quaedam
1806 4033 1898 4088 per
1963 4017 2210 4070 homines
2263 4016 2316 4068 in

751 4134 951 4176 terram
1026 4119 1185 4171 allata
1266 4124 1389 4171 sunt
1420 4152 1434 4177 ,
1487 4113 1714 4167 aliorum
1774 4121 1953 4165 autem
2004 4110 2120 4180 ipse
2173 4107 2315 4162 Deus

751 4215 853 4270 fuit
931 4212 1205 4274 nuntius,
1265 4210 1556 4264 humanam
1633 4205 1853 4260 indutus
1917 4212 2200 4266 naturam,
2264 4211 2320 4256 et

753 4311 914 4361 homo
959 4302 1198 4358 hominis
1253 4301 1437 4371 lingua
1486 4299 1706 4368 pr0pria
1758 4295 2139 4352 convenientia
2169 4307 2319 4348 reve-

749 4401 890 4455 lans.
939 4396 1078 4463 Quid
1137 4404 1320 4450 autem
1375 4392 1565 4447 utilius
1610 4390 1915 4460 praeceptis,
1964 4397 2057 4441 aut
2104 4389 2320 4458 dogma-

750 4491 896 4544 tibus
948 4488 1126 4542 verius
1179 4494 1286 4551 est,
1334 4484 1402 4538 de
1449 4483 1648 4550 quibus
1688 4480 1834 4534 Deus
1886 4481 2001 4549 ipse
2039 4479 2318 4548 Iegislator

2341 3239 2386 3301 Ο
2423 3206 2672 3279 ρατροπὴ
2709 3205 2808 3276 μὲν
2833 3203 3096 3274 λογισμοῦ
3125 3204 3187 3256 τδ
3215 3202 3431 3274 ψεῦδος.
3462 3204 3561 3272 τῆς
3585 3203 3640 3255 δὲ
3669 3203 3898 3272 γνώμης
3925 3205 3993 3256 τὸ

2420 3317 2557 3369 πονη
2569 3299 2682 3367 ρδν,
2709 3298 2893 3364 ζητεῖν
2923 3297 3236 3360 ὑπόλοιπον,
3259 3297 3366 3349 τίνι
3395 3296 3570 3366 τούτῳ
3595 3299 3757 3360 σαφεῖ
3779 3313 3992 3364 τεκμη-

2420 3391 2521 3460 ρίῳ
2544 3389 2812 3461 ἑκατέρας
2841 3387 3097 3457 εἰσόμεθα
3126 3389 3224 3456 τὴν
3250 3387 3609 3456 παρατροπήν
3634 3403 3649 3451 ;
3683 3386 3906 3438 Πολλῶν
3927 3388 3990 3439 δὲ

2419 3481 2730 3551 γενομένων
2765 3482 2828 3534 re
2879 3481 3100 3534 πάντων
3137 3479 3536 3548 ίκανώτατονή
3585 3478 3764 3549 κρίσις
3812 3479 3988 3531 αὐτοῦ

2420 3575 2513 3628 τοῦ
2551 3573 2712 3639 Θεοῦ,
2762 3573 2857 3626 καὶ
2893 3571 3100 3640 ἀγαθὸν
3133 3570 3233 3641 μὲν
3252 3573 3346 3623 καὶ
3376 3571 3595 3640 ἀληθὲς,
3630 3572 3766 3640 ὅπερ
3787 3571 3990 3640 ἐκείνῳ

2419 3667 2591 3731 δοκεῖ,
2630 3665 2837 3734 φαῦλον
2861 3664 2918 3717 δὲ
2945 3664 3040 3718 καὶ
3067 3663 3264 3732 ψεῦδος
3290 3663 3319 3716 δ
3351 3663 3424 3731 μὴ
3453 3664 3562 3717 τῶν
3588 3663 3798 3716 ἐκεῖθεν
3822 3663 3990 3732 ἔτυχε

2417 3760 2647 3828 ψήφωνο
2686 3757 2779 3812 καὶ
2809 3757 2844 3810 ἃ
2875 3755 2973 3823 μὲν
3009 3757 3218 3818 ἐκεῖνος
3258 3756 3551 3823 μανθάνειν
3583 3756 3726 3819 ἀξιοῖ
3770 3756 3861 3808 τὸν
3893 3757 3992 3808 ἇν-

2419 3852 2659 3920 θρωπον,
2690 3848 2845 3902 ταῦτ’
2869 3847 3071 3916 ἀληθῆ,
3098 3847 3134 3900 ἃ
3156 3847 3212 3899 δὲ
3238 3846 3523 3915 βούλεσθαι
3551 3847 3788 3911 κελεύει,
3808 3847 3990 3898 ταῦτα

2417 3943 2629 4012 χρηστά
2659 3957 2674 4005 ;
2706 3942 2773 3994 τὰ
2803 3940 2860 3993 δὲ
2898 3938 3116 4001 τούτοις
3138 3937 3481 4006 πολεμοῦντα
3509 3938 3668 4006 γέμει
3702 3937 3803 4005 μὲν
3835 3939 3990 3990 dua-

2416 4053 2538 4104 της,
2569 4035 2732 4103 γέμει
2763 4036 2819 4087 δὲ
2853 4032 3139 4102 πονηρίας.
3173 4031 3296 4083 Τῶν
3337 4031 3396 4083 δὲ
3427 4029 3593 4083 θείων
3624 4030 3894 4100 χρησμῶν
3933 4033 3988 4083 οῖ

2420 4128 2520 4197 μὲν
2550 4125 2852 4194 ἀνθρώπων
2877 4123 3216 4192 κομιζόντων
3265 4124 3346 4183 είς
3371 4121 3470 4191 τὴν
3517 4122 3623 4190 γῆν
3653 4118 3842 4191 ἦλθον,
3873 4123 3990 4174 τῶν

2416 4218 2472 4270 δὲ
2501 4218 2660 4279 αὐτὸς
2689 4213 2758 4285 ἦν
2799 4216 2828 4268 ὁ
2853 4215 2983 4277 Θεὸς
3029 4215 3264 4281 ἄγγελος
3293 4213 3587 4282 ἀνθρώπου
3612 4213 3778 4279 φύσιν
3829 4214 3991 4274 ὲνδῦς

2417 4313 2511 4365 καὶ
2538 4310 2822 4378 ἄνθρωπος
2856 4307 3149 4377 ἀνθρώπου
3203 4308 3355 4375 φωνῇ
3405 4307 3661 4372 συγγενεῖ
3688 4305 3756 4357 τὰ
3791 4305 3990 4357 δέοντα

2420 4403 2688 4473 μηνύσας.
2725 4402 2792 4452 Τί
2820 4396 2891 4472 ἦν
2933 4401 2967 4470 ἢ
3009 4399 3378 4468 χρηστότερον
3418 4397 3528 4449 τῶν
3578 4398 3992 4466 παραγγελμά-

2417 4494 2586 4564 τωνῆ
2634 4494 3000 4564 ἀληθέστερον
3025 4490 3134 4543 τῶν
3175 4490 3489 4559 δογμάτων,
3527 4487 3612 4556 ἐφ’
3668 4482 3743 4540 ὧν
3772 4491 3799 4540 ό
3852 4489 3992 4549 Θεὸς

751 4584 854 4637 fuit
879 4593 934 4636 et
960 4581 1317 4642 iutroductor,
1337 4578 1602 4646 siquidem
1638 4576 1791 4630 solus
1812 4583 1897 4628 est
1925 4574 2149 4636 veritas,
2167 4588 2312 4626 unus
2338 4582 2391 4642 ι)
2421 4602 2434 4636 ι

2306 4591 2312 4624 ί
2338 4582 2391 4642 D
2421 4584 2585 4645 αὐτὸς
2613 4583 2711 4651 μὲν
2736 4582 3056 4651 νομοθέτης,
3083 4579 3243 4641 αὐτὸς
3279 4579 3336 4631 δὲ
3368 4577 3695 4648 δημαγωγὸς
3723 4573 3814 4643 ἦν,
3849 4579 3903 4629 et
3923 4595 3989 4643 γε

749 4686 931 4729 autem
974 4670 1196 4727 bonus?
1230 4670 1285 4722 Si
1333 4669 1496 4737 igitur
1538 4674 1752 4735 oportet
1799 4665 2010 4720 discere
2041 4679 2162 4734 quae
2198 4673 2317 4718 lan-

749 4781 912 4834 quam
945 4762 1150 4816 erratio
1179 4767 1389 4813 naturae
1420 4774 1604 4810 verum
1635 4757 1911 4810 hominem
1949 4757 2312 4820 contristant,

751 4860 836 4911 his
863 4855 1139 4909 contraria
1166 4865 1382 4906 sumere
1417 4849 1690 4904 convenit.
1713 4848 1851 4901 Illud
1875 4848 2018 4901 enim
2047 4862 2173 4902 vere
2205 4863 2319 4901 ma-

751 4949 887 5010 lum,
926 4944 1072 5012 quod
1108 4953 1299 4998 eontra
1333 4941 1662 4997 sententiam
1703 4940 1861 4994 istam
1909 4937 2162 5007 insurgit,
2194 4953 2318 5006 pra—

753 5056 874 5092 vum
907 5048 1085 5092 autem
1134 5050 1258 5090 cum
1294 5035 1386 5099 sit,
1411 5035 1655 5088 naturale
1686 5041 1770 5088 est
1796 5033 1925 5086 odio
1959 5048 2080 5087 esse
2119 5033 2319 5100 quibus

751 5133 925 5186 virtus
966 5127 1118 5187 cordi
1177 5137 1280 5191 est,
1309 5127 1401 5180 illo
1436 5127 1657 5180 absente
1691 5126 2012 5189 abhorrere,
2053 5134 2318 5194 praesonte

749 5238 879 5276 vero
942 5223 1142 5290 lugere.
1205 5217 1560 5274 Contristabit
1633 5228 1813 5271 autem
1891 5216 2011 5270 illos
2078 5231 2316 5284 praesens

753 5315 1109 5381 malum,sive
1161 5327 1255 5368 eos
1311 5323 1492 5367 mente
1533 5327 1638 5364 non
1674 5310 1988 5373 destitutos,
2021 5309 2135 5364 sive
2182 5310 2316 5363 alios

752 5407 1192 5477 spectet,quibus
1218 5406 1321 5476 ipsi
1353 5407 1553 5474 optima
1579 5415 2003 5473 comprecantur
2030 5422 2043 5456 :
2074 5419 2318 5471 compre-

751 5509 946 5554 cantur
969 5509 1148 5554 auteni
1184 5499 1438 5552 omnibus
1474 5497 1807 5558 hominibus,
1843 5505 1954 5549 tum
1997 5504 2055 5548 ut
2085 5497 2151 5548 ad
2182 5496 2317 5548 divi-

755 5607 876 5644 nam
915 5591 1171 5646 accedant
1219 5589 1648 5644 misericordiam
1677 5630 1694 5651 ,
1732 5598 1842 5641 tum
1891 5589 2019 5658 quia
2077 5588 2314 5640 divinam

754 5683 977 5751 gloriam
1015 5681 1210 5750 ubique
1260 5683 1633 5752 splendentem
1679 5682 1863 5736 videre
1905 5683 2160 5751 cupiunt.
2192 5681 2318 5735 Ideo

752 5769 925 5823 Solum
945 5772 1227 5824 molestum
1255 5781 1334 5825 est
1365 5773 1415 5825 in
1445 5772 1661 5827 Christo
1683 5774 1987 5827 viventibus
2009 5782 2314 5841 peccatum,

755 5863 927 5931 primo
957 5865 1170 5934 quidem
1209 5866 1334 5934 quia
1371 5881 1681 5936 perversum
1715 5867 1937 5936 est,ipsi
1973 5882 2099 5921 vero
2152 5867 2319 5920 mori-

2421 4676 2580 4744 μόνος
2617 4674 2714 4742 μὲν
2744 4673 2995 4740 ἀλήθεια,
3024 4671 3182 4740 μόνος
3217 4670 3272 4723 δέ
3303 4672 3453 4721 ἐστιν
3483 4669 3730 4736 ἀγαθόςς
3766 4671 3828 4722 El
3872 4670 3992 4720 1:0!-

2417 4782 2511 4818 vuv
2564 4763 2669 4833 χρὴ
2715 4763 2928 4831 μαθεῖν.
2967 4762 3003 4815 ἃ
3053 4761 3385 4831 παρατροπὴ
3440 4760 3542 4828 τῆς
3586 4761 3804 4826 φύσεως
3858 4759 3994 4811 ὄντα

2417 4857 2578 4907 λυπεῖ
2636 4856 2729 4906 τὸν
2791 4854 3044 4920 ἀληθινὸν
3091 4851 3400 4921 ἄνθρωπον,
3463 4850 3726 4903 τάναντία
3777 4849 3993 4903 τούτων

2419 4949 2686 5016 προσήκει
2711 4945 2918 4997 λαϐεῖν.
2965 4945 3173 4995 Ἐκεῖνο
3203 4943 3310 5011 γὰρ
3333 4941 3547 5008 ἀληθῶς
3574 4941 3767 5003 κακὸν,
3794 4941 3824 4992 ὃ
3851 4942 3995 5010 πρδς

2417 5035 2514 5107 τὴν
2553 5035 2779 5104 γνώμην
2809 5033 3030 5097 ἐκείνην
3057 5033 3299 5093 ἵσταται,
3333 5032 3574 5107 πονηρὸν
3599 5032 3654 5082 δὲ
3679 5029 3740 5082 δν
3771 5033 3869 5083 καὶ
3906 5051 4000 5099 μι-

2419 5130 2534 5180 σεῖν
2561 5127 2708 5187 εἰκὸς
2738 5125 2974 5196 ἐμέλησε
3005 5124 3100 5178 τοῦ
3134 5123 3363 5191 ἀγαθοῦ,
3409 5124 3702 5192 μισοῦντας
3728 5123 3786 5175 δὲ
3821 5125 3926 5176 ἀπε
3940 5125 4000 5176 ύ-

2417 5221 2610 5289 χεσθαι
2640 5221 2738 5288 μὲν
2764 5222 3015 5280 ἀπόντος,
3047 5217 3311 5283 παρόντος
3337 5217 3392 5267 δὲ
3423 5216 3704 5268 ἀνιᾶσθαι.
3734 5217 3996 5284 Λυπήσει

2417 5311 2472 5362 δὲ
2502 5310 2699 5372 αὐτοὺς
2750 5309 2924 5379 παρὸν
2959 5308 3022 5360 τὸ
3075 5307 3330 5374 κακὸν,ἢ
3375 5306 3558 5374 σφίσιν
3607 5308 3759 5358 ἐστὶν
3788 5307 3854 5358 οῦ
3896 5308 3997 5360 τοῦ

2417 5406 2576 5473 λόγου
2628 5404 3090 5475 παρατραπεῖσιν,
3124 5401 3155 5471 ἢ
3207 5403 3321 5462 τοῖς
3356 5400 3562 5462 ἄλλοις,
3594 5395 3674 5460 οἷς
3725 5401 3886 5453 αὐτοὶ
3924 5404 4000 5453 τὰ

2420 5498 2614 5566 βελτίω
2663 5496 3012 5564 συνεύχονται
3036 5510 3050 5524 ο
3099 5493 3452 5559 συνεύχονται
3488 5493 3544 5544 δὲ
3576 5494 3742 5544 πᾶσιν
3773 5492 3998 5556 ἀνθρώ-

2419 5611 2541 5653 ποις
2575 5591 2650 5659 τῷ
2683 5607 2743 5641 τε
2778 5589 2914 5658 πρὸς
2953 5591 3051 5657 τὴν
3103 5586 3256 5638 θείαν
3306 5585 3639 5653 ἁμιλλᾶσθαι
3675 5586 3998 5654 φιλανθρω-

2419 5685 2572 5749 πίαν,
2615 5683 2692 5749 τῷ
2743 5699 2804 5734 τε
2853 5680 2952 5750 τὴν
2992 5679 3086 5731 τοῦ
3129 5677 3265 5730 Θεοῦ
3311 5678 3471 5740 δόξαν
3522 5677 3815 5745 ἐπιθυμεῖν
3857 5681 3997 5749 όρᾷν

2420 5774 2724 5843 ἑκασταχοῦ
2751 5774 3098 5840 λάμπουσαν.
3133 5770 3241 5822 Καὶ
3265 5770 3406 5821 οὕτω
3434 5769 3594 5836 μόνον
3620 5769 3848 5837 ἀνιαρὸν
3880 5773 3999 5835 τρῖς

2421 5872 2477 5922 ἐν
2513 5867 2729 5924 Χοιστῶ
2780 5867 2944 5929 ζῶσιν
2977 5866 3006 5933 ἡ
3045 5864 3311 5934 ἁμαρτία,
3362 5862 3579 5927 πρῶτον
3625 5859 3724 5931 μὲν
3759 5863 3844 5913 ὅτι
3900 5879 3999 5915 τῖοο
