4262 6460
255 421 360 481 6θῖ

1305 426 1400 483 DE
1443 424 1622 484 VITA
1649 425 1727 482 ΙΝ
1769 423 2095 482 CHRISTO
2136 424 2280 485 LIB.
2309 425 2440 482 Vll.

3359 411 3469 470 694

238 536 424 600 νηρὸν,
464 534 619 585 αὐτοὶ⁵
666 535 721 585 δὲ
780 535 902 595 τοὺς
962 534 1195 601 τρόπους
1250 536 1514 604 χρηστοί·
1554 536 1805 604 δεύτερον
1836 535 1921 591 ΑΙ

1781 552 1805 584 ν
1836 538 1880 591 Α
1912 535 2011 587 bus
2052 534 2209 587 bonis
2236 536 2446 596 vivunt,
2482 532 2882 601 secundo,quia
2920 532 3008 583 Dei
3032 530 3238 597 legibus
3280 532 3464 579 adver-

238 628 319 677 ἱτι
353 629 469 687 τοῖς
522 627 617 678 τοῦ
649 626 785 677 Θεοῦ
822 628 1052 694 μάχεται
1103 628 1309 696 νόμοις,
1357 622 1401 695 ᾧ
1435 629 1532 698 τῆς
1578 629 1803 695 γνώμης

235 716 554 783 ἐπείγονται
605 718 877 768 κοινωνεῖν
903 735 915 747 ·
950 719 1042 770 καὶ
1086 720 1268 786 τρίτον
1316 721 1399 771 ὅτι
1446 721 1625 789 μάτην
1654 720 1805 773 ἀνιᾶ-

236 808 364 859 σθαι
396 809 540 860 κατά
570 810 662 860 τὸν
694 809 854 876 ὀρθὸν
899 810 1056 875 λόγον
1080 810 1287 873 ζῶντας
1333 813 1532 881 ἥκιστα
1558 814 1768 881 πρέπον
1787 828 1801 844 ·

234 898 475 951 ἐνταῦθα
504 901 664 968 μόνον
707 902 768 952 ού
810 902 988 972 μάτην
1013 904 1161 954 ἐστὶν
1199 905 1453 956 ἀνιᾶσθαι
1497 905 1597 974 τῆς
1626 905 1805 972 λύπης

243 992 303 1041 τὰ
338 992 561 1042 πάντων
610 992 1027 1045 λυσιτελέστατα
1068 997 1509 1064 καρπουμένους.
1552 997 1675 1050 Ἐπὶ
1709 1000 1806 1066 μὲν

233 1083 346 1150 γάρ
377 1082 486 1134 τῶν
516 1084 690 1135 ἄλλων
716 1085 871 1137 οὐδὲν
897 1087 1048 1137 ἔσται
1083 1088 1263 1147 πλέον,
1310 1091 1361 1141 εί
1390 1106 1473 1149 τις
1505 1090 1680 1154 ἀλγεῖ,
1714 1092 1806 1141 καὶ

235 1173 399 1223 πενία
430 1173 525 1225 καὶ
549 1175 704 1236 νόσος
734 1174 826 1225 καὶ
860 1175 1037 1226 ὁτιοῦν
1065 1180 1173 1227 τῶν
1205 1176 1463 1229 τοιούτων
1492 1178 1645 1230 οὐδὲν
1675 1179 1808 1245 μᾶ).-

234 1264 329 1315 λον
357 1265 710 1334 ἀποχωρήσει
737 1266 1033 1334 δακρύουσι
1054 1286 1067 1299 ο
1102 1269 1280 1338 ψυχῆς
1312 1270 1365 1322 δὲ
1400 1271 1634 1341 πονηρίᾳ
1662 1269 1805 1339 λύπη

234 1356 296 1407 τὸ
334 1357 653 1424 φάρμακον,
694 1357 728 1426 ἢ
754 1358 850 1410 καὶ
880 1359 1183 1426 μέλλουσαν
1211 1361 1495 1430 προανεῖλε
1523 1364 1620 1415 καὶ
1668 1378 1805 1431 παρ-

233 1448 406 1500 οῦσαν
444 1448 649 1501 ἔπαυσε
698 1454 793 1502 καὶ
838 1452 1205 1521 τολμηθείσης
1258 1454 1356 1515 τάς
1397 1454 1625 1515 εὐθύνας
1651 1455 1809 1506 δύνα-

233 1558 327 1591 ται
369 1541 541 1596 λύειν.
583 1542 757 1611 ’Υπὲρ
791 1535 853 1595 οὗ
887 1562 978 1611 μοι
1005 1544 1153 1596 δοκεῖ
1190 1547 1284 1597 καὶ
1322 1546 1419 1614 τὴν
1453 1547 1624 1616 ἀρχὴν
1657 1549 1801 1598 ἐντει

234 1630 394 1695 θῆναι
429 1632 494 1697 τῇ
527 1632 710 1696 φύσει,
748 1633 883 1699 πρὸς
908 1632 1066 1684 οὐδὲν
1099 1633 1229 1687 ἀλλο
1260 1634 1478 1703 βοηθεῖν
1527 1637 1659 1703 ἡμῖν
1718 1637 1806 1688 δυ-

230 1723 469 1791 ναμένῃ.
501 1723 613 1791 Τὴν
652 1723 758 1789 γὰρ
792 1723 1069 1791 ἁμαρτίαν
1108 1724 1169 1776 ού
1205 1729 1431 1793 προῖκα,
1497 1727 1688 1795 μισθοῦ
1750 1727 1805 1779 δέ

231 1830 378 1873 τινος
409 1812 721 1880 τολμῶντες
748 1814 849 1881 τῆς
882 1814 1074 1882 ἡδονῆς
1106 1816 1278 1867 καὶτὸ
1309 1817 1508 1885 τέρπον
1536 1816 1627 1869 τοῦ
1663 1818 1804 1869 κατά

229 1903 419 1971 ψυχὴν
446 1902 504 1955 εὖ
528 1903 742 1972 ἔχοντος
797 1904 1185 1973 ἀλλαττόμενοι
1232 1906 1317 1974 (ού
1348 1907 1457 1974 γὰρ
1490 1908 1573 1975 ἐφ’
1605 1907 1801 1977 ἑαυτῆς

232 1996 410 2063 αὐτὴν
440 1994 675 2062 ἑλοίμεθ¹
705 1994 769 2047 ἂν
799 1996 977 2065 ψυχῆς
1008 1997 1230 2068 ὄλεθρον
1254 2000 1347 2050 καὶ
1366 1998 1456 2050 νοῦ
1480 1998 1808 2068 πύρσωσιν),

233 2089 330 2139 καὶ
384 2086 615 2138 τοιαῦτα
656 2087 849 2154 σαφῶς
892 2088 1115 2151 ειδότες,
1184 2090 1403 2143 ἐπειδάν
1454 2093 1812 2158 μεταγνόντες

232 2181 322 2245 ἐφ’
357 2173 441 2240 οἷς
473 2180 794 2248 ἡμάρτομεν
827 2179 1130 2249 ἀνιώμεθα,
1198 2182 1298 2251 τὴν
1347 2183 1558 2235 ἐκεῖθεν
1607 2185 1811 2250 ἀτιμά-

231 2269 424 2333 ζοντες
479 2270 673 2341 ήδονὴν
699 2273 790 2324 καὶ
824 2273 985 2326 πάθει
1025 2273 1193 2336 πάθος
1249 2274 1616 2343 ἐκκρούοντες
1660 2275 1810 2341 δῆλοι

234 2362 621 2430 καθέσταμεν·
646 2362 723 2430 τῷ
751 2364 966 2433 ῥίπτειν
1002 2366 1146 2432 ἅπερ
1175 2366 1462 2435 ἐλάϐομεν,
1498 2366 1809 2436 λαμσάνον-

232 2471 326 2515 τες
369 2454 516 2521 άπερ
550 2454 882 2524 ὲρῤίψαμεν.
925 2455 1037 2507 Καὶ
1069 2456 1186 2524 ἀμα
1215 2457 1274 2509 τὸ
1297 2456 1553 2510 ἀνιᾶσθαι
1592 2466 1811 2527 τίμημα

234 2545 451 2610 γίνεται
490 2546 622 2611 ἡμῖν
673 2546 753 2609 ἐφ’
786 2540 868 2607 οἷς
896 2545 1294 2615 ἐτολμήσαμεν,
1338 2540 1381 2613 ᾧ
1409 2547 1813 2617 καθηραμένοις

234 2639 297 2688 ού
337 2636 564 2704 πληγῶν
588 2637 773 2705 δεήσει
805 2637 1095 2707 δευτέρων·
1135 2631 1179 2705 ᾧ
1208 2639 1301 2691 καὶ
1347 2638 1477 2701 Θεὸς
1533 2640 1593 2704 ἐξ
1640 2640 1815 2710 ἀρχῆς

234 2730 351 2789 τοῖς
389 2726 559 2779 αὑτοῦ
589 2730 829 2797 τιμωρεῖ
863 2730 1051 2797 νόμοις
1086 2729 1435 2797 ἠδικημένοις
1485 2731 1661 2800 λύπης
1721 2733 1813 2783 καὶ

237 2820 422 2871 πόνων
450 2818 528 2887 τῷ
556 2821 1034 2889 παρανενομηκότι
1064 2823 1328 2890 τιμήσας,
1384 2822 1484 2874 οὐκ
1514 2823 1580 2876 ἂν
1607 2824 1814 2891 ταύτην

237 2908 670 2975 εἰσπράττεσθαι
703 2907 931 2976 νομίσας
954 2909 1051 2971 τὴν
1078 2909 1254 2977 δίκην,
1287 2912 1333 2961 εἰ
1372 2913 1445 2979 μὴ
1479 2911 1585 2962 τῶν
1614 2913 1813 2977 ἐγκλη-

242 3001 434 3056 μάτων
466 2999 727 3067 ἄντικρυς
755 2995 821 3068 ἧν
855 3000 947 3051 καὶ
972 3000 1120 3053 λύειν
1149 2994 1293 3069 εἶχεν
1335 3002 1583 3064 εὐθύνας.
1630 3004 1815 3072 Τούτῳ

234 3091 293 3142 δὲ
326 3090 405 3156 τῷ
434 3090 621 3159 τρόπῳ
650 3092 741 3143 καὶ
765 3092 926 3154 αὐτὸς
955 3092 1183 3161 ὕστερον
1216 3096 1373 3161 ζκατὰ
1411 3098 1510 3162 τῆς
1545 3096 1816 3165 ἁμαρτίας

1910 628 2258 694 satur.cujus
2294 627 2559 679 voluntati
2595 625 2914 693 participare
2948 631 3248 689 coguntur;
3285 620 3460 671 tertio.

1906 718 2161 783 quoniam
2192 734 2284 771 eos
2332 719 2639 771 contristari
2668 718 2757 785 qui
2784 716 3077 770 secundum
3118 721 3319 765 rectam
3373 726 3460 760 ra-

1906 808 2105 860 tionem
2138 810 2358 873 vivunt,
2384 810 2606 862 minime
2642 810 2931 870 convenit;
2963 807 3049 861 hic
3086 815 3264 859 autem
3291 802 3467 857 solum

1907 916 2014 954 non
2047 912 2123 954 e5!
2163 901 2216 953 in
2252 916 2444 953 vanum
2478 901 2827 965 contristari,
2854 900 2944 953 ubi
2982 898 3045 950 de
3097 898 3245 950 luctu
3293 894 3472 949 utilis-

1907 996 2077 1047 simos
2115 994 2320 1047 fructus
2356 993 2647 1061 colligunt.
2684 991 2857 1060 Super
2902 991 3111 1044 exteris
3151 990 3293 1043 enim
3334 985 3469 1039 nihil

1908 1088 2139 1154 amplius
2166 1088 2287 1148 erit.
2308 1087 2351 1139 si
2384 1088 2505 1155 quis
2534 1088 2742 1146 doleat,
2767 1095 2817 1137 et
2852 1092 3141 1151 paupertas
3168 1089 3219 1133 et
3251 1079 3469 1131 morbus

1907 1189 1959 1231 ct
2014 1178 2207 1232 similia
2253 1194 2359 1231 non
2416 1180 2586 1248 magis
2627 1177 2879 1230 recedent
2924 1189 2952 1227 a
3016 1172 3467 1242 lacrymantihus:

1912 1271 2107 1323 anima:
2142 1284 2269 1323 vero
2301 1271 2555 1338 nequitiae
2607 1270 2782 1321 luctus
2830 1277 2908 1321 est
2945 1266 3212 1318 medicina
3242 1305 3254 1323 ,
3297 1264 3469 1329 siqni-

1908 1363 2029 1415 dem
2065 1360 2304 1415 futuram
2337 1360 2605 1429 praecidit,
2634 1368 2955 1426 praesentem
2992 1355 3267 1415 terminat,
3288 1364 3340 1406 et
3372 1356 3469 1406 ads

1915 1456 2099 1508 missa:
2132 1469 2321 1523 poenas
2358 1455 2507 1507 luere
2542 1460 2751 1520 potest.
2784 1452 3011 1519 Propter
3038 1448 3183 1518 quod
3222 1446 3355 1499 mibi
3392 1446 3470 1496 vi-

1907 1545 2065 1598 detur
2094 1559 2123 1597 a
2156 1545 2423 1613 principio
2454 1544 2655 1597 inditus
2690 1556 2811 1595 esse
2844 1553 3085 1602 naturae,
3118 1556 3179 1593 ea
3213 1540 3328 1607 lege
3356 1579 3369 1600 ,
3414 1547 3471 1588 ut

1909 1635 2064 1689 nobis
2094 1635 2160 1689 ad
2198 1636 2331 1688 nihil
2358 1635 2504 1688 aliud
2539 1634 2817 1701 proﬁcuus
2864 1632 2954 1685 sit.
2999 1633 3286 1686 Peccatum
3328 1631 3469 1682 enim

1911 1739 2015 1778 non
2088 1726 2362 1793 gratuito,
2412 1723 2503 1778 sed
2560 1736 2783 1792 propter
2846 1722 3139 1791 quamdam
3189 1722 3474 1787 voluptatis

1914 1814 2220 1868 mercedem
2246 1814 2675 1875 committentes,
2696 1825 2748 1865 et
2770 1812 3023 1881 gaudium
3054 1811 3200 1863 illius
3227 1811 3316 1876 qui
3339 1810 3474 1860 bene

1912 1907 2073 1959 habet
2101 1908 2282 1959 anima
2349 1914 2747 1961 commutantes
2817 1906 2949 1973 (non
3000 1905 3142 1957 enim
3180 1904 3326 1955 illam
3362 1901 3477 1953 ani—

1910 2012 2011 2052 ma
2068 1998 2367 2069 perniciem
2420 2008 2473 2053 et
2539 1999 2733 2052 mentis
2795 1998 3104 2051 incendium
3165 1996 3233 2048 ob
3300 1995 3472 2061 ipsam

1910 2088 2276 2163 eligeremus).
2357 2096 2411 2142 et
2480 2089 2592 2142 haec
2644 2088 2810 2157 probe
2865 2087 3125 2147 scientes,
3190 2092 3473 2152 postquam

1910 2182 2237 2252 pmoitentes
2307 2195 2473 2249 super
2530 2181 2613 2233 his
2668 2194 2787 2246 qua:
2834 2177 3211 2232 ceiumisimus
3278 2176 3473 2243 allligi-

1915 2289 2039 2329 mur
2068 2314 2083 2336 ,
2125 2275 2458 2341 voluptatem
2513 2287 2633 2341 quae
2686 2271 2816 2324 inde.
2862 2270 3005 2323 venit
3061 2268 3427 2336 despicientes
3461 2308 3475 2327 ,

1910 2365 2163 2433 passione
2190 2364 2495 2432 passionem
2530 2363 2705 2431 palam
2752 2362 3095 2415 eliminamus
3129 2376 3141 2412 :
3173 2358 3479 2425 abjicrendo

1910 2471 1972 2509 ea
2016 2470 2138 2525 qua:
2183 2468 2612 2524 sumpseramus,
2666 2452 2994 2507 resumimus
3053 2466 3171 2518 quae
3210 2450 3479 2517 rnjrcera-

1915 2562 2038 2601 mus
2068 2587 2081 2601 .
2121 2547 2184 2599 Et
2228 2547 2391 2600 simul
2434 2544 2748 2614 pcenitentia
2784 2552 3130 2611 peccatorum
3168 2550 3476 2592 nostrorum

1916 2639 1974 2693 lit
2046 2638 2329 2706 expiatio,
2366 2652 2471 2705 qua
2519 2635 2819 2704 purillcatis
2875 2648 2979 2686 non
3032 2633 3153 2685 aliis
3211 2647 3348 2698 opus
3397 2642 3480 2684 est

1914 2730 2127 2801 poenis.
2164 2731 2276 2784 Hac
2308 2731 2476 2806 etiam,
2508 2729 2649 2782 Deus
2708 2730 2776 2782 ab
2828 2728 2980 2781 initio
3033 2729 3189 2781 laesas
3243 2726 3477 2778 \‘llltllt'lll

1914 2824 2101 2893 leges,
2147 2824 2296 2877 luctu
2350 2823 2735 2890 laboribusque
2774 2822 3085 2890 puniemlo:
3148 2836 3251 2873 non
3298 2829 3475 2871 autem

1918 2916 2060 2969 hanc
2091 2916 2234 2984 exigi
2270 2928 2481 2983 penam
2520 2916 2835 2978 statuisset,
2880 2915 2980 2966 nisi
3016 2914 3338 2965 criminibus
3388 2928 3474 2963 es-

1916 3020 2000 3064 set
2043 3011 2352 3079 Oppositus,
2382 3019 2434 3062 et
2468 3010 2707 3062 rationes
2744 3006 2956 3060 solvere
3011 3014 3231 3072 posset.
3276 3002 3474 3056 Verum

1917 3102 2020 3156 hoc
2055 3104 2212 3157 modo
2235 3112 2418 3156 contra
2448 3109 2730 3169 peccatum
2763 3100 2897 3166 ipse,
2927 3098 3088 3149 homo
3116 3096 3309 3157 lactus,
3348 3111 3478 3147 usus

236 3182 519 3250 ἐχρήσατο
542 3182 633 3234 τὸν
656 3182 944 3253 ἄνθρωπον
972 3184 1251 3247 είσελθὼν,
1285 3190 1377 3238 καὶ
1431 3187 1625 3255 δεῆσαν
1650 3186 1810 3239 ὲκσαο
1838 3186 1883 3246 C.
1914 3217 1919 3245 ε

1796 3186 1883 3246 -C
1914 3206 2017 3257 est,
2052 3204 2103 3247 et
2134 3208 2258 3247 cum
2312 3194 2381 3246 ab
2433 3193 2711 3246 hominum
2762 3204 2955 3244 natura
3004 3200 3283 3257 peccatum
3335 3196 3479 3241 esset

235 3273 355 3325 λεῖν
396 3275 499 3342 τῆς
531 3274 750 3342 φύσεως
798 3276 907 3327 τῶν
936 3275 1242 3346 ἀνθρώπων
1276 3278 1371 3347 τὴν
1410 3280 1685 3347 ἁμαρτίαν
1713 3281 1810 3332 άλ-

235 3368 419 3431 γῆσας
448 3366 694 3428 ἑξέὸαλε.
728 3367 839 3419 Καὶ
868 3367 977 3438 μὴν
1012 3368 1071 3420 ού
1106 3369 1335 3422 τοῦτοδὲ
1374 3370 1622 3439 μάταιον,
1652 3372 1813 3434 εἴτις

236 3455 328 3523 ἐφ’
350 3456 560 3524 ὁτῳοῦν
586 3458 802 3509 ἀνιᾶται
827 3458 936 3510 τῶν
988 3460 1070 3520 είς
1124 3459 1284 3527 σῶμα
1335 3462 1630 3531 φερόντων,
1680 3462 1816 3517 ἀλλὰ

236 3550 334 3598 καὶ
365 3547 542 3616 ζημία
576 3550 905 3617 περιφανής·
937 3550 1096 3601 τοῦτο
1124 3551 1233 3617 γάρ
1260 3552 1397 3616 ὲστι,
1451 3551 1587 3605 Θεοῦ
1617 3572 1672 3605 τι
1707 3555 1815 3607 τῶν

236 3645 421 3698 ἄλλων
454 3643 771 3712 ἔμπροσθεν
818 3646 1086 3710 ἀγαγείνί
1136 3646 1353 3715 Ταύτης
1408 3648 1509 3715 τῆς
1550 3651 1815 3717 πονηρίας

238 3738 477 3806 ἔσχατον
509 3738 608 3804 μὲν
660 3738 693 3805 ἡ
728 3736 822 3790 τοῦ
887 3737 1057 3791 Ἰούδα
1089 3742 1278 3808 μανία,
1322 3742 1518 3809 μικρὸν
1552 3742 1818 3813 ἀργύριον

236 3831 336 3883 τοῦ
375 3828 516 3883 Θεοῦ
569 3830 663 3889 καὶ
691 3830 941 3898 Σωτῆρος
994 3831 1392 3899 άλλαξαμένου,
1447 3835 1586 3903 ἀρχὴ
1642 3836 1697 3887 δὲ
1728 3837 1819 3886 καὶ

239 3921 476 3987 σπέρμα
504 3922 565 3971 τὸ
593 3920 731 3988 πρὸς
760 3919 858 3988 τὴν
888 3919 1100 3973 ἐκείνου
1129 3923 1351 3991 μνήμην
1395 3925 1553 3976 τοῦτο
1604 3924 1817 3988 παθεῖν,

238 4012 336 4061 καὶ
367 4008 469 4079 τῆς
512 4011 570 4061 ὲν
617 4010 768 4079 αὐτῷ
796 4010 1078 4081 διατριϐῆς
1103 4013 1503 4080 ἑκκρουσθῆναι
1546 4015 1621 4082 τῷ
1649 4015 1821 4081 φιλεῖν

236 4100 368 4150 ἄλλο
391 4116 441 4150 τι
467 4100 576 4150 τῶν
603 4101 841 4154 πάντων.
883 4101 1088 4153 Τούτου
1126 4104 1233 4171 γὰρ
1303 4104 1685 4167 ὲπιδεδωκότος
1727 4106 1820 4157 τοῦ

236 4192 476 4254 πάθους,
522 4192 616 4244 καὶ
659 4192 756 4260 τῆς
811 4193 905 4245 τοῦ
944 4194 1080 4245 Θεοῦ
1129 4194 1299 4263 λήθης
1349 4198 1448 4264 τὴν
1486 4195 1668 4265 χώραν
1721 4198 1821 4267 τῆς

232 4283 423 4350 ψυχῆς
458 4282 866 4351 κατασχούσης.
903 4284 935 4354 ἠ
967 4286 1095 4353 περὶ
1132 4286 1294 4336 αὑτὸν
1331 4286 1515 4356 ἀγάπη
1554 4288 1820 4357 μαραίνε-

234 4394 353 4437 ται,
389 4376 515 4425 ὲπεὶ
547 4376 640 4427 καὶ
690 4376 1005 4428 τούναντίον
1036 4380 1097 4446 τῇ
1137 4380 1353 4446 συνεχεῖ
1386 4381 1575 4449 μνήμῃ
1603 4379 1821 4446 φύεται,

234 4468 333 4518 τοῦ
358 4466 411 4517 δι
449 4465 675 4532 φίλτρου
708 4467 1033 4529 σϐεσθέντος
1084 4471 1116 4536 ἡ
1167 4473 1296 4537 περὶ
1329 4469 1429 4532 τὰς
1473 4471 1690 4532 ἐντολὰς
1720 4473 1817 4523 αὑο

235 4559 330 4609 τοῦ
367 4558 615 4627 ῥᾳθυμία
647 4558 741 4608 καὶ
766 4558 825 4608 τὸ
843 4562 1180 4627 παρανομεῖν
1200 4560 1360 4621 εὐθὺς
1384 4561 1622 4631 ἀπαντᾷ,
1652 4580 1671 4613 ι
1700 4565 1819 4615 Κα-

234 4652 467 4719 θάπερό
502 4650 733 4715 ἀγαπῶν
784 4667 872 4718 με,
918 4652 1071 4718 φησι.
1104 4655 1203 4713 τὰς
1234 4654 1452 4715 ἐντολάς
1498 4671 1600 4721 μου
1654 4656 1824 4723 τηρή-

236 4761 348 4805 σει,
384 4763 401 4793 ι
436 4745 551 4805 τοῖς
582 4744 638 4793 δὲ
666 4744 795 4805 τοὺς
825 4744 919 4794 τοῦ
944 4743 1078 4794 Θεοῦ
1104 4749 1303 4811 νόμους
1353 4746 1583 4798 πατοῦσι
1616 4747 1709 4799 καὶ
1755 4747 1824 4799 τὰ

234 4835 471 4887 τοιαῦτα
496 4834 796 4901 τολμηταῖς
843 4839 936 4886 καὶ
968 4833 1062 4885 τὸν
1109 4837 1206 4900 τῆς
1238 4835 1470 4898 πίστεως
1532 4835 1823 4904 προδοῦναι

236 4927 427 4991 λόγον,
454 4925 519 4977 ἀν
545 4941 597 4975 τι
616 4922 711 4993 δὲῃ
736 4922 1064 4992 κερδαίνειν,
1094 4924 1245 4976 οὐδὲν
1270 4926 1494 4993 ἀπᾷδον.
1524 4945 1542 4976 ι
1582 4925 1693 4992 Τῆς
1716 4926 1823 4991 γὰρ

240 5016 610 5087 συνειδήσεώς
672 5033 818 5077 τινες
875 5016 1281 5081 ἀστοχήσαντες
1314 5020 1442 5084 περὶ
1489 5018 1586 5087 τήν
1644 5019 1825 5070 πίστιν

241 5108 628 5176 ἐναυάγησαν,
669 5124 687 5157 ι
750 5108 778 5157 ό
815 5107 1084 5175 μακάριος
1124 5108 1228 5175 ἔφη
1289 5107 1519 5170 Παῦλος·
1572 5128 1589 5158 ι
1637 5109 1825 5177 Νεκρὰ

238 5202 355 5267 γάρ
400 5202 543 5262 ἐστι,
571 5200 761 5269 φησὶν,
817 5201 849 5268 ή
896 5200 1100 5265 πίστις,
1144 5220 1160 5250 ι
1221 5195 1299 5261 οἷς
1331 5202 1436 5251 τῶν
1473 5202 1823 5269 καταλλήλων

238 5294 344 5346 οὐκ
376 5292 647 5360 ἐμέλησεν
683 5291 882 5358 ἔργων,
926 5292 1047 5343 ὅθεν
1087 5295 1134 5342 εί
1179 5291 1545 5361 διαφθείροιτο
1602 5295 1823 5363 ῥᾳδίως,

241 5387 434 5437 καινὸν
466 5384 641 5439 οὐδέν.
663 5383 841 5451 Τριῶν
868 5384 976 5451 γὰρ
1001 5384 1189 5446 ὄντων,
1221 5383 1255 5436 ἃ
1286 5383 1363 5452 τῷ
1386 5384 1504 5452 Θεῷ
1538 5385 1667 5453 παρ’
1693 5386 1826 5453 ἡμῖν

238 5486 510 5555 φυλάττει
540 5485 599 5534 τὸ
617 5483 798 5544 σέὅας,
818 5481 910 5532 τοῦ
937 5480 1102 5548 φόϐου
1129 5481 1237 5532 τῶν
1258 5482 1526 5549 κειμένων
1558 5485 1669 5543 τοῖς
1698 5484 1824 5533 ἀσε-

237 5581 365 5633 ϐέσι
396 5578 609 5637 κακῶν,
636 5577 733 5641 τῆς
769 5574 984 5641 ἀγαθῆς
1025 5574 1129 5625 τῶν
1182 5574 1553 5626 εὐσεϐούντων
1585 5575 1821 5637 ἐλπίδος,

233 5671 339 5724 τοῦ
373 5672 503 5737 περὶ
546 5669 709 5721 αὑτὸν
763 5666 896 5719 Θεὸν
928 5667 1020 5717 καὶ
1046 5666 1106 5717 τὸ
1140 5667 1303 5718 καλὸν
1337 5667 1560 5734 ἔρωτος,
1601 5668 1825 5733 ἐνεργὸν

236 5762 399 5814 οὐδὲν
420 5762 539 5819 ταῖς
564 5758 672 5810 τῶν
706 5758 1050 5824 παρανομεῖν
1085 5757 1402 5821 ἐγνωκότων
1431 5757 1818 5807 καταλείπεται

235 5854 469 5923 ψυχαῖς·
502 5851 641 5904 ἀλλὰ
677 5849 932 5915 καθάπερ
963 5842 1043 5910 οἷς
1074 5850 1099 5899 ὁ
1268 5851 1376 5909 τοῖς
1416 5848 1507 5899 τοῦ
1532 5847 1666 5900 θεοῦ
1692 5852 1817 5899 τάτ-

1915 3288 2316 3357 expellendum,
2349 3302 2541 3357 passus
2571 3285 2795 3351 expulit.
2826 3285 2891 3337 At
2930 3285 3029 3334 hoc
3065 3290 3211 3334 certe
3248 3296 3355 3334 neo
3393 3289 3476 3332 est

1916 3381 2097 3445 inane,
2119 3380 2167 3433 si
2204 3380 2325 3447 quis
2354 3393 2452 3448 pro
2478 3391 2808 3447 quocunque
2864 3376 3043 3438 lugeat
3079 3374 3143 3425 ad
3179 3387 3375 3438 corpus
3400 3381 3478 3422 at-

1918 3472 2142 3531 tinente.
2177 3471 2269 3525 sed
2304 3479 2359 3523 et
2387 3473 2642 3522 damnum
2678 3469 2867 3534 ingens
2908 3484 2921 3519 :
2959 3469 3060 3518 hoc
3088 3466 3232 3519 enim
3266 3477 3345 3517 est
3373 3478 3481 3531 prre

1923 3562 2031 3617 Deo
2068 3562 2268 3630 aliquid
2302 3561 2445 3614 aliud
2479 3560 2680 3613 ducere
2710 3560 2723 3612 ι
2755 3557 2929 3626 Hujus
2971 3557 3188 3625 quidem
3226 3554 3481 3619 nequitia:

1919 3652 2117 3722 gradus
2153 3652 2375 3705 ultimus
2432 3659 2513 3705 est
2541 3650 2689 3703 Iuda:
2716 3649 3009 3710 dementia,
3058 3663 3179 3700 cum
3217 3646 3384 3699 Deum
3428 3655 3478 3697 et

1921 3745 2253 3800 Salvatorem
2287 3743 2472 3813 paucis
2494 3742 2735 3796 nummis
2753 3741 3037 3794 venderet:
3061 3740 3274 3792 initium
3298 3749 3475 3790 autem

1920 3850 1973 3892 et
1990 3852 2169 3891 semen
2189 3844 2270 3891 est
2289 3837 2340 3889 in
2366 3836 2511 3889 illius
2530 3833 2845 3887 memoriam
2866 3833 2967 3885 hoc
2988 3832 3118 3900 pati,
3144 3841 3305 3897 atque
3324 3846 3384 3882 cx
3404 3830 3479 3896 ip-

1922 3931 2034 3981 sius
2068 3929 2348 3982 consortio
2401 3927 2470 3979 ob
2508 3928 2647 3980 alius
2696 3928 2771 3978 rei
2824 3940 3062 3977 amorem
3119 3923 3325 3987 repelli.
3382 3923 3479 3973 Ubi

1922 4022 2066 4073 enim
2104 4022 2216 4073 haec
2264 4020 2502 4086 nequitia
2558 4018 2750 4080 erevit,
2801 4016 3111 4083 oblivioque
3158 4015 3247 4067 Dei
3304 4016 3480 4066 locum

1924 4114 2116 4165 anima:
2144 4112 2448 4179 occupavit,
2478 4125 2607 4178 erga
2646 4110 2820 4176 ipsum
2870 4109 3112 4160 cbaritns
3162 4105 3482 4172 languescit,

1924 4206 2189 4272 siquidem
2219 4203 2553 4256 contrarium
2588 4199 2866 4253 memoria:
2899 4214 2955 4253 se
2984 4197 3209 4265 ingerit;
3238 4196 3327 4249 ubi
3357 4211 3483 4248 vero

1924 4296 2165 4349 cbaritas
2205 4293 2471 4347 exstincta
2505 4300 2609 4354 est,
2638 4291 2786 4343 brevi
2818 4290 2962 4342 circa
3009 4287 3262 4339 mandata
3311 4286 3487 4351 ipsius

1926 4387 2248 4456 negligentia
2278 4394 2329 4438 et
2374 4383 2733 4451 transgressio
2762 4382 3023 4448 irrepunt.
3069 4400 3086 4429 ε
3120 4376 3484 4442 Quemadmo-

1925 4482 2054 4533 dum
2089 4481 2179 4547 qui
2212 4479 2388 4545 diligit
2429 4492 2536 4536 me,
2568 4474 2760 4541 inquit,
2797 4483 3065 4540 praecepta
3134 4486 3249 4522 mea
3304 4485 3486 4522 serta-

1926 4575 2021 4636 bit,
2060 4590 2077 4621 l
2117 4572 2223 4625 illis
2254 4578 2431 4621 autem
2466 4568 2556 4635 qui
2594 4565 2683 4619 Dei
2716 4567 2854 4633 leges
2891 4564 3216 4616 conculcant
3252 4562 3484 4614 audent-

1925 4677 2031 4732 que
2072 4663 2225 4725 talia,
2270 4670 2329 4714 ut
2368 4659 2490 4713 lidei
2542 4660 2763 4710 verbum
2807 4656 3055 4725 prodant,
3096 4669 3123 4705 a
3179 4653 3324 4705 nullo
3377 4652 3484 4703 cri-

1927 4755 2071 4807 mine
2106 4752 2221 4805 utili
2266 4753 2591 4804 abhorrent.
2634 4767 2650 4797 ι
2687 4746 2916 4811 Quidam
2966 4746 3106 4797 enim
3139 4759 3167 4795 a
3197 4744 3485 4795 conseien-

1926 4844 1999 4897 tia
2029 4843 2459 4904 aberrantes,ait
2497 4843 2687 4891 beatus
2718 4837 2939 4899 Paulus,
2976 4835 3119 4886 circa
3157 4834 3315 4885 iidem
3348 4848 3485 4884 nau-

1926 4936 2311 5003 fragaverunt;
2344 4953 2361 4983 ι
2398 4952 2416 4982 ε
2451 4931 2655 4983 Mortua
2685 4943 2917 4995 namque
2941 4926 3071 4977 lides
3094 4935 3198 4985 est,
3231 4942 3252 4973 ι
3290 4924 3483 4989 inquit,

1923 5025 2144 5077 illorum
2179 5023 2377 5090 quibus
2408 5021 2473 5073 de
2504 5018 2757 5086 Operibus
2798 5031 2903 5069 non
2935 5024 3017 5068 est
3048 5029 3176 5068 cura
3206 5028 3219 5075 ;
3259 5014 3402 5065 unde
3441 5014 3484 5067 si

1928 5115 2087 5169 facile
2122 5114 2448 5181 dissipetur,
2474 5125 2581 5163 non
2615 5118 2697 5163 est
2746 5107 2945 5160 mirum
2969 5145 2982 5159 .
3014 5105 3149 5158 Cum
3183 5106 3326 5156 enim
3385 5106 3485 5155 tria

1926 5210 2040 5262 sint
2083 5222 2204 5276 quae
2254 5214 2493 5257 nostram
2536 5217 2662 5270 erga
2698 5201 2863 5254 Deum
2912 5198 3317 5253 venerationem
3374 5212 3488 5249 ser-

1927 5310 2077 5365 vant,
2130 5302 2293 5352 timor
2338 5298 2603 5350 malorum
2653 5295 2833 5362 impiis
2880 5291 3315 5351 imminentium,
3350 5290 3486 5341 bona

1930 5394 2143 5462 piorum
2196 5404 2340 5457 spes.
2385 5387 2475 5441 Dei
2510 5397 2563 5439 et
2594 5386 2808 5438 virtutis
2846 5398 3036 5437 amor:
3073 5382 3269 5435 animis
3298 5396 3488 5433 eorum

1930 5484 2019 5552 qui
2051 5480 2352 5547 transgredi
2382 5480 2524 5545 leges
2560 5477 2734 5530 solent
2764 5475 2897 5527 nilnl
2934 5474 3117 5526 cllicax
3151 5473 3489 5539 relinquitur.

1933 5575 2037 5627 Sed
2068 5571 2523 5641 quemadmodum
2558 5570 2695 5628 illis,
2720 5582 2957 5636 quorum
3001 5564 3109 5615 vita
3152 5563 3242 5615 Dei
3287 5564 3492 5630 legibus

1931 5666 2232 5737 ordinatur,
2258 5678 2383 5728 ergo
2421 5663 2595 5727 ipsum
2639 5668 2865 5725 augetur
2904 5654 3224 5716 reverentia,
3286 5654 3358 5706 ita
3395 5655 3488 5709 tle—

1933 5766 2213 5825 spectorcs
2246 5753 2647 5816 Scriptururum
2681 5750 2823 5801 brevi
2851 5747 3069 5807 dem-rit,
3098 5755 3148 5797 et
3189 5744 3219 5794 ii
3247 5745 3336 5811 qui
3369 5758 3492 5810 pro-

1938 5848 2259 5917 grediuntur
2290 5845 2442 5914 juxta
2490 5840 2769 5910 pulchram
2814 5840 2951 5895 banc
3002 5838 3307 5906 palsslultt'ttt
3358 5834 3493 5888 nihil
