4262 6460
753 409 859 469 69:3
2001 410 2308 470 NlCOLAl
2351 408 2740 470 CABASILIE
3899 407 4006 469 69.6

754 519 952 572 habent
997 531 1416 581 commure;eo
1466 520 1583 588 ipso
1636 529 1816 573 autem
1867 520 2016 590 quod
2068 534 2097 572 e
2147 518 2329 574 medio
2359 526 2437 581 Α⁴

2323 538 2329 566 ν
2359 526 2402 581 Α
2432 536 2582 574 τεται
2615 521 2818 590 νόμοις,
2848 520 2880 590 ἡ
2925 519 3054 591 περὶ
3091 519 3256 573 αὐτὸν
3280 516 3447 584 αίδὼς
3472 515 3719 585 αὔξεται,
3771 518 3864 572 τὸν
3889 521 4006 572 τσον

753 611 986 671 tollitur,
1019 611 1231 664 cunctis
1259 625 1379 679 quae
1414 607 1703 678 prohibere
1760 621 1984 680 possent
2035 611 2334 680 nequitiam
2432 634 2436 650 ι

2325 628 2334 664 I
2432 615 2636 683 τρόπον
2687 613 2811 676 τοὺς
2837 613 2949 665 τῶν
3005 611 3202 681 λογίων
3252 613 3565 682 ὑπερόπτας
3614 611 3757 666 κατά
3814 613 4008 682 μικρὸν

754 701 976 767 ablatis,
1003 711 1056 756 et
1088 701 1294 755 ratione
1338 718 1459 772 quae
1504 701 1706 756 bonum
1753 703 1960 757 inducit
1989 713 2109 771 post
2139 702 2340 758 multas

2325 717 2340 758 ι
2438 706 2737 768 έπιλείπει,
2771 705 2865 758 καὶ
2901 704 3155 775 προϊοῦσι
3199 704 3334 776 πρὸς
3364 704 3423 758 τὸ
3453 704 3618 759 καλὸν
3647 703 3807 759 τοῦτο
3835 704 4008 768 πάθος

753 791 1148 846 rcl‘renationes
1198 801 1431 855 tacente,
1477 793 1620 860 quod
1663 795 1714 845 in
1761 792 1900 846 mala
1965 801 2206 846 extrema
2262 791 2340 846 la-

2325 820 2340 832 -
2445 793 2601 847 οὐδὲν
2638 793 2836 859 κοινὸν,
2869 794 2946 865 τῷ
2999 792 3057 847 δὲ
3111 793 3318 864 ταύτην
3386 795 3450 847 έκ
3509 794 3678 863 μέσου
3728 793 4008 862 γενέσθαι,

755 888 961 939 buntur
1001 883 1158 939 facile
1191 885 1530 953 intelligitur.
2437 914 2438 921 ι

2437 887 2656 941 πάντων
2685 890 2794 942 τῶν
2827 889 3072 958 ἐπισχεῖν
3099 888 3165 942 ἀν
3191 889 3528 957 δυνηθέντων
3588 887 3688 956 τὴν
3742 888 4009 955 πονηρίαν

753 976 1137 1050 ἀνῃρημένων,
1162 978 1257 1029 καὶ
1290 978 1381 1030 τοῦ
1406 978 1644 1044 τάγαθὸν
1668 979 2008 1047 εἰσφέροντος
2048 976 2307 1047 λογισμοῦ
2348 977 2423 1046 τῷ
2454 981 2712 1045 πολλάκις
2763 982 3220 1052 ὲπιστομισθῆναι
3257 981 3631 1052 σεσιγηκότος,
3688 981 3778 1032 έπ*
3799 978 4006 1048 ἔσχατα

754 1074 951 1141 χωρεῖν
983 1073 1178 1135 αὐτοὺς
1199 1072 1308 1124 τῶν
1339 1073 1544 1136 κακῶν,
1572 1072 1721 1124 οὐδὲν
1747 1072 2001 1141 χαλεπόν.

825 1168 1114 1235 l’rOpterea
1177 1168 1596 1222 sollicitudinem
1659 1168 1761 1222 viri
1833 1169 1985 1236 probi
2051 1169 2326 1230 retinent,

751 1270 802 1312 et
833 1259 1096 1314 adversus
1132 1261 1366 1314 radicem
1418 1261 1684 1313 malorum
1720 1260 1787 1314 ab
1837 1261 1993 1314 initio
2045 1261 2326 1324 resistunt,

753 1370 780 1408 s
818 1355 964 1421 lique
986 1354 1093 1406 Deo
1116 1369 1208 1407 cor
1229 1355 1564 1418 custodiunt,
1589 1364 1846 1423 tanquam
1879 1353 2022 1407 aliud
2051 1353 2323 1421 quoddam

755 1447 977 1515 adytum
1014 1447 1331 1500 memoriam
1367 1447 1468 1516 ipsi
1497 1447 1807 1514 scligentes.
1842 1446 2034 1501 Sciunt
2062 1447 2206 1501 enim
2237 1462 2329 1500 sa-

753 1553 970 1591 erarum
1013 1538 1209 1592 aedium
1263 1542 1550 1606 plerasque
1601 1552 1668 1590 ne
1707 1545 1927 1606 tangere
1960 1536 2176 1605 quidem
2212 1537 2329 1589 lici-

753 1640 890 1692 tum,
921 1645 984 1684 ac
1005 1630 1321 1698 supellectili
1371 1629 1615 1696 velisque
1685 1631 2023 1684 consecratis
2071 1628 2137 1681 ad
2180 1626 2328 1680 aliud

2508 1171 2608 1222 Διά
2636 1166 2807 1220 ταῦτα
2851 1167 2948 1238 τὴν
2993 1167 3264 1235 μέριμναν
3298 1169 3347 1218 οι
3383 1165 3664 1218 σπουδαῖοι
3709 1164 4011 1232 φυλάττον-

2435 1281 2547 1326 ται,
2578 1265 2671 1315 καὶ
2706 1261 2840 1331 πρὸς
2868 1264 2966 1330 τῆν
3007 1260 3162 1330 ῥίζαν
3198 1260 3254 1325 ἐξ
3281 1260 3452 1327 ἀρχῆς
3490 1259 3738 1311 ἵστανται
3763 1257 3872 1309 τῶν
3903 1274 4006 1308 κα-

2435 1357 2544 1409 κῶν
2570 1357 2662 1409 καὶ
2682 1355 2775 1424 τὴν
2804 1354 3032 1424 καρδίαν
3061 1353 3139 1422 τῷ
3160 1352 3279 1422 Θεῷ
3303 1352 3448 1420 μόνῳ
3468 1349 3723 1420 τηροῦσι,
3757 1349 4010 1416 καθάπερ

2433 1446 2562 1500 ἀλλο
2596 1464 2648 1499 τι
2689 1446 2913 1515 τέμενος
2947 1444 3045 1514 τὴν
3105 1444 3329 1513 μνήμην
3374 1441 3650 1507 ἐξελόντες
3692 1438 3861 1509 αὐτῷ.
3899 1440 4010 1491 Καὶ

2437 1538 2544 1608 γὰρ
2582 1538 2748 1601 ἴσασι,
2781 1538 2890 1589 τῶν
2935 1536 3034 1606 μὲν
3082 1535 3244 1606 ίερῶν
3295 1534 3463 1588 οἴκων
3493 1535 3605 1595 τοῖς
3650 1532 3864 1592 πολλοῖς
3889 1529 4008 1582 οὐδὲ

2427 1631 2622 1699 ψαύειν
2654 1631 2878 1696 ἐξεῖναι,
2909 1630 3005 1683 καὶ
3055 1628 3266 1682 σκευῶν
3313 1627 3406 1680 καὶ
3436 1625 3660 1678 πέπλων
3690 1626 3801 1686 τοῖς
3835 1621 4010 1684 οὕτως

754 1722 884 1788 quid
919 1723 994 1775 uti
1032 1725 1113 1776 fas
1147 1736 1250 1776 non
1275 1736 1415 1783 esse,
1441 1720 1637 1773 anime
1680 1736 1809 1775 vero
1839 1721 1947 1774 Deo
1976 1718 2332 1774 sanctiﬁcata
2429 1743 2437 1776 ι

2326 1738 2332 1772 r
2429 1722 2838 1790 ἀφωρισμένοις
2877 1723 3014 1790 πρὸς
3045 1720 3174 1775 ἀλλο
3222 1736 3275 1771 τι
3313 1717 3550 1788 χρῆσθαι
3588 1717 3698 1768 τῶν
3734 1715 4009 1783 ἀθεμίτων

755 1813 962 1865 nullum
1004 1827 1100 1880 par
1143 1827 1264 1866 esse
1309 1812 1630 1876 sacrarium,
1673 1812 1816 1865 unde
1861 1818 2110 1880 oporteat
2160 1811 2332 1863 multo
2362 1835 2438 1882 -ι

2324 1828 2332 1859 ι
2362 1877 2398 1882 _
2432 1813 2594 1879 εἶναι,
2626 1813 2802 1882 ψυχῆς
2827 1814 2885 1866 δὲ
2919 1812 3038 1881 Θεῷ
3074 1810 3508 1880 καθιερωθείσης
3539 1809 3689 1862 οὐδὲν
3723 1808 3838 1860 ἴσον
3867 1804 4007 1860 εἶναι

757 1907 931 1971 magis
968 1877 1188 1973 adytum
1229 1919 1350 1958 esse
1387 1903 1794 1972 impenetrabile
1835 1877 2196 1957 vendentibus
2247 1912 2324 1956 at-
2358 1877 2440 1941 Βι

2358 1877 2404 1936 Β
2433 1907 2541 1960 τῶν
2565 1907 2748 1976 ἱερῶν,
2789 1905 2912 1958 ὅθεν
2960 1906 3052 1958 καὶ
3099 1904 3299 1974 χρῆναι
3338 1902 3541 1965 παντὸς
3583 1902 3785 1971 μᾶλλον
3816 1901 4009 1954 ἄδυτον

756 2016 861 2066 que
922 2000 1251 2059 ementibus,
1314 2012 1522 2052 necnon
1558 1997 1764 2052 mensis
1803 2006 1852 2051 et
1900 1995 2171 2050 cathedris
2195 2011 2326 2049 ven-

756 2089 1006 2144 dentium
1062 2087 1346 2142 columbas
1396 2102 1460 2141 ac
1495 2085 1765 2141 similibus
1824 2086 2118 2139 immunem
2177 2097 2323 2138 esse.

759 2182 817 2235 Si
869 2181 1012 2234 enim
1059 2180 1325 2234 orationis
1368 2180 1590 2233 domum
1626 2177 1706 2234 sic
1743 2193 1866 2232 esse
1909 2186 2152 2246 Oportet,
2195 2177 2327 2246 quid

761 2275 1062 2343 putandum
1094 2273 1266 2326 estde
1300 2273 1415 2340 ipso
1450 2282 1663 2338 orante,
1701 2279 1920 2340 propter
1952 2284 2111 2338 quem
2148 2269 2327 2323 locum

760 2369 924 2420 istum
974 2365 1128 2419 turba
1174 2379 1402 2418 vacuum
1440 2378 1562 2418 esse
1607 2362 1907 2418 convenit?
1957 2359 2023 2416 Et
2056 2377 2186 2416 vero
2219 2376 2327 2415 non

759 2473 856 2527 pro
886 2469 1128 2526 tempore
1154 2457 1416 2511 continuo
1447 2470 1644 2509 nomen
1677 2463 1794 2507 erat
1819 2453 2030 2516 ellicax,
2066 2467 2163 2506 nec
2182 2469 2328 2508 sem-

765 2565 858 2619 per
909 2557 1026 2603 erat
1067 2547 1334 2602 orationis
1378 2546 1608 2611 domus,
1641 2545 1936 2615 aliquando
1976 2543 2329 2613 precantibus

760 2655 931 2694 vacua
966 2658 980 2695 :
1024 2651 1079 2692 nt
1105 2637 1398 2693 Christiani
1444 2646 1624 2692 autem
1676 2637 1768 2691 Dei
1807 2635 2202 2691 eonsociationi
2242 2637 2328 2689 in-

760 2733 995 2786 bzereant
1025 2745 1117 2798 per
1147 2743 1309 2782 omne
1337 2737 1549 2797 tempus
1602 2727 1973 2782 indesinenter
2021 2737 2326 2796 precantes,

757 2823 908 2877 Pauli
945 2823 1026 2876 lex
1058 2821 1231 2888 jubet.
1267 2818 1381 2872 lloc
1417 2829 1594 2872 autem
1629 2834 1847 2886 quoque
1872 2820 2283 2874 consideremus
2312 2835 2326 2872 :

759 2915 884 2967 aliis
936 2912 1082 2965 enim
1137 2912 1380 2964 Salvator
1425 2923 1520 2978 per
1570 2909 1730 2963 verba
1784 2909 2106 2964 criminibus
2154 2908 2328 2962 abdu-

756 3021 909 3066 ccns,
950 3005 1035 3056 hic
1089 3004 1259 3055 utitur
1307 3010 1360 3055 et
1393 3001 1571 3070 lingua
1602 3009 1657 3055 et
1686 3001 1789 3065 ira,
1821 3013 1875 3054 et
1920 3015 2106 3061 manu,
2144 3010 2196 3054 et
2229 2997 2326 3052 ﬂa-

759 3093 920 3161 geilo,
954 3101 1011 3144 ut
1050 3089 1458 3144 meminerimus
1494 3098 1696 3158 quanta
1741 3097 1828 3143 res
1857 3089 2224 3147 sollicitudine
2257 3092 2327 3142 sit

757 3187 916 3254 digna
944 3224 957 3239 .
993 3184 1114 3236 “me
1159 3183 1301 3237 enim
1348 3199 1455 3237 non
1499 3192 1604 3236 tam
1652 3193 1809 3237 erant
1847 3184 1988 3237 istud
2026 3184 2284 3254 templum
2308 3223 2322 3244 ,

757 3280 901 3349 quod
937 3277 1262 3346 przevidebat
1295 3291 1567 3339 eversum,
1589 3276 1858 3330 honorare
1883 3275 2131 3336 volentis,
2161 3288 2323 3341 quam

762 3372 1101 3425 ostendentis
1136 3372 1187 3422 in
1231 3384 1340 3438 quo
1372 3378 1552 3422 teneat
1583 3369 1756 3437 pretio
1789 3380 2228 3436 unumquemque
2261 3366 2326 3420 li-

760 3465 985 3523 delinm,
1012 3463 1152 3533 apud
1180 3477 1317 3532 quos
1350 3475 1569 3515 manere
1599 3459 1944 3528 promiserat,
1971 3457 2119 3512 curis
2150 3466 2203 3511 et
2233 3473 2332 3511 an-

761 3554 1057 3608 xietatibus
1109 3566 1229 3606 esse
1269 3551 1498 3606 liberum
1533 3565 1546 3613 ;
1578 3559 1631 3604 et
1678 3551 1838 3603 simul
1875 3563 2038 3617 quam
2083 3548 2226 3602 acris
2259 3548 2330 3602 sit

760 3642 964 3710 passio,
983 3647 1358 3707 quantumque
1385 3639 1456 3692 sit
1484 3653 1620 3705 Opus
1651 3640 1836 3690 animo
1863 3639 2168 3706 spirituque
2195 3651 2297 3690 con
2316 3665 2328 3673 -

759 3742 936 3787 stante
968 3746 1030 3784 ac
1066 3731 1274 3784 ratione
1312 3729 1584 3798 prudenti,
1613 3739 1664 3783 et
1687 3731 1986 3797 praesertim
2018 3731 2129 3798 ipsa
2161 3744 2324 3783 manu

761 3823 1102 3885 Salvatoris,
1135 3837 1295 3889 quem
1330 3822 1419 3890 qui
1457 3836 1564 3875 non
1596 3821 1741 3874 intus
1787 3829 2127 3889 receperunt,
2160 3821 2327 3876 animi

759 3913 1108 3983 agitationem
1154 3912 1355 3978 ejicere
1397 3920 1689 3979 nequeunt.
1739 3910 1950 3965 Idcirco
1985 3911 2327 3981 sacrilegium

760 4015 933 4058 morte
977 4005 1308 4075 puniendum
1371 4003 1451 4056 lex
1500 4011 1794 4067 statuerat,
1839 4011 1893 4056 et
1945 4000 2160 4056 Sanctis
2204 4017 2329 4057 san-

757 4105 969 4151 ctorum
1013 4097 1188 4148 velum
1247 4093 1615 4147 necessarium
1648 4092 1771 4148 fuit.
1803 4093 1910 4149 Oza
1944 4102 2189 4148 mortuus
2223 4105 2328 4160 est,

757 4189 903 4256 quod
956 4202 1096 4240 arca:
1147 4187 1417 4240 vacillanti
1470 4185 1754 4254 profanam
1789 4187 2046 4241 intulerat
2079 4202 2327 4252 manum,

756 4295 811 4333 et
835 4279 993 4335 Ozias
1025 4280 1229 4343 lepram
1260 4294 1290 4332 e
1322 4280 1492 4334 sarris
1521 4279 1730 4333 lucrum
1767 4280 1992 4348 accepit,
2018 4295 2158 4348 quae,
2191 4283 2330 4334 sicut

759 4375 863 4427 alia
913 4373 1101 4436 multa,
1158 4373 1439 4440 baptizata-
1490 4373 1706 4436 animae,
1761 4381 2021 4441 tanquam
2063 4388 2191 4427 vero
2236 4373 2327 4427 Dei

758 4467 1024 4526 sacrario,
1055 4480 1251 4534 purqu
1285 4465 1493 4533 asylum
1543 4478 1664 4517 esse
1709 4464 2030 4516 decernunt.
2072 4463 2195 4517 Ideo
2249 4465 2330 4516 vi—

2434 1995 2715 2063 εἶναιτοῖς
2762 1997 3000 2053 πωλοῦσι
3049 1999 3142 2051 καὶ
3178 1997 3530 2066 ἀγοράζουσι,
3575 1998 3670 2048 καὶ
3718 1993 4011 2064 τραπεζῶν

2433 2092 2528 2146 καὶ
2563 2091 2899 2144 κολυϐιστῶν
2930 2090 3024 2143 καὶ
3062 2087 3326 2142 τοιούτων
3362 2085 3707 2156 ἀπηλλάχθαι
3740 2086 4008 2156 πραγμάο

2433 2203 2563 2239 των.
2596 2185 2660 2238 Εί
2689 2185 2798 2255 γὰρ
2825 2184 2918 2237 τὸν
2951 2183 3051 2252 τῆς
3100 2182 3406 2252 προσευχῆς
3457 2176 3606 2235 οἷκον
3656 2179 3828 2241 οὕτως
3861 2179 4009 2249 ἔχειν

2430 2276 2623 2346 ἐχρῆν,
2657 2276 2804 2338 ὅπως
2838 2276 2920 2330 δεῖ
2948 2275 3197 2345 νομίζειν
3220 2274 3384 2326 αὑτὸν
3413 2273 3505 2326 τὸν
3527 2272 3844 2342 εὐχόμενον,
3866 2272 4009 2342 ὑπὲρ

2430 2363 2492 2422 οῦ
2527 2370 2622 2422 καὶ
2661 2369 2722 2421 τὸ
2752 2369 2954 2438 χωρίον
2983 2369 3161 2420 έκεῖνο
3191 2366 3525 2435 καθαρεύειν
3570 2365 3675 2419 ἔδει
3719 2365 4007 2436 θορύϐωνς

2434 2462 2626 2514 Καίτοι
2682 2463 2760 2532 τῷ
2812 2463 2912 2533 μὲν
2950 2463 3210 2516 ἑκάστοτε
3246 2460 3489 2530 τοῦνομα
3536 2461 3636 2514 ούκ
3663 2455 3731 2529 ἦν
3762 2459 4006 2526 ἐνεργὸν.

2431 2553 2539 2606 οὐδ’
2570 2550 2639 2623 ἦν
2671 2556 2756 2609 ἀεὶ
2786 2556 3094 2625 προσευχῆς
3130 2551 3298 2619 οἶκος,
3344 2554 3453 2607 τῶν
3483 2553 3796 2622 εὐχομένων
3835 2550 4008 2603 ἐνίοτε

2432 2648 2586 2709 κενὸς
2638 2647 2753 2700 ὧν·
2795 2647 3155 2717 Χριστιανοὺς
3207 2646 3263 2699 δὲ
3310 2648 3379 2716 τῇ
3431 2645 3528 2699 τοῦ
3557 2643 3694 2697 Θεοῦ
3747 2643 4009 2712 συνουσίᾳ

2434 2739 2793 2808 προσκεῖσθαι
2826 2739 2918 2790 τὸν
2953 2740 3042 2792 ἀεὶ
3072 2738 3264 2807 χρόνον
3294 2737 3658 2798 ἀδιαλείπτως
3701 2751 4008 2805 προσευχοο

2435 2829 2651 2896 μένους,
2707 2831 2736 2881 ὁ
2793 2829 2888 2882 τοῦ
2950 2828 3163 2882 Παύλου
3196 2827 3409 2881 κελεύει
3452 2828 3637 2896 νόμος.
3684 2828 3920 2879 Κάκεῖνο
3950 2826 4006 2879 δὲ

2433 2921 2750 2990 συνορῶμεν
2771 2938 2785 2953 ο
2818 2922 2931 2973 τῶν
2954 2922 3062 2987 γὰρ
3091 2921 3266 2974 ἀλλων
3298 2923 3325 2972 ὁ
3364 2919 3554 2988 Σωτὴρ
3586 2918 4008 2988 ἁμαρτημάτων

2431 3013 2608 3079 λόγοις
2639 3012 2869 3078 ἀπάγων
2897 3011 3129 3064 ἐνταῦθα
3181 3012 3277 3065 καὶ
3322 3010 3545 3080 γλώσσῃ
3600 3010 3866 3080 κέχρηται
3909 3009 4006 3060 καὶ

2428 3104 2564 3172 ὀργῇ
2598 3102 2690 3155 καὶ
2711 3102 2856 3171 χειρὶ
2877 3102 2970 3155 καὶ
2987 3103 3231 3172 μάστιγι,
3251 3099 3563 3168 λογίζεσθαι
3578 3101 3852 3170 παρέχων,
3874 3099 4007 3167 ὅσης

2429 3193 2570 3259 ἀξιοῖ
2605 3195 2666 3246 τὸ
2704 3196 2935 3262 πρᾶγμα
2985 3193 3240 3262 σπουδῆς.
3273 3192 3456 3246 Ταῦτα
3501 3192 3610 3261 γὰρ
3639 3192 3699 3244 οὐ
3739 3193 3831 3244 τὸν
3867 3191 4007 3243 νεὼν

2429 3284 2685 3338 τοσοῦτον
2743 3287 2951 3337 ἐκεῖνον
3009 3283 3333 3354 βουλομένου
3384 3281 3692 3352 σεμνύνειν,
3726 3281 3784 3334 ὃν
3837 3297 4010 3333 κατα-

2434 3380 2818 3447 σκαπτόμενον
2851 3379 3147 3449 περιεῖδεν,
3180 3379 3306 3432 ὅσον
3344 3379 3455 3431 τῶν
3498 3377 3701 3430 πιστῶν
3749 3377 4007 3440 ἕκαστον,

2431 3470 2560 3540 παρ’
2587 3468 2670 3533 οἷς
2705 3471 3077 3541 ἐπηγγείλατο
3105 3472 3309 3541 μένειν,
3349 3472 3622 3543 μερίμνης
3653 3469 4008 3540 ἀπηλλάχθαι

2431 3563 2527 3616 καὶ
2582 3565 2882 3634 φροντίδων
2935 3566 3062 3618 ὅσου
3117 3567 3380 3635 τιμᾶται,
3428 3564 3740 3627 δεικνύντος
3776 3559 3866 3634 ἦν,
3910 3562 4007 3616 καὶ

2432 3653 2550 3722 ἅμα
2575 3654 2648 3715 ὡς
2683 3656 2877 3723 ἰταμὸν
2901 3655 2962 3707 τὸ
2996 3655 3186 3720 πάθος,
3210 3656 3301 3708 καὶ
3325 3654 3482 3725 χρεία
3507 3654 3680 3724 θυμοῦ
3710 3655 3805 3709 καὶ
3823 3654 4006 3723 ψυχῆς

2431 3747 2679 3814 ἑστώσης
2709 3749 2802 3800 καὶ
2833 3746 3096 3816 νήφοντος
3122 3747 3408 3815 λογισμοῦ,
3439 3747 3531 3799 καὶ
3562 3748 3668 3816 πρό
3701 3763 3765 3814 γε
3796 3747 4006 3799 τούτων

2432 3839 2601 3906 αὐτῆς
2656 3842 2755 3906 τῆς
2815 3842 3001 3908 χειρὸς
3038 3840 3132 3892 τοῦ
3175 3840 3449 3908 Σωτῆρος,
3493 3839 3554 3890 δν
3603 3837 3750 3891 ἔνδον
3796 3839 3872 3907 μὴ
3907 3839 4006 3890 λα-

2430 3929 2624 3993 ϐόντας
2669 3930 2764 3983 τὸν
2798 3931 3031 3997 θόρυϐον
3069 3931 3353 4001 ἀμήχανον
3383 3930 3654 3984 ἐκϐαλεῖν.
3699 3930 3799 3982 Διά
3829 3931 4008 3983 ταῦτα

2431 4022 2493 4074 τὸ
2542 4021 2821 4092 ίερόσυλον
2855 4022 3072 4093 θανάτῳ
3101 4019 3435 4093 ζημιοῦσθαι
3481 4021 3646 4090 νόμος
3677 4022 3878 4084 ἔκειτο,
3912 4023 4008 4074 καὶ

2429 4115 2542 4175 τοῖς
2591 4114 2701 4166 τῶν
2753 4114 2926 4181 ἁγίων
2977 4116 3180 4183 ’Ᾱγίοις
3226 4114 3737 4184 παραπετάσματος
3787 4115 4004 4181 ἐδέησε.

2444 4209 2574 4272 ’0ζά
2626 4208 2942 4279 ἀπέθνησκε
2986 4211 3054 4280 τῇ
3110 4207 3329 4277 κιϐωτῷ
3380 4206 3784 4277 περιτραπείσῃ
3847 4209 4008 4276 χεῖρα

2434 4300 2661 4370 βέϐηλον
2711 4301 3000 4369 ὑποσχὼν,
3052 4302 3146 4352 καὶ
3209 4299 3394 4363 Ὀζίας
3431 4298 3644 4369 λέπραν
3674 4297 3786 4354 τῶν
3846 4299 4011 4368 ιερῶν

2431 4392 2711 4455 ἀπώνατο,
2749 4393 2844 4445 καὶ
2879 4390 3051 4444 πολλά
3097 4391 3163 4459 δὴ
3201 4390 3431 4442 τοιαῦτα
3479 4393 3547 4460 τῇ
3595 4389 4010 4461 βεϐαπτισμένῃ

2431 4485 2577 4555 ψυχῇ
2609 4485 2672 4536 τὺ
2715 4482 2975 4552 καθαρῶς
3005 4481 3204 4536 ἄσυλον
3234 4480 3314 4551 τῷ
3341 4480 3583 4551 ἀληθινῷ
3613 4479 3754 4534 Θεοῦ
3786 4483 4011 4551 τεμένει

757 4559 1008 4613 sentibus
1053 4560 1106 4612 in
1140 4557 1360 4613 Christo
1403 4571 1592 4623 puram
1642 4571 1670 4609 a
1714 4555 2080 4609 sollicitudine
2131 4556 2329 4608 habere
2364 4572 2440 4626 ο.

2323 4574 2329 4607 θ
2364 4572 2404 4626 D
2435 4574 2737 4644 νομοθετεῖ.
2761 4574 2860 4628 Διά
2880 4572 3052 4626 ταῦτα
3075 4575 3189 4637 τοῖς
3210 4573 3269 4625 έν
3291 4571 3515 4642 Χριστῷ
3541 4569 3711 4636 ζῶσιν
3733 4571 4006 4642 εἰλικρινῆ

755 4654 1011 4715 animam,
1047 4652 1100 4704 in
1148 4663 1344 4718 magno
1379 4649 1589 4702 videtur
1636 4663 1756 4701 esse
1786 4648 1994 4714 pretio;
2035 4656 2085 4701 et
2121 4649 2164 4702 si
2195 4649 2321 4718 quid

757 4762 946 4800 uorum
985 4757 1106 4814 quae
1138 4744 1392 4796 videntur
1427 4755 1548 4794 esse
1592 4740 1744 4792 utilia
1787 4739 2116 4794 voluntatem
2161 4756 2326 4808 pello,-

759 4850 885 4900 Irat,
931 4853 1038 4890 non
1072 4836 1329 4904 pervertit
1368 4848 1614 4894 sensum,
1647 4832 2105 4900 quemadmodum
2147 4832 2326 4897 Petro,

759 4946 880 4981 (Ulli
936 4934 1222 4980 vocantem
1282 4925 1618 4978 Salvatorem
1667 4924 1896 4989 audivit,
1956 4926 2020 4978 de
2071 4925 2235 4980 rebus
2275 4928 2327 4978 in

758 5035 922 5075 manu
961 5019 1157 5072 habitis
1190 5018 1335 5071 nulla
1377 5032 1506 5069 cura
1545 5014 1665 5069 fuit.
1711 5017 1924 5069 Etenim
1958 5026 2010 5068 et
2054 5017 2152 5084 ipsi
2192 5033 2327 5086 qua-

758 5122 880 5164 dam
913 5112 1196 5164 vocatione
1225 5119 1484 5178 perpetua
1523 5120 1786 5163 voeantur
1818 5125 1912 5178 per
1943 5110 2269 5178 insculptam
2298 5127 2327 5164 a

762 5203 1032 5272 mysteriis
1065 5204 1115 5256 in
1149 5205 1327 5256 anima
1359 5201 1612 5268 gratiam,
1640 5217 1781 5270 quae,
1819 5204 1960 5255 sicut
1999 5202 2074 5255 ait
2104 5203 2327 5268 Paulus,

765 5317 782 5348 ‹
817 5307 901 5350 est
939 5296 1173 5366 Spiritus
1205 5295 1322 5348 Filii
1353 5294 1443 5348 Dei
1470 5293 1714 5348 clamans
1753 5295 1805 5348 in
1846 5295 2009 5350 corde
2045 5294 2325 5363 ipsorum:

755 5390 928 5451 Abba,
964 5389 1137 5442 Pater.
1177 5404 1196 5437 ι
1220 5387 1283 5440 Ει
1333 5387 1403 5445 ita
1428 5401 1641 5454 semper
1674 5386 1855 5440 omnia
1897 5387 2225 5455 despiciunt,
2273 5397 2330 5442 ut

759 5494 971 5548 semper
1014 5479 1288 5533 Christum
1325 5477 1481 5547 sequi
1528 5477 1767 5546 possint;
1800 5478 2061 5547 quoniam
2113 5496 2217 5533 non
2247 5489 2329 5534 est

756 5586 799 5624 te
823 5586 994 5637 tuum,
1027 5571 1227 5637 inquit,
1272 5586 1367 5624 eos
1404 5590 1419 5621 ι
1457 5571 1679 5624 verbum
1731 5570 1821 5624 Dei
1868 5571 2242 5641 derelinquere
2275 5584 2327 5627 et

759 5665 1070 5717 ministrare
1103 5667 1326 5727 mensis,
1359 5683 1376 5716 ι
1416 5664 1593 5732 primo
1617 5665 1833 5732 quidem
1863 5664 2001 5732 quod
2029 5665 2160 5718 nihil
2192 5665 2327 5733 ipsis

760 5772 867 5824 prze
920 5757 1028 5812 Deo
1067 5769 1183 5821 est;
1233 5758 1424 5812 deinde
1473 5760 1728 5827 quoniam
1797 5769 1849 5812 et
1899 5768 2091 5812 caetera
2144 5760 2322 5812 omnia

757 5847 825 5901 ab
878 5846 994 5917 ipso
1042 5850 1308 5904 bonorum
1336 5850 1578 5905 omnium
1606 5863 1819 5904 summo
1849 5851 2218 5918 dispensatore
2244 5868 2326 5906 rc-

2439 4669 2715 4739 μερίμνης
2741 4667 2838 4738 τὴν
2862 4665 3042 4736 ψυχὴν
3085 4665 3232 4736 εχειν
3259 4664 3458 4717 πολλοῦ
3480 4680 3629 4725 τινος
3666 4659 3807 4716 εἷναι
3837 4663 4010 4716 δοκεῖ’

2437 4762 2542 4814 κάν
2579 4777 2632 4813 τι
2661 4759 2760 4830 τὴν
2787 4760 3016 4828 γνώμην
3046 4756 3265 4826 εἰσέλθῃ
3296 4755 3406 4808 τῶν
3446 4753 3586 4808 εἶναι
3619 4753 3901 4824 προῦργου
3934 4758 4015 4809 δο-

2438 4851 2697 4915 κούντων,
2729 4851 2830 4903 οὐκ
2863 4849 3186 4919 ἐπιστρέφει
3211 4848 3304 4901 τὸν
3327 4847 3611 4916 λογισμὸν,
3647 4848 3903 4916 καθάπερ
3936 4850 4012 4918 τῷ

2439 4944 2630 5012 Πέτρῳ
2667 4941 2778 4995 τῶν
2811 4943 2869 4995 ὲν
2906 4939 3096 5010 χερσὶν
3123 4939 3277 4993 οὐδέν
3301 4939 3594 5010 ἐμέλησεν,
3619 4941 3743 4992 ἐπεὶ
3779 4941 4013 4994 καλοῦν-

2435 5051 2526 5095 τος
2553 5033 2646 5086 τοῦ
2683 5033 2939 5102 Σωτῆρος
2984 5032 3206 5101 ἢκουσε.
3266 5031 3378 5085 Καὶ
3425 5031 3536 5104 γὰρ
3571 5035 3668 5085 καὶ
3713 5033 3870 5085 αὐτοὶ
3915 5053 4015 5088 κα-

2434 5127 2654 5180 λοῦνται
2708 5125 2903 5193 κλῆσίν
2951 5142 3074 5178 τινα
3127 5125 3328 5193 συνεχῆ
3368 5123 3461 5176 καὶ
3505 5125 3732 5194 διηνεκῆ
3767 5125 3858 5178 διὰ
3907 5127 4011 5194 τῆς

2436 5215 2870 5287 ἐνσημανθείσης
2900 5215 3008 5268 ἀπὸ
3044 5214 3155 5266 τῶν
3185 5213 3518 5284 ’μυστηρίων
3556 5217 3622 5284 τῇ
3661 5215 3809 5284 ψυχῇ
3846 5218 4009 5285 χάρι-

2433 5328 2558 5372 τος,
2611 5310 2732 5379 ἥτις
2785 5311 2923 5373 ἐστὶ,
2972 5307 3184 5370 Παῦλος
3230 5301 3372 5371 εἷπε,
3426 5324 3446 5358 σ
3486 5306 3548 5359 τὸ
3591 5306 3689 5359 τοῦ
3729 5307 3860 5361 Υίοῦ
3913 5309 4007 5362 τοῦ

2433 5400 2569 5454 Θεοῦ
2598 5399 2826 5469 Πνεῦμα
2847 5403 2903 5453 ὲν
2931 5402 3052 5460 ταῖς
3071 5399 3322 5468 καρδίαις
3349 5399 3531 5452 αὐτῶν
3555 5401 3787 5470 κράζον’
3833 5403 4008 5455 ’Δϐϐᾶ

2430 5494 2459 5546 ὀ
2489 5493 2700 5560 Πατήρ.
2738 5509 2757 5541 ι
2796 5491 2904 5542 Καὶ
2943 5488 3114 5549 οὕτως
3165 5490 3422 5542 ἑκάστοτε
3468 5490 3686 5544 πάντων
3721 5491 4008 5562 ὑπερορῶ-

2435 5602 2543 5648 σιν,
2580 5584 2646 5636 ἴν’
2683 5584 2942 5635 ἑκάστοτε
2972 5583 3049 5651 τῷ
3071 5581 3294 5650 Χριστῷ
3321 5582 3624 5650 δυνηθῶσιν
3651 5583 3970 5637 ἀκολουθεῢ
3989 5627 4003 5648 ,

2433 5676 2515 5727 ὅτι
2542 5675 2601 5726 οὐ
2634 5675 2798 5726 καλόν
2828 5677 2965 5736 ὲστι,
3010 5674 3197 5742 φησὶν,
3241 5693 3259 5724 ‹
3301 5674 3536 5742 ἀφέντας
3563 5676 3652 5727 τὸν
3699 5674 3859 5742 λόγον
3907 5676 4004 5728 τοῦ

2431 5766 2566 5820 Θεοῦ
2611 5768 2879 5819 διακονεῖν
2925 5767 3251 5835 τραπέζαις,
3290 5785 3308 5819 ι
3347 5768 3564 5836 πρῶτον
3589 5767 3698 5838 μὲν
3718 5768 3800 5820 ὅτι
3835 5769 4006 5837 μηδὲν

2431 5863 2610 5924 αὐτοῖς
2662 5861 2764 5930 πρὸ
2797 5860 2890 5913 τοῦ
2939 5860 3098 5925 Θεοῦ,
3156 5861 3328 5914 ἔπειθ’
3373 5862 3454 5915 ὅτι
3499 5861 3594 5916 καὶ
3638 5862 3814 5916 πάντα
3867 5862 4001 5932 παρ’
