4262 6460
256 392 362 450 697

1326 405 1423 465 DE
1466 405 1638 464 VITA
1685 362 1763 465 tv
1804 406 2142 465 cumsro
2188 410 2329 467 LIB.
2372 408 2499 469 vu.

3388 423 3491 487 693

250 506 403 573 αύτῷ
442 508 610 560 τᾶλλα
676 510 1047 573 προσδοκῶσιν
1103 512 1394 582 εὑρήσειν,
1443 515 1552 568 τῶν
1601 516 1820 582 ἀγαθῶν
1852 528 1889 580 Α

1856 528 1891 580 Α
1923 528 2176 586 cepturos
2220 534 2278 572 se
2315 530 2652 589 exspectant.
2690 522 2818 574 Nam
2871 526 3237 592 qumrentibus
3261 532 3493 595 primum

252 598 370 649 δντι
398 600 616 652 πάντων
649 602 839 671 ταμίᾳ..
879 605 986 655 Καὶ
1038 605 1146 674 γὰρ
1192 606 1401 658 αἰτοῦσι
1454 606 1673 674 πρῶτον
1725 606 1821 673 τὴν

253 687 535 756 βασιλείαν
560 689 653 742 τοῦ
689 691 847 755 Θεοῦ,
879 693 973 747 τοῦ
996 694 1259 762 ἀψευδοῦς
1290 697 1610 763 ἐπαγγελία,
1643 697 1821 749 πάντα

251 781 422 834 τᾶλλα
474 784 885 853 ἀκολουθήσειν.
929 788 1103 857 ’Υπὲρ
1130 790 1337 841 τούτων
1384 791 1651 859 μερίμνης
1698 791 1821 851 τοὺς

252 874 407 943 αὐτῷ
438 880 875 944 προσκειμένους
914 883 941 934 ό
984 882 1174 951 Σωτὴρ
1210 884 1437 949 ἀπάγων
1470 884 1691 949 ἀπάσης
1728 900 1822 934 που

251 965 351 1019 λὺν
386 968 480 1019 τοῦ
517 970 681 1037 νόμου
715 971 906 1023 τούτου
932 976 1165 1025 ποιεῖται
1199 977 1375 1041 λόγον,
1412 976 1495 1027 ἵνα
1528 992 1583 1027 τε
1613 976 1687 1043 μὴ
1716 974 1823 1025 τῶν

252 1059 523 1126 μειζόνων
569 1062 985 1131 ἀποστερῶνται
1009 1104 1023 1122 .
1064 1066 1154 1116 καὶ
1194 1067 1273 1117 ὅτι
1308 1067 1484 1133 μάτην
1531 1070 1822 1117 κόπτονται

248 1151 658 1218 φροντίζοντες,
688 1145 762 1204 ὧν
804 1155 907 1222 πρὸ
941 1155 1119 1208 αὐτῶν
1164 1158 1357 1225 ἐκείνῳ
1388 1158 1632 1225 μελήσει.
1660 1155 1738 1209 Ἐἰ
1768 1158 1823 1209 δὲ

246 1242 309 1293 τὸ
349 1245 623 1312 μεριμυᾷν
654 1246 793 1313 ὑπὲρ
827 1247 1031 1298 τούτων
1071 1248 1277 1316 ζημία,
1334 1250 1393 1300 τὸ
1430 1251 1681 1302 ἀνιᾶσθαι
1721 1250 1823 1302 ποῦ

247 1335 517 1401 θήσομεν,
555 1337 582 1388 ὃ
619 1338 692 1406 μὴ
735 1341 894 1406 μόνον
945 1342 1057 1393 ἐστὶ
1092 1341 1183 1393 τοῦ
1223 1342 1355 1393 Θεοῦ
1390 1347 1453 1412 τῇ
1499 1346 1686 1413 μνήμῃ
1726 1343 1823 1406 τὴν

245 1426 429 1493 ψυχὴν
470 1429 796 1495 ἀφεστάναι,
852 1434 986 1484 ἀλλά
1034 1434 1131 1488 καὶ
1186 1438 1531 1491 παντάπασιν
1589 1438 1825 1490 ἐσκοτῶ-

250 1519 375 1570 σθαι
418 1522 511 1573 καὶ
558 1526 759 1591 τυφλὸν
816 1524 952 1577 εἶναι
1002 1527 1096 1580 τὸν
1131 1529 1413 1599 λογισμὸν,
1461 1531 1536 1592 ὡς
1564 1533 1657 1583 καὶ
1691 1532 1824 1598 πρὸς

244 1610 465 1663 ὄλισθον
501 1616 844 1668 παντοδαπὸν
876 1620 1128 1673 ἐντεῦθεν
1155 1623 1395 1690 εὐχερῶς
1451 1623 1629 1691 ἔχεινς
1681 1624 1825 1685 Νοίς

244 1707 357 1770 γὰρ
388 1708 609 1760 ἐπειδὰν
658 1709 867 1780 ἀθυμία
915 1714 1143 1782 κάτοχος
1234 1755 1247 1779 ,
1279 1714 1355 1782 τῷ
1402 1717 1677 1769 σεσεῖσθαι
1710 1718 1823 1777 τοῖς

244 1798 462 1851 ἐκεῖθεν
493 1798 722 1869 ἰλίγγοις
749 1804 841 1855 καὶ
872 1808 1227 1869 καταπεσεῖν,
1253 1807 1320 1859 τά
1351 1808 1660 1874 φαυλότατα
1688 1807 1822 1861 πάν-

240 1909 352 1944 των
382 1893 564 1963 ἑαυτῷ
614 1896 832 1965 χρῆται,
877 1900 977 1968 τὴν
1030 1901 1127 1968 μὲν
1162 1901 1450 1967 ἐνέργειαν
1482 1902 1581 1968 τὴν
1625 1899 1816 1953 ἑαυτοῦ

241 1987 337 2039 καὶ
370 1988 472 2054 τὴν
496 1987 652 2052 ἀξίαν
704 1991 937 2060 ἑτοίμως
972 1991 1111 2057 ἄγαν
1158 1993 1479 2062 προϊέμενος
1509 1994 1601 2045 καὶ
1640 1993 1667 2045 ό
1718 1994 1817 2045 πέ-

241 2096 406 2143 φυκε,
442 2079 695 2151 καθάπερ
747 2082 797 2134 οἱ
840 2083 1036 2151 μακρῷ
1071 2084 1223 2154 κάρῳ
1275 2086 1710 2154 κατασχεθέντες
1750 2085 1818 2137 τὰ

242 2172 300 2220 ὲν
326 2172 508 2240 χερσὶ,
543 2172 743 2225 πάθεσι
766 2173 820 2225 δὲ
845 2175 1049 2243 ῥᾳδίως
1082 2176 1246 2227 εἴκων
1271 2178 1616 2247 ἀνδραπόδων
1638 2178 1815 2243 δίκην,

240 2258 325 2324 οἷς
365 2265 681 2318 ἐπιτάττειν
715 2266 919 2326 δίκαιος
950 2262 1017 2335 ἦν
1040 2285 1052 2299 ·
1091 2270 1184 2322 καὶ
1210 2269 1384 2329 οὕτως
1409 2270 1561 2322 οὐδὲν
1596 2271 1817 2333 κωλύει,

241 2355 341 2425 τὴν
375 2356 556 2424 ψυχὴν
578 2356 891 2422 ἀποθανεῖν,
920 2361 1117 2428 μυρίας
1145 2361 1419 2413 λαϐοῦσαν
1446 2362 1686 2429 πληγὰς,
1710 2364 1819 2415 τῶν

243 2448 345 2516 μὲν
372 2449 469 2513 ἀφ’
506 2448 676 2516 ὕψους
719 2448 855 2518 αὐτῇ
890 2450 1277 2519 πολεμούντων
1313 2454 1525 2506 πολλῶν
1555 2454 1747 2512 ὄντων,

241 2540 408 2591 Δαεὶδ
441 2538 589 2605 εἷπε,
626 2542 719 2593 τοῦ
749 2542 791 2593 δ’
824 2544 1192 2613 ἐπικουρῆσαι
1240 2548 1300 2597 οὐ
1354 2546 1675 2615 δυναμένου.
1721 2549 1819 2600 Διά

240 2634 400 2685 τοῦτο
445 2635 676 2695 Παῦλος,
706 2653 723 2685 ι
761 2638 825 2687 Ἢ
858 2637 1025 2704 λύπη,
1056 2641 1210 2706 φησὶ,
1235 2639 1327 2691 τοῦ
1359 2642 1561 2709 κόσμου
1589 2640 1820 2693 θάνατον

240 2726 689 2793 κατεργάζεται·
732 2747 749 2779 ι
796 2730 930 2796 πρὸς
983 2730 1045 2799 δὴ
1095 2731 1268 2783 ταῦτα
1310 2733 1595 2801 βλέποντες
1636 2733 1683 2785 οἳ
1719 2750 1818 2784 πε-

244 2821 452 2884 ριεῖναι
511 2820 603 2871 καὶ
653 2818 751 2888 ζῇν
809 2821 991 2882 αὐτοῖς
1034 2821 1319 2888 βούλονται
1360 2823 1459 2889 τὴν
1495 2825 1672 2893 ψυχὴν
1698 2866 1712 2889 ,
1757 2825 1818 2878 οὑ

238 2909 424 2976 λύπην
470 2908 736 2976 φεύγουσι
769 2912 950 2977 μόνον,
986 2913 1123 2964 ἀλλά
1151 2914 1247 2966 καὶ
1285 2916 1557 2983 μερίμνης
1588 2916 1819 2982 ἀπέχον-

239 3019 357 3062 ται,
384 3000 672 3071 πόρρωθεν
698 3003 1095 3071 ἐκτρεπόμενοι
1124 3004 1183 3055 τὸ
1205 3007 1395 3060 κακόν.
1432 3007 1493 3059 El
1522 3007 1576 3059 δὲ
1609 3006 1818 3067 πολλοῖς

237 3094 352 3145 τῶν
395 3094 722 3155 σπουδαίων,
767 3096 979 3147 πόλεων
1010 3099 1103 3148 καὶ
1137 3100 1421 3149 συνοικιῶν
1449 3098 1819 3166 ἐπιμελουμέ-

239 3200 378 3246 νοις,
430 3184 525 3236 καὶ
565 3185 907 3252 πραγμάτων
955 3185 1186 3253 ἆψεσθαι
1230 3188 1449 3255 συνέϐη,
1494 3189 1629 3240 ἀλλά
1660 3188 1815 3258 μερί-
1847 3223 1889 3280 c

244 3292 413 3344 μναις
438 3275 592 3327 οὐδὲν
617 3278 819 3343 μᾶλλον
846 3280 1169 3347 προσέσχον.
1196 3279 1303 3330 οὐδ’
1327 3280 1617 3349 ἐξέστησεν
1644 3279 1820 3332 αὐτῶν

236 3368 339 3419 τοῦ
368 3367 772 3437 καθεστηκότος
822 3370 917 3421 τὸν
963 3370 1243 3439 λογισμόν.
1287 3373 1659 3442 Μεριμνῶμεν
1689 3372 1816 3441 γὰρ,

236 3458 490 3522 ἐπειδάν,
517 3459 647 3526 περὶ
669 3452 743 3512 ὧν
774 3460 1045 3529 ζητοῦμεν
1071 3462 1163 3514 καὶ
1187 3455 1262 3513 ὧν
1284 3464 1431 3525 ὅπως
1462 3464 1616 3516 ἔσται
1639 3466 1823 3532 τυχεῖν

238 3554 598 3620 σκοποῦμεν.
650 3551 785 3620 πρὸς
842 3555 1015 3606 ταῦτα
1071 3556 1239 3608 πόθον
1286 3557 1404 3609 τινὰ
1467 3557 1822 3625 κεκτημένοις

236 3645 440 3697 ἔπειτα
469 3646 675 3712 τυχεῐν,
726 3645 775 3695 si
806 3646 1009 3712 γένοιτ’
1043 3646 1109 3699 ἀν
1139 3649 1273 3715 ἡμῖν
1313 3642 1387 3700 ῶν
1418 3648 1819 3715 ἐπιθυμοῦμεν,

233 3737 441 3805 ἄδηλον
564 3736 752 3789 Ταῦτα
788 3737 896 3804 γάρ
928 3738 1027 3809 τὴν
1061 3739 1335 3810 μέριμναν
1365 3741 1684 3792 συνιστάναι
1731 3740 1822 3791 καὶ

236 3830 592 3882 κατατείνειν
621 3830 842 3897 δύναται
865 3830 964 3899 τὴν
985 3822 1182 3900 ψυχὴν,
1230 3832 1364 3886 τότε
1387 3835 1513 3903 περὶ
1543 3834 1603 3885 τὸ
1629 3834 1823 3902 ςητού-

238 3938 411 3993 μενον
427 3922 652 3990 φίλτρον
673 3923 731 3975 τό
750 3940 807 3975 τε
828 3925 953 3991 περὶ
986 3924 1080 3975 τοῦ
1121 3924 1305 3987 τέλους
1346 3926 1447 3994 τῆς
1484 3927 1611 3995 περὶ
1654 3926 1819 3981 αὑτοῦ

238 4014 485 4081 σπουδῆς
514 4013 680 4081 μηδὲν
704 4013 903 4067 εἰδέναι
930 4016 1098 4080 σαφές
1120 4032 1131 4045 '
1147 4016 1212 4068 ἀν
1229 4033 1286 4067 τε
1309 4016 1467 4086 γάρῆ
1497 4012 1713 4085 περἰὧν
1736 4037 1823 4086 φι-

238 4111 449 4179 λοῦμεν
466 4109 622 4161 οὐδὲν
639 4109 892 4176 εἰδῶμεν,
917 4108 949 4178 ἢ
976 4110 1103 4178 περὶ
1121 4101 1195 4160 ὧν
1214 4110 1479 4176 φιλοῦμεν
1500 4112 1565 4163 τὰ
1590 4111 1708 4163 κατ’
1733 4112 1822 4163 εύ-

233 4206 343 4272 γὴν
360 4202 614 4266 εἰδῶμεν,
640 4200 791 4252 οὐδὲν
808 4201 939 4270 ἡμῖν
956 4200 1215 4270 δυσχερὲς
1235 4201 1355 4253 οὐδὲ
1384 4204 1647 4269 μέριμνα,
1674 4202 1739 4253 ἀν
1759 4220 1818 4254 τε

236 4294 537 4362 ζητοῦντες
558 4293 585 4344 δ
609 4290 891 4359 φιλοῦμεν,
911 4292 983 4355 ῶς
1015 4293 1075 4344 ού
1103 4292 1407 4362 ληψόμεθα,
1439 4295 1625 4361 σαφῶς
1666 4295 1820 4347 εἱδῶ-

238 4403 365 4454 μεν,
396 4381 490 4435 τοῦ
521 4399 582 4450 με
596 4383 792 4451 ριμνᾷν
818 4382 993 4441 οὐδεὶς
1018 4382 1406 4435 καταλείπεται
1440 4384 1625 4444 τόπος.
1654 4384 1818 4436 Οὐδε-

237 4474 343 4541 μία
372 4476 483 4542 γάρ
502 4472 741 4526 ἐνταῦθα
761 4474 980 4540 φροντὶς
1011 4475 1129 4525 οὐδὲ
1160 4476 1342 4543 φόὸος,
1366 4479 1420 4525 ἐν
1454 4471 1534 4537 οἷς
1557 4476 1697 4542 ότῆς
1720 4494 1817 4544 με-

1927 625 2151 677 reguum
2193 608 2308 668 Dei.
2341 626 2461 663 vera
2495 622 2577 666 est
2608 615 2897 682 promissio
2918 627 3106 669 cmtera
3139 632 3329 672 (‘llltCla
3367 638 3498 675 con-

1925 710 2219 767 sequenter
2262 702 2448 755 datum
2482 704 2566 756 iri.
2611 704 2786 771 Super
2825 707 2907 761 his
2945 712 3089 763 omni
3132 714 3496 769 sollicitudine

1924 790 2260 846 adbaareutes
2292 794 2394 848 sibi
2430 792 2676 848 Salvator
2722 814 2950 863 exuens,
2989 804 3217 855 multum
3268 804 3496 871 hujusce

1927 880 2060 948 legis
2112 882 2240 936 facit
2271 884 2473 947 locum,
2505 901 2571 938 ne
2605 887 2921 943 melioribus
2954 892 3254 958 priventur,
3283 905 3334 948 et
3369 897 3495 963 quia

1924 974 2129 1028 {austra
2178 976 2472 1045 fatigantur
2504 979 2723 1032 solliciti
2752 981 2819 1033 de
2850 984 3046 1049 quibus
3077 994 3203 1037 ante
3244 987 3389 1053 ipsos
3419 988 3494 1041 illi

1926 1080 2054 1117 cura
2105 1076 2207 1119 cst.
2254 1066 2308 1119 Si
2365 1085 2491 1122 vero
2547 1071 2614 1124 de
2662 1071 2777 1126 istis
2833 1074 3255 1130 sollicitudinem
3300 1082 3497 1133 habere

1924 1159 2247 1213 damnosum
2289 1170 2392 1220 est.
2429 1164 2518 1215 ubi
2554 1164 2827 1217 tristitiam
2883 1182 3166 1233 ponemus,
3200 1174 3344 1238 quod
3391 1190 3495 1224 non

1926 1250 2099 1302 solum
2137 1260 2218 1303 est
2252 1268 2280 1304 a
2318 1250 2407 1305 Dei
2448 1257 2820 1309 recordatione
2854 1267 3085 1311 mentem
3125 1263 3374 1325 alienari,
3405 1266 3495 1317 sed

1925 1343 2149 1395 omnino
2213 1344 2518 1405 obscurari,
2582 1364 2892 1417 ca‘eamque
2955 1354 3218 1405 rationem
3279 1356 3493 1417 habere,

1927 1432 1994 1485 ita
2030 1433 2168 1486 utad
2202 1437 2497 1502 quamlibet
2519 1439 2729 1491 ruinam
2757 1442 2949 1494 exinde
2978 1442 3151 1496 facilis
3170 1446 3237 1497 sit
3263 1444 3495 1498 descen-

1925 1526 2055 1578 sus?
2076 1524 2225 1580 Mens
2252 1530 2393 1580 enim
2423 1540 2712 1598 postquam
2738 1534 2903 1585 animi
2936 1536 3238 1602 dejectione
3261 1537 3490 1601 laborat,

1925 1616 1969 1667 si
2003 1616 2197 1669 exinde
2250 1618 2511 1687 vertigine
2549 1631 2781 1674 vexetur
2826 1635 2987 1687 atque
3035 1626 3269 1685 decidat,
3304 1627 3495 1678 iniser-

1927 1708 2063 1759 rime
2091 1722 2152 1761 se
2185 1709 2368 1774 habet,
2406 1712 2510 1763 vim
2546 1728 2699 1765 suam
2723 1724 2773 1767 et
2805 1716 3117 1784 dignitatem
3148 1728 3200 1771 et
3231 1719 3493 1786 quidquid

1926 1798 2028 1851 sibi
2065 1800 2306 1854 innatum
2330 1812 2429 1867 est,
2465 1806 2619 1858 sicuti
2655 1806 2745 1873 qui
2783 1806 3058 1875 profundo
3087 1820 3372 1876 captantur
3409 1825 3496 1862 so-

1856 1884 1897 1939 B
1928 1906 2060 1959 pore
2093 1907 2212 1961 qua
2263 1894 2315 1946 in
2360 1897 2611 1951 manibus
2653 1907 2861 1964 tenent,
2893 1910 3140 1969 prompte
3181 1902 3492 1969 projieiens,

1929 1980 2083 2035 facile
2129 2000 2258 2037 vero
2308 1986 2528 2051 cedens,
2584 2004 2866 2042 servorqu
2920 2006 3093 2054 more,
3130 1992 3494 2057 passionibus.

1922 2074 2120 2140 quibus
2146 2076 2413 2143 imperare
2442 2094 2657 2148 aequum
2693 2092 2840 2146 erat;
2873 2091 2924 2134 et
2953 2083 3030 2135 sic
3064 2083 3193 2135 nihil
3220 2084 3491 2151 probtbet,

1922 2166 2214 2233 quominus
2244 2168 2445 2231 anima,
2485 2170 2628 2225 mille
2659 2172 2827 2239 plagis
2859 2174 3114 2240 acceptis,
3140 2184 3343 2241 pereat,
3368 2189 3490 2226 cum

1922 2257 2075 2309 multi
2126 2258 2343 2325 quidem
2383 2261 2512 2324 sint,
2549 2273 2606 2315 ut
2653 2264 2728 2315 ait
2757 2263 2946 2327 David,
2978 2269 3068 2334 qui
3120 2281 3187 2319 ex
3232 2266 3342 2318 alto
3390 2282 3493 2332 pu-

1922 2360 2087 2416 gnaul
2111 2352 2372 2405 adversus
2404 2368 2544 2415 eam,
2583 2356 2763 2407 nullus
2797 2372 2925 2409 vero
2971 2357 3042 2410 sit
3087 2359 3179 2425 qui
3226 2358 3490 2410 auxilium

1924 2444 2065 2493 terre
2089 2442 2277 2509 possit.
2313 2441 2435 2495 ldeo
2467 2441 2689 2507 Paulus,
2749 2464 2765 2494 ι
2798 2442 2990 2499 Srculi
3026 2447 3267 2507 tristitia,
3293 2446 3492 2511 inquit,

1924 2543 2149 2585 mortem
2218 2544 2492 2602 operatur.
2546 2556 2564 2587 ι
2629 2536 2707 2590 Ad
2766 2554 2887 2606 qua:
2952 2540 3345 2607 prospicientes
3400 2539 3494 2604 qui

1921 2640 2207 2692 superesse
2231 2627 2518 2695 vivereque
2544 2630 2642 2681 sibi
2674 2631 2861 2685 volunt
2891 2634 3154 2694 animam,
3184 2647 3287 2685 non
3316 2633 3491 2685 solum

1922 2717 2202 2771 tristitiam
2265 2718 2499 2787 fugiunt,
2559 2724 2651 2775 sed
2712 2725 2876 2777 etiam
2939 2726 3127 2794 procul
3187 2736 3495 2780 avertentes

1923 2811 2122 2863 malum
2148 2826 2173 2861 a
2205 2811 2567 2867 sollicitudine
2594 2816 2695 2869 sibi
2731 2829 3051 2884 przecaveut.
3074 2820 3128 2871 Si
3159 2833 3284 2872 vero
3311 2823 3495 2877 multis

1923 2902 2235 2969 proborum,
2281 2906 2495 2959 urbium
2531 2910 2961 2978 societatumque
3021 2927 3206 2964 curam
3279 2914 3481 2966 haben-

1923 2996 2091 3058 tibus,
2124 2997 2188 3048 ad
2229 2999 2440 3065 negotia
2470 3016 2691 3053 manum
2729 3004 3019 3057 admovere
3049 3020 3271 3058 necesse
3309 3004 3493 3068 fuerit,

1921 3087 2068 3139 curis
2100 3094 2280 3141 tamen
2320 3104 2424 3141 non
2464 3092 2633 3160 magis
2669 3092 3034 3157 indulserunt,
3072 3110 3171 3147 nec
3210 3096 3344 3164 ipsis
3391 3098 3493 3151 hoc

1922 3193 2090 3232 causa
2125 3176 2227 3232 fuit
2260 3190 2316 3233 ut
2342 3182 2410 3234 ab
2451 3193 2667 3237 assueta
2705 3184 2916 3237 ratione
2950 3186 3283 3240 recederent.
3332 3186 3491 3241 Solli-

1924 3268 2014 3320 citi
2058 3284 2294 3337 namque
2340 3286 2554 3331 sumus.
2582 3288 2704 3326 cum
2745 3274 2887 3327 circa
2925 3289 2987 3327 ea
3038 3291 3157 3341 qua:
3194 3277 3491 3345 quaerimus

1924 3371 1975 3410 et
2005 3359 2223 3413 modum
2261 3361 2538 3417 obtinendi
2572 3367 2939 3432 Speculamur,
2975 3369 3208 3435 quodam
3241 3370 3491 3422 obtinen-

1924 3451 1976 3504 di
2004 3451 2275 3506 desiderio
2314 3467 2496 3521 postea
2543 3457 2775 3524 adjecto,
2810 3475 2877 3512 an
2921 3461 3080 3515 nobis
3116 3463 3334 3515 evenire
3372 3476 3495 3530 pos-

1926 3545 2036 3596 sint
2067 3560 2187 3614 qua:
2224 3548 2539 3615 quzerimus,
2579 3550 2842 3603 incertum
2886 3562 2986 3605 est.
3020 3551 3134 3607 Hoc
3162 3557 3305 3607 enim
3337 3556 3492 3608 exci-

1926 3644 2042 3689 tare
2069 3638 2486 3691 sollicitudinem
2512 3655 2575 3695 ac
2602 3642 2837 3695 animam
2862 3645 3090 3698 dilatare
3110 3655 3316 3714 potest;
3344 3649 3489 3716 quod

1923 3729 2065 3781 circa
2101 3729 2387 3796 quasitum
2421 3730 2751 3785 desiderium
2798 3744 2851 3787 et
2881 3736 3038 3789 tinem
3072 3737 3139 3789 de
3183 3739 3273 3791 illo
3304 3739 3491 3807 inqui-

1925 3820 2139 3874 sitionis
2172 3822 2305 3874 nihil
2355 3822 2644 3877 manifeste
2676 3837 2964 3881 noscatur:
2997 3826 3111 3883 sive
3153 3831 3296 3883 enim
3346 3832 3491 3887 circa

1924 3927 2011 3965 res
2029 3922 2239 3967 amatas
2265 3914 2397 3966 nihil
2420 3915 2719 3979 videamus,
2744 3925 2838 3969 aut
2868 3929 3074 3973 amatas
3098 3921 3345 3988 resjuxta
3370 3932 3491 3975 vota

1924 4006 2216 4059 succedere
2269 4008 2571 4071 videamus,
2626 4009 2758 4062 nihil
2824 4011 2981 4065 nobis
3036 4020 3119 4065 est
3176 4028 3490 4079 onerosum,

1925 4111 2022 4151 nec
2082 4098 2417 4162 sollicitud0.,
2474 4101 2589 4155 sive
2667 4107 2972 4169 quaerentes
3023 4105 3165 4173 quod
3221 4120 3488 4168 amamus.

1923 4206 2025 4244 nos
2050 4207 2154 4243 non
2180 4192 2500 4246 obtenturos
2530 4192 2819 4248 manifeste
2842 4196 3103 4261 sciamus,
3131 4198 3489 4252 sollicitudini

1919 4282 2029 4351 jam
2067 4282 2249 4336 nullus
2286 4284 2615 4349 relinquitur
2657 4286 2828 4341 locus.
2869 4286 2963 4340 llic
2994 4289 3136 4341 enim
3179 4290 3323 4342 nulla
3358 4305 3489 4343 cura

1924 4376 2213 4444 nullusque
2254 4377 2440 4440 timor,
2476 4378 2566 4431 ubi
2601 4379 2747 4432 stetit
2778 4380 3157 4434 sollicitudinis
3204 4383 3487 4448 terminus,

1925 4466 2016 4521 sed
2046 4467 2383 4534 simpliciter,
2424 4470 2579 4537 quasi
2610 4471 2719 4533 jam
2762 4470 2975 4523 adesa-t
3006 4470 3228 4531 malum.
3270 4473 3488 4528 tristitia

236 4568 449 4637 ρίμνης
470 4564 703 4632 ἔστηκεν
739 4565 882 4634 ὄρος.
903 4566 1016 4618 ἀλλ’
1042 4566 1281 4635 ἀτεχνῶς
1303 4567 1375 4630 ὡς
1403 4567 1500 4637 ἢδη
1530 4568 1621 4620 τοῦ
1648 4569 1819 4620 κακοῦ
1851 4566 1889 4625 Il

1856 4566 1901 4625 ι)
1927 4558 2100 4613 adest.
2128 4559 2302 4611 Porro
2337 4574 2460 4612 cum
2488 4576 2548 4612 ex
2578 4561 2682 4614 illis
2712 4577 2830 4629 qua:
2864 4562 3284 4616 sollicitudinem
3324 4580 3491 4634 gene-

236 4660 519 4729 παρόντος
551 4657 698 4721 λύπη
730 4658 792 4709 τὸ
827 4657 1032 4715 πάθος·
1069 4658 1179 4709 τῶν
1212 4657 1274 4726 δὴ
1306 4661 1583 4728 μεριμνᾷν
1613 4660 1824 4711 ποιούν-

234 4770 349 4804 των
382 4750 495 4802 τῶν
543 4751 601 4801 ὲν
648 4749 873 4816 Χριστῷ
910 4748 1129 4812 ζώντων
1160 4750 1443 4819 οὐδετέρου
1480 4754 1599 4813 ταῖς
1623 4751 1825 4821 ψυχαῖς

236 4841 616 4913 ἐνοχλοῦντος,
656 4844 869 4911 ἀνάγκη
921 4843 1028 4894 τῶν
1059 4844 1168 4896 ἀπὸ
1194 4842 1293 4905 τῆς
1328 4843 1564 4913 μερίμνη
1585 4865 1596 4871 ·
1628 4846 1823 4907 αὐτοὺς

232 4936 597 5006 ἀπηλλάχθαι
630 4934 840 4987 κακῶν.
882 4932 1019 4986 Οὔτε
1056 4934 1164 5003 γὰρ
1197 4934 1372 4985 οὐδενὶ
1417 4938 1821 5004 προστετήκασι

230 5030 347 5081 τῶν
396 5026 711 5093 παρόντων,
774 5026 867 5076 καὶ
921 5024 973 5077 ετ
1022 5042 1074 5075 τι
1124 5025 1259 5091 πρὸς
1304 5026 1404 5096 τὴν
1434 5027 1527 5077 τοῦ
1575 5028 1822 5094 σώματος

231 5117 572 5186 ἐργάζονται
607 5114 823 5184 χρείαν,
864 5114 925 5164 τὸ
972 5112 1126 5175 τέλος
1153 5112 1416 5165 ἑκάστοτε
1451 5115 1549 5180 τῆς
1587 5114 1821 5182 σπουδῆς

234 5214 389 5261 ἴσασι
423 5208 630 5275 τρόπον
668 5206 729 5272 δή
778 5223 901 5257 τινα
923 5220 936 5235 ⁶
974 5206 1032 5256 τι
1066 5205 1172 5271 γὰρ
1220 5204 1297 5272 τῷ
1347 5205 1465 5273 Θεῷ
1497 5206 1686 5257 δοκοῦν
1709 5209 1821 5267 τοῖς

232 5302 426 5361 ’πόνοις
462 5297 716 5367 εὔχονται
744 5297 941 5366 πέρας.
979 5297 1075 5349 καὶ
1123 5297 1199 5353 ὡς
1242 5299 1518 5367 ἀπατήσει
1560 5301 1625 5351 τὰ
1670 5301 1820 5368 παρὰ

231 5394 345 5446 τῶν
379 5391 561 5459 εὐχῶν
599 5388 820 5449 αὐτίκα,
856 5388 1001 5457 μάλα
1032 5388 1218 5453 σαφῶς
1254 5390 1609 5454 γινώσκουσι.
1647 5391 1820 5457 Μερι-

234 5482 425 5552 μηῷεν
460 5481 569 5547 γάρ
601 5481 665 5532 ἂν
692 5480 723 5547 ἢ
751 5478 861 5529 τῶν
896 5480 1145 5546 πενήτων
1176 5480 1222 5530 οἳ
1257 5480 1463 5548 τρυφῆς
1495 5480 1821 5549 ἐπιθυμοῦν-

230 5592 327 5637 τες
379 5572 557 5640 μείζω
596 5570 707 5621 τῶν
761 5569 929 5620 ὄντων
992 5568 1093 5637 τὴν
1148 5568 1284 5637 πρὸς
1331 5571 1419 5620 τὸν
1452 5570 1565 5637 βέον
1598 5571 1817 5637 ζητοῦσι

228 5662 631 5733 παρασκευὴν,
666 5662 696 5729 ἢ
727 5661 835 5711 τῶν
882 5662 1260 5713 πλουτούντων
1291 5655 1370 5720 οἷς
1410 5662 1515 5726 πρὸ
1548 5662 1655 5713 τῶν
1688 5680 1819 5732 χρη-

230 5758 430 5826 μάτων
461 5754 640 5818 οὐδὲν,
673 5752 723 5805 οἳ
759 5754 1030 5823 μενόντων
1066 5772 1124 5805 τε
1156 5754 1289 5825 παρέ,
1318 5756 1501 5816 αὐτοῖς
1532 5756 1813 5822 τρέμουσι,

232 5851 313 5917 μὴ
348 5848 592 5914 φυγόντα
628 5843 836 5896 λάθωσι
886 5847 977 5897 καὶ
1008 5836 1385 5915 ἁναλουμὲνων
1430 5846 1673 5921 άλγοῦσι,
1712 5848 1814 5897 κᾶν

1927 4658 2048 4703 rant
2076 4660 2328 4704 neutrum
2362 4653 2563 4705 animis
2602 4653 2654 4705 in
2686 4652 2905 4707 Christo
2936 4654 3226 4707 viventium
3272 4658 3487 4709 turbam

1925 4750 2110 4806 creat,
2143 4756 2365 4796 necesse
2400 4752 2481 4796 est
2505 4754 2559 4795 ut
2592 4758 2620 4795 a
2657 4743 2921 4796 malorum
2950 4744 3317 4799 sollicitudine
3351 4747 3477 4799 libe-

1926 4843 2133 4887 rentur.
2170 4832 2312 4887 Nulli
2355 4835 2495 4887 enim
2533 4839 2877 4903 praesentium
2927 4836 3135 4890 fortiter
3191 4841 3486 4900 adluerent,

1926 4928 2035 4981 imo
2086 4928 2129 4980 si
2170 4927 2297 4996 quid
2341 4928 2405 4979 ad
2452 4930 2697 4996 corporis
2753 4930 3125 4985 necessitatem
3175 4944 3486 4999 operentur,

1926 5018 2089 5071 Studii
2143 5018 2302 5071 ﬁnem
2344 5034 2555 5087 semper
2585 5020 2782 5089 aliquo
2831 5024 3016 5075 saltem
3083 5024 3243 5076 modo
3283 5039 3487 5091 cogno-

1924 5120 2115 5163 scunt:
2149 5112 2292 5177 quod
2309 5110 2450 5163 enim
2495 5110 2601 5163 Deo
2646 5111 3038 5179 beneplacitum
3073 5124 3173 5177 est,
3205 5114 3486 5168 laboribus

1924 5212 2181 5269 exoptant
2226 5216 2347 5255 esse
2402 5201 2583 5263 linem,
2619 5213 2671 5255 et
2718 5218 2780 5257 ea
2814 5220 2930 5269 qua:
2974 5216 3101 5258 sunt
3131 5204 3181 5258 in
3222 5206 3361 5258 votis
3393 5208 3485 5257 de-

1923 5295 2158 5363 ceptioui
2187 5309 2306 5347 esse
2333 5295 2598 5363 subjecta,
2636 5296 2800 5363 probe
2824 5304 3049 5349 norunt.
3074 5296 3301 5349 Solliciti
3331 5297 3489 5364 quip-

1923 5404 1987 5455 pe
2014 5388 2188 5440 forent
2214 5388 2355 5439 circa
2387 5402 2670 5456 pauperes,
2690 5388 2779 5455 qui
2805 5388 3013 5441 deliciis
3038 5389 3199 5441 dediti
3225 5390 3484 5454 majorem

1922 5478 1987 5530 ad
2025 5479 2225 5531 victum
2272 5477 2627 5531 substantiam
2671 5488 2941 5546 quaerunt,
2972 5488 3062 5530 aut
3105 5479 3249 5530 circa
3291 5479 3484 5531 divites

1921 5552 2122 5639 quibus
2160 5568 2293 5620 nihil
2319 5577 2401 5619 est
2431 5567 2602 5636 majus
2633 5569 2852 5631 divitiis,
2878 5568 2991 5637 qui,
3032 5570 3113 5623 bis
3140 5570 3483 5621 manentibus

1921 5662 2063 5729 apud
2099 5663 2261 5727 ipsos.
2292 5666 2550 5719 tremunt,
2590 5676 2655 5711 ne
2696 5658 2932 5726 fugitiva
2966 5661 3231 5718 labantur,
3261 5669 3312 5710 et
3351 5674 3481 5712 cou-

1922 5752 2169 5819 suniptis,
2198 5751 2400 5809 dolent,
2430 5750 2641 5803 etiamsi
2687 5750 2751 5801 ad
2780 5765 2841 5803 ea
2878 5766 2996 5819 qua:
3028 5752 3261 5802 maxime
3290 5764 3480 5802 neces-

1922 5844 2063 5899 saria
2108 5853 2230 5898 sunt
2279 5842 2524 5912 corpoii,
2565 5843 2851 5911 insumpta:
2910 5843 3033 5907 sint,
3080 5850 3132 5895 et
3182 5842 3482 5911 prtesertim
