4262 6460
257 421 359 484 701

1341 417 1440 476 DE
1481 419 1658 477 VITA
1707 419 1786 478 IN
1827 417 2168 480 CHRISTO
2208 419 2358 481 LIB.
2403 420 2535 480 VII.

3421 428 3531 486 702

249 538 401 607 βέλει
427 537 630 607 δρόμος
663 537 888 608 ἄριστος
916 540 1007 592 καὶ
1042 537 1178 608 πρὸς
1219 537 1309 590 τὸν
1355 537 1559 589 σκοπὸν
1587 537 1827 606 ἀτέχνως
1863 544 1901 596 Α

1863 544 1901 596 Α
1937 550 2165 604 scopum
2223 546 2339 590 tute
2389 537 2636 592 directus
2685 552 2712 589 a
2771 537 3024 592 manibus
3069 553 3254 594 arcum
3306 543 3533 594 tendere

242 632 356 684 ἀπὸ
406 633 610 702 χειρῶν
649 633 887 699 μάλιστα
929 633 1170 698 τοξεύειν
1217 631 1621 700 ἐπισταμένων.
1677 631 1834 683 Ἐπεὶ

245 724 303 776 δὲ
335 724 438 777 οῦκ
469 724 554 792 ἐφ’
598 718 679 787 οἷς
727 724 810 782 δεῖ
850 724 1011 792 μόνον
1051 722 1306 776 ἀνιᾶσθαι
1354 723 1448 774 καὶ
1496 724 1667 784 ὅπως,
1698 719 1834 773 ἀλλὰ

247 819 348 869 καὶ
391 817 539 881 ὅσον,
575 818 780 872 είδέναι
815 819 921 887 χρὴ
972 817 1090 879 (καὶ
1136 817 1246 885 γὰρ
1277 816 1388 868 ἔστι
1427 814 1525 884 μὲν
1552 815 1830 884 ἔλαττονῆ

244 913 362 972 τοῖς
385 913 802 980 ἡμαρτημένοις
830 914 949 965 ἐστὶ
972 911 1248 980 προσῆκον
1279 910 1488 978 ἀλγεῖν,
1523 910 1638 961 ἔστι
1667 909 1724 962 δέ
1757 908 1834 978 τῷ

246 1004 414 1056 πάθει
450 1006 655 1074 μᾶλλον
685 1006 780 1058 τοῦ
824 1005 1036 1068 δέοντος
1063 1007 1417 1074 συγχωρεῖν),
1453 1006 1500 1057 oi
1537 1004 1676 1072 μετά
1712 1003 1834 1054 τού-

247 1115 361 1150 των
382 1098 710 1159 πενθοῦντες
733 1099 844 1150 τῶν
860 1099 1138 1168 λογισμῶν
1161 1099 1220 1150 τὸ
1245 1098 1440 1166 μέτρον
1463 1097 1569 1148 τῶν
1584 1095 1835 1164 δακρύων

246 1191 512 1244 εἷσονται.
551 1191 820 1260 Καθάπερ
841 1195 948 1261 γὰρ
983 1194 1041 1244 ἐν
1073 1193 1255 1261 πληγῇ
1287 1194 1563 1260 σώματος,
1587 1189 1693 1252 ἕως
1735 1190 1836 1259 μὲν

248 1282 330 1332 ἔτι
356 1285 505 1334 νοσεῖ
534 1284 594 1334 τὸ
637 1285 822 1351 μέλος,
855 1286 956 1349 τῆς
987 1287 1337 1354 ἐκτριόείσης
1380 1287 1580 1355 σαρκὸς
1628 1287 1840 1338 ἀντεισ-

251 1377 505 1440 ενεγκεῖν
529 1374 734 1427 δύναιτ’
780 1375 846 1429 ἂν
879 1376 910 1446 ἢ
944 1377 1004 1428 τὸ
1039 1379 1304 1447 παράπαν
1336 1379 1510 1440 οὐδὲν,
1544 1377 1575 1445 ἢ
1603 1376 1696 1429 τοῦ
1741 1395 1840 1444 φυ-

250 1467 409 1519 σικοῦ
451 1469 546 1520 καὶ
584 1471 927 1536 τεταγμένου
969 1472 1141 1539 μείζω
1169 1471 1260 1522 τὸν
1287 1472 1452 1538 ὄγκον
1483 1488 1498 1502 ο
1531 1470 1749 1524 ἐπειδὰν
1782 1470 1839 1522 δὲ

249 1561 282 1628 ἡ
327 1559 493 1626 φύσις
525 1560 726 1628 ἑαυτῆς
773 1562 1000 1632 γένηται
1053 1563 1151 1615 καὶ
1198 1564 1354 1616 νόσου
1402 1564 1638 1631 καθαρὰ,
1674 1563 1842 1631 χωρεῖ

255 1657 395 1720 πρὸς
422 1653 522 1722 τὴν
555 1655 906 1724 συμμετρίαν
949 1656 1131 1718 εὐθὺς.
1159 1654 1277 1710 εἶτα
1309 1657 1364 1709 δὲ
1413 1658 1506 1709 καὶ
1533 1657 1638 1710 τῶν
1684 1658 1843 1723 ἐκλη-

257 1746 509 1814 φθέντων
545 1745 701 1798 οὐδὲν
745 1746 910 1798 πλέον
956 1746 1226 1799 ἀναδοῦσα
1268 1748 1540 1800 παύεται·
1589 1747 1678 1798 τὸν
1729 1746 1842 1798 ἴσον

250 1839 462 1906 τρόπον
487 1839 626 1890 κάπὶ
656 1837 768 1891 τῶν
789 1841 887 1906 τῆς
914 1838 1095 1907 ψυχῆς
1125 1841 1580 1910 ἀρρωστημάτων
1607 1840 1675 1892 ἂν
1701 1838 1833 1907 ἔχοι.

250 1931 368 1998 Τῆς
407 1931 519 2002 γὰρ
557 1930 647 1982 ἐπὶ
681 1932 795 1993 τοῖς
842 1932 1208 2002 ἁμαρτήμασι
1239 1932 1418 2001 λύπης
1462 1933 1556 1984 καὶ
1591 1949 1837 1985 κακοπα-

251 2023 406 2086 θείας
467 2026 563 2077 καὶ
623 2023 878 2094 δακρύων
941 2025 1035 2076 καὶ
1089 2023 1198 2077 τῶν
1275 2025 1530 2078 τοιούτων
1581 2025 1843 2078 ἁπάντων

250 2117 432 2168 ἐκεῖνο
485 2115 814 2184 ζητούντων,
858 2117 958 2183 τὴν
982 2117 1258 2185 ἁμαρτίαν
1304 2117 1530 2182 ἐξελεῖν,
1561 2119 1840 2172 ἀποκατα-

249 2213 454 2278 στῆσαι
484 2212 540 2265 δὲ
570 2213 679 2266 τῶν
723 2211 822 2281 τῆς
867 2213 1044 2282 ψυχῆς
1079 2213 1258 2265 καλῶν
1296 2214 1419 2265 ὅσον
1455 2213 1842 2280 ἀπενήνεκται,

250 2308 285 2375 ὴ
315 2307 427 2358 τῶν
460 2306 622 2359 θείων
657 2307 884 2374 ἐρώτων
922 2306 1195 2378 προϊοῦσα
1246 2307 1392 2375 λύπη
1423 2307 1556 2377 μόνη
1595 2308 1705 2359 τῶν
1745 2308 1843 2359 άλ-

251 2395 366 2447 λων
423 2395 584 2461 ύγιὴς
625 2390 781 2454 οῦσα,
825 2396 960 2463 μόνη
1027 2395 1126 2462 μὲν
1172 2397 1269 2448 σὺν
1304 2396 1444 2464 λόγῳ
1477 2399 1667 2465 χωρεῖ.
1705 2399 1840 2467 μόνη

249 2488 308 2539 δὲ
339 2487 452 2539 τῶν
481 2487 659 2540 ἄλλων
703 2486 765 2539 τδ
813 2487 1014 2555 μέτρον
1045 2487 1361 2540 ἐπίσταται.
1414 2490 1474 2541 Et
1526 2490 1635 2558 γάρ
1670 2505 1843 2558 προσ-

249 2579 484 2646 έκοψαν,
542 2579 661 2630 ἀλλ’
713 2579 812 2649 οὐχ
868 2581 1064 2647 ἑτέραν
1099 2576 1262 2649 ἦλθον
1311 2581 1421 2633 οὐδ’
1472 2581 1714 2650 ᾕμειψαν
1744 2581 1842 2648 τὴν

251 2671 457 2739 ὁρμὴν,
480 2669 587 2721 οὐδ’
614 2670 889 2738 ἠγνόησαν
912 2673 1037 2729 τοὺς
1072 2670 1224 2729 ὅλους
1256 2671 1349 2724 καὶ
1385 2671 1508 2722 ὅποι
1540 2672 1644 2741 χρὴ
1678 2689 1845 2723 κατα-

250 2763 429 2825 λύειν,
467 2765 514 2816 εί
543 2764 605 2815 τὸ
646 2763 742 2815 τοῦ
791 2763 927 2816 Θεοῦ
961 2764 1184 2832 φίλτρον
1228 2764 1496 2832 ἐνέμεινε.
1534 2764 1704 2816 Τοῦτο
1735 2765 1842 2830 γάρ

252 2857 375 2907 ἐστι
419 2855 556 2923 προς
585 2856 677 2907 τὸν
731 2857 865 2907 Θεὸν
911 2858 1092 2926 ὀρθῶς
1129 2857 1371 2924 βαδίζειν
1406 2855 1466 2907 τὸ
1507 2856 1606 2908 σὺν
1652 2857 1843 2928 ἀγάπῃ

251 2949 502 3019 βαδίζειν
523 2964 537 2980 ⁸
576 2949 608 3019 ἢ
641 2949 751 3002 τῶν
785 2949 1032 3017 άμὼμων
1066 2949 1214 3001 ἐστὶν
1252 2948 1386 3010 ὁδὸς,
1425 2951 1451 3002 ὁ
1483 2949 1733 3018 Μελῳδὸς
1765 2945 1843 3000 εἷ-

251 3059 380 3102 πεν,
416 3041 466 3092 οῖ
505 3059 522 3092 ι
555 3041 614 3093 ἐν
674 3042 769 3110 ὅλῃ
805 3043 935 3110 γὰρ,
983 3043 1119 3112 φησὶ
1148 3082 1162 3105 ,
1202 3041 1398 3110 καρδίᾳ
1443 3041 1842 3109 ὲκζητήσουσιν

249 3134 446 3195 αὑτὸν,
479 3152 499 3185 ι
547 3133 648 3202 τὴν
691 3133 1130 3201 ὲπιτεταγμένην
1169 3131 1472 3198 ἐπιθυμίαν
1518 3132 1604 3185 διὰ
1649 3131 1840 3185 τούτου

1939 629 2127 697 gnaris
2164 631 2528 700 progreditur.
2563 629 2834 695 Quoniam
2885 641 3064 686 autem
3100 647 3207 686 non
3242 635 3419 688 solum
3468 639 3534 688 de

1940 719 2144 788 quibus
2218 730 2434 790 oportet
2507 722 2871 786 contristari,
2938 735 2990 778 et
3065 729 3394 795 quomodo,
3435 729 3529 780 sed

1937 813 2100 866 etiam
2165 813 2640 881 quantum.scire
2709 830 2934 869 necesse
3000 827 3081 870 est
3153 817 3292 886 (fieri
3363 835 3521 871 nam-

1945 916 2052 969 que
2085 910 2258 970 potest
2287 911 2347 957 ut
2379 904 2563 956 minus
2587 918 2748 971 quam
2782 902 2939 957 decet
2970 905 3036 957 de
3073 905 3385 959 commissis
3413 906 3516 958 do-

1942 994 2092 1046 leant
2123 1035 2137 1058 ,
2162 1003 2217 1048 et
2273 995 2448 1062 magis
2475 1009 2636 1063 quam
2691 1005 2904 1063 oportet
2953 995 3120 1048 luctui
3158 995 3522 1063 indulgeant),

1941 1087 2035 1154 qui
2085 1102 2207 1141 cum
2260 1087 2362 1140 hac
2409 1089 2621 1141 ratione
2673 1088 3046 1156 paenitentiam
3084 1087 3312 1148 faciunt,
3347 1089 3524 1158 lacry-

1942 1195 2155 1234 marum
2226 1191 2452 1234 noscent
2497 1196 2856 1235 mensuram.
2899 1181 3052 1234 Sicut
3106 1181 3250 1233 enim
3313 1183 3362 1234 in
3417 1182 3530 1250 pla-

1943 1268 2024 1335 gis
2065 1269 2309 1336 corporis
2339 1309 2354 1328 .
2388 1269 2559 1322 donec
2616 1279 2842 1339 πει-οισι
2901 1272 3206 1323 membrum
3232 1311 3246 1336 ,
3282 1272 3396 1323 fieri
3432 1289 3528 1339 po-

1947 1370 2047 1414 test
2093 1371 2152 1414 ut
2187 1361 2435 1415 contrita:
2493 1363 2676 1416 carnis
2717 1364 2836 1416 loco
2886 1364 3018 1416 nihil
3055 1365 3281 1416 omnino
3317 1365 3527 1418 substi—

1945 1466 2081 1516 tuat,
2113 1465 2206 1508 aut
2255 1456 2425 1524 magis
2456 1471 2619 1524 quam
2647 1464 2842 1508 natura
2880 1467 2930 1508 et
2957 1457 3158 1524 regula:
3196 1458 3414 1521 volunt,
3441 1466 3529 1508 tu-

1947 1563 2154 1601 morem
2214 1547 2514 1611 usteudat;
2551 1558 2843 1615 postquam
2896 1560 3076 1600 autem
3130 1558 3323 1600 natura
3367 1549 3433 1600 ad
3467 1563 3528 1601 se

1946 1655 2160 1695 reversa
2195 1649 2281 1693 est
2319 1649 2372 1691 et
2408 1655 2435 1690 a
2471 1639 2660 1691 morbo
2699 1638 2924 1691 liberata
2947 1678 2961 1700 ,
2994 1639 3104 1691 cito
3153 1638 3290 1691 redit
3338 1639 3402 1690 ad
3435 1653 3531 1704 ap-

1954 1745 2067 1787 tum
2128 1733 2375 1801 corporis
2425 1731 2672 1785 habitum
2711 1772 2724 1796 ,
2756 1731 2951 1785 deinde
3013 1746 3111 1799 pro
3144 1731 3342 1784 ablatis
3393 1729 3529 1782 nihil

1955 1825 2212 1891 efferens,
2243 1824 2517 1894 quiescit:
2560 1823 2700 1878 idem
2740 1837 2964 1891 prorsus
2993 1823 3046 1874 in
3090 1822 3287 1875 animm
3323 1822 3531 1875 morbis

1953 1919 2171 1974 evenire
2217 1927 2416 1989 potest.
2445 1918 2581 1971 Cum
2609 1917 2753 1972 enim
2778 1916 2832 1968 in
2864 1916 3103 1985 peccatis
3129 1915 3309 1968 luctus
3332 1925 3384 1968 et
3419 1931 3536 1983 pus-

1947 2013 2174 2066 nitentia
2251 2011 2612 2079 lacrymaaque
2671 2019 2724 2064 et
2765 2009 2964 2063 similia
3021 2009 3086 2062 ad
3135 2008 3236 2062 hoc
3283 2009 3530 2071 tendant.

1947 2115 2006 2159 ut
2043 2112 2326 2173 peccatum
2386 2100 2637 2156 auferant
2671 2141 2685 2164 ,
2716 2111 2770 2155 et
2799 2101 2866 2156 de
2911 2101 3069 2154 bonis
3123 2102 3318 2154 animm
3356 2116 3534 2168 quan-

1949 2207 2061 2251 tum
2118 2196 2360 2249 ablatum
2408 2201 2492 2248 est
2541 2195 2857 2256 restituant,
2889 2192 3231 2247 interdirina
3263 2193 3530 2247 desideria

1947 2288 2258 2360 praecedens
2303 2289 2484 2341 luctus
2510 2328 2523 2350 ,
2556 2287 2646 2357 qni
2677 2287 2826 2341 solus
2887 2287 3026 2340 inter
3070 2287 3173 2339 alia
3218 2303 3386 2341 sanus
3424 2296 3531 2347 est,

1945 2382 2093 2435 solus
2125 2379 2342 2448 quidem
2373 2393 2496 2432 cum
2535 2378 2748 2431 ratione
2785 2379 3079 2444 congruit.
3121 2378 3272 2430 solus
3297 2391 3361 2430 ex
3410 2375 3535 2429 aliis

1946 2486 2261 2528 mensuram
2317 2471 2526 2525 noscit.
2580 2469 2637 2524 Si
2682 2471 2826 2524 enim
2873 2471 3254 2535 offenderunt,
3294 2469 3386 2523 sed
3424 2483 3531 2522 nOn

1946 2567 2052 2621 alio
2103 2575 2400 2631 verterunt,
2450 2580 2546 2618 nec
2597 2579 2818 2617 cursum
2875 2573 3250 2625 mutaverunt,
3291 2579 3392 2616 nec
3444 2564 3532 2616 ubi

1945 2658 2327 2713 diversandum
2373 2656 2445 2710 sit
2475 2657 2883 2724 ignorat-crum,
2902 2655 2945 2708 si
2974 2656 3066 2709 Dei
3105 2671 3260 2708 amor
3282 2671 3536 2723 perman-

1945 2752 2039 2807 sit.
2070 2749 2183 2804 Hoc
2218 2749 2419 2818 quippe
2458 2747 2523 2801 ad
2553 2747 2719 2801 Deum
2765 2757 2912 2801 recte
2951 2755 3036 2801 est
3075 2747 3378 2810 ambulare,
3409 2763 3534 2802 cum

1945 2843 2214 2896 cbaritate
2257 2841 2542 2894 ambulare
2578 2857 2590 2893 ι
2626 2841 2760 2904 bare,
2797 2839 2972 2907 inquit
3003 2839 3314 2902 Psalmista,
3343 2842 3426 2894 via
3451 2846 3538 2894 est

1945 2935 2266 2996 insontium,
2297 2933 2387 3002 qui
2423 2949 2441 2982 ι
2479 2933 2529 2984 in
2554 2941 2668 2984 toto
2689 2932 2873 2991 corde.
2901 2932 2997 2992 ait.
3020 2933 3307 2999 exquirent
3335 2947 3484 2995 emn,
3506 2949 3527 2986 ι

1945 3027 2251 3080 ordinatum
2283 3023 2615 3079 desiderium
2647 3039 2742 3092 per
2769 3024 2871 3076 hoc
2898 3025 3073 3092 palam
3104 3025 3417 3080 ostendens.
3439 3024 3531 3079 Isti

1946 3135 2183 3189 namque
2235 3118 2518 3172 ambulant
2569 3119 2622 3171 in
2675 3119 2793 3187 lege
2844 3116 3099 3179 Domini,
3130 3117 3365 3184 quicum
3397 3117 3535 3171 clta-

249 3224 458 3295 δηλῶν.
494 3220 656 3277 Οὗτοι
697 3225 806 3293 γὰρ
834 3226 883 3276 oi
926 3224 1289 3293 πορευόμενοι
1324 3225 1384 3276 ἐν
1429 3224 1582 3294 νόμῳ
1612 3224 1842 3294 Κυρίου,
1873 3258 1917 3319 C

1873 3258 1917 3319 Ο
1953 3213 2110 3265 ritate
2154 3211 2380 3272 vivunt,
2417 3210 2559 3264 unde
2585 3217 2698 3262 tota
2729 3210 2811 3262 lcx
2839 3208 3054 3277 pendet,
3091 3207 3185 3262 sed
3221 3209 3293 3261 ita
3327 3217 3384 3261 ut
3416 3224 3536 3262 om-

249 3317 302 3368 oi
331 3317 434 3369 σὺν
465 3315 659 3386 ἀγάπῃ
706 3317 929 3380 ζῶντες,
969 3312 1050 3378 οἷς
1095 3319 1122 3370 ὁ
1163 3318 1267 3377 πᾶς
1317 3315 1610 3387 ἐξήρτηται
1662 3319 1843 3386 νόμος,

251 3407 375 3462 ἀλλ’
404 3407 548 3461 ὥστε
592 3408 690 3478 τὴν
724 3409 1000 3478 ἁμαρτίαν
1030 3409 1194 3472 εὐθὺς
1239 3409 1460 3464 ἃπασαν
1493 3409 1772 3473 ἀποδύειν,
1813 3412 1846 3479 ἡ

257 3501 406 3571 μόνη
450 3503 636 3553 σκοτοῖ
665 3501 755 3553 τὸν
787 3504 887 3570 τῆς
930 3501 1112 3571 ψυχῆς
1142 3501 1444 3571 ὀφθαλμὸν,
1478 3501 1632 3555 οὐδὲν
1673 3503 1846 3572 ἐμπο-

252 3593 369 3646 δὼν
427 3594 654 3656 αὐτοῖς,
711 3594 815 3646 κάν
871 3595 992 3654 ταῖς
1021 3593 1344 3662 ἐπιθυμίαις
1379 3595 1514 3662 πρὸς
1549 3595 1639 3647 τὸν
1690 3593 1849 3662 ὀρθὸν

251 3687 421 3754 λόγον
445 3686 604 3756 ὀρᾷν,
630 3685 726 3736 καί¹
744 3686 870 3738 ὅσον
893 3686 975 3739 δεῖ
996 3685 1213 3739 πενθεῖν
1239 3686 1439 3739 ειδέναι
1469 3687 1678 3753 σαφῶς.
1697 3687 1850 3739 Ἐπεὶ

253 3781 373 3850 γάρ
409 3778 513 3848 τῆς
559 3780 763 3849 ἀρετῆς
816 3780 940 3848 ὅρος
974 3781 1075 3847 τῆς
1142 3779 1515 3849 ἀνθρωπίνης,
1614 3778 1850 3849 πρόσθεν

254 3874 426 3943 ἔφην,
456 3870 578 3939 Θεῷ
626 3870 960 3940 κοινωνῆσαι
1008 3870 1260 3940 γνώμης,
1304 3873 1505 3934 κακίας
1537 3872 1594 3924 δὲ
1626 3871 1848 3924 τούνανο

252 3966 400 4032 τίον,
440 3965 536 4018 καὶ
575 3964 732 4018 τοῦτο
765 3964 866 4032 μέν
893 3965 1014 4016 ἐστι
1043 3964 1137 4016 τοῦ
1178 3964 1382 4016 σκοποῦ
1437 3966 1727 4032 τυγχάνειν
1761 3965 1851 4016 τὸν

253 4059 591 4127 ἄνθρωπον,
652 4058 833 4109 ἐκεῖνο
888 4056 944 4109 δέ
989 4057 1363 4124 ἁμαρτάνειν,
1415 4057 1464 4108 οἳ
1519 4058 1617 4125 μὲν
1659 4057 1850 4126 μισθοῦ

254 4150 679 4224 φιλοσοφοῦσιν,
711 4149 836 4203 οὔτε
868 4148 1265 4218 κατορθοῦντες
1294 4149 1466 4218 αὐτὴν
1499 4150 1668 4217 αὐτῆς
1690 4150 1853 4228 ⁸ἕνεκα

255 4245 484 4314 φιλοῦσι
519 4245 620 4311 τὴν
652 4240 881 4312 ἀρετὴν,
915 4239 1042 4293 οὔτε
1072 4241 1408 4302 πταίσαντες
1437 4241 1610 4310 αὐτὴν
1643 4241 1732 4294 διὰ
1761 4242 1853 4294 τὸν

253 4337 442 4404 αὐτῆς
471 4335 632 4402 λόγον
663 4333 951 4404 ὀδύρονται
992 4334 1093 4401 τὴν
1129 4333 1354 4395 κακίαν,
1388 4331 1522 4385 ἀλλὰ
1562 4333 1721 4384 τοῦτο
1754 4332 1852 4402 μὲν

253 4430 285 4482 ὀ
327 4428 443 4480 τῶν
475 4425 655 4479 ἄθλων
711 4424 853 4490 ἔρως
904 4425 1103 4484 αὐτοὺς
1143 4423 1439 4491 ἐποίησεν,
1491 4425 1668 4476 ἐκεῖνο
1704 4424 1761 4476 δὲ
1818 4425 1869 4493 ὴ(

255 4519 476 4588 ξημίω
505 4517 632 4569 ὅθεν
664 4517 764 4585 τὴν
794 4515 986 4568 οὐσίαν
1027 4517 1201 4582 αὐτὴν
1240 4515 1316 4577 ὡς
1348 4518 1523 4568 εἰπεῖν
1554 4516 1652 4582 τῆς
1677 4516 1854 4585 ἁμαρ-

1957 3304 2262 3359 nem.brevi
2293 3303 2502 3372 culpam
2536 3312 2737 3356 exuant
2762 3345 2776 3366 ,
2801 3318 2919 3370 quae
2964 3303 3075 3357 sola
3105 3304 3301 3357 mentis
3331 3303 3536 3358 obscu-

1958 3407 2043 3449 rat
2064 3394 2304 3458 oculum;
2334 3409 2431 3446 nec
2461 3404 2585 3446 sunt
2614 3392 3025 3460 impedimento,
3046 3393 3345 3460 quominus
3373 3393 3424 3445 in
3444 3393 3540 3447 de-

1957 3486 2171 3542 sideriis
2215 3486 2280 3539 ad
2330 3494 2535 3539 rectum
2592 3485 2818 3538 verbum
2868 3485 3157 3554 aspiciant,
3191 3493 3244 3537 et
3272 3495 3536 3554 quantum

1957 3588 2172 3647 oportet
2216 3580 2402 3633 dolere
2445 3578 2638 3633 saltem
2677 3579 2846 3645 probe
2873 3577 3068 3632 sciant.
3104 3577 3241 3631 Cum
3277 3577 3448 3640 enim,
3480 3585 3540 3630 ut

1959 3681 2116 3724 antea
2176 3672 2285 3724 dixi
2320 3711 2334 3735 ,
2369 3671 2587 3724 virtutis
2640 3671 2897 3724 humanae
2942 3681 3085 3723 meta
3112 3708 3126 3732 ,
3154 3685 3276 3723 cum
3311 3669 3422 3723 Deo
3456 3679 3542 3724 est

1946 3765 2285 3834 participare
2342 3765 2677 3818 voluntatem
2707 3803 2721 3827 ,
2753 3763 2974 3818 malitiae
3019 3779 3151 3818 vero
3180 3765 3542 3827 contrarium,

1957 3868 2010 3912 et
2037 3859 2166 3912 illud
2199 3857 2418 3927 quidem
2449 3869 2532 3911 est
2555 3872 2652 3927 pro
2705 3857 2930 3912 homine
2985 3873 3213 3927 scopum
3240 3859 3536 3928 attingere,

1961 3954 2060 4005 hoc
2087 3960 2267 4004 autem
2297 3965 2542 4020 peccare,
2571 3952 2662 4020 qui
2693 3950 3102 4020 philosOphiam
3139 3960 3541 4020 cauponantur,

1962 4058 2062 4098 nec
2089 4052 2231 4097 recte
2293 4044 2540 4097 viventes
2599 4044 2670 4097 ob
2695 4044 2863 4111 ipsam
2894 4043 3394 4106 amantvirtutem,
3438 4060 3542 4098 nec

1961 4137 2015 4189 in
2048 4147 2328 4205 peccatum
2374 4135 2511 4204 lapsi
2542 4135 2608 4188 de
2637 4135 2842 4189 malitia
2873 4143 3094 4204 propter
3120 4152 3298 4201 Ipsam
3329 4137 3535 4201 dolent,

1961 4229 2050 4281 sed
2084 4228 2212 4281 illud
2241 4227 2460 4298 quidem
2518 4228 2869 4297 praemiorum
2914 4243 3070 4282 amor
3103 4229 3158 4283 in
3207 4229 3340 4298 ipsis
3390 4229 3537 4294 fecit,

1963 4322 2066 4398 lnge
2111 4329 2292 4373 autem
2339 4320 2597 4374 damnum
2629 4338 2642 4373 :
2678 4318 2824 4373 unde
2840 4321 3203 4374 substantiam
3240 4321 3411 4387 ipsam
3437 4336 3534 4373 ne-

1961 4409 2243 4495 quitiiebut
2282 4414 2351 4468 ita
2381 4414 2557 4495 dicam
2583 4454 2598 4477 ,
2624 4415 2847 4467 minime
2873 4422 3220 4479 recusantes,
3256 4429 3364 4467 non
3394 4428 3541 4467 mere

1964 4487 2178 4576 fugiunt
2236 4507 2289 4559 in
2319 4487 2687 4568 grectittidine
2743 4507 3060 4566 voluntatis,
3126 4506 3251 4559 licet
3343 4507 3411 4559 ab
3458 4507 3546 4559 illa

255 4614 387 4675 τίας
425 4611 629 4679 ἥκιστα
687 4609 976 4678 μισοῦντες
1007 4609 1067 4661 οὐ
1101 4607 1365 4676 φεύγουσι
1402 4608 1660 4682 καθαρῶς
1701 4607 1757 4660 ἐν
1791 4624 1853 4672 γε
1894 4618 1933 4673 D

1894 4618 1933 4673 ι)
1960 4603 2242 4654 cessantes
2276 4599 2470 4671 ,θείνας
2525 4599 2856 4653 obtinuerint
2892 4638 2905 4651 .
2942 4595 3096 4651 Sicut
3145 4599 3289 4651 enim
3333 4597 3424 4651 ille
3453 4599 3544 4664 qui

255 4705 341 4775 τῷ
373 4701 714 4771 διακειμένῳ
738 4703 839 4769 τῆς
872 4702 1120 4770 γνώμης.
1177 4701 1411 4771 namq;
1445 4697 1728 4770 ἐνεργείας
1759 4700 1855 4752 τύο

257 4813 402 4869 χωσι
438 4796 812 4862 πεπαυμένοι.
839 4792 1113 4860 Καθάπερ
1153 4793 1261 4862 γάρ
1295 4793 1387 4846 τὸν
1425 4794 1549 4854 τοὺς
1586 4792 1856 4862 πονηροὺς
1904 4856 1917 4876 ι

257 4888 374 4940 τῶν
430 4882 742 4952 ἀνθρώπων
802 4881 1066 4950 μισοῦντα
1094 4880 1181 4933 διὰ
1231 4881 1324 4932 τὸν
1360 4881 1561 4945 τρόπον
1608 4879 1707 4932 οὐκ
1745 4879 1860 4930 ἐστι

257 4979 592 5048 προσειπεῖν
620 4974 1038 5045 μισάνθρωπον,
1065 4973 1140 5038 ῶς
1159 4975 1255 5026 καὶ
1287 4974 1349 5026 τὸ
1387 4974 1526 5048 προς
1553 4970 1653 5041 τὴῦ
1677 4973 1858 5041 ἁμαρ-

257 5071 390 5121 τίαν
416 5064 703 5134 δυσχερῶς
730 5065 901 5132 ἔχειν.
933 5065 1032 5132 οὐχ
1071 5064 1154 5116 ὅτι
1187 5064 1299 5124 τοῖς
1341 5062 1434 5115 τοῦ
1465 5062 1600 5113 Θεοῦ
1637 5060 1863 5129 πολεμεῖ

257 5161 482 5226 νόμοις.
514 5156 632 5210 ἀλλ’
672 5157 757 5208 ὅτι
789 5155 997 5224 ζημίαν
1026 5154 1140 5224 ἔχει
1189 5157 1305 5217 τοῖς
1331 5152 1600 5222 τολμῶσι,
1630 5153 1729 5222 τὴν
1769 5153 1864 5220 ζη-

262 5253 401 5322 μίαν
440 5249 561 5302 ἐστὶ
599 5249 914 5317 φευγόντων
961 5246 1204 5316 άληθῶς,
1234 5248 1333 5299 οὐκ
1369 5246 1541 5315 αὐτὴν
1585 5247 1859 5313 ἀποστρεο

260 5344 532 5411 φομένων
571 5339 671 5408 τὴν
715 5339 1010 5408 πονηρίαν.
1057 5340 1120 5392 Οἳ
1155 5339 1248 5391 καὶ
1279 5339 1430 5408 δῆλοι
1477 5338 1696 5400 πάντως
1725 5338 1864 5389 εἰσῖν

259 5436 370 5488 οὐκ
422 5433 490 5486 ἂν
527 5432 855 5501 φευξόμενοι
889 5431 991 5500 τὴν
1027 5432 1249 5493 κακίαν,
1296 5432 1343 5483 εί
1398 5431 1568 5500 χωρὶς
1604 5429 1864 5482 κινδύνων

264 5524 618 5597 ἁμαρτάνειν
670 5521 836 5592 ἐξῆν·
879 5521 973 5584 οὒς
1026 5522 1082 5574 δέ
1123 5522 1261 5590 πρὸς
1303 5521 1403 5591 τὴν
1444 5521 1765 5588 φιλοσοφίαν
1807 5519 1865 5570 τὸ

263 5621 365 5674 τοῦ
406 5617 549 5672 Θεοῦ
590 5615 817 5683 φίλτρον
849 5616 1169 5679 ἀνέστησεν,
1205 5615 1298 5666 καὶ⁵
1324 5614 1527 5680 τιμῶσι
1557 5616 1650 5664 τὸν
1681 5613 1865 5680 νόμον,

261 5715 348 5766 ὅτι
409 5711 509 5764 τὸν
567 5708 870 5779 νομοθέτην
937 5708 1296 5774 στέργουσιν,
1341 5705 1560 5758 ἐπειδάν
1616 5705 1693 5773 τῷ
1749 5705 1867 5768 Θεῷ

265 5801 789 5871 πφσκεκρουκότες
844 5800 1059 5852 ἑαυτῶν
1099 5799 1490 5866 καταγνῶσιν,
1546 5795 1717 5866 αὐτὴν
1767 5797 1867 5865 τὴν

272 5896 561 5968 ἁμαρτίαν
601 5895 816 5957 ἑαυτοῖς
878 5894 1188 5966 μέμφονται
1244 5895 1336 5946 καὶ
1399 5892 1719 5964 δακρύουσι,
1769 5891 1867 5960 οὐχ

1962 4707 2157 4761 pravos
2205 4692 2455 4747 homines
2515 4693 2631 4745 odit
2687 4701 2832 4746 recte
2877 4694 3066 4760 nequit
3115 4691 3377 4760 appellari
3416 4690 3551 4743 mis-

1961 4785 2255 4852 anthropus
2282 4803 2307 4846 ,'
2330 4764 2432 4842 sic0
2468 4793 2519 4838 et
2570 4794 2853 4853 peccatum
2909 4798 3054 4850 egre
3089 4782 3251 4849 ferre,
3284 4797 3391 4836 non
3421 4782 3547 4848 quia

1964 4875 2056 4928 Dei
2092 4875 2301 4944 legibus
2353 4873 2701 4939 adversatur,
2729 4875 2823 4928 sed
2849 4873 2977 4941 quia
3009 4873 3270 4926 damnum
3305 4870 3553 4923 audenti-

1963 4969 2065 5021 bus
2126 4967 2293 5021 infert
2331 4964 2651 5037 ,proprium
2737 4978 2823 5020 est
2881 4966 3202 5035 fugientium
3263 4964 3549 5028 damnum,

1965 5075 2070 5114 non
2119 5059 2290 5128 ipsam
2337 5062 2696 5114 avertentinm
2753 5058 3119 5127 iniquitatem.
3154 5056 3254 5122 Qui
3284 5056 3402 5109 sine
3443 5055 3550 5108 dn-

1964 5152 2055 5206 bio
2084 5148 2190 5206 non
2211 5151 2458 5226 fugi-rent
2491 5152 2813 5220 nequitiam,
2842 5152 2885 5205 si
2911 5152 3033 5205 sine
3055 5150 3296 5220 periculo
3327 5162 3550 5217 peccare

1966 5244 2172 5299 liceret.
2214 5247 2361 5309 Quos
2410 5256 2590 5297 autem
2661 5245 2726 5295 ad
2798 5243 3196 5312 philosophiam
3263 5240 3356 5293 Dci
3395 5254 3552 5292 amor

1966 5340 2158 5404 erexit,
2174 5337 2374 5407 quique
2396 5337 2564 5406 legem
2597 5337 2889 5396 honorant,
2907 5334 3164 5402 quoniam
3185 5340 3370 5384 amant
3387 5331 3550 5396 legis-

1966 5430 2218 5495 latorcm,
2246 5440 2555 5499 postquam,
2591 5428 2700 5481 Deo
2722 5428 2961 5489 offenso,
3007 5442 3129 5481 sese
3159 5425 3554 5483 condemnant,

1971 5524 2149 5592 ipsum
2211 5533 2505 5595 pet-catum“
2550 5529 2809 5574 accusant
2875 5531 2928 5573 et
2980 5519 3378 5589 lacrytnantur,
3443 5530 3550 5567 non

1970 5617 2096 5684 quia
2133 5617 2346 5668 Virtutis
2387 5616 2708 5669 exciderunt
2764 5612 3002 5682 prmmiis
3049 5650 3062 5673 ,
3101 5610 3190 5664 sed
3263 5608 3389 5677 quia
3442 5623 3552 5690 "non

1971 5724 2094 5762 cum
2155 5708 2331 5760 divina
2402 5708 2680 5760 voluntate
2747 5703 3246 5759 cuncorduverunt.
3303 5699 3438 5752 llinc
3475 5697 3552 5750 illi

1972 5798 2216 5868 quidem,
2272 5801 2336 5851 de
2389 5799 2626 5868 peccatis
2673 5798 3018 5864 ptenitentcs.
3079 5811 3106 5846 a
3160 5792 3362 5846 malitia
3442 5804 3550 5841 non

1973 5893 2198 5950 omnino
2236 5907 2429 5962 puram
2489 5892 2689 5945 habent
2744 5890 3006 5954 animum,
3063 5899 3111 5942 t'l
3143 5887 3262 5940 idco
3296 5881 3549 5937 tnmrnris
