4262 6460
710 416 818 479 703

1930 413 2244 473 NICOLAI
2299 411 2690 471 CABASlL/F.

3838 405 3946 465 704

710 538 762 579 et
823 527 1179 592 lacrymarum
1212 529 1266 575 et
1313 535 1679 577 arumnarum
1734 534 1898 589 super
1970 519 2280 573 commissis
2313 519 2393 575 Ai

2277 553 2280 565 ι
2313 527 2350 575 Α
2384 519 2467 569 ὅτι
2509 517 2619 571 τῶν
2648 517 2734 568 ἐπ’
2763 517 2931 585 ἀρετῇ
2976 514 3183 583 μισθῶν
3210 512 3580 583 ἐψεύσθησαν,
3610 514 3724 565 ἀλλ’
3766 516 3849 567 ὅτι
3883 518 3960 585 μὴ

712 612 1070 667 necessariam
1115 626 1145 665 a
1192 608 1496 665 valentibus
1542 623 1849 663 mensuram
1888 617 2134 676 quaerent
2173 624 2188 660 :
2229 608 2282 661 bi

712 718 840 758 vero
869 713 984 758 toto
1026 701 1215 755 morbo
1246 700 1421 768 ejecto
1461 701 1563 753 sibi
1588 699 1874 754 sufﬁcient.
1904 699 2105 768 Duplex
2136 699 2280 751 enim

714 812 836 851 cum
885 802 1166 862 peccatum
1217 791 1307 855 sit,
1366 805 1652 859 mramque
1687 790 1923 843 devitant
1952 788 2288 858 partem:ip—

714 903 826 941 sam
886 886 1029 941 enim
1085 885 1190 939 vim
1256 885 1570 953 abjeccrunt
1602 882 1947 951 pmnitentes.
1975 882 2155 949 passio
2183 896 2284 934 au-

716 990 821 1033 tem
887 979 1026 1032 mala
1091 987 1184 1031 aut
1232 976 1515 1046 dispositio
1562 990 1668 1028 non
1709 974 1989 1035 remansit,
2020 989 2126 1026 non
2163 989 2282 1041 per-

718 1072 964 1125 mittente
1025 1084 1144 1137 qu:e
1198 1068 1437 1135 ipsorum
1489 1065 1687 1120 animis
1743 1065 1808 1119 ad
1859 1066 2056 1117 bonum
2114 1072 2168 1117 et
2215 1062 2279 1115 ad

722 1158 885 1213 Deum
920 1158 1088 1211 indita
1112 1167 1193 1212 cst
1224 1157 1387 1210 animi
1422 1155 1724 1210 affectione.

2390 608 2466 676 τῷ
2511 608 2630 675 Θεῷ
2684 609 2750 677 τῇ
2798 607 2993 678 γνώμῃ
3041 606 3366 673 συνέδησαν.
3402 604 3569 660 Ὅθεν
3623 608 3822 659 ἐκεῖνοι
3860 609 3962 675 μὲν

2390 700 2483 751 καὶ
2526 698 2925 767 μετεγνωκότες
2952 699 3038 766 ἐφ’
3067 693 3149 760 οἷς
3178 699 3447 767 ἥμαρτον,
3496 699 3694 761 κακίας
3725 700 3785 750 ού
3820 716 3961 751 παν-

2384 789 2552 850 τελῶς
2603 788 2853 859 καθαρὰν
2885 788 3066 857 ἔχουσι
3106 790 3203 861 τὴν
3246 789 3449 860 ψυχὴν,
3505 792 3597 843 καὶ
3646 791 3736 842 διὰ
3790 790 3962 843 ταῦτα

2384 882 2763 951 ταλαιπωρίας
2812 884 2958 945 τινὸς
2993 885 3091 936 καὶ
3143 881 3399 953 δακρύων
3456 884 3551 935 καὶ
3599 884 3782 934 πόνων
3818 883 3965 951 ὑπὲρ

2385 973 2495 1024 τῶν
2529 972 2942 1044 ἡμαρτημένων
2991 974 3189 1040 δεῆσαν
3234 974 3389 1042 παρὰ
3429 977 3542 1036 τοῖς
3574 975 3879 1038 ὑγιαίνουσι
3903 975 3966 1026 τὸ

2392 1066 2590 1134 μέτρον
2635 1066 2971 1135 ζτγεήσουσν
3019 1057 3166 1119 οὗτοι
3208 1066 3264 1118 δὲ
3310 1066 3410 1134 τὴν
3444 1067 3599 1117 νόσον
3628 1065 3843 1118 ἃπασαν
3874 1068 3968 1118 ὲκ-

2384 1156 2641 1220 6αλόντες
2682 1159 2894 1219 ἑαυτοῖς
2933 1158 3251 1228 ἀρκέσουσι.
3282 1157 3473 1223 Διττῆς
3521 1159 3630 1224 γὰρ
3669 1156 3837 1225 οῦσης
3863 1158 3966 1221 τῆς

721 1251 993 1318 ἁμαρτίας
1027 1249 1338 1318 ἀμφοτέρας
1376 1247 1636 1314 φεύγουσι
1666 1247 1761 1307 τὰς
1802 1245 2052 1313 μερίδας·
2084 1244 2183 1312 τῆς
2211 1260 2269 1296 τε
2310 1244 2418 1314 γὰρ
2465 1248 2747 1316 ἐνεργείας
2797 1247 2968 1316 αὐτῆς
2996 1246 3303 1300 ἐπαύσαντο
3353 1246 3838 1316 μεταμεληθέντες.
3872 1248 3970 1298 καὶ

719 1345 890 1406 πάθος
951 1342 1185 1410 πονηρὸν
1245 1340 1339 1392 καὶ
1388 1339 1631 1400 διάθεσις
1692 1337 1917 1406 ἡτισοῦν
1984 1336 2083 1387 οὐκ
2131 1336 2400 1403 ἐνέμεινε,
2441 1337 2535 1389 τοῦ
2603 1340 2737 1405 προς
2803 1339 3040 1405 τάγαθὸν
3106 1337 3199 1388 καὶ
3236 1336 3327 1387 τὸν
3399 1337 3532 1389 Θεὸν
3608 1339 3727 1397 ταῖς
3770 1337 3967 1406 ψυχαῖς

721 1436 1043 1493 ἐντακέντος
1074 1433 1255 1494 αὐτοῖς
1288 1430 1490 1494 πάθους
1530 1432 1604 1500 μὴ
1646 1428 2073 1498 συγχωροῦντος.

788 1527 853 1580 Ει
873 1529 983 1581 base
996 1526 1212 1595 quidem
1237 1526 1301 1579 de
1326 1526 1547 1579 tristitia
1576 1539 1588 1575 :
1618 1523 1850 1590 gaudere
1874 1536 2000 1575 vero
2022 1519 2293 1584 convenit,

724 1622 768 1675 si
801 1636 923 1689 quae
964 1634 1209 1672 amamus
1233 1632 1377 1671 nunc
1414 1617 1646 1670 maxime
1698 1615 1897 1668 adsunt
1950 1622 2043 1667 aut
2102 1615 2292 1668 saltem

724 1721 1038 1781 sperantur.
1100 1708 1307 1761 Etenim
1380 1721 1473 1774 spe
1540 1705 1875 1774 gaudemus,
1934 1703 2110 1770 inquit
2156 1703 2293 1755 Pau-

729 1806 831 1865 lus,
885 1813 1139 1870 tanquam
1176 1800 1440 1853 cbaritate
1482 1813 1601 1851 cum
1649 1798 1846 1865 gaudio
1894 1811 2058 1864 super
2100 1795 2286 1848 eadem

730 1890 1125 1956 conveniente;
1156 1899 1209 1944 et
1232 1898 1375 1945 certe
1421 1890 1716 1958 gaudemus
1760 1887 1917 1940 nobis
1954 1887 2084 1955 ipsis
2109 1929 2122 1951 ,
2155 1901 2261 1955 qua
2320 1867 2361 1921 Β

731 1996 889 2039 tcnus
930 1998 1213 2047 amamus,
1242 1990 1295 2036 et
1343 1981 1462 2036 aliis
1484 2022 1499 2047 ,
1530 1987 1775 2034 nostrum
1822 1979 2062 2048 ipsorum
2098 1982 2290 2050 gratia.

730 2075 872 2133 Sunt
914 2087 1093 2132 autem
1144 2077 1235 2145 qui
1262 2086 1482 2144 propter
1511 2074 1720 2142 scipsos
1751 2072 1975 2141 iucundi
2000 2082 2147 2134 sunt,
2168 2088 2289 2127 cum

734 2172 833 2238 ipsi
856 2171 965 2226 sint
982 2169 1140 2223 boais
1159 2168 1421 2228 moribus.
1447 2168 1843 2236 bcnevolosque
1863 2167 2051 2221 obvios
2084 2168 2295 2221 habue-

735 2263 846 2316 rint
880 2264 1114 2316 auimos.
1162 2259 1346 2329 Itaque
1389 2260 1607 2313 virttttis
1633 2274 1820 2314 amans
1855 2274 1957 2312 non
1986 2259 2160 2328 diligit
2192 2259 2291 2313 nisi

721 2353 877 2445 ,ψιοά
933 2351 1133 2405 bonum
1179 2360 1299 2406 est:
1333 2360 1551 2421 propter
1598 2352 1699 2404 hoc
1730 2351 1948 2419 quidem
1975 2350 2292 2420 sibimetipsi

736 2445 952 2513 gaudet,
1004 2454 1224 2514 propter
1261 2445 1363 2498 boc
1397 2454 1576 2497 autem
1643 2444 1804 2497 etiam
1840 2442 2142 2504 aliis,illud
2178 2442 2298 2511 qui-

737 2535 858 2589 dem
891 2576 905 2598 ,
938 2535 983 2590 si
1018 2549 1194 2589 mores
1229 2535 1571 2598 conveniant,
1604 2534 1705 2586 hoc
1727 2543 1902 2586 autem
1930 2535 1972 2587 si
1999 2532 2062 2585 ad
2091 2534 2294 2587 bonum

739 2629 937 2682 auxilia
989 2636 1260 2697 praestent.
1317 2625 1515 2680 Praeter
1580 2626 1691 2679 haec
1737 2641 1865 2680 vero
1917 2626 2107 2680 alienis
2136 2626 2297 2679 bonis

742 2724 904 2773 homo
954 2720 1128 2773 bonus
1169 2720 1401 2788 gaudet,
1434 2729 1485 2772 et
1539 2719 1639 2788 ipsi
1679 2729 1924 2771 votorum
1954 2732 2016 2771 ac
2041 2716 2296 2770 desiderii

741 2826 958 2880 quoque
990 2811 1110 2864 finis
1149 2820 1250 2873 est,
1286 2811 1327 2863 si
1358 2810 1479 2877 quis
1512 2811 1647 2862 bene
1669 2809 1797 2879 agit.
1832 2809 1896 2862 Et
1920 2808 2021 2862 bne
2050 2810 2299 2877 Vultlplao

746 2906 814 2957 tis
842 2903 1252 2957 liberalissimus
1306 2911 1388 2954 est
1427 2900 1638 2965 modus,
1664 2900 1757 2953 ubi
1786 2914 2131 2953 communem
2171 2899 2300 2951 facit

747 2996 941 3048 anima:
979 2995 1345 3062 .voluptatcm.
1411 3007 1507 3044 nec
1563 2993 1797 3061 scipsum
1859 2992 2031 3045 solum
2081 3001 2170 3045 aut
2204 3006 2301 3045 sua

744 3090 1030 3140 commoda
1080 3086 1229 3155 cupit
1270 3127 1284 3151 ,
1324 3102 1423 3139 nec
1476 3086 1587 3140 suis
1617 3086 1791 3138 solum
1856 3085 2119 3155 gloriatur
2160 3124 2174 3147 ,
2211 3092 2304 3137 aut

750 3190 893 3231 amat
945 3179 1157 3231 lucrum
1189 3220 1203 3242 ,
1232 3178 1323 3231 sed
1376 3179 1620 3232 coronari
1687 3178 1969 3247 praesumit
1996 3218 2010 3241 ,
2045 3178 2172 3231 dum
2210 3177 2301 3231 alii
2334 3216 2377 3273 ϐ

751 3272 992 3326 vincunt.
1050 3270 1103 3324 lu
1157 3270 1259 3325 hoc
1304 3270 1448 3324 enim
1516 3269 1679 3322 bomo
1709 3278 1955 3322 naturam
1984 3279 2226 3335 superat,
2258 3277 2309 3320 el.

752 3365 861 3417 Deo
914 3366 970 3416 lit
1005 3364 1219 3428 similis,
1272 3364 1363 3431 qui
1394 3376 1681 3415 commune
1710 3362 1908 3413 bonum
1942 3369 2045 3412 est.
2080 3358 2182 3411 Sed
2214 3359 2310 3411 ali-

755 3454 895 3506 unde
929 3468 1143 3522 quoque
1166 3452 1448 3507 manifeste
1480 3453 1655 3505 elucet
1683 3452 1826 3519 quod
1852 3453 2048 3503 bonum
2087 3459 2308 3518 promer

754 3545 990 3613 scipsum
1027 3553 1079 3597 et
1123 3559 1225 3596 non
1265 3551 1483 3611 propter
1517 3558 1668 3597 suam
1698 3542 2310 3603 utilitatemamat,cum

754 3634 914 3687 etiam
980 3634 1118 3703 apud
1139 3635 1274 3687 alios
1306 3634 1519 3696 videns,
1549 3650 1652 3685 nnn
1682 3634 1861 3687 mirus
1896 3632 2126 3687 laetetur.
2160 3633 2314 3688 Alius

754 3729 973 3797 quidem
1033 3730 1263 3782 aliorum
1324 3728 1533 3782 fructus
1591 3738 1692 3791 est,
1743 3730 2002 3781 bonorum
2032 3729 2311 3783 hominum

753 3822 1150 3888 cst,otnnibus
1180 3822 1311 3874 bene
1360 3822 1493 3873 velle
1536 3823 1874 3887 gauderoque
1908 3822 1972 3874 de
2008 3824 2148 3874 bona
2180 3822 2317 3874 isto-

755 3926 874 3967 rtm'
932 3912 1387 3975 consiueralicne,
1434 3915 1642 3979 ltocque
1691 3912 1903 3979 signum
1938 3910 2184 3977 perfecta!
2218 3914 2318 3965 bo-

759 4000 943 4055 nitatis
982 4002 1109 4068 poni
1162 4000 1239 4054 fas
1290 4010 1419 4062 est,
1448 4000 1589 4054 sicut
1619 4000 1827 4056 arboris
1880 4002 2072 4075 fertilis
2108 4001 2317 4055 fructus

760 4092 1108 4146 manifestum
1177 4093 1413 4147 ostendit
1467 4092 1727 4161 vigorem.
1786 4092 1897 4147 Nec
1940 4095 2083 4147 enim
2125 4102 2318 4150 natura

760 4186 899 4237 ferre
940 4193 1114 4255 potest
1138 4186 1385 4237 arborem
1421 4185 1485 4235 ad
1518 4184 1724 4238 similes
1764 4186 2150 4252 producendos
2216 4200 2318 4255 ap,-

764 4286 871 4328 tam
899 4274 1097 4343 quain
1127 4290 1184 4331 se
1215 4276 1366 4344 prius
1397 4291 1501 4328 non
1539 4275 1609 4329 sit
1632 4274 1887 4344 perfecta.
1926 4288 2028 4330 nec
2054 4276 2195 4330 inter
2218 4276 2319 4331 bo.

763 4368 938 4422 mines
964 4368 1104 4422 ullus
1133 4368 1254 4422 aliis
1292 4376 1436 4421 esset
1486 4367 1636 4421 utilis
1669 4406 1684 4429 ,
1721 4370 1812 4435 qui
1875 4373 2027 4432 prius
2076 4383 2184 4423 non
2216 4369 2319 4425 sibi

765 4461 864 4527 ipsi
913 4459 1216 4526 prodesset.
1268 4458 1608 4526 Sibimetipsi
1661 4459 1803 4512 enint
1863 4458 2205 4526 prmcmtenis
2234 4472 2319 4517 est

2473 1521 2581 1575 Καὶ
2603 1524 2732 1591 περὶ
2755 1523 2856 1593 μὲν
2877 1524 2979 1592 τῆς
3004 1524 3179 1588 λύπης
3198 1525 3437 1576 τοσαῦτα
3454 1541 3469 1555 ο
3496 1524 3710 1593 χαίρειν
3745 1523 3801 1574 δὲ
3830 1539 3968 1588 συμ-

2400 1614 2577 1668 6αίνει
2607 1618 2707 1683 μὲν
2738 1618 3022 1684 παρόντων
3048 1619 3179 1686 ἡμῖν
3211 1617 3247 1670 ἃ
3278 1615 3564 1685 φιλοῦμεν,
3596 1615 3883 1682 συμϐαίνει
3913 1614 3971 1666 δὲ

2397 1704 2788 1775 ἐλπιζομένων.
2829 1708 2936 1761 Καὶ
2982 1709 3091 1778 γὰρ
3118 1711 3183 1777 τῇ
3228 1708 3401 1760 ἐλπίδι
3434 1709 3717 1776 χαῖρομεν,
3762 1706 3974 1766 Παῦλος

2397 1791 2574 1861 εἶπεν,
2613 1797 2690 1860 ὡς
2742 1798 2810 1852 ἂν
2854 1799 2953 1867 τῆς
3007 1800 3228 1869 ἀγάπης
3261 1805 3325 1870 τῇ
3378 1802 3527 1869 χαρᾷ
3577 1800 3702 1866 περὶ
3731 1799 3798 1849 τὰ
3830 1797 3976 1850 αὐτὰ

2399 1888 2743 1958 συνεστώσης
2765 1905 2781 1919 ⁶
2817 1890 2911 1942 καὶ
2942 1891 3006 1960 δὴ
3049 1892 3316 1961 χαίρομεν
3344 1893 3477 1960 ἡμῖν
3512 1892 3697 1952 αὐτοῖς
3735 1890 3973 1942 καθόσον

2398 1978 2688 2047 φιλοῦμεν,
2730 1982 2828 2035 καὶ
2880 1983 3063 2046 ἄλλοις
3107 1984 3267 2053 ἡμῶν
3316 1984 3497 2036 αὐτῶν
3530 1985 3711 2053 χάριν.
3750 1983 3869 2035 Elei.
3917 1982 3976 2035 δέ

2399 2072 2449 2125 οῖ
2502 2072 2595 2125 καὶ
2629 2073 2697 2125 δι’
2738 2073 2967 2137 ἑαυτοὺς
3019 2075 3169 2144 ἡδεῖς
3230 2078 3387 2137 εἰσιν,
3438 2076 3656 2128 ἐπειδάν
3708 2076 3859 2128 αύτοί
3912 2092 3975 2127 τε

2398 2162 2596 2229 ἀγαθοὶ
2645 2157 2749 2215 ὦσι
2778 2164 2905 2226 τοὺς
2957 2166 3191 2234 τρόπους
3235 2168 3326 2218 καὶ⁸
3388 2167 3743 2236 εὐγνωμόνων
3770 2168 3977 2234 τύχωσι

2398 2253 2508 2307 τῶν
2540 2255 2885 2326 ἐπιτηδείων.
2928 2254 2989 2308 Ὀ
3021 2256 3203 2325 τοίνυν
3250 2258 3560 2319 σπουδαῖος,
3620 2258 3842 2325 φιλητὸν
3882 2259 3978 2326 μό-

2400 2365 2491 2400 νον
2512 2349 2877 2418 ἐπιστάμενος
2893 2349 3154 2416 τάγαθὸν,
3172 2349 3242 2402 δι’
3262 2351 3438 2403 ἐκεῖνο
3461 2352 3557 2420 μὲν
3576 2351 3752 2419 ἐαυτῷ
3771 2350 3977 2417 χαίρει,

2401 2439 2470 2491 δι’
2508 2440 2683 2493 ἐκεῖνο
2726 2441 2784 2492 δέ
2834 2442 2929 2493 καὶ
2968 2442 3085 2504 τοῖς
3124 2441 3327 2505 ἄλλοις,
3376 2443 3533 2497 τοῦτο
3583 2442 3684 2510 μὲν
3744 2444 3791 2494 εἰ
3848 2444 3983 2502 τοὺς

2401 2531 2639 2596 τρόπους
2662 2534 2896 2597 ἐοίκασι,
2927 2533 3088 2587 τοῦτο
3115 2534 3171 2587 δὲ
3199 2536 3247 2587 εί
3273 2534 3411 2605 πρὸς
3432 2534 3670 2601 τάγαθὸν
3696 2535 3973 2601 βοηθοῦσι.

2405 2623 2516 2675 Καὶ
2543 2624 2718 2683 ἄλλως
2748 2624 2803 2677 δὲ
2833 2624 3041 2679 τούτων
3076 2629 3247 2695 χωρὶς
3274 2629 3389 2687 τοῖς
3420 2625 3725 2693 ἀλλοτρίοις
3753 2626 3982 2691 ἀγαθοῖς

2405 2715 2433 2763 ό
2466 2715 2667 2780 ἀγαθὸς
2692 2716 2984 2785 ἄνθρωπος
3016 2718 3220 2785 χαίρει,
3253 2718 3347 2770 καὶ
3380 2717 3490 2769 τῶν
3520 2717 3692 2785 εὐχῶν
3710 2718 3858 2784 αὐτῷ
3888 2719 3983 2769 καὶ

2405 2804 2506 2872 τῆς
2541 2805 2839 2873 ἐπιθυμίας
2869 2809 2965 2861 καὶ
3011 2806 3172 2860 τοῦτο
3206 2808 3398 2873 πέρας,
3438 2809 3597 2867 εἴτις
3636 2806 3696 2859 εὖ
3728 2808 3980 2876 πράττει.

2410 2896 2517 2947 Καὶ
2534 2894 2689 2947 τοῦτό
2712 2897 2859 2948 ἐστιν
2883 2897 2911 2946 ὁ
2936 2897 3389 2966 ἐλευθεριώτατος
3411 2898 3509 2962 τῆς
3536 2897 3730 2963 ἡδονῆς
3754 2898 3980 2961 τρόπος,

2408 2988 2539 3039 ὅταν
2569 2988 2755 3057 κοινὴν
2783 2989 3005 3054 ποιῆται
3037 2991 3137 3056 τὴν
3169 2990 3269 3057 τῆς
3300 2989 3478 3057 ψυχῆς
3509 2989 3725 3058 ἡδονὴν,
3765 2990 3855 3041 καὶ
3884 2988 3985 3056 οὐχ

2411 3079 2604 3132 ἑαυτὸν
2638 3081 2798 3146 μόνον
2821 3082 2915 3132 καὶ
2945 3080 3015 3132 τὰ
3058 3080 3254 3132 ἐαυτοῦ
3287 3081 3438 3150 θέλῃ,
3478 3080 3599 3133 ούδέ
3634 3081 3990 3147 φιλοτιμῆται

2410 3173 2522 3232 τοῖς
2542 3169 2711 3222 αὑτοῦ
2744 3171 2926 3239 μόνον,
2945 3170 3054 3223 οὐδ’
3082 3172 3270 3240 ἀγαπᾷ
3293 3171 3614 3241 κερδαίνων,
3641 3169 3758 3222 ἀλλ’
3785 3170 3990 3237 ἡγῆται

2413 3262 3123 3329 στεφανοῦτθαι,νικώντων
3156 3265 3379 3332 ἐτέρων.
3424 3263 3514 3314 Ἐν
3548 3265 3722 3332 τούτῳ
3750 3262 3859 3330 γάρ
3892 3263 3993 3332 τὴν

2414 3352 2579 3420 φύσιν
2607 3355 2635 3405 ό
2683 3352 2973 3421 ἄνθρωπος
3019 3352 3340 3423 ὑπερϐαίνει
3390 3356 3487 3406 καὶ
3516 3352 3637 3421 θεῷ
3685 3352 3888 3413 ἐοικεν,
3932 3353 3992 3414 ὃς

2412 3445 2597 3497 κοινόν
2629 3444 2780 3497 ἐστιν
2804 3444 3030 3512 ἀγαθόν.
3057 3446 3266 3506 Ἀλλως
3292 3463 3349 3497 τε
3377 3444 3568 3497 τοῦτον
3590 3444 3797 3514 τρόπον
3831 3445 3994 3511 δῆλος

2414 3539 2623 3605 γίνεται
2651 3538 2720 3591 δι’
2751 3538 2913 3590 ἐαυτὸ
2951 3539 3121 3607 φιλῶν
3153 3537 3203 3590 τ’
3253 3536 3457 3603 ἀγαθὸν
3506 3537 3601 3589 καὶ
3648 3537 3708 3589 ού
3756 3536 3845 3588 διὰ
3888 3538 3993 3606 τὴν

2414 3628 2581 3682 αὑτοῦ
2617 3631 2832 3700 χρείαν,
2870 3632 3002 3682 ὅταν
3021 3630 3115 3683 καὶ
3147 3630 3278 3698 παρ’
3321 3629 3503 3691 ἄλλοις
3546 3628 3686 3695 ὁρῶν
3712 3628 3867 3680 οὐδὲν
3896 3624 3995 3700 ἦτ-

2413 3737 2506 3771 τον
2534 3720 2728 3789 ἦδηται
2750 3736 2764 3750 ο
2797 3721 2890 3772 καὶ
2922 3720 3085 3772 ἄλλου
3120 3720 3220 3787 μὲν
3251 3719 3382 3772 ἄλλο
3415 3736 3467 3770 τι
3514 3718 3751 3784 καρπὸς,
3782 3719 3894 3769 τῶν
3936 3719 3994 3768 δὲ

2416 3811 2640 3879 ἀγαθῶν
2693 3811 2904 3880 ἀνδρῶν
2953 3812 3013 3863 τὸ
3068 3812 3309 3879 τάγαθόν
3372 3810 3660 3879 βούλεσθαι
3720 3813 3855 3862 πᾶσι
3905 3811 4000 3863 καὶ

2416 3900 2632 3970 χαίρειν
2669 3901 3124 3971 εὐδοκιμούντων,
3183 3900 3477 3953 καὶτοῦτο
3523 3902 3750 3968 σημεῖον
3790 3902 3856 3953 ἄν
3915 3917 4003 3962 τις

2418 3993 2565 4044 θεῖτο
2590 3990 2686 4043 τοῦ
2713 3992 2940 4054 τελείως
2970 3989 3112 4045 εἶναι
3152 3993 3450 4060 χρηστοὺς,
3483 3991 3737 4060 καθάπερ
3778 3992 3810 4059 ἡ
3854 3992 4001 4058 φορὰ.

2417 4085 2512 4138 τοῦ
2569 4084 2999 4155 προενεγκόντος
3069 4081 3240 4150 φυτοῦ
3308 4082 3477 4150 δήλην
3548 4082 3842 4149 καθίστησι
3902 4082 4005 4149 τὴν

2420 4177 2630 4244 ἀκμήν.
2682 4174 2824 4228 Οὔτε
2852 4175 2963 4243 γὰρ
3009 4174 3075 4227 ἆν
3100 4177 3133 4242 ἡ
3167 4174 3332 4241 φύσις
3367 4174 3547 4225 ἐκεῖνο
3600 4172 3675 4241 μὴ
3728 4174 4003 4242 πρότερον

2421 4269 2508 4337 ἐφ’
2533 4270 2729 4322 ἐαυτοῦ
2753 4268 3040 4321 τελειωθὲν
3064 4268 3159 4319 ἐπὶ
3181 4268 3291 4319 τῶν
3330 4266 3537 4335 ὁμοίων
3563 4266 3777 4332 ἐνέγκοι
3808 4267 4005 4328 τόκων,

2422 4360 2547 4415 οὔτε
2574 4361 2686 4413 τῶν
2731 4359 3038 4429 ἀνθρώπων
3066 4359 3244 4420 οὐδεὶς
3277 4357 3460 4419 ἄλλοις
3498 4357 3565 4409 ἂν
3608 4357 3693 4425 εἴη
3739 4357 4006 4425 χρηστὸς,

2430 4453 2507 4523 μὴ
2535 4452 2681 4505 τοῦτ’
2729 4452 2861 4503 αὐτὸ
2896 4452 3161 4519 πρότερον
3208 4450 3509 4517 γενόμενος
3551 4446 3750 4515 ἐαυτῷ.
3784 4448 4011 4516 Ἐαυτῷ

764 4549 1009 4609 intimus;
1037 4548 1138 4601 sibi
1161 4548 1261 4615 ipsi
1281 4547 1561 4601 familiaris
1588 4559 1689 4608 est.
1719 4561 1781 4601 ac
1809 4550 2333 4623 prafcaterinseipso
2368 4562 2412 4617 ι)
2443 4563 2447 4611 1

2327 4572 2333 4601 ι
2368 4562 2412 4617 ι)
2443 4544 2541 4611 μὲν
2570 4544 2679 4612 γάρ
2706 4542 2813 4609 πρὸ
2839 4541 2945 4593 τῶν
2968 4540 3143 4594 ἄλλων
3167 4539 3438 4604 σύνεστιν,
3465 4538 3647 4607 ἐαυτῷ
3676 4538 3731 4591 δέ
3766 4541 4010 4611 συνήθης

766 4640 933 4693 utitur
964 4640 1216 4708 ;sibique
1271 4638 1411 4693 bona
1471 4639 1587 4691 vult
1650 4648 1813 4707 atque
1861 4648 2132 4703 precatur.
2172 4641 2322 4706 Quid

762 4746 895 4797 ergo
950 4730 1198 4799 probibet
1253 4730 1545 4797 quominus
1598 4730 1699 4782 sibi
1754 4730 2206 4795 priustnservtat,
2241 4733 2320 4785 si-

764 4822 981 4889 quidem
1039 4836 1105 4874 ex
1157 4836 1262 4874 una
1309 4831 1458 4888 parte
1497 4820 1666 4872 bonis
1709 4832 1923 4886 gaudet.
1951 4837 2015 4874 ex
2040 4823 2144 4876 alia
2174 4838 2322 4884 vero,

767 4919 960 4966 natura
989 4911 1138 4980 prius
1174 4910 1240 4964 ad
1277 4912 1453 4979 ipsum
1482 4911 1627 4962 illunt
1660 4909 1911 4977 illgusque
1936 4912 2321 4981 cogitationem

768 5003 1011 5063 inclinat.
1035 5004 1175 5057 sicut
1226 5017 1562 5071 unaqumque
1593 5014 1842 5056 creatura
1864 5004 1888 5055 ?
1908 5003 2019 5055 Sibi
2052 5004 2152 5072 ipsi
2182 5004 2324 5058 enim

769 5096 821 5148 in
882 5102 1052 5147 totum
1098 5104 1203 5157 est,
1236 5095 1339 5148 sibi
1364 5110 1492 5147 vero
1528 5096 1761 5160 primum
1799 5103 1882 5147 est
1920 5095 2119 5149 bonum
2148 5137 2160 5159 ,
2184 5106 2237 5148 et
2272 5105 2329 5149 ιιι

769 5186 1150 5254 unusquisque
1178 5186 1247 5240 sit
1287 5186 1422 5253 ipse,
1453 5186 1683 5255 primum
1740 5202 1805 5239 ae
1830 5202 2121 5241 commune
2152 5188 2330 5241 omni-

769 5278 870 5330 bus
897 5286 981 5331 est
1009 5277 1364 5333 desiderium.

838 5365 1127 5437 Propterea
1150 5371 1496 5423 manifestum
1521 5379 1601 5422 est
1626 5382 1765 5438 quod
1801 5372 1843 5423 si
1881 5372 2075 5424 bonam
2102 5370 2332 5422 aliorum

770 5463 1180 5515 aestimationem
1232 5474 1377 5516 amat
1410 5474 1614 5518 etcum
1646 5463 1941 5517 obtinuerit
1969 5465 2184 5529 gaudet,
2222 5463 2338 5528 ipse

775 5562 975 5604 nonest
996 5552 1182 5603 talium
1202 5550 1441 5604 animos
1461 5565 1555 5602 nec
1576 5565 1768 5619 egens:
1797 5563 1899 5604 non
1917 5536 2061 5602 etim
2084 5565 2142 5602 se
2160 5564 2340 5601 suam-

772 5657 878 5708 que
936 5657 1047 5695 rem
1092 5643 1364 5711 negligens
1428 5659 1529 5710 qua
1577 5658 1713 5710 opus
1759 5642 1921 5695 habet
1966 5642 2087 5694 aliis
2116 5638 2343 5694 studuit.

774 5734 1060 5794 Quumodo
1094 5734 1238 5785 enim
1273 5734 1326 5786 in
1373 5733 1606 5785 aliorum
1637 5732 2114 5799 manibus-cupiat
2144 5731 2233 5783 illa
2266 5730 2343 5782 vi-

776 5829 927 5892 dere,
987 5826 1186 5895 quibus
1233 5825 1506 5894 propriam
1541 5826 1762 5880 domum
1810 5840 2037 5880 vacuam
2085 5824 2223 5878 scit?
2282 5822 2337 5877 Si

2426 4634 2565 4697 ἐστὶ,
2600 4635 2696 4687 καὶ
2725 4635 2833 4701 πρὸ
2862 4632 3082 4684 πάντων
3112 4630 3288 4700 ἐαυτῷ
3318 4632 3536 4699 χρῆται.
3561 4631 3655 4683 καὶ
3682 4630 3750 4682 τά
3796 4633 4014 4699 χρηστά

2431 4726 2683 4796 βούλεται
2713 4726 2807 4777 καὶ
2848 4722 3090 4793 εὔχεται.
3128 4723 3194 4775 Τί
3228 4721 3322 4774 οὖν
3347 4722 3551 4773 κωλύει
3579 4724 3847 4791 πρότερον
3878 4723 4009 4774 ἐαυ-

2427 4816 2522 4869 τὸν
2548 4814 2803 4883 ὠφελεῖν,
2834 4813 2993 4880 εἴπερ
3019 4814 3047 4864 ὀ
3087 4812 3185 4881 μὲν
3210 4815 3323 4873 τοῖς
3365 4811 3593 4878 ἀγαθοῖς
3642 4811 3852 4879 χαίρει,
3889 4814 3923 4879 ἡ
3952 4812 4013 4865 δέ

2434 4909 2594 4974 φύσις
2622 4909 2701 4968 είς
2731 4905 2924 4959 ἐαυτὸν
2954 4905 3223 4973 πρότερον
3247 4903 3410 4955 αὐτὸν
3434 4902 3752 4969 ἐπιστρέφει
3782 4904 3877 4955 καὶ
3908 4904 4013 4969 τὴν

2433 4998 2601 5053 αὐτοῦ
2648 4999 2905 5068 πρόνοιαν
2937 4996 3187 5065 καθάπερ
3240 4997 3333 5047 καὶ
3371 4992 3479 5046 τῶν
3520 4993 3692 5045 ὄντων
3725 4994 4006 5059 ἐκαστονς

2444 5090 2657 5159 Ἐαυτῷ
2720 5089 2819 5160 μὲν
2870 5088 2981 5159 γὰρ
3020 5088 3157 5149 ὅλως
3206 5084 3379 5147 ἐστὶν,
3435 5084 3613 5151 ἐαυτῷ
3649 5084 3707 5135 δέ
3769 5085 4013 5154 πρώτως

2431 5183 2637 5249 ἀγαθόν
2683 5183 2855 5243 ἐστιν,
2905 5180 3002 5232 καὶ
3046 5178 3140 5231 τοῦ
3190 5176 3323 5232 αὐτὸ
3351 5177 3585 5229 ἕκαστον
3615 5171 3780 5241 εἶναι,
3817 5178 4015 5246 πρώτη

2443 5278 2539 5329 καὶ
2574 5275 2865 5339 κοινοτάτη
2889 5274 3057 5325 πᾶσιν
3082 5270 3371 5338 ἐπιθυμία.

2515 5364 2614 5415 Διά
2641 5362 2814 5416 ταῦτα
2846 5363 3005 5431 δῆλός
3038 5363 3209 5419 ἐστιν.
3240 5364 3288 5411 εί
3316 5360 3417 5426 τῆς
3473 5359 3585 5411 τῶν
3619 5359 3799 5412 ἄλλων
3865 5362 4022 5412 εὕδοι

2444 5458 2730 5524 κιμήσεως
2759 5453 2904 5524 ἐρῴη
2938 5453 3033 5505 καὶ
3056 5454 3235 5521 χαίροι
3264 5453 3553 5518 τυχόντων,
3585 5451 3685 5502 οὐκ
3718 5451 3889 5512 αὐτὸς
3910 5453 4023 5503 τῶν

2448 5545 2711 5597 τοιούτων
2746 5544 2974 5613 ἄμοιρος
3010 5544 3085 5595 ὣν
3108 5543 3216 5594 οὐδ’
3251 5541 3486 5603 ἐλλιπῶς
3522 5540 3657 5609 ἔχων
3681 5558 3694 5569 ·
3736 5541 3857 5593 ούδέ
3911 5544 4023 5610 γὰρ

2445 5638 2605 5690 αὐτὸν
2639 5637 2879 5704 ὑπερϐὰς
2912 5638 3006 5688 xui.
3035 5634 3135 5705 τὴν
3167 5633 3328 5685 αὑτοῦ
3362 5635 3573 5701 χρείαν,
3615 5627 3689 5685 ὧν
3719 5634 3877 5685 αὐτὸς
3912 5634 4025 5685 ἐδέ-

2448 5747 2571 5800 ησε,
2622 5729 2753 5795 περὶ
2794 5728 2902 5780 τῶν
2956 5728 3131 5781 ἄλλων
3182 5726 3490 5793 ἐφρόντιζε.
3529 5725 3649 5786 Πῶς
3701 5725 3812 5793 γὰρ
3859 5725 3929 5777 ἂν
3970 5728 4027 5776 ἐν

2446 5823 2566 5883 ταῖς
2591 5818 2698 5874 τῶν
2731 5818 2907 5873 ἄλλων
2938 5819 3125 5889 χερσὶν
3158 5816 3551 5886 ἐπιθυμήσειεν
3585 5816 3735 5881 ἰδεῖν,
3785 5810 3861 5869 ὧν
3924 5817 4025 5886 τὴν
