4262 6460
260 411 369 471 705

1301 406 1400 467 DE
1440 406 1619 466 VITA
1664 407 1743 467 ιΝ
1786 406 2119 467 CllillSTO
2181 406 2327 465 LIB.
2364 404 2503 467 VH.

3433 403 3541 463 706

272 522 475 575 ἑαυτοῦ
509 521 691 577 οὶκίαν
751 519 894 587 εγνω
954 520 1119 590 κενήν
1147 535 1162 583 ;
1193 520 1255 572 Ei
1287 518 1331 571 δ’
1360 518 1493 572 ινιοι
1546 520 1658 572 τῶν
1714 519 1854 587 πρὸς
1883 523 1928 579 Α

1883 523 1928 579 Α
1958 535 2087 572 vero
2120 520 2343 587 quidam
2379 520 2444 572 de
2472 518 2614 570 bono
2650 517 2959 584 virtuleque
2996 513 3239 584 perversi
3265 515 3542 575 eandidis-

261 614 501 681 τάγαθὸν
528 614 622 667 καὶ
650 614 751 683 τὴν
781 614 984 681 ἀρετὴν
1024 611 1247 680 φαύλως
1279 612 1535 679 ὶχόντων,
1565 613 1674 663 τῶν
1720 613 1844 681 ἀρί-

262 722 405 757 στων
445 703 824 773 περιτιθέντες
883 705 1095 764 ἑαυτοῖς
1148 706 1497 772 προσωπεῖον
1556 704 1691 769 πρὸς
1717 706 1846 771 άρε-

260 794 360 861 τὴν
392 794 709 860 ἀλείφουσι,
740 792 835 843 καὶ
868 785 941 843 ὢν
997 791 1155 843 αὐτοὶ
1202 791 1488 851 παντελῶς
1546 792 1845 859 ἠγνόησαν,

260 884 448 945 ἄλλοις
486 884 746 952 ἡγείσθαι
785 882 1063 951 ζητοῦσιν,
1098 883 1234 935 ἀλλά
1287 883 1475 952 φήμης
1511 884 1651 945 τινὸς
1704 886 1848 951 ἀφιέ-

263 993 418 1043 μενοι
452 978 636 1045 τυχεῖν
672 976 829 1028 αὐτοὶ
860 977 953 1027 καὶ
983 974 1140 1044 δόξης
1169 975 1425 1043 ψευδοῦς,
1456 977 1515 1028 οῦ
1564 980 1663 1045 τῆς
1723 978 1849 1047 ἀρεο

262 1070 361 1135 τῆς
425 1068 520 1121 καὶ
563 1068 805 1134 τάγαθοῦ
873 1070 1063 1136 χάρινί
1126 1069 1201 1130 ὡς
1260 1068 1384 1128 τούς
1435 1087 1497 1136 γε
1560 1071 1700 1123 κατά
1756 1072 1848 1123 τὸν

258 1157 423 1227 ὀρθὸν
449 1157 607 1225 λόγον
636 1156 796 1211 τοῦτο
822 1157 1125 1227 ζητοῦντας
1185 1160 1470 1228 ἀμήχανον
1508 1160 1729 1221 τελείως
1772 1159 1848 1212 εἷ-

258 1268 351 1301 ναι
380 1249 683 1319 χρηστούς.
718 1249 892 1301 Τοῦτο
923 1250 1031 1319 γάρ
1063 1252 1178 1302 ἔστι
1231 1250 1428 1319 φθόνου
1480 1252 1579 1320 μὲν
1616 1252 1708 1303 καὶ
1750 1252 1845 1321 βα-

263 1339 498 1401 σκανίας
527 1339 747 1407 ἀπάσης
797 1339 1235 1409 ἀπηλλαγμένων
1270 1342 1498 1413 ἀνδρῶν,
1531 1344 1749 1413 ἀγάπην
1790 1346 1845 1398 δὲ

262 1434 403 1501 πρὸς
431 1433 493 1484 τὸ
519 1434 794 1500 ὁμόφυλον
830 1434 1099 1505 εἰλικρινῆ
1137 1436 1233 1489 καὶ
1291 1435 1507 1489 τελείαν
1561 1456 1847 1508 παρασχο-

273 1524 479 1591 μένων,
505 1526 645 1595 ὅπερ
693 1527 809 1578 ἐστὶ
835 1526 933 1595 τῆς
966 1528 1202 1597 ισχάτης
1233 1528 1592 1583 ἑπιλαὸέσθαι
1638 1531 1849 1599 φιλοσο-

262 1614 395 1681 φίας
421 1630 434 1642 ·
469 1617 689 1684 ἀνάγκη
729 1615 936 1682 τοίνυν,
969 1614 1049 1679 οἷς
1086 1617 1186 1687 μὲν
1212 1617 1418 1687 ταύτης
1476 1620 1695 1687 μέτεστι
1752 1621 1849 1691 τῆς

261 1707 484 1774 ἡδονῆς,
510 1709 639 1771 τοὺς
666 1708 889 1761 πάντων
929 1708 1187 1778 ἀρίστους
1223 1704 1365 1763 εἶναι
1419 1714 1513 1764 καὶ
1547 1713 1849 1781 φιλοσοφω-

260 1800 483 1862 τάτους,
513 1804 627 1862 τοῖς
653 1802 708 1853 δὲ
740 1802 960 1854 πάντων
992 1803 1236 1873 ἀρίστοις
1262 1805 1355 1856 καὶ
1381 1805 1844 1873 φιλοσοφωτάτοις

270 1891 366 1941 ιιαί
404 1889 614 1956 ταύτης
655 1894 897 1959 μετεῖναι
926 1894 1023 1962 τῆς
1074 1894 1288 1963 ήδονῆς.
1336 1896 1656 1948 Ἀκόλουθον
1711 1898 1840 1968 γὰρ,
1884 1874 1924 1927 Β

258 1980 355 2031 τοῦ
391 1982 606 2048 ἀγαθοῦ
640 1984 1015 2053 μετασχόντας
1049 1985 1146 2054 τὴν
1176 1985 1270 2038 τοῦ
1303 1986 1511 2054 ἀγαθοῦ
1570 1987 1843 2041 δεικνύναι

258 2072 425 2140 φύσιν
455 2077 513 2126 ὲν
539 2078 603 2144 τῇ
643 2077 786 2145 ψυχῇ
812 2095 822 2107 ·
856 2078 1065 2131 ἐκείνου
1094 2079 1150 2131 δὲ
1183 2080 1275 2132 τοῦ
1299 2079 1505 2147 ἀγαθοῦ
1551 2082 1711 2149 φύσις
1754 2086 1844 2133 ἐκ·

257 2164 475 2230 χεῖσθαι
510 2165 605 2217 καὶ
642 2167 1043 2234 μεταδίδοσθαι.
1073 2169 1341 2239 Καθάπερ
1378 2173 1488 2241 γὰρ
1520 2171 1684 2224 αὐτοῦ
1712 2172 1850 2225 πάν-

259 2270 328 2305 τα
360 2256 601 2320 ἐφίεται,
666 2258 808 2309 οῦτω
865 2259 957 2310 καὶ
1006 2260 1139 2311 αὐτὸ
1204 2262 1411 2330 πέφυκε
1470 2262 1605 2331 πρὸς
1665 2263 1845 2317 πάντα

261 2348 495 2413 χωρείν’
525 2348 649 2400 οὐδὲ
683 2352 793 2419 γὰρ
829 2350 895 2403 ἂν
925 2352 1103 2404 πάντα
1136 2352 1301 2405 αὑτοῦ
1334 2355 1621 2423 τυγχάνειν
1646 2356 1846 2412 ἐπεθύ-

262 2455 426 2503 μουν,
466 2440 513 2489 εἰ
568 2440 642 2508 μὴ
678 2444 847 2494 πᾶσιν
888 2442 1052 2495 ὲαυτδ
1104 2446 1365 2513 παρεῖχεν
1399 2448 1574 2499 ἐκεῖνο
1598 2464 1611 2478 ·
1643 2449 1843 2515 ματαία

260 2547 324 2579 αν
356 2532 467 2599 γάρ
501 2526 642 2584 εἶναι
668 2533 766 2601 τὴν
801 2534 1100 2603 ἐπιθυμίαν
1139 2536 1283 2589 οὓτω
1320 2540 1637 2607 κοινοτάτην
1659 2539 1842 2607 οὖσαν,

264 2621 379 2683 πῶς
408 2621 671 2688 εῦλογον;
706 2624 873 2677 Ὅθεν
912 2628 1008 2677 καὶ
1047 2627 1139 2679 τὸν
1189 2628 1391 2695 ἀγαθὸν
1432 2630 1715 2699 ἄνθρωπον
1742 2632 1847 2684 ὦσ-

264 2728 372 2780 περ
408 2714 614 2781 ἑαυτῷ,
642 2715 784 2769 οὕτω
832 2718 926 2771 καὶ
957 2721 1092 2772 πᾶσι
1120 2722 1385 2789 πλρέχειν
1436 2723 1648 2787 ἑαυτὸν,
1692 2728 1718 2776 ὁ
1748 2726 1845 2794 τῆς

263 2806 637 2875 χρηστότητος
665 2809 887 2861 ἀπαιτεῖ
934 2809 1108 2877 λόγος,
1143 2813 1238 2863 καὶ
1288 2812 1541 2865 ἀνιᾶσθαι
1573 2817 1665 2866 καὶ
1723 2816 1847 2885 ἦδε‹

263 2893 390 2945 σθαι
430 2896 524 2948 καὶ
552 2896 729 2949 ὁτιοῦν
765 2900 999 2969 πάσχειν
1023 2900 1124 2971 τὴν
1179 2901 1379 2971 ψυχὴν,
1432 2906 1569 2973 πρὸς
1616 2907 1682 2958 τὰ
1738 2909 1845 2960 τῶν

259 2984 441 3039 ἄλλων
472 2990 627 3043 οὐδὲν
650 2985 813 3061 ἧττον
855 2993 886 3061 ἢ
923 2996 989 3044 τά
1016 2993 1181 3046 αὑτοῦ
1204 3011 1217 3024 ·
1252 2997 1343 3046 καὶ
1376 2994 1550 3058 άλλως
1584 2997 1639 3048 δὲ
1668 2998 1723 3049 τὸ
1745 2999 1839 3051 τοῦ

1952 610 2154 663 simum
2211 610 2415 661 vultum
2462 606 2806 670 simulantes,
2828 606 2892 657 ad
2938 606 3190 659 virtutem
3230 604 3531 675 inungunt,

1950 711 2002 753 et
2034 716 2263 767 quorum
2295 700 2395 769 ipsi
2427 699 2677 768 protinus
2710 697 2878 766 ignari
2917 706 3066 761 sunt,
3100 696 3225 752 aliis
3265 698 3539 767 imperare

1950 794 2159 852 volunt,
2198 802 2247 844 at
2285 793 2484 844 famam
2514 790 2806 859 quamdam
2844 788 3146 856 falsamque
3174 789 3401 858 gloriam
3442 790 3538 845 ob-

1953 894 2127 938 tinere
2159 895 2460 951 cupientes,
2502 896 2609 934 non
2662 881 2880 935 virtutis
2912 895 3013 933 nec
3044 879 3171 934 boni
3228 884 3427 948 gratia,
3458 882 3537 935 sie

1950 985 2151 1045 agunt;
2179 977 2502 1044 atquijnsta
2548 986 2752 1027 rectum
2793 987 3106 1026 sermonem
3162 972 3263 1025 hoc
3288 989 3534 1042 quzeren-

1951 1082 2051 1133 tes,
2087 1069 2422 1137 imposs:b.le
2452 1077 2534 1122 est
2563 1083 2684 1121 esse
2714 1067 2955 1135 perfecte
2995 1068 3190 1119 bonos.
3239 1064 3352 1120 lloe
3389 1066 3536 1119 enim

1952 1161 2230 1228 prOprium
2261 1169 2345 1211 est
2388 1158 2670 1210 hominum
2714 1156 2807 1223 qui
2842 1154 2991 1208 omni
3023 1153 3225 1207 invidia
3275 1155 3538 1224 omnique

1951 1252 2077 1305 odio
2107 1261 2237 1306 sunt
2265 1252 2551 1312 immunes,
2598 1250 2922 1302 charitatem
2979 1262 3109 1301 vero
3156 1248 3425 1301 sinceram
3474 1263 3539 1301 ac

1952 1345 2243 1405 perfectam
2276 1358 2403 1410 erga
2450 1343 2659 1396 similes
2693 1342 2991 1395 ostendunt
3019 1379 3035 1404 ,
3070 1340 3213 1408 quod
3263 1349 3345 1392 est
3384 1354 3537 1393 sum-

1954 1455 2099 1493 mam
2136 1436 2388 1504 attigisse
2436 1435 2864 1504 philosophiam.
2917 1431 3154 1487 Necesse
3190 1432 3421 1501 proinde
3455 1442 3536 1486 est

1952 1533 2097 1593 illos,
2128 1532 2325 1600 quibus
2357 1530 2501 1585 istud
2535 1528 2803 1595 contingit
2829 1527 3110 1594 gaudium,
3137 1526 3381 1581 omnium
3415 1540 3537 1580 esse

1950 1626 2193 1694 optimos
2213 1639 2276 1678 ac
2303 1620 2762 1691 sapientissimos,
2788 1622 2871 1674 lns
2901 1630 3080 1673 autem
3114 1619 3363 1672 omnium
3391 1619 3535 1684 opti-

1953 1718 2053 1770 mis
2096 1725 2149 1769 et
2212 1712 2639 1783 sapientissimis
2686 1714 2829 1765 istud
2886 1712 3205 1779 contingere
3249 1711 3534 1779 gaudium.

1952 1811 2306 1872 Consequens
2339 1816 2420 1859 est
2454 1804 2597 1860 enim
2632 1805 2757 1857 boni
2792 1806 3079 1871 participes
3113 1804 3238 1857 boni
3267 1814 3538 1857 monstra—

1954 1916 2011 1955 re
2044 1910 2295 1953 naturam
2327 1900 2379 1952 in
2416 1899 2629 1962 anima;
2660 1899 2817 1952 istius
2850 1907 3033 1951 autem
3075 1898 3201 1951 boni
3228 1907 3419 1949 natura
3454 1904 3539 1948 est

1953 1993 2153 2046 eli'nndi
2206 2002 2261 2045 et
2314 1991 2735 2047 communicari.
2796 1988 2951 2043 Sicut
2984 1988 3129 2042 enim
3163 1988 3310 2042 illius
3340 2000 3535 2042 cuneta

1952 2085 2285 2145 desiderant,
2320 2083 2399 2136 sic
2448 2092 2500 2136 et
2533 2082 2709 2149 ipsum
2755 2091 2943 2134 natum
2992 2088 3075 2134 est
3102 2080 3168 2134 ad
3202 2081 3383 2133 omnia
3421 2095 3537 2133 an-

1955 2178 2296 2245 plectendum
2330 2194 2342 2229 :
2374 2191 2499 2229 nam
2524 2175 2706 2228 omnia
2738 2175 2886 2229 illius
2909 2176 3153 2228 obtinere
3182 2189 3289 2225 non
3325 2173 3531 2226 deside-

1952 2282 2155 2331 rarent,
2191 2270 2293 2323 nisi
2325 2268 2537 2323 cunctis
2569 2267 2806 2335 seipsum
2835 2265 3096 2334 praeberet
3122 2282 3135 2319 :
3162 2280 3359 2318 vanum
3390 2267 3533 2317 enim

1952 2381 2073 2419 esSe
2108 2362 2436 2417 desiderium
2468 2362 2600 2414 illud
2648 2360 3188 2420 eommunissimum,
3230 2374 3358 2410 num
3399 2359 3526 2409 \eri-

1955 2458 2133 2511 simile
2163 2455 2285 2509 est?
2308 2454 2458 2509 Unde
2481 2452 2621 2520 frugi
2650 2453 2920 2505 hominem
2941 2452 3083 2503 sicut
3108 2452 3207 2505 sibi
3235 2452 3360 2519 ipsi,
3381 2451 3457 2503 sic
3485 2459 3536 2502 et

1956 2551 2209 2601 omnibus
2239 2562 2296 2598 se
2331 2545 2590 2612 praebere,
2644 2543 2895 2595 bonitatis
2948 2544 3084 2594 ratio
3134 2542 3391 2608 reposcit.
3439 2558 3537 2594 nec

1956 2656 2061 2693 non
2098 2640 2301 2701 dolere,
2334 2640 2524 2696 lzetari,
2554 2638 2826 2703 aliamque
2859 2636 3158 2703 quamlibet
3191 2635 3534 2688 aﬂectiOIIetIr

1953 2730 2019 2782 ad
2058 2744 2142 2781 res
2168 2729 2397 2780 alzorum
2441 2744 2547 2779 non
2594 2729 2776 2779 minus
2820 2736 2983 2793 atque
3018 2725 3083 2776 ad
3117 2741 3246 2778 suas
3277 2725 3535 2793 experiri.

1952 2820 2186 2871 Aliunde
2228 2818 2316 2871 |)ei
2375 2819 2633 2886 philtrum
2692 2831 2944 2885 magnam
2988 2816 3063 2869 illi
3107 2816 3347 2885 suggerit
3400 2817 3536 2868 lani-

1954 2912 2120 2964 tiam:
2155 2927 2259 2963 non
2302 2912 2447 2965 enim
2495 2910 2693 2961 dilecto
2726 2918 2959 2973 tantum,
2994 2908 3085 2961 sed
3116 2910 3277 2961 etiam
3335 2908 3537 2974 quibus

1956 3000 2073 3068 ipse
2106 3000 2325 3067 gaudet.
2360 2999 2705 3066 congaudere
2737 3012 2960 3051 necesse
2993 3006 3074 3051 est
3106 2999 3365 3050 amicum.

261 3080 399 3132 Θεοῦ
434 3083 659 3153 φίλτρον
683 3085 891 3155 ταύτην
945 3088 1110 3140 αὐτὸν
1140 3088 1435 3156 ἐργάζεται
1480 3090 1578 3159 τὴν
1640 3097 1853 3161 χαράν·
1930 3094 1991 3146 οὐ
2029 3096 2137 3163 γάρ
2208 3095 2355 3163 αὐτῷ
2397 3101 2473 3162 τῷ
2530 3092 2839 3162 φιλουμένῳ
2887 3092 3067 3160 μόνον,
3129 3090 3267 3143 ἀλλά
3315 3090 3411 3143 καὶ
3454 3085 3536 3153 οἷς

256 3179 423 3242 αὐτὸς
452 3181 660 3251 χαίρει,
687 3186 898 3252 χαίρειν
929 3186 1140 3254 ἀνάγκη
1174 3186 1267 3237 τὸν
1298 3188 1556 3257 ἐραστήν.

338 3273 594 3342 Ἥκομεν
621 3276 679 3328 δὲ
713 3276 797 3327 ἐπ’
824 3276 995 3346 αὐτὴν
1028 3278 1124 3348 τὴν
1158 3278 1501 3349 τελεωτάτην
1555 3281 1649 3335 καὶ
1681 3283 1847 3334 καθα-
1874 3300 1916 3357 c

263 3363 368 3427 ράν
392 3364 609 3433 ἡδονήν.
658 3365 811 3419 Ἐπεὶ
834 3367 946 3437 γάρ
984 3369 1075 3421 τὸν
1109 3368 1242 3422 Θεὸν
1295 3370 1440 3437 φιλεῖ
1469 3370 1576 3441 πρὸ
1625 3372 1842 3425 πάντων

258 3455 288 3503 ὁ
342 3452 455 3515 ζῶν
517 3455 575 3505 ιν
614 3455 764 3524 αὐτῴ
807 3458 904 3509 καὶ
945 3458 1126 3527 χαίρει
1179 3459 1278 3529 τὴν
1310 3462 1605 3515 ἀκόλουθον
1644 3463 1843 3532 τοσῷδε

258 3543 478 3612 φίλτρῳ
509 3547 706 3613 χαράν,
737 3547 939 3614 μᾶλλον
980 3549 1037 3601 δὲ
1070 3550 1470 3621 ἀκριϐέστερον
1499 3552 1566 3605 ἂν
1597 3554 1682 3622 είη
1712 3553 1846 3606 θεω-

259 3635 465 3704 ρητέον
495 3637 685 3707 αὐτὴν,
732 3638 897 3708 ἡλίκη
951 3641 1035 3702 τίς
1069 3643 1187 3693 εστι
1222 3644 1317 3694 καὶ
1368 3644 1513 3705 ὅπως
1568 3644 1682 3715 εχει
1721 3663 1846 3697 σκο-

258 3728 531 3791 ποῦντας.
560 3731 791 3799 Πρῶτον
822 3732 925 3799 μὲν
956 3734 1063 3803 γάρ
1089 3734 1186 3804 οὐχ
1214 3735 1407 3788 ἑαυτὸν
1438 3738 1617 3789 αἰτίαν
1680 3741 1847 3790 ποιεῖ-

256 3837 353 3874 ται
398 3820 501 3889 τῆς
547 3822 635 3873 ἀπ’
667 3823 859 3894 ἐκείνῳ
911 3828 1106 3894 χαράς,
1136 3827 1243 3879 οὐδ’
1286 3828 1417 3897 ήδύς
1462 3831 1612 3883 ἐστιν
1659 3832 1687 3882 ὀ
1715 3830 1846 3893 Θεὸς

257 3912 436 3980 αὐτῷ,
476 3915 559 3965 ὅτι
590 3914 741 3984 αὐτῷ
776 3918 923 3967 ἔστιν
952 3917 1177 3983 ἀγαθός.
1214 3919 1386 3972 Τοῦτο
1434 3920 1543 3989 γάρ
1600 3924 1755 3973 ἐστιν
1782 3922 1844 3974 οὐ

256 4004 353 4058 τὸν
405 4006 543 4056 Θεδν
574 4006 738 4058 αὑτὸν
763 4006 981 4075 ἀληθῶς
1019 4008 1300 4076 φιλοῦντος
1328 4011 1422 4063 καὶ
1480 4010 1675 4063 ἑαυτὸν
1710 4013 1847 4080 μάλ-

256 4100 352 4149 λον
389 4097 696 4164 φιλοῦντος,
732 4100 824 4150 καὶ
873 4099 1009 4168 πρὸς
1062 4100 1252 4152 ἑαυτὸν
1316 4101 1375 4153 ιν
1422 4094 1503 4163 οἷς
1579 4103 1849 4155 ποιεῖσθαι

256 4191 522 4259 καθάπερ
556 4190 705 4252 τέλος
732 4191 988 4257 ὁρῶντος.
1027 4191 1139 4246 Ποῦ
1174 4192 1229 4243 δὲ
1270 4192 1609 4261 εὐγνώμονος
1634 4194 1845 4263 ἀνδρὸς,

262 4283 341 4349 μὴ
371 4283 549 4349 φιλεῖν
586 4281 752 4333 αὐτὸν
788 4283 992 4351 κυρίως
1023 4286 1115 4335 τὸν
1144 4284 1483 4351 εὑεργέτην;
1517 4283 1618 4336 ποῦ
1666 4285 1722 4336 δὲ
1770 4285 1844 4337 δι-

258 4377 445 4437 καίου,
487 4374 566 4441 τῷ
599 4374 847 4442 μεγίστῳ
897 4375 1005 4425 τῶν
1071 4374 1280 4438 ἐφετῶν
1328 4378 1427 4442 τῆς
1485 4376 1701 4443 ἀγάπης
1750 4377 1846 4443 τὴν

2026 3278 2287 3331 Venimus
2314 3277 2424 3345 jam
2457 3276 2523 3328 ad
2570 3272 3024 3343 perfectissimam
3062 3286 3127 3325 ac
3160 3287 3349 3341 puram
3383 3271 3537 3326 volu-

1950 3380 2179 3443 ptatem.
2210 3368 2345 3423 Cum
2396 3368 2539 3421 enim
2591 3366 2758 3420 Deum
2812 3379 2921 3433 prae
2982 3362 3197 3417 cunctis
3247 3362 3426 3430 diligit
3477 3362 3529 3413 in

1949 3466 2069 3530 ipso
2114 3462 2325 3524 vivens,
2360 3470 2413 3515 et
2448 3460 2705 3529 gaudium
2744 3458 2869 3512 huic
2916 3456 3087 3509 amori
3126 3463 3529 3521 consequenter

1946 3570 2218 3611 annexum
2293 3553 2497 3617 sentit,
2562 3549 2755 3621 majori
2785 3547 3067 3617 diligentia
3134 3546 3528 3601 consideranda

1950 3657 2035 3704 est
2082 3648 2200 3718 ejus
2271 3655 2465 3699 natura
2540 3652 2595 3697 et
2680 3642 2951 3695 connexio
3016 3640 3083 3693 ad
3146 3639 3526 3708 philosophos.

1946 3741 2132 3795 Primo
2162 3738 2307 3791 enim
2344 3752 2454 3789 non
2488 3736 2731 3803 seipsum
2786 3733 2941 3802 ponit
2974 3731 3193 3794 laetitia,
3222 3745 3385 3798 quam
3430 3730 3530 3784 ha-

1946 3832 2039 3888 bet
2076 3832 2132 3885 in
2164 3831 2279 3894 illo,
2308 3842 2557 3889 causam,
2594 3840 2694 3880 nec
2725 3826 2827 3895 ipsi
2884 3823 3029 3878 Deus
3092 3833 3174 3879 est
3218 3824 3526 3893 iucundus,

1945 3922 2203 3991 quoniam
2258 3928 2341 3973 est
2392 3919 2493 3986 ipsi
2546 3920 2743 3970 bonus.
2800 3913 2916 3967 iloc
2952 3916 3097 3968 enim
3132 3930 3242 3967 non
3285 3923 3367 3967 est
3404 3928 3527 3967 vere

1940 4014 2220 4081 diligentis
2274 4009 2463 4071 Deum,
2510 4008 2604 4061 sed
2658 4006 2837 4075 petius
2888 4008 3127 4072 seipsum
3172 4010 3428 4070 amantis,
3473 4014 3529 4057 et

1948 4119 2139 4156 omnes
2163 4102 2405 4153 actium-5
2430 4100 2566 4151 ailse
2590 4111 2843 4165 tanquam
2872 4095 3029 4148 linem
3060 4094 3367 4149 reieretttis.
3395 4094 3528 4160 Quis

1947 4204 2125 4247 autem
2160 4194 2321 4245 homo
2352 4191 2485 4243 bene
2511 4200 2759 4241 lucratus
2814 4203 3089 4240 summum
3125 4188 3524 4242 bt'nel'actorem

1949 4300 2056 4337 non
2114 4284 2300 4337 amet?
2333 4282 2467 4349 Quis
2526 4283 2731 4350 justus,
2785 4281 3024 4333 maximo
3064 4280 3191 4332 duci
3257 4282 3524 4333 minorem

1946 4375 2230 4429 charitatis
2276 4375 2477 4426 tribuat
2520 4370 2762 4440 partem?
2787 4368 2919 4435 Quis
2944 4370 3161 4438 sapiens
3191 4371 3332 4422 aliud
3371 4373 3527 4439 quid-

258 4465 478 4517 ιλάττω
506 4464 693 4533 νέμειν
745 4466 984 4534 μερίδας
1022 4465 1125 4517 ποῦ
1166 4466 1220 4518 δὲ
1255 4467 1444 4533 σοφοῦ,
1478 4468 1573 4518 τοῦ
1610 4469 1846 4537 ἐσχάτου

1841 4489 1846 4515 ι
1949 4465 2073 4519 dam
2121 4466 2175 4518 in
2226 4466 2417 4517 ultimo
2451 4464 2553 4516 [ine
2610 4462 3099 4530 ponatiQuoniam
3134 4472 3312 4515 autem
3348 4464 3524 4531 ipsum

256 4556 455 4617 τέλους
483 4556 614 4607 ἀλλο
671 4572 727 4607 τι
790 4558 1101 4627 περαιτέρω
1145 4558 1390 4621 stetur;
1434 4558 1591 4610 Ἐπεὶ
1642 4560 1696 4611 δὲ
1752 4560 1845 4612 καὶ

1841 4597 1845 4608 .
1951 4557 2297 4622 prudentem,
2338 4556 2544 4622 justum
2581 4564 2633 4606 et
2667 4556 2966 4620 sapientem
3010 4568 3130 4606 esse
3158 4569 3372 4622 equum
3420 4566 3524 4617 est,

256 4649 590 4716 εὐγνώμονα
624 4648 789 4701 αὐτὸν
818 4649 964 4711 εἰκὸς
991 4645 1130 4701 εἶναι
1168 4653 1261 4701 καὶ
1288 4650 1495 4702 δίκαιον
1531 4653 1621 4702 καὶ
1662 4653 1844 4718 σοφὸν,
1875 4632 1925 4689 θ

1841 4696 1844 4711 ,
1875 4632 1925 4689 ο
1954 4662 2175 4699 necesse
2199 4655 2281 4699 est
2318 4655 2371 4697 ut
2402 4646 2586 4713 diligat
2620 4645 2785 4697 Deum
2818 4653 2869 4697 et
2896 4644 2947 4695 in
3001 4645 3257 4711 majorem
3305 4648 3524 4699 modum

256 4742 485 4806 ἀνάγκη
517 4740 611 4790 καὶ
643 4741 820 4806 φιλεῖν
846 4740 937 4791 τὸν
980 4740 1133 4804 Θεὸν,
1174 4742 1268 4791 καὶ
1322 4740 1532 4808 χαίρειν
1567 4742 1713 4810 αὺτῴ
1755 4760 1845 4796 τιν

255 4833 490 4898 ἄριστον
514 4831 741 4898 τρόπον,
785 4832 976 4882 ἔπειτα
1010 4831 1207 4899 συνεχῆ
1240 4832 1331 4883 καὶ
1365 4830 1588 4897 βεϐαίαν
1615 4830 1718 4900 τὴν
1746 4851 1846 4901 χα-

258 4924 393 4990 ράν,
424 4922 505 4973 ἔτι
531 4924 590 4974 δὲ
623 4924 716 4974 καὶ
738 4923 1000 4991 ὑπερφυᾶ
1055 4940 1177 4973 τινα
1232 4925 1327 4974 καὶ
1354 4922 1670 4991 θαυμαστὴν
1723 4924 1848 4974 ἀκό-

256 5016 458 5066 λουθον
489 5010 653 5065 εἶναι.
686 5014 893 5081 Συνεχῆ
940 5016 1062 5081 μὶν,
1086 5014 1167 5065 ὅτι
1210 5016 1323 5074 τοῖς
1376 5011 1469 5063 τοῦ
1509 5012 1843 5081 ποθουμένου

257 5106 524 5158 σύνεστιν
556 5106 839 5166 ἑκάστοτε,
882 5108 978 5157 καὶ
1011 5102 1087 5165 οἷς
1120 5106 1438 5173 ἐντυγχάνει
1472 5104 1565 5156 τὸν
1595 5106 1680 5157 ἀεὶ
1720 5107 1845 5175 χρό-

254 5207 374 5252 νον,
406 5191 506 5241 καὶ
533 5187 569 5239 ἀ
601 5188 679 5254 τῷ
710 5186 927 5257 σώματι
959 5188 1179 5256 χρῆται,
1223 5191 1315 5239 καὶ
1354 5188 1388 5240 ὃ.
1420 5186 1714 5255 λογίζεται,
1751 5191 1844 5241 καὶ

254 5282 329 5333 δι’
354 5278 433 5333 ὧν
476 5282 775 5347 ὑφέστηκε,
809 5280 903 5331 καὶ
932 5278 1013 5341 οἷς
1049 5279 1113 5349 ζῇ
1144 5280 1232 5331 καὶ
1290 5280 1534 5348 περίεστι
1570 5281 1662 5331 καὶ
1691 5284 1837 5349 ὲνερο

255 5378 370 5443 γεῖ,
415 5375 511 5427 καὶ
548 5372 798 5425 ὁπωσοῦν
840 5373 953 5440 ἔχει
998 5374 1091 5423 καὶ
1124 5371 1363 5437 γίνεται·
1399 5372 1578 5423 πάντα
1620 5371 1716 5440 μὲν
1765 5369 1843 5425 οἵ·

257 5470 353 5519 διν
382 5466 526 5533 ἔργα
560 5465 719 5524 Θεοῦ,
752 5465 930 5518 πάντα
953 5462 1008 5515 δὲ
1043 5462 1192 5531 αὑτῴ
1238 5466 1457 5532 συνεχῆ,
1490 5464 1611 5514 ὅθεν
1668 5466 1843 5518 πάντα

265 5560 372 5627 μὲν
410 5556 688 5624 αὐτῷτὴν
719 5557 932 5607 ἐκείνου
989 5556 1247 5622 συντηρεῖ
1295 5556 1537 5622 μνήμην,
1581 5555 1755 5607 πάντα
1786 5556 1841 5609 δὲ

256 5652 323 5703 τὸ
352 5650 589 5717 φίλτρον
627 5647 898 5699 άσόεστον
958 5645 1237 5713 φυλάττει,
1288 5646 1459 5697 πάντα
1515 5644 1572 5697 δὲ
1632 5647 1842 5713 τέρπει,

258 5743 360 5794 καὶ
392 5739 522 5792 οὕτε
562 5740 725 5799 αὐτὸς
755 5737 821 5790 ἂν
844 5738 1039 5789 ἑαυτὸν
1082 5735 1364 5801 ἀπολίποι,
1407 5734 1531 5787 οὐδὲ
1588 5736 1844 5789 παύσαιτ’

256 5838 328 5889 ἂν
368 5830 555 5900 ἑαυτῴ
584 5831 782 5895 συνὼν,
821 5828 946 5882 οὔτε
978 5827 1078 5899 τὴν
1124 5828 1302 5899 χαράν
1336 5827 1540 5897 ταύτην
1581 5826 1847 5897 διακοπῆ-

1953 4740 2019 4793 de
2051 4741 2164 4807 ipso
2187 4739 2439 4806 gaudi-at,
2466 4737 2660 4789 deinde
2687 4738 3003 4789 continuam
3040 4738 3376 4804 solidamque
3404 4754 3525 4792 esse

1956 4830 2217 4893 laetitiam,
2238 4843 2468 4897 eamque
2505 4828 2800 4895 quamdam
2834 4829 3305 4893 supernaturalem
3330 4847 3392 4883 ac
3422 4833 3493 4883 nti

1955 4938 2068 4974 ram
2099 4935 2220 4974 esse
2258 4928 2676 4987 consequenter.
2713 4920 2983 4972 Continuo
3021 4920 3244 4987 quidem
3278 4935 3398 4974 esse
3432 4925 3495 4974 de

1956 5014 2063 5073 bet,
2108 5012 2359 5079 quoniam
2403 5025 2613 5075 semper
2648 5010 2811 5060 rebus
2863 5008 3047 5059 dilecti
3084 5010 3356 5073 convivit,
3408 5014 3525 5064 siw

1951 5100 2151 5167 quibus
2181 5101 2512 5153 inees:autcr
2545 5116 2625 5150 ορ(
2647 5099 2803 5161 urtit,
2836 5099 2949 5149 sive
2979 5098 3178 5165 quibus
3208 5101 3375 5151 utitur
3401 5116 3513 5153 cor-

1952 5207 2105 5258 pore,
2152 5194 2266 5245 sive
2310 5207 2429 5259 qu.e
2484 5191 2761 5257 reco'gitat,
2807 5189 2921 5241 sive
2988 5190 3185 5255 quibus
3249 5193 3520 5256 consistit,

1951 5284 2064 5336 sive
2104 5284 2303 5349 quibus
2329 5284 2475 5341 vivit,
2510 5290 2778 5343 superest,
2812 5294 2862 5334 et
2894 5281 3095 5347 aliquid
3120 5280 3277 5341 valet,
3315 5289 3367 5333 et
3390 5300 3525 5349 quit.

1952 5388 2061 5440 quo
2096 5373 2254 5425 modo
2294 5388 2415 5429 sese
2458 5382 2633 5423 movet
2667 5384 2718 5423 et
2768 5373 2897 5437 agit.
2934 5368 3055 5421 [Lee
3092 5374 3274 5423 omnia
3303 5373 3519 5437 quidem

1940 5478 2099 5530 Opera
2127 5462 2213 5515 Dei
2242 5463 2410 5523 novit,
2443 5466 2535 5514 sed
2562 5464 2664 5532 ipsi
2685 5474 2811 5516 sunt
2838 5463 3117 5523 continua;
3144 5462 3325 5513 omnia
3356 5465 3523 5531 igitur

1942 5554 2041 5623 ipsi
2076 5556 2391 5607 memoriam
2431 5555 2574 5608 illius
2609 5562 2889 5623 praesunt,
2938 5562 3133 5605 cuncta
3172 5552 3518 5607 dilectionem

1945 5647 2444 5718 iuexstinguibilem
2481 5658 2718 5709 servant,
2772 5655 2966 5699 cuneta
3001 5643 3295 5709 laetificum;
3341 5655 3396 5700 et
3428 5664 3522 5700 ne-

1944 5756 2049 5808 que
2086 5741 2433 5808 semetipsum
2502 5742 2613 5809 ipse
2681 5742 3078 5811 derelinqueret
3110 5784 3123 5807 ,
3172 5758 3345 5811 neque
3396 5755 3517 5793 ces—

1945 5841 2091 5887 saret
2132 5848 2250 5888 esse
2295 5835 2398 5890 sibi
2449 5838 2723 5902 conscius,
2753 5852 2927 5905 neque
2965 5837 3080 5891 fieri
3119 5845 3299 5907 potest
3327 5846 3383 5889 ut
3406 5834 3519 5889 haec
