4262 6460
257 440 367 501 “ius

1287 428 1384 487 DE
1418 421 1592 482 VITA
1630 417 1703 475 IN
1746 410 2084 473 CHRISTO
2119 408 2257 465 LIB.
2292 406 2429 465 Vll.

3392 387 3492 451 710

259 557 355 608 xui
386 554 487 621 τῆς
521 551 619 622 μέν
652 548 836 608 πενίας
878 541 1288 598 ἐπιλανθάνεται
1326 538 1424 605 τῆς
1477 528 1664 589 αὐτοῦ,
1699 526 1833 594 πρὸς
1866 528 1908 583 Α
1939 544 1942 563 ‹

1814 542 1833 585 ς
1866 528 1908 583 Α
1939 518 2148 572 oblitus
2214 509 2570 584 paupertatis,
2611 507 2677 560 ad
2716 506 2846 559 istas
2901 502 3076 556 inhiat
3110 499 3355 564 divitias;
3385 500 3497 552 ior-

1940 621 1946 622 ,
2189 617 2199 622 -
2301 617 2310 622 .
2356 620 2368 622 _
2388 620 2409 622 ,_
2430 617 2536 622 _-_-
2570 599 2708 622 -:-I...
2771 598 2917 622 :11...“
2944 605 3120 622 Annam
3148 602 3203 622 ..ο
3228 593 3497 622 ηι-Λιὶιιῖηινη

261 646 316 698 δὲ
346 620 453 696 τὸν
477 620 705 694 πλοῦτον
738 640 967 705 κέχηνεν
998 634 1225 691 ἐκεῖνον,
1262 628 1354 679 xui
1382 625 1478 693 τὴν
1508 624 1603 691 μὲν
1636 620 1707 680 ὡς
1740 620 1831 669 ἀλ-

259 733 478 801 λοτρίαν
504 731 605 798 ὁρᾷ
638 728 828 796 τύχην,
858 726 947 777 τὸν
974 723 1029 774 δέ
1053 720 1125 783 ὼς
1148 720 1346 771 οἰκεῖον
1376 715 1591 783 ἡγεῖται
1619 709 1825 776 κτῆμαο

264 828 323 875 οὐ
364 800 436 875 δι’
475 822 688 889 ἐκείνην
736 818 956 885 ἐνόμισε
1008 812 1313 878 δυστυχεῖν,
1346 806 1480 858 ἀλλά
1526 804 1610 855 διὰ
1641 800 1831 851 τοῦτον

264 916 520 966 πλούσιον
554 913 693 978 ἔγνω
722 910 814 963 καὶ
853 907 1122 975 μακάριον
1171 900 1383 954 ἑαυτόν.
1448 896 1513 947 Ἥ
1579 894 1686 961 γὰρ
1735 893 1832 958 τῆς

265 1008 489 1074 ἀγάπης
516 1004 745 1069 δύναμις
778 1002 887 1061 τοῖς
936 998 1133 1065 ἐρῶσιν
1187 993 1363 1044 οἰκεῖα
1402 987 1469 1039 τά
1502 986 1609 1039 τῶν
1653 984 1834 1049 φιλου-

271 1100 451 1165 μένων
471 1091 578 1146 οἶδε
612 1095 780 1145 ποιεῖν
801 1108 815 1122 ·
842 1089 967 1140 ἐπεὶ
987 1088 1042 1139 δέ
1074 1088 1106 1155 ἠ
1140 1085 1237 1152 τῆς
1278 1082 1549 1149 θελήσειας
1599 1079 1691 1128 xui
1738 1078 1835 1141 τῆς

270 1186 569 1254 ἐπιθυμίας
600 1182 831 1251 δύναμις
861 1182 971 1241 τοῖς
1020 1176 1197 1242 ἁγίοις
1221 1175 1297 1234 είς
1324 1173 1413 1223 τὸν
1464 1170 1595 1220 Θεὸν
1628 1165 1839 1219 ἀνάλω-

268 1297 360 1331 ται
396 1281 566 1336 πᾶσα,
606 1275 763 1343 μόνον
795 1275 999 1325 ἐκεῖνον
1054 1266 1255 1335 ἀγαθὸν
1304 1265 1505 1315 οίκεῖον
1552 1258 1835 1327 ἡγοῦνταιο

270 1372 366 1424 xui
398 1369 521 1421 οὗτε
558 1367 715 1435 σῶμα
755 1365 950 1424 αὐτοὺς
994 1360 1217 1414 δύναται
1258 1357 1481 1423 τέρπειν
1528 1350 1649 1403 οὕτε
1692 1347 1840 1417 ψυχὴ

270 1463 397 1512 οὔτε
435 1459 501 1511 τὰ
532 1458 629 1525 τῆς
655 1456 834 1524 ψυχῆς
899 1449 1216 1518 ἀγαθά,οὑκ
1245 1447 1373 1499 ἄλλο
1420 1460 1472 1495 τι
1523 1441 1631 1492 τῶν
1682 1440 1839 1507 φύσει

277 1548 558 1615 συγγενῶν
585 1546 678 1597 xui
707 1544 943 1607 οίκείων,
987 1537 1295 1592 ὅτιτούτων
1323 1535 1475 1587 οὐδὲν
1502 1533 1682 1591 αὐτοῖς
1726 1531 1841 1580 ἐστι

274 1642 342 1692 δι’
405 1640 568 1692 ἑαυτὸ
627 1636 881 1705 φιλητόν
934 1633 1046 1686 ἀλλ’
1094 1632 1167 1692 ὼς
1224 1628 1288 1682 ἀν
1345 1624 1599 1686 καθάπαξ
1638 1620 1844 1675 ἐαυτῶν

279 1734 660 1799 ἐξεληλυθότες
696 1732 789 1782 xui
822 1725 1237 1797 μετενεγκόντες
1288 1719 1513 1788 ἑτέρωθι
1562 1717 1660 1785 τὴν
1701 1716 1844 1783 ζωὴν

275 1828 371 1877 xui
403 1826 499 1889 τὴν
536 1822 837 1890 ἐπιθυμίαν
890 1819 1109 1872 ἃπασαν
1135 1815 1359 1873 ἑαυτοὺς
1403 1809 1699 1877 ἠγνόησαν.
1735 1807 1845 1858 Καὶ

1932 621 2120 667 tunam
2150 617 2206 661 nt
2229 617 2540 659 cxtraneam
2570 599 2733 660 videt,
2771 598 2919 649 illum
2943 605 3121 648 autem
3148 602 3206 647 ut
3228 593 3498 661 propriam

1944 698 2356 770 possessionem
2388 690 2717 747 considerat.
2747 684 2862 737 Non
2896 700 2988 750 per
3022 684 3165 735 illam
3210 697 3268 735 se
3302 680 3508 748 putavit

1938 794 2222 851 miserum,
2248 786 2339 839 sed
2364 800 2457 852 per
2482 784 2628 836 hunc
2654 794 2773 832 sese
2795 777 3013 829 divitem
3032 774 3180 826 novit
3199 772 3504 827 etbeatum.

1940 882 2149 935 Etenim
2198 876 2478 930 cliaritatis
2523 880 2759 939 potestas
2816 868 2881 921 de
2932 864 3161 934 propriis
3208 865 3507 918 amantium

1940 976 2040 1030 scit
2072 974 2213 1026 bona
2244 970 2423 1021 facere
2451 966 2770 1018 dilectornm
2800 980 2811 1013 :
2836 976 2958 1013 cum
2991 971 3171 1009 autem
3213 954 3510 1008 voluntatis

1940 1077 1993 1120 et
2027 1062 2281 1117 desiderii
2335 1058 2570 1127 potentia
2605 1072 2661 1108 se
2707 1063 2871 1106 totam
2920 1052 2983 1102 ad
3020 1048 3188 1101 Deum
3224 1047 3274 1098 in
3307 1046 3511 1099 sanctis

1942 1152 2303 1219 consumpsit,
2359 1150 2503 1201 hunc
2528 1145 2702 1199 Solum
2751 1141 3030 1211 proprium
3088 1138 3362 1191 :esdmant
3417 1137 3514 1187 bo-

1944 1262 2096 1309 num,
2125 1254 2177 1299 et
2213 1257 2387 1311 neque
2416 1255 2635 1305 corpus,
2672 1252 2844 1303 neque
2868 1235 3072 1295 anima,
3112 1247 3285 1299 neque
3315 1230 3513 1282 animae

1947 1341 2108 1399 bona,
2146 1352 2244 1389 nec
2277 1333 2422 1388 aliud
2455 1331 2584 1400 quid
2615 1346 2677 1381 ex
2714 1337 2916 1380 natura:
2952 1325 3271 1394 propinquis
3302 1332 3354 1374 et
3395 1336 3517 1389 prn-

1945 1432 2078 1501 priis
2127 1432 2271 1498 ipsos
2306 1426 2579 1480 laetificare
2607 1430 2801 1491 po:est,
2830 1421 2954 1487 quia
3004 1418 3137 1470 nihil
3170 1417 3393 1469 istorum
3433 1422 3516 1466 est

1946 1540 2041 1593 per
2077 1538 2135 1576 se
2172 1520 2502 1589 diligendum
2538 1533 2551 1568 τ
2583 1516 2675 1568 sed
2732 1523 2985 1580 tamquam
3022 1510 3185 1564 semel
3221 1526 3283 1562 ex
3318 1516 3514 1560 semet-

1949 1613 2082 1681 ipsis
2140 1611 2402 1663 exiissent
2436 1613 2488 1658 et
2522 1605 2629 1657 alio
2673 1604 2833 1654 vitam
2885 1614 3154 1660 omneque
3190 1597 3515 1649 desiderium

1949 1701 2383 1763 transtulissent,
2415 1712 2535 1750 sese
2569 1696 2980 1763 ignoraverunt.
3040 1690 3103 1742 Et
3150 1704 3258 1741 non
3292 1698 3375 1740 est
3414 1686 3519 1738 mi-

1952 1811 2094 1849 rum:
2124 1793 2407 1847 hominum
2435 1771 2579 1843 enim
2614 1800 2765 1839 amor
2795 1785 3011 1838 divitias
3042 1790 3094 1835 ct
3133 1795 3359 1847 corpora
3392 1793 3523 1831 cnn-

275 1874 468 1970 οὗδέν.
515 1874 784 1968 ἄπιστόν·
837 1914 863 1964 ὁ
894 1910 992 1977 μὲν
1040 1908 1147 1977 γάρ
1208 1906 1313 1957 τῶν
1363 1874 1663 1972 ἀνθρώπων
1706 1898 1843 1968 ἔρως
1880 1875 1958 1940 BI

1837 1915 1843 1957 ς
1880 1875 1921 1929 Β
1951 1898 2190 1941 temnere
2223 1883 2431 1943 suadet,
2466 1882 2787 1946 videresth
2828 1874 3038 1943 perdite
3065 1883 3312 1926 amantes
3348 1886 3520 1936 Imque

278 2011 581 2080 χρημάτων
616 2011 709 2060 καὶ
761 2008 1031 2073 σωμάτων
1079 2000 1255 2054 πείθει
1321 1996 1705 2065 καταφρονεῖν,
1759 1993 1851 2044 xui

280 2106 416 2165 ἴδοις
451 2106 515 2156 ἂν
538 2102 664 2163 τοὺς
699 2099 941 2168 μανικῶς
972 2094 1256 2164 φιλοῦντας
1288 2089 1399 2143 οὔτ’
1449 2090 1513 2141 ἂν
1563 2085 1849 2148 εὐεκτῶσι,

280 2199 382 2265 τῆς
414 2197 604 2263 ὑγείας
657 2194 1102 2259 αἰσθανομένους,
1141 2184 1360 2238 ἐπειδᾶν
1408 2185 1589 2250 χεῖρον
1631 2179 1851 2247 ἔχοντας

279 2288 459 2355 ταύτῃ
510 2286 636 2345 τοὺς
698 2279 1035 2348 ἐπιτηδείους
1081 2274 1305 2346 ὁρῶσιν,
1362 2270 1487 2323 οὔτε
1559 2268 1850 2329 νοσοῦντας

282 2379 422 2447 πρὸς
458 2378 556 2446 τὴν
590 2374 899 2447 ἀρρωστίαν
948 2365 1471 2437 ἐπιστρεφομένους,
1504 2362 1571 2415 ἀν
1617 2360 1845 2421 ἐκείνοις

281 2470 509 2535 ἄμεινον
541 2465 636 2535 ἔχῃ
667 2465 733 2516 τὰ
789 2462 1017 2530 σώματα
1042 2474 1056 2489 ⁸
1091 2458 1185 2509 καὶ
1242 2454 1429 2506 πολλοὶ
1477 2454 1590 2514 τοῖς
1634 2448 1848 2520 ἐρωμέ-

281 2574 396 2617 νοις
430 2555 733 2623 ἀμύνοντες
766 2552 935 2620 ήδέως
969 2546 1335 2615 ἀπέθνησκον,
1365 2542 1609 2611 ἑλόμενοι
1633 2540 1701 2592 τά
1745 2537 1850 2590 σώο

1954 1978 1998 2031 si
2028 1978 2264 2038 valeant,
2318 1974 2519 2029 sentire
2554 1968 2942 2029 valetudinem,
2979 1980 3101 2017 cum
3153 1962 3359 2014 amicos
3383 1961 3521 2012 ma'o

1952 2071 2135 2123 vident
2167 2068 2407 2127 aﬂ'eCtos,
2446 2079 2644 2131 neque,
2699 2060 2744 2113 si
2802 2060 3111 2123 langtteanl,
3144 2052 3517 2121 aegritudinem

1949 2161 2402 2222 animadvertere,
2419 2172 2540 2209 cum
2558 2155 2695 2207 bene
2712 2150 2811 2217 ipsi
2836 2150 3065 2208 valeant,
3084 2147 3371 2214 pluresque
3388 2144 3525 2195 ami-

1954 2258 2032 2310 cis
2059 2261 2444 2309 snccurrentes
2472 2249 2701 2301 libenter
2724 2243 3064 2301 interierunt,
3084 2252 3309 2305 corpora
3348 2238 3525 2301 potius

1960 2350 2175 2403 tradere
2224 2341 2651 2402 consentientes,
2685 2352 2846 2405 quam
2882 2335 3000 2387 illos
3034 2333 3213 2385 videre
3255 2329 3526 2382 dilarera-

1957 2452 2059 2496 tos.
2093 2441 2259 2492 Antor
2291 2446 2467 2490 autem
2498 2446 2625 2500 erga
2657 2429 2819 2482 Deum
2847 2426 3127 2479 hominum
3161 2437 3345 2477 amore
3381 2430 3527 2473 tanto

1955 2541 2200 2605 praestat,
2241 2538 2444 2597 quanto
2474 2524 2648 2591 major
2679 2531 2759 2574 est
2786 2520 3044 2573 distantia
3074 2517 3417 2568 dilectornm.

288 2667 437 2720 ματα
482 2604 798 2717 προδοῦναι⁶
826 2642 1085 2715 μᾶλλονῆ
1136 2604 1650 2705 κατακοπτομένους
1699 2604 2123 2693 ἐκείνουςίίδεῖν.
2171 2625 2231 2678 '0
2292 2624 2347 2675 δὲ
2390 2620 2525 2689 πρὸς
2572 2618 2707 2671 θεὸν
2770 2615 2907 2682 ἔρως
2971 2611 3224 2665 τοσοῦτον
3266 2608 3357 2661 τοῦ
3425 2604 3531 2659 τῶν

283 2746 591 2815 ἀνθρώπων
623 2744 822 2813 ἔρωτος
860 2737 1080 2807 μείζων,
1112 2737 1329 2805 ὅσῳπερ
1367 2731 1475 2785 τῶν
1510 2729 1847 2797 φιλουμένων
1887 2726 1948 2778 τὸ
1980 2724 2168 2794 μέσον.

361 2844 426 2893 Τί
462 2840 553 2892 οὖν
585 2839 898 2897 ὑπόλοιπον,
943 2834 970 2887 δ
1007 2834 1073 2887 δι’
1104 2830 1266 2884 αὑτὸν
1313 2824 1696 2889 ἀναλώσομεν,
1804 2821 1856 2872 τί

293 2936 479 3005 μεῖζον
519 2933 712 2999 ἐκείνῳ
736 2930 1002 2995 δώσομεν,
1030 2925 1078 2976 εί
1109 2924 1183 2992 μὴ
1207 2922 1297 2972 xui
1324 2918 1502 2987 ψυχῆς
1522 2915 1691 2981 αὐτῆς
1714 2914 1741 2963 ὁ
1768 2930 1863 2964 xu-

289 3004 580 3097 τασχεθεὶς
609 3022 887 3092 ὑπερίδοι;
925 3016 1166 3086 Περιορᾷ
1203 3012 1378 3081 δὲτὴν
1409 3008 1588 3077 ψυχὴν
1643 3004 1858 3073 ἀληθῶς

289 3119 390 3187 οὐχ
437 3119 465 3168 ὁ
494 3116 557 3167 τὸ
595 3114 750 3181 σῶμα
782 3107 1129 3169 ἀποκτείνας,
1157 3104 1271 3157 ἀλλ’
1316 3104 1373 3164 ὃς
1404 3102 1574 3169 αὐτὴν
1636 3099 1857 3163 ἐκείνην

292 3209 583 3279 προδίδωσι
624 3206 716 3259 καὶ
747 3204 817 3256 τά
848 3203 1016 3271 αὐτῆς
1067 3196 1246 3265 ἀγαθά
1272 3212 1286 3226 ·

294 3278 476 3367 θάπερ
540 3300 568 3350 ὁ
621 3295 888 3366 μοχθηρδις
951 3290 1084 3360 πρὸς
1146 3289 1242 3349 τὰς
1302 3283 1393 3337 τοῦ
1444 3283 1691 3351 σώματος
1745 3278 1863 3347 ἡδο-

293 3393 390 3454 νάς
459 3390 637 3443 πάντα
686 3387 873 3440 ἑαυτὸν
922 3382 1249 3442 ἀναλίσκων,
1300 3374 1472 3436 οὕτως
1534 3376 1559 3424 ὁ
1622 3369 1863 3438 φιλόθεος

296 3487 480 3536 πᾶσαν
507 3479 686 3549 ψυχῆς
716 3478 994 3544 ἐνέργειαν
1028 3472 1119 3524 xui
1149 3467 1441 3533 ἐπιθυμίαν
1478 3466 1554 3526 είς
1587 3464 1677 3513 τὸν
1735 3459 1866 3512 Θεὸν

298 3574 540 3639 ἐνεγκὼν
580 3572 671 3623 xui
705 3568 866 3639 μηδὲν
890 3570 953 3633 τῇ
985 3566 1130 3633 ψυχῇ
1164 3559 1514 3625 καταλείψας.
1547 3557 1607 3609 Ei
1631 3556 1739 3623 γάρ
1771 3551 1867 3603 xui

297 3667 449 3725 ὅπως
499 3658 557 3715 εὖ
609 3660 742 3729 ἔχει,
808 3660 1038 3709 ποιεῖται
1077 3655 1253 3719 λόγον,
1301 3649 1412 3702 ἀλλ’
1447 3647 1506 3698 οὐ
1557 3644 1635 3711 τῷ
1687 3642 1869 3710 ζητεῖν

301 3758 520 3823 εκείνην
557 3753 651 3803 xui
693 3750 761 3802 τὰ
803 3749 972 3815 αὐτῆς
1020 3744 1219 3810 ἀγαθὰ.
1253 3741 1389 3793 ἀλλὰ
1432 3739 1511 3805 τῷ
1562 3735 1733 3804 φιλεῖν
1774 3734 1865 3785 τὸν

302 3847 437 3897 Θεὸν
477 3844 565 3895 xui
595 3826 700 3893 τῶν
734 3840 941 3892 ἐκείνου
964 3835 1221 3903 κήδεσθαι
1251 3832 1431 3900 νόμων
1456 3830 1605 3889 ὅπως
1655 3824 1873 3887 σώζοιν-

302 3956 366 3991 το
394 3954 406 3967 ο
430 3936 679 4002 καθάπερ
707 3934 797 3985 καί
824 3930 1052 4000 ὀργάνου
1103 3923 1414 3993 ποιούμενοι
1469 3920 1623 3986 λόγον
1676 3918 1762 3969 διὰ
1812 3916 1872 3967 τὸ

303 4034 487 4101 ἔργον,
517 4030 614 4089 τῆς
648 4026 912 4095 περίγρας
942 4021 1028 4073 διὰ
1053 4018 1150 4086 τὴν
1197 4014 1433 4083 ἄμαξαν,
1474 4012 1533 4063 οὐ
1564 4009 1662 4077 τὴν
1722 4007 1875 4075 περί-

305 4097 470 4195 γ-ραν,
505 4123 640 4176 ἀλλά
667 4121 765 4190 τὴν
790 4117 1003 4188 ἄμαξαν
1034 4111 1323 4182 ζητοῦμεν.
1361 4107 1467 4160 Kui
1523 4107 1619 4168 μὲν
1653 4101 1745 4154 και
1774 4097 1874 4153 ᾆδε

306 4192 508 4285 γένοιτ’
532 4214 599 4267 ἂν
643 4211 818 4280 δῆλον.
854 4208 921 4261 Τί
966 4206 1073 4275 γὰρ
1104 4204 1131 4255 δ
1166 4200 1339 4252 πειθει
1392 4193 1735 4265 περιέχεσθαι
1779 4192 1874 4260 τῆς

306 4310 485 4380 ψυχῆς
514 4307 608 4359 xui
634 4302 841 4380 σφόδρα
857 4300 1066 4369 φιλεῖν;
1092 4293 1308 4361 Οὐδὲνῆ
1334 4291 1391 4344 τὸ
1414 4286 1550 4342 εἶναι
1575 4285 1874 4356 βούλεσθαι.

491 4400 545 4452 δὲ
583 4372 882 4466 βουλόμεθα
915 4390 1005 4444 διά
1040 4388 1100 4441 τὸ
1124 4382 1180 4438 εὖ
1209 4381 1366 4435 εἶναι’
1391 4384 1450 4435 οὐ
1478 4382 1585 4450 γάρ
1610 4395 1692 4439 τις
1716 4378 1780 4429 ἂν
1807 4372 1881 4427 εί-

310 4513 403 4547 ναι
422 4493 707 4559 ἀνάσχοιτο
731 4484 1009 4551 δυστυχῶς
1038 4479 1131 4531 ὧν·
1154 4479 1246 4529 καὶ
1273 4472 1453 4527 πολλοί
1485 4488 1545 4538 γε
1576 4467 1762 4521 τούτου
1787 4468 1881 4537 χά-

2031 2819 2172 2885 Quid
2208 2830 2335 2884 ergo
2370 2818 2633 2882 superest,
2673 2805 2814 2875 quod
2853 2810 3071 2872 propter
3109 2799 3283 2868 ipsum
3322 2810 3528 2849 consu-

1962 2927 2198 2971 tnanius,
2231 2918 2325 2962 aut
2362 2905 2490 2972 quid
2529 2900 2701 2968 maius
2728 2898 2803 2951 illi
2835 2895 3109 2949 dabimus,
3160 2890 3262 2943 nisi
3294 2890 3530 2941 animam

1962 3003 2135 3069 ipsam
2194 2999 2287 3067 qui
2345 2994 2613 3050 citaritate
2672 2996 2881 3043 tenetur
2934 2981 3236 3050 despiciat?
3300 2980 3535 3045 Despicit

1965 3102 2145 3148 autem
2198 3104 2321 3143 vere
2375 3086 2636 3144 animam,
2672 3096 2777 3133 non
2813 3076 2905 3146 qui
2952 3088 3152 3137 corpus
3179 3069 3394 3131 occidit,
3444 3070 3532 3121 sed

1350 3160 1636 3260 προδίδωσι
1674 3189 1731 3240 δὲ
1761 3160 1856 3238 κα·
1883 3198 1932 3262 c
1966 3184 2055 3251 qui
2088 3183 2232 3235 illam
2270 3181 2441 3243 ipsam
2478 3175 2757 3243 ipsiusque
2788 3170 2924 3222 bona
2956 3181 3033 3233 prt

1853 3217 1856 3223 ι
1883 3198 1932 3262 c
1966 3184 2055 3251 qui
2088 3183 2232 3235 illam
2270 3181 2441 3243 ipsam
2478 3175 2757 3243 ipsiusque
2788 3170 2924 3222 bona
2956 3165 3149 3233 prodit.
3176 3160 3536 3225 Quemadnm-

1969 3271 2097 3324 dum
2153 3277 2332 3321 autem
2388 3264 2548 3315 homo
2602 3258 2783 3312 malus
2814 3256 2903 3308 ob
2950 3251 3196 3320 corporis
3234 3248 3538 3315 voluptates

1971 3361 2150 3417 omnia
2182 3372 2301 3411 sese
2329 3351 2698 3409 consumendo
2716 3345 2915 3416 prodit,
2938 3344 3016 3397 sic
3042 3344 3132 3411 qui
3156 3340 3329 3407 diligit
3348 3339 3534 3399 Deum.

1971 3461 2185 3501 onmem
2240 3443 2434 3497 anima:
2486 3440 2736 3493 virtutem
2787 3449 3054 3500 omneque
3100 3430 3424 3483 desiderium
3471 3429 3535 3479 ad

1974 3540 2150 3605 ipsum
2178 3535 2394 3587 elevans
2438 3542 2492 3586 et
2532 3529 2665 3581 nihil
2705 3528 2898 3579 animae
2932 3524 3332 3589 derelinquens.
3376 3519 3540 3577 Nam,

1971 3632 2074 3686 etsi
2107 3640 2165 3683 ut
2199 3644 2257 3682 se
2291 3630 2425 3681 bene
2456 3625 2667 3684 habeat,
2695 3623 2957 3673 rationem
3018 3620 3230 3683 semper
3261 3614 3502 3683 Sequitur
3524 3651 3543 3673 ,

1975 3738 2085 3777 non
2108 3729 2285 3774 autem
2321 3718 2467 3771 illam
2507 3730 2605 3768 nec
2638 3712 2785 3765 illius
2820 3712 2955 3763 bona
2996 3720 3268 3777 quaerens,
3298 3705 3388 3757 sed
3415 3703 3544 3757 dili-

1976 3829 2105 3885 gens
2139 3813 2330 3873 Deum,
2358 3820 2407 3861 et
2441 3808 2585 3860 illius
2613 3804 2858 3858 mandata
2882 3801 3088 3854 faciens
3117 3809 3174 3851 ut
3204 3798 3335 3852 salvi
3368 3796 3492 3849 ﬁant
3523 3813 3535 3848 :

1978 3902 2429 3977 quemadmodum
2455 3896 2795 3953 instrumenti
2832 3894 3094 3947 rationem
3128 3892 3383 3945 habentes
3421 3904 3542 3957 pro-

1978 4011 2096 4072 pter
2126 3992 2498 4067 opus,circini
2529 4000 2744 4060 pr0pter
2774 3988 3091 4055 plaustrum,
3118 3997 3222 4035 non
3251 3983 3547 4042 circinum,

1980 4092 2070 4145 sed
2106 4090 2403 4158 plaustrum
2428 4080 2745 4151 quaerimus.
2774 4077 2838 4130 Et
2864 4077 3079 4143 quidem
3107 4088 3189 4125 res
3211 4073 3299 4125 hic
3328 4085 3552 4139 quoque

1984 4180 2268 4236 manil‘esta
2297 4177 2408 4230 ﬁeri
2443 4184 2636 4243 potest.
2669 4170 2804 4235 Quid
2832 4167 3046 4220 tandem
3067 4165 3259 4217 suadet
3290 4170 3346 4215 ut
3366 4162 3544 4215 anima

1982 4274 2275 4327 aestimetur
2304 4278 2359 4321 et
2392 4266 2545 4319 valde
2586 4260 2875 4329 diligatur?
2908 4257 3069 4319 Nihil,
3108 4257 3209 4307 nisi
3242 4254 3370 4322 quia
3402 4251 3552 4306 exsi-

1986 4379 2127 4424 stere
2155 4365 2422 4419 volumus.
2454 4359 2585 4413 Esse
2616 4371 2742 4410 vero
2771 4355 3046 4415 volumus,
3074 4358 3131 4402 ut
3160 4350 3292 4400 bene
3332 4346 3505 4398 simus
3531 4361 3546 4398 :

1986 4474 2092 4513 non
2124 4458 2268 4510 enim
2301 4454 2425 4523 quis
2453 4454 2617 4502 miser
2642 4460 2762 4499 esse
2784 4442 3110 4499 sustineret;
3153 4446 3206 4489 et
3242 4438 3364 4490 ideo
3394 4435 3550 4488 multi

315 4525 707 4559 ναιυιωυχυηυ
732 4525 1006 4551 ..-νην-ν
1040 4525 1102 4531 _.
1301 4525 1330 4527 η
1495 4525 1507 4538 ,
1787 4525 1819 4537 η

315 4606 401 4652 ριν
420 4579 973 4649 ἐαυτοὺςέξήνεγκαν,
995 4574 1129 4624 καὶὸ
1146 4568 1358 4636 Σωτὴρ,
1384 4585 1401 4617 ι
1429 4564 1607 4617 Καλὸν
1625 4557 1690 4631 ἦν
1712 4559 1878 4626 αὐτῷ,
1914 4555 1959 4610 D
1987 4565 1998 4603 ι

1864 4599 1878 4622 ,
1914 4555 1959 4610 D
1987 4563 2103 4603 sese
2128 4548 2495 4616 peremerunt,
2531 4549 2584 4591 et
2616 4536 2858 4590 Salvator
2885 4534 2959 4587 ait
2988 4546 3002 4582 :
3042 4550 3061 4582 ι
3096 4529 3308 4581 Bonum
3341 4538 3455 4581 erat
3477 4525 3546 4589 ei,

2016 4643 2026 4652 '
2260 4644 2299 4652 κ-
2351 4650 2364 4652 μ
2411 4642 2541 4652 --μγ-
2626 4649 2638 4652 -
2697 4627 2830 4652 0......
2878 4634 3053 4652 -..ιηηι
3105 4636 3224 4652 Aean
3273 4622 3407 4652 hnnn
3440 4634 3546 4652 nn”

314 4648 505 4745 φησιν,
529 4675 578 4725 εί
609 4672 706 4724 οὐκ
726 4666 1008 4735 ἐγεννήθη.
1032 4682 1049 4712 ι
1091 4661 1241 4712 Ἐπεὶ
1265 4659 1319 4709 δὲ
1350 4656 1408 4707 τὸ
1422 4652 1562 4705 εἶναι
1579 4650 1753 4710 καλῶς
1777 4648 1879 4701 οὐκ

316 4740 464 4823 ἐστιν
497 4765 613 4836 ἢτὸ
633 4762 806 4831 φιλεῖν
846 4758 936 4811 τὸν
976 4754 1127 4815 Θεὸν,
1169 4749 1315 4818 δῆλοι
1344 4749 1559 4805 πάντως
1605 4741 1769 4810 ἐσμέν
1800 4740 1886 4791 διὰ

314 4863 375 4914 τὸ
410 4832 586 4926 φιλεῖν
631 4857 723 4907 τὸν
756 4851 890 4903 Θεδν
938 4848 1100 4915 φύσει
1157 4847 1249 4895 xui
1280 4839 1377 4907 τῆς
1425 4836 1602 4906 ψυχῆς
1653 4832 1885 4900 ἐρῶντες

315 4924 523 5017 αὐτῆς²
563 4949 673 5008 τοῖς
732 4945 829 5011 μὲν
887 4936 978 4993 οὖν
1036 4937 1275 4996 πολλοῖς,
1307 4930 1597 4999 ἀγνοοῦσιν
1660 4926 1781 4979 ὅθεν
1822 4924 1887 4977 ἂν

316 5014 506 5100 αὐτοῖς
541 5040 755 5107 γένοιτο
783 5035 843 5085 τὸ
870 5029 927 5084 εὖ
962 5026 1122 5089 εἶναι,
1165 5025 1338 5078 ἀλλων
1373 5022 1551 5081 ἄλλοις
1580 5018 1721 5088 ἔρως
1749 5014 1885 5077 ἐστὶ,

318 5137 417 5189 xui
456 5104 562 5185 ἐπὶ*
584 5133 679 5181 τὸν
713 5124 913 5179 σκοπὸν
948 5121 1121 5189 φορᾶς
1160 5115 1564 5184 ἁμαρτάνοντες
1612 5104 1888 5177 αἱροῦνται

318 5225 608 5284 πολλάκις,
641 5220 733 5284 ἀφ’
765 5210 841 5267 ὧν
893 5214 1102 5263 ἐσονται
1154 5208 1391 5275 χείρους,
1426 5201 1521 5252 καὶ
1573 5198 1668 5267 τὴν
1714 5193 1891 5264 ψυχὴν

317 5320 445 5372 οὕτε
468 5313 704 5384 τιμῶσιν
733 5303 814 5370 οἷς
838 5304 1025 5374 ἐχρῆν,
1051 5300 1174 5352 οὔτε
1200 5298 1341 5351 κατά
1362 5294 1518 5361 λόγον
1534 5289 1888 5359 περιορῶσιν.

321 5416 384 5467 Oi.
414 5412 472 5462 δὲ
507 5378 794 5459 σπουδαῖοι
821 5398 954 5465 πρὸς
976 5394 1065 5445 τὸν
1096 5390 1228 5442 Θεὸν
1255 5386 1482 5446 ἑαυτοὺς
1510 5385 1795 5445 τάξαντες,
1818 5378 1889 5438 ὡς

321 5506 390 5558 ἂν
424 5500 649 5558 εἰδότες,
672 5495 796 5543 ὅποι
816 5488 878 5539 τὸ
912 5482 1049 5536 εἶναι
1074 5480 1371 5548 ζητήσουσι
1396 5477 1489 5527 xui
1510 5475 1653 5532 ὅπως
1679 5469 1893 5529 ἑαυτοῖς

323 5598 647 5669 χρήσονται,
691 5585 851 5654 μόνον
908 5582 1005 5649 μὲν
1038 5578 1242 5645 ἐρωτος
1296 5569 1468 5622 αἴτιον
1514 5567 1754 5618 τίθενται
1801 5560 1893 5613 τὸν

323 5654 479 5749 ὃέδν,
521 5685 680 5752 μόνον
717 5680 772 5731 δὲ
807 5675 872 5726 δι’
901 5670 1095 5724 ἐαυτὸν
1135 5665 1426 5733 στέργουσι
1461 5660 1555 5712 xui
1584 5661 1683 5727 τὴν
1717 5654 1895 5722 ψυχὴν

322 5785 393 5836 δι’
428 5746 663 5835 ἐκεῖνον,
700 5770 795 5821 καὶ
819 5768 881 5818 τὺ
917 5764 1055 5816 εἶναι
1084 5759 1177 5811 xui
1217 5756 1383 5808 τάλλα
1414 5753 1590 5805 πάντα
1626 5746 1893 5817 φιλοῦσιν,

323 5874 471 5925 οὕτω
519 5869 572 5919 δὲ
632 5862 913 5930 φιλοῦντες
967 5855 1067 5922 τὴν
1111 5848 1285 5920 ψυχὴν
1330 5848 1426 5896 οὐκ
1476 5842 1645 5910 αὐτὴν
1681 5836 1892 5907 άληθῶς

1984 4643 2027 4694 si
2065 4654 2171 4693 non
2210 4644 2370 4689 natus
2404 4642 2565 4686 esset.
2624 4649 2643 4680 ι
2697 4627 2831 4681 Cum
2876 4634 3055 4678 autem
3104 4636 3224 4676 esse
3273 4622 3407 4673 bene
3440 4634 3549 4671 non

1983 4740 2067 4786 est
2117 4728 2221 4782 nisi
2270 4726 2495 4791 diligere
2526 4722 2715 4781 Deum,
2767 4714 3109 4768 manifestum
3138 4726 3270 4766 sane
3298 4709 3553 4775 estquod

1985 4820 2217 4876 amando
2266 4817 2454 4874 Deum,
2508 4820 2562 4865 et
2612 4811 2845 4863 animam
2890 4807 3059 4873 ipsam
3107 4814 3371 4854 amamus.
3420 4800 3555 4851 Cum

1987 4912 2143 4968 multi
2192 4908 2408 4977 quidem
2468 4905 2723 4974 ignorant
2774 4900 2915 4953 unde
2958 4898 3076 4950 ﬁeri
3131 4904 3306 4964 potest
3344 4901 3402 4945 ut
3451 4892 3561 4944 sint

1988 5006 2143 5067 bene,
2176 5003 2265 5056 alii
2297 4999 2399 5053 alia
2446 5002 2649 5058 amant,
2680 5003 2732 5046 et
2763 4993 2824 5044 de
2853 5004 3049 5043 cursus
3097 5000 3262 5053 scopo
3292 4986 3556 5035 aberran-

1988 5106 2067 5150 tes
2092 5108 2232 5162 sape
2257 5092 2455 5159 eligunt
2488 5103 2547 5141 ea
2586 5085 2783 5152 quibus
2810 5081 3019 5148 pejores
3051 5079 3201 5137 ﬁant,
3230 5083 3283 5128 et
3304 5075 3551 5127 animam

1991 5202 2091 5241 nec
2122 5187 2387 5239 honorant
2430 5188 2485 5232 ut
2508 5181 2743 5243 oportet,
2772 5188 2873 5226 nec
2905 5172 3057 5239 juxta
3078 5168 3342 5221 rationem
3378 5164 3562 5231 despi-

1990 5280 2158 5333 ciunt.
2203 5276 2281 5329 Pii
2322 5286 2447 5326 vero
2485 5268 2783 5325 secundum
2825 5265 2990 5317 Deum
3054 5258 3372 5325 semetipsos
3421 5272 3565 5309 C0m-

1995 5377 2272 5442 ponentes,
2300 5376 2354 5417 et
2383 5361 2537 5431 quasi
2583 5358 2823 5411 videntes
2846 5368 2952 5422 quo
2981 5366 3101 5405 esse
3125 5350 3408 5417 quaesituri
3432 5345 3563 5402 sint,

1992 5476 2045 5519 et
2074 5457 2346 5530 quomodo
2392 5454 2492 5510 sibi
2544 5448 2872 5509 inservituri,
2918 5445 3087 5497 solam
3121 5441 3334 5508 quidem
3363 5432 3569 5489 amoris

1994 5568 2212 5609 causam
2247 5549 2412 5601 Deum
2452 5550 2678 5614 ponunt,
2724 5538 2898 5592 solum
2931 5545 3108 5587 autem
3138 5538 3357 5598 propter
3392 5530 3564 5595 ipsum

1995 5647 2229 5713 diligunt
2285 5648 2339 5695 et
2367 5638 2601 5692 animam
2647 5639 2872 5701 propter
2918 5626 3089 5686 illum,
3121 5623 3262 5675 sicut
3294 5634 3413 5673 esse
3442 5618 3568 5669 alia-

1996 5754 2101 5808 que
2129 5732 2307 5788 nmnia
2332 5737 2532 5790 amant,
2552 5727 2630 5781 sic
2662 5736 2840 5776 tamen
2869 5720 3151 5785 diligentes
3178 5713 3437 5771 animam,
3458 5722 3569 5759 non

2000 5798 2171 5898 ipsam
2209 5840 2334 5879 vere
2367 5822 2620 5889 diligunt,
2672 5814 2763 5868 sed
2806 5812 2956 5863 illum
2988 5816 3205 5877 propter
3250 5817 3408 5871 quem
3440 5798 3566 5851 dili~
