4262 6460
739 377 837 442 711

1992 370 2304 434 NICOLAI
2347 368 2740 430 CABASlL/E

3879 374 3986 439 712

743 497 897 558 gunt.
950 486 1008 542 Si
1060 499 1185 541 vero
1218 498 1438 555 quoque
1476 491 1734 553 tanquam
1779 482 1983 553 aliquid
2034 485 2314 553 proprium
2348 488 2426 542 Αι

2313 510 2314 533 ι
2348 488 2392 542 Α
2424 479 2699 548 φιλοῦσιν,
2730 478 2848 533 ἀλλ’
2873 479 3108 543 ἐκεῖνον,
3137 479 3208 532 δι’
3236 478 3296 532 ὃν
3326 477 3593 549 φιλοῦσιν.
3626 478 3689 531 Et
3717 477 3771 529 δὲ
3799 479 3893 531 καὶ
3917 479 3996 542 ὡς

737 579 1021 648 diligimus
1049 575 1310 636 animam,
1352 573 1528 641 magis
1561 573 1717 627 nobis
1754 573 2008 641 proprius
2037 583 2116 627 est
2146 588 2310 642 quam

739 670 854 739 ipsa
899 669 1079 722 anima
1114 666 1384 727 Salvator,
1420 674 1473 720 et
1507 665 1599 734 qui
1638 665 1742 718 hoc
1794 665 1971 718 solum
2019 680 2115 734 per
2145 665 2310 718 vitam

741 762 1047 823 attendunt,
1082 760 1259 813 sciunt
1281 758 1616 811 Salvatorem
1650 757 1715 810 ad
1746 771 1937 810 omnes
1965 756 2112 826 ipsos
2138 756 2315 811 afﬁni-

745 865 908 907 tatem
964 852 1325 909 contraxisse,
1376 862 1428 903 et
1464 865 1556 917 per
1598 849 1744 902 illum
1797 849 1928 915 ipsis
1973 850 2211 902 animam
2260 858 2315 903 et

742 947 915 1014 ipsum
960 960 1081 999 esse
1125 944 1327 1012 aliquid
1362 945 1585 997 charum
1629 953 1683 997 et
1730 944 2113 1013 propinquum.
2148 940 2314 995 Nam-

742 1053 849 1105 que
880 1035 1079 1103 satagit
1129 1034 1329 1103 aliquis
1371 1034 1421 1086 in
1459 1034 1722 1103 seipsum,
1766 1036 2023 1102 quoniam
2054 1032 2311 1101 agitatur,

739 1138 793 1181 et
828 1128 1064 1195 quietem
1100 1126 1343 1179 invenire
1390 1140 1495 1178 non
1550 1133 1743 1192 potest.
1787 1125 1891 1177 nisi
1951 1126 2117 1176 [leum
2159 1124 2311 1175 inve~

742 1220 876 1278 niat.
933 1228 1127 1286 praeter
1182 1219 1315 1271 istos
1364 1229 1545 1271 autem
1597 1230 1777 1271 rectos
1829 1231 2010 1270 rerum
2052 1216 2312 1279 arbitros,

743 1328 883 1381 quos
928 1327 1048 1365 esse
1092 1312 1387 1379 putandum
1438 1321 1519 1363 est
1566 1311 1618 1363 in
1646 1310 1867 1364 Christo
1907 1309 2172 1372 viventes,
2205 1324 2313 1362 non

743 1414 919 1457 autem
954 1402 1122 1455 Deum
1163 1404 1318 1456 rebus
1352 1403 1417 1455 ad
1456 1404 1628 1472 ipsum
1661 1400 2057 1468 pertinentibus
2086 1412 2311 1453 exuere.

744 1495 856 1548 Hoc
892 1507 1070 1547 autem
1128 1496 1205 1555 lil,
1253 1494 1296 1549 si
1348 1510 1471 1563 cum
1522 1493 1721 1546 bonum
1766 1493 1836 1547 sit
1877 1492 2177 1562 perfectum
2211 1489 2315 1542 im-

743 1587 979 1656 ρμιοίθςιιι
1048 1588 1313 1639 char.tate
1390 1586 1722 1656 diligimus;
1805 1584 2117 1653 imperfecte
2184 1595 2315 1635 vero

739 1678 1041 1743 diligimus,
1061 1679 1105 1731 si
1142 1677 1268 1745 quid
1307 1677 1451 1731 aliud
1485 1678 1783 1745 diligimus,
1807 1691 2046 1728 amorem
2074 1674 2155 1728 sic
2176 1671 2315 1726 divi-

739 1766 949 1820 dentes.
1002 1766 1132 1818 Nam
1167 1767 1246 1819 lex
1281 1768 1353 1819 ait
1394 1784 1407 1819 :
1444 1786 1462 1818 ι
1496 1768 1571 1820 Ex
1625 1776 1734 1821 tota
1784 1767 1964 1820 anima
2011 1774 2064 1819 et
2105 1780 2170 1819 ex
2204 1775 2315 1818 tota

2417 571 2621 624 οἰκεῖόν
2639 590 2694 624 τι
2717 570 2820 642 τὴν
2843 570 3029 641 ψυχὴν
3058 570 3344 640 φιλοῦμεν,
3377 571 3705 641 οίκειὸτερος
3731 572 3863 640 ἡμῖν
3898 573 3997 624 καὶ

2414 662 2514 731 τῆς
2559 662 2743 733 ψυχῆς
2782 664 2953 734 αὐτῆς
2994 664 3022 714 ὀ
3069 664 3282 732 Σωτὴρ,
3312 663 3409 716 καὶ
3453 663 3502 715 οἳ
3543 662 3704 715 τοῦτο
3743 660 3834 715 διά
3870 661 3994 730 βίου

2417 754 2679 806 σκοποῦσι
2743 756 2930 823 μόνον,
2981 753 3134 807 ἴσασι
3187 755 3279 806 τὸν
3337 753 3571 823 Σωτῆρα
3623 753 3762 824 πρὸς
3824 755 3997 807 πᾶσιν

2415 847 2600 910 αὐτοῖς
2623 847 2949 914 συγγένειαν
2973 848 3004 917 ἡ
3013 864 3153 917 ρμοσ
3164 848 3349 916 μένον,
3373 846 3468 900 καὶ
3492 845 3562 898 δι’
3582 846 3789 910 ἐκεῖνον
3808 845 3999 908 αὐτοῖς

2416 937 2513 990 καὶ
2539 937 2638 1008 τὴν
2669 939 2849 1010 ψυχὴν
2881 941 2976 992 καὶ
3002 940 3134 992 αὐτὸ
3164 942 3225 993 τὸ
3249 937 3390 993 εἶναι
3423 940 3579 1008 φίλον
3602 941 3697 992 καὶ
3732 938 3998 1008 συγγενὲς

2418 1026 2531 1077 ἦν’
2559 1028 2654 1080 καὶ
2700 1030 2810 1099 γὰρ
2864 1029 3158 1082 σπεύδεται
3210 1046 3295 1092 τις
3330 1031 3467 1099 πρὸς
3510 1031 3726 1094 ἑαυτὸν,
3769 1032 3853 1084 ὅτι
3898 1031 3997 1085 καὶ

2418 1119 2724 1183 στασιάζει,
2761 1122 2854 1173 καὶ
2909 1123 3009 1174 οὐκ
3073 1123 3140 1175 ἂν
3193 1122 3347 1193 τύχοι
3380 1124 3644 1192 γαλήνης,
3696 1126 3743 1175 εί
3796 1124 3871 1192 μὴ
3897 1122 3997 1177 τοῦ

2416 1206 2555 1260 Θεοῦ
2578 1209 2754 1279 τύχοι,
2790 1212 2960 1281 χωρὶς
2993 1211 3049 1263 δὲ
3089 1212 3294 1264 τούτων
3318 1214 3443 1275 τοὺς
3477 1213 3674 1282 ὀρθοὺς
3704 1214 3816 1268 τῶν
3848 1232 3995 1283 πρα-

2417 1301 2648 1368 γμάτων
2698 1302 3007 1372 διαιτητὰς,
3060 1304 3155 1365 οὓς
3188 1304 3328 1357 εἶναι
3379 1306 3484 1375 χρὴ
3517 1305 3740 1375 νομίσαι
3776 1309 3901 1369 τοὺς
3935 1309 3999 1358 ὲν

2415 1394 2640 1464 Χριστῷ
2670 1394 2902 1458 ζῶντας,
2935 1396 3009 1467 μὴ
3039 1396 3131 1451 τὸν
3152 1397 3285 1450 Θεὸν
3299 1399 3408 1451 τῶν
3431 1399 3578 1466 αὐτῷ
3600 1400 4000 1469 προσηκόντων

2416 1488 2767 1556 ἀποστερεῖν.
2799 1488 2971 1541 Τοῦτο
3015 1488 3071 1541 δέ
3120 1490 3292 1554 ἔστιν,
3345 1490 3396 1541 εί
3446 1491 3656 1543 τέλειον
3688 1490 3895 1557 ἀγαθὸν
3935 1490 4000 1543 ὃν

2415 1579 2600 1631 ἀτελεῖ
2626 1582 2691 1649 τῇ
2728 1581 2863 1648 παρ’
2891 1582 3030 1650 ἡμῖν
3063 1580 3333 1651 φιλοῦμεν
3363 1582 3573 1651 ἀγάπῃ,
3620 1582 3829 1647 ἀτελῶς
3854 1581 3901 1636 δ’
3930 1582 3999 1636 ἂν

2417 1671 2689 1740 φιλοῖμεν,
2721 1673 2773 1727 ετ
2800 1690 2850 1725 τι
2882 1674 2975 1725 καὶ
2998 1672 3129 1725 ἄλλο
3161 1672 3452 1742 φιλοῦμεν,
3486 1674 3549 1726 τὸ
3580 1674 3807 1743 φίλτρον
3838 1676 3999 1746 μερί-

2418 1763 2603 1825 ζοντες
2621 1777 2635 1791 ·
2666 1764 2788 1816 ἐπεὶ
2816 1766 2907 1817 καὶ
2926 1765 2953 1815 ὁ
2978 1765 3161 1833 νόμος,
3191 1784 3210 1817 ι
3234 1763 3323 1830 Ἐξ
3343 1767 3494 1836 ὅλης,
3516 1768 3672 1836 φησὶ,
3698 1766 3797 1836 τῆς
3816 1768 3999 1838 ψυχῆς

742 1868 918 1910 tuente
940 1858 1106 1910 Deum
1129 1858 1338 1927 diliges.
1368 1877 1385 1907 ι
1406 1859 1537 1911 Cum
1560 1860 1722 1926 igitur
1736 1874 1950 1913 omnem
1971 1857 2315 1933 dilectionem
2352 1852 2391 1907 Β
2421 1872 2425 1905 1

2307 1872 2315 1907 ι
2352 1852 2391 1907 Β
2421 1856 2516 1908 καὶ
2574 1855 2655 1935 ἐξ⁹
2693 1856 2823 1925 ὅλης
2876 1859 2976 1926 τῆς
3010 1858 3249 1921 διανοίας
3278 1858 3369 1909 τὸν
3403 1858 3537 1913 Θεὸν
3583 1860 3921 1929 ἀγαπήσεις.
3972 1880 3990 1914 ι

742 1948 794 2001 in
826 1948 1003 2016 ipsum
1041 1948 1275 2001 ferentes
1307 1960 1599 2017 reponunt,
1629 1964 1726 2003 nec
1753 1951 1915 2002 ullam
1949 1934 2313 2017 amoris'par-

742 2049 848 2093 tem
896 2042 1019 2095 aliis
1071 2051 1166 2095 aut
1217 2042 1574 2111 sibimetipsis
1623 2043 1959 2111 relinquunt,
2010 2057 2040 2096 a
2090 2041 2313 2111 proprio

741 2136 1133 2202 communique
1187 2151 1350 2189 sensu
1407 2134 1630 2189 abeunt.
1668 2135 1821 2201 Quod
1876 2136 2021 2189 enim
2072 2135 2314 2204 undique

739 2225 1103 2293 conjunctum
1134 2234 1240 2288 est,
1274 2225 1375 2278 hoc
1404 2235 1488 2279 est
1518 2240 1694 2279 amor.
1712 2225 1804 2280 Sic
1832 2235 2014 2280 autem
2049 2224 2115 2279 ad
2136 2227 2311 2280 solum

745 2320 913 2372 Deum
946 2336 1064 2373 sese
1099 2320 1461 2387 undequaque
1495 2317 1921 2383 transferentes,
1960 2319 2059 2374 soli
2093 2321 2312 2388 quidem

747 2412 855 2466 Deo
883 2413 1095 2474 vivunt,
1131 2414 1307 2466 solum
1338 2411 1506 2465 Deum
1536 2410 1791 2480 diligunt,
1820 2427 1996 2481 eoque
2024 2411 2143 2465 solo
2175 2428 2311 2479 gau-

742 2504 876 2555 dent
897 2520 909 2554 :
934 2502 1202 2569 siquidem
1239 2504 1322 2554 his
1351 2517 1470 2570 qua:
1492 2503 1649 2553 nobis
1670 2512 1797 2553 sunt
1815 2501 2052 2555 maxime
2071 2502 2311 2570 propria,

745 2598 983 2659 studere,
1018 2595 1286 2647 inhaerere
1320 2601 1375 2646 et
1413 2592 1673 2660 gaudere,
1704 2608 1807 2644 non
1840 2595 1943 2646 hoc
1981 2594 2159 2661 ipsum
2187 2590 2312 2646 facit

744 2688 886 2756 quod
937 2696 1119 2738 nostra
1166 2694 1314 2749 sunt,
1380 2685 1472 2737 sed
1532 2686 1789 2752 quoniam
1853 2685 1955 2737 ista
2013 2684 2311 2754 diligimus,

745 2787 1001 2843 tanquam
1047 2776 1149 2827 hoc
1194 2787 1301 2825 non
1358 2773 1447 2834 sit,
1485 2775 1583 2824 hac
1621 2772 1950 2839 proprietate
1999 2786 2093 2838 per
2143 2772 2315 2838 ipsam

746 2884 845 2921 nos
870 2869 1003 2935 ipsis
1033 2865 1354 2918 consociare
1385 2862 1466 2915 vel
1486 2862 1665 2915 facere
1680 2863 1918 2929 gaudere
1946 2876 2052 2913 non
2078 2862 2311 2914 valente.

751 2959 916 3011 Multa
972 2965 1103 3010 sunt
1152 2955 1295 3008 enim
1350 2968 1416 3006 ex
1460 2955 1665 3006 n0stris
1713 2968 1832 3020 quae
1881 2967 1984 3005 nos
2028 2952 2317 3005 fastidiunt

754 3062 807 3104 et
858 3066 977 3118 qua:
1029 3049 1187 3101 nobis
1233 3046 1363 3115 ipsis
1404 3047 1795 3112 exprobraturus
1826 3063 1838 3096 :
1874 3046 2093 3112 quidam
2133 3052 2315 3097 autem

747 3141 1072 3204 semetipsos
1102 3134 1394 3189 manifeste
1421 3136 1679 3195 oderunt,
1705 3145 1760 3187 et
1781 3133 1965 3203 fugere
1979 3141 2034 3187 et
2061 3133 2198 3187 mori
2221 3148 2316 3185 cu—

748 3233 922 3299 piunt.
962 3230 1102 3282 Sunt
1139 3235 1323 3280 autem
1370 3226 1461 3293 qui
1517 3225 1687 3278 fatum
1736 3232 2135 3292 praevenerunt,
2168 3239 2314 3278 mor-

748 3334 855 3374 tem
888 3336 1019 3374 ense
1047 3319 1131 3374 vel
1160 3317 1460 3387 suspendio
1478 3318 1578 3371 sibi
1600 3318 1955 3372 asciscentes.
1978 3317 2315 3372 Undemani-

749 3413 946 3466 festum
977 3420 1060 3464 est
1104 3410 1248 3479 quod
1282 3409 1563 3472 omnibus,
1595 3424 1721 3462 cum
1752 3410 1951 3478 quibus
2000 3410 2233 3463 vivimus
2262 3417 2317 3463 et

746 3506 1069 3575 gaudemus,
1110 3506 1326 3567 animm,
1362 3502 1614 3556 aﬂinihus
1647 3510 1702 3555 et
1731 3504 1892 3557 nobis
1924 3503 2079 3571 ipsis,
2125 3502 2317 3557 convi-

748 3614 874 3652 vere
907 3600 1248 3663 gaudereqne
1280 3596 1408 3649 facit
1434 3612 1609 3650 amor.
1637 3595 1822 3665 Itaque
1854 3596 1899 3650 si
1932 3596 2055 3665 quis
2080 3597 2312 3649 aliorum

750 3692 889 3743 bona
928 3688 1056 3742 velit
1085 3697 1139 3741 et
1170 3698 1318 3740 amet
1359 3703 1464 3741 non
1516 3687 1695 3740 minus
1726 3703 1888 3757 quam
1922 3691 2171 3757 propria,
2215 3702 2315 3742 ne-

747 3794 905 3833 cesse
955 3790 1043 3833 est
1095 3789 1153 3830 ut
1190 3779 1278 3830 ille
1311 3793 1421 3830 non
1458 3778 1643 3831 minus
1689 3780 1971 3831 voluntate
2009 3777 2315 3831 consentiat

746 3877 804 3922 et
846 3869 915 3920 de
958 3867 1119 3921 bonis
1151 3868 1386 3933 gaudeat
1433 3881 1557 3919 cum
1592 3866 1716 3921 aliis
1754 3884 1917 3935 quam
1958 3868 2060 3922 sibi
2105 3868 2208 3937 ipsi
2244 3866 2313 3923 de

749 3960 984 4029 prppriis
1028 3959 1191 4011 bonis
1218 3961 1544 4027 congaudet.
1580 3957 1701 4012 ideo
1742 3959 1910 4013 Deum
1949 3961 2180 4022 amanti,
2212 3974 2313 4013 na-

750 4070 870 4109 tura
894 4054 1111 4123 quidem
1135 4056 1199 4107 ad
1231 4054 1413 4107 divina
1438 4069 1545 4107 non
1573 4063 1775 4107 mutata
1789 4062 1882 4107 aut
1901 4057 2310 4120 transformata,

751 4152 823 4202 ita
857 4161 915 4201 ut
945 4148 1047 4201 ista
1095 4147 1416 4202 naturaliter
1451 4140 1553 4216 ipsi
1587 4147 1863 4211 eveniant,
1899 4146 1994 4199 sed
2036 4148 2313 4203 voluntate

750 4256 815 4292 at:
851 4240 1148 4293 dilectione
1180 4237 1245 4290 ad
1289 4238 1455 4291 Deum
1493 4255 1556 4291 ex
1591 4240 1826 4308 propriis
1861 4239 2144 4303 translata,
2178 4239 2311 4291 nihil

749 4332 1004 4402 prohibet
1034 4332 1168 4401 quin
1206 4333 1276 4385 sit
1311 4331 1379 4383 de
1407 4332 1524 4399 ipso
1571 4330 1824 4399 gaudium
1868 4318 2112 4399 plenum,
2157 4345 2222 4384 ac
2264 4329 2309 4383 si

749 4431 1145 4477 transmutatus
1214 4429 1377 4474 esset.
1442 4421 1497 4473 Si
1562 4421 1704 4473 enim
1776 4424 2067 4475 humanam
2134 4422 2312 4475 adhuc

2427 1946 2580 1999 Ἐπεὶ
2609 1947 2792 2000 τοίνυν
2820 1952 3001 2002 πᾶσαν
3029 1951 3110 2012 είς
3130 1951 3341 2003 ἐκεῖνον
3366 1952 3629 2021 φέροντες
3656 1952 3869 2006 τιθέασι
3896 1954 3998 2023 τὴν

2414 2039 2665 2107 ἀγάπην,
2719 2041 2814 2092 καὶ
2844 2040 3030 2109 φιλίας
3065 2042 3229 2110 μέρος
3266 2042 3420 2094 οὐδὲν
3454 2041 3577 2095 οὔτε
3611 2042 3797 2104 ἄλλοις
3822 2061 4001 2098 κατα-

2412 2132 2693 2185 λείπουσιν
2715 2133 2836 2186 οῦτε
2865 2135 3051 2201 σφίσιν
3077 2136 3286 2196 αὐτοῖς,
3313 2139 3377 2205 τῇ
3408 2135 3604 2207 γνώμῃ
3635 2137 3789 2203 σφῶν
3812 2138 3998 2192 αὐτῶν

2414 2225 2511 2278 καὶ
2535 2225 2752 2278 πάντων
2771 2227 2944 2295 ἀποδη
2954 2226 3140 2296 μοῦσι.
3168 2226 3239 2280 Τὸ
3260 2228 3331 2294 γά
3339 2247 3370 2298 ρ
3392 2231 3667 2284 συνάπτον
3683 2227 3997 2300 ἑκασταχοῦ

2412 2318 2476 2371 τὸ
2528 2318 2750 2389 φίλτρον
2804 2319 2983 2372 ἐστίν’
3038 2318 3181 2372 οὕτω
3215 2320 3271 2372 δὲ
3308 2321 3447 2391 πρὸς
3503 2322 3593 2375 τὸν
3644 2323 3778 2377 Θεὸν
3835 2326 4001 2394 μόνον

2419 2412 2650 2473 ἑαυτοὺς
2687 2412 3029 2480 πανταχόθεν
3060 2414 3486 2481 μετενεγκόντες
3524 2415 3673 2485 μόνῳ
3707 2416 3809 2486 μὲν
3837 2415 3997 2483 ζῶσι,

2418 2506 2581 2573 μόνον
2608 2506 2665 2558 δὲ
2701 2504 2943 2573 φιλοῦσι,
2983 2506 3129 2575 μόνῳ
3158 2506 3213 2559 δὲ
3248 2508 3569 2577 χαίρουσιν
3604 2510 3726 2562 ἐπεὶ
3760 2511 3998 2573 καὶτοῖς

2415 2599 2572 2667 ἡμῶν
2591 2599 2770 2651 αὐτῶν
2795 2602 2905 2658 τοῖς
2931 2599 3291 2663 οἰκειοτάτοις
3317 2599 3606 2669 βούλεσθαι
3630 2602 3723 2653 καὶ
3750 2604 3998 2655 συνεῖναι

2415 2691 2510 2743 καὶ
2540 2690 2776 2760 χαίρειν,
2810 2691 2870 2743 οὺ
2901 2689 3051 2743 τοῦτ’
3082 2690 3215 2744 αὐτὸ
3266 2695 3416 2745 ποιεῖ
3443 2692 3505 2745 τὸ
3544 2693 3795 2763 ἡμέτερα
3828 2690 3992 2756 εἶναι,

2415 2781 2533 2837 ἀλλ’
2568 2784 2653 2835 ὅτι
2685 2783 2778 2835 καὶ
2808 2782 2949 2836 αὐτὰ
2978 2782 3263 2853 φιλοῦμεν,
3296 2782 3370 2848 ὥς
3408 2770 3587 2855 ἃννμὴ
3618 2784 3777 2838 τοῦτο
3804 2783 3862 2861 ᾖ,
3893 2787 3997 2856 τῆς

2415 2876 2753 2943 οἰκειότητος
2783 2874 2990 2945 ταύτης
3014 2875 3080 2927 δι’
3112 2874 3314 2945 ἑαυτὴν
3348 2875 3605 2942 συνάγειν
3632 2878 3662 2944 ἠ
3674 2877 3781 2944 μᾶς
3809 2877 3999 2940 αὐτοῖς

2416 2966 2449 3036 ἢ
2492 2965 2723 3035 ποιῆσαι
2758 2967 2977 3037 χαίρειν
3015 2967 3089 3036 μὴ
3133 2967 3467 3035 δυναμένης.
3516 2967 3695 3020 Πολλὰ
3728 2968 3839 3038 γὰρ
3885 2969 3998 3022 τῶν

2417 3058 2704 3127 ἡμετέρων
2727 3059 2875 3128 ἡμᾶς
2909 3058 3057 3127 ἀνιᾷ,
3106 3060 3201 3110 καὶ
3230 3058 3294 3126 δὴ
3341 3058 3436 3110 καὶ
3464 3058 3601 3128 ἡμῖν
3628 3059 3812 3121 αὐτοῖς
3846 3060 3997 3113 ἔστιν

2419 3144 2495 3203 ὧν
2517 3150 2863 3220 ἐπιτιμῶμεν
2886 3166 2900 3181 ο
2918 3149 3052 3203 ἔνιοι
3076 3151 3132 3203 δὲ
3155 3152 3294 3219 σφᾶς
3315 3150 3512 3214 αὐτοὺς
3532 3152 3632 3221 ἤδη
3654 3151 3749 3204 καὶ
3773 3154 3995 3224 μισοῦσι

2419 3241 2690 3311 λαμπρῶς
2743 3241 2837 3295 καὶ
2870 3241 3095 3310 φεύγειν
3137 3242 3474 3311 ἐπιθυμοῦσι
3511 3247 3604 3299 καὶ
3655 3244 3992 3306 θανατῶσιν,

2421 3332 2542 3384 Εἰσὶ
2576 3332 2633 3384 δὲ
2664 3332 2713 3384 οἳ
2743 3335 2837 3387 καὶ
2875 3333 3182 3402 ἐτόλμησαν
3222 3332 3316 3386 καὶ
3347 3335 3454 3404 πρὸ
3488 3335 3687 3404 μοίρας
3722 3336 3995 3405 ἀπῆλθον,

2418 3420 2742 3490 βιασάμενοι
2767 3422 2979 3489 ξίφεσιν
2997 3423 3028 3492 ἦ
3051 3423 3232 3494 βρόχῳ
3252 3424 3351 3493 τὴν
3367 3425 3628 3497 τελευτήν
3644 3442 3661 3459 ο
3686 3426 3811 3480 ὅθεν
3834 3429 3997 3499 δῆλον

2416 3512 2499 3564 ὅτι
2526 3512 2718 3573 πᾶσιν,
2744 3505 2828 3573 οἷς
2866 3511 3137 3583 σύνεσμεν
3172 3518 3266 3567 καὶ
3301 3515 3593 3585 χαίρομεν,
3622 3518 3718 3570 καὶ
3751 3521 3817 3588 τῇ
3843 3521 3995 3590 ψυχῇ

2416 3601 2509 3653 καὶ
2537 3604 2652 3664 τοῖς
2678 3603 3040 3666 οἰκειοτάτοις
3066 3606 3164 3658 καὶ
3188 3605 3321 3675 ἡμῖν
3352 3608 3535 3671 αὐτοῖς
3561 3609 3623 3662 τὸ
3644 3611 3821 3678 φιλεῖν
3851 3615 4000 3665 ποιεῖ

2416 3691 2514 3744 καὶ
2547 3694 2787 3747 συνεῖναι
2817 3696 2910 3746 καὶ
2940 3695 3175 3765 χαίρειν.
3213 3696 3424 3751 Οὐκοῦν
3455 3701 3511 3752 εῖ
3535 3716 3621 3760 τις
3645 3702 3863 3769 τάγαθά
3886 3703 3999 3756 τῶν

2413 3782 2592 3837 ἀλλων
2642 3783 2817 3838 ἐθέλοι
2848 3787 2943 3838 καὶ
2993 3786 3176 3857 φιλοίη
3226 3787 3397 3858 μηδὲν
3426 3786 3590 3859 ἦττον
3631 3792 3664 3862 ἢ
3698 3795 3767 3846 τά
3798 3794 3996 3862 αὐτοῦ,

2414 3876 2603 3928 τοῦτον
2634 3876 2847 3949 ἀνάγκη
2873 3879 2966 3930 καὶ
2988 3881 3226 3931 συνεῖναι
3244 3883 3309 3950 τῇ
3332 3882 3524 3954 γνώμῃ
3550 3887 3642 3936 καὶ
3669 3887 3994 3956 συγχαίρειν

2415 3971 2524 4021 τῶν
2564 3970 2786 4037 ἀγαθῶν
2836 3972 2955 4032 τοῖς
2992 3971 3171 4034 ἄλλοις
3217 3973 3248 4042 ἢ
3300 3974 3482 4043 ὲαυτῷ
3520 3976 3628 4028 τῶν
3663 3977 3852 4032 αὑτοῦ.
3894 3980 3997 4032 Διά

2413 4061 2586 4114 ταῦτα
2611 4060 2690 4132 τῷ
2716 4061 2973 4131 φιλοθέῳ,
3002 4064 3103 4133 τῆς
3133 4063 3232 4133 μὲν
3260 4064 3478 4134 φύσεως
3506 4068 3641 4137 πρὸς
3669 4069 3737 4121 τά
3760 4070 3880 4123 θεῖα
3916 4071 3995 4142 μὴ

2415 4153 2957 4225 μετασκευασθείσης
2984 4194 2999 4219 ,
3042 4156 3164 4226 μηδ’
3219 4157 3603 4229 ἀμειφοείσης,
3655 4158 3797 4215 ὥστε
3842 4164 3996 4233 αύτῴ

2416 4244 2580 4312 φύσει
2596 4245 2773 4299 ταῦτα
2802 4248 3220 4316 προσγενέσθαι,
3247 4251 3348 4319 τῆς
3369 4251 3426 4304 δὲ
3458 4250 3732 4322 θελήσεως
3763 4259 3861 4310 καὶ
3892 4257 3996 4327 τῆς

2413 4340 2637 4410 ἀγάπης
2658 4342 2741 4403 είς
2770 4341 2859 4393 τὸν
2883 4341 3016 4394 Θεὸν
3037 4343 3147 4395 ἀπὸ
3166 4342 3275 4395 τῶν
3296 4345 3514 4397 οἰκείων
3540 4347 3990 4417 μετενεχθείσης,

2413 4432 2565 4483 οὐδὲν
2600 4431 2800 4484 κωλύει
2831 4432 2931 4502 τὴν
2972 4434 3060 4485 ἐπ’
3096 4433 3247 4503 αὐτῷ
3280 4436 3456 4504 χαρὰν
3491 4434 3787 4505 ὁλόκληρον
3820 4434 3991 4501 εἶναι,

751 4513 856 4566 fert
903 4522 1155 4566 naturam
1197 4520 1250 4563 ct
1283 4511 1604 4564 naturaliter
1630 4512 1684 4563 in
1713 4511 1914 4565 divinis
1961 4521 2018 4565 ut
2074 4512 2310 4579 propriis
2345 4534 2388 4588 υ
2418 4542 2434 4574 δ

2345 4534 2388 4588 ι)
2418 4526 2511 4577 καὶ
2538 4521 2728 4593 ὥσπερ
2756 4526 2803 4576 εἰ
2838 4524 3275 4589 μετεσκεύαστο·
3338 4527 3387 4578 εί
3427 4526 3537 4596 γάρ
3569 4528 3663 4580 καὶ
3692 4529 3793 4598 τὴν
3826 4531 3994 4599 φύσιν

750 4621 854 4658 non
885 4613 943 4658 ut
974 4604 1105 4657 libet
1140 4603 1291 4662 vivit,
1327 4603 1439 4655 illic
1490 4610 1669 4655 tamen
1710 4609 1878 4655 totam
1913 4601 2084 4655 tendit
2118 4602 2311 4656 volun-

752 4705 942 4755 tatetn,
1000 4710 1120 4763 qua:
1179 4703 1359 4761 potest
1422 4694 1657 4762 gaudere
1712 4695 1977 4761 nobisque
2033 4694 2173 4749 hanc
2222 4702 2314 4747 aut

752 4789 898 4841 illum
952 4790 1082 4838 dare
1126 4786 1549 4853 jucunditatem.
1588 4786 1713 4839 Ideo
1748 4786 1890 4838 sicut
1934 4785 2025 4853 qui
2072 4788 2311 4854 seipsum

749 4892 895 4936 amat
942 4883 1139 4949 gaudet
1186 4883 1472 4950 pratsi-utia
1505 4896 1691 4936 secum
1733 4893 1990 4951 reputans
2040 4882 2203 4943 bona,
2236 4884 2315 4935 sic

750 4975 845 5043 qui
880 4961 1255 5027 Deumsolum
1276 4983 1540 5028 amante:
1564 4976 1710 5028 illius
1742 4976 1898 5029 bonis
1928 4975 2031 5029 sibi
2057 4975 2317 5045 jucundi-

754 5080 921 5121 tatem
954 5068 1241 5134 colligunt,
1259 5075 1314 5121 et
1344 5068 1507 5121 rebus
1528 5067 1675 5122 illius
1707 5068 1985 5121 ditescunt
1999 5076 2055 5121 et
2079 5069 2318 5136 glorian-

757 5172 867 5225 tur,
893 5163 959 5215 de
990 5161 1159 5230 gloria
1191 5159 1313 5226 ejus
1344 5160 1684 5228 superbiunt,
1718 5163 1785 5213 de
1824 5162 1942 5229 ipso
1980 5161 2319 5229 triumphant

754 5258 981 5307 adorato
1028 5252 1497 5320 magnificatoque.
1531 5252 1633 5315 Qui
1690 5266 1817 5305 vero
1864 5252 2218 5321 sibimetipsis
2240 5254 2318 5304 vi-

751 5345 1025 5405 vunt,etsi
1043 5345 1110 5395 de
1127 5343 1271 5396 veris
1285 5342 1552 5411 gaudeant
1570 5344 1746 5398 bonis.
1764 5343 2025 5411 integram
2046 5352 2317 5413 nequeunt

752 5453 976 5505 carpere
1010 5436 1279 5497 lmtitiam,
1319 5435 1409 5488 sed
1442 5436 1583 5489 sicut
1612 5436 1680 5490 de
1719 5436 1876 5491 bonis
1905 5440 2144 5506 gaudent
2174 5452 2315 5505 pra:-

755 5531 1022 5586 sentibus.
1073 5529 1156 5583 sie
1205 5528 1353 5593 ipsos
1390 5529 1456 5581 de
1486 5527 1805 5582 absentibus
1832 5538 1925 5582 aut
1961 5528 2316 5597 praesentibus

755 5622 913 5676 malis
962 5622 1149 5675 dolere
1176 5634 1275 5689 par
1308 5628 1425 5683 est;
1463 5619 1531 5672 iis
1563 5627 1743 5673 autem
1787 5619 1879 5687 qui
1921 5621 2086 5674 vitam
2119 5620 2172 5673 in
2207 5619 2317 5673 Deo

758 5719 1171 5781 reposuerunt,
1228 5707 1319 5761 ubi
1372 5706 1587 5777 quidem
1656 5716 1739 5760 est
1805 5708 2146 5776 iucunditas,
2204 5707 2317 5760 tri-

756 5803 904 5862 stitia
932 5815 1063 5858 vero
1086 5800 1255 5864 nulla,
1271 5814 1393 5855 cum
1417 5800 1583 5854 multa
1613 5799 1829 5869 quidem
1861 5802 1967 5855 sint
1996 5802 2316 5871 quaaliujus-

2415 4613 2497 4666 ἐτι
2533 4614 2689 4685 φέρει
2717 4613 2813 4684 τὴν
2834 4614 3207 4685 ἀνθρωπίνην,
3246 4616 3341 4669 καὶ
3375 4617 3540 4684 φύσει
3576 4620 3686 4680 τοῖς
3717 4619 3886 4681 θείοις
3914 4622 3996 4684 ὡς

2414 4706 2635 4769 οίκείοις
2652 4706 2712 4759 οὐ
2740 4707 3012 4769 σύνεστιν,
3038 4706 3176 4759 ἀλλὰ
3197 4709 3297 4776 τήν
3321 4724 3383 4774 γε
3412 4708 3638 4779 θέλησιν
3662 4712 3780 4763 ἐκεῖ
3804 4714 3996 4765 πᾶσαν

2417 4799 2550 4867 ἔχει,
2598 4800 2631 4869 ἢ
2664 4802 2830 4869 κυρία
2879 4800 3026 4851 ἐστὶν
3054 4798 3229 4862 οὕτως
3270 4800 3301 4868 ἢ
3346 4801 3579 4863 ἐκείνως
3614 4801 3851 4871 χαίρειν,
3892 4808 3995 4859 καὶ

2414 4890 2617 4961 ταύτην
2647 4892 2703 4943 ὲν
2731 4892 2866 4958 ἡμῖν
2895 4891 3123 4958 κρατεῖν
3160 4890 3192 4960 ἦ
3235 4890 3456 4960 ἐκείνην
3488 4892 3588 4961 τὴν
3615 4892 3837 4964 ἡδονήν.
3875 4898 3989 4951 Kal.

2413 4982 2591 5034 τοίνυν
2619 4979 2875 5050 καθάπερ
2913 4982 2940 5031 ό
2988 4979 3160 5047 φιλῶν
3199 4980 3394 5032 ἑαυτὸν
3423 4982 3703 5049 χαίρειτά
3744 4986 3995 5051 παρόντα

2416 5070 2564 5137 αῦτῷ
2602 5069 2950 5137 λογιζόμενος
2988 5069 3191 5136 ἀγαθὰ,
3235 5069 3407 5129 οὓτως
3438 5071 3487 5121 οἱ
3526 5070 3618 5123 τὸν
3652 5071 3787 5124 Θεὸν
3824 5074 3994 5141 μόνον

2416 5162 2697 5231 φιλοῦντες
2736 5162 2847 5214 άπὸ
2882 5161 2992 5213 τῶν
3024 5160 3248 5229 ἀγαθῶν
3275 5161 3382 5214 τῶν
3418 5164 3631 5216 ἐκείνου
3665 5163 3763 5234 τὴν
3793 5166 3994 5239 ἡδονὴν

2417 5256 2633 5318 ἑαυτοῖς
2674 5256 2989 5322 συνάγουσι,
3027 5255 3123 5307 καὶ
3160 5256 3272 5317 τοῖς
3302 5255 3512 5308 ἐκείνου
3550 5257 3845 5313 πλουτοῦσι
3896 5263 3994 5314 καὶ

2418 5344 2852 5416 φιλοτιμοῦνται,
2886 5344 2982 5396 καὶ
3017 5346 3154 5415 πρὸς
3190 5345 3292 5413 τὴν
3326 5345 3536 5399 ἐκείνου
3576 5348 3995 5419 μεγαλαυχοῦσι

2416 5435 2593 5499 δόξαν,
2630 5437 2727 5488 καὶ
2761 5434 3152 5502 στεφανοῦνται
3188 5438 3673 5507 προσκυνουμὲνου
3725 5444 3818 5493 καὶ⁸
3853 5444 3990 5496 θαυ-

2422 5525 2733 5594 μαζομένου
2771 5525 3147 5593 σεμνύνονται.
3183 5527 3292 5578 Καὶ
3322 5526 3369 5579 οί
3404 5528 3503 5597 μὲν
3524 5528 3738 5592 ἑαυτοῖς
3761 5530 3992 5599 ζῶντες,

2419 5616 2522 5668 κᾶν
2557 5617 2648 5668 ἐπὶ
2677 5618 2791 5677 τοῖς
2814 5615 3040 5685 ἀληθέσι
3066 5617 3333 5687 χαίρωσιν
3360 5618 3608 5686 ἀγαθοῖς,
3634 5622 3871 5691 ἀμίκτον
3895 5629 3995 5681 οὐκ

2420 5709 2487 5761 ἂν
2540 5710 2837 5776 καρποῖντο
2857 5708 2953 5775 τὴν
2990 5707 3203 5777 ἡδονὴν,
3233 5708 3350 5761 ἀλλ’
3381 5708 3570 5780 ῶσπερ
3600 5713 3855 5781 χαίρουσι
3886 5717 3997 5769 τῶν

2420 5798 2642 5866 ἀγαθῶν
2689 5803 2802 5860 τοῖς
2836 5800 3128 5870 παροῦσιν,
3177 5798 3352 5864 οὕτως
3386 5801 3573 5868 ἀλγεῖν
3608 5804 3807 5866 αὐτοὺς
3844 5808 3998 5873 εἰκὸς
