4262 6460
248 401 357 465 713

1282 413 1374 472 DE
1423 415 1592 472 VITA
1657 415 1739 474 IN
1780 415 2112 477 CHRISTO
2149 420 2298 479 LIB.
2343 421 2475 480 ΥΠ.

3389 424 3493 486 7H

242 519 387 586 ὑπὲρ
419 519 528 574 τῶν
559 519 806 574 ἀπῖντων
907 522 1014 574 τῶν
1051 528 1328 592 παρόντων
1375 530 1578 591 κακῶν,
1615 533 1731 597 τοῖς
1767 531 1810 582 δ’
1845 532 1893 592 Α
1923 552 1925 581 ι

1845 532 1893 592 Α
1923 533 2066 585 modi
2107 543 2292 603 agunt,
2349 535 2560 588 nullum
2610 544 2792 590 autent
2830 536 3140 590 contristat.
3195 536 3305 592 Nec
3351 541 3495 593 enim

243 609 410 676 ἑντῴ
441 611 563 680 Θεῴ
601 612 700 679 τὴν
755 612 898 682 ζωὴν
934 615 1251 680 μεταθεῖσιν
1305 619 1468 688 ἡδονὴ
1524 621 1624 687 μέν
1678 624 1823 675 ἐστιν

238 701 564 772 εἰλικρινὴς,
594 702 739 772 λύπη
776 704 831 755 δὲ
854 704 1104 773 οὐδεμία,
1143 707 1358 759 πολλῶν
1390 711 1487 778 μὲν
1519 713 1687 763 ὄντων
1715 715 1824 766 τῶν

239 792 454 844 ἐκείνου
483 794 804 858 ποιούντων,
834 797 1096 859 ἀνιῶντος
1117 799 1172 850 δὲ
1191 801 1426 864 οὐδενός.
1456 802 1590 854 Οὔτε
1619 805 1724 874 γὰρ
1749 805 1824 875 τῷ

238 881 362 952 Θεῷ
392 885 646 936 σύνεστιν
673 885 829 939 οὐδὲν
864 888 1046 955 ἀηδὲς,
1137 889 1327 954 ζῶσιν,
1355 891 1476 944 οὔτε
1512 894 1617 945 τῶν
1640 895 1822 960 αὐτοῖς

237 975 534 1041 παρόντων
563 978 814 1046 αἴσθησίς
843 981 1013 1044 ἐστιν,
1045 979 1101 1032 εἰ
1128 998 1177 1033 τι
1203 984 1299 1034 καὶ
1340 985 1567 1038 δύναται
1597 989 1783 1043 λυπεῖν
1804 1006 1816 1020 ·

235 1071 331 1118 καὶ
365 1068 475 1137 γάρ
504 1070 713 1123 ἑαυτῶν
737 1069 925 1140 ζητεῖν
943 1074 1166 1137 αὐτοὺς,
1183 1078 1210 1126 ὁ
1243 1075 1341 1142 τῆς
1366 1077 1576 1140 τελείας
1600 1080 1821 1147 ἀγάπης

234 1157 398 1224 λόγος
434 1159 496 1210 οὺ
559 1163 853 1229 συγχωρεῖ,
913 1181 932 1213 ι
993 1164 1069 1216 Οὐ
1125 1163 1236 1233 γὰρ
1289 1165 1461 1232 ζητεῖ,
1537 1173 1693 1239 φησι.
1751 1173 1819 1224 τὰ

233 1249 436 1316 αὐτῆς,
480 1269 500 1301 ι
536 1251 653 1302 ἀλλ’
685 1252 980 1319 ἀγαπῶσιν
1008 1256 1093 1308 ὅτι
1115 1256 1388 1327 μακάριος
1414 1259 1443 1310 ὁ
1473 1261 1815 1328 φιλιέύμενος,

235 1344 332 1393 καὶ
374 1342 435 1393 τὸ
484 1343 657 1405 πάθος
686 1344 887 1398 άτοπον
920 1349 1012 1398 καὶ
1049 1348 1347 1418 ὑπερφυὲς,
1394 1351 1460 1418 γῆ
1498 1353 1590 1405 καί
1626 1356 1818 1419 σποδὸς

233 1432 307 1482 τὰ
337 1432 432 1484 τοῦ
464 1433 604 1487 Θεοῦ
647 1433 755 1487 τῶν
786 1436 1006 1490 οἰκείων
1045 1438 1406 1494 ἀλλάττονται
1451 1444 1544 1494 καὶ
1578 1445 1815 1509 γίνονται

233 1526 646 1592 παραπλήσιον,
674 1528 864 1597 ῶσπερ
885 1531 932 1580 εἰ
950 1528 1181 1599 πένητες
1197 1530 1389 1601 ἄνδρες
1417 1536 1508 1584 καί
1530 1533 1816 1601 δυστυχεῖς

231 1619 313 1678 εἰς
352 1619 646 1688 βασιλικὴν
679 1622 1106 1685 εἰσπεπαικότας
1152 1624 1331 1677 οἰκίαν
1357 1624 1552 1694 ἀθρόον
1590 1627 1692 1694 μὲν
1716 1628 1814 1697 τὴν

230 1712 485 1764 σύνοικον
531 1714 919 1782 ἀποτρίψοιντο
972 1715 1186 1778 πενίαν,
1251 1718 1558 1786 περιθεῖντο
1607 1720 1662 1772 δὲ
1715 1722 1814 1789 τὴν

229 1803 352 1855 ἐκεῖ
378 1804 746 1873 λαμπρότητα
779 1806 986 1860 πᾶσαν.
1037 1807 1210 1877 ’Υπὲρ
1243 1801 1304 1860 οὗ
1351 1811 1444 1861 καὶ
1482 1811 1687 1878 νομίζω
1718 1815 1810 1864 καὶ

1930 623 2071 675 inest
2118 624 2255 691 Deo,
2300 627 2385 678 cui
2436 626 2651 688 vivunt,
2708 627 2918 696 aliquid
2980 629 3360 696 injucundum.
3400 646 3500 683 nec

1929 715 2061 781 ipsis
2111 716 2461 783 praesentium
2510 726 2594 769 est
2640 731 2856 783 sensus,
2914 718 2959 773 si
3009 719 3139 786 quid
3171 721 3502 774 contristare

1927 814 2125 871 potest.
2184 805 2298 860 Non
2353 809 2498 860 enim
2561 810 2706 875 ipsos
2763 825 2879 862 sese
2923 825 3189 878 quaerere,
3251 811 3502 879 perfecta:

1926 897 2215 950 cbaritatis
2239 901 2378 952 ratio
2407 902 2709 968 permittit;
2756 920 2773 950 ι
2810 901 2964 964 Nam,
2989 905 3184 971 lnquit,
3219 919 3322 956 non
3355 921 3503 970 quire-

1925 992 1992 1043 rit
2022 1007 2142 1058 qua:
2167 1007 2262 1045 sua
2293 1002 2420 1045 sunt
2454 1010 2466 1056 ;
2502 1014 2518 1044 ι
2586 996 2680 1047 sed
2710 1003 2893 1047 amant
2921 995 3179 1049 dilectum
3206 1013 3326 1052 esse
3375 999 3497 1051 bea-

1928 1093 2064 1144 tum,
2091 1093 2146 1136 et
2181 1086 2364 1152 passio
2409 1086 2645 1140 absurda
2675 1095 2728 1139 et
2777 1087 3092 1149 immodica,
3125 1097 3264 1142 terra
3293 1101 3346 1142 et
3383 1091 3502 1158 pul-

1926 1176 2033 1232 vis.
2071 1189 2170 1241 pro
2200 1175 2548 1229 suisdivinos
2569 1186 2913 1231 commutant
2931 1180 3280 1235 characteres
3301 1182 3495 1252 bisque

1926 1264 2136 1318 similes
2168 1267 2333 1330 fiunt;
2370 1269 2832 1335 quemadmodum
2866 1269 2910 1323 si
2937 1269 3186 1325 homines
3228 1289 3498 1343 pauperes

1919 1364 1972 1407 et
2003 1355 2184 1408 miseri
2221 1359 2271 1409 in
2299 1360 2499 1428 regiam
2529 1358 2796 1414 irruentes
2818 1361 3066 1426 domum,
3087 1372 3251 1416 totam
3274 1366 3494 1432 quidem

1918 1455 2073 1494 suam
2089 1453 2349 1497 exuerent
2364 1447 2669 1514 penuriam,
2687 1457 2963 1518 totamque
2982 1450 3274 1521 fulgentem
3297 1455 3365 1508 ibi
3388 1473 3500 1508 ma-

1917 1530 2281 1602 guillceutiam
2321 1536 2631 1592 induerent.
2677 1539 2904 1609 Propter
2940 1547 3083 1611 quod
3121 1548 3373 1600 existimo
3405 1565 3500 1603 eos

1920 1625 2100 1678 vocari
2119 1626 2383 1682 violentos
2403 1644 2704 1700 rapereque
2716 1647 2968 1701 regnum;
2987 1637 3129 1704 quod
3148 1638 3371 1693 daturos
3391 1657 3495 1694 non

1917 1727 2236 1785 exspectant
2285 1734 2386 1774 nec
2433 1722 2696 1789 eligentes
2755 1728 3081 1793 respiciunt.
3136 1731 3229 1783 sed
3281 1731 3498 1798 ipsimct

1920 1809 2178 1862 thronum
2198 1823 2474 1880 occupant
2497 1824 2544 1866 et
2573 1816 2810 1882 propriis
2829 1818 3103 1886 suffragiis
3127 1823 3225 1875 sibi
3243 1824 3493 1880 diadema

230 1895 462 1958 βιαστάς
483 1872 675 1958 αὖτοὺς
698 1895 956 1964 λέγεσθαι
981 1902 1075 1951 καί
1098 1872 1197 1969 τὴν
1220 1900 1498 1969 βασιλείαν
1517 1872 1812 1971 ἁρπάζειν,
1844 1872 1891 1931 Β

1808 1947 1812 1963 ,
1844 1872 1891 1931 Β
1923 1872 2362 1969 circumponunt'.
2395 1872 2637 1970 Atqui'si
2678 1872 2921 1973 capiunt,
2961 1872 3063 1962 non
3095 1919 3273 1966 tamen
3305 1916 3357 1967 in
3392 1918 3491 1971 hoc

224 1987 314 2037 ὅτι
347 1988 425 2056 μὴ
459 1988 584 2049 τοὺς
616 1987 890 2050 δώσοντας
919 1990 1255 2058 ἀναμένουσι
1287 1993 1407 2045 οὐδὲ
1439 1994 1565 2055 τοὺς
1591 1997 1816 2066 αἰρησο-

228 2079 431 2146 μένους
476 2080 910 2146 ἀποσκοποῦσιν,
985 2083 1099 2134 ἀλλ’
1130 2083 1424 2154 αὐτόματοι
1481 2086 1573 2138 τοῦ
1628 2088 1818 2158 θρόνου

220 2171 555 2239 δράττονται
581 2173 673 2224 καί
694 2176 814 2234 ταῖς
833 2174 966 2243 παρ’
989 2175 1203 2227 ἑαυτῶν
1225 2175 1424 2244 ψήφοις
1447 2180 1816 2246 περιτίθενται

224 2265 286 2313 τὸ
322 2262 582 2331 διάδημα.
624 2264 684 2316 Εἰ
739 2265 847 2334 γὰρ
883 2265 984 2318 καὶ
1033 2266 1428 2335 λαμϐάνουσιν,
1461 2269 1576 2321 ἀλλ’
1625 2273 1724 2323 οὐκ
1756 2273 1815 2325 ἐν

223 2354 406 2421 τούτῳ
461 2355 774 2422 νομίζουσιν
815 2356 1188 2424 εὐδαιμονεῖν,
1251 2360 1360 2412 οὐδ’
1425 2362 1658 2414 ἐνταῦθα
1712 2363 1808 2433 τὴν

219 2447 422 2512 ἡδονὴν
449 2448 684 2515 ἔχουσιν,
717 2449 833 2500 ἀλλ’
869 2451 926 2501 ὲν
959 2449 1035 2516 τῷ
1067 2451 1379 2519 φιλουμένῳ
1403 2455 1799 2518 συνεγνωκέναι

219 2540 321 2602 τὴν
350 2539 659 2604 βασιλείαν,
690 2541 782 2590 καὶ
805 2543 1111 2610 χαίρουσιν,
1138 2543 1235 2609 οὐχ
1251 2544 1332 2594 ὅτι
1355 2544 1536 2604 αὐτοῖς
1562 2549 1812 2598 κοινωνεῖ

219 2632 332 2682 τῶν
354 2631 597 2697 ἀγαθῶν,
626 2631 740 2683 ἀλλ’
762 2634 844 2684 ὅτι
877 2635 1084 2695 ἐκεῖνος
1111 2637 1168 2685 ἐν
1193 2633 1442 2700 ἀγαθοῖς,
1473 2635 1567 2686 τοῦ
1594 2636 1650 2688 δὲ
1678 2641 1808 2706 παρ’

219 2726 437 2776 ἑαυτῶν
471 2725 656 2791 ἔχουσι
693 2727 784 2777 καὶ
815 2727 913 2794 τῆς
935 2727 1146 2787 οἰκείας
1177 2727 1633 2796 εὐγνωμοσύνης·
1666 2729 1805 2781 ὥστε

220 2821 271 2867 εἰ
322 2818 492 2885 μηδὲν
549 2819 732 2879 αὐτοῖς
785 2814 852 2886 ἦν
908 2819 1090 2870 κοινὸν
1152 2821 1288 2886 πρὸς
1343 2819 1620 2887 βασιλείαν
1671 2821 1803 2888 μηδὲ

229 2908 463 2978 μερίτας
516 2910 716 2968 αὐτοὺς
770 2909 868 2973 τῆς
933 2911 1342 2977 μακαριότητος
1392 2913 1419 2961 ὀ
1485 2910 1802 2978 φιλούμενος

218 3001 485 3059 ἐποιεῖτο,
547 2999 717 3065 μηδὲν
772 2993 935 3067 ἦττον
984 2999 1326 3067 εὐδαιμονεῖν
1371 3001 1463 3052 καὶ
1493 2999 1799 3068 βασιλεύειν

1921 2005 1979 2042 se
2003 1991 2193 2044 beatos
2220 2007 2341 2048 esse
2369 1996 2618 2056 credunt,
2649 2014 2750 2050 nec
2793 2001 2992 2054 exinde
3023 2006 3353 2073 voluptatem
3391 2009 3492 2063 lia-

1921 2080 2069 2146 bent,
2109 2081 2202 2135 sed
2253 2086 2396 2150 quod
2447 2086 2499 2138 in
2547 2088 2748 2142 dilecto
2795 2106 3017 2160 regnum
3057 2110 3177 2149 esse
3223 2100 3488 2163 sentiunt,

1918 2175 2284 2244 gaudentque,
2309 2191 2414 2230 nou
2449 2182 2592 2246 quod
2629 2182 2760 2248 ip~is
2804 2183 2942 2237 bona
2970 2188 3364 2254 communicat,
3396 2195 3491 2248 sed

1915 2267 2056 2330 qnod
2085 2266 2172 2321 ille
2225 2269 2278 2322 in
2322 2269 2485 2324 bonis
2532 2282 2648 2339 est;
2683 2274 2752 2326 ita
2807 2283 2868 2329 ut
2903 2278 2948 2330 si
2999 2279 3131 2332 nihil
3178 2282 3308 2350 ipsis
3346 2299 3492 2340 esset

1916 2371 2208 2411 commune
2247 2375 2369 2412 cum
2415 2376 2600 2427 regno.
2633 2380 2730 2417 nec
2779 2366 2923 2433 ipsos
2979 2369 3331 2428 beatitudinis
3365 2391 3487 2442 par-

1914 2448 2106 2517 ticipes
2146 2449 2283 2504 emet
2303 2461 2385 2505 ret
2424 2453 2676 2518 dilectus,
2714 2458 3070 2514 nihilominus
3111 2477 3294 2519 essent
3325 2469 3483 2532 beati,

1915 2553 2220 2607 regnarent,
2263 2556 2682 2608 coronarentur,
2717 2566 3014 2619 omnesque
3047 2557 3356 2613 fruerentur
3387 2569 3488 2617 hoc

1910 2646 2097 2700 regno.
2131 2633 2284 2689 Unde
2325 2639 2521 2689 merito
2563 2649 2846 2707 propterea
2875 2657 3119 2712 raptores
3159 2666 3487 2709 vocarentur

1912 2732 1964 2773 ct
2028 2725 2248 2778 violenti
2314 2728 2622 2788 divinorum
2682 2732 2944 2788 honorum
3005 2755 3379 2808 possessores,
3434 2749 3484 2802 in

1911 2813 2224 2869 fruitionem
2250 2833 2436 2872 eorum
2457 2835 2574 2873 sese
2597 2823 2950 2891 inipellentes.
2971 2828 3058 2882 Isti
3087 2845 3212 2885 sunt
3243 2839 3332 2904 qui
3359 2841 3486 2893 odio

1912 2906 2110 2960 habent
2130 2909 2361 2973 animas,
2377 2926 2469 2964 eas
2499 2915 2751 2979 perdunt,
2768 2926 2819 2968 et
2845 2932 3030 2972 earum
3052 2923 3172 2977 loco
3193 2925 3483 2987 Dominum

1907 2998 2208 3050 animarum
2243 3000 2530 3067 recipiunt.

218 3092 316 3142 καὶ
371 3091 774 3157 στεφανοῦσθαι
820 3094 913 3143 καὶ
960 3093 1169 3152 πάντας
1213 3093 1312 3161 τῆς
1350 3092 1628 3161 βασιλείας
1703 3091 1992 3144 ἀπολαύειν
2050 3091 2284 3162 ἐκείνης.
2323 3093 2484 3144 Ὅθεν
2533 3096 2781 3164 ἅρπαγες
2808 3103 3034 3168 εἰκότως
3063 3107 3129 3158 ἂν
3171 3110 3257 3161 διὰ
3323 3113 3481 3167 τοῦτο

217 3182 474 3234 καλοῖντο
534 3185 626 3234 καὶ
689 3183 912 3251 βιασταὶ
946 3184 1057 3235 τῶν
1099 3184 1258 3236 θείων
1313 3186 1556 3252 ἀγαθῶν,
1593 3189 1671 3247 εἰς
1704 3186 1801 3254 τὴν
1842 3182 2139 3239 ἀπόλαυσιν
2176 3184 2354 3236 αὐτῶν
2386 3186 2606 3249 ἑαυτοὺς
2651 3192 3016 3258 εἰσωθούντες.
3069 3195 3230 3254 Οὗτοί
3261 3205 3396 3258 εἰσιν
3433 3210 3483 3260 οι

214 3275 316 3334 τὰς
348 3275 530 3342 ψυχὰς
563 3273 847 3344 μισοῦντες
882 3276 976 3328 καὶ
1004 3277 1334 3339 ἀπολλύντες
1403 3280 1497 3330 καὶ⁸
1561 3278 1765 3330 τούτων
1798 3277 1888 3328 τὸν
1920 3276 2028 3326 τῶν
2058 3275 2244 3343 ψυχῶν
2276 3279 2551 3347 Δεσπότην
2581 3282 3094 3352 ἀντιλαμϐάνοντες.

289 3371 358 3423 Τί
388 3370 484 3423 οὖν
509 3373 606 3439 τῆς
641 3373 816 3441 χαρᾶς
844 3373 1056 3442 ’ταύτης
1082 3374 1113 3442 ἢ
1153 3373 1342 3442 μεῖζον
1372 3373 1403 3442 ἢ
1434 3373 1796 3442 βεϐαιότερονς
1833 3377 1873 3430 C

213 3459 348 3525 τοῖς
380 3463 482 3531 μὲν
521 3464 631 3531 γὰρ
659 3465 874 3526 ἑαυτοῖς
898 3465 1148 3532 χαίρουσι
1196 3464 1255 3516 τδ
1284 3465 1475 3535 χαρίεν
1503 3464 1800 3517 ἀποϐαλεῖν

213 3556 279 3604 οὐ
307 3553 422 3604 τῶν
450 3554 763 3623 ἀδοκήτωνο
802 3556 860 3606 ὲν
903 3555 1079 3607 οὐδενὶ
1124 3555 1235 3624 γὰρ
1285 3555 1379 3608 ἐπὶ
1411 3555 1506 3607 τοῦ
1537 3555 1802 3623 παρόντος

210 3646 459 3712 τάγαθὸν
499 3647 783 3716 ἀκίνητον,
826 3648 952 3700 ὅθεν
985 3650 1045 3700 οὐ
1082 3648 1152 3701 δι’
1181 3640 1257 3700 ῶν
1291 3649 1650 3713 ἀπολαύουσι,
1680 3645 1800 3715 χαί-

212 3756 376 3806 ρουσι
417 3740 646 3806 μᾶλλον,
675 3739 707 3808 ἢ
743 3739 810 3791 δι’
842 3733 917 3792 ὧν
952 3741 1080 3808 περὶ
1110 3740 1204 3794 τοῦ
1236 3741 1466 3792 πλούτου
1511 3741 1796 3809 τρέμουσι,

208 3831 480 3884 ἀνιῶνται
504 3847 517 3861 ·
559 3832 674 3892 τοῖς
709 3830 766 3882 δὲ
793 3832 889 3884 καί⁸
917 3833 944 3884 ὁ
975 3832 1250 3901 θησαυρὸς
1281 3833 1388 3883 τῶν
1417 3833 1636 3896 ἀγαθῶν
1662 3832 1798 3883 ἀσυ-

207 3920 303 3980 λος
364 3920 458 3971 καὶ
513 3921 678 3990 ἡδονὴ
725 3920 904 3989 λύπης
944 3921 1198 3988 ἄμικτος,
1258 3922 1350 3973 καὶ
1403 3921 1567 3986 φόϐος
1624 3921 1799 3982 οὐδεὶς

207 4012 356 4080 ὑπὲρ
404 4012 646 4074 ἑστῶτος
702 4011 797 4065 καὶ
847 4011 1069 4080 βεϐαίου
1105 4014 1451 4082 πράγματος.
1485 4014 1591 4063 Καὶ
1621 4015 1668 4064 οἱ
1699 4014 1798 4082 μὲν

205 4103 305 4155 καὶ
349 4101 506 4152 αὐτοὶ
536 4101 760 4162 εἰκότως
784 4102 1153 4153 ὑποπτεύουσι
1183 4101 1282 4169 τὴν
1315 4103 1514 4170 χαρὰν,
1543 4101 1618 4168 μὴ
1661 4103 1797 4170 πρὸς

206 4191 605 4259 ὑπερηφανίαν
639 4191 843 4253 αὖτοὺς
876 4190 1069 4260 ἐξάγῃ,
1129 4193 1333 4262 σφόδρα
1389 4192 1524 4261 πρὸς
1569 4195 1799 4255 ἑαυτοὺς

207 4289 546 4356 βλέποντας,
578 4284 606 4335 ὃ
644 4286 706 4335 τὸ
746 4283 998 4337 πλεῖστον
1031 4284 1096 4336 ἂν
1126 4284 1224 4351 τῆς
1267 4283 1462 4352 ἡδονῆς
1509 4284 1794 4352 ὑποτέμοι,

205 4381 324 4437 τοῖς
357 4377 414 4429 δὲ
458 4376 702 4428 τοιοῦτον
748 4376 867 4428 οὐδὲ
919 4375 1143 4443 ἐνοχλεῖ,
1181 4376 1388 4427 ἑαυτῶν
1423 4374 1522 4443 μὲν
1548 4375 1646 4426 οὐκ
1681 4377 1795 4426 ἐπι-

206 4469 633 4539 στρεφομένοις,
660 4471 716 4520 ὲν
738 4466 817 4537 τῷ
841 4465 959 4536 Θεῷ
980 4467 1035 4519 δὲ
1058 4469 1155 4534 τὴν
1179 4464 1409 4535 δύναμιν
1429 4467 1792 4535 ποιουμένοις,

204 4565 267 4614 ἐν
300 4561 500 4628 ἐκείνῳ
536 4560 592 4612 δὲ
631 4559 1032 4628 καυχωμένοις,
1064 4558 1158 4610 καὶ
1188 4558 1323 4618 ὅλως
1351 4558 1449 4625 οὐχ
1480 4558 1603 4609 ὅσον
1641 4559 1793 4610 αὐτοὶ

204 4674 510 4731 χωρουαιν,
537 4665 644 4705 ουδ’
675 4655 865 4720 ὥσπερ
893 4651 1218 4719 ἀνθρώπους
1250 4651 1460 4717 χαίρειν
1483 4649 1648 4712 εἰκὸς,
1674 4649 1790 4701 ἀλλ’

200 4721 470 4820 ύπερτρυᾶ
517 4761 642 4796 τινα
689 4742 784 4795 καὶ
834 4741 986 4792 θείαν
1033 4738 1375 4807 καρποῦνται
1422 4738 1522 4807 τὴν
1571 4738 1785 4806 ἡδονήν.

200 4846 402 4895 υἱκίαν
432 4839 533 4908 μὲν
574 4841 684 4903 γὰρ
712 4834 892 4895 οἰκίας
944 4831 997 4884 ετ
1035 4848 1116 4893 τις
1165 4829 1484 4894 ἀλλάξαιτο,
1535 4830 1789 4881 καλλίονα

202 4931 551 5002 φαυλοτέρας
575 4930 669 4980 καὶ
695 4925 891 4993 ἡδονῆς
919 4922 1248 4989 ἀντείληφεν
1278 4920 1496 4988 ἡδονὴν,
1528 4916 1595 4991 ἦς
1629 4921 1788 4990 ἥδετο

200 5028 300 5094 τὴν
320 5026 600 5092 προτέραν
622 5019 814 5075 οἰκῶν.
840 5019 906 5084 ἣν
925 5015 1070 5074 εἰκὸς
1091 5013 1182 5082 ἥδε
1193 5012 1313 5065 σθαι
1336 5014 1424 5065 τὸν
1445 5016 1785 5066 ἀπολαύοντα

196 5120 298 5183 τῆς
327 5116 597 5179 δευτέρας
621 5128 635 5142 ·
681 5111 756 5173 ὡς
795 5109 976 5162 δὲκαὶ
1017 5107 1269 5175 σώματος
1305 5109 1354 5160 εἰ
1410 5110 1623 5175 μηχανῇ
1679 5125 1782 5158 τινι

197 5209 355 5273 τύγοι
388 5203 693 5263 καλλίονος,
740 5203 800 5252 τδ
841 5199 1014 5269 παρὸν
1063 5198 1352 5250 ἀποϐαλὼν
1404 5200 1499 5249 καὶ
1553 5199 1650 5267 τὴν
1695 5198 1780 5250 ἐπ’

197 5296 352 5363 αὐτῷ
381 5293 560 5362 χαρὰν
603 5293 865 5359 ἠμειψεν,
919 5289 1013 5341 καὶ
1062 5287 1287 5339 τοσοῦτο
1325 5287 1504 5356 χαίρει
1557 5288 1778 5354 μᾶλλον,

195 5388 320 5438 ὅσον
346 5382 601 5451 ἀμείνονι
632 5381 830 5449 χρῆται
864 5380 1101 5447 σώματι.
1137 5377 1348 5430 Οὐκοῦν
1371 5379 1498 5428 ὃταν
1523 5379 1584 5429 οὐ
1618 5379 1777 5446 μόνον

200 5478 362 5543 σῶμα
401 5476 499 5525 καὶ
540 5474 740 5534 οἰκίαν,
775 5470 888 5522 ἀλλ’
917 5470 1112 5522 ἑαυτὸν
1151 5468 1461 5538 ἀπορρίψας
1498 5469 1591 5519 τὸν
1643 5469 1779 5520 Θεὸν

196 5569 529 5637 κομίσηται,
559 5566 657 5616 καὶ
697 5557 854 5624 οὗτος
883 5561 1034 5631 αύτῷ
1068 5564 1161 5612 καὶ
1204 5561 1453 5628 σώματος
1486 5562 1576 5612 καὶ
1606 5560 1780 5629 ψυχῆς

197 5664 293 5713 καὶ
317 5659 541 5712 οἰκείων
571 5656 668 5709 καὶ
698 5655 869 5722 φίλων
892 5655 986 5706 καὶ
1023 5653 1240 5704 πάντων
1265 5655 1656 5719 ἀντικαταστῇ,
1688 5657 1783 5704 καὶ

197 5753 399 5819 ἡδονὴν
437 5749 661 5815 ἀνάγκη
704 5745 802 5816 τὴν
847 5746 948 5813 μὲν
983 5744 1289 5812 ὑπερϐῆναι
1334 5745 1513 5794 πᾶσαν
1545 5743 1639 5812 τὴν
1676 5743 1786 5794 τῶν

192 5844 532 5914 ἀνθρώπων,
553 5840 655 5909 τὴν
674 5838 732 5890 δὲ
758 5837 967 5900 λαϐεῖν,
989 5838 1022 5906 ἢ
1055 5837 1191 5906 πρὸς
1216 5835 1314 5905 τὴν
1341 5835 1491 5889 θείαν
1515 5837 1786 5905 ἥρμοσται

417 5961 695 6016 Ριτιιοι..
747 5957 867 6015 Gn.
916 5954 957 6011 (ἶ
975 5955 1018 6012 L
1034 5994 1048 6011 .

1978 3370 2116 3434 Quid
2152 3371 2315 3435 igitur
2351 3373 2452 3425 hoc
2479 3375 2671 3442 gaudio
2703 3379 2885 3447 'niajus
2919 3385 2998 3435 vel
3030 3387 3292 3441 solidius?
3324 3388 3476 3455 Quod

1908 3461 2050 3514 enim
2102 3462 2208 3514 illis
2263 3464 2356 3531 qui
2409 3466 2662 3532 gaudium
2714 3469 2857 3525 inse
2920 3485 3148 3540 ponunt,
3201 3481 3476 3548 olijectutn

1904 3553 2086 3622 gaudii
2154 3556 2418 3621 rapiatur,
2479 3573 2584 3611 non
2630 3569 2807 3616 estex
2864 3565 3206 3635 improvisis;
3241 3573 3293 3625 in
3324 3577 3471 3630 nulla

1903 3646 2046 3697 enim
2098 3660 2277 3698 rerum
2313 3651 2667 3713 praesentium
2698 3655 2895 3709 stabile
2931 3661 3205 3726 reperitur
3234 3665 3472 3734 bonum;

1902 3734 2043 3785 unde
2072 3751 2178 3787 non
2217 3737 2385 3805 magis
2416 3738 2483 3792 ile
2513 3741 2714 3807 quibus
2743 3743 3006 3801 fruuntur
3037 3752 3468 3824 gaudent,quam

1902 3827 1967 3877 de
2002 3825 2105 3877 illis
2153 3841 2252 3892 pro
2285 3828 2486 3892 quibus
2519 3834 2847 3887 tremiscunt
2882 3837 3090 3892 dolent.
3143 3840 3238 3896 His
3289 3858 3471 3899 autem

1902 3917 2195 3971 thesaurus
2225 3929 2304 3972 est
2336 3921 2602 3976 bonarum
2626 3939 2871 3992 securus,
2900 3930 3326 4002 jucundi'asque
3356 3938 3473 3991 sine

1905 4007 2145 4070 tristitia,
2176 4011 2461 4079 nullusque
2497 4012 2657 4067 timor
2689 4033 2784 4084 pro
2825 4020 2976 4072 firma
3023 4025 3311 4093 stabilique
3344 4045 3472 4095 pos-

1901 4100 2161 4154 sessione.
2193 4100 2273 4153 llli
2301 4104 2518 4170 quidem
2565 4108 2728 4158 etiam
2778 4109 2878 4176 ipsi
2914 4114 3108 4165 merito
3161 4119 3469 4183 suspiciunt

1901 4188 2178 4253 gaudium,
2219 4205 2283 4242 ne
2317 4193 2466 4258 ipsos
2499 4195 2562 4246 ad
2597 4198 2906 4260 superbiam
2949 4204 3191 4266 extollat,
3231 4209 3464 4261 multum

1902 4280 1952 4329 in
1982 4294 2037 4332 se
2059 4280 2318 4344 videntes,
2337 4288 2478 4350 quod
2507 4289 2795 4341 maximam
2833 4302 3037 4358 partem
3062 4297 3242 4362 gaudii
3268 4305 3475 4354 rescin-

1901 4369 2029 4422 dere
2052 4382 2253 4438 potest;
2286 4375 2368 4426 his
2394 4387 2570 4427 autem
2619 4380 2750 4430 nihil
2789 4383 2892 4432 tale
2933 4387 3260 4438 anxietatem
3294 4390 3468 4452 affert,

1898 4476 2021 4513 cum
2078 4464 2177 4530 ipsi
2198 4479 2300 4517 non
2331 4466 2382 4516 in
2407 4481 2462 4518 se
2485 4469 2779 4534 confidant,
2803 4473 2893 4524 sed
2915 4474 2979 4525 ad
3001 4473 3168 4529 Deum
3192 4494 3346 4531 suam
3368 4498 3460 4547 p0-

1900 4553 2119 4606 tentiam
2140 4555 2392 4618 referant,
2416 4558 2467 4610 in
2485 4560 2682 4627 illoque
2700 4562 3021 4628 glorientur.
3044 4582 3104 4619 ac
3119 4573 3342 4621 omnino
3362 4588 3468 4625 non

1899 4655 2161 4713 quantum
2195 4650 2292 4714 ipsi
2330 4653 2508 4703 valent
2546 4663 2638 4703 aut
2664 4668 2760 4720 par
2794 4666 2876 4708 est
2909 4656 3156 4712 homines
3189 4678 3298 4715 susc
3321 4664 3471 4732 ipere

1895 4739 2175 4804 gaudium,
2221 4741 2313 4792 sed
2340 4746 2804 4807 supter-naturalmn
2831 4763 2892 4800 ac
2927 4748 3163 4804 divinam
3201 4754 3467 4823 colligunt.

1887 4833 2299 4896 jucunditatcm.
2324 4833 2377 4884 Si
2413 4837 2535 4901 quis
2569 4852 2726 4902 porro
2750 4838 2970 4892 domum
3004 4857 3100 4908 pro
3132 4844 3313 4909 domo,
3345 4849 3461 4914 pul-

1890 4923 2159 4975 chriorem
2207 4939 2305 4991 p.o
2372 4927 2578 4988 \iliore,
2643 4941 3023 4995 rommutaret,
3067 4935 3462 4999 jucunditatem

1890 5012 2051 5063 etiam
2092 5013 2413 5081 anticiparct
2451 5032 2546 5082 pro
2574 5016 2936 5084 jurunditate,
2959 5022 3101 5076 illius
3137 5026 3273 5082 luco.
3301 5045 3462 5093 quam

1889 5106 2167 5172 carpebat,
2186 5108 2415 5173 priorem
2446 5109 2664 5161 domum
2686 5126 2982 5187 occupans,
3006 5115 3143 5167 hanc
3165 5132 3323 5186 quam
3345 5137 3470 5174 sen-

1891 5197 1995 5249 tire
2020 5199 2312 5252 verisimile
2333 5211 2412 5252 est
2437 5204 2732 5266 posteriore
2759 5205 3042 5262 fruentem.
3069 5210 3280 5264 Pariter
3300 5216 3462 5266 etiam

1892 5289 1935 5339 si
1957 5292 2186 5354 quadam
2217 5292 2614 5346 machinatione
2649 5298 2929 5361 pulchrius
2950 5301 3214 5354 obtineret
3242 5318 3466 5375 corpus,

1891 5395 2130 5447 pra=sens
2160 5385 2430 5440 exuendo,
2466 5399 2662 5436 novum
2691 5402 2903 5456 quoque
2928 5404 3092 5457 super
3116 5393 3215 5445 hoc
3241 5396 3465 5461 partici-

1891 5481 2043 5536 paret
2060 5472 2335 5538 gattiliuut,
2355 5485 2612 5543 tantoque
2635 5480 2804 5545 magis
2827 5482 3100 5546 gauderet.
3123 5493 3327 5546 quanto
3353 5503 3468 5538 tlte-

1891 5563 2026 5615 Iiore
2047 5578 2271 5631 corpore.
2295 5566 2580 5620 frueretur.
2602 5572 2734 5620 (Lum
2760 5572 2920 5639 igitur
2939 5589 3043 5624 non
3073 5578 3244 5627 solum
3265 5591 3464 5641 corpus

1891 5664 1944 5707 et
1987 5656 2234 5718 domum,
2277 5660 2369 5710 sed
2404 5673 2640 5725 serpsum
2677 5661 3004 5727 abjiriendo,
3039 5661 3204 5718 Deum
3235 5668 3460 5736 recepit,

1889 5755 1944 5798 et
1971 5748 2056 5799 hic
2083 5747 2184 5815 ipsi
2216 5748 2270 5799 in
2302 5754 2570 5818 corporis.
2602 5753 2818 5816 animae,
2853 5751 3226 5822 familiarium,
3253 5761 3466 5813 amico-

1894 5856 2013 5894 rum
2055 5844 2410 5912 omniumque
2442 5848 2618 5900 incum
2655 5846 2763 5899 sui)"
2793 5859 2911 5903 rtus
2939 5861 3041 5911 est,
3082 5851 3320 5906 laetitiam
3371 5868 3471 5908 ne-

3066 5966 3141 6023 23
