4262 6460
281 393 392 458 721

1305 406 1402 464 DE
1440 406 1614 465 Vl'l‘A
1655 405 1730 462 ΙΝ
1771 404 2102 464 CllRlSTt)
2143 405 2279 464 LIB.
2331 404 2460 464 \"ll.

3419 396 3528 460 722

285 524 377 566 τες
399 523 411 536 ·
446 508 519 568 ὡς
548 509 592 561 δ’
623 509 830 564 ἔνεστιν
855 514 1153 583 ὁλοσχερῶς
1186 517 1381 580 εἱπῐῖνν
1414 517 1521 569 τῶν
1543 517 1701 569 θείων
1723 520 1848 583 ἀμ’
1881 547 1890 572 λ

1896 515 2213 572 \neraliter
2267 514 2373 567 dici
2421 523 2615 581 potest.
2645 511 2953 565 divinorum
3011 511 3276 564 bonorum
3305 525 3529 578 pereep-
3584 499 3592 506 ’

287 599 400 651 θῶν
427 601 680 668 αἴσθησιν
711 605 937 668 ὲνιείσα,
975 610 1065 660 καὶ
1103 608 1180 674 τῷ
1219 609 1408 676 γεῦσαι
1443 610 1691 678 μεγάλων
1727 611 1853 675 περὶ

288 689 556 758 μειζόνων
603 693 916 758 ὲλπέξιιυσα,
969 700 1062 749 καὶ
1105 699 1329 767 βεϐαίαν
1369 703 1638 752 ὲντιθεῖσα
1676 701 1856 752 πίστιν

286 781 399 832 ἀπὸ
425 782 534 834 τῶν
561 785 660 852 ἤδη
691 787 977 854 παρόντων
1006 791 1134 853 περὶ
1166 793 1270 844 τῶν
1300 794 1469 861 μήπω
1497 794 1854 861 φαινομένων.

285 870 367 922 Τά
400 871 454 922 δὲ
495 873 623 942 παρ’
649 875 804 942 ἡμῶν
839 877 898 929 τὸ
930 879 1193 932 διασῶσαι
1242 884 1338 948 τὴν
1379 883 1601 951 ἀγάπην
1626 897 1639 913 ⁸
1666 883 1725 935 οὑ
1751 885 1858 952 γάρ

284 963 450 1029 ἀρκεῖ
478 966 536 1016 τὸ
565 965 792 1034 φιλῆσαι
831 970 990 1037 μόνον
1015 973 1106 1023 καὶ
1134 973 1386 1038 δέξασθαι
1410 975 1471 1026 τὸ
1502 975 1692 1037 πάθος,
1724 976 1858 1027 ἀλλά

285 1049 367 1100 δεῖ
393 1053 486 1102 καὶ
521 1056 855 1122 συντηρῆσαι
881 1062 970 1110 καὶ
994 1059 1070 1127 τῷ
1100 1062 1229 1129 πυρὶ
1258 1064 1573 1130 προσθεῖναι
1603 1070 1698 1132 τὴν
1731 1065 1860 1132 ὕλην

284 1140 426 1226 ὥστε
444 1148 935 1212 κατασχεῖνδτοῦτο
952 1151 1059 1220 γάρ
1077 1153 1190 1204 ἐστι
1213 1155 1269 1205 τὸ
1286 1157 1465 1222 μένειν
1485 1159 1540 1207 ὲν
1562 1159 1625 1225 τῇ
1647 1158 1856 1226 ἀγάπῃ,

285 1232 345 1282 ὲν
369 1224 413 1298 ᾧ
434 1235 579 1286 πᾶσα
612 1239 967 1304 μακαριότης,
998 1243 1058 1293 τὸ
1083 1244 1261 1310 μένειν
1287 1245 1465 1313 μὲνεὲν
1494 1247 1568 1314 τῷ
1592 1224 1729 1316 Θεῷ,
1760 1224 1859 1315 με-

285 1339 448 1375 νοντα
482 1324 536 1376 δὲ
572 1325 716 1394 ἔχειν
750 1330 912 1382 αὐτόν
939 1347 952 1360 ’
991 1350 1008 1380 ι
1033 1332 1091 1384 '0
1117 1335 1226 1402 γὰρ
1258 1336 1457 1402 μένων,
1487 1339 1671 1405 φησὶν.
1706 1342 1762 1391 ὲν
1796 1345 1857 1411 τῇ

286 1412 484 1483 ἀγάπῃ
546 1416 600 1465 ὲν
639 1415 717 1484 τῷ
770 1417 888 1486 Θεῷ
943 1421 1090 1487 μένει
1126 1425 1217 1475 καὶ
1279 1427 1306 1477 ὁ
1349 1425 1480 1485 Θεὸς
1517 1429 1574 1478 ὲν
1632 1431 1854 1498 αὑτῷῖοι

284 1505 448 1556 τοῦτο
484 1507 540 1559 δὲ
573 1509 810 1574 γίνεται,
856 1512 950 1564 καὶ
985 1519 1297 1582 πεπηγυῖαν
1337 1521 1392 1570 ἐν
1430 1523 1496 1587 τῇ
1533 1521 1727 1594 γνώμῃ
1766 1524 1861 1593 τὴν

286 1601 517 1668 ἀγάπην
545 1601 776 1669 ἔχομεν,
795 1606 1013 1660 ἐπειδάν
1043 1608 1132 1660 διά
1157 1609 1258 1662 τῶν
1285 1613 1513 1664 ἐντολῶν
1537 1615 1862 1682 ἀφικώμεθα

286 1691 382 1743 καὶ
413 1694 539 1754 τοὺς
565 1694 658 1746 τοῦ
686 1696 1014 1764 φιλουμένου
1046 1701 1312 1768 σώσωμεν
1343 1706 1560 1772 νόμους.
1605 1709 1739 1758 Ἀπὸ
1765 1708 1862 1774 μὲν

289 1783 401 1849 γὰρ
438 1785 547 1836 τῶν
583 1787 878 1852 ἐνεργειῶν
907 1792 939 1859 ή
971 1790 1116 1860 ψυχὴ
1158 1794 1457 1848 διατίθεται
1490 1800 1624 1866 πρὸς
1659 1798 1862 1867 ταύτην

285 1871 319 1940 ἢ
357 1874 585 1953 εκείνην⁸
606 1877 704 1945 τὴν
729 1877 864 1941 ἕξιν,
900 1881 1047 1944 ὅπως
1078 1883 1144 1936 ἄν
1178 1884 1375 1953 ἔχωσιν
1400 1892 1606 1942 ἐκεῖναι
1634 1892 1866 1960 χρηστό-

284 1977 452 2027 τητος
493 1963 526 2032 ἢ
571 1966 862 2036 πονηρίας,
920 1970 1042 2021 ἐπεὶ
1095 1974 1189 2026 καὶ
1237 1974 1346 2026 τῶν
1398 1977 1602 2045 τεχνῶν
1651 1977 1865 2040 ὲκείνας

286 2053 552 2122 κτώμεθα
597 2062 694 2109 καὶ
748 2061 1111 2130 μανθάνομεν,
1173 2058 1246 2117 ὧν
1299 2067 1363 2118 ἂν
1415 2070 1533 2127 ταῖς
1568 2068 1868 2137 ἐνεργείαις

287 2147 727 2216 συνεθισθῶμεν.
794 2153 857 2204 0i
907 2153 961 2206 δὲ
1013 2156 1106 2208 τοῦ
1161 2157 1295 2208 Θεοῦ
1360 2160 1514 2228 νόμοι
1572 2165 1700 2231 περὶ
1759 2164 1868 2216 τῶν

288 2239 597 2307 ινεργειῶν
651 2242 896 2310 κείμενοι
948 2245 1056 2297 τῶν
1107 2246 1462 2316 ἀνθρωπίνων
1516 2251 1612 2303 καὶ
1666 2253 1868 2316 ταύτας

288 2331 573 2398 ἐρίζοντες
620 2338 716 2387 κει)⁸
777 2337 914 2406 πρὸς
973 2339 1182 2392 ἐκεῖνον
1237 2343 1524 2405 τάττοντες
1560 2344 1722 2414 μόνον
1773 2345 1870 2412 τὴν

285 2423 586 2477 ἀκόλουθον
621 2428 733 2486 τοῖς
762 2429 1122 2499 κατορθοῦσιν
1151 2433 1208 2483 ἐν
1222 2433 1466 2487 τιθέασιν
1496 2435 1629 2499 ἕξιν,
1671 2439 1782 2491 ἔστι
1811 2443 1871 2492 τὸ

290 2515 584 2583 βούλεσθαι
612 2518 681 2569 τὰ
706 2518 967 2572 δοκοῦντα
994 2521 1070 2591 τῷ
1095 2525 1355 2595 νομοθέτῃ
1384 2528 1477 2578 καὶ
1515 2530 1662 2598 μένῳ
1694 2532 1871 2584 πᾶσαν

288 2608 622 2662 ὑποτάττειν
639 2610 738 2680 τὴν
756 2613 981 2681 γνώμην
999 2616 1093 2667 καὶ
1113 2616 1250 2683 πλὴν
1269 2617 1479 2671 ἐκείνου
1499 2619 1675 2671 θέλειν
1696 2623 1870 2684 οὐδὲν,

291 2701 436 2770 ὅπερ
457 2701 573 2752 ἐστὶ
600 2704 761 2770 μόνον
781 2705 1024 2774 ἀκριϐῶς
1045 2707 1240 2760 ειδέναι
1262 2708 1434 2776 φιλεῖν
1453 2727 1467 2743 ·
1488 2712 1582 2762 καὶ
1610 2713 1694 2764 διὰ
1719 2713 1874 2766 τοῦτό

289 2811 462 2861 φησιν
510 2798 538 2848 ὁ
581 2797 810 2866 Σωτήρ·
862 2801 1017 2852 «Ἐὰν
1060 2800 1156 2864 τὰς
1189 2802 1409 2858 ἐντολάς
1441 2823 1541 2872 μου
1576 2808 1875 2877 τηρήσητε,

291 2888 509 2954 μενεῖτε
543 2889 600 2938 ὲν
631 2891 692 2958 τῇ
731 2891 920 2961 ἀγάπῃ
955 2909 1076 2960 μου.
1119 2913 1137 2943 ι
1171 2895 1389 2966 Ταύτης
1425 2898 1480 2950 δὲ
1510 2899 1609 2966 τῆς
1652 2900 1876 2970 ἀγάπης

285 2975 458 3043 ἔργον
491 2978 522 3044 ἠ
560 2979 808 3046 μακαρία
845 2981 980 3050 ζωήο
1037 2983 1136 3051 τὴν
1158 2987 1267 3054 γάρ
1298 2987 1514 3056 θέλησιν
1546 2992 1878 3059 πανταχόθεν

290 3067 606 3132 συνάγουσα
640 3071 734 3121 καὶ
781 3071 892 3124 τῶν
945 3073 1121 3128 ἄλλων
1178 3079 1466 3145 ἀπάγουσα
1514 3082 1731 3135 πάντων
1788 3085 1880 3136 καὶ

285 3159 463 3211 auro:
498 3161 592 3212 τοῦ
629 3161 874 3227 θέλοντος
903 3166 978 3234 τῷ
1010 3169 1230 3236 Χριστῷ
1275 3171 1556 3241 συνίστησι
1614 3175 1781 3243 μόνῳ·
1811 3180 1874 3245 τῇ

289 3250 515 3320 θελήσει
548 3252 605 3305 δὲ
649 3255 717 3306 τά
754 3257 998 3326 ἡμέτερα
1060 3262 1240 3314 πάντα
1269 3263 1553 3318 ἀκολουθεῖ
1597 3269 1691 3320 καὶ
1751 3269 1873 3321 ὅποι

288 3346 452 3414 φέρει
511 3347 774 3415 χωροῦσι.
813 3352 907 3402 καὶ
965 3351 1215 3420 σώματος
1265 3355 1409 3425 ὁρμὴ
1452 3358 1546 3410 καὶ
1604 3357 1872 3428 λογισμοῦ

289 3433 513 3501 κίνησις
545 3436 659 3488 καῖ’
691 3437 841 3490 πᾶσα
880 3440 1080 3508 πρᾶξις
1116 3444 1206 3493 καὶ
1248 3446 1356 3496 πᾶν
1386 3446 1566 3498 ὁτιοῦν
1594 3448 1877 3515 ἀνθρώπι-

289 3541 406 3577 νον·
444 3527 540 3578 καὶ
571 3526 763 3597 ὄλωςή
803 3528 1026 3600 θέλησις
1060 3533 1119 3584 τὸ
1160 3534 1451 3604 καθ’ήμᾶς
1486 3538 1608 3604 ἀγει
1665 3543 1756 3593 καὶ
1783 3544 1878 3608 φέ-

293 3633 404 3685 ρει,
450 3617 552 3669 κᾶν
578 3619 764 3690 ἐκείνη
789 3624 1097 3693 κατασχεθῇ
1128 3642 1250 3688 που,
1299 3629 1476 3680 πάντα
1523 3631 1880 3687 ἐκεί.ιδὲδεται

293 3706 394 3757 καὶ
422 3706 632 3776 ταύτης
672 3713 961 3778 κρατήσας
995 3714 1287 3785 ὁλόκληρον
1319 3717 1542 3786 ἔχειτὸν
1587 3721 1728 3777 νοῦν.
1781 3725 1883 3777 Οὑ-

292 3797 431 3849 κοῦν
461 3793 542 3861 οἷς
606 3802 868 3874 ἡγνώμη
922 3805 1014 3858 τοῦ
1079 3808 1319 3876 Χριστοῦ
1363 3815 1483 3864 κατ’
1514 3814 1687 3885 ἄκρας
1739 3818 1884 3871 ἑάλω

293 3891 392 3942 καὶ
419 3892 571 3961 μόνῳ
603 3895 955 3963 πρόσκειται,
985 3899 1080 3951 καὶ
1115 3901 1296 3954 πάντα
1326 3903 1426 3955 ὅσα
1461 3905 1744 3972 βούλονται
1791 3911 1884 3962 καὶ

293 3973 373 4034 ὧν
412 3983 584 4051 ὲρῶσι
646 3987 742 4039 καὶ
786 3987 822 4040 ἃ
856 3987 1133 4056 ζητοῦσιν,
1189 3995 1400 4058 ἐκεῖνός
1467 3998 1606 4062 ἐστι,
1670 4000 1883 4064 τούτοις

294 4074 422 4126 ὂλον
455 4075 518 4127 τὸ
551 4072 692 4129 εἶναι
758 4080 852 4133 καὶ
888 4083 918 4148 ἠ
948 4081 1062 4152 ζωὴ
1114 4086 1244 4155 παρ’
1277 4087 1447 4155 αὐτῷ,
1505 4090 1626 4141 ἐπεὶ
1657 4091 1751 4143 καὶ
1787 4091 1884 4162 τὴν

297 4163 524 4232 θέλησιν
563 4167 736 4236 αὐτὴν
766 4169 866 4221 οὐκ
908 4170 1022 4223 ἐστι
1075 4172 1177 4242 ζῇν.
1207 4176 1297 4226 καὶ
1353 4178 1575 4247 ἐνεργὸν
1615 4175 1754 4234 εἶναι
1809 4183 1884 4251 μὴ

300 4258 361 4309 ὲν
391 4257 470 4326 τῷ
500 4259 722 4329 Χριστῷ
760 4261 1052 4328 μένουσαν,
1102 4266 1183 4318 ὅτι
1224 4269 1332 4320 πᾶν
1358 4269 1562 4336 ἀγαθὸν
1593 4272 1728 4335 ἐκεῖ,
1789 4291 1888 4325 κα-

299 4351 485 4422 θάπερ
524 4354 801 4422 ὀφθαλμὸς
829 4358 898 4411 τά
929 4359 1094 4412 αὑτοῦ
1126 4364 1300 4414 ποιεῖν
1329 4362 1427 4414 οὐκ
1461 4363 1528 4417 ἂν
1564 4367 1662 4436 ἔχῃ
1703 4366 1776 4435 μὴ
1810 4367 1887 4435 τῷ

299 4448 446 4516 φωτὶ
481 4447 791 4515 χρώμενος.
838 4449 1069 4520 Ἐκείνῳ
1116 4469 1178 4504 τε
1227 4454 1337 4524 γὰρ
1373 4456 1536 4524 μόνον
1591 4457 1886 4527 ἐργάζεται

1962 608 2163 658 tionem
2222 597 2476 667 inlundit,
2536 617 2850 670 magnorum
2894 610 3048 667 gustu
3086 601 3152 654 de
3212 600 3529 654 melioiilnis

1962 710 2111 764 spem
2170 697 2393 754 excitat,
2437 704 2485 747 et
2518 710 2547 747 a
2583 693 2694 761 jam
2751 692 3110 761 praisentibus
3164 691 3229 743 de
3287 692 3525 743 nondum

1959 787 2342 857 apparentibus
2364 787 2568 840 lirmam
2597 784 2752 838 ﬁdem
2774 785 2926 837 indit.
2953 782 3238 835 l‘euesnos
3252 793 3428 835 autem
3447 790 3528 836 est

1961 892 2180 931 scrvare
2209 877 2549 931 charitatem.
2588 875 2706 928 Non
2733 874 2876 927 enim
2906 873 3168 926 dilexisse
3197 873 3530 940 passionem-

1961 985 2063 1038 que
2093 969 2363 1036 recepisse
2394 966 2610 1028 sume-it,
2653 969 2745 1019 sed
2777 975 2988 1033 oportet
3013 967 3172 1017 etiam
3206 978 3531 1017 conservare

1964 1061 2354 1128 materiamque
2384 1060 2489 1128 igni
2525 1060 2762 1127 przebere
2805 1071 2859 1112 ut
2893 1061 3212 1112 retineatur.
3246 1057 3357 1108 lloc
3384 1056 3530 1107 enim

1961 1162 2045 1207 est
2074 1168 2290 1205 mane-re
2313 1153 2364 1204 in
2393 1151 2680 1212 cliaritate,
2707 1151 2758 1203 in
2789 1166 2892 1217 qua
2917 1151 3096 1203 omnis
3119 1157 3199 1205 est
3232 1148 3530 1206 beatitudo,

1964 1260 2181 1298 manere
2218 1245 2422 1298 scilicet
2450 1245 2501 1296 in
2545 1245 2674 1304 Deo,
2709 1244 2971 1311 illumque
3005 1244 3388 1294 immanentem
3436 1239 3533 1293 ha-

1964 1338 2108 1388 here.
2159 1337 2287 1388 Nam
2321 1355 2338 1385 ι
2380 1337 2479 1401 Qui
2533 1346 2736 1389 manet.
2775 1335 2968 1402 inquit,
3025 1337 3076 1385 in
3141 1333 3429 1396 charitato,
3480 1332 3534 1382 in

1965 1428 2072 1479 Deo
2103 1435 2282 1480 manet
2303 1437 2355 1479 et
2389 1427 2528 1480 Deus
2556 1428 2608 1478 in
2648 1427 2759 1479 illo.
2803 1445 2820 1475 ι
2857 1425 2968 1478 lloc
3003 1435 3179 1477 autem
3212 1424 3288 1487 lit,
3325 1435 3374 1475 et
3408 1423 3538 1478 sali-

1964 1518 2144 1570 dalam
2175 1518 2226 1570 in
2273 1517 2553 1570 voluntate
2593 1516 2914 1569 charilateui
2965 1515 3251 1574 habemus,
3294 1528 3416 1564 cum
3444 1527 3538 1577 per

1966 1611 2216 1663 mandata
2269 1607 2619 1677 pervenimus
2668 1615 2721 1659 et
2783 1605 2959 1657 dilecti
2998 1605 3140 1673 leges
3178 1605 3537 1657 sei-\avimus.

1966 1701 2288 1756 Actionibus
2313 1700 2456 1752 enim
2483 1699 2545 1750 ad
2577 1698 2720 1749 hunc
2751 1697 2832 1748 vel
2869 1697 3033 1750 istum
3070 1695 3315 1747 habitum
3354 1684 3537 1745 anima

1966 1793 2291 1860 disponitur,
2323 1799 2481 1857 prout
2517 1790 2619 1842 illa:
2659 1789 2921 1842 bonitatis
2948 1789 3028 1839 vel
3081 1785 3300 1838 malitia:
3345 1786 3544 1837 chara-

1896 1854 1939 1912 Β
1968 1896 2168 1939 cterem
2201 1884 2421 1945 habent,
2450 1883 2719 1950 siquidem
2766 1882 2886 1933 illas
2918 1880 3256 1946 acquirimus
3289 1889 3340 1931 et
3379 1878 3545 1932 disci-

1972 1996 2092 2034 mus
2117 1987 2279 2038 artes,
2339 1980 2542 2045 quibus
2597 1992 2689 2042 per
2731 1976 2980 2028 actiones
3026 1975 3390 2026 assuevimus.
3453 1971 3541 2025 Dei

1971 2085 2098 2123 vero
2131 2071 2275 2138 leges
2304 2070 2369 2123 ad
2399 2080 2553 2123 actus
2579 2071 2846 2124 humanos
2881 2069 3172 2123 attinentes
3207 2069 3434 2136 illosque
3456 2068 3549 2120 de-

1973 2164 2241 2223 ﬁnientes.
2271 2172 2323 2214 et
2348 2163 2413 2214 ad
2441 2162 2590 2215 illum
2620 2163 2799 2215 solum
2831 2162 3172 2225 ordinantes,
3202 2176 3544 2229 consequen-

1972 2263 2077 2306 tem
2113 2254 2278 2307 rectis
2311 2254 2560 2322 injiciunl
2593 2241 3032 2322 dispositionem,
3071 2255 3213 2320 quod
3247 2255 3454 2308 scilicet
3483 2269 3542 2304 ea

1972 2361 2093 2415 qum
2147 2347 2289 2401 bona
2348 2349 2598 2401 videnlur
2659 2348 2977 2417 legislalori,
3013 2350 3183 2402 velint
3227 2349 3412 2416 illique
3444 2351 3542 2403 soli

1977 2450 2144 2493 totam
2177 2440 2503 2494 submittant
2552 2441 2916 2503 voluntatem,
2950 2456 3013 2495 ac
3059 2451 3255 2510 praeter
3286 2442 3435 2495 illum
3468 2443 3551 2495 ni-

1975 2531 2050 2585 liil
2083 2531 2215 2600 ipsis
2237 2533 2446 2602 placeat
2479 2551 2491 2585 :
2523 2532 2668 2601 quod
2707 2534 2882 2588 solum
2917 2543 2999 2586 est
3029 2535 3261 2600 perfecte
3303 2535 3443 2588 scire
3467 2537 3553 2588 di-

1973 2622 2162 2689 ligere.
2187 2619 2313 2675 Ideo
2347 2621 2596 2674 Salvator
2626 2620 2702 2673 ait
2733 2639 2745 2673 :
2787 2639 2805 2670 ι
2850 2620 2904 2673 Si
2933 2623 3182 2674 mandata
3224 2637 3338 2674 mea
3370 2633 3554 2674 serva-

1977 2713 2186 2773 veritis.
2213 2712 2505 2766 manebitis
2541 2712 2595 2764 in
2626 2712 2918 2766 dilectione
2957 2729 3096 2765 mea.
3137 2733 3154 2761 ι
3191 2713 3342 2766 Illius
3372 2723 3551 2767 autem

1979 2802 2258 2855 charitatis
2317 2792 2456 2870 opes
2514 2811 2597 2856 est
2646 2802 2804 2857 beata
2854 2803 2978 2854 vita.
3029 2802 3368 2856 Voluntatem
3405 2806 3550 2858 enim

1979 2894 2222 2961 undique
2252 2893 2586 2948 contrahcns
2618 2903 2668 2947 et
2702 2895 2770 2947 ab
2797 2896 3051 2947 omnibus
3077 2895 3200 2948 aliis
3225 2906 3281 2948 et
3314 2897 3430 2963 ipso
3464 2912 3553 2950 vo-

1982 2986 2123 3040 lente
2161 3001 2476 3054 segregans,
2504 2986 2849 3062 soliChristo
2885 2987 3179 3051 conciliat;
3215 2989 3551 3045 voluntatem

1980 3092 2110 3130 vero
2158 3087 2355 3131 cuncta
2397 3085 2583 3130 nostra
2622 3067 2951 3145 Sequuntur,
2986 3087 3039 3132 et
3074 3095 3180 3146 quo
3223 3080 3379 3139 ferat,
3413 3081 3555 3132 ince-

1985 3168 2190 3220 duntet
2211 3167 2458 3234 corporis
2491 3178 2691 3230 matus,
2715 3179 2764 3222 et
2796 3171 3026 3224 rationis
3054 3185 3271 3233 cursus,
3294 3180 3349 3226 et
3381 3175 3558 3225 omnis

1980 3269 2136 3316 actus
2195 3267 2250 3313 et
2291 3259 2436 3312 aliud
2499 3258 2776 3326 quedlibet
2830 3265 3164 3326 humanum;
3222 3272 3275 3316 et
3330 3277 3559 3331 prorsus

1985 3351 2236 3403 voluntas
2271 3352 2414 3419 quod
2449 3351 2514 3404 ad
2551 3366 2652 3405 nos
2680 3354 2874 3406 attinet
2906 3355 3016 3420 agit
3043 3364 3096 3407 et
3125 3356 3281 3421 gerit,
3314 3365 3362 3409 et
3387 3357 3430 3409 si
3463 3359 3558 3409 illa

1981 3444 2300 3505 retineatur,
2333 3444 2515 3495 omnia
2573 3459 2707 3495 nexa
2750 3446 3080 3505 consistunt,
3111 3455 3163 3499 et
3199 3446 3286 3498 illa
3329 3447 3554 3515 potitus,

1981 3544 2148 3590 totam
2186 3535 2349 3588 habet
2375 3543 2632 3612 mentem.
2668 3533 2882 3599 Quibus
2928 3536 3094 3602 igitur
3125 3538 3379 3592 voluntas
3403 3553 3560 3604 pror-

1982 3643 2076 3681 sus
2096 3643 2278 3680 amore
2299 3628 2502 3680 Christi
2528 3630 2796 3681 detinetur
2823 3642 2875 3683 et
2899 3631 3025 3682 huic
3056 3631 3154 3682 soli
3187 3630 3550 3689 submittitur.

1981 3732 2323 3787 quaecunque
2369 3721 2580 3782 Volunt,
2610 3719 2847 3786 diligunt
2893 3735 2956 3774 ac
3007 3730 3279 3789 quasi-unt,
3321 3721 3407 3774 ille.
3437 3734 3558 3783 est;

1986 3814 2096 3870 illis
2135 3823 2307 3866 totum
2341 3821 2425 3868 est
2468 3828 2587 3868 esse
2623 3815 2841 3882 vitaque
2876 3814 2926 3866 in
2967 3815 3105 3882 ipso,
3140 3816 3409 3883 siquidem
3445 3815 3565 3882 ipsa

1987 3906 2238 3958 voluntas
2271 3920 2378 3958 non
2411 3917 2496 3959 est
2523 3905 2705 3957 vivere
2734 3916 2785 3956 et
2818 3905 2926 3956 vini
2965 3905 3189 3965 habere.
3219 3905 3320 3959 nisi
3347 3917 3561 3957 maneat

1987 3997 2040 4050 in
2092 3996 2334 4057 Christo,
2382 3990 2525 4063 quod
2582 3995 2656 4048 ibi
2694 4003 2802 4048 stat
2841 4010 3005 4048 omne
3034 3996 3262 4058 bonum,
3299 3997 3561 4065 quemadr

1990 4092 2206 4146 modum
2241 4093 2433 4147 oculus
2475 4107 2575 4146 nec
2627 4107 2756 4146 snas
2794 4091 3083 4148 facultates
3123 4109 3383 4147 exercere
3442 4096 3560 4146 sine

1989 4184 2190 4236 lumine
2231 4191 2429 4253 potest.
2492 4181 2630 4236 llnic
2679 4187 2822 4234 enim
2858 4183 3031 4235 solum
3067 4182 3250 4236 lumen
3293 4183 3558 4238 visionem

1987 4281 2265 4340 Operatur',
2285 4280 2337 4324 et
2369 4271 2620 4324 voluntas
2652 4287 2760 4323 non
2794 4272 2936 4324 valet
2965 4285 3127 4339 agere
3155 4273 3258 4328 nisi
3295 4274 3347 4326 in
3381 4275 3557 4328 solum

1990 4363 2215 4416 bonum.
2255 4361 2411 4416 Unde
2434 4377 2558 4415 cum
2595 4360 2682 4414 ille
2707 4361 2776 4413 sit
2801 4362 3044 4415 omnium
3073 4363 3341 4416 bonorum
3374 4365 3559 4420 distri-

1993 4459 2176 4516 butor,
2202 4452 2246 4507 si
2285 4461 2452 4505 totam
2485 4451 2539 4505 in
2567 4453 2684 4520 ipso
2715 4467 2829 4505 non
2855 4454 3176 4534 reponimus
3198 4455 3555 4520 voluntatem,

297 4538 400 4604 τὴν
425 4539 550 4608 θψιν
574 4539 636 4591 τὸ
671 4541 867 4609 (peiuri:
890 4560 948 4600 τε
977 4543 1196 4614 θέλησις
1222 4548 1358 4616 πρὸς
1423 4548 1450 4600 ὃ
1475 4549 1700 4602 δύναται
1729 4553 1882 4618 ἐνερ-

1917 4548 1958 4604 D
1988 4546 2080 4602 sed
2115 4545 2316 4614 aliquid
2341 4544 2642 4598 voluntatis
2665 4553 2817 4598 extra
2840 4545 3157 4599 thesaurum
3186 4547 3349 4599 istum
3376 4550 3558 4611 cadat,

299 4632 446 4698 γεῖν,
491 4631 652 4699 μόνον
681 4633 826 4700 ἐστὶ
859 4635 1118 4700 τάγαθόνο
1155 4636 1276 4690 ὅθεν
1339 4641 1462 4693 ἐπεὶ
1521 4644 1726 4712 ταμίας
1775 4645 1882 4698 τών

297 4720 525 4788 ἀγαθῶν
555 4723 814 4776 ἁπάντων
846 4724 1078 4792 ἐκεῖνος,
1108 4727 1156 4779 ει
1193 4731 1268 4798 μὴ
1301 4732 1486 4784 πᾶσαν
1516 4734 1615 4802 τὴν
1659 4735 1886 4804 γνώμην

297 4816 360 4867 ἐν
407 4815 558 4883 αὐτῷ
588 4818 850 4887 φέροντες
877 4818 1138 4890 θήσομεν,
1205 4822 1341 4876 ἀλλά
1395 4842 1445 4876 τι
1475 4825 1575 4893 τῆς
1609 4825 1886 4896 θελήσεως

297 4905 408 4969 [Ere
437 4905 534 4958 τοῦ
568 4907 852 4977 θησαυροῦ
876 4910 1067 4966 τούτου
1098 4915 1274 4980 πέσοι,
1319 4917 1492 4985 ἀργόν
1527 4917 1643 4970 ἐστι
1669 4919 1764 4970 καὶ
1805 4934 1888 4969 νε-

298 4999 453 5068 κρόν.
481 5018 500 5049 ι
526 4999 654 5053 Ὲάν
675 5002 750 5070 μή
772 5019 857 5064 τις
873 5001 1033 5074 μείνῃ
1050 5006 1180 5073 γὰρ.
1220 5007 1410 5076 φησὶν,
1444 5010 1500 5057 ἐν
1517 5007 1662 5075 ἐμοὶ,
1684 5008 1885 5078 ἐϐλήθη

298 5095 409 5160 ἔξω
436 5093 512 5156 ὡς
539 5094 600 5146 τὸ
657 5096 845 5164 κλῆμα
879 5098 973 5148 καὶ
1028 5097 1328 5167 ἐξηράνθη,
1400 5100 1496 5149 καὶ
1552 5098 1887 5163 συνάγουσιν

299 5183 447 5237 αὑτά
481 5185 574 5235 καὶ
599 5184 679 5246 είς
722 5186 783 5236 τὸ
809 5184 918 5254 πῦρ
965 5185 1220 5254 βάλλουσι
1275 5188 1371 5238 καὶ
1406 5187 1645 5238 καίεταιο
1677 5205 1694 5237 i
1745 5190 1793 5239 εί
1831 5186 1889 5239 δὲ

300 5279 397 5329 καὶ
422 5276 515 5327 τὸν
551 5277 784 5346 Χριστὸν
821 5277 1164 5346 μιμήσασθαι
1213 5280 1306 5330 καὶ
1337 5277 1436 5348 ζῇν
1501 5278 1625 5330 κατ’
1655 5279 1887 5341 ἐκεῖνον,

297 5372 361 5423 ἐν
402 5369 631 5440 Χριστῷ
666 5369 767 5440 ζῇν
791 5371 930 5436 ἐστι,
970 5373 1064 5424 καὶ
1101 5370 1260 5423 τοῦτο
1314 5371 1412 5438 τῆς
1446 5369 1672 5438 γνώμης
1705 5370 1888 5438 ἔργον,

297 5465 434 5515 ὅταν
473 5463 589 5523 τοῖς
618 5461 710 5513 τοῦ
733 5461 872 5513 Θεοῦ
905 5461 1238 5532 βουλήμασιν
1263 5460 1570 5530 ὑπακούσῃ.
1612 5459 1884 5530 Καθάπερ

297 5558 516 5616 ἐκεῖνος
551 5554 660 5607 τῶν
684 5554 884 5607 ἑαυτοῦ
917 5554 1193 5622 θελήσεων
1228 5553 1465 5617 ὑπέταξε
1533 5556 1597 5622 τῇ
1640 5553 1762 5623 θείᾳ
1791 5556 1891 5621 τὴν

300 5649 691 5719 ἀνθρωπίνην,
725 5648 824 5702 καὶ
873 5648 960 5700 ἶνα
990 5646 1150 5700 τοῦτο
1203 5647 1415 5713 διδάξαι
1464 5649 1560 5700 καὶ
1598 5647 1693 5716 τῆς
1726 5645 1890 5716 ὀρθῆς

280 5727 458 5812 ’ζώης
494 5739 850 5809 παράδειγμα
921 5742 1053 5810 ἡμῖν
1086 5740 1411 5804 καταλίποι,
1459 5740 1553 5792 τὸν
1583 5739 1723 5809 ὑπὲρ
1797 5740 1890 5793 τοῦ

306 5836 523 5904 κόσμου
555 5833 812 5900 θάνατον,
841 5833 929 5886 ὅτε
966 5833 1064 5905 μὲν
1087 5832 1376 5888 ἀποθανεῖν
1396 5832 1634 5903 ἐδέησεν,
1656 5831 1715 5883 οὐ
1749 5847 1864 5902 παρ

1992 4639 2154 4689 inane
2186 4644 2239 4688 et
2269 4642 2545 4687 mortuum
2579 4646 2681 4688 est.
2724 4649 2742 4682 ι
2790 4632 2944 4695 Nam,
2979 4633 3179 4702 inquit,
3219 4636 3470 4706 nisiquis
3506 4640 3563 4690 in

1990 4742 2075 4780 me
2098 4729 2380 4787 manserit,
2406 4726 2639 4779 mittitur
2666 4725 2812 4778 foras
2833 4724 2974 4778 sicut
3003 4727 3230 4793 palmes,
3258 4738 3310 4780 et
3329 4730 3559 4789 arescit;

1989 4826 2039 4872 et
2074 4817 2336 4886 colligunt
2367 4832 2513 4879 eum,
2550 4825 2603 4869 et
2635 4816 2687 4869 in
2730 4817 2906 4884 ignem
2937 4819 3180 4882 mittunt,
3211 4829 3264 4872 et
3287 4821 3560 4872 eomburh

1990 4916 2100 4963 tur.
2139 4926 2158 4959 ι
2207 4909 2272 4961 Si.
2305 4923 2432 4962 vero
2471 4923 2687 4977 quoque
2709 4907 2984 4961 Christum
3035 4909 3236 4962 imitari
3270 4912 3561 4978 vivereque

1993 4999 2288 5054 secundum
2338 4999 2516 5060 illum,
2555 5000 2606 5051 in
2644 4996 2863 5051 Christo
2897 4998 3078 5051 vivere
3120 5008 3225 5063 est,
3261 5001 3364 5053 hoc
3395 5005 3563 5056 etiam

1991 5104 2076 5145 est
2105 5107 2241 5160 opus
2272 5092 2590 5152 voluntatis,
2625 5091 2844 5158 quando
2887 5088 2986 5142 Dei
3034 5091 3308 5145 mandatis
3358 5095 3562 5146 ohedit.

1993 5183 2464 5249 Quemadmodum
2540 5182 2630 5234 ille
2689 5197 2914 5234 suarum
2973 5182 3314 5236 voluntatum
3365 5184 3562 5238 divina

1995 5273 2228 5341 subjecit
2251 5274 2566 5337 humanam,
2597 5282 2766 5340 utque
2814 5272 2970 5327 nobis
3013 5272 3118 5326 hoc
3175 5276 3485 5329 ostenderet
3513 5286 3564 5328 et

1995 5375 2156 5421 rectm
2220 5365 2346 5419 vita:
2400 5365 2681 5433 exemplar
2742 5365 3102 5435 relinqueret,
3164 5377 3394 5420 mortem
3467 5381 3564 5434 pro

1995 5457 2220 5520 mundo.
2243 5473 2366 5512 cum
2387 5458 2631 5527 oportuit
2651 5460 2809 5517 mori,
2838 5474 2944 5511 non
2970 5459 3182 5523 abnuit;
3238 5460 3562 5527 priusquam

1995 5560 2176 5604 autem
2211 5553 2449 5604 venisset
2476 5559 2714 5618 tempus,
2759 5549 3080 5615 deprecatus
3121 5558 3226 5611 est,
3271 5548 3567 5602 ostendens

1995 5647 2137 5714 quod
2191 5660 2298 5698 non
2331 5633 2652 5710 sibimetipsi
2687 5643 2922 5710 placeret
2962 5644 3014 5695 in
3050 5641 3412 5710 passionibus,
3446 5643 3568 5706 sed,

1998 5747 2056 5791 ut
2099 5738 2172 5790 ait
2206 5737 2423 5798 Paulus,
2457 5735 2716 5789 obedicns
2773 5736 2948 5788 lactus
3006 5734 3071 5786 ad
3117 5748 3334 5786 crucem
3390 5745 3558 5798 venit,

1998 5831 2154 5900 quasi
2191 5845 2294 5884 non
2330 5844 2491 5885 uuam
2535 5829 2887 5894 voluntatem,
2910 5835 3001 5881 aut
3031 5841 3095 5881 cx
3124 5827 3330 5883 duabus
3369 5839 3562 5896 unam,
