4262 6460
2004 398 2312 457 NlCOLAl
2339 397 2722 459 CABASILE

759 548 3958 570 WWWW—d

1228 703 2086 841 ΝΙΚΟΛΑΟΥ
2216 713 2562 845 ΤΟΥ
2679 706 3513 843 ΚΑΒΑΣΙΛΑ

2180 950 2547 1037 ΛΟΓΟΣ

1581 1136 1999 1249 ΚΑΤΑ
2069 1139 3121 1258 ΤΟΚΙΖΟΝΤΩΝ.

1418 1531 2193 1689 NICOLAI
2320 1450 3298 1695 CABASILAZ

2152 1819 2551 1913 SERMO

1483 2039 2062 2154 CONTRA
2156 2041 3221 2160 FENEBATORES.

743 2416 913 2463 amre
942 2413 1110 2482 edidit
1148 2416 1296 2482 David
1330 2413 1645 2482 limisehclius
1674 2416 1801 2482 Λιιιξἶ
1844 2415 2042 2465 Vindel.
2074 2417 2186 2482 1595
2222 2418 2281 2467 t°.
2319 2420 2406 2482 sed
2443 2422 2604 2468 minus
2629 2419 2868 2482 integre;
2908 2420 3102 2477 eadem,
3131 2425 3185 2467 nt
3214 2423 3368 2474 aiunt,
3403 2418 3598 2479 integra
3662 2422 3843 2482 prodiit
3886 2420 3979 2468 Sa-

806 2472 972 2523 moseii
1003 2475 1132 2541 ltiti},
1158 2477 1226 2534 4ο,
1251 2478 1645 2541 cuanpiphanii
1679 2476 1901 2541 oratione
1928 2482 1976 2526 in
2004 2481 2313 2541 Sepulturam
2338 2480 2521 2528 Christi
2557 2488 2641 2537 ;at
2664 2483 2710 2528 in
2736 2472 2930 2527 duobus
2953 2472 3319 2541 exemplaribus
3357 2472 3688 2530 'Samos‘r'ianze
3727 2484 3973 2532 editionis

805 2550 916 2605 φιίιτ
940 2536 1227 2595 evolvimns,
1244 2552 1346 2605 uno
1374 2536 1669 2597 Aiazarinaeo,
1696 2540 1853 2605 altero
1876 2536 2181 2605 Regiominil
2205 2543 2413 2605 amplius
2436 2536 2569 2593 inest
2589 2541 3016 2605 quam-Epiphanii
3040 2536 3212 2593 oratio.
3230 2542 3585 2594 Hozscltelianaa
3610 2550 3771 2593 tamen
3793 2545 3979 2594 editio-

804 2602 880 2646 nis
908 2600 1094 2647 lacunas
1118 2601 1449 2662 supplet'imus
1476 2616 1569 2664 ope
1600 2602 1741 2651 codd.
1769 2614 1882 2650 mss.
1914 2600 2066 2651 Paris.
2091 2602 2183 2650 970
2216 2610 2267 2650 et
2296 2603 2435 2652 1215.

815 2764 951 2815 Sunt
975 2765 1065 2832 qui
1100 2764 1240 2817 male
1264 2764 1431 2827 docti,
1460 2773 1513 2817 et
1545 2764 1729 2821 nescio
1761 2764 1959 2832 quibus
1987 2766 2297 2821 rationibus
2330 2769 2373 2825 A
2472 2765 2498 2815 Ε

2295 2804 2297 2810 .
2330 2769 2373 2825 Α
2472 2765 2609 2818 Εἰσὶ.
2645 2764 2699 2817 οἴ
2720 2781 2849 2832 φασι
2871 2764 2959 2815 τὸν
2983 2762 3306 2833 ἀναιροῦνται
3326 2764 3417 2817 τὸν
3434 2765 3589 2818 τόκον
3608 2766 3800 2833 νόμον,
3847 2763 3978 2835 μηδ’

748 2856 857 2907 nixi
897 2865 1211 2919 autument,
1247 2856 1441 2924 legem,
1471 2872 1576 2924 qua
1620 2856 1881 2911 feneratio
1934 2857 2300 2923 interdicitur,

747 2962 985 3007 servare,
1019 2948 1165 3000 nullo
1207 2949 1363 3001 modo
1396 2949 1759 3001 necessarium
1793 2964 1945 3014 esse,
1974 2965 2159 3003 verum
2189 2967 2304 3004 ser-

747 3049 930 3089 vantes
954 3053 1071 3089 eam
1115 3038 1307 3092 mereri
1344 3039 1578 3101 laudem,
1613 3039 2075 3105 transgredientes
2121 3056 2305 3107 reprc-

748 3128 1057 3180 ttensionem
1091 3143 1197 3182 non
1225 3129 1440 3181 mereri.
1466 3130 1730 3193 Primum,
1761 3131 1959 3184 nullam
1998 3132 2169 3198 legunt
2207 3148 2305 3184 an-

748 3218 1017 3285 tiquarqu
1056 3221 1123 3272 ita
1167 3220 1395 3287 positam
1427 3236 1491 3275 ac
1523 3223 1684 3273 latam
1718 3223 1922 3284 videas,
1967 3234 2022 3275 ut
2050 3240 2167 3277 eam
2209 3240 2304 3275 vo-

750 3310 983 3365 lentibus
1014 3320 1285 3377 proterere
1317 3314 1520 3365 licitum
1545 3313 1635 3373 sit,
1666 3315 1756 3367 sed
1797 3316 1973 3368 omnis
2003 3324 2307 3383 transgres-

747 3402 829 3455 sio
890 3411 941 3454 et
986 3403 1351 3458 inultedientia
1402 3406 1707 3458 mercedem
1758 3421 1909 3458 Suam
1961 3418 2304 3474 acceperunt.

748 3494 947 3547 Deinde
978 3494 1238 3548 feneratio
1272 3497 1405 3549 inter
1463 3497 1691 3549 crimina
1731 3498 1871 3553 haud
1909 3508 2305 3561 unmeraretur,

747 3601 847 3637 nec
886 3583 1191 3640 fuittrrantes
1238 3589 1451 3655 probris
1503 3589 1928 3651 incesserentur,
1979 3591 2023 3643 si
2071 3591 2175 3644 ista
2216 3605 2307 3642 ra-

748 3677 894 3732 tione
947 3678 1157 3732 lucrum
1196 3678 1377 3733 facere
1425 3681 1639 3743 liceret;
1675 3697 1935 3736 concessa
1968 3684 2110 3734 enim
2149 3694 2308 3733 nemo

744 3769 865 3835 iure
890 3769 1170 3838 vituperet.
1208 3769 1360 3823 Nunc
1393 3781 1572 3824 autem
1604 3771 1766 3824 David
1800 3773 1913 3840 ipse
1941 3772 2138 3824 factum
2172 3772 2310 3823 istuc

749 3860 803 3911 in
840 3860 1067 3913 crimine
1095 3860 1267 3929 ponit,
1297 3870 1352 3914 et
1382 3863 1434 3915 in
1466 3864 1533 3916 iis
1582 3878 1703 3931 qua:
1751 3864 1971 3917 sceleris
1999 3868 2309 3931 arguuntur

749 3961 931 4017 aperte
959 3960 1227 4006 numerat.
1252 3951 1317 4006 Et
1345 3955 1541 4021 partim
1569 3956 1808 4024 quidem,
1832 3954 1959 4008 dum
1982 3955 2306 4022 ﬂagitiosam

749 4043 1021 4096 civitatem
1061 4043 1233 4096 reddit
1278 4054 1460 4097 nutant
1508 4047 1783 4107 omnibus,
1837 4046 1887 4097 in
1927 4048 2046 4114 ejus
2077 4062 2306 4100 accusa-

752 4137 895 4184 t'nnc
926 4142 977 4183 et
1012 4133 1112 4184 hoc
1145 4148 1248 4184 nun
1285 4141 1422 4186 tacet
1458 4151 1471 4186 :
1508 4153 1526 4183 ι
1563 4132 1626 4184 Ει
1658 4136 1832 4197 labor,
1872 4135 2081 4201 inquit,
2111 4134 2163 4185 in
2193 4148 2308 4186 me-

750 4223 839 4277 tliu
872 4224 1007 4291 ejus,
1040 4233 1093 4277 et
1122 4223 1386 4292 injustitia
1413 4242 1429 4280 :
1454 4235 1506 4279 et
1536 4241 1644 4279 nnn
1675 4227 1869 4279 defecit
1896 4227 1960 4279 de
1984 4226 2174 4293 plateis
2193 4226 2310 4294 ejus

753 4330 916 4367 usura
964 4324 1017 4368 et
1063 4313 1221 4367 dolus
1275 4312 1328 4376 ίς
1372 4332 1391 4365 ι
1424 4315 1617 4382 partim
1658 4316 1788 4367 dum
1822 4330 1981 4383 super
2013 4313 2312 4367 Salvatoris

751 4406 981 4458 adventu
1021 4404 1200 4459 laetum
1239 4403 1396 4456 aﬂert
1429 4405 1714 4469 nuntium,
1768 4414 1821 4459 et
1870 4407 2088 4475 quantis
2138 4420 2310 4474 genus

751 4496 1048 4547 humanum
1083 4493 1405 4560 dignaturus
1451 4496 1523 4547 sit
1572 4496 1749 4555 bonis,
1784 4498 2001 4563 quantis
2026 4505 2312 4563 erepturus

753 4586 930 4647 malis,
962 4584 1212 4652 explicat,
1245 4600 1467 4638 usuram
1503 4582 1551 4640 et
1597 4586 1863 4640 malorum
1916 4587 2194 4640 cumulum
2229 4586 2312 4639 in-

751 4685 991 4731 sectatur
1027 4694 1039 4730 :
1080 4677 1187 4729 «Ex
1218 4691 1414 4742 usura,
1446 4677 1641 4746 inquit,
1671 4688 1724 4732 et
1753 4678 2036 4747 iniquitate
2066 4678 2315 4733 liberabit

752 4768 964 4821 animas
992 4782 1178 4820 eorum
1211 4768 1282 4820 ’.ι
1316 4766 1376 4820 Et
1403 4769 1529 4821 dum
1567 4768 1852 4837 vituperat,
1887 4770 2089 4823 etdum
2116 4768 2313 4838 iniqui-

754 4860 872 4924 ιειιί,
899 4858 1023 4913 dolo
1072 4867 1126 4912 et
1155 4858 1436 4925 injuSIitiae
1466 4874 1584 4914 eam
1618 4861 1853 4929 copulat,
1881 4862 2309 4931 magnitudinem

755 4949 978 5002 sceleris
1012 4949 1371 5007 detnonstrat.

825 5042 905 5094 Ad
946 5042 1059 5095 haec
1089 5042 1404 5106 videamus,
1440 5056 1609 5111 quare
1658 5044 1710 5096 in
1757 5054 1914 5113 gente
1962 5034 2311 5101 Hebraeorum

756 5133 890 5187 adeo
927 5147 1118 5201 magna
1157 5141 1211 5189 et
1240 5149 1268 5185 e
1317 5141 1395 5186 tot
1436 5134 1687 5188 tribubus
1744 5137 2052 5198 comtnista,
2099 5138 2153 5191 in
2208 5154 2313 5207 qua

756 5224 982 5276 multum
1019 5231 1134 5277 erat
1169 5223 1421 5277 vitiorum
1445 5264 1458 5287 ,
1495 5241 1686 5294 parum
1737 5229 2021 5295 probitatis
2043 5268 2057 5291 ,
2092 5230 2176 5284 lex
2212 5232 2313 5285 ista

755 5316 1050 5369 obtinuerit
1073 5316 1127 5368 in
1152 5330 1340 5370 omnes
1363 5321 1744 5382 communiter,
1769 5329 1820 5374 et
1847 5337 2032 5385 usura,
2063 5339 2166 5376 una
2192 5341 2314 5378 cum

2406 2856 2653 2924 ἡντινοῦν
2701 2857 2949 2924 ἀνάγκην
2997 2850 3136 2907 εἶναι
3179 2856 3506 2922 φυλάττειν·
3551 2858 3666 2909 ἀλλ’
3709 2853 3821 2911 οἷον
3864 2863 3979 2920 τοῖς

2409 2946 2638 3009 σώζουσι
2673 2948 2770 3016 μὲν
2818 2949 2875 2998 ἐν
2899 2947 3106 3015 ἐπαίνῳ
3127 2943 3288 3008 εἶναι,
3320 2948 3669 3015 ὑπερϐαίνειν
3698 2949 3752 3002 δὲ
3786 2950 3978 3017 βούλου

2411 3039 2590 3106 μένοις
2641 3038 2837 3101 ἐξεῖναι
2887 3056 2901 3070 θ
2952 3038 3133 3102 κακῶς
3165 3039 3386 3101 εἰδότες,
3420 3042 3514 3093 καὶ
3566 3041 3665 3093 οὐκ
3698 3037 3815 3094 οἶδα
3864 3044 3979 3093 τίσι

2408 3131 2675 3198 χρώμενοι
2716 3131 3016 3197 λογισμοῖς.
3068 3132 3287 3199 Πρῶτον
3351 3132 3451 3199 μὲν
3493 3132 3600 3202 γὰρ
3648 3134 3836 3187 οὐδένα
3893 3151 3979 3195 τις

2406 3220 2473 3272 ἂν
2531 3220 2630 3271 ἴδοι
2672 3221 2781 3271 τῶν
2832 3222 3079 3273 παλαιῶν
3123 3223 3304 3278 νόμων
3342 3222 3484 3274 οὕτω
3526 3223 3797 3293 κείμενον,
3837 3225 3981 3276 ὥστε

2412 3311 2613 3375 ἐξεῖναι
2643 3315 2755 3375 τοῖς
2786 3312 3130 3381 βουλομένοις
3157 3315 3371 3378 πατεῖν,
3406 3314 3543 3367 ἀλλὰ
3596 3317 3745 3367 πᾶσα
3802 3317 3985 3384 παρά-

2409 3405 2563 3465 6ασις
2606 3406 2700 3457 καὶ
2745 3406 2994 3474 παρακοὴ
3045 3406 3233 3458 ἐλαϐεν
3270 3406 3480 3459 ἔνδικον
3523 3408 3980 3476 μισθαποδοσίαν.

2414 3493 2645 3543 Ἷιῖπειτα
2704 3494 2841 3561 μετὰ
2886 3495 2994 3545 τῶν
3051 3495 3415 3565 ἐγκλημάτων
3467 3498 3567 3549 οὐκ
3622 3497 3689 3547 ἂν
3746 3499 3775 3549 ὁ
3823 3502 3984 3559 τόκος

2412 3583 2684 3645 ἐτάττετο,
2714 3583 2825 3637 οὐδ’
2851 3585 2917 3636 ἂν
2947 3584 3051 3635 ἔδει
3073 3586 3351 3656 διασύρειν
3374 3588 3521 3649 εἴτις
3543 3589 3841 3659 ἐχρήσατο,
3864 3589 3984 3656 εῐγε

2410 3672 2551 3725 οὕτω
2569 3674 2869 3744 κερδαίνειν
2888 3674 3013 3743 ἐξῆν
3032 3691 3045 3704 ·
3073 3692 3138 3728 πε
3149 3677 3199 3743 pl.
3214 3676 3322 3746 γὰρ
3344 3679 3448 3729 τῶν
3466 3682 3983 3749 συγκεχωρημένων

2410 3765 2518 3817 οὐδ’
2546 3765 2612 3816 ἂν
2648 3760 2726 3827 εἷς
2760 3766 3059 3831 ἐγκαλοίτο.
3096 3766 3212 3818 Νῦν
3245 3767 3302 3819 δὲ
3328 3768 3494 3820 Δαῦὶδ
3532 3769 3693 3832 αὐτὸς
3722 3770 3983 3840 ἔγκλημα

2410 3854 2470 3906 τὸ
2512 3856 2742 3925 πρᾶγμα
2777 3856 3036 3921 ποιεῖται,
3078 3856 3173 3909 καὶ.
3207 3859 3346 3926 μετὰ
3386 3859 3496 3915 τῶν
3534 3858 3984 3929 διαϐαλλομένων

2411 3946 2593 4015 τίθησι
2611 3946 2857 4014 φανερῶς
2887 3961 2901 3975 ⁸
2936 3946 3031 3999 καὶ
3063 3947 3220 4000 τοῦτο
3263 3947 3363 4017 μὲν
3394 3946 3493 4020 τὴν
3523 3949 3768 4018 πονηρὰν
3795 3951 3984 4019 στηλι-

2414 4037 2583 4089 τεύων
2633 4037 2809 4099 πόλιν,
2861 4038 2960 4090 σὺν
3012 4038 3236 4102 ἅπασιν,
3277 4038 3418 4109 ὑπὲρ
3475 4057 3551 4093 ων
3603 4040 3837 4103 ἐλαύνει,
3888 4042 3985 4094 καὶ

2413 4128 2572 4181 τοῦτο
2601 4130 2911 4198 μέμφεται·
2949 4148 2967 4180 ι
3004 4130 3111 4181 Καὶ
3146 4130 3345 4198 ἀνομία
3383 4130 3478 4182 καὶ
3522 4130 3689 4192 κόπος
3733 4131 3791 4181 ἐν
3831 4130 3987 4200 μέσῳ

2414 4221 2605 4286 αὐτῆς,
2624 4221 2717 4272 καὶ
2739 4220 2943 4284 ἀδικία,
2962 4220 3056 4272 καὶ
3080 4221 3179 4272 οὐκ
3209 4220 3457 4285 ἐξέλιπεν
3481 4221 3546 4273 ἐκ
3572 4221 3681 4271 τῶν
3705 4221 3986 4274 πλατειῶν

2414 4313 2584 4381 αὐτῆς
2613 4313 2772 4373 τόκος
2801 4313 2896 4363 καὶ
2931 4310 3080 4374 δόλος
3104 4326 3118 4341 ·
3155 4329 3174 4362 ι
3208 4312 3368 4363 τοῦτο
3402 4311 3446 4364 δ’
3468 4313 3525 4364 ἐν
3546 4307 3629 4375 οἷς
3662 4313 3762 4382 τὴν
3791 4312 3987 4381 Σωτῆο

2417 4418 2507 4471 ρος
2533 4400 2945 4470 εὐαγγελίζεται
2976 4401 3301 4470 παρουσίαν,
3335 4403 3429 4455 καὶ
3456 4402 3584 4456 οἴων
3611 4403 3711 4473 μὲν
3730 4402 3982 4468 ἀξιώσει,

2414 4491 2543 4544 οἴων
2586 4490 2644 4543 δὲ
2687 4491 2985 4555 ἀπαλλάξει
3017 4491 3079 4544 τδ
3121 4492 3298 4560 γένος,
3327 4493 3420 4545 τὸν
3452 4493 3610 4547 τόκον
3648 4492 3744 4546 τοῦ
3780 4493 3986 4546 κύκλου

2416 4583 2687 4651 γράφεται
2719 4583 2829 4635 τῶν
2863 4582 3068 4648 κακῶν,
3105 4600 3123 4633 ι
3163 4585 3271 4637 Καὶ
3298 4585 3363 4636 ἐκ
3395 4585 3578 4647 τόκου,
3611 4585 3768 4655 φησὶ,
3804 4585 3901 4637 καὶ
3927 4585 3988 4649 ἐξ

2416 4674 2628 4735 ἀδικίας
2681 4673 3017 4743 λυτρώσεται
3053 4675 3151 4737 τὰς
3175 4674 3355 4744 ψυχὰς
3394 4675 3608 4729 αὒτῶνο
3671 4693 3690 4727 ι
3757 4678 3854 4729 καὶ
3904 4671 3988 4739 οἷς

2415 4765 2678 4834 διασύρει,
2714 4766 2809 4819 καὶ
2839 4760 2920 4828 οἷς
2954 4767 3173 4836 ἀνομίᾳ,
3206 4767 3302 4819 καὶ
3331 4767 3487 4837 δόλῳ,
3524 4767 3618 4820 καὶ
3648 4768 3832 4838 ἀδικίᾳ
3856 4784 3983 4820 συν-

2415 4856 2620 4920 τάττει,
2648 4857 2710 4909 τὸ
2739 4857 2964 4927 μέγεθος
2985 4857 3083 4926 τῆς
3108 4859 3371 4927 πονηρίας
3398 4859 3695 4928 ἐκφαίνων.

2490 5038 2697 5101 Ἀλλως
2746 5056 2805 5090 τε
2863 5036 3175 5106 σκοπῶμεν,
3215 5036 3331 5088 ἀνθ’
3362 5038 3486 5089 ὅπου
3533 5037 3643 5090 τῶν
3690 5037 3983 5108 Ἐὄραίων,

2417 5131 2608 5198 γένους
2641 5128 2897 5181 τοσούτου
2933 5129 3027 5181 καὶ
3083 5126 3224 5179 οὕτω
3256 5127 3585 5197 συμμιγοῦς.
3629 5130 3686 5180 ἐν
3720 5122 3803 5191 οἷς
3848 5131 3982 5183 πολὺ

2422 5221 2520 5291 μέν
2545 5222 2603 5275 τὸ
2625 5221 2850 5289 φαῦλον,
2875 5220 3056 5286 ὀλίγον
3082 5219 3137 5271 δὲ
3167 5220 3229 5270 τὸ
3256 5222 3513 5288 χρηστὸν,
3540 5220 3756 5277 πάντων
3777 5221 3806 5272 ό
3823 5223 3986 5289 νόμος

2418 5307 2570 5375 οὗτος
2619 5314 2838 5383 ἐκράτει
2891 5313 3063 5381 κοινῇ,
3122 5311 3214 5362 καὶ¹
3279 5310 3377 5377 τῆς
3432 5311 3709 5372 πολιτείας
3753 5313 3782 5363 ό
3822 5312 3983 5374 τόκος

759 5406 925 5466 caede,
962 5406 1126 5471 furto,
1166 5408 1396 5476 aliisque
1434 5408 1581 5463 vitiis
1616 5424 1645 5462 e
1689 5412 1964 5477 republica
2016 5417 2168 5481 pulsa
2224 5415 2314 5470 sit.
2342 5433 2387 5494 ρ
2420 5410 2442 5462 ἀ

2305 5457 2314 5470 ,
2342 5433 2387 5494 C
2420 5408 2744 5478 ἀπελήλατο,
2778 5407 2915 5475 μετὰ
2950 5406 3108 5475 φόνου
3140 5406 3234 5458 καὶ.
3262 5404 3466 5474 κλοπῆς
3499 5407 3593 5460 καὶ
3617 5405 3728 5459 τῶν
3751 5408 3988 5478 ἀπειρη-

761 5497 817 5551 Si
845 5490 985 5550 e'nim
1014 5498 1259 5553 criminis
1295 5514 1485 5568 expers
1529 5509 1646 5554 erat
1674 5540 1688 5565 ,
1724 5503 1867 5556 unde
1898 5504 1995 5572 legi
2036 5515 2179 5559 tanta
2217 5523 2315 5575 po-

757 5588 960 5640 testas?
988 5587 1095 5640 Nec
1132 5588 1275 5641 enim
1321 5590 1608 5644 excelsitas
1643 5592 1887 5660 quaedam
1918 5593 2083 5647 animi
2135 5597 2315 5650 multi-

761 5678 999 5733 tudinem
1035 5678 1136 5732 sub
1165 5679 1335 5747 lcgem
1388 5681 1731 5751 subjiciebat,
1776 5685 2033 5753 quoniam
2068 5703 2172 5743 non
2202 5704 2317 5743 om-

836 5815 850 5844 '
882 5816 1023 5871 Psal.
1055 5833 1164 5885 Liv,
1199 5817 1284 5883 tl,
1313 5818 1392 5873 1'2.
1475 5821 1494 5848 °
1528 5820 1650 5876 l’sal
1714 5838 1860 5881 cui.
1900 5824 1981 5878 l-l.

2427 5503 2619 5571 μένων.
2663 5502 2726 5553 Et
2750 5502 2857 5571 γὰρ
2880 5500 3167 5562 ἀνεύθυνος
3190 5501 3215 5551 ὁ
3235 5498 3390 5557 τόκος
3416 5493 3504 5569 ἦν,
3535 5498 3699 5552 πιὶθεν
3726 5499 3806 5568 τῷ
3838 5502 3988 5570 νόμῳ

2426 5592 2488 5645 τὸ
2522 5594 2779 5662 κρατεῖν;
2812 5592 2886 5644 Οὐ
2919 5596 3027 5659 γὰρ
3048 5593 3114 5657 δὴ
3141 5589 3510 5661 μεγαλοψυχία
3530 5592 3590 5643 τὸ
3621 5591 3826 5658 πλῆθος
3854 5588 3992 5661 ἦγεν

2428 5686 2519 5740 ἐπὶ
2578 5686 2669 5740 τὸν
2712 5684 2895 5755 νόμον,
2955 5685 3034 5739 ὅτι
3088 5685 3162 5754 μὴ
3224 5686 3430 5750 πάντας
3465 5683 3807 5756 ἐλευθερίους
3851 5682 3995 5738 εἶναι
