4262 6460
250 371 360 435 ’729

1285 378 1566 439 ORATIO
1597 381 1900 444 CONTRA
1944 386 2518 448 FENBRATORES.

3397 386 3500 447 730

247 489 496 556 δώσομεν
525 489 612 540 καὶ
645 490 1078 558 μεγαλοψύχους,
1110 485 1184 544 ὧν
1216 494 1472 559 φειδωλία
1506 499 1598 548 καὶ
1627 499 1813 568 φιλαρ-
1853 507 1893 562 Α
1923 522 1930 556 ι

1853 507 1893 562 Δ
1923 520 2020 557 nes
2050 505 2300 559 liberales
2335 517 2386 559 et
2424 507 2529 559 alta
2571 516 2752 558 mente
2789 502 3045 572 prmilitos
3090 502 3258 557 fuisse
3291 513 3497 556 certum

249 579 420 644 γυρία
479 583 572 631 καὶ
624 581 944 648 μικρολογία
1010 583 1099 633 καὶ
1145 583 1469 653 γλισχρότης
1515 589 1832 656 ἐγκλήματα

251 670 364 741 [Ion
396 671 688 737 φειδωλίας
716 690 771 724 κ.
804 689 853 723 τ.
873 676 933 725 .1.
967 673 1057 726 καὶ
1077 674 1463 744 γλισχρότητος
1491 680 1832 749 ἐγκλήματα]

249 766 556 833 πανταχοῦ.
596 764 785 816 Καίτοι
827 764 1074 833 μοιχείας
1115 767 1214 834 μὲν
1265 769 1357 820 καὶ
1395 770 1558 836 φόνου
1595 777 1688 822 καὶ
1736 771 1829 822 τοῦ

249 858 633 924 τοιχωρυχεῖν,
669 858 766 908 καὶ
825 860 872 909 εί
919 858 994 926 μὴ
1028 858 1184 920 δίκας
1221 861 1248 910 ὁ
1288 860 1448 929 νόμος
1485 863 1670 926 ὲτίθει,
1726 865 1832 916 κᾶν

248 949 468 1016 ἀπῆγον
494 951 541 998 οί
574 948 828 1010 κίνδυνοι,
866 950 984 1016 μεθ’
1009 946 1084 1004 ῶν
1115 952 1328 1020 ἀνάγκη
1357 954 1423 1003 τὰ
1453 955 1680 1006 τοιαῦτα
1710 956 1830 1006 τολ-

253 1039 465 1104 μᾶσθαι
489 1054 503 1067 ·
534 1038 694 1088 τόκου
718 1038 774 1088 δὲ
797 1039 967 1098 οὐδεὶς
991 1042 1206 1107 ἡγεῖται
1226 1043 1406 1104 πόνος,
1425 1045 1545 1096 οὐδὲ
1570 1045 1830 1098 κινδύνων

250 1127 415 1194 γέμει
448 1127 509 1178 τὸ
543 1129 800 1197 πρᾶγμα,
826 1129 960 1181 ἀλλά
988 1129 1068 1182 δεῖ
1099 1131 1242 1182 τοῦτ’
1269 1131 1400 1185 αὐτὸ
1430 1135 1590 1200 μόνον
1617 1136 1833 1201 κερδαί-

252 1235 368 1268 νειν
399 1221 1010 1286 πραγματευσαμένους
1033 1223 1208 1277 οὐδέν.
1242 1222 1307 1275 Τί
1340 1224 1523 1274 τοίνυν
1557 1225 1615 1276 τὸ
1645 1226 1832 1276 πεῖθον

249 1309 452 1378 ἄνδρας
521 1308 932 1378 ἀνελευθέρους,
998 1313 1222 1380 κέρδους
1280 1313 1426 1365 οὓτω
1484 1318 1830 1385 πραγμάτων

249 1400 686 1468 ἀπηλλαγμένου
720 1405 1106 1470 καταφρονεῖν,
1135 1406 1182 1454 εἰ
1210 1404 1283 1472 μὴ
1311 1406 1518 1470 σφόδρα
1540 1422 1622 1466 τις
1654 1405 1832 1457 ἔκειτο

251 1490 513 1552 κ’όλασιςς
546 1488 668 1539 ’Ὁτι
699 1489 754 1540 δὲ
789 1488 959 1550 οὕτως
992 1490 1214 1558 ᾐδοῦντο
1244 1493 1332 1542 τὸν
1363 1493 1525 1561 νόμον
1571 1492 1830 1561 Ἑϐραῖοι,

250 1579 416 1645 δῆλον
455 1580 516 1642 ἐξ
559 1573 631 1630 ὧν
665 1583 758 1631 καὶ
799 1579 895 1631 νῦν
933 1580 1013 1632 ἔτι
1044 1582 1142 1648 τὴν
1177 1583 1401 1651 γνώμην
1437 1581 1694 1645 σώζουσι,
1740 1585 1834 1634 καὶ

252 1674 409 1740 κοινῇ
442 1670 646 1739 τιμῶσι
680 1672 770 1721 τὸν
802 1671 988 1739 νόμον,
1031 1674 1206 1724 καίτοι
1243 1673 1452 1725 πολλῶν
1497 1673 1657 1725 ἕνεκα
1699 1674 1831 1725 πολὺ

249 1764 365 1814 τῶν
399 1761 644 1815 παλαιῶν
672 1762 1019 1831 φαυλοτέρως
1049 1765 1180 1832 περὶ
1203 1763 1299 1834 τὴν
1328 1763 1626 1832 θρησκείαν
1656 1765 1834 1817 διατε-

251 1856 462 1918 θέντες.

325 1953 457 2003 Ὀτε
489 1948 672 2003 τοίνυν
706 1946 982 2018 Ἑϐραίοις
1030 1946 1089 1997 τὺ
1140 1947 1338 2013 χρῆσαι
1397 1946 1568 1998 τόκων
1606 1945 1830 2006 εὐθύνας

249 2041 419 2110 εἶχεν,
477 2037 558 2102 οἷς
591 2040 766 2094 πολλὰ
824 2041 932 2092 τῶν
990 2039 1380 2106 ἀπειρημένων
1432 2040 1828 2107 συνεχωρεῖτο·

247 2139 577 2205 Χριστιανοὶ
611 2136 730 2187 τίνα
761 2131 852 2186 τοῦ
888 2132 1112 2203 κέρδους
1149 2132 1341 2183 τούτου
1383 2130 1615 2184 δώσουσι
1654 2131 1830 2198 δίκην,

246 2228 327 2291 οἷς
358 2229 456 2280 καὶ
481 2229 541 2279 τὸ
573 2229 751 2295 μεῖναι
784 2227 945 2296 μέχρι
980 2223 1091 2276 τῶν
1133 2223 1403 2287 παλαιῶν,
1438 2223 1709 2290 ἔγκλημα,
1741 2222 1832 2273 καὶ

247 2323 311 2372 τὸ
349 2320 427 2387 μὴ
475 2319 769 2389 παρελθεῖν
804 2319 862 2369 τὸ
899 2318 1130 2384 πρᾶγμα
1169 2315 1508 2383 δικαιοσύνῃ,
1554 2311 1831 2381 βασιλείας

247 2416 403 2464 ἐστὶν
437 2413 690 2462 ἐκπεσεῖν
713 2425 725 2438 ·
762 2411 854 2460 καὶ
887 2409 993 2474 γὰρ
1023 2407 1246 2475 πορνεία
1279 2406 1379 2474 μὲν
1427 2404 1653 2465 ἐκείνοις
1685 2403 1835 2454 οὐδὲν

249 2506 431 2555 ἐδόκει
463 2503 654 2564 δεινὶν,
683 2503 774 2552 καὶ
801 2500 1038 2570 καθαρὸν
1057 2495 1122 2568 ἦν
1144 2498 1377 2566 εὐθύνης
1405 2495 1656 2548 τοσοῦτον
1682 2495 1832 2560 ἆγοςο

260 2615 278 2646 ι
318 2595 457 2662 ΙΙαρ’
489 2597 622 2660 ἡμῖν
672 2594 805 2661 μηδὲ
841 2589 1216 2660 ὀνομαζέσθω,
1261 2608 1279 2639 ι
1319 2588 1516 2657 φησίν·
1562 2587 1697 2639 ἀλλὰ
1743 2587 1834 2638 καὶ

252 2688 558 2755 ὀφθαλμῶν
589 2686 904 2738 ἀκολάστων
936 2686 1074 2735 εἰσὶν
1111 2682 1358 2734 εὐθύναι.
1412 2681 1519 2732 Καὶ
1581 2683 1689 2739 τοῖς
1740 2679 1835 2745 μὲν

251 2779 490 2848 ὀμνύναι
524 2777 616 2830 καὶ
649 2776 810 2844 νόμος
843 2771 911 2842 ἦν
967 2789 979 2800 ·
1015 2772 1110 2826 νῦν
1144 2773 1199 2822 δὲ
1233 2770 1542 2840 ὑποκριτῶν
1575 2770 1669 2820 καὶ
1697 2767 1836 2832 φαύ-

253 2875 363 2924 λων
397 2871 493 2921 καὶ
515 2871 758 2921 τοιούτου
791 2869 1092 2935 κόμματος.
1121 2865 1227 2915 Καὶ
1246 2865 1356 2922 τοῖς
1387 2861 1481 2926 μὲν
1507 2859 1631 2926 ἐξῆν
1663 2860 1837 2925 μισεῖν

254 2965 351 3013 τὸν
391 2961 610 3029 ἐχθρὸν,
643 2958 732 3009 vim
767 2958 822 3008 δὲ
865 2957 1010 3011 τοῦτ’
1047 2955 1179 3006 αὐτὸ
1218 2953 1527 3015 κολάζεται,
1570 2953 1665 3001 καὶ
1695 2949 1838 2999 οὓτω

250 3058 397 3122 πέρα
428 3067 784 3118 συγγνωμης,
815 3049 955 3100 ὥστε
987 3046 1344 3115 ὲνισχημένου
1378 3044 1454 3111 τῷ
1486 3041 1659 3109 κακῷ,
1704 3041 1836 3108 μηδὲ

251 3152 385 3218 περὶ
425 3150 532 3200 τῶν
583 3149 758 3207 ἄλλως
785 3144 1194 3213 ἡμαρτημένων
1229 3140 1609 3209 παραιτεῖσθαι
1634 3139 1836 3206 τολμᾷν

250 3246 327 3303 ὡς
368 3245 470 3294 οὐκ
520 3241 639 3292 ἐνὸν
673 3239 772 3305 τῆς
808 3237 1142 3305 συγγνώμης
1195 3235 1509 3302 τυγχάνειν,
1571 3233 1644 3300 μὴ
1699 3232 1831 3297 πρὸς

250 3339 378 3397 τοὺς
411 3333 785 3401 λ.ελυπηκό;α;
817 3330 1267 3400 διηλλαγμένους,
1295 3328 1398 3378 κᾶν
1430 3327 1689 3394 μυριάκις
1709 3326 1836 3391 περὶ

251 3431 441 3484 αὐτῶν
474 3426 860 3496 μεταγνῶμεν,
897 3423 998 3475 κᾶν
1035 3421 1316 3490 ποταμοὺς
1353 3420 1605 3487 δακρύων
1636 3420 1836 3488 ἐκχέω-

253 3540 380 3590 μεν.
433 3521 545 3571 Καὶ
590 3517 734 3569 οὕτω
789 3518 849 3566 τὸ
906 3515 1068 3584 μόνον
1111 3515 1216 3565 τῶν
1247 3511 1603 3580 ἀνθρωπίνων
1653 3511 1838 3561 κακῶν

251 3614 572 3681 φάρμακον,
622 3607 855 3675 ἐδυνήθη
905 3606 1043 3673 πρὸς
1088 3603 1184 3673 τὴν
1214 3606 1367 3656 νόσον
1411 3603 1610 3670 ταύτην
1662 3602 1833 3662 οὐδὲν,

251 3705 396 3758 ἀλλὰ
427 3704 681 3771 κρεῖττον
718 3700 818 3768 μέν
843 3699 958 3750 ἐστι
983 3698 1084 3765 τῆς
1114 3698 1495 3765 πολυυμνήτου
1526 3696 1835 3764 μετανοίας,

251 3797 498 3851 καὶτῶν
551 3789 675 3847 κατ’
714 3791 886 3860 αὐτὴν
939 3789 1204 3859 ἱδρώτων
1239 3791 1487 3859 κρεῖττον
1532 3788 1588 3838 δέ
1640 3788 1838 3839 θυσιῶν

255 3889 634 3958 ίλαστηρίων·
690 3884 998 3938 ἀπόνασθαι
1046 3882 1102 3936 δὲ
1157 3884 1266 3934 τῶν
1301 3881 1743 3950 κατορθωμάτων
1775 3882 1837 3934 οὐ

252 3982 557 4052 συγχωρεῖ,
594 3977 696 4031 κᾶν
743 3978 1002 4044 ὑπερφυᾶ
1032 3992 1152 4027 τινα
1183 3974 1420 4043 τύχωσιν
1441 3973 1592 4036 ὄντα,
1649 3973 1840 4044 πόρρω

254 4078 354 4128 καὶ
383 4077 486 4141 τῆς
541 4072 779 4140 ἐσχάτης
815 4069 923 4120 τῶν
974 4068 1382 4134 ἐπαινουμένων
1417 4065 1631 4136 μερίδος
1653 4079 1665 4092 ·
1719 4064 1835 4117 ἀλλ’

253 4168 451 4234 ὥσπερ
488 4163 622 4231 φλὸξ
654 4163 686 4231 ἦ
719 4161 885 4229 ἀχλὺς
917 4157 1255 4223 ἐπιχεθεῖσα,
1291 4157 1468 4208 πάντα
1508 4156 1835 4224 διέφθειρεν,

252 4255 405 4306 οὕτω
449 4253 511 4304 τὺ
547 4253 934 4320 μνησικακεῖν,
977 4245 1209 4315 ἔσχατον
1245 4247 1436 4299 κακόν.
1478 4247 1749 4314 Ἑϐραίοις
1783 4245 1840 4298 δὲ

250 4344 770 4417 ἑξῆν,τδδὲτόκον
821 4339 1091 4402 δανείζειν
1158 4339 1445 4408 ἠλαύνετο.
1503 4338 1612 4393 Ποῦ
1664 4339 1840 4391 τοίνυν

249 4443 460 4502 κακίας
503 4437 594 4489 τὸν
631 4436 792 4488 τόκον
840 4435 1100 4502 τάξομεν,
1153 4433 1282 4485 ὅταν
1330 4433 1535 4485 ἀτόπου
1575 4431 1839 4499 πονηρίας

1935 603 2037 655 est,
2074 594 2214 645 inter
2258 611 2396 660 quos
2443 596 2730 655 tenacitas,
2768 594 2989 648 avaritia
3021 633 3034 656 ,
3078 593 3265 646 sordes
3298 593 3499 659 passim

1934 687 2206 754 vigebant.
2233 685 2398 738 Porro
2425 688 2492 740 ab
2521 687 2806 747 adulterio,
2841 700 2868 738 ιι
2907 689 3071 746 caede,
3103 701 3131 738 a
3163 683 3504 752 perfossione

1934 775 2220 841 parit-tum.
2257 778 2475 827 tametsi
2515 777 2594 827 lex
2636 791 2850 843 poenam
2886 789 2992 826 non
3033 775 3288 837 sanciret,
3320 781 3501 824 tamen

1936 866 2198 934 pericula,
2235 882 2358 919 cum
2397 866 2598 934 quilms
2629 866 2895 933 ejusmodi
2925 864 3167 920 facinora
3192 865 3504 918 necessario

1935 967 2334 1023 perpetrantur,
2369 959 2493 1009 inde
2523 967 2812 1010 avocarent
2840 974 2854 1022 ;
2891 955 3124 1008 [onerari
3176 966 3352 1007 autem
3381 955 3502 1007 nul-

1935 1048 2020 1100 lus
2057 1058 2278 1114 putatur
2313 1051 2483 1111 labor,
2518 1065 2616 1100 nec
2647 1058 2729 1101 est
2780 1050 3143 1114 periculosum
3189 1048 3502 1110 negotium,

1934 1140 2028 1194 sed
2067 1141 2117 1193 id
2155 1142 2329 1194 solum
2378 1158 2575 1209 augere
2624 1151 2892 1209 quaestum
2949 1140 3080 1192 nihil
3131 1140 3506 1193 laborantibus

1933 1246 2168 1304 oponct.
2205 1235 2341 1300 Quid
2393 1236 2560 1300 igitur
2593 1235 2842 1286 homines
2872 1233 3097 1286 minime
3138 1233 3406 1300 ingenuos
3438 1231 3502 1282 ad

1937 1327 2148 1380 lucrum
2192 1329 2325 1380 adeo
2359 1326 2619 1379 molestiis
2655 1341 2885 1379 vacuum
2924 1326 3380 1379 contemnendum
3420 1326 3506 1377 in-

1934 1418 2180 1474 duceret.
2219 1416 2263 1467 si
2301 1425 2406 1468 tam
2443 1430 2606 1482 grave
2651 1415 2982 1483 supplicium
3027 1416 3362 1483 propositum
3401 1429 3505 1466 non

1933 1508 2118 1561 esset?
2146 1504 2402 1558 Hehrzeos
2438 1515 2619 1557 autem
2653 1505 2792 1557 hanc
2829 1505 2996 1573 legem
3029 1508 3109 1558 sic
3139 1505 3418 1566 reveritos,
3441 1520 3504 1556 ex

1934 1613 2000 1650 eo
2030 1604 2192 1664 patet.
2217 1593 2358 1662 quod
2393 1594 2552 1646 etiam
2593 1593 2753 1645 hodie
2783 1593 2971 1648 eadem
3004 1605 3132 1646 sunt
3169 1594 3423 1661 opinione
3445 1607 3508 1645 ac

1936 1687 2229 1746 sententia,
2264 1695 2317 1737 et
2366 1699 2484 1738 eam
2521 1684 2727 1737 honore
2758 1692 3183 1751 prosequuntur,
3214 1683 3422 1733 tametsi
3456 1682 3507 1732 in

1940 1778 2123 1830 multis
2153 1777 2311 1844 longe
2350 1789 2512 1844 quam
2555 1773 2792 1841 majores
2827 1773 3069 1841 ipsorum
3101 1772 3348 1839 ignavius
3384 1774 3509 1827 reli-

1937 1870 2114 1935 giunis
2144 1867 2388 1921 instituta
2428 1866 2634 1918 colunt.

2005 1959 2272 2024 Quoniam
2321 1959 2482 2026 igitur
2513 1955 2681 2010 leniori
2716 1956 2846 2008 dare
2875 1952 3117 2009 Hebraeis
3143 1953 3356 2007 crimini
3387 1952 3508 2013 fuit,

1936 2054 2134 2122 quibus
2163 2052 2326 2105 multa
2357 2051 2513 2104 nobis
2539 2050 2696 2102 vetita
2733 2049 3173 2115 indulgebantur,
3198 2062 3317 2114 quae
3341 2060 3512 2114 pmnm

1935 2148 2004 2200 ob
2047 2145 2349 2198 istiusmodi
2393 2144 2601 2195 lucrum
2650 2141 2993 2193 Christianos
3026 2139 3352 2194 manebunt.
3386 2137 3509 2202 qui-

1937 2237 2037 2289 bus
2063 2246 2115 2289 et
2156 2235 2456 2287 consistere
2489 2235 2538 2284 in
2576 2231 2802 2284 vetustis
2830 2231 2985 2295 culpa
3022 2238 3138 2290 est;
3172 2238 3227 2281 et
3253 2229 3508 2292 scriptam

1937 2331 2106 2396 legem
2140 2328 2348 2395 iustitia
2394 2341 2497 2377 non
2534 2338 2878 2392 exsuperare,
2914 2330 2997 2374 est
3039 2335 3208 2387 regno
3248 2320 3509 2372 malorum

1936 2418 2450 2476 exciderelEtenim
2486 2416 2773 2472 fornicatio
2804 2415 2914 2469 illis
2947 2431 3051 2466 non
3090 2413 3373 2465 videbatur
3402 2423 3509 2463 tam

1937 2514 2195 2575 absurda,
2225 2522 2278 2566 et
2307 2511 2611 2564 istiusmodi
2646 2508 2905 2576 ﬂagitium
2941 2507 3190 2559 dedecori
3227 2521 3332 2557 non
3364 2514 3502 2555 erat.

1941 2607 2094 2674 Apud
2132 2623 2230 2658 nos
2260 2615 2440 2656 autem
2500 2621 2518 2653 ι
2561 2617 2657 2655 nec
2687 2601 3018 2663 nominetur,
3052 2619 3070 2650 ›
3100 2599 3277 2667 inquit
3306 2598 3345 2648 ³.
3370 2596 3511 2660 Quin

1939 2702 2100 2752 etiam
2155 2709 2406 2765 aspectus
2458 2695 2691 2749 lascivus
2733 2709 2856 2746 cum
2915 2702 3136 2761 peccato
3189 2691 3515 2757 coniunctus

1940 2805 2044 2845 εει.
2081 2794 2255 2859 Atque
2304 2789 2378 2841 illi
2416 2789 2635 2856 quidem
2667 2789 2854 2854 jnrare
2900 2784 3063 2836 etiam
3101 2783 3215 2851 lege
3248 2779 3514 2847 jubeban-

1947 2893 2056 2954 tur,
2093 2880 2236 2949 quod
2274 2895 2418 2933 nunc
2472 2878 2902 2946 hypocritarum,
2932 2886 2985 2927 et
3021 2873 3397 2940 improborum
3420 2909 3434 2930 ,
3461 2881 3515 2922 et

1944 2973 2254 3038 hujusmodi
2288 2971 2472 3023 farinae
2509 2970 2784 3021 hominum
2819 2976 2920 3021 est.
2954 2965 3014 3018 Et
3039 2965 3142 3017 illis
3169 2964 3383 3031 quidem
3416 2963 3518 3013 ini-

1942 3068 2141 3120 micum
2195 3065 2377 3118 odisse
2406 3133 2411 3138 ‘
2441 3061 2856 3132 permittebatur
2902 3080 2914 3113 :
2963 3075 3104 3112 nunc
3147 3058 3322 3126 ipsum
3375 3057 3515 3111 istuc

1865 3171 1906 3226 ε
1944 3161 2183 3226 punitur,
2213 3157 2455 3223 adeoque
2495 3170 2599 3207 non
2640 3154 2958 3220 ignoscitur,
2989 3162 3046 3202 ut
3076 3152 3173 3201 hac
3211 3164 3351 3201 noxa
3383 3150 3516 3200 irre-

1941 3250 2091 3311 titus,
2131 3265 2229 3301 nec
2273 3247 2501 3299 aliorum
2545 3256 2883 3315 peccatorum
2928 3241 3133 3294 veniam
3181 3255 3369 3307 rogare
3415 3252 3512 3288 au-

1941 3342 2102 3402 deat;
2137 3343 2277 3408 quod
2315 3337 2524 3390 veniam
2563 3335 2712 3386 nullo
2750 3335 2910 3384 modo
2959 3337 3384 3397 cmisequantnr.
3418 3325 3513 3392 qui

1941 3450 1968 3487 a
2004 3433 2205 3502 quibus
2243 3431 2351 3484 Iasi
2386 3440 2536 3488 sunt,
2574 3442 2694 3480 cum
2731 3426 2795 3477 iis
2829 3425 2879 3474 in
2915 3423 3140 3488 gratiam
3177 3434 3281 3471 non
3339 3417 3516 3470 redie-

1943 3526 2070 3584 rint,
2104 3524 2205 3577 etsi
2243 3523 2435 3573 millies
2474 3521 2688 3571 illorum
2721 3516 2996 3584 paeniteat.
3025 3513 3123 3564 etsi
3179 3509 3401 3563 [Iuntina
3443 3508 3514 3560 la-

1945 3631 2250 3687 crymarnm
2287 3612 2638 3682 profundant.
2666 3612 2843 3675 Atque
2876 3609 2946 3660 ita
2976 3605 3118 3675 quod
3150 3604 3368 3657 unicum
3397 3617 3514 3653 ma-

1945 3710 2120 3762 lorum
2175 3707 2535 3759 humanorum
2607 3701 2901 3754 remedium
2954 3706 3091 3759 erat,
3144 3695 3209 3749 ad
3266 3693 3516 3746 morbum

1944 3801 2089 3854 hunc
2135 3797 2510 3866 depellemlum
2553 3793 2686 3845 nihil
2734 3791 2909 3855 valet;
2966 3789 3058 3842 sed
3133 3783 3514 3839 laudatissima

1944 3891 2339 3963 pmnitentia.et
2368 3886 2659 3942 sudoribus
2683 3886 2824 3951 ejus,
2856 3891 2912 3935 et
2939 3879 3222 3934 sacriﬁciis
3251 3875 3512 3945 propitia-

1944 3983 2097 4036 toriis
2125 3989 2208 4035 est
2236 3979 2528 4049 potentius.
2553 3974 2808 4028 Fructum
2842 3985 3057 4040 quoque
3098 3970 3364 4023 bonorum
3395 3982 3517 4032 ope-

1946 4091 2063 4127 rum
2093 4088 2284 4141 capere
2318 4086 2421 4123 non
2459 4071 2611 4128 sinit,
2664 4063 3016 4136 quantumvis
3064 4062 3262 4115 eximia
3293 4070 3344 4112 et
3372 4075 3520 4112 sum-

1944 4167 2048 4218 mis
2085 4166 2246 4233 digna
2296 4162 2550 4214 laudibus
2603 4158 2804 4212 fuerint
2855 4174 2868 4210 :
2918 4155 3008 4210 sed
3058 4150 3514 4222 quemadmodum

1944 4257 2138 4309 nebula
2172 4251 2458 4320 superfusa
2491 4249 2676 4303 omnia
2707 4245 3009 4313 corrumpit
3048 4282 3063 4303 .
3092 4243 3172 4295 sic
3207 4236 3516 4306 malignitas

1943 4347 2108 4402 animi
2149 4360 2364 4415 propter
2388 4352 2624 4396 veterem
2657 4340 2911 4407 injuriam
2937 4335 3136 4388 malum
3175 4329 3514 4384 teterrimum

1943 4438 2128 4490 omnia
2172 4437 2344 4488 vit:at.
2385 4433 2626 4488 Hebrzeis
2683 4439 2864 4482 tamen
2905 4427 3124 4480 licebat.
3156 4421 3518 4476 Commodare

252 4537 446 4606 χεῖρον
476 4531 698 4599 ὁρῶμεν
728 4529 935 4591 κακόν;
969 4527 1042 4577 Τὸ
1083 4528 1217 4594 γὰρ,
1249 4527 1347 4594 τὴν
1384 4525 1481 4594 μὲν
1523 4525 1838 4594 ἐπιτρέψαι,
1869 4510 1922 4570 Ι)

1836 4510 2129 4583 .Dautem
2168 4527 2326 4582 fenus
2389 4526 2702 4590 neutiquam
2772 4518 2988 4573 licebat.
3018 4517 3137 4583 Quo
3189 4515 3352 4583 igitur
3399 4512 3519 4563 loco

248 4629 315 4680 τὸ
338 4627 421 4683 δὲ.
457 4623 723 4686 κωλῦσαι,
751 4621 803 4672 τί
832 4620 898 4671 ἂν
923 4620 1009 4688 εἴη
1038 4617 1344 4678 δεικνύντος
1374 4618 1598 4686 ἓτερον;

249 4721 497 4777 nefando
526 4718 729 4772 scelere
764 4715 901 4770 nihil
947 4716 1192 4769 videmus
1238 4716 1575 4784 improbius?
1599 4716 1733 4770 Nam
1773 4717 1862 4771 illa
1902 4718 2240 4788 permisisse,
2266 4716 2368 4769 hoc
2415 4713 2676 4776 vetuisse,

251 4815 372 4872 dixi
410 4808 693 4864 ostendit?

327 4905 465 4963 Εἶτα
485 4906 755 4974 τολμήσει
779 4919 865 4968 τις
887 4901 1121 4970 εὐθύνης
1152 4901 1232 4954 ἔτι
1258 4901 1500 4971 καθαρὸν
1522 4903 1728 4956 τιθέναι
1757 4907 1847 4957 τὸν

252 5008 440 5065 τόκον,
470 4995 532 5053 οὗ
571 4997 959 5069 μισανθρωπία
983 4998 1078 5048 καὶ
1102 4996 1370 5050 ἀκολασία
1396 5000 1490 5049 καὶ
1517 4998 1584 5048 τὰ
1609 4999 1844 5066 μέγιστα

253 5099 367 5151 τῶν
411 5094 600 5147 κακῶν
646 5091 980 5159 ἀνεκτότερα
1009 5089 1158 5141 δοκεῖ
1207 5089 1358 5156 παρά
1391 5090 1508 5157 Θεῴ
1545 5091 1843 5159 νομοθέτῃ;

258 5192 356 5243 καὶ
413 5185 577 5237 τοῦτό
620 5185 736 5234 ἐστι
772 5182 1088 5250 μαίνεσθαι,
1124 5183 1156 5250 ἢ
1187 5182 1286 5250 τὴν
1316 5180 1407 5234 τοῦ
1441 5181 1629 5234 καινοῦ
1675 5182 1840 5252 νόμου

259 5280 524 5333 παιδείαν
578 5275 750 5343 χείρω
808 5273 1053 5340 νομίζειν
1111 5274 1202 5325 τοῦ
1272 5273 1538 5325 παλαιοῦ·
1601 5277 1691 5326 καὶ
1754 5274 1844 5326 τὸν

259 5369 506 5441 Χριστὸν
528 5369 607 5428 εἰς
635 5367 726 5416 τὸν
757 5364 962 5432 κόσμον
995 5366 1192 5423 ἐλθεῖν,
1226 5367 1325 5416 οὐκ
1357 5367 1441 5433 ἐφ’
1483 5358 1530 5431 ᾧ
1558 5366 1844 5433 πληρῶσαι

258 5466 354 5518 τὸν
383 5463 552 5534 νόμον
572 5495 588 5519 ,
619 5455 735 5508 ἀλλ’
760 5457 847 5511 ἵνα
894 5457 1130 5525 κενώσῃ.
1178 5458 1234 5508 El
1267 5456 1322 5508 δὲ
1356 5456 1513 5508 τοῦτο
1543 5457 1847 5525 περιφανὴς

260 5558 522 5625 ἀθεότης,
555 5557 651 5608 καὶ
677 5557 953 5624 πλήρωμα
988 5553 1082 5604 τοῦ
1115 5553 1280 5621 νόμου
1315 5554 1549 5621 Χριστός
1587 5568 1600 5580 ’
1631 5550 1846 5602 δεικνύ-

262 5667 450 5703 τωσαν
488 5647 699 5716 βέλτιον
731 5646 877 5702 εἶναι
915 5649 1006 5701 καὶ
1044 5645 1504 5716 φιλοσοφώτερον,
1542 5647 1727 5695 πατεῖν
1757 5641 1848 5695 τὸν

341 5831 361 5860 ³
395 5827 596 5895 Ephcs.
636 5845 683 5894 ι’,
715 5827 766 5880 ὖ.

1950 4623 2092 4676 inter
2130 4621 2339 4690 piacula
2389 4631 2612 4671 usuram
2667 4612 3090 4674 constituemus,
3141 4607 3360 4675 quando
3411 4613 3519 4656 tam

2764 4707 2892 4778 quid
2948 4705 3093 4759 aliud
3141 4719 3304 4772 quam
3371 4698 3518 4769 quod

2026 4903 2087 4957 Et
2112 4903 2291 4956 adhuc
2319 4897 2536 4953 audebit
2568 4895 2691 4964 quis
2722 4907 2944 4947 usuram
2981 4906 3010 4944 a
3045 4889 3273 4943 crimine
3317 4888 3522 4939 immu-

1955 5011 2073 5048 nem
2105 5002 2359 5052 statuere,
2399 5003 2504 5056 qua
2531 4986 2712 5038 odium
2751 4983 2803 5035 in
2839 4983 3114 5044 homines,
3150 4989 3204 5033 et
3246 4978 3432 5040 libido,
3470 4987 3523 5031 et

1951 5093 2171 5155 peccata
2212 5083 2448 5135 maxima
2492 5074 2858 5131 tolerabiliora
2883 5074 3021 5141 apud
3052 5073 3218 5125 Deum
3248 5071 3522 5137 legislatu-

1951 5195 2062 5233 rcm
2089 5173 2434 5246 judicantnr?
2461 5170 2521 5223 Et
2545 5169 2671 5238 quid
2695 5177 2775 5222 est
2802 5167 3062 5226 insanire,
3090 5163 3190 5218 nisi
3216 5178 3368 5216 nov:e
3391 5161 3522 5228 legis

1951 5271 2291 5339 disciplinam
2322 5264 2487 5318 veteri
2514 5260 2826 5315 inferiorem
2857 5256 3134 5314 arbitrari.
3164 5264 3217 5308 et
3238 5253 3517 5307 Christum

1958 5366 2010 5419 in
2047 5364 2303 5416 mundum
2344 5357 2580 5419 venisse,
2614 5371 2721 5408 non
2752 5363 2809 5405 ut
2841 5352 3008 5418 legem
3039 5349 3307 5417 impleret,
3340 5345 3434 5398 sed
3463 5357 3524 5400 ut

1953 5460 2244 5509 ev:icuaret
2285 5460 2445 5517 atque
2494 5443 2806 5504 everteret?
2835 5441 2990 5507 Quod
3016 5441 3062 5494 si
3090 5442 3201 5492 lucc
3231 5445 3315 5490 est
3347 5436 3528 5489 mani-

1963 5548 2095 5600 festa
2134 5544 2407 5612 impietas,
2439 5551 2489 5594 et
2523 5536 2804 5608 plenitudo
2843 5535 2976 5604 legis
3002 5532 3253 5587 Christus
3285 5539 3386 5590 est,
3423 5530 3524 5581 do-

1956 5648 2113 5694 ceant
2144 5637 2218 5692 illi
2257 5635 2451 5691 melius
2487 5648 2551 5686 ac
2584 5630 2888 5701 sapientius
2919 5641 3039 5682 esse
3075 5633 3423 5679 contemnere
3445 5620 3524 5674 le—
