4262 6460
729 455 830 517 731

1993 454 2300 514 NICOLAI
2342 453 2729 513 CABASIIAE

3894 445 4003 519 732

734 591 853 647 gem
894 587 1058 642 quam
1093 585 1337 632 servare,
1365 578 1419 624 et
1455 585 1676 622 usuram
1717 569 2114 624 humanitatem
2150 571 2316 625 admi-
2348 574 2392 626 Α

2458 569 2607 636 όμον,
2643 571 2675 636 ἢ
2710 569 2906 631 σώζειν
2929 586 2942 600 °
2978 570 3073 624 καὶ
3123 573 3302 636 τόκον,
3349 571 3760 639 φιλανθρωπίαν
3791 573 4004 642 θαυμας

734 668 982 729 rabilem,
1025 675 1077 719 et
1108 664 1451 719 fraudatores
1500 664 1632 717 istos
1672 665 2172 732 compilatoresque
2206 667 2312 719 hu-

733 760 1011 814 maniores
1039 772 1159 810 esse
1192 757 1257 812 iis
1289 755 1381 826 qui
1409 759 1578 824 gratis
1613 757 1743 808 dant
1778 766 2050 808 mutuum.
2079 756 2314 810 Necesse

737 861 822 906 est
855 851 1023 912 enim,
1052 850 1145 920 qui
1185 849 1287 903 hoc
1317 863 1424 902 non
1457 859 1712 916 possunt,
1740 848 1792 900 in
1839 848 2069 901 alterum
2118 863 2149 901 e
2177 847 2316 901 duo-

737 946 838 999 bus
871 944 1136 1006 incidere,
1166 951 1258 997 aut
1291 957 1417 996 cum
1447 942 1650 996 Judaeis
1698 957 1849 995 novae
1881 941 1985 1008 legi
2020 941 2312 1004 obsistere,

735 1051 1037 1105 eorumque
1091 1035 1317 1089 insania!
1371 1036 1528 1103 quasi
1584 1036 1876 1103 quamdam
1943 1036 2313 1090 haereditatem

736 1129 920 1182 adire:
970 1137 1064 1180 aut
1109 1129 1153 1181 si
1192 1129 1297 1182 hoc
1333 1127 1588 1196 fugiunt,
1628 1127 2042 1182 fundamentum
2095 1129 2237 1198 quod
2286 1144 2316 1183 a

737 1219 1008 1287 principio
1041 1221 1405 1275 constitutum
1442 1231 1546 1279 est.
1581 1236 1688 1273 non
1731 1222 2054 1280 convellere.
2103 1230 2155 1274 et
2191 1237 2318 1275 nsu-

740 1327 856 1364 ram
890 1320 1137 1365 extremo
1177 1312 1447 1380 supplicio
1499 1312 1783 1370 addicere:
1824 1315 1967 1382 quod
2023 1313 2318 1381 amplecto-

738 1413 947 1463 ren'nr,
986 1401 1028 1455 si
1063 1402 1144 1454 vel
1176 1402 1449 1455 tantillum
1495 1411 1766 1468 saperent.

813 1492 904 1547 Sic
932 1494 1077 1547 enim
1117 1508 1173 1546 se
1213 1508 1301 1547 res
1335 1493 1518 1546 habet.
1551 1491 1849 1560 Oportebat
1883 1493 2199 1548 hominibus
2247 1492 2322 1546 ic-

740 1602 857 1656 κιιιιι
889 1586 1205 1655 contingere
1235 1585 1619 1654 sapientiorem
1652 1595 1705 1638 et
1737 1586 2014 1640 meliorem
2044 1603 2057 1640 :
2086 1596 2141 1641 et
2193 1587 2324 1641 ade-

743 1691 823 1729 t'at
860 1678 1141 1745 legislator
1167 1677 1282 1748 .(cui
1317 1678 1462 1732 enim
1499 1679 1551 1733 id
1604 1679 1782 1746 potius
1823 1679 2320 1748 committeretur?)

740 1769 978 1822 litteram
1015 1770 1166 1824 illam
1208 1770 1333 1824 loco
1356 1785 1604 1824 marcus.
1632 1770 1901 1834 Quoniam
1931 1781 2112 1825 autem
2142 1789 2169 1825 a
2196 1774 2325 1826 cha-

742 1863 904 1915 ritate
938 1862 1029 1914 Dei
1095 1871 1150 1916 et
1181 1862 1416 1932 proximi
1462 1863 1718 1916 nnixersa
1749 1864 1833 1916 lex
1876 1866 2099 1933 pendet,
2143 1866 2322 1919 homi-

741 1954 915 2006 cidam
951 1962 1124 2008 morte
1157 1955 1413 2015 multatis,
1463 1965 1514 2008 et
1558 1957 1885 2018 adulterum,
1924 1970 1973 2011 et
2014 1959 2184 2012 furem
2215 2001 2228 2025 ,
2274 1969 2329 2012 et

745 2043 936 2096 falsum
967 2055 1156 2102 testem
1192 2061 1344 2098 reum
1378 2045 1612 2108 facilus,
1643 2057 1697 2102 et
1749 2064 1971 2104 usuram
2017 2047 2237 2112 tollens.
2275 2061 2328 2105 et

743 2139 930 2192 odium
987 2139 1251 2194 adversns
1301 2141 1610 2208 proximum
1670 2145 2014 2211 propulsans,
2076 2156 2130 2199 et
2186 2148 2323 2207 tales

743 2230 988 2297 quaedam
1023 2230 1169 2299 leges
1200 2230 1264 2282 ad
1306 2241 1549 2285 mutuam
1587 2235 1911 2290 eharitatem
1953 2237 2205 2292 homines
2241 2239 2329 2291 in-

744 2324 1000 2385 vitantrs,
1054 2323 1232 2378 solum
1280 2334 1529 2391 poterant
1586 2327 1784 2388 facere,
1812 2339 1869 2381 ιιι
1911 2331 2053 2384 bene
2098 2333 2328 2388 meritus

747 2427 1049 2477 amaretur,
1083 2424 1133 2468 et
1170 2425 1232 2468 ut
1270 2416 1362 2484 qui
1399 2433 1503 2470 non
1539 2418 2041 2484 itu-otntnodaSset,
2082 2425 2130 2476 ei
2168 2426 2333 2479 vicis.

745 2507 848 2560 sim
889 2507 1022 2559 nihil
1059 2507 1592 2574 incommmlaretnr;
1628 2511 1678 2563 in
1709 2527 1942 2578 quorum
1977 2527 2171 2568 neutro
2203 2533 2331 2572 vcra

746 2600 891 2655 inest
926 2601 1261 2656 humanitas.
1294 2599 1428 2653 Nam
1463 2611 1515 2653 et
1558 2618 1664 2657 non
1705 2605 1909 2669 odisse,
1955 2608 2202 2661 nondum
2249 2621 2334 2664 est

746 2710 964 2760 amare;
1005 2695 1142 2749 bene
1179 2696 1436 2749 meritum
1481 2707 1663 2751 autem
1695 2694 1943 2768 diligere,
1997 2718 2104 2754 non
2150 2703 2328 2756 homi-

747 2803 897 2850 nem,
930 2789 1026 2843 sed
1073 2789 1399 2843 beneficium
1434 2792 1816 2848 amantis'est.
1851 2795 1984 2847 Cum
2031 2795 2134 2849 hoc
2175 2796 2336 2852 modo

747 2881 1100 2944 charitatetn,
1152 2897 1273 2949 quze
1317 2896 1345 2933 a
1401 2885 1679 2939 veteribus
1713 2885 1819 2938 illis
1869 2887 2065 2940 litteris
2102 2889 2332 2949 aberat,

748 2969 1011 3029 iudueere
1043 2984 1321 3040 oporteret
1357 2977 1481 3041 (hoc
1517 2977 1660 3029 enim
1699 2987 1815 3030 erat
1861 2978 2069 3044 impleri
2108 2980 2333 3047 legem),

748 3081 909 3134 quem
942 3068 1107 3120 alium
1134 3067 1265 3122 huic
1298 3069 1620 3135 provinciae,
1653 3085 1816 3138 quam
1843 3070 2011 3139 ipsius
2042 3072 2174 3141 legis
2205 3088 2338 3125 con-

749 3170 1145 3212 summatorem
1177 3176 1504 3229 praeponere
1524 3179 1740 3230 mqunm
1772 3164 1924 3218 erat?
1957 3164 2143 3234 Itaque
2182 3166 2340 3220 indu-

2424 661 2575 730 στὴν,
2603 663 2697 713 καὶ
2722 663 2848 724 τοὺς
2866 665 3246 735 ἀποστερητάς
3268 667 3524 718 τουτουσὶ
3544 669 3639 718 καὶ
3663 666 4002 729 λωποδύτας,

2424 754 2978 824 φιλανθρωποτέρους
3023 757 3134 810 τῶν
3186 758 3391 828 προῖκα
3442 758 3715 827 χρηστῶν.
3761 759 4003 826 Ἀνάγκη

2423 848 2531 916 γάρ
2557 847 2716 900 τοῦτο
2740 849 2814 917 μὴ
2845 850 3202 919 δυναμένους,
3231 851 3402 920 ἑτέρῳ
3448 851 3595 903 δυοῖν
3622 852 4002 918 περιπίπτειν·

2423 943 2454 1010 ἦ
2487 942 2623 1009 μετά
2652 939 2761 992 τῶν
2795 942 3069 995 Ἰουδαίων
3092 943 3236 995 κατά
3259 943 3354 997 τοῦ
3373 942 3562 996 καινοῦ
3589 944 3782 1012 στῆναι
3814 945 4006 1009 νόμου,

2426 1036 2650 1105 καὶτῆς
2697 1038 2923 1090 ἐκείνων
2987 1037 3400 1106 κληρονομῆσαι
3459 1041 3694 1104 μανίας’
3753 1036 3785 1106 ἢ
3845 1037 4009 1088 τοῦτο

2426 1130 2731 1198 φεύγοντας
2759 1131 2858 1201 τὴν
2901 1132 2960 1195 ἐξ
3014 1133 3192 1202 ἀρχῆς
3236 1133 3498 1186 ὑπόθεσιν
3555 1131 3741 1200 σαφῶς
3783 1132 4005 1191 ειδέναι,

2427 1223 2521 1273 καί
2554 1222 2728 1284 δίκαις
2762 1224 2851 1275 τὸν
2872 1225 3033 1276 τόκον
3063 1227 3183 1286 ταῖς
3220 1224 3476 1292 ἐσχάταις
3503 1226 3835 1293 ὑπαγαγεῖν,
3870 1227 4009 1296 ὅπερ

2427 1314 2617 1367 ἔλοιντ⁹
2652 1315 2715 1368 ἂν
2736 1316 2801 1384 ἢν
2824 1316 3075 1368 ὁπωσοῦν
3108 1316 3479 1385 σωφρονῶσιν.

2504 1497 2658 1566 Ἔχει
2714 1499 2818 1566 γὰρ
2875 1497 3071 1559 οὕτως.
3110 1497 3321 1562 Ἐδειξε
3372 1515 3553 1551 τοενυν
3599 1499 3656 1550 ἐν
3702 1499 4014 1567 ἀνθρώποις

2430 1588 2688 1654 γενέσθαι
2723 1588 3184 1656 φιλοσοφώτερον.
3220 1590 3315 1641 καί
3363 1589 3590 1651 καλλίω,
3624 1589 3720 1642 καὶ
3753 1588 3943 1657 παρὼν
3987 1590 4017 1641 ὁ

2431 1681 2748 1750 νομοθέτης.
2786 1683 2882 1747 Τίς
2909 1684 3018 1752 γὰρ
3050 1682 3115 1737 ἂν
3159 1682 3480 1735 ἐπιστεύετο
3507 1684 3575 1735 τὰ
3611 1683 3936 1753 γράμματα,
3979 1682 4014 1752 ἢ

2431 1775 2458 1824 ὁ
2483 1775 2654 1827 ταῦτα
2677 1775 2837 1837 δούς;
2881 1776 3113 1827 Ἔπειτα
3145 1775 3223 1837 δὲ,
3254 1775 3302 1826 εί
3329 1777 3427 1844 τῆς
3463 1775 3600 1843 πρδς
3633 1775 3724 1827 τὸν
3754 1774 3888 1827 Θεὸν
3919 1775 4018 1827 καὶ

2433 1866 2561 1927 τοὺς
2610 1865 2934 1934 ὁμοδούλους
2969 1866 3193 1933 ἀγάπης
3241 1865 3537 1935 ἐξήρτηται
3601 1866 3786 1933 νόμος,
3843 1866 3871 1916 δ
3922 1868 4018 1917 τὸν

2433 1950 2756 2021 ἀνδροφόνον
2771 1953 3089 2015 άποτιννίις,
3117 1954 3208 2005 καὶ
3226 1955 3317 2005 τὸν
3346 1954 3552 2023 μοιχὸν.
3583 1955 3677 2006 καὶ
3704 1958 3794 2007 τὸν
3823 1971 4019 2023 τοιχω-

2437 2046 2619 2113 ρύχον,
2659 2044 2752 2096 καὶ
2780 2044 2878 2114 τὴν
2902 2044 3072 2115 ψευδῆ
3131 2049 3442 2116 μαρτυρίαν
3477 2047 3741 2112 ἐλαύνων,
3776 2048 3873 2100 καὶ
3922 2049 4018 2100 τὸν

2432 2138 2590 2190 τόκον
2624 2138 2891 2206 ἀναιρῶν,
2940 2140 3033 2191 καὶ
3063 2139 3122 2190 τὸ
3169 2140 3307 2210 πρὸς
3338 2139 3431 2192 τὸν
3464 2140 3892 2211 πλησίονμῖσος
3927 2143 4021 2193 ἐκ·

2435 2232 2666 2296 ϐάλλων,
2724 2232 2819 2284 καὶ
2863 2231 3097 2283 τοιοῦτοι
3136 2233 3199 2297 δή
3249 2249 3392 2294 τινες
3423 2233 3578 2300 νόμοι
3630 2233 3768 2300 πρὸς
3811 2233 3911 2301 τὴν
3939 2232 4021 2295 είς

2434 2323 2698 2394 ἀλλήλους
2718 2325 2939 2393 ἀγάπην
2964 2325 3088 2386 τοὺς
3107 2323 3427 2394 ἀνθρώπους
3448 2322 3808 2386 διατιθέντες,
3829 2323 4020 2376 τοσοῦ-

2434 2434 2526 2469 τον
2581 2417 2928 2486 ἠδυνήθησαν
2986 2417 3170 2487 μόνον,
3230 2418 3357 2470 ὅσον
3411 2417 3503 2470 τδν
3566 2417 3668 2486 μὲν
3718 2419 4024 2486 εὐεργέτην

2437 2510 2662 2577 ποιῆσαι
2681 2509 2877 2576 φιλεῖν,
2904 2509 3102 2579 δρᾶσαι
3133 2509 3188 2561 δὲ
3219 2509 3386 2579 μηδὲν
3411 2509 3581 2562 κακὸν
3603 2510 3693 2561 τὸν
3719 2510 4024 2578 ἠδικηκότα

2441 2604 2644 2672 μηδὲν·
2688 2596 2763 2656 ὧν
2809 2602 3098 2672 οὐδέτερον
3136 2602 3354 2670 άληθῶς
3398 2602 3810 2672 φιλανθρωπία·
3850 2604 3910 2655 τό
3962 2619 4023 2654 τε

2438 2695 2544 2762 γὰρ
2575 2692 2649 2763 μὴ
2685 2695 2888 2762 μισεῖν,
2917 2692 3071 2746 οὔπω
3091 2694 3265 2761 φιλεῖν
3286 2696 3426 2756 ἐστι,
3475 2695 3536 2746 τό
3572 2711 3629 2746 τε
3665 2695 3758 2745 τὸν
3792 2710 4027 2762 πεποιη-

2441 2787 2571 2838 κότα
2613 2786 2811 2855 φιλεῖν,
2846 2787 2906 2839 ού
2951 2786 3043 2839 τὸν
3082 2787 3375 2856 ἄνθρωπόν
3414 2788 3531 2839 ἐστι
3562 2787 3871 2855 φιλοῦντος.
3904 2787 4024 2840 ἀλλ’

2440 2875 2573 2926 αὐτὸ
2599 2875 2663 2943 δὴ
2689 2873 2749 2927 τὸ
2783 2875 2843 2929 εὖ
2867 2877 3222 2930 πεπονθέναι.
3248 2877 3451 2930 Τοῦτον
3476 2877 3540 2947 δὴ
3568 2877 3659 2930 τὸν
3693 2879 3899 2948 τρόπον
3924 2878 4025 2948 τὴν

2441 2968 2666 3038 ἀγάπην
2713 2968 2823 3022 τῶν
2892 2970 3142 3026 παλαιῶν
3203 2971 3551 3042 γραμμάτων
3597 2972 3847 3024 ἀποῦσαν
3904 2972 4023 3025 δέον

2441 3057 2685 3124 εἰσάγειν
2718 3075 2732 3090 ·
2775 3059 2933 3114 τοῦτο
2982 3063 3092 3132 γὰρ
3135 3056 3204 3133 ἦν
3251 3063 3614 3135 πληρωθῆναι
3653 3065 3744 3117 τὸν
3797 3066 3968 3130 νόμον
4012 3081 4025 3096 ·

2442 3155 2564 3206 τίνα
2589 3153 2697 3206 τῶν
2721 3153 2897 3207 ἄλλων
2920 3155 3254 3222 εἰσενεγκεῖν
3276 3157 3425 3220 είκδς
3447 3153 3535 3228 ἦν,
3557 3159 3588 3228 ἢ
3613 3158 3704 3210 τὸν
3731 3159 3823 3212 τοῦ
3858 3159 4026 3226 νόμου

749 3252 850 3306 xit.
889 3249 1006 3304 Non
1036 3254 1181 3306 enim
1213 3263 1598 3308 testamentum
1630 3255 1852 3323 aliquod
1891 3257 2107 3310 tertium
2149 3273 2340 3327 exspe-
2369 3274 2404 3330 ε

2458 3247 2779 3316 εελειωτήνς
2815 3247 3015 3301 οὐκοῦν
3048 3250 3394 3317 εἰσήνεγκεν.
3428 3251 3504 3302 Οὐ
3541 3249 3646 3320 γάρ
3671 3249 3736 3320 δὴ
3760 3250 4027 3320 διαθήκην

750 3355 984 3407 ctamus,
1025 3363 1123 3402 nec
1176 3348 1343 3400 alium
1379 3347 1562 3415 populi
1597 3348 1876 3402 ductorem
1909 3350 2338 3404 moderatorem-

750 3452 877 3505 que,
906 3439 996 3506 qui
1028 3439 1282 3494 meliores
1306 3442 1448 3509 leges
1472 3437 1633 3493 ferat.
1661 3439 1896 3494 Proinde
1911 3456 2051 3510 opus
2081 3441 2182 3497 fuit
2206 3444 2339 3514 legi-

750 3531 876 3596 bus,
898 3548 1006 3585 non
1041 3534 1240 3596 solum,
1273 3532 1418 3585 «Non
1449 3533 1674 3586 habebis
1699 3534 1826 3588 odio
1847 3538 2216 3602 proximum,»
2244 3538 2341 3592 sed

755 3625 942 3687 etiam,
966 3645 984 3677 c
1011 3625 1208 3696 Diliges
1233 3625 1545 3694 proximum
1567 3627 1606 3678 ⁸.
1638 3645 1654 3677 ι
1679 3626 1835 3691 Quod
1853 3628 1898 3682 si
1928 3627 2140 3695 diliges.
2177 3629 2338 3682 etiam

754 3716 895 3771 bene
921 3717 989 3770 de
1020 3716 1110 3768 illo
1140 3717 1437 3772 mereberis
1477 3734 1583 3772 non
1616 3727 1826 3772 tantum
1862 3727 1920 3771 ut
1945 3720 2340 3785 remunereris,

754 3808 854 3862 sed
889 3808 1051 3862 etiam
1100 3819 1159 3861 ttt
1193 3809 1474 3863 beneficiis
1518 3819 1852 3864 antevertas.
1897 3810 2072 3878 Atque
2104 3811 2176 3864 ita
2229 3827 2337 3864 non

755 3900 933 3954 solum
968 3915 1073 3954 non
1105 3900 1262 3954 dabis
1308 3898 1486 3954 fenori
1527 3910 1816 3967 argentum
1854 3911 2006 3954 tuum
2035 3900 2192 3955 fratri
2226 3911 2340 3967 tuo,
2381 3884 2388 3891 ’

759 3993 812 4046 id
850 4006 956 4054 est,
995 3993 1130 4046 nihil
1166 3994 1235 4046 ab
1270 3993 1358 4045 illo
1390 3993 1715 4055 lucrabetis,
1748 3991 1841 4046 sed
1881 3995 2023 4059 quod
2058 3994 2140 4047 his
2168 3994 2344 4064 majus

757 4085 1020 4155 quiddam
1050 4094 1153 4150 est,
1187 4102 1309 4139 eum
1347 4084 1623 4153 indigente
1670 4093 1759 4139 tua
1807 4084 1973 4138 facies
2005 4089 2342 4142 communia.

758 4181 884 4233 llaec
920 4177 1315 4246 perfectissime
1356 4166 1662 4244 pnestanda
1705 4189 1864 4242 sunt;
1897 4192 2129 4245 quorum
2164 4176 2342 4245 negli-

759 4279 948 4337 gentes
994 4270 1339 4323 dccantatam
1376 4269 1521 4321 illam
1571 4269 1873 4332 gehennam
1912 4270 2056 4322 circa
2113 4270 2344 4338 impedi-

758 4371 1000 4416 mentum
1055 4362 1456 4429 experiuntur:
1497 4377 1515 4411 ι
1557 4357 1672 4414 lloc
1712 4359 1854 4412 enim
1891 4369 1977 4414 est
2029 4361 2344 4414 mandatum

757 4469 941 4508 meum
966 4495 980 4515 ,
1019 4452 1216 4520 inquit,
1245 4462 1304 4505 nt
1327 4452 1566 4518 diligatis
1607 4451 1840 4505 invicem
1870 4451 1891 4481 ⁵
1919 4469 1934 4515 ;
1964 4469 1981 4501 ι
2031 4466 2138 4504 non
2178 4467 2345 4507 unum

759 4547 829 4601 de
861 4546 1156 4604 mandatis.
1192 4547 1282 4600 sed
1325 4547 1500 4613 ipsum
1539 4544 1879 4598 mandatum.
1943 4542 2086 4612 Ergo
2132 4543 2176 4597 si
2232 4544 2348 4599 haec

756 4632 841 4695 est
868 4643 1120 4694 universa
1158 4641 1240 4693 lex
1279 4640 1481 4694 Christi
1508 4678 1522 4702 ,
1556 4640 1670 4693 haec
1698 4648 1783 4692 est
1815 4654 1936 4707 qua:
1968 4653 2201 4692 coronas
2249 4616 2420 4691 lia--D

759 4741 885 4798 bet;
919 4743 972 4788 et
1017 4745 1237 4804 prapter
1267 4749 1386 4788 eam
1408 4733 1566 4787 nobis
1603 4733 1872 4801 gehenna,
1920 4739 1973 4784 et
2003 4731 2260 4794 tenebrae,
2294 4738 2349 4784 ct

759 4828 902 4880 mala
934 4826 1180 4881 omnium
1213 4822 1535 4893 gravissima
1573 4823 1933 4876 intentantur.
1980 4818 2036 4873 Si
2083 4822 2230 4876 enim
2265 4829 2349 4872 to-

759 4929 870 4975 tam
915 4921 1083 4988 legem
1114 4918 1322 4971 violare
1382 4931 1490 4970 non
1548 4923 1630 4969 est
1664 4914 1838 4979 nefas,
1879 4916 2063 4969 nescio
2110 4929 2346 4983 quorum

761 5016 978 5066 tandem
1018 5021 1366 5082 peet'alorum
1398 5025 1588 5079 poenas
1641 5010 1816 5065 simus
1857 5009 2066 5072 lnituri,
2106 5008 2346 5077 autquis

759 5106 1121 5170 vapulaturus
1153 5105 1224 5158 sit
1261 5105 1466 5158 multis.

837 5199 900 5252 Et
939 5199 1069 5266 quid
1111 5200 1195 5253 his
1247 5213 1389 5268 opus
1443 5205 1550 5260 est,
1603 5212 1729 5251 cum
1788 5196 1961 5265 ipsam
2014 5194 2350 5265 legislatoris

764 5293 1094 5348 sententiam
1149 5293 1349 5360 legere,
1395 5305 1570 5359 eaque
1617 5290 1960 5358 propositum
2021 5288 2353 5342 confirmare

764 5387 968 5443 liceat?
995 5404 1012 5438 ι
1042 5386 1309 5440 Discedite
1332 5399 1361 5438 a
1385 5399 1491 5445 me,
1541 5382 1836 5446 maledicti,
1863 5381 2061 5451 inquit,
2088 5382 2140 5434 in
2173 5381 2349 5450 ignem

765 5491 1032 5535 aeternum
1078 5479 1131 5544 ⁴;
1182 5497 1199 5528 ι
1242 5459 1350 5530 non
1376 5493 1503 5542 quia
1548 5476 1705 5530 fenus
1747 5475 2060 5543 accepistis,
2087 5475 2180 5528 sed
2217 5473 2347 5540 quia

765 5575 833 5627 de
869 5573 1065 5627 vestris
1101 5571 1455 5625 facultatibus
1488 5571 1572 5623 his
1601 5568 1692 5638 qui
1721 5568 1953 5636 egebant
1987 5565 2124 5620 nihil
2155 5565 2350 5620 tribui-

769 5665 890 5724 stis,
927 5663 1170 5718 Audin“?
1202 5662 1322 5717 Jatn
1349 5663 1395 5717 si
1433 5677 1530 5714 sua
1565 5677 1671 5714 non
1704 5658 2054 5728 projicientes
2087 5667 2193 5711 tam
2225 5672 2350 5727 gra-

771 5756 913 5813 viter
966 5757 1195 5821 multat,
1248 5767 1601 5811 emunctores
1658 5756 1794 5810 istos
1849 5761 1903 5808 et
1960 5752 2350 5822 compilatores

843 5937 865 5972 ⁵
894 5936 1066 5996 chit.
1102 5953 1214 6007 xu,
1253 5936 1338 6006 ιτ,
1386 5935 1488 6005 l8;
1533 5933 1723 5990 Matth.
1760 5949 1896 6004 χιιι,
1935 5933 2023 5989 '59.

2105 5934 2123 5966 ⁵
2154 5929 2308 5988 Joan.
2362 5944 2482 5996 χιιι,
2515 5928 2607 5984 ⁸54.

2444 3338 2635 3409 τρίτην
2675 3340 2799 3395 τινά
2837 3342 3256 3411 προσδοκῶμεν,
3289 3343 3411 3395 οὐδέ
3450 3343 3788 3413 δημαγωγὸν
3815 3345 4027 3414 ἕτερον,

2443 3431 2502 3494 ὃς
2532 3432 2739 3484 καλλίω
2777 3435 3158 3503 νομοθετήσει.
3197 3435 3309 3489 Καὶ
3349 3435 3531 3488 τοίνυν
3580 3437 3794 3505 ἀνάγκη
3848 3439 4028 3505 νόμων

2441 3524 2502 3576 οὗ
2537 3523 2696 3592 μόνον
2727 3527 2810 3578 Οὐ
2826 3527 3134 3595 μισήσεις,
3164 3527 3301 3580 ἀλλά
3323 3531 3438 3591 καὶ,
3459 3529 3748 3598 Φιλήσεις
3763 3529 3870 3585 τόν
3890 3533 4029 3597 όμο-

2443 3619 2662 3684 φυλον.
2699 3617 2758 3668 Ei
2795 3617 2852 3669 δὲ
2884 3617 3130 3687 φιλήσεις
3178 3618 3270 3673 καὶ
3300 3616 3362 3671 εὖ
3385 3621 3650 3688 ποιήσεις,
3686 3621 3786 3678 οὐκ
3805 3621 4030 3690 ἀμειδὸ-

2449 3729 2606 3780 μενος
2658 3713 2839 3780 μόνον,
2892 3705 3028 3766 ἀλλά
3087 3715 3182 3765 καὶ
3243 3715 3509 3784 ὑπάρχων
3568 3715 3830 3786 χρηστός.
3883 3717 3946 3769 Ei
3977 3717 4030 3769 δὲ

2447 3803 2622 3865 τοῦτο,
2656 3805 2754 3874 οὐχ
2801 3805 2950 3866 ὅπως
2998 3805 3098 3857 οὐκ
3137 3806 3406 3868 ἐκτοκιεῖς
3437 3808 3497 3860 τδ
3529 3808 3796 3877 ἀργύριόν
3828 3825 3923 3864 σου
3955 3812 4030 3872 τῷ

2445 3894 2661 3965 ἀδελφῷ
2699 3912 2817 3961 σου,
2852 3897 2994 3968 ὅπερ
3027 3899 3201 3960 ἐστὶν,
3252 3900 3312 3952 ού
3345 3900 3455 3952 τῶν
3487 3896 3703 3954 ἐκείνου
3739 3919 3794 3954 τι
3833 3903 4031 3970 κερδαο

2446 3990 2590 4051 νεῖςσ
2638 3989 2777 4042 ἀλλά
2815 3992 2910 4042 καὶ
2943 3991 3133 4043 τούτου
3169 3991 3336 4044 πλέον
3362 3989 3417 4045 τι
3451 3994 3559 4045 τῶν
3591 3993 3792 4046 σαυτοῦ
3843 4011 4032 4047 κοινωο

2446 4081 2652 4150 νήσεις.
2683 4082 2872 4136 Ταῦτα
2897 4083 2954 4135 δέ
2983 4083 3281 4150 φυλάσσειν
3318 4083 3384 4136 ἐκ
3422 4085 3629 4147 παντὸς
3657 4086 3887 4155 τρόπου,
3939 4090 4036 4140 καὶ

2445 4177 2574 4238 τοὺς
2604 4175 2981 4246 περιορῶντας
3013 4177 3170 4228 οὐδὲν
3207 4176 3411 4229 κωλύει
3443 4177 3541 4245 τῆς
3576 4178 3936 4247 ὑμνουμένης
3971 4178 4033 4230 ἀν

2447 4267 2778 4338 πειραθῆναι
2808 4267 3057 4338 γεέννης.
3116 4286 3134 4318 ι
3159 4266 3307 4337 Αὕτη
3358 4269 3464 4337 γάρ
3513 4270 3662 4322 ἐστιν
3701 4271 3736 4339 ή
3771 4271 3964 4339 ἐντολὴ
4002 4272 4035 4340 ἡ

2447 4361 2579 4431 ἐμὴ,
2616 4361 2804 4430 φησὶν,
2866 4361 2955 4412 ἵνα
2984 4362 3238 4423 ἀγαπᾶτε
3281 4360 3548 4430 ἀλλήλους
3578 4377 3590 4390 ⁸
3629 4379 3647 4412 ι
3683 4362 3744 4413 οὐ
3801 4361 3900 4431 μία
3931 4363 4036 4414 τῶν

2448 4452 2702 4516 ἐντολῶν,
2729 4453 2846 4503 ἀλλ’
2878 4452 3018 4521 αὐτὴ
3050 4453 3082 4522 ἠ
3115 4453 3326 4522 ἐντολή,
3354 4452 3418 4505 Εἰ
3445 4453 3502 4506 δέ
3533 4454 3692 4506 τοῦτο
3753 4456 3863 4516 πᾶς
3892 4456 3919 4506 ὀ
3944 4453 4035 4508 τοῦ

2452 4545 2694 4614 Χριστοῦ
2738 4547 2927 4615 νόμος,
2959 4540 3116 4608 οὗτος
3163 4545 3316 4614 μένὸ
3362 4547 3486 4610 τοὺς
3526 4548 3832 4616 στεφάνους
3877 4549 4036 4617 ἔχων,

2455 4640 2592 4709 ὑπὲρ
2623 4641 2815 4691 τούτου
2840 4639 2898 4691 δὲ
2920 4639 3112 4706 γέεννα
3134 4639 3230 4691 καί¹
3269 4639 3461 4702 σκότος
3493 4639 3804 4693 ἀπειλεῖται
3837 4641 3936 4694 καὶ
3973 4641 4041 4692 τὰ

2453 4733 2656 4801 ἔσχατα
2695 4731 2804 4785 τῶν
2835 4731 3044 4786 κακῶν.
3081 4730 3145 4784 Εἰ
3178 4734 3291 4800 γάρ
3321 4729 3414 4783 τὸν
3439 4731 3659 4784 ἅπαντα
3689 4733 3861 4799 νόμον
3887 4734 4039 4785 οὐδὲν

2450 4822 2622 4875 δεινὸν
2674 4822 3053 4893 ὑπερϐαίνειν.
3097 4822 3199 4874 οὐκ
3247 4817 3370 4875 οἶδα
3420 4823 3585 4874 τίνων
3615 4823 4040 4893 ἁμαρτημάτων

2450 4916 2677 4984 τίσομεν
2704 4915 2883 4981 δίκας,
2908 4916 2942 4987 ἢ
2972 4915 3058 4979 τίς
3081 4914 3652 4985 δαρήσεται-πολλάς.

2525 5183 2633 5236 Καὶ
2648 5182 2701 5234 τί
2729 5181 2814 5234 δεῖ
2833 5177 3064 5243 τούτων,
3089 5177 3219 5230 ὅταν
3232 5172 3407 5245 αὐτὴν
3427 5175 3523 5243 ἐξῇ
3546 5174 3645 5239 τὴν
3665 5175 3851 5245 ψῆφον
3873 5177 4042 5245 ἀναγ-

2451 5281 2610 5333 νόντα
2629 5275 2720 5329 τοῦ
2741 5273 3034 5346 νομοθέτου
3051 5270 3312 5334 anserem
3327 5269 3390 5322 τὸ
3409 5270 3794 5351 προκείμενον;
3810 5288 3829 5320 ι
3845 5269 4046 5338 Πορεύ-

2453 5373 2603 5437 εσθε,
2629 5371 2814 5439 φησιν,
2841 5366 2938 5421 ἀπ’
2961 5365 3120 5436 ἐμοῦ,
3153 5366 3202 5417 οἰ
3240 5364 3639 5434 κατηραμένοι,
3660 5364 3742 5426 είς
3766 5365 3829 5416 τὸ
3850 5363 3968 5427 πῦρ
3991 5363 4049 5416 τὸ

2455 5465 2729 5529 αἱώνιον,›
2770 5461 2871 5530 οὐχ
2895 5459 2979 5512 δτι
3009 5458 3206 5518 τόκους
3240 5455 3352 5509 ἀπὸ
3377 5455 3488 5508 τῶν
3513 5453 3761 5521 ἀδελφῶν
3795 5451 4048 5510 ὲλάὕετε,

2455 5559 2572 5615 ἀλλ’
2605 5559 2686 5611 ὅτι
2717 5554 2830 5608 τῶν
2860 5551 3079 5606 οἰκείων
3121 5550 3181 5603 οὐ
3220 5547 3564 5624 μετεδώκατε
3595 5549 3708 5608 τοῖς
3747 5545 4051 5615 δεηθεῖσιν.

2469 5653 2715 5714 ’Δκούεις
2739 5667 2754 5717 ;
2791 5650 2841 5702 εἰ
2869 5647 2927 5701 δέ
2960 5646 3088 5709 τοὺς
3116 5644 3193 5715 μὴ
3222 5643 3291 5697 τὰ
3315 5643 3493 5697 οἰκεῖα
3517 5641 3816 5712 ρίπτοντας
3855 5638 4056 5692 τοσού-

2458 5765 2566 5802 των
2600 5746 2828 5814 τιμᾶται
2861 5740 3071 5802 κακῶν,
3096 5738 3226 5800 τοὺς
3253 5735 3637 5808 ἀποστερητέκ
3665 5733 3929 5789 τουτουσὶ
3961 5733 4058 5787 καὶ

2685 5926 2704 5957 ⁶
2740 5921 2930 5978 Matth.
2963 5936 3086 5988 xxv,
3123 5917 3209 5972 ll.
