4262 6460
712 400 833 463 735‘

1974 395 2285 456 NlCOLAI
2327 395 2724 457 CABASILB

3862 385 3983 451 736

720 512 845 575 das,
893 519 946 566 et
1004 509 1186 564 adhuc
1238 509 1418 564 aliena
1467 508 1704 564 retinere
1755 508 2203 577 deprehenderis,
2248 513 2303 560 et
2333 512 2376 568 Λ

2410 515 2548 581 πρός
2581 530 2645 581 γε
2691 514 2769 566 ἔτι
2802 512 3094 582 τάλλότρια
3142 509 3389 577 κατέχων
3413 506 3653 576 ἁλίσκῃο
3702 502 3798 556 καὶ
3844 517 3972 553 τοσ-

720 612 875 657 tanto
915 602 1155 657 deterior
1186 616 1245 655 es
1276 602 1345 656 iis
1377 602 1467 670 qui
1523 603 1575 655 in
1629 603 1938 670 gehennam
1982 601 2289 660 mittantur,

2401 604 2544 674 ούτῳ
2570 603 2763 673 χείρων
2782 601 2957 664 eisi-3v
2985 605 3061 664 εἰς
3094 602 3191 671 τὴν
3214 602 3440 668 γέενναν
3464 601 3643 651 ἀποπε
3653 594 3979 663 μαιομένων,

720 704 928 763 quanto
956 693 1293 748 tolerabilius
1318 703 1403 749 est
1435 709 1535 749 nec
1567 693 1706 748 bene
1735 692 1993 762 cuipiam,
2029 706 2127 746 nec
2156 690 2295 743 male

2401 694 2528 746 ὅσον
2563 694 2942 761 ἀνεκτότερον,
2973 692 3035 744 τὸ
3068 692 3209 761 μήτε
3242 685 3302 743 εὖ
3337 689 3582 757 ποιῆσαι,
3615 686 3754 754 μήτε
3776 680 3981 741 κακῶς

722 787 927 843 facere.
961 798 1123 851 quam
1160 784 1505 837 malefacere.

796 874 903 928 Sed
930 874 1036 936 lex,
1066 872 1262 941 inquit,
1286 874 1563 927 communi
1590 874 1736 927 bono
1762 874 2110 941 adversatur;
2140 890 2302 945 opor-

721 977 799 1023 tet
834 968 976 1021 enim
1015 966 1069 1020 in
1120 964 1438 1020 civitatibus
1484 966 1783 1020 creditores
1825 981 1968 1021 esse.
2004 966 2165 1035 Atqui
2208 983 2300 1020 su-

725 1059 878 1112 blato
923 1057 1108 1111 fenore
1141 1058 1273 1111 nulli
1319 1059 1429 1114 sint
1464 1072 1689 1113 necesse
1736 1056 1947 1125 estqui
2002 1056 2133 1110 dent
2183 1072 2304 1109 mu-

2403 785 2497 837 τοῦ
2524 785 2719 852 δρᾶσαι
2750 782 2957 845 κακῶς.

2489 872 2628 927 Ἀλλ’
2657 876 2685 927 6
2714 874 2877 940 νόμος
2909 870 2987 941 τῷ
3018 869 3187 941 κοινῷ
3210 868 3484 921 λυσιτελεῖ
3513 865 3766 933 πολεμεῖ,
3799 860 3933 931 φησί
3957 876 3978 895 ο

2406 968 2487 1022 δεῖ
2523 965 2631 1035 γὰρ
2674 966 2734 1018 ὲν
2783 966 2905 1024 ταῖς
2954 962 3141 1015 πόλεσι
3189 962 3433 1032 χρήστας
3486 957 3650 1012 εἶναι.
3701 957 3892 1009 Τόκων
3919 953 3981 1004 δὲ

2408 1059 2838 1127 ἀναιρουμένων,
2864 1055 3082 1123 ἀνάγκη
3110 1052 3355 1123 χρήστας
3383 1052 3458 1121 μὴ
3492 1044 3655 1103 εἶναι.
3688 1046 3800 1100 Καὶ
3821 1047 3851 1099 ό
3880 1044 3982 1111 μὲν

725 1159 901 1205 tuum.
936 1151 1080 1205 Deus
1110 1153 1328 1220 quidem
1359 1151 1506 1220 quod
1540 1150 1847 1205 conducere
1902 1149 2154 1209 censuit,
2201 1148 2305 1203 hoc

2409 1150 2562 1213 Θεὸς,
2590 1151 2618 1202 ὃ
2637 1167 2687 1201 τι
2726 1150 3030 1219 συμφέρειν
3055 1147 3306 1216 ἐνόμισεν
3339 1144 3503 1213 ἔθηκε
3522 1160 3538 1176 ·
3569 1143 3635 1196 σὺ
3666 1142 3723 1194 δὲ
3750 1138 3985 1208 διαγρᾲ-

725 1244 843 1312 lege
874 1244 1228 1313 pnescripsit.
1259 1242 1340 1297 Tu
1386 1243 1561 1310 legem
1608 1243 1888 1311 antiquas,
1925 1250 1980 1296 et
2027 1242 2303 1295 meliorem

2412 1259 2555 1310 φεις,
2590 1241 2685 1295 καὶ
2715 1240 2817 1293 οῐει
2861 1239 2926 1309 δὴ
2959 1238 3057 1291 τοῦ
3098 1234 3235 1290 Θεοῦ
3265 1235 3471 1290 καλλίω
3499 1233 3855 1301 νομοθετεῖν;
3890 1231 3987 1281 καὶ

726 1335 1005 1390 ferendam
1039 1344 1216 1402 putas,
1260 1350 1423 1403 quam
1459 1334 1602 1388 Deus
1650 1335 1871 1400 tulerit,
1919 1345 1971 1387 et
2023 1334 2304 1388 communi

2412 1332 2506 1385 τοῦ
2528 1330 2709 1383 κοινοῦ
2736 1329 2843 1382 τῶν
2876 1327 3181 1397 ἀνθρώπων
3208 1324 3559 1395 προνοεῖσθαι
3602 1322 3701 1392 μὲν
3742 1321 3988 1388 σοφώτε-

728 1428 1014 1481 hominum
1043 1425 1439 1480 consulendum
1479 1425 1806 1495 sapientius,
1838 1426 2310 1494 prospiciendum-

727 1537 834 1589 que
865 1520 1179 1575 humanius.
1224 1517 1365 1572 Sane
1392 1519 1435 1572 si
1469 1518 1721 1583 Athenis,
1752 1534 2075 1587 progressus
2103 1518 2156 1571 in
2195 1534 2307 1571 me-

731 1614 906 1677 dium,
942 1612 1162 1667 Solonis
1192 1611 1339 1681 leges
1381 1612 1727 1679 abroganuas
1771 1610 2003 1665 suadere
2054 1612 2308 1664 institue-

733 1724 843 1773 res,
878 1705 1218 1760 moriendum
1247 1705 1340 1759 tibi
1373 1704 1533 1771 foret,
1561 1715 1852 1773 antequam
1878 1719 2065 1758 vocem
2095 1706 2309 1758 ederes:

732 1815 878 1855 nunc
909 1799 1002 1853 Dei
1035 1798 1205 1868 legem
1236 1812 1514 1853 accusans
1540 1838 1556 1859 ,
1587 1806 1643 1851 et
1676 1797 1895 1867 quidem
1943 1797 2163 1864 injuriae
2210 1810 2312 1865 pu-

2417 1439 2529 1491 ρον,
2561 1419 2821 1487 κήδεσθαι
2850 1419 2907 1471 δὲ
2940 1417 3487 1489 φιλανθρωπότερονς
3519 1413 3629 1466 Καὶ
3662 1414 3710 1463 εἰ
3755 1411 3854 1479 μὲν
3889 1410 3990 1461 Σό-

2418 1511 2584 1571 λωνος
2608 1509 2640 1577 ἦ
2664 1508 2985 1576 Λυκούργου
3008 1509 3171 1576 νόμον
3190 1506 3365 1567 ἔλυες,
3383 1504 3653 1573 Ἀθήνῃσι
3680 1499 3990 1569 παρελθὼν,

2417 1602 2519 1656 κᾶν
2540 1602 2885 1668 ἀπέθνησκες
2906 1600 3038 1671 πρὶν
3060 1601 3280 1670 ἀφείναι
3307 1600 3495 1667 φωνήν
3521 1616 3532 1627 ·
3571 1596 3667 1649 νῦν
3694 1596 3748 1648 δὲ
3776 1594 3871 1646 τὸν
3895 1592 3994 1645 τοῦ

2417 1693 2554 1747 Θεοῦ
2584 1693 2748 1761 νόμον
2791 1693 3164 1762 γραφόμενος,
3202 1693 3296 1743 καὶ
3331 1689 3506 1743 ταῦτα
3558 1686 3838 1756 δημοσίων
3880 1685 4002 1737 ἀδιο

2421 1784 2706 1855 κημάτων,
2732 1784 2794 1837 οὐ
2816 1784 3118 1854 παράνοιαν
3139 1784 3245 1853 ἡγῇ
3276 1784 3373 1851 τὴν
3397 1781 3625 1850 ¹ιόλμοιν,
3649 1777 3769 1830 οὐδὲ
3799 1775 4003 1844 μανίαν

736 1892 910 1955 blicae,
938 1907 1047 1946 non
1084 1892 1226 1945 hanc
1262 1890 1619 1944 temeritatem
1653 1898 1813 1958 putas
1860 1888 2159 1956 iniuriam;
2207 1901 2313 1941 non
2350 1860 2389 1915 η

2381 1863 2391 1914 ι
2420 1878 2520 1947 τὴν
2550 1875 2809 1946 Ξσχάτην,
2840 1874 2962 1928 οὐδὲ
2996 1874 3279 1944 σκηπτοὺς
3310 1872 3665 1942 προσδοκᾷςς
3717 1868 3917 1939 μᾶλλον
3942 1866 4003 1919 δὲ

736 1986 1031 2040 amentiam
1063 1994 1385 2045 extremam,
1415 1996 1514 2036 nec
1544 1982 1750 2036 fulmen
1781 1980 2159 2047 metuis.Quin
2196 1980 2313 2034 into

2421 1968 2526 2022 εδει
2553 1967 2654 2039 μὲν
2678 1968 2810 2037 ἡμῖν
2846 1966 3056 2029 οὐδενὸς
3079 1967 3180 2037 ἤδη
3210 1965 3371 2033 λόγου
3402 1963 3538 2035 πρὸς
3584 1962 3711 2023 τοὺς
3742 1960 4007 2027 ἀνοήτους

737 2094 849 2133 non
883 2086 1039 2133 erant
1075 2076 1232 2131 nobis
1265 2076 1431 2130 verba
1470 2074 1712 2130 facienda
1744 2072 1813 2127 ad
1851 2082 1958 2128 tam
1992 2073 2318 2142 insipientes

2421 2060 2665 2123 τούτους,
2706 2060 2804 2130 οὐχ
2850 2055 3012 2132 ἦττον
3045 2058 3078 2128 ἢ
3126 2057 3453 2127 τολμηρούς,
3494 2055 3581 2117 Ὧς
3620 2052 3688 2107 ἂν
3721 2052 3777 2104 δὲ
3810 2050 3886 2121 μὴ
3916 2048 4008 2101 λέ-

739 2187 894 2239 ιειιιιθ
947 2187 1010 2225 ac
1059 2170 1399 2225 temerarios.
1432 2168 1509 2224 Ne
1545 2178 1727 2224 tamen
1771 2170 2157 2223 existimantur
2207 2170 2311 2223 ali-

742 2265 871 2333 quid
903 2265 1086 2317 dicere
1113 2273 1166 2318 et
1198 2263 1460 2332 quosdam
1509 2262 1562 2315 in
1603 2276 1844 2315 errorem
1883 2260 2174 2327 deducant,
2206 2276 2323 2315 om-

747 2361 899 2415 nium
939 2358 1265 2413 szeculorum
1300 2357 1637 2425 respublicas
1665 2356 1803 2410 bene
1840 2364 2169 2424 temperatas
2194 2370 2324 2410 con-

743 2452 1063 2516 sideremus,
1094 2450 1367 2520 inquibus
1396 2448 1570 2504 fenori
1596 2448 1902 2502 exercendo
1930 2447 2083 2504 locus
2129 2449 2319 2505 nullus

746 2542 869 2599 fuit.

822 2634 1084 2695 Primum,
1120 2631 1328 2686 Hebr:ei
1372 2647 1485 2702 quo
1538 2631 2155 2695 iufelicioresfuerunt,
2198 2632 2329 2701 quia

748 2728 922 2792 legem
977 2726 1321 2780 servarunt?
1382 2741 1561 2779 nonne
1604 2725 1949 2779 felicissimi?
1992 2740 2172 2778 nonne
2213 2734 2330 2778 tro-

742 2818 1284 2895 ipsisdloruerunt?
1334 2835 1514 2873 nonne
1578 2820 1821 2874 hostium
1863 2819 2118 2887 regiones
2165 2833 2333 2872 oecu-

750 2912 987 2989 parunt?
1036 2909 1135 2977 Qui
1164 2925 1328 2980 porro
1359 2927 1503 2964 nunc
1536 2910 1883 2965 Palaestinam
1916 2911 2166 2965 habitant
2196 2909 2333 2963 Bar-

752 3006 892 3066 bari,
921 3013 974 3058 et
1001 3021 1132 3075 gens
1166 3015 1271 3057 Iam
1308 3003 1567 3072 frequens
1595 3003 1918 3058 Latinorum
1946 3044 1961 3069 ,
1994 3012 2206 3058 tantum
2253 3004 2334 3058 lc-

753 3114 873 3167 gent
908 3114 1015 3152 non
1051 3097 1360 3160 adorantes,
1394 3112 1580 3178 nonne
1616 3097 1759 3151 bene
1787 3097 2028 3151 habent?
2058 3096 2201 3152 Solis
2236 3112 2336 3150 no-

758 3191 843 3246 his
889 3190 1077 3245 nescio
1127 3189 1256 3258 quid
1300 3188 1732 3256 intelligentibus
1779 3189 2000 3257 sapiens
2033 3188 2138 3243 hoc
2168 3197 2411 3258 genusc

759 3282 1116 3343 crediturum,
1146 3296 1343 3334 novam
1382 3282 1677 3348 quamdam
1713 3281 2023 3347 reipublicae
2055 3281 2286 3335 salutem
2309 3306 2339 3345 -,

757 3376 1106 3444 iniquitatem
1145 3373 1358 3429 scilicet
1389 3373 1616 3439 invenit,
1649 3382 1705 3427 et
1751 3374 1975 3429 student
2012 3379 2342 3443 persuadere

762 3469 1111 3533 hominibus,
1161 3484 1282 3539 quae
1324 3471 1504 3539 primo
1557 3467 1766 3521 homini
1814 3466 2022 3535 primus
2077 3466 2345 3534 impostor

763 3564 1055 3634 persuasit,
1085 3561 1361 3615 mandatis
1412 3560 1506 3615 Dei
1552 3576 1707 3615 suam
1740 3561 2066 3615 sententiam
2120 3569 2346 3629 antepo-

766 3671 916 3719 nere,
944 3665 998 3708 et
1036 3654 1125 3708 illa
1161 3653 1507 3725 negligenda,
1540 3654 1655 3707 suis
1685 3662 1865 3706 autem
1914 3652 2301 3707 adhmrendum
2328 3692 2343 3716 ,

690 3812 699 3821 -
766 3755 826 3801 ut
854 3746 1097 3801 omnium
1130 3746 1387 3815 optimis;
1416 3755 1470 3800 et
1494 3746 1695 3799 violare
1727 3746 1889 3814 leg-'s,
1928 3745 2060 3799 nihil
2086 3758 2207 3800 esse
2232 3744 2351 3813 pia-

767 3839 970 3898 culare.
995 3848 1043 3893 et
1086 3837 1311 3907 insuper
1339 3837 1390 3891 id
1426 3837 1781 3903 audentibus,
1813 3835 1964 3901 utile;
1997 3836 2353 3904 quemadmo—
2386 3857 2405 3872 -

768 3927 898 3982 dum
933 3936 1205 3982 veterator
1235 3927 1322 3983 ille
1355 3946 1370 3983 :
1411 3946 1429 3979 ι
1472 3926 1615 3989 Νοη.
1653 3929 1871 3998 inquit,
1924 3937 2102 3981 morte
2151 3932 2349 3983 utorle-

770 4020 927 4079 mini,
961 4020 1051 4073 sed
1084 4020 1238 4074 eritis
1270 4020 1413 4073 sicut
1444 4019 1519 4072 dii
1545 4019 1587 4072 ⁷.
1621 4037 1641 4070 ι
1670 4020 1753 4072 An
1789 4035 1899 4073 non
1937 4020 2071 4073 tales
2101 4028 2231 4074 sunt
2258 4021 2354 4072 ho—

768 4126 892 4164 rum
928 4110 1133 4164 voces?
1168 4109 1232 4164 Et
1268 4110 1383 4164 hac
1416 4111 1720 4164 sentientes
1758 4125 1865 4163 non
1894 4110 2350 4175 contremiscunt,

771 4216 872 4256 nec
902 4202 1233 4257 erubescunt
1261 4221 1273 4255 ;
1307 4200 1399 4255 sed
1431 4201 1483 4254 in
1519 4200 1723 4271 quibus
1756 4200 1860 4269 ipsi
1905 4200 2225 4269 reipublicz
2257 4200 2352 4254 de-

772 4292 1078 4348 trimentosi
1105 4302 1253 4357 sunt,
1286 4303 1343 4347 et
1386 4305 1607 4363 propter
1649 4308 1770 4363 qute
1824 4291 2031 4347 ultimis
2078 4290 2352 4346 mactandi

771 4397 958 4444 essent
984 4387 1344 4449 cruciatibus,
1370 4386 1567 4441 horum
1602 4386 1775 4456 legem
1804 4385 2045 4439 divinam
2069 4391 2354 4439 accusant.

2416 4416 2419 4419 ,
2458 4360 2693 4432 ισχάτας
2727 4356 2917 4410 ἔδοσαν
2962 4350 3157 4410 δίκας,

2423 2170 2541 2221 γειν
2569 2168 2624 2204 τι
2644 2150 2947 2216 δοκοῦντες,
2979 2149 3157 2210 ἐνίους
3184 2146 3500 2212 ἐξαπατῶσι
3524 2184 3540 2209 ,
3586 2141 3881 2208 σκοπῶμεν
3902 2138 4005 2200 τὰς

2425 2248 2491 2299 ὲκ
2535 2244 2629 2298 τοῦ
2683 2242 2885 2303 παντὸς
2935 2241 3133 2304 αἰῶνος
3164 2239 3466 2301 πολιτείας,
3513 2238 3572 2291 αἳ
3610 2234 3793 2296 καλῶς
3825 2230 4011 2284 ἑπολί-

2425 2350 2652 2401 τευσαν,
2687 2330 2762 2391 ῶν
2802 2337 2961 2399 τόκος
2989 2330 3057 2405 ἦν
3086 2332 3349 2403 οὐδαμοῦ.

2500 2615 2611 2668 Καὶ
2652 2610 2873 2681 πρῶτον
2920 2605 3169 2676 Ἑϐραῖοι
3207 2602 3263 2657 τί
3292 2603 3477 2674 χεῖρον
3504 2598 3772 2668 ἔπραξαν,
3809 2596 3891 2647 ὅτι
3919 2594 4017 2646 τὸν

2431 2708 2597 2777 νόμον
2638 2704 2884 2766 ἔσωσαν,
2936 2700 2997 2752 ού
3039 2698 3217 2761 πάντα
3267 2693 3565 2763 εὐτύχουν;
3613 2691 3675 2743 ού
3720 2685 4015 2760 τροπαίοις

2433 2799 2715 2869 ἦνθησανς
2764 2795 2823 2847 οὐ
2878 2791 2979 2861 τὴν
3022 2789 3302 2861 πολεμίων
3349 2784 3746 2869 εκαρτιώσαντο
3775 2779 3918 2848 γῆνς
3961 2777 4018 2828 οἱ

2434 2866 2493 2942 δὲ
2519 2866 2614 2941 νῦν
2641 2883 3007 2952 Παλαιστίνην
3039 2878 3319 2940 οἰκοῦντες
3355 2866 3645 2947 βάρϐαροι,
3681 2870 3927 2926 τοσαῦτα
3956 2870 4020 2920 δὲ

2436 2980 2568 3050 γένη
2616 2960 2885 3038 Λατίνων,
2915 2973 2979 3026 οὐ
3013 2972 3173 3041 μόνον
3206 2969 3267 3022 οὐ
3316 2968 3406 3020 τὸν
3439 2967 3608 3035 νόμον
3640 2957 4022 3028 προσκυνοῦν-

2436 3091 2529 3137 τες
2558 3071 2617 3125 εὖ
2662 3071 2996 3140 πράττουσι;
3027 3063 3227 3125 Μόνοις
3254 3060 3312 3114 δὲ
3353 3060 3485 3129 ἡμῖν
3514 3057 3615 3110 οὐκ
3644 3050 3741 3107 οἷδ’
3771 3054 3800 3105 ὅ
3830 3068 3884 3104 τι
3919 3067 4028 3121 μα-

2443 3167 2622 3230 θοῦσι,
2648 3165 2708 3218 τὸ
2743 3161 2906 3229 σοφὸν
2934 3158 3093 3212 τοῦτο
3109 3156 3218 3209 τῶν
3234 3152 3589 3221 τοκογλύφων
3614 3149 3792 3217 γένος,
3822 3145 4028 3214 καινήν

2442 3276 2565 3313 τινα
2598 3255 2872 3326 σωτηρίαν
2904 3249 2999 3304 τοῦ
3030 3246 3235 3311 κοινοῦ,
3266 3245 3367 3316 τὴν
3402 3244 3755 3314 παρανομίαν
3807 3237 4027 3305 ἐξεῦρε,

2444 3355 2541 3408 καὶ
2573 3350 2799 3422 ζητοῦσι
2831 3346 3043 3400 πείθειν
3075 3340 3422 3414 ἀνθρώπους,
3466 3337 3503 3391 ἀ
3530 3336 3623 3390 τὸν
3662 3332 3885 3401 πρῶτον
3930 3330 4033 3383 ἀν-

2447 3447 2666 3517 θρωπον
2703 3446 2731 3496 ό
2761 3440 2979 3511 πρῶτος
3018 3436 3206 3490 ἔπεισε
3242 3431 3609 3500 συκοφάντης.
3651 3446 3762 3482 των
3793 3425 4031 3479 ἐντολῶν

2447 3514 2543 3591 ac.
2568 3532 2708 3587 Θεοῦ
2742 3531 2842 3601 τὴν
2879 3527 3061 3581 αὐτῶν
3113 3522 3474 3578 ἀλλάττεσθαι
3502 3519 3753 3587 γνώμην,
3802 3514 3899 3567 καὶ
3930 3514 4035 3601 τὰς

2453 3626 2552 3697 μὲν
2583 3600 2867 3693 περιορᾷν,
2895 3618 3082 3678 αὐτοῖς
3107 3614 3165 3667 δὲ
3189 3607 3584 3695 προστίθεσθαι
3606 3606 3736 3663 δεῖν,
3766 3603 3843 3664 ὠς
3870 3601 3935 3668 δὴ
3962 3600 4035 3697 τά

2452 3695 2707 3790 βέλτιστα
2761 3713 2981 3765 πάντων
3045 3706 3351 3774 εἰσάγουσι,
3410 3699 3505 3754 καὶ
3564 3698 3644 3753 τὸ·
3683 3695 4035 3766 παρανομεῖν

2448 3784 2575 3862 οὔτε
2615 3805 2788 3858 δεινὸν
2810 3801 2965 3854 οὐδὲν
2992 3795 3153 3860 εἶναι,
3201 3796 3297 3848 καὶ
3338 3794 3475 3861 πρός
3506 3807 3569 3857 γε
3602 3788 3717 3849 τοῖς
3750 3784 4035 3851 τολμῶσιν

2449 3900 2640 3971 ὄφελος
2657 3896 2820 3960 εἶναι,
2837 3893 3089 3958 καθάπερ
3110 3892 3137 3941 6
3157 3885 3391 3955 πονηρὸς
3413 3885 3642 3971 ἐκεῖνος,
3671 3897 3689 3930 t
3706 3878 3793 3971 706
3818 3875 4040 3971 θανάτῳ

2452 3968 2839 4048 ἀποθανεῖσθε,
2875 3982 3068 4053 φησὶν,
3095 3976 3210 4033 ἀλλ’
3244 3972 3563 4039 ἔσεσθεηῶς
3602 3970 3738 4024 θεοί.
3766 3986 3786 4020 ι
3825 3968 3900 4019 Οὐ
3924 3982 4042 4017 τοι-

2456 4088 2599 4144 αῦτα
2630 4082 2739 4153 γάρ
2770 4078 2882 4133 τῶν
2911 4073 3123 4141 ἀνδρῶν
3162 4070 3230 4123 τά
3270 4070 3531 4139 ῥήματα-ς
3589 4063 3686 4116 καὶ
3958 4075 4043 4153 et.

2455 4149 2662 4239 θὲντες,
2698 4149 2823 4225 οὒτε
2853 4167 3198 4237 φρίττουσιν,
3232 4158 3359 4213 οὔτε
3389 4157 3765 4239 αἰσχύνονται,
3787 4149 3925 4203 ἀλλά
3945 4150 4047 4201 καὶ

2456 4263 2531 4325 ὦν
2562 4238 2716 4322 αὐτοὶ
2733 4263 2813 4333 τῷ
2842 4257 3010 4328 κοινῷ
3036 4253 3417 4326 λυμαίνονται,
3446 4250 3540 4303 καὶ
3570 4245 3713 4316 ὑπὲρ
3743 4238 3819 4298 ὧν
3845 4243 3915 4297 ἂν
3944 4243 4045 4305 τὰς

3204 4346 3413 4398 τούτων
3466 4341 3752 4396 αἰτιῶνται
3800 4337 3898 4389 τὸν
3947 4334 4048 4387 τοῦ

774 4427 958 4444 ποι...
985 4427 1030 4442 ν.
1049 4427 1344 4449 .............,,
1373 4427 1567 4441 ..ν......
1602 4427 1775 4456 μον...
2070 4427 2354 4439 ..ηπ-η..

774 4478 919 4533 Deus
948 4476 1093 4531 enim
1137 4485 1430 4546 utrumque
1462 4475 1719 4546 praacepit
1747 4514 1762 4539 ,
1810 4482 1867 4529 et
1900 4473 2200 4529 creditores
2236 4488 2389 4541 esse,

2381 4527 2433 4546 ..
2459 4427 2595 4508 θέδδ
2623 4452 2809 4546 “‘me:
2845 4445 2907 4499 ’θ
2941 4444 3042 4546 μέέ
3074 4438 3184 4510 γὰρ
3215 4436 3387 4546 ἀελφθί
3422 4432 3656 4546 κελ⁸⁶ξέ
3682 4427 4049 4546 ἲέῖ.κ⁹2ῗτξς

774 4571 829 4624 in
860 4569 1109 4633 urbibus,
1150 4579 1205 4624 et
1241 4584 1434 4623 usuras
1480 4569 1672 4623 abesse
1702 4567 1771 4622 ab
1816 4566 2068 4623 urbibus.
2098 4568 2176 4636 Hi,
2204 4582 2357 4636 vero,

774 4658 903 4729 quia
947 4673 1054 4713 non
1104 4656 1269 4713 liceat
1314 4657 1569 4721 lenerari,
1615 4656 1739 4712 ideo
1777 4672 1879 4711 nec
1932 4666 2186 4712 mutuum
2222 4656 2360 4713 dan-

774 4748 905 4803 dutn
941 4755 1199 4817 putantes
1232 4746 1335 4817 ipsi
1365 4747 1672 4803 creditores
1698 4761 1763 4801 ex
1796 4745 2029 4803 urbibus
2061 4747 2282 4813 tollunt,
2304 4753 2363 4803 et

775 4856 839 4895 ea
867 4840 933 4894 de
968 4855 1027 4893 re
1054 4840 1225 4910 legem
1268 4840 1698 4909 reprehendunt.

846 4932 1176 5001 Quanquam
1213 4933 1259 4987 si
1297 4941 1547 4987 mutuum
1586 4949 1692 4988 non
1724 4944 1944 5005 poterat
1993 4948 2189 5002 purum
2238 4948 2362 4988 esse

778 5025 847 5079 ab
876 5016 1067 5084 usura.
1091 5033 1145 5077 et
1171 5033 1366 5078 natura
1400 5024 1559 5077 aliter
1591 5040 1694 5079 non
1723 5026 1959 5087 sinebat,
1987 5024 2081 5079 sed
2114 5023 2365 5078 necessi-

782 5125 891 5172 tate
924 5117 1234 5179 eveniebat,
1279 5126 1337 5171 ut
1366 5117 1599 5171 sublatis
1627 5117 1811 5171 usuris
1841 5131 2018 5185 neque
2062 5116 2367 5170 creditores

780 5225 901 5264 esse
924 5219 1169 5279 possent,
1197 5225 1413 5279 arquum
1439 5219 1557 5263 erat
1582 5210 1796 5279 culpam
1823 5210 2062 5264 tribuere
2094 5208 2223 5277 legi,
2246 5222 2369 5269 quae

782 5317 892 5357 non
939 5304 1211 5371 exegisset
1256 5302 1627 5367 feneratores,
1688 5302 1998 5357 induxisset
2046 5308 2224 5355 autem
2278 5313 2372 5370 per

782 5409 900 5459 eos,
930 5410 1068 5464 quos
1099 5396 1413 5451 necessario
1441 5410 1552 5450 non
1583 5396 1870 5467 exegisset.
1916 5393 2072 5461 Quod
2112 5393 2156 5448 si
2207 5390 2359 5446 fene-

787 5486 947 5541 randi
981 5487 1287 5542 necessitas
1312 5487 1461 5541 nulla
1491 5501 1718 5557 prorsus
1740 5493 1846 5550 est,
1875 5501 1977 5540 nec
2000 5493 2196 5539 natura
2219 5481 2377 5553 quid—

788 5594 955 5647 quam
982 5588 1129 5634 vetat
1158 5581 1332 5649 gratis
1367 5578 1744 5640 commodare,
1786 5588 1842 5633 et
1867 5584 2141 5633 testantur
2172 5574 2225 5629 id
2255 5590 2378 5630 orn-

791 5686 891 5727 nes
928 5672 1207 5738 mortales,
1248 5672 1343 5744 qui
1386 5681 1534 5729 tuam
1574 5671 1902 5731 sententiam
1933 5668 2288 5742 despiciunt;
2320 5677 2379 5724 tu

871 5857 891 5887 "
933 5853 1073 5910 Gen.
1111 5869 1194 5923 ιη,
1233 5853 1286 5925 4,
1313 5853 1365 5911 5.

2381 4527 2436 4590 Ῑ)
2462 4548 2520 4610 ὲν
2552 4518 2939 4605 ταῖςνπόλεσιν
2977 4528 3141 4591 εἶναι,
3183 4528 3281 4582 καὶ
3326 4525 3520 4589 τόκους
3570 4523 3815 4575 ἀπεῖναι.
3868 4520 3933 4610 Di
3967 4518 4049 4579 δὲ,

2459 4608 2539 4702 τῷ
2575 4631 2651 4703 μὴ
2694 4626 2934 4691 τοκίζειν
2965 4622 3192 4686 ἰξεῖναι,
3236 4615 3374 4688 μηδδ
3417 4612 3690 4678 δανείζειν
3734 4608 4051 4703 ἀξιοῦντες,

2460 4702 2615 4782 αὐτοὶ
2640 4702 2765 4792 μιν
2820 4714 3107 4785 ἀναιροῦσι
3165 4710 3343 4780 δήπου
3406 4705 3467 4760 τὸ
3518 4705 3766 4776 χρήστας
3817 4703 3879 4753 ἐν
3930 4702 4057 4761 ταῖς

2461 4817 2687 4872 πόλεσιν
2726 4805 2901 4874 εἶναι,
2927 4804 3007 4876 τῷ
3036 4800 3272 4879 νόμῳ-δὲ
3302 4798 3364 4854 τὸ
3393 4798 3630 4867 πρᾶγμα
3668 4793 4008 4864 μέμφονται.

2532 4906 2749 4968 Καίτοι,
2787 4904 2834 4955 εἰ
2879 4899 2980 4967 μὲν
3006 4896 3108 4950 οὐκ
3135 4892 3265 4960 ἐξῆν
3320 4887 3560 4958 καθαρὸν
3595 4880 3737 4938 εἶναι
3781 4882 3963 4935 τόκων
3993 4880 4059 4933 τὸ
4105 4903 4111 4907 ·

2466 5005 2699 5063 δάνειον,
2733 4996 2830 5050 καὶ
2859 4995 2893 5063 ἠ
2921 4990 3083 5060 φύσις
3129 4986 3308 5047 ἀλλως
3355 4983 3419 5037 οὐ
3469 4976 3793 5049 συνεχώρει,
3847 4974 3965 5026 ἀλλ’
4000 4972 4062 5036 ἐξ

2470 5097 2721 5161 ἀνάγκης
2750 5089 2992 5155 ἀπήντα,
3024 5082 3203 5135 τόκων
3238 5073 3677 5147 ἀναιρουμένων,
3711 5069 3850 5139 μηδὲ
3880 5067 4063 5121 δανει-

2472 5189 2605 5251 στὰς
2634 5181 2777 5240 εἶναι
2807 5175 3091 5239 δύνασθαι,
3132 5171 3238 5227 κᾶν
3277 5169 3425 5232 εἰκὸς
3453 5163 3521 5238 ἦν
3561 5164 3661 5235 τὴν
3688 5162 3872 5215 αἰτίαν
3903 5162 4063 5227 ἄγειν

2473 5286 2565 5340 ἐπὶ
2592 5282 2683 5336 τὸν
2712 5280 2897 5348 νόμον,
2944 5273 3003 5335 ὃς
3033 5270 3135 5324 οὐκ
3163 5266 3412 5336 ἀπήλασε
3454 5262 3553 5332 μὲν
3589 5258 3905 5319 δανειστὰς,
3930 5254 4066 5348 εἰσ-

2474 5381 2673 5451 ήνεγκε
2704 5373 2761 5427 δὲ
2780 5346 2860 5424 δι’
2886 5362 2963 5423 ὧν
2986 5366 3047 5430 ἐξ
3069 5362 3314 5429 ἀνάγκης
3345 5351 3739 5451 ἀπήλασεν.ξί
3766 5346 4065 5451 δῖἀνάγκη

2476 5440 2839 5545 μὶν-τοκίζεισν
2863 5460 2974 5516 οὐδ’
3006 5453 3251 5528 ἡτισοῦν,
3281 5451 3318 5523 ἧ
3344 5467 3411 5545 τε
3437 5444 3785 5545 φύσιςιούδὶν
3814 5440 4068 5545 ὶκιῢλυσε

2476 5536 2681 5636 προῖκα
2699 5536 2977 5628 γενέσθαι,
3003 5550 3098 5606 καὶ
3128 5541 3506 5620 μαρτυροῦσιν
3526 5538 3812 5636 ἀνθρωττοι
3835 5536 4070 5636 πάντες,

2476 5632 2534 5717 οἳ,
2551 5658 2651 5732 τὴν
2682 5656 2783 5729 σὴν
2814 5648 3146 5724 ἀτιμάζουσι
3174 5642 3381 5717 ψῆφον,
3420 5639 3486 5695 σὺ
3516 5637 3574 5695 δὲ
3596 5634 3825 5707 γνώμης
3851 5632 4071 5705 μοχθη-
