4262 6460
236 412 342 472 737

1271 414 1555 476 ORATIO
1600 414 1905 475 CONTRA
1953 412 2533 475 FENERATORES.

3388 419 3496 484 738

233 530 325 597 μία
358 528 582 597 κέρδους
617 528 784 597 χωρὶς
811 529 870 580 οὐ
902 528 1101 598 χρῆσαι
1130 528 1333 599 τολμᾷς
1355 546 1367 559 ·
1394 531 1446 582 τί
1480 533 1578 599 τὴν
1610 531 1808 600 προαί-
1844 540 1878 589 Α

1847 540 1880 589 Α
1916 538 2095 581 autem
2127 530 2393 597 pravitate
2442 530 2608 583 animi
2658 530 2866 599 absque
2896 545 2987 599 spo
3021 531 3154 585 lucri
3191 546 3297 585 non
3325 536 3492 586 audes

231 637 383 687 ρεσιν
416 621 575 685 ἀφεὶς
613 621 712 686 τῆς
757 620 955 681 αἰτίας,
990 615 1063 671 ὧν
1100 621 1206 671 ἔδει
1242 626 1427 672 κακῶν
1460 624 1675 683 σαυτὸν,
1710 624 1802 673 τὸν

227 712 395 776 νόμον
429 711 719 774 ἐγκαλεῖς;
754 711 847 763 καὶ
876 711 1153 779 δημοσίων
1182 712 1537 780 ἀδικημάτων
1570 713 1810 773 διώκεις,

228 798 303 851 div
338 802 499 855 αὐτὸς
527 802 701 860 αἴτιος
735 796 821 860 εἷς
863 801 922 851 Εί
962 800 1061 867 μὲν
1097 802 1204 869 γὰρ
1238 802 1450 871 ἄμαχόν
1492 820 1610 855 τινα
1639 802 1816 854 κεκώ-

229 894 361 944 λυκε
398 894 646 961 χρήστην
674 887 813 943 εἶναι
848 893 941 944 καὶ
977 896 1112 961 προς
1144 895 1418 955 τοιούτους
1453 896 1640 960 λόγους
1669 893 1811 964 εἶχεν

229 986 563 1052 ἀναχωρεῖν,
599 983 720 1035 ὅθεν
754 984 818 1035 ἂν
854 984 1119 1046 ἐδείκνυς,
1149 987 1245 1055 οὐχ
1278 986 1417 1037 ἐκὼν
1450 988 1812 1054 ἁμαρτάνεις,

227 1074 467 1135 εἰκότως
519 1074 588 1125 ἂν
650 1075 921 1143 παρῃτοῦ,
982 1076 1295 1143 μετατιθεὶς
1329 1077 1435 1128 ἀπὸ
1481 1078 1678 1129 σαυτοῦ
1716 1078 1813 1146 τὴν

230 1166 445 1231 μέμψιν
473 1165 731 1233 ἑτέρωσε.
772 1165 884 1217 Νῦν
914 1168 968 1217 δὲ
994 1166 1090 1235 τὴν
1125 1168 1446 1235 προαίρεσιν
1479 1169 1812 1237 προϊσχόμε-

228 1272 342 1318 νος,
378 1258 474 1309 καὶ
502 1256 558 1307 τὸ
595 1258 732 1320 πρὸς
760 1249 950 1323 κέρεος
978 1258 1247 1320 δανείζειν
1277 1259 1562 1327 βούλεσθαι
1597 1262 1717 1327 μὲν,
1748 1263 1808 1314 οὐ

230 1346 641 1415 συγχωρεῖσθαι
670 1348 727 1399 δὲ
764 1348 959 1414 κομιδῆ
995 1350 1223 1413 γελοῖον,
1259 1351 1305 1400 εί
1340 1350 1579 1416 νομίζεις
1610 1352 1808 1401 ἀπολο-

226 1435 470 1500 γεῖσθαι,
506 1436 573 1486 τά
601 1437 768 1504 ἐγκλή
782 1454 931 1505 ματα.
959 1438 1097 1489 λύων
1125 1440 1307 1500 αὐτοῖς
1340 1442 1449 1501 τοῖς
1476 1441 1806 1508 ἐγκλήμασι,

229 1530 325 1581 καὶ
363 1529 503 1595 ὑπὲρ
532 1522 593 1579 οὗ
616 1528 786 1597 διώκῃ
818 1529 911 1581 τοῦ
957 1528 1146 1600 γνώμῃ
1186 1530 1421 1599 πονηρὸς
1456 1528 1616 1595 εἶναι,
1662 1534 1808 1584 τοῦθ’

228 1622 371 1687 ἡμῖν
406 1622 522 1671 ἀντ’
554 1620 721 1687 ἄλλης
751 1620 1051 1686 ἀπολογίας
1100 1623 1521 1691 προϐάλλεσθαι.
1574 1626 1647 1676 Ού
1680 1626 1806 1693 γὰρ,

229 1714 312 1761 ὅτι
343 1711 618 1773 δανείζειν
653 1712 728 1779 μὴ
756 1712 1007 1770 δύνασαι,
1053 1713 1233 1778 λέγειν
1266 1712 1434 1780 ἔχεις,
1468 1713 1583 1764 ἀλλ’
1621 1715 1700 1765 ὃτι
1736 1714 1809 1781 μὴ

230 1804 418 1869 βούλει
458 1806 618 1856 τόκου
654 1805 843 1872 χωρίς.
883 1806 1041 1859 Οὕτω
1069 1808 1123 1858 δὲ
1168 1809 1261 1858 καὶ
1295 1809 1387 1857 τὸν
1437 1808 1622 1874 μοιχὸν
1654 1806 1806 1873 ἐροῦο

229 1914 356 1965 μεν,
423 1898 641 1951 καὶτὸν
680 1898 1041 1965 ἀνδροφόνον,
1086 1900 1169 1950 ὃτι
1224 1901 1435 1966 πονηρᾷ
1490 1898 1684 1966 γνώμῃ
1743 1899 1808 1949 τὰ

226 1988 458 2039 τοιαῦτα
496 1989 761 2056 τολμῶσι,
813 1994 905 2039 καὶ
938 1991 1168 2057 οὐδεμία
1208 1992 1538 2059 παραίτησις
1565 2030 1578 2050 ,
1633 1991 1692 2041 τὸ
1734 1990 1808 2059 μὴ

226 2082 589 2151 προῃρῆσθαι
624 2082 880 2149 γενέσθαι
914 2085 1172 2150 χρηστόν.

305 2256 518 2319 ’Λλλως
546 2274 605 2309 τε
642 2259 687 2308 εί
740 2257 839 2325 μὲν
878 2259 987 2309 τῶν
1043 2260 1454 2326 ἐπαινουμένων
1504 2263 1531 2311 ὀ
1580 2262 1755 2320 τόκος,
1783 2262 1809 2312 ό

227 2350 330 2415 μὲν
362 2349 529 2415 νόμος
579 2350 635 2399 ἐν
686 2351 907 2413 αἰτίαις,
966 2350 1301 2403 ἐκὸἀλλωνὸ
1338 2352 1544 2402 τιθέναι
1604 2352 1805 2419 ἐχρῆν·

226 2440 390 2507 σοὶγδ’
420 2441 521 2491 οὐκ
562 2443 626 2494 ἄν
656 2460 739 2500 τις
785 2444 1119 2511 ἐπιτιμῆσαι
1169 2445 1541 2511 περιεχομένῳ
1572 2442 1807 2511 χρηστοῦ

223 2532 580 2600 πράγματος.
611 2535 669 2585 Εἰ
696 2536 739 2585 δ’
764 2537 1130 2605 ἀπάνθρωπον
1158 2555 1211 2588 τι
1243 2542 1334 2587 καὶ
1360 2537 1615 2605 πονηρὸν,
1636 2539 1663 2587 ό
1686 2538 1807 2603 μὲν,

226 2625 342 2675 τῶν
372 2626 619 2692 αἰσχρῶν
651 2629 909 2691 ἀπάγων,
943 2628 1045 2679 κᾶν
1088 2630 1399 2680 ἐπαινοῖτο·
1438 2630 1499 2680 σὺ
1534 2629 1575 2679 δ’
1605 2630 1809 2680 ἐκεῖθεν

225 2717 323 2767 ἐπ’
345 2717 474 2768 ἀλλο
507 2718 717 2785 τρέχων
742 2719 933 2780 κακὸν,
958 2720 1049 2771 καὶ
1076 2720 1248 2770 κακοῦ
1286 2720 1449 2771 κακὸν
1478 2720 1811 2787 ἀλλαττόμε-

225 2826 341 2870 νος,
381 2808 477 2860 τοῦ
514 2812 753 2873 τοκίζειν
799 2812 860 2861 τὸ
912 2810 986 2879 μὴ
1036 2813 1335 2875 δανείζειν,
1392 2814 1547 2879 δῆλος
1600 2816 1810 2866 οἴκοθεν

226 2902 323 2954 καὶ
377 2900 532 2966 παρα
589 2900 789 2951 σαυτοῦ
846 2902 971 2970 γίνῃ
1030 2906 1265 2971 πονηρὸς
1324 2903 1419 2956 ὧν.
1472 2906 1531 2955 Εἰ
1564 2906 1691 2973 γὰρ,
1729 2907 1809 2957 ὅτι

224 2991 399 3042 τῶνδε
453 2992 562 3043 τῶν
598 2994 784 3043 κακῶν
834 2994 1235 3062 ἀποκρουσθεὶς
1272 2996 1359 3045 ἐπ’
1390 2996 1523 3047 ἀλλα
1564 3013 1809 3064 μεταχωο

225 3084 370 3150 ρείς,
410 3082 503 3134 τὸν
542 3084 953 3153 ἐκκεκρουκότα
1008 3087 1119 3135 τῶν
1174 3088 1457 3154 προτέρων
1494 3090 1647 3155 αίτιᾷ
1702 3088 1810 3140 τῶν

222 3177 526 3243 δευτέρων,
559 3178 783 3228 κάκεῖνο
808 3177 874 3245 δὴ
922 3179 1321 3247 συγχωρήσεις,
1370 3180 1463 3246 τῆς
1502 3180 1804 3232 λωποδύτου
1835 3216 1878 3272 c

224 3272 325 3319 καὶ
374 3270 718 3339 τοιχωρύχου
753 3272 1089 3339 φαυλότητος
1138 3274 1264 3331 τοὺς
1311 3275 1510 3341 νόμους
1551 3275 1806 3342 κληρονο-

228 3362 379 3427 μεῖν,
426 3361 477 3411 οἳ
518 3361 770 3428 φανερῶς
808 3363 1004 3421 αὐτοὺς
1057 3363 1157 3413 οὐκ
1198 3365 1393 3425 ἐῶντες
1446 3364 1808 3430 ἐμφορεῖσθαι

222 3451 337 3501 τῶν
383 3449 705 3518 ἀλλοτρίων,
759 3454 849 3502 ἐπί
895 3452 995 3518 τὴν
1049 3455 1372 3519 νυκτερινὴν
1423 3454 1808 3506 συνελαύνουσι

224 3542 522 3609 πονηρίαν.
553 3544 661 3593 Καὶ
689 3541 884 3613 λῃσταὶ
918 3543 1027 3613 γὰρ
1068 3544 1167 3595 οὑκ
1198 3542 1262 3596 ἂν
1294 3544 1391 3613 τὴν
1428 3547 1683 3614 ἐσχατιὰν
1714 3548 1810 3598 καὶ

223 3636 293 3685 τὰ
327 3634 432 3703 ὅρη
488 3633 882 3700 κατειληφότες
940 3636 1050 3695 τοῖς
1088 3636 1381 3703 παριοῦσιν
1428 3637 1624 3705 ἐθηξαν
1654 3637 1805 3705 ξίφη,

223 3727 345 3790 εῐγε
378 3724 513 3792 ἐξῆν
541 3726 729 3787 αὐτοῖς
757 3726 857 3787 τὰς
898 3725 1085 3788 πόλεις
1130 3727 1343 3780 οἰκοῦσι
1376 3731 1471 3781 καὶ
1508 3732 1575 3799 τῇ
1615 3729 1809 3799 γνώμῃ

225 3818 559 3885 χρωμένοις,
609 3818 957 3883 κρείττουσιν
993 3814 1133 3869 εἶναι
1178 3820 1548 3887 δικαστηρίων
1580 3823 1675 3873 καὶ
1721 3823 1809 3873 νό-

228 3926 372 3974 μων.
406 3907 515 3958 Τὸν
549 3906 664 3958 ἴσον
710 3909 912 3976 τρόπον
961 3909 1058 3961 καὶ
1106 3910 1492 3979 τυμϐωρύχοις
1536 3912 1587 3962 τί
1617 3912 1811 3973 νυκτὸς

222 4000 332 4049 ἔδει
362 3998 460 4048 καὶ
486 3999 586 4064 τῆς
622 3998 762 4049 κατὰ
793 3999 1093 4065 οίχομένων
1129 3998 1348 4066 μανίας,
1378 4001 1425 4050 εί
1453 4001 1576 4061 τοὺς
1602 4000 1809 4063 ζῶντας

222 4092 253 4140 ό
286 4092 455 4157 νόμος
489 4090 705 4158 ἡμέρας
735 4088 905 4141 ἐδίδου
930 4089 1261 4159 πολιορκεῖν,
1292 4092 1386 4142 καὶ
1416 4092 1690 4157 περιδύειν
1720 4092 1811 4154 οὒς

224 4182 547 4247 ἠϐούλοντο,
586 4180 753 4249 μηδὲν
784 4179 1094 4241 δεδοικότας
1122 4195 1137 4244 ;
1169 4182 1277 4233 Kal.
1332 4182 1466 4241 ὅλως
1502 4185 1687 4235 οὐδένα
1748 4185 1814 4235 ἂν

223 4276 411 4343 εὕροις
437 4275 547 4325 τῶν
574 4274 815 4340 ὀλέθρων
846 4273 1053 4326 τούτων
1082 4276 1175 4327 καὶ
1206 4277 1477 4343 πονηρῶν,
1509 4275 1563 4335 ὃς
1606 4277 1666 4327 οὐ
1710 4276 1815 4327 τῶν

225 4369 325 4435 μὲν
343 4366 627 4433 ἀνετράπη
648 4366 713 4432 τῇ
740 4364 844 4414 τῶν
858 4365 1191 4432 παρανόμων
1217 4366 1447 4433 ἀνάγκη,
1473 4368 1580 4424 τοῖς
1600 4366 1657 4415 δὲ
1674 4365 1816 4431 γνώ-

225 4474 306 4529 μῃ
326 4456 721 4525 προσεχώρησε
744 4472 849 4507 των
875 4456 1059 4507 κακῶν
1078 4454 1168 4524 [an
1194 4455 1449 4523 καλῶν
1466 4456 1527 4505 Τί
1544 4450 1637 4508 οὖν
1660 4472 1674 4519 ;
1695 4458 1816 4517 τοὺς

1915 620 2041 672 dare
2080 632 2326 673 mutuum
2366 637 2378 683 ;
2422 622 2549 687 quid
2584 623 2912 674 voluntatem
2960 632 3100 674 tuam
3133 624 3363 677 crimine
3400 640 3495 675 ao-

1916 710 2107 771 solris,
2143 718 2199 762 et
2228 726 2461 777 quorum
2498 718 2550 763 te
2598 710 2771 777 ipsum
2807 710 3065 771 debebas,
3098 727 3286 765 eormn
3326 714 3493 778 legem

1917 816 2166 863 accusas,
2197 800 2654 867 public-uruntque
2685 802 2951 854 malorum
2978 805 3230 866 arcessis,
3258 819 3493 871 quormn

1918 902 1969 941 ιιι
2008 891 2121 957 ipse
2157 905 2281 943 reus
2313 891 2410 942 es?
2436 891 2490 941 Si
2516 892 2660 941 emm
2694 891 2893 958 aliquid
2930 893 3345 959 inexpugnabile
3371 910 3502 958 pro-

1916 981 2125 1034 biberet
2179 982 2508 1034 creditorem
2554 996 2696 1044 esse,
2731 991 2783 1034 ct
2826 998 2889 1035 eo
2936 999 3123 1051 posses
3175 986 3493 1051 confugere,

1917 1076 2059 1125 unde
2091 1075 2414 1128 ostenderes
2461 1085 2510 1127 te
2556 1090 2663 1127 non
2696 1075 2962 1127 volentem
3006 1090 3254 1143 peccare,
3290 1079 3489 1129 merito

1914 1164 2130 1217 veniam
2169 1164 2514 1232 impetrares,
2552 1175 2605 1217 ct
2640 1167 3123 1232 reprehensionem
3164 1168 3493 1221 amolireris.

1914 1253 2070 1307 Nunc
2100 1255 2438 1308 voluntatem
2487 1266 2807 1322 praetexens,
2840 1268 2894 1309 et
2938 1258 3145 1323 absque
3177 1258 3327 1311 lucro
3359 1260 3495 1312 Velle

1916 1355 1966 1398 te
1994 1346 2213 1412 quidem
2246 1346 2379 1399 dare
2409 1357 2659 1398 mutuum
2689 1346 2975 1413 proﬁtens,
3015 1363 3120 1400 non
3160 1356 3342 1401 autem
3378 1364 3496 1416 per-

1916 1438 2077 1500 mitti,
2131 1452 2243 1491 rem
2294 1440 2581 1491 ridiculam
2630 1440 2924 1491 admodum
2965 1440 3119 1499 facis,
3174 1442 3218 1495 si
3267 1442 3495 1494 crimina

1912 1528 2235 1581 criminibus
2274 1531 2475 1581 tuendo
2512 1539 2561 1581 te
2589 1530 2934 1593 defendis,et
2972 1532 3021 1583 in
3052 1545 3159 1598 quo
3186 1534 3492 1594 accusat-is,

1913 1621 2057 1686 quod
2091 1622 2277 1673 animo
2310 1620 2386 1673 sis
2416 1621 2686 1688 improbo,
2720 1622 2769 1674 id
2814 1623 2973 1676 nobis
3006 1639 3100 1691 pro
3138 1625 3496 1691 responsione

1912 1709 2074 1776 objici
2129 1724 2286 1777 posse
2321 1712 2624 1762 existimas.
2658 1709 2774 1763 Non
2814 1714 2960 1762 enim
3002 1720 3155 1778 potes
3194 1714 3397 1776 dicere,
3440 1722 3493 1763 te

1915 1815 2019 1851 non
2056 1815 2215 1867 posse
2249 1800 2377 1853 dare
2410 1812 2682 1863 mutuum,
2710 1800 2803 1853 sed
2839 1816 2941 1853 non
2978 1802 3112 1854 relle
3171 1804 3376 1871 absque
3416 1804 3494 1855 fe-

1847 1889 1882 1939 B
1916 1904 2073 1941 nore.
2112 1888 2200 1942 Sic
2235 1904 2399 1958 porro
2437 1901 2489 1943 et
2531 1892 2833 1944 adulterum
2865 1901 2915 1943 et
2947 1892 3273 1946 homicidam
3307 1896 3491 1962 appel-

1914 1982 2169 2045 labimus,
2207 1985 2465 2051 quoniam
2505 2000 2757 2050 perversa
2796 1986 3074 2038 \oluutale
3103 1988 3229 2038 talia
3265 2003 3368 2040 non
3406 2006 3493 2041 re-

1914 2073 2229 2137 formidant,
2257 2084 2310 2128 et
2370 2078 2665 2144 quominus
2701 2078 2873 2130 bonus
2904 2093 3025 2132 esse
3060 2080 3207 2143 velit,
3241 2084 3489 2135 excusari

1914 2182 2073 2219 nemo
2106 2176 2301 2233 potest.

1986 2260 2204 2323 Adhazc,
2245 2262 2516 2329 siquidem
2570 2263 2714 2316 laudi
2775 2264 2951 2317 danda
3008 2266 3489 2331 essetifeneratio.

1914 2350 1966 2402 in
2012 2351 2470 2418 vituperationem
2499 2356 2714 2406 caderet
2750 2356 2852 2417 lex,
2887 2372 3027 2424 qum,
3062 2359 3206 2425 quod
3267 2362 3486 2414 sancire

1914 2445 2219 2509 oportebat,
2264 2444 2313 2496 id
2355 2446 2603 2513 rejiceret
2628 2463 2640 2497 :
2664 2461 2725 2498 ac
2756 2455 2807 2499 te
2840 2464 2947 2499 rem
2978 2464 3081 2499 non
3118 2450 3312 2501 malam
3338 2466 3491 2503 com-

1914 2535 2233 2602 plectentem
2264 2536 2400 2588 haud
2434 2539 2721 2604 quisquam
2771 2538 2821 2589 in
2861 2540 2991 2590 vitio
3028 2550 3269 2606 poneret.
3306 2541 3359 2593 Si
3386 2561 3486 2593 an-

1915 2638 2018 2679 tem
2048 2629 2302 2695 quiddam
2354 2630 2423 2681 ab
2451 2632 2795 2683 humanitate
2828 2631 3064 2684 alienum
3098 2643 3260 2701 atque
3290 2636 3490 2702 impro.

1915 2719 2042 2770 bmn
2072 2730 2174 2778 est,
2210 2722 2299 2785 qui
2334 2735 2360 2770 a
2389 2722 2637 2786 turpibus
2671 2730 2722 2775 te
2772 2722 3013 2777 abducit.
3072 2724 3283 2776 laudem
3352 2725 3489 2777 fvrz‘t

1913 2809 2099 2861 etiam.
2134 2810 2405 2862 Caeterum
2452 2820 2505 2863 tu
2542 2814 2667 2864 inde
2691 2812 2755 2864 ad
2787 2814 2934 2865 aliud
2975 2814 3186 2868 facinus
3236 2833 3485 2879 currens,

1918 2901 2228 2965 malumque
2266 2904 2407 2953 malo
2444 2914 2805 2960 commutans.
2848 2904 3079 2958 funerari
3130 2908 3336 2959 scilicet
3364 2925 3486 2960 cum

1914 3006 1979 3041 eo
2053 2992 2195 3057 quod
2261 3001 2345 3045 est
2406 3010 2513 3045 non
2569 2994 2699 3047 dare
2761 3004 3053 3060 mutuum,
3110 3013 3136 3049 a
3202 2999 3489 3065 temetipso

1913 3092 2113 3148 aperta:
2145 3084 2398 3149 nequitia:
2440 3088 2783 3151 coargueris.
2835 3087 2967 3139 Nam
3001 3089 3067 3147 si,
3095 3090 3239 3156 quod
3275 3092 3486 3144 abistis

1912 3174 2216 3226 sceleribus
2243 3176 2500 3242 depulsus
2528 3190 2611 3235 es.
2640 3177 2704 3229 ad
2736 3177 2839 3229 alia
2866 3180 3094 3241 transis,
3125 3182 3329 3248 quique
3368 3191 3418 3233 te
3451 3198 3479 3234 a

1913 3266 2190 3334 prioribus
2216 3267 2483 3327 cohibuit,
2533 3280 2658 3320 eum
2724 3277 2781 3319 ut.
2845 3284 3067 3321 causam
3120 3273 3482 3337 posteriomei

1911 3371 2160 3418 accusas,
2197 3358 2361 3409 etiam
2396 3358 2525 3409 illud
2553 3360 2845 3420 concedes,
2884 3361 3273 3427 improbitatis,
3330 3379 3486 3429 gras-

1912 3460 2182 3513 satorum,
2212 3460 2265 3502 et
2292 3450 2728 3503 cﬂ‘ractariorum
2756 3452 2900 3515 leges
2942 3466 3165 3503 causam
3192 3466 3332 3514 esse,
3367 3466 3488 3517 qua:

1911 3541 2038 3593 dum
2077 3542 2252 3607 palam
2284 3542 2480 3594 alienis
2524 3540 2879 3594 facultatibus
2910 3543 3073 3594 ditari
3119 3557 3227 3595 non
3261 3546 3481 3609 palinu-

1913 3640 2022 3695 tur,
2050 3634 2115 3687 ad
2144 3642 2468 3687 nocturnam
2504 3638 2823 3701 pravitatem
2864 3649 2960 3687 eos
2993 3636 3342 3703 compellant.
3371 3635 3479 3689 Nc-

1912 3738 2021 3790 que
2058 3722 2202 3775 enim
2246 3724 2495 3777 latrones
2538 3725 2927 3777 solitudinibus
2986 3735 3039 3777 et
3096 3726 3372 3778 montibus
3428 3741 3487 3779 se

1913 3813 2226 3874 credentes,
2265 3813 2506 3880 gladium
2545 3814 2597 3865 in
2632 3815 2867 3865 viatores
2894 3816 3249 3880 stringerent,
3282 3817 3324 3867 si
3356 3821 3488 3881 ipsis

1916 3904 2080 3957 urbes
2106 3905 2504 3965 habitantibus,
2531 3915 2583 3957 et
2626 3905 2907 3973 cupiditati
2938 3906 3367 3975 indulgentihus,
3393 3908 3487 3975 ju-

1912 4001 2053 4054 dicia
2086 4011 2138 4052 et
2168 4002 2347 4066 legum
2375 4000 2498 4068 jura
2526 4000 2719 4053 liceret
2768 4010 3145 4054 contemnere.
3192 4000 3484 4053 Consimili

1917 4092 2075 4143 modo
2104 4091 2369 4157 parit-tum
2399 4092 2805 4159 perfossoribus
2821 4090 2950 4159 quid
2976 4099 3135 4143 nocte
3164 4105 3304 4159 opus
3340 4104 3484 4156 erat,

1914 4190 1967 4234 et
2008 4184 2215 4235 insania
2241 4183 2528 4235 adversum
2566 4193 2839 4246 mortuos,
2868 4184 2914 4238 si
2975 4184 3125 4237 vivos
3176 4199 3272 4252 per
3330 4185 3476 4239 diem

1916 4271 2188 4336 obsidere,
2230 4283 2283 4324 et
2309 4287 2451 4339 quos
2479 4272 2672 4325 liberet
2704 4274 2820 4325 suis
2854 4275 3016 4326 rebus
3078 4274 3217 4326 citra
3272 4285 3478 4327 metum

1922 4376 2127 4415 exuere
2152 4377 2215 4415 ac
2238 4362 2472 4431 spoliare
2503 4362 2583 4414 lex
2616 4362 2995 4430 permitteret?
3024 4362 3085 4413 Et
3138 4363 3296 4430 plane
3354 4366 3481 4416 nul-

1920 4450 2027 4502 lum
2061 4452 2497 4518 perniciosorum
2542 4467 2604 4503 ac
2635 4454 3025 4505 SCOIL‘HHOI‘IHII
3071 4453 3340 4515 invenias,
3386 4456 3482 4520 qui

224 4552 325 4618 μὲν
356 4549 591 4616 ἀφῶμεν
634 4549 815 4608 αἰτίας
838 4586 852 4609 ,
883 4547 1010 4606 τοὺς
1044 4549 1241 4613 νόμους
1282 4546 1335 4596 δὲ
1366 4546 1631 4599 τάκείνων
1665 4563 1803 4615 μεμ·
1841 4561 1878 4615 υ

1847 4561 1883 4615 D
1921 4554 2026 4591 non
2058 4539 2171 4605 lege
2194 4549 2445 4600 coactus,
2492 4540 2558 4592 ab
2621 4540 2728 4591 illis
2794 4540 3077 4593 maleficiis
3129 4540 3481 4607 abstinuerit,

220 4638 502 4707 ψὼμεθας
537 4636 632 4688 καὶ
667 4638 793 4698 τοὺς
824 4638 925 4706 μὲν
952 4638 1138 4689 κακῶν
1180 4639 1411 4697 ἀπαθεῖς
1440 4636 1620 4705 ἐῶμεν
1652 4654 1809 4705 περι-

222 4732 466 4789 νοστεῖν,
503 4729 765 4789 δικαστάς
796 4728 852 4779 δὲ
900 4727 995 4779 καὶ
1043 4731 1239 4795 νόμους
1274 4732 1367 4778 καὶ
1401 4727 1573 4787 δίκας,
1623 4728 1713 4777 καὶ
1746 4730 1812 4779 τά

225 4824 488 4891 βέλτιστα
522 4824 588 4888 δὴ
619 4821 730 4872 τῶν
758 4823 815 4871 ἐν
845 4818 1173 4888 ἀνθρώποις,
1208 4819 1281 4879 ώς
1324 4820 1428 4887 ἀγη
1460 4818 1567 4868 τῶν
1604 4819 1811 4871 πόλεων

225 4912 619 4977 ἁπελάσομεν;
666 4912 722 4961 Et
753 4910 809 4961 δὲ
840 4908 998 4961 τοῦτο
1048 4910 1147 4977 μὲν
1192 4907 1303 4961 οὐδ’
1345 4909 1410 4960 ἂν
1444 4911 1631 4977 μανεὶς
1668 4913 1810 4962 εἴποι

222 5020 342 5063 τις⁶
373 5005 469 5069 ὅγε
522 5004 633 5054 οὐδ’
675 5004 858 5061 αὐτοῖς
896 5002 1146 5069 ἀρέσειεν
1191 5001 1275 5061 ἂν.
1326 4997 1500 5067 οἶμαι.
1547 5006 1657 5063 τοῖς
1702 5004 1811 5057 τών

220 5096 415 5147 κακῶν
450 5094 774 5160 τολμηταῐς.
829 5090 970 5142 Ἀλλ’
1017 5092 1067 5141 οί
1125 5092 1223 5158 μὲν
1277 5094 1427 5157 νόμοι
1459 5094 1569 5151 τοῖς
1601 5093 1809 5160 ἀνθρώ-

224 5202 348 5245 ποις
405 5183 599 5234 κακῶν
649 5182 883 5233 ἀναίτιοι
926 5181 1233 5247 πανταχοῦ
1268 5180 1326 5231 οἳ
1371 5182 1416 5233 δ’
1447 5183 1523 5235 ών
1557 5183 1807 5252 ἁμαρτα-

222 5293 410 5327 νουσιν
436 5274 847 5325 ἀπολαύσουσιν
875 5272 909 5324 ἃ.
944 5272 1213 5339 προσῆκε,
1242 5273 1334 5324 καὶ
1359 5272 1456 5333 τὴν
1480 5276 1807 5341 γιγνομένην

219 5368 460 5419 δώσουσι
499 5366 691 5434 δίκην·
734 5365 786 5416 τί
818 5365 882 5415 σὺ
921 5365 1121 5415 σαυτὸν
1153 5365 1447 5431 ἀπολογίας
1476 5368 1807 5435 ἐξαιρεῖσθαι

220 5457 494 5526 νομίζεις,
530 5451 607 5509 ὧν
640 5456 816 5517 οὐδεὶς
855 5455 1112 5508 ἀπώνατο
1146 5461 1415 5524 πονηρός,
1460 5456 1583 5534 οὔτε
1631 5460 1808 5509 τοίνυν

220 5552 456 5613 τοκίζων
504 5550 746 5617 ἐκφεύξῃ
784 5549 882 5616 τὴν
934 5548 1111 5617 δίκην,
1165 5549 1287 5601 οὗτε
1340 5549 1414 5615 τῷ
1464 5551 1536 5616 μὴ
1570 5549 1804 5611 τοκίζειν

218 5645 427 5705 ἐξεῖναι
469 5642 530 5691 τὸ
563 5640 837 5701 δανείζειν
879 5640 1236 5709 ἀρνούμενος,
1270 5643 1361 5692 καί
1386 5645 1483 5711 τὴν
1520 5644 1806 5694 κοινωνίαν

220 5734 489 5801 ἀναιρῶν,
542 5732 575 5801 ἢ
632 5732 918 5799 συνῴκησε
968 5734 1027 5782 τὸ
1063 5738 1238 5798 γενος,
1278 5736 1368 5784 καὶ
1418 5735 1627 5801 ἥμερον
1661 5738 1805 5783 ποιεῖ

219 5824 313 5872 τὸν
335 5822 651 5891 ἀνθρωπον,
685 5821 780 5871 καὶ
814 5818 984 5889 ταύτῃ
1015 5822 1073 5871 τὸ
1118 5824 1300 5873 κοινὸν
1338 5822 1556 5882 ἀδικῶν,
1600 5820 1799 5873 ἀπολο-

1912 4636 1979 4683 ad
2010 4632 2121 4683 ἰδίεις
2153 4640 2335 4684 autem
2368 4642 2563 4698 sponte
2592 4646 2656 4683 ac
2694 4633 2879 4685 volt-ns
2907 4647 3201 4699 aggressus
3219 4634 3310 4686 sit.
3338 4635 3479 4698 Qum

1910 4737 2039 4789 ergo
2067 4721 2089 4772 ?
2126 4722 2319 4774 illosne
2348 4732 2405 4772 ut
2431 4723 2675 4775 insontes
2706 4723 3069 4785 dimittemus,
3100 4723 3151 4775 in
3190 4726 3336 4791 leges
3389 4741 3481 4777 νου

1913 4825 1973 4862 ro
2005 4810 2070 4861 ab
2106 4810 2213 4861 illis
2255 4808 2463 4861 nefarie
2488 4811 2913 4863 commissorum
2968 4812 3186 4879 culpam
3233 4814 3481 4867 confere-

1916 4900 2075 4955 mus?
2105 4900 2166 4952 Et
2200 4901 2319 4952 illos
2348 4901 2564 4969 quidem
2615 4916 2900 4969 pinnarum
2962 4904 3237 4957 immunes
3291 4904 3481 4972 vagari

1912 4994 2079 5047 libere
2132 4991 2405 5057 sinemus,
2432 4992 2650 5060 juilices
2688 5002 2893 5057 autem,
2924 5007 2978 5047 et
3030 4996 3193 5064 leges,
3229 5005 3283 5047 et
3332 4997 3480 5065 jura,

1910 5077 2111 5151 quibus
2143 5083 2278 5135 nihil
2307 5094 2389 5138 est
2420 5084 2473 5135 in
2510 5084 2797 5137 hominum
2830 5086 2938 5137 vita
2968 5086 3292 5148 salutarius,
3351 5099 3474 5140 tan-

1906 5189 2071 5241 quam
2107 5173 2320 5241 piacula
2357 5192 2384 5227 e
2413 5174 2731 5227 civitatibus
2787 5176 3169 5243 expellemus?
3228 5176 3381 5240 Quod
3431 5178 3478 5229 si

1911 5267 2011 5318 hoc
2053 5280 2155 5321 nec
2184 5274 2359 5318 mente
2384 5276 2575 5333 captus
2603 5268 2825 5329 dixerit,
2890 5283 2990 5321 nec
3038 5268 3290 5335 ipsismet
3350 5270 3477 5323 talia

1910 5358 2267 5422 audentibus,
2299 5358 2487 5419 credo,
2545 5360 2848 5425 placuerit;
2914 5363 3012 5415 sed
3072 5360 3219 5428 leges
3274 5360 3479 5428 ubique

1907 5452 2151 5517 gentium
2212 5451 2525 5519 hominibus
2577 5453 2842 5504 seelerato
2902 5454 3094 5521 agendi
3151 5468 3315 5505 causa
3368 5470 3475 5504 non

1910 5551 2058 5604 sunt,
2100 5542 2273 5611 ctqui
2332 5554 2579 5609 pect-ant,
2636 5544 2851 5609 prarmia
2909 5546 3177 5611 condigna
3237 5544 3481 5596 referunt

1907 5650 1959 5688 et
1982 5634 2268 5689 conflatam
2300 5635 2401 5687 sibi
2432 5650 2641 5695 [NBllalll
2670 5637 2845 5697 luunt,
2876 5652 2970 5687 cur
3001 5648 3054 5687 tu
3081 5635 3349 5701 eiusmodi
3382 5639 3473 5688 de-

1910 5729 2155 5781 fensione
2185 5726 2473 5779 innoxium
2512 5738 2560 5777 te
2599 5727 2711 5779 fore
2744 5727 2991 5788 confidis,
3047 5742 3165 5792 quae
3198 5729 3329 5780 nulli
3370 5728 3473 5779 im-

1910 5822 2080 5890 probo
2115 5836 2353 5890 unquam
2386 5820 2633 5890 profuit?
2661 5819 2843 5887 Neque
2894 5820 3057 5886 igitur
3092 5821 3158 5873 ad
3204 5820 3357 5877 [eous
3390 5819 3476 5871 fa-
