4262 6460
759 331 867 392 743

2026 323 2335 390 NICOLAI
2382 320 2773 383 οΑΒΑδιῐηΕ

3920 305 4026 375 ιιι

759 440 953 509 magis,
976 447 1181 511 quanto
1233 455 1500 511 supremae
1536 440 1789 510 pravitati
1844 452 1973 495 sunt
2022 440 2333 494 viciniores.
2368 446 2409 500 Α
2441 470 2442 481 ι

2368 446 2409 500 Α
2441 436 2584 500 εδοξε
2624 436 2752 496 δεῖν,
2815 433 3055 487 ὃεικνῦσι
3113 433 3209 503 τὴν
3259 432 3525 502 πονηρίαν
3571 432 3665 485 τοῦ
3700 428 4028 499 apiaria-mo:

758 530 986 595 Idcirco,
1019 546 1144 585 cum
1169 531 1571 603 legislatoribus
1608 532 1783 587 visum
1812 533 1880 587 sit
1904 532 1976 585 ita
2025 533 2342 591 decernere,

760 623 839 676 rei
893 624 1222 690 perversitas
1256 622 1380 676 imle
1428 632 1673 692 apparet.
1731 623 1991 679 Pessimis
2045 624 2345 693 plurimum

770 713 1033 775 fencrari,
1069 715 1290 783 optimis
1319 730 1660 784 nequaquam
1687 718 1840 770 aiunt
1867 717 2197 781 convenire;
2223 715 2347 768 reli-

764 804 916 871 quis,
953 817 1062 872 quo
1086 803 1200 856 sint
1242 806 1515 863 meliores,
1554 819 1620 858 eo
1657 819 1687 857 a
1740 807 1927 859 fenore
1979 805 2152 875 magis
2209 814 2347 858 tem-

762 906 955 959 perare
984 909 998 958 ;
1030 909 1138 962 quo
1176 895 1514 957 vitiosiores,
1540 910 1606 948 eo
1636 910 1693 950 se
1726 894 1779 948 in
1844 895 1896 950 id
1934 898 2108 964 magis
2175 894 2349 950 eﬂ‘un-

763 988 915 1038 dere.
956 983 1194 1049 Quinam
1236 1001 1432 1039 usuras
1458 988 1725 1055 quispiam
1786 987 2032 1042 strictius
2070 996 2233 1051 vetet,
2294 997 2351 1042 et

765 1091 796 1125 e
829 1077 1106 1145 republica
1146 1078 1470 1147 proscribat,
1524 1095 1686 1148 quam
1752 1078 2061 1134 istiusmodi
2099 1078 2350 1148 legibus?

764 1166 1117 1223 Feneratores
1150 1166 1352 1239 quippe
1386 1185 1481 1238 per
1523 1170 1770 1226 homines
1813 1171 2093 1239 improbos
2142 1168 2346 1239 quibus

764 1258 905 1311 hanc
934 1258 1209 1313 licentiam
1245 1262 1590 1328 impertiunt,
1617 1263 1985 1326 dedecorant;
2017 1269 2071 1315 et
2100 1261 2203 1315 hoc
2245 1259 2351 1315 illis

764 1348 1091 1417 supplicium
1126 1350 1394 1420 irrugatur
1424 1351 1565 1420 apud
1596 1366 1693 1405 eos
1740 1351 1835 1421 qui
1897 1351 2231 1421 patrocinari
2277 1352 2354 1403 vi—

763 1439 989 1494 dentur.
1028 1440 1246 1495 Etenim
1284 1445 1581 1511 ignominia
1617 1460 1831 1513 quoque
1865 1443 2191 1499 criminibus
2219 1459 2355 1497 non-

764 1533 931 1587 nullis
953 1534 1226 1602 quondam
1271 1550 1366 1602 pro
1421 1550 1579 1604 paena
1609 1536 1975 1607 inﬂigchatur,
2002 1545 2054 1593 et
2083 1552 2144 1591 ea
2178 1535 2353 1590 Graeci

765 1626 967 1680 multos
1048 1626 1468 1683 scelestissimos
1558 1632 2049 1699 prosequebantur.
2105 1629 2354 1684 ambula-

772 1720 1015 1786 bantque
1045 1721 1299 1788 infames,
1340 1731 1394 1780 et
1432 1740 1554 1793 quae
1608 1725 1687 1777 vel
1729 1724 1784 1777 in
1821 1724 2213 1791 rempublicam
2267 1717 2351 1778 vel

2451 528 2682 589 καὶτοῖς
2719 525 2819 594 μὲν
2872 525 3231 592 φαυλοτάτοις
3279 525 3389 577 τῶν
3424 523 3635 594 ἀνδρῶν
3694 523 3927 574 πλεῖστα
3958 519 4030 589 δὴ

2450 618 2749 685 προσήκειν
2781 621 2912 683 φασὶ
2935 616 3133 676 τόκων,
3168 616 3369 685 ἥκιστα
3389 615 3446 667 δὲ
3474 617 3587 675 τοῖς
3622 611 3889 683 ἀρίστοις,
3916 610 4031 660 τῶν

2448 709 2495 761 δ’
2525 708 2699 762 ἄλλων
2730 708 2837 774 ὅσῳ
2868 708 2965 777 μὲν
2996 709 3363 779 χρηστότητος
3399 706 3647 775 περίεστι
3674 704 3914 773 τρόπων,
3939 715 4033 749 το-

2452 803 2611 855 σοῦτο
2637 803 2914 855 καὶτόκων
2931 802 3177 867 ἀπεῖναι,
3213 800 3322 867 ὅσῳ
3346 798 3403 851 δὲ
3437 800 3656 869 μέτεστι
3689 793 4021 867 μοχθηρίας.

2448 894 2670 947 τοσοῦτο
2693 894 2789 947 κα)⁵
2808 895 2983 947 τόκων
3016 896 3279 964 μετεῖναι.
3306 892 3414 945 Καὶ
3439 891 3553 954 πῶς
3593 890 3659 945 ἀν
3701 905 3784 949 τις
3824 884 4031 955 μᾶλλον

2450 989 2654 1039 ἀπεῖπε
2677 986 2869 1050 τόκους
2900 987 2994 1040 καὶ
3018 989 3115 1055 τῆς
3146 986 3419 1047 πολιτείας
3448 980 3757 1051 ιξέϐαλενῆ
3796 977 4033 1030 τοιαῦτα

2450 1078 2793 1147 νομοθετῶνς
2821 1080 2900 1131 Δι’
2937 1072 3013 1132 ὧν
3031 1079 3139 1150 γὰρ
3192 1076 3410 1145 φαύλων
3450 1073 3658 1143 ἀνδρῶν
3690 1071 3931 1125 τίθενται
3968 1069 4033 1121 τὸ

2450 1168 2591 1221 οὕτω
2620 1168 2923 1238 κερδαίνειν
2969 1168 3096 1231 τοὺς
3124 1169 3378 1229 τοκιστάς
3422 1163 3747 1237 ἀτιμάζουσι
3776 1162 3877 1233 (al.
3915 1163 4034 1215 ἀτι-

2455 1261 2638 1332 μοῦσι)
2662 1261 2934 1315 καὶτοῦτο
2965 1261 3182 1323 κόλασίς
3208 1262 3356 1313 ἐστιν
3382 1259 3568 1320 αὐτοῖς
3629 1259 3779 1327 παρά
3807 1257 3919 1316 τοῖς
3948 1254 4034 1306 δο-

2453 1354 2611 1407 κοῦσι
2669 1355 3024 1425 συνηγορεῖν·
3076 1352 3300 1423 καὶγὰρ
3349 1350 3445 1404 καὶ
3475 1348 3670 1418 ἀτιμία
3716 1346 3776 1399 τὸ
3802 1347 4033 1415 ἀρχαῖον

2452 1445 2617 1508 ἐνίοις
2641 1445 2750 1517 τῶν
2782 1445 3152 1515 ἐγκλημάτων
3176 1445 3363 1498 ἔκειτο
3395 1443 3541 1509 δίκη,
3564 1442 3667 1506 ,καὶ
3697 1440 3890 1491 τούτου
3919 1437 4035 1488 τῶν

2455 1539 2842 1609 πονηροτάτων
2904 1538 3116 1601 πολλοῖς
3150 1540 3419 1608 ἐτίμησαν
3445 1534 3727 1604 Ἕλληνες,
3763 1531 3858 1585 καὶ
3878 1545 4036 1597 περι-

2452 1628 2623 1699 ῄεσαν
2684 1628 2872 1697 ἄτιμοι
2909 1629 3067 1697 δίκην
3116 1627 3261 1680 τοῦτ’
3292 1616 3423 1679 αὐτὸ
3446 1626 3699 1686 διδόντες,
3730 1616 3805 1675 ὧν
3836 1622 3913 1680 είς
3934 1619 4035 1687 τὴν

2456 1721 2610 1773 πόλιν
2641 1723 2674 1792 ἡ
2705 1739 2826 1775 τινα
2862 1722 2973 1774 τῶν
3008 1722 3235 1775 ἰδιωτῶν
3293 1720 3600 1791 ἐξήμαρτον
3620 1736 3632 1749 ⁸
3662 1716 3758 1770 καὶ
3807 1714 4037 1773 τοτῖτους

773 1810 828 1863 in
905 1813 1174 1879 privatum
1262 1817 1639 1881 admisissent,
1722 1816 1815 1869 tali
1876 1788 2456 1869 animadversioneB‘

2384 1788 2427 1847 Β
2454 1814 2562 1885 γάρ
2585 1788 2813 1882 ἀτίμους
2840 1814 3099 1877 ἐπιεικῶς
3131 1788 3495 1881 ἀποφαίνουσι
3520 1812 3588 1865 δι’
3619 1804 3695 1864 ὧν
3738 1808 3773 1861 ἀ
3801 1809 3914 1870 τοῖς
3954 1824 4035 1859 τι·-

766 1902 1011 1971 piabant.
1067 1904 1175 1961 Nec
1236 1908 1415 1978 inepte
1470 1908 1703 1963 infames
1770 1909 2024 1971 reddunt,
2066 1908 2195 1963 dum
2230 1921 2352 1977 quae

770 1996 1089 2051 melioribus
1123 1999 1416 2054 interdicta
1448 2013 1598 2066 sunt,
1626 2016 1817 2055 eorum
1877 2000 1983 2054 illis
2028 2009 2347 2070 potestatem

768 2086 1089 2152 largiuntur.
1122 2087 1369 2143 Paridem
1405 2090 1601 2145 fabula:
1638 2100 1866 2145 narrant
1923 2091 2070 2159 pomi
2135 2090 2353 2157 adjudi-

768 2178 986 2232 catione
1009 2181 1233 2235 dearum
1268 2183 1693 2251 pulcherrimam
1752 2184 2083 2249 oﬂ‘endisse;
2121 2184 2175 2238 hi
2228 2199 2354 2239 vero

772 2271 927 2323 lucro
960 2271 1129 2341 impio
1155 2277 1541 2343 permittendo,
1566 2277 1814 2331 homines
1850 2278 2167 2333 inhonestos
2190 2285 2354 2347 atque

771 2360 1048 2430 improbos
1126 2364 1422 2420 declarant.
1491 2370 1559 2421 Et
1635 2378 1695 2422 ut
1782 2369 2162 2423 indumentum
2248 2372 2354 2425 vile

771 2454 1161 2523 putridumque
1234 2458 1391 2513 dives
1464 2459 1648 2515 nullus
1713 2471 2006 2530 aspexerit,
2075 2462 2358 2517 mendicus

772 2559 964 2600 contra
999 2547 1130 2601 iliud
1164 2550 1415 2618 accipiat,
1445 2562 1498 2605 et
1526 2568 1591 2607 eo
1618 2568 1676 2607 se
1706 2557 1958 2623 contegat
1984 2569 1998 2606 :
2027 2554 2109 2608 sic
2140 2554 2350 2608 lucrum

768 2652 837 2691 cx
872 2656 1037 2694 usura
1060 2652 1301 2710 partum,
1330 2644 1480 2698 velut
1514 2660 1545 2699 e
1576 2646 1807 2700 cordace
1860 2647 2189 2722 (saltationis
2257 2649 2357 2701 im-

774 2730 986 2797 pudica:
1040 2746 1213 2799 genus
1254 2736 1356 2801 est)
1408 2743 1554 2787 aute
1613 2743 1929 2801 stuprorum
1985 2735 2357 2803 perpessione,

774 2832 870 2874 aut
914 2837 946 2876 e
998 2838 1060 2876 re
1110 2823 1294 2892 aliqua
1356 2826 1568 2890 impura
1624 2826 1955 2890 mercedem,
2016 2826 2144 2878 boni
2201 2826 2360 2879 malis

776 2916 1076 2971 dimittunt.
1138 2917 1255 2983 Qua
1304 2934 1465 2988 pmua
1522 2936 1644 2989 quae
1699 2922 1918 2974 tandem
1975 2921 2257 2988 acerbior,
2314 2923 2359 2975 si

779 3023 903 3062 vere
936 3010 1097 3063 homo
1130 3010 1230 3073 sis,
1260 3026 1314 3064 et
1350 3027 1471 3081 quae
1524 3012 1800 3067 hominem
1865 3012 2062 3066 decent
2127 3014 2361 3081 appetis.

778 3110 961 3155 etnon
998 3102 1050 3154 in
1086 3101 1326 3157 humana
1375 3103 1546 3173 ligura
1610 3122 1761 3160 suem
1820 3106 2090 3160 imitaris?
2146 3106 2362 3174 Perspi-

778 3206 942 3244 cuum
971 3201 1051 3246 est
1078 3193 1247 3262 igitur
1273 3211 1496 3251 usuram
1529 3213 1630 3253 nec
1657 3197 1803 3269 ipsos
1839 3197 1934 3267 qui
1993 3213 2112 3252 eam
2165 3213 2359 3253 conce-

781 3284 917 3336 dunt
944 3294 1098 3339 extra
1117 3287 1327 3341 crimen
1361 3303 1584 3357 ponere.

853 3375 993 3441 Quid
1050 3392 1184 3447 ergo
1235 3380 1307 3432 ita
1357 3381 1655 3435 sanciunt?
1705 3379 1903 3450 inquit.
1956 3380 2357 3451 lmprobitatcm

783 3479 928 3520 tuam
959 3472 1204 3524 terminis
1237 3472 1715 3541 circumscribunt,
1742 3491 1810 3530 ne
1839 3475 1939 3545 ipsi
1965 3478 2099 3532 sorti
2129 3477 2359 3546 aequale,

784 3569 876 3612 aut
908 3561 1067 3629 paulo
1097 3562 1281 3616 minus
1344 3564 1605 3633 accipias,
1637 3566 1731 3619 sed
1791 3564 1992 3630 discas,
2050 3581 2360 3636 quanquam

785 3650 1012 3713 invitus,
1042 3652 1395 3707 mediocriter
1435 3669 1557 3709 esse
1594 3671 1828 3723 nequam
1863 3673 1878 3709 :
1907 3659 2183 3726 quomodo
2235 3661 2360 3713 item

785 3745 1157 3811 petulantibus
1196 3744 1413 3801 feminae
1435 3748 1733 3801 meritoria:
1798 3750 2210 3817 permittuntur,
2260 3767 2364 3806 nec

785 3835 1016 3891 urbibus
1043 3838 1424 3903 estut-bantur,
1458 3838 1525 3893 ad
1578 3840 1754 3909 majus
1802 3840 2005 3894 malum
2061 3843 2362 3897 cavendum

785 3926 1057 3989 videlicet,
1096 3943 1164 3981 ne
1193 3937 1489 3997 nuptarum
1540 3929 1799 3999 pudicitia
1834 3930 2096 3986 insidiose
2137 3940 2366 3988 attente-

786 4026 900 4070 tur.
931 4017 1091 4083 Quod
1144 4019 1272 4073 inde
1333 4020 1525 4075 claret.
1584 4021 1800 4075 Etenim
1852 4025 2102 4077 concessi
2164 4022 2367 4080 fenoris

786 4110 1007 4165 modum
1091 4111 1372 4167 transilire
1450 4121 1763 4175 vetuerunt,
1854 4114 1998 4167 intra
2048 4116 2265 4169 modum
2309 4133 2368 4171 se

788 4203 1228 4257 tenereminime
1276 4209 1587 4257 vetuerunt.
1642 4202 1707 4258 Et
1750 4204 1967 4259 danista
2022 4206 2140 4276 plus
2202 4222 2365 4275 quam

788 4293 1145 4347 constitutum
1176 4303 1261 4348 est
1298 4307 1407 4347 non
1436 4295 1686 4364 accipiet.
1738 4298 1951 4350 etiamsi
2003 4300 2364 4368 syngrapham

789 4385 1064 4449 exhibeat,
1096 4393 1144 4438 et
1175 4385 1444 4441 obieraius
1474 4386 1526 4439 id
1586 4388 1742 4440 valde
1794 4390 2166 4456 speponderit.
2223 4391 2367 4444 Idem

2457 1909 2603 1975 μῐοις
2640 1906 2908 1977 ἀπείρητο
2940 1906 3049 1959 τῶν
3082 1905 3296 1977 ἀνδρῶν
3334 1907 3515 1967 αὐτοῖς
3547 1900 3913 1974 συγχωροῦσι,
3938 1900 4034 1952 καὶ

2453 1998 2547 2051 τὸν
2575 1997 2672 2065 μὲν
2714 1997 3062 2067 Ἀλέξανδρον
3095 1999 3122 2050 ό
3153 1997 3321 2067 μῦθος
3351 1992 3471 2050 εἷπε
3497 1997 3563 2065 τῇ
3595 1994 3689 2047 τοῦ
3729 1992 3903 2061 μήλου
3931 1992 4037 2043 δω-

2459 2088 2555 2156 ρεᾷ
2581 2085 2748 2152 δεῖξαι
2778 2087 2877 2155 τὴν
2900 2088 3096 2156 καλήν.
3138 2088 3201 2139 Oi
3238 2086 3294 2139 δὲ
3325 2087 3450 2148 τοὺς
3482 2085 3743 2155 αἰσχροὺς
3771 2084 3865 2135 καὶ
3894 2081 4036 2149 φαύ-

2455 2180 2579 2242 λους
2612 2179 2686 2249 τῷ
2717 2178 2901 2242 κακῶς
2932 2178 3236 2249 κερδαίνειν
3257 2180 3492 2248 ἐφεῖναι,
3518 2177 3612 2229 καὶ
3639 2174 3889 2241 καθάπερ
3911 2176 4039 2241 ἱμά-

2453 2291 2568 2325 τιον
2593 2273 2808 2334 εὐτελὲς
2857 2272 2951 2324 καὶ
2981 2272 3190 2341 σαπρὸν
3218 2272 3328 2324 τῶν
3356 2272 3456 2340 μὲν
3492 2270 3743 2338 εὐπόρων
3774 2268 3902 2318 ἰδεῖν
3925 2264 4037 2318 οὐδ’

2458 2366 2731 2435 ἀνάσχοιτ’
2754 2365 2821 2418 ἂν
2847 2366 3046 2430 οὐδεὶς,
3076 2369 3305 2434 πένητος
3328 2363 3370 2414 δ’
3394 2363 3458 2415 ἂν
3483 2362 3568 2431 εἴη
3611 2358 3910 2428 δυστυχοῦς
3945 2356 4040 2407 καὶ

2458 2458 2746 2513 ἀνελέσθαι
2788 2460 2880 2512 καὶ
2910 2457 3331 2527 περιϐαλέσθαι.
3360 2458 3451 2507 τὸν
3488 2454 3603 2507 ἴσον
3637 2454 3834 2521 τρόπον
3867 2450 3955 2501 καὶ
3978 2450 4041 2501 τὴ

2457 2553 2607 2620 παρᾶ
2634 2551 2742 2603 τῶν
2765 2552 2936 2604 τόκων
2967 2551 3178 2621 κέρδος,
3209 2550 3395 2619 ὥσπερ
3429 2549 3537 2602 ἀπὸ
3588 2546 3853 2617 κόρδακῖς
3884 2544 3917 2612 ἢ
3954 2543 4042 2610 με-

2460 2646 2652 2713 σθωμα
2699 2646 2732 2713 ἢ
2764 2644 2889 2696 ἄλλο
2938 2662 2990 2696 τι
3013 2646 3119 2696 τῶν
3150 2642 3389 2713 αἰσχρῶν
3416 2643 3528 2705 τοῖς
3560 2640 3782 2708 φαύλοις
3806 2638 4043 2706 ἀπέρρι-

2459 2740 2587 2806 ψαν.
2617 2738 2713 2791 καὶ
2738 2740 2815 2799 τίς
2850 2737 2917 2789 ἂν
2949 2736 3073 2805 δίκη
3104 2736 3313 2802 γένοιτο
3335 2734 3529 2804 χείρων
3563 2734 3708 2793 εἴτις
3732 2731 3804 2791 ὡς
3826 2728 4046 2796 άληθῶς

2459 2833 2745 2901 ἄνθρωπος
2779 2833 2869 2883 καὶ
2901 2831 3000 2894 τὰς
3062 2828 3337 2898 ἀνθρώπῳ
3394 2828 3706 2897 πρεπούσας
3746 2822 4046 2887 ἐπιθυμίας

2463 2923 2597 2992 ἔχει,
2627 2924 2720 2974 καὶ
2741 2927 2815 2994 μὴ
2839 2923 2971 2992 πρὸς
3000 2920 3099 2991 τὴν
3129 2921 3237 2971 ὑῶν
3274 2919 3542 2989 ἁρμονίαν
3576 2920 3852 2987 ἥρμοσται
3880 2933 3896 2982 ;
3934 2916 4046 2966 (ινα-

2464 3018 2619 3079 νερδν
2649 3017 2830 3069 τοίνυν
2859 3016 2932 3077 ὡς
2963 3014 3073 3067 οὐδ’
3099 3016 3147 3066 οἱ
3168 3010 3579 3083 συγχωροῦντες
3605 3012 3758 3063 αὐτοὶ
3786 3009 3909 3071 τοὺς
3958 3008 4048 3059 τό-

2469 3124 2594 3170 κους
2627 3107 2806 3169 αίτίας
2846 3109 3063 3174 ἀφιᾶσι.

2530 3371 2599 3426 Τί
2629 3371 2722 3425 οὖν
2754 3372 3103 3442 νομοθετοῦσι
3125 3391 3138 3437 ;
3158 3373 3346 3443 φησίν.
3365 3373 3568 3444 Ὅρους
3598 3371 3838 3435 τιθέντες
3861 3375 3928 3442 τῇ
3954 3390 4051 3425 πο-

2462 3464 2625 3537 νηρίᾳ
2650 3465 2737 3519 ἵνα
2772 3466 2835 3517 σὺ
2877 3465 2954 3535 μὴ
2986 3464 3094 3517 τῶν
3117 3464 3361 3535 ἀρχαίων
3388 3466 3562 3528 ῐσους,
3597 3464 3630 3531 ἢ
3661 3464 3857 3534 μικρὸν
3894 3464 4051 3517 ἐλάτ-

2461 3576 2586 3619 τους
2612 3557 2913 3630 λαμὸάνῃς,
2944 3557 3061 3611 ἀλλ’
3102 3558 3250 3628 είδῇς
3282 3557 3375 3610 καὶ
3419 3558 3570 3611 ἀκων
3626 3558 3863 3627 μετρίως
3904 3554 4050 3610 εἶναι

2468 3651 2775 3720 μοχθηρόςο
2817 3650 3069 3719 καθάπερ
3129 3650 3223 3703 καὶ
3274 3650 3372 3712 τὰς
3424 3649 3649 3720 ἑταίρας
3700 3649 4050 3720 συγχωροῦσι

2462 3746 2574 3806 τοῖς
2602 3743 2955 3807 ἀκολάστοις,
2985 3744 3080 3795 καί⁸
3112 3743 3222 3795 τῶν
3256 3743 3466 3795 πόλεων
3505 3744 3608 3796 οὐκ
3632 3742 3961 3796 ἐκϐάλλουσι
3988 3743 4052 3795 τὸ

2465 3838 2648 3905 χεῖρον
2684 3835 3080 3905 φυλαττόμενοι
3108 3835 3298 3897 κακὸν,
3343 3833 3411 3887 ἶν’
3442 3836 3493 3887 οἱ
3533 3835 3703 3904 γάμοι
3761 3833 3838 3903 μὴ
3885 3836 4051 3886 πολε-

2468 3927 2696 3996 μῶνται.
2729 3928 2895 3996 Δῆλον
2934 3928 2991 3980 δέ
3013 3944 3028 3959 ·
3063 3927 3156 3979 καὶ
3190 3926 3300 3996 γάρ
3329 3926 3438 3978 τῶν
3468 3926 3728 3979 τεθέντων
3746 3926 3950 3987 τόκων.
3992 3927 4052 3979 τὺ

2469 4017 2664 4086 μέτρον
2730 4015 3080 4083 ὑπερϐαίνειν
3137 4015 3235 4081 μὲν
3298 4012 3602 4077 ἐκώλυσαν,
3642 4015 3774 4067 εῐσω
3826 4014 3886 4067 δὲ
3948 4034 4054 4084 χω-

2471 4113 2606 4177 ρεῖν.
2632 4108 2906 4175 οὐδαμῶς,
2929 4109 3025 4160 καὶ
3048 4106 3155 4159 τῶν
3180 4106 3504 4176 ὡρισμένων
3559 4105 3734 4175 μείζω
3791 4107 3892 4175 μὲν
3949 4108 4053 4161 οὐκ

2468 4200 2532 4253 ἂν
2562 4199 3034 4267 λάϐοιδανειστὴς,
3064 4197 3164 4251 κάν
3212 4200 3279 4249 τὰ
3336 4200 3694 4268 γραμματεῖα
3749 4200 3917 4271 φέρῃ,
3949 4200 4054 4252 κᾶν

2472 4290 2676 4361 σφόδρα
2707 4290 3155 4360 καθομολογήσας
3185 4292 3213 4341 ὁ
3256 4288 3603 4358 χρησάμενος
3630 4287 3790 4360 τύχῃ,
3841 4287 4053 4341 ἐλάττω

2469 4382 2642 4433 δὲκαὶ
2673 4381 2819 4449 μάλα
2849 4380 3027 4446 ἔξεστι
3053 4380 3146 4432 καὶ
3205 4380 3499 4433 συνθέσθαι
3557 4379 3619 4448 δὴ
3682 4382 3777 4432 καὶ
3839 4379 4051 4439 λαϐεῖν,

793 4475 919 4528 hinc
965 4475 1311 4531 manifestius
1365 4478 1559 4547 liquet,
1617 4478 1761 4547 quod
1851 4482 2035 4535 minus
2114 4496 2221 4535 non
2287 4488 2449 4547 estD

2398 4488 2449 4547 Β
2477 4474 2568 4523 καὶ
2595 4472 2655 4523 τδ
2675 4471 3055 4542 φανερώτερον
3081 4472 3160 4524 ἔτι
3179 4489 3192 4502 ’
3227 4473 3323 4523 καὶ
3353 4474 3461 4539 γάρ
3489 4470 3602 4523 οὐδ’
3657 4470 3890 4541 ὥρισται
3935 4473 4056 4524 τοῦ-

788 4582 1132 4637 ειμτοεειιηι,
1182 4584 1280 4623 nec
1348 4579 1408 4624 ut
1469 4573 1626 4625 fenus
1683 4572 2006 4633 maximum,
2061 4572 2136 4626 ita
2207 4574 2368 4627 etiam

793 4660 1079 4712 minimum
1112 4669 1197 4714 est
1227 4661 1504 4715 decretum
1542 4682 1555 4716 :
1583 4664 1675 4717 sed
1711 4664 1980 4733 integrum
2013 4673 2097 4717 est
2158 4679 2311 4733 semp
2345 4680 2373 4721 ι·

796 4756 1041 4803 mutuum
1098 4750 1249 4816 dare,
1320 4757 1568 4820 quamvis
1624 4753 1836 4806 debitor
1896 4752 2031 4806 nihil
2093 4768 2152 4807 se
2197 4769 2374 4807 iisune

796 4840 1016 4893 nomine
1087 4840 1341 4896 daturum
1419 4841 1751 4910 paciscatur,
1837 4859 1934 4897 nec
1989 4844 2159 4896 dedit.
2232 4844 2373 4909 Quid

796 4932 1148 4999 paciscatur?
1199 4931 1255 4986 Si
1295 4948 1421 4985 cum
1476 4934 1695 4987 silentio
1758 4943 2039 4987 mutuatus
2094 4936 2278 4998 fuerit,
2318 4943 2374 4988 et

797 5022 1252 5077 creditorienoris
1315 5040 1422 5077 non
1489 5026 1824 5093 meminerit,
1882 5041 1946 5079 ac
2008 5037 2193 5095 postea
2247 5041 2371 5080 cum

797 5125 946 5168 sorte
978 5115 1029 5167 id
1059 5119 1391 5185 poposcerit,
1427 5134 1599 5187 nugas
1636 5128 1781 5187 aget.

867 5207 1058 5262 Jamne
1088 5210 1351 5278 perspicis
1390 5211 1559 5273 legem
1604 5214 1760 5265 istam
1817 5227 1978 5281 super
2036 5212 2217 5265 usuris
2268 5227 2375 5265 non

799 5313 921 5351 esse
978 5315 1176 5353 usuras
1226 5302 1548 5365 volentium,
1594 5304 1687 5355 sed
1741 5318 1938 5357 usuras
1984 5303 2381 5357 evertentium?

800 5387 954 5452 Quod
983 5391 1029 5444 si
1073 5392 1124 5445 id
1183 5400 1290 5445 tam
1321 5392 1493 5446 libere
1520 5402 1817 5463 aperteque
1844 5410 1951 5448 non
1980 5395 2205 5458 faciunt,
2234 5402 2293 5448 ut
2324 5393 2377 5448 in

801 5481 1118 5552 sacrilegiis,
1149 5492 1244 5537 aut
1296 5484 1624 5549 latrociniis,
1679 5489 1814 5539 nihil
1871 5488 2091 5552 mirum,
2141 5502 2265 5539 cum
2325 5487 2379 5540 in

804 5571 1001 5624 multos
1031 5583 1288 5641 prmterea
1336 5577 1635 5644 improbos,
1671 5577 2009 5645 legislatures
2067 5593 2173 5632 non
2208 5578 2381 5630 anim-

804 5665 1162 5727 advertant,a
1217 5669 1418 5736 quibus
1476 5678 1654 5722 tamen
1702 5670 1842 5723 Deus
1894 5685 2083 5739 pinnas
2148 5673 2383 5739 reposcit

803 5754 1210 5811 acerbissimas.
1271 5755 1492 5813 Tabulis
1522 5775 1708 5815 eorum
1738 5762 1913 5825 lectis,
1952 5775 2108 5814 nemo
2141 5762 2380 5817 invidum

2472 4562 2685 4628 λαττον,
2723 4564 2836 4616 οὐδ’
2861 4563 3051 4635 ὥσπερ
3091 4565 3346 4633 μέγιστον
3383 4565 3539 4617 τόκον
3579 4564 3725 4618 οὕτω
3781 4566 3879 4618 καὶ
3933 4566 4055 4619 ἑλά-

2475 4669 2656 4721 χιστον
2694 4652 2839 4705 ἔστιν
2900 4656 3099 4725 εὑρεῖν,
3135 4655 3251 4707 ἀλλ’
3292 4655 3504 4720 ἔξεστιν
3567 4656 3654 4707 ἀεὶ
3689 4657 3903 4724 μειοῦν,
3955 4662 4057 4709 κάν

2477 4745 2736 4814 σύνθηται
2771 4747 2952 4800 δοῦναι
2986 4748 3153 4817 μηδὲν
3199 4750 3225 4800 ὁ
3265 4747 3609 4818 χρησάμενος
3663 4749 3815 4800 οὐδὲν
3860 4751 4053 4805 ἔδωκε.

2477 4838 2587 4889 Καὶ
2623 4838 2674 4891 τί
2709 4838 2850 4907 λέγω
2882 4841 3245 4909 συνθέμενονς
3282 4843 3388 4894 Καὶ
3415 4844 3521 4912 γάρ
3554 4841 3621 4895 ἂν
3670 4846 3851 4913 σιωπῇ
3904 4846 4061 4914 65257,-

2476 4948 2568 4982 ται
2594 4931 2655 4982 τὸ
2704 4932 2939 4998 δάνειον,
2972 4934 3068 4986 καὶ
3107 4937 3135 4986 ό
3192 4936 3401 5003 χρήσας
3458 4935 3532 5003 ul)
3594 4935 3809 5005 μνησθῇ
3859 4941 4058 5003 τόκων,

2478 5020 2702 5092 ὕστερον
2736 5027 2875 5093 μετὰ
2925 5026 3033 5077 τῶν
3078 5028 3326 5096 ἀρχαίων
3384 5026 3452 5079 ἃν
3505 5027 3695 5090 τόκους
3748 5029 4061 5100 ἀπαιτήσῃ,

2479 5115 2729 5183 ληρήσει.

2560 5205 2722 5275 Ὁρᾷς
2766 5205 2838 5267 ὡς
2887 5208 2914 5259 ὁ
2962 5210 3090 5277 περὶ
3121 5210 3295 5261 τόκων
3334 5210 3551 5263 οὑτοσὶν
3597 5211 3761 5281 νόμος
3796 5214 3901 5266 οὐκ
3950 5216 4062 5267 ἐστι

2476 5300 2669 5359 τόκους
2703 5298 3059 5367 βουλομένων,
3094 5300 3210 5352 ἀλλ’
3230 5302 3628 5370 ἀναιρούντων;
3683 5303 3744 5354 Εί
3773 5303 3828 5357 δὲ
3857 5306 3936 5375 μὴ
3969 5322 4061 5357 σα⁹

2482 5390 2598 5458 φῶς
2630 5390 2794 5456 οὕτω,
2830 5393 3081 5463 καθάπερ
3125 5394 3252 5456 τοὺς
3296 5395 3607 5464 ἱεροσύλους
3643 5395 3676 5465 ἢ
3705 5396 3833 5460 τοὺς
3860 5396 4063 5469 λῃστάς

2481 5485 2543 5536 οὐ
2572 5484 2678 5555 χρὴ
2706 5485 3026 5552 θαυμάζειν,
3052 5488 3175 5540 ἐπεὶ
3202 5490 3292 5541 καὶ
3340 5488 3555 5552 πολλοῖς
3587 5488 3795 5558 ἑτέροις
3820 5492 3925 5544 οὐκ
3949 5494 4063 5543 ἑπι-

2482 5578 2717 5643 τιμῶσιν
2742 5579 2792 5630 οἱ
2827 5581 3113 5648 νομοθέται
3140 5580 3248 5633 τῶν
3278 5581 3557 5650 πονηρῶν,
3592 5583 3687 5636 καὶ
3710 5583 3842 5651 παρ’
3866 5578 3945 5637 ὧν
3968 5586 4060 5647 τὰς

2485 5670 2718 5737 ἐσχάτας
2752 5673 2777 5721 ό
2805 5671 2934 5732 Θεὸς
2962 5674 3348 5743 εἰσπράττεται
3379 5675 3557 5737 δίκας,
3590 5676 3683 5727 καὶ
3716 5673 3955 5743 βάσανον
3976 5677 4062 5727 οὐ.

2486 5763 2596 5826 δεὶς
2631 5763 2693 5817 ἂν
2744 5764 3053 5835 εἰσαγαγὼν
3089 5767 3219 5833 ἱλοι,
3262 5768 3330 5820 τὰ
3360 5767 3666 5838 γράμματα
3698 5767 3882 5823 αὐτῶν
3931 5770 4060 5825 ἀνα-
