4262 6460
252 374 361 435 745

1266 380 1551 441 ORATIO
1586 381 1891 440 CONTRA
1930 382 2500 445 FENERATOHES.

3414 384 3520 451 746

248 495 433 562 γνοὺς,
450 495 543 546 καὶ
567 493 626 546 τδ
652 495 1013 563 μνησικακεῖν
1040 492 1269 547 ἐνταῦθα
1293 497 1636 565 πραγμάτων
1664 496 1837 565 ἁπήλ-
1863 513 1910 572 Α

1827 513 1910 572 -Α
1944 496 2009 550 ad
2092 497 2322 551 tribunal
2379 501 2703 555 accersitum
2775 514 3063 575 cuarguet;
3132 514 3185 559 et
3242 522 3510 563 memores

248 587 446 638 λακται
471 586 562 637 καὶ
592 584 805 638 πολλῶν
831 585 1007 638 ἄλλων
1034 587 1221 638 κακῶν
1256 585 1291 639 5,
1344 586 1443 655 τὴν
1472 589 1695 654 γέενναν
1729 588 1823 637 αὑι

248 678 346 745 τὴν
377 678 684 745 προμνὶται
714 679 822 738 τοῖς
864 677 1157 745 τολμηταῖς
1190 678 1335 747 παρά
1366 681 1475 740 τοῖς
1501 679 1685 746 νόμοις
1726 678 1824 729 οὐκ

245 770 353 821 sisi.
385 770 556 821 δίκαι’
587 770 645 821 τὸ
673 770 716 822 δ’
745 769 937 832 αἴτιον,
972 771 1053 822 ὅτι
1090 770 1265 832 διττὸς
1298 770 1394 839 μὲν
1423 772 1451 822 ὁ
1482 770 1594 839 βίος
1620 769 1821 837 ἀνθρὼ-

244 879 391 924 ποις,
422 862 597 914 διττὸν
626 862 681 913 δέ
706 862 1077 931 δικαστήριον,
1106 862 1154 913 οί
1181 862 1234 913 δὲ
1269 862 1330 913 οὐ
1374 861 1471 929 τὴν
1526 861 1826 929 μέλλουσαν

243 954 381 1020 ἡμῖν
443 954 730 1005 καθιστᾶσι
792 952 956 1020 ζωὴν,
988 952 1109 1004 οὐδὲ
1167 951 1301 1020 πρὺς
1356 950 1416 1002 τὸ
1481 951 1827 1019 δικαςτὴριον

248 1046 429 1095 ἐκεῖνο
504 1043 829 1112 γράφουσιν,
909 1042 1042 1095 ἀλλά
1129 1040 1380 1109 καθάπερ
1464 1042 1575 1101 τοῖς
1627 1040 1826 1109 κυϐερ-

247 1138 442 1206 νήταις
476 1134 648 1203 δήπου
706 1132 857 1201 μέλει
912 1133 1019 1183 τῶν
1076 1133 1363 1193 πλεόντων,
1412 1130 1512 1192 ἓως
1566 1130 1643 1181 ἐτι
1696 1129 1825 1180 πλέ-

243 1246 365 1282 ουσι
430 1227 520 1279 καὶ
570 1227 882 1295 περαιτέρω
936 1226 1044 1277 τῶν
1086 1225 1318 1292 λιμένων
1374 1224 1403 1275 ὃ
1456 1224 1685 1276 συνοίσει
1737 1223 1832 1290 ζη-

239 1327 378 1384 τεῖν,
410 1322 471 1372 οὐ
509 1321 646 1389 πρὸς
692 1319 872 1372 αὐτῶν
930 1319 1206 1385 ἐνόμισαν,
1237 1318 1347 1369 οὐδ’
1388 1317 1452 1369 ἂν
1487 1318 1671 1377 αὐτοῖς
1699 1316 1831 1384 περὶ

245 1415 356 1467 τῶν
405 1415 547 1466 οῐκοι
591 1412 922 1481 διαλεχθείεν
982 1410 1154 1472 οὐδὲν,
1185 1408 1275 1459 τὸν
1330 1410 1443 1461 ῖσον
1493 1408 1691 1475 τρόπον
1739 1406 1831 1458 καὶ

240 1505 374 1567 τοὺς
433 1503 726 1572 νομοθέτας
764 1502 862 1556 ῖδοι
920 1520 1000 1563 τις
1034 1501 1133 1564 ἂν,
1166 1500 1254 1551 τὸν
1305 1501 1404 1568 μὲν
1454 1496 1682 1549 ἐνταῦθα
1726 1497 1834 1550 τῶν

242 1596 555 1666 ἀνθρὼπων
581 1594 875 1655 τάττοντας
908 1591 1044 1660 βίον,
1083 1593 1161 1651 εἰς
1195 1590 1251 1641 δέ
1283 1590 1341 1639 τὸ
1369 1587 1561 1655 μέλλον
1605 1587 1750 1647 ὅπως
1775 1580 1833 1636 εὖ

243 1686 542 1757 πράξουσι,
574 1686 669 1737 καὶ
700 1683 799 1744 τὰς
828 1683 945 1734 ἐκεῖ
976 1680 1304 1747 φυλάξονται
1330 1680 1483 1741 δίκας
1526 1678 1683 1743 λόγον
1712 1693 1833 1727 ποιο

240 1777 513 1846 ουμένους
544 1774 658 1827 οὐδ’
686 1772 948 1837 ὁντινοῦν,
980 1770 1096 1825 ἀνθ’
1131 1766 1209 1825 ὧν
1241 1770 1391 1823 οὐδὲν
1442 1768 1683 1821 ἐκώλυσε
1709 1767 1835 1827 τοὺς

1933 588 2256 657 injuriarum
2295 606 2388 659 per
2408 607 2503 646 eos
2543 594 2687 645 omni
2721 604 2909 648 carent
2938 597 3184 653 molestia
3214 617 3228 651 :
3262 598 3508 665 complu-

1931 678 2083 732 ribus
2114 680 2240 733 item
2275 682 2594 745 sceleribus,
2618 698 2849 750 quorum
2884 686 2993 740 reis
3058 689 3306 757 gehenna
3362 704 3500 757 prte-

1930 768 2098 821 mium
2134 780 2238 834 est,
2261 772 2470 835 legibus
2498 773 2766 841 supplicia
2792 776 2933 829 nulla
2968 777 3357 832 decernuntur.
3382 778 3505 832 Ideo

1934 860 2217 922 nimirum,
2267 862 2393 933 quia
2453 878 2577 917 cum
2634 865 2847 933 gemina
2899 869 3006 922 vita
3058 870 3130 924 sit
3174 869 3514 933 hominibus,

1930 951 2204 1020 geminum
2239 953 2488 1007 similiter
2515 952 2597 1008 est
2630 954 2920 1023 judicium.
2956 958 3318 1028 LegislatOres
3347 959 3501 1013 futu—

1931 1058 2045 1095 ram
2072 1042 2235 1095 vitam
2285 1045 2445 1097 nobis
2498 1061 2602 1099 non
2662 1046 2887 1106 faciunt.
2924 1064 3024 1102 nec
3084 1050 3226 1117 apud
3267 1050 3518 1133 judicent.

1937 1134 2085 1187 illum
2118 1151 2215 1189 nos
2238 1145 2497 1189 accusant
2529 1156 2540 1189 :
2586 1138 2678 1191 sed
2726 1148 2782 1192 ut
2812 1142 3270 1209 gubernatoribus
3295 1144 3347 1196 in
3380 1135 3518 1197 marl

1936 1242 2079 1279 cura:
2128 1240 2256 1279 sunt
2312 1236 2587 1291 vectores,
2633 1229 2759 1281 dum
2803 1232 2964 1285 durat
3027 1233 3320 1301 nmigatio,
3376 1235 3515 1292 ultra

1937 1332 2149 1388 portum
2179 1320 2310 1389 quid
2360 1321 2427 1374 iis
2459 1320 2748 1385 conducat,
2797 1340 3063 1392 qua-rere,
3119 1340 3343 1381 suarum
3393 1344 3514 1396 par-

1938 1411 2071 1463 tium
2129 1426 2234 1463 non
2284 1422 2537 1475 censent,
2571 1428 2671 1468 nec
2729 1414 2795 1467 de
2843 1417 3156 1473 domesticis
3215 1420 3511 1489 quidquam

1936 1516 2060 1554 curn
2120 1501 2188 1554 iis
2255 1503 2467 1570 agitur;
2524 1504 2593 1557 ita
2626 1513 2680 1558 et
2728 1506 3044 1563 conditores
3097 1510 3271 1578 legum
3330 1512 3511 1567 videas

1938 1590 2101 1643 vitam
2141 1590 2421 1644 hominum
2478 1608 2597 1660 quze
2637 1594 2725 1647 hic
2791 1594 3011 1661 degitur
3064 1597 3408 1652 moderantes
3462 1608 3516 1653 et

1938 1685 2351 1746 constituentes,
2382 1684 2513 1752 quid
2584 1684 2636 1737 in
2698 1685 2938 1739 futurum
2999 1687 3103 1743 illis
3168 1688 3282 1756 iiut,
3306 1699 3362 1744 et
3409 1708 3515 1761 qua

1942 1775 2147 1826 ratione
2179 1776 2354 1842 paruis
2413 1776 2763 1845 s~mpiternis
2819 1778 3125 1842 celabantur,
3179 1782 3313 1837 nihil
3362 1784 3514 1853 pensi

242 1869 317 1921 τὰ
350 1867 611 1920 πολιτικὰ
645 1865 807 1936 μόνον
842 1862 1112 1933 χρηστοὺς
1146 1862 1356 1931 μυρίων
1391 1859 1580 1912 κακῶν
1636 1859 1828 1925 γέμον·
1870 1852 1907 1903 Β

1870 1852 1907 1903 Β
1938 1864 2157 1917 habere.
2201 1864 2568 1930 Quamobrem
2609 1866 2745 1920 nihil
2802 1877 2941 1922 vetat
2978 1870 3029 1923 in
3084 1872 3229 1925 civili
3284 1890 3515 1930 consue-

240 1978 344 2022 τας
377 1958 659 2021 ἀπελθεῖν,
685 1954 957 2018 καὶδόξαν
980 1954 1279 2013 ἐπιεικείας
1321 1949 1552 2003 ἐνταῦθα
1604 1948 1698 2000 καὶ
1745 1947 1825 1997 δι-

240 2052 547 2118 καιοσύνης
584 2049 849 2109 λαϐόντας
876 2049 958 2109 είς
994 2046 1121 2108 τοὺς
1156 2044 1553 2113 πονηροτάτους
1581 2042 1697 2094 ἐκεῖ
1730 2053 1823 2089 τε-

240 2148 405 2199 λέσαι
438 2145 534 2197 καὶ
564 2142 671 2196 τῶν
697 2140 955 2211 χειρόνων
990 2138 1187 2207 ψήφων
1217 2138 1417 2205 τυχεῖν,

323 2325 384 2375 Εἰ
406 2322 450 2374 δ’
476 2322 620 2373 οὕτω
649 2320 847 2382 ταῦτα,
886 2316 983 2371 καὶ
1016 2316 1182 2386 χωρὶς
1221 2314 1320 2383 μὲν
1352 2316 1407 2366 αί
1447 2311 1719 2381 παροῦσαι
1744 2311 1821 2363 δί-

240 2434 363 2481 και,
403 2414 573 2485 χωρὶς
606 2413 661 2466 δὲ
690 2412 751 2464 τδ
789 2411 981 2481 μέλλον
1019 2410 1136 2464 ἐστὶ
1174 2409 1550 2479 δικαστήριον,
1597 2409 1671 2476 μὴ
1695 2406 1822 2473 περὶ

236 2510 353 2561 τῶν
384 2505 689 2578 μελλόντων
721 2503 829 2556 ἀπὸ
864 2503 975 2555 τῶν
1006 2502 1293 2571 παρόντων
1335 2499 1655 2567 τεκμαίρου,
1700 2496 1821 2563 μηδ’

232 2601 352 2653 οἴου
404 2596 501 2649 τοῦ
563 2594 697 2647 Θεοῦ
751 2595 933 2662 τυχεῖν
987 2592 1051 2645 ἂν
1083 2590 1341 2660 εὐμενοῦς
1379 2586 1441 2642 οὗ
1481 2587 1826 2657 νομοθετοῦν-

233 2710 334 2754 τος
394 2691 710 2758 ὑπερόπτης
760 2689 988 2755 ἐφάνης,
1039 2687 1120 2738 ὅτι
1179 2685 1325 2752 παρὰ
1383 2683 1660 2741 δικασταῖς
1712 2681 1822 2741 τοῖς

234 2784 539 2853 ὁμοφύλοις
572 2780 910 2847 εὐδοκιμεῖς,
949 2779 1124 2830 ἐκεῖνο
1152 2776 1284 2843 πρός
1315 2791 1377 2840 γε
1408 2772 1621 2831 πολλοῖς
1644 2769 1826 2831 ἄλλοις

236 2875 599 2946 ἐνθυμηθεὶς,
630 2874 705 2933 ὼς
731 2870 1237 2936 άνελευθεριότητος
1306 2867 1399 2918 καὶ
1458 2863 1823 2931 φιλαργυρίας

241 2965 469 3032 καὶτῆς
500 2964 636 3031 πρὸς
666 2963 791 3023 τοὺς
851 2961 1136 3026 δεομένους
1200 2955 1615 3022 ἀπανθρωπίας,
1650 2953 1823 3004 οὐδενὶ

234 3053 349 3105 τῶν
368 3053 436 3104 τὰ
455 3051 681 3103 τοιαῦτα
714 3048 967 3117 πονηρῶν
990 3046 1165 3107 οὐδεὶς
1195 3044 1478 3114 ἐμέμψατο
1505 3042 1820 3110 νομοθέτης,

236 3146 340 3200 κάν
380 3162 465 3205 τις
501 3143 776 3213 γράψηται
804 3142 932 3209 παρ’
962 3140 1161 3199 αὐτοῖς,
1187 3138 1381 3206 χείρων
1404 3136 1550 3187 ἔσται
1581 3133 1671 3186 τοῦ
1698 3133 1824 3199 φεύ-
1854 3180 1896 3213 ρ

235 3254 428 3305 γοντος
455 3236 550 3288 καὶ
579 3235 678 3305 τὴν
716 3233 923 3285 ἐλάττω
950 3232 1130 3300 ψῆφον
1163 3230 1441 3299 οἰχήσεται
1487 3226 1686 3287 λαϐὼν,
1725 3223 1819 3275 τοῦ

236 3330 376 3383 Θεοῦ
409 3327 466 3379 δὲ
509 3327 821 3387 δικάζοντος
852 3323 1111 3391 περὶτῶν
1158 3320 1337 3373 αὐτῶν
1366 3319 1568 3370 τούτων
1617 3315 1817 3383 ἐγκλη-

240 3423 431 3491 μάτων
451 3422 483 3489 ὴ
502 3422 692 3486 γέεννα
716 3415 923 3482 γίνεται
936 3414 1083 3481 δίκη.
1102 3411 1368 3478 Καθάπερ
1391 3408 1569 3461 τοίνυν
1596 3406 1820 3475 βασκαί-

238 3530 369 3575 νων,
404 3511 501 3563 aut
538 3506 913 3576 μνησικακῶν.
951 3506 1057 3555 Καὶ
1084 3502 1255 3570 μισῶν
1273 3502 1363 3553 τὸν
1404 3499 1695 3568 ὁμόφυλον,
1728 3498 1823 3550 καὶ

248 3603 461 3672 μηδένα
498 3599 665 3668 μηδὲν
696 3593 754 3649 εὖ
790 3596 959 3648 ποιῶν
984 3597 1077 3667 καὶ
1106 3595 1174 3647 τά
1201 3592 1424 3645 τοιαῦτα
1461 3590 1824 3659 πονηρευόμε-

235 3714 327 3758 νος
346 3694 499 3747 οὐδὲν
524 3694 589 3744 ἂν
614 3689 804 3756 ἐπίσης
826 3689 1069 3756 ἄμεινον,
1093 3684 1219 3750 περὶ
1242 3686 1349 3735 τῶν
1376 3682 1435 3745 ἐξ
1465 3680 1691 3749 οὐρανοῦ
1722 3681 1825 3748 ψή-

238 3804 381 3857 φων,
417 3787 467 3836 εἰ
501 3781 650 3850 παρᾶ
679 3781 788 3839 τοῖς
820 3778 879 3829 ἐν
923 3780 991 3845 γῇ
1034 3778 1246 3845 κριταῖς
1296 3773 1582 3833 ἀνεύθυνος
1639 3765 1707 3822 εἷ’
1732 3770 1822 3822 τὸν

240 3881 356 3930 ἴσον
389 3874 593 3941 τρόπον
626 3868 763 3921 κάπὶ
792 3868 898 3919 τῶν
929 3867 1105 3919 τόκων
1137 3865 1372 3931 λογίζου.

311 3965 485 4018 Πόθεν
527 3958 618 4013 οὖν
659 3962 686 4011 ό
726 3959 839 4025 βίος
880 3959 1033 4025 ἡμῖν,
1074 3956 1229 4023 φησὶ,
1275 3955 1412 4023 μήτε
1446 3956 1514 4008 τὰ
1548 3957 1808 4027 γεωργῶν

237 4060 433 4120 εἰδόσι,
472 4055 609 4123 μήτε
648 4050 1053 4121 ἐμπορεύεσθαι
1096 4049 1438 4116 δυναμένοις,
1494 4052 1629 4117 μήτε
1682 4048 1818 4116 πρὸς

241 4152 411 4218 ἀλλην
444 4144 694 4217 ἡντινοῦν
738 4143 920 4212 έχουσι
974 4143 1200 4210 τέχνην;
1243 4140 1307 4191 Τί
1346 4139 1389 4192 δ’
1438 4142 1503 4192 ἂν
1547 4142 1639 4190 καὶ
1678 4140 1820 4205 ίερό-

238 4241 391 4292 συλοι
428 4238 498 4289 τά
534 4235 674 4288 αὐτὰ
707 4233 772 4303 δὴ
802 4233 977 4286 ταῦτα
1049 4232 1413 4299 προΐσχωνται
1449 4232 1540 4280 καὶ
1595 4229 1819 4299 lunai;

237 4335 629 4400 Συγχωρησεις
656 4327 839 4387 αὐτοῖς
863 4325 959 4393 τὴν
988 4323 1188 4376 κακίαν
1211 4341 1224 4387 ;
1247 4321 1459 4373 Οὐκοῦν
1478 4321 1583 4373 τῶν
1612 4321 1821 4372 διοουτ-

238 4425 444 4476 τόντων
493 4417 593 4486 τὴν
627 4415 810 4468 αἰκίαν
849 4414 1033 4484 ἀνέξῃ,
1080 4413 1184 4464 κᾶν
1240 4412 1439 4481 λῃστὴς
1471 4411 1731 4479 περιδύσῃ
1760 4427 1816 4461 σε

1929 1960 2117 2010 tudine
2150 1959 2530 2012 tantummodo
2561 1960 2751 2025 bonos,
2812 1964 3051 2031 peccatis
3104 1965 3329 2022 obrutos
3386 1969 3511 2026 hinc

1927 2052 2195 2116 emigrare
2225 2072 2238 2105 :
2267 2062 2322 2107 et
2356 2053 2445 2106 hic
2476 2054 2773 2109 clementia:
2829 2073 2891 2111 ac
2915 2059 3144 2128 justitite
3195 2064 3505 2132 Opinionem

1927 2143 2178 2212 adeptos,
2213 2144 2284 2197 ibi
2350 2144 2543 2198 referri
2603 2148 2747 2200 inter
2803 2150 3511 2217 scelestissimos,deterio-

1928 2249 2150 2302 remque
2171 2235 2441 2289 calculum
2494 2238 2699 2292 sortiri.

1996 2324 2126 2390 Quin
2158 2340 2280 2377 cum
2316 2326 2385 2379 ita
2434 2328 2689 2393 habeant,
2731 2339 2785 2381 et
2833 2330 2977 2403 aliud
3037 2335 3147 2389 sint
3202 2350 3496 2404 prmsentes

1927 2432 2118 2487 pmnae,
2142 2417 2284 2470 aliud
2318 2420 2460 2487 quod
2490 2436 2588 2473 nos
2623 2433 2805 2475 manet
2850 2423 3142 2491 judicium,
3189 2429 3319 2481 noli'
3361 2446 3499 2500 pra:-

1925 2508 2168 2562 seutibus
2200 2508 2379 2561 futura
2405 2510 2617 2574 metiri;
2650 2527 2748 2565 nec
2771 2527 2927 2582 spera
2954 2523 3007 2570 te
3041 2516 3149 2572 Deo
3183 2537 3400 2575 usurum
3422 2524 3512 2578 be-

1926 2600 2139 2658 nevolo.
2165 2600 2322 2668 cujus
2346 2602 2489 2670 leges
2512 2603 2787 2672 despicere
2816 2620 2874 2659 es
2905 2622 3093 2672 ausus,
3124 2612 3333 2666 etiamsi
3356 2614 3507 2682 judi.

1926 2708 2015 2747 ces
2040 2702 2143 2746 tute
2168 2703 2369 2747 natura:
2392 2706 2672 2749 consertes
2700 2711 2804 2749 non
2823 2696 2961 2751 maie
2984 2700 3049 2753 de
3070 2710 3120 2755 te
3150 2704 3465 2760 existiment
3491 2725 3506 2770 ;

1930 2784 2059 2835 Illud
2105 2785 2246 2837 inter
2282 2784 2448 2836 multa
2498 2785 2764 2854 cogitans,
2805 2786 3166 2857 legislatorem
3230 2796 3506 2851 neminem

1926 2875 2113 2928 sordes
2151 2884 2204 2928 ct
2232 2875 2541 2941 avaritiam,
2588 2887 2640 2929 ct
2670 2878 2933 2933 adversus
2978 2891 3198 2947 egentes
3250 2884 3508 2942 inhuma-

1930 2968 2151 3020 nitatem
2188 2966 2241 3018 in
2283 2982 2558 3035 quoquam
2614 2968 2807 3022 horum
2868 2986 2963 3025 reo
3016 2985 3387 3043 persecutum,
3447 2990 3502 3033 et

1928 3057 2017 3121 qui
2046 3072 2373 3125 quemquam
2407 3058 2599 3110 horum
2636 3061 2775 3127 apud
2808 3060 2929 3116 illos
2962 3078 3204 3128 accuset,
3235 3069 3507 3124 deteriore

1931 3145 2049 3199 loco
2090 3150 2208 3216 ipso
2242 3159 2496 3201 accusato
2555 3148 2816 3213 futurum,
2871 3161 2924 3205 et
2983 3169 3140 3209 causa
3197 3172 3504 3226 casurum;

1937 3238 2044 3290 Deo
2096 3246 2275 3291 autem
2343 3238 2409 3291 de
2495 3238 2580 3292 his
2645 3240 2778 3318 ipsis
2845 3242 3172 3299 criminibus
3231 3248 3502 3318 judicium

1929 3337 2245 3391 exercente,
2322 3328 2631 3397 gehennam
2698 3314 3023 3399 supplicium
3102 3336 3236 3391 fore.
3320 3341 3507 3411 itaque

1931 3430 1988 3471 ut
2018 3419 2253 3479 invidus,
2284 3429 2337 3472 et
2390 3419 2712 3487 injuriarum
2768 3439 2872 3476 non
2919 3427 3062 3491 potis
3112 3430 3389 3498 oblivisci,
3450 3446 3505 3488 et

1926 3508 2053 3559 odio
2092 3506 2326 3575 proximi
2377 3507 2638 3569 imbutus,
2697 3519 2749 3562 et
2810 3513 2944 3566 nulli
3001 3517 3295 3587 quidquam
3344 3526 3504 3578 bene-

1927 3602 2152 3665 iaciens,
2183 3609 2235 3654 et
2299 3601 2497 3654 similia
2565 3612 2907 3673 perpetratis,
2961 3622 3275 3680 quanquam
3358 3618 3500 3685 apud

1926 3702 2172 3747 terrenos
2197 3692 2409 3759 jndices
2444 3693 2658 3759 insons,
2707 3696 2988 3751 meliorem
3021 3716 3051 3753 e
3090 3702 3243 3757 ccelo‘
3288 3716 3502 3760 senten-

1927 3784 2055 3836 tiam
2088 3798 2194 3835 non
2220 3784 2378 3836 habet
2409 3798 2506 3835 cur
2542 3796 2851 3853 exspectet:
2888 3788 3030 3844 idem
3090 3802 3140 3845 tu
3175 3794 3241 3847 de
3296 3794 3501 3850 fenera.

1925 3883 2039 3927 tore
2092 3876 2349 3939 cogitato.

2000 3961 2149 4014 Unde
2180 3978 2308 4030 ergo
2337 3964 2509 4019 victus
2544 3967 2721 4027 nobis.
2752 3968 2949 4037 inquit,
2986 3972 3077 4040 qui
3142 3990 3239 4028 nec
3263 3978 3496 4046 agricul—

1923 4060 2099 4104 turam
2130 4054 2419 4110 didicimus
2454 4095 2468 4119 ,
2504 4074 2604 4111 nec
2632 4075 2993 4116 mercaturam
3029 4065 3207 4120 facere
3255 4070 3458 4123 scimus
3484 4112 3497 4135 ,

1923 4159 2020 4196 nec
2053 4145 2118 4196 ad
2148 4146 2308 4198 ullam
2365 4158 2534 4201 artem
2592 4155 2982 4216 quaestuariatn
3040 4172 3232 4211 sumus
3281 4158 3499 4213 idonei?

1924 4234 2074 4299 Quod
2115 4236 2157 4286 si
2193 4245 2245 4288 ct
2300 4238 2571 4306 sacrilegi,
2607 4251 2661 4293 et
2694 4241 2934 4298 latrones
2988 4245 3127 4299 idem
3173 4260 3497 4317 praetexam.

1924 4342 2050 4378 num
2093 4328 2170 4380 eis
2210 4330 2429 4382 sceleris
2463 4329 2775 4387 facultatem
2809 4335 3010 4389 dabis?
3039 4336 3203 4405 Igitur
3252 4342 3499 4397 eﬂ'racto-

1921 4432 2007 4468 res
2034 4418 2296 4484 patieris?
2335 4430 2387 4472 et
2414 4422 2455 4473 si
2513 4422 2648 4476 latro
2678 4435 2893 4492 captum
2932 4438 2980 4481 te
2999 4431 3235 4487 vestibus
3260 4438 3492 4501 exuerit,

246 4509 566 4578 κατασχὼν,
620 4510 715 4559 καὶ
763 4507 977 4572 πληγὰς
1029 4502 1259 4572 ἐντείνῃ,
1292 4502 1461 4555 δεινὸν
1492 4502 1662 4567 οὐδὲν,
1715 4502 1816 4553 κᾶν
1853 4526 1929 4579 01

1810 4521 1816 4546 ι
1853 4526 1891 4579 ο
1924 4515 1975 4559 τι
2016 4510 2201 4577 plagas
2232 4513 2575 4579 imposuerit.
2625 4514 2756 4569 nihil
2810 4516 3022 4587 injuria:
3076 4521 3308 4577 intulit?
3339 4535 3391 4578 ct
3449 4530 3493 4583 si

247 4600 584 4674 μαστρωπός
624 4598 960 4666 πολιορκήσῃ
995 4595 1086 4645 τὸν
1111 4595 1307 4660 γάμον,
1344 4593 1490 4644 οὐδὲν
1519 4592 1773 4659 ἠδίκησεν
1800 4609 1814 4655 ;

238 4697 408 4762 ἄλλην
438 4694 550 4759 γὰρ
575 4689 682 4741 οὐδ’
709 4686 955 4756 ἡντινοῦν
986 4687 1131 4741 ῐσασι
1153 4684 1366 4751 τέχνην.
1396 4681 1521 4752 'Ap'
1543 4681 1633 4733 οὖν
1656 4682 1822 4750 ἡδέως

237 4783 577 4846 ἀπολαύσεις
589 4778 694 4831 τῶν
713 4774 907 4829 σαυτοῦ
922 4774 1114 4842 ψήφων
1133 4770 1369 4839 ;⁹Α>.λ’,οἷ
1376 4790 1491 4842 μαι,
1506 4772 1604 4834 δεῖ,
1627 4770 1823 4836 μᾶλλον

241 4880 299 4929 δὲ
338 4878 488 4927 πᾶσα
518 4873 737 4939 ἀνάγκη
774 4869 847 4937 μὴ
880 4868 1041 4936 μόνον
1073 4860 1148 4917 ὢν
1180 4865 1255 4933 τῷ
1285 4865 1382 4934 βίῳ
1416 4865 1498 4916 δεῖ
1531 4864 1821 4931 τυγχάνειν

243 4970 459 5039 ζητεῖν,
496 4964 635 5017 ἀλλὰ
666 4963 759 5014 καὶ
797 4960 922 5014 ὅθεν
948 4960 1026 5011 δεῖ
1055 4957 1353 5024 λαμῦάνειν
1392 4956 1593 5023 ζητεῖν,
1629 4955 1699 5016 ὼς
1732 4955 1820 5005 ὲν-

239 5058 419 5111 ταῦθα
452 5058 637 5107 πᾶσαν
671 5053 1017 5106 συνεστῶσαν
1048 5051 1146 5119 τὴν
1175 5052 1233 5100 ἐν
1258 5052 1375 5110 ταῖς
1405 5050 1589 5100 πόλεσι
1615 5049 1817 5099 δκαιο-

245 5149 439 5216 σύνην.
479 5146 541 5197 El
578 5144 685 5213 γὰρ
732 5142 1038 5212 χρημάτων
1090 5140 1343 5207 ἀλλήλοις
1391 5140 1486 5190 καὶ
1529 5139 1820 5205 κτημάτων

240 5245 337 5293 καὶ
369 5238 534 5306 δόξης
571 5236 835 5288 ἑκάστοτε
864 5234 956 5285 καὶ
1004 5234 1108 5283 τῶν
1142 5232 1405 5282 τοιούτων
1437 5228 1814 5297 ἀμφισϐητοῦ-

242 5350 363 5401 μεν,
400 5331 610 5381 τούτων
656 5327 710 5378 δὲ
758 5324 857 5377 οὐκ
908 5325 1054 5376 ἔστιν
1100 5323 1249 5375 οὐδὲν
1280 5323 1306 5372 ὃ
1338 5326 1410 5391 μὴ
1449 5322 1577 5389 παρ’
1620 5322 1819 5388 ἐτέρων

237 5426 397 5491 ἡμῖν,
428 5423 513 5473 ὅτι
547 5419 716 5489 μηδὲν
750 5417 808 5481 ἐξ
837 5418 1008 5485 ἀρχῆς
1036 5417 1116 5477 είς
1151 5415 1239 5468 τόν
1286 5413 1397 5483 βίον
1452 5414 1817 5482 είσεληὶυθόσι

239 5508 716 5577 συνεισελήλυθεν,
734 5507 869 5560 ἀλλὰ
889 5509 980 5559 καὶ
1003 5505 1091 5558 τὸν
1122 5507 1287 5575 ἀγρῦν
1317 5505 1567 5560 λαῆόιτες
1596 5505 1815 5572 ἔχομεν,

240 5602 335 5651 καὶ
355 5598 417 5651 τό
437 5600 451 5649 ί
462 5600 679 5666 μάτιον,
704 5596 902 5648 καὶτὸν
930 5595 1097 5649 ἵππον
1120 5594 1341 5646 καὶτῶν
1371 5594 1540 5645 ὄντων
1568 5593 1815 5644 ἕκαστονσ

240 5689 504 5759 φανερὸν,
528 5688 703 5756 τούτῳ
719 5688 993 5752 διενέγκαι
1010 5687 1131 5746 τοὺς
1158 5686 1395 5745 δικαίους
1413 5684 1520 5736 τῶν
1542 5682 1814 5752 πονηρῶν,

238 5782 319 5853 τῷ
343 5784 471 5843 τοὺς
493 5783 615 5849 μὲν,
640 5778 770 5849 παρ’
794 5774 869 5833 ὦν
892 5779 1020 5840 ἔδει,
1047 5779 1166 5837 τοὺς
1192 5778 1270 5841 δὲ,
1302 5776 1427 5845 παρ’
1458 5770 1531 5828 ὧν
1558 5776 1655 5826 οὐκ
1685 5774 1812 5833 ἔδει.

579 5880 849 5937 I’A'ruoL.
893 5879 1011 5935 Gn.
1063 5876 1177 5933 (1L.

1929 4598 2049 4649 leno
2080 4602 2263 4653 uxoris
2312 4602 2617 4656 castitatem
2682 4611 3006 4676 corruperit,
3069 4612 3199 4666 nihil
3266 4619 3496 4672 nocuit?

1930 4688 2131 4739 nullam
2162 4689 2303 4740 enim
2334 4705 2720 4759 quamcunque
2760 4706 2931 4749 artem
2970 4712 3194 4754 norunt.
3230 4701 3488 4759 Fructum

1926 4778 2273 4846 ergojudicii
2307 4782 2382 4833 tui
2447 4785 2652 4849 capies.
2704 4785 2772 4838 At
2824 4788 2968 4840 enim
3030 4800 3161 4858 puto
3216 4804 3489 4861 oportere,

1926 4865 2036 4918 into
2074 4879 2179 4919 tam
2226 4878 2311 4920 est
2375 4872 2767 4937 necessarium,
2820 4888 2981 4943 quam
3039 4881 3181 4947 quod
3238 4886 3490 4950 maxime,

1925 4971 2029 5009 non
2072 4957 2245 5010 solum
2273 4960 2471 5027 quibus
2501 4962 2608 5014 vita
2634 4964 2838 5032 indiget
2880 4982 3125 5035 quaerere
3152 5007 3166 5032 ,
3200 4972 3292 5024 sed
3323 4973 3488 5026 etiam

1923 5048 2336 5118 circumspicere
2373 5055 2510 5105 unde
2570 5054 2943 5122 accipiendum
2994 5060 3085 5123 sit,
3143 5071 3329 5131 utpote
3378 5076 3487 5119 tota

1922 5137 2066 5192 civili
2105 5141 2315 5207 justitia
2348 5142 2435 5195 hic
2465 5144 2816 5201 consistente.
2856 5146 2910 5200 Si
2956 5150 3101 5203 enim
3150 5153 3216 5207 de
3240 5159 3486 5222 pecunia,

1923 5232 2376 5298 possessionibus,
2399 5232 2591 5301 gloria,
2624 5238 3002 5306 similibusque
3026 5257 3242 5311 semper
3267 5256 3489 5301 contro-

1923 5335 2221 5384 versantur,
2254 5323 2521 5377 cthorum
2572 5326 2707 5379 nihil
2761 5340 2865 5392 est,
2914 5331 3055 5398 quod
3114 5348 3220 5386 non
3253 5334 3321 5388 ab
3368 5337 3488 5392 aliis

1927 5412 1993 5465 ad
2042 5427 2140 5465 nos
2165 5414 2461 5480 perveniat,
2521 5418 2780 5485 quoniam
2812 5434 2843 5471 a
2904 5422 3168 5491 principio
3207 5423 3258 5477 in
3322 5425 3485 5479 vitam

1933 5501 2163 5569 iugres-i
2196 5502 2332 5555 nihil
2371 5504 2562 5558 horum
2624 5508 2911 5562 nobiscum
2968 5512 3131 5566 simul
3178 5530 3485 5582 Ingressum

1920 5600 2022 5652 est,
2046 5592 2137 5643 sed
2174 5601 2227 5645 et
2253 5607 2438 5663 agrum
2471 5598 2802 5665 accepimus,
2833 5612 2884 5655 et
2918 5613 3146 5667 vestem,
3179 5613 3232 5657 et
3259 5620 3481 5674 equum,

1919 5694 1970 5735 et
1992 5684 2253 5751 quidquid
2280 5684 2594 5740 facultatum
2636 5691 2897 5746 habemus
2930 5711 2941 5744 :
2976 5695 3180 5747 clarum
3240 5706 3343 5759 est,
3384 5696 3486 5753 hoc

1920 5775 2123 5827 distare
2148 5774 2324 5842 justos
2350 5778 2415 5829 ab
2448 5777 2733 5847 improbis,
2766 5785 2911 5851 quod
2944 5785 3014 5837 ιΙιί
3040 5801 3066 5836 a
3098 5784 3297 5851 quibus
3324 5800 3489 5857 opor-

3052 5875 3121 5938 2"t
