4262 6460
724 376 827 440 747

1982 374 2287 435 NlCOLAl
2337 375 2728 436 CABASILAS

3880 375 3987 439 748

728 492 826 544 tet.
854 484 907 536 hi
935 498 960 535 a
987 483 1187 550 quibus
1218 481 1358 535 haud
1389 490 1625 550 oportet,
1675 480 1972 550 accipiunt.
2026 480 2079 534 Si
2142 480 2297 533 ililfe-
2333 488 2375 541 Α
2407 483 2411 531 ‘.

2333 488 2375 541 Α
2407 482 2729 550 λαμϐάνειν.
2766 482 2826 535 Et
2856 481 2920 553 δὴ
2951 481 3157 553 ταύτην
3195 481 3408 545 ἀνέλοις
3435 481 3533 552 τὴν
3570 482 3857 553 διαφορὰν,
3894 487 3990 538 καὶ

724 574 955 628 rentiam
994 572 1133 627 hanc
1158 573 1467 633 sustuleris,
1532 583 1585 625 et
1619 573 1972 640 pecuniarum
2005 574 2303 641 possessio-

724 680 965 733 nnmqne
1016 664 1268 718 dominos
1326 679 1430 716 non
1473 664 1706 731 jnstitia,
1741 664 1834 717 sed
1881 665 1961 717 ris
1992 672 2045 716 ct
2073 664 2306 716 neCessi-

723 768 806 813 tas
868 757 1150 819 creaverit,
1224 768 1402 809 actum
1460 766 1542 809 est
1608 754 1675 807 de
1712 756 1923 820 justitia
2002 758 2281 818 uniwrse,

724 852 1191 920 nugahunturque
1236 850 1469 915 jndices,
1520 856 1575 897 et
1622 847 1798 916 legum
1848 846 2043 900 tabulae
2114 848 2304 899 inanes

723 955 883 997 erunt
914 958 972 995 ac
1023 954 1439 1009 superiacaneaz
1467 981 1481 1000 ,
1514 948 1570 992 et
1603 950 1656 991 tu
1681 938 2044 1006 potentiorum
2092 940 2302 994 lucrum

724 1039 848 1097 eris,
888 1044 943 1090 et.
971 1044 1023 1087 tu
1056 1033 1285 1088 fortunis
1319 1034 1425 1086 luis
1461 1048 1489 1085 a
1523 1033 1723 1085 nullam
1766 1042 1934 1084 artem
1982 1033 2302 1094 scientibus,

722 1138 777 1179 et
800 1143 929 1181 sons
989 1127 1230 1191 ipsorum
1283 1126 1427 1193 leges
1485 1124 1837 1190 sequentibus
1867 1124 2203 1192 spoliaberis.
2231 1122 2306 1179 Ne

730 1235 862 1287 ergo
891 1220 1218 1271 necessitate.
1257 1218 1452 1278 nitere,
1485 1232 1584 1269 nec
1617 1217 1769 1268 dicas
1818 1232 1955 1285 opus
1999 1233 2151 1269 esse:
2212 1216 2303 1269 Sed

729 1315 828 1361 hoc
859 1311 1103 1370 ostende,
1136 1310 1343 1375 tejuste
1374 1311 1629 1376 adeptum
1671 1322 1791 1360 esse
1815 1308 1955 1376 quod
1992 1308 2179 1360 habes.

805 1403 902 1454 Cui
941 1419 1068 1451 vero
1103 1400 1358 1467 injttziatn
1390 1401 1693 1455 inferimus
1733 1400 1932 1466 inquit,
1968 1402 2011 1452 si
2065 1418 2091 1450 ει
2123 1400 2306 1455 volen-

727 1495 871 1545 ιιιιιιε
902 1491 1240 1559 accipimus?
1278 1492 1383 1544 lico
1416 1491 1792 1559 ipsiinarime,
1862 1492 1913 1542 in
1967 1508 2149 1559 quem,
2189 1496 2306 1561 ejus

734 1587 903 1653 legem
968 1586 1241 1652 frangens,
1324 1583 1754 1636 contumelesus
1823 1584 2114 1653 reperiris:
2175 1586 2308 1641 cl‘er

728 1678 1233 1747 prmvaricalionem
1265 1676 1408 1725 enim
1444 1675 1578 1743 legis
1615 1676 1781 1727 Deum
1820 1676 2139 1741 inhonoras,
2177 1696 2194 1728 ι
2227 1684 2308 1732 ait

726 1771 927 1824 l‘aulus
952 1772 994 1824 ’.
1030 1768 1233 1819 lioinde
1263 1768 1396 1835 ipsis
1425 1783 1663 1835 quoque.
1723 1769 1923 1835 quibus
1982 1770 2307 1825 detrimento

726 1878 805 1925 es,
836 1871 888 1914 et
913 1862 1004 1929 qui
1029 1872 1077 1913 te
1103 1860 1237 1913 nihil
1267 1859 1633 1912 ullendernnt.
1693 1837 1834 1911 Non.
1864 1862 2007 1913 enim
2073 1864 2307 1916 consilto

725 1972 790 2009 ac
812 1964 1003 2023 sponte
1034 1961 1318 2020 argentum
1351 1967 1511 2005 suum
1561 1950 1845 2019 ahjiciunt,
1865 1955 1955 2005 sed
1980 1968 2044 2008 eo
2102 1954 2200 2008 abs
2257 1962 2310 2010 te

726 2049 931 2117 privari
993 2047 1296 2115 patiuntur,
1354 2056 1408 2099 et
1456 2044 1725 2115 jacturam
1782 2045 1991 2114 jactura
2042 2049 2307 2110 sarcinnt,

725 2142 1033 2210 graviorem
1099 2138 1318 2191 leviore.
1382 2139 1517 2202 Quia
1576 2137 1720 2189 cnim
1795 2138 2160 2207 chirographo
2213 2154 2308 2193 eos

725 2232 1002 2301 ob'igasti,
1031 2239 1084 2284 et
1116 2245 1199 2293 ne,
1241 2245 1361 2281 eum
1391 2238 1580 2281 mutuo
1633 2228 1828 2281 iterum
1858 2230 2229 2298 egebunt,abs
2260 2244 2309 2285 te

728 2322 1080 2390 repellantur.
1119 2329 1167 2372 te
1198 2319 1438 2388 ipsorum
1508 2318 1647 2371 bona
1708 2317 2087 2386 depascenlcm
2136 2319 2310 2387 perfe-

730 2423 878 2468 runt.
905 2412 1132 2477 Insuper
1161 2419 1213 2462 et
1279 2408 1378 2478 ipsi
1442 2408 1752 2476 ieipnhliCa:
1810 2406 2007 2475 officis,
2040 2420 2094 2463 et
2138 2410 2306 2480 legem

729 2523 756 2557 ιι
796 2506 905 2559 Deo
970 2505 1132 2556 latam
1188 2503 1497 2569 impugnas,
1560 2501 1946 2571 cwlestemque
2016 2502 2305 2556 vindictam

728 2611 1014 2666 provocas.

802 2686 880 2738 Ac
912 2699 977 2736 ne
1014 2693 1118 2736 tam
1147 2697 1369 2750 gravent
1403 2680 1818 2735 aﬂirmationcm
1857 2697 2031 2736 meam
2087 2682 2301 2751 vilipcn-

733 2782 850 2841 das,
884 2786 1078 2830 testem
1115 2775 1256 2826 dabo
1286 2773 1563 2838 liasilium,
1623 2789 1784 2842 quem
1843 2772 2169 2828 submovere
2201 2790 2307 2828 non

732 2871 985 2929 audebis,
1012 2867 1168 2934 cujus
1190 2866 1400 2919 celebre
1424 2878 1503 2918 est
1536 2881 1731 2919 nomen
1760 2866 1900 2934 apud
1928 2882 2137 2920 omnes.
2172 2868 2306 2919 Cum

732 2964 877 3015 enim
910 2962 1145 3029 quodam
1176 2969 1416 3026 tempore
1454 2957 1625 3011 fames
1675 2968 1729 3011 et
1778 2958 1997 3013 siccitas
2033 2960 2306 3028 regionem

734 3058 856 3125 ejus
883 3054 1218 3111 obsiderent,
1261 3066 1510 3119 qmerens
1542 3050 1651 3111 ille,
1704 3050 1846 3104 unde
1895 3052 2206 3116 calamitas,
2255 3062 2311 3105 et

2406 573 2696 637 δεσπόταις
2745 574 3044 644 χρημάτων
3082 574 3179 627 καὶ
3221 573 3521 644 κτημάτων
3554 574 3615 627 ού
3668 576 3729 627 τὸ
3758 574 3990 641 δίκαιον,

2409 666 2547 719 ἀλλὰ
2589 668 2651 719 τό
2686 667 2895 720 δεῖσθαι
2939 668 3356 736 χειροτονήσεις,
3400 664 3606 735 φροῦδα
3640 665 3820 719 πάντα
3845 706 3860 729 ,
3897 668 3993 719 καὶ

2417 755 2717 827 ληρήσουσι
2753 758 2854 825 μὲν
2909 757 3182 821 δικασταὶ,
3234 757 3411 825 μάτην
3450 756 3509 808 δδ
3562 754 3655 808 τοῦ
3706 755 3872 825 νόμου
3914 758 3985 808 τά

2408 855 2732 918 γράμματα,
2768 852 2833 901 σὺ
2886 850 2941 901 δὲ
2974 848 3160 919 κέρδος
3188 848 3285 919 ἔσῃ
3321 848 3431 901 τῶν
3468 848 3856 918 ἰσχυροτέρων,
3897 850 3995 900 καὶ

2406 943 2516 994 τῶν
2541 942 2708 994 ὄντων
2740 943 2983 1013 ἐκστήσῃ
3006 944 3117 1002 τοῖς
3144 942 3408 1009 οὐδεμίαν
3436 941 3603 993 εἰδόσι
3626 941 3846 1009 τέχνην,
3874 943 3988 1002 τοῖς

2411 1033 2609 1087 σαυτοῦ
2658 1034 2843 1104 νόμοις
2889 1035 3223 1088 ἀκολουθῶν.
3264 1035 3423 1087 Ἀλλά
3454 1034 3629 1086 ταῦτα
3660 1033 3876 1086 ἄτοπα·
3914 1033 3993 1101 μὴ

2408 1127 2592 1180 τοίνυν
2646 1126 2927 1196 ίσχυρ’ζου
2976 1129 3042 1195 τῇ
3096 1127 3287 1195 χρείᾳ,
3327 1126 3451 1192 μηδ’
3483 1126 3565 1176 ὅτι
3611 1125 3754 1177 δέοιο
3800 1123 3991 1194 λέγῃς,

2413 1218 2550 1271 ἀλλὰ
2584 1218 2744 1270 τοῦτο
2776 1217 2972 1283 δεῖξον,
2998 1220 3047 1270 εἰ
3075 1217 3303 1280 δικαίως
3336 1218 3504 1287 ἔχεις,
3540 1215 3743 1269 λαϐὼν.

2484 1400 2590 1451 Καὶ
2618 1399 2762 1462 τίνα,
2786 1398 2974 1467 φησὶν,
3002 1397 3320 1467 ἀδικοῦμεν,
3348 1399 3397 1451 εἰ
3428 1399 3556 1468 παρ’
3581 1399 3823 1452 ἑκόντων
3843 1401 3989 1469 λαμ-

2410 1492 2685 1563 6άνομεν;
2721 1492 2970 1546 Μάλιστα
3005 1492 3104 1561 μὲν
3138 1492 3229 1544 τὸν
3256 1492 3389 1544 Θεδν
3423 1493 3608 1558 αὑτὸν,
3640 1493 3720 1556 είς
3741 1493 3803 1545 δν
3831 1492 3990 1562 ὑδρία

2410 1584 2523 1648 ζεις
2562 1583 2919 1653 παρανομῶν.
2962 1581 3091 1633 (Διά
3119 1580 3223 1649 τῆς
3256 1582 3625 1651 παραϐάσεως
3660 1581 3794 1651 γὰρ,
3830 1581 3988 1649 φησι,

2408 1675 2503 1727 τοῦ
2530 1676 2719 1743 νόμου,
2748 1675 2839 1726 τὸν
2859 1674 2991 1726 Θεὸν
3014 1674 3364 1741 ἀτιμάζεις.)
3398 1674 3629 1725 Ἔπειτα
3650 1673 3745 1725 καὶ
3771 1672 3989 1733 αὐτοὺς,

2412 1762 2494 1829 οἷς
2519 1768 2617 1837 τὴν
2654 1766 2857 1836 ζημίαν
2898 1766 3131 1834 ἐπάγεις
3175 1765 3497 1837 ἠδικηκόσιν
3548 1765 3727 1819 οὐδέν.
3765 1765 3841 1816 Οὐ
3882 1763 3992 1830 γάρ

2411 1860 2520 1913 ἀπὸ
2562 1860 2789 1930 γνώμης
2822 1858 3135 1911 ὲθελουσίου
3167 1859 3453 1928 προΐενται
3492 1857 3814 1927 τάργύριον,
3854 1854 3994 1907 ἀλλά

2409 1951 2669 2021 φέρουσιν
2716 1951 3184 2020 ἀποστερούμενοι
3236 1951 3331 2003 καὶ
3371 1948 3582 2020 ζημίας
3634 1947 3992 2002 ἀλλάττονται

2410 2044 2635 2112 ζημίαν,
2690 2044 2793 2112 τῆς
2847 2044 3094 2113 χείρονος
3144 2042 3243 2112 τὴν
3290 2042 3656 2111 κουφοτέραν.
3708 2042 3832 2093 Ὀτι
3882 2039 3992 2108 γὰρ

2409 2138 2813 2207 γραμματείοις
2878 2138 3206 2205 κατέδησας,
3261 2138 3356 2189 καὶ
3416 2134 3501 2187 ῐνα
3553 2133 3651 2203 μὴ,
3678 2131 3990 2202 χρήσασθαι

2408 2231 2718 2298 δεηθέντος,
2758 2227 2913 2291 αὖθις
2952 2230 3336 2297 ἀποστραφῇς,
3386 2224 3864 2294 καταόοσκομένου
3896 2223 3992 2293 τὴν

2409 2323 2598 2375 οὐσίαν
2639 2324 2944 2390 ἀνέχονται·
2989 2322 3158 2392 χωρὶς
3186 2320 3243 2373 δὲ
3272 2319 3501 2385 τούτων,
3530 2320 3662 2372 αύτδ
3694 2319 3755 2370 τὸ
3802 2318 3989 2371 κοινὸν

2419 2418 2648 2479 damn,
2755 2418 2847 2468 τὸν
2874 2415 3031 2477 Θεὸν,
3060 2414 3130 2467 δι’
3149 2408 3223 2467 ὦν
3251 2415 3345 2467 τὸν
3375 2414 3588 2467 ἐκεῖθεν
3617 2414 3784 2481 νόμον
3816 2413 3842 2451 t‘
3858 2426 3988 2481 nep-

2412 2507 2643 2575 βαίνεις,
2700 2506 3048 2574 ἐκπολεμεῖς,
3111 2505 3206 2557 καὶ
3243 2505 3345 2566 τάς
3395 2501 3455 2567 ἐξ
3495 2500 3729 2571 ούρανσ’
3773 2503 3989 2570 πληγὰς

2410 2599 2613 2660 ἒλκεις.

2482 2693 2591 2745 Καὶ
2621 2692 2768 2754 ὅπως
2823 2690 2897 2761 μὴ
2947 2688 3236 2759 καταγνῷς
3276 2689 3386 2743 τῶν
3430 2691 3606 2758 λόγων
3658 2689 3986 2760 ὑπερϐολὴν,

2412 2787 2505 2837 καὶ
2538 2785 2647 2853 γάρ
2678 2802 2761 2837 σοι
2784 2783 3097 2853 παρέξομαι
3142 2784 3401 2852 μάρτυρα
3440 2784 3744 2845 Βασίλειον,
3788 2785 3887 2835 καὶ
3924 2784 3984 2836 οὐ

2411 2878 2871 2945 παραγράφεσθαι
2896 2878 2988 2928 τὸν
3019 2876 3188 2945 ἄνδρα
3209 2875 3527 2946 τολμήσεις,
3550 2869 3612 2930 οὗ
3645 2876 3796 2945 μέγα
3826 2878 3980 2945 παρά

2417 2971 2585 3022 πᾶσιν
2629 2969 2799 3037 ὄνομα
2872 2966 3049 3035 Λιμοῦ
3083 2966 3191 3033 γάρ
3239 2968 3334 3019 καὶ
3370 2965 3584 3035 αὖχμοῦ
3620 2968 3988 3035 κατασχόντος

2411 3060 2543 3112 ποτὶ
2573 3060 2669 3128 τὴν
2703 3055 2893 3117 αὐτοῦ,
2924 3056 3103 3123 ζητῶν
3136 3055 3260 3108 ὅθεν
3286 3056 3345 3108 τδ
3378 3057 3568 3117 κακὸν,
3602 3056 3695 3107 καὶ
3722 3057 3775 3107 τί
3798 3058 3857 3106 τὸ
3892 3073 3991 3105 πα-

733 3149 863 3220 qnid
897 3147 1098 3202 faceret
1132 3144 1306 3197 nubes
1351 3152 1458 3196 tam
1509 3144 1741 3207 steriles,
1780 3152 1979 3197 teriam
2008 3153 2117 3197 tam
2176 3146 2313 3199 iufe-
2338 3148 2381 3206 c

2304 3148 2381 3206 -C
2421 3152 2766 3221 ρασκευάσαν
2817 3149 3049 3217 ἀγόνους
3102 3148 3200 3217 μὲν
3240 3147 3339 3210 τὰς
3384 3148 3637 3216 νεφέλας.
3688 3147 3884 3214 ἄγονον
3933 3146 3987 3197 δὲ

739 3240 971 3293 rundam
1005 3275 1021 3301 ,
1053 3235 1287 3290 radicem
1322 3244 1375 3287 et
1425 3234 1748 3301 principium
1785 3235 1910 3287 mali
1949 3236 2111 3304 hujus
2168 3238 2308 3306 apud

736 3333 1070 3386 feneratores
1103 3326 1331 3379 imenit.
1367 3324 1520 3390 Quod
1557 3333 1613 3377 nt
1641 3326 1854 3388 credas,
1900 3342 1966 3379 en
2000 3327 2094 3379 tibi
2145 3330 2307 3383 verba

739 3424 913 3492 ipsius
944 3437 957 3473 :
997 3418 1192 3472 Scinde
1225 3416 1462 3469 libillum
1495 3418 1617 3469 :eiis
1650 3418 1811 3469 alieni
1844 3418 2209 3484 injuszum,ut
2236 3421 2312 3475 sie

741 3523 1019 3583 peccatum
1057 3510 1323 3572 solvatur,
1376 3507 1492 3560 dele
1548 3508 1998 3575 gravissimorum
2063 3508 2311 3565 fenorum

742 3604 988 3667 nomina,
1023 3610 1081 3652 ut
1113 3609 1253 3652 terra
1327 3598 1545 3651 solitum
1593 3601 1684 3651 tibi
1737 3598 1892 3653 fenus
1940 3602 2142 3655 reddat.
2181 3603 2313 3658 {Ere

742 3708 997 3762 namque,
1067 3700 1121 3745 et
1170 3706 1327 3753 auro,
1359 3705 1423 3743 ac
1453 3690 1727 3743 similibus
1770 3690 2043 3745 [ineundis
2073 3695 2309 3749 metallis

738 3796 933 3859 praeter
970 3793 1219 3838 naturam
1258 3784 1421 3835 fletus
1442 3782 1746 3847 edentibus,
1776 3782 1899 3851 jure
1927 3786 2168 3853 germina
2190 3800 2313 3854 qua:

740 3876 1057 3932 naturaliter
1117 3875 1355 3943 pariunt,
1421 3873 1624 3926 sterilia
1680 3875 1837 3937 fiunt,
1924 3884 1976 3927 et
2034 3875 2099 3928 ad
2165 3878 2307 3932 habi-

742 3970 971 4023 tantium
1011 3968 1235 4019 multam
1272 3964 1544 4017 fructibus
1576 3974 1784 4018 carent.
1837 3963 1963 4019 llaec
2009 3966 2119 4019 ille.

816 4060 1001 4113 Viden'
1036 4070 1163 4127 quot
1217 4057 1372 4109 malis
1407 4039 1566 4109 urbes
1601 4058 1892 4109 cumulos?
1924 4060 2062 4124 Quid
2101 4074 2310 4117 tantum

745 4151 1073 4204 incommodi
1104 4148 1417 4216 importavit
1438 4148 1733 4209 homicida,
1756 4161 1845 4201 aut
1874 4150 1959 4202 fur
1988 4164 2311 4221 nocturnus,

745 4258 881 4309 quos
925 4240 1100 4308 capite
1143 4239 1421 4308 punimus,
1458 4248 1516 4290 ut
1570 4247 1624 4292 et
1661 4248 1856 4293 terrain
1908 4256 2308 4310 corrumperet,

747 4348 800 4386 et
830 4349 1010 4387 aerem
1048 4334 1280 4396 ritiaret,
1312 4342 1366 4384 et
1414 4330 1663 4387 civitates
1706 4335 2092 4389 communibus
2144 4338 2316 4391 homi—

748 4441 876 4476 num
933 4423 1257 4475 ntiiitatibus
1303 4424 1858 4490 spoliaret?'fantum
1912 4429 2062 4489 abes,
2113 4439 2168 4482 ut
2221 4442 2314 4485 aut

750 4515 957 4569 nullum
993 4513 1191 4581 injuste
1223 4512 1386 4566 laedas
1418 4552 1432 4575 ,
1463 4524 1557 4564 aut
1585 4512 1913 4579 ignoscenda
1948 4518 2149 4569 audeas
2178 4558 2192 4581 ,
2225 4530 2315 4572 aut

748 4606 923 4670 culpae
970 4603 1195 4652 minuta:
1241 4600 1413 4654 allinis
1466 4602 1561 4653 sis.
1600 4599 1680 4655 Tu
1715 4602 1929 4655 interim
1979 4614 2030 4657 et
2084 4622 2321 4661 courem

749 4702 924 4753 tuum,
971 4700 1025 4743 et
1075 4690 1447 4743 institutorum
1482 4690 1625 4751 vitae,
1656 4700 1708 4744 et
1748 4694 1925 4747 victus
1982 4698 2207 4752 humani
2258 4718 2319 4755 es

750 4784 1043 4853 particeps,
1072 4782 1349 4835 hominum
1380 4782 1649 4851 pernicies
1675 4787 1997 4854 ;credisqne
2024 4786 2317 4856 Salmtori,

749 4884 803 4927 et
829 4876 947 4942 ejus
978 4874 1249 4943 mysteriis
1277 4886 1340 4925 ac
1375 4873 1583 4941 legibus
1601 4875 1914 4941 salutiferi~,
1945 4882 2143 4946 quibus
2173 4884 2317 4949 leges

753 4967 861 5019 fers
896 4964 1221 5018 contrarias.
1257 4964 1453 5027 Quaeso
1500 4978 1589 5028 te;
1642 4981 1747 5019 non
1794 4969 1959 5036 pudet
2014 4976 2317 5027 communi-

754 5071 878 5110 care
910 5055 1053 5107 illius
1085 5068 1305 5117 mensae,
1338 5056 1423 5107 cui
1476 5064 1755 5123 tantopere
1800 5058 2110 5115 adversaris
2137 5063 2159 5114 τ
2189 5079 2312 5128 nec,

753 5156 1043 5213 antequam
1072 5159 1195 5197 cum
1232 5160 1297 5197 eo
1328 5143 1381 5195 in
1412 5146 1640 5211 gratiam
1672 5146 1958 5202 restitutus
1989 5152 2087 5215 sis,
2122 5152 2313 5209 horres

755 5246 804 5290 te
840 5238 911 5289 illi
942 5237 1385 5289 contubernalem
1411 5236 1660 5305 jnngere,
1692 5247 1745 5290 et
1771 5240 1927 5293 donis
1950 5241 2021 5294 ita
2048 5248 2317 5313 susceptis

757 5328 1034 5379 l'ructuose
1080 5334 1130 5377 te
1176 5325 1501 5378 accubuisse
1532 5327 1861 5381 existimas?
1892 5332 2053 5399 Atqui
2097 5337 2322 5403 sanguis

757 5418 843 5469 hic
890 5417 1122 5485 pretium
1166 5416 1555 5484 redemptionis
1584 5426 1707 5483 est;
1740 5428 1792 5472 tu
1832 5434 1960 5475 vero
2010 5424 2315 5492 proximum

756 5510 810 5561 in
857 5510 1175 5561 servitutem
1225 5509 1447 5576 redigis.
1486 5507 1551 5561 Et
1586 5508 1677 5561 ille
1707 5511 1949 5579 quidem,
1990 5524 2046 5567 ut
2092 5528 2145 5567 tu
2181 5516 2315 5569 nihil

753 5597 973 5664 debeas,
1021 5598 1230 5653 effusus
1264 5609 1381 5665 est;
1434 5608 1487 5652 tu
1531 5599 1752 5655 fratrem
1793 5602 1955 5657 etiam
2002 5604 2311 5661 reddentem

823 5780 843 5810 ’
871 5779 1026 5834 Rom.
1057 5797 1119 5845 ιι,
1146 5781 1233 5834 23.

2414 3240 2670 3309 γενέσθαι
2705 3239 2800 3309 τὴν
2849 3239 2953 3307 γῆν
2980 3276 2996 3303 ,
3038 3238 3284 3305 εὑρίσκει
3316 3238 3416 3305 τὴν
3458 3237 3617 3307 ῥίζαν
3661 3240 3759 3303 τῆς
3812 3239 3992 3307 ἀρρω-

2417 3329 2570 3391 στίας
2590 3330 2741 3397 παρά
2757 3329 2868 3389 τοῖς
2889 3327 3247 3394 τοκογλύφοις
3263 3327 3512 3395 ύμῖν,καὶ
3531 3330 3727 3387 τόκους
3747 3330 3989 3381 α.τιᾶται

2414 3419 2524 3471 nim
2553 3417 2866 3488 συμφορῶν.
2900 3419 3007 3471 Καὶ
3034 3417 3121 3469 ἵνα
3141 3417 3456 3489 πιστεύσῃς,
3489 3418 3653 3471 αὑτοῦ
3676 3419 3785 3470 τῶν
3811 3420 3993 3489 pws.

2415 3526 2523 3561 των
2548 3509 2767 3570 ἀκούοις
2789 3508 2855 3563 ἀν
2878 3526 2891 3537 ·
2934 3506 3268 3576 Ἐξάλειψον,
3296 3509 3451 3575 φησὶ,
3474 3508 3794 3576 βαρυτάτων
3811 3510 3991 3562 τόκων

2413 3600 2729 3667 ὁμολογίαν,
2789 3599 2875 3650 ῖνα
2908 3598 3044 3668 τέκῃ
3073 3598 3143 3650 τά
3175 3598 3383 3668 συνήθη
3416 3600 3449 3667 η
3484 3598 3578 3667 γῆ.
3626 3599 3843 3651 Χαλκοῦ
3882 3600 3990 3669 γάρ

2422 3694 2514 3744 καὶ
2541 3690 2743 3760 χρυσοῦ
2780 3690 2873 3742 καὶ
2909 3690 3018 3742 τῶν
3047 3690 3260 3755 ἀιόνων
3294 3690 3443 3760 παρά
3478 3690 3642 3759 φύσιν
3674 3692 3990 3759 γεννώντων

2418 3784 2451 3852 ἡ
2482 3783 2624 3835 κατά
2671 3781 2831 3851 φύσιν
2861 3781 3125 3834 τίκτουσα
3165 3782 3412 3847 γίγνεται
3446 3782 3655 3852 στεῖρα,
3706 3784 3803 3834 καὶ
3853 3786 3989 3852 πρὸς

2414 3876 2514 3945 τὴν
2570 3877 2843 3945 τιμωρίαν
2895 3874 3002 3926 τῶν
3054 3875 3412 3927 ἐνοικούντων
3468 3876 3839 3943 κατεδικάσθη
3890 3879 3990 3945 τὴν

2415 3969 2715 4037 ἀκαρπίαν.

2498 4060 2733 4126 Ἔγνως,
2773 4059 2916 4121 ὅσοις
2945 4062 3047 4122 τὰς
3074 4061 3255 4122 πόλεις
3292 4059 3637 4127 περιϐάλλεις
3665 4066 3893 4129 κακοῖς;
3929 4066 3989 4115 Τί

2416 4151 2672 4203 τοσοῦτον
2732 4152 2991 4220 ἠδίκησεν
3053 4152 3377 4220 ἀνδροφόνος
3415 4153 3447 4223 ἢ
3485 4155 3842 4223 τοιχωρύχος,
3899 4157 3989 4213 οὓς

2417 4242 2649 4294 θανάτου
2680 4242 2994 4311 τιμώμεθα,
3046 4242 3186 4294 ὥστε
3228 4247 3321 4294 καὶ
3356 4243 3456 4313 τὴν
3502 4246 3607 4311 γῆν
3652 4244 3989 4316 διαφθεῖραι,

2416 4336 2511 4387 καὶ
2560 4333 2636 4401 τῷ
2684 4336 2806 4401 ἀέρι
2844 4333 3211 4404 λυμήνασθαι,
3259 4335 3351 4386 καὶ
3391 4335 3499 4387 τῶν
3541 4337 3737 4388 κοινῶν
3783 4339 3992 4391 τούτων

2420 4424 2724 4495 ονθρώποις
2743 4424 2840 4487 τάς
2865 4425 3043 4486 πόλεις
3085 4426 3407 4495 ἀποστερεῖν
3428 4444 3442 4491 ;
3465 4426 3672 4479 Τοσηιῦτ
3703 4446 3732 4480 ν
3763 4429 3986 4499 ἀπέχει,

2432 4515 2462 4582 ἦ
2495 4515 2698 4583 μηδένα
2734 4515 2900 4582 μηδὲν
2936 4514 3162 4579 ἀδικεῖν,
3191 4515 3222 4584 ἢ
3258 4517 3590 4585 συγγνώμης
3625 4518 3751 4582 ἀξια
3779 4521 3989 4590 τολμᾷν

2414 4606 2446 4674 ἢ
2476 4606 2694 4673 μικρῶν
2721 4605 3022 4666 ὑπεύθυνος
3050 4603 3211 4659 εἶναι.
3242 4608 3313 4659 Σὺ
3345 4606 3400 4659 δὲ
3431 4608 3708 4675 συλλόγων
3747 4611 3870 4678 μὲν,
3901 4614 3991 4663 καὶ

2413 4700 2646 4768 διαίτης,
2695 4702 2793 4751 καὶ
2846 4700 2962 4768 βίου
3000 4702 3249 4769 μετέχεις
3302 4702 3638 4768 ἀνθρώποις,
3681 4704 3989 4771 ἀνθρώπων

2416 4793 2637 4862 δλεθρος
2670 4792 2767 4846 ὥν.
2800 4794 3086 4855 Πιστεύεις
3125 4794 3179 4846 δὲ
3214 4794 3288 4864 τῷ
3317 4796 3528 4864 Σωτῆρι
3564 4797 3657 4849 καὶ
3692 4800 3805 4859 τοῖς
3841 4800 3989 4852 ὲκεί-

2422 4903 2511 4937 νου
2544 4884 2867 4955 μυστηρίοις
2904 4886 2997 4938 καὶ
3047 4886 3234 4956 νόμοις
3274 4889 3376 4956 τὴν
3429 4890 3726 4957 σωτηρίαν,
3770 4892 3991 4943 ἐναντία

2423 4976 2750 5045 νομοθετῶν,
2795 4978 2891 5029 καὶ
2937 4976 3062 5029 οὔτε
3091 4976 3327 5049 αἰσχύνῃ
3373 4980 3647 5031 κοινωνῶν
3686 4982 3990 5049 τραπέζης,

2420 5061 2464 5134 ᾧ
2503 5069 2783 5136 πολεμεῖς,
2816 5068 2941 5121 οὔτε
2972 5069 3218 5137 φρίττεις
3259 5069 3454 5121 σαυτὸν
3481 5070 3630 5140 αὐτῷ
3666 5074 3991 5137 συνοικίζων

2423 5176 2498 5227 πρ
2524 5178 2552 5211 ν
2590 5158 2927 5227 διηλλάχθαι,
2965 5161 3057 5211 καὶ
3090 5157 3332 5227 νομίζεις
3366 5160 3675 5213 ἀπόνασθαι
3718 5163 3819 5229 τῆς
3862 5182 3993 5234 τραο

2425 5254 2618 5320 πέζης,
2642 5250 2785 5303 οὕτω
2804 5252 2872 5302 τά
2893 5252 3037 5320 δῶρα
3059 5251 3353 5319 δεξάμενος
3376 5266 3390 5281 ·
3421 5252 3597 5305 καίτοι
3624 5254 3685 5305 τὺ
3719 5257 3823 5322 μὲν
3850 5251 3990 5316 αἷμα

2420 5340 2583 5393 τοῦτο
2633 5339 2826 5409 λύτρον
2852 5344 2988 5404 ἐστὶ,
3020 5344 3081 5391 στι
3104 5340 3159 5391 δὲ
3182 5340 3551 5411 ἀνδραποείζῃ
3575 5343 3665 5393 τὸν
3682 5343 3989 5411 ὁμόφυλον·

2417 5432 2509 5482 καὶ
2539 5429 2598 5482 τὸ
2634 5431 2730 5498 μὲν
2763 5430 2848 5481 ἵνα
2886 5430 2948 5481 σὺ
2995 5430 3162 5498 μηδὲν
3194 5431 3434 5501 όφείλῃς,
3486 5431 3645 5501 ἐχέθη
3668 5448 3683 5463 ⁸
3722 5434 3790 5486 σὺ
3813 5433 3869 5486 δὲ
3898 5438 3992 5488 καὶ

2424 5518 2741 5573 ἀποδιδόντα
2790 5518 2851 5569 τὸ
2888 5518 3098 5571 δάνειον
3146 5518 3237 5569 τοῦ
3273 5520 3467 5587 χρέους
3514 5519 3666 5573 οὔπω
3698 5522 3850 5585 λύεις
3899 5524 3995 5575 τὸν

2423 5610 2670 5677 ἀδελφόν.
2698 5609 2854 5662 Οὕτω
2882 5609 3063 5662 τοίνυν
3095 5610 3357 5672 ἐναντίως
3375 5609 3587 5679 ἔχοντα,
3617 5614 3801 5666 πόσων
3827 5614 3993 5683 γέμει
