4262 6460
260 404 363 468 τις
1511 398 1682 458 VITA
1711 396 1765 465 S.
1810 395 1943 453 ’ΤΗΙ

1836 392 2265 458 lHEODOR/E.
3411 400 3519 463 ’150

262 518 550 581 κινδύνων,
581 518 679 585 τῆς
710 515 989 589 τραπέζης
1014 513 1362 583 κατατολμᾷν
1399 530 1413 577 ;
1448 531 1463 563 ι
1495 508 1571 564 Ἦ
1604 510 1848 580 παραξη·
1878 514 1925 569 Δ

1839 538 1848 547 -
1878 514 1925 569 Α
1956 521 2223 575 mutuum,
2258 514 2493 567 nondum
2529 513 2709 567 debito
2742 513 2927 566 solvis.
2959 512 3106 566 Adeo
3138 510 3301 582 igitur
3329 515 3522 568 advew

261 611 468 679 λοῦμεν
516 611 605 662 τὸν
658 609 900 678 Κύριον;
938 606 1072 676 φησὶ
1124 606 1369 667 Παῦλος·
1407 603 1481 675 μὴ
1511 602 1845 672 ἰσχυρότεροι

1834 619 1845 652 ι
1950 614 2156 658 santem
2204 605 2314 659 Deo
2360 604 2562 659 audere
2611 621 2795 661 sacras
2840 606 2979 659 inire
3035 607 3248 674 epulas,
3298 606 3517 675 quantis

262 702 430 755 αὑτοῦ
463 702 652 770 ὶσμενς
690 720 708 753 ι

1949 696 2168 764 plenum
2218 706 2300 750 est
2328 697 2626 765 periculis?
2659 714 2677 745 ι
2718 697 2796 749 An
2829 697 3150 750 temulamur
3178 695 3468 750 Dominum
3497 700 3518 751 τ

1950 788 2123 856 inquit
2173 788 2395 852 Paulus,
2434 788 2680 858 nunquid
2714 787 2807 843 illo
2844 786 3097 843 fortiores
3146 803 3341 842 sumus
3366 785 3462 841 ἠ
3499 808 3517 839 ι

343 875 507 944 Παρὰ
533 876 712 929 πάντα
742 875 796 927 δὲ
827 873 1002 927 ταῦτα
1031 873 1309 943 προσῆκεν
1338 876 1513 927 ἐκεῖνο
1542 874 1840 943 λογισίμι-
2019 879 2026 933 ]

1837 903 1840 913 ι
2019 879 2150 935 Post
2175 881 2287 935 haec
2310 882 2491 935 omnia
2520 880 2652 935 illud
2681 880 2969 950 cogitando
2991 894 3213 935 versare
3241 880 3520 940 convenit,

267 984 356 1016 νον
389 967 644 1030 σκοπεῖν,
678 966 761 1017 ὅτι
806 965 927 1017 δέον
972 965 1383 1032 ἀπολογεῖσθαι.
1417 965 1554 1028 Τοὺς
1601 966 1709 1037 γὰρ
1740 965 1843 1017 ὑπὸ

1841 992 1843 1007 ι
1951 976 2218 1028 rationem
2262 974 2486 1028 reddere
2514 983 2770 1043 oportere
2798 990 2811 1037 ;
2845 974 2947 1027 sub
2978 988 3101 1041 rege
3128 972 3272 1025 enim
3304 972 3524 1028 Christo

262 1058 340 1124 τῷ
371 1056 597 1127 Χριστῷ
626 1057 1003 1125 τεταγμόνους
1044 1056 1255 1118 ἀδικίας
1280 1057 1463 1126 πάσης
1498 1056 1843 1125 ἀπηλλάχθαι

1839 1093 1843 1106 ι
1947 1068 2273 1122 constitutos
2332 1067 2477 1120 omni
2536 1066 2821 1134 iniquitate
2890 1077 2945 1118 et
3014 1065 3254 1117 amentia
3320 1065 3522 1119 fenorls

262 1152 433 1219 φησὶν
458 1151 487 1201 ό
518 1150 835 1219 Προφήτης,
864 1150 958 1201 καὶ
988 1149 1087 1215 τῆς
1127 1151 1254 1219 περί
1300 1148 1392 1201 τὸν
1438 1151 1595 1201 τόκον
1628 1150 1843 1217 μανίας.

1838 1186 1843 1201 ι
1946 1159 2209 1215 liberatos
2243 1174 2364 1215 esse
2414 1168 2643 1213 testatur
2686 1158 2961 1227 PrOpheta
2994 1175 3007 1210 :
3044 1177 3061 1208 ι
3108 1156 3181 1210 Ex
3215 1171 3401 1221 usura,
3436 1156 3521 1209 in-

268 1260 286 1290 ι
351 1241 450 1293 Ἐκ
483 1240 647 1292 τόκου
675 1240 806 1310 γὰρ,
835 1242 989 1308 φησὶ,
1023 1241 1116 1292 καὶ
1159 1240 1218 1304 ἐξ
1251 1240 1464 1303 ἀδικίας
1507 1242 1846 1311 λυτρὼσεται
1949 1277 1951 1297 ι

1832 1260 1846 1292 ι
1949 1252 2100 1319 quit,
2153 1261 2209 1305 et
2256 1253 2539 1319 iniquitate
2584 1251 2837 1305 liberabit
2890 1250 3103 1303 animas
3166 1264 3358 1303 eorum
3392 1248 3455 1302 “.
3497 1266 3514 1299 ι

261 1334 361 1395 τὰς
382 1333 563 1403 ψυχὰς
584 1334 786 1392 αὐτῶν.
813 1352 832 1385 ι
872 1334 939 1386 Σὲ
971 1333 1025 1386 δὲ
1062 1334 1231 1410 μήπω
1264 1333 1579 1402 λελυμένον,
1612 1333 1729 1387 ἀλλ’
1760 1334 1839 1388 ἔτι

1837 1374 1839 1383 ι
1949 1343 2024 1398 Te
2054 1354 2233 1397 autem
2270 1346 2508 1398 nondum
2540 1345 2799 1408 solutum,
2831 1341 2925 1397 sed
2954 1341 3257 1395 etiamnum
3284 1336 3520 1393 vinculis

259 1426 330 1476 τὰ
354 1425 533 1494 δεσμὰ
562 1426 798 1495 φέροντα
849 1426 944 1477 καὶ
978 1425 1154 1477 τόκων
1185 1425 1517 1495 ἀνδράποδον
1544 1426 1696 1491 ὄντα,
1741 1425 1843 1482 ποῦ

1838 1426 1843 1473 ί
1951 1435 2294 1503 implicitum,
2324 1444 2376 1488 et
2411 1448 2591 1489 nsurae
2622 1434 2951 1501 mancipium
2982 1432 3072 1487 ubi
3103 1428 3521 1487 collocabimus?

262 1518 545 1586 τάξομεν;
603 1518 845 1585 Ἀνάγκη
904 1518 1011 1586 γὰρ
1069 1516 1320 1586 θάτερον,
1356 1517 1388 1586 ἢ
1422 1518 1517 1569 τὸν
1553 1520 1846 1591 Προφήτην

1841 1541 1846 1566 ν
1948 1527 2190 1581 Alterum
2224 1527 2495 1597 siquidem
2542 1526 2911 1581 necessarium
2945 1534 3029 1579 est
3075 1541 3087 1577 :
3123 1533 3216 1577 aut
3245 1520 3524 1591 PrOpheta:

263 1610 323 1660 ὲν
354 1602 439 1669 οἷς
476 1606 897 1675 εὐαγγελίζεται
952 1608 1287 1672 διαπίπτειν,
1336 1608 1367 1677 ἢ
1422 1608 1480 1660 σὲ
1535 1608 1609 1679 μὴ
1644 1610 1847 1669 τούτων

1839 1629 1847 1661 ν
1950 1620 2153 1674 bonum
2190 1620 2444 1674 nuntium
2497 1619 2646 1673 nullo
2684 1617 2881 1672 eﬂ‘ectu
2936 1631 3305 1681 evanescere;
3347 1622 3441 1669 aut
3472 1624 3522 1668 te

264 1696 409 1752 εἶναι
442 1699 550 1752 τῶν
584 1700 689 1753 ὑπὸ
711 1699 952 1769 Χριστοῦ
984 1701 1405 1767 κοσμουμένων.
1440 1700 1501 1753 Et
1529 1701 1585 1753 δὲ
1615 1704 1675 1756 τὸ
1698 1705 1847 1771 πρῶ-

1832 1734 1847 1743 -
1952 1726 2120 1764 unum
2171 1714 2237 1764 de
2265 1710 2353 1764 bis
2400 1726 2505 1764 non
2541 1725 2685 1775 esse,
2715 1710 2807 1779 qui
2843 1726 2873 1763 a
2903 1708 3123 1763 Christo
3151 1708 3515 1761 cohonestan—

262 1806 358 1841 τον
376 1788 581 1841 ἄτοπον
612 1791 937 1858 συγχωρεῖν,
965 1790 1165 1856 σκέψαι
1199 1790 1266 1843 σὺ
1294 1792 1535 1862 περὶτοῦ
1567 1794 1845 1863 δευτέρου,
1883 1840 1922 1892 Β

1838 1834 1845 1857 .
1883 1840 1922 1892 Β
1952 1814 2058 1856 tur.
2100 1804 2252 1869 Quod
2284 1804 2329 1858 si
2362 1803 2659 1858 absurdum
2696 1812 2780 1857 est
2814 1803 2966 1871 prius
3004 1801 3327 1863 concedere,
3355 1809 3412 1892 tu
3453 1799 3521 1892 de

264 1881 361 1931 καὶ
389 1880 447 1931 εἴ
478 1896 566 1932 σοι
602 1879 785 1943 καλῶς
831 1880 945 1950 ἔχει
968 1882 1174 1951 ταύτην
1205 1885 1346 1936 κατὰ
1378 1884 1579 1937 σαυτοῦ
1615 1886 1713 1954 τὴν
1744 1886 1847 1955 ψῆο
1884 1879 1922 1892 “’

1835 1916 1847 1926 ν
1884 1879 1922 1892 ”
1950 1896 2124 1948 altero
2154 1894 2381 1960 videris,
2415 1905 2469 1949 et
2504 1909 2575 1947 an
2607 1908 2670 1949 ex
2706 1908 2765 1949 re
2806 1902 2898 1947 tua
2926 1892 3255 1947 sententiam
3302 1889 3518 1945 tuleris.

263 1988 367 2039 φον
400 1972 735 2040 ἑξενεγκεῖν.
796 1970 858 2025 Et
913 1973 970 2026 δὲ
1004 1975 1335 2043 Χριστιανὸς
1387 1971 1457 2039 εἶ,
1509 1978 1601 2030 καὶ
1655 1976 1847 2034 τούτου

1837 1997 1847 2028 ι
1952 1986 2007 2039 Si
2044 2000 2171 2039 vero
2196 1985 2540 2040 Christianus
2570 1992 2719 2047 es.ct
2742 1993 2795 2039 te
2820 1983 2906 2037 isti
2940 1982 3141 2051 populo
3168 1993 3520 2039 aunnmeras,

264 2064 504 2134 γράφεις
544 2066 743 2118 σαυτὸν
769 2064 867 2117 τοῦ
924 2065 1114 2136 χοροῦ,
1149 2066 1325 2135 ῥίψεις
1356 2068 1481 2130 τοὺς
1510 2069 1725 2131 τόκους.
1750 2069 1847 2137 οὐχ

265 2158 411 2226 ὑπὲρ
439 2154 583 2210 οὕτω
614 2156 837 2225 φαύλων
868 2157 1172 2227 λημμάτων
1226 2160 1351 2222 τοὺς
1405 2159 1505 2228 μὶν
1544 2157 1721 2224 θείους
1751 2178 1849 2215 κα-

263 2249 615 2318 ταπατήσας
650 2250 874 2320 νόμους,
903 2251 1005 2321 τὴν
1035 2250 1091 2301 ει
1144 2251 1283 2320 μετὰ
1306 2251 1400 2303 τοῦ
1436 2253 1673 2323 Χριστοῦ
1704 2254 1848 2326 ζωὴν

270 2340 554 2409 περιόψει,
584 2340 808 2410 γεέννης
839 2341 897 2394 et
931 2342 1027 2394 καὶ
1056 2342 1280 2402 σκότου;
1322 2344 1416 2395 καὶ
1447 2344 1728 2415 κλαυθμοῦ
1755 2348 1849 2399 καὶ

268 2430 523 2505 βρυγμοῦ
554 2431 812 2495 ὀδόντων,
848 2434 943 2486 καὶ
972 2434 1081 2485 τῶν
1136 2434 1465 2489 δεινοτάτων
1504 2441 1851 2509 καταφρονή-

268 2544 327 2579 σε
335 2544 405 2590 ις.

357 2621 522 2675 Ἀλλὰ
560 2620 652 2674 τὸν
698 2621 800 2690 μὲν
862 2622 1020 2689 λόγον
1078 2622 1205 2684 τοὺς
1257 2622 1603 2691 προτεθεῖσιν
1656 2624 1851 2691 ἀρκεῖν

267 2696 548 2784 ἡγοῦμαι.
580 2713 678 2766 καὶ
709 2714 809 2766 οὐκ
861 2708 959 2766 οἷδ’
991 2714 1019 2767 ὅ
1063 2729 1117 2765 τι
1157 2715 1239 2767 δεῖ
1267 2714 1587 2782 προσθεῖναι
1622 2717 1733 2777 τοῖς
1768 2716 1849 2766 si-

270 2806 555 2874 ρημένοις.
587 2806 661 2859 Σὺ
709 2806 787 2867 δὲ.
816 2804 849 2875 ἦ
890 2804 1155 2871 πεισθεὶς,
1179 2807 1305 2867 τοὺς
1338 2806 1572 2875 τρόπους
1607 2805 1850 2875 μεταδα-

268 2898 405 2959 λεῖς,
436 2898 473 2966 ἢ
506 2895 664 2950 τοῦτο
710 2897 848 2965 γοῦν
892 2899 1001 2951 ἀπὸ
1033 2898 1142 2951 τῶν
1174 2898 1350 2965 λόγων
1383 2898 1483 2970 [an
1524 2898 1734 2966 μαθὼν,
1783 2900 1851 2951 τὰ

265 2990 557 3045 δεινότατα
604 2988 835 3043 πάντων
872 2990 1108 3060 τολμῶν,
1144 2993 1238 3044 καὶ
1270 2989 1390 3059 Θεῷ
1447 2991 1539 3043 καὶ
1578 2990 1655 3059 τῷ
1686 2989 1849 3045 κοινῶ

270 3083 383 3139 τῶν
414 3080 721 3151 ἀνθρώπων
754 3083 965 3136 πολλῶν
1004 3084 1303 3147 ὑπεύθυνος
1330 3083 1426 3137 ὧν.

346 3237 391 3267 ’⁸
442 3237 463 3293 l
504 3238 632 3293 Cor.
662 3252 719 3299 ι.
749 3236 843 3291 22.
924 3240 961 3269 ¹¹
1002 3238 1147 3293 Psal.
1192 3256 1341 3304 Lm,
1374 3241 1460 3294 Η.

1951 2094 2148 2136 usuras
2191 2080 2436 2149 abjicies,
2474 2094 2570 2133 nec
2615 2087 2837 2148 propter
2866 2084 3134 2145 questum
3167 2072 3304 2128 adeo
3348 2072 3527 2127 infan-

1949 2153 2076 2224 dum
2127 2172 2339 2224 divinas
2398 2169 2543 2239 leges
2612 2166 3022 2237 aspernabere,
3072 2164 3353 2231 vitamque
3398 2174 3523 2216 cum

1949 2261 2173 2317 Christo
2217 2273 2557 2327 contemnes,
2590 2274 2693 2314 nec
2744 2258 3067 2327 gehennam,
3095 2265 3151 2309 et
3176 2268 3440 2319 vermem,
3474 2262 3528 2306 et

1951 2353 2166 2417 ﬂetum,
2196 2364 2250 2408 et
2296 2353 2593 2407 stridorem
2628 2352 2897 2414 dentium,
2933 2357 2989 2403 et
3031 2347 3324 2402 horribiles
3380 2353 3529 2400 tone-

1954 2448 2080 2502 bras
2112 2445 2463 2518 parvifacies.

2025 2631 2130 2685 Sed
2173 2629 2285 2699 jam
2320 2646 2419 2699 pro
2458 2644 2517 2683 re
2547 2627 2825 2699 proposita
2865 2625 3001 2680 satis
3051 2623 3259 2678 dictum
3308 2620 3524 2689 opinor,

1956 2740 2051 2778 nec
2085 2698 2246 2780 Video
2275 2698 2404 2790 quid
2437 2698 2673 2787 amplius
2705 2717 2995 2771 dicendum
3027 2706 3120 2769 sit.
3145 2712 3250 2778 Tu,
3282 2718 3377 2767 aut
3408 2726 3531 2781 per-

1952 2830 2149 2869 suasus
2194 2813 2279 2866 his
2324 2826 2509 2865 mores
2554 2808 2901 2871 immntabis,
2944 2814 3040 2860 aut
3086 2804 3280 2861 saltem
3327 2818 3392 2859 ex
3428 2807 3529 2858 hac

1952 2905 2201 2959 oratione
2244 2917 2363 2957 mea
2404 2911 2454 2956 te
2487 2901 2732 2956 omnium
2776 2898 3099 2969 gravissima
3147 2894 3437 2959 audendo,
3473 2902 3529 2949 et

1956 2997 2088 3060 Deo,
2120 3007 2172 3050 et
2229 2994 2506 3048 communi
2562 2995 2839 3048 hominum
2876 2990 2943 3044 de
2991 2988 3178 3043 multis
3225 2986 3524 3042 obnoxium

1954 3102 2074 3141 esse
2106 3099 2426 3154 cognosces.

285 3426 3520 3471 Μ

812 3592 993 3703 DE
1056 3591 1620 3707 SANCTA
1712 3592 2479 3708 THEODORA
2570 3593 3017 3708 VIDUA

1289 3810 1820 3867 SANCTIMUNIALI
1879 3812 2509 3869 THESSALONICENSI

545 3963 1011 4027 DANIELIS
1112 3964 1792 4027 PAPEBROCHII

1914 3968 2697 4032 COMMENTARIUS
2799 3970 3256 4033 PR£VIUS.

1460 4135 1599 4195 (Acta
1637 4134 1745 4193 SS.,
1773 4136 1926 4197 April.
1955 4137 2035 4182 die
2072 4138 2114 4193 ι,
2152 4141 2267 4184 tom.
2315 4136 2373 4197 l.)

357 4444 407 4496 Ι.
446 4438 604 4505 Quod
641 4444 819 4490 exstat
850 4432 1039 4489 Romae
1078 4433 1522 4506 Martyrologium
1545 4434 2187 4506 Arabico-Egyptiacum
2224 4435 2276 4489 in
2309 4436 2535 4504 collegio
2589 4434 3014 4500 Maronitarum,
3059 4447 3222 4503 atque
3272 4452 3299 4490 a
3348 4437 3531 4494 Gratia

278 4532 537 4588 Simonio
570 4544 635 4583 ex
671 4526 905 4579 Arabica
940 4526 993 4577 in
1028 4524 1269 4593 linguam
1300 4523 1552 4578 Latinam
1587 4523 1877 4584 transferri
1912 4524 2067 4579 uobis
2105 4523 2318 4576 curavit
2355 4524 2689 4577 Athanasius
2722 4520 3018 4575 Kircherus
3054 4532 3259 4589 noster,
3294 4524 3532 4579 celebrat

280 4622 352 4677 ad
404 4620 555 4673 diem
601 4616 852 4684 quintum
906 4611 1115 4679 Aprilis
1170 4630 1187 4662 ι
1230 4612 1549 4664 memoriam
1588 4622 1792 4665 sancta:
1835 4611 2025 4665 matris
2068 4610 2401 4675 Theodorae;
2445 4628 2462 4661 ι
2511 4624 2632 4676 qua!
2675 4606 2915 4661 vetbaiﬂ
2952 4606 3169 4663 Μειιεὲῖδ
3217 4610 3435 4665 “cum
3479 4619 3532 4665 ει

279 4701 679 4771 manuscriptis
707 4700 893 4753 Grzce
922 4700 999 4751 sic
1022 4695 1346 4758 efferuntur,
1378 4698 1457 4766 Τῇ
1490 4697 1625 4766 αὐτῇ
1659 4698 1839 4767 ἡμέρᾳ
1864 4700 1959 4766 τῆς

1864 4700 1959 4766 τῆς
1990 4698 2141 4758 ὁσίας
2168 4697 2373 4763 μητρὸς
2405 4693 2561 4762 ἡμῶν
2583 4692 2886 4763 Θεοδώρας,
2915 4694 3012 4761 τῆς
3035 4695 3091 4745 ἐν
3120 4694 3487 4767 Θεσσαλονίκῃ
3516 4714 3528 4751 :

282 4805 408 4863 qua
446 4788 659 4843 scilicet
683 4784 1110 4847 Thessalonicae,
1145 4784 1279 4838 urbe
1313 4782 1643 4837 Macedonia:
1674 4785 1978 4845 notissima,
2014 4783 2180 4834 \ixit:
2219 4791 2271 4833 et
2304 4779 2432 4832 illud
2468 4780 2687 4833 additur
2720 4781 2989 4835 di5tichon
3020 4799 3031 4833 :

1138 4899 1200 4950 Ei
1239 4898 1422 4960 καλοῖς
1453 4899 1665 4959 πολλοῖς
1696 4898 1900 4965 αὐχεῖ·,
1936 4895 2329 4962 Θεσσαλονίκη,

1154 4968 1341 5036 Ἔχεις
1379 4968 1471 5019 xal.
1498 4969 1691 5019 σεπτὸν
1724 4966 1880 5017 ὀλόον
1919 4965 2016 5033 τὴν
2044 4966 2346 5034 Θεοδώραν.

1150 5051 1554 5117 Thessalonica,
1587 5053 1755 5105 multa
1793 5052 2039 5118 sijactas
2080 5050 2237 5111 bona,

1146 5122 1274 5176 llwc
1302 5126 1434 5174 inter
1457 5125 1612 5175 etiam
1642 5123 1877 5190 possides
1908 5120 2258 5173 Theodoram.

357 5242 497 5295 Dein
532 5239 657 5291 vita:
681 5236 801 5305 ejus
827 5234 1140 5288 rncomium
1179 5232 1389 5286 illustre
1423 5232 1731 5301 bujusmodi
1760 5232 2007 5301 sequitur
2036 5249 2047 5282 :

354 5353 411 5405 2.
461 5367 480 5400 ι
532 5346 735 5402 Sancta
767 5344 882 5399 h:ec
926 5341 1217 5396 Theodora
1266 5356 1294 5394 a
1344 5352 1527 5395 tenera
1577 5351 1731 5395 zetate
1776 5340 2057 5394 Christum
2110 5340 2440 5395 desideravit
2477 5358 2489 5394 :
2534 5350 2585 5394 et
2635 5342 2794 5395 rebus
2839 5341 3132 5395 mundanis
3166 5342 3431 5398 abdicatis
3471 5345 3527 5397 in

280 5436 606 5494 canobium
643 5434 910 5500 ingressa,
947 5430 1002 5482 in
1041 5432 1364 5481 monacham
1403 5437 1483 5481 est
1511 5437 1725 5481 attonsa
1755 5442 1768 5479 :
1802 5436 1857 5480 et
1890 5442 2081 5482 omnes
2130 5428 2356 5481 virtutes
2393 5428 2641 5496 amplexa
2686 5428 2845 5483 simul
2877 5436 2936 5481 ut
2966 5442 3167 5493 unam,
3208 5429 3261 5482 in
3293 5429 3357 5483 iis
3392 5444 3527 5484 con-

285 5530 568 5579 summata
602 5519 798 5573 evasit.
834 5517 984 5571 Adeo
1015 5530 1143 5569 vero
1178 5515 1544 5570 obedientiam
1575 5526 1627 5567 et
1667 5515 2067 5568 venerationem
2104 5516 2338 5568 excoluit
2371 5530 2496 5586 erga
2536 5518 2725 5570 omnes
2756 5516 2993 5571 ρωποι)Ῑὶ
3026 5532 3261 5580 sorores,
3295 5525 3351 5571 et
3385 5533 3526 5587 pra:-

285 5613 480 5672 sertim
508 5609 841 5672 antistitam,
872 5617 931 5659 ut
965 5616 1085 5675 post
1118 5614 1347 5657 mortem
1386 5606 1549 5657 etiam
1583 5606 1895 5657 ostenderet
1922 5602 2173 5655 virtutem
2196 5643 2208 5662 ,
2254 5616 2416 5671 quam
2458 5613 2779 5657 exercuerat
2824 5608 2963 5657 viva.
2998 5605 3131 5659 Nam
3172 5606 3335 5662 vitam
3368 5617 3524 5663 suam

288 5702 428 5759 adeo
465 5712 661 5767 puram
736 5707 792 5749 et
836 5695 904 5747 ab
935 5694 1085 5747 omni
1120 5707 1343 5759 prorsus
1374 5694 1583 5745 macula
1623 5691 1998 5743 inluminatam
2036 5689 2363 5751 custodivit,
2411 5701 2467 5741 ut
2496 5706 2617 5742 eam
2656 5707 2752 5759 pro
2785 5694 2901 5746 viva
2937 5694 3173 5761 imagine
3213 5694 3326 5751 suis
3366 5706 3523 5745 soro-

293 5784 449 5843 ribus
481 5784 790 5855 reliquerit.
832 5781 960 5836 l‘ost
997 5790 1228 5836 mortem
1268 5796 1395 5834 vero
1421 5820 1434 5843 ,
1469 5796 1591 5835 cum
1622 5781 1731 5849 jam
1780 5781 1940 5845 longo
1971 5777 2162 5829 fuisset
2201 5789 2443 5845 tempore
2477 5780 2717 5846 scpulla,
2748 5780 2971 5846 conligit
3004 5779 3163 5837 etiam
3211 5778 3528 5847 magistram
