4262 6460
715 368 818 432 74⁸1

1973 368 2019 427 Ν
2034 369 2046 426 Ι
2059 367 2278 428 COLAI
2328 368 2559 428 CABAS
2574 368 2593 426 l
2606 368 2719 427 [υἱὲ

3869 368 3979 431 748

718 484 817 536 tet,
845 476 898 529 hi
926 475 1178 543 aquibus
1209 474 1349 527 haml
1380 483 1616 543 oportet,
1666 473 1963 542 accipiunt.
2017 473 2070 526 Si
2133 472 2287 525 tlill‘e-
2324 480 2365 533 Α
2398 476 2401 522 ἶ

2324 480 2365 533 Α
2398 474 2720 542 λαμϐάνειν.
2758 475 2817 527 El
2847 474 2911 545 δή
2943 473 3147 545 ταύτην
3186 474 3399 537 ἀνέλοις
3425 473 3524 545 τὴν
3561 474 3846 546 διαφορὰν,
3882 480 3981 531 καὶ

715 567 946 620 rcntiant
985 565 1123 619 hanc
1150 565 1458 626 sustulctis,
1524 574 1577 617 et
1610 565 1963 632 pecuniarmn
1996 566 2294 633 possessio-

715 672 956 726 unmqne
1007 656 1259 710 dominos
1318 671 1421 708 non
1464 656 1697 724 jnstitia,
1732 656 1825 709 sed
1872 657 1952 709 vis
1983 664 2035 708 ct
2065 656 2297 709 neceSsi-

714 761 798 805 tas
859 750 1142 811 creaverit,
1216 760 1394 802 actum
1452 758 1534 801 est
1600 746 1665 800 de
1703 748 1914 812 justitia
1994 749 2272 810 uniVersv,

715 844 1183 912 Iurgabunturquc
1228 842 1460 907 jutlices,
1512 847 1565 890 et
1614 840 1788 909 legum
1839 839 2033 892 tabula:
2105 841 2295 891 inanes

715 946 874 989 erunt
905 950 964 986 ac
1014 946 1430 1001 supervacancm
1458 973 1471 992 ,
1505 940 1561 985 et
1594 942 1647 983 tu
1672 930 2035 999 potentiorum
2083 932 2292 986 lncrnnt

715 1032 839 1089 eris,
880 1036 935 1082 et
962 1036 1014 1079 tu
1047 1026 1277 1080 fortunis
1310 1025 1416 1078 tuis
1452 1041 1481 1078 a
1514 1025 1714 1078 nullam
1757 1034 1925 1077 artem
1974 1026 2293 1087 scientibus,

713 1131 768 1172 et
792 1135 919 1173 snas
980 1119 1221 1183 ipsorum
1274 1118 1418 1185 leges
1476 1116 1828 1183 sequentibus
1858 1116 2194 1184 spoliaberis.
2222 1115 2297 1171 Ne

722 1227 853 1279 ergo
882 1212 1209 1263 necessitate
1248 1210 1443 1270 nitere,
1477 1224 1576 1261 nec
1608 1210 1759 1261 dicas
1808 1224 1946 1278 opus
1990 1225 2143 1262 esse:
2204 1209 2293 1261 sed

720 1307 819 1353 hut:
850 1303 1094 1363 ostende,
1128 1303 1334 1368 tejuste
1365 1303 1620 1368 ιιιῑιιριιιιιι
1662 1314 1781 1353 esse
1806 1300 1946 1369 quod
1983 1301 2170 1353 habes.

796 1395 894 1447 Cui
932 1411 1059 1444 vero
1094 1393 1349 1459 injuziant
1381 1393 1683 1443 inferimus
1724 1392 1923 1459 inquit,
1959 1395 2003 1445 si
2056 1410 2083 1443 a
2114 1393 2297 1448 volen-

718 1487 862 1537 tibus
893 1484 1231 1552 accipimus?
1269 1484 1375 1536 Deo
1407 1484 1783 1551 ip~intarime,
1853 1484 1903 1535 ιιι
1958 1501 2141 1551 quem,
2180 1489 2298 1554 ejus

726 1580 894 1645 b-gem
959 1579 1233 1643 l‘tangens,
1315 1576 1745 1628 cettlnmelesus
1814 1577 2104 1646 reperitis:
2166 1578 2299 1633 tl'er

720 1670 1224 1739 prmvaricationem
1256 1668 1400 1718 enim
1436 1667 1569 1735 legis
1606 1668 1773 1719 Deum
1812 1669 2131 1734 inhonorus,
2168 1689 2185 1721 ι
2218 1676 2299 1725 ait

718 1763 919 1816 l‘aulu.»
944 1764 986 1816 '.
1021 1760 1224 1812 lleinde
1255 1761 1387 1827 ipsis
1416 1776 1655 1828 quoque,
1714 1761 1914 1827 quibus
1974 1763 2298 1817 detrimento

717 1870 796 1917 es,
828 1864 880 1906 et
904 1854 995 1921 qui
1021 1865 1069 1905 te
1094 1852 1228 1905 nihil
1258 1851 1625 1904 ollemlernnt.
1684 1830 1825 1903 Non.
1855 1855 1999 1905 enim
2064 1857 2299 1909 consilto

716 1964 781 2001 ac
803 1956 994 2016 sponte
1026 1954 1309 2013 argentum
1343 1959 1502 1997 suum
1552 1943 1836 2013 abjiciunt,
1857 1948 1947 1998 sed
1972 1960 2036 2000 eo
2093 1947 2191 2000 abs
2248 1955 2301 2003 te

717 2041 922 2109 privari
984 2039 1287 2107 patiuntur,
1344 2048 1399 2091 et
1447 2036 1717 2107 jacturam
1773 2038 1982 2106 jactura
2033 2042 2298 2102 sarciunt,

716 2134 1025 2201 graviorem
1091 2130 1310 2184 leviore.
1374 2131 1508 2194 Quia
1567 2129 1711 2181 enim
1787 2130 2151 2199 chirographo
2204 2147 2299 2185 eos

717 2225 993 2293 ob'igasti,
1022 2232 1075 2276 et
1108 2238 1191 2285 ne,
1232 2237 1353 2273 emn
1382 2230 1571 2273 mutuo
1625 2220 1820 2274 iterum
1850 2223 2221 2290 egebunt,abs
2251 2236 2301 2277 te

719 2316 1071 2382 repelluntur.
1110 2321 1158 2364 te
1190 2311 1430 2381 ipsorum
1499 2310 1638 2363 bona
1700 2309 2078 2379 depascentem
2128 2312 2301 2380 perle—

722 2416 869 2461 tunt.
897 2405 1123 2470 Insuper
1152 2412 1204 2454 ct
1270 2401 1369 2469 ipsi
1433 2401 1743 2468 reipublicle
1802 2398 1998 2466 officis,
2031 2412 2085 2456 et
2129 2402 2297 2472 legem

720 2516 748 2550 a
788 2498 897 2551 Deo
961 2497 1123 2548 latam
1180 2495 1488 2562 impugnas,
1551 2494 1937 2564 cwlestemque
2008 2494 2297 2548 vindictam

720 2603 1005 2659 provocas.

794 2679 871 2731 Ac
903 2692 968 2729 ne
1005 2686 1109 2729 tam
1138 2690 1359 2742 gravem
1394 2673 1810 2727 allirmationem
1849 2690 2022 2728 meam
2079 2674 2293 2744 vilipen-

724 2775 841 2834 llas,
875 2778 1069 2822 testem
1106 2768 1247 2819 dabo
1278 2766 1555 2831 Basiliam,
1614 2782 1775 2834 quem
1834 2765 2160 2821 submovere
2192 2782 2298 2820 non

2332 1808 2372 1865 Β

724 2863 976 2921 audebis,
1002 2859 1159 2927 cujus
1181 2858 1391 2911 celebre
1416 2870 1494 2911 est
1528 2874 1722 2911 nomen
1752 2858 1892 2926 apud
1919 2874 2129 2912 omnes.
2163 2860 2298 2912 Cum
2348 2864 2351 2867 ’

723 2956 868 3008 enim
901 2954 1137 3022 quodam
1166 2961 1407 3018 tempore
1446 2950 1615 3003 fames
1666 2960 1720 3003 et
1769 2950 1988 3005 siccitas
2024 2952 2297 3020 regionem

725 3050 846 3118 ejus
874 3047 1209 3103 obsiderent,
1252 3058 1501 3111 QIllcl'l‘llS
1534 3042 1642 3104 ille,
1695 3043 1837 3097 unde
1886 3045 2198 3108 calamitas,
2247 3054 2302 3098 et

2398 565 2687 630 δεσπόταις
2736 566 3035 637 χρημάτων
3073 566 3171 619 καὶ
3212 566 3511 636 κτημάτων
3544 566 3606 619 ού
3659 569 3719 619 τὸ
3747 566 3981 633 δίκαιον,

2400 658 2539 712 ἀλλὰ
2580 660 2642 711 τὸ
2677 660 2885 712 δεῖσθαι
2930 660 3348 729 χειροτονήσεις,
3391 657 3596 727 φροῦδα
3630 657 3811 711 πάντα
3834 698 3849 722 ,
3885 660 3985 712 καὶ

2408 748 2708 819 ληρήσυυσι
2744 750 2845 817 μὲν
2900 749 3173 813 δικασταὶ,
3225 750 3402 817 μάτην
3441 748 3499 800 δὶ
3552 747 3646 800 τοῦ
3697 748 3861 817 νόμου
3902 751 3975 800 τὰ

2400 848 2723 911 γράμματα,
2759 844 2823 894 σὺ
2877 843 2933 893 δὲ
2965 841 3152 911 κέρδος
3179 841 3276 911 ἔσῃ
3312 841 3422 893 τῶν
3458 841 3844 911 ἰσχυροτέρων,
3886 842 3983 892 καὶ

2398 936 2507 987 τῶν
2533 935 2699 986 ὅντων
2732 935 2974 1005 ἐκστήσῃ
2997 936 3108 995 τοῖς
3135 934 3399 1002 οὐδεμίαν
3426 934 3594 985 εἰδόσι
3617 933 3834 1002 τέχνην,
3863 935 3978 994 τοῖς

2402 1025 2600 1079 σαυτοῦ
2649 1027 2835 1096 νόμοις
2880 1028 3214 1081 ἀκολουθῶν.
3256 1027 3414 1080 Ἀλλά
3445 1026 3619 1078 ταῦτα
3650 1026 3865 1078 ἄτοπα⁹
3903 1026 3982 1094 μὴ

2400 1119 2583 1173 τοίνυν
2637 1119 2918 1188 ίσχυρ’ζου
2967 1122 3033 1187 τῇ
3088 1119 3277 1187 χρείᾳ,
3318 1118 3442 1185 μηδ’
3474 1118 3556 1169 δτι
3602 1117 3743 1169 δέοιο
3790 1116 3980 1187 λέίῃςο

2404 1210 2541 1263 ἀλλὰ
2575 1211 2735 1262 τοῦτο
2767 1210 2963 1275 δεῖξον,
2989 1212 3038 1262 εἰ
3067 1210 3294 1273 δικαίως
3328 1210 3495 1279 ἔχεις,
3531 1207 3733 1262 λαόών.

2475 1392 2581 1444 Καὶ
2609 1392 2753 1455 τίνα,
2778 1390 2965 1459 φησιν,
2994 1389 3311 1459 ἀδικοῦμεν,
3339 1392 3387 1443 εί
3418 1392 3547 1461 παρ’
3572 1391 3813 1445 ἑκόντων
3832 1393 3978 1462 λαμ-

2401 1485 2677 1555 6άνομεν;
2712 1484 2961 1538 Μάλιστα
2996 1485 3095 1553 μὲν
3129 1485 3220 1536 τὸν
3247 1484 3380 1536 Θεὸν
3413 1485 3599 1551 αὐτὸν,
3630 1486 3711 1549 είς
3730 1485 3793 1539 δν
3820 1484 3980 1554 ὑδρίο

2402 1576 2515 1641 ζεις
2554 1575 2911 1645 παρανομῶν.
2954 1573 3082 1625 «Διά
3110 1572 3214 1641 τῆς
3247 1574 3615 1643 παραϐάσεως
3650 1574 3783 1643 γάρ,
3820 1573 3978 1641 φησι,

2399 1668 2494 1719 τοῦ
2522 1668 2711 1735 νόμου,
2740 1667 2829 1719 τὸν
2850 1666 2983 1718 Θεὸν
3005 1666 3355 1733 ἀτιμάζεις.)
3390 1666 3619 1718 Ἔπειτα
3640 1666 3734 1718 καὶ
3761 1663 3980 1725 αὐτοὺς,

2403 1754 2485 1822 οἷς
2510 1760 2608 1830 τὴν
2646 1759 2849 1829 ζημίαν
2889 1759 3122 1826 ἐπάγεις
3166 1758 3488 1829 ἠδικηκόσιν
3540 1757 3717 1811 οὐδέν.
3754 1758 3830 1808 Οὐ
3871 1756 3982 1823 γάρ

2402 1852 2511 1905 ἀπὸ
2554 1852 2781 1922 γνώμης
2814 1850 3125 1903 ὲθελουσίου
3158 1851 3444 1921 προΐενται
3483 1849 3805 1919 τάργύριον,
3843 1847 3984 1900 ἀλλά

2401 1943 2660 2013 φέρουσιν
2707 1944 3175 2013 ἀποστερούμενοι
3227 1943 3322 1995 καὶ
3362 1941 3573 2012 ζημίας
3625 1940 3982 1994 ἀλλάττονται

2401 2036 2627 2105 ζημίαν,
2682 2037 2785 2104 τῆς
2838 2036 3084 2106 χείρονος
3135 2035 3235 2104 τὴν
3282 2034 3646 2103 κουφοτέραν.
3698 2034 3822 2085 Ὀτι
3871 2032 3983 2100 γὰρ

2400 2130 2805 2199 γραμματείοις
2869 2130 3197 2197 κατέδησας,
3252 2130 3347 2182 καὶ
3406 2126 3492 2179 ἶνα
3544 2125 3641 2195 μὴ,
3668 2123 3981 2195 χρήσασθαι

2399 2224 2709 2290 δεηθέντος,
2750 2220 2905 2283 αὖθις
2944 2222 3328 2289 ἀποστραφῇς,
3378 2217 3853 2286 καταὸυσκομένου
3886 2216 3985 2286 τήν

2400 2315 2589 2367 οὐσίαν
2630 2316 2935 2382 ἀνέχονται·
2981 2316 3149 2384 χωρὶς
3178 2312 3235 2365 δὲ
3263 2311 3492 2377 τούτων,
3521 2313 3652 2364 αὐτὸ
3684 2311 3745 2363 τὸ
3793 2310 3980 2363 κοινὸν

2410 2410 2640 2471 ἀδιγείς,
2747 2410 2839 2461 τὸν
2866 2407 3023 2470 Θεὸν,
3051 2406 3121 2459 δι’
3140 2400 3215 2459 ὧν
3243 2408 3336 2459 τὸν
3366 2407 3578 2459 ἐκεῖθεν
3608 2405 3774 2473 νόμον
3806 2405 3832 2443 t‘
3848 2419 3979 2472 nsp-

2404 2498 2635 2567 βαίνεις,
2691 2499 3039 2566 ὲκπο).εμείς,
3102 2497 3198 2550 καὶ
3235 2497 3336 2559 τὰς
3386 2494 3446 2560 ἐξ
3486 2492 3719 2564 ούραντΐ
3763 2495 3981 2562 πληγὰς

2402 2592 2604 2652 ἕλκεις.

2473 2685 2582 2737 Κλ).
2612 2684 2759 2747 ὅπως
2814 2683 2888 2753 μὴ
2938 2680 3228 2751 καταγνῷς
3267 2681 3378 2735 τῶν
3422 2683 3596 2750 λόγων
3648 2681 3979 2752 ύπερδολὴν,

2403 2779 2496 2830 καὶ
2530 2778 2638 2845 γάρ
2670 2794 2753 2829 σοι
2776 2775 3089 2845 παρέξομαι
3134 2776 3392 2845 μάρτυρα
3431 2776 3734 2837 Βασίλειον,
3778 2777 3876 2827 καὶ
3914 2776 3976 2828 ού

2403 2870 2863 2937 παραγράφεσθαι
2887 2871 2979 2921 τὸν
3010 2868 3179 2937 ἄνδρα
3201 2868 3519 2939 τολμήσεις,
3541 2861 3603 2922 οὗ
3636 2868 3787 2937 μέγα
3818 2870 3973 2937 παρᾶ

2409 2964 2576 3014 πᾶσιν
2621 2961 2790 3029 ὄνομα
2863 2958 3041 3028 Λιμοῦ
3075 2958 3182 3026 γὰρ
3230 2960 3325 3011 καὶ⁸
3361 2958 3575 3028 αὐχμοῦ
3610 2959 3981 3027 κατασχόντος

2403 3052 2534 3104 ποτὶ
2564 3052 2661 3120 τὴν
2694 3048 2885 3109 αὑτοῦ,
2916 3049 3095 3115 ζητῶν
3127 3047 3251 3100 ὅθεν
3276 3048 3336 3100 τὸ
3370 3049 3559 3109 κακὸν,
3594 3048 3685 3099 καὶ
3713 3048 3764 3099 τί
3788 3050 3847 3099 τὸ
3881 3066 3984 3098 πα-

724 3141 854 3213 quid
887 3140 1089 3195 faceret
1124 3136 1297 3190 nubes
1342 3145 1450 3188 tam
1500 3137 1732 3200 steriles,
1771 3145 1971 3189 teriam
2000 3146 2108 3190 tam
2168 3138 2304 3191 infe-
2329 3140 2373 3199 (ζ

2297 3140 2373 3199 -C
2413 3145 2758 3214 ρασκευάσαν
2808 3141 3040 3209 ἀγόνους
3094 3140 3191 3210 μὲν
3232 3140 3331 3202 τάς
3376 3140 3627 3208 νεφέλας,
3678 3139 3875 3206 ἄγονον
3924 3139 3980 3189 δὲ

730 3233 962 3286 tundatu
997 3268 1012 3293 ,
1044 3228 1279 3282 radicem
1313 3236 1366 3280 ct
1416 3227 1739 3293 principium
1776 3228 1901 3280 mali
1940 3228 2103 3296 hujus
2160 3230 2300 3299 apud

727 3325 1061 3378 feneratores
1094 3319 1322 3371 ιιιιιΊιὶι.
1358 3317 1511 3383 Quod
1548 3324 1604 3370 ιιι
1632 3318 1845 3380 credas,
1891 3334 1958 3371 en
1991 3320 2086 3372 tibi
2136 3322 2299 3376 verba

731 3416 903 3485 ipsius
936 3430 948 3465 :
988 3411 1184 3465 Scindc
1216 3410 1303 3462 libt
1324 3410 1453 3461 llum
1485 3410 1609 3462 (etis
1641 3410 1802 3462 alieni
1836 3410 2121 3477 injus;um,
2142 3423 2199 3464 ut
2228 3413 2304 3467 sic

733 3516 1011 3575 peccatum
1049 3503 1315 3565 solvatur,
1367 3500 1483 3553 dele
1540 3500 1989 3568 gravissimorum
2055 3500 2303 3557 lenonum

734 3596 979 3659 nomina,
1015 3602 1073 3645 ut
1104 3602 1244 3645 terta
1318 3592 1536 3644 solitum
1584 3594 1676 3644 tibi
1728 3591 1883 3646 fenus
1932 3595 2133 3647 reddat.
2172 3596 2304 3650 Aire

732 3701 988 3754 namque,
1058 3693 1112 3737 et
1161 3698 1318 3745 auro,
1350 3698 1413 3735 ac
1444 3683 1718 3736 similibus
1761 3683 2034 3738 [meundis
2065 3688 2299 3741 metallis

729 3788 924 3851 przeter
962 3786 1211 3830 naturam
1249 3777 1411 3827 fletus
1433 3775 1737 3839 edentibus,
1768 3775 1890 3844 jure
1918 3778 2159 3845 germina
2182 3793 2304 3847 qua:

730 3868 1049 3924 naturaliter
1109 3867 1347 3935 pariunt,
1412 3866 1615 3919 sterilia
1671 3868 1828 3931 liunt,
1915 3876 1967 3920 et
2025 3868 2091 3921 ad
2156 3871 2298 3925 habi-

733 3961 962 4015 tantium
1002 3960 1227 4012 multam
1263 3956 1535 4010 fructibus
1568 3966 1775 4011 carent.
1828 3955 1953 4012 Ihee
2000 3958 2110 4012 ille.

807 4052 993 4105 Viden‘
1028 4062 1155 4119 quot
1208 4050 1363 4102 malis
1398 4032 1557 4101 urbes
1593 4050 1883 4101 cumulas?
1916 4053 2053 4116 Quid
2092 4066 2301 4110 tantum

736 4143 1064 4197 incommodi
1095 4140 1408 4209 importavit
1430 4140 1724 4202 homicida,
1747 4154 1836 4193 aut
1864 4142 1950 4194 fur
1979 4156 2301 4213 nocturnus,

735 4250 872 4302 quos
916 4232 1091 4300 capite
1134 4232 1412 4300 periimus,
1450 4241 1508 4283 ut
1562 4239 1615 4284 et
1652 4240 1848 4285 terram
1900 4249 2299 4303 corrumperet,

738 4340 791 4379 et
821 4342 1001 4380 aerem
1039 4326 1271 4388 vitiat-et,
1304 4335 1357 4377 et
1405 4323 1655 4379 civitates
1698 4327 2084 4382 communibus
2135 4330 2307 4384 homi-

738 4434 867 4468 num
924 4415 1249 4467 utilitatibus
1294 4416 1849 4483 spoliaret?’l‘antum
1903 4421 2053 4481 abes,
2105 4431 2159 4474 ut
2212 4434 2305 4477 aut

740 4508 948 4561 nullum
984 4504 1182 4573 injuste
1215 4504 1377 4558 laidas
1410 4544 1423 4567 ,
1455 4516 1548 4557 aut
1576 4504 1904 4571 ignoscenda
1940 4510 2141 4562 audeas
2169 4550 2184 4574 ,
2216 4522 2305 4564 aut

2405 3232 2662 3302 γενέσθαι
2696 3232 2792 3301 τὴν
2840 3232 2945 3299 γῆν
2972 3268 2988 3295 ,
3029 3230 3275 3298 εὑρίσκει
3307 3230 3407 3297 τὴν
3448 3229 3608 3299 ῥίζαν
3651 3232 3748 3295 τῆς
3803 3231 3985 3299 ἀρρω-

2408 3321 2562 3383 στίας
2582 3322 2731 3389 παρὰ
2748 3322 2859 3381 τοῖς
2881 3319 3237 3387 τοκογλύφοις
3255 3320 3503 3387 ύμῖν,κα“ι
3522 3322 3716 3378 τόκους
3736 3322 3981 3374 αζτιᾶται

2406 3411 2515 3463 τῶν
2545 3410 2858 3480 συμφορῶν.
2891 3411 2998 3463 Καὶ
3025 3410 3112 3461 ἵνα
3132 3409 3447 3481 πιστεύσῃς,
3480 3410 3643 3463 αὑτοῦ
3666 3411 3775 3462 τῶν
3802 3412 3985 3482 ῥημά-

2406 3519 2515 3553 των
2540 3501 2759 3563 ἀκούοις
2781 3501 2847 3554 ἀν
2870 3518 2882 3530 ·
2925 3499 3260 3568 Ἐξάλειψον,
3287 3500 3442 3568 φησὶ,
3464 3500 3785 3569 βαρυτάτων
3803 3503 3983 3554 τόκων

2404 3593 2721 3659 ὁμολογίαν,
2780 3592 2867 3642 ἵνα
2900 3590 3035 3661 τέκη
3065 3590 3134 3642 τά
3166 3590 3374 3660 συνήθη
3407 3592 3439 3659 ή
3475 3591 3569 3660 γῆ.
3616 3591 3835 3643 Χαλκοῦ
3872 3593 3981 3661 γάρ

2414 3686 2505 3736 καὶ
2534 3683 2734 3752 χρυσοῦ
2772 3683 2864 3735 καὶ
2901 3682 3010 3734 τῶν
3039 3682 3252 3747 ἀιόνων
3286 3683 3434 3752 παρά
3468 3682 3632 3750 φύσιν
3663 3684 3982 3751 γεννώντων

2410 3777 2442 3844 ή
2474 3776 2615 3827 κατά
2662 3773 2823 3843 φύσιν
2853 3774 3117 3826 τίκτουσα
3156 3774 3403 3839 γίγνεται
3437 3775 3646 3843 στείρα,
3697 3776 3795 3826 καὶ
3842 3779 3980 3845 πρὸς

2406 3868 2505 3938 τὴν
2561 3870 2835 3936 τιμωρίαν
2886 3867 2994 3918 τῶν
3046 3866 3403 3919 ἐνοικούντων
3458 3868 3829 3936 κατεδικάσθη
3881 3871 3981 3937 τὴν

2406 3962 2706 4029 ἀκαρπίαν.

2489 4052 2724 4118 Ἐγνως,
2764 4052 2908 4114 ὅσοις
2936 4054 3039 4114 τάς
3066 4054 3246 4114 πόλεις
3284 4051 3628 4120 περιϐάλλεις
3656 4058 3882 4121 κακοῑςς
3918 4058 3980 4108 Τί

2408 4143 2663 4196 τοσοῦτον
2724 4144 2982 4212 ἠδίκησεν
3045 4145 3369 4213 ἀνδροφόνος
3406 4146 3438 4215 ἢ
3476 4147 3832 4215 τοιχωρύχος,
3888 4149 3979 4203 οὓς

2409 4234 2641 4287 θανάτου
2671 4235 2985 4304 τιμώμεθα,
3037 4234 3177 4287 ὥστε
3220 4240 3313 4287 καὶ
3347 4236 3447 4305 τὴν
3493 4238 3598 4303 γῆν
3642 4237 3978 4308 διαφθεῖραι,

2407 4328 2502 4379 καὶ
2551 4326 2627 4393 τῷ
2675 4328 2797 4394 ἀέρι
2835 4326 3203 4397 λυμήνασθαι,
3251 4328 3342 4378 καὶ
3382 4327 3491 4379 τῶν
3533 4330 3726 4381 κοινῶν
3773 4331 3980 4383 τούτων

2411 4417 2715 4487 ονθρώποις
2734 4418 2831 4479 τὰς
2856 4418 3035 4478 πόλεις
3076 4419 3398 4488 ἀποστερεῖν
3419 4436 3433 4482 ;
3456 4419 3662 4471 Τοσηιῦτ
3693 4438 3722 4471 ν
3752 4422 3975 4490 ἀπέχει,⁸

2424 4508 2453 4575 ἢ
2487 4507 2689 4575 μηδένα
2725 4508 2892 4575 μηδὲν
2926 4506 3153 4571 ἀδικεῖν,
3182 4507 3213 4577 ἢ
3250 4509 3580 4577 συγγνώμης
3616 4510 3740 4573 ἀξια
3769 4512 3978 4581 τολμᾷν

739 4598 913 4662 culpa:
961 4596 1186 4644 minuta:
1232 4592 1405 4646 allinis
1457 4594 1553 4646 sis.
1592 4592 1672 4646 Tu
1706 4594 1921 4647 interim
1970 4606 2021 4649 et
2076 4614 2312 4653 convena
2405 4599 2422 4649 Ἰ

2296 4632 2312 4648 -.
2405 4598 2437 4666 ἣ
2467 4598 2685 4666 μικρῶν
2712 4598 3013 4659 ὑπεύθυνος
3042 4596 3202 4652 εἶναι.
3234 4600 3305 4651 Σὺ
3336 4599 3391 4651 δὲ
3422 4601 3699 4667 συλλόγων
3737 4603 3859 4670 μὲν,
3890 4606 3979 4654 καὶ

740 4695 914 4744 ιιιιιιιι,
962 4693 1015 4736 et
1065 4682 1439 4735 institutorum
1472 4683 1616 4744 vitae,
1647 4692 1699 4737 et
1739 4687 1917 4739 victus
1974 4690 2198 4745 humani
2250 4710 2310 4747 es
2405 4693 2423 4744 tl

2294 4710 2310 4747 τ
2405 4693 2637 4760 διαίτης,
2686 4694 2784 4743 και
2837 4692 2953 4760 βίου
2992 4695 3241 4761 μετέχεις
3293 4694 3629 4761 ἀνθρώποις,
3672 4695 3977 4763 ἀνθρώπων

741 4776 1034 4845 particeps,
1062 4775 1340 4828 hominum
1372 4774 1640 4843 pernicies
1666 4779 1988 4846 ;cretlisque
2016 4778 2308 4849 Saivatori,

741 4876 795 4919 ct
820 4867 938 4934 ejus
969 4867 1240 4935 mysteriis
1268 4880 1332 4918 ac
1366 4866 1574 4934 legibus
1592 4866 1906 4933 salutifet-i~,
1936 4874 2134 4938 quibus
2164 4876 2309 4941 leges

745 4958 852 5010 fers
887 4957 1212 5009 contrarias.
1249 4957 1444 5020 Quaeso
1491 4970 1580 5021 te;
1633 4973 1739 5011 non
1785 4961 1949 5028 pudet
2006 4968 2309 5019 communi-

746 5062 870 5102 care
901 5046 1045 5099 illius
1076 5061 1297 5109 mensae,
1330 5047 1415 5099 cui
1466 5057 1746 5115 tantopere
1792 5050 2101 5108 adversaris
2128 5055 2150 5106 ‘l
2180 5071 2303 5119 nec,

744 5147 1035 5204 antequam
1063 5151 1187 5189 cum
1223 5152 1288 5189 eo
1320 5135 1372 5187 in
1404 5138 1631 5203 gratiam
1663 5139 1949 5195 restitutus
1981 5144 2077 5207 sis,
2113 5144 2304 5201 horres

746 5238 795 5282 te
831 5230 902 5281 illi
933 5229 1376 5281 contubernalem
1402 5229 1651 5297 jungere.
1684 5240 1737 5283 et
1762 5232 1918 5285 donis
1941 5234 2012 5286 ita
2038 5240 2308 5306 susceptis

748 5321 1025 5371 l'ructuose
1071 5325 1122 5369 te
1168 5318 1492 5370 accubuisse
1523 5319 1801 5373 existimas
1830 5322 1852 5373 ?
1883 5324 2044 5391 Atqui
2088 5329 2313 5395 sanguis

748 5410 835 5462 hic
881 5409 1113 5478 pretium
1158 5408 1546 5476 redemptionis
1575 5418 1698 5475 est;
1732 5420 1783 5464 tu
1824 5426 1951 5467 vero
2002 5416 2306 5483 proximum

746 5502 800 5553 ia
848 5502 1166 5554 servitutem
1216 5501 1438 5569 redigis.
1476 5499 1541 5553 Et
1577 5500 1669 5553 ille
1698 5502 1940 5571 quidem,
1982 5516 2038 5559 ut
2083 5520 2137 5559 ιιι
2171 5508 2305 5561 nihil

743 5589 963 5657 debeas,
1012 5590 1221 5645 ellusus
1256 5601 1372 5657 est;
1425 5601 1478 5644 tu
1522 5591 1743 5647 lratrem
1784 5594 1946 5649 etiam
1993 5596 2301 5653 reddentem

814 5772 834 5801 ’
862 5771 1017 5826 Rom.
1048 5789 1110 5835 ιι,
1137 5773 1225 5826 25.

2407 4786 2628 4855 ελεθρος
2662 4784 2759 4839 ὢν.
2792 4787 3078 4847 Πιστεύεις
3116 4786 3171 4838 δὲ
3205 4787 3278 4856 τῷ
3308 4788 3519 4856 Σωτῆρι
3556 4789 3648 4841 καὶ
3684 4791 3795 4850 τοῖς
3829 4792 3978 4843 ὲκεί-

2414 4896 2503 4929 νου
2536 4877 2858 4947 μυστηρίοις
2896 4879 2989 4930 καὶ
3038 4879 3225 4948 νόμοις
3265 4881 3367 4948 τὴν
3420 4882 3716 4949 σωτηρίαν,
3760 4884 3980 4936 ἐναντία

2414 4968 2741 5037 νομοθετῶν,
2786 4971 2883 5022 καὶ
2929 4968 3053 5021 οὔτε
3082 4969 3317 5041 αἰσχύνῃ
3363 4972 3639 5024 κοινωνῶν
3676 4974 3979 5041 τραπέζης,

2412 5053 2455 5127 ᾧ
2494 5060 2774 5128 πολεμεῖς,
2807 5060 2932 5113 οὔτε
2964 5061 3209 5129 φρίττεις
3250 5061 3445 5113 σαυτὸν
3472 5062 3620 5132 αὐτῷ
3657 5065 3981 5128 συνοικίζων

2414 5168 2490 5219 πρ
2516 5170 2544 5203 ν
2582 5150 2918 5219 διηλλάχθαι,
2956 5153 3048 5203 καὶ
3082 5150 3323 5219 νομίζεις
3356 5152 3666 5206 ἀπόνασθαι
3707 5155 3809 5221 τῆς
3849 5174 3982 5226 τρα-

2417 5245 2609 5312 πέζης,
2633 5242 2777 5295 οὕτω
2796 5243 2863 5294 τά
2885 5244 3028 5312 δῶρα
3050 5243 3345 5311 δεξάμενος
3367 5258 3381 5273 ⁸
3412 5244 3589 5297 καίτοι
3615 5246 3676 5297 τὸ
3710 5249 3811 5314 μὲν
3838 5243 3979 5308 αἷμα

2412 5333 2574 5386 τοῦτο
2624 5332 2817 5401 λύτρον
2843 5336 2979 5396 ἐστὶ,
3011 5336 3072 5383 συ
3094 5333 3150 5383 δὲ
3173 5333 3542 5404 ἀνδραποδίζῃ
3566 5335 3656 5385 τὸν
3673 5335 3977 5403 ὁμόφυλον

2408 5424 2501 5473 καὶ
2530 5422 2589 5474 τὸ
2626 5424 2722 5491 μὲν
2755 5422 2840 5473 ἵνα
2878 5422 2939 5473 σὺ
2987 5422 3153 5490 μηδὲν
3185 5424 3425 5493 ὀφείλῃς,
3477 5424 3636 5493 ὲχέθη
3659 5441 3674 5455 ⁶
3713 5426 3779 5478 σὺ
3802 5425 3858 5478 δὲ
3888 5430 3980 5479 καὶ

2415 5511 2733 5564 ἀποδιδόντα
2782 5510 2843 5561 τὸ
2880 5510 3089 5563 δάνειον
3137 5510 3228 5561 τοῦ
3264 5512 3458 5580 χρέους
3504 5511 3657 5566 οὔπω
3689 5514 3837 5577 λύεις
3889 5516 3981 5567 τὸν

2414 5601 2661 5669 ἀδελφόν.
2690 5602 2846 5655 Οὕτω
2874 5602 3054 5654 τοίνυν
3086 5602 3579 5671 ἐναντίως-ἔχοντα,
3608 5606 3791 5659 πόσων
3815 5606 3979 5675 γέμει
