4262 6460
257 404 363 467 τις

1508 397 1681 457 VlTA
1709 395 1763 464 S.
1808 391 2263 456 THEODORE.

3409 398 3518 461 750

259 517 548 580 κινδύνων,
579 516 677 584 τῆς
708 513 987 587 τραπέζης
1012 511 1360 581 κατατολμᾷν
1397 529 1411 576 ;
1445 529 1461 561 ι
1493 506 1570 563 Ἦ
1601 509 1845 579 παραζη-
1876 512 1924 568 Α

1836 537 1845 546 -
1876 512 1924 568 Α
1954 520 2221 574 mutuum,
2255 512 2491 565 nonduin
2527 512 2707 565 debito
2740 512 2925 565 solvis.
2956 511 3103 565 Adeo
3135 509 3298 580 igitur
3326 513 3519 567 αὐτοι*

259 610 466 678 λοῦμεν
515 610 604 661 τὸν
656 607 897 677 Κύριον;
936 605 1070 675 φησι
1121 604 1331 665 Παῦλος
1355 620 1367 633 ·
1405 602 1479 673 μὴ
1509 601 1843 671 ἰσχυρότεροι

261 700 429 753 αὑτοῦ
462 701 650 769 ὶσμενς
688 718 707 752 s

341 874 505 943 Παρὰ
531 874 711 927 πάντα
740 874 795 926 δὲ
825 872 999 925 ταῦτα
1028 872 1307 942 προσῆκεν
1336 874 1511 926 ἐκεῖνο
1540 872 1838 942 λογισάμε-

267 982 355 1015 νον
388 966 642 1029 σκοπεῖν,
676 965 759 1015 ὅτι
805 964 925 1016 δέον
969 964 1381 1031 ἀπολογείσθαι.
1415 964 1553 1027 Τοὺς
1599 965 1707 1039 γὰρ
1738 964 1841 1017 ὑπὸ

262 1056 339 1123 τῷ
372 1055 595 1126 Χριστῷ
624 1056 1001 1123 τεταγμένους
1042 1055 1253 1117 ἀδικίας
1278 1056 1461 1125 πάσης
1496 1054 1841 1124 ἀπηλλάχθαι

262 1151 432 1218 φησὶν
458 1150 485 1200 ὁ
516 1148 834 1217 Προφήτης,
862 1148 956 1200 καὶ
986 1148 1085 1214 τῆς
1125 1150 1253 1218 περί
1299 1147 1390 1200 τὸν
1436 1150 1593 1200 τόκον
1627 1148 1842 1216 μανίας.

269 1259 287 1290 ε
350 1240 449 1292 Ἐκ
481 1240 645 1291 τόκου
672 1239 805 1309 γὰρ,
832 1240 987 1307 φησι,
1021 1240 1114 1291 καὶ
1157 1240 1216 1303 ἐξ
1249 1239 1462 1302 ἀδικίας
1505 1240 1844 1309 λυτρώσεται

261 1333 360 1395 τὰς
382 1332 561 1402 ψυχὰς
582 1332 784 1391 αὐτῶν.
812 1351 830 1384 ι
870 1333 938 1385 Σὲ
970 1332 1023 1385 δὲ
1060 1333 1229 1409 μήπω
1262 1332 1578 1401 λελυμένῡν,
1610 1332 1727 1385 ἀλλ’
1759 1332 1837 1387 ἔτι

259 1424 329 1475 τὰ
354 1424 532 1493 δεσμὰ
560 1424 797 1494 φέροντα
848 1425 942 1476 καὶ
976 1424 1152 1477 τόκων
1183 1424 1515 1494 ἀνδράποδον
1542 1424 1694 1489 ὄντα,
1739 1423 1841 1481 ποῦ

261 1517 543 1585 τάξομεν;
601 1516 843 1584 Ἀνάγκη
902 1518 1009 1585 γὰρ
1068 1515 1318 1585 Θὰτερον,
1354 1516 1386 1585 ἢ
1420 1516 1515 1568 τὸν
1552 1518 1845 1590 Προφήτην

1948 612 2154 657 santem
2202 604 2311 658 Deo
2358 603 2560 657 audere
2608 620 2792 660 sacras
2838 604 2976 657 inire
3033 605 3245 672 epulas,
3296 608 3515 673 quantis

1947 694 2165 762 plenum
2215 704 2298 749 est
2326 695 2623 763 periculis?
2657 713 2675 745 ‹
2716 696 2794 748 An
2827 695 3147 749 temulamur
3176 694 3465 749 Dominum
3494 698 3516 749 !

1948 787 2121 855 inquit
2170 786 2392 851 Paulus,
2431 787 2678 857 nunquid
2711 786 2805 841 illo
2841 784 3095 841 fortiores
3144 801 3339 841 sumus
3363 783 3459 840 ’σί
3496 806 3514 838 ι

2017 878 2149 934 Post
2172 880 2285 933 haec
2308 880 2489 933 omnia
2518 879 2649 934 illud
2679 878 2968 948 c0gitando
2989 892 3210 933 versare
3238 878 3518 938 convenit,

1949 975 2216 1027 rationem
2260 973 2484 1027 reddere
2512 982 2767 1042 oportere
2795 989 2808 1037 ;
2842 973 2945 1026 sub
2976 986 3099 1039 rege
3125 971 3270 1024 enim
3302 970 3523 1027 Christo

1946 1066 2271 1120 constitutos
2330 1066 2474 1119 omni
2532 1064 2819 1133 iniquitate
2887 1076 2943 1117 et
3012 1063 3252 1116 amentia
3318 1063 3521 1118 fenorls

1945 1158 2207 1213 liberatos
2241 1173 2361 1213 esse
2411 1167 2641 1212 testatur
2684 1156 2959 1226 Pr0pheta
2992 1174 3004 1208 :
3042 1175 3059 1207 ι
3105 1154 3180 1209 Es
3213 1170 3399 1219 usura,
3433 1154 3519 1209 in-

1947 1250 2098 1318 quit,
2151 1259 2207 1304 et
2254 1252 2537 1319 iniquitate
2581 1250 2834 1303 liberabit
2888 1249 3101 1302 animas
3164 1262 3356 1301 eorum
3389 1247 3453 1300 ι’.
3495 1264 3513 1297 i

1946 1342 2021 1397 Te
2052 1353 2231 1396 autem
2268 1345 2506 1397 nomium
2537 1343 2797 1407 solutum,
2829 1340 2923 1395 sed
2952 1339 3255 1394 etiamnum
3281 1336 3519 1391 vinculis

1949 1434 2292 1502 implicitum,
2322 1442 2374 1487 et
2409 1447 2589 1487 usurae
2620 1432 2949 1499 mancipium
2980 1430 3070 1485 uht
3101 1427 3520 1485 collocabimus?

1946 1526 2188 1579 Alterum
2222 1526 2492 1595 siquidem
2540 1525 2909 1579 necessarium
2943 1532 3027 1578 est
3072 1540 3084 1575 :
3120 1532 3214 1576 aut
3243 1519 3523 1590 Prophetzn

262 1609 322 1659 ἐν
354 1601 438 1669 οἷς
476 1605 896 1675 εὐαγγελίζεται
950 1607 1285 1671 διαπίπτειν,
1334 1608 1365 1676 ἢ
1420 1608 1478 1659 σὲ
1533 1607 1607 1678 μὴ
1641 1609 1845 1667 τούτων

1838 1627 1845 1658 ν
1949 1619 2151 1672 bonum
2189 1619 2442 1673 nuntium
2495 1617 2644 1671 nullo
2683 1616 2879 1671 eﬂ'ectu
2934 1630 3303 1680 evanescere;
3345 1622 3439 1667 aut
3470 1623 3521 1666 te

264 1695 409 1751 εἶναι
440 1698 547 1751 τῶν
582 1698 687 1753 ὑπὸ
709 1698 950 1768 Χριστοῦ
982 1700 1403 1767 κοσμουμένων.
1438 1700 1499 1752 El
1527 1700 1583 1753 δὲ
1613 1702 1672 1755 τὸ
1696 1703 1846 1771 πρῶ-

1830 1733 1846 1742 -
1951 1725 2118 1763 unum
2169 1713 2234 1763 de
2263 1709 2351 1762 his
2398 1725 2503 1763 non
2539 1724 2683 1774 esse,
2713 1709 2805 1777 qui
2841 1724 2871 1762 a
2901 1707 3121 1761 Christo
3150 1706 3513 1761 cohonestan-

261 1805 358 1841 τον
376 1787 580 1840 ἄτοπον
611 1790 936 1858 συγχωρεῖν,
964 1789 1164 1855 σκέψαι
1198 1790 1264 1843 σῦ
1293 1791 1534 1862 περὶτοῦ
1565 1793 1844 1863 δευτέρου,
1882 1839 1921 1891 Β

1836 1834 1844 1856 .
1882 1839 1921 1891 Β
1950 1813 2057 1855 tur.
2098 1803 2250 1868 Quod
2283 1803 2327 1857 si
2361 1802 2657 1857 absurdum
2694 1810 2777 1856 est
2812 1801 2964 1869 prius
3002 1800 3326 1891 concedere.
3352 1808 3409 1891 tu
3450 1797 3519 1891 de

264 1880 361 1930 καὶ
389 1879 445 1931 εί
477 1896 565 1932 σοι
600 1879 783 1943 καλῶς
829 1880 944 1949 ἔχει
966 1882 1172 1951 ταύτην
1204 1884 1345 1935 κατὰ
1376 1883 1576 1936 σαυτοῦ
1614 1886 1711 1953 τὴν
1742 1884 1845 1955 φῆ·
1883 1879 1920 1891 ”

1833 1915 1845 1925 -
1883 1879 1920 1891 ”
1949 1895 2123 1947 altero
2152 1894 2379 1958 videris,
2413 1904 2467 1948 et
2502 1907 2572 1946 an
2605 1907 2669 1946 ex
2703 1907 2763 1947 re
2804 1900 2896 1945 tua
2923 1890 3253 1945 sententiam
3300 1887 3516 1943 tuleris.

263 1988 367 2038 φον
400 1971 734 2039 ἐξενεγκεῖν.
794 1970 856 2025 El
912 1972 969 2025 δὲ
1003 1974 1333 2043 Χριστιανὸς
1385 1970 1455 2039 εί,
1507 1977 1599 2029 καὶ
1654 1976 1845 2033 τούτου

1835 1996 1845 2028 ι
1950 1984 2005 2038 Si
2041 1999 2169 2038 vero
2195 1984 2537 2039 Christianus
2568 1990 2717 2046 es.et
2740 1991 2793 2037 te
2818 1981 2904 2036 isti
2938 1980 3139 2050 populo
3166 1991 3518 2038 annnmeras.

264 2064 503 2133 γράφεις
543 2065 742 2117 σαυτὸν
768 2063 866 2117 τοῦ
922 2064 1112 2135 χοροῦ,
1147 2065 1323 2135 ῥίψεις
1354 2068 1479 2129 τοὺς
1508 2068 1724 2130 τόκους.
1749 2068 1846 2137 οὐχ

1841 2086 1846 2136 ἰ
1950 2093 2147 2134 usuras
2190 2078 2434 2148 abjicies,
2472 2092 2568 2132 nec
2612 2086 2835 2147 pr0pter
2864 2082 3132 2145 questum
3165 2071 3302 2127 adeo
3345 2070 3524 2125 infan-

265 2157 411 2226 ὑπὲρ
439 2153 583 2209 οὕτω
612 2155 836 2225 φαύλων
866 2156 1170 2226 λημμάτων
1224 2159 1349 2222 τοὺς
1404 2158 1503 2227 μὶν
1542 2156 1720 2223 θείους
1749 2176 1847 2214 κα-

263 2248 614 2319 ταπατήσεις
650 2250 872 2320 νόμους,
901 2250 1003 2320 τὴν
1033 2250 1089 2301 δὲ
1142 2250 1282 2320 μετὰ
1304 2250 1398 2303 τοῦ
1434 2252 1671 2322 Χριστοῦ
1702 2253 1847 2325 ζωὴν

269 2339 553 2409 περιόψει,
583 2339 807 2409 γεέννης
838 2341 896 2393 δι
929 2342 1025 2393 καὶ
1054 2342 1279 2401 σκότους
1320 2344 1415 2395 καὶ
1445 2344 1726 2414 κλαυθμοῦ
1754 2347 1847 2397 καὶ

268 2430 521 2505 βρυγμοῦ
553 2430 810 2495 ὀδόντων,
846 2433 1079 2486 καὶτῶν
1134 2433 1464 2488 δεινοτάτων
1502 2440 1850 2509 καταφρονή-

270 2544 327 2579 σε
335 2544 404 2590 ις.

356 2620 521 2674 Ἀλλὰ
558 2620 651 2674 τδν
697 2621 799 2689 μὲν
860 2621 1019 2687 λόγον
1076 2621 1204 2683 τοῦς
1254 2621 1602 2691 προτεθείσιν
1654 2623 1849 2690 ἀρκεῖν

268 2696 547 2784 ἠγοῦμαι.
578 2713 677 2766 καὶ
708 2714 809 2765 οὑκ
859 2708 957 2765 οἶδ’
989 2713 1017 2766 ὅ
1062 2729 1115 2765 τι
1155 2714 1238 2767 δεῖ
1266 2713 1585 2782 προσθεῖναι
1621 2716 1732 2776 τοῖς
1767 2715 1848 2765 εί-

270 2805 553 2874 ρημένοις.
587 2805 659 2858 Σὺ
708 2805 785 2867 δὲ.
815 2804 848 2875 ἢ
888 2804 1154 2870 πεισθεὶς,
1177 2806 1304 2867 τοὺς
1337 2806 1571 2874 τρόπους
1606 2805 1849 2874 μεταδα-

269 2897 404 2959 λεῐς,
436 2898 471 2965 ἢ
504 2896 663 2949 τοῦτο
708 2896 847 2965 γοῦν
890 2898 999 2950 ἀπὸ
1031 2897 1141 2950 τῶν
1173 2897 1349 2965 λόγων
1381 2898 1482 2969 [σῃ
1523 2897 1732 2965 μαθὼν,
1782 2899 1850 2951 τὰ

266 2990 555 3044 δεινότατα
603 2988 833 3043 πάντων
871 2990 1107 3060 τολμῶν,
1142 2992 1236 3043 καὶ⁵
1269 2989 1389 3058 Θεῷ
1446 2990 1538 3041 καὶ
1576 2990 1654 3058 τῷ
1685 2989 1847 3044 κοινῶ

271 3083 381 3139 τῶν
413 3080 719 3151 ἀνθρώπων
753 3083 963 3136 πολλῶν
1003 3084 1301 3146 ὑπεύθυνος
1329 3082 1425 3137 ὢν.

345 3237 390 3267 ³⁸
441 3237 462 3292 1
502 3238 631 3293 Cor.
660 3252 717 3299 ι.
748 3236 841 3291 τε.
923 3240 961 3269 “
1001 3238 1145 3293 Psal.
1190 3255 1340 3303 Lxsi,
1374 3241 1459 3294 Η.

1948 2151 2075 2223 dum
2126 2171 2337 2223 divinas
2397 2168 2541 2238 leges
2610 2165 3020 2235 aspernabere,
3070 2162 3351 2229 vitamque
3395 2173 3522 2214 cum

1947 2260 2171 2317 Christo
2215 2272 2555 2326 contemnas,
2588 2273 2691 2313 nec
2741 2258 3066 2325 gehennam,
3093 2263 3149 2309 et
3174 2266 3438 2318 vermem,
3472 2260 3526 2305 et

1950 2352 2165 2415 ﬂetum,
2195 2363 2249 2407 et
2294 2352 2591 2407 stridorem
2626 2350 2895 2413 dentium,
2930 2356 2987 2403 et
3029 2345 3321 2401 horribiles
3378 2352 3527 2399 tene-

1953 2447 2078 2501 bras
2111 2444 2462 2517 parvifacies.

2023 2630 2128 2685 Sed
2172 2628 2283 2698 jam
2319 2644 2417 2698 pro
2457 2644 2515 2683 re
2545 2625 2823 2698 proposita
2863 2624 2999 2679 satis
3049 2622 3256 2677 dictum
3306 2620 3522 2688 Opinor,

1954 2738 2050 2778 nec
2083 2696 2245 2779 Video
2274 2696 2403 2790 quid
2436 2696 2671 2786 amplius
2703 2715 2993 2770 dicendum
3025 2706 3118 2767 sit.
3143 2710 3248 2777 Tu,
3280 2717 3374 2765 aut
3406 2725 3529 2780 per-

1951 2828 2148 2869 suasus
2193 2812 2277 2865 his
2323 2825 2506 2863 mores
2552 2806 2899 2870 iinmutabis,
2942 2813 3038 2859 aut
3085 2803 3278 2859 saltem
3325 2817 3391 2858 ex
3426 2806 3527 2857 hac

1951 2904 2199 2959 oratione
2242 2916 2361 2956 mea
2403 2910 2453 2955 te
2485 2900 2730 2955 omnium
2774 2897 3096 2968 gravissima
3146 2892 3435 2957 audendo,
3471 2901 3528 2947 et

1954 2996 2086 3059 Deo,
2118 3006 2171 3049 et
2228 2993 2504 3047 communi
2560 2994 2837 3047 hominum
2875 2988 2941 3042 de
2988 2987 3176 3042 multis
3224 2984 3523 3041 obnoxium

1952 3100 2072 3140 esse
2105 3098 2424 3154 cognosces.

286 3425 3518 3471 Μ

810 3592 992 3703 DE
1055 3590 1618 3707 SANCTA
1710 3591 2477 3706 THEODORA
2569 3591 3015 3707 VIDUA

1288 3809 1819 3867 SANCTIMONIALI
1878 3810 2507 3868 THESSALONICENSI

544 3962 1011 4027 DANIELIS
1111 3964 1791 4027 PAPEBROCHII

1913 3967 2696 4030 COMMENTARIUS
2798 3969 3255 4031 PREVIUS.

1459 4135 1599 4195 (Acta
1636 4134 1744 4192 SS.,
1772 4135 1925 4196 April.
1954 4136 2033 4182 die
2071 4138 2112 4193 4,
2151 4140 2266 4183 tom.
2313 4135 2371 4195 Ι.)

360 4443 408 4495 l.
447 4438 603 4505 Quod
640 4443 819 4490 exstat
849 4432 1038 4489 Roma
1078 4432 1521 4506 Martyrologium
1544 4434 2186 4505 Arabico-[Egyptiacum
2222 4434 2275 4489 in
2308 4435 2534 4503 collegio
2588 4433 3012 4498 Maronitarum,
3058 4445 3220 4501 atque
3270 4450 3297 4488 a
3347 4436 3529 4491 Gratia

281 4531 537 4586 Simonio
569 4544 635 4582 es
671 4525 904 4579 Arabica
940 4526 992 4577 in
1028 4524 1268 4593 linguam
1299 4523 1551 4577 Latinam
1586 4522 1876 4583 transferri
1912 4523 2067 4579 uobis
2104 4523 2317 4576 curavit
2354 4523 2687 4576 Athanasius
2720 4520 3016 4574 Kircherus
3052 4530 3257 4587 noster,
3293 4523 3530 4577 celebrat

283 4620 355 4676 ad
407 4619 553 4672 diem
601 4616 852 4684 quintum
907 4610 1114 4679 Aprilis
1170 4630 1187 4661 ι
1230 4612 1547 4664 memoriam
1587 4622 1791 4664 sanctae
1834 4610 2024 4664 matris
2067 4609 2400 4674 Tlieodorze;
2444 4627 2461 4659 ε
2509 4622 2631 4675 quae
2673 4606 2835 4659 verba
2861 4606 2914 4659 in
2950 4605 3168 4662 Menaeis
3215 4609 3433 4663 excusis
3478 4618 3531 4663 et

282 4700 679 4771 manuscriptis
708 4700 893 4753 Grzce
922 4699 999 4750 sic
1022 4695 1345 4758 elIeruntur,
1378 4697 1456 4766 Τῇ
1489 4696 1625 4765 αὐτῇ
1658 4698 1837 4766 ἡμέρᾳ
1863 4699 1959 4765 τῆς

1863 4699 1959 4765 τῆς
1989 4697 2140 4757 ὁσίας
2168 4697 2372 4762 μητρὸς
2404 4692 2559 4761 ἡμῶν
2582 4691 2884 4762 Θεοδώρας,
2913 4692 3010 4760 τῆς
3033 4694 3090 4744 ἐν
3118 4693 3486 4765 Θεσσαλονίκῃ
3516 4712 3527 4749 :

285 4803 411 4862 qua:
447 4787 659 4843 scilicet
684 4784 1109 4847 Thessalonicae,
1145 4783 1278 4838 urbe
1312 4782 1642 4837 Macedoniae
1672 4784 1977 4844 notissima,
2013 4782 2179 4833 \ixit:
2218 4789 2270 4832 et
2303 4778 2431 4831 illud
2466 4779 2686 4831 additur
2720 4780 2987 4833 di5ticlion
3018 4797 3029 4832 :

1137 4898 1200 4949 Εί
1238 4898 1421 4959 καλοῖς
1452 4898 1664 4958 πολλοῖς
1695 4897 1899 4964 αὐχεῖ·,
1935 4894 2329 4961 Θεσσαλονίκη,

1154 4968 1341 5035 Ἔχεις
1378 4968 1470 5018 καὶ
1497 4968 1690 5019 σεπτὸν
1722 4966 1879 5016 ὄλϐον
1918 4964 2015 5032 τὴν
2043 4965 2345 5032 Θεοδώραν.

1150 5050 1553 5117 Thessalonica,
1586 5052 1753 5103 multa
1792 5050 2039 5117 sijactas
2079 5049 2236 5110 bona,

1146 5121 1274 5176 llaec
1301 5125 1433 5174 inter
1457 5124 1612 5175 etiam
1641 5122 1876 5189 possides
1907 5118 2257 5172 Theodoram.

361 5240 500 5293 Dein
534 5237 658 5291 vitae
682 5235 803 5304 ejus
828 5232 1139 5287 cncomium
1178 5231 1389 5285 illustre
1422 5231 1731 5300 bujusmodi
1760 5231 2007 5300 sequitur
2034 5247 2047 5281 :

358 5351 415 5403 2.
464 5366 482 5399 ι
535 5345 736 5401 Sancta
768 5343 883 5398 hzec
926 5340 1217 5395 Theodore
1266 5355 1293 5393 a
1343 5351 1527 5394 tenera
1576 5351 1730 5394 aetate
1775 5339 2056 5393 Christum
2110 5338 2439 5394 desideravit
2476 5357 2489 5393 :
2533 5348 2584 5393 et
2634 5340 2793 5393 rebus
2838 5340 3131 5393 mundanis
3164 5340 3430 5396 abdicatis
3470 5343 3526 5396 in

279 5434 608 5492 canobium
643 5432 910 5499 ingressa,
948 5429 1002 5481 in
1041 5431 1364 5481 monacham
1403 5436 1483 5480 est
1511 5436 1725 5479 attonsa
1754 5442 1767 5479 :
1801 5435 1856 5479 et
1890 5440 2081 5481 omnes
2129 5426 2356 5480 virtutes
2393 5426 2640 5495 amplexa
2684 5426 2845 5481 simul
2876 5435 2935 5479 ut
2965 5440 3165 5491 unam,
3206 5427 3260 5480 in
3292 5428 3357 5481 iis
3390 5443 3525 5482 con-

284 5529 570 5577 summata
604 5518 799 5572 evasit.
834 5515 984 5570 Adeo
1015 5530 1143 5568 vero
1178 5514 1543 5568 obedientiam
1575 5524 1627 5566 et
1666 5513 2066 5567 venerationem
2103 5514 2337 5567 excoluit
2370 5529 2496 5585 erga
2536 5516 2724 5569 omnes
2755 5514 2992 5569 ρωποι)Ῐὶ
3025 5530 3260 5579 sorores,
3294 5523 3350 5569 et
3384 5531 3525 5585 prte-

284 5611 482 5670 sertim
511 5608 842 5671 antistitam,
873 5616 931 5657 ut
965 5615 1085 5674 post
1118 5614 1347 5657 mortem
1386 5604 1548 5655 etiam
1583 5604 1895 5656 ostenderet
1922 5601 2173 5654 virtutem
2195 5642 2208 5661 ,
2254 5614 2416 5670 quam
2457 5611 2778 5656 exercuerat
2823 5606 2962 5655 viva.
2997 5603 3130 5657 Nam
3170 5604 3333 5660 vitam
3367 5615 3523 5661 suam

286 5701 431 5757 adeo
468 5710 662 5765 puram

737 5705 793 5747 et
838 5694 905 5746 ab
936 5693 1085 5747 omni
1120 5706 1342 5759 prorsus
1373 5693 1582 5743 macula
1623 5690 1997 5742 intaminatam
2036 5688 2362 5750 custodivit,
2410 5699 2467 5739 ut
2496 5704 2617 5741 eam
2655 5706 2751 5757 pro
2784 5692 2899 5745 viva
2936 5692 3171 5759 imagine
3212 5692 3325 5749 suis
3364 5704 3523 5743 soro-

292 5783 451 5842 ribus
482 5784 791 5853 reliquerit.
834 5780 960 5835 Post
998 5788 1227 5835 mortem
1268 5794 1395 5833 vero
1420 5818 1433 5843 ,
1468 5794 1591 5833 cum
1622 5780 1730 5847 jam
1780 5779 1939 5843 longo
1970 5775 2162 5828 luisset
2200 5788 2442 5844 tempore
2476 5778 2715 5844 svpulta,
2747 5778 2970 5845 contigit
3004 5777 3162 5835 etiam
3210 5775 3528 5845 magistram
