  <div class='ocr_page' id='page_1' title='image "/cluster/home/n/w/nwhite01/storage/ocr_20150623/150/nnc1.0022106740/387.png"; bbox 0 0 4262 6460; ppageno 0'>
   <div class='ocr_carea' id='block_1_1' title="bbox 754 362 3981 437">
    <p class='ocr_par' dir='ltr' id='par_1_1' title="bbox 754 362 3981 437">
     <span class='ocr_line' id='line_1_1' title="bbox 754 362 3981 437; baseline -0.004 0"><span class='ocrx_word' id='word_1_1' title='bbox 754 373 854 437; x_wconf 73' lang='lat'><strong>751</strong></span> <span class='ocrx_word' id='word_1_2' title='bbox 1974 367 2284 428; x_wconf 83' lang='lat' dir='ltr'><strong>NlCOLAI</strong></span> <span class='ocrx_word' id='word_1_3' title='bbox 2327 369 2709 429; x_wconf 78' lang='lat' dir='ltr'><strong>CABASlL/E</strong></span> <span class='ocrx_word' id='word_1_4' title='bbox 3878 362 3981 424; x_wconf 75' lang='lat'><strong>752</strong></span> 
     </span>
    </p>
   </div>
   <div class='ocr_carea' id='block_1_2' title="bbox 761 475 3982 554">
    <p class='ocr_par' dir='ltr' id='par_1_2' title="bbox 761 475 3982 554">
     <span class='ocr_line' id='line_1_2' title="bbox 761 475 3982 554; baseline -0.004 -14"><span class='ocrx_word' id='word_1_5' title='bbox 761 502 859 540; x_wconf 86' lang='lat' dir='ltr'><strong>seu</strong></span> <span class='ocrx_word' id='word_1_6' title='bbox 890 485 1180 554; x_wconf 63' lang='lat' dir='ltr'><strong>president</strong></span> <span class='ocrx_word' id='word_1_7' title='bbox 1212 484 1444 540; x_wconf 77' lang='lat' dir='ltr'><strong>cmnobii</strong></span> <span class='ocrx_word' id='word_1_8' title='bbox 1477 497 1539 536; x_wconf 81' lang='lat' dir='ltr'><strong>cx</strong></span> <span class='ocrx_word' id='word_1_9' title='bbox 1565 482 1666 535; x_wconf 92' lang='lat' dir='ltr'><strong>hac</strong></span> <span class='ocrx_word' id='word_1_10' title='bbox 1697 481 1802 535; x_wconf 79' lang='lat' dir='ltr'><strong>\iia</strong></span> <span class='ocrx_word' id='word_1_11' title='bbox 1832 480 1895 534; x_wconf 87' lang='lat' dir='ltr'><strong>ad</strong></span> <span class='ocrx_word' id='word_1_12' title='bbox 1922 482 2199 535; x_wconf 80' lang='lat' dir='ltr'><strong>Christum</strong></span> <span class='ocrx_word' id='word_1_13' title='bbox 2226 483 2493 550; x_wconf 83' lang='lat' dir='ltr'><strong>proficisci</strong></span> <span class='ocrx_word' id='word_1_14' title='bbox 2518 499 2530 535; x_wconf 91' lang='lat'><strong>:</strong></span> <span class='ocrx_word' id='word_1_15' title='bbox 2557 492 2611 536; x_wconf 92' lang='lat' dir='ltr'><strong>et</strong></span> <span class='ocrx_word' id='word_1_16' title='bbox 2633 481 2759 551; x_wconf 83' lang='lat' dir='ltr'><strong>quia</strong></span> <span class='ocrx_word' id='word_1_17' title='bbox 2786 484 2896 535; x_wconf 77' lang='lat' dir='ltr'><strong>tunc</strong></span> <span class='ocrx_word' id='word_1_18' title='bbox 2926 480 3221 535; x_wconf 82' lang='lat' dir='ltr'><strong>admodum</strong></span> <span class='ocrx_word' id='word_1_19' title='bbox 3246 487 3456 540; x_wconf 79' lang='lat' dir='ltr'><strong>sancte,</strong></span> <span class='ocrx_word' id='word_1_20' title='bbox 3481 484 3631 532; x_wconf 85' lang='lat' dir='ltr'><strong>caste</strong></span> <span class='ocrx_word' id='word_1_21' title='bbox 3656 485 3710 530; x_wconf 89' lang='lat' dir='ltr'><strong>et</strong></span> <span class='ocrx_word' id='word_1_22' title='bbox 3733 475 3982 544; x_wconf 64' lang='lat' dir='ltr'><strong>religiose</strong></span> 
     </span>
    </p>
   </div>
   <div class='ocr_carea' id='block_1_3' title="bbox 760 563 3980 639">
    <p class='ocr_par' dir='ltr' id='par_1_3' title="bbox 760 563 3980 639">
     <span class='ocr_line' id='line_1_3' title="bbox 760 563 3980 639; baseline -0.004 -12"><span class='ocrx_word' id='word_1_23' title='bbox 760 575 993 635; x_wconf 79' lang='lat' dir='ltr'><strong>vixerat.</strong></span> <span class='ocrx_word' id='word_1_24' title='bbox 1025 573 1204 628; x_wconf 89' lang='lat' dir='ltr'><strong>factus</strong></span> <span class='ocrx_word' id='word_1_25' title='bbox 1244 572 1411 626; x_wconf 87' lang='lat' dir='ltr'><strong>estad</strong></span> <span class='ocrx_word' id='word_1_26' title='bbox 1462 571 1627 639; x_wconf 86' lang='lat' dir='ltr'><strong>hujus</strong></span> <span class='ocrx_word' id='word_1_27' title='bbox 1663 571 1829 622; x_wconf 90' lang='lat' dir='ltr'><strong>funus</strong></span> <span class='ocrx_word' id='word_1_28' title='bbox 1863 584 2169 622; x_wconf 73' lang='lat' dir='ltr'><strong>concursus</strong></span> <span class='ocrx_word' id='word_1_29' title='bbox 2203 570 2498 621; x_wconf 84' lang='lat' dir='ltr'><strong>multorum</strong></span> <span class='ocrx_word' id='word_1_30' title='bbox 2536 569 2843 633; x_wconf 84' lang='lat' dir='ltr'><strong>hominum,</strong></span> <span class='ocrx_word' id='word_1_31' title='bbox 2882 569 3020 621; x_wconf 90' lang='lat' dir='ltr'><strong>inter</strong></span> <span class='ocrx_word' id='word_1_32' title='bbox 3050 583 3189 633; x_wconf 90' lang='lat' dir='ltr'><strong>quos</strong></span> <span class='ocrx_word' id='word_1_33' title='bbox 3228 576 3386 622; x_wconf 82' lang='lat' dir='ltr'><strong>crant</strong></span> <span class='ocrx_word' id='word_1_34' title='bbox 3420 566 3657 620; x_wconf 77' lang='lat' dir='ltr'><strong>illustres</strong></span> <span class='ocrx_word' id='word_1_35' title='bbox 3696 563 3819 627; x_wconf 85' lang='lat' dir='ltr'><strong>viri,</strong></span> <span class='ocrx_word' id='word_1_36' title='bbox 3857 563 3980 613; x_wconf 80' lang='lat' dir='ltr'><strong>reli-</strong></span> 
     </span>
    </p>
   </div>
   <div class='ocr_carea' id='block_1_4' title="bbox 762 650 3981 732">
    <p class='ocr_par' dir='ltr' id='par_1_4' title="bbox 762 650 3981 732">
     <span class='ocr_line' id='line_1_4' title="bbox 762 650 3981 732; baseline -0.005 -16"><span class='ocrx_word' id='word_1_37' title='bbox 762 665 900 732; x_wconf 74' lang='lat' dir='ltr'><strong>giosi</strong></span> <span class='ocrx_word' id='word_1_38' title='bbox 940 662 1192 717; x_wconf 86' lang='lat' dir='ltr'><strong>monachi</strong></span> <span class='ocrx_word' id='word_1_39' title='bbox 1236 670 1290 714; x_wconf 89' lang='lat' dir='ltr'><strong>et</strong></span> <span class='ocrx_word' id='word_1_40' title='bbox 1323 660 1446 714; x_wconf 87' lang='lat' dir='ltr'><strong>laici</strong></span> <span class='ocrx_word' id='word_1_41' title='bbox 1489 659 1819 728; x_wconf 78' lang='lat' dir='ltr'><strong>complures.</strong></span> <span class='ocrx_word' id='word_1_42' title='bbox 1851 657 1986 712; x_wconf 89' lang='lat' dir='ltr'><strong>Cum</strong></span> <span class='ocrx_word' id='word_1_43' title='bbox 2023 672 2152 726; x_wconf 80' lang='lat' dir='ltr'><strong>ergo</strong></span> <span class='ocrx_word' id='word_1_44' title='bbox 2185 674 2335 712; x_wconf 82' lang='lat' dir='ltr'><strong>sacra</strong></span> <span class='ocrx_word' id='word_1_45' title='bbox 2378 656 2619 709; x_wconf 85' lang='lat' dir='ltr'><strong>carmina</strong></span> <span class='ocrx_word' id='word_1_46' title='bbox 2652 664 2707 707; x_wconf 82' lang='lat' dir='ltr'><strong>ct</strong></span> <span class='ocrx_word' id='word_1_47' title='bbox 2745 656 2928 725; x_wconf 84' lang='lat' dir='ltr'><strong>hymni</strong></span> <span class='ocrx_word' id='word_1_48' title='bbox 2965 657 3431 718; x_wconf 67' lang='lat' dir='ltr'><strong>decantarentur;</strong></span> <span class='ocrx_word' id='word_1_49' title='bbox 3462 662 3515 705; x_wconf 83' lang='lat' dir='ltr'><strong>et</strong></span> <span class='ocrx_word' id='word_1_50' title='bbox 3554 652 3891 720; x_wconf 82' lang='lat' dir='ltr'><strong>hypogeum,</strong></span> <span class='ocrx_word' id='word_1_51' title='bbox 3932 650 3981 699; x_wconf 92' lang='lat' dir='ltr'><strong>iu</strong></span> 
     </span>
    </p>
   </div>
   <div class='ocr_carea' id='block_1_5' title="bbox 730 735 3983 817">
    <p class='ocr_par' dir='ltr' id='par_1_5' title="bbox 730 735 3983 817">
     <span class='ocr_line' id='line_1_5' title="bbox 730 735 3983 817; baseline -0.006 -12"><span class='ocrx_word' id='word_1_52' title='bbox 730 744 869 817; x_wconf 84' lang='lat' dir='ltr'><strong>quo</strong></span> <span class='ocrx_word' id='word_1_53' title='bbox 906 752 964 804; x_wconf 89' lang='lat' dir='ltr'><strong>S.</strong></span> <span class='ocrx_word' id='word_1_54' title='bbox 1004 748 1289 802; x_wconf 88' lang='lat' dir='ltr'><strong>Theodora</strong></span> <span class='ocrx_word' id='word_1_55' title='bbox 1320 748 1429 816; x_wconf 86' lang='lat' dir='ltr'><strong>jam</strong></span> <span class='ocrx_word' id='word_1_56' title='bbox 1459 747 1668 815; x_wconf 80' lang='lat' dir='ltr'><strong>pridem</strong></span> <span class='ocrx_word' id='word_1_57' title='bbox 1706 755 1864 799; x_wconf 82' lang='lat' dir='ltr'><strong>antea</strong></span> <span class='ocrx_word' id='word_1_58' title='bbox 1898 746 1998 797; x_wconf 86' lang='lat' dir='ltr'><strong>sita</strong></span> <span class='ocrx_word' id='word_1_59' title='bbox 2033 756 2170 807; x_wconf 89' lang='lat' dir='ltr'><strong>erat,</strong></span> <span class='ocrx_word' id='word_1_60' title='bbox 2218 745 2282 797; x_wconf 85' lang='lat' dir='ltr'><strong>od</strong></span> <span class='ocrx_word' id='word_1_61' title='bbox 2320 742 2618 797; x_wconf 73' lang='lat' dir='ltr'><strong>antistitam</strong></span> <span class='ocrx_word' id='word_1_62' title='bbox 2665 742 2776 795; x_wconf 91' lang='lat' dir='ltr'><strong>illic</strong></span> <span class='ocrx_word' id='word_1_63' title='bbox 2813 742 3185 795; x_wconf 72' lang='lat' dir='ltr'><strong>collocandum</strong></span> <span class='ocrx_word' id='word_1_64' title='bbox 3233 741 3570 809; x_wconf 90' lang='lat' dir='ltr'><strong>aperiretur,</strong></span> <span class='ocrx_word' id='word_1_65' title='bbox 3604 735 3983 793; x_wconf 82' lang='lat' dir='ltr'><strong>admirandum</strong></span> 
     </span>
    </p>
   </div>
   <div class='ocr_carea' id='block_1_6' title="bbox 770 827 3988 905">
    <p class='ocr_par' dir='ltr' id='par_1_6' title="bbox 770 827 3988 905">
     <span class='ocr_line' id='line_1_6' title="bbox 770 827 3988 905; baseline -0.005 -14"><span class='ocrx_word' id='word_1_66' title='bbox 770 837 972 891; x_wconf 90' lang='lat' dir='ltr'><strong>accidit</strong></span> <span class='ocrx_word' id='word_1_67' title='bbox 998 836 1327 905; x_wconf 77' lang='lat' dir='ltr'><strong>prodigium,</strong></span> <span class='ocrx_word' id='word_1_68' title='bbox 1353 834 1499 903; x_wconf 90' lang='lat' dir='ltr'><strong>quod</strong></span> <span class='ocrx_word' id='word_1_69' title='bbox 1534 842 1871 903; x_wconf 86' lang='lat' dir='ltr'><strong>spectatores</strong></span> <span class='ocrx_word' id='word_1_70' title='bbox 1893 842 2189 902; x_wconf 66' lang='lat' dir='ltr'><strong>prmscntes</strong></span> <span class='ocrx_word' id='word_1_71' title='bbox 2218 832 2435 901; x_wconf 82' lang='lat' dir='ltr'><strong>quidcm</strong></span> <span class='ocrx_word' id='word_1_72' title='bbox 2461 833 2514 885; x_wconf 90' lang='lat' dir='ltr'><strong>in</strong></span> <span class='ocrx_word' id='word_1_73' title='bbox 2535 840 2815 901; x_wconf 81' lang='lat' dir='ltr'><strong>stuporem</strong></span> <span class='ocrx_word' id='word_1_74' title='bbox 2844 834 3013 893; x_wconf 87' lang='lat' dir='ltr'><strong>dedit,</strong></span> <span class='ocrx_word' id='word_1_75' title='bbox 3042 832 3323 895; x_wconf 86' lang='lat' dir='ltr'><strong>auditores</strong></span> <span class='ocrx_word' id='word_1_76' title='bbox 3354 845 3484 883; x_wconf 72' lang='lat' dir='ltr'><strong>vero</strong></span> <span class='ocrx_word' id='word_1_77' title='bbox 3517 837 3705 899; x_wconf 84' lang='lat' dir='ltr'><strong>postea</strong></span> <span class='ocrx_word' id='word_1_78' title='bbox 3736 827 3988 881; x_wconf 78' lang='lat' dir='ltr'><strong>absentes</strong></span> 
     </span>
    </p>
   </div>
   <div class='ocr_carea' id='block_1_7' title="bbox 766 915 3987 991">
    <p class='ocr_par' dir='ltr' id='par_1_7' title="bbox 766 915 3987 991">
     <span class='ocr_line' id='line_1_7' title="bbox 766 915 3987 991; baseline -0.004 -15"><span class='ocrx_word' id='word_1_79' title='bbox 766 923 833 977; x_wconf 93' lang='lat' dir='ltr'><strong>ad</strong></span> <span class='ocrx_word' id='word_1_80' title='bbox 871 923 1170 976; x_wconf 84' lang='lat' dir='ltr'><strong>salutarem</strong></span> <span class='ocrx_word' id='word_1_81' title='bbox 1203 930 1557 991; x_wconf 73' lang='lat' dir='ltr'><strong>peccatorum</strong></span> <span class='ocrx_word' id='word_1_82' title='bbox 1592 921 1992 985; x_wconf 81' lang='lat' dir='ltr'><strong>ptenitudinem</strong></span> <span class='ocrx_word' id='word_1_83' title='bbox 2033 921 2354 974; x_wconf 84' lang='lat' dir='ltr'><strong>commovit.</strong></span> <span class='ocrx_word' id='word_1_84' title='bbox 2386 918 2531 973; x_wconf 85' lang='lat' dir='ltr'><strong>Loco</strong></span> <span class='ocrx_word' id='word_1_85' title='bbox 2561 921 2707 973; x_wconf 89' lang='lat' dir='ltr'><strong>enim</strong></span> <span class='ocrx_word' id='word_1_86' title='bbox 2752 934 3058 989; x_wconf 88' lang='lat' dir='ltr'><strong>opportuno</strong></span> <span class='ocrx_word' id='word_1_87' title='bbox 3098 924 3163 973; x_wconf 87' lang='lat' dir='ltr'><strong>ad</strong></span> <span class='ocrx_word' id='word_1_88' title='bbox 3209 918 3584 988; x_wconf 85' lang='lat' dir='ltr'><strong>spectaculum</strong></span> <span class='ocrx_word' id='word_1_89' title='bbox 3617 915 3987 985; x_wconf 55' lang='lat' dir='ltr'><strong>praesentibus</strong></span> 
     </span>
    </p>
   </div>
   <div class='ocr_carea' id='block_1_8' title="bbox 764 1003 3987 1076">
    <p class='ocr_par' dir='ltr' id='par_1_8' title="bbox 764 1003 3987 1076">
     <span class='ocr_line' id='line_1_8' title="bbox 764 1003 3987 1076; baseline -0.003 -13"><span class='ocrx_word' id='word_1_90' title='bbox 764 1011 915 1072; x_wconf 86' lang='lat' dir='ltr'><strong>dato,</strong></span> <span class='ocrx_word' id='word_1_91' title='bbox 950 1010 1260 1063; x_wconf 83' lang='lat' dir='ltr'><strong>videntibus</strong></span> <span class='ocrx_word' id='word_1_92' title='bbox 1293 1009 1531 1070; x_wconf 88' lang='lat' dir='ltr'><strong>cunctis,</strong></span> <span class='ocrx_word' id='word_1_93' title='bbox 1559 1009 1873 1072; x_wconf 86' lang='lat' dir='ltr'><strong>&#39;l‘heodora,</strong></span> <span class='ocrx_word' id='word_1_94' title='bbox 1901 1024 2019 1076; x_wconf 67' lang='lat' dir='ltr'><strong>quae</strong></span> <span class='ocrx_word' id='word_1_95' title='bbox 2048 1008 2159 1075; x_wconf 93' lang='lat' dir='ltr'><strong>jam</strong></span> <span class='ocrx_word' id='word_1_96' title='bbox 2190 1009 2281 1060; x_wconf 90' lang='lat' dir='ltr'><strong>diu</strong></span> <span class='ocrx_word' id='word_1_97' title='bbox 2326 1007 2378 1060; x_wconf 91' lang='lat' dir='ltr'><strong>in</strong></span> <span class='ocrx_word' id='word_1_98' title='bbox 2409 1006 2619 1060; x_wconf 90' lang='lat' dir='ltr'><strong>tumulo</strong></span> <span class='ocrx_word' id='word_1_99' title='bbox 2646 1007 2918 1075; x_wconf 82' lang='lat' dir='ltr'><strong>jacuerat,</strong></span> <span class='ocrx_word' id='word_1_100' title='bbox 2945 1023 3063 1061; x_wconf 71' lang='lat' dir='ltr'><strong>sese</strong></span> <span class='ocrx_word' id='word_1_101' title='bbox 3099 1008 3149 1060; x_wconf 90' lang='lat' dir='ltr'><strong>in</strong></span> <span class='ocrx_word' id='word_1_102' title='bbox 3176 1014 3385 1061; x_wconf 93' lang='lat' dir='ltr'><strong>arctum</strong></span> <span class='ocrx_word' id='word_1_103' title='bbox 3414 1003 3707 1066; x_wconf 85' lang='lat' dir='ltr'><strong>contraxit,</strong></span> <span class='ocrx_word' id='word_1_104' title='bbox 3737 1013 3987 1070; x_wconf 88' lang='lat' dir='ltr'><strong>tanquam</strong></span> 
     </span>
    </p>
   </div>
   <div class='ocr_carea' id='block_1_9' title="bbox 764 1089 3986 1164">
    <p class='ocr_par' dir='ltr' id='par_1_9' title="bbox 764 1089 3986 1164">
     <span class='ocr_line' id='line_1_9' title="bbox 764 1089 3986 1164; baseline -0.003 -17"><span class='ocrx_word' id='word_1_105' title='bbox 764 1101 909 1157; x_wconf 76' lang='lat' dir='ltr'><strong>viva,</strong></span> <span class='ocrx_word' id='word_1_106' title='bbox 936 1097 1091 1149; x_wconf 84' lang='lat' dir='ltr'><strong>Matri</strong></span> <span class='ocrx_word' id='word_1_107' title='bbox 1114 1112 1227 1149; x_wconf 61' lang='lat' dir='ltr'><strong>suae</strong></span> <span class='ocrx_word' id='word_1_108' title='bbox 1252 1096 1516 1164; x_wconf 63' lang='lat' dir='ltr'><strong>religiosae</strong></span> <span class='ocrx_word' id='word_1_109' title='bbox 1539 1095 1718 1148; x_wconf 91' lang='lat' dir='ltr'><strong>locum</strong></span> <span class='ocrx_word' id='word_1_110' title='bbox 1750 1093 1967 1158; x_wconf 86' lang='lat' dir='ltr'><strong>datura,</strong></span> <span class='ocrx_word' id='word_1_111' title='bbox 2005 1094 2374 1163; x_wconf 84' lang='lat' dir='ltr'><strong>honoremque</strong></span> <span class='ocrx_word' id='word_1_112' title='bbox 2406 1093 2645 1147; x_wconf 73' lang='lat' dir='ltr'><strong>debitum</strong></span> <span class='ocrx_word' id='word_1_113' title='bbox 2680 1095 3011 1147; x_wconf 83' lang='lat' dir='ltr'><strong>exhibitura.</strong></span> <span class='ocrx_word' id='word_1_114' title='bbox 3044 1092 3200 1157; x_wconf 87' lang='lat' dir='ltr'><strong>Quod</strong></span> <span class='ocrx_word' id='word_1_115' title='bbox 3230 1093 3324 1146; x_wconf 91' lang='lat' dir='ltr'><strong>ubi</strong></span> <span class='ocrx_word' id='word_1_116' title='bbox 3348 1107 3563 1156; x_wconf 86' lang='lat' dir='ltr'><strong>omnes,</strong></span> <span class='ocrx_word' id='word_1_117' title='bbox 3603 1091 3695 1155; x_wconf 86' lang='lat' dir='ltr'><strong>qui</strong></span> <span class='ocrx_word' id='word_1_118' title='bbox 3739 1089 3986 1151; x_wconf 86' lang='lat' dir='ltr'><strong>aderant,</strong></span> 
     </span>
    </p>
   </div>
   <div class='ocr_carea' id='block_1_10' title="bbox 764 1178 3989 1253">
    <p class='ocr_par' dir='ltr' id='par_1_10' title="bbox 764 1178 3989 1253">
     <span class='ocr_line' id='line_1_10' title="bbox 764 1178 3989 1253; baseline -0.001 -17"><span class='ocrx_word' id='word_1_119' title='bbox 764 1184 1124 1253; x_wconf 71' lang='lat' dir='ltr'><strong>spectabant,</strong></span> <span class='ocrx_word' id='word_1_120' title='bbox 1161 1185 1379 1237; x_wconf 88' lang='lat' dir='ltr'><strong>attoniti</strong></span> <span class='ocrx_word' id='word_1_121' title='bbox 1423 1182 1804 1236; x_wconf 76' lang='lat' dir='ltr'><strong>exclamabant</strong></span> <span class='ocrx_word' id='word_1_122' title='bbox 1848 1183 2089 1235; x_wconf 77' lang='lat' dir='ltr'><strong>solemne</strong></span> <span class='ocrx_word' id='word_1_123' title='bbox 2148 1182 2301 1244; x_wconf 87' lang='lat' dir='ltr'><strong>illud,</strong></span> <span class='ocrx_word' id='word_1_124' title='bbox 2340 1181 2502 1252; x_wconf 80' lang='lat' dir='ltr'><strong>Kyrie</strong></span> <span class='ocrx_word' id='word_1_125' title='bbox 2535 1184 2731 1239; x_wconf 80' lang='lat' dir='ltr'><strong>eleison</strong></span> <span class='ocrx_word' id='word_1_126' title='bbox 2759 1223 2773 1245; x_wconf 87' lang='lat'><em>.</em></span> <span class='ocrx_word' id='word_1_127' title='bbox 2812 1184 3049 1249; x_wconf 84' lang='lat' dir='ltr'><strong>Domine,</strong></span> <span class='ocrx_word' id='word_1_128' title='bbox 3082 1185 3350 1237; x_wconf 72' lang='lat' dir='ltr'><strong>miserere.</strong></span> <span class='ocrx_word' id='word_1_129' title='bbox 3381 1184 3426 1237; x_wconf 79' lang='grc' dir='ltr'><strong>Δ</strong></span> <span class='ocrx_word' id='word_1_130' title='bbox 3456 1198 3567 1253; x_wconf 89' lang='lat' dir='ltr'><strong>quo</strong></span> <span class='ocrx_word' id='word_1_131' title='bbox 3597 1191 3841 1249; x_wconf 85' lang='lat' dir='ltr'><strong>tempore</strong></span> <span class='ocrx_word' id='word_1_132' title='bbox 3884 1178 3989 1231; x_wconf 81' lang='lat' dir='ltr'><strong>huc</strong></span> 
     </span>
    </p>
   </div>
   <div class='ocr_carea' id='block_1_11' title="bbox 767 1266 3986 1340">
    <p class='ocr_par' dir='ltr' id='par_1_11' title="bbox 767 1266 3986 1340">
     <span class='ocr_line' id='line_1_11' title="bbox 767 1266 3986 1340; baseline -0.001 -16"><span class='ocrx_word' id='word_1_133' title='bbox 767 1288 939 1340; x_wconf 90' lang='lat' dir='ltr'><strong>usque</strong></span> <span class='ocrx_word' id='word_1_134' title='bbox 968 1272 1137 1325; x_wconf 87' lang='lat' dir='ltr'><strong>multa</strong></span> <span class='ocrx_word' id='word_1_135' title='bbox 1173 1271 1315 1325; x_wconf 86' lang='lat' dir='ltr'><strong>Deus</strong></span> <span class='ocrx_word' id='word_1_136' title='bbox 1352 1286 1446 1338; x_wconf 87' lang='lat' dir='ltr'><strong>per</strong></span> <span class='ocrx_word' id='word_1_137' title='bbox 1473 1271 1611 1323; x_wconf 83' lang='lat' dir='ltr'><strong>hanc</strong></span> <span class='ocrx_word' id='word_1_138' title='bbox 1636 1282 1880 1323; x_wconf 84' lang='lat' dir='ltr'><strong>sanctam</strong></span> <span class='ocrx_word' id='word_1_139' title='bbox 1918 1269 2259 1322; x_wconf 75' lang='lat' dir='ltr'><strong>Theodoram</strong></span> <span class='ocrx_word' id='word_1_140' title='bbox 2295 1271 2558 1325; x_wconf 85' lang='lat' dir='ltr'><strong>miracula</strong></span> <span class='ocrx_word' id='word_1_141' title='bbox 2600 1275 2869 1340; x_wconf 81' lang='lat' dir='ltr'><strong>batravit:</strong></span> <span class='ocrx_word' id='word_1_142' title='bbox 2905 1288 3030 1325; x_wconf 88' lang='lat' dir='ltr'><strong>nam</strong></span> <span class='ocrx_word' id='word_1_143' title='bbox 3068 1281 3123 1326; x_wconf 91' lang='lat' dir='ltr'><strong>et</strong></span> <span class='ocrx_word' id='word_1_144' title='bbox 3152 1272 3395 1326; x_wconf 86' lang='lat' dir='ltr'><strong>insessos</strong></span> <span class='ocrx_word' id='word_1_145' title='bbox 3419 1284 3448 1324; x_wconf 88' lang='lat' dir='ltr'><strong>a</strong></span> <span class='ocrx_word' id='word_1_146' title='bbox 3481 1268 3822 1324; x_wconf 72' lang='lat' dir='ltr'><strong>daemonibus</strong></span> <span class='ocrx_word' id='word_1_147' title='bbox 3851 1266 3986 1321; x_wconf 85' lang='lat' dir='ltr'><strong>libe-</strong></span> 
     </span>
    </p>
   </div>
   <div class='ocr_carea' id='block_1_12' title="bbox 766 1356 3001 1424">
    <p class='ocr_par' dir='ltr' id='par_1_12' title="bbox 766 1356 3001 1424">
     <span class='ocr_line' id='line_1_12' title="bbox 766 1356 3001 1424; baseline 0 -13"><span class='ocrx_word' id='word_1_148' title='bbox 766 1361 927 1423; x_wconf 86' lang='lat' dir='ltr'><strong>ravil,</strong></span> <span class='ocrx_word' id='word_1_149' title='bbox 960 1369 1013 1412; x_wconf 91' lang='lat' dir='ltr'><strong>et</strong></span> <span class='ocrx_word' id='word_1_150' title='bbox 1036 1367 1223 1424; x_wconf 88' lang='lat' dir='ltr'><strong>captos</strong></span> <span class='ocrx_word' id='word_1_151' title='bbox 1260 1358 1433 1410; x_wconf 90' lang='lat' dir='ltr'><strong>oculis</strong></span> <span class='ocrx_word' id='word_1_152' title='bbox 1462 1358 1526 1408; x_wconf 89' lang='lat' dir='ltr'><strong>ad</strong></span> <span class='ocrx_word' id='word_1_153' title='bbox 1565 1356 1746 1409; x_wconf 89' lang='lat' dir='ltr'><strong>lumen</strong></span> <span class='ocrx_word' id='word_1_154' title='bbox 1779 1357 2015 1420; x_wconf 86' lang='lat' dir='ltr'><strong>reduxit,</strong></span> <span class='ocrx_word' id='word_1_155' title='bbox 2050 1369 2103 1409; x_wconf 86' lang='lat' dir='ltr'><strong>et</strong></span> <span class='ocrx_word' id='word_1_156' title='bbox 2136 1372 2307 1423; x_wconf 60' lang='grc' dir='ltr'><strong>έναι-οε</strong></span> <span class='ocrx_word' id='word_1_157' title='bbox 2337 1356 2658 1412; x_wconf 87' lang='lat' dir='ltr'><strong>innumeros</strong></span> <span class='ocrx_word' id='word_1_158' title='bbox 2690 1360 2927 1414; x_wconf 84' lang='lat' dir='ltr'><strong>sanavit.</strong></span> <span class='ocrx_word' id='word_1_159' title='bbox 2982 1379 3001 1411; x_wconf 73' lang='grc' dir='ltr'><strong>ι</strong></span> 
     </span>
    </p>
   </div>
   <div class='ocr_carea' id='block_1_13' title="bbox 836 1442 3988 1515">
    <p class='ocr_par' dir='ltr' id='par_1_13' title="bbox 836 1442 3988 1515">
     <span class='ocr_line' id='line_1_13' title="bbox 836 1442 3988 1515; baseline -0.002 -18"><span class='ocrx_word' id='word_1_160' title='bbox 836 1448 888 1497; x_wconf 78' lang='grc'><strong>5.</strong></span> <span class='ocrx_word' id='word_1_161' title='bbox 923 1444 1046 1497; x_wconf 80' lang='lat' dir='ltr'><strong>ll:ec</strong></span> <span class='ocrx_word' id='word_1_162' title='bbox 1078 1444 1315 1505; x_wconf 72' lang='lat' dir='ltr'><strong>Meoma,</strong></span> <span class='ocrx_word' id='word_1_163' title='bbox 1363 1459 1428 1495; x_wconf 81' lang='lat' dir='ltr'><strong>cx</strong></span> <span class='ocrx_word' id='word_1_164' title='bbox 1468 1443 1669 1510; x_wconf 89' lang='lat' dir='ltr'><strong>quibus</strong></span> <span class='ocrx_word' id='word_1_165' title='bbox 1713 1445 1955 1496; x_wconf 85' lang='lat' dir='ltr'><strong>eamdem</strong></span> <span class='ocrx_word' id='word_1_166' title='bbox 2008 1445 2377 1496; x_wconf 84' lang='lat' dir='ltr'><strong>narrationem</strong></span> <span class='ocrx_word' id='word_1_167' title='bbox 2424 1446 2595 1499; x_wconf 88' lang='lat' dir='ltr'><strong>edidit</strong></span> <span class='ocrx_word' id='word_1_168' title='bbox 2645 1446 2915 1501; x_wconf 79' lang='lat' dir='ltr'><strong>Maximus</strong></span> <span class='ocrx_word' id='word_1_169' title='bbox 2964 1448 3253 1515; x_wconf 90' lang='lat' dir='ltr'><strong>episcopus</strong></span> <span class='ocrx_word' id='word_1_170' title='bbox 3300 1445 3699 1514; x_wconf 88' lang='lat' dir='ltr'><strong>Cytherorum,</strong></span> <span class='ocrx_word' id='word_1_171' title='bbox 3732 1445 3791 1495; x_wconf 74' lang='grc' dir='ltr'><strong>ὲν</strong></span> <span class='ocrx_word' id='word_1_172' title='bbox 3852 1442 3988 1509; x_wconf 85' lang='grc' dir='ltr'><strong>βίοις</strong></span> 
     </span>
    </p>
   </div>
   <div class='ocr_carea' id='block_1_14' title="bbox 770 1528 3987 1603">
    <p class='ocr_par' dir='ltr' id='par_1_14' title="bbox 770 1528 3987 1603">
     <span class='ocr_line' id='line_1_14' title="bbox 770 1528 3987 1603; baseline -0.002 -14"><span class='ocrx_word' id='word_1_173' title='bbox 770 1536 943 1601; x_wconf 80' lang='grc' dir='ltr'>ἁγίων</span> <span class='ocrx_word' id='word_1_174' title='bbox 976 1534 1175 1602; x_wconf 59' lang='lat' dir='ltr'><strong>saepius</strong></span> <span class='ocrx_word' id='word_1_175' title='bbox 1208 1534 1448 1586; x_wconf 78' lang='lat' dir='ltr'><strong>excusis.</strong></span> <span class='ocrx_word' id='word_1_176' title='bbox 1480 1531 1738 1586; x_wconf 85' lang='lat' dir='ltr'><strong>Dedimus</strong></span> <span class='ocrx_word' id='word_1_177' title='bbox 1781 1530 2038 1585; x_wconf 80' lang='lat' dir='ltr'><strong>Kalendis</strong></span> <span class='ocrx_word' id='word_1_178' title='bbox 2069 1530 2349 1585; x_wconf 85' lang='lat' dir='ltr'><strong>Februarii</strong></span> <span class='ocrx_word' id='word_1_179' title='bbox 2383 1531 2561 1585; x_wconf 83' lang='lat' dir='ltr'><strong>Vitam</strong></span> <span class='ocrx_word' id='word_1_180' title='bbox 2595 1532 2654 1585; x_wconf 91' lang='lat' dir='ltr'><strong>S.</strong></span> <span class='ocrx_word' id='word_1_181' title='bbox 2691 1532 2876 1586; x_wconf 88' lang='lat' dir='ltr'><strong>Severi</strong></span> <span class='ocrx_word' id='word_1_182' title='bbox 2907 1534 3147 1603; x_wconf 83' lang='lat' dir='ltr'><strong>episcopi</strong></span> <span class='ocrx_word' id='word_1_183' title='bbox 3182 1533 3537 1594; x_wconf 73' lang='lat' dir='ltr'><strong>Ravennatis,</strong></span> <span class='ocrx_word' id='word_1_184' title='bbox 3577 1532 3695 1601; x_wconf 87' lang='lat' dir='ltr'><strong>qui,</strong></span> <span class='ocrx_word' id='word_1_185' title='bbox 3734 1540 3792 1584; x_wconf 92' lang='lat' dir='ltr'><strong>ut</strong></span> <span class='ocrx_word' id='word_1_186' title='bbox 3816 1528 3987 1582; x_wconf 87' lang='lat' dir='ltr'><strong>tradi-</strong></span> 
     </span>
    </p>
   </div>
   <div class='ocr_carea' id='block_1_15' title="bbox 767 1619 3989 1689">
    <p class='ocr_par' dir='ltr' id='par_1_15' title="bbox 767 1619 3989 1689">
     <span class='ocr_line' id='line_1_15' title="bbox 767 1619 3989 1689; baseline -0.002 -14"><span class='ocrx_word' id='word_1_187' title='bbox 767 1634 853 1676; x_wconf 88' lang='lat' dir='ltr'><strong>tur</strong></span> <span class='ocrx_word' id='word_1_188' title='bbox 887 1638 943 1674; x_wconf 90' lang='grc' dir='ltr'>ιι.</span> <span class='ocrx_word' id='word_1_189' title='bbox 967 1621 1056 1684; x_wconf 74' lang='lat'><strong>23,</strong></span> <span class='ocrx_word' id='word_1_190' title='bbox 1097 1640 1114 1670; x_wconf 84' lang='grc' dir='ltr'><strong>ι</strong></span> <span class='ocrx_word' id='word_1_191' title='bbox 1158 1620 1490 1686; x_wconf 86' lang='lat' dir='ltr'><strong>corpusculo</strong></span> <span class='ocrx_word' id='word_1_192' title='bbox 1523 1619 1795 1671; x_wconf 73' lang='lat' dir='ltr'><strong>defunctze</strong></span> <span class='ocrx_word' id='word_1_193' title='bbox 1828 1621 1987 1687; x_wconf 71' lang='lat' dir='ltr'><strong>longe</strong></span> <span class='ocrx_word' id='word_1_194' title='bbox 2020 1630 2144 1672; x_wconf 90' lang='lat' dir='ltr'><strong>ante</strong></span> <span class='ocrx_word' id='word_1_195' title='bbox 2165 1619 2419 1687; x_wconf 81' lang='lat' dir='ltr'><strong>conjugis</strong></span> <span class='ocrx_word' id='word_1_196' title='bbox 2450 1634 2565 1671; x_wconf 74' lang='lat' dir='ltr'><strong>suae</strong></span> <span class='ocrx_word' id='word_1_197' title='bbox 2588 1619 2776 1687; x_wconf 84' lang='lat' dir='ltr'><strong>jussit,</strong></span> <span class='ocrx_word' id='word_1_198' title='bbox 2808 1628 3079 1689; x_wconf 83' lang='lat' dir='ltr'><strong>quatenus</strong></span> <span class='ocrx_word' id='word_1_199' title='bbox 3105 1637 3163 1674; x_wconf 89' lang='lat' dir='ltr'><strong>se</strong></span> <span class='ocrx_word' id='word_1_200' title='bbox 3188 1623 3335 1673; x_wconf 87' lang='lat' dir='ltr'><strong>dictu</strong></span> <span class='ocrx_word' id='word_1_201' title='bbox 3366 1621 3531 1673; x_wconf 91' lang='lat' dir='ltr'><strong>citius</strong></span> <span class='ocrx_word' id='word_1_202' title='bbox 3564 1621 3617 1672; x_wconf 91' lang='lat' dir='ltr'><strong>in</strong></span> <span class='ocrx_word' id='word_1_203' title='bbox 3648 1620 3789 1672; x_wconf 90' lang='lat' dir='ltr'><strong>latus</strong></span> <span class='ocrx_word' id='word_1_204' title='bbox 3823 1619 3989 1671; x_wconf 85' lang='lat' dir='ltr'><strong>decli-</strong></span> 
     </span>
    </p>
   </div>
   <div class='ocr_carea' id='block_1_16' title="bbox 764 1706 3988 1778">
    <p class='ocr_par' dir='ltr' id='par_1_16' title="bbox 764 1706 3988 1778">
     <span class='ocr_line' id='line_1_16' title="bbox 764 1706 3988 1778; baseline -0.002 -15"><span class='ocrx_word' id='word_1_205' title='bbox 764 1719 941 1772; x_wconf 87' lang='lat' dir='ltr'><strong>naret,</strong></span> <span class='ocrx_word' id='word_1_206' title='bbox 972 1716 1025 1761; x_wconf 89' lang='lat' dir='ltr'><strong>ct</strong></span> <span class='ocrx_word' id='word_1_207' title='bbox 1057 1708 1178 1759; x_wconf 68' lang='lat' dir='ltr'><strong>filim</strong></span> <span class='ocrx_word' id='word_1_208' title='bbox 1211 1707 1443 1773; x_wconf 88' lang='lat' dir='ltr'><strong>spatium</strong></span> <span class='ocrx_word' id='word_1_209' title='bbox 1474 1706 1773 1775; x_wconf 73' lang='lat' dir='ltr'><strong>sepeliendi</strong></span> <span class='ocrx_word' id='word_1_210' title='bbox 1817 1707 2099 1774; x_wconf 61' lang='lat' dir='ltr'><strong>praeberet,</strong></span> <span class='ocrx_word' id='word_1_211' title='bbox 2150 1725 2168 1757; x_wconf 77' lang='grc' dir='ltr'><strong>ι</strong></span> <span class='ocrx_word' id='word_1_212' title='bbox 2198 1706 2343 1774; x_wconf 91' lang='lat' dir='ltr'><strong>quod</strong></span> <span class='ocrx_word' id='word_1_213' title='bbox 2376 1717 2429 1760; x_wconf 89' lang='lat' dir='ltr'><strong>et</strong></span> <span class='ocrx_word' id='word_1_214' title='bbox 2465 1706 2666 1761; x_wconf 89' lang='lat' dir='ltr'><strong>factum</strong></span> <span class='ocrx_word' id='word_1_215' title='bbox 2701 1718 2806 1764; x_wconf 89' lang='lat' dir='ltr'><strong>est.</strong></span> <span class='ocrx_word' id='word_1_216' title='bbox 2856 1707 3065 1762; x_wconf 88' lang='lat' dir='ltr'><strong>Similia</strong></span> <span class='ocrx_word' id='word_1_217' title='bbox 3139 1709 3293 1777; x_wconf 87' lang='lat' dir='ltr'><strong>plura</strong></span> <span class='ocrx_word' id='word_1_218' title='bbox 3325 1710 3393 1775; x_wconf 57' lang='lat' dir='ltr'><strong>lin</strong></span> <span class='ocrx_word' id='word_1_219' title='bbox 3442 1710 3545 1763; x_wconf 90' lang='lat' dir='ltr'><strong>hoc</strong></span> <span class='ocrx_word' id='word_1_220' title='bbox 3591 1724 3752 1778; x_wconf 78' lang='lat' dir='ltr'><strong>opere</strong></span> <span class='ocrx_word' id='word_1_221' title='bbox 3802 1716 3988 1760; x_wconf 82' lang='lat' dir='ltr'><strong>nostro</strong></span> 
     </span>
    </p>
   </div>
   <div class='ocr_carea' id='block_1_17' title="bbox 767 1792 3986 1864">
    <p class='ocr_par' dir='ltr' id='par_1_17' title="bbox 767 1792 3986 1864">
     <span class='ocr_line' id='line_1_17' title="bbox 767 1792 3986 1864; baseline -0.001 -13"><span class='ocrx_word' id='word_1_222' title='bbox 767 1805 1087 1851; x_wconf 82' lang='lat' dir='ltr'><strong>occurrunt.</strong></span> <span class='ocrx_word' id='word_1_223' title='bbox 1116 1794 1335 1847; x_wconf 77' lang='lat' dir='ltr'><strong>Plenam</strong></span> <span class='ocrx_word' id='word_1_224' title='bbox 1374 1795 1440 1847; x_wconf 84' lang='lat' dir='ltr'><strong>de</strong></span> <span class='ocrx_word' id='word_1_225' title='bbox 1486 1794 1589 1846; x_wconf 80' lang='lat' dir='ltr'><strong>vita</strong></span> <span class='ocrx_word' id='word_1_226' title='bbox 1626 1794 1787 1861; x_wconf 84' lang='lat' dir='ltr'><strong>hujus</strong></span> <span class='ocrx_word' id='word_1_227' title='bbox 1816 1793 1874 1847; x_wconf 83' lang='lat' dir='ltr'><strong>S.</strong></span> <span class='ocrx_word' id='word_1_228' title='bbox 1903 1792 2204 1847; x_wconf 70' lang='lat' dir='ltr'><strong>Tbcodora:</strong></span> <span class='ocrx_word' id='word_1_229' title='bbox 2234 1794 2516 1848; x_wconf 72' lang='lat' dir='ltr'><strong>historiam</strong></span> <span class='ocrx_word' id='word_1_230' title='bbox 2547 1795 2843 1863; x_wconf 83' lang='lat' dir='ltr'><strong>aliquando</strong></span> <span class='ocrx_word' id='word_1_231' title='bbox 2872 1796 3172 1859; x_wconf 80' lang='lat' dir='ltr'><strong>exstitisse,</strong></span> <span class='ocrx_word' id='word_1_232' title='bbox 3206 1798 3339 1851; x_wconf 87' lang='lat' dir='ltr'><strong>satis</strong></span> <span class='ocrx_word' id='word_1_233' title='bbox 3378 1797 3567 1864; x_wconf 79' lang='lat' dir='ltr'><strong>utique</strong></span> <span class='ocrx_word' id='word_1_234' title='bbox 3594 1806 3677 1851; x_wconf 88' lang='lat' dir='ltr'><strong>est</strong></span> <span class='ocrx_word' id='word_1_235' title='bbox 3706 1792 3986 1848; x_wconf 86' lang='lat' dir='ltr'><strong>credibile:</strong></span> 
     </span>
    </p>
   </div>
   <div class='ocr_carea' id='block_1_18' title="bbox 768 1882 3987 1954">
    <p class='ocr_par' dir='ltr' id='par_1_18' title="bbox 768 1882 3987 1954">
     <span class='ocr_line' id='line_1_18' title="bbox 768 1882 3987 1954; baseline -0.002 -14"><span class='ocrx_word' id='word_1_236' title='bbox 768 1886 864 1941; x_wconf 88' lang='lat' dir='ltr'><strong>sed</strong></span> <span class='ocrx_word' id='word_1_237' title='bbox 908 1886 1028 1953; x_wconf 81' lang='lat' dir='ltr'><strong>ejus</strong></span> <span class='ocrx_word' id='word_1_238' title='bbox 1055 1886 1263 1937; x_wconf 91' lang='lat' dir='ltr'><strong>nullum</strong></span> <span class='ocrx_word' id='word_1_239' title='bbox 1309 1885 1573 1937; x_wconf 82' lang='lat' dir='ltr'><strong>hactenus</strong></span> <span class='ocrx_word' id='word_1_240' title='bbox 1613 1883 1873 1937; x_wconf 86' lang='lat' dir='ltr'><strong>indicium</strong></span> <span class='ocrx_word' id='word_1_241' title='bbox 1910 1882 2234 1948; x_wconf 87' lang='lat' dir='ltr'><strong>reperimus.</strong></span> <span class='ocrx_word' id='word_1_242' title='bbox 2282 1882 2391 1936; x_wconf 87' lang='lat' dir='ltr'><strong>Leo</strong></span> <span class='ocrx_word' id='word_1_243' title='bbox 2424 1884 2654 1937; x_wconf 83' lang='lat' dir='ltr'><strong>Allatius</strong></span> <span class='ocrx_word' id='word_1_244' title='bbox 2694 1884 2748 1937; x_wconf 88' lang='lat' dir='ltr'><strong>in</strong></span> <span class='ocrx_word' id='word_1_245' title='bbox 2777 1900 2876 1938; x_wconf 86' lang='lat' dir='ltr'><strong>sua</strong></span> <span class='ocrx_word' id='word_1_246' title='bbox 2913 1886 2981 1940; x_wconf 89' lang='lat' dir='ltr'><strong>de</strong></span> <span class='ocrx_word' id='word_1_247' title='bbox 3016 1884 3335 1939; x_wconf 89' lang='lat' dir='ltr'><strong>Simeonum</strong></span> <span class='ocrx_word' id='word_1_248' title='bbox 3376 1884 3598 1954; x_wconf 87' lang='lat' dir='ltr'><strong>scriptis</strong></span> <span class='ocrx_word' id='word_1_249' title='bbox 3637 1883 3896 1946; x_wconf 77' lang='lat' dir='ltr'><strong>lliatriba,</strong></span> <span class='ocrx_word' id='word_1_250' title='bbox 3924 1897 3987 1933; x_wconf 84' lang='lat' dir='ltr'><strong>ea</strong></span> 
     </span>
    </p>
   </div>
   <div class='ocr_carea' id='block_1_19' title="bbox 765 1969 3987 2041">
    <p class='ocr_par' dir='ltr' id='par_1_19' title="bbox 765 1969 3987 2041">
     <span class='ocr_line' id='line_1_19' title="bbox 765 1969 3987 2041; baseline -0.001 -16"><span class='ocrx_word' id='word_1_251' title='bbox 765 1988 886 2041; x_wconf 75' lang='lat' dir='ltr'><strong>qua:</strong></span> <span class='ocrx_word' id='word_1_252' title='bbox 931 1986 1056 2022; x_wconf 74' lang='lat' dir='ltr'><strong>vere</strong></span> <span class='ocrx_word' id='word_1_253' title='bbox 1093 1970 1477 2037; x_wconf 80' lang='lat' dir='ltr'><strong>Mctaphrastis</strong></span> <span class='ocrx_word' id='word_1_254' title='bbox 1515 1981 1675 2030; x_wconf 86' lang='lat' dir='ltr'><strong>sunt.</strong></span> <span class='ocrx_word' id='word_1_255' title='bbox 1720 1969 1789 2022; x_wconf 89' lang='lat' dir='ltr'><strong>ab</strong></span> <span class='ocrx_word' id='word_1_256' title='bbox 1831 1970 1953 2023; x_wconf 88' lang='lat' dir='ltr'><strong>aliis</strong></span> <span class='ocrx_word' id='word_1_257' title='bbox 1990 1980 2264 2023; x_wconf 89' lang='lat' dir='ltr'><strong>certorum</strong></span> <span class='ocrx_word' id='word_1_258' title='bbox 2318 1972 2398 2023; x_wconf 89' lang='lat' dir='ltr'><strong>vel</strong></span> <span class='ocrx_word' id='word_1_259' title='bbox 2440 1974 2772 2026; x_wconf 89' lang='lat' dir='ltr'><strong>incertorum</strong></span> <span class='ocrx_word' id='word_1_260' title='bbox 2820 1982 3101 2027; x_wconf 91' lang='lat' dir='ltr'><strong>auctorum</strong></span> <span class='ocrx_word' id='word_1_261' title='bbox 3154 1973 3627 2027; x_wconf 78' lang='lat' dir='ltr'><strong>lucubrationibus</strong></span> <span class='ocrx_word' id='word_1_262' title='bbox 3672 1985 3987 2033; x_wconf 84' lang='lat' dir='ltr'><strong>secernens,</strong></span> 
     </span>
    </p>
   </div>
   <div class='ocr_carea' id='block_1_20' title="bbox 769 2056 3987 2131">
    <p class='ocr_par' dir='ltr' id='par_1_20' title="bbox 769 2056 3987 2131">
     <span class='ocr_line' id='line_1_20' title="bbox 769 2056 3987 2131; baseline -0.001 -21"><span class='ocrx_word' id='word_1_263' title='bbox 769 2075 893 2129; x_wconf 76' lang='lat' dir='ltr'><strong>pag.</strong></span> <span class='ocrx_word' id='word_1_264' title='bbox 931 2059 1022 2123; x_wconf 88' lang='lat'><strong>88,</strong></span> <span class='ocrx_word' id='word_1_265' title='bbox 1064 2060 1270 2125; x_wconf 85' lang='lat' dir='ltr'><strong>primus</strong></span> <span class='ocrx_word' id='word_1_266' title='bbox 1299 2073 1397 2110; x_wconf 89' lang='lat' dir='ltr'><strong>nos</strong></span> <span class='ocrx_word' id='word_1_267' title='bbox 1426 2058 1606 2110; x_wconf 80' lang='lat' dir='ltr'><strong>docuit</strong></span> <span class='ocrx_word' id='word_1_268' title='bbox 1641 2056 1916 2111; x_wconf 80' lang='lat' dir='ltr'><strong>Nicolaum</strong></span> <span class='ocrx_word' id='word_1_269' title='bbox 1959 2057 2299 2123; x_wconf 84' lang='lat' dir='ltr'><strong>Cabasilam,</strong></span> <span class='ocrx_word' id='word_1_270' title='bbox 2345 2059 2488 2113; x_wconf 89' lang='lat' dir='ltr'><strong>circa</strong></span> <span class='ocrx_word' id='word_1_271' title='bbox 2540 2075 2670 2114; x_wconf 90' lang='lat' dir='ltr'><strong>ann.</strong></span> <span class='ocrx_word' id='word_1_272' title='bbox 2717 2060 2853 2114; x_wconf 77' lang='lat' dir='ltr'><strong>I350</strong></span> <span class='ocrx_word' id='word_1_273' title='bbox 2913 2062 3385 2131; x_wconf 80' lang='lat' dir='ltr'><strong>archicpiseopum</strong></span> <span class='ocrx_word' id='word_1_274' title='bbox 3427 2060 3987 2120; x_wconf 69' lang='lat' dir='ltr'><strong>Thessalonicensem,</strong></span> 
     </span>
    </p>
   </div>
   <div class='ocr_carea' id='block_1_21' title="bbox 772 2144 3987 2217">
    <p class='ocr_par' dir='ltr' id='par_1_21' title="bbox 772 2144 3987 2217">
     <span class='ocr_line' id='line_1_21' title="bbox 772 2144 3987 2217; baseline -0.002 -17"><span class='ocrx_word' id='word_1_275' title='bbox 772 2148 993 2215; x_wconf 89' lang='lat' dir='ltr'><strong>aliquod</strong></span> <span class='ocrx_word' id='word_1_276' title='bbox 1040 2147 1286 2215; x_wconf 70' lang='lat' dir='ltr'><strong>ejusdem</strong></span> <span class='ocrx_word' id='word_1_277' title='bbox 1332 2157 1534 2198; x_wconf 76' lang='lat' dir='ltr'><strong>saneta:</strong></span> <span class='ocrx_word' id='word_1_278' title='bbox 1577 2145 1864 2211; x_wconf 85' lang='lat' dir='ltr'><strong>scripsisse</strong></span> <span class='ocrx_word' id='word_1_279' title='bbox 1903 2148 2250 2208; x_wconf 90' lang='lat' dir='ltr'><strong>encomium,</strong></span> <span class='ocrx_word' id='word_1_280' title='bbox 2282 2148 2427 2215; x_wconf 91' lang='lat' dir='ltr'><strong>quod</strong></span> <span class='ocrx_word' id='word_1_281' title='bbox 2470 2150 2673 2217; x_wconf 87' lang='lat' dir='ltr'><strong>ubique</strong></span> <span class='ocrx_word' id='word_1_282' title='bbox 2710 2160 3011 2217; x_wconf 64' lang='lat' dir='ltr'><strong>quaerentes</strong></span> <span class='ocrx_word' id='word_1_283' title='bbox 3052 2149 3270 2202; x_wconf 85' lang='lat' dir='ltr'><strong>tandem</strong></span> <span class='ocrx_word' id='word_1_284' title='bbox 3312 2148 3615 2217; x_wconf 83' lang='lat' dir='ltr'><strong>reperimus</strong></span> <span class='ocrx_word' id='word_1_285' title='bbox 3645 2146 3699 2200; x_wconf 82' lang='lat' dir='ltr'><strong>in</strong></span> <span class='ocrx_word' id='word_1_286' title='bbox 3741 2144 3987 2198; x_wconf 71' lang='lat' dir='ltr'><strong>Caesarea</strong></span> 
     </span>
    </p>
   </div>
   <div class='ocr_carea' id='block_1_22' title="bbox 766 2231 3991 2302">
    <p class='ocr_par' dir='ltr' id='par_1_22' title="bbox 766 2231 3991 2302">
     <span class='ocr_line' id='line_1_22' title="bbox 766 2231 3991 2302; baseline -0.001 -14"><span class='ocrx_word' id='word_1_287' title='bbox 766 2235 1063 2288; x_wconf 76' lang='lat' dir='ltr'><strong>Viennensi</strong></span> <span class='ocrx_word' id='word_1_288' title='bbox 1090 2232 1529 2297; x_wconf 69' lang='lat' dir='ltr'><strong>Bibliotheca,‘et</strong></span> <span class='ocrx_word' id='word_1_289' title='bbox 1553 2231 1735 2285; x_wconf 87' lang='lat' dir='ltr'><strong>favore</strong></span> <span class='ocrx_word' id='word_1_290' title='bbox 1768 2232 2126 2287; x_wconf 84' lang='lat' dir='ltr'><strong>eruditissimi</strong></span> <span class='ocrx_word' id='word_1_291' title='bbox 2155 2232 2427 2302; x_wconf 87' lang='lat' dir='ltr'><strong>nobisque</strong></span> <span class='ocrx_word' id='word_1_292' title='bbox 2458 2236 2777 2289; x_wconf 87' lang='lat' dir='ltr'><strong>amicissimi</strong></span> <span class='ocrx_word' id='word_1_293' title='bbox 2808 2235 2908 2288; x_wconf 92' lang='lat' dir='ltr'><strong>viri</strong></span> <span class='ocrx_word' id='word_1_294' title='bbox 2936 2235 3075 2290; x_wconf 81' lang='lat' dir='ltr'><strong>Petri</strong></span> <span class='ocrx_word' id='word_1_295' title='bbox 3103 2235 3402 2301; x_wconf 87' lang='lat' dir='ltr'><strong>Lambecii,</strong></span> <span class='ocrx_word' id='word_1_296' title='bbox 3430 2235 3606 2289; x_wconf 87' lang='lat' dir='ltr'><strong>eidem</strong></span> <span class='ocrx_word' id='word_1_297' title='bbox 3636 2232 3991 2287; x_wconf 61' lang='lat' dir='ltr'><strong>Bibliotheca</strong></span> 
     </span>
    </p>
   </div>
   <div class='ocr_carea' id='block_1_23' title="bbox 769 2319 3002 2389">
    <p class='ocr_par' dir='ltr' id='par_1_23' title="bbox 769 2319 3002 2389">
     <span class='ocr_line' id='line_1_23' title="bbox 769 2319 3002 2389; baseline 0.001 -12"><span class='ocrx_word' id='word_1_298' title='bbox 769 2338 915 2378; x_wconf 89' lang='lat' dir='ltr'><strong>nunc</strong></span> <span class='ocrx_word' id='word_1_299' title='bbox 939 2319 1202 2387; x_wconf 73' lang='lat' dir='ltr'><strong>praefecti,</strong></span> <span class='ocrx_word' id='word_1_300' title='bbox 1232 2319 1563 2387; x_wconf 90' lang='lat' dir='ltr'><strong>descriptum</strong></span> <span class='ocrx_word' id='word_1_301' title='bbox 1596 2319 1928 2387; x_wconf 85' lang='lat' dir='ltr'><strong>accepimus,</strong></span> <span class='ocrx_word' id='word_1_302' title='bbox 1958 2320 2119 2389; x_wconf 86' lang='lat' dir='ltr'><strong>idque</strong></span> <span class='ocrx_word' id='word_1_303' title='bbox 2152 2319 2342 2376; x_wconf 87' lang='lat' dir='ltr'><strong>Latine</strong></span> <span class='ocrx_word' id='word_1_304' title='bbox 2366 2322 2634 2376; x_wconf 90' lang='lat' dir='ltr'><strong>redditum</strong></span> <span class='ocrx_word' id='word_1_305' title='bbox 2671 2324 2758 2378; x_wconf 90' lang='lat' dir='ltr'><strong>hic</strong></span> <span class='ocrx_word' id='word_1_306' title='bbox 2787 2325 3002 2379; x_wconf 87' lang='lat' dir='ltr'><strong>damus.</strong></span> 
     </span>
    </p>
   </div>
   <div class='ocr_carea' id='block_1_24' title="bbox 844 2407 3990 2485">
    <p class='ocr_par' dir='ltr' id='par_1_24' title="bbox 844 2407 3990 2485">
     <span class='ocr_line' id='line_1_24' title="bbox 844 2407 3990 2485; baseline 0.002 -22"><span class='ocrx_word' id='word_1_307' title='bbox 844 2413 898 2463; x_wconf 75' lang='grc'>4.</span> <span class='ocrx_word' id='word_1_308' title='bbox 942 2410 1035 2461; x_wconf 79' lang='lat' dir='ltr'><strong>Est</strong></span> <span class='ocrx_word' id='word_1_309' title='bbox 1062 2407 1191 2459; x_wconf 88' lang='lat' dir='ltr'><strong>illml</strong></span> <span class='ocrx_word' id='word_1_310' title='bbox 1221 2407 1475 2474; x_wconf 89' lang='lat' dir='ltr'><strong>quidem,</strong></span> <span class='ocrx_word' id='word_1_311' title='bbox 1520 2421 1645 2459; x_wconf 90' lang='lat' dir='ltr'><strong>eum</strong></span> <span class='ocrx_word' id='word_1_312' title='bbox 1677 2408 2098 2475; x_wconf 73' lang='lat' dir='ltr'><strong>exaggeratioue</strong></span> <span class='ocrx_word' id='word_1_313' title='bbox 2146 2408 2311 2462; x_wconf 89' lang='lat' dir='ltr'><strong>multa</strong></span> <span class='ocrx_word' id='word_1_314' title='bbox 2365 2420 2418 2463; x_wconf 90' lang='lat' dir='ltr'><strong>et</strong></span> <span class='ocrx_word' id='word_1_315' title='bbox 2463 2410 2732 2466; x_wconf 63' lang='lat' dir='ltr'><strong>facundiae</strong></span> <span class='ocrx_word' id='word_1_316' title='bbox 2771 2414 3062 2468; x_wconf 64' lang='lat' dir='ltr'><strong>rhetorica:</strong></span> <span class='ocrx_word' id='word_1_317' title='bbox 3104 2414 3449 2469; x_wconf 73' lang='lat' dir='ltr'><strong>alit-elatione</strong></span> <span class='ocrx_word' id='word_1_318' title='bbox 3481 2421 3777 2485; x_wconf 87' lang='lat' dir='ltr'><strong>scriptum,</strong></span> <span class='ocrx_word' id='word_1_319' title='bbox 3810 2416 3990 2470; x_wconf 82' lang='lat' dir='ltr'><strong>verbis</strong></span> 
     </span>
    </p>
   </div>
   <div class='ocr_carea' id='block_1_25' title="bbox 773 2494 3987 2568">
    <p class='ocr_par' dir='ltr' id='par_1_25' title="bbox 773 2494 3987 2568">
     <span class='ocr_line' id='line_1_25' title="bbox 773 2494 3987 2568; baseline 0.001 -19"><span class='ocrx_word' id='word_1_320' title='bbox 773 2513 935 2564; x_wconf 88' lang='lat' dir='ltr'><strong>quam</strong></span> <span class='ocrx_word' id='word_1_321' title='bbox 988 2496 1150 2547; x_wconf 84' lang='lat' dir='ltr'><strong>rcbus</strong></span> <span class='ocrx_word' id='word_1_322' title='bbox 1186 2494 1502 2558; x_wconf 86' lang='lat' dir='ltr'><strong>copiosius:</strong></span> <span class='ocrx_word' id='word_1_323' title='bbox 1544 2495 1713 2547; x_wconf 90' lang='lat' dir='ltr'><strong>multa</strong></span> <span class='ocrx_word' id='word_1_324' title='bbox 1755 2506 1933 2547; x_wconf 84' lang='lat' dir='ltr'><strong>tamen</strong></span> <span class='ocrx_word' id='word_1_325' title='bbox 1984 2512 2084 2549; x_wconf 93' lang='lat' dir='ltr'><strong>nos</strong></span> <span class='ocrx_word' id='word_1_326' title='bbox 2126 2497 2311 2548; x_wconf 83' lang='lat' dir='ltr'><strong>d0cuit</strong></span> <span class='ocrx_word' id='word_1_327' title='bbox 2350 2496 2417 2549; x_wconf 88' lang='lat' dir='ltr'><strong>ad</strong></span> <span class='ocrx_word' id='word_1_328' title='bbox 2467 2496 2749 2548; x_wconf 70' lang='lat' dir='ltr'><strong>historiam</strong></span> <span class='ocrx_word' id='word_1_329' title='bbox 2785 2497 3109 2565; x_wconf 81' lang='lat' dir='ltr'><strong>pertinentia</strong></span> <span class='ocrx_word' id='word_1_330' title='bbox 3134 2539 3147 2559; x_wconf 86' lang='lat'><em>.</em></span> <span class='ocrx_word' id='word_1_331' title='bbox 3198 2500 3425 2567; x_wconf 88' lang='lat' dir='ltr'><strong>patriam</strong></span> <span class='ocrx_word' id='word_1_332' title='bbox 3457 2500 3663 2553; x_wconf 88' lang='lat' dir='ltr'><strong>scilicet</strong></span> <span class='ocrx_word' id='word_1_333' title='bbox 3702 2498 3987 2568; x_wconf 66' lang='lat' dir='ltr'><strong>Eginam;</strong></span> 
     </span>
    </p>
   </div>
   <div class='ocr_carea' id='block_1_26' title="bbox 774 2580 3988 2657">
    <p class='ocr_par' dir='ltr' id='par_1_26' title="bbox 774 2580 3988 2657">
     <span class='ocr_line' id='line_1_26' title="bbox 774 2580 3988 2657; baseline 0.001 -20"><span class='ocrx_word' id='word_1_334' title='bbox 774 2585 1068 2637; x_wconf 78' lang='lat' dir='ltr'><strong>Antonium</strong></span> <span class='ocrx_word' id='word_1_335' title='bbox 1110 2588 1272 2648; x_wconf 81' lang='lat' dir='ltr'><strong>atque</strong></span> <span class='ocrx_word' id='word_1_336' title='bbox 1314 2580 1711 2650; x_wconf 79' lang='lat' dir='ltr'><strong>Chrysantham</strong></span> <span class='ocrx_word' id='word_1_337' title='bbox 1752 2592 2023 2650; x_wconf 86' lang='lat' dir='ltr'><strong>parentes,</strong></span> <span class='ocrx_word' id='word_1_338' title='bbox 2046 2598 2276 2651; x_wconf 89' lang='lat' dir='ltr'><strong>quorum</strong></span> <span class='ocrx_word' id='word_1_339' title='bbox 2314 2586 2676 2637; x_wconf 71' lang='lat' dir='ltr'><strong>consmiitiam</strong></span> <span class='ocrx_word' id='word_1_340' title='bbox 2735 2585 2959 2639; x_wconf 70' lang='lat' dir='ltr'><strong>INBI&#39;CSlS</strong></span> <span class='ocrx_word' id='word_1_341' title='bbox 3006 2585 3301 2640; x_wconf 84' lang='lat' dir='ltr'><strong>Ecclesiam</strong></span> <span class='ocrx_word' id='word_1_342' title='bbox 3360 2586 3663 2641; x_wconf 85' lang='lat' dir='ltr'><strong>obscurans</strong></span> <span class='ocrx_word' id='word_1_343' title='bbox 3711 2587 3988 2657; x_wconf 84' lang='lat' dir='ltr'><strong>probarit;</strong></span> 
     </span>
    </p>
   </div>
   <div class='ocr_carea' id='block_1_27' title="bbox 770 2666 3989 2745">
    <p class='ocr_par' dir='ltr' id='par_1_27' title="bbox 770 2666 3989 2745">
     <span class='ocr_line' id='line_1_27' title="bbox 770 2666 3989 2745; baseline 0.003 -23"><span class='ocrx_word' id='word_1_344' title='bbox 770 2672 960 2738; x_wconf 84' lang='lat' dir='ltr'><strong>utique</strong></span> <span class='ocrx_word' id='word_1_345' title='bbox 995 2667 1396 2727; x_wconf 85' lang='lat' dir='ltr'><strong>iconoclastica,</strong></span> <span class='ocrx_word' id='word_1_346' title='bbox 1445 2666 1512 2721; x_wconf 91' lang='lat' dir='ltr'><strong>iis</strong></span> <span class='ocrx_word' id='word_1_347' title='bbox 1552 2669 1888 2735; x_wconf 84' lang='lat' dir='ltr'><strong>temporibus</strong></span> <span class='ocrx_word' id='word_1_348' title='bbox 1920 2677 2162 2736; x_wconf 75' lang='lat' dir='ltr'><strong>grassata</strong></span> <span class='ocrx_word' id='word_1_349' title='bbox 2187 2710 2202 2736; x_wconf 93' lang='lat'><strong>,</strong></span> <span class='ocrx_word' id='word_1_350' title='bbox 2243 2672 2442 2739; x_wconf 91' lang='lat' dir='ltr'><strong>quibus</strong></span> <span class='ocrx_word' id='word_1_351' title='bbox 2482 2676 2583 2727; x_wconf 90' lang='lat' dir='ltr'><strong>sub</strong></span> <span class='ocrx_word' id='word_1_352' title='bbox 2618 2672 2877 2728; x_wconf 76' lang='lat' dir='ltr'><strong>Michaele</strong></span> <span class='ocrx_word' id='word_1_353' title='bbox 2909 2674 3097 2740; x_wconf 88' lang='lat' dir='ltr'><strong>Balbo,</strong></span> <span class='ocrx_word' id='word_1_354' title='bbox 3131 2677 3274 2730; x_wconf 81' lang='lat' dir='ltr'><strong>circa</strong></span> <span class='ocrx_word' id='word_1_355' title='bbox 3305 2692 3507 2730; x_wconf 88' lang='lat' dir='ltr'><strong>annum</strong></span> <span class='ocrx_word' id='word_1_356' title='bbox 3544 2678 3755 2743; x_wconf 87' lang='lat' dir='ltr'><strong>imperii</strong></span> <span class='ocrx_word' id='word_1_357' title='bbox 3784 2677 3905 2745; x_wconf 87' lang='lat' dir='ltr'><strong>ejus</strong></span> <span class='ocrx_word' id='word_1_358' title='bbox 3934 2679 3989 2741; x_wconf 79' lang='lat'><strong>5,</strong></span> 
     </span>
    </p>
   </div>
   <div class='ocr_carea' id='block_1_28' title="bbox 771 2756 3990 2829">
    <p class='ocr_par' dir='ltr' id='par_1_28' title="bbox 771 2756 3990 2829">
     <span class='ocr_line' id='line_1_28' title="bbox 771 2756 3990 2829; baseline 0.001 -15"><span class='ocrx_word' id='word_1_359' title='bbox 771 2758 978 2814; x_wconf 84' lang='lat' dir='ltr'><strong>Christi</strong></span> <span class='ocrx_word' id='word_1_360' title='bbox 1006 2758 1133 2820; x_wconf 69' lang='lat'><strong>8‘23,</strong></span> <span class='ocrx_word' id='word_1_361' title='bbox 1168 2758 1288 2824; x_wconf 86' lang='lat' dir='ltr'><strong>ipso</strong></span> <span class='ocrx_word' id='word_1_362' title='bbox 1324 2775 1340 2805; x_wconf 82' lang='grc' dir='ltr'><strong>ι</strong></span> <span class='ocrx_word' id='word_1_363' title='bbox 1377 2757 1642 2809; x_wconf 87' lang='lat' dir='ltr'><strong>adversus</strong></span> <span class='ocrx_word' id='word_1_364' title='bbox 1670 2756 1921 2809; x_wconf 81' lang='lat' dir='ltr'><strong>rebellem</strong></span> <span class='ocrx_word' id='word_1_365' title='bbox 1953 2756 2214 2810; x_wconf 81' lang='lat' dir='ltr'><strong>Thomam</strong></span> <span class='ocrx_word' id='word_1_366' title='bbox 2241 2769 2532 2829; x_wconf 88' lang='lat' dir='ltr'><strong>occupato,</strong></span> <span class='ocrx_word' id='word_1_367' title='bbox 2553 2770 2605 2814; x_wconf 80' lang='lat' dir='ltr'><strong>et</strong></span> <span class='ocrx_word' id='word_1_368' title='bbox 2628 2761 2788 2814; x_wconf 88' lang='lat' dir='ltr'><strong>aliam</strong></span> <span class='ocrx_word' id='word_1_369' title='bbox 2811 2775 3028 2814; x_wconf 90' lang='lat' dir='ltr'><strong>omnem</strong></span> <span class='ocrx_word' id='word_1_370' title='bbox 3061 2777 3271 2823; x_wconf 90' lang='lat' dir='ltr'><strong>curam,</strong></span> <span class='ocrx_word' id='word_1_371' title='bbox 3307 2781 3325 2814; x_wconf 81' lang='grc' dir='ltr'><strong>ι</strong></span> <span class='ocrx_word' id='word_1_372' title='bbox 3361 2773 3418 2816; x_wconf 81' lang='grc' dir='ltr'><strong>ιιι</strong></span> <span class='ocrx_word' id='word_1_373' title='bbox 3440 2764 3633 2819; x_wconf 87' lang='lat' dir='ltr'><strong>scribit</strong></span> <span class='ocrx_word' id='word_1_374' title='bbox 3658 2764 3763 2817; x_wconf 88' lang='lat' dir='ltr'><strong>Leo</strong></span> <span class='ocrx_word' id='word_1_375' title='bbox 3791 2762 3990 2818; x_wconf 82' lang='lat' dir='ltr'><strong>Gram-</strong></span> 
     </span>
    </p>
   </div>
   <div class='ocr_carea' id='block_1_29' title="bbox 770 2842 3997 2921">
    <p class='ocr_par' dir='ltr' id='par_1_29' title="bbox 770 2842 3997 2921">
     <span class='ocr_line' id='line_1_29' title="bbox 770 2842 3997 2921; baseline 0.002 -20"><span class='ocrx_word' id='word_1_376' title='bbox 770 2848 1033 2909; x_wconf 86' lang='lat' dir='ltr'><strong>maticus,</strong></span> <span class='ocrx_word' id='word_1_377' title='bbox 1069 2864 1089 2896; x_wconf 74' lang='grc' dir='ltr'><strong>ι</strong></span> <span class='ocrx_word' id='word_1_378' title='bbox 1128 2845 1255 2897; x_wconf 87' lang='lat' dir='ltr'><strong>huic</strong></span> <span class='ocrx_word' id='word_1_379' title='bbox 1289 2844 1449 2896; x_wconf 92' lang='lat' dir='ltr'><strong>unice</strong></span> <span class='ocrx_word' id='word_1_380' title='bbox 1503 2843 1881 2911; x_wconf 86' lang='lat' dir='ltr'><strong>posthabente,</strong></span> <span class='ocrx_word' id='word_1_381' title='bbox 1914 2845 2094 2910; x_wconf 82' lang='lat' dir='ltr'><strong>Creta,</strong></span> <span class='ocrx_word' id='word_1_382' title='bbox 2128 2842 2310 2898; x_wconf 89' lang='lat' dir='ltr'><strong>Sicilia</strong></span> <span class='ocrx_word' id='word_1_383' title='bbox 2340 2857 2391 2900; x_wconf 91' lang='lat' dir='ltr'><strong>et</strong></span> <span class='ocrx_word' id='word_1_384' title='bbox 2431 2846 2623 2900; x_wconf 85' lang='lat' dir='ltr'><strong>insulae</strong></span> <span class='ocrx_word' id='word_1_385' title='bbox 2655 2858 2860 2902; x_wconf 73' lang='lat' dir='ltr'><strong>vocata:</strong></span> <span class='ocrx_word' id='word_1_386' title='bbox 2884 2848 3143 2919; x_wconf 84' lang='lat' dir='ltr'><strong>Cyclades</strong></span> <span class='ocrx_word' id='word_1_387' title='bbox 3171 2850 3223 2919; x_wconf 88' lang='lat' dir='ltr'><strong>(a</strong></span> <span class='ocrx_word' id='word_1_388' title='bbox 3253 2851 3453 2919; x_wconf 87' lang='lat' dir='ltr'><strong>quibus</strong></span> <span class='ocrx_word' id='word_1_389' title='bbox 3484 2867 3592 2905; x_wconf 90' lang='lat' dir='ltr'><strong>non</strong></span> <span class='ocrx_word' id='word_1_390' title='bbox 3635 2853 3792 2921; x_wconf 78' lang='lat' dir='ltr'><strong>longe</strong></span> <span class='ocrx_word' id='word_1_391' title='bbox 3821 2852 3997 2906; x_wconf 81' lang='lat' dir='ltr'><strong>dista-</strong></span> 
     </span>
    </p>
   </div>
   <div class='ocr_carea' id='block_1_30' title="bbox 771 2930 3990 3008">
    <p class='ocr_par' dir='ltr' id='par_1_30' title="bbox 771 2930 3990 3008">
     <span class='ocr_line' id='line_1_30' title="bbox 771 2930 3990 3008; baseline 0.002 -20"><span class='ocrx_word' id='word_1_392' title='bbox 771 2936 865 2989; x_wconf 87' lang='lat' dir='ltr'><strong>bat</strong></span> <span class='ocrx_word' id='word_1_393' title='bbox 898 2931 1118 3002; x_wconf 70' lang='lat' dir='ltr'><strong>Egilia)</strong></span> <span class='ocrx_word' id='word_1_394' title='bbox 1152 2946 1182 2984; x_wconf 90' lang='lat' dir='ltr'><strong>a</strong></span> <span class='ocrx_word' id='word_1_395' title='bbox 1215 2931 1460 2984; x_wconf 77' lang='lat' dir='ltr'><strong>Romano</strong></span> <span class='ocrx_word' id='word_1_396' title='bbox 1488 2930 1717 2998; x_wconf 80' lang='lat' dir='ltr'><strong>imperio</strong></span> <span class='ocrx_word' id='word_1_397' title='bbox 1746 2930 1992 2983; x_wconf 68' lang='lat' dir='ltr'><strong>rescissa:</strong></span> <span class='ocrx_word' id='word_1_398' title='bbox 2022 2940 2153 2984; x_wconf 89' lang='lat' dir='ltr'><strong>sunt</strong></span> <span class='ocrx_word' id='word_1_399' title='bbox 2176 2933 2243 2983; x_wconf 91' lang='lat' dir='ltr'><strong>ab</strong></span> <span class='ocrx_word' id='word_1_400' title='bbox 2269 2932 2415 2987; x_wconf 84' lang='lat' dir='ltr'><strong>Afris</strong></span> <span class='ocrx_word' id='word_1_401' title='bbox 2437 2944 2489 2988; x_wconf 89' lang='lat' dir='ltr'><strong>et</strong></span> <span class='ocrx_word' id='word_1_402' title='bbox 2521 2935 2812 2989; x_wconf 80' lang='lat' dir='ltr'><strong>Arabibus.</strong></span> <span class='ocrx_word' id='word_1_403' title='bbox 2848 2954 2866 2986; x_wconf 78' lang='grc' dir='ltr'><strong>ι</strong></span> <span class='ocrx_word' id='word_1_404' title='bbox 2899 2936 3110 2990; x_wconf 82' lang='lat' dir='ltr'><strong>Etenim</strong></span> <span class='ocrx_word' id='word_1_405' title='bbox 3135 2937 3299 3005; x_wconf 88' lang='lat' dir='ltr'><strong>hujus</strong></span> <span class='ocrx_word' id='word_1_406' title='bbox 3326 2940 3647 3008; x_wconf 89' lang='lat' dir='ltr'><strong>irruptionis</strong></span> <span class='ocrx_word' id='word_1_407' title='bbox 3674 2941 3990 3003; x_wconf 84' lang='lat' dir='ltr'><strong>occasione,</strong></span> 
     </span>
    </p>
   </div>
   <div class='ocr_carea' id='block_1_31' title="bbox 769 3018 3994 3098">
    <p class='ocr_par' dir='ltr' id='par_1_31' title="bbox 769 3018 3994 3098">
     <span class='ocr_line' id='line_1_31' title="bbox 769 3018 3994 3098; baseline 0.001 -19"><span class='ocrx_word' id='word_1_408' title='bbox 769 3025 884 3079; x_wconf 86' lang='lat' dir='ltr'><strong>sive</strong></span> <span class='ocrx_word' id='word_1_409' title='bbox 920 3022 1024 3075; x_wconf 90' lang='lat' dir='ltr'><strong>vim</strong></span> <span class='ocrx_word' id='word_1_410' title='bbox 1054 3021 1177 3090; x_wconf 92' lang='lat' dir='ltr'><strong>ejus</strong></span> <span class='ocrx_word' id='word_1_411' title='bbox 1206 3019 1382 3088; x_wconf 90' lang='lat' dir='ltr'><strong>reipsa</strong></span> <span class='ocrx_word' id='word_1_412' title='bbox 1421 3020 1694 3072; x_wconf 89' lang='lat' dir='ltr'><strong>senserint</strong></span> <span class='ocrx_word' id='word_1_413' title='bbox 1725 3018 2016 3087; x_wconf 63' lang='lat' dir='ltr'><strong>Eginetae,</strong></span> <span class='ocrx_word' id='word_1_414' title='bbox 2040 3034 2137 3073; x_wconf 87' lang='lat' dir='ltr'><strong>seu</strong></span> <span class='ocrx_word' id='word_1_415' title='bbox 2172 3021 2412 3074; x_wconf 87' lang='lat' dir='ltr'><strong>vicinum</strong></span> <span class='ocrx_word' id='word_1_416' title='bbox 2449 3023 2749 3091; x_wconf 89' lang='lat' dir='ltr'><strong>periculum</strong></span> <span class='ocrx_word' id='word_1_417' title='bbox 2777 3037 2873 3077; x_wconf 88' lang='lat' dir='ltr'><strong>eos</strong></span> <span class='ocrx_word' id='word_1_418' title='bbox 2902 3026 3142 3093; x_wconf 74' lang='lat' dir='ltr'><strong>coegerit</strong></span> <span class='ocrx_word' id='word_1_419' title='bbox 3173 3040 3285 3079; x_wconf 69' lang='lat' dir='ltr'><strong>sua:</strong></span> <span class='ocrx_word' id='word_1_420' title='bbox 3318 3027 3478 3080; x_wconf 90' lang='lat' dir='ltr'><strong>saluti</strong></span> <span class='ocrx_word' id='word_1_421' title='bbox 3512 3028 3803 3083; x_wconf 90' lang='lat' dir='ltr'><strong>consulere</strong></span> <span class='ocrx_word' id='word_1_422' title='bbox 3828 3041 3994 3098; x_wconf 82' lang='lat' dir='ltr'><strong>atque</strong></span> 
     </span>
    </p>
   </div>
   <div class='ocr_carea' id='block_1_32' title="bbox 778 3103 3997 3185">
    <p class='ocr_par' dir='ltr' id='par_1_32' title="bbox 778 3103 3997 3185">
     <span class='ocr_line' id='line_1_32' title="bbox 778 3103 3997 3185; baseline 0.003 -23"><span class='ocrx_word' id='word_1_423' title='bbox 778 3111 845 3164; x_wconf 90' lang='lat' dir='ltr'><strong>ad</strong></span> <span class='ocrx_word' id='word_1_424' title='bbox 878 3109 1080 3162; x_wconf 89' lang='lat' dir='ltr'><strong>tutiora</strong></span> <span class='ocrx_word' id='word_1_425' title='bbox 1123 3106 1297 3170; x_wconf 89' lang='lat' dir='ltr'><strong>abire,</strong></span> <span class='ocrx_word' id='word_1_426' title='bbox 1335 3103 1779 3159; x_wconf 86' lang='lat' dir='ltr'><strong>Thessalonicam</strong></span> <span class='ocrx_word' id='word_1_427' title='bbox 1831 3104 2070 3173; x_wconf 85' lang='lat' dir='ltr'><strong>profugit</strong></span> <span class='ocrx_word' id='word_1_428' title='bbox 2147 3121 2253 3159; x_wconf 90' lang='lat' dir='ltr'><strong>non</strong></span> <span class='ocrx_word' id='word_1_429' title='bbox 2302 3108 2374 3161; x_wconf 90' lang='lat' dir='ltr'><strong>ita</strong></span> <span class='ocrx_word' id='word_1_430' title='bbox 2409 3110 2613 3178; x_wconf 90' lang='lat' dir='ltr'><strong>pridem</strong></span> <span class='ocrx_word' id='word_1_431' title='bbox 2640 3112 2826 3175; x_wconf 85' lang='lat' dir='ltr'><strong>juncta</strong></span> <span class='ocrx_word' id='word_1_432' title='bbox 2873 3112 3223 3166; x_wconf 85' lang='lat' dir='ltr'><strong>matrimonio</strong></span> <span class='ocrx_word' id='word_1_433' title='bbox 3257 3110 3578 3179; x_wconf 80' lang='lat' dir='ltr'><strong>Theodora;</strong></span> <span class='ocrx_word' id='word_1_434' title='bbox 3616 3116 3831 3184; x_wconf 87' lang='lat' dir='ltr'><strong>ibique,</strong></span> <span class='ocrx_word' id='word_1_435' title='bbox 3870 3126 3997 3185; x_wconf 89' lang='lat' dir='ltr'><strong>post</strong></span> 
     </span>
    </p>
   </div>
   <div class='ocr_carea' id='block_1_33' title="bbox 760 3184 3989 3272">
    <p class='ocr_par' dir='ltr' id='par_1_33' title="bbox 760 3184 3989 3272">
     <span class='ocr_line' id='line_1_33' title="bbox 760 3184 3989 3272; baseline 0.002 -22"><span class='ocrx_word' id='word_1_436' title='bbox 760 3184 1014 3251; x_wconf 87' lang='lat' dir='ltr'><strong>oblatam</strong></span> <span class='ocrx_word' id='word_1_437' title='bbox 1045 3197 1153 3248; x_wconf 87' lang='lat' dir='ltr'><strong>Deo</strong></span> <span class='ocrx_word' id='word_1_438' title='bbox 1180 3196 1367 3257; x_wconf 79' lang='lat' dir='ltr'><strong>filiam,</strong></span> <span class='ocrx_word' id='word_1_439' title='bbox 1395 3193 1611 3247; x_wconf 89' lang='lat' dir='ltr'><strong>tandem</strong></span> <span class='ocrx_word' id='word_1_440' title='bbox 1644 3193 1726 3246; x_wconf 91' lang='lat' dir='ltr'><strong>sui</strong></span> <span class='ocrx_word' id='word_1_441' title='bbox 1751 3193 1894 3261; x_wconf 89' lang='lat' dir='ltr'><strong>juris</strong></span> <span class='ocrx_word' id='word_1_442' title='bbox 1918 3193 2109 3247; x_wconf 71' lang='lat' dir='ltr'><strong>ell‘ecta</strong></span> <span class='ocrx_word' id='word_1_443' title='bbox 2141 3210 2235 3264; x_wconf 88' lang='lat' dir='ltr'><strong>per</strong></span> <span class='ocrx_word' id='word_1_444' title='bbox 2264 3196 2447 3250; x_wconf 90' lang='lat' dir='ltr'><strong>mariti</strong></span> <span class='ocrx_word' id='word_1_445' title='bbox 2478 3208 2729 3259; x_wconf 88' lang='lat' dir='ltr'><strong>mortem,</strong></span> <span class='ocrx_word' id='word_1_446' title='bbox 2763 3199 3129 3251; x_wconf 73' lang='lat' dir='ltr'><strong>monasticam</strong></span> <span class='ocrx_word' id='word_1_447' title='bbox 3161 3201 3409 3268; x_wconf 78' lang='lat' dir='ltr'><strong>amplexa</strong></span> <span class='ocrx_word' id='word_1_448' title='bbox 3434 3212 3515 3255; x_wconf 84' lang='lat' dir='ltr'><strong>est</strong></span> <span class='ocrx_word' id='word_1_449' title='bbox 3545 3202 3853 3256; x_wconf 86' lang='lat' dir='ltr'><strong>institutum</strong></span> <span class='ocrx_word' id='word_1_450' title='bbox 3874 3184 3989 3272; x_wconf 82' lang='lat' dir='ltr'><strong>jam</strong></span> 
     </span>
    </p>
   </div>
   <div class='ocr_carea' id='block_1_34' title="bbox 776 3280 3992 3355">
    <p class='ocr_par' dir='ltr' id='par_1_34' title="bbox 776 3280 3992 3355">
     <span class='ocr_line' id='line_1_34' title="bbox 776 3280 3992 3355; baseline 0.002 -19"><span class='ocrx_word' id='word_1_451' title='bbox 776 3286 1066 3355; x_wconf 58' lang='lat' dir='ltr'><strong>grawdaeva</strong></span> <span class='ocrx_word' id='word_1_452' title='bbox 1097 3301 1112 3337; x_wconf 91' lang='lat'><strong>:</strong></span> <span class='ocrx_word' id='word_1_453' title='bbox 1143 3286 1198 3337; x_wconf 92' lang='lat' dir='ltr'><strong>iu</strong></span> <span class='ocrx_word' id='word_1_454' title='bbox 1224 3298 1335 3351; x_wconf 89' lang='lat' dir='ltr'><strong>quo</strong></span> <span class='ocrx_word' id='word_1_455' title='bbox 1361 3282 1425 3335; x_wconf 86' lang='lat' dir='ltr'><strong>ad</strong></span> <span class='ocrx_word' id='word_1_456' title='bbox 1458 3280 1942 3349; x_wconf 81' lang='lat' dir='ltr'><strong>profundissimam</strong></span> <span class='ocrx_word' id='word_1_457' title='bbox 1973 3297 2147 3350; x_wconf 91' lang='lat' dir='ltr'><strong>usque</strong></span> <span class='ocrx_word' id='word_1_458' title='bbox 2172 3292 2508 3337; x_wconf 86' lang='lat' dir='ltr'><strong>senectutem</strong></span> <span class='ocrx_word' id='word_1_459' title='bbox 2540 3297 2921 3350; x_wconf 85' lang='lat' dir='ltr'><strong>perseverans.</strong></span> <span class='ocrx_word' id='word_1_460' title='bbox 2950 3283 3159 3337; x_wconf 82' lang='lat' dir='ltr'><strong>videtur</strong></span> <span class='ocrx_word' id='word_1_461' title='bbox 3184 3300 3360 3353; x_wconf 82' lang='lat' dir='ltr'><strong>usque</strong></span> <span class='ocrx_word' id='word_1_462' title='bbox 3389 3287 3454 3339; x_wconf 88' lang='lat' dir='ltr'><strong>ad</strong></span> <span class='ocrx_word' id='word_1_463' title='bbox 3484 3288 3667 3341; x_wconf 73' lang='lat' dir='ltr'><strong>szeeuli</strong></span> <span class='ocrx_word' id='word_1_464' title='bbox 3704 3304 3753 3342; x_wconf 85' lang='lat' dir='ltr'><strong>Ix</strong></span> <span class='ocrx_word' id='word_1_465' title='bbox 3786 3304 3992 3344; x_wconf 87' lang='lat' dir='ltr'><strong>annum</strong></span> 
     </span>
    </p>
   </div>
   <div class='ocr_carea' id='block_1_35' title="bbox 775 3359 3997 3446">
    <p class='ocr_par' dir='ltr' id='par_1_35' title="bbox 775 3359 3997 3446">
     <span class='ocr_line' id='line_1_35' title="bbox 775 3359 3997 3446; baseline 0.001 -17"><span class='ocrx_word' id='word_1_466' title='bbox 775 3376 999 3429; x_wconf 84' lang='lat' dir='ltr'><strong>circiter</strong></span> <span class='ocrx_word' id='word_1_467' title='bbox 1054 3370 1123 3424; x_wconf 89' lang='lat'><strong>80</strong></span> <span class='ocrx_word' id='word_1_468' title='bbox 1161 3370 1470 3438; x_wconf 84' lang='lat' dir='ltr'><strong>pervenisse</strong></span> <span class='ocrx_word' id='word_1_469' title='bbox 1508 3359 1603 3421; x_wconf 65' lang='lat' dir='ltr'><strong>a&#39;ut</strong></span> <span class='ocrx_word' id='word_1_470' title='bbox 1632 3368 1796 3421; x_wconf 88' lang='lat' dir='ltr'><strong>etiam</strong></span> <span class='ocrx_word' id='word_1_471' title='bbox 1837 3368 2001 3423; x_wconf 88' lang='lat' dir='ltr'><strong>ultra.</strong></span> <span class='ocrx_word' id='word_1_472' title='bbox 2037 3374 2214 3436; x_wconf 87' lang='lat' dir='ltr'><strong>Atque</strong></span> <span class='ocrx_word' id='word_1_473' title='bbox 2240 3374 2354 3423; x_wconf 67' lang='lat' dir='ltr'><strong>bare</strong></span> <span class='ocrx_word' id='word_1_474' title='bbox 2387 3370 2567 3424; x_wconf 88' lang='lat' dir='ltr'><strong>omnia</strong></span> <span class='ocrx_word' id='word_1_475' title='bbox 2611 3370 2770 3424; x_wconf 86' lang='lat' dir='ltr'><strong>nobis</strong></span> <span class='ocrx_word' id='word_1_476' title='bbox 2801 3384 2865 3423; x_wconf 90' lang='lat' dir='ltr'><strong>ex</strong></span> <span class='ocrx_word' id='word_1_477' title='bbox 2904 3369 3007 3424; x_wconf 87' lang='lat' dir='ltr'><strong>hoc</strong></span> <span class='ocrx_word' id='word_1_478' title='bbox 3034 3370 3297 3425; x_wconf 71' lang='lat' dir='ltr'><strong>Cabasilte</strong></span> <span class='ocrx_word' id='word_1_479' title='bbox 3322 3376 3573 3429; x_wconf 90' lang='lat' dir='ltr'><strong>encomio</strong></span> <span class='ocrx_word' id='word_1_480' title='bbox 3615 3379 3997 3446; x_wconf 73' lang='lat' dir='ltr'><strong>cognoscenda</strong></span> 
     </span>
    </p>
   </div>
   <div class='ocr_carea' id='block_1_36' title="bbox 782 3455 2465 3533">
    <p class='ocr_par' dir='ltr' id='par_1_36' title="bbox 782 3455 2465 3533">
     <span class='ocr_line' id='line_1_36' title="bbox 782 3455 2465 3533; baseline -0.005 -20"><span class='ocrx_word' id='word_1_481' title='bbox 782 3463 1110 3533; x_wconf 76' lang='lat' dir='ltr'><strong>prazbeutur,</strong></span> <span class='ocrx_word' id='word_1_482' title='bbox 1148 3474 1253 3512; x_wconf 91' lang='lat' dir='ltr'><strong>uua</strong></span> <span class='ocrx_word' id='word_1_483' title='bbox 1282 3472 1407 3511; x_wconf 89' lang='lat' dir='ltr'><strong>cum</strong></span> <span class='ocrx_word' id='word_1_484' title='bbox 1451 3457 1607 3510; x_wconf 89' lang='lat' dir='ltr'><strong>titulo</strong></span> <span class='ocrx_word' id='word_1_485' title='bbox 1641 3456 2083 3523; x_wconf 78' lang='grc' dir='ltr'><strong>Μυροὸλύτιδος,</strong></span> <span class='ocrx_word' id='word_1_486' title='bbox 2119 3455 2465 3525; x_wconf 53' lang='grc' dir='ltr'>υιιειιθιιιίηιιη</span> 
     </span>
    </p>
   </div>
   <div class='ocr_carea' id='block_1_37' title="bbox 2315 3455 3998 3533">
    <p class='ocr_par' dir='ltr' id='par_1_37' title="bbox 2315 3457 3998 3531">
     <span class='ocr_line' id='line_1_37' title="bbox 2315 3457 3998 3531; baseline 0.007 -22"><span class='ocrx_word' id='word_1_487' title='bbox 2315 3457 2539 3521; x_wconf 64' lang='lat' dir='ltr'><strong>utilium,</strong></span> <span class='ocrx_word' id='word_1_488' title='bbox 2580 3465 2635 3510; x_wconf 88' lang='lat' dir='ltr'><strong>et</strong></span> <span class='ocrx_word' id='word_1_489' title='bbox 2661 3457 2977 3511; x_wconf 85' lang='lat' dir='ltr'><strong>testimonio</strong></span> <span class='ocrx_word' id='word_1_490' title='bbox 3021 3459 3287 3512; x_wconf 86' lang='lat' dir='ltr'><strong>salutiferi</strong></span> <span class='ocrx_word' id='word_1_491' title='bbox 3327 3459 3433 3513; x_wconf 89' lang='lat' dir='ltr'><strong>olei</strong></span> <span class='ocrx_word' id='word_1_492' title='bbox 3479 3476 3544 3514; x_wconf 86' lang='lat' dir='ltr'><strong>ex</strong></span> <span class='ocrx_word' id='word_1_493' title='bbox 3583 3460 3702 3528; x_wconf 88' lang='lat' dir='ltr'><strong>ejus</strong></span> <span class='ocrx_word' id='word_1_494' title='bbox 3744 3465 3998 3531; x_wconf 89' lang='lat' dir='ltr'><strong>sepulcro</strong></span> 
     </span>
    </p>
   </div>
   <div class='ocr_carea' id='block_1_38' title="bbox 778 3543 3997 3620">
    <p class='ocr_par' dir='ltr' id='par_1_38' title="bbox 778 3543 3997 3620">
     <span class='ocr_line' id='line_1_38' title="bbox 778 3543 3997 3620; baseline 0.001 -16"><span class='ocrx_word' id='word_1_495' title='bbox 778 3547 1151 3612; x_wconf 83' lang='lat' dir='ltr'><strong>scaturientis,</strong></span> <span class='ocrx_word' id='word_1_496' title='bbox 1183 3546 1646 3615; x_wconf 87' lang='lat' dir='ltr'><strong>quemadmodum</strong></span> <span class='ocrx_word' id='word_1_497' title='bbox 1685 3546 1749 3598; x_wconf 90' lang='lat' dir='ltr'><strong>de</strong></span> <span class='ocrx_word' id='word_1_498' title='bbox 1784 3545 1993 3598; x_wconf 83' lang='lat' dir='ltr'><strong>sanctis</strong></span> <span class='ocrx_word' id='word_1_499' title='bbox 2030 3544 2279 3609; x_wconf 86' lang='lat' dir='ltr'><strong>Nieolao,</strong></span> <span class='ocrx_word' id='word_1_500' title='bbox 2307 3544 2607 3605; x_wconf 88' lang='lat' dir='ltr'><strong>Demetrio.</strong></span> <span class='ocrx_word' id='word_1_501' title='bbox 2646 3543 2943 3598; x_wconf 86' lang='lat' dir='ltr'><strong>Catharina</strong></span> <span class='ocrx_word' id='word_1_502' title='bbox 2986 3546 3251 3615; x_wconf 78' lang='lat' dir='ltr'><strong>legimus,</strong></span> <span class='ocrx_word' id='word_1_503' title='bbox 3288 3558 3343 3600; x_wconf 89' lang='lat' dir='ltr'><strong>et</strong></span> <span class='ocrx_word' id='word_1_504' title='bbox 3378 3549 3481 3602; x_wconf 90' lang='lat' dir='ltr'><strong>hoc</strong></span> <span class='ocrx_word' id='word_1_505' title='bbox 3526 3564 3671 3604; x_wconf 88' lang='lat' dir='ltr'><strong>nouo</strong></span> <span class='ocrx_word' id='word_1_506' title='bbox 3711 3553 3997 3620; x_wconf 64' lang='lat' dir='ltr'><strong>sequenti-</strong></span> 
     </span>
    </p>
   </div>
   <div class='ocr_carea' id='block_1_39' title="bbox 782 3630 3998 3706">
    <p class='ocr_par' dir='ltr' id='par_1_39' title="bbox 782 3630 3998 3706">
     <span class='ocr_line' id='line_1_39' title="bbox 782 3630 3998 3706; baseline 0.002 -16"><span class='ocrx_word' id='word_1_507' title='bbox 782 3640 996 3706; x_wconf 85' lang='lat' dir='ltr'><strong>basque</strong></span> <span class='ocrx_word' id='word_1_508' title='bbox 1019 3634 1235 3691; x_wconf 73' lang='lat' dir='ltr'><strong>smculis</strong></span> <span class='ocrx_word' id='word_1_509' title='bbox 1257 3631 1565 3687; x_wconf 82' lang='lat' dir='ltr'><strong>invenimus</strong></span> <span class='ocrx_word' id='word_1_510' title='bbox 1590 3630 1818 3694; x_wconf 85' lang='lat' dir='ltr'><strong>factum,</strong></span> <span class='ocrx_word' id='word_1_511' title='bbox 1846 3632 1912 3684; x_wconf 91' lang='lat' dir='ltr'><strong>ad</strong></span> <span class='ocrx_word' id='word_1_512' title='bbox 1944 3632 2180 3700; x_wconf 90' lang='lat' dir='ltr'><strong>plurium</strong></span> <span class='ocrx_word' id='word_1_513' title='bbox 2201 3632 2433 3687; x_wconf 87' lang='lat' dir='ltr'><strong>aliarum</strong></span> <span class='ocrx_word' id='word_1_514' title='bbox 2467 3632 2755 3687; x_wconf 87' lang='lat' dir='ltr'><strong>sanctitate</strong></span> <span class='ocrx_word' id='word_1_515' title='bbox 2787 3631 3083 3687; x_wconf 82' lang='lat' dir='ltr'><strong>illustrium</strong></span> <span class='ocrx_word' id='word_1_516' title='bbox 3114 3648 3470 3703; x_wconf 90' lang='lat' dir='ltr'><strong>personarum</strong></span> <span class='ocrx_word' id='word_1_517' title='bbox 3498 3640 3904 3695; x_wconf 82' lang='lat' dir='ltr'><strong>venerationem</strong></span> <span class='ocrx_word' id='word_1_518' title='bbox 3940 3642 3998 3699; x_wconf 89' lang='lat' dir='ltr'><strong>in</strong></span> 
     </span>
    </p>
   </div>
   <div class='ocr_carea' id='block_1_40' title="bbox 776 3720 1955 3789">
    <p class='ocr_par' dir='ltr' id='par_1_40' title="bbox 776 3720 1955 3789">
     <span class='ocr_line' id='line_1_40' title="bbox 776 3720 1955 3789; baseline -0.005 -12"><span class='ocrx_word' id='word_1_519' title='bbox 776 3722 1039 3779; x_wconf 61' lang='lat' dir='ltr'><strong>ﬁeelesiis</strong></span> <span class='ocrx_word' id='word_1_520' title='bbox 1072 3721 1443 3779; x_wconf 86' lang='lat' dir='ltr'><strong>Orientalibus</strong></span> <span class='ocrx_word' id='word_1_521' title='bbox 1472 3720 1955 3789; x_wconf 76' lang='lat' dir='ltr'><strong>comprobandum.</strong></span> 
     </span>
    </p>
   </div>
  </div>
