4262 6460
1559 438 1732 494 νΙΤΛ
1775 439 1829 498 S.
1875 440 2236 504 TIIEODUR
2262 442 2321 501 E.

3441 445 3547 513 755

1509 758 2322 872 ΕΓΚΩΜΙΟΝ

589 1135 816 1218 ΤΗΝ

1885 978 1991 1028 ΕΙΣ

918 1135 1243 1221 ΟΣΙΑΝ
1307 1138 1751 1221 ΜΗΤΕΡΑ
1829 1141 2150 1226 ΗΜΩΝ
2214 1145 2404 1227 ΚΑΙ
2483 1148 2601 1231 M‘

1576 1139 1751 1220 EPA
1829 1141 2150 1226 ΗΜΩΝ
2214 1145 2404 1227 ΚΑΙ
2483 1145 3259 1231 ΜΥΡΟΒΛΥΤΙΔΛ

1373 1327 2474 1464 ΘΕΟΔΩΡΑΝ.

1615 1731 2265 1840 LAUDATIO

540 1962 1019 2052 SANCTJE
1098 1963 1534 2052 MATRIS
1593 1963 2092 2055 NOSTRIE
2174 1966 2318 2053 ET
2391 1966 3305 2059 MYROBLYTlD/E

1387 2185 2485 2338 THEODOR/E

951 2460 1222 2516 Auctore
1254 2455 1514 2518 Nicolao
1578 2459 1857 2520 Cabasila
1893 2459 2439 2528 Thessalonicensi
2485 2463 2904 2543 metrOpolita.

1283 2621 1358 2668 1-3.:
1411 2635 1499 2669 nis.
1540 2627 1761 2672 Cwsareo
1807 2622 2103 2675 bibliotheca:
2147 2625 2419 2676 Viennensis
2473 2629 2566 2688 (α).

1733 2909 2118 2965 PROLOGUS.

371 3033 445 3081 α’.
485 3026 642 3091 Ἐμοὶ
676 3026 753 3089 δὲ,
792 3027 999 3078 πολλῶν
1028 3027 1095 3079 τὰ
1133 3028 1199 3078 oi
1234 3028 1641 3094 Θαυμαζόντων,
1671 3023 1715 3080 ὦ
1750 3031 1870 3081 Μυ-
1900 3032 1947 3090 Α

302 3117 578 3185 pom-51:2;
618 3117 712 3169 καὶ
745 3116 902 3169 τοῦτο
935 3118 1031 3183 μὲν
1066 3117 1132 3169 τὰ
1169 3118 1352 3170 εἰκότα
1386 3118 1747 3171 ἀποδιδόντων
1784 3122 1877 3172 καλ¹

303 3210 547 3270 ita-mo;
578 3209 780 3277 μᾶλλον
819 3210 1083 3277 προσῆκε,
1113 3208 1269 3260 τοῦτο
1299 3211 1353 3261 δὲ
1388 3212 1479 3262 καὶ
1514 3215 1654 3276 σφᾶς
1682 3214 1878 3274 αὐτοὺς

301 3300 561 3352 ἐντεῦθεν
591 3301 964 3370 κοσμούντων,
994 3304 1134 3372 ἀτὰρ
1167 3304 1304 3373 ὑπὲρ
1337 3303 1430 3355 σοῦ
1462 3304 1617 3370 λόγος
1645 3306 1740 3357 καὶ
1767 3308 1878 3366 τοῖς

302 3390 558 3454 λέγουσιν
588 3393 646 3443 ὲν
681 3392 893 3460 καιρῷ·
929 3394 1076 3454 εἰκός
1124 3411 1186 3460 γε
1235 3395 1429 3459 ἐδόκει,
1485 3395 1560 3462 μὴ
1599 3395 1674 3463 (ὁ)
1721 3396 1880 3463 μόνον

302 3482 403 3546 ἐμὲ
428 3480 542 3533 τῶν
580 3482 705 3550 περὶ
731 3483 919 3548 λόγους
951 3485 1182 3551 ἐχόντων
1210 3485 1317 3537 σῶν
1350 3484 1458 3538 σῶν
1489 3487 1723 3555 χαρίτων
1754 3489 1878 3540 ἆ.τέ-

300 3571 494 3624 λεστον
520 3575 777 3642 φανῆναι.
803 3575 936 3627 ἀλλὰ
955 3576 1068 3638 τοῖς
1100 3580 1212 3638 σοῖς
1238 3578 1535 3642 ἐγκωμίοις
1556 3578 1879 3630 ἐπιϐαλόντα

299 3664 588 3732 κοσμῆσαι
624 3667 724 3732 μὲν
754 3667 1011 3734 ἐμαυτὸν,
1041 3669 1318 3736 κοσμῆσαι
1351 3670 1406 3721 δὲ
1442 3677 1532 3722 καὶ
1563 3670 1748 3736 λόγους
1784 3673 1882 3722 αὑ-

296 3756 430 3817 τούς
455 3771 471 3787 ⁸
503 3757 618 3822 ἅμα
649 3757 705 3808 δὲ
730 3759 823 3809 καὶ
856 3753 933 3820 οἷς
966 3759 1221 3820 πολλάκις
1252 3761 1622 3828 εὐπεποίηκας
1657 3765 1718 3813 ἐκ
1755 3763 1882 3814 πολ-

303 3846 418 3897 λῶν
447 3846 699 3912 ὑπάρξας
721 3842 822 3909 εἷς,
854 3848 1044 3914 μισθὸν
1069 3851 1138 3918 (c)
1157 3851 1391 3918 χαρίτων
1421 3852 1513 3902 καὶ
1545 3853 1882 3904 παντοδαπὸν

303 3937 466 4005 χρέος
506 3931 588 3998 οἷς
618 3936 826 3989 ἔνεστιν
854 3939 1164 3992 ἀποδοῦναι.
1201 3942 1262 3992 '0
1290 3941 1388 4008 μὲν
1417 3939 1509 3994 οὖν
1534 3942 1720 4011 παρὼν
1753 3945 1883 4014 ⁴ἡμῖν

305 4029 458 4093 ἁγὼν
489 4030 631 4097 ὑπὲρ
662 4030 885 4082 τούτων·
918 4031 1129 4101 ἐργώδη
1159 4033 1213 4084 δὲ
1244 4035 1371 4090 ὄπτα
1399 4036 1490 4091 καὶ
1513 4038 1744 4107 χαλεπδν
1777 4040 1885 4090 διε-

302 4121 501 4188 νέγκαι
534 4122 616 4183 τίς
657 4122 877 4192 ἀγνοεί;
907 4122 1042 4181 ὀλλά
1086 4130 1318 4188 μάλιστα
1360 4130 1455 4196 μὲν
1486 4132 1547 4181 οὐ
1581 4131 1683 4200 χρὴ
1717 4131 1883 4182 δεδιέ-

308 4229 402 4263 ναι
426 4227 438 4239 ’
476 4211 578 4286 ’ὂῖπ
617 4219 860 4288 μεγάλης
889 4220 949 4270 οὐ
989 4219 1148 4287 μόνον
1178 4220 1579 4289 μεγαλοψυχίαν
1609 4223 1884 4290 κεχρημέ-

2044 3032 2094 3084 1.
2132 3028 2310 3084 Multis
2354 3040 2442 3083 tua
2484 3031 2676 3085 decora
2714 3031 3106 3088 admirantibus
3132 3078 3147 3101 ,
3181 3052 3214 3088 ο
3249 3037 3544 3108 Unguenti-

1980 3120 2104 3182 Ilua,
2143 3129 2195 3173 et
2229 3122 2354 3174 hinc.
2385 3123 2602 3190 quidem
2648 3139 2765 3192 quae
2806 3126 3039 3178 maxime
3073 3142 3308 3196 congrua
3340 3130 3538 3183 rationi

1980 3219 2293 3279 suntatque
2334 3213 2385 3263 in
2438 3214 2626 3280 primis
2673 3217 2977 3268 necessaria
3021 3216 3115 3269 tibi
3164 3218 3517 3274 reddentibus

1981 3303 2105 3354 inde
2147 3315 2276 3354 vero
2319 3304 2528 3371 seipsos
2584 3305 2683 3356 hoc
2719 3303 2845 3357 dum
2885 3306 3085 3359 faciunt
3125 3311 3541 3374 exornantibus.

1981 3393 2249 3457 pra-cipue
2286 3394 2504 3462 quando
2544 3409 2846 3447 sermonem
2879 3396 2944 3448 de
2972 3406 3020 3448 te
3050 3409 3351 3465 opportune
3381 3402 3542 3454 insti-

1983 3493 2170 3546 tuunt;
2215 3498 2428 3547 arquum
2471 3485 2600 3535 milii
2652 3500 2867 3551 quoque
2909 3486 3228 3547 videbatur.
3279 3505 3344 3540 ne
3391 3490 3543 3544 solus

1979 3585 2168 3624 exsors
2208 3586 2522 3638 apparerem
2552 3580 2766 3623 tuarmn
2799 3573 3131 3639 gratiarum,
3170 3576 3541 3643 eloquentiam

1979 3677 2194 3715 omnem
2233 3664 2596 3725 vincentium;
2636 3662 2727 3715 Sed
2765 3672 2818 3715 et
2860 3665 2974 3731 ipse
3008 3674 3096 3717 tua
3141 3667 3418 3734 ingressus
3442 3684 3541 3719 cn-

1982 3753 2191 3811 comia,
2225 3766 2418 3818 meque
2451 3761 2504 3803 et
2534 3751 2836 3803 orationem
2870 3769 3041 3805 meam
3081 3753 3269 3808 iisdem
3312 3770 3544 3808 exorna-

1983 3858 2133 3907 rem;
2172 3843 2333 3896 simul
2364 3846 2549 3905 etiam,
2587 3851 2645 3896 ut
2684 3842 2776 3910 qui
2807 3858 2952 3896 unus
2985 3858 3102 3897 sum
3137 3860 3199 3897 ex
3235 3849 3420 3901 multis
3449 3855 3542 3898 lno

1982 3948 2125 4002 saepe
2162 3933 2424 3987 beneﬁcio
2457 3933 2659 3992 fruitis.
2703 3948 2866 4001 quam
2899 3949 3119 4001 possum
3153 3936 3348 3989 debitae
3378 3939 3544 4006 grati-

1984 4027 2184 4080 tudinis
2205 4037 2410 4091 partem
2435 4024 2529 4076 tibi
2549 4023 2904 4078 exsolverem.
2930 4022 2986 4076 ln
3013 4025 3097 4078 his
3120 4025 3283 4095 igitur
3306 4043 3544 4094 praesens

1985 4114 2140 4167 nobis
2174 4114 2324 4167 labor
2356 4115 2646 4168 consistit:
2686 4129 2845 4183 quem
2875 4115 3094 4183 quidem
3136 4131 3353 4183 gravem
3379 4128 3544 4185 atque

1984 4206 2253 4260 dillicilem
2301 4216 2516 4274 portatu
2548 4220 2669 4260 esse
2723 4207 2846 4274 quis
2899 4222 3003 4258 non
3070 4208 3262 4260 videt?
3298 4210 3430 4262 nihil
3469 4218 3546 4261 ta-

305 4328 410 4378 νης
457 4309 586 4378 περὶ
621 4311 747 4372 τοὺς
801 4311 1015 4377 λόγους,
1054 4310 1106 4361 εἴ
1139 4327 1220 4369 τις
1252 4311 1488 4363 ἐλάττων
1527 4311 1726 4378 γίνοιτο
1776 4312 1884 4364 τῶν
1916 4368 1952 4378 _
1984 4312 1988 4320 ¹

1861 4331 1884 4364 ν
1916 4368 1952 4378 _
1984 4311 2109 4350 men
2143 4296 2542 4351 formidandum
2575 4307 2694 4362 est;
2730 4297 3167 4365 quandoquidem
3203 4312 3396 4365 magna
3433 4300 3544 4352 hmc

311 4368 678 4469 πραγμάτων,
702 4368 834 4450 αἱ).λά
858 4368 950 4451 παὶ
970 4368 1268 4460 τούτουςγεῦ
1295 4401 1436 4469 μάλα
1465 4368 1879 4469 συναιρομένης.
1915 4368 1955 4423 Β
1988 4391 1994 4438 ε

1865 4439 1879 4453 ,
1915 4368 1955 4423 Β
1988 4389 2186 4442 Sancta
2260 4404 2364 4441 non
2433 4389 2607 4441 solum
2657 4387 3157 4456 magnanimitatem
3210 4390 3260 4440 in
3314 4390 3543 4442 dicendo

309 4493 551 4543 Ἔπειτα
581 4492 628 4541 εἰ
660 4491 752 4541 καὶ
783 4491 992 4551 πάντας
1021 4493 1144 4551 τοὺς
1179 4493 1431 4553 ειπόντας
1469 4492 1676 4559 ἑώρων,
1708 4489 1741 4560 ἦ
1780 4508 1882 4559 μη-

302 4582 397 4635 δὲν
429 4581 780 4643 ἐλλείποντας
798 4582 916 4633 *τῶν
946 4585 1263 4649 γινομένων,
1297 4583 1329 4650 ἢ
1365 4583 1520 4635 τοῦτο
1555 4582 1685 4650 γοῦν
1721 4599 1885 4633 σπου-

306 4674 406 4740 δὴν
439 4674 798 4739 ποιουμένους
832 4673 977 4734 ὅπως
1004 4673 1068 4725 ἂν
1091 4674 1360 4740 ἐφίκοιντο
1381 4691 1392 4702 ·
1421 4670 1488 4743 ἦν
1512 4675 1576 4726 ἄν
1605 4690 1656 4725 τι
1688 4672 1882 4744 προῦρο

307 4779 434 4829 γου,
467 4762 562 4813 καὶ
597 4765 744 4829 ἡμᾶς
769 4761 800 4830 ἢ
829 4762 889 4813 τὸ
919 4765 1190 4831 προσῆκον
1223 4765 1279 4814 ὲν
1306 4767 1416 4823 τοῖς
1446 4764 1622 4829 λόγοις
1643 4763 1879 4826 διώκειν,

308 4854 342 4921 ἢ
377 4852 453 4919 μὴ
503 4851 661 4903 τοῦτο
711 4852 998 4912 ποιοῦντας
1046 4852 1278 4920 ἡσυχίαν
1317 4854 1659 4919 ἄξειν.Ὲπεὶ
1702 4856 1746 4906 δ’
1783 4856 1882 4922 οὐχ

307 4946 435 4995 ὅσον
464 4943 713 5004 ἐκείνοις,
746 4942 880 4994 ἀλλὰ
909 4942 1002 4995 καὶ
1031 4944 1195 4994 πᾶσιν
1226 4944 1302 5010 (d)
1340 4944 1523 5004 ἁπλῶς
1555 4946 1661 5003 τοῖς
1695 4945 1750 4994 ἐν
1793 4945 1880 4995 λό-

309 5050 426 5098 γοις
470 5030 660 5094 ζῶσιν,
701 5030 1016 5082 ἐπισαλοῦσι
1048 5035 1157 5092 τοῖς
1191 5032 1331 5100 ὑπὲρ
1355 5033 1450 5101 τῆς
1480 5032 1879 5099 Μυροὸλύτιδος

309 5121 516 5188 λόγοις.
551 5123 651 5172 οὐκ
687 5120 752 5172 ἂν
780 5120 1015 5184 ἐπέλθοι,
1047 5121 1120 5190 μὴ
1150 5123 1308 5190 μόνον
1334 5122 1485 5173 οὐδὲν
1512 5123 1683 5173 εἰπεῖν
1717 5123 1882 5186 ἐγγὺς

309 5211 420 5261 τῶν
458 5209 838 5276 πραγμάτων,
881 5208 995 5261 ἀλλ’
1042 5210 1149 5261 οὐδ’
1185 5209 1404 5263 ἐλπίσαι
1433 5227 1446 5239 ο
1487 5211 1781 5276 περίεργον
1818 5209 1884 5259 ἂν

310 5301 419 5368 εἰη.
458 5300 618 5366 μόνον
649 5299 751 5367 ἐμὲ
780 5300 890 5352 τῶν
910 5302 1171 5354 εἰπόντων
1231 5299 1401 5353 ταῦτα
1431 5300 1884 5370 περιεργάζεσθαι

384 5475 465 5538 (a)
509 5473 822 5542 Perplo-xam
884 5479 1103 5529 oumino
1171 5486 1381 5541 oportet
1433 5472 1600 5528 fuisse
1651 5475 1882 5541 scriptu-

315 5561 430 5594 ram
458 5584 470 5603 .
506 5547 586 5596 vel
623 5547 938 5598 tuendoSam
971 5548 1276 5604 admodum,
1323 5546 1463 5597 unde
1501 5555 1608 5595 tam
1638 5546 1886 5610 imperte-

312 5625 460 5665 ctum
516 5617 582 5664 ad
637 5628 734 5665 nos
782 5615 926 5665 venit
972 5614 1320 5680 ccgrapltum,
1357 5623 1413 5664 ut
1464 5613 1705 5678 pluribus
1753 5613 1881 5663 locis

314 5683 637 5746 conjectura
666 5696 801 5747 opus
834 5682 994 5734 fuerit
1017 5686 1081 5733 ad
1119 5683 1420 5734 versionem
1451 5683 1882 5748 qualemcunque

314 5750 722 5814 produt‘cudam
761 5766 774 5802 :
819 5753 959 5816 quod
999 5752 1083 5803 hic
1136 5750 1462 5816 praefandqu
1514 5751 1632 5809 luit.
1664 5751 1708 5803 si
1759 5751 1880 5815 quis

311 5817 458 5873 [orte
509 5821 562 5872 in
596 5819 872 5874 meliorem
907 5821 1147 5874 codicem
1182 5821 1402 5884 incidat,
1439 5823 1580 5874 unde
1623 5821 1705 5873 hic
1739 5824 1877 5872 edita

1988 4488 2245 4547 prastare
2290 4479 2446 4538 solet,
2497 4478 2542 4530 si
2591 4478 2712 4545 quis
2754 4477 2894 4530 torte
2939 4479 3337 4544 pertractandis
3380 4481 3544 4532 rebus

1988 4570 2218 4624 inferior
2267 4569 2461 4633 fuerit,
2515 4569 2606 4622 sed
2650 4569 2810 4621 etiam
2863 4583 2957 4634 per
3008 4567 3154 4634 ipsas
3209 4568 3331 4621 illas
3376 4583 3543 4636 quam

1988 4663 2220 4715 maxime
2258 4659 2535 4712 auxiliari.
2582 4658 2782 4711 Deinde
2820 4658 2943 4712 licet
2978 4659 3187 4711 videam
3231 4675 3420 4713 omnes
3453 4659 3543 4728 qui

1988 4752 2054 4806 de
2081 4751 2171 4804 illa
2211 4750 2610 4812 disseruerunt,
2640 4749 2720 4801 vel
2747 4748 2875 4800 nihil
2909 4750 3329 4817 praetermisisse
3351 4764 3542 4803 eorum

1988 4856 2107 4910 quae
2136 4848 2288 4907 gesta
2319 4849 2465 4901 sunt,
2497 4839 2577 4890 vel
2606 4839 2794 4891 saltem
2829 4839 2881 4890 in
2916 4852 2982 4891 eo
3013 4839 3251 4891 studium
3287 4854 3542 4908 magnum

1989 4933 2230 4998 posuisse
2249 4940 2307 4984 ut
2325 4932 2438 4998 ipsa
2460 4942 2898 4997 assequerentur:
2920 4943 3094 4998 operte
3114 4938 3291 4982 tamen
3313 4930 3546 4997 pretium

1992 5024 2130 5084 fuit.
2180 5037 2266 5076 me
2316 5036 2533 5090 quoque
2577 5020 2660 5074 vel
2704 5021 2937 5073 similem
2980 5019 3210 5072 dicendo
3257 5020 3544 5071 utilitatem

1992 5114 2222 5175 sectari,
2259 5112 2342 5166 vel
2383 5113 2575 5166 saltem
2618 5125 2724 5162 non
2770 5110 2994 5162 omnino
3030 5125 3252 5162 manere
3284 5109 3543 5162 otiosum.

1992 5206 2259 5270 Quoniam
2301 5218 2430 5256 vero
2469 5219 2581 5256 non
2617 5202 2791 5255 solum
2828 5201 2967 5264 illis,
3004 5201 3096 5254 sed
3143 5201 3401 5253 erunibus
3433 5214 3550 5252 om-

1993 5297 2126 5349 nino
2162 5295 2456 5348 oratoriam
2494 5302 2664 5347 artem
2707 5291 3122 5360 proﬁtentibus,
3154 5291 3199 5343 si
3242 5302 3546 5344 sermonem

1997 5473 2276 5527 emendari
2312 5474 2516 5525 certius
2551 5470 2778 5538 possint,
2818 5485 2978 5536 quam
3022 5483 3115 5537 per
3137 5482 3276 5529 eam,
3307 5481 3409 5534 qua
3442 5479 3544 5516 non

1992 5544 2219 5594 libenter
2257 5543 2478 5602 utimur,
2523 5541 2854 5606 conjectandi
2899 5539 3189 5590 licentiam.

2064 5612 2135 5679 (b)
2181 5610 2370 5662 Deerat
2420 5599 2473 5662 in
2512 5599 2781 5679 ecgrapbo
2838 5606 3128 5661 Viennensi
3183 5602 3394 5674 negatio
3448 5599 3544 5668 μὴ,

1989 5678 2148 5748 quam
2181 5680 2475 5731 addendam
2503 5678 2763 5748 judirc;tvig.

2062 5751 2132 5816 (ε)
2177 5748 2513 5816 Eegraphum
2549 5747 2655 5813 μᾶς
2685 5746 2813 5798 τῶν.

2059 5814 2138 5887 (ά)
2177 5816 2324 5872 Idem
2351 5814 2572 5870 παῦσιν.
