4262 6460
692 426 807 489 ’155
1956 426 2262 487 NICOLM
2314 428 2375 486 C;

2261 478 2262 483 η
2314 426 2702 486 CABASILE
3841 420 3944 483 ’ῖῧῦ

698 539 764 591 de
801 537 1184 607 Unguentiﬂua
1230 539 1329 591 hac
1372 536 1663 590 instituere
1702 535 2086 603 aggrediamur
2113 576 2128 601 ,
2172 551 2269 589 ne-
2302 547 2342 599 Α
2376 557 2381 568 ε

2266 565 2269 575 ›
2302 547 2342 599 Α
2376 535 2524 606 παρά
2558 534 2738 587 πάντα
2766 533 2823 587 δὲ
2850 533 3023 587 ταῦτα
3046 535 3094 588 εί
3124 532 3261 603 μετὰ
3289 533 3494 588 τούτων
3518 534 3699 606 δεήσει
3724 536 3835 589 τῶν
3863 530 3949 583 λο-

699 629 943 684 ιιοεεοτὶο
974 629 1256 692 usuvenit,
1286 638 1344 680 ut
1374 644 1481 680 nun
1527 626 1691 681 modo
1731 643 1837 680 non
1881 628 2064 681 dicant
2101 628 2265 696 quid-
2375 643 2382 655 -

2101 628 2265 696 quid-
2375 624 2609 693 γισμῶν,
2638 623 2670 692 ἥ
2703 625 2949 693 άπαντᾷν
2983 625 3061 685 είς
3096 622 3347 677 τουτουσὶ
3374 622 3500 685 τοὺς
3529 624 3766 707 ἀγῶνας..

706 740 874 793 quam
912 724 1056 794 quod
1090 723 1154 777 ad
1190 738 1371 776 rerum
1408 725 1646 789 ipsarum
1680 724 1904 776 accedat
1941 722 2400 793 magnitudinem.
2439 722 2532 775 sed
2577 736 2675 775 nec
2701 720 2948 774 dicturos
3018 735 3076 775 se
3111 730 3361 790 sperent;
3446 721 3749 775 absurdum
3825 737 3942 776 om-

699 817 830 871 nino
870 816 1050 880 fuerit,
1083 815 1259 870 solum
1290 830 1375 868 me
1414 832 1479 867 ex
1512 815 1768 868 omnibus
1795 815 1886 884 qui
1924 816 2037 869 haec
2101 824 2427 877 trectarunt,
2507 813 2884 869 sollicitiorem
2933 828 3055 868 esse
3101 815 3250 868 circa
3297 813 3386 867 illa
3435 814 3653 879 omnia,
3696 813 3744 869 si
3818 824 3940 883 post

701 911 825 964 illos
868 924 953 964 me
1000 925 1221 980 quoque
1262 924 1442 964 sermo
1482 910 1732 974 deﬁciat,
1784 925 1882 964 nec
1935 912 2140 979 possim
2188 919 2269 964 tot
2306 911 2706 965 certaminibus
2743 910 3095 979 respondere.

777 1002 832 1053 ‘2.
871 1000 1133 1069 Equidem
1162 1016 1267 1055 non
1301 1001 1489 1069 ignoro
1509 1002 1649 1069 quod
1673 1002 1986 1055 oratoribus
2009 1000 2265 1054 omnibus
2445 1003 2460 1072 ι

2259 1017 2265 1053 l
2445 1003 2511 1072 β’.
2547 1002 2654 1054 Καὶ
2686 992 2838 1062 οὗτος
2875 1002 2961 1052 ἀεὶ
2994 1003 3106 1061 τοῖς
3144 1000 3364 1066 λέγουσι
3400 1000 3648 1054 κείσεται
3688 1002 3874 1071 νόμος,
3913 1003 3942 1071 ἢ

705 1093 787 1143 lex
822 1091 937 1144 hare
966 1090 1039 1144 sit
1067 1092 1259 1158 posita,
1288 1098 1345 1142 ut
1374 1101 1467 1144 aut
1492 1090 1858 1157 eloquentiam
1890 1105 2072 1159 parem
2106 1106 2270 1159 argu-
2374 1113 2388 1146 ι

2263 1118 2270 1129 ·
2374 1094 2706 1163 παρέχεσθαι
2740 1094 2838 1163 τὴν
2885 1092 3126 1160 γλῶτταν
3167 1092 3274 1145 τῶν
3307 1091 3615 1146 ὑποθέσεων
3658 1093 3819 1158 ἀξίαν
3851 1094 3946 1164 (ι).

708 1191 892 1237 mento
925 1182 1173 1242 aderant,
1203 1192 1295 1235 aut
1326 1182 1603 1237 silentium
1636 1191 1885 1247 teneant;
1914 1188 1967 1233 et
2006 1180 2148 1250 quod
2180 1195 2264 1235 res
2372 1188 2391 1236 ἱ

2372 1187 2404 1253 ἢ
2436 1187 2676 1253 σιωπᾷν·
2709 1184 2844 1250 τάγε
2876 1182 3046 1252 μείζω
3066 1180 3175 1235 τῶν
3199 1182 3436 1234 ἐπαίνων
3461 1182 3556 1234 καὶ
3588 1184 3769 1236 πᾶσαν
3797 1184 3949 1237 ἀντε-

708 1273 959 1327 lautlibus
993 1272 1247 1326 humanis
1278 1271 1512 1340 majores
1541 1288 1871 1340 omnemque
1901 1273 2267 1340 comparatio-
2376 1277 2391 1341 ξ

2265 1303 2267 1309 ν
2376 1277 2596 1342 ξέτασιν
2623 1276 2961 1344 ὑπερϐάντα,
2986 1273 3236 1326 ἐντεῦθεν
3258 1274 3318 1325 οὐ
3345 1273 3453 1326 τῶν
3477 1274 3706 1328 εἰκότων
3727 1274 3948 1340 τεύξον-

706 1376 831 1435 uent
866 1364 1306 1417 lranscundentes
1360 1380 1389 1416 a
1427 1364 1623 1431 seipsis
1655 1365 1887 1416 habeant
1913 1372 1969 1417 ut
2003 1363 2106 1417 sibi
2136 1379 2265 1417 cou-
2371 1384 2389 1419 1

2371 1384 2481 1428 ται,
2535 1368 2625 1419 τοῦ
2659 1366 3006 1429 ἐπαινοῦντος
3062 1365 3424 1435 ἀποχρώντως
3475 1366 3575 1418 οὐκ
3622 1366 3806 1430 ὖντος“
3857 1370 3952 1421 καὶ

712 1434 840 1521 grua
874 1471 1154 1523 nunquam
1183 1467 1591 1524 consequantur
1622 1456 1867 1510 encomia
1891 1496 1907 1520 ,
1941 1470 2049 1509 non
2091 1472 2155 1510 ex
2188 1456 2269 1509 in-
2377 1473 2395 1507 ι

2267 1486 2269 1495 ι
2377 1456 2720 1525 συμϐήσεται
2758 1454 3011 1523 καθάπερ
3040 1434 3273 1523 αἴνιγμα
3310 1456 3421 1516 τοῖς
3454 1455 3798 1524 πράγμασιν·
3834 1457 3950 1509 ἀνθ’

711 1545 1031 1600 suﬂicientia
1060 1546 1393 1605 laudatoris:
1426 1548 1658 1614 ideoque
1680 1550 1948 1619 contingit
1971 1550 2081 1605 illis
2106 1550 2270 1603 veluti
2373 1538 2394 1597 ὃ

2266 1590 2270 1603 λ
2373 1538 2447 1597 ὧν
2471 1544 2579 1613 γάρ
2602 1546 2816 1612 ἀνάγκη
2835 1543 3215 1613 θαυμάζεσθαι
3238 1543 3347 1595 τῶν
3366 1544 3544 1596 άλλων
3560 1544 3949 1614 διαφερόντως,

712 1635 939 1705 aenigma
976 1635 1271 1705 quoddam,
1310 1645 1367 1691 ut
1399 1647 1619 1706 propter
1652 1655 1773 1708 qua:
1810 1655 2031 1695 necesse
2064 1652 2146 1694 est
2178 1655 2271 1694 eas
2374 1637 2395 1689 ti

2374 1637 2494 1690 ἀντὶ
2516 1636 2718 1689 τούτων
2740 1636 2913 1699 οὐδεὶς
2938 1634 3067 1706 περὶ
3086 1637 3264 1688 αὐτῶν
3288 1636 3403 1704 έρετ
3420 1650 3434 1664 ·
3463 1633 3574 1702 ἐγὼ
3599 1636 3657 1688 δὲ
3678 1637 3772 1689 καὶ
3795 1636 3955 1689 τοῦτο

710 1743 819 1797 prae
850 1728 982 1795 jaliis
1026 1728 1325 1792 admirari,
1368 1738 1593 1799 propter
1654 1731 1845 1785 eadem
1898 1730 2081 1785 nullus
2123 1730 2271 1799 ipsas
2376 1729 2393 1779 λ

2376 1729 2519 1796 λέγω
2575 1728 2775 1790 παντὸς
2826 1726 3028 1796 μᾶλλον
3088 1726 3344 1807 ἀληθείας
3408 1726 3673 1795 μετέχων,
3705 1727 3780 1789 ὡς
3846 1727 3955 1796 ἄρα

710 1820 939 1875 dicendo
980 1829 1194 1876 tractet.
1240 1824 1491 1877 Attanten
1523 1838 1665 1877 verae
1698 1823 1895 1877 rationi
1935 1823 2104 1893 magis
2139 1838 2272 1877 con-
2379 1838 2393 1871 ‹

2379 1814 2460 1882 οἷς
2522 1818 2662 1888 ὑπὲρ
2708 1818 2817 1871 τῶν
2862 1819 3205 1887 πραγμάτιον
3255 1820 3371 1872 ἐστὶ
3397 1859 3412 1881 ,
3460 1819 3519 1871 τὸ
3569 1820 3777 1881 πάντας
3832 1819 3956 1879 τοὺς

713 1928 908 1981 gruum
952 1929 1072 1968 esse
1114 1930 1331 1979 censeo,
1382 1924 1440 1967 ut
1478 1914 1717 1969 volentes
1752 1915 1818 1969 de
1862 1914 2059 1969 talibus
2109 1916 2270 1969 rebus
2382 1914 2396 1965 ί

2382 1913 2525 1983 ὑπὲρ
2569 1912 2775 1966 τούτων
2823 1912 3017 1980 λόγους
3072 1913 3221 1964 κάτω
3267 1912 3478 1974 πεσεῖν,
3540 1911 3752 1978 ἀνάγκη
3809 1912 3959 1962 πᾶσα

712 2020 893 2071 agere,
920 2005 1118 2074 quibus
1144 2007 1323 2061 omnis
1352 2021 1534 2061 sermo
1568 2007 1886 2061 succumbat
1918 2019 2143 2061 necesse
2169 2014 2272 2069 est,
2304 1989 2349 2048 Β
2377 2021 2395 2054 1

2245 2019 2272 2069 ι,
2304 1989 2349 2048 Β
2377 2003 2616 2068 τούτους,
2675 2003 2853 2071 λέγειν
2902 2004 2978 2065 ὡς
3024 2003 3260 2073 ἀληθῶς,
3311 2000 3453 2071 ὑπὲρ
3507 2001 3713 2054 τούτων
3749 2003 3928 2071 ἐπίχει

711 2096 856 2149 serio
886 2096 1264 2164 proﬁteantur,
1295 2098 1437 2152 scire
1468 2113 1525 2152 se
1560 2098 1688 2151 talia
1726 2114 2015 2166 aggressos
2052 2099 2273 2153 minime
2375 2114 2394 2165 ε

2375 2097 2635 2165 ροῦντας,
2704 2097 2797 2148 καὶ¹
2874 2094 3192 2159 συνήδεσθαι
3259 2094 3358 2163 τῆς
3424 2092 3583 2157 ἀξίας
3642 2094 3958 2162 ἀποτυγχά-

714 2201 897 2253 parem
926 2186 1118 2241 aderre
1147 2187 1405 2242 dictionis
1435 2189 1835 2253 excellentiam,
1870 2205 1969 2243 nec
2001 2189 2270 2260 indignari
2372 2205 2397 2236 ν

2372 2204 2580 2251 νοντας,
2646 2186 2722 2257 μὴ
2764 2186 2845 2239 ὅτι
2903 2202 2967 2252 γε
3016 2184 3391 2254 δυσχεραίνειν
3440 2182 3518 2253 τῷ
3564 2183 3793 2252 μεγέθει
3845 2185 3958 2235 τῶν

716 2289 993 2346 tamquam
1028 2278 1242 2333 invidos
1270 2294 1459 2334 eorum
1505 2296 1627 2349 qua:
1674 2291 1801 2336 sunt
1844 2281 2119 2336 laudanda
2161 2297 2277 2336 ma-
2375 2278 2397 2328 ὲ

2273 2310 2277 2319 ι
2375 2277 2751 2344 ὲπαινομίνων
2792 2275 2983 2346 ὥσπερ
3019 2276 3386 2343 φθονοῦντας·
3422 2276 3489 2328 τά
3521 2277 3630 2346 γάρ
3667 2276 3821 2346 παρά
3857 2280 3956 2345 τῆς

714 2370 1011 2438 gnitudini,
1048 2385 1173 2424 cum
1205 2371 1340 2425 nihil
1383 2380 1577 2441 prater
1606 2387 1758 2426 suam
1792 2372 2102 2441 Opinionem
2134 2373 2279 2428 acci-
2376 2384 2397 2433 ι

2276 2402 2279 2410 »
2376 2366 2600 2435 γνώμης
2624 2368 2950 2433 συμπίπτει,
2982 2368 3140 2436 εἴπερ
3163 2368 3258 2436 οὐχ
3277 2368 3416 2437 ὑπὲρ
3444 2367 3595 2437 σφῶν
3618 2367 3820 2435 αὐτῶν,
3840 2369 3959 2421 ἀλλ’

714 2461 827 2524 dat,
862 2459 1130 2529 siquidem
1166 2476 1270 2515 non
1298 2476 1377 2527 se,
1408 2462 1502 2517 sed
1534 2463 1677 2531 ipsas
1708 2478 1794 2515 res
1825 2464 2101 2518 voluerint
2140 2478 2276 2532 ιιι-ιε-
2378 2458 2397 2509 ί

2378 2458 2519 2527 ὑπὲρ
2564 2459 2673 2510 τῶν
2709 2458 3056 2528 πραγμάτων
3100 2462 3128 2511 ό
3165 2459 3323 2526 λόγος
3354 2460 3556 2521 αὐτοῖς.
3594 2458 3657 2511 El
3707 2458 3816 2529 γὰρ
3850 2460 3959 2528 χρὴ

717 2552 922 2608 dicare.
947 2552 1059 2607 lmo
1080 2567 1209 2609 vero
1227 2554 1408 2621 potius
1432 2555 1690 2609 convenit
1710 2570 1770 2609 ea
1796 2557 2074 2609 tractanda
2100 2555 2279 2610 susci-
2378 2564 2400 2599 τ

2273 2585 2279 2596 ,
2378 2548 2608 2618 τάληθὲς
2651 2550 2848 2614 εἰπεῖν,
2881 2549 3112 2611 ἐκείνοις
3144 2552 3414 2618 ἐγχειρεῖν
3448 2550 3686 2618 μάλιστα
3715 2549 3823 2602 τῶν
3858 2550 3956 2602 άλ-

720 2657 867 2709 pere,
910 2657 1142 2711 quorum
1182 2642 1284 2696 hoc
1330 2642 1449 2712 ipso
1478 2643 1685 2698 clarius
1720 2642 1993 2698 elucescet
2021 2645 2279 2715 dignitas,
2379 2639 2403 2691 λ

2379 2639 2486 2691 λων
2517 2640 2809 2709 προσήκει,
2844 2642 2988 2711 άπερ
3021 2640 3085 2694 ἂν
3116 2640 3453 2711 ἡττωμένοις
3488 2644 3601 2705 τοῖς
3632 2642 3814 2709 λόγοις
3847 2642 3966 2705 ἑξε-

719 2732 863 2802 quod
914 2732 981 2787 iis
1038 2731 1266 2788 inferior
1316 2743 1499 2787 nostra
1548 2734 1620 2789 sit
1672 2738 1869 2790 oratio.
1926 2736 2081 2801 Quod
2127 2737 2174 2792 si
2216 2738 2282 2793 de
2379 2733 2402 2784 λ

2379 2732 2544 2802 λέγξη
2577 2734 2847 2802 φανερῶς.
2895 2733 3048 2785 Ἐπεὶ
3078 2733 3135 2786 δὲ
3163 2732 3308 2786 οὕτω
3339 2731 3513 2787 ταῦτα
3543 2735 3638 2786 καὶ
3663 2735 3845 2801 λέγειν
3874 2735 3964 2787 διὰ

719 2820 974 2877 omnibus
1002 2821 1315 2877 istiusmodi
1349 2824 1513 2877 rebus
1550 2823 1665 2877 haec
1701 2840 1929 2879 necesse
1959 2836 2043 2879 est
2077 2827 2279 2891 dicere;
2384 2839 2402 2872 τ

2384 2826 2601 2876 πάντων
2627 2825 2864 2892 ἀνάγκη,
2890 2823 3142 2891 Θεοδώρα
3172 2825 3297 2893 μὲν,
3327 2825 3578 2895 καθάπερ
3602 2827 3659 2877 ὲν
3693 2828 3827 2878 πᾶσι
3850 2829 3966 2887 τοῖς

720 2928 940 2968 manum
972 2914 1128 2981 mihi,
1165 2915 1309 2970 sicut
1346 2916 1401 2969 in
1433 2916 1558 2970 aliis
1596 2916 1850 2972 omnibus
1887 2956 1901 2981 ,
1946 2919 2033 2971 hie.
2065 2934 2284 2987 quoque
2384 2918 2403 2968 ὀ

2280 2940 2284 2969 ε
2384 2915 2587 2979 ἄλλοις,
2627 2914 2798 2978 οὕτως
2834 2918 2967 2984 ἡμῖν
3001 2915 3277 2968 κάνταῦθα
3304 2918 3463 2985 χεῖρα
3494 2917 3699 2986 όρέξοι,
3732 2917 3828 2969 καὶ
3858 2918 3963 2970 οὐκ

720 3001 963 3069 porrigat
988 3001 1296 3065 Theodora,
1324 3014 1501 3069 neque
1532 3004 1809 3071 permittat
1836 3020 2119 3059 sermones
2146 3007 2287 3059 mul-
2385 3008 2403 3058 ὲ

2283 3037 2287 3045 ι
2385 3008 2534 3058 ὲάσοι
2563 3008 2688 3069 τοὺς
2718 3006 2907 3072 λόγους
2939 3006 3137 3075 ἥττους
3175 3006 3355 3075 πολλῷ
3379 3009 3614 3076 φανῆναι
3643 3009 3751 3061 τῶν
3782 3007 3966 3064 ἄλλων

719 3102 835 3147 tum
869 3093 1163 3151 inferiores
1201 3096 1368 3150 videri
1400 3095 1503 3159 iis,
1551 3111 1690 3165 quos
1719 3097 1811 3151 alii
1841 3098 1908 3151 de
1953 3097 2067 3166 ipsa
2096 3108 2285 3168 protu-
2389 3117 2402 3149 ι

2389 3099 2516 3167 περὶ
2543 3099 2714 3167 αὐτῆς
2742 3099 3072 3169 εἰρημένων,
3100 3099 3203 3153 κᾶν
3219 3099 3268 3151 εί
3296 3098 3436 3151 τῶν·
3468 3099 3639 3173 αὐτῆς
3658 3102 3972 3174 ἡττηθῆναι

719 3174 856 3249 lere;
898 3186 1149 3254 quamvis
1187 3186 1415 3241 omnino
1469 3197 1720 3256 oporteat
1764 3188 1888 3244 illos
1934 3189 2179 3258 superari
2220 3190 2288 3244 ab
2390 3203 2402 3239 ι

1122 3202 1149 3242 s
1187 3186 1415 3241 omnino
1469 3197 1720 3256 oporteat
1764 3188 1888 3244 illos
1934 3189 2179 3258 superari
2220 3190 2288 3244 ab
2390 3189 2543 3243 πᾶσα
2570 3189 2803 3259 ἀνάγκη.

720 3273 810 3340 iis,
850 3277 1050 3345 quibus
1080 3277 1198 3346 ipsa
1227 3276 1505 3332 cumulata
1531 3288 1637 3344 est,
1668 3278 1879 3347 gratiis.

2146 3422 2380 3495 CAPUT
2463 3428 2506 3480 t.

1702 3538 1918 3605 Patria,
1945 3541 2169 3607 natales,
2219 3543 2523 3613 conjugium
2568 3544 2627 3600 S.
2664 3545 2969 3603 Theodora'.

790 3651 844 3704 5.
883 3647 1043 3706 Juxta
1097 3665 1376 3719 normam,
1428 3656 1794 3712 laudationem
1844 3660 2354 3728 aggredientibusC
2458 3679 2473 3729 γ

2310 3663 2354 3724 C
2458 3663 2526 3729 γ’.
2580 3664 2741 3734 Ἡμῖν
2796 3666 2873 3729 δὲ,
2927 3666 3115 3737 (κατά)
3168 3670 3332 3738 νόμον
3377 3670 3513 3722 πᾶσι
3565 3669 3822 3737 κείμενον
3855 3673 3975 3733 τοῖς

723 3741 1031 3806 tenendam,
1064 3745 1320 3797 convenit
1357 3756 1484 3799 ante
1508 3748 1690 3802 omnia
1725 3749 2042 3804 meminisse
2073 3752 2284 3819 patriae,
2390 3755 2406 3806 ἐ

2390 3755 2761 3825 ἐγκωμιάζειν
2796 3758 3159 3826 ἐπιχειροῦσι,
3203 3762 3461 3831 πατρίδος
3488 3762 3689 3832 πρῶτα
3719 3763 3972 3831 μνησθῆ,

723 3844 783 3887 ut
812 3833 937 3888 inde
977 3833 1233 3888 nimirum
1268 3838 1515 3902 exorsis,
1557 3848 1716 3905 aptus
1754 3839 1954 3895 deinde
1985 3843 2056 3895 sit
2088 3844 2153 3895 ad
2178 3859 2286 3896 (πιε-
2387 3863 2406 3897 ι

2387 3863 2475 3899 ναι
2523 3847 2669 3910 είκὸς
2718 3848 2785 3900 ἂν
2861 3851 2971 3917 τίη,
3019 3850 3289 3918 δήπουθεν
3342 3852 3555 3905 ἐκεῖθεν
3613 3851 3970 3922 ἀρξαμένοις,

726 3935 839 3980 tera
869 3938 1214 3995 progressus.
1248 3925 1346 3979 Est
1376 3926 1539 3994 igitur
1572 3927 1687 3991 illa,
1716 3945 1903 3983 earum
1936 3946 2059 4001 quae
2077 3943 2200 3987 sunt
2230 3934 2285 3987 in
2388 3938 2409 3991 ἐ

2388 3938 2557 3992 ἔπειτ’
2585 3941 2897 4003 ἀκολούθως
2923 3941 3014 3993 ἐπὶ
3039 3943 3210 3996 τᾶλλα
3238 3944 3575 4014 προϐαίνειν.
3604 3945 3763 3999 Ἐστι
3788 3944 3973 3997 τοίνυν

724 4016 934 4070 Graecia
993 4015 1302 4069 insularum
1355 4018 1434 4086 (Ι)
1480 4029 1688 4088 caput:
1747 4036 1868 4074 nam
1917 4024 2289 4091 magnitudine

724 4106 980 4173 quidem,
1026 4106 1431 4175 pulchritudine
1475 4123 1538 4164 ac
1570 4112 1675 4164 situ
1714 4120 1942 4167 czeteras
1972 4113 2048 4183 (2)
2097 4129 2288 4170 omnes

724 4197 1103 4265 circumiectas
1134 4207 1447 4266 exsuperat,
1480 4210 1533 4254 et
1562 4217 1735 4270 usque
1766 4204 1902 4257 adeo
1938 4205 2287 4261 rnediocrita-

725 4295 829 4341 tetn
862 4289 1094 4354 excedit,
1124 4298 1186 4343 ut
1219 4288 1505 4343 videantur
1541 4294 1662 4344 alim
1700 4302 1979 4362 (tanquam
2015 4311 2112 4351 nec
2151 4313 2285 4351 con-

727 4382 857 4436 ferri
888 4383 1105 4451 quidem
1148 4397 1272 4437 cum
1312 4383 1508 4453 Egina
1539 4389 1799 4457 valentes)
1837 4392 2013 4444 eidem
2044 4391 2286 4453 hilariter

727 4474 929 4539 primas
955 4474 1251 4529 concedere
1280 4493 1293 4529 :
1325 4477 1467 4530 aeris
1492 4492 1621 4530 vero
1659 4480 1894 4547 anniqtte
1927 4484 2202 4547 temperie,
2235 4493 2287 4537 et

724 4581 845 4635 qua:
874 4566 1004 4620 hinc
1038 4568 1290 4636 provenit
1327 4569 1733 4634 commoditate,
1770 4581 1914 4623 tanta
1950 4570 2151 4625 fruitur
2175 4613 2189 4635 ,
2228 4584 2284 4628 ut

725 4658 839 4711 sola
867 4659 1076 4712 censeri
1113 4660 1284 4728 possit
1321 4669 1431 4713 tum
1464 4662 1643 4714 omnis
1676 4661 1819 4715 circa
1862 4662 1974 4715 haec
2009 4662 2286 4718 felicitatis

723 4751 1157 4817 promptuarium
1189 4764 1329 4812 esse,
1374 4760 1487 4802 tum
1521 4752 1867 4819 suppeditare
1903 4755 2114 4807 caneris
2144 4755 2285 4809 unde

723 4838 899 4906 ipsam
938 4839 1173 4893 habeant
1219 4855 1344 4893 cum
1380 4841 1548 4893 multa
1586 4841 1957 4906 abundantia,-
1994 4858 2104 4912 quo
2140 4845 2199 4898 llt
2227 4854 2286 4898 ut

724 4929 887 4985 urbes
912 4930 987 4999 ('5)
1030 4931 1082 4985 in
1126 4947 1187 4986 ea
1234 4933 1344 4987 sint
1379 4922 1655 5003 plurimae;
1679 4932 1739 4989 Si
1776 4948 1906 4988 vero
1938 4935 2023 4990 his
2052 4936 2285 5005 amplius

795 5136 865 5204 (ε)
905 5133 1051 5191 Idem
1083 5136 1289 5202 άνξίαν.

729 5275 743 5327 Ι
800 5208 879 5328 {)fb)
909 5206 1098 5326 tMalim
1136 5206 1213 5260 sic
1241 5206 1430 5261 Latine
1460 5206 1561 5275 legi
1592 5224 1606 5261 :
1640 5206 1745 5263 Sed
1776 5222 1863 5263 res
2040 5226 2067 5264 a
2093 5213 2286 5282 seipsis

747 5289 793 5327 ta
853 5291 902 5327 »η
934 5314 949 5328 .

747 5283 949 5328 tabent.

805 5345 880 5412 (g)
923 5345 1248 5417 Prytanemn
1308 5347 1528 5417 proprie
1578 5346 1678 5399 fuit
1736 5346 1884 5417 locus
1938 5351 2089 5404 urbis
2123 5352 2288 5405 Athe-

732 5416 956 5485 ttiettsis,
1002 5415 1095 5469 ubi
1152 5415 1325 5470 victus
1356 5415 1424 5469 de
1476 5417 1693 5483 publico
1726 5416 2098 5485 praebebatur;
2148 5425 2287 5474 unde

732 5484 819 5537 hic
870 5498 967 5550 pro
1030 5486 1401 5551 promptuario
1455 5486 1668 5552 publico
1718 5487 1963 5551 usurpari
2028 5484 2281 5546 videtur:

728 5562 856 5605 sunt
918 5555 1006 5615 qui
1043 5554 1146 5607 dici
1185 5564 1373 5627 putent
1418 5556 1571 5622 quasi
1601 5555 1776 5623 πόρου
1808 5559 2054 5622 ταμεῖον,
2086 5576 2203 5627 quae
2242 5562 2286 5614 si

728 5636 832 5741 uﬂn
865 5631 973 5701 'est
1003 5637 1126 5675 vera
1161 5622 1502 5691 etymologia,
1554 5622 1788 5694 congrua
1838 5634 1922 5678 est
1972 5628 2038 5681 ad
2088 5622 2283 5684 nomen

728 5706 754 5741 a
801 5705 939 5741 usto.

727 5690 939 5744 allusio.

800 5760 877 5835 (ll
916 5759 1149 5835 Medium
1175 5761 1305 5835 _l'e_re
1343 5770 1490 5835 tenet
1537 5760 1731 5829 Egina
1775 5765 1894 5835 ejus
1932 5767 2102 5835 pelagi
2137 5770 2282 5834 quod

730 5827 963 5883 Atticam
990 5829 1058 5885 ab
1090 5831 1295 5886 Achaia
1325 5831 1537 5899 dividit,
1570 5827 1869 5891 stadiorum
1903 5827 2129 5893 circit'er
2154 5827 2221 5893 ΒΟ
2246 5840 2301 5893 in

2388 4028 2526 4098 αὕτη
2575 4030 2740 4099 νῆσος
2764 4031 2892 4099 Ιτῶν
2934 4032 2993 4083 ὲν
3039 4031 3256 4087 Ἐλλάδι
3297 4036 3623 4103 κεφάλαιον,
3667 4039 3744 4100 ὡς
3784 4032 3974 4091 εἵνεκα

2393 4119 2491 4185 μὲν
2521 4119 2788 4187 μεγέθους
2825 4120 2920 4174 καὶ
2957 4122 3192 4186 κάλλους
3223 4126 3319 4176 xci.
3353 4124 3557 4188 θέσεως
3592 4127 3764 4195 μείζω
3792 4126 3974 4181 καθά-

2390 4209 2497 4273 παξ
2527 4211 2632 4261 τῶν
2666 4213 2971 4280 προσοίκων
2999 4215 3368 4286 ἀναφανῆναι,
3402 4218 3495 4271 καὶ
3532 4218 3679 4271 οὕτω
3718 4220 3971 4288 μεγίστῳ

2389 4302 2788 4371 παραλλάττειν
2824 4304 2903 4374 τῷ
2943 4306 3115 4377 μέσῳ,
3150 4309 3227 4372 ὡς
3277 4310 3374 4363 καὶ
3422 4310 3602 4363 δοκεῖν
3645 4311 3830 4374 πάσας
3868 4315 3973 4372 τὰς

2388 4392 2607 4457 νήσους,
2632 4392 2819 4461 ὥσπερ
2857 4395 2959 4447 οὐκ
3009 4397 3287 4469 ἀνταίρειν
3328 4399 3559 4469 ἐχούσας
3596 4403 3815 4471 Λίγίνῃ,
3850 4404 3972 4471 μεθ’

2389 4480 2581 4551 ἡδονῆς
2626 4486 2733 4535 τῶν
2792 4487 3101 4554 πρεσϐείων
3151 4494 3502 4560 παραχωρεῖν
3530 4508 3544 4521 ·
3581 4490 3741 4561 ὡρῶν
3779 4495 3836 4546 δὲ
3875 4496 3972 4546 καὶ

2387 4574 2564 4642 άέρων
2599 4578 2694 4629 καὶ
2724 4578 2818 4629 τοῦ
2850 4581 2971 4631 κατ’
3002 4580 3290 4649 ἀμφότερα
3320 4583 3608 4649 γινομένου
3642 4582 3789 4636 οὕτω
3814 4603 3974 4637 τετυ-

2386 4667 2614 4735 χηκέναι
2637 4669 2926 4737 λαμπρῶς,
2957 4669 3098 4724 ὥστε
3129 4673 3299 4741 μόνην
3320 4674 3527 4742 ταύτην
3543 4676 3721 4729 δοκεῖν
3743 4677 3841 4729 καὶ
3866 4678 3969 4745 τῆς

2387 4760 2513 4827 περὶ
2536 4759 2714 4812 πάντα
2736 4762 2906 4814 ταῦτα
2932 4764 3225 4832 συμπάσης
3250 4765 3595 4834 εὐδαιμονίας
3616 4768 3865 4836 ὡσπερεὶ
3890 4771 3965 4839 (g)

2390 4853 2715 4915 πρυτανεῖον
2760 4846 2898 4903 εἶναι
2938 4854 3059 4912 ταῖς
3106 4853 3331 4916 ἄλλαις,
3374 4856 3471 4908 καὶ
3515 4860 3774 4926 χορηγεῖν
3820 4861 3971 4929 ἔχειν

2387 4940 2638 4995 ἐντεῦθεν
2666 4943 2804 5012 μετά
2829 4943 3024 4997 πολλοῦ
3045 4944 3141 4998 τοῦ
3165 4946 3467 5018 περιόντος,
3496 4949 3566 5000 δι’
3588 4943 3665 5004 ὧν
3691 4953 3751 5004 αί
3786 4954 3970 5017 πόλεις

2315 5148 2365 5206 Β
2394 5148 2648 5221 circuitu,
2682 5147 2748 5221 de
2781 5152 2949 5203 maris
2991 5152 3219 5221 imperio
3251 5155 3381 5207 olim
3420 5155 3754 5211 contendere
3788 5171 3963 5213 ausa:

2394 5217 2448 5269 itt
2485 5218 2637 5271 sinus
2689 5217 2937 5273 Saronici
2975 5217 3138 5275 veluti
3176 5224 3468 5277 ttmhelien.

2467 5287 2541 5354 (2)
2587 5287 2785 5342 Versus
2816 5289 3101 5356 Isthmum,
3130 5292 3384 5352 Salamis,
3415 5293 3802 5349 Pharmacusze
3822 5297 3963 5357 duae.

2394 5356 2645 5430 A__tal_anta
2698 5368 2754 5411 et
2784 5362 2929 5430 alia:
2985 5360 3222 5416 minores
3268 5365 3554 5429 quaedam:
3601 5363 3859 5430 Belbina,
3910 5356 3963 5419 in

2396 5424 2647 5503 Egittatn
2691 5438 2743 5481 et
2784 5428 2935 5503 littus
2978 5430 3254 5503 Atticum;
3287 5424 3489 5485 'verstts
3537 5424 3962 5503 Archipelagutn

2396 5510 2524 5573 vero
2558 5496 2715 5573 pleno
2743 5498 2898 5561 mari,
2935 5498 3119 5573 nullae;
3154 5501 3247 5553 sed
3279 5503 3421 5573 circa
3457 5496 3757 5573 utrumque
3787 5496 3960 5568 littus,

2394 5573 2446 5618 et
2477 5564 2545 5616 ab
2573 5565 2768 5633 [Egina
2825 5568 3166 5631 remotiores,
3199 5569 3381 5625 variae.

2469 5634 2541 5707 (ξι)
2571 5634 2932 5707 Nominautur
2960 5638 3011 5707 in
3037 5653 3097 5691 ea
3146 5641 3261 5707 ipsa
3294 5638 3515 5707 Egilia,
3543 5642 3735 5695 insula?
3765 5657 3960 5696 nomen

2394 5704 2626 5763 faciens.
2669 5706 2811 5772 quod
2863 5707 2915 5759 in
2964 5704 3191 5769 Enniani
3232 5704 3394 5764 vertit
3441 5711 3740 5769 hodiernus
3784 5727 3959 5769 usus:

2395 5774 2584 5842 Aphew
2610 5775 2817 5844 fanum,
2853 5774 2998 5832 lovis
3032 5774 3364 5834 Pan/tillenii
3400 5797 3567 5836 mons.
