  <div class='ocr_page' id='page_1' title='image "/cluster/home/n/w/nwhite01/storage/ocr_20150623/150/nnc1.0022106740/390.png"; bbox 0 0 4262 6460; ppageno 0'>
   <div class='ocr_carea' id='block_1_1' title="bbox 211 459 312 520">
    <p class='ocr_par' dir='ltr' id='par_1_1' title="bbox 211 459 312 520">
     <span class='ocr_line' id='line_1_1' title="bbox 211 459 312 520; baseline 0 -1"><span class='ocrx_word' id='word_1_1' title='bbox 211 459 312 520; x_wconf 82' lang='lat'><strong>757</strong></span> 
     </span>
    </p>
   </div>
   <div class='ocr_carea' id='block_1_2' title="bbox 1442 449 2205 515">
    <p class='ocr_par' dir='ltr' id='par_1_2' title="bbox 1442 449 2205 515">
     <span class='ocr_line' id='line_1_2' title="bbox 1442 449 2205 515; baseline -0.008 -1"><span class='ocrx_word' id='word_1_2' title='bbox 1442 455 1615 515; x_wconf 73' lang='lat' dir='ltr'><strong>Vl&#39;l‘A</strong></span> <span class='ocrx_word' id='word_1_3' title='bbox 1747 449 2205 508; x_wconf 64' lang='lat' dir='ltr'><strong>&#39;l&#39;llEtlDOllsﬁ.</strong></span> 
     </span>
    </p>
   </div>
   <div class='ocr_carea' id='block_1_3' title="bbox 3364 429 3460 489">
    <p class='ocr_par' dir='ltr' id='par_1_3' title="bbox 3364 429 3460 489">
     <span class='ocr_line' id='line_1_3' title="bbox 3364 429 3460 489; baseline 0.021 -3"><span class='ocrx_word' id='word_1_4' title='bbox 3364 429 3460 489; x_wconf 66' lang='lat'><strong>768</strong></span> 
     </span>
    </p>
   </div>
   <div class='ocr_carea' id='block_1_4' title="bbox 211 537 2004 641">
    <p class='ocr_par' dir='ltr' id='par_1_4' title="bbox 211 557 1998 641">
     <span class='ocr_line' id='line_1_4' title="bbox 211 557 1998 641; baseline -0.008 -17"><span class='ocrx_word' id='word_1_5' title='bbox 211 574 490 641; x_wconf 80' lang='grc' dir='ltr'>ἀμείνους.</span> <span class='ocrx_word' id='word_1_6' title='bbox 530 572 589 622; x_wconf 83' lang='grc' dir='ltr'><strong>Εἰ</strong></span> <span class='ocrx_word' id='word_1_7' title='bbox 622 571 678 623; x_wconf 77' lang='grc' dir='ltr'>δὲ</span> <span class='ocrx_word' id='word_1_8' title='bbox 715 571 808 623; x_wconf 76' lang='grc' dir='ltr'><strong>καὶ</strong></span> <span class='ocrx_word' id='word_1_9' title='bbox 854 568 1036 638; x_wconf 75' lang='grc' dir='ltr'>μεῖζον</span> <span class='ocrx_word' id='word_1_10' title='bbox 1071 569 1192 621; x_wconf 84' lang='grc' dir='ltr'><strong>ὅτου</strong></span> <span class='ocrx_word' id='word_1_11' title='bbox 1242 584 1325 628; x_wconf 90' lang='grc' dir='ltr'><strong>τις</strong></span> <span class='ocrx_word' id='word_1_12' title='bbox 1365 567 1430 618; x_wconf 79' lang='grc' dir='ltr'><strong>ἂν</strong></span> <span class='ocrx_word' id='word_1_13' title='bbox 1469 565 1612 617; x_wconf 82' lang='grc' dir='ltr'>εἴποι</span> <span class='ocrx_word' id='word_1_14' title='bbox 1651 563 1784 630; x_wconf 73' lang='grc' dir='ltr'>πρὸς</span> <span class='ocrx_word' id='word_1_15' title='bbox 1815 557 1864 615; x_wconf 79' lang='grc' dir='ltr'><strong>Α</strong></span> <span class='ocrx_word' id='word_1_16' title='bbox 1890 559 1998 626; x_wconf 87' lang='lat' dir='ltr'><strong>aliq</strong></span> 
     </span>
    </p>
   </div>
   <div class='ocr_carea' id='block_1_5' title="bbox 1898 537 3464 641">
    <p class='ocr_par' dir='ltr' id='par_1_5' title="bbox 1898 537 3464 626">
     <span class='ocr_line' id='line_1_5' title="bbox 1898 537 3464 626; baseline -0.015 -16"><span class='ocrx_word' id='word_1_17' title='bbox 1898 559 2096 626; x_wconf 77' lang='lat' dir='ltr'><strong>aliquid</strong></span> <span class='ocrx_word' id='word_1_18' title='bbox 2127 557 2248 610; x_wconf 90' lang='lat' dir='ltr'><strong>addi</strong></span> <span class='ocrx_word' id='word_1_19' title='bbox 2289 556 2460 623; x_wconf 90' lang='lat' dir='ltr'><strong>possit</strong></span> <span class='ocrx_word' id='word_1_20' title='bbox 2503 553 2566 603; x_wconf 86' lang='lat' dir='ltr'><strong>ad</strong></span> <span class='ocrx_word' id='word_1_21' title='bbox 2610 549 2857 618; x_wconf 65' lang='lat' dir='ltr'><strong>gloriam,</strong></span> <span class='ocrx_word' id='word_1_22' title='bbox 2895 546 3018 598; x_wconf 89' lang='lat' dir='ltr'><strong>inde</strong></span> <span class='ocrx_word' id='word_1_23' title='bbox 3053 545 3217 597; x_wconf 86' lang='lat' dir='ltr'><strong>etiam</strong></span> <span class='ocrx_word' id='word_1_24' title='bbox 3257 537 3464 592; x_wconf 80' lang='lat' dir='ltr'><strong>accedit</strong></span> 
     </span>
    </p>
   </div>
   <div class='ocr_carea' id='block_1_6' title="bbox 209 660 1787 730">
    <p class='ocr_par' dir='ltr' id='par_1_6' title="bbox 209 660 1787 730">
     <span class='ocr_line' id='line_1_6' title="bbox 209 660 1787 730; baseline -0.006 -11"><span class='ocrx_word' id='word_1_25' title='bbox 209 667 393 730; x_wconf 77' lang='grc' dir='ltr'>δόξαν,</span> <span class='ocrx_word' id='word_1_26' title='bbox 439 667 532 718; x_wconf 73' lang='grc' dir='ltr'>καὶ</span> <span class='ocrx_word' id='word_1_27' title='bbox 557 666 618 716; x_wconf 69' lang='grc' dir='ltr'>τὸ</span> <span class='ocrx_word' id='word_1_28' title='bbox 659 665 798 718; x_wconf 74' lang='grc' dir='ltr'>κατὰ</span> <span class='ocrx_word' id='word_1_29' title='bbox 829 665 954 727; x_wconf 77' lang='grc' dir='ltr'>τοὺς</span> <span class='ocrx_word' id='word_1_30' title='bbox 987 664 1207 725; x_wconf 79' lang='grc' dir='ltr'><strong>πολίτας</strong></span> <span class='ocrx_word' id='word_1_31' title='bbox 1239 662 1296 715; x_wconf 81' lang='grc' dir='ltr'><strong>εὖ</strong></span> <span class='ocrx_word' id='word_1_32' title='bbox 1331 663 1451 730; x_wconf 70' lang='grc' dir='ltr'>ἔχον</span> <span class='ocrx_word' id='word_1_33' title='bbox 1496 660 1787 714; x_wconf 73' lang='grc' dir='ltr'>κάντεῦθεν</span> 
     </span>
    </p>
   </div>
   <div class='ocr_carea' id='block_1_7' title="bbox 216 751 1792 826">
    <p class='ocr_par' dir='ltr' id='par_1_7' title="bbox 216 751 1792 826">
     <span class='ocr_line' id='line_1_7' title="bbox 216 751 1792 826; baseline -0.005 -16"><span class='ocrx_word' id='word_1_34' title='bbox 216 759 456 826; x_wconf 81' lang='grc' dir='ltr'>μάλιστα</span> <span class='ocrx_word' id='word_1_35' title='bbox 493 757 697 816; x_wconf 79' lang='grc' dir='ltr'>πάσαις</span> <span class='ocrx_word' id='word_1_36' title='bbox 730 757 789 808; x_wconf 81' lang='grc' dir='ltr'>τὸ</span> <span class='ocrx_word' id='word_1_37' title='bbox 817 757 973 826; x_wconf 81' lang='grc' dir='ltr'>νικᾷν</span> <span class='ocrx_word' id='word_1_38' title='bbox 1011 755 1389 823; x_wconf 86' lang='grc' dir='ltr'>περιγίνεται,</span> <span class='ocrx_word' id='word_1_39' title='bbox 1430 755 1524 805; x_wconf 76' lang='grc' dir='ltr'><strong>καὶ</strong></span> <span class='ocrx_word' id='word_1_40' title='bbox 1557 751 1698 804; x_wconf 76' lang='grc' dir='ltr'>οὕτω</span> <span class='ocrx_word' id='word_1_41' title='bbox 1732 751 1792 802; x_wconf 76' lang='grc' dir='ltr'>τὸ</span> 
     </span>
    </p>
   </div>
   <div class='ocr_carea' id='block_1_8' title="bbox 213 846 1790 918">
    <p class='ocr_par' dir='ltr' id='par_1_8' title="bbox 213 846 1790 918">
     <span class='ocr_line' id='line_1_8' title="bbox 213 846 1790 918; baseline -0.004 -18"><span class='ocrx_word' id='word_1_42' title='bbox 213 850 342 902; x_wconf 74' lang='grc' dir='ltr'>κατ’</span> <span class='ocrx_word' id='word_1_43' title='bbox 385 848 557 918; x_wconf 81' lang='grc' dir='ltr'>αὐτὴν</span> <span class='ocrx_word' id='word_1_44' title='bbox 595 848 870 900; x_wconf 75' lang='grc' dir='ltr'><strong>δείκνυται</strong></span> <span class='ocrx_word' id='word_1_45' title='bbox 901 847 1138 916; x_wconf 81' lang='grc' dir='ltr'>προῦχον</span> <span class='ocrx_word' id='word_1_46' title='bbox 1163 862 1177 876; x_wconf 85' lang='grc'>⁶</span> <span class='ocrx_word' id='word_1_47' title='bbox 1231 847 1337 910; x_wconf 84' lang='grc' dir='ltr'>ὅτῳ</span> <span class='ocrx_word' id='word_1_48' title='bbox 1371 850 1478 915; x_wconf 72' lang='grc' dir='ltr'>γὰρ</span> <span class='ocrx_word' id='word_1_49' title='bbox 1514 846 1647 896; x_wconf 81' lang='grc' dir='ltr'>πᾶσι</span> <span class='ocrx_word' id='word_1_50' title='bbox 1682 846 1790 904; x_wconf 83' lang='grc' dir='ltr'>τοῖς</span> 
     </span>
    </p>
   </div>
   <div class='ocr_carea' id='block_1_9' title="bbox 214 936 1795 1010">
    <p class='ocr_par' dir='ltr' id='par_1_9' title="bbox 214 936 1795 1010">
     <span class='ocr_line' id='line_1_9' title="bbox 214 936 1795 1010; baseline -0.006 -15"><span class='ocrx_word' id='word_1_51' title='bbox 214 944 400 1004; x_wconf 80' lang='grc' dir='ltr'>ἄλλοις</span> <span class='ocrx_word' id='word_1_52' title='bbox 434 942 703 1010; x_wconf 78' lang='grc' dir='ltr'><strong>περιττῶς</strong></span> <span class='ocrx_word' id='word_1_53' title='bbox 736 939 1191 1008; x_wconf 83' lang='grc' dir='ltr'>φιλοτιμουμένη,</span> <span class='ocrx_word' id='word_1_54' title='bbox 1229 940 1320 991; x_wconf 75' lang='grc' dir='ltr'>καὶ</span> <span class='ocrx_word' id='word_1_55' title='bbox 1353 937 1492 990; x_wconf 77' lang='grc' dir='ltr'>κατὰ</span> <span class='ocrx_word' id='word_1_56' title='bbox 1520 936 1708 989; x_wconf 82' lang='grc' dir='ltr'>πασῶν</span> <span class='ocrx_word' id='word_1_57' title='bbox 1737 936 1795 986; x_wconf 83' lang='grc' dir='ltr'><strong>τὸ</strong></span> 
     </span>
    </p>
   </div>
   <div class='ocr_carea' id='block_1_10' title="bbox 214 1023 1793 1101">
    <p class='ocr_par' dir='ltr' id='par_1_10' title="bbox 214 1023 1793 1101">
     <span class='ocr_line' id='line_1_10' title="bbox 214 1023 1793 1101; baseline -0.005 -17"><span class='ocrx_word' id='word_1_58' title='bbox 214 1033 422 1101; x_wconf 81' lang='grc' dir='ltr'>κράτος</span> <span class='ocrx_word' id='word_1_59' title='bbox 449 1032 668 1100; x_wconf 70' lang='grc' dir='ltr'>ἔχουσα,</span> <span class='ocrx_word' id='word_1_60' title='bbox 701 1033 795 1084; x_wconf 78' lang='grc' dir='ltr'><strong>καὶ</strong></span> <span class='ocrx_word' id='word_1_61' title='bbox 816 1023 916 1101; x_wconf 83' lang='grc' dir='ltr'>τὴν</span> <span class='ocrx_word' id='word_1_62' title='bbox 942 1031 1178 1082; x_wconf 86' lang='grc' dir='ltr'>νικῶσαν</span> <span class='ocrx_word' id='word_1_63' title='bbox 1212 1032 1267 1081; x_wconf 78' lang='grc' dir='ltr'>ἐν</span> <span class='ocrx_word' id='word_1_64' title='bbox 1297 1029 1469 1082; x_wconf 71' lang='grc' dir='ltr'>ἅπασι</span> <span class='ocrx_word' id='word_1_65' title='bbox 1494 1029 1793 1096; x_wconf 78' lang='grc' dir='ltr'><strong>φερομένη,</strong></span> 
     </span>
    </p>
   </div>
   <div class='ocr_carea' id='block_1_11' title="bbox 222 1121 1799 1192">
    <p class='ocr_par' dir='ltr' id='par_1_11' title="bbox 222 1121 1799 1192">
     <span class='ocr_line' id='line_1_11' title="bbox 222 1121 1799 1192; baseline -0.004 -17"><span class='ocrx_word' id='word_1_66' title='bbox 222 1125 429 1192; x_wconf 75' lang='grc' dir='ltr'>μείζων</span> <span class='ocrx_word' id='word_1_67' title='bbox 465 1123 544 1185; x_wconf 84' lang='grc' dir='ltr'><strong>είς</strong></span> <span class='ocrx_word' id='word_1_68' title='bbox 571 1123 728 1188; x_wconf 77' lang='grc' dir='ltr'>δόξαν</span> <span class='ocrx_word' id='word_1_69' title='bbox 763 1125 796 1192; x_wconf 80' lang='grc' dir='ltr'>ἡ</span> <span class='ocrx_word' id='word_1_70' title='bbox 823 1121 1108 1190; x_wconf 75' lang='grc' dir='ltr'>θαυμαστὴ</span> <span class='ocrx_word' id='word_1_71' title='bbox 1140 1122 1246 1172; x_wconf 91' lang='grc' dir='ltr'><strong>τῶν</strong></span> <span class='ocrx_word' id='word_1_72' title='bbox 1280 1122 1572 1172; x_wconf 75' lang='grc' dir='ltr'>οἰκούντων</span> <span class='ocrx_word' id='word_1_73' title='bbox 1614 1122 1799 1171; x_wconf 83' lang='grc' dir='ltr'>ἐπιτυ-</span> 
     </span>
    </p>
   </div>
   <div class='ocr_carea' id='block_1_12' title="bbox 217 1212 1799 1286">
    <p class='ocr_par' dir='ltr' id='par_1_12' title="bbox 217 1212 1799 1286">
     <span class='ocr_line' id='line_1_12' title="bbox 217 1212 1799 1286; baseline -0.004 -17"><span class='ocrx_word' id='word_1_74' title='bbox 217 1219 312 1286; x_wconf 77' lang='grc' dir='ltr'><strong>γία</strong></span> <span class='ocrx_word' id='word_1_75' title='bbox 337 1260 351 1278; x_wconf 90' lang='grc'><strong>,</strong></span> <span class='ocrx_word' id='word_1_76' title='bbox 389 1217 485 1270; x_wconf 81' lang='grc' dir='ltr'>καὶ</span> <span class='ocrx_word' id='word_1_77' title='bbox 515 1218 576 1270; x_wconf 77' lang='grc' dir='ltr'><strong>τὸ</strong></span> <span class='ocrx_word' id='word_1_78' title='bbox 603 1217 691 1270; x_wconf 82' lang='grc' dir='ltr'>διὰ</span> <span class='ocrx_word' id='word_1_79' title='bbox 728 1216 944 1269; x_wconf 85' lang='grc' dir='ltr'>πάντων</span> <span class='ocrx_word' id='word_1_80' title='bbox 974 1214 1222 1275; x_wconf 76' lang='grc' dir='ltr'>ἐλθοῦσα,</span> <span class='ocrx_word' id='word_1_81' title='bbox 1256 1213 1329 1277; x_wconf 90' lang='grc' dir='ltr'><strong>ῶς</strong></span> <span class='ocrx_word' id='word_1_82' title='bbox 1365 1215 1591 1281; x_wconf 78' lang='grc' dir='ltr'>μηδενὸς</span> <span class='ocrx_word' id='word_1_83' title='bbox 1631 1212 1799 1264; x_wconf 79' lang='grc' dir='ltr'>ἐνδεῖν</span> 
     </span>
    </p>
   </div>
   <div class='ocr_carea' id='block_1_13' title="bbox 219 1304 1802 1377">
    <p class='ocr_par' dir='ltr' id='par_1_13' title="bbox 219 1304 1802 1377">
     <span class='ocr_line' id='line_1_13' title="bbox 219 1304 1802 1377; baseline -0.004 -17"><span class='ocrx_word' id='word_1_84' title='bbox 219 1305 297 1361; x_wconf 80' lang='grc' dir='ltr'>ὧν</span> <span class='ocrx_word' id='word_1_85' title='bbox 327 1327 391 1376; x_wconf 87' lang='grc' dir='ltr'><strong>γε</strong></span> <span class='ocrx_word' id='word_1_86' title='bbox 424 1310 611 1360; x_wconf 90' lang='grc' dir='ltr'>πόλεσι</span> <span class='ocrx_word' id='word_1_87' title='bbox 643 1308 879 1377; x_wconf 84' lang='grc' dir='ltr'>μάλιστα</span> <span class='ocrx_word' id='word_1_88' title='bbox 903 1308 984 1359; x_wconf 87' lang='grc' dir='ltr'><strong>δεῖ</strong></span> <span class='ocrx_word' id='word_1_89' title='bbox 1013 1308 1104 1359; x_wconf 72' lang='grc' dir='ltr'><strong>καὶ</strong></span> <span class='ocrx_word' id='word_1_90' title='bbox 1133 1309 1254 1366; x_wconf 78' lang='grc' dir='ltr'>τοὺς</span> <span class='ocrx_word' id='word_1_91' title='bbox 1285 1305 1509 1367; x_wconf 83' lang='grc' dir='ltr'>πολίτας</span> <span class='ocrx_word' id='word_1_92' title='bbox 1534 1304 1802 1373; x_wconf 73' lang='grc' dir='ltr'>καταλλή-</span> 
     </span>
    </p>
   </div>
   <div class='ocr_carea' id='block_1_14' title="bbox 219 1398 1802 1469">
    <p class='ocr_par' dir='ltr' id='par_1_14' title="bbox 219 1398 1802 1469">
     <span class='ocr_line' id='line_1_14' title="bbox 219 1398 1802 1469; baseline -0.001 -17"><span class='ocrx_word' id='word_1_93' title='bbox 219 1404 349 1464; x_wconf 70' lang='grc' dir='ltr'>λονς</span> <span class='ocrx_word' id='word_1_94' title='bbox 387 1400 724 1469; x_wconf 82' lang='grc' dir='ltr'>κεκτῆσθαι·</span> <span class='ocrx_word' id='word_1_95' title='bbox 764 1399 908 1452; x_wconf 78' lang='grc' dir='ltr'>οὕτω</span> <span class='ocrx_word' id='word_1_96' title='bbox 948 1400 1054 1466; x_wconf 81' lang='grc' dir='ltr'>γὰρ</span> <span class='ocrx_word' id='word_1_97' title='bbox 1089 1398 1415 1467; x_wconf 82' lang='grc' dir='ltr'>χρηστότητι</span> <span class='ocrx_word' id='word_1_98' title='bbox 1455 1399 1674 1467; x_wconf 87' lang='grc' dir='ltr'>τρόπων</span> <span class='ocrx_word' id='word_1_99' title='bbox 1710 1399 1802 1450; x_wconf 73' lang='grc' dir='ltr'><strong>καὶ</strong></span> 
     </span>
    </p>
   </div>
   <div class='ocr_carea' id='block_1_15' title="bbox 221 1486 1800 1561">
    <p class='ocr_par' dir='ltr' id='par_1_15' title="bbox 221 1486 1800 1561">
     <span class='ocr_line' id='line_1_15' title="bbox 221 1486 1800 1561; baseline -0.004 -16"><span class='ocrx_word' id='word_1_100' title='bbox 221 1495 375 1561; x_wconf 72' lang='grc' dir='ltr'>ἠθῶν</span> <span class='ocrx_word' id='word_1_101' title='bbox 401 1493 691 1560; x_wconf 79' lang='grc' dir='ltr'>εὐκοσμία,</span> <span class='ocrx_word' id='word_1_102' title='bbox 721 1492 814 1544; x_wconf 72' lang='grc' dir='ltr'>καὶ</span> <span class='ocrx_word' id='word_1_103' title='bbox 838 1493 1004 1543; x_wconf 80' lang='grc' dir='ltr'>πᾶσιν</span> <span class='ocrx_word' id='word_1_104' title='bbox 1027 1486 1105 1550; x_wconf 79' lang='grc' dir='ltr'>οἷς</span> <span class='ocrx_word' id='word_1_105' title='bbox 1141 1489 1411 1558; x_wconf 82' lang='grc' dir='ltr'>ἀνθρώπῳ</span> <span class='ocrx_word' id='word_1_106' title='bbox 1441 1488 1572 1558; x_wconf 78' lang='grc' dir='ltr'>πρὸς</span> <span class='ocrx_word' id='word_1_107' title='bbox 1602 1489 1800 1556; x_wconf 78' lang='grc' dir='ltr'>τρόπου</span> 
     </span>
    </p>
   </div>
   <div class='ocr_carea' id='block_1_16' title="bbox 222 1583 1804 1651">
    <p class='ocr_par' dir='ltr' id='par_1_16' title="bbox 222 1583 1804 1651">
     <span class='ocr_line' id='line_1_16' title="bbox 222 1583 1804 1651; baseline -0.003 -16"><span class='ocrx_word' id='word_1_108' title='bbox 222 1588 436 1644; x_wconf 69' lang='grc' dir='ltr'>πάντας</span> <span class='ocrx_word' id='word_1_109' title='bbox 459 1585 682 1636; x_wconf 75' lang='grc' dir='ltr'>νικῶσιν</span> <span class='ocrx_word' id='word_1_110' title='bbox 703 1585 776 1645; x_wconf 82' lang='grc' dir='ltr'><strong>ῶς</strong></span> <span class='ocrx_word' id='word_1_111' title='bbox 809 1583 1069 1645; x_wconf 74' lang='grc' dir='ltr'>ἐπιεικῶς</span> <span class='ocrx_word' id='word_1_112' title='bbox 1097 1587 1160 1651; x_wconf 82' lang='grc' dir='ltr'>τῇ</span> <span class='ocrx_word' id='word_1_113' title='bbox 1191 1583 1406 1649; x_wconf 85' lang='grc' dir='ltr'>πατρίδι</span> <span class='ocrx_word' id='word_1_114' title='bbox 1430 1583 1804 1650; x_wconf 82' lang='grc' dir='ltr'>προσήκοντας</span> 
     </span>
    </p>
   </div>
   <div class='ocr_carea' id='block_1_17' title="bbox 226 1673 1804 1741">
    <p class='ocr_par' dir='ltr' id='par_1_17' title="bbox 226 1673 1804 1741">
     <span class='ocr_line' id='line_1_17' title="bbox 226 1673 1804 1741; baseline -0.003 -14"><span class='ocrx_word' id='word_1_115' title='bbox 226 1680 322 1728; x_wconf 74' lang='grc' dir='ltr'><strong>καὶ</strong></span> <span class='ocrx_word' id='word_1_116' title='bbox 349 1677 460 1735; x_wconf 84' lang='grc' dir='ltr'>τοῖς</span> <span class='ocrx_word' id='word_1_117' title='bbox 495 1675 702 1727; x_wconf 80' lang='grc' dir='ltr'>ἐκεῖθεν</span> <span class='ocrx_word' id='word_1_118' title='bbox 725 1675 969 1736; x_wconf 78' lang='grc' dir='ltr'>ἐπαίνοις</span> <span class='ocrx_word' id='word_1_119' title='bbox 997 1674 1070 1735; x_wconf 86' lang='grc' dir='ltr'>ὼς</span> <span class='ocrx_word' id='word_1_120' title='bbox 1103 1673 1320 1734; x_wconf 76' lang='grc' dir='ltr'>οἰκείοις</span> <span class='ocrx_word' id='word_1_121' title='bbox 1349 1673 1804 1741; x_wconf 82' lang='grc' dir='ltr'>σεμνυνομένους,</span> 
     </span>
    </p>
   </div>
   <div class='ocr_carea' id='block_1_18' title="bbox 225 1764 1807 1835">
    <p class='ocr_par' dir='ltr' id='par_1_18' title="bbox 225 1764 1807 1835">
     <span class='ocr_line' id='line_1_18' title="bbox 225 1764 1807 1835; baseline -0.002 -16"><span class='ocrx_word' id='word_1_122' title='bbox 225 1766 405 1828; x_wconf 72' lang='grc' dir='ltr'>οὔτως</span> <span class='ocrx_word' id='word_1_123' title='bbox 436 1767 572 1835; x_wconf 86' lang='grc' dir='ltr'>αὐτῇ</span> <span class='ocrx_word' id='word_1_124' title='bbox 607 1767 890 1832; x_wconf 79' lang='grc' dir='ltr'>συναύξειν</span> <span class='ocrx_word' id='word_1_125' title='bbox 922 1765 979 1818; x_wconf 82' lang='grc' dir='ltr'><strong>εὖ</strong></span> <span class='ocrx_word' id='word_1_126' title='bbox 1017 1766 1247 1833; x_wconf 82' lang='grc' dir='ltr'>μάλιστα</span> <span class='ocrx_word' id='word_1_127' title='bbox 1280 1767 1378 1825; x_wconf 65' lang='grc' dir='ltr'>τὰς</span> <span class='ocrx_word' id='word_1_128' title='bbox 1409 1764 1700 1834; x_wconf 77' lang='grc' dir='ltr'>εὐφημίας,</span> <span class='ocrx_word' id='word_1_129' title='bbox 1734 1766 1807 1827; x_wconf 87' lang='grc' dir='ltr'><strong>ῶς</strong></span> 
     </span>
    </p>
   </div>
   <div class='ocr_carea' id='block_1_19' title="bbox 229 1856 1883 1943">
    <p class='ocr_par' dir='ltr' id='par_1_19' title="bbox 229 1856 1883 1943">
     <span class='ocr_line' id='line_1_19' title="bbox 229 1856 1883 1943; baseline -0.001 -34"><span class='ocrx_word' id='word_1_130' title='bbox 229 1857 529 1925; x_wconf 79' lang='grc' dir='ltr'>ἑκατέρου.</span> <span class='ocrx_word' id='word_1_131' title='bbox 567 1856 817 1924; x_wconf 80' lang='grc' dir='ltr'>ἀλλήλοις</span> <span class='ocrx_word' id='word_1_132' title='bbox 847 1858 1090 1925; x_wconf 79' lang='grc' dir='ltr'>κοσμεῖν,</span> <span class='ocrx_word' id='word_1_133' title='bbox 1125 1860 1216 1908; x_wconf 75' lang='grc' dir='ltr'>καὶ</span> <span class='ocrx_word' id='word_1_134' title='bbox 1243 1856 1308 1908; x_wconf 78' lang='grc' dir='ltr'>δι’</span> <span class='ocrx_word' id='word_1_135' title='bbox 1339 1856 1588 1924; x_wconf 77' lang='grc' dir='ltr'>ἀλλήλων</span> <span class='ocrx_word' id='word_1_136' title='bbox 1624 1857 1811 1908; x_wconf 80' lang='grc' dir='ltr'>ὲκατέ-</span> <span class='ocrx_word' id='word_1_137' title='bbox 1842 1890 1883 1943; x_wconf 71' lang='grc' dir='ltr'><strong><em>Β</em></strong></span> 
     </span>
    </p>
   </div>
   <div class='ocr_carea' id='block_1_20' title="bbox 234 1950 763 2017">
    <p class='ocr_par' dir='ltr' id='par_1_20' title="bbox 234 1950 763 2017">
     <span class='ocr_line' id='line_1_20' title="bbox 234 1950 763 2017; baseline 0 -17"><span class='ocrx_word' id='word_1_138' title='bbox 234 1966 365 2017; x_wconf 89' lang='grc' dir='ltr'>ρους</span> <span class='ocrx_word' id='word_1_139' title='bbox 399 1950 763 2017; x_wconf 82' lang='grc' dir='ltr'>εὐδαιμονεῖν.</span> 
     </span>
    </p>
   </div>
   <div class='ocr_carea' id='block_1_21' title="bbox 308 2213 1816 2284">
    <p class='ocr_par' dir='ltr' id='par_1_21' title="bbox 308 2213 1816 2284">
     <span class='ocr_line' id='line_1_21' title="bbox 308 2213 1816 2284; baseline 0.002 -20"><span class='ocrx_word' id='word_1_140' title='bbox 308 2213 372 2266; x_wconf 82' lang='grc' dir='ltr'><strong>δ’.</strong></span> <span class='ocrx_word' id='word_1_141' title='bbox 405 2213 624 2266; x_wconf 82' lang='grc' dir='ltr'>Τούτων</span> <span class='ocrx_word' id='word_1_142' title='bbox 653 2215 707 2265; x_wconf 88' lang='grc' dir='ltr'>δὲ</span> <span class='ocrx_word' id='word_1_143' title='bbox 739 2215 799 2267; x_wconf 82' lang='grc' dir='ltr'>τὸ</span> <span class='ocrx_word' id='word_1_144' title='bbox 827 2215 1084 2282; x_wconf 85' lang='grc' dir='ltr'>μέγιστον</span> <span class='ocrx_word' id='word_1_145' title='bbox 1113 2217 1274 2284; x_wconf 82' lang='grc' dir='ltr'>μέρος</span> <span class='ocrx_word' id='word_1_146' title='bbox 1304 2217 1351 2267; x_wconf 79' lang='lat' dir='ltr'><strong>oi</strong></span> <span class='ocrx_word' id='word_1_147' title='bbox 1387 2215 1690 2282; x_wconf 73' lang='grc' dir='ltr'>θαυμαστοὶ</span> <span class='ocrx_word' id='word_1_148' title='bbox 1717 2219 1816 2283; x_wconf 70' lang='grc' dir='ltr'><strong>τῆς</strong></span> 
     </span>
    </p>
   </div>
   <div class='ocr_carea' id='block_1_22' title="bbox 241 2307 1818 2375">
    <p class='ocr_par' dir='ltr' id='par_1_22' title="bbox 241 2307 1818 2375">
     <span class='ocr_line' id='line_1_22' title="bbox 241 2307 1818 2375; baseline 0.001 -17"><span class='ocrx_word' id='word_1_149' title='bbox 241 2307 495 2375; x_wconf 78' lang='grc' dir='ltr'>μεγάλης</span> <span class='ocrx_word' id='word_1_150' title='bbox 527 2309 806 2374; x_wconf 88' lang='grc' dir='ltr'>πρόγονοι,</span> <span class='ocrx_word' id='word_1_151' title='bbox 839 2310 933 2359; x_wconf 73' lang='grc' dir='ltr'>καὶ</span> <span class='ocrx_word' id='word_1_152' title='bbox 959 2310 1007 2360; x_wconf 74' lang='lat' dir='ltr'><strong>oi</strong></span> <span class='ocrx_word' id='word_1_153' title='bbox 1037 2310 1201 2361; x_wconf 71' lang='grc' dir='ltr'>αἴτιοι</span> <span class='ocrx_word' id='word_1_154' title='bbox 1231 2311 1515 2375; x_wconf 71' lang='grc' dir='ltr'>γεγονότες</span> <span class='ocrx_word' id='word_1_155' title='bbox 1543 2308 1676 2375; x_wconf 87' lang='grc' dir='ltr'>αὑτῇ</span> <span class='ocrx_word' id='word_1_156' title='bbox 1720 2311 1818 2375; x_wconf 80' lang='grc' dir='ltr'>τῆς</span> 
     </span>
    </p>
   </div>
   <div class='ocr_carea' id='block_1_23' title="bbox 239 2398 1820 2469">
    <p class='ocr_par' dir='ltr' id='par_1_23' title="bbox 239 2398 1820 2469">
     <span class='ocr_line' id='line_1_23' title="bbox 239 2398 1820 2469; baseline 0.002 -18"><span class='ocrx_word' id='word_1_157' title='bbox 239 2403 319 2461; x_wconf 85' lang='grc' dir='ltr'><strong>είς</strong></span> <span class='ocrx_word' id='word_1_158' title='bbox 350 2399 443 2451; x_wconf 71' lang='grc' dir='ltr'><strong>τὸν</strong></span> <span class='ocrx_word' id='word_1_159' title='bbox 471 2398 581 2468; x_wconf 88' lang='grc' dir='ltr'>βίον</span> <span class='ocrx_word' id='word_1_160' title='bbox 615 2400 843 2468; x_wconf 81' lang='grc' dir='ltr'>προόδου</span> <span class='ocrx_word' id='word_1_161' title='bbox 871 2416 884 2429; x_wconf 87' lang='grc'><strong>·</strong></span> <span class='ocrx_word' id='word_1_162' title='bbox 923 2399 1179 2452; x_wconf 81' lang='grc' dir='ltr'>τοσοῦτον</span> <span class='ocrx_word' id='word_1_163' title='bbox 1211 2401 1318 2469; x_wconf 84' lang='grc' dir='ltr'><strong>γὰρ</strong></span> <span class='ocrx_word' id='word_1_164' title='bbox 1348 2402 1442 2453; x_wconf 74' lang='grc' dir='ltr'>καὶ</span> <span class='ocrx_word' id='word_1_165' title='bbox 1473 2401 1689 2468; x_wconf 83' lang='grc' dir='ltr'>πλούτῳ</span> <span class='ocrx_word' id='word_1_166' title='bbox 1729 2402 1820 2454; x_wconf 71' lang='grc' dir='ltr'><strong>καὶ</strong></span> 
     </span>
    </p>
   </div>
   <div class='ocr_carea' id='block_1_24' title="bbox 242 2488 1819 2562">
    <p class='ocr_par' dir='ltr' id='par_1_24' title="bbox 242 2488 1819 2562">
     <span class='ocr_line' id='line_1_24' title="bbox 242 2488 1819 2562; baseline -0.008 -6"><span class='ocrx_word' id='word_1_167' title='bbox 242 2493 371 2562; x_wconf 68' lang='grc' dir='ltr'>δόξῃ</span> <span class='ocrx_word' id='word_1_168' title='bbox 434 2494 527 2544; x_wconf 71' lang='grc' dir='ltr'><strong>καὶ</strong></span> <span class='ocrx_word' id='word_1_169' title='bbox 588 2491 665 2560; x_wconf 79' lang='grc' dir='ltr'>τῷ</span> <span class='ocrx_word' id='word_1_170' title='bbox 712 2491 807 2543; x_wconf 82' lang='grc' dir='ltr'><strong>τοῦ</strong></span> <span class='ocrx_word' id='word_1_171' title='bbox 873 2491 1064 2558; x_wconf 78' lang='grc' dir='ltr'>γένους</span> <span class='ocrx_word' id='word_1_172' title='bbox 1137 2488 1191 2545; x_wconf 83' lang='grc' dir='ltr'><strong>εὖ</strong></span> <span class='ocrx_word' id='word_1_173' title='bbox 1244 2493 1387 2561; x_wconf 82' lang='grc' dir='ltr'>ἔχειν</span> <span class='ocrx_word' id='word_1_174' title='bbox 1445 2497 1536 2545; x_wconf 79' lang='grc' dir='ltr'><strong>καὶ</strong></span> <span class='ocrx_word' id='word_1_175' title='bbox 1599 2494 1819 2561; x_wconf 84' lang='grc' dir='ltr'>τρόποις</span> 
     </span>
    </p>
   </div>
   <div class='ocr_carea' id='block_1_25' title="bbox 243 2580 1824 2655">
    <p class='ocr_par' dir='ltr' id='par_1_25' title="bbox 243 2580 1824 2655">
     <span class='ocr_line' id='line_1_25' title="bbox 243 2580 1824 2655; baseline -0.001 -18"><span class='ocrx_word' id='word_1_176' title='bbox 243 2588 505 2655; x_wconf 83' lang='grc' dir='ltr'>χρηστοῖς</span> <span class='ocrx_word' id='word_1_177' title='bbox 537 2587 629 2636; x_wconf 77' lang='grc' dir='ltr'><strong>καὶ</strong></span> <span class='ocrx_word' id='word_1_178' title='bbox 663 2584 738 2652; x_wconf 79' lang='grc' dir='ltr'>τῷ</span> <span class='ocrx_word' id='word_1_179' title='bbox 771 2584 890 2651; x_wconf 84' lang='grc' dir='ltr'><strong>Θεῴ</strong></span> <span class='ocrx_word' id='word_1_180' title='bbox 926 2583 1098 2648; x_wconf 82' lang='grc' dir='ltr'>φιλεῖς</span> <span class='ocrx_word' id='word_1_181' title='bbox 1129 2580 1286 2645; x_wconf 73' lang='grc' dir='ltr'>εἶναι,</span> <span class='ocrx_word' id='word_1_182' title='bbox 1326 2589 1420 2637; x_wconf 74' lang='grc' dir='ltr'><strong>καὶ</strong></span> <span class='ocrx_word' id='word_1_183' title='bbox 1451 2587 1616 2638; x_wconf 84' lang='grc' dir='ltr'>πᾶσιν</span> <span class='ocrx_word' id='word_1_184' title='bbox 1645 2586 1718 2646; x_wconf 87' lang='grc' dir='ltr'><strong>ῶς</strong></span> <span class='ocrx_word' id='word_1_185' title='bbox 1752 2590 1824 2637; x_wconf 82' lang='grc' dir='ltr'><strong>εἰ-</strong></span> 
     </span>
    </p>
   </div>
   <div class='ocr_carea' id='block_1_26' title="bbox 245 2676 1825 2746">
    <p class='ocr_par' dir='ltr' id='par_1_26' title="bbox 245 2676 1825 2746">
     <span class='ocr_line' id='line_1_26' title="bbox 245 2676 1825 2746; baseline -0.001 -16"><span class='ocrx_word' id='word_1_186' title='bbox 245 2681 372 2730; x_wconf 76' lang='grc' dir='ltr'>πεῖν</span> <span class='ocrx_word' id='word_1_187' title='bbox 402 2679 513 2739; x_wconf 87' lang='grc' dir='ltr'>τοῖς</span> <span class='ocrx_word' id='word_1_188' title='bbox 546 2676 841 2745; x_wconf 83' lang='grc' dir='ltr'>βελτίστοις</span> <span class='ocrx_word' id='word_1_189' title='bbox 877 2677 1027 2745; x_wconf 75' lang='grc' dir='ltr'>παρὰ</span> <span class='ocrx_word' id='word_1_190' title='bbox 1057 2677 1164 2728; x_wconf 89' lang='grc' dir='ltr'><strong>τῶν</strong></span> <span class='ocrx_word' id='word_1_191' title='bbox 1194 2677 1425 2728; x_wconf 90' lang='grc' dir='ltr'>πολιτῶν</span> <span class='ocrx_word' id='word_1_192' title='bbox 1455 2679 1514 2728; x_wconf 84' lang='grc' dir='ltr'><strong>τὸ</strong></span> <span class='ocrx_word' id='word_1_193' title='bbox 1547 2695 1825 2746; x_wconf 81' lang='grc' dir='ltr'>συγκεχω-</span> 
     </span>
    </p>
   </div>
   <div class='ocr_carea' id='block_1_27' title="bbox 250 2763 1825 2839">
    <p class='ocr_par' dir='ltr' id='par_1_27' title="bbox 250 2763 1825 2839">
     <span class='ocr_line' id='line_1_27' title="bbox 250 2763 1825 2839; baseline 0 -17"><span class='ocrx_word' id='word_1_194' title='bbox 250 2770 423 2839; x_wconf 74' lang='grc' dir='ltr'>ρηκδς</span> <span class='ocrx_word' id='word_1_195' title='bbox 474 2769 649 2837; x_wconf 78' lang='grc' dir='ltr'>ἔσχον,</span> <span class='ocrx_word' id='word_1_196' title='bbox 686 2771 810 2821; x_wconf 82' lang='grc' dir='ltr'>ὅσον</span> <span class='ocrx_word' id='word_1_197' title='bbox 857 2763 1002 2822; x_wconf 71' lang='grc' dir='ltr'>οὗτοι</span> <span class='ocrx_word' id='word_1_198' title='bbox 1032 2773 1126 2822; x_wconf 76' lang='grc' dir='ltr'><strong>καί</strong></span> <span class='ocrx_word' id='word_1_199' title='bbox 1165 2771 1375 2830; x_wconf 79' lang='grc' dir='ltr'>τούτοις</span> <span class='ocrx_word' id='word_1_200' title='bbox 1415 2771 1508 2820; x_wconf 78' lang='grc' dir='ltr'><strong>καὶ</strong></span> <span class='ocrx_word' id='word_1_201' title='bbox 1537 2773 1666 2821; x_wconf 72' lang='grc' dir='ltr'>πᾶσι</span> <span class='ocrx_word' id='word_1_202' title='bbox 1715 2775 1825 2832; x_wconf 86' lang='grc' dir='ltr'>τοῖς</span> 
     </span>
    </p>
   </div>
   <div class='ocr_carea' id='block_1_28' title="bbox 247 2861 1819 2932">
    <p class='ocr_par' dir='ltr' id='par_1_28' title="bbox 247 2861 1819 2932">
     <span class='ocr_line' id='line_1_28' title="bbox 247 2861 1819 2932; baseline -0.001 -17"><span class='ocrx_word' id='word_1_203' title='bbox 247 2864 436 2924; x_wconf 72' lang='grc' dir='ltr'>ἄλλοις</span> <span class='ocrx_word' id='word_1_204' title='bbox 468 2863 575 2915; x_wconf 87' lang='grc' dir='ltr'><strong>τῶν</strong></span> <span class='ocrx_word' id='word_1_205' title='bbox 606 2863 782 2915; x_wconf 74' lang='grc' dir='ltr'>ἄλλων</span> <span class='ocrx_word' id='word_1_206' title='bbox 813 2863 1146 2932; x_wconf 74' lang='grc' dir='ltr'>ἐκράτησαν.</span> <span class='ocrx_word' id='word_1_207' title='bbox 1182 2863 1275 2923; x_wconf 87' lang='grc' dir='ltr'><strong>Τίς</strong></span> <span class='ocrx_word' id='word_1_208' title='bbox 1317 2863 1413 2914; x_wconf 79' lang='grc' dir='ltr'><strong>οὐκ</strong></span> <span class='ocrx_word' id='word_1_209' title='bbox 1439 2861 1577 2914; x_wconf 70' lang='grc' dir='ltr'>οἶδεν</span> <span class='ocrx_word' id='word_1_210' title='bbox 1627 2864 1819 2915; x_wconf 80' lang='grc' dir='ltr'>Ἀντώ·</span> 
     </span>
    </p>
   </div>
   <div class='ocr_carea' id='block_1_29' title="bbox 248 2954 1831 3024">
    <p class='ocr_par' dir='ltr' id='par_1_29' title="bbox 248 2954 1831 3024">
     <span class='ocr_line' id='line_1_29' title="bbox 248 2954 1831 3024; baseline -0.003 -16"><span class='ocrx_word' id='word_1_211' title='bbox 248 2974 382 3018; x_wconf 87' lang='grc' dir='ltr'>νιον,</span> <span class='ocrx_word' id='word_1_212' title='bbox 433 2955 492 3018; x_wconf 81' lang='grc' dir='ltr'><strong>δς</strong></span> <span class='ocrx_word' id='word_1_213' title='bbox 535 2957 613 3017; x_wconf 88' lang='grc' dir='ltr'><strong>είς</strong></span> <span class='ocrx_word' id='word_1_214' title='bbox 659 2955 786 3014; x_wconf 82' lang='grc' dir='ltr'>τοὺς</span> <span class='ocrx_word' id='word_1_215' title='bbox 831 2954 1083 3024; x_wconf 74' lang='grc' dir='ltr'>ἱερᾶσθαι</span> <span class='ocrx_word' id='word_1_216' title='bbox 1124 2954 1385 3022; x_wconf 77' lang='grc' dir='ltr'>λαχόντας</span> <span class='ocrx_word' id='word_1_217' title='bbox 1434 2955 1677 3018; x_wconf 69' lang='grc' dir='ltr'>τελέσας,</span> <span class='ocrx_word' id='word_1_218' title='bbox 1737 2955 1831 3006; x_wconf 74' lang='grc' dir='ltr'>καὶ</span> 
     </span>
    </p>
   </div>
   <div class='ocr_carea' id='block_1_30' title="bbox 251 3046 1831 3115">
    <p class='ocr_par' dir='ltr' id='par_1_30' title="bbox 251 3046 1831 3115">
     <span class='ocr_line' id='line_1_30' title="bbox 251 3046 1831 3115; baseline -0.001 -17"><span class='ocrx_word' id='word_1_219' title='bbox 251 3049 465 3109; x_wconf 78' lang='grc' dir='ltr'>πάντας</span> <span class='ocrx_word' id='word_1_220' title='bbox 526 3047 581 3097; x_wconf 84' lang='grc' dir='ltr'>ὲν</span> <span class='ocrx_word' id='word_1_221' title='bbox 642 3048 808 3098; x_wconf 74' lang='grc' dir='ltr'>πᾶσιν</span> <span class='ocrx_word' id='word_1_222' title='bbox 866 3046 1274 3115; x_wconf 83' lang='grc' dir='ltr'>ύπερνικήσας,</span> <span class='ocrx_word' id='word_1_223' title='bbox 1329 3046 1528 3110; x_wconf 76' lang='grc' dir='ltr'>ἔδειξεν</span> <span class='ocrx_word' id='word_1_224' title='bbox 1586 3046 1831 3115; x_wconf 85' lang='grc' dir='ltr'>ἐναργῶς</span> 
     </span>
    </p>
   </div>
   <div class='ocr_carea' id='block_1_31' title="bbox 249 3135 1831 3208">
    <p class='ocr_par' dir='ltr' id='par_1_31' title="bbox 249 3135 1831 3208">
     <span class='ocr_line' id='line_1_31' title="bbox 249 3135 1831 3208; baseline -0.001 -17"><span class='ocrx_word' id='word_1_225' title='bbox 249 3143 437 3191; x_wconf 85' lang='grc' dir='ltr'>ὁποῖον</span> <span class='ocrx_word' id='word_1_226' title='bbox 467 3135 609 3191; x_wconf 70' lang='grc' dir='ltr'>εἶναι</span> <span class='ocrx_word' id='word_1_227' title='bbox 634 3138 741 3207; x_wconf 81' lang='grc' dir='ltr'><strong>χρὴ</strong></span> <span class='ocrx_word' id='word_1_228' title='bbox 773 3139 874 3190; x_wconf 70' lang='grc' dir='ltr'>κάν</span> <span class='ocrx_word' id='word_1_229' title='bbox 905 3141 1012 3200; x_wconf 80' lang='grc' dir='ltr'>τοῖς</span> <span class='ocrx_word' id='word_1_230' title='bbox 1039 3138 1222 3206; x_wconf 74' lang='grc' dir='ltr'>ἔργοις</span> <span class='ocrx_word' id='word_1_231' title='bbox 1258 3139 1346 3190; x_wconf 63' lang='grc' dir='ltr'>τὸν</span> <span class='ocrx_word' id='word_1_232' title='bbox 1373 3138 1630 3206; x_wconf 88' lang='grc' dir='ltr'>τοιαύτην</span> <span class='ocrx_word' id='word_1_233' title='bbox 1671 3142 1831 3208; x_wconf 77' lang='grc' dir='ltr'>ἐσχη-</span> 
     </span>
    </p>
   </div>
   <div class='ocr_carea' id='block_1_32' title="bbox 1895 628 3464 716">
    <p class='ocr_par' dir='ltr' id='par_1_32' title="bbox 1895 628 3464 716">
     <span class='ocr_line' id='line_1_32' title="bbox 1895 628 3464 716; baseline -0.016 -12"><span class='ocrx_word' id='word_1_234' title='bbox 1895 652 2035 704; x_wconf 87' lang='lat' dir='ltr'><strong>haud</strong></span> <span class='ocrx_word' id='word_1_235' title='bbox 2071 664 2281 716; x_wconf 84' lang='lat' dir='ltr'><strong>parum,</strong></span> <span class='ocrx_word' id='word_1_236' title='bbox 2318 646 2459 716; x_wconf 89' lang='lat' dir='ltr'><strong>quod</strong></span> <span class='ocrx_word' id='word_1_237' title='bbox 2498 644 2700 712; x_wconf 83' lang='lat' dir='ltr'><strong>Optima</strong></span> <span class='ocrx_word' id='word_1_238' title='bbox 2749 639 3048 692; x_wconf 77' lang='lat' dir='ltr'><strong>incolarum</strong></span> <span class='ocrx_word' id='word_1_239' title='bbox 3087 628 3464 698; x_wconf 76' lang='lat' dir='ltr'><strong>complexione</strong></span> 
     </span>
    </p>
   </div>
   <div class='ocr_carea' id='block_1_33' title="bbox 1892 719 3462 799">
    <p class='ocr_par' dir='ltr' id='par_1_33' title="bbox 1892 719 3462 799">
     <span class='ocr_line' id='line_1_33' title="bbox 1892 719 3462 799; baseline -0.017 -4"><span class='ocrx_word' id='word_1_240' title='bbox 1892 742 2105 795; x_wconf 92' lang='lat' dir='ltr'><strong>cunctis</strong></span> <span class='ocrx_word' id='word_1_241' title='bbox 2151 740 2232 792; x_wconf 88' lang='lat' dir='ltr'><strong>vel</strong></span> <span class='ocrx_word' id='word_1_242' title='bbox 2271 738 2507 790; x_wconf 76' lang='lat' dir='ltr'><strong>maxime</strong></span> <span class='ocrx_word' id='word_1_243' title='bbox 2557 734 2626 787; x_wconf 94' lang='lat' dir='ltr'><strong>sit</strong></span> <span class='ocrx_word' id='word_1_244' title='bbox 2672 730 2951 799; x_wconf 79' lang='lat' dir='ltr'><strong>superior,</strong></span> <span class='ocrx_word' id='word_1_245' title='bbox 3002 734 3056 779; x_wconf 92' lang='lat' dir='ltr'><strong>et</strong></span> <span class='ocrx_word' id='word_1_246' title='bbox 3097 723 3214 790; x_wconf 87' lang='lat' dir='ltr'><strong>ejus</strong></span> <span class='ocrx_word' id='word_1_247' title='bbox 3263 720 3362 772; x_wconf 89' lang='lat' dir='ltr'><strong>hac</strong></span> <span class='ocrx_word' id='word_1_248' title='bbox 3408 719 3462 769; x_wconf 90' lang='lat' dir='ltr'><strong>in</strong></span> 
     </span>
    </p>
   </div>
   <div class='ocr_carea' id='block_1_34' title="bbox 1895 806 3460 902">
    <p class='ocr_par' dir='ltr' id='par_1_34' title="bbox 1895 806 3460 902">
     <span class='ocr_line' id='line_1_34' title="bbox 1895 806 3460 902; baseline -0.018 -17"><span class='ocrx_word' id='word_1_249' title='bbox 1895 843 2046 902; x_wconf 82' lang='lat' dir='ltr'><strong>parte</strong></span> <span class='ocrx_word' id='word_1_250' title='bbox 2097 829 2451 900; x_wconf 63' lang='lat' dir='ltr'><strong>praerogatiia</strong></span> <span class='ocrx_word' id='word_1_251' title='bbox 2504 824 2681 893; x_wconf 84' lang='lat' dir='ltr'><strong>palam</strong></span> <span class='ocrx_word' id='word_1_252' title='bbox 2727 825 3155 873; x_wconf 79' lang='lat' dir='ltr'><strong>demonstretur.</strong></span> <span class='ocrx_word' id='word_1_253' title='bbox 3217 811 3270 862; x_wconf 88' lang='lat' dir='ltr'><strong>ld</strong></span> <span class='ocrx_word' id='word_1_254' title='bbox 3315 806 3460 860; x_wconf 90' lang='lat' dir='ltr'><strong>enim</strong></span> 
     </span>
    </p>
   </div>
   <div class='ocr_carea' id='block_1_35' title="bbox 1898 899 3466 990">
    <p class='ocr_par' dir='ltr' id='par_1_35' title="bbox 1898 899 3466 990">
     <span class='ocr_line' id='line_1_35' title="bbox 1898 899 3466 990; baseline -0.018 -13"><span class='ocrx_word' id='word_1_255' title='bbox 1898 924 2041 977; x_wconf 88' lang='lat' dir='ltr'><strong>unde</strong></span> <span class='ocrx_word' id='word_1_256' title='bbox 2075 899 2184 990; x_wconf 68' lang='lat' dir='ltr'><strong>prae</strong></span> <span class='ocrx_word' id='word_1_257' title='bbox 2217 920 2339 973; x_wconf 85' lang='lat' dir='ltr'><strong>aliis</strong></span> <span class='ocrx_word' id='word_1_258' title='bbox 2372 914 2720 984; x_wconf 81' lang='lat' dir='ltr'><strong>singulariter</strong></span> <span class='ocrx_word' id='word_1_259' title='bbox 2755 909 3041 979; x_wconf 78' lang='lat' dir='ltr'><strong>gloriatur,</strong></span> <span class='ocrx_word' id='word_1_260' title='bbox 3077 914 3333 970; x_wconf 77' lang='lat' dir='ltr'><strong>tanquam</strong></span> <span class='ocrx_word' id='word_1_261' title='bbox 3365 899 3466 951; x_wconf 80' lang='lat' dir='ltr'><strong>im-</strong></span> 
     </span>
    </p>
   </div>
   <div class='ocr_carea' id='block_1_36' title="bbox 1897 990 3468 1086">
    <p class='ocr_par' dir='ltr' id='par_1_36' title="bbox 1897 990 3468 1086">
     <span class='ocr_line' id='line_1_36' title="bbox 1897 990 3468 1086; baseline -0.017 -19"><span class='ocrx_word' id='word_1_262' title='bbox 1897 1017 2104 1086; x_wconf 88' lang='lat' dir='ltr'><strong>perium</strong></span> <span class='ocrx_word' id='word_1_263' title='bbox 2146 1014 2197 1066; x_wconf 85' lang='lat' dir='ltr'><strong>ili</strong></span> <span class='ocrx_word' id='word_1_264' title='bbox 2229 1026 2418 1065; x_wconf 87' lang='lat' dir='ltr'><strong>omnes</strong></span> <span class='ocrx_word' id='word_1_265' title='bbox 2448 1010 2654 1063; x_wconf 80' lang='lat' dir='ltr'><strong>habens</strong></span> <span class='ocrx_word' id='word_1_266' title='bbox 2705 1014 2759 1056; x_wconf 89' lang='lat' dir='ltr'><strong>et</strong></span> <span class='ocrx_word' id='word_1_267' title='bbox 2812 1001 3014 1070; x_wconf 87' lang='lat' dir='ltr'><strong>primas</strong></span> <span class='ocrx_word' id='word_1_268' title='bbox 3048 997 3100 1049; x_wconf 89' lang='lat' dir='ltr'><strong>in</strong></span> <span class='ocrx_word' id='word_1_269' title='bbox 3128 991 3337 1046; x_wconf 81' lang='lat' dir='ltr'><strong>cunet‘is</strong></span> <span class='ocrx_word' id='word_1_270' title='bbox 3390 990 3468 1041; x_wconf 82' lang='lat' dir='ltr'><strong>fe-</strong></span> 
     </span>
    </p>
   </div>
   <div class='ocr_carea' id='block_1_37' title="bbox 1898 1075 3535 1173">
    <p class='ocr_par' dir='ltr' id='par_1_37' title="bbox 1898 1075 3535 1173">
     <span class='ocr_line' id='line_1_37' title="bbox 1898 1075 3535 1173; baseline -0.02 -13"><span class='ocrx_word' id='word_1_271' title='bbox 1898 1124 2063 1170; x_wconf 85' lang='lat' dir='ltr'><strong>rens,</strong></span> <span class='ocrx_word' id='word_1_272' title='bbox 2121 1104 2380 1173; x_wconf 80' lang='lat' dir='ltr'><strong>quodque</strong></span> <span class='ocrx_word' id='word_1_273' title='bbox 2435 1114 2620 1154; x_wconf 83' lang='lat' dir='ltr'><strong>revera</strong></span> <span class='ocrx_word' id='word_1_274' title='bbox 2677 1105 2760 1149; x_wconf 89' lang='lat' dir='ltr'><strong>est</strong></span> <span class='ocrx_word' id='word_1_275' title='bbox 2813 1093 2878 1146; x_wconf 81' lang='lat' dir='ltr'><strong>ad</strong></span> <span class='ocrx_word' id='word_1_276' title='bbox 2934 1082 3465 1144; x_wconf 86' lang='lat' dir='ltr'><strong>commendationem</strong></span> <span class='ocrx_word' id='word_1_277' title='bbox 3530 1075 3535 1081; x_wconf 81' lang='grc'><em>’</em></span> 
     </span>
    </p>
   </div>
   <div class='ocr_carea' id='block_1_38' title="bbox 1900 1171 3469 1261">
    <p class='ocr_par' dir='ltr' id='par_1_38' title="bbox 1900 1171 3469 1261">
     <span class='ocr_line' id='line_1_38' title="bbox 1900 1171 3469 1261; baseline -0.02 -8"><span class='ocrx_word' id='word_1_278' title='bbox 1900 1199 2223 1257; x_wconf 75' lang='lat' dir='ltr'><strong>maximum,</strong></span> <span class='ocrx_word' id='word_1_279' title='bbox 2255 1205 2336 1248; x_wconf 91' lang='lat' dir='ltr'><strong>est</strong></span> <span class='ocrx_word' id='word_1_280' title='bbox 2365 1191 2692 1261; x_wconf 79' lang='lat' dir='ltr'><strong>prosperitas</strong></span> <span class='ocrx_word' id='word_1_281' title='bbox 2718 1184 3018 1237; x_wconf 84' lang='lat' dir='ltr'><strong>ineolarnm</strong></span> <span class='ocrx_word' id='word_1_282' title='bbox 3051 1171 3387 1229; x_wconf 79' lang='lat' dir='ltr'><strong>admirabilis</strong></span> <span class='ocrx_word' id='word_1_283' title='bbox 3415 1179 3469 1223; x_wconf 79' lang='lat' dir='ltr'><strong>et</strong></span> 
     </span>
    </p>
   </div>
   <div class='ocr_carea' id='block_1_39' title="bbox 1903 1262 3468 1346">
    <p class='ocr_par' dir='ltr' id='par_1_39' title="bbox 1903 1262 3468 1346">
     <span class='ocr_line' id='line_1_39' title="bbox 1903 1262 3468 1346; baseline -0.022 0"><span class='ocrx_word' id='word_1_284' title='bbox 1903 1293 2158 1346; x_wconf 87' lang='lat' dir='ltr'><strong>omnibus</strong></span> <span class='ocrx_word' id='word_1_285' title='bbox 2188 1285 2431 1340; x_wconf 84' lang='lat' dir='ltr'><strong>numeris</strong></span> <span class='ocrx_word' id='word_1_286' title='bbox 2469 1294 2575 1334; x_wconf 86' lang='lat' dir='ltr'><strong>tam</strong></span> <span class='ocrx_word' id='word_1_287' title='bbox 2601 1279 2871 1335; x_wconf 82' lang='lat' dir='ltr'><strong>absoluta,</strong></span> <span class='ocrx_word' id='word_1_288' title='bbox 2899 1284 2957 1326; x_wconf 93' lang='lat' dir='ltr'><strong>ut</strong></span> <span class='ocrx_word' id='word_1_289' title='bbox 2987 1270 3120 1324; x_wconf 88' lang='lat' dir='ltr'><strong>nihil</strong></span> <span class='ocrx_word' id='word_1_290' title='bbox 3163 1279 3352 1320; x_wconf 82' lang='lat' dir='ltr'><strong>eorum</strong></span> <span class='ocrx_word' id='word_1_291' title='bbox 3382 1262 3468 1314; x_wconf 85' lang='lat' dir='ltr'><strong>in-</strong></span> 
     </span>
    </p>
   </div>
   <div class='ocr_carea' id='block_1_40' title="bbox 1903 1358 3471 1452">
    <p class='ocr_par' dir='ltr' id='par_1_40' title="bbox 1903 1358 3471 1452">
     <span class='ocr_line' id='line_1_40' title="bbox 1903 1358 3471 1452; baseline -0.022 -15"><span class='ocrx_word' id='word_1_292' title='bbox 1903 1385 2103 1452; x_wconf 81' lang='lat' dir='ltr'><strong>digeat,</strong></span> <span class='ocrx_word' id='word_1_293' title='bbox 2149 1394 2269 1447; x_wconf 65' lang='lat' dir='ltr'><strong>«iure</strong></span> <span class='ocrx_word' id='word_1_294' title='bbox 2313 1375 2584 1446; x_wconf 69' lang='lat' dir='ltr'><strong>praecipue</strong></span> <span class='ocrx_word' id='word_1_295' title='bbox 2618 1371 2842 1423; x_wconf 80' lang='lat' dir='ltr'><strong>urbibus</strong></span> <span class='ocrx_word' id='word_1_296' title='bbox 2891 1375 3012 1418; x_wconf 90' lang='lat' dir='ltr'><strong>sunt</strong></span> <span class='ocrx_word' id='word_1_297' title='bbox 3046 1358 3378 1417; x_wconf 74' lang='lat' dir='ltr'><strong>necessaria,</strong></span> <span class='ocrx_word' id='word_1_298' title='bbox 3417 1360 3471 1404; x_wconf 87' lang='lat' dir='ltr'><strong>et</strong></span> 
     </span>
    </p>
   </div>
   <div class='ocr_carea' id='block_1_41' title="bbox 1905 1448 3470 1535">
    <p class='ocr_par' dir='ltr' id='par_1_41' title="bbox 1905 1448 3470 1535">
     <span class='ocr_line' id='line_1_41' title="bbox 1905 1448 3470 1535; baseline -0.021 -8"><span class='ocrx_word' id='word_1_299' title='bbox 1905 1476 2054 1528; x_wconf 81' lang='lat' dir='ltr'><strong>cives</strong></span> <span class='ocrx_word' id='word_1_300' title='bbox 2103 1473 2240 1524; x_wconf 83' lang='lat' dir='ltr'><strong>inter</strong></span> <span class='ocrx_word' id='word_1_301' title='bbox 2289 1483 2348 1522; x_wconf 83' lang='lat' dir='ltr'><strong>se</strong></span> <span class='ocrx_word' id='word_1_302' title='bbox 2396 1461 2770 1535; x_wconf 89' lang='lat' dir='ltr'><strong>quamoptime</strong></span> <span class='ocrx_word' id='word_1_303' title='bbox 2821 1459 3012 1510; x_wconf 77' lang='lat' dir='ltr'><strong>habeat</strong></span> <span class='ocrx_word' id='word_1_304' title='bbox 3060 1448 3470 1505; x_wconf 83' lang='lat' dir='ltr'><strong>convenientes.</strong></span> 
     </span>
    </p>
   </div>
   <div class='ocr_carea' id='block_1_42' title="bbox 1908 1537 3475 1618">
    <p class='ocr_par' dir='ltr' id='par_1_42' title="bbox 1908 1537 3475 1618">
     <span class='ocr_line' id='line_1_42' title="bbox 1908 1537 3475 1618; baseline -0.02 0"><span class='ocrx_word' id='word_1_305' title='bbox 1908 1567 2039 1618; x_wconf 82' lang='lat' dir='ltr'><strong>Nam</strong></span> <span class='ocrx_word' id='word_1_306' title='bbox 2090 1563 2331 1616; x_wconf 79' lang='lat' dir='ltr'><strong>bonitate</strong></span> <span class='ocrx_word' id='word_1_307' title='bbox 2381 1559 2578 1611; x_wconf 88' lang='lat' dir='ltr'><strong>indolis</strong></span> <span class='ocrx_word' id='word_1_308' title='bbox 2633 1563 2954 1616; x_wconf 85' lang='lat' dir='ltr'><strong>morumque</strong></span> <span class='ocrx_word' id='word_1_309' title='bbox 2999 1551 3216 1598; x_wconf 87' lang='lat' dir='ltr'><strong>ornatu.</strong></span> <span class='ocrx_word' id='word_1_310' title='bbox 3259 1547 3307 1592; x_wconf 88' lang='lat' dir='ltr'><strong>et</strong></span> <span class='ocrx_word' id='word_1_311' title='bbox 3353 1537 3475 1605; x_wconf 84' lang='lat' dir='ltr'><strong>qui-</strong></span> 
     </span>
    </p>
   </div>
   <div class='ocr_carea' id='block_1_43' title="bbox 1910 1636 3471 1723">
    <p class='ocr_par' dir='ltr' id='par_1_43' title="bbox 1910 1636 3471 1723">
     <span class='ocr_line' id='line_1_43' title="bbox 1910 1636 3471 1723; baseline -0.022 -11"><span class='ocrx_word' id='word_1_312' title='bbox 1910 1660 2224 1723; x_wconf 89' lang='lat' dir='ltr'><strong>buscunque</strong></span> <span class='ocrx_word' id='word_1_313' title='bbox 2265 1649 2470 1705; x_wconf 87' lang='lat' dir='ltr'><strong>homini</strong></span> <span class='ocrx_word' id='word_1_314' title='bbox 2512 1662 2652 1716; x_wconf 84' lang='lat' dir='ltr'><strong>Opus</strong></span> <span class='ocrx_word' id='word_1_315' title='bbox 2694 1654 2778 1698; x_wconf 81' lang='lat' dir='ltr'><strong>est</strong></span> <span class='ocrx_word' id='word_1_316' title='bbox 2831 1640 2895 1693; x_wconf 82' lang='lat' dir='ltr'><strong>ad</strong></span> <span class='ocrx_word' id='word_1_317' title='bbox 2942 1639 3063 1690; x_wconf 74' lang='lat' dir='ltr'><strong>vitae</strong></span> <span class='ocrx_word' id='word_1_318' title='bbox 3110 1636 3471 1688; x_wconf 68' lang='lat' dir='ltr'><strong>honestatem,</strong></span> 
     </span>
    </p>
   </div>
   <div class='ocr_carea' id='block_1_44' title="bbox 1911 1729 3482 1815">
    <p class='ocr_par' dir='ltr' id='par_1_44' title="bbox 1911 1729 3482 1815">
     <span class='ocr_line' id='line_1_44' title="bbox 1911 1729 3482 1815; baseline -0.02 -12"><span class='ocrx_word' id='word_1_319' title='bbox 1911 1755 2169 1815; x_wconf 85' lang='lat' dir='ltr'><strong>superant</strong></span> <span class='ocrx_word' id='word_1_320' title='bbox 2206 1744 2468 1812; x_wconf 89' lang='lat' dir='ltr'><strong>reliquos,</strong></span> <span class='ocrx_word' id='word_1_321' title='bbox 2501 1739 2661 1794; x_wconf 88' lang='lat' dir='ltr'><strong>veluti</strong></span> <span class='ocrx_word' id='word_1_322' title='bbox 2696 1736 2789 1804; x_wconf 91' lang='lat' dir='ltr'><strong>qui</strong></span> <span class='ocrx_word' id='word_1_323' title='bbox 2824 1748 2934 1786; x_wconf 74' lang='lat' dir='ltr'><strong>sua:</strong></span> <span class='ocrx_word' id='word_1_324' title='bbox 2964 1729 3153 1800; x_wconf 63' lang='lat' dir='ltr'><strong>patriae</strong></span> <span class='ocrx_word' id='word_1_325' title='bbox 3190 1735 3313 1792; x_wconf 86' lang='lat' dir='ltr'><strong>apte</strong></span> <span class='ocrx_word' id='word_1_326' title='bbox 3344 1735 3482 1776; x_wconf 86' lang='lat' dir='ltr'><strong>eon-</strong></span> 
     </span>
    </p>
   </div>
   <div class='ocr_carea' id='block_1_45' title="bbox 1914 1813 3482 1910">
    <p class='ocr_par' dir='ltr' id='par_1_45' title="bbox 1914 1813 3482 1910">
     <span class='ocr_line' id='line_1_45' title="bbox 1914 1813 3482 1910; baseline -0.018 -17"><span class='ocrx_word' id='word_1_327' title='bbox 1914 1848 2132 1910; x_wconf 82' lang='lat' dir='ltr'><strong>grnaut,</strong></span> <span class='ocrx_word' id='word_1_328' title='bbox 2188 1847 2242 1891; x_wconf 92' lang='lat' dir='ltr'><strong>et</strong></span> <span class='ocrx_word' id='word_1_329' title='bbox 2277 1837 2416 1891; x_wconf 85' lang='lat' dir='ltr'><strong>sicut</strong></span> <span class='ocrx_word' id='word_1_330' title='bbox 2453 1833 2600 1886; x_wconf 85' lang='lat' dir='ltr'><strong>illius</strong></span> <span class='ocrx_word' id='word_1_331' title='bbox 2644 1826 2898 1882; x_wconf 89' lang='lat' dir='ltr'><strong>laudibus</strong></span> <span class='ocrx_word' id='word_1_332' title='bbox 2936 1833 3194 1887; x_wconf 85' lang='lat' dir='ltr'><strong>tanquam</strong></span> <span class='ocrx_word' id='word_1_333' title='bbox 3245 1813 3482 1885; x_wconf 86' lang='lat' dir='ltr'><strong>propriis</strong></span> 
     </span>
    </p>
   </div>
   <div class='ocr_carea' id='block_1_46' title="bbox 1913 1904 3484 1994">
    <p class='ocr_par' dir='ltr' id='par_1_46' title="bbox 1913 1904 3484 1994">
     <span class='ocr_line' id='line_1_46' title="bbox 1913 1904 3484 1994; baseline -0.019 -8"><span class='ocrx_word' id='word_1_334' title='bbox 1913 1935 2263 1994; x_wconf 71' lang='lat' dir='ltr'><strong>decorantur,</strong></span> <span class='ocrx_word' id='word_1_335' title='bbox 2297 1927 2377 1980; x_wconf 88' lang='lat' dir='ltr'><strong>sic</strong></span> <span class='ocrx_word' id='word_1_336' title='bbox 2406 1925 2508 1994; x_wconf 90' lang='lat' dir='ltr'><strong>ipsi</strong></span> <span class='ocrx_word' id='word_1_337' title='bbox 2544 1917 3040 1977; x_wconf 85' lang='lat' dir='ltr'><strong>commendationis</strong></span> <span class='ocrx_word' id='word_1_338' title='bbox 3073 1912 3278 1966; x_wconf 87' lang='lat' dir='ltr'><strong>addant</strong></span> <span class='ocrx_word' id='word_1_339' title='bbox 3315 1904 3484 1976; x_wconf 83' lang='lat' dir='ltr'><strong>pluri-</strong></span> 
     </span>
    </p>
   </div>
   <div class='ocr_carea' id='block_1_47' title="bbox 1914 1997 3481 2089">
    <p class='ocr_par' dir='ltr' id='par_1_47' title="bbox 1914 1997 3481 2089">
     <span class='ocr_line' id='line_1_47' title="bbox 1914 1997 3481 2089; baseline -0.019 -9"><span class='ocrx_word' id='word_1_340' title='bbox 1914 2041 2086 2088; x_wconf 90' lang='lat' dir='ltr'><strong>mum,</strong></span> <span class='ocrx_word' id='word_1_341' title='bbox 2111 2031 2408 2089; x_wconf 86' lang='lat' dir='ltr'><strong>mutuoque</strong></span> <span class='ocrx_word' id='word_1_342' title='bbox 2435 2032 2494 2072; x_wconf 86' lang='lat' dir='ltr'><strong>se</strong></span> <span class='ocrx_word' id='word_1_343' title='bbox 2517 2022 2713 2069; x_wconf 84' lang='lat' dir='ltr'><strong>ornent</strong></span> <span class='ocrx_word' id='word_1_344' title='bbox 2739 2019 2794 2065; x_wconf 90' lang='lat' dir='ltr'><strong>et</strong></span> <span class='ocrx_word' id='word_1_345' title='bbox 2828 2019 3073 2062; x_wconf 89' lang='lat' dir='ltr'><strong>mutuam</strong></span> <span class='ocrx_word' id='word_1_346' title='bbox 3105 2003 3368 2071; x_wconf 80' lang='lat' dir='ltr'><strong>impleant</strong></span> <span class='ocrx_word' id='word_1_347' title='bbox 3404 1997 3481 2051; x_wconf 85' lang='lat' dir='ltr'><strong>l&#39;e-</strong></span> 
     </span>
    </p>
   </div>
   <div class='ocr_carea' id='block_1_48' title="bbox 1919 2121 2197 2174">
    <p class='ocr_par' dir='ltr' id='par_1_48' title="bbox 1919 2121 2197 2174">
     <span class='ocr_line' id='line_1_48' title="bbox 1919 2121 2197 2174; baseline -0.007 -2"><span class='ocrx_word' id='word_1_348' title='bbox 1919 2121 2197 2174; x_wconf 85' lang='lat' dir='ltr'><strong>licitatem.</strong></span> 
     </span>
    </p>
   </div>
   <div class='ocr_carea' id='block_1_49' title="bbox 1989 2190 3490 2274">
    <p class='ocr_par' dir='ltr' id='par_1_49' title="bbox 1989 2190 3490 2274">
     <span class='ocr_line' id='line_1_49' title="bbox 1989 2190 3490 2274; baseline -0.016 -7"><span class='ocrx_word' id='word_1_349' title='bbox 1989 2215 2043 2267; x_wconf 78' lang='grc'><strong>4.</strong></span> <span class='ocrx_word' id='word_1_350' title='bbox 2089 2210 2292 2264; x_wconf 91' lang='lat' dir='ltr'><strong>llorum</strong></span> <span class='ocrx_word' id='word_1_351' title='bbox 2322 2217 2499 2262; x_wconf 89' lang='lat' dir='ltr'><strong>autem</strong></span> <span class='ocrx_word' id='word_1_352' title='bbox 2529 2220 2656 2274; x_wconf 89' lang='lat' dir='ltr'><strong>pars</strong></span> <span class='ocrx_word' id='word_1_353' title='bbox 2684 2219 2789 2256; x_wconf 91' lang='lat' dir='ltr'><strong>non</strong></span> <span class='ocrx_word' id='word_1_354' title='bbox 2827 2200 3049 2253; x_wconf 84' lang='lat' dir='ltr'><strong>minima</strong></span> <span class='ocrx_word' id='word_1_355' title='bbox 3078 2209 3288 2261; x_wconf 74' lang='lat' dir='ltr'><strong>magna:</strong></span> <span class='ocrx_word' id='word_1_356' title='bbox 3325 2190 3490 2258; x_wconf 79' lang='lat' dir='ltr'><strong>hujus</strong></span> 
     </span>
    </p>
   </div>
   <div class='ocr_carea' id='block_1_50' title="bbox 1922 2283 3490 2364">
    <p class='ocr_par' dir='ltr' id='par_1_50' title="bbox 1922 2283 3490 2364">
     <span class='ocr_line' id='line_1_50' title="bbox 1922 2283 3490 2364; baseline -0.018 -2"><span class='ocrx_word' id='word_1_357' title='bbox 1922 2316 2122 2362; x_wconf 68' lang='lat' dir='ltr'><strong>saneta:</strong></span> <span class='ocrx_word' id='word_1_358' title='bbox 2151 2304 2301 2357; x_wconf 81' lang='lat' dir='ltr'><strong>fuere</strong></span> <span class='ocrx_word' id='word_1_359' title='bbox 2333 2297 2641 2354; x_wconf 87' lang='lat' dir='ltr'><strong>admirandi</strong></span> <span class='ocrx_word' id='word_1_360' title='bbox 2674 2301 2947 2364; x_wconf 85' lang='lat' dir='ltr'><strong>parentes,</strong></span> <span class='ocrx_word' id='word_1_361' title='bbox 2983 2303 3076 2358; x_wconf 84' lang='lat' dir='ltr'><strong>per</strong></span> <span class='ocrx_word' id='word_1_362' title='bbox 3108 2300 3246 2356; x_wconf 90' lang='lat' dir='ltr'><strong>quos</strong></span> <span class='ocrx_word' id='word_1_363' title='bbox 3281 2283 3490 2347; x_wconf 70' lang='lat' dir='ltr'><strong>ingres-</strong></span> 
     </span>
    </p>
   </div>
   <div class='ocr_carea' id='block_1_51' title="bbox 1922 2375 3492 2465">
    <p class='ocr_par' dir='ltr' id='par_1_51' title="bbox 1922 2375 3492 2465">
     <span class='ocr_line' id='line_1_51' title="bbox 1922 2375 3492 2465; baseline -0.019 -11"><span class='ocrx_word' id='word_1_364' title='bbox 1922 2414 2042 2454; x_wconf 91' lang='lat' dir='ltr'><strong>sum</strong></span> <span class='ocrx_word' id='word_1_365' title='bbox 2087 2397 2205 2465; x_wconf 86' lang='lat' dir='ltr'><strong>ipsa</strong></span> <span class='ocrx_word' id='word_1_366' title='bbox 2254 2393 2308 2446; x_wconf 92' lang='lat' dir='ltr'><strong>in</strong></span> <span class='ocrx_word' id='word_1_367' title='bbox 2350 2392 2489 2444; x_wconf 88' lang='lat' dir='ltr'><strong>hanc</strong></span> <span class='ocrx_word' id='word_1_368' title='bbox 2527 2389 2691 2442; x_wconf 85' lang='lat' dir='ltr'><strong>vitam</strong></span> <span class='ocrx_word' id='word_1_369' title='bbox 2737 2385 2967 2438; x_wconf 90' lang='lat' dir='ltr'><strong>habuit:</strong></span> <span class='ocrx_word' id='word_1_370' title='bbox 3002 2380 3140 2433; x_wconf 86' lang='lat' dir='ltr'><strong>adeo</strong></span> <span class='ocrx_word' id='word_1_371' title='bbox 3170 2377 3313 2430; x_wconf 91' lang='lat' dir='ltr'><strong>enim</strong></span> <span class='ocrx_word' id='word_1_372' title='bbox 3351 2375 3492 2427; x_wconf 87' lang='lat' dir='ltr'><strong>inter</strong></span> 
     </span>
    </p>
   </div>
   <div class='ocr_carea' id='block_1_52' title="bbox 1923 2466 3494 2546">
    <p class='ocr_par' dir='ltr' id='par_1_52' title="bbox 1923 2466 3494 2546">
     <span class='ocr_line' id='line_1_52' title="bbox 1923 2466 3494 2546; baseline -0.017 -3"><span class='ocrx_word' id='word_1_373' title='bbox 1923 2490 2067 2543; x_wconf 87' lang='lat' dir='ltr'><strong>cives</strong></span> <span class='ocrx_word' id='word_1_374' title='bbox 2093 2499 2284 2539; x_wconf 90' lang='lat' dir='ltr'><strong>omnes</strong></span> <span class='ocrx_word' id='word_1_375' title='bbox 2319 2481 2694 2535; x_wconf 73' lang='lat' dir='ltr'><strong>excelluerunt</strong></span> <span class='ocrx_word' id='word_1_376' title='bbox 2729 2475 2925 2545; x_wconf 91' lang='lat' dir='ltr'><strong>opibus</strong></span> <span class='ocrx_word' id='word_1_377' title='bbox 2949 2514 2962 2536; x_wconf 88' lang='lat'><strong>,</strong></span> <span class='ocrx_word' id='word_1_378' title='bbox 2997 2471 3165 2538; x_wconf 80' lang='lat' dir='ltr'><strong>gloria</strong></span> <span class='ocrx_word' id='word_1_379' title='bbox 3192 2508 3206 2531; x_wconf 97' lang='lat'><strong>,</strong></span> <span class='ocrx_word' id='word_1_380' title='bbox 3242 2466 3494 2546; x_wconf 79' lang='lat' dir='ltr'><strong>claritate</strong></span> 
     </span>
    </p>
   </div>
   <div class='ocr_carea' id='block_1_53' title="bbox 1925 2557 3494 2650">
    <p class='ocr_par' dir='ltr' id='par_1_53' title="bbox 1925 2557 3494 2650">
     <span class='ocr_line' id='line_1_53' title="bbox 1925 2557 3494 2650; baseline -0.016 -17"><span class='ocrx_word' id='word_1_381' title='bbox 1925 2579 2159 2650; x_wconf 74' lang='lat' dir='ltr'><strong>generis,</strong></span> <span class='ocrx_word' id='word_1_382' title='bbox 2189 2589 2398 2628; x_wconf 92' lang='lat' dir='ltr'><strong>morum</strong></span> <span class='ocrx_word' id='word_1_383' title='bbox 2430 2568 2762 2641; x_wconf 66' lang='lat' dir='ltr'><strong>praestantia,</strong></span> <span class='ocrx_word' id='word_1_384' title='bbox 2792 2565 2882 2619; x_wconf 82' lang='lat' dir='ltr'><strong>Dei</strong></span> <span class='ocrx_word' id='word_1_385' title='bbox 2904 2563 3220 2623; x_wconf 81' lang='lat' dir='ltr'><strong>dilectione,</strong></span> <span class='ocrx_word' id='word_1_386' title='bbox 3247 2569 3297 2612; x_wconf 88' lang='lat' dir='ltr'><strong>et</strong></span> <span class='ocrx_word' id='word_1_387' title='bbox 3329 2557 3494 2611; x_wconf 75' lang='lat' dir='ltr'><strong>rebus</strong></span> 
     </span>
    </p>
   </div>
   <div class='ocr_carea' id='block_1_54' title="bbox 1926 2647 3491 2740">
    <p class='ocr_par' dir='ltr' id='par_1_54' title="bbox 1926 2647 3491 2740">
     <span class='ocr_line' id='line_1_54' title="bbox 1926 2647 3491 2740; baseline -0.018 -14"><span class='ocrx_word' id='word_1_388' title='bbox 1926 2647 2340 2740; x_wconf 78' lang='lat' dir='ltr'><strong>quibuseunque</strong></span> <span class='ocrx_word' id='word_1_389' title='bbox 2386 2667 2466 2734; x_wconf 89' lang='lat' dir='ltr'><strong>(ut</strong></span> <span class='ocrx_word' id='word_1_390' title='bbox 2517 2663 2681 2716; x_wconf 85' lang='lat' dir='ltr'><strong>verbo</strong></span> <span class='ocrx_word' id='word_1_391' title='bbox 2727 2674 2836 2714; x_wconf 91' lang='lat' dir='ltr'><strong>uno</strong></span> <span class='ocrx_word' id='word_1_392' title='bbox 2885 2656 3184 2719; x_wconf 83' lang='lat' dir='ltr'><strong>absolvam)</strong></span> <span class='ocrx_word' id='word_1_393' title='bbox 3236 2647 3491 2718; x_wconf 81' lang='lat' dir='ltr'><strong>optimis,</strong></span> 
     </span>
    </p>
   </div>
   <div class='ocr_carea' id='block_1_55' title="bbox 1928 2740 3498 2834">
    <p class='ocr_par' dir='ltr' id='par_1_55' title="bbox 1928 2740 3498 2834">
     <span class='ocr_line' id='line_1_55' title="bbox 1928 2740 3498 2834; baseline -0.015 -18"><span class='ocrx_word' id='word_1_394' title='bbox 1928 2773 2188 2834; x_wconf 88' lang='lat' dir='ltr'><strong>quantum</strong></span> <span class='ocrx_word' id='word_1_395' title='bbox 2223 2761 2294 2814; x_wconf 93' lang='lat' dir='ltr'><strong>illi</strong></span> <span class='ocrx_word' id='word_1_396' title='bbox 2326 2768 2380 2812; x_wconf 92' lang='lat' dir='ltr'><strong>et</strong></span> <span class='ocrx_word' id='word_1_397' title='bbox 2414 2758 2497 2809; x_wconf 92' lang='lat' dir='ltr'><strong>bis</strong></span> <span class='ocrx_word' id='word_1_398' title='bbox 2527 2770 2647 2824; x_wconf 71' lang='lat' dir='ltr'><strong>qua:</strong></span> <span class='ocrx_word' id='word_1_399' title='bbox 2688 2751 2825 2816; x_wconf 77' lang='lat' dir='ltr'><strong>dixi,</strong></span> <span class='ocrx_word' id='word_1_400' title='bbox 2859 2760 2910 2802; x_wconf 91' lang='lat' dir='ltr'><strong>et</strong></span> <span class='ocrx_word' id='word_1_401' title='bbox 2943 2749 3066 2801; x_wconf 91' lang='lat' dir='ltr'><strong>aliis</strong></span> <span class='ocrx_word' id='word_1_402' title='bbox 3098 2744 3255 2797; x_wconf 91' lang='lat' dir='ltr'><strong>bonis</strong></span> <span class='ocrx_word' id='word_1_403' title='bbox 3283 2740 3498 2795; x_wconf 89' lang='lat' dir='ltr'><strong>cunctis</strong></span> 
     </span>
    </p>
   </div>
   <div class='ocr_carea' id='block_1_56' title="bbox 1930 2835 3500 2912">
    <p class='ocr_par' dir='ltr' id='par_1_56' title="bbox 1930 2835 3500 2912">
     <span class='ocr_line' id='line_1_56' title="bbox 1930 2835 3500 2912; baseline -0.017 -1"><span class='ocrx_word' id='word_1_404' title='bbox 1930 2854 2274 2912; x_wconf 87' lang='lat' dir='ltr'><strong>antestahant</strong></span> <span class='ocrx_word' id='word_1_405' title='bbox 2304 2849 2534 2903; x_wconf 66' lang='lat' dir='ltr'><strong>caeteris.</strong></span> <span class='ocrx_word' id='word_1_406' title='bbox 2580 2845 2714 2910; x_wconf 83' lang='lat' dir='ltr'><strong>Quis</strong></span> <span class='ocrx_word' id='word_1_407' title='bbox 2755 2841 3050 2897; x_wconf 83' lang='lat' dir='ltr'><strong>Antonium</strong></span> <span class='ocrx_word' id='word_1_408' title='bbox 3100 2838 3316 2905; x_wconf 71' lang='lat' dir='ltr'><strong>ignorat</strong></span> <span class='ocrx_word' id='word_1_409' title='bbox 3359 2835 3500 2886; x_wconf 90' lang='lat' dir='ltr'><strong>inter</strong></span> 
     </span>
    </p>
   </div>
   <div class='ocr_carea' id='block_1_57' title="bbox 1933 2925 3500 3002">
    <p class='ocr_par' dir='ltr' id='par_1_57' title="bbox 1933 2925 3500 3002">
     <span class='ocr_line' id='line_1_57' title="bbox 1933 2925 3500 3002; baseline -0.017 0"><span class='ocrx_word' id='word_1_410' title='bbox 1933 2946 2244 3002; x_wconf 83' lang='lat' dir='ltr'><strong>sacerdotes</strong></span> <span class='ocrx_word' id='word_1_411' title='bbox 2295 2941 2630 3002; x_wconf 87' lang='lat' dir='ltr'><strong>ordinatum,</strong></span> <span class='ocrx_word' id='word_1_412' title='bbox 2684 2945 2739 2989; x_wconf 90' lang='lat' dir='ltr'><strong>et</strong></span> <span class='ocrx_word' id='word_1_413' title='bbox 2787 2933 2910 2986; x_wconf 84' lang='lat' dir='ltr'><strong>ante</strong></span> <span class='ocrx_word' id='word_1_414' title='bbox 2960 2938 3188 2984; x_wconf 89' lang='lat' dir='ltr'><strong>cunctos</strong></span> <span class='ocrx_word' id='word_1_415' title='bbox 3240 2926 3293 2979; x_wconf 90' lang='lat' dir='ltr'><strong>in</strong></span> <span class='ocrx_word' id='word_1_416' title='bbox 3340 2925 3500 2979; x_wconf 82' lang='lat' dir='ltr'><strong>rebus</strong></span> 
     </span>
    </p>
   </div>
   <div class='ocr_carea' id='block_1_58' title="bbox 1930 3015 3502 3095">
    <p class='ocr_par' dir='ltr' id='par_1_58' title="bbox 1930 3015 3502 3095">
     <span class='ocr_line' id='line_1_58' title="bbox 1930 3015 3502 3095; baseline -0.017 -2"><span class='ocrx_word' id='word_1_417' title='bbox 1930 3038 2186 3094; x_wconf 90' lang='lat' dir='ltr'><strong>omnibus</strong></span> <span class='ocrx_word' id='word_1_418' title='bbox 2246 3032 2422 3088; x_wconf 85' lang='lat' dir='ltr'><strong>ordini</strong></span> <span class='ocrx_word' id='word_1_419' title='bbox 2479 3044 2580 3084; x_wconf 92' lang='lat' dir='ltr'><strong>suo</strong></span> <span class='ocrx_word' id='word_1_420' title='bbox 2633 3025 2892 3095; x_wconf 81' lang='lat' dir='ltr'><strong>congruis</strong></span> <span class='ocrx_word' id='word_1_421' title='bbox 2949 3020 3355 3075; x_wconf 72' lang='lat' dir='ltr'><strong>excellentem?</strong></span> <span class='ocrx_word' id='word_1_422' title='bbox 3407 3015 3502 3082; x_wconf 89' lang='lat' dir='ltr'><strong>qui</strong></span> 
     </span>
    </p>
   </div>
   <div class='ocr_carea' id='block_1_59' title="bbox 1936 3115 3505 3200">
    <p class='ocr_par' dir='ltr' id='par_1_59' title="bbox 1936 3115 3505 3200">
     <span class='ocr_line' id='line_1_59' title="bbox 1936 3115 3505 3200; baseline -0.016 -15"><span class='ocrx_word' id='word_1_423' title='bbox 1936 3132 2113 3200; x_wconf 85' lang='lat' dir='ltr'><strong>reipsa</strong></span> <span class='ocrx_word' id='word_1_424' title='bbox 2149 3129 2535 3181; x_wconf 85' lang='lat' dir='ltr'><strong>demonstrans</strong></span> <span class='ocrx_word' id='word_1_425' title='bbox 2565 3120 2778 3188; x_wconf 86' lang='lat' dir='ltr'><strong>qualem</strong></span> <span class='ocrx_word' id='word_1_426' title='bbox 2814 3115 3067 3184; x_wconf 79' lang='lat' dir='ltr'><strong>Operibus</strong></span> <span class='ocrx_word' id='word_1_427' title='bbox 3100 3126 3220 3165; x_wconf 90' lang='lat' dir='ltr'><strong>esse</strong></span> <span class='ocrx_word' id='word_1_428' title='bbox 3256 3115 3505 3177; x_wconf 84' lang='lat' dir='ltr'><strong>Oporteat</strong></span> 
     </span>
    </p>
   </div>
   <div class='ocr_carea' id='block_1_60' title="bbox 252 3199 2004 3300">
    <p class='ocr_par' dir='ltr' id='par_1_60' title="bbox 252 3199 2004 3300">
     <span class='ocr_line' id='line_1_60' title="bbox 252 3199 2004 3300; baseline -0.005 -16"><span class='ocrx_word' id='word_1_429' title='bbox 252 3232 389 3286; x_wconf 85' lang='grc' dir='ltr'>κότα</span> <span class='ocrx_word' id='word_1_430' title='bbox 425 3233 733 3299; x_wconf 82' lang='grc' dir='ltr'>πρόσρησιν</span> <span class='ocrx_word' id='word_1_431' title='bbox 755 3247 769 3261; x_wconf 87' lang='grc'><strong>·</strong></span> <span class='ocrx_word' id='word_1_432' title='bbox 806 3231 862 3292; x_wconf 80' lang='grc' dir='ltr'>ὃς</span> <span class='ocrx_word' id='word_1_433' title='bbox 903 3247 963 3293; x_wconf 91' lang='grc' dir='ltr'><strong>γε</strong></span> <span class='ocrx_word' id='word_1_434' title='bbox 996 3199 1519 3297; x_wconf 29' lang='grc' dir='ltr'>τῶ-νίαίρετιζόντων</span> <span class='ocrx_word' id='word_1_435' title='bbox 1550 3199 1831 3300; x_wconf 50' lang='lat' dir='ltr'><strong>timuiit—</strong></span> <span class='ocrx_word' id='word_1_436' title='bbox 1857 3215 1902 3276; x_wconf 73' lang='grc' dir='ltr'>Ο</span> <span class='ocrx_word' id='word_1_437' title='bbox 1933 3221 2004 3289; x_wconf 85' lang='lat' dir='ltr'><strong>ejl</strong></span> 
     </span>
    </p>
   </div>
   <div class='ocr_carea' id='block_1_61' title="bbox 1898 3199 3506 3300">
    <p class='ocr_par' dir='ltr' id='par_1_61' title="bbox 1898 3199 3506 3289">
     <span class='ocr_line' id='line_1_61' title="bbox 1898 3199 3506 3289; baseline -0.015 -15"><span class='ocrx_word' id='word_1_438' title='bbox 1898 3217 1902 3274; x_wconf 75' lang='grc' dir='ltr'>ἰ</span> <span class='ocrx_word' id='word_1_439' title='bbox 1933 3217 2200 3289; x_wconf 75' lang='lat' dir='ltr'><strong>ejusmodi</strong></span> <span class='ocrx_word' id='word_1_440' title='bbox 2231 3215 2479 3269; x_wconf 87' lang='lat' dir='ltr'><strong>sortitum</strong></span> <span class='ocrx_word' id='word_1_441' title='bbox 2519 3210 2857 3263; x_wconf 87' lang='lat' dir='ltr'><strong>vocationem</strong></span> <span class='ocrx_word' id='word_1_442' title='bbox 2882 3247 2896 3269; x_wconf 97' lang='lat'><strong>,</strong></span> <span class='ocrx_word' id='word_1_443' title='bbox 2931 3219 3054 3258; x_wconf 90' lang='lat' dir='ltr'><strong>cum</strong></span> <span class='ocrx_word' id='word_1_444' title='bbox 3083 3213 3292 3257; x_wconf 89' lang='lat' dir='ltr'><strong>satores</strong></span> <span class='ocrx_word' id='word_1_445' title='bbox 3331 3199 3506 3252; x_wconf 65' lang='lat' dir='ltr'><strong>haere-</strong></span> 
     </span>
    </p>
   </div>
   <div class='ocr_carea' id='block_1_62' title="bbox 253 3321 1838 3390">
    <p class='ocr_par' dir='ltr' id='par_1_62' title="bbox 253 3321 1838 3390">
     <span class='ocr_line' id='line_1_62' title="bbox 253 3321 1838 3390; baseline -0.001 -16"><span class='ocrx_word' id='word_1_446' title='bbox 253 3342 363 3377; x_wconf 87' lang='grc' dir='ltr'><strong>νων</strong></span> <span class='ocrx_word' id='word_1_447' title='bbox 399 3325 495 3375; x_wconf 73' lang='grc' dir='ltr'><strong>καὶ</strong></span> <span class='ocrx_word' id='word_1_448' title='bbox 534 3324 632 3390; x_wconf 76' lang='grc' dir='ltr'>τῆς</span> <span class='ocrx_word' id='word_1_449' title='bbox 663 3322 911 3373; x_wconf 75' lang='grc' dir='ltr'>ἐντεῦθεν</span> <span class='ocrx_word' id='word_1_450' title='bbox 951 3321 1145 3390; x_wconf 84' lang='grc' dir='ltr'>ἀχλύος</span> <span class='ocrx_word' id='word_1_451' title='bbox 1180 3321 1571 3390; x_wconf 78' lang='grc' dir='ltr'>ἐπισκοτούσης</span> <span class='ocrx_word' id='word_1_452' title='bbox 1606 3324 1670 3390; x_wconf 83' lang='grc' dir='ltr'>τῇ</span> <span class='ocrx_word' id='word_1_453' title='bbox 1718 3323 1838 3374; x_wconf 82' lang='grc' dir='ltr'><strong>Ἐκ-</strong></span> 
     </span>
    </p>
   </div>
   <div class='ocr_carea' id='block_1_63' title="bbox 255 3412 1839 3484">
    <p class='ocr_par' dir='ltr' id='par_1_63' title="bbox 255 3412 1839 3484">
     <span class='ocr_line' id='line_1_63' title="bbox 255 3412 1839 3484; baseline -0.003 -15"><span class='ocrx_word' id='word_1_454' title='bbox 255 3417 482 3484; x_wconf 80' lang='grc' dir='ltr'>κλησίᾳ,</span> <span class='ocrx_word' id='word_1_455' title='bbox 512 3416 671 3484; x_wconf 86' lang='grc' dir='ltr'>μόνος</span> <span class='ocrx_word' id='word_1_456' title='bbox 694 3414 801 3466; x_wconf 89' lang='grc' dir='ltr'><strong>τῶν</strong></span> <span class='ocrx_word' id='word_1_457' title='bbox 825 3414 1064 3475; x_wconf 74' lang='grc' dir='ltr'>πάντων,</span> <span class='ocrx_word' id='word_1_458' title='bbox 1092 3412 1279 3482; x_wconf 83' lang='grc' dir='ltr'>ὥσπερ</span> <span class='ocrx_word' id='word_1_459' title='bbox 1303 3413 1457 3475; x_wconf 82' lang='grc' dir='ltr'>ἀετὸς</span> <span class='ocrx_word' id='word_1_460' title='bbox 1489 3415 1546 3464; x_wconf 80' lang='grc' dir='ltr'>ἐν</span> <span class='ocrx_word' id='word_1_461' title='bbox 1566 3415 1839 3482; x_wconf 80' lang='grc' dir='ltr'>νεφέλαις,</span> 
     </span>
    </p>
   </div>
   <div class='ocr_carea' id='block_1_64' title="bbox 254 3503 1840 3574">
    <p class='ocr_par' dir='ltr' id='par_1_64' title="bbox 254 3503 1840 3574">
     <span class='ocr_line' id='line_1_64' title="bbox 254 3503 1840 3574; baseline 0 -17"><span class='ocrx_word' id='word_1_462' title='bbox 254 3508 352 3559; x_wconf 77' lang='grc' dir='ltr'>τοῦ</span> <span class='ocrx_word' id='word_1_463' title='bbox 377 3506 649 3566; x_wconf 78' lang='grc' dir='ltr'>κλύδωνος</span> <span class='ocrx_word' id='word_1_464' title='bbox 675 3503 988 3574; x_wconf 87' lang='grc' dir='ltr'>ὑπερσχὼν,</span> <span class='ocrx_word' id='word_1_465' title='bbox 1011 3503 1279 3572; x_wconf 83' lang='grc' dir='ltr'>ἁνὼτερος</span> <span class='ocrx_word' id='word_1_466' title='bbox 1310 3504 1464 3571; x_wconf 84' lang='grc' dir='ltr'>ῶφθη</span> <span class='ocrx_word' id='word_1_467' title='bbox 1496 3504 1602 3555; x_wconf 90' lang='grc' dir='ltr'><strong>τῶν</strong></span> <span class='ocrx_word' id='word_1_468' title='bbox 1632 3505 1840 3558; x_wconf 75' lang='grc' dir='ltr'>ἐκεῖθεν</span> 
     </span>
    </p>
   </div>
   <div class='ocr_carea' id='block_1_65' title="bbox 255 3594 1843 3667">
    <p class='ocr_par' dir='ltr' id='par_1_65' title="bbox 255 3594 1843 3667">
     <span class='ocr_line' id='line_1_65' title="bbox 255 3594 1843 3667; baseline -0.005 -12"><span class='ocrx_word' id='word_1_469' title='bbox 255 3601 532 3665; x_wconf 75' lang='grc' dir='ltr'>διαύλωνς</span> <span class='ocrx_word' id='word_1_470' title='bbox 568 3600 677 3650; x_wconf 69' lang='grc' dir='ltr'>Καὶ</span> <span class='ocrx_word' id='word_1_471' title='bbox 713 3598 808 3667; x_wconf 81' lang='grc' dir='ltr'><strong>μὲν</strong></span> <span class='ocrx_word' id='word_1_472' title='bbox 854 3599 946 3648; x_wconf 74' lang='grc' dir='ltr'>καὶ</span> <span class='ocrx_word' id='word_1_473' title='bbox 987 3596 1311 3664; x_wconf 80' lang='grc' dir='ltr'>Χρυσάνθην</span> <span class='ocrx_word' id='word_1_474' title='bbox 1352 3594 1433 3656; x_wconf 88' lang='grc' dir='ltr'><strong>τίς</strong></span> <span class='ocrx_word' id='word_1_475' title='bbox 1470 3595 1569 3646; x_wconf 89' lang='grc' dir='ltr'><strong>οὐκ</strong></span> <span class='ocrx_word' id='word_1_476' title='bbox 1610 3597 1671 3644; x_wconf 65' lang='grc' dir='ltr'><strong>ἂν</strong></span> <span class='ocrx_word' id='word_1_477' title='bbox 1712 3596 1843 3660; x_wconf 81' lang='grc' dir='ltr'>ἁγά-</span> 
     </span>
    </p>
   </div>
   <div class='ocr_carea' id='block_1_66' title="bbox 261 3679 1843 3755">
    <p class='ocr_par' dir='ltr' id='par_1_66' title="bbox 261 3679 1843 3755">
     <span class='ocr_line' id='line_1_66' title="bbox 261 3679 1843 3755; baseline -0.004 -12"><span class='ocrx_word' id='word_1_478' title='bbox 261 3708 419 3744; x_wconf 85' lang='grc' dir='ltr'>σαιτο</span> <span class='ocrx_word' id='word_1_479' title='bbox 441 3731 455 3755; x_wconf 96' lang='grc'><strong>,</strong></span> <span class='ocrx_word' id='word_1_480' title='bbox 485 3691 585 3742; x_wconf 86' lang='grc' dir='ltr'><strong>οὐκ</strong></span> <span class='ocrx_word' id='word_1_481' title='bbox 621 3687 905 3749; x_wconf 74' lang='grc' dir='ltr'>εὐσεϐείας</span> <span class='ocrx_word' id='word_1_482' title='bbox 937 3686 1125 3738; x_wconf 80' lang='grc' dir='ltr'>εἵνεκα</span> <span class='ocrx_word' id='word_1_483' title='bbox 1158 3685 1315 3752; x_wconf 88' lang='grc' dir='ltr'>μόνον</span> <span class='ocrx_word' id='word_1_484' title='bbox 1351 3688 1442 3737; x_wconf 63' lang='grc' dir='ltr'>καὶ</span> <span class='ocrx_word' id='word_1_485' title='bbox 1472 3679 1536 3754; x_wconf 83' lang='grc' dir='ltr'>ἦς</span> <span class='ocrx_word' id='word_1_486' title='bbox 1569 3681 1681 3752; x_wconf 77' lang='grc' dir='ltr'>εἶχε</span> <span class='ocrx_word' id='word_1_487' title='bbox 1719 3685 1843 3750; x_wconf 75' lang='grc' dir='ltr'>περὶ</span> 
     </span>
    </p>
   </div>
   <div class='ocr_carea' id='block_1_67' title="bbox 257 3775 1843 3850">
    <p class='ocr_par' dir='ltr' id='par_1_67' title="bbox 257 3775 1843 3850">
     <span class='ocr_line' id='line_1_67' title="bbox 257 3775 1843 3850; baseline -0.004 -16"><span class='ocrx_word' id='word_1_488' title='bbox 257 3783 472 3850; x_wconf 82' lang='grc' dir='ltr'>ταύτην</span> <span class='ocrx_word' id='word_1_489' title='bbox 499 3781 762 3850; x_wconf 76' lang='grc' dir='ltr'>σπουδῆς,</span> <span class='ocrx_word' id='word_1_490' title='bbox 793 3779 933 3831; x_wconf 88' lang='grc' dir='ltr'>ῶστε</span> <span class='ocrx_word' id='word_1_491' title='bbox 958 3777 1116 3829; x_wconf 76' lang='grc' dir='ltr'>τοῦτο</span> <span class='ocrx_word' id='word_1_492' title='bbox 1148 3778 1246 3845; x_wconf 84' lang='grc' dir='ltr'>μὲν</span> <span class='ocrx_word' id='word_1_493' title='bbox 1276 3777 1411 3846; x_wconf 82' lang='grc' dir='ltr'>αὐτῇ</span> <span class='ocrx_word' id='word_1_494' title='bbox 1444 3776 1618 3827; x_wconf 82' lang='grc' dir='ltr'>πάντα</span> <span class='ocrx_word' id='word_1_495' title='bbox 1653 3775 1843 3827; x_wconf 85' lang='grc' dir='ltr'>παθεῖν</span> 
     </span>
    </p>
   </div>
   <div class='ocr_carea' id='block_1_68' title="bbox 261 3863 1842 3944">
    <p class='ocr_par' dir='ltr' id='par_1_68' title="bbox 261 3863 1842 3944">
     <span class='ocr_line' id='line_1_68' title="bbox 261 3863 1842 3944; baseline -0.007 -16"><span class='ocrx_word' id='word_1_496' title='bbox 261 3876 446 3944; x_wconf 77' lang='grc' dir='ltr'>ἑσχειν</span> <span class='ocrx_word' id='word_1_497' title='bbox 499 3873 733 3940; x_wconf 76' lang='grc' dir='ltr'>ἑτοίμως</span> <span class='ocrx_word' id='word_1_498' title='bbox 777 3872 810 3940; x_wconf 85' lang='grc' dir='ltr'>ἢ</span> <span class='ocrx_word' id='word_1_499' title='bbox 851 3871 1053 3937; x_wconf 88' lang='grc' dir='ltr'>ταύτης</span> <span class='ocrx_word' id='word_1_500' title='bbox 1111 3870 1201 3920; x_wconf 80' lang='grc' dir='ltr'>καὶ</span> <span class='ocrx_word' id='word_1_501' title='bbox 1254 3869 1450 3936; x_wconf 73' lang='grc' dir='ltr'>μικρὸν</span> <span class='ocrx_word' id='word_1_502' title='bbox 1505 3863 1842 3936; x_wconf 79' lang='grc' dir='ltr'>ἀποστῆναι,</span> 
     </span>
    </p>
   </div>
   <div class='ocr_carea' id='block_1_69' title="bbox 261 3959 1848 4029">
    <p class='ocr_par' dir='ltr' id='par_1_69' title="bbox 261 3959 1848 4029">
     <span class='ocr_line' id='line_1_69' title="bbox 261 3959 1848 4029; baseline -0.005 -9"><span class='ocrx_word' id='word_1_503' title='bbox 261 3968 424 4020; x_wconf 82' lang='grc' dir='ltr'>τοῦτο</span> <span class='ocrx_word' id='word_1_504' title='bbox 459 3967 514 4019; x_wconf 84' lang='grc' dir='ltr'>δὲ</span> <span class='ocrx_word' id='word_1_505' title='bbox 555 3966 649 4018; x_wconf 76' lang='grc' dir='ltr'>καὶ</span> <span class='ocrx_word' id='word_1_506' title='bbox 680 3967 790 4026; x_wconf 86' lang='grc' dir='ltr'>τοῖς</span> <span class='ocrx_word' id='word_1_507' title='bbox 822 3963 1022 4025; x_wconf 78' lang='grc' dir='ltr'>ἄλλοις,</span> <span class='ocrx_word' id='word_1_508' title='bbox 1059 3962 1246 4029; x_wconf 77' lang='grc' dir='ltr'>ὥσπερ</span> <span class='ocrx_word' id='word_1_509' title='bbox 1277 3977 1361 4022; x_wconf 88' lang='grc' dir='ltr'><strong>τις</strong></span> <span class='ocrx_word' id='word_1_510' title='bbox 1392 3960 1567 4022; x_wconf 79' lang='grc' dir='ltr'>κοινὸς</span> <span class='ocrx_word' id='word_1_511' title='bbox 1611 3959 1848 4028; x_wconf 74' lang='grc' dir='ltr'>μελιδω-</span> 
     </span>
    </p>
   </div>
   <div class='ocr_carea' id='block_1_70' title="bbox 262 4052 1850 4125">
    <p class='ocr_par' dir='ltr' id='par_1_70' title="bbox 262 4052 1850 4125">
     <span class='ocr_line' id='line_1_70' title="bbox 262 4052 1850 4125; baseline -0.005 -13"><span class='ocrx_word' id='word_1_512' title='bbox 262 4060 356 4120; x_wconf 80' lang='grc' dir='ltr'><strong>νδς</strong></span> <span class='ocrx_word' id='word_1_513' title='bbox 389 4057 697 4118; x_wconf 75' lang='grc' dir='ltr'>εὐσεϐείας,</span> <span class='ocrx_word' id='word_1_514' title='bbox 737 4054 1125 4114; x_wconf 83' lang='grc' dir='ltr'>καθίστασθαι,</span> <span class='ocrx_word' id='word_1_515' title='bbox 1164 4052 1300 4105; x_wconf 76' lang='grc' dir='ltr'>ἀλλὰ</span> <span class='ocrx_word' id='word_1_516' title='bbox 1333 4053 1424 4104; x_wconf 78' lang='grc' dir='ltr'>καὶ</span> <span class='ocrx_word' id='word_1_517' title='bbox 1461 4053 1555 4121; x_wconf 79' lang='grc' dir='ltr'><strong>τῆς</strong></span> <span class='ocrx_word' id='word_1_518' title='bbox 1591 4053 1695 4104; x_wconf 89' lang='grc' dir='ltr'><strong>τῶν</strong></span> <span class='ocrx_word' id='word_1_519' title='bbox 1726 4056 1850 4125; x_wconf 78' lang='grc' dir='ltr'>τρό-</span> 
     </span>
    </p>
   </div>
   <div class='ocr_carea' id='block_1_71' title="bbox 265 4137 1848 4217">
    <p class='ocr_par' dir='ltr' id='par_1_71' title="bbox 265 4137 1848 4217">
     <span class='ocr_line' id='line_1_71' title="bbox 265 4137 1848 4217; baseline -0.005 -15"><span class='ocrx_word' id='word_1_520' title='bbox 265 4167 392 4203; x_wconf 64' lang='grc' dir='ltr'><strong>πων</strong></span> <span class='ocrx_word' id='word_1_521' title='bbox 429 4148 698 4217; x_wconf 84' lang='grc' dir='ltr'>μουσικῆς</span> <span class='ocrx_word' id='word_1_522' title='bbox 740 4147 834 4197; x_wconf 73' lang='grc' dir='ltr'><strong>καὶ</strong></span> <span class='ocrx_word' id='word_1_523' title='bbox 868 4146 985 4197; x_wconf 76' lang='grc' dir='ltr'>κατ’</span> <span class='ocrx_word' id='word_1_524' title='bbox 1017 4145 1218 4211; x_wconf 78' lang='grc' dir='ltr'>ἀρετὴν</span> <span class='ocrx_word' id='word_1_525' title='bbox 1251 4144 1512 4210; x_wconf 80' lang='grc' dir='ltr'>ἐργασίας</span> <span class='ocrx_word' id='word_1_526' title='bbox 1535 4159 1546 4172; x_wconf 88' lang='grc'><strong>·</strong></span> <span class='ocrx_word' id='word_1_527' title='bbox 1581 4143 1639 4206; x_wconf 73' lang='grc' dir='ltr'><strong>ἐξ</strong></span> <span class='ocrx_word' id='word_1_528' title='bbox 1671 4137 1745 4196; x_wconf 81' lang='grc' dir='ltr'>ὧν</span> <span class='ocrx_word' id='word_1_529' title='bbox 1785 4163 1848 4212; x_wconf 83' lang='grc' dir='ltr'><strong>γε</strong></span> 
     </span>
    </p>
   </div>
   <div class='ocr_carea' id='block_1_72' title="bbox 265 4233 1851 4310">
    <p class='ocr_par' dir='ltr' id='par_1_72' title="bbox 265 4233 1851 4310">
     <span class='ocr_line' id='line_1_72' title="bbox 265 4233 1851 4310; baseline -0.003 -17"><span class='ocrx_word' id='word_1_530' title='bbox 265 4241 574 4310; x_wconf 83' lang='grc' dir='ltr'>προσήκειν</span> <span class='ocrx_word' id='word_1_531' title='bbox 600 4235 745 4306; x_wconf 76' lang='grc' dir='ltr'>εἶχεν</span> <span class='ocrx_word' id='word_1_532' title='bbox 783 4236 1073 4303; x_wconf 78' lang='grc' dir='ltr'>Ἀντωνίῳ,</span> <span class='ocrx_word' id='word_1_533' title='bbox 1104 4237 1192 4286; x_wconf 68' lang='grc' dir='ltr'><strong>καὶ</strong></span> <span class='ocrx_word' id='word_1_534' title='bbox 1226 4237 1321 4304; x_wconf 83' lang='grc' dir='ltr'><strong>τῆς</strong></span> <span class='ocrx_word' id='word_1_535' title='bbox 1353 4233 1595 4301; x_wconf 71' lang='grc' dir='ltr'>μεγάλης</span> <span class='ocrx_word' id='word_1_536' title='bbox 1623 4239 1851 4302; x_wconf 81' lang='grc' dir='ltr'>ταυτησὶ</span> 
     </span>
    </p>
   </div>
   <div class='ocr_carea' id='block_1_73' title="bbox 268 4324 1056 4399">
    <p class='ocr_par' dir='ltr' id='par_1_73' title="bbox 268 4324 1056 4399">
     <span class='ocr_line' id='line_1_73' title="bbox 268 4324 1056 4399; baseline -0.008 -13"><span class='ocrx_word' id='word_1_537' title='bbox 268 4333 536 4399; x_wconf 78' lang='grc' dir='ltr'>συζυγίας</span> <span class='ocrx_word' id='word_1_538' title='bbox 570 4330 868 4399; x_wconf 79' lang='grc' dir='ltr'>ἀξιόχρεως</span> <span class='ocrx_word' id='word_1_539' title='bbox 895 4324 1056 4380; x_wconf 70' lang='grc' dir='ltr'>εἶναι.</span> 
     </span>
    </p>
   </div>
   <div class='ocr_carea' id='block_1_74' title="bbox 347 4502 1852 4575">
    <p class='ocr_par' dir='ltr' id='par_1_74' title="bbox 347 4502 1852 4575">
     <span class='ocr_line' id='line_1_74' title="bbox 347 4502 1852 4575; baseline -0.002 -15"><span class='ocrx_word' id='word_1_540' title='bbox 347 4517 408 4562; x_wconf 87' lang='grc' dir='ltr'><strong>ε’.</strong></span> <span class='ocrx_word' id='word_1_541' title='bbox 448 4508 607 4560; x_wconf 81' lang='grc' dir='ltr'>Οὕτω</span> <span class='ocrx_word' id='word_1_542' title='bbox 641 4507 696 4559; x_wconf 82' lang='grc' dir='ltr'>δὲ</span> <span class='ocrx_word' id='word_1_543' title='bbox 733 4505 937 4575; x_wconf 76' lang='grc' dir='ltr'>ἔχουσι,</span> <span class='ocrx_word' id='word_1_544' title='bbox 983 4504 1077 4557; x_wconf 77' lang='grc' dir='ltr'>καὶ</span> <span class='ocrx_word' id='word_1_545' title='bbox 1108 4502 1249 4555; x_wconf 80' lang='grc' dir='ltr'>οὕτω</span> <span class='ocrx_word' id='word_1_546' title='bbox 1282 4504 1458 4558; x_wconf 86' lang='grc' dir='ltr'>πάντα</span> <span class='ocrx_word' id='word_1_547' title='bbox 1498 4503 1565 4555; x_wconf 80' lang='grc' dir='ltr'>τὰ</span> <span class='ocrx_word' id='word_1_548' title='bbox 1603 4503 1852 4573; x_wconf 79' lang='grc' dir='ltr'>βέλτιστα</span> 
     </span>
    </p>
   </div>
   <div class='ocr_carea' id='block_1_75' title="bbox 275 4595 1853 4665">
    <p class='ocr_par' dir='ltr' id='par_1_75' title="bbox 275 4595 1853 4665">
     <span class='ocr_line' id='line_1_75' title="bbox 275 4595 1853 4665; baseline -0.006 -11"><span class='ocrx_word' id='word_1_549' title='bbox 275 4599 582 4664; x_wconf 86' lang='grc' dir='ltr'>συνελοῦσι,</span> <span class='ocrx_word' id='word_1_550' title='bbox 624 4599 686 4650; x_wconf 80' lang='grc' dir='ltr'><strong>τὸ</strong></span> <span class='ocrx_word' id='word_1_551' title='bbox 720 4598 940 4651; x_wconf 83' lang='grc' dir='ltr'>πάντων</span> <span class='ocrx_word' id='word_1_552' title='bbox 977 4598 1231 4665; x_wconf 87' lang='grc' dir='ltr'>μέγιστον</span> <span class='ocrx_word' id='word_1_553' title='bbox 1262 4596 1358 4649; x_wconf 72' lang='grc' dir='ltr'><strong>καὶ</strong></span> <span class='ocrx_word' id='word_1_554' title='bbox 1391 4597 1552 4647; x_wconf 75' lang='grc' dir='ltr'>οἱονεὶ</span> <span class='ocrx_word' id='word_1_555' title='bbox 1587 4595 1853 4661; x_wconf 84' lang='grc' dir='ltr'>κολοφὼν,</span> 
     </span>
    </p>
   </div>
   <div class='ocr_carea' id='block_1_76' title="bbox 274 4684 1855 4762">
    <p class='ocr_par' dir='ltr' id='par_1_76' title="bbox 274 4684 1855 4762">
     <span class='ocr_line' id='line_1_76' title="bbox 274 4684 1855 4762; baseline -0.007 -14"><span class='ocrx_word' id='word_1_556' title='bbox 274 4696 376 4748; x_wconf 72' lang='grc' dir='ltr'>καὶ</span> <span class='ocrx_word' id='word_1_557' title='bbox 430 4695 667 4762; x_wconf 81' lang='grc' dir='ltr'>μάλιστα</span> <span class='ocrx_word' id='word_1_558' title='bbox 701 4691 920 4743; x_wconf 82' lang='grc' dir='ltr'>πάντων</span> <span class='ocrx_word' id='word_1_559' title='bbox 951 4684 1024 4742; x_wconf 81' lang='grc' dir='ltr'>ὧν</span> <span class='ocrx_word' id='word_1_560' title='bbox 1059 4688 1203 4758; x_wconf 77' lang='grc' dir='ltr'>εἶχον</span> <span class='ocrx_word' id='word_1_561' title='bbox 1238 4691 1475 4751; x_wconf 83' lang='grc' dir='ltr'>ἐκείνους</span> <span class='ocrx_word' id='word_1_562' title='bbox 1524 4687 1786 4755; x_wconf 80' lang='grc' dir='ltr'>κοσμοῦν,</span> <span class='ocrx_word' id='word_1_563' title='bbox 1823 4688 1855 4756; x_wconf 87' lang='grc' dir='ltr'>ή</span> 
     </span>
    </p>
   </div>
   <div class='ocr_carea' id='block_1_77' title="bbox 279 4776 1859 4855">
    <p class='ocr_par' dir='ltr' id='par_1_77' title="bbox 279 4776 1859 4855">
     <span class='ocr_line' id='line_1_77' title="bbox 279 4776 1859 4855; baseline -0.006 -19"><span class='ocrx_word' id='word_1_564' title='bbox 279 4786 495 4855; x_wconf 77' lang='grc' dir='ltr'>μεγάλη</span> <span class='ocrx_word' id='word_1_565' title='bbox 529 4786 626 4835; x_wconf 76' lang='grc' dir='ltr'>καὶ</span> <span class='ocrx_word' id='word_1_566' title='bbox 661 4781 947 4850; x_wconf 83' lang='grc' dir='ltr'>θαυμαστὴ</span> <span class='ocrx_word' id='word_1_567' title='bbox 982 4779 1253 4848; x_wconf 83' lang='grc' dir='ltr'>Θεοδώρα,</span> <span class='ocrx_word' id='word_1_568' title='bbox 1297 4780 1596 4847; x_wconf 82' lang='grc' dir='ltr'>τεκμήριον</span> <span class='ocrx_word' id='word_1_569' title='bbox 1629 4776 1859 4846; x_wconf 80' lang='grc' dir='ltr'>ἐναργὲς</span> 
     </span>
    </p>
   </div>
   <div class='ocr_carea' id='block_1_78' title="bbox 277 4862 1858 4946">
    <p class='ocr_par' dir='ltr' id='par_1_78' title="bbox 277 4862 1858 4946">
     <span class='ocr_line' id='line_1_78' title="bbox 277 4862 1858 4946; baseline -0.007 -15"><span class='ocrx_word' id='word_1_570' title='bbox 277 4879 623 4946; x_wconf 76' lang='grc' dir='ltr'>ἀναφανεῖσα</span> <span class='ocrx_word' id='word_1_571' title='bbox 670 4879 821 4943; x_wconf 87' lang='grc' dir='ltr'>σφίσι</span> <span class='ocrx_word' id='word_1_572' title='bbox 869 4875 1052 4926; x_wconf 81' lang='grc' dir='ltr'>θεόθεν</span> <span class='ocrx_word' id='word_1_573' title='bbox 1084 4873 1174 4924; x_wconf 79' lang='grc' dir='ltr'>τοῦ</span> <span class='ocrx_word' id='word_1_574' title='bbox 1222 4872 1355 4922; x_wconf 77' lang='grc' dir='ltr'>Θεοῦ</span> <span class='ocrx_word' id='word_1_575' title='bbox 1391 4872 1526 4938; x_wconf 70' lang='grc' dir='ltr'>πρὸς</span> <span class='ocrx_word' id='word_1_576' title='bbox 1574 4869 1768 4929; x_wconf 73' lang='grc' dir='ltr'>αὐτοὺς</span> <span class='ocrx_word' id='word_1_577' title='bbox 1801 4862 1858 4920; x_wconf 74' lang='grc' dir='ltr'><strong>εὖ</strong></span> 
     </span>
    </p>
   </div>
   <div class='ocr_carea' id='block_1_79' title="bbox 277 4958 1862 5036">
    <p class='ocr_par' dir='ltr' id='par_1_79' title="bbox 277 4958 1862 5036">
     <span class='ocr_line' id='line_1_79' title="bbox 277 4958 1862 5036; baseline -0.01 -14"><span class='ocrx_word' id='word_1_578' title='bbox 277 4970 635 5035; x_wconf 78' lang='grc' dir='ltr'>διακειμένου</span> <span class='ocrx_word' id='word_1_579' title='bbox 677 4969 752 5036; x_wconf 77' lang='lat' dir='ltr'><strong>(li)</strong></span> <span class='ocrx_word' id='word_1_580' title='bbox 788 4966 881 5018; x_wconf 71' lang='grc' dir='ltr'><strong>καὶ</strong></span> <span class='ocrx_word' id='word_1_581' title='bbox 916 4965 1061 5027; x_wconf 75' lang='grc' dir='ltr'>ἵλεω,</span> <span class='ocrx_word' id='word_1_582' title='bbox 1100 4964 1287 5030; x_wconf 84' lang='grc' dir='ltr'>ῶσπερ</span> <span class='ocrx_word' id='word_1_583' title='bbox 1321 4960 1571 5012; x_wconf 78' lang='grc' dir='ltr'>ἐντεῦθεν</span> <span class='ocrx_word' id='word_1_584' title='bbox 1606 4958 1862 5018; x_wconf 78' lang='grc' dir='ltr'>ἐπιεικῶς</span> 
     </span>
    </p>
   </div>
   <div class='ocr_carea' id='block_1_80' title="bbox 281 5047 1860 5126">
    <p class='ocr_par' dir='ltr' id='par_1_80' title="bbox 281 5047 1860 5126">
     <span class='ocr_line' id='line_1_80' title="bbox 281 5047 1860 5126; baseline -0.009 -14"><span class='ocrx_word' id='word_1_585' title='bbox 281 5058 719 5126; x_wconf 75' lang='grc' dir='ltr'>ἐπιδειξαμένου,</span> <span class='ocrx_word' id='word_1_586' title='bbox 743 5057 870 5106; x_wconf 81' lang='grc' dir='ltr'>ὅσου</span> <span class='ocrx_word' id='word_1_587' title='bbox 899 5058 1040 5115; x_wconf 83' lang='grc' dir='ltr'>τινὸς</span> <span class='ocrx_word' id='word_1_588' title='bbox 1070 5055 1190 5119; x_wconf 79' lang='grc' dir='ltr'>ἄγει</span> <span class='ocrx_word' id='word_1_589' title='bbox 1219 5052 1504 5106; x_wconf 84' lang='grc' dir='ltr'>τάκείνων.</span> <span class='ocrx_word' id='word_1_590' title='bbox 1530 5050 1622 5100; x_wconf 74' lang='grc' dir='ltr'>καὶ</span> <span class='ocrx_word' id='word_1_591' title='bbox 1648 5049 1722 5108; x_wconf 84' lang='grc' dir='ltr'>ὡς</span> <span class='ocrx_word' id='word_1_592' title='bbox 1748 5047 1860 5100; x_wconf 85' lang='grc' dir='ltr'>ἀντ’</span> 
     </span>
    </p>
   </div>
   <div class='ocr_carea' id='block_1_81' title="bbox 283 5140 1872 5216">
    <p class='ocr_par' dir='ltr' id='par_1_81' title="bbox 283 5140 1872 5216">
     <span class='ocr_line' id='line_1_81' title="bbox 283 5140 1872 5216; baseline -0.011 -10"><span class='ocrx_word' id='word_1_593' title='bbox 283 5153 448 5206; x_wconf 72' lang='grc' dir='ltr'>ἄλλου</span> <span class='ocrx_word' id='word_1_594' title='bbox 487 5151 628 5212; x_wconf 77' lang='grc' dir='ltr'>τινὸς</span> <span class='ocrx_word' id='word_1_595' title='bbox 663 5150 694 5216; x_wconf 79' lang='grc' dir='ltr'>ἢ</span> <span class='ocrx_word' id='word_1_596' title='bbox 729 5148 834 5216; x_wconf 80' lang='grc' dir='ltr'><strong>πρὸ</strong></span> <span class='ocrx_word' id='word_1_597' title='bbox 867 5147 1062 5206; x_wconf 81' lang='grc' dir='ltr'>παντὸς</span> <span class='ocrx_word' id='word_1_598' title='bbox 1091 5146 1246 5199; x_wconf 79' lang='grc' dir='ltr'>ἄλλου</span> <span class='ocrx_word' id='word_1_599' title='bbox 1277 5145 1450 5211; x_wconf 83' lang='grc' dir='ltr'>γέρως</span> <span class='ocrx_word' id='word_1_600' title='bbox 1481 5140 1680 5192; x_wconf 79' lang='grc' dir='ltr'>δέδωκέ</span> <span class='ocrx_word' id='word_1_601' title='bbox 1718 5142 1872 5206; x_wconf 78' lang='grc' dir='ltr'>σφίσι</span> 
     </span>
    </p>
   </div>
   <div class='ocr_carea' id='block_1_82' title="bbox 284 5231 1869 5315">
    <p class='ocr_par' dir='ltr' id='par_1_82' title="bbox 284 5231 1869 5315">
     <span class='ocr_line' id='line_1_82' title="bbox 284 5231 1869 5315; baseline -0.011 -17"><span class='ocrx_word' id='word_1_602' title='bbox 284 5246 388 5315; x_wconf 79' lang='grc' dir='ltr'>τὴν</span> <span class='ocrx_word' id='word_1_603' title='bbox 431 5243 623 5308; x_wconf 81' lang='grc' dir='ltr'>παῖδα,</span> <span class='ocrx_word' id='word_1_604' title='bbox 671 5241 761 5293; x_wconf 79' lang='grc' dir='ltr'>ἐπὶ</span> <span class='ocrx_word' id='word_1_605' title='bbox 791 5238 1042 5291; x_wconf 79' lang='grc' dir='ltr'>τοσοῦτον</span> <span class='ocrx_word' id='word_1_606' title='bbox 1081 5238 1275 5306; x_wconf 78' lang='grc' dir='ltr'>ἥκουσι</span> <span class='ocrx_word' id='word_1_607' title='bbox 1327 5231 1729 5299; x_wconf 85' lang='grc' dir='ltr'>καλοκαγαθίας</span> <span class='ocrx_word' id='word_1_608' title='bbox 1771 5231 1869 5282; x_wconf 82' lang='grc' dir='ltr'>καὶ</span> 
     </span>
    </p>
   </div>
   <div class='ocr_carea' id='block_1_83' title="bbox 285 5320 1870 5392">
    <p class='ocr_par' dir='ltr' id='par_1_83' title="bbox 285 5320 1870 5392">
     <span class='ocr_line' id='line_1_83' title="bbox 285 5320 1870 5392; baseline -0.012 -4"><span class='ocrx_word' id='word_1_609' title='bbox 285 5335 382 5388; x_wconf 77' lang='grc' dir='ltr'>τοῦ</span> <span class='ocrx_word' id='word_1_610' title='bbox 407 5335 498 5386; x_wconf 75' lang='grc' dir='ltr'><strong>διὰ</strong></span> <span class='ocrx_word' id='word_1_611' title='bbox 526 5337 743 5385; x_wconf 82' lang='grc' dir='ltr'>πάντων</span> <span class='ocrx_word' id='word_1_612' title='bbox 767 5331 975 5383; x_wconf 74' lang='grc' dir='ltr'>ἐλάσαι.</span> <span class='ocrx_word' id='word_1_613' title='bbox 1004 5328 1162 5381; x_wconf 73' lang='grc' dir='ltr'><strong>Οὖτιν»</strong></span> <span class='ocrx_word' id='word_1_614' title='bbox 1181 5326 1268 5379; x_wconf 76' lang='grc' dir='ltr'>διὰ</span> <span class='ocrx_word' id='word_1_615' title='bbox 1297 5323 1570 5392; x_wconf 86' lang='grc' dir='ltr'>γυναικῶν</span> <span class='ocrx_word' id='word_1_616' title='bbox 1600 5320 1870 5391; x_wconf 79' lang='grc' dir='ltr'>βελτίστη,</span> 
     </span>
    </p>
   </div>
   <div class='ocr_carea' id='block_1_84' title="bbox 285 5413 1870 5489">
    <p class='ocr_par' dir='ltr' id='par_1_84' title="bbox 285 5413 1870 5489">
     <span class='ocr_line' id='line_1_84' title="bbox 285 5413 1870 5489; baseline -0.011 -10"><span class='ocrx_word' id='word_1_617' title='bbox 285 5428 380 5480; x_wconf 73' lang='grc' dir='ltr'><strong>διὰ</strong></span> <span class='ocrx_word' id='word_1_618' title='bbox 409 5425 629 5477; x_wconf 82' lang='grc' dir='ltr'>πάντων</span> <span class='ocrx_word' id='word_1_619' title='bbox 658 5422 966 5489; x_wconf 82' lang='grc' dir='ltr'>τυγχάνει.·,</span> <span class='ocrx_word' id='word_1_620' title='bbox 1001 5418 1093 5470; x_wconf 78' lang='grc' dir='ltr'>καὶ</span> <span class='ocrx_word' id='word_1_621' title='bbox 1127 5418 1301 5470; x_wconf 86' lang='grc' dir='ltr'>πάντα</span> <span class='ocrx_word' id='word_1_622' title='bbox 1327 5415 1675 5483; x_wconf 81' lang='grc' dir='ltr'>καταλλήλως</span> <span class='ocrx_word' id='word_1_623' title='bbox 1709 5413 1870 5480; x_wconf 78' lang='grc' dir='ltr'>ἑσχης</span> 
     </span>
    </p>
   </div>
   <div class='ocr_carea' id='block_1_85' title="bbox 290 5507 1870 5588">
    <p class='ocr_par' dir='ltr' id='par_1_85' title="bbox 290 5507 1870 5588">
     <span class='ocr_line' id='line_1_85' title="bbox 290 5507 1870 5588; baseline -0.013 -16"><span class='ocrx_word' id='word_1_624' title='bbox 290 5523 491 5588; x_wconf 79' lang='grc' dir='ltr'>σαυτῇ,</span> <span class='ocrx_word' id='word_1_625' title='bbox 526 5519 626 5581; x_wconf 78' lang='grc' dir='ltr'>τήν</span> <span class='ocrx_word' id='word_1_626' title='bbox 653 5531 711 5567; x_wconf 86' lang='grc' dir='ltr'><strong>τε</strong></span> <span class='ocrx_word' id='word_1_627' title='bbox 748 5513 1000 5581; x_wconf 85' lang='grc' dir='ltr'>πατρίδα,</span> <span class='ocrx_word' id='word_1_628' title='bbox 1030 5511 1153 5572; x_wconf 82' lang='grc' dir='ltr'>τούς</span> <span class='ocrx_word' id='word_1_629' title='bbox 1183 5526 1239 5560; x_wconf 89' lang='grc' dir='ltr'><strong>τε</strong></span> <span class='ocrx_word' id='word_1_630' title='bbox 1270 5507 1588 5569; x_wconf 80' lang='grc' dir='ltr'>τοκέας,ῖνα</span> <span class='ocrx_word' id='word_1_631' title='bbox 1623 5522 1704 5556; x_wconf 92' lang='grc' dir='ltr'><strong>σοι</strong></span> <span class='ocrx_word' id='word_1_632' title='bbox 1734 5520 1870 5555; x_wconf 88' lang='grc' dir='ltr'>παν-</span> 
     </span>
    </p>
   </div>
   <div class='ocr_carea' id='block_1_86' title="bbox 292 5596 1871 5682">
    <p class='ocr_par' dir='ltr' id='par_1_86' title="bbox 292 5596 1871 5682">
     <span class='ocr_line' id='line_1_86' title="bbox 292 5596 1871 5682; baseline -0.013 -16"><span class='ocrx_word' id='word_1_633' title='bbox 292 5614 527 5682; x_wconf 85' lang='grc' dir='ltr'>ταχόθεν</span> <span class='ocrx_word' id='word_1_634' title='bbox 570 5610 656 5679; x_wconf 77' lang='grc' dir='ltr'><strong>εἴη</strong></span> <span class='ocrx_word' id='word_1_635' title='bbox 684 5609 743 5660; x_wconf 78' lang='grc' dir='ltr'>τὸ</span> <span class='ocrx_word' id='word_1_636' title='bbox 771 5607 1027 5674; x_wconf 72' lang='grc' dir='ltr'>εὐδαιμον</span> <span class='ocrx_word' id='word_1_637' title='bbox 1060 5608 1154 5655; x_wconf 71' lang='grc' dir='ltr'>καὶ</span> <span class='ocrx_word' id='word_1_638' title='bbox 1185 5602 1269 5653; x_wconf 66' lang='grc' dir='ltr'>διὰ</span> <span class='ocrx_word' id='word_1_639' title='bbox 1301 5601 1520 5652; x_wconf 83' lang='grc' dir='ltr'>πάντων</span> <span class='ocrx_word' id='word_1_640' title='bbox 1553 5597 1771 5664; x_wconf 78' lang='grc' dir='ltr'>νικῴης.</span> <span class='ocrx_word' id='word_1_641' title='bbox 1811 5596 1871 5646; x_wconf 89' lang='grc' dir='ltr'><strong>Εἰ</strong></span> 
     </span>
    </p>
   </div>
   <div class='ocr_carea' id='block_1_87' title="bbox 291 5688 1869 5768">
    <p class='ocr_par' dir='ltr' id='par_1_87' title="bbox 291 5688 1869 5768">
     <span class='ocr_line' id='line_1_87' title="bbox 291 5688 1869 5768; baseline -0.015 -8"><span class='ocrx_word' id='word_1_642' title='bbox 291 5708 353 5761; x_wconf 80' lang='grc' dir='ltr'><strong>δὲ</strong></span> <span class='ocrx_word' id='word_1_643' title='bbox 391 5707 489 5759; x_wconf 87' lang='grc' dir='ltr'><strong>καί</strong></span> <span class='ocrx_word' id='word_1_644' title='bbox 526 5703 734 5755; x_wconf 81' lang='grc' dir='ltr'>τούτων</span> <span class='ocrx_word' id='word_1_645' title='bbox 771 5701 831 5752; x_wconf 80' lang='grc' dir='ltr'><strong>οὐ</strong></span> <span class='ocrx_word' id='word_1_646' title='bbox 876 5699 1036 5768; x_wconf 75' lang='grc' dir='ltr'>μόνον</span> <span class='ocrx_word' id='word_1_647' title='bbox 1072 5698 1367 5763; x_wconf 68' lang='grc' dir='ltr'>ἁξιῦχρεως</span> <span class='ocrx_word' id='word_1_648' title='bbox 1400 5693 1670 5759; x_wconf 75' lang='grc' dir='ltr'>ἀνεφάνης</span> <span class='ocrx_word' id='word_1_649' title='bbox 1710 5688 1869 5746; x_wconf 72' lang='grc' dir='ltr'>αὐτὴ,</span> 
     </span>
    </p>
   </div>
   <div class='ocr_carea' id='block_1_88' title="bbox 1885 4551 1932 4605">
    <p class='ocr_par' dir='ltr' id='par_1_88' title="bbox 1885 4551 1932 4605">
     <span class='ocr_line' id='line_1_88' title="bbox 1885 4551 1932 4605; baseline 0 0"><span class='ocrx_word' id='word_1_650' title='bbox 1885 4551 1932 4605; x_wconf 89' lang='lat' dir='ltr'><strong>D</strong></span> 
     </span>
    </p>
   </div>
   <div class='ocr_carea' id='block_1_89' title="bbox 1939 3291 3507 3365">
    <p class='ocr_par' dir='ltr' id='par_1_89' title="bbox 1939 3291 3507 3365">
     <span class='ocr_line' id='line_1_89' title="bbox 1939 3291 3507 3365; baseline -0.015 0"><span class='ocrx_word' id='word_1_651' title='bbox 1939 3326 2065 3365; x_wconf 84' lang='lat' dir='ltr'><strong>seon</strong></span> <span class='ocrx_word' id='word_1_652' title='bbox 2098 3307 2355 3363; x_wconf 67' lang='lat' dir='ltr'><strong>Ecclesiae</strong></span> <span class='ocrx_word' id='word_1_653' title='bbox 2381 3303 2777 3357; x_wconf 82' lang='lat' dir='ltr'><strong>incumberent.</strong></span> <span class='ocrx_word' id='word_1_654' title='bbox 2807 3310 3034 3363; x_wconf 84' lang='lat' dir='ltr'><strong>eamque</strong></span> <span class='ocrx_word' id='word_1_655' title='bbox 3066 3293 3240 3347; x_wconf 72' lang='lat' dir='ltr'><strong>otl‘usa</strong></span> <span class='ocrx_word' id='word_1_656' title='bbox 3276 3291 3507 3357; x_wconf 79' lang='lat' dir='ltr'><strong>caligine</strong></span> 
     </span>
    </p>
   </div>
   <div class='ocr_carea' id='block_1_90' title="bbox 1940 3385 3510 3461">
    <p class='ocr_par' dir='ltr' id='par_1_90' title="bbox 1940 3385 3510 3461">
     <span class='ocr_line' id='line_1_90' title="bbox 1940 3385 3510 3461; baseline -0.014 -3"><span class='ocrx_word' id='word_1_657' title='bbox 1940 3402 2397 3460; x_wconf 85' lang='lat' dir='ltr'><strong>obtenebrarent,</strong></span> <span class='ocrx_word' id='word_1_658' title='bbox 2437 3405 2692 3461; x_wconf 86' lang='lat' dir='ltr'><strong>tanquam</strong></span> <span class='ocrx_word' id='word_1_659' title='bbox 2725 3391 2905 3459; x_wconf 87' lang='lat' dir='ltr'><strong>aquila</strong></span> <span class='ocrx_word' id='word_1_660' title='bbox 2953 3388 3127 3443; x_wconf 87' lang='lat' dir='ltr'><strong>nubes</strong></span> <span class='ocrx_word' id='word_1_661' title='bbox 3175 3385 3510 3454; x_wconf 88' lang='lat' dir='ltr'><strong>procellosas</strong></span> 
     </span>
    </p>
   </div>
   <div class='ocr_carea' id='block_1_91' title="bbox 1943 3475 3508 3551">
    <p class='ocr_par' dir='ltr' id='par_1_91' title="bbox 1943 3475 3508 3551">
     <span class='ocr_line' id='line_1_91' title="bbox 1943 3475 3508 3551; baseline -0.014 -6"><span class='ocrx_word' id='word_1_662' title='bbox 1943 3491 2355 3551; x_wconf 85' lang='lat' dir='ltr'><strong>transcendens,</strong></span> <span class='ocrx_word' id='word_1_663' title='bbox 2386 3499 2574 3539; x_wconf 90' lang='lat' dir='ltr'><strong>eorum</strong></span> <span class='ocrx_word' id='word_1_664' title='bbox 2613 3477 3115 3535; x_wconf 86' lang='lat' dir='ltr'><strong>concertationibus</strong></span> <span class='ocrx_word' id='word_1_665' title='bbox 3157 3475 3305 3530; x_wconf 87' lang='lat' dir='ltr'><strong>solus</strong></span> <span class='ocrx_word' id='word_1_666' title='bbox 3340 3487 3508 3538; x_wconf 79' lang='lat' dir='ltr'><strong>appa-</strong></span> 
     </span>
    </p>
   </div>
   <div class='ocr_carea' id='block_1_92' title="bbox 1944 3564 3512 3647">
    <p class='ocr_par' dir='ltr' id='par_1_92' title="bbox 1944 3564 3512 3647">
     <span class='ocr_line' id='line_1_92' title="bbox 1944 3564 3512 3647; baseline -0.015 -10"><span class='ocrx_word' id='word_1_667' title='bbox 1944 3584 2053 3638; x_wconf 91' lang='lat' dir='ltr'><strong>ruit</strong></span> <span class='ocrx_word' id='word_1_668' title='bbox 2077 3583 2257 3634; x_wconf 91' lang='lat' dir='ltr'><strong>altior.</strong></span> <span class='ocrx_word' id='word_1_669' title='bbox 2287 3575 2688 3647; x_wconf 83' lang='lat' dir='ltr'><strong>Chrysantbam</strong></span> <span class='ocrx_word' id='word_1_670' title='bbox 2721 3585 2887 3639; x_wconf 89' lang='lat' dir='ltr'><strong>porro</strong></span> <span class='ocrx_word' id='word_1_671' title='bbox 2909 3568 3033 3638; x_wconf 91' lang='lat' dir='ltr'><strong>quis</strong></span> <span class='ocrx_word' id='word_1_672' title='bbox 3057 3581 3162 3619; x_wconf 92' lang='lat' dir='ltr'><strong>non</strong></span> <span class='ocrx_word' id='word_1_673' title='bbox 3186 3564 3512 3618; x_wconf 73' lang='lat' dir='ltr'><strong>admiratur?</strong></span> 
     </span>
    </p>
   </div>
   <div class='ocr_carea' id='block_1_93' title="bbox 1945 3653 3515 3739">
    <p class='ocr_par' dir='ltr' id='par_1_93' title="bbox 1945 3653 3515 3739">
     <span class='ocr_line' id='line_1_93' title="bbox 1945 3653 3515 3739; baseline -0.018 -9"><span class='ocrx_word' id='word_1_674' title='bbox 1945 3677 2060 3729; x_wconf 83' lang='lat' dir='ltr'><strong>Non</strong></span> <span class='ocrx_word' id='word_1_675' title='bbox 2097 3682 2303 3726; x_wconf 80' lang='lat' dir='ltr'><strong>tantum</strong></span> <span class='ocrx_word' id='word_1_676' title='bbox 2338 3679 2560 3739; x_wconf 83' lang='lat' dir='ltr'><strong>propter</strong></span> <span class='ocrx_word' id='word_1_677' title='bbox 2594 3663 2908 3733; x_wconf 76' lang='lat' dir='ltr'><strong>religionem</strong></span> <span class='ocrx_word' id='word_1_678' title='bbox 2943 3659 3135 3726; x_wconf 87' lang='lat' dir='ltr'><strong>ipsius,</strong></span> <span class='ocrx_word' id='word_1_679' title='bbox 3159 3664 3211 3708; x_wconf 92' lang='lat' dir='ltr'><strong>et</strong></span> <span class='ocrx_word' id='word_1_680' title='bbox 3237 3665 3345 3709; x_wconf 89' lang='lat' dir='ltr'><strong>tam</strong></span> <span class='ocrx_word' id='word_1_681' title='bbox 3377 3653 3515 3706; x_wconf 80' lang='lat' dir='ltr'><strong>insi-</strong></span> 
     </span>
    </p>
   </div>
   <div class='ocr_carea' id='block_1_94' title="bbox 1948 3743 3514 3836">
    <p class='ocr_par' dir='ltr' id='par_1_94' title="bbox 1948 3743 3514 3836">
     <span class='ocr_line' id='line_1_94' title="bbox 1948 3743 3514 3836; baseline -0.016 -15"><span class='ocrx_word' id='word_1_682' title='bbox 1948 3782 2050 3836; x_wconf 82' lang='lat' dir='ltr'><strong>gne</strong></span> <span class='ocrx_word' id='word_1_683' title='bbox 2084 3779 2209 3832; x_wconf 72' lang='lat' dir='ltr'><strong>erga</strong></span> <span class='ocrx_word' id='word_1_684' title='bbox 2250 3758 2498 3814; x_wconf 89' lang='lat' dir='ltr'><strong>eamdem</strong></span> <span class='ocrx_word' id='word_1_685' title='bbox 2542 3755 2783 3810; x_wconf 89' lang='lat' dir='ltr'><strong>studium</strong></span> <span class='ocrx_word' id='word_1_686' title='bbox 2807 3793 2821 3817; x_wconf 95' lang='lat'><strong>,</strong></span> <span class='ocrx_word' id='word_1_687' title='bbox 2851 3760 2911 3805; x_wconf 92' lang='lat' dir='ltr'><strong>ut</strong></span> <span class='ocrx_word' id='word_1_688' title='bbox 2946 3751 3059 3820; x_wconf 90' lang='lat' dir='ltr'><strong>ipsa</strong></span> <span class='ocrx_word' id='word_1_689' title='bbox 3093 3747 3308 3816; x_wconf 86' lang='lat' dir='ltr'><strong>quidem</strong></span> <span class='ocrx_word' id='word_1_690' title='bbox 3340 3743 3514 3798; x_wconf 88' lang='lat' dir='ltr'><strong>levius</strong></span> 
     </span>
    </p>
   </div>
   <div class='ocr_carea' id='block_1_95' title="bbox 1947 3838 3512 3920">
    <p class='ocr_par' dir='ltr' id='par_1_95' title="bbox 1947 3838 3512 3920">
     <span class='ocr_line' id='line_1_95' title="bbox 1947 3838 3512 3920; baseline -0.016 -7"><span class='ocrx_word' id='word_1_691' title='bbox 1947 3862 2168 3913; x_wconf 87' lang='lat' dir='ltr'><strong>duceret</strong></span> <span class='ocrx_word' id='word_1_692' title='bbox 2217 3853 2398 3908; x_wconf 85' lang='lat' dir='ltr'><strong>omnia</strong></span> <span class='ocrx_word' id='word_1_693' title='bbox 2446 3849 2651 3920; x_wconf 87' lang='lat' dir='ltr'><strong>perpeti</strong></span> <span class='ocrx_word' id='word_1_694' title='bbox 2694 3861 2857 3914; x_wconf 90' lang='lat' dir='ltr'><strong>quam</strong></span> <span class='ocrx_word' id='word_1_695' title='bbox 2904 3845 2972 3897; x_wconf 90' lang='lat' dir='ltr'><strong>ab</strong></span> <span class='ocrx_word' id='word_1_696' title='bbox 3018 3857 3080 3895; x_wconf 91' lang='lat' dir='ltr'><strong>ea</strong></span> <span class='ocrx_word' id='word_1_697' title='bbox 3125 3841 3206 3894; x_wconf 88' lang='lat' dir='ltr'><strong>vel</strong></span> <span class='ocrx_word' id='word_1_698' title='bbox 3243 3838 3512 3892; x_wconf 88' lang='lat' dir='ltr'><strong>tantillum</strong></span> 
     </span>
    </p>
   </div>
   <div class='ocr_carea' id='block_1_96' title="bbox 1951 3929 3518 4011">
    <p class='ocr_par' dir='ltr' id='par_1_96' title="bbox 1951 3929 3518 4011">
     <span class='ocr_line' id='line_1_96' title="bbox 1951 3929 3518 4011; baseline -0.015 -6"><span class='ocrx_word' id='word_1_699' title='bbox 1951 3949 2234 4011; x_wconf 90' lang='lat' dir='ltr'><strong>recedere,</strong></span> <span class='ocrx_word' id='word_1_700' title='bbox 2283 3945 2404 3999; x_wconf 78' lang='lat' dir='ltr'><strong>aliis</strong></span> <span class='ocrx_word' id='word_1_701' title='bbox 2452 3957 2580 3995; x_wconf 86' lang='lat' dir='ltr'><strong>vero</strong></span> <span class='ocrx_word' id='word_1_702' title='bbox 2625 3949 2885 4008; x_wconf 85' lang='lat' dir='ltr'><strong>tanquam</strong></span> <span class='ocrx_word' id='word_1_703' title='bbox 2928 3932 3234 3988; x_wconf 87' lang='lat' dir='ltr'><strong>communis</strong></span> <span class='ocrx_word' id='word_1_704' title='bbox 3276 3929 3518 3985; x_wconf 80' lang='lat' dir='ltr'><strong>curatrix</strong></span> 
     </span>
    </p>
   </div>
   <div class='ocr_carea' id='block_1_97' title="bbox 1951 4022 3517 4116">
    <p class='ocr_par' dir='ltr' id='par_1_97' title="bbox 1951 4022 3517 4116">
     <span class='ocr_line' id='line_1_97' title="bbox 1951 4022 3517 4116; baseline -0.015 -18"><span class='ocrx_word' id='word_1_705' title='bbox 1951 4044 2168 4116; x_wconf 72' lang='lat' dir='ltr'><strong>pictatis</strong></span> <span class='ocrx_word' id='word_1_706' title='bbox 2199 4039 2552 4109; x_wconf 73' lang='lat' dir='ltr'><strong>prtesideret;</strong></span> <span class='ocrx_word' id='word_1_707' title='bbox 2594 4034 2684 4087; x_wconf 89' lang='lat' dir='ltr'><strong>sed</strong></span> <span class='ocrx_word' id='word_1_708' title='bbox 2717 4033 2878 4084; x_wconf 87' lang='lat' dir='ltr'><strong>etiam</strong></span> <span class='ocrx_word' id='word_1_709' title='bbox 2914 4035 3134 4097; x_wconf 86' lang='lat' dir='ltr'><strong>propter</strong></span> <span class='ocrx_word' id='word_1_710' title='bbox 3161 4022 3517 4090; x_wconf 87' lang='lat' dir='ltr'><strong>compositio-</strong></span> 
     </span>
    </p>
   </div>
   <div class='ocr_carea' id='block_1_98' title="bbox 1953 4115 3521 4192">
    <p class='ocr_par' dir='ltr' id='par_1_98' title="bbox 1953 4115 3521 4192">
     <span class='ocr_line' id='line_1_98' title="bbox 1953 4115 3521 4192; baseline -0.019 0"><span class='ocrx_word' id='word_1_711' title='bbox 1953 4153 2072 4192; x_wconf 76' lang='lat' dir='ltr'><strong>nem</strong></span> <span class='ocrx_word' id='word_1_712' title='bbox 2106 4132 2488 4188; x_wconf 81' lang='lat' dir='ltr'><strong>suavissimam</strong></span> <span class='ocrx_word' id='word_1_713' title='bbox 2534 4139 2772 4185; x_wconf 89' lang='lat' dir='ltr'><strong>morum,</strong></span> <span class='ocrx_word' id='word_1_714' title='bbox 2817 4131 2870 4174; x_wconf 91' lang='lat' dir='ltr'><strong>et</strong></span> <span class='ocrx_word' id='word_1_715' title='bbox 2906 4122 3166 4172; x_wconf 87' lang='lat' dir='ltr'><strong>virtutum</strong></span> <span class='ocrx_word' id='word_1_716' title='bbox 3201 4115 3521 4182; x_wconf 80' lang='lat' dir='ltr'><strong>amnigena-</strong></span> 
     </span>
    </p>
   </div>
   <div class='ocr_carea' id='block_1_99' title="bbox 1955 4202 3520 4286">
    <p class='ocr_par' dir='ltr' id='par_1_99' title="bbox 1955 4202 3520 4286">
     <span class='ocr_line' id='line_1_99' title="bbox 1955 4202 3520 4286; baseline -0.018 -2"><span class='ocrx_word' id='word_1_717' title='bbox 1955 4245 2073 4284; x_wconf 92' lang='lat' dir='ltr'><strong>rum</strong></span> <span class='ocrx_word' id='word_1_718' title='bbox 2110 4224 2577 4281; x_wconf 69' lang='lat' dir='ltr'><strong>exercitationem,</strong></span> <span class='ocrx_word' id='word_1_719' title='bbox 2612 4230 2840 4286; x_wconf 90' lang='lat' dir='ltr'><strong>quarum</strong></span> <span class='ocrx_word' id='word_1_720' title='bbox 2874 4226 3039 4266; x_wconf 86' lang='lat' dir='ltr'><strong>causa</strong></span> <span class='ocrx_word' id='word_1_721' title='bbox 3071 4207 3381 4262; x_wconf 90' lang='lat' dir='ltr'><strong>merebatur</strong></span> <span class='ocrx_word' id='word_1_722' title='bbox 3415 4202 3520 4257; x_wconf 82' lang='lat' dir='ltr'><strong>frui</strong></span> 
     </span>
    </p>
   </div>
   <div class='ocr_carea' id='block_1_100' title="bbox 1957 4295 3520 4378">
    <p class='ocr_par' dir='ltr' id='par_1_100' title="bbox 1957 4295 3520 4378">
     <span class='ocr_line' id='line_1_100' title="bbox 1957 4295 3520 4378; baseline -0.019 -4"><span class='ocrx_word' id='word_1_723' title='bbox 1957 4317 2235 4376; x_wconf 81' lang='lat' dir='ltr'><strong>Antonio,</strong></span> <span class='ocrx_word' id='word_1_724' title='bbox 2299 4324 2351 4366; x_wconf 91' lang='lat' dir='ltr'><strong>ct</strong></span> <span class='ocrx_word' id='word_1_725' title='bbox 2407 4323 2614 4378; x_wconf 65' lang='lat' dir='ltr'><strong>magnae</strong></span> <span class='ocrx_word' id='word_1_726' title='bbox 2678 4307 2836 4373; x_wconf 83' lang='lat' dir='ltr'><strong>hujus</strong></span> <span class='ocrx_word' id='word_1_727' title='bbox 2897 4300 3300 4368; x_wconf 73' lang='lat' dir='ltr'><strong>coniunctionis</strong></span> <span class='ocrx_word' id='word_1_728' title='bbox 3359 4295 3520 4360; x_wconf 74' lang='lat' dir='ltr'><strong>digna</strong></span> 
     </span>
    </p>
   </div>
   <div class='ocr_carea' id='block_1_101' title="bbox 1958 4412 2147 4466">
    <p class='ocr_par' dir='ltr' id='par_1_101' title="bbox 1958 4412 2147 4466">
     <span class='ocr_line' id='line_1_101' title="bbox 1958 4412 2147 4466; baseline -0.021 0"><span class='ocrx_word' id='word_1_729' title='bbox 1958 4412 2147 4466; x_wconf 87' lang='lat' dir='ltr'><strong>videri.</strong></span> 
     </span>
    </p>
   </div>
   <div class='ocr_carea' id='block_1_102' title="bbox 2031 4476 3525 4555">
    <p class='ocr_par' dir='ltr' id='par_1_102' title="bbox 2031 4476 3525 4555">
     <span class='ocr_line' id='line_1_102' title="bbox 2031 4476 3525 4555; baseline -0.018 0"><span class='ocrx_word' id='word_1_730' title='bbox 2031 4503 2083 4555; x_wconf 84' lang='lat'><strong>5.</strong></span> <span class='ocrx_word' id='word_1_731' title='bbox 2127 4501 2201 4553; x_wconf 92' lang='lat' dir='ltr'><strong>lta</strong></span> <span class='ocrx_word' id='word_1_732' title='bbox 2246 4513 2303 4550; x_wconf 87' lang='lat' dir='ltr'><strong>se</strong></span> <span class='ocrx_word' id='word_1_733' title='bbox 2356 4493 2679 4548; x_wconf 87' lang='lat' dir='ltr'><strong>habentibus</strong></span> <span class='ocrx_word' id='word_1_734' title='bbox 2708 4489 2812 4542; x_wconf 88' lang='lat' dir='ltr'><strong>illis</strong></span> <span class='ocrx_word' id='word_1_735' title='bbox 2857 4499 2908 4540; x_wconf 90' lang='lat' dir='ltr'><strong>et</strong></span> <span class='ocrx_word' id='word_1_736' title='bbox 2943 4484 3144 4553; x_wconf 88' lang='lat' dir='ltr'><strong>optima</strong></span> <span class='ocrx_word' id='word_1_737' title='bbox 3193 4493 3423 4549; x_wconf 68' lang='lat' dir='ltr'><strong>quaeque</strong></span> <span class='ocrx_word' id='word_1_738' title='bbox 3469 4476 3525 4529; x_wconf 89' lang='lat' dir='ltr'><strong>iu</strong></span> 
     </span>
    </p>
   </div>
   <div class='ocr_carea' id='block_1_103' title="bbox 1964 4568 3528 4649">
    <p class='ocr_par' dir='ltr' id='par_1_103' title="bbox 1964 4568 3528 4649">
     <span class='ocr_line' id='line_1_103' title="bbox 1964 4568 3528 4649; baseline -0.019 0"><span class='ocrx_word' id='word_1_739' title='bbox 1964 4609 2130 4649; x_wconf 90' lang='lat' dir='ltr'><strong>unum</strong></span> <span class='ocrx_word' id='word_1_740' title='bbox 2170 4586 2594 4645; x_wconf 72' lang='lat' dir='ltr'><strong>conferentibus,</strong></span> <span class='ocrx_word' id='word_1_741' title='bbox 2626 4583 2869 4634; x_wconf 88' lang='lat' dir='ltr'><strong>omnium</strong></span> <span class='ocrx_word' id='word_1_742' title='bbox 2898 4576 3221 4635; x_wconf 78' lang='lat' dir='ltr'><strong>maximum,</strong></span> <span class='ocrx_word' id='word_1_743' title='bbox 3257 4586 3319 4624; x_wconf 88' lang='lat' dir='ltr'><strong>ac</strong></span> <span class='ocrx_word' id='word_1_744' title='bbox 3359 4568 3528 4621; x_wconf 90' lang='lat' dir='ltr'><strong>veluti</strong></span> 
     </span>
    </p>
   </div>
   <div class='ocr_carea' id='block_1_104' title="bbox 1963 4658 3532 4744">
    <p class='ocr_par' dir='ltr' id='par_1_104' title="bbox 1963 4658 3532 4744">
     <span class='ocr_line' id='line_1_104' title="bbox 1963 4658 3532 4744; baseline -0.019 -6"><span class='ocrx_word' id='word_1_745' title='bbox 1963 4682 2204 4744; x_wconf 83' lang='lat' dir='ltr'><strong>coronis,</strong></span> <span class='ocrx_word' id='word_1_746' title='bbox 2237 4687 2290 4731; x_wconf 89' lang='lat' dir='ltr'><strong>et</strong></span> <span class='ocrx_word' id='word_1_747' title='bbox 2340 4690 2447 4744; x_wconf 73' lang='lat' dir='ltr'><strong>pra:</strong></span> <span class='ocrx_word' id='word_1_748' title='bbox 2490 4671 2702 4727; x_wconf 63' lang='lat' dir='ltr'><strong>caneris</strong></span> <span class='ocrx_word' id='word_1_749' title='bbox 2746 4681 2933 4722; x_wconf 89' lang='lat' dir='ltr'><strong>eorum</strong></span> <span class='ocrx_word' id='word_1_750' title='bbox 2986 4663 3324 4716; x_wconf 89' lang='lat' dir='ltr'><strong>ornamentis</strong></span> <span class='ocrx_word' id='word_1_751' title='bbox 3369 4658 3532 4723; x_wconf 79' lang='lat' dir='ltr'><strong>longe</strong></span> 
     </span>
    </p>
   </div>
   <div class='ocr_carea' id='block_1_105' title="bbox 1965 4749 3531 4845">
    <p class='ocr_par' dir='ltr' id='par_1_105' title="bbox 1965 4749 3531 4845">
     <span class='ocr_line' id='line_1_105' title="bbox 1965 4749 3531 4845; baseline -0.019 -17"><span class='ocrx_word' id='word_1_752' title='bbox 1965 4769 2553 4845; x_wconf 63' lang='lat' dir='ltr'><strong>pragcellentissimum,</strong></span> <span class='ocrx_word' id='word_1_753' title='bbox 2579 4775 2769 4829; x_wconf 83' lang='lat' dir='ltr'><strong>magna</strong></span> <span class='ocrx_word' id='word_1_754' title='bbox 2797 4771 2958 4826; x_wconf 88' lang='lat' dir='ltr'><strong>atque</strong></span> <span class='ocrx_word' id='word_1_755' title='bbox 2979 4751 3317 4808; x_wconf 86' lang='lat' dir='ltr'><strong>admirabilis</strong></span> <span class='ocrx_word' id='word_1_756' title='bbox 3347 4749 3531 4802; x_wconf 88' lang='lat' dir='ltr'><strong>Theo-</strong></span> 
     </span>
    </p>
   </div>
   <div class='ocr_carea' id='block_1_106' title="bbox 1968 4836 3532 4929">
    <p class='ocr_par' dir='ltr' id='par_1_106' title="bbox 1968 4836 3532 4929">
     <span class='ocr_line' id='line_1_106' title="bbox 1968 4836 3532 4929; baseline -0.021 -8"><span class='ocrx_word' id='word_1_757' title='bbox 1968 4836 2098 4922; x_wconf 77' lang='lat' dir='ltr'><strong>dora</strong></span> <span class='ocrx_word' id='word_1_758' title='bbox 2141 4860 2369 4929; x_wconf 81' lang='lat' dir='ltr'><strong>obtigit;</strong></span> <span class='ocrx_word' id='word_1_759' title='bbox 2402 4857 2616 4923; x_wconf 78' lang='lat' dir='ltr'><strong>signum</strong></span> <span class='ocrx_word' id='word_1_760' title='bbox 2655 4851 2735 4903; x_wconf 91' lang='lat' dir='ltr'><strong>eis</strong></span> <span class='ocrx_word' id='word_1_761' title='bbox 2793 4845 3139 4900; x_wconf 82' lang='lat' dir='ltr'><strong>manifestum</strong></span> <span class='ocrx_word' id='word_1_762' title='bbox 3168 4841 3421 4913; x_wconf 71' lang='lat' dir='ltr'><strong>prtebens</strong></span> <span class='ocrx_word' id='word_1_763' title='bbox 3447 4836 3532 4889; x_wconf 89' lang='lat' dir='ltr'><strong>di-</strong></span> 
     </span>
    </p>
   </div>
   <div class='ocr_carea' id='block_1_107' title="bbox 1971 4925 3532 5020">
    <p class='ocr_par' dir='ltr' id='par_1_107' title="bbox 1971 4925 3532 5020">
     <span class='ocr_line' id='line_1_107' title="bbox 1971 4925 3532 5020; baseline -0.023 -9"><span class='ocrx_word' id='word_1_764' title='bbox 1971 4959 2108 5009; x_wconf 75' lang='lat' dir='ltr'><strong>vina:</strong></span> <span class='ocrx_word' id='word_1_765' title='bbox 2144 4966 2272 5020; x_wconf 82' lang='lat' dir='ltr'><strong>erga</strong></span> <span class='ocrx_word' id='word_1_766' title='bbox 2315 4963 2372 5002; x_wconf 87' lang='lat' dir='ltr'><strong>se</strong></span> <span class='ocrx_word' id='word_1_767' title='bbox 2414 4938 2798 4999; x_wconf 88' lang='lat' dir='ltr'><strong>miserationis,</strong></span> <span class='ocrx_word' id='word_1_768' title='bbox 2831 4934 3045 4989; x_wconf 80' lang='lat' dir='ltr'><strong>abunde</strong></span> <span class='ocrx_word' id='word_1_769' title='bbox 3076 4925 3532 4986; x_wconf 86' lang='lat' dir='ltr'><strong>demonstrantis,</strong></span> 
     </span>
    </p>
   </div>
   <div class='ocr_carea' id='block_1_108' title="bbox 1973 5023 3537 5114">
    <p class='ocr_par' dir='ltr' id='par_1_108' title="bbox 1973 5023 3537 5114">
     <span class='ocr_line' id='line_1_108' title="bbox 1973 5023 3537 5114; baseline -0.02 -15"><span class='ocrx_word' id='word_1_770' title='bbox 1973 5043 2160 5114; x_wconf 87' lang='lat' dir='ltr'><strong>quanti</strong></span> <span class='ocrx_word' id='word_1_771' title='bbox 2199 5045 2345 5109; x_wconf 82' lang='lat' dir='ltr'><strong>ipsos</strong></span> <span class='ocrx_word' id='word_1_772' title='bbox 2376 5038 2594 5094; x_wconf 78' lang='lat' dir='ltr'><strong>faceret,</strong></span> <span class='ocrx_word' id='word_1_773' title='bbox 2622 5039 2671 5082; x_wconf 90' lang='lat' dir='ltr'><strong>et</strong></span> <span class='ocrx_word' id='word_1_774' title='bbox 2700 5028 2842 5096; x_wconf 83' lang='lat' dir='ltr'><strong>quod</strong></span> <span class='ocrx_word' id='word_1_775' title='bbox 2869 5039 2964 5093; x_wconf 92' lang='lat' dir='ltr'><strong>pro</strong></span> <span class='ocrx_word' id='word_1_776' title='bbox 2989 5023 3091 5075; x_wconf 92' lang='lat' dir='ltr'><strong>alia</strong></span> <span class='ocrx_word' id='word_1_777' title='bbox 3115 5032 3441 5088; x_wconf 86' lang='lat' dir='ltr'><strong>quacunque</strong></span> <span class='ocrx_word' id='word_1_778' title='bbox 3483 5027 3537 5069; x_wconf 89' lang='lat' dir='ltr'><strong>et</strong></span> 
     </span>
    </p>
   </div>
   <div class='ocr_carea' id='block_1_109' title="bbox 1977 5105 3539 5202">
    <p class='ocr_par' dir='ltr' id='par_1_109' title="bbox 1977 5105 3539 5202">
     <span class='ocr_line' id='line_1_109' title="bbox 1977 5105 3539 5202; baseline -0.019 -17"><span class='ocrx_word' id='word_1_779' title='bbox 1977 5105 2084 5202; x_wconf 74' lang='lat' dir='ltr'><strong>pra:</strong></span> <span class='ocrx_word' id='word_1_780' title='bbox 2113 5105 2260 5182; x_wconf 84' lang='lat' dir='ltr'><strong>omni</strong></span> <span class='ocrx_word' id='word_1_781' title='bbox 2304 5121 2546 5176; x_wconf 86' lang='lat' dir='ltr'><strong>mercede</strong></span> <span class='ocrx_word' id='word_1_782' title='bbox 2601 5117 2706 5170; x_wconf 91' lang='lat' dir='ltr'><strong>illis</strong></span> <span class='ocrx_word' id='word_1_783' title='bbox 2769 5123 3043 5178; x_wconf 84' lang='lat' dir='ltr'><strong>tantopere</strong></span> <span class='ocrx_word' id='word_1_784' title='bbox 3071 5111 3322 5162; x_wconf 85' lang='lat' dir='ltr'><strong>virtutem</strong></span> <span class='ocrx_word' id='word_1_785' title='bbox 3350 5105 3539 5157; x_wconf 84' lang='lat' dir='ltr'><strong>colen-</strong></span> 
     </span>
    </p>
   </div>
   <div class='ocr_carea' id='block_1_110' title="bbox 1976 5197 3539 5284">
    <p class='ocr_par' dir='ltr' id='par_1_110' title="bbox 1976 5197 3539 5284">
     <span class='ocr_line' id='line_1_110' title="bbox 1976 5197 3539 5284; baseline -0.019 -9"><span class='ocrx_word' id='word_1_786' title='bbox 1976 5197 2122 5275; x_wconf 76' lang='lat' dir='ltr'><strong>tibus</strong></span> <span class='ocrx_word' id='word_1_787' title='bbox 2157 5227 2206 5271; x_wconf 89' lang='lat' dir='ltr'><strong>et</strong></span> <span class='ocrx_word' id='word_1_788' title='bbox 2239 5231 2332 5284; x_wconf 84' lang='lat' dir='ltr'><strong>per</strong></span> <span class='ocrx_word' id='word_1_789' title='bbox 2362 5212 2544 5265; x_wconf 88' lang='lat' dir='ltr'><strong>omnia</strong></span> <span class='ocrx_word' id='word_1_790' title='bbox 2579 5211 2840 5276; x_wconf 81' lang='lat' dir='ltr'><strong>proiicere</strong></span> <span class='ocrx_word' id='word_1_791' title='bbox 2873 5201 3221 5268; x_wconf 86' lang='lat' dir='ltr'><strong>cupientibus</strong></span> <span class='ocrx_word' id='word_1_792' title='bbox 3250 5197 3414 5250; x_wconf 82' lang='lat' dir='ltr'><strong>ﬁliam</strong></span> <span class='ocrx_word' id='word_1_793' title='bbox 3450 5197 3539 5248; x_wconf 89' lang='lat' dir='ltr'><strong>dc-</strong></span> 
     </span>
    </p>
   </div>
   <div class='ocr_carea' id='block_1_111' title="bbox 1978 5275 3538 5374">
    <p class='ocr_par' dir='ltr' id='par_1_111' title="bbox 1978 5275 3538 5374">
     <span class='ocr_line' id='line_1_111' title="bbox 1978 5275 3538 5374; baseline -0.021 -6"><span class='ocrx_word' id='word_1_794' title='bbox 1978 5313 2139 5368; x_wconf 89' lang='lat' dir='ltr'><strong>derit.</strong></span> <span class='ocrx_word' id='word_1_795' title='bbox 2165 5309 2386 5374; x_wconf 86' lang='lat' dir='ltr'><strong>Sicque,</strong></span> <span class='ocrx_word' id='word_1_796' title='bbox 2417 5319 2448 5356; x_wconf 89' lang='grc' dir='ltr'><strong>ο</strong></span> <span class='ocrx_word' id='word_1_797' title='bbox 2479 5300 2767 5353; x_wconf 89' lang='lat' dir='ltr'><strong>mulierum</strong></span> <span class='ocrx_word' id='word_1_798' title='bbox 2802 5290 3274 5363; x_wconf 60' lang='lat' dir='ltr'><strong>przcstantissima,</strong></span> <span class='ocrx_word' id='word_1_799' title='bbox 3309 5287 3454 5339; x_wconf 93' lang='lat' dir='ltr'><strong>omni</strong></span> <span class='ocrx_word' id='word_1_800' title='bbox 3477 5275 3538 5337; x_wconf 66' lang='lat' dir='ltr'><strong>et</strong></span> 
     </span>
    </p>
   </div>
   <div class='ocr_carea' id='block_1_112' title="bbox 1981 5376 3542 5473">
    <p class='ocr_par' dir='ltr' id='par_1_112' title="bbox 1981 5376 3542 5473">
     <span class='ocr_line' id='line_1_112' title="bbox 1981 5376 3542 5473; baseline -0.019 -15"><span class='ocrx_word' id='word_1_801' title='bbox 1981 5413 2130 5473; x_wconf 91' lang='lat' dir='ltr'><strong>parte</strong></span> <span class='ocrx_word' id='word_1_802' title='bbox 2162 5399 2348 5454; x_wconf 83' lang='lat' dir='ltr'><strong>eﬂ&#39;ecta</strong></span> <span class='ocrx_word' id='word_1_803' title='bbox 2374 5410 2434 5447; x_wconf 89' lang='lat' dir='ltr'><strong>es</strong></span> <span class='ocrx_word' id='word_1_804' title='bbox 2474 5393 2700 5461; x_wconf 90' lang='lat' dir='ltr'><strong>optima,</strong></span> <span class='ocrx_word' id='word_1_805' title='bbox 2735 5397 2785 5441; x_wconf 92' lang='lat' dir='ltr'><strong>et</strong></span> <span class='ocrx_word' id='word_1_806' title='bbox 2814 5394 3011 5440; x_wconf 89' lang='lat' dir='ltr'><strong>cuncta</strong></span> <span class='ocrx_word' id='word_1_807' title='bbox 3039 5383 3132 5436; x_wconf 86' lang='lat' dir='ltr'><strong>tibi</strong></span> <span class='ocrx_word' id='word_1_808' title='bbox 3161 5376 3542 5433; x_wconf 76' lang='lat' dir='ltr'><strong>convenientia</strong></span> 
     </span>
    </p>
   </div>
   <div class='ocr_carea' id='block_1_113' title="bbox 1981 5481 3545 5557">
    <p class='ocr_par' dir='ltr' id='par_1_113' title="bbox 1981 5481 3545 5557">
     <span class='ocr_line' id='line_1_113' title="bbox 1981 5481 3545 5557; baseline -0.02 -9"><span class='ocrx_word' id='word_1_809' title='bbox 1981 5493 2240 5552; x_wconf 86' lang='lat' dir='ltr'><strong>habuisti,</strong></span> <span class='ocrx_word' id='word_1_810' title='bbox 2271 5490 2525 5557; x_wconf 82' lang='lat' dir='ltr'><strong>patriam,</strong></span> <span class='ocrx_word' id='word_1_811' title='bbox 2558 5486 2807 5550; x_wconf 87' lang='lat' dir='ltr'><strong>inquam,</strong></span> <span class='ocrx_word' id='word_1_812' title='bbox 2846 5488 3004 5545; x_wconf 82' lang='lat' dir='ltr'><strong>atque</strong></span> <span class='ocrx_word' id='word_1_813' title='bbox 3033 5481 3287 5543; x_wconf 85' lang='lat' dir='ltr'><strong>parentes</strong></span> <span class='ocrx_word' id='word_1_814' title='bbox 3309 5511 3323 5534; x_wconf 97' lang='lat'><strong>,</strong></span> <span class='ocrx_word' id='word_1_815' title='bbox 3361 5481 3419 5522; x_wconf 91' lang='lat' dir='ltr'><strong>ut</strong></span> <span class='ocrx_word' id='word_1_816' title='bbox 3446 5483 3545 5520; x_wconf 91' lang='lat' dir='ltr'><strong>un-</strong></span> 
     </span>
    </p>
   </div>
   <div class='ocr_carea' id='block_1_114' title="bbox 1983 5562 3548 5655">
    <p class='ocr_par' dir='ltr' id='par_1_114' title="bbox 1983 5562 3548 5655">
     <span class='ocr_line' id='line_1_114' title="bbox 1983 5562 3548 5655; baseline -0.018 -16"><span class='ocrx_word' id='word_1_817' title='bbox 1983 5590 2266 5655; x_wconf 86' lang='lat' dir='ltr'><strong>dequaque</strong></span> <span class='ocrx_word' id='word_1_818' title='bbox 2309 5583 2461 5632; x_wconf 86' lang='lat' dir='ltr'><strong>beata</strong></span> <span class='ocrx_word' id='word_1_819' title='bbox 2499 5578 2666 5638; x_wconf 81' lang='lat' dir='ltr'><strong>fores,</strong></span> <span class='ocrx_word' id='word_1_820' title='bbox 2691 5581 2743 5626; x_wconf 91' lang='lat' dir='ltr'><strong>et</strong></span> <span class='ocrx_word' id='word_1_821' title='bbox 2771 5572 3023 5625; x_wconf 87' lang='lat' dir='ltr'><strong>omnibus</strong></span> <span class='ocrx_word' id='word_1_822' title='bbox 3050 5582 3142 5634; x_wconf 82' lang='lat' dir='ltr'><strong>per</strong></span> <span class='ocrx_word' id='word_1_823' title='bbox 3175 5564 3354 5617; x_wconf 88' lang='lat' dir='ltr'><strong>omnia</strong></span> <span class='ocrx_word' id='word_1_824' title='bbox 3393 5562 3548 5626; x_wconf 75' lang='lat' dir='ltr'><strong>longe</strong></span> 
     </span>
    </p>
   </div>
   <div class='ocr_carea' id='block_1_115' title="bbox 1984 5653 3548 5747">
    <p class='ocr_par' dir='ltr' id='par_1_115' title="bbox 1984 5653 3548 5747">
     <span class='ocr_line' id='line_1_115' title="bbox 1984 5653 3548 5747; baseline -0.018 -13"><span class='ocrx_word' id='word_1_825' title='bbox 1984 5677 2254 5747; x_wconf 90' lang='lat' dir='ltr'><strong>superior.</strong></span> <span class='ocrx_word' id='word_1_826' title='bbox 2290 5671 2482 5725; x_wconf 87' lang='lat' dir='ltr'><strong>Utrum</strong></span> <span class='ocrx_word' id='word_1_827' title='bbox 2519 5682 2646 5723; x_wconf 77' lang='lat' dir='ltr'><strong>vero</strong></span> <span class='ocrx_word' id='word_1_828' title='bbox 2683 5680 2787 5719; x_wconf 91' lang='lat' dir='ltr'><strong>non</strong></span> <span class='ocrx_word' id='word_1_829' title='bbox 2821 5663 2990 5718; x_wconf 91' lang='lat' dir='ltr'><strong>solum</strong></span> <span class='ocrx_word' id='word_1_830' title='bbox 3039 5660 3199 5726; x_wconf 73' lang='lat' dir='ltr'><strong>digna</strong></span> <span class='ocrx_word' id='word_1_831' title='bbox 3239 5655 3343 5708; x_wconf 90' lang='lat' dir='ltr'><strong>illis</strong></span> <span class='ocrx_word' id='word_1_832' title='bbox 3380 5653 3548 5706; x_wconf 82' lang='lat' dir='ltr'><strong>fueris</strong></span> 
     </span>
    </p>
   </div>
   <div class='ocr_carea' id='block_1_116' title="bbox 372 5866 2126 5958">
    <p class='ocr_par' dir='ltr' id='par_1_116' title="bbox 372 5866 2126 5958">
     <span class='ocr_line' id='line_1_116' title="bbox 372 5866 2126 5958; baseline -0.016 -21"><span class='ocrx_word' id='word_1_833' title='bbox 372 5884 450 5958; x_wconf 72' lang='lat' dir='ltr'><strong>(li)</strong></span> <span class='ocrx_word' id='word_1_834' title='bbox 485 5882 757 5953; x_wconf 83' lang='lat' dir='ltr'><strong>Scriptum</strong></span> <span class='ocrx_word' id='word_1_835' title='bbox 791 5887 926 5944; x_wconf 82' lang='lat' dir='ltr'><strong>erat,</strong></span> <span class='ocrx_word' id='word_1_836' title='bbox 965 5877 1057 5930; x_wconf 72' lang='grc' dir='ltr'>τοῦ</span> <span class='ocrx_word' id='word_1_837' title='bbox 1111 5876 1243 5944; x_wconf 62' lang='grc' dir='ltr'>πρδς</span> <span class='ocrx_word' id='word_1_838' title='bbox 1300 5873 1497 5933; x_wconf 68' lang='grc' dir='ltr'>αὐτοὺς</span> <span class='ocrx_word' id='word_1_839' title='bbox 1537 5867 1699 5924; x_wconf 73' lang='grc' dir='ltr'><strong>αὐτοῦ</strong></span> <span class='ocrx_word' id='word_1_840' title='bbox 1757 5866 2126 5932; x_wconf 81' lang='grc' dir='ltr'>διακειμένου.</span> 
     </span>
    </p>
   </div>
  </div>
