4262 6460
765 356 878 428 Ί59
1993 363 2296 426 NlCOLAl
2335 363 2721 428 CABASILA!
3921 368 4028 430 760

761 480 902 547 ipsa,
926 481 1020 536 sed
1049 477 1219 533 multo
1249 480 1411 533 etiam
1443 479 1818 534 admirabilior
1849 480 2114 548 majorem
2144 480 2333 534 melio-
2363 485 2408 541 Α
2438 503 2444 532 ε

2363 485 2408 541 Δ
2438 481 2575 536 άλλά
2617 488 2713 537 καὶ
2768 483 2951 556 πολλῷ
3003 486 3430 557 θαυμαστοτέρα
3483 489 3577 540 καὶ
3631 487 3875 556 μείζων,
3928 488 4025 539 καὶ

764 585 988 639 remque
1013 580 1065 623 te
1097 570 1413 640 probaveris
1443 570 1509 626 iis
1539 587 1633 639 per
1657 586 1782 640 quae
1810 572 2187 637 exornabaris,
2214 572 2340 642 quis
2445 593 2447 600 λ

2445 572 2757 642 κρείττονας
2776 577 2926 646 σφῶν
2957 579 3137 631 αὐτῶν
3169 578 3445 644 άνέδειξας
3464 574 3543 638 οἷς
3571 579 3913 647 ἐκόσμησας.
3940 582 4023 640 τίς

776 659 996 714 demtum
1037 671 1213 730 potest
1252 662 1536 730 ignorare?
2444 683 2459 717 ι

1423 662 1536 716 Ire?
2444 668 2544 719 οὐκ
2571 661 2679 720 οἶδε
2710 668 2820 721 τῶν
2852 669 3106 734 πάντωνς

835 751 885 804 6.
929 749 1166 806 ltlustria
1206 751 1370 821 igitur
1401 765 1489 807 tua
1528 757 1846 814 certamina.
1875 765 1927 809 et
1951 771 2175 825 magnos
2195 758 2338 810 circa

764 843 1163 911 pliilosonbiam
1192 861 1418 915 agones,
1443 847 1643 914 quibus
1673 849 1875 901 multos
1917 850 1968 902 iu
1992 851 2181 904 eadem
2214 865 2337 903 cum

767 938 923 990 laude
959 948 1229 1002 versatos,
1276 937 1446 992 victos
1475 955 1501 991 a
1543 949 1592 993 te
1617 942 1882 1011 longeque
1931 941 2071 996 infra
2119 943 2342 998 relictos

765 1029 1073 1085 clarissime
1123 1031 1535 1094 demonstrasti,
1572 1033 1684 1102 jam
1738 1034 1922 1089 dicere
1969 1035 2339 1104 aggredimur.

767 1120 831 1174 Et
885 1137 946 1176 ea
1005 1122 1222 1191 quidem
1255 1140 1379 1192 qua:
1448 1127 1532 1178 bis
1590 1127 1765 1178 instar
1824 1126 2158 1180 fundamenti
2208 1127 2340 1180 sub-

767 1224 961 1278 strata,
982 1232 1045 1269 ac
1074 1217 1236 1270 veluti
1263 1219 1622 1271 maximarum
1654 1235 1836 1274 rerum
1866 1235 2020 1274 tuere
2049 1224 2336 1289 prooemia,

767 1308 1047 1375 quomodo
1080 1324 1185 1362 non
1217 1309 1270 1361 in
1301 1310 1720 1364 admirationem
1751 1320 2146 1382 stuporemque
2172 1315 2344 1368 dedu-

766 1411 894 1450 cant
927 1399 1188 1466 aliquem,
1225 1409 1279 1451 et
1310 1401 1618 1453 futurorum
1656 1400 1857 1454 faciant
1888 1402 2114 1458 minime
2144 1403 2338 1456 fal~um

770 1490 984 1543 ratem?
1010 1490 1402 1545 lnstituebatur
1434 1493 1654 1560 quidem
1692 1493 1834 1546 inter
1854 1508 2076 1562 pueros,
2110 1497 2202 1549 sed
2237 1498 2339 1549 mi-

767 1583 912 1636 nime
941 1582 1203 1648 puerilem
1237 1583 1457 1649 gerebat
1491 1598 1713 1636 sensum
1740 1623 1755 1646 ,
1793 1599 1965 1653 neque
1995 1586 2060 1638 ad
2089 1603 2173 1640 res
2203 1587 2341 1641 ludi-

767 1689 889 1730 cras
916 1677 1362 1736 convertebatur,
1397 1675 1734 1745 voluptatem
1781 1677 1978 1731 exinde
2014 1678 2337 1746 captandam

769 1765 987 1820 virtutis
1035 1768 1154 1821 loco
1206 1767 1526 1831 :estimans,
1576 1769 1669 1822 sed
1720 1768 1917 1822 divinis
1961 1769 2340 1824 oblectabatur

769 1856 1282 1922 exercitationibus,
1318 1860 1491 1913 sacris
1517 1860 1812 1914 erudienda
1840 1859 2057 1914 litteris.
2094 1858 2342 1916 Emula-

770 1951 927 2001 batur
951 1959 1156 2013 autem,
1186 1960 1239 2004 et
1269 1953 1447 2005 socias
1471 1952 1669 2006 habere
1687 1952 1990 2020 expetebat,
2019 1967 2126 2004 non
2152 1966 2341 2006 assue-

771 2047 858 2096 tas
896 2042 1004 2097 illis
1031 2045 1306 2097 contraria
1339 2059 1522 2097 amare
1550 2051 1604 2096 et
1636 2043 1790 2097 malis
1825 2043 1880 2096 iu
1915 2050 2079 2098 rebus
2105 2043 2336 2106 versari,

767 2133 913 2202 quod
961 2134 1072 2187 vitii
1111 2143 1215 2197 est,
1249 2138 1341 2188 sed
1373 2134 1777 2204 adiungebatur
1806 2135 2052 2204 solisque
2085 2138 2340 2190 convive-

771 2227 860 2279 bat
889 2225 974 2287 iis,
1009 2241 1147 2294 quas
1175 2241 1331 2279 amor
1363 2227 1721 2294 philosophia!
1768 2227 2085 2296 divinaeque;
2114 2243 2340 2282 conver-

767 2317 995 2372 sationis
1030 2319 1276 2381 teneliat;
1313 2326 1498 2385 utpote
1531 2333 1651 2386 quae
1689 2316 2002 2372 felicitatem
2039 2321 2339 2373 cmstitue-

768 2417 852 2462 ret
880 2408 934 2462 in
970 2409 1078 2462 illis
1101 2408 1386 2462 dumtaxat
1412 2409 1598 2472 rebus,
1627 2424 1748 2477 quae
1781 2410 1891 2463 Deo
1916 2410 2153 2476 placent,
2176 2419 2340 2477 atque

769 2501 834 2555 ad
871 2502 1130 2555 virtutem
1168 2501 1400 2562 ducunt,
1436 2511 1489 2555 et
1522 2499 1879 2553 ineffabiliqu
1913 2500 2180 2553 bonorum
2212 2515 2338 2568 par-

769 2589 1141 2658 ticipationem
1178 2590 1499 2644 conciliant.
1548 2588 1639 2643 Sic
1687 2589 1852 2659 igitur
1888 2594 2071 2641 animo
2113 2604 2336 2658 compa-

770 2687 908 2742 rata,
940 2677 1195 2746 coniugio
1224 2679 1444 2747 quidem
1481 2694 1574 2733 usa
1608 2688 1712 2744 est,
1745 2681 1835 2733 sed
1875 2693 1967 2733 usa
1999 2688 2082 2732 est
2104 2689 2336 2744 tantum,

770 2773 826 2818 et
859 2764 993 2820 nihil
1026 2768 1292 2836 amplius,
1321 2781 1586 2836 quantum
1630 2768 1843 2822 scilicet
1884 2784 2020 2838 Opus
2063 2783 2210 2834 erat,
2239 2769 2328 2823 ali-

769 2871 933 2924 quam
973 2858 1039 2911 ad
1072 2859 1274 2927 optima
1312 2875 1541 2928 qumque
1569 2863 1872 2913 tendentem
1928 2861 2097 2915 etiam
2130 2864 2293 2931 conju

768 2947 859 3014 gio
881 2947 1103 3002 subesse
1129 2967 1142 3000 :
1175 2958 1231 3003 ut
1261 2965 1381 3018 qua:
1407 2960 1571 3004 totam
1599 2966 1658 3004 se
1691 2951 1930 3005 dedisset
1957 2953 2334 3021 pbilosop’iae,

771 3053 879 3091 non
913 3039 1209 3107 respiciens
1239 3039 1291 3093 in
1320 3040 1542 3095 delicias
1575 3050 1669 3094 aut
1695 3042 2026 3111 voluptates,
2056 3045 2336 3114 animique

2516 765 2591 822 ς’.
2627 759 2767 821 Τοὺς
2802 760 2901 828 μὲν
2933 759 3026 813 οὕν
3058 762 3362 832 ὑπερφυεῖς
3401 764 3645 824 ἐκείνους
3679 762 3896 829 ἀγῶνας
3929 763 4024 814 καὶ

2442 852 2510 904 τά
2541 851 2750 919 μεγάλα
2779 853 2873 905 ἐπὶ
2902 854 3192 926 φιλοσοφίᾳ
3230 855 3556 924 σκάμματα,
3587 857 3647 907 ἐν
3673 849 3755 916 οἷς
3786 854 4018 915 πολλοὺς

2444 946 2536 998 ἐπὶ
2569 945 2857 1015 φιλοσοφίᾳ.
2887 945 3334 1016 θαυμαζομένους
3363 947 3709 1015 ἡττωμένους
3737 947 3831 998 καὶ
3865 945 4018 997 κάτω

2444 1036 2756 1105 χωροῦντας
2795 1036 2998 1101 ἔδειξας
3037 1038 3377 1107 περιφανῶς,
3416 1037 3616 1090 αὐτίκα
3649 1035 3906 1106 ἐροῦμεν.
3952 1036 4019 1088 Ἀ

2443 1128 2498 1180 δέ
2541 1128 2745 1180 τούτων
2781 1127 2972 1198 ὥσπερ
3005 1130 3111 1193 πρὸ
3147 1128 3359 1189 τελείας
3390 1127 3626 1180 ὑπέθουν
3659 1128 3756 1180 καὶ
3787 1128 3897 1180 τῶν
3927 1144 4023 1192 με·

2444 1220 2624 1288 γάλων
2657 1220 2937 1290 προοίμια,
2957 1221 3072 1283 πῶς
3102 1221 3161 1272 οὐ
3197 1221 3329 1287 πρὸς
3363 1219 3626 1289 ἔκπληξιν
3656 1220 3867 1281 πάντας
3895 1219 4022 1270 ἐνά-

2444 1327 2530 1377 γει
2566 1313 2656 1364 καὶ
2703 1311 2888 1381 θαῦμα
2937 1314 3030 1366 καὶ
3075 1313 3185 1364 τῶν
3226 1314 3303 1375 είς
3354 1312 3525 1365 ἔπειτ’
3580 1311 3854 1380 ἐσομένων
3889 1311 4026 1379 μάν-

2443 1419 2556 1464 τεις
2584 1405 2773 1469 σαφεῖς
2794 1402 3173 1456 ἀναδείκνυσιν
3199 1422 3214 1467 ;
3240 1404 3327 1466 Είς
3355 1404 3552 1465 παῖδας
3583 1404 3682 1470 μὲν
3711 1400 3803 1456 οὖν
3827 1403 4021 1465 ἐτέλει,

2443 1494 2558 1547 ἀλλ’
2588 1495 2649 1546 οὐ
2689 1494 2826 1547 κατά
2860 1496 3053 1558 παῖδας
3086 1490 3198 1564 εἶχε
3229 1495 3288 1548 τδ
3313 1495 3589 1565 φρόνημα,
3621 1496 3729 1547 οὐδ’
3766 1498 3845 1555 είς
3877 1512 4023 1547 παι-

2443 1587 2559 1649 διάς
2595 1587 2763 1657 ἐώρα,
2801 1589 2894 1640 καὶ
2930 1588 3027 1657 τὴν
3066 1589 3275 1641 ἐκεῖθεν
3311 1587 3501 1658 τέρψιν
3541 1588 3642 1657 τῆς
3678 1588 3880 1655 ἀρετῆς
3912 1587 4022 1638 ἐτι-

2445 1679 2618 1745 μᾶτο·
2652 1679 2765 1730 ἀλλ’
2786 1679 2970 1748 ἔχαιρε
3003 1679 3099 1748 μὲν
3122 1681 3241 1741 ταῖς
3270 1679 3441 1742 θείαις
3464 1680 3770 1750 διατριϐαῖς
3799 1681 3867 1731 τά
3897 1678 4020 1729 θεῖα

2444 1770 2834 1841 παιδευομένη,
2863 1770 3128 1839 ἡμιλλᾶτο
3177 1770 3233 1822 δὲ
3289 1770 3383 1824 καὶ
3438 1769 3605 1838 συνῆν
3646 1770 3706 1821 οὐ
3753 1771 3872 1830 ταῖς
3909 1768 4023 1820 τῶν

2449 1863 2702 1916 ἐναντίων
2747 1862 2951 1932 ἐρῶσαι
2989 1863 3216 1926 είδυίαις
3254 1865 3347 1917 καὶ
3382 1864 3442 1916 τὸ
3482 1865 3667 1925 καλοῖς
3713 1864 4020 1923 συνοικεῖν.

2449 1951 2586 2018 πρὸς
2603 1950 2988 2020 ἐλαττώματος
3019 1950 3078 2003 δν
3102 1968 3117 1982 ο
3151 1952 3376 2004 ἐκείνων
3405 1950 3448 2001 δ’
3480 1951 3742 2018 ἐξήρτητο
3771 1949 3864 2000 καὶ
3892 1947 4024 1999 ταύ-

2447 2063 2565 2107 ταις
2601 2044 2789 2112 μόναις
2824 2041 3054 2112 συνέζη,
3090 2042 3155 2106 ἃς
3198 2044 3225 2096 ὁ
3260 2042 3580 2111 φιλοσοφίας
3610 2041 3749 2110 ἔρως
3785 2040 4022 2106 κατέσχε

2447 2138 2542 2190 καὶ
2563 2136 2654 2190 τοῦ
2683 2139 2920 2190 συνεῖναι
2946 2137 3066 2207 Θεῷ
3087 2154 3100 2166 °
3124 2136 3292 2206 μόνην
3323 2137 3428 2207 γάρ
3456 2134 3804 2202 εὐδαιμονίαν
3834 2134 4023 2203 ἠγεῖτο

2445 2230 2482 2283 ἃ
2520 2229 2893 2298 κεχαρισμένα
2929 2229 3185 2298 τυγχάνει
3219 2227 3360 2296 Θεῷ,
3395 2231 3487 2280 καὶ
3522 2226 3658 2295 πρδς
3691 2224 3894 2295 ἀρετὴν
3921 2224 4022 2291 φέ-

2449 2339 2568 2391 ρει,
2609 2322 2702 2374 καὶ
2749 2321 2857 2374 τῶν
2891 2323 3147 2393 ἀρρήτων
3178 2320 3470 2382 κοινωνοὺς
3511 2317 3822 2388 ἐργάζεται.
3859 2315 4022 2370 Οὕτω

2446 2413 2626 2466 τοίνυν
2646 2413 2744 2483 τὴν
2763 2413 2943 2482 ψυχὴν
2970 2415 3413 2482 παρεσκευακυῖα
3440 2411 3686 2480 ὡμίλησε
3713 2409 3812 2478 μὲν
3828 2408 4022 2477 γάμῳ.

2444 2501 2689 2573 ὡμίλησε
2735 2504 2813 2567 δὲ,
2858 2504 3007 2556 οὐδὲν
3053 2503 3252 2572 μᾶλλον
3280 2518 3293 2532 ·
3330 2502 3464 2554 ἀλλά
3507 2501 3762 2554 τοσοῦτον
3799 2500 4022 2567 ἐδέησεν

2448 2593 2661 2660 ὑφεῖναι
2711 2611 2760 2645 τι
2803 2592 2952 2663 παρὰ
2991 2595 3082 2644 τὸν
3119 2593 3293 2660 γάμον
3345 2592 3437 2644 τοῦ
3484 2590 3613 2659 περὶ
3648 2589 3714 2641 τὰ
3767 2588 4023 2658 βέλτιστα

2445 2684 2624 2742 τόνου,
2659 2681 2796 2734 ὥστε
2831 2684 2925 2733 καὶ
2970 2680 3150 2750 πολ.λῷ
3188 2681 3390 2750 μείζων
3435 2676 3501 2750 ἦν
3551 2681 3628 2741 είς
3661 2679 3979 2746 φιλοσοφίαν
4005 2692 4021 2707 ·

2445 2774 2545 2826 οὐκ
2577 2775 2656 2834 είς
2696 2773 2905 2840 τρυφὰς
2940 2771 3122 2843 δρῶσα
3160 2773 3252 2824 καὶ
3286 2773 3478 2841 ἡδονάς
3515 2772 3611 2823 καὶ
3641 2771 3740 2837 τὴν
3767 2767 4025 2821 ἐντεῦθεν

2447 2865 2748 2936 ῥᾳστώνην,
2783 2864 2900 2914 οὐδὲ
2937 2863 3094 2931 δόξης
3126 2866 3415 2933 ἡττωμένη
3447 2865 3538 2915 καὶ
3568 2863 3821 2914 πλούτου.
3855 2861 4025 2929 Μὸνῳ

2446 2959 2554 3026 γὰρ
2587 2957 2703 3024 Θεῷ
2733 2958 2829 3010 καὶ
2858 2960 2968 3016 τοῖς
3001 2956 3208 3007 ἐκείνου
3246 2958 3520 3024 προσεῖχε,
3558 2955 3648 3006 καὶ
3688 2953 3787 3020 τὴν
3827 2951 4021 3003 ἐπιθυ-

2452 3047 2580 3114 μίαν
2628 3047 2761 3116 πρὸς
2796 3048 3004 3098 ἐκεῖνον
3048 3047 3218 3098 ἔτεινε
3252 3047 3431 3114 μόνον,
3463 3047 3558 3098 καὶ
3589 3045 3767 3097 πάντα
3792 3042 3860 3096 τὰ
3896 3039 4024 3095 καθ’

769 3129 1148 3183 remiSsionem
1186 3146 1280 3198 per
1308 3147 1400 3186 eas
1429 3135 1753 3201 captandam
1779 3173 1794 3195 ,
1825 3150 2002 3204 neque
2029 3137 2200 3206 gloria
2236 3147 2331 3192 aut
2363 3132 2406 3190 ο
2439 3159 2452 3192 ι

1747 3154 1753 3186 l
1779 3173 1794 3195 ,
1825 3150 2002 3204 neque
2029 3137 2200 3206 gloria
2236 3147 2331 3192 aut
2363 3132 2406 3190 C
2439 3140 2610 3209 αὐτὴν
2642 3140 2852 3192 ἐκείνου
2878 3142 3104 3209 γνώμην
3128 3139 3312 3192 διώκει
3347 3138 3430 3206 (i).

769 3221 973 3276 divitiis
1004 3222 1338 3278 vinceretur.
1378 3224 1488 3279 Soli
1525 3228 1667 3278 enim
1696 3225 1806 3279 Deo
1834 3229 2109 3297 rebusque
2162 3231 2360 3287 divinis
2411 3232 2736 3299 inhaerebat,
2791 3242 2845 3288 et
2899 3233 2966 3286 ad
3002 3247 3128 3288 eum
3158 3231 3339 3287 solum
3374 3229 3543 3284 animi
3577 3227 3662 3284 sui
3691 3226 4027 3282 extendebat

767 3312 1124 3380 desiderium,
1161 3333 1374 3385 suaque
1411 3319 1596 3372 omnia
1624 3320 1690 3372 ad
1726 3321 1870 3374 illius
1899 3321 2173 3390 dirigebat
2205 3324 2517 3380 arbitrium.
3641 3325 3643 3327 1

841 3404 893 3456 7.
939 3399 1074 3457 Vera
1111 3420 1197 3458 me
1222 3407 1424 3470 dicere,
1463 3409 1544 3460 vel
1575 3410 1700 3462 hinc
1740 3411 1966 3477 patebit,
1999 3411 2143 3480 quod
2181 3425 2332 3480 pust-

767 3509 933 3561 quam
957 3507 1177 3565 propter
1202 3513 1394 3566 graves
1427 3499 1788 3554 Barbarorum
1823 3504 2080 3557 incursus
2105 3505 2333 3572 patriam

769 3589 1063 3652 deserens,
1115 3588 1488 3644 Macedoniam
1541 3591 1788 3645 babitare
1820 3595 2016 3662 cmpit,
2059 3606 2338 3664 materque

769 3675 960 3731 eﬂ‘ecm
998 3687 1114 3743 est,
1150 3680 1568 3747 primogenitam
1601 3681 1843 3748 prolem,
1888 3681 2043 3750 juxta
2081 3683 2229 3735 Pauli
2265 3685 2339 3737 le-

771 3783 885 3834 ges,
914 3767 1118 3824 dilecto
1145 3769 1245 3823 sibi
1283 3770 1392 3823 Deo
1422 3771 1641 3836 obtulit,
1665 3785 1964 3842 sanctoque
1993 3774 2203 3841 piarum
2231 3777 2337 3826 vir-

770 3859 957 3926 ginum
994 3860 1357 3914 contubernio
1391 3863 1554 3914 tiliam
1601 3863 1842 3916 tradidit.
1879 3862 2092 3917 Etenim
2131 3865 2174 3919 si
2208 3882 2336 3932 pns-

771 3948 1078 4004 sessionum
1121 3963 1327 4019 partem
1372 3954 1503 4005 dare
1535 3951 1754 4006 Numiui
1825 3956 2002 4023 magni
2031 3966 2112 4009 est
2153 3958 2328 4009 meriti

770 4041 1074 4109 animmque
1107 4042 1274 4094 Deum
1313 4043 1625 4112 diligentis;
1663 4047 1940 4113 quomodo
1978 4062 2083 4100 non
2119 4062 2334 4115 omnem

771 4131 946 4185 laudis
963 4132 1214 4186 humana:
1231 4148 1514 4186 exressum
1539 4138 1928 4190 transcendent
1955 4154 2160 4208 magum
2180 4141 2337 4208 hujus

772 4233 975 4276 sancta:
998 4224 1269 4288 eticomia,
1296 4241 1414 4294 qua:
1438 4241 1545 4279 non
1580 4241 1804 4281 suarum
1837 4227 2179 4283 fortunarum
2207 4246 2335 4300 por-

772 4316 975 4370 tionem
1007 4317 1245 4385 aliquam
1283 4318 1364 4370 rel
1396 4318 1579 4371 simile
1612 4318 1917 4386 quidpiam,
1957 4320 2050 4371 sed
2086 4321 2335 4388 proprio-

771 4419 890 4458 rum
923 4405 1189 4460 visccrum
1216 4405 1520 4474 genituram
1545 4409 1886 4460 consecravit
1917 4407 2061 4459 Deo?
2092 4406 2182 4460 Sic
2208 4421 2337 4474 ergo

775 4498 890 4560 uni,
926 4505 984 4548 ut
1014 4497 1148 4561 dixi,
1177 4495 1288 4550 Deo
1319 4498 1586 4565 rebusque
1615 4498 1815 4552 divinis
1847 4497 2163 4561 inhaerebat,
2188 4508 2243 4552 et
2272 4499 2334 4549 ad

771 4603 895 4639 eum
919 4589 1084 4640 animi
1108 4589 1191 4642 sui
1213 4589 1537 4643 extendebat
1557 4588 1908 4654 desiderium,
1930 4605 2135 4657 suaque
2156 4589 2336 4640 omnia

2513 3417 2578 3480 ζ’.
2616 3415 2726 3469 Καὶ
2751 3414 2826 3478 ὡς
2855 3414 3031 3484 ἀληθῆ
3070 3413 3234 3480 λέγω,
3273 3413 3431 3482 δῆλον
3466 3412 3710 3465 ἐκεῖθεν·
3746 3411 3870 3462 ἐπεὶ
3910 3409 4024 3478 γάρ

2439 3508 2537 3575 τῆς
2570 3507 2826 3577 πατρίδος
2865 3506 3245 3567 ἀπαναστᾶσα,
3278 3504 3386 3555 τῶν
3427 3503 3729 3572 Βαρϐάρων
3769 3500 4021 3569 σφοδρῶς

2441 3595 2870 3664 ἐπιτιθεμένων,
2917 3595 3017 3664 τὴν
3071 3594 3410 3648 Μακεδονίαν
3462 3593 3617 3663 ᾤκει,
3672 3595 3767 3644 καὶ
3825 3593 4021 3660 μήτηρ

2440 3687 2688 3754 ἐγένετο,
2753 3687 2814 3738 τὸ
2871 3687 3064 3756 πρῶτα
3124 3685 3354 3754 τεχθὲν,
3421 3685 3562 3738 κατὰ
3616 3684 3744 3745 τοὺς
3799 3680 4020 3734 Παύλου

2441 3778 2695 3846 θεσμοὺς,
2733 3777 2868 3847 πρὸς
2900 3778 2990 3830 τὸν
3033 3776 3368 3842 ποθούμενον
3402 3776 3524 3842 άγει
3564 3774 3717 3847 Θεὸν,
3758 3773 3853 3824 καὶ
3891 3773 4020 3840 ἱερᾷ

2444 3867 2688 3937 συνοικίᾳ
2712 3867 2996 3938 παρθένων
3021 3867 3192 3934 ἁγίων
3216 3867 3460 3936 φέρουσα
3480 3866 3572 3918 τὸν
3594 3865 3756 3918 παῖδα
3772 3863 4015 3917 δίδωσιν.

2445 3958 2502 4009 Εἰ
2533 3957 2713 4009 τοίνυν
2745 3957 2805 4009 τὺ
2843 3961 3137 4026 κτημάτων
3166 3959 3464 4024 ἀπονεῖμαι
3503 3956 3702 4024 μοῖραν
3730 3953 3849 4023 Θεῷ
3882 3953 4018 4005 πολ-

2439 4048 2532 4099 λοῦ
2579 4064 2721 4110 τινος
2761 4046 2909 4113 ἀξιον
2951 4048 3047 4100 καὶ
3091 4048 3445 4116 θεοφιλούσης
3495 4046 3581 4114 εῐη
3632 4044 3845 4113 ψυχῆς’
3897 4044 4020 4106 πῶς

2438 4140 2561 4209 οὐχὶ
2609 4141 2792 4194 πᾶσαν
2836 4139 3072 4192 ἐπαίνων
3110 4139 3417 4210 ὑπερϐολὴν
3457 4138 3776 4207 ὑπερϐαίνει
3814 4137 3884 4189 τά
3915 4137 4021 4204 τῆς

2441 4228 2706 4298 μεγάλης,
2728 4228 2787 4280 οὐ
2811 4228 3104 4297 κτημάτων
3124 4226 3320 4298 μοῖραν
3343 4225 3449 4279 οὐδ’
3469 4227 3599 4280 ἀλλο
3627 4243 3680 4278 τι
3699 4226 3811 4277 τῶν
3837 4226 4020 4278 τοιού-

2439 4339 2563 4381 των,
2616 4319 2750 4373 άλλά
2795 4320 2856 4372 τδ
2904 4321 3159 4390 μέγιστον
3210 4321 3449 4382 πάντων,
3495 4322 3594 4380 τὰς
3635 4318 3743 4370 τῶν
3792 4319 4016 4370 οἰκείων

2442 4413 2761 4482 σπλάγχνων
2801 4413 2961 4478 γονὰς
3005 4411 3458 4481 προσαγαγούσης
3491 4409 3648 4480 Θεῷ;
3685 4409 3904 4472 Οὕτως,
3938 4410 4017 4470 ὡς

2439 4506 2593 4574 ἔφην,
2630 4506 2773 4575 μόνῳ
2803 4504 2921 4574 Θεῷ
2963 4506 3054 4556 καὶ
3083 4507 3196 4565 τοῖς
3228 4504 3435 4556 ἐκείνου
3469 4504 3747 4573 προσεῖχε,
3779 4502 3878 4554 καὶ
3917 4501 4016 4569 τὴν

2442 4595 2739 4665 ἐπιθυμίαν
2771 4595 2907 4665 πρὸς
2948 4597 3152 4648 ἐκεῖνον
3184 4595 3353 4647 ἔτεινε
3391 4595 3573 4663 μόνον,
3603 4593 3698 4647 καὶ
3728 4595 3912 4645 πάντα
3947 4593 4014 4644 τὰ

773 4678 840 4729 ad
880 4677 1025 4730 illius
1051 4678 1321 4748 dirigebat
1354 4680 1673 4744 arbitrium;
1715 4680 1794 4732 sic
1862 4680 2179 4732 honorabilc
2208 4694 2334 4730 san-
2370 4679 2412 4734 D
2444 4705 2456 4739 ι

2331 4708 2334 4716 ·
2370 4679 2412 4734 D
2444 4686 2566 4739 καθ’
2605 4685 2773 4753 αὐτὴν
2801 4685 2945 4737 κατά
2974 4685 3073 4754 τὴν
3108 4685 3319 4737 ἐκείνου
3349 4683 3574 4754 γνώμην
3605 4685 3812 4737 διώκει.
3854 4681 4014 4734 Οὕτω

784 4776 1050 4835 ctumque
1081 4769 1392 4838 conjugium
1425 4779 1478 4821 et
1503 4779 1678 4822 torum
1707 4768 2115 4822 immaculatum
2143 4784 2343 4822 secun-

773 4860 902 4909 dum
927 4857 1077 4911 Pauli
1133 4874 1316 4913 vocem
1357 4859 1626 4924 exhibuit,
1663 4876 1896 4930 eumque
1921 4870 2091 4915 totum
2122 4860 2229 4914 Deo
2253 4877 2340 4913 re-

776 4948 1031 5001 servavit.

2440 4776 2619 4841 τίμιον
2645 4775 2736 4827 καὶ
2768 4773 2922 4840 ἆγιον
2948 4776 3045 4826 καὶ
3067 4775 3332 4843 ἀμίαντον
3358 4775 3501 4827 κατά
3523 4775 3621 4843 τὴν
3651 4772 3867 4826 Παύλου
3899 4788 4013 4836 φωςι

2442 4866 2539 4933 νὴν
2586 4865 2676 4916 τὸν
2727 4864 2905 4932 γάμον
2954 4863 3246 4928 ἀνέδειξεν,
3290 4864 3409 4915 ὅλον
3450 4863 3707 4926 καθάπαξ
3751 4861 4013 4916 ἀναθεῖσα

2441 4954 2580 5024 Θεῷ.

2201 5113 2429 5170 CAPUT
2469 5116 2531 5168 ll.

1767 5233 1886 5288 Vita
1921 5237 2210 5289 monastica
2230 5247 2277 5290 et
2313 5237 2534 5292 virtutes
2563 5239 2619 5293 S.
2666 5239 2973 5292 Theodore.

846 5348 898 5404 8.
937 5349 1228 5414 Postquam
1279 5359 1454 5404 autem
1504 5350 1585 5402 vir
1632 5350 1749 5414 ejus
1799 5365 1828 5402 e
1873 5350 2011 5403 vivis
2065 5352 2334 5418 excessit,

776 5443 961 5499 statim
999 5443 1086 5496 illa
1123 5457 1228 5496 non
1271 5441 1382 5508 jam
1433 5441 1595 5494 tiliam
1632 5456 1817 5502 suam,
1868 5456 1974 5493 non
2015 5453 2332 5496 extraneum

778 5533 1019 5604 aliquid,
1051 5534 1144 5587 sed
1189 5532 1538 5599 semetipsam
1584 5531 1784 5585 obtulit
1818 5531 1950 5596 Deo,
1985 5533 2218 5586 hostiam
2258 5534 2337 5586 vi-

849 5676 908 5746 (i)
949 5675 1102 5746 Addit
1137 5688 1241 5725 ms.
1268 5674 1357 5724 καὶ
1390 5672 1525 5734 ὅλως
1551 5673 1762 5746 ἐκεῖθεν
1791 5673 1858 5725 τὰ
1893 5673 1990 5746 τῆς
2039 5674 2336 5746 σωτηρείας

775 5743 1303 5813 ἐξηπιεπάσμασα,
1338 5744 1810 5808 ηιιιειιειιυὶνὶηιιιε
1840 5743 1907 5795 ad
1943 5759 2130 5797 sanum
2169 5744 2334 5797 ullum

773 5812 994 5872 sensum
1029 5812 1317 5880 adducere,
1346 5813 1573 5884 ideoque
1604 5813 1908 5868 omisimus.

2519 5360 2585 5420 η’.
2628 5352 2748 5406 Εἶεν
2778 5353 2946 5406 ταῦτα
2983 5357 3082 5422 μὲν
3112 5354 3175 5421 δὴ
3207 5352 3428 5406 τοιαῦτα
3463 5350 3560 5420 (It).
3591 5348 3698 5402 Τοῦ
3728 5348 3788 5400 δὲ
3822 5347 4009 5416 ἀνδρὸς

2444 5444 2764 5504 ἀπελθόντος
2796 5445 2853 5510 ἐξ
2881 5445 3202 5510 ἀνθρώπων,
3235 5446 3397 5506 εὐθὺς
3425 5443 3606 5513 ἐκείνη
3630 5441 3812 5493 οὐκέτι
3842 5440 4008 5492 παῖδα

2446 5536 2553 5587 οὐδ’
2587 5536 2717 5588 άλλο
2747 5553 2799 5587 τι
2828 5537 2936 5588 τῶν
2968 5535 3189 5602 ἔξωθεν,
3226 5535 3341 5588 ἀλλ’
3364 5533 3575 5602 ,ἑαυτὴν
3607 5533 3802 5584 θυσίαν
3832 5530 4010 5594 ζῶσαν

2517 5675 2588 5740 (Is)
2631 5675 2695 5728 Et
2745 5677 2858 5730 haec
2888 5675 3103 5744 quidem
3143 5675 3267 5728 talia
3319 5673 3541 5744 fuerint.
3578 5671 3675 5725 Est
3726 5671 3871 5725 enim
3899 5663 4013 5721 εἷεν

2447 5748 2708 5815 particula
2744 5741 3062 5815 permissiva
3092 5755 3148 5800 et
3172 5746 3238 5799 ad
3262 5744 3363 5798 alia
3396 5741 3722 5799 festinantis.
