4262 6460
312 363 416 434 761

1542 375 1715 435 νιΤΑ
1760 379 1821 436 S.
1849 378 2301 443 THEUDORAI.

3447 384 3553 448 762

311 488 602 559 προσάγει,
645 485 829 552 ἀγίαν,
880 486 1192 554 εὐάρεστον,
1227 488 1259 554 ἡ
1317 491 1411 539 καὶ
1445 488 1677 557 πρόσθεν
1727 489 1881 542 οὐδὶν
1907 493 1955 550 Α
1984 502 2107 544 vent

1984 502 2230 556 ventem,
2271 501 2520 547 sanctam
2547 532 2561 552 .
2606 493 2740 546 bene
2770 493 3073 562 placentem
3102 494 3441 563 (quanquam
3478 495 3552 550 nil

310 575 477 649 ἦττον
514 578 776 647 ἀνειμένη
797 576 946 647 θεῷ,
993 580 1084 631 καὶ
1119 578 1254 647 μετά
1297 578 1395 647 τῆς
1435 580 1621 642 παιδὸς
1654 581 1884 647 γίνεται,

311 672 411 724 καὶ
450 672 612 739 τρίχα
658 673 870 739 τέμνει,
908 672 1001 723 καὶ
1039 670 1108 723 τά
1142 670 1239 739 τῆς
1270 670 1416 727 θείας
1452 673 1769 739 φιλοσοφίας
1796 673 1886 725 διά

308 765 534 816 πάντων
571 762 841 825 τελεῖται,
895 762 1159 832 χαίρουσα
1222 764 1321 831 μὲν
1370 766 1464 816 καὶ
1512 765 1885 834 συγχαίρουσα

311 853 484 922 ἑαυτῇ
518 854 618 922 τῆς
650 853 779 922 περὶ
804 852 980 905 πάντα
1002 853 1069 905 τά
1098 852 1359 905 κάλλιστα
1390 853 1699 921 εὐδρομίας,
1724 853 1801 921 τῷ
1829 854 1888 905 δὲ

308 942 432 1011 Θεῷ
469 944 631 1012 χάριν
669 943 842 995 είδυϊα
871 943 970 1011 τῆς
1010 942 1336 1012 θαυμαστῆς
1384 946 1617 1012 ταυτησὶ
1653 944 1887 1013 κηδεμο-

307 1034 466 1096 νίας,
500 1034 568 1103 ὴν
599 1033 727 1100 περὶ
760 1034 930 1100 αὐτὴν
964 1034 1394 1104 μεγαλοπρεπῶς
1432 1034 1765 1099 ἐπεδείξατο,
1805 1030 1882 1088 ὧν

307 1125 369 1189 ἐξ
422 1125 598 1193 ἀρχῆς
652 1125 781 1193 ἦρα,
842 1125 933 1176 καὶ
986 1124 1055 1177 δι’
1109 1124 1274 1193 εὐχῆς
1325 1126 1574 1187 ἐποιεῖτο,
1617 1129 1710 1177 καὶ
1760 1127 1888 1198 περὶ

310 1216 558 1277 πλείονος
587 1213 690 1287 ἦγε
712 1217 819 1271 τῶν
853 1219 1126 1280 ἀπάντων,
1157 1218 1362 1270 τούτων
1390 1217 1684 1271 ἀπολαύειν
1712 1236 1890 1289 παρα-

309 1310 609 1371 σκευάσας.
669 1309 733 1362 Ἦ
783 1310 881 1377 μὲν
937 1310 1030 1363 οὑν
1093 1312 1458 1376 ὐπογενναίως
1504 1312 1888 1380 ἀποδυσαμένη

311 1400 450 1467 πρὸς
480 1399 606 1462 τοὺς
641 1401 785 1452 κατά
816 1400 1133 1468 φιλοσοφῖαν
1169 1400 1405 1466 ἀγῶνας,
1438 1402 1531 1453 καὶ
1557 1401 1726 1463 οὑτως
1757 1403 1884 1452 ἐαυ-

309 1493 413 1560 τὴν
449 1492 1014 1561 παρασκευασαμένη,
1047 1490 1121 1553 ὡς
1162 1493 1258 1559 οὐχ
1291 1493 1415 1544 ὅσον
1444 1492 1579 1559 πρὸς
1618 1485 1757 1561 αἷμα
1799 1493 1889 1543 καὶ

315 1581 517 1649 σάρκα,
556 1580 696 1634 ἀλλά
727 1582 820 1634 καὶ
850 1581 985 1651 πρὸς
1011 1580 1186 1651 ἀρχὰς
1227 1583 1317 1633 καὶ
1344 1582 1477 1650 πρὸς
1517 1581 1767 1646 ἐξουσίας
1798 1584 1891 1634 ἀν-

310 1671 739 1737 ταγωνίσασθαι,
786 1674 869 1739 ἐφ’
908 1670 1050 1724 οὑτω
1093 1687 1171 1722 τοι
1209 1671 1415 1740 προέϐη
1448 1672 1545 1740 τῆς
1576 1671 1763 1742 τύχης,
1796 1675 1889 1725 καὶ

310 1760 461 1815 οὔτω
493 1762 570 1831 τῷ
603 1762 711 1814 τῶν
748 1761 973 1829 ἀγώνων
1007 1761 1277 1831 ὑπερφυεῖ
1314 1761 1519 1825 πάντας
1559 1762 1848 1832 ἐξέπληξεν
1869 1805 1883 1827 ,

311 1857 410 1908 καὶ
443 1855 579 1923 πρὸς
625 1854 877 1907 τοσοῦτον
910 1855 1085 1923 ἠγαγε
1121 1854 1415 1922 θαύματος.
1448 1853 1589 1907 ὥστε
1624 1856 1768 1921 ἔδοξε
1802 1874 1887 1922 μι-

310 1943 450 2012 κροῦ
500 1946 724 1998 καὶτὸν
770 1945 1055 2013 ἄνθρωπον
1106 1944 1474 2014 ὑπερϐαίνειν.
1525 1946 1745 2015 Πρῶτον
1794 1949 1893 2015 μὲν

308 2035 405 2091 οὖν
428 2030 931 2109 ταπεινοφροσύνην
956 2040 1050 2093 καὶ
1068 2041 1288 2109 ἀγάπην
1306 2038 1508 2108 (διώκει
1526 2037 1639 2110 [1]),
1660 2039 1759 2102 τάς
1785 2040 1893 2091 τῶν

309 2128 536 2196 ἀγαθῶν
568 2131 786 2183 πάντων
817 2129 993 2193 αίτίας
1017 2147 1029 2159 ο
1060 2130 1125 2193 ἀς
1156 2131 1384 2201 ἐπείπερ
1416 2133 1475 2184 οὐ
1512 2131 1675 2201 μόνον
1704 2132 1893 2184 πασῶν

310 2223 721 2291 ὑπερκειμένας
766 2221 947 2291 ἐώρα,
980 2223 1115 2276 ἀλλά
1161 2225 1255 2276 καὶ
1293 2224 1563 2293 κρηπῖδας
1598 2225 1895 2292 συμπάσης

307 2315 550 2383 ταυτησὶ
578 2313 679 2383 τῆς
711 2312 861 2375 θείας
894 2314 1232 2383 φιλοσοφίας,
1267 2314 1425 2368 τοῦτο
1464 2316 1561 2383 μὲν
1590 2314 1698 2367 τῶν
1732 2315 1892 2367 θείων

310 2405 710 2473 ἐπιταγμάτων
742 2405 1198 2473 νομοθετούντων,
1233 2406 1390 2458 τοῦτο
1418 2406 1474 2458 δὲ
1505 2408 1599 2459 καὶ
1628 2407 1763 2476 πρὸς
1796 2406 1894 2458 αὐ-

309 2494 412 2562 τῆς
442 2496 581 2562 αὐτῇ
613 2494 768 2544 τοῦτο
802 2494 1111 2553 πεισθεῖσα,
1144 2494 1219 2557 ὡς
1253 2494 1344 2564 ἀρ’
1376 2496 1475 2547 οὐκ
1505 2496 1652 2548 ἐστιν
1691 2496 1895 2548 οίκοδο-

314 2588 442 2655 μεῖν
472 2587 549 2655 μὴ
579 2584 687 2636 τῶν
710 2586 993 2656 κρηπίδων
1026 2586 1426 2656 ὑποκειμένων.

384 2678 455 2732 θ’.
500 2678 654 2728 Ἐπεὶ
696 2679 875 2730 τοίνυν
904 2677 1111 2741 ταύτας
1156 2678 1311 2731 οὑτω
1336 2678 1598 2747 μεγίστας
1636 2678 1727 2729 καὶ
1759 2677 1892 2729 πολ-

308 2771 406 2822 λοῦ
437 2787 583 2830 τινος
610 2769 765 2832 ἀξίας
797 2770 964 2841 ἐώρα,
996 2770 1165 2833 οὑτως
1198 2771 1489 2840 ὑπερφυῶς
1522 2770 1750 2822 ὑπέθετο
1783 2769 1890 2821 τῶν

309 2863 544 2931 ἀγώνων
576 2862 670 2914 καὶ
709 2861 852 2914 οὕτω
884 2863 1280 2931 κατώρθωκεν,
1318 2864 1390 2923 ὡς
1426 2862 1592 2929 μηδὲν
1628 2860 1893 2913 ἐλλείπειν

310 2961 421 3011 τῶν
470 2958 793 3027 γινομένων.
841 2957 949 3008 Καὶ
996 2956 1214 3021 πρῶτον
1260 2955 1358 3022 μὲν
1393 2952 1486 3005 οὑν
1522 2956 1582 3005 τὸ
1636 2952 1891 3023 τοιαύτην

311 3051 483 3105 οὖσαν
517 3051 612 3101 καὶ
644 3048 789 3101 οὕτω
822 3048 958 3099 πᾶσι
990 3048 1105 3108 τοῖς
1138 3046 1443 3107 καλλίστοις
1483 3045 1891 3115 σεμνυνομένην

1991 578 2173 632 minus
2204 580 2699 646 antea'obtulerat),
2733 581 2960 649 liliaque
2993 594 3052 634 se
3085 581 3346 649 jungens,
3378 594 3434 637 et
3463 600 3559 637 co-

1990 686 2131 723 mam
2166 670 2447 738 deponens
2472 711 2486 735 ,
2533 680 2701 725 totam
2735 686 2855 725 sese
2884 672 3082 726 divinae
3128 671 3346 727 tradidit
3380 675 3561 743 philo-

1988 761 2215 828 sophiae,
2250 761 2493 828 gaudens
2524 762 2745 831 quidem
2783 762 2997 830 sibique
3041 763 3323 829 gratulans
3352 765 3419 817 de
3444 775 3554 818 tam

1990 852 2129 905 felici
2160 853 2224 905 ad
2252 868 2482 922 quaeque
2510 854 2875 921 pulcherrima
2910 867 3072 906 cursu
3097 894 3113 917 ,
3151 853 3260 907 Deo
3287 869 3415 909 vero
3437 870 3561 924 gra-

1991 945 2094 999 tias
2122 960 2319 1011 agens,
2359 961 2457 1013 pro
2491 956 2599 1001 tam
2644 947 2955 1001 admirabili
3000 949 3362 1017 providentia,
3394 964 3558 1017 quam

1988 1050 2113 1104 erga
2145 1036 2316 1105 ipsam
2361 1039 2643 1105 rnagnilice
2686 1040 3092 1096 demonstrarat
3122 1081 3136 1106 ,
3184 1040 3252 1095 iis
3283 1039 3390 1093 frui
3428 1055 3563 1094 con-

1990 1129 2220 1194 cedens,
2257 1144 2376 1195 quaa
2400 1145 2429 1183 a
2464 1132 2735 1200 principio
2766 1143 3086 1196 amaverat,
3119 1142 3174 1186 et
3205 1132 3259 1185 in
3295 1132 3435 1184 votis
3467 1133 3563 1185 ha-

1992 1220 2216 1282 buerat,
2260 1232 2422 1289 atque
2460 1224 2627 1276 rebus
2666 1223 2922 1277 omnibus
2962 1222 3088 1277 aliis
3122 1223 3295 1291 pluris
3334 1221 3562 1275 fecerat.

1993 1308 2082 1363 Sic
2114 1311 2277 1379 igitur
2304 1313 2489 1366 animo
2520 1321 2855 1380 comparata.
2889 1321 3052 1381 atque
3083 1326 3286 1381 agones
3322 1312 3563 1378 philoso-

1990 1403 2183 1471 phicos
2219 1404 2487 1469 ingressa,
2518 1418 2626 1457 non
2665 1413 2920 1472 tanquam
2960 1404 3226 1457 adversus
3255 1415 3475 1454 carnem
3509 1411 3565 1454 et

1990 1495 2373 1564 sanguinem”
2403 1496 2498 1549 sed
2545 1495 2809 1549 adversus
2859 1495 3134 1564 principes
3173 1502 3229 1548 et
3266 1503 3565 1564 potestates

1992 1586 2338 1638 tenebrarum
2374 1586 2565 1639 harum
2605 1596 2919 1651 eertatura,
2964 1602 3087 1640 eum
3124 1585 3314 1639 habuit
3346 1598 3565 1638 succes-

1992 1691 2137 1741 sum,
2165 1687 2221 1730 et
2250 1676 2330 1731 sic
2370 1677 2584 1731 labores
2614 1676 2927 1745 superavit,
2966 1686 3025 1729 ut
3062 1690 3254 1730 omnes
3289 1674 3344 1728 in
3372 1683 3565 1743 stupo-

1992 1783 2103 1821 rem
2152 1778 2387 1823 verteret
2438 1768 3007 1836 admirationemqne,
3056 1768 3207 1822 velut
3258 1780 3381 1835 quae
3428 1780 3567 1834 pene

1995 1861 2229 1916 hominis
2253 1862 2619 1915 conditionem
2649 1873 2795 1916 esset
2828 1875 3205 1930 supergressa.
3232 1858 3299 1912 Et
3323 1859 3560 1927 primum

1993 1952 2213 2020 quidem
2244 1953 2604 2008 humilitatem
2632 1966 2792 2021 atque
2822 1953 3194 2014 dilectionem,
3229 1952 3372 2005 velut
3393 1951 3566 2006 bono-

1996 2059 2115 2098 rum
2163 2046 2409 2100 omnium
2455 2046 2859 2100 consiliatrices
2910 2053 3119 2099 sectata
3148 2050 3270 2108 est;
3317 2057 3458 2113 quas
3487 2040 3566 2094 vi-

1993 2137 2159 2191 debat
2183 2155 2289 2192 non
2323 2139 2498 2193 solum
2530 2139 2741 2191 cunctis
2768 2153 2890 2191 esse
2921 2138 3354 2205 praestantiora,
3386 2136 3480 2189 sed
3513 2142 3567 2187 et

1995 2230 2349 2285 fundamenta
2386 2232 2555 2285 totius
2592 2230 2753 2299 hujus
2788 2230 2985 2284 divina:
3018 2228 3416 2297 philosophiae:
3450 2235 3565 2279 tum

1994 2319 2123 2387 quia
2153 2320 2234 2374 sic
2266 2318 2357 2373 Dei
2393 2320 2647 2373 mandata
2690 2319 3099 2387 praecipiebant,
3131 2328 3243 2371 tum
3272 2330 3400 2385 quia
3441 2330 3567 2384 per-

1997 2430 2159 2469 suasa
2184 2422 2301 2469 erat
2321 2415 2425 2470 sibi
2453 2416 2750 2471 convenire
2770 2414 2991 2469 nonnisi
3016 2412 3387 2467 fundamentis
3405 2412 3567 2481 jactis

1994 2508 2288 2563 aedificare.

2064 2680 2117 2733 9.
2154 2678 2265 2733 Has
2296 2694 2423 2749 ergo
2460 2678 2725 2733 maximas
2756 2678 3030 2746 longeque
3068 2676 3423 2746 dignissimas
3451 2674 3567 2728 vir-

1996 2779 2141 2825 tutes
2168 2787 2290 2825 esse
2318 2770 2697 2831 considerans,
2727 2769 2863 2823 adeo
2896 2783 3158 2836 generose
3183 2767 3387 2821 subivit
3415 2766 3566 2820 labo-

1996 2878 2083 2916 res
2117 2862 2555 2925 exercitationis,
2593 2862 2839 2927 adeoque
2880 2869 3024 2913 recte
3058 2860 3203 2929 egit.
3237 2870 3295 2913 ut
3326 2859 3381 2911 in
3419 2857 3565 2911 nulla

1994 2970 2217 3008 suarum
2250 2956 2530 3007 actionum
2562 2953 2842 3006 deficeret.
2883 2950 3016 3005 Nam
3060 2966 3183 3005 cum
3224 2951 3348 3012 talis
3385 2960 3566 3005 tanta-

1990 3062 2097 3115 que
2126 3057 2288 3108 esset,
2316 3053 2369 3099 et
2402 3046 2614 3098 cunctis
2640 3044 2974 3097 ornamentis
3031 3059 3207 3111 usque
3239 3045 3376 3096 adeo
3403 3043 3567 3097 deco-

310 3144 407 3195 καὶ
441 3142 653 3193 συνέσει
686 3140 779 3191 καὶ
807 3139 1056 3208 ἀγχινοίᾳ
1091 3137 1242 3207 παρὰ
1271 3135 1457 3188 πασῶν
1486 3137 1792 3206 φερομένην
1828 3138 1888 3189 τὸ
1918 3166 1960 3223 C
1996 3146 2107 3192 rata

1996 3146 2134 3201 rata,
2168 3137 2502 3205 praecelleret
2525 3153 2717 3190 omnes
2748 3136 2949 3203 ingenii
2983 3135 3371 3205 perspicuitate
3398 3145 3565 3206 atque

311 3234 540 3304 κράτος,
576 3232 745 3283 ἔπειθ’
785 3228 874 3297 ὑφ’
904 3229 1067 3300 ἑτέρᾳ
1089 3228 1301 3280 τάττειν
1326 3228 1563 3293 ἑλέσθαι,
1592 3229 1686 3280 καὶ
1715 3228 1892 3299 ταύτῃ

312 3328 454 3395 μόνῃ
504 3325 572 3375 τά
625 3324 721 3392 τῆς
778 3322 1049 3389 σωτηρίας
1103 3321 1399 3372 πιστεύειν.
1446 3319 1613 3387 Δῆλον
1666 3318 1695 3371 δ
1752 3320 1894 3386 λέγω

309 3419 462 3471 ποιεῖ
489 3435 502 3448 ο
531 3414 723 3467 ἔπειτα
764 3415 823 3463 τὸ
853 3415 962 3472 τοῖς
994 3410 1255 3477 νεύμασιν
1282 3410 1495 3478 ἐκείνης
1523 3409 1893 3462 ἀκολουθοῦσα

311 3509 451 3579 μηδὲ
490 3507 600 3559 τῶν
662 3502 1060 3556 εὐτελεστάτων
1096 3500 1273 3569 ἐργων
1297 3500 1622 3569 ἀπέχεσθαι,
1646 3501 1781 3553 ἀλλὰ
1807 3518 1895 3552 το.

310 3602 507 3654 σοῦτον
545 3600 638 3652 καὶ
681 3598 891 3655 τούτοις
936 3593 1244 3663 προσέχειν,
1289 3593 1411 3643 ὅσον
1443 3593 1619 3655 οὐδεὶς
1671 3594 1784 3654 τοῖς
1818 3594 1892 3654 ὡς

306 3694 519 3760 ἑτέρως
551 3692 734 3758 έχουσι
756 3706 769 3721 ’
804 3690 900 3743 καὶ
930 3690 1007 3759 μὴ
1040 3690 1200 3758 μόνον
1227 3690 1305 3751 είς
1334 3690 1543 3760 ἀγοράν
1577 3688 1890 3759 ἐμϐάλλειν,

309 3789 408 3840 καὶ
436 3785 816 3847 διατίθεσθαι,
846 3786 940 3836 καὶ
966 3782 1222 3835 ὠνεῖσθαι
1253 3775 1328 3835 ὦν
1359 3782 1465 3834 ἔδει
1505 3784 1570 3851 τῇ
1608 3782 1850 3849 συνοικία
1874 3820 1888 3843 ,

308 3878 453 3931 ἀλλά
484 3878 579 3930 καὶ
612 3876 775 3944 άχθος
809 3878 998 3944 φέρειν
1027 3872 1359 3942 δεῆσαν,καὶ
1388 3870 1501 3938 πῦρ
1530 3869 1889 3932 ἀναπάλλειν,

305 3971 409 4023 καὶ
431 3969 639 4039 χύτραν
668 3968 843 4035 ἕψειν,
870 3966 965 4018 καὶ
986 3966 1123 4024 ὅλως
1148 3966 1215 4017 τά
1238 3964 1413 4017 πάντα
1442 3964 1700 4031 πράττειν
1722 3961 1759 4015 ἀ
1780 3963 1892 4023 τοῖς

305 4058 719 4120 εὐτελεστάτοις
764 4059 996 4125 ἐφεῖται.
1045 4054 1256 4107 Ἐπειτ’
1280 4053 1372 4106 ἐπὶ
1412 4056 1542 4106 πᾶσι
1581 4053 1789 4111 τούτοις
1816 4054 1890 4121 μὴ

309 4154 482 4221 μόνον
515 4151 577 4202 τδ
613 4150 781 4218 μηδὲν
816 4149 1019 4215 ἐαυτὴν
1044 4146 1318 4214 ἡγεῖσθαι,
1344 4145 1479 4195 ἀλλά
1510 4145 1601 4196 καὶ
1633 4144 1892 4212 σκώληκα

307 4246 409 4296 καὶ
436 4240 639 4302 ὄνειδος
664 4238 968 4308 ἀνθρώπων
985 4236 1164 4289 καὶτὰ
1187 4235 1411 4289 τοιαῦτα
1436 4237 1889 4304 προσαγορεύειν,

315 4336 433 4395 πῶς
450 4335 511 4386 οὐ
530 4329 1034 4399 ταπεινοφροσύνης
1065 4328 1307 4395 μείζονος
1340 4328 1372 4398 ἢ
1402 4328 1886 4402 παραϐάλλεσθαι;

306 4426 386 4477 Ἦ
409 4440 496 4489 γε,
527 4422 626 4488 τῆς
658 4420 858 4489 ἀρετῆς
887 4420 1329 4487 προκαλουμένης
1358 4419 1449 4469 ἐπὶ
1477 4419 1555 4486 τῷ
1582 4420 1673 4470 καὶ
1689 4419 1888 4487 ἐτέρων

1994 3233 2328 3300 capacitate;
2374 3230 2473 3283 sibi
2522 3229 2623 3299 ipsi
2673 3229 2945 3297 persuasit
2994 3229 3154 3283 alteri
3207 3243 3328 3283 sese
3374 3238 3566 3295 sponte

1993 3323 2283 3391 subjicere,
2315 3325 2474 3389 eique
2506 3314 2610 3373 soli
2638 3319 2863 3373 credere
2898 3320 3131 3373 salutem
3172 3334 3351 3373 suam.
3383 3319 3566 3383 Quare

1993 3424 2045 3466 et
2069 3414 2329 3466 minimos
2360 3412 2633 3479 magistrae
2661 3420 2832 3465 nutus
2858 3412 3204 3470 observabat,
3233 3419 3286 3463 et
3313 3426 3380 3463 ne
3414 3409 3569 3464 vilis-

1994 3505 2133 3557 sima
2162 3504 2378 3573 quidem
2408 3516 2571 3572 opera
2598 3500 3071 3568 subterfugiebat;
3104 3498 3198 3553 sed
3233 3498 3319 3553 his
3348 3513 3567 3567 quoque

1994 3606 2205 3649 tantum
2236 3595 2592 3660 adiciebatur,
2628 3603 2893 3663 quantum
2930 3592 3074 3645 alius
3112 3604 3276 3643 nemo
3304 3589 3567 3658 digniori-

1992 3687 2098 3739 bus
2125 3704 2138 3739 :
2175 3685 2350 3755 neque
2380 3686 2554 3740 solum
2597 3700 2703 3739 non
2740 3681 3139 3752 dedignabatur
3170 3680 3235 3732 ad
3265 3676 3444 3732 forum
3474 3679 3567 3732 de-

1994 3776 2158 3839 ferre,
2202 3778 2283 3829 vel
2321 3791 2520 3829 venum
2557 3788 2867 3841 exponere,
2906 3780 3003 3825 aut
3038 3784 3220 3825 emere
3265 3783 3328 3822 ea
3368 3768 3568 3837 quibus

1991 3872 2136 3918 esset
2179 3878 2318 3932 Opus
2365 3862 2742 3916 communitati
2778 3901 2792 3921 ,
2845 3860 2939 3913 sed
2985 3873 3162 3927 neque
3208 3858 3355 3925 ligna
3398 3856 3563 3922 ferre,

1994 3952 2173 4008 focum
2214 3962 2457 4016 struere,
2501 3952 2651 4005 cibos
2683 3964 2941 4019 coquere,
2977 3958 3070 4002 aut
3103 3946 3309 4016 aliquid
3344 3946 3567 3999 omnino

1992 4059 2180 4097 eorum
2210 4043 2409 4105 facere,
2445 4060 2566 4113 qua:
2604 4044 2791 4097 inlinto
2823 4042 3023 4111 cuique
3070 4048 3293 4108 possent
3332 4036 3561 4105 imponi.

1993 4136 2072 4190 Ad
2102 4139 2213 4191 haec
2239 4152 2360 4205 qua
2385 4152 2491 4189 non
2516 4147 2723 4189 tantum
2748 4135 2980 4202 seipsam
3007 4131 3239 4185 faciebat
3262 4128 3441 4189 nihili,
3469 4127 3564 4181 sed

1993 4242 2229 4280 vermem
2259 4236 2421 4295 atque
2448 4226 2797 4295 opprobrium
2825 4224 3106 4277 hominum
3135 4221 3351 4288 aliaque
3376 4218 3567 4286 hujus-

1998 4319 2144 4372 modi
2174 4318 2478 4387 appellabat
2507 4332 2647 4381 sese,
2678 4315 2955 4385 quomodo
2986 4328 3091 4366 non
3118 4314 3422 4365 aestimetur
3447 4325 3565 4361 ma-

1964 4406 2126 4479 ‘joris
2157 4408 2327 4463 fuisse
2358 4408 2702 4469 humilitatis,
2727 4423 2887 4475 quam
2915 4405 3000 4459 cui
3032 4402 3563 4472 possitcomparatio

306 4518 401 4566 ἐπὶ
435 4513 727 4581 φιλοσοφίᾳ
757 4513 1102 4579 προστατεῖν,
1129 4511 1225 4560 καὶ
1256 4510 1474 4561 πάντων
1501 4511 1579 4569 είς
1604 4508 1761 4560 τοῦτο
1791 4527 1891 4561 πα·
1922 4499 1966 4556 Ι)
1994 4501 2107 4568 digr

1964 4501 2153 4568 rdigna
2196 4500 2468 4552 inveniri?
2508 4498 2707 4551 Eadem
2762 4512 2889 4549 vero
2938 4512 3061 4549 cum
3116 4495 3331 4547 virtutis
3373 4495 3563 4545 merito

308 4603 719 4676 ρακαλούντων,
765 4601 870 4652 οὐδ’
904 4600 1093 4670 ἀκροις
1137 4599 1240 4652 ὠσὶ
1284 4599 1344 4651 τὸ
1376 4600 1609 4669 πρᾶγμα
1638 4600 1888 4664 ἐδέξατο,

307 4697 456 4763 ὑπὲρ
486 4692 683 4761 ἑαυτὴν
712 4687 849 4745 είναι
878 4691 1144 4758 νομίσασα
1162 4706 1177 4720 ·
1207 4688 1458 4750 τοσοῦτος
1488 4685 1558 4758 ἦν
1583 4691 1768 4761 ἐκείνῃ
1796 4688 1890 4741 τιὺ

311 4784 546 4854 μετρίου
583 4782 762 4849 λόγος.

384 5048 439 5095 ι’.
485 5040 598 5107 Τῆς
629 5038 683 5091 δὲ
728 5038 855 5107 περὶ
904 5036 963 5087 τὸ
994 5034 1147 5087 Θεῑον
1191 5034 1412 5101 ἀγάπης
1465 5034 1557 5086 καὶ
1596 5032 1751 5086 τοῦτο
1798 5034 1894 5103 μὲν

308 5135 592 5198 ἀπόδειξις
642 5132 877 5201 ἐναργὴς
898 5167 914 5194 ,
954 5129 1013 5180 τὸ
1055 5129 1233 5181 πάντα
1270 5129 1443 5180 ταῦτα
1476 5129 1663 5197 φέρειν
1691 5129 1776 5181 διά
1804 5130 1894 5180 τὸν

311 5230 445 5297 περὶ
472 5226 637 5278 αὐτὸν
668 5222 870 5291 ἔρωτα,
899 5221 993 5272 καὶ
1026 5220 1101 5291 μὴ
1148 5220 1229 5271 ὃτι
1268 5235 1331 5286 γε
1375 5218 1749 5287 δυσχεραίνειν
1783 5222 1892 5282 τοῖς

309 5315 666 5385 δυσχερέσιν,
700 5312 837 5364 ἀλλά
869 5314 965 5365 καὶ
1003 5310 1377 5380 δυσχεραίνειν
1408 5311 1488 5362 ὅτι
1520 5310 1593 5378 μὴ
1625 5311 1793 5361 πλείω
1825 5313 1890 5362 τὰ

307 5408 551 5479 δυσχερῆ
574 5421 591 5439 ·
625 5406 720 5458 καὶ
743 5404 849 5474 πρό
871 5420 932 5471 γε
954 5404 1156 5455 τούτων
1178 5404 1269 5454 καὶ
1298 5402 1435 5470 μετά
1463 5404 1666 5453 τούτων
1696 5403 1755 5455 τὸ
1777 5404 1891 5465 τοῖς

312 5499 658 5567 ὑπερφυέσιν
683 5494 995 5548 ἐπιϐάλλειν
1027 5494 1203 5561 ἀγῶσι
1230 5493 1323 5545 τοῦ
1354 5492 1488 5559 πρὸς
1517 5493 1679 5545 αὐτὸν
1707 5495 1889 5546 εἵνεκα

308 5592 508 5654 πόθου,
537 5589 633 5641 καὶ
662 5586 757 5641 νῦν
788 5590 887 5656 μὲν
913 5588 1187 5654 νηστείαις
1219 5586 1311 5638 καὶ
1337 5586 1687 5656 ἀγρυπνίαις,
1722 5586 1812 5638 νῦν
1837 5587 1892 5639 δὲ

1996 4598 2380 4659 provocaretur
2432 4588 2499 4641 ad
2555 4587 2783 4639 aliarum
2848 4588 2899 4637 in
2960 4584 3338 4654 philosophice
3386 4584 3563 4635 stadio

1994 4679 2370 4748 praefecturam
2404 4678 2833 4746 suscipiendam,
2861 4686 2914 4728 et
2945 4690 3134 4727 omnes
3163 4675 3309 4725 illam
3350 4673 3415 4724 ad
3458 4674 3561 4724 hoc

1990 4772 2317 4836 invitarent,
2376 4786 2444 4824 ne
2493 4771 2726 4825 summis
2765 4770 2985 4837 quidem
3036 4768 3264 4820 auribus
3313 4766 3433 4833 ejus
3484 4766 3560 4817 rei

1996 4862 2217 4916 admisit
2249 4864 2607 4925 mentionem,
2640 4877 2799 4928 supra
2832 4875 2952 4915 sese
2984 4858 3036 4915 id
3066 4875 3185 4913 esse
3216 4868 3369 4921 rata;
3412 4866 3561 4910 tanta

1997 4951 2045 5003 ei
2070 4960 2189 5003 erat
2215 4950 2608 5003 mediouritatis
2637 4965 2789 5002 cura.

2068 5042 2153 5095 10.
2192 5041 2403 5105 Quanta
2444 5056 2571 5107 erga
2608 5041 2772 5092 Deum
2815 5038 3049 5093 ferveret
3091 5038 3386 5091 dilectione
3442 5036 3560 5087 evi-

1998 5134 2147 5186 denti
2179 5142 2403 5201 apparet
2434 5132 2904 5186 demonstratione
2926 5146 3021 5200 per
3052 5131 3174 5189 hoc,
3208 5127 3350 5195 quod
3376 5125 3558 5177 omnia

1996 5228 2097 5280 ista
2132 5242 2228 5295 pro
2261 5227 2404 5279 illius
2436 5240 2623 5278 amore
2661 5224 2844 5288 ferret,
2876 5238 3050 5291 neque
3082 5222 3133 5272 in
3163 5219 3331 5285 ipsius
3396 5215 3561 5267 mole-

1997 5321 2116 5374 stiis
2144 5320 2368 5374 sentiret
2394 5320 2722 5381 molestiam,
2746 5318 2848 5373 nisi
2874 5318 2995 5385 quia
3018 5330 3121 5367 non
3147 5314 3296 5381 plura
3313 5318 3367 5362 et
3386 5306 3559 5375 magis

2001 5408 2230 5463 molesta
2279 5408 2622 5475 patiebatur:
2657 5407 2910 5475 quodque
2960 5412 3153 5473 praeter
3188 5404 3289 5456 ista
3334 5408 3389 5451 et
3434 5412 3558 5449 cum

1998 5500 2140 5561 istis,
2187 5514 2308 5552 sese
2350 5508 2601 5551 attereret
2640 5498 2917 5551 laboribus
2969 5491 3295 5553 immodicis,
3341 5496 3563 5557 propter

1997 5604 2115 5641 eam
2151 5603 2255 5658 qua
2285 5602 2413 5656 erga
2446 5588 2623 5657 ipsum
2659 5586 2931 5642 ferebatur
2962 5585 3304 5639 cbaritatom.
3346 5575 3557 5633 Etenim

389 5765 454 5834 (1)
501 5763 702 5818 Doesse
732 5764 835 5817 hoc
884 5770 1064 5818 autem
1101 5761 1277 5818 simile
1328 5762 1571 5827 verbum,
1604 5778 1668 5815 ex
1718 5776 1882 5817 sensu
1924 5761 2107 5831 liquet.
