4262 6460
732 357 839 419 763

1954 357 2268 421 NICOLAI
2310 354 2697 416 CABASILxE

3879 360 3988 424 764

729 487 879 527 nunc
916 471 1135 541 quidem
1171 473 1370 541 vigiliis
1403 483 1562 542 atque
1608 474 1866 543 jejuniis.
1905 489 2051 528 nunc
2094 474 2306 527 incom-
2339 474 2382 530 Α

2339 474 2382 530 Α
2412 467 2752 536 δυσχερείαις
2789 470 3025 533 ἀπάσαις
3059 473 3199 543 ὑπὲρ
3242 473 3302 525 τδ
3346 474 3544 544 μέτρον
3571 472 3633 525 τδ
3665 472 3825 540 σῶμα
3851 473 3990 527 διδό-

736 566 912 618 modis
956 566 1288 618 omnimodis
1337 581 1539 632 corpus
1588 582 1747 621 suum
1800 567 1945 620 ultra
1992 581 2302 620 mensuram

734 656 1044 717 addicebat.
1075 656 1367 720 omniaque
1392 658 1479 711 illa
1508 668 1701 726 sponte
1729 658 2083 727 suscipiebat,
2105 658 2307 725 quibus

737 750 913 816 ipsum
966 749 1185 818 quidem
1237 751 1479 814 domari,
1530 752 1772 805 animum
1821 766 1950 804 vero
1993 750 2306 805 conlirmari

736 841 1022 907 contingit.
1060 839 1247 910 Neque
1282 842 1458 897 levius
1494 842 1618 909 hoc,
1648 843 1691 895 si
1725 858 1831 896 non
1862 854 1915 897 et
1950 842 2129 910 majus
2162 842 2309 911 ejus-

736 932 858 984 dem
914 930 1227 986 dilectionis
1280 940 1661 1002 argumentum
1713 942 1834 997 est,
1887 942 1940 987 et
1990 932 2136 1000 quod
2180 946 2309 1000 erga

738 1036 929 1076 oumes
981 1023 1232 1077 homines
1282 1024 1362 1078 sic
1409 1025 1748 1088 aﬂieeretur,
1793 1033 1852 1079 ut
1894 1039 2015 1092 qua
2062 1024 2307 1092 ipsorum

738 1114 1022 1166 commoda
1069 1114 1374 1169 attint-bant
1415 1114 1700 1183 praeferret
1747 1116 1973 1169 omnino
2024 1116 2179 1171 suis:
2216 1115 2308 1183 qui

740 1204 883 1257 enim
921 1204 1138 1258 fratrem
1172 1207 1380 1275 diligit,
1418 1208 1593 1275 diligit
1624 1218 1678 1261 et
1713 1207 1878 1260 Deum
1904 1247 1920 1270 ,
1962 1223 2143 1275 neque
2174 1210 2311 1262 alte-

742 1310 859 1347 rum
902 1296 1022 1350 sine
1059 1298 1229 1351 altero
1262 1308 1438 1366 potest
1473 1300 1809 1364 consistere;
1859 1300 1951 1353 sed
1979 1314 2204 1353 necesse
2230 1308 2313 1352 est

742 1403 865 1439 cum
892 1388 1000 1442 Deo
1022 1402 1440 1445 convcrsantem
1462 1395 1624 1445 etiam
1658 1392 1864 1446 versari
1891 1408 2012 1447 cum
2038 1394 2309 1462 proximo,

742 1488 793 1532 et
830 1495 952 1532 eum
984 1481 1078 1549 qui
1122 1482 1373 1537 homines
1404 1485 1615 1553 diligit,
1658 1483 1827 1538 Deum
1870 1500 2090 1553 quoque
2133 1487 2310 1554 ipsum

743 1571 986 1639 diligere.
1037 1575 1177 1628 Hinc
1225 1577 1274 1629 ei
1318 1575 1588 1629 familiare
1649 1588 1768 1633 erat
1822 1579 2080 1632 omnibus
2128 1579 2313 1633 omnia

747 1663 1078 1729 ministrare,
1113 1681 1285 1734 neque
1332 1668 1435 1733 pati
1476 1681 1532 1721 ut
1602 1670 2071 1725 sibiministraret
2097 1671 2316 1740 aliquis;

747 1755 802 1807 in
839 1770 1015 1823 eoque
1047 1756 1326 1811 Christum
1365 1760 1718 1824 imitabatur,
1756 1761 1902 1814 illius
1934 1762 2160 1833 vestigia
2186 1761 2316 1816 sub-

748 1860 1004 1913 sequens.

822 1938 911 1992 ll.
955 1939 1045 1993 Sic
1083 1940 1248 2008 igitur
1282 1945 1541 1999 virtutum
1581 1946 2061 2013 praestantissimas
2103 1946 2156 1999 iu
2202 1944 2327 1999 fun-

748 2027 1008 2085 damento
1030 2032 1236 2094 locans,
1274 2034 1338 2087 ad
1369 2034 1599 2088 aliarum
1637 2050 1858 2104 quoque
1895 2036 2168 2107 faSIigium
2203 2052 2327 2106 per-

752 2120 921 2179 venit.
944 2131 1005 2173 ut
1034 2139 1207 2189 neque
1239 2124 1290 2175 in
1325 2125 1429 2177 illis
1464 2126 1722 2191 cuiquam
1750 2127 1952 2191 primas
1981 2126 2326 2181 concederet.

752 2208 896 2264 Nihil
936 2222 1115 2266 autem
1148 2213 1341 2270 melius
1374 2226 1455 2267 est
1490 2216 1916 2281 gei'teralissimis
1950 2226 2209 2286 quatuor.
2266 2219 2330 2271 Et

751 2301 819 2355 de
851 2305 1138 2372 prudentia
1168 2307 1387 2374 quidem
1420 2308 1539 2375 eius
1571 2308 1672 2360 hoc
1703 2324 1923 2375 possunt
1956 2309 2156 2368 dicere.
2184 2310 2328 2376 quod

755 2394 798 2448 si
838 2394 1086 2448 maximat
1120 2398 1400 2463 sapientia!
1429 2398 1696 2453 terminus
1727 2409 1813 2454 est
1843 2414 2026 2462 nosse,
2058 2411 2243 2454 utrum
2268 2417 2328 2453 ea

753 2500 873 2552 qua
896 2496 1021 2540 sunt
1061 2504 1250 2542 revera
1291 2490 1438 2553 sint,
1470 2500 1525 2543 et
1552 2492 1696 2545 circa
1735 2492 1849 2545 haec
1877 2492 2186 2560 imperitum
2222 2508 2329 2545 non

755 2592 876 2631 esse
911 2597 924 2632 :
955 2580 1228 2647 quomodo
1277 2596 1382 2634 non
1436 2594 1656 2635 omnem
1710 2584 1989 2650 sapientiae.
2038 2586 2329 2637 terminum

757 2683 948 2735 magna
983 2671 1097 2725 haec
1124 2682 1308 2725 sancta
1346 2687 1695 2741 supergressa
1740 2682 1842 2738 est,
1886 2684 2090 2728 tantam
2146 2692 2332 2729 rerum

761 2761 969 2815 habens
992 2764 1270 2829 notitiam,
1293 2776 1477 2818 utnon
1512 2766 1690 2818 solum
1717 2765 2041 2834 intelligeret
2061 2782 2127 2821 an
2152 2774 2338 2821 essent

760 2853 971 2920 singula
1015 2866 1068 2905 ιιι
1100 2870 1222 2910 esse
1252 2857 1591 2921 videbantur,
1619 2858 1711 2911 sed
1737 2859 1900 2911 etiam
1928 2866 2113 2912 utrum
2146 2874 2177 2913 e
2202 2860 2337 2912 duo-

763 2945 866 2998 bus
896 2954 1075 3008 esset;
1114 2949 1588 3015 praestautioribus
1615 2959 1797 3003 autem
1830 2964 1895 3006 ac
1920 2951 2244 3006 melioribus
2280 2967 2339 3006 se

763 3039 1020 3094 traderet.
1058 3054 1155 3105 pro
1183 3039 1249 3093 iis
1280 3041 1388 3108 pati
1415 3041 1681 3109 quidlibet
1714 3050 1769 3095 et
1800 3040 1982 3097 facere
2010 3054 2236 3111 parata;
2270 3046 2338 3099 ab

765 3129 889 3183 aliis
925 3145 1055 3183 vero
1097 3146 1271 3200 usque
1306 3132 1443 3186 adeo
1477 3133 1782 3197 abstinens,
1816 3142 1878 3189 ut
1910 3149 2019 3189 non
2058 3136 2235 3189 solum
2271 3136 2339 3190 iis

765 3222 933 3274 nollet
971 3224 1378 3291 quomodolihet
1412 3226 1524 3291 uti,
1568 3226 1662 3279 sed
1706 3240 1807 3279 nec
1848 3226 1902 3279 in
1948 3227 2337 3294 cogitationem

767 3315 987 3381 quidem
1012 3332 1199 3368 eorum
1235 3318 1437 3370 venire.
1464 3318 1619 3381 Quod
1655 3333 1820 3385 porro
1853 3320 1905 3372 in
1938 3319 2198 3374 omnibus
2224 3334 2344 3375 trra-

769 3406 924 3467 tiose,
944 3415 997 3458 ut
1022 3408 1297 3473 convenit,
1323 3424 1440 3463 sese
1466 3410 1691 3464 haberet
1715 3426 1730 3473 ;
1757 3418 1812 3464 et
1832 3412 2096 3465 rationem
2124 3414 2339 3476 quidem

768 3512 1003 3566 praeesse
1034 3499 1336 3567 all‘eetibus,
1362 3501 1459 3555 hos
1493 3516 1622 3555 vero
1648 3502 1822 3557 eidem
1851 3503 2080 3557 subesse
2111 3502 2338 3569 faceret;

770 3600 988 3641 carnem
1022 3602 1243 3657 quoque
1268 3589 1633 3657 supprimere,
1664 3599 1720 3645 et
1749 3593 1805 3644 in
1838 3592 2161 3647 servitutem
2196 3593 2340 3646 redi-

773 3690 927 3746 gere,
954 3685 1117 3744 atque
1151 3677 1409 3747 amigere,
1445 3689 1682 3735 mentem
1718 3690 1967 3735 e'contra
2004 3683 2343 3738 subtiliorem

773 3768 1001 3821 reddere
1024 3779 1186 3836 atque
1212 3771 1475 3824 extollere
1498 3782 1797 3840 satageret;
1832 3773 2081 3827 universa
2112 3774 2348 3842 denique

776 3856 829 3908 in
881 3857 1119 3924 pondere
1166 3865 1223 3913 et
1270 3866 1470 3913 statera
1526 3868 1771 3929 poneret,
1825 3871 1988 3930 atque
2031 3864 2083 3915 in
2136 3863 2349 3917 cunctis

776 3956 1052 4014 utcunque
1096 3949 1415 4003 accidebant
1464 3965 1522 4004 se
1553 3962 1795 4006 servaret
1839 3952 2181 4017 indemnem,
2214 3970 2350 4023 quo-

777 4040 938 4094 modo
972 4056 1076 4093 non
1114 4052 1305 4109 arguat
1335 4043 1605 4108 justitiam
1649 4044 1700 4095 io
1735 4044 1821 4097 illa
1860 4045 2351 4100 absolutissimam?

850 4132 936 4185 l2.
966 4130 1039 4183 De
1064 4132 1352 4200 prudentia
1373 4132 1539 4200 igitur
1562 4133 1974 4203 atquejustitia,
2005 4150 2112 4188 non
2136 4146 2352 4205 quantae

778 4223 879 4292 ipsi
906 4222 1150 4283 aderant,
1179 4223 1270 4275 sed
1302 4223 1577 4292 quomodo
1610 4226 1788 4291 potui,
1810 4226 2084 4289 elocutus,
2115 4226 2180 4280 ad
2212 4228 2349 4281 alias

780 4312 1120 4380 progredior.
1170 4312 1227 4366 In
1270 4313 1357 4366 his
1400 4313 1595 4383 igitur,
1632 4317 1991 4382 temperantia
2031 4317 2255 4385 inquam
2303 4330 2356 4371 et

782 4401 1129 4462 fortitudine,
1167 4403 1309 4456 haud
1340 4419 1469 4456 sane
1508 4404 1734 4457 minima
1766 4404 2052 4460 Theodora
2085 4406 2223 4461 fuit:
2260 4409 2353 4462 sed

2414 577 2521 625 ναι,
2551 562 2644 612 καὶ
2676 561 2812 624 ὅλως
2835 564 3063 626 ἐκείνοις
3097 568 3261 618 πᾶσιν
3288 567 3577 635 ἐγχειρεῖν,
3612 564 3669 629 ἐξ
3700 560 3774 617 ὢν
3800 564 3861 616 τδ
3894 564 3993 629 μὲν

2415 653 2764 718 ὑποπίπτειν,
2816 653 2915 722 τὴν
2955 655 3011 707 δὲ
3056 655 3233 724 ψυχὴν
3264 656 3449 719 αὔξειν
3491 658 3848 724 περιγίνεται.
3882 655 3996 723 Οὐχ

2415 739 2579 812 ἧττον
2616 743 2670 796 δὲ
2705 744 2864 797 τοῦτο
2902 747 2949 797 εἰ
2986 748 3058 815 μὴ
3094 749 3188 798 καὶ
3226 749 3438 816 μεῖζον,
3481 748 3540 800 τὸ
3572 750 3711 801 πᾶσι
3754 750 3865 805 τοῖς
3900 750 3997 799 άνο

2416 834 2655 903 θρώποις
2698 835 2859 890 οὕτω
2885 839 3184 908 κεχρῆσθαι
3228 841 3302 900 ὡς
3361 841 3453 893 καὶ
3508 840 3616 892 τῶν
3663 840 3785 893 καθ’
3830 839 4000 907 αὐτὴν

2416 928 2700 990 τάκείνων,
2730 929 2860 997 περὶ
2899 930 3141 991 πλείονος
3191 933 3345 996 ἄγειν
3390 933 3482 983 καλ⁵
3527 931 3845 1000 προτιθέναι
3894 932 4004 991 τοῖς

2416 1016 2594 1077 ὅλοις·
2632 1018 2660 1069 ὁ
2697 1018 2806 1086 γὰρ
2837 1019 2928 1070 τὸν
2967 1018 3216 1087 ἀδελφὸν,
3260 1022 3446 1089 φησὶν.
3498 1020 3731 1085 ἀγαπῶν
3782 1020 3879 1069 καὶ
3908 1018 4000 1070 τὸν

2418 1105 2548 1157 Θεὸν
2593 1107 2818 1177 ἀγαπᾷ·
2856 1109 2949 1159 καὶ
3013 1108 3292 1178 οὐδέτερον
3329 1111 3499 1178 χωρὶς
3541 1111 3727 1175 ἐτέρου
3770 1109 4005 1178 συσταίη

2421 1197 2539 1248 ποτ’
2575 1194 2673 1258 ἂν,
2709 1198 2844 1250 ἀλλά
2874 1196 2965 1249 τὸν
2999 1198 3076 1267 τῷ
3098 1198 3230 1266 38εῷ
3260 1199 3599 1267 κεχρημένον
3632 1198 3728 1252 καὶ
3770 1200 3884 1260 τοῖς
3911 1202 4007 1250 άν-

2420 1287 2658 1353 θρὼποις
2714 1288 3056 1358 κεχρῆσθαι,
3113 1290 3205 1341 τὸν
3264 1290 3311 1342 δ’
3374 1289 3442 1342 αὖ
3500 1291 3626 1352 τοὺς
3683 1289 4009 1357 ἀνθρώπους

2426 1378 2709 1444 φιλεῦντα,
2742 1380 2953 1449 ἀνάγκη
2996 1382 3146 1433 πᾶσα
3180 1382 3270 1433 καὶ
3308 1381 3401 1433 τὸν
3435 1381 3572 1433 θεὸν
3605 1381 3846 1450 ἀγαπᾷν.
3887 1382 4010 1432 Ἐν-

2419 1468 2606 1520 τεῦθεν
2638 1472 2772 1539 αὐτῇ
2805 1470 2866 1522 τὺ
2888 1471 3089 1531 πάσαις
3120 1472 3295 1524 πάντα
3329 1472 3615 1533 διακονεῖν,
3655 1473 3739 1523 ἵνα
3771 1472 3846 1540 μὴ
3882 1472 4006 1522 δια-

2424 1561 2630 1611 κονοῖτο
2680 1561 2915 1628 Χριστὸν
2959 1562 3272 1631 μιμουμένη
3314 1562 3411 1614 καὶ
3455 1562 3581 1615 κατ’
3617 1559 3762 1631 ἴχνος
3795 1560 4009 1613 ἐκείνου

2427 1651 2708 1720 βαίνουσα.

2503 1943 2590 1991 ια’.
2643 1938 2799 1991 Οὕτω
2851 1939 3030 1993 τοίνυν
3073 1942 3172 2003 τὰς
3220 1940 3483 2010 μεγίστας
3530 1942 3843 2011 ύποθεμένη
3898 1943 4012 1995 τῶν

2429 2029 2640 2099 ἀρετῶν
2660 2072 2674 2095 ,
2714 2030 2857 2084 οὕτω
2888 2034 2980 2084 καὶ
3018 2032 3127 2085 τῶν
3155 2033 3329 2087 ἀλλων
3366 2035 3443 2097 είς
3475 2034 3642 2104 ἀκρον
3683 2034 3904 2101 ἧλασεν,
3934 2033 4012 2099 ὡς

2436 2120 2560 2189 μηδ’
2594 2122 2652 2172 ἐν
2675 2122 2902 2184 ταύταις
2941 2123 3129 2191 μηδενὶ
3157 2126 3266 2177 τῶν
3298 2127 3552 2179 ἁπάντων
3583 2126 3889 2193 ὑπερϐολὴν
3923 2128 4012 2178 λε-

2432 2212 2672 2267 λοιπέναι
2693 2229 2706 2242 ·
2740 2213 2895 2277 ὅλους
2916 2217 3022 2285 γὰρ
3051 2219 3332 2285 τεσσάρων
3363 2218 3515 2271 οὐδὲν
3563 2219 3736 2271 ὄνειον
3773 2219 3868 2287 (m)
3907 2220 4016 2271 τᾶν

2432 2306 2838 2369 γενικωτάτων
2873 2308 3188 2378 φρονήσεως
3224 2310 3320 2377 μὲν
3360 2312 3487 2378 πέρι
3519 2313 3696 2363 ἐκεῖνο
3728 2310 3870 2375 λέγω
3892 2350 3907 2373 ,
3938 2310 4016 2371 ὠς

2434 2396 2548 2458 εῖγε
2575 2396 2826 2464 γνώσεως
2848 2400 2971 2468 ὅρος
3006 2402 3123 2456 ἐστὶ
3148 2402 3245 2469 τῆς
3281 2404 3566 2471 μεγίστης,
3588 2397 3704 2477 τδῇ
3738 2404 3867 2455 ὄντα
3898 2404 4020 2456 ἐστὶ

2433 2488 2501 2539 τὰ
2535 2488 2661 2540 ὄντα
2701 2490 2919 2555 εἰδέναι,
2954 2494 3046 2544 καὶ
3080 2492 3155 2562 μὴ
3196 2493 3453 2545 ἀσύνετον
3484 2490 3622 2546 εἶναι
3658 2496 3785 2563 περὶ
3820 2496 3977 2546 ταυτί
3998 2509 4017 2525 ⁶

2438 2576 2554 2639 πῶς
2584 2580 2645 2630 οὐ
2682 2579 2858 2633 πάντα
2884 2582 3196 2651 φρονήσεως
3221 2584 3345 2652 ὅρον
3368 2584 3683 2655 ὑπερϐαίνει
3706 2587 3769 2637 τὰ
3797 2586 3892 2651 τῆς
3917 2601 4018 2652 με-

2441 2668 2611 2735 γάλης
2651 2668 2795 2721 οὕτω
2827 2671 2925 2740 τὴν
2967 2673 3368 2742 ἀκριϐεστάτην
3399 2676 3711 2744 ἐπιστήμην
3738 2676 4021 2740 ἑκατέρων

2438 2759 2672 2827 σχούσης
2694 2761 2803 2812 τῶν
2827 2762 3015 2823 ὄντων,
3048 2764 3124 2826 ὡς
3157 2764 3229 2831 μὴ
3260 2761 3470 2839 μόνονῇ
3499 2767 3629 2818 ὄντα
3656 2770 3769 2819 ἐστὶ
3792 2769 3861 2819 τὰ
3887 2768 4020 2819 ὄντα

2439 2852 2660 2911 εἰδέναι.
2691 2851 2826 2904 ἀλλά
2857 2855 2950 2905 καὶ
2967 2854 3095 2905 οἴων
3127 2854 3404 2924 ἑκατέρων
3431 2856 3787 2924 ἀντιληπτέον
3814 2860 3878 2910 ἂν
3906 2860 4019 2926 εἴη,

2438 2942 2513 3002 ὼς
2545 2943 2654 3003 τοῖς
2694 2941 2792 3008 μὲν
2833 2942 3169 3011 ἑστῶσιθκαὶ
3206 2946 3419 3013 μείζοσι
3455 2947 3675 3010 θέσθαι,
3714 2950 3808 3000 καὶ
3856 2950 4024 3002 πάνθ’

2441 3036 2581 3104 ὑπὲρ
2609 3036 2813 3087 τούτων
2848 3036 2940 3087 καὶ
2970 3040 3145 3089 ποιεῖν
3174 3038 3267 3091 καὶ
3300 3039 3529 3108 πάσχειν
3564 3040 3838 3109 αἱρεῖσθαι
3858 3055 3871 3070 ⁸
3912 3041 4024 3095 τῶν

2440 3125 2486 3178 δ’
2532 3125 2865 3193 ἀποσχέσθαι
2910 3126 3161 3180 τοσοῦτον
3202 3131 3295 3181 καὶ
3340 3133 3552 3197 χαίρειν
3586 3132 3780 3192 ἐάσαι,
3809 3130 3886 3193 ὡς
3944 3133 4023 3202 μὴ

2446 3220 2604 3287 μόνον
2656 3217 2777 3288 μηδ’
2827 3220 3074 3273 ὁπωσοῦν
3113 3221 3320 3275 ἐθέλειν
3362 3221 3690 3291 κεχρῆσθαι,
3729 3224 3863 3277 ἀλλά
3896 3225 4025 3294 μηδ’

2442 3309 2650 3363 ἔννοιαν
2676 3311 2882 3366 τούτων
2910 3313 3202 3381 ἐσχηκέναι
3234 3314 3386 3367 ποτέ.
3418 3315 3492 3366 Τὸ
3520 3315 3577 3366 δὲ
3600 3317 3775 3367 πάντα
3805 3317 3872 3368 τὰ
3898 3316 4024 3367 καθ’

2443 3402 2613 3470 αὐτὴν
2637 3401 3005 3471 δημαγωγεῖν,
3030 3404 3122 3455 καὶ
3150 3404 3391 3466 διοικεῖν,
3422 3406 3514 3457 καὶ
3543 3406 3754 3475 διαιτᾷν
3852 3392 4030 3471 προσ-

2444 3492 2544 3559 ῆκε
2576 3510 2590 3523 ·
2621 3496 2715 3546 καὶ
2746 3494 3006 3562 λογισμὸν
3052 3496 3149 3563 μὲν
3187 3498 3301 3557 τοῖς
3335 3495 3565 3549 πάθεσιν
3596 3498 3915 3564 ἐφιστάναι,
3957 3502 4029 3551 τὰ

2445 3581 2491 3635 δ’
2519 3583 2843 3634 ὑποπίπτειν
2888 3584 3355 3652 παρασκευάζεινο
3408 3585 3502 3637 καὶ
3548 3585 3649 3655 τὴν
3691 3586 3793 3654 μὲν
3845 3587 4031 3655 σάρκα

2447 3675 2808 3746 κατατρύχειν
2852 3677 2948 3730 καὶ
2988 3677 3354 3745 δουλαγωγεῖν
3401 3680 3495 3732 καὶ
3534 3682 3781 3746 πιέζειν,
3829 3683 3930 3751 τὴν
3973 3685 4030 3737 δὲ

2446 3769 2624 3838 ψυχὴν
2648 3769 2934 3839 καθαίρειν
2960 3786 3016 3821 τε
3045 3769 3139 3823 καὶ
3159 3770 3444 3823 λεπτύνειν
3463 3786 3477 3800 ⁶
3508 3774 3602 3826 καὶ
3622 3774 3755 3835 ὅλως
3775 3774 3836 3826 τὸ
3869 3776 4030 3829 πάντ’

2451 3860 2509 3912 ἐν
2549 3859 2701 3927 ζυγῷ
2742 3859 2835 3909 καὶ
2871 3858 3098 3928 σταθμῷ
3147 3859 3389 3913 τιθέναι·
3422 3862 3516 3913 καὶ
3574 3864 3701 3932 περὶ
3753 3864 3934 3916 πάντα
3963 3867 4031 3918 τά

2450 3948 2714 4015 γινόμενα
2744 3947 2971 4011 σώζειν,
3020 3946 3138 4010 πῶς
3165 3948 3266 4001 οὐκ
3301 3948 3379 4001 ἐνι
3424 3950 3658 4020 μεγίστῃ
3708 3951 4030 4025 δικαιοσύνῃ

2452 4036 2755 4105 κεχρῆσθαι
2782 4053 2797 4102 ;

2526 4125 2612 4195 ιβ’.
2638 4128 2955 4195 Φρονήσεως
2981 4130 3077 4198 μὲν
3108 4128 3199 4182 οὖν
3218 4130 3399 4183 εἵνεκα
3425 4132 3517 4184 καὶ
3539 4131 3910 4203 δικαιοσύνης,
3936 4140 4032 4203 οὐχ

2453 4216 2551 4267 ὅσα
2579 4218 2644 4284 τῇ
2680 4218 2891 4287 μεγάλῃ
2947 4219 3159 4286 προσῆν
3181 4262 3193 4279 ,
3228 4220 3345 4272 ἀλλ’
3385 4221 3481 4272 ὅσα
3514 4221 3662 4287 ἐξῆν,
3710 4222 3909 4286 είπὼν,
3944 4227 4035 4277 ἐπὶ

2454 4308 2551 4367 τὰς
2584 4306 2749 4369 ἄλλας
2783 4310 2873 4360 καὶ
2920 4308 2983 4378 δὴ
3016 4309 3323 4378 βαδιοῦμαι,
3367 4312 3474 4364 Καὶ
3512 4314 3620 4381 μὴν
3652 4317 3884 4366 τουτωνὶ
3936 4318 4036 4384 μὲν

2456 4397 2694 4451 τοσαῦτα
2716 4400 2910 4468 περιῆν
2934 4401 3181 4470 Θεοδὼρα
3202 4404 3555 4474 σωφροσύνης
3578 4421 3637 4456 τε
3662 4406 3754 4457 καὶ
3782 4408 4035 4477 ἀνδρείας

785 4509 960 4561 usque
1002 4495 1139 4545 adeo
1188 4496 1347 4546 etiam
1407 4495 1513 4547 hoc
1556 4495 1774 4548 nomine
1804 4496 2012 4548 laudari
2066 4498 2261 4549 meruit
2307 4506 2359 4550 et
2393 4503 2468 4568 υτ

2352 4510 2359 4550 μ
2393 4515 2434 4568 D
2464 4490 2567 4547 καὶ,
2588 4488 2684 4553 τῆς
2714 4490 2770 4539 ἐν
2810 4487 2979 4541 ἅπασι
3009 4491 3301 4560 καρτερίας
3342 4493 3549 4546 ἐλάττω
3574 4509 3589 4523 ·
3616 4494 3754 4547 ἀλλά
3785 4499 4035 4551 τοσοῦτον

784 4588 1036 4638 coronari
1062 4627 1074 4645 ,
1113 4595 1168 4638 ut
1220 4601 1379 4638 nemo
1417 4586 1469 4639 id
1508 4587 1683 4640 valeat
1721 4586 2050 4640 sull‘ieieuter
2084 4589 2360 4658 explicare

786 4678 1035 4731 dicendo.
1082 4678 1203 4729 szc
1252 4680 1394 4731 enim
1438 4672 1568 4731 vere
1611 4678 1949 4733 admirabilis
1997 4697 2091 4747 per
2139 4697 2356 4734 omnem

787 4766 947 4823 vitam
966 4771 1101 4821 adeo
1121 4768 1312 4821 fortem
1333 4782 1389 4821 se
1415 4768 1665 4836 prmlmit,
1692 4769 2045 4837 animumque
2067 4771 2147 4824 sic
2173 4771 2363 4825 habuit

785 4858 1180 4920 exercitatum,
1223 4868 1281 4911 ut
1313 4874 1419 4911 non
1450 4858 1626 4911 solum
1664 4859 1923 4923 superior
1969 4872 2114 4914 esset
2149 4862 2363 4914 cunctis

788 4938 907 5015 quo
938 4949 1249 5001 hominibus
1282 4950 1458 5002 solent
1498 4948 1618 5000 laeta
1667 4946 1913 4999 tristiave
1951 4946 2229 5012 accidere;
2264 4950 2357 5002 sed

789 5039 920 5104 ipsis
953 5048 1157 5091 natura:
1179 5039 1388 5106 legibus
1411 5039 1683 5093 videretur
1715 5053 2109 5107 usquequaque
2161 5040 2357 5102 major,

793 5128 1006 5182 labores
1052 5128 1272 5197 quidem
1316 5131 1564 5197 corporis
1608 5132 1908 5184 secundum
1957 5130 2356 5198 philosophiam

790 5228 1052 5284 quantum
1097 5220 1237 5273 alius
1281 5220 1554 5288 quispiam
1603 5232 1747 5274 rerte
1778 5224 2068 5283 ordinans,
2115 5220 2362 5273 animum

793 5325 923 5362 vero
969 5310 1165 5379 ubique
1204 5320 1446 5365 erectum
1501 5327 1564 5365 ac
1618 5328 1941 5379 generosum
2000 5325 2361 5365 consenvans.

795 5401 1045 5457 Testatur
1081 5402 1185 5456 hoc
1216 5403 1392 5469 primo
1429 5406 1705 5473 egregium
1754 5404 2070 5470 silentium,
2110 5410 2164 5456 et
2200 5417 2362 5471 quam

799 5498 851 5547 in
885 5496 998 5562 ipso
1028 5494 1258 5547 tenendo
1282 5497 1600 5549 monstravit
1633 5496 2028 5556 constantiam;
2061 5502 2191 5548 totis
2213 5493 2357 5547 enim

800 5583 1107 5654 quindecim
1162 5584 1323 5638 annis
1372 5585 1538 5639 tiliam
1598 5602 1752 5640 suam
1809 5586 2049 5639 allocuta
2101 5599 2210 5636 non
2265 5591 2367 5647 est,

2462 4579 2753 4631 κάντεῦθεν
2776 4584 3058 4648 στεφανεῖν
3078 4584 3213 4652 αὐτῇ
3235 4583 3500 4653 προσῆκε,
3522 4588 3613 4637 καὶ
3636 4587 3780 4640 οὕτω
3807 4592 4034 4659 μετέσχε

2463 4675 2556 4724 καὶ
2600 4675 2707 4724 τῶν
2757 4672 3004 4725 ἐντεῦθεν
3062 4676 3326 4739 παιάνων,
3374 4677 3449 4738 ὠς
3496 4678 3619 4747 μηδ’
3667 4680 4037 4750 ἀποχρώντως

2466 4762 2607 4830 ἔχειν
2636 4762 2942 4825 διεξελθεῖν.
2970 4763 3219 4832 Θεοδώρα
3246 4766 3353 4834 γὰρ
3380 4766 3743 4837 ήθαυμαστὴ,
3771 4773 4035 4840 καρτερίᾳ

2464 4855 2549 4907 διά
2577 4857 2689 4923 βίου
2714 4856 2907 4917 παντὸς
2932 4859 3265 4927 κεχρημένη,
3295 4860 3388 4910 καὶ
3408 4859 3552 4912 οὕτω
3572 4860 3671 4931 τὴν
3695 4860 3880 4931 ψυχὴν
3902 4880 4036 4933 παρ-

2463 4947 2813 5003 εσκευακυῖα,
2845 4944 2918 5006 ὼς
2940 4945 3014 5014 μὴ
3047 4945 3204 5013 μόνον
3229 4947 3506 5013 ἀνωτέραν
3535 4951 3827 5017 τυγχάνειν
3849 4951 3958 5002 τῶν
3984 4966 4034 5003 τε

2463 5036 2605 5088 κατὰ
2641 5035 2726 5086 τὸν
2761 5035 2872 5104 βίον
2912 5038 3172 5105 ἀνιαρῶν,
3212 5040 3322 5090 τῶν
3356 5037 3403 5089 θ’
3443 5039 3519 5101 ὡς
3550 5041 3747 5107 ἑτέρως
3783 5042 4035 5111 ἐχόντων,

2465 5126 2601 5179 ἀλλὰ
2623 5129 2715 5179 καὶ
2733 5128 2839 5178 τῶν
2856 5129 3099 5195 φυσικῶς
3122 5129 3336 5197 θεσμῶν
3358 5132 3703 5183 παντάπασιν
3721 5131 4033 5203 ὑπερσχεῖν,

2466 5222 2562 5273 καὶ
2588 5222 2712 5282 τοὺς
2740 5221 2837 5286 μὲν
2859 5218 2951 5271 τοῦ
2978 5219 3229 5289 σώματος
3250 5222 3442 5285 πόνους
3465 5225 3553 5275 καὶ
3583 5223 3763 5274 πᾶσαν
3790 5224 3891 5292 τὴν
3916 5226 4034 5293 περὶ

2467 5308 2638 5361 ταῦτα
2663 5309 2976 5376 φιλοσοφίαν
2997 5309 3068 5371 ὡς
3087 5310 3183 5361 οὐκ
3212 5306 3309 5362 οἶδ’
3326 5311 3377 5364 εί
3396 5327 3479 5367 τις
3504 5312 3922 5380 κατωρθωκυῖα,
3943 5314 4036 5379 τὴν

2471 5401 2526 5452 δὲ
2559 5399 2734 5470 ψυχὴν
2764 5400 2957 5468 ἀκλινῆ
2988 5401 3080 5453 καὶ
3114 5402 3368 5468 γενναίαν
3410 5402 3667 5465 καθάπαξ
3701 5405 3758 5452 ἐν
3790 5405 3925 5455 πᾶσι
3955 5420 4037 5454 τε·

2464 5494 2754 5558 τηρηκυῖα.
2800 5492 2907 5543 Καὶ
2938 5495 3207 5561 μαρτυρεῖ
3257 5493 3429 5545 ταῦτα
3462 5494 3675 5561 πρῶτον
3706 5494 3811 5563 μὲν
3839 5496 3902 5547 τὸ
3945 5493 4036 5559 τῆς

2480 5584 2690 5650 σιωπῆς
2728 5581 2941 5650 ἐκείνης
2972 5581 3247 5650 ὑπερφυὲς
3276 5584 3369 5635 καὶ
3402 5584 3477 5653 ἢν
3508 5584 3630 5654 ἔσχε
3665 5586 3791 5653 περὶ
3818 5586 4040 5654 ταυτηνὶ

874 5770 967 5837 νη)
1024 5772 1101 5824 Ita
1148 5786 1241 5839 per
1291 5770 1657 5838 COIljt‘Cllll‘dtli
1721 5769 2081 5838 corrigimus,
2142 5784 2239 5838 pro
2302 5769 2361 5820 οὐ
2401 5768 2533 5829 ἁῶν,
2569 5768 2707 5836 quod
2747 5764 2878 5819 nihil
2920 5765 3088 5818 visum
3128 5763 3453 5834 signiﬁcare.
