4262 6460
216 409 325 473 Ῥιξῦ

1498 412 1669 474 VI'I‘A
1711 413 1769 472 S.
1802 413 2240 475 'I‘IlEtlDORzE

3374 416 3478 481 765

208 528 510 597 καρτερίαν
529 545 543 560 ο
569 527 662 580 ἐπὶ
679 527 788 594 γὰρ
809 526 966 579 πέντε
995 528 1088 578 καὶ
1108 525 1235 578 δέκα
1261 526 1527 585 ἐνιαυτοῖς
1546 528 1638 578 καὶ
1665 526 1798 594 πρὸς
1830 536 1870 589 Α

1830 536 1870 589 Α
1906 532 2160 597 quamvis
2197 531 2249 583 in
2287 530 2478 584 eodem
2510 543 2633 582 cum
2665 529 2780 595 ipsa
2812 528 3032 583 virtutis
3055 529 3234 583 stadio
3264 544 3482 582 exerce-

207 622 304 672 τδν
335 621 501 673 παῖδα
538 621 598 671 τὸ
628 621 786 689 σιγᾷν
813 620 1098 688 ἐκέχρητο,
1125 620 1219 671 καὶ
1249 618 1421 671 ταῦτα
1450 622 1569 681 ταῖς
1600 620 1792 680 αὑταῖς

207 713 397 781 ἐκείνῃ
443 714 702 780 χρωμένη
745 710 1075 778 διατριϐαῖς·
1114 710 1304 762 ἔπειτα
1343 713 1437 762 καὶ
1466 713 1493 762 ὁ
1532 710 1793 778 μέγιστος

209 808 419 865 ἐκεῖνος
449 805 546 857 καὶ
568 806 750 855 πᾶσαν
784 802 1131 865 ἀντεξέτασιν
1154 802 1500 870 ὑπερϐαίνων
1532 803 1667 871 πρὸς
1701 803 1793 853 τὸν

210 895 463 965 χειμῶνα
517 895 627 947 τῶν
684 893 962 962 στοιχείων
1014 891 1184 957 άγών.
1242 892 1398 945 Οὕτω
1443 891 1532 944 διὰ
1577 892 1796 945 πάντων

210 989 455 1052 ὑπέταξε
490 987 586 1057 τὴν
616 986 794 1055 σάρκα
832 984 910 1055 τῷ
944 986 1234 1055 πνεύματι,
1269 986 1361 1038 καὶ
1406 986 1477 1056 μὴ
1515 986 1672 1053 μόνον
1696 984 1797 1052 ἀρ·

211 1100 309 1149 γον
342 1082 599 1144 καθάπαξ
647 1080 949 1147 ἀπέφηνεν,
984 1076 1122 1130 ἀλλά
1157 1078 1249 1130 καὶ
1281 1078 1422 1130 κατὰ
1453 1077 1513 1128 τὸ
1539 1078 1798 1146 φρόνημα

208 1173 306 1226 τοῦ
332 1174 644 1241 πνεύματος
678 1166 781 1240 ἦγε
804 1169 898 1222 τοῦ
933 1170 1076 1222 κατὰ
1122 1170 1285 1236 φύσιν
1318 1172 1657 1237 ὲκστήσασα.
1692 1167 1799 1221 Καὶ

211 1266 326 1325 τοῖς
365 1264 463 1331 μὲν
495 1263 673 1323 ἀλλοις
708 1263 995 1329 ἀγαπητὸν
1021 1261 1081 1313 τὸ
1115 1263 1189 1330 μὴ
1221 1263 1341 1320 ταῖς
1372 1262 1573 1329 σαρκὸς
1611 1258 1799 1311 ἐπιθυο

215 1358 371 1425 μίαις
394 1354 493 1425 τὴν
520 1354 698 1424 ψυχὴν
720 1354 1059 1417 ὑπάγεσθαν
1085 1351 1337 1421 Θεοδώρα
1365 1351 1419 1403 δὲ
1450 1351 1654 1413 οὐκέτι,
1686 1352 1801 1403 ἀλλ’

211 1453 263 1501 εί
301 1451 376 1518 μὴ
403 1451 495 1501 καὶ
525 1449 623 1518 τὴν
652 1448 829 1516 σάρκα
858 1446 1183 1516 μεταϐάλλοι
1214 1445 1311 1514 τὴν
1346 1444 1529 1512 φύσιν,
1568 1446 1657 1496 καὶ
1682 1447 1802 1506 ταῖς

211 1541 540 1609 ἐπιθυμίαις
579 1540 674 1592 τοῦ
722 1538 1034 1607 κρείττονος
1080 1536 1307 1589 ἕπεσθαι
1351 1538 1798 1605 παρασκευάσοι,

210 1634 317 1685 οὐκ
353 1631 580 1684 ἀνεκτὸν
615 1630 736 1683 οὐδὲ
765 1629 901 1700 πρὸς
933 1631 1101 1697 αὐτῆς
1138 1630 1346 1696 ἡγεῖτο.

289 1732 382 1790 ιγ’.
429 1723 711 1777 Ἐντεῦθεν
743 1724 838 1776 καὶ
876 1722 1229 1791 σωφροσύνης
1262 1720 1404 1774 οὕτω
1440 1722 1575 1791 μετὰ
1610 1720 1802 1775 πολλοῦ

212 1817 506 1884 περιόντος
564 1818 644 1878 είς
697 1818 868 1883 ἀκρον
917 1816 1124 1885 ἧλασεθ
1171 1815 1233 1865 τὸ
1263 1815 1371 1884 γὰρ
1410 1814 1498 1867 τὸν
1547 1815 1644 1881 μὲν
1683 1814 1805 1869 νοῦν

208 1911 326 1963 τῶν
372 1909 560 1962 παθῶν
594 1909 977 1978 αὐτοκράτορα
1028 1907 1392 1975 καταστῆσαι,
1418 1907 1704 1975 αἰσθήσεις
1749 1907 1806 1958 δὲ

211 2004 310 2057 καὶ
334 2002 437 2073 τὴν
471 2001 720 2056 ἐντεῦθεν
747 2002 993 2071 ἀνάγκην
1025 1999 1169 2052 οὕτω
1204 2000 1466 2067 ρυθμίσαι
1490 2002 1583 2053 καὶ
1625 2016 1809 2052 κατα-

212 2094 447 2159 στεῖλαι,
482 2092 556 2157 ὼς
592 2093 732 2163 μήτε
797 2095 909 2153 τοῖς
944 2092 1247 2161 ὀφθαλμοῖς
1277 2092 1354 2153 είς
1384 2091 1420 2144 ἃ
1454 2092 1528 2161 μὴ
1562 2090 1808 2162 προσῆκε

210 2186 541 2256 κεχρῆσθαι,
583 2185 720 2254 μήτε
756 2184 928 2253 ἀκοὴν
950 2184 1180 2252 ἑτέροις,
1215 2185 1396 2250 μόνοις
1426 2184 1481 2236 δὲ
1521 2186 1629 2242 τοῖς
1662 2183 1812 2235 λυσι-

214 2278 575 2338 τελεστάτοις
608 2278 875 2344 ἀνοίγειν,
904 2278 997 2328 καὶ
1025 2276 1159 2337 ὅλως
1189 2277 1372 2339 πάσας
1400 2278 1496 2337 τὰς
1530 2274 1811 2341 αἰσθήσεις

216 2369 365 2421 κατὰ
391 2369 450 2421 τὸ
476 2367 667 2421 δοκοῦν
696 2368 849 2435 ἀγειν
877 2367 955 2437 τῷ
987 2366 1081 2436 νῷ,
1110 2367 1138 2419 ὃ
1163 2368 1263 2433 τῆς
1302 2365 1564 2436 μεγίστης
1598 2381 1812 2430 σωφροο

222 2460 396 2527 σύνης
424 2461 548 2527 ὅρον
582 2460 823 2520 ἆπαντες
848 2458 1031 2527 ἴσμεν,
1056 2458 1162 2510 τίνι
1183 2458 1287 2510 τῶν
1310 2457 1484 2509 ἄλλων
1507 2457 1602 2508 καὶ
1629 2456 1809 2509 πάντα

215 2553 314 2604 καὶ
352 2549 475 2619 μεθ’
501 2549 812 2619 ὑπερϐολῆς
842 2546 988 2601 οὕτω
1011 2548 1369 2616 κατώρθωται
1395 2565 1406 2611 ;
1442 2547 1600 2599 Οὕτω
1632 2548 1813 2598 τοίνυν

212 2643 423 2703 τελέως
447 2642 736 2711 ἀποστάσῃ
764 2640 871 2692 τῶν
902 2639 1205 2708 σαρκικῶν,
1239 2641 1333 2692 καὶ
1362 2639 1452 2691 τὸν
1478 2639 1604 2707 περὶ
1637 2636 1814 2689 ταῦτα

218 2733 410 2786 πᾶσαν
466 2732 850 2799 προσπάθειαν
896 2732 991 2799 ἀφ’
1034 2732 1233 2799 ἑαυτῆς
1278 2730 1537 2791 καθάπαξ
1579 2746 1813 2795 ποιησα-

222 2825 385 2892 μένη,
426 2823 521 2873 καὶ
553 2822 701 2874 τοῦτ’
732 2824 957 2883 εἰκότως
992 2824 1049 2885 ἐξ
1082 2823 1330 2889 ἀνάγκης
1359 2822 1594 2889 ἀπήντα,
1635 2820 1812 2887 μόνων

219 2912 319 2981 μὲν
351 2911 614 2977 γενέσθαι
646 2913 757 2963 τῶν
797 2914 924 2978 περὶ
959 2912 1019 2963 τὸ
1062 2912 1218 2964 Θεῖον
1251 2910 1492 2981 ἐρώτων,
1518 2911 1611 2961 καὶ
1647 2911 1815 2977 μόνης

219 3002 568 3071 ἐξηρτῆσθαι
602 3006 701 3070 τῆς
743 3001 955 3054 ἐκεῖθεν
990 3001 1231 3063 ἀκτῖνος,
1262 3000 1478 3068 ἐρῶσαν
1513 2999 1567 3051 δὲ
1595 3000 1679 3050 ἀεὶ
1705 3002 1815 3060 τοῖς

222 3093 518 3160 λογισμοῖς
563 3093 979 3160 συντυγχάνειν,
1033 3092 1126 3143 καὶ
1176 3090 1426 3160 καθαρὰν
1467 3091 1543 3158 τῷ
1594 3090 1817 3158 καθαρῷ

1900 632 2072 674 retur.
2108 621 2251 675 Idem
2282 629 2514 677 testatur
2548 622 2783 674 maxima
2810 630 2865 674 et
2894 620 3044 674 omni
3070 622 3484 688 comparatione

1901 714 2071 781 major
2105 716 2253 769 luela
2298 715 2562 768 adversus
2609 713 2991 782 intemperiem
3037 713 3482 768 elementorum:

1900 822 2121 859 carnem
2152 821 2384 872 namque
2410 806 2626 873 spiritui
2659 806 2993 861 omnimodis
3020 807 3277 870 subjecit,
3301 820 3482 875 neque

1900 905 2207 965 promptam
2257 897 2525 951 duntaxat
2584 896 2774 950 habuit
2830 905 2883 950 et
2933 897 3360 965 obsequentem,
3392 897 3484 951 sed

1900 990 2062 1042 etiam
2090 988 2305 1056 spiritui
2338 990 2796 1053 consentientem,
2823 999 3082 1056 tanquam
3116 999 3325 1042 natura:
3352 1002 3488 1044 con-

1901 1082 2160 1134 ditionem
2215 1096 2460 1148 egressa.
2513 1082 2644 1135 Nam
2694 1081 2815 1134 aliis
2869 1081 3089 1148 quidem
3140 1082 3378 1149 optabile
3406 1092 3489 1136 est

1902 1172 2371 1238 concupiscentiis
2407 1173 2593 1225 carnis
2628 1188 2736 1225 non
2768 1171 2966 1239 subjici
2998 1172 3283 1240 spiritum;
3314 1172 3494 1226 Theo-

1904 1265 2050 1316 ἀοι-αξ
2095 1273 2277 1316 autem
2324 1278 2677 1332 nequaquam
2727 1263 2979 1317 sullicere
3026 1263 3204 1316 visunt
3238 1275 3344 1325 est,
3384 1266 3489 1318 nisi

1908 1356 2080 1423 ipsius
2110 1356 2295 1408 carnis
2329 1357 2648 1409 immutaret
2682 1369 2958 1417 naturam,
2993 1366 3046 1408 et
3082 1356 3257 1425 ipsam
3292 1355 3492 1409 faceret

1907 1448 2052 1499 ultro
2089 1446 2155 1499 ad
2191 1448 2417 1501 meliora
2453 1446 2609 1502 ferri.

1983 1716 2070 1769 l3.
2112 1712 2225 1769 Hoc
2250 1730 2379 1783 ergo
2412 1716 2572 1769 modo
2599 1716 2664 1770 ad
2698 1718 3069 1786 temperantiae
3100 1718 3314 1771 culmen
3369 1733 3495 1787 pcr-

1912 1808 2099 1861 veuit:
2145 1808 2234 1861 cui
2282 1808 2426 1860 enim
2468 1808 2702 1861 aliarum
2748 1810 2977 1877 contigit
3014 1808 3123 1863 'sibi
3170 1822 3493 1876 comparare

1915 1908 2021 1951 tam
2059 1899 2372 1952 absolutum
2404 1898 2756 1952 aﬂectionum
2781 1900 3110 1967 imperium;
3142 1914 3342 1953 sensus
3366 1914 3495 1952 vero

1912 2004 2211 2060 eorumque
2244 1991 2553 2045 violentiam
2580 1991 2658 2045 sic
2688 2005 2972 2052 coercere,
3010 2001 3066 2043 ut
3102 2005 3280 2059 neque
3314 1989 3493 2043 oculis

1913 2097 2090 2149 neque
2126 2082 2354 2135 auribus
2394 2082 2766 2148 permittatur.
2809 2082 2931 2137 aliis
2966 2082 3149 2143 rebus,
3180 2096 3341 2148 quam
3378 2082 3497 2151 qui-

1914 2176 2014 2228 bus
2045 2175 2324 2236 convenit,
2347 2174 2643 2237 iuteresse;
2679 2174 2771 2226 sed
2798 2174 2931 2227 solis
2959 2173 3183 2227 utilibus
3209 2174 3495 2241 congruis-

1912 2281 2018 2334 que
2066 2276 2285 2334 patere,
2344 2282 2521 2336 neque
2565 2266 2722 2319 aliter
2751 2266 2977 2319 omnino
3011 2280 3174 2335 quam
3221 2266 3494 2335 quomodo

1911 2372 2069 2411 mens
2100 2360 2450 2412 constituerit
2482 2360 2588 2429 agi,
2623 2360 2767 2427 quod
2795 2373 2917 2412 esse
2949 2373 3267 2425 supremum
3294 2367 3497 2425 tempe-

1916 2451 2106 2504 rantia:
2153 2451 2361 2518 apicem
2395 2465 2588 2504 omnes
2636 2449 2931 2503 novimus?
2979 2449 3095 2517 Ipsa
3133 2460 3313 2502 autem
3357 2449 3497 2501 adeo

1917 2542 2161 2611 perfecte
2203 2543 2479 2595 carnalem
2520 2557 2739 2594 omnem
2768 2540 3116 2596 affectionem
3154 2540 3327 2603 exuit,
3362 2541 3498 2593 adeo

1918 2638 2075 2705 longe
2098 2651 2126 2688 a
2156 2651 2216 2689 se
2241 2636 2545 2689 naturalem
2573 2634 2638 2687 ad
2661 2650 2754 2688 cas
2777 2635 3195 2703 propensionem
3242 2635 3493 2693 removit.

1917 2737 1976 2781 ut
2008 2736 2204 2795 sponte
2235 2726 2490 2796 ultroque
2516 2727 2563 2779 ei
2596 2735 2934 2786 occmreret,
2967 2726 3097 2778 solis
3126 2725 3346 2793 quidem
3371 2740 3500 2793 erga

1918 2833 2005 2870 res
2047 2816 2256 2870 divinas
2297 2818 2581 2870 amoribus
2623 2817 2913 2884 occupari,
2949 2826 3000 2869 et
3032 2830 3220 2869 earum
3261 2830 3499 2869 corusco

1917 2908 2111 2961 lumini
2154 2910 2358 2962 haerere
2394 2907 2603 2960 affixam
2629 2948 2642 2971 ,
2687 2916 2959 2961 amantem
2997 2922 3124 2959 vero
3157 2921 3280 2960 cum
3318 2916 3503 2960 amato

1921 3000 2031 3054 Deo
2062 3016 2278 3069 semper
2325 3001 2640 3053 conversari
2679 3008 2864 3052 mente
2888 3041 2900 3059 ,
2932 3013 3102 3066 seque
3142 3014 3331 3065 puram
3363 3013 3502 3066 puro

1920 3096 2199 3164 applicare
2220 3132 2235 3155 ,
2278 3104 2332 3147 et
2363 3094 2520 3149 bonis
2552 3093 2677 3161 ejus
2710 3091 2857 3156 frui;
2894 3091 3160 3146 fruentem
3192 3108 3355 3161 porro
3387 3107 3507 3143 rur—

220 3184 605 3251 συγγίνεσθαι,
648 3186 745 3236 καὶ
788 3184 896 3236 τῶν
939 3183 1150 3235 ἐκεῖθεν
1206 3181 1431 3250 ἀγαθῶν
1485 3180 1805 3246 ἀπολαύειν,
1837 3211 1877 3265 C

1922 3202 2046 3240 sum
2089 3185 2408 3254 duplicare,
2445 3186 2593 3239 velut
2628 3201 2723 3253 per
2753 3183 3051 3249 circulum,
3094 3184 3178 3239 sui
3211 3200 3337 3253 erga
3377 3198 3503 3238 eum
3576 3169 3588 3186 ⁸

217 3278 607 3330 ἀπολαύουσαν
653 3278 708 3331 δὲ
750 3276 1128 3339 διπλασιάζειν
1167 3271 1325 3338 αὖθις
1364 3276 1422 3328 τὸ
1472 3275 1601 3342 περὶ
1646 3274 1809 3326 αὑτὸν

218 3370 469 3439 φίλτρον,
500 3367 690 3438 ὥσπερ
724 3371 781 3421 ἐν
799 3368 1005 3440 κύκλῳ.

1922 3278 2128 3332 amoris
2151 3276 2428 3331 ardorem.

1668 3501 1902 3557 CAPUT
1950 3501 2041 3556 111.

889 3617 1136 3672 Laudum
1165 3619 1223 3673 S.
1262 3617 1552 3671 Theodora.’
1581 3620 1822 3686 synupst's
1858 3628 1907 3672 et
1940 3633 2063 3669 cum
2102 3616 2226 3669 aliis
2249 3616 2452 3670 sanctis
2483 3617 2831 3685 comparatio.

291 3737 375 3789 ιδ’.
421 3732 602 3793 Οὕτω,
636 3724 681 3784 ὦ
720 3730 842 3783 θεία
881 3731 1128 3799 κεφαὶήῑ
1166 3731 1255 3782 διὰ
1292 3729 1509 3782 πάντων
1546 3730 1654 3782 τῶν
1690 3730 1813 3799 βελ-

216 3830 462 3889 τίστων,
512 3826 608 3878 καὶ
663 3825 818 3892 παρὰ
866 3822 985 3891 Θεῷ
1039 3824 1134 3873 καὶ
1186 3821 1496 3890 ἀνθρώποις
1554 3822 1811 3891 μεγάλων

212 3919 548 3987 ἠξιωμένων
582 3916 961 3985 πραγμάτων,
1002 3916 1141 3982 μετὰ
1204 3914 1400 3966 πολλοῦ
1434 3915 1525 3966 τοῦ
1566 3915 1812 3984 μείζονος

217 4009 385 4082 ἧκες,
415 4011 511 4062 καὶ
544 4008 687 4061 κατὰ
709 4006 902 4059 πασῶν
926 4010 981 4058 ὲν
1004 4007 1213 4066 τούτοις
1239 4007 1302 4057 τὸ
1326 4006 1529 4075 κράτος
1553 4007 1780 4074 εἴληφας
1801 4024 1814 4035 ’

221 4104 352 4157 οὔτε
381 4102 493 4172 γάρ
528 4102 695 4163 ἔστιν,
721 4100 821 4151 οὐκ
856 4098 1005 4150 ἔστιν
1040 4097 1243 4167 ἀρετῆς
1273 4092 1411 4159 εἶδος
1444 4098 1619 4161 οὐδὲν,
1652 4091 1710 4148 οὗ
1747 4100 1820 4166 μὴ

226 4198 484 4263 μετεῖχες
530 4193 921 4259 διαφερόντως,
964 4193 1058 4242 καί
1094 4192 1303 4251 πάντας
1356 4191 1483 4253 τοὺς
1515 4190 1820 4258 ἀκολουθήο

224 4305 454 4351 σαντας,
513 4286 609 4336 καὶ
670 4284 805 4352 μόνη
864 4283 1193 4352 συνείληφας
1234 4282 1268 4335 ἃ
1318 4286 1429 4345 τοῖς
1478 4283 1660 4343 ἄλλοις
1718 4282 1821 4353 ίδίᾳ

223 4382 436 4445 κόσμος
477 4378 863 4431 καθέστηκεν·
912 4376 969 4437 ἐξ
1020 4370 1094 4426 ὧν
1138 4393 1201 4441 γε
1250 4375 1468 4427 πάντων
1521 4376 1821 4441 μοναδικήν

223 4490 352 4524 τινα
398 4471 497 4523 καὶ
560 4468 721 4537 ξένην
767 4468 955 4519 οὺσέαν
1015 4466 1218 4526 καλοῦ,
1279 4466 1575 4533 συμπάσης
1616 4467 1820 4532 ἀρετῆς

1999 3730 2088 3782 14.
2130 3728 2231 3783 Per
2261 3732 2447 3785 omnia
2480 3732 2683 3800 itaque,
2719 3746 2751 3784 ο
2783 3732 3010 3785 charum
3039 3732 3145 3787 Deo
3182 3742 3366 3804 caput,
3398 3749 3512 3789 emo

1923 3822 2110 3875 litibus
2187 3824 2611 3893 hominibusque
2665 3825 3029 3892 aestimabilia,
3065 3836 3119 3879 et
3160 3828 3212 3880 in
3253 3829 3510 3883 omnibus

1929 3914 2091 3981 longe
2123 3918 2326 3983 primas
2360 3918 2686 3971 obtinuisti:
2728 3934 2902 3986 neque
2942 3920 3086 3971 enim
3121 3918 3224 3972 fuit
3256 3920 3362 3972 ulla
3398 3922 3508 3975 vir-

1931 4010 2064 4062 tutis
2101 4010 2330 4077 species,
2366 4026 2529 4079 quam
2564 4027 2669 4063 non
2705 4013 3051 4079 acquisieris,
3085 4012 3250 4081 idque
3288 4015 3511 4067 diverso

1921 4102 1988 4153 ab
2018 4101 2138 4154 aliis
2173 4103 2368 4165 modo,
2414 4108 2467 4155 et
2503 4104 2643 4155 ultra
2678 4120 2841 4171 quam
2876 4105 3076 4171 aliquis
3122 4118 3245 4174 post
3277 4122 3512 4174 sequen-

1920 4190 2078 4243 tium.
2123 4191 2246 4244 So'la
2288 4192 2490 4260 quippe
2538 4194 2825 4261 complexa
2861 4212 2953 4259 es,
2999 4210 3120 4262 quae
3158 4197 3371 4263 singula
3406 4211 3505 4261 po-

1921 4282 2151 4335 tuissent
2180 4280 2303 4333 aliis
2329 4296 2427 4349 pro
2470 4291 2668 4335 ornatu
2700 4283 2978 4345 sufﬁcere;
3016 4300 3078 4337 ex
3124 4285 3341 4353 illisque
3377 4295 3510 4355 pro“

1924 4374 2098 4440 priam
2145 4376 2439 4441 quamdam
2480 4374 2970 4442 admirabilernque
3018 4375 3416 4440 subStantiain,
3452 4386 3511 4430 et

1928 4466 2233 4533 omnig-‘nae
2289 4466 2504 4519 virtutis
2562 4465 2937 4518 habitaculum
2995 4466 3258 4532 effecisti;
3312 4468 3506 4530 vitam,

224 4564 441 4626 ἑστίαν,
490 4562 584 4612 τὸν
638 4560 843 4627 σαυτῆς
900 4558 1230 4619 ἀποδείξασα
1282 4556 1393 4625 βίον
1450 4558 1585 4608 πᾶσι
1634 4557 1814 4624 παράο
1850 4556 1895 4612 D

1850 4556 1895 4612 D
1926 4558 2177 4624 inquam,
2222 4567 2403 4620 tuam,
2448 4559 2665 4609 cunctis
2708 4557 2759 4608 in
2798 4559 3107 4625 exeruplum
3143 4561 3502 4628 propositam,

225 4653 433 4719 ὃειγμα
479 4647 826 4717 προύθηκας,
867 4647 929 4698 ὲκ
960 4645 1203 4714 κεφαλῆς
1247 4646 1326 4707 είς
1373 4647 1540 4707 πόδας
1581 4646 1640 4697 τὸ
1690 4648 1817 4714 περὶ

225 4743 413 4794 πάντα
445 4739 733 4807 γινόμενον
780 4736 1043 4801 σώζοντα.
1088 4738 1163 4787 Οὐ
1204 4738 1311 4805 γὰρ
1343 4737 1437 4789 νῦν
1475 4738 1596 4804 μὲν,
1646 4738 1740 4790 νῦν
1773 4738 1818 4788 δ’

225 4833 289 4885 οὗ
308 4850 320 4861 ·
358 4832 483 4884 οὐδὲ
538 4831 633 4882 νῦν
665 4830 766 4898 μὲν
794 4829 1015 4896 μᾶλλον,
1045 4828 1139 4880 νῦν
1166 4830 1210 4880 δ’
1234 4824 1394 4897 ἦττον
1426 4828 1709 4899 (καθάπερ
1728 4830 1821 4884 άλ-

227 4925 346 4984 λοις
369 4922 516 4974 τισὶν
541 4919 843 4987 ἐξεγένετο)
902 4920 1058 4983 λόγον
1112 4919 1266 4988 ἔσχες
1318 4921 1413 4987 τῆς
1474 4920 1673 4989 ἀρετῆς
1725 4921 1819 4973 καὶ

226 5016 325 5068 τοῦ
379 5013 503 5069 κατ’
554 5014 725 5080 αὐτὴν
774 5012 1108 5064 πολιτεύειν·
1156 5012 1274 5063 οὐδὲ
1319 5012 1427 5062 τῶν
1467 5014 1566 5081 μὲν
1618 5012 1819 5081 ταύτης

228 5105 412 5168 εἰδῶν,
449 5101 558 5153 τῶν
591 5102 635 5153 δ’
676 5100 737 5152 οὗ
762 5118 775 5131 ·
808 5101 927 5151 οὐδὲ
960 5101 1067 5153 τῶν
1100 5102 1198 5168 μὲν
1244 5085 1442 5167 μᾶὶλον
1463 5143 1475 5163 ,
1510 5104 1615 5155 τῶν
1647 5104 1689 5156 δ’
1718 5099 1815 5174 ἦτ-

229 5216 323 5249 τον
354 5214 367 5226 ’
402 5195 519 5247 ἀλλ’
546 5194 603 5257 ἐξ
636 5194 743 5261 ἀρα
777 5193 1018 5262 πρώτης,
1050 5194 1124 5254 ὡς
1159 5195 1351 5257 εἰπεῖν,
1386 5194 1483 5263 τῆς
1506 5196 1687 5264 τριχὸς
1729 5195 1818 5247 καὶ

231 5289 543 5357 προοιμίων
575 5286 772 5345 αὐτῶν,
812 5286 972 5353 μέχρι
1020 5289 1110 5336 καὶ
1152 5286 1321 5353 μυχοῦ
1362 5287 1546 5353 γήρως
1586 5289 1677 5337 καὶ
1713 5287 1818 5337 τῶν

237 5380 517 5447 ἐπιλόγων
549 5378 641 5431 τοῦ
676 5378 815 5445 βίου,
849 5378 1063 5428 πάντων
1096 5376 1349 5440 καθάπαξ
1375 5379 1465 5428 καὶ
1503 5378 1620 5443 μεθ’
1656 5378 1820 5445 ὑπερ-

229 5471 397 5540 ϐολῆς
439 5468 549 5522 τῶν
585 5468 875 5537 βελτίστων
904 5465 1136 5534 ἀκριϐὴς
1180 5466 1386 5533 ἐφάνης
1418 5466 1655 5535 ἐργάτης
1677 5505 1689 5526 ,
1724 5467 1817 5517 καὶ

236 5564 376 5632 μάνη
400 5560 558 5630 παρὰ
586 5559 773 5613 πασῶν
803 5559 860 5609 ὲν
892 5558 1055 5609 πᾶσιν
1086 5557 1239 5625 ἔσχες
1268 5556 1328 5607 τὸ
1356 5558 1778 5625 συγκεχωρηκὸς
1799 5597 1814 5621 ,

228 5654 378 5707 οὕτω
411 5651 500 5703 διὰ
535 5650 754 5701 πάντων
781 5646 1061 5711 ἀνεφάνης
1086 5644 1311 5696 νικῶσα.

307 5741 391 5797 ιε’.
421 5742 499 5796 Οὐ
532 5741 641 5807 γὰρ
667 5738 825 5798 εὐθὺς
854 5738 951 5803 μὲν
976 5738 1038 5789 ἐκ
1071 5738 1211 5789 παιδί
1230 5754 1254 5797 ς
1278 5736 1526 5797 τοσοῦτος
1549 5732 1614 5805 ἦν
1635 5737 1816 5808 ἐκείνῃ

229 5839 391 5905 λόγος
427 5834 528 5903 τῆς
564 5834 620 5885 ἐν
650 5832 795 5902 ψυχῇ
835 5832 949 5883 κατ’
988 5830 1188 5899 ἀρετὴν
1227 5830 1505 5899 ἐργασίας,
1538 5831 1703 5883 ἐπειδ“
1744 5832 1807 5883 ὠν

1929 4658 2237 4716 cunctaque
2269 4651 2511 4701 membra
2542 4664 2571 4702 a
2602 4650 2776 4717 capite
2800 4664 2972 4716 usque
2996 4650 3060 4701 ad
3095 4652 3253 4718 pedes
3284 4664 3507 4702 servan-

1928 4748 2056 4792 tem.
2092 4739 2196 4791 Nec
2221 4741 2365 4791 enim
2400 4738 2564 4791 modo
2590 4739 2811 4806 quidem
2840 4739 2940 4802 sic,
2976 4740 3136 4791 modo
3162 4749 3343 4791 autem
3374 4755 3502 4803 non;

1928 4829 2009 4882 vel
2045 4830 2208 4882 modo
2239 4829 2456 4891 minus,
2487 4832 2651 4884 modo
2687 4830 2858 4898 magis
2896 4830 2973 4897 (ut
3020 4830 3346 4896 quibusdam
3386 4829 3508 4882 aliis

1928 4922 2066 4975 solet
2109 4920 2467 4989 contingere)
2511 4920 2697 4973 virtuti
2745 4919 3145 4988 consequendee
3194 4908 3505 4989 irnpendisti

1928 5022 2014 5075 te;
2048 5026 2223 5079 neque
2261 5012 2394 5077 unis]
2425 5012 2643 5080 quidem
2691 5010 2838 5064 illius
2887 5011 3175 5079 speciebus
3214 5010 3503 5075 illitﬂfSiSli,

1930 5105 2065 5157 alias
2112 5115 2294 5156 autem
2333 5102 2656 5171 neglexisti;
2704 5112 2799 5155 aut
2848 5102 2970 5156 unis
3003 5104 3349 5165 contentius,
3382 5101 3503 5155 aliis

1926 5196 2210 5249 remissius
2236 5206 2284 5248 te
2305 5194 2612 5263 applicuisti
2638 5210 2652 5259 ;
2682 5194 2775 5247 sed
2806 5208 2831 5244 a
2859 5192 3085 5257 teneris,
3111 5203 3168 5247 ut
3187 5194 3268 5247 sic
3291 5194 3501 5261 loquar,

1929 5289 2240 5358 Unguiculis
2276 5287 2525 5355 ipsisque
2555 5286 2678 5338 vita:
2710 5285 3046 5355 primordiis,
3082 5300 3255 5354 usque
3289 5286 3356 5337 ad
3386 5286 3504 5353 epi-

1928 5384 2111 5449 logum
2140 5380 2256 5449 ejus
2277 5390 2329 5432 et
2360 5388 2658 5432 extremam
2685 5390 3047 5442 senectutem,
3070 5382 3313 5433 omnium
3336 5381 3506 5437 simul

1929 5474 2227 5532 bonorum.
2278 5471 2443 5539 idque
2507 5470 2971 5524 excellent'ssimo
3029 5472 3264 5537 quodam
3316 5471 3501 5534 modo,

1927 5561 2199 5630 operatrix
2242 5559 2429 5623 fuisti,
2464 5567 2518 5612 et
2552 5560 2668 5613 sola
2707 5562 2760 5613 in
2793 5561 3048 5614 omnibus
3077 5570 3245 5628 atque
3278 5562 3345 5615 ab
3378 5575 3501 5615 om—

1929 5654 2089 5708 nibus
2119 5652 2324 5716 primas
2352 5652 2548 5706 tulisti.

1984 5742 2070 5796 15.
2113 5739 2229 5794 Non
2261 5741 2403 5795 enim
2447 5741 2535 5795 hic
2573 5740 2668 5794 tibi
2703 5742 2768 5794 ab
2811 5742 3037 5795 infantia
3088 5740 3304 5808 quidem
3340 5754 3492 5793 exer-

1927 5834 2109 5890 cendae
2134 5831 2239 5888 fuit
2279 5822 2493 5887 virtutis
2524 5818 2684 5897 ratio,
2740 5823 3022 5903 postquam
3061 5843 3242 5888 autem
3280 5830 3500 5901 alligata
