4262 6460
810 380 913 441 767

2035 383 2342 445 NICOLAI
2371 382 2761 442 CABASILIE

3914 385 4021 449 768

805 488 1152 542 matrimonio
1188 504 1248 544 es
1281 491 1506 560 ejusque
1547 492 1908 549 incommodis
1936 494 2356 554 circumcincta.

2396 491 2430 547 Α
2462 492 2692 558 μίλησας
2735 493 2898 563 γάμῳ
2931 495 3022 546 καὶ
3071 496 3182 557 τοῖς
3219 496 3427 548 ἐκεῖθεν
3456 496 3758 564 δυσχερέσι,
3796 497 3890 548 καὶ
3928 514 4019 563 μι-

806 577 874 627 ad
930 579 1204 634 modicum
1245 582 1437 637 saltem
1482 582 1676 638 laxasti
1721 586 1888 639 studii
1931 589 2356 644 contentionem:

804 681 981 734 neque
1012 685 1228 724 rursum
1256 672 1336 726 sic
1366 674 1717 729 matrimonio
1741 691 1835 729 usa
1863 691 1941 741 es,
1971 686 2029 730 ut
2063 679 2358 731 universim

805 758 1012 819 omnia,
1047 759 1265 823 liberos,
1298 762 1696 828 possessiones,
1731 764 1971 827 divitias,
2005 765 2281 835 ipsamque
2312 778 2362 820 te

805 846 1066 900 obtuleris
1110 847 1254 915 Deo,
1289 851 1341 903 in
1387 852 1654 920 religiosa:
1695 862 1875 908 autem
1923 856 2045 909 vita:
2084 856 2364 910 laboribus

805 934 1080 1001 langueris
1106 955 1120 1002 ;
1151 941 1243 994 sed
1275 952 1330 995 ut
1357 944 1540 997 omnia
1571 960 1801 1012 quorum
1840 948 2208 1012 particulatim
2244 963 2362 1002 me-

805 1027 963 1090 mini,
1006 1031 1191 1096 paucis
1225 1033 1576 1102 complectar,
1608 1050 1730 1089 cum
1769 1038 1973 1105 Optima
2005 1053 2126 1093 esse
2163 1040 2275 1107 ipsa
2310 1049 2366 1094 et

817 1116 1083 1172 videreris
1118 1123 1408 1182 omnibus.
1452 1133 1651 1177 tantam
1681 1137 1859 1180 tamen
1891 1127 2248 1182 humilitatem
2285 1139 2364 1184 te-

806 1205 1000 1272 nuisti,
1032 1221 1291 1278 quantam
1331 1230 1488 1268 nemo
1517 1230 1707 1271 eorum
1743 1220 1833 1286 qui
1869 1221 2070 1274 nullius
2098 1221 2223 1275 boni
2258 1223 2362 1276 sibi

806 1299 1012 1353 conscii
1055 1311 1220 1356 sunt:
1274 1305 1354 1357 sic
1395 1306 1564 1360 Deum
1615 1309 1888 1372 dilexisti.
1925 1321 1984 1365 ut
2031 1312 2082 1365 in
2130 1313 2196 1368 iis
2243 1329 2364 1382 quae

804 1388 1001 1454 placita
1057 1392 1158 1460 ipsi
1212 1410 1334 1449 esse
1390 1397 1599 1463 scires,
1660 1401 1896 1454 animam
1946 1419 2163 1473 quoque
2214 1417 2360 1460 tuam

801 1477 1142 1545 eil‘underes;
1181 1493 1285 1538 tam
1329 1489 1563 1554 prudens
1595 1488 1782 1551 fuisti,
1827 1501 1886 1544 ut
1929 1508 2036 1546 non
2070 1495 2247 1547 solum
2277 1497 2360 1548 di-

806 1566 990 1621 missis
1025 1570 1147 1624 aliis
1180 1573 1294 1626 sola
1328 1575 1478 1628 utilia
1513 1587 1803 1642 sectarere,
1838 1582 1930 1634 sed
1967 1583 2129 1636 etiam
2163 1600 2364 1653 cogno-

802 1670 981 1713 sceres
1010 1664 1282 1728 quomodo
1312 1680 1372 1718 ea
1397 1668 1614 1736 aggredi
1642 1679 1695 1723 et
1715 1674 1970 1740 prosequi
1995 1686 2289 1743 oporteret.

879 1747 969 1803 16.
1008 1749 1106 1804 Cui
1141 1768 1269 1805 vero
1294 1769 1357 1808 ex
1391 1757 1514 1811 aliis
1549 1761 1802 1814 omnibus
1848 1765 2074 1834 contigit
2100 1775 2206 1819 tam
2232 1784 2361 1822 exa-

2462 581 2594 648 κρδν
2627 582 2839 650 ὑφῆκας
2882 583 2974 635 τοῦ
3011 585 3138 652 περὶ
3181 586 3281 652 τὴν
3329 586 3564 654 σπουδὴν
3592 586 3746 638 τόνου
3769 603 3785 618 ·
3808 587 3920 638 οὐδ’
3953 587 4020 638 αὖ

2460 674 2552 724 τὸν
2586 674 2687 742 μὲν
2709 674 2886 741 γάμον
2922 674 3063 726 οὕτω
3085 677 3310 739 διέθετο,
3339 677 3418 739 ὡς
3449 679 3624 729 πάντα
3651 678 3906 742 καθάπαξ
3928 684 4023 732 καὶ

2462 764 2656 826 παῖδας
2687 765 2778 816 καὶ
2813 766 3061 832 κτήματα
3103 767 3198 818 καὶ⁵
3233 769 3489 836 χρήματα
3529 767 3620 818 καὶ
3657 767 3854 836 ἑαυτὴν
3889 769 4022 818 ἀνα-

2462 853 2622 918 θῆναι
2649 853 2790 922 Θεῷ,
2823 856 2879 905 έν
2906 854 2963 906 δὲ
2989 857 3098 915 τοῖς
3129 856 3338 920 ἀγῶσιν
3365 856 3424 907 οὑ
3463 855 3779 908 συνέϐαινεν
3817 858 3982 925 ἑαυτῇ
4007 873 4022 887 ⁸

2462 943 2575 996 ἀλλ’
2612 944 2698 996 ἵνα
2726 945 2864 996 κατά
2898 944 3060 1013 μέρος
3089 939 3164 998 ῶν
3197 946 3474 1014 ἐμνήσθην
3509 947 3708 1015 ἀρτίως
3737 949 3802 998 ὲν
3833 947 4028 1016 βραχεῖ

2461 1036 2733 1099 διεξέλθω,
2760 1037 2843 1098 τίς
2875 1039 2975 1104 μὲν
2997 1037 3138 1090 οὕτω
3158 1039 3229 1090 τά
3259 1037 3508 1105 βέλτιστα
3530 1039 3660 1091 πᾶσι
3678 1039 3773 1090 καὶ
3792 1038 4027 1090 δοκοῦσα

2463 1129 2556 1180 καὶ
2584 1126 2715 1179 οῦσα
2746 1129 2936 1182 ἔπειτα
2961 1127 3212 1181 τοσοῦτον
3233 1130 3327 1182 τοῦ
3361 1133 3805 1200 ταπεινοφρονεῖν
3835 1131 4029 1200 ἐποιή-

2467 1237 2599 1272 σατο
2629 1219 2806 1286 λόγον,
2835 1220 2910 1282 ὡς
2933 1221 3106 1282 οὐδεὶς
3136 1222 3245 1274 τῶν
3268 1221 3422 1274 οὐδὲν
3447 1223 3555 1273 τῶν
3580 1222 3868 1290 βελτίστων
3896 1224 4023 1274 έαυυ

2463 1314 2572 1373 τοῖς
2608 1312 2953 1377 συνειδότων;
2983 1312 3076 1373 Τίς
3101 1313 3146 1365 δ’
3175 1311 3316 1366 οὕτω
3338 1314 3468 1366 Θεδν
3500 1315 3798 1381 ὴγαπήκει,
3827 1314 3901 1373 ὡς
3933 1313 4028 1365 καὶ

2463 1401 2560 1463 τὴν
2580 1401 2754 1470 ψυχὴν
2781 1403 2949 1470 αὐτὴν
2973 1403 3154 1470 ἐκχεῖν
3177 1403 3314 1473 ὑπὲρ
3337 1405 3446 1455 τῶν
3471 1404 3664 1472 ἐκείνῳ
3683 1403 3987 1456 δοκούντων
4011 1421 4027 1467 ς

2464 1493 2558 1554 Τίς
2590 1492 2634 1544 δ’
2658 1493 2799 1545 οὕτω
2833 1494 3046 1560 φρενῶν
3069 1489 3127 1546 εὖ
3165 1490 3333 1564 ἧκεν,
3372 1494 3446 1556 ὡς
3481 1495 3554 1564 μὴ
3589 1495 3748 1561 μόνον
3777 1494 3812 1547 ἃ
3854 1511 4027 1563 προσ-

2464 1583 2596 1650 ἦκ·ν
2620 1585 2833 1637 ἑλέσθαι
2862 1588 2971 1648 τοῖς
2999 1587 3179 1648 ἀλλοις
3205 1587 3415 1656 χαίρειν
3448 1586 3734 1647 εἰποῦσαν,
3767 1587 3904 1637 ἀλλὰ
3929 1587 4026 1639 καὶ¹

2466 1677 2616 1746 παρά
2641 1678 2847 1739 πάντας
2877 1679 3071 1732 εἰδέναι
3100 1680 3247 1740 ὅπως
3273 1680 3354 1731 δεῖ
3379 1679 3536 1730 ταυτὶ
3565 1679 3806 1746 μετιέναι
3833 1695 3849 1741 ;

2537 1775 2635 1833 ις’.
2677 1766 2749 1820 Τὸ
2781 1767 2824 1820 δ’
2863 1772 2939 1829 είς
2976 1767 3149 1820 πάντα
3199 1767 3297 1836 μὲν
3341 1765 3654 1836 δικαιοσύνῃ
3703 1766 4029 1834 κεχρῆσθαι,

807 1850 950 1893 clam
982 1841 1034 1894 in
1061 1851 1168 1898 tota
1197 1845 1308 1900 vita
1335 1847 1852 1918 servarejustitiam.
1880 1865 1939 1908 ut
1960 1871 2171 1926 semper
2195 1859 2365 1915 inhae-

2396 1841 2437 1862 ν
2464 1869 2556 1917 καὶ
2584 1865 2796 1932 διαιτᾷν
2823 1862 2933 1923 τοῖς
2966 1859 3088 1913 καθ’
3117 1859 3286 1925 αὑτὴν
3313 1859 3602 1925 πράγμασι
3632 1855 3700 1930 τά
3720 1856 3928 1912 εἰκότα,
3957 1856 4033 1916 ὡς

805 1941 950 1986 reret
972 1934 1314 2000 melioribus,
1340 1941 1895 2010 animiquejudicium
1916 1962 2130 2016 semper
2159 1963 2360 2006 rectum

803 2031 1048 2083 teneret.
1089 2033 1144 2079 et
1176 2027 1305 2082 illud
1355 2030 1490 2084 adeo
1533 2033 1812 2089 immotum
1843 2053 2278 2110 generosumque
2309 2047 2361 2098 in

801 2130 931 2169 casu
955 2131 1286 2188 quocunque
1315 2124 1636 2188 custodiret,
1685 2136 1744 2180 ut
1772 2132 2083 2186 ostenderet
2105 2146 2360 2198 mentem,

805 2221 912 2258 non
947 2215 1153 2260 tantum
1190 2212 1455 2267 molestiis
1494 2215 1889 2281 incidentibus,
1939 2222 2033 2275 sed
2067 2225 2230 2278 etiam
2264 2243 2362 2282 na-

803 2307 938 2352 turae
969 2298 1181 2369 legibus
1209 2303 1581 2371 superiorem,
1619 2323 1762 2363 nunc
1789 2311 2006 2377 quidem
2043 2315 2361 2372 diuturnum

801 2402 866 2440 ac
899 2404 1034 2457 pene
1071 2391 1420 2448 immodicum
1446 2411 1574 2465 erga
1608 2397 1771 2452 tiliam
1807 2404 2044 2458 tenendo
2064 2406 2362 2473 silentium,

803 2492 951 2532 nunc
996 2495 1124 2534 vero
1180 2483 1411 2539 nimium
1467 2488 1687 2557 frigoris
1747 2492 1985 2561 algorem
2041 2497 2368 2555 tolerando?

803 2565 1065 2632 Quaenam
1112 2573 1194 2626 sic
1221 2587 1418 2629 sensus
1446 2592 1576 2633 suos
1611 2583 1988 2648 coordinavit,
2026 2595 2084 2640 ut
2113 2602 2207 2640 eos
2248 2590 2365 2656 spi-

802 2657 932 2711 ritui
966 2657 1170 2714 faceret
1205 2663 1546 2730 subservire;
1581 2669 1834 2736 spirituum
1880 2685 2058 2728 autem
2101 2676 2250 2729 humi
2283 2694 2367 2730 re-

803 2762 931 2815 pere
971 2749 1318 2820 dedignatum
1366 2771 1529 2826 supra
1573 2769 1770 2814 terram
1805 2763 2069 2830 efferens,
2115 2768 2216 2822 soli
2252 2768 2363 2824 Deo

806 2839 885 2890 sic
929 2849 986 2894 ut
1023 2841 1111 2895 illa
1158 2843 1287 2898 fecit
1331 2847 1608 2905 adhaerere
1645 2853 1876 2922 ejusque
1911 2855 2364 2916 illustrationibus

804 2930 1010 2996 perfrui
1035 2933 1058 2984 ?
1085 2933 1342 2998 Quaenam
1369 2941 1571 3008 optima
1598 2960 1830 3014 qumque
1863 2947 2004 3002 intra
2037 2952 2274 3019 seipsam
2308 2955 2361 3008 in

805 3021 976 3086 gradu
1014 3031 1122 3076 tam
1166 3029 1406 3093 perfecto
1432 3034 1717 3100 complexa
1759 3039 1882 3090 est?
1916 3039 2044 3092 Sola
2091 3043 2269 3105 enim,
2307 3054 2364 3100 ut

2461 1958 2546 2010 ἀεὶ
2572 1959 2683 2018 τοῖς
2714 1954 2984 2022 κρείττοσι
3013 1951 3280 2011 τίθεσθαι,
3307 1951 3428 2002 τότε
3456 1948 3550 2000 καὶ
3573 1947 3750 2016 ψυχῆς
3777 1950 3834 1998 ὲν
3857 1946 4032 1999 ἅπασι

2462 2048 2714 2115 φρόνημα
2741 2045 2952 2108 σώζειν,
2984 2043 3078 2094 καὶ
3098 2041 3270 2103 οὓτως
3297 2039 3508 2100 άκλινὲς
3536 2039 3630 2091 καὶ
3655 2043 3878 2102 γυναῖον
3904 2036 4034 2104 περὶ

2463 2139 2639 2192 πάντα
2675 2136 2984 2194 δεικνύναι,
3033 2132 3108 2194 ὡς
3146 2131 3220 2201 μὴ
3261 2131 3422 2200 μόνον
3467 2131 3576 2182 τῶν
3608 2129 4034 2199 συμπιπτόντων

2463 2227 2704 2296 ἀνιαρῶν
2745 2225 3024 2293 ἀνωτέραν
3063 2220 3203 2274 εἶναι
3243 2223 3354 2283 τοῖς
3402 2221 3567 2281 ὅλοις,
3605 2219 3740 2273 ἀλλὰ
3788 2220 3888 2272 καὶ
3922 2219 4035 2271 τῶν

2463 2318 2704 2386 φυσικῶν
2726 2316 2942 2381 Θεσμῶν
2967 2313 3311 2366 παντάπασιν
3343 2312 3654 2378 ὑπερσχεῖν,
3682 2311 3776 2362 καὶ
3801 2309 3899 2361 νῦν
3935 2311 4034 2378 μὲν

2462 2412 2648 2476 ἀτόπῳ
2699 2410 2794 2462 καὶ
2854 2405 3126 2473 ὑπερφυεῖ
3179 2405 3361 2471 σιωπῇ
3422 2400 3558 2469 πρὸς
3611 2401 3709 2469 τὴν
3760 2402 4036 2468 θυγατέρα

2461 2500 2784 2568 κεχρῆσθαι,
2815 2496 2910 2550 νῦν
2940 2498 2996 2550 δὲ
3023 2495 3288 2562 τοσαύτην
3313 2492 3790 2561 ὑπομεμενηκέναι
3826 2491 4034 2559 ψύχους

2464 2591 2769 2661 ὑπερὸολὴν
2791 2629 2806 2652 ,
2839 2590 2943 2642 τίνι
2975 2588 3082 2640 τῶν
3117 2586 3290 2639 ἄλλων
3318 2584 3489 2638 ταῦτα
3521 2583 3732 2653 προσῆν
3759 2598 3774 2646 ;
3809 2583 3907 2642 Τίς
3940 2582 4037 2649 μὲν

2463 2677 2555 2734 οῦν
2573 2678 2717 2730 οὕτω
2747 2677 2842 2740 τὰς
2864 2676 3144 2746 αἰσθήσεις
3169 2672 3494 2745 ρυθμήσασα
3521 2669 3598 2737 τῷ
3618 2667 3692 2737 νῷ
3719 2665 4038 2735 συμϐαίνειν

2464 2768 2892 2839 παρεσκευάκει,
2928 2766 3022 2819 καὶ
3050 2765 3238 2834 πόρῤω
3277 2763 3499 2814 πίπτειν
3526 2760 3738 2817 τούτοις
3772 2759 4035 2827 βουλομέ-

2465 2879 2555 2912 νου
2577 2879 2593 2926 ;
2615 2861 2707 2921 Τίς
2728 2859 2770 2910 δ’
2788 2859 2957 2918 οὕτως
2975 2856 3135 2907 αὑτὸν
3156 2851 3344 2906 τοῦτον
3363 2852 3631 2919 ἀνώτερον
3655 2850 3787 2918 ὕλης
3805 2849 4038 2911 τιθεῖσα,

2463 2952 2584 3014 Θεῷ
2611 2950 2756 3018 μόνῳ
2776 2947 3064 3018 προσέχειν
3096 2945 3360 3015 παρέσχε,
3388 2945 3482 2996 καὶ
3511 2940 3699 2994 τούτου
3726 2941 3803 3010 (η)
3828 2940 4040 3008 κάκρας

2466 3043 2880 3104 ἀντιποιεῖσθαι,
2901 3043 2994 3090 καὶ
3018 3039 3136 3096 ταῖς
3159 3035 3368 3088 ἐκεῖθεν
3389 3035 3601 3086 ἀκτῖσιν
3624 3032 3896 3100 ὲντρυιρᾷν
3925 3030 3996 3098 (ο)
4021 3045 4036 3092 ;

806 3110 884 3160 sic
912 3111 1124 3179 loquar,
1158 3119 1458 3183 praevaluit,
1490 3133 1715 3179 cunctas
1748 3137 2081 3197 cunctosque
2103 3148 2130 3185 a
2166 3135 2363 3187 saeculo

2396 3132 2434 3188 C
2469 3133 2565 3196 Τίς
2605 3133 2780 3185 πάντα
2820 3131 2888 3182 τά
2932 3129 3192 3184 κάλλιστα
3237 3125 3371 3194 ὁμοῦ
3415 3123 3514 3177 καὶ
3561 3122 3681 3192 μεθ’
3727 3123 4042 3192 ὑπερϐολῆς

805 3199 1020 3256 virtutis
1067 3218 1230 3257 causa
1286 3208 1592 3266 dominatos
1637 3218 1831 3282 partim
1895 3221 2124 3288 imitari,
2167 3223 2362 3292 partim

806 3303 1066 3358 superare
1092 3300 1372 3353 certando.

883 3571 968 3626 l7.
1009 3571 1223 3628 Annam
1247 3576 1464 3642 quidem
1496 3579 1643 3634 illam
1673 3597 1923 3653 magnam
1952 3590 2200 3645 audimus
2224 3596 2366 3647 mul-

806 3662 877 3716 tis
911 3663 1220 3718 decoratam
1272 3666 1440 3723 fuisse
1489 3675 1843 3742 ornamentis,
1896 3681 2193 3736 maximum
2240 3701 2368 3738 vero

715 3795 718 3797 λ
805 3755 924 3822 ejus
965 3771 1029 3810 ac
1081 3759 1228 3812 velut
1271 3761 1538 3827 colophon
1570 3774 1893 3821 cazterorum
1951 3771 2078 3834 fuit,
2106 3773 2368 3829 obtulisse

807 3845 1136 3913 Samuelem,
1152 3851 1464 3920 temploque
1480 3854 1880 3909 deserviturum
1901 3860 2198 3918 dedicasse.
2221 3865 2367 3921 llanc

809 3951 940 3990 vero
987 3937 1268 3995 Theodura
1307 3944 1492 3998 multis
1534 3961 1837 4014 praegressa
1889 3959 1976 4003 est
2017 3956 2365 4024 parasangis:

809 4032 937 4098 quia
978 4049 1086 4087 non
1118 4042 1330 4090 tantum
1356 4037 1562 4105 prolem
1586 4055 1766 4100 suam,
1800 4044 1892 4094 sed
1922 4045 2201 4110 pecunias,
2242 4062 2368 4113 pos-

809 4125 1105 4190 sessiones,
1152 4142 1216 4180 ac
1261 4142 1318 4180 se
1366 4128 1602 4195 denique
1645 4133 1818 4200 ipsam
1854 4133 1965 4186 Deo
2011 4141 2367 4192 consecravit.

811 4214 931 4279 Quo
961 4226 1140 4270 autem
1169 4218 1290 4270 loco
1314 4233 1524 4288 magna:
1548 4221 1712 4287 hujus
1741 4233 1944 4277 sauctm
1973 4239 2173 4292 agones
2199 4229 2368 4281 collo-

809 4307 962 4360 cabis
980 4317 1033 4361 et
1056 4311 1349 4362 certamina
1378 4313 1590 4379 egregia
1617 4314 1984 4382 maximaque,
2002 4332 2122 4384 quae
2147 4319 2367 4373 minime

812 4412 982 4464 pauca
1016 4397 1344 4458 exantlabat,
1373 4408 1426 4452 et
1460 4400 1511 4452 in
1553 4401 1620 4453 iis
1649 4403 1812 4454 etiam
1859 4404 2229 4458 Abrahamum
2281 4424 2368 4460 su-

813 4489 1074 4555 perabat?
1104 4489 1314 4556 Quippe
1339 4505 1457 4555 quae
1487 4506 1593 4544 non
1621 4503 1804 4547 coacta
1838 4493 1929 4547 Dei
1959 4495 2204 4564 imperio,
2230 4499 2372 4552 sicut

814 4579 922 4636 ille,
955 4579 1117 4631 filiam
1151 4593 1306 4631 suam
1335 4579 1562 4642 obtulit,
1587 4581 1681 4633 sed
1712 4591 1904 4649 sponte
1935 4598 2029 4636 sua
2058 4599 2122 4637 ac
2153 4590 2371 4653 pr0prio

812 4677 1006 4730 motu;
1041 4681 1218 4734 neque
1267 4668 1505 4720 divinam
1554 4670 1723 4738 legem
1778 4673 2021 4740 suscepit
2075 4675 2128 4726 in
2177 4676 2372 4731 tabulis

810 4757 1035 4826 lapideis
1083 4774 1204 4811 mox
1243 4759 1565 4822 confractis,
1617 4761 1710 4814 sed
1761 4763 1814 4815 in
1852 4763 2031 4816 anima
2069 4767 2368 4830 purificata,

813 4849 1070 4904 omnibus
1086 4849 1263 4902 omnis
1285 4850 1410 4902 boni
1437 4852 1714 4920 exemplar
1733 4856 2035 4921 proposuit,
2058 4871 2172 4921 non
2195 4857 2369 4908 solum

815 4938 907 4992 Dei
941 4939 1168 5007 gloriam
1214 4940 1584 5005 annuntians,
1624 4943 1716 4994 sed
1756 4945 2042 4998 universos
2075 4945 2140 4998 ad
2174 4947 2371 4999 caelum

816 5029 1140 5083 traducens:
1175 5030 1230 5082 in
1258 5044 1366 5096 quo
1398 5030 1633 5100 Moysem
1661 5049 1878 5100 quoque
1911 5035 1998 5087 illa
2025 5036 2172 5098 vicit,
2201 5037 2373 5102 siqui-

817 5117 936 5168 dem
971 5132 1076 5170 non
1124 5118 1307 5172 divisit
1351 5135 1524 5180 mare,
1553 5132 1648 5174 aut
1683 5124 1949 5176 elementa
1996 5128 2221 5178 mutavit
2248 5112 2375 5194 (hoc

814 5209 958 5259 enim
1001 5207 1068 5261 ad
1101 5212 1431 5276 pr0positum
1467 5224 1713 5266 nostrum
1751 5230 1853 5268 non
1886 5217 2061 5283 facit),
2091 5219 2183 5270 scd
2227 5219 2373 5284 quod

817 5296 909 5348 illo
931 5299 1100 5352 multo
1131 5299 1307 5367 majus
1327 5310 1427 5367 est,
1461 5302 1722 5357 adversus
1747 5305 1995 5360 horridas
2026 5323 2208 5359 eorum
2234 5318 2368 5360 tem-

819 5396 1054 5455 pestates
1082 5389 1391 5459 exindeque
1415 5393 1740 5449 exsistentes
1766 5410 2038 5451 aerumnas
2074 5398 2365 5466 plurimum

895 5610 974 5684 (η)
1041 5611 1279 5680 Eumque
1341 5618 1731 5684 perfectissime
1793 5620 2119 5675 desiderare.
2191 5623 2371 5675 Torsit

819 5695 918 5732 nos
949 5681 1476 5756 bafc_\rox,_xdi<pat;
1544 5705 1803 5756 nusquam
1861 5690 1985 5741 alibi
2054 5690 2230 5744 lecta:
2284 5692 2380 5745 de-

824 5763 969 5800 mum
1004 5749 1238 5814 iudicavi
1264 5749 1536 5810 contracte
1572 5749 1692 5825 polii
1721 5760 1869 5825 quasi
1904 5759 2042 5811 κατὰ
2083 5759 2275 5827 ἄκρας.

2470 3223 2634 3289 ἑαυτῇ
2668 3218 3005 3271 συλλαϐοῦσα
3039 3217 3198 3284 taxa;
3236 3216 3372 3282 μόνη
3403 3213 3511 3280 γὰρ
3549 3211 3623 3271 ὠς
3654 3211 3828 3262 εἰπεῖν
3856 3209 4042 3275 διαγέ-

2468 3328 2623 3378 γονεν
2649 3311 2856 3369 πάντας
2887 3310 2978 3360 καὶ
3007 3307 3183 3366 πάσας
3220 3305 3343 3364 τοὺς
3373 3304 3439 3355 ὲκ
3484 3300 3580 3352 τοῦ
3610 3301 3810 3360 παντὸς
3843 3299 4042 3360 αἰῶνος

2469 3404 2554 3454 ἐπ’
2584 3403 2751 3470 ἀρετῇ
2786 3397 3219 3466 θαυμασθέντας,
3251 3395 3376 3456 τοὺς
3401 3392 3498 3461 μὲν
3526 3390 3892 3460 μιμήσασθαι,
3915 3391 4042 3453 τοὺς

2468 3493 2514 3546 δ’
2548 3491 2950 3559 ὑπερῆαλέσθαι
2974 3485 3372 3556 φιλονεικοῦσα.

2544 3582 2630 3643 ιζ’.
2662 3582 2830 3648 Δῆλον
2855 3580 2933 3632 δέ.
2969 3581 3167 3630 ’Δνναν
3193 3571 3404 3645 μὶνζοῦν
3429 3575 3646 3642 ἐκείνην
3677 3573 3764 3640 τὴν
3797 3571 4046 3638 μεγάλην

2469 3672 2736 3738 ἀκούομεν
2765 3671 2976 3730 πολλοῖς
3004 3671 3114 3729 τοῖς
3136 3667 3442 3725 καλλίστοις
3469 3682 3525 3716 σε
3535 3664 3904 3732 μνυνομένην,
3934 3663 3962 3714 ὃ
3986 3662 4044 3714 δὲ

2475 3766 2726 3831 μέγιστον
2759 3761 2975 3812 πάντων
3012 3759 3104 3810 καὶ
3141 3757 3306 3808 οἱονεὶ
3334 3753 3580 3820 κολοφὼν
3613 3755 3672 3806 τὸ
3706 3769 4041 3822 προσενηνοο

2471 3854 2620 3924 χέναι
2668 3851 2760 3904 τὸν
2804 3851 3077 3920 Σαμουὴλ,
3124 3847 3327 3916 καὶτῷ
3373 3847 3478 3914 νεῷ
3522 3845 3930 3914 προσαναθηιαι
3966 3841 4044 3910 τῷ

2471 3943 2601 4011 θείῳ
2621 3958 2636 3974 ·
2666 3943 2699 4011 ἡ
2730 3942 2787 3992 δὲ
2822 3938 3072 3992 τοσοῦτον
3103 3937 3306 4004 ταύτην
3334 3935 3474 3986 κατὰ
3507 3933 3708 4001 πολλὴν
3738 3931 3840 3999 τὴν
3879 3948 3943 3981 πε
3956 3948 4042 3998 ρι-

2469 4033 2657 4084 ουσίαν
2701 4033 2848 4101 νικᾷ,
2885 4030 3007 4082 ὅσον
3029 4029 3088 4080 οὐ
3111 4029 3270 4097 μόνον
3291 4026 3474 4089 παῖδα,
3500 4025 3633 4078 ἀλλά
3656 4026 3743 4077 καί
3763 4025 4022 4090 κτήματα

2471 4126 2565 4176 καί
2593 4124 2869 4192 χρήματα,
2902 4119 3072 4172 ἔπειτ’
3119 4119 3210 4171 ἐπὶ
3249 4120 3383 4171 πᾶσι
3430 4117 3642 4179 τούτοις
3674 4118 3733 4168 τὸ
3783 4118 4046 4184 μέγιστον

2471 4217 2563 4270 καὶ
2615 4213 2809 4282 ἑαυτὴν
2857 4211 3119 4280 προσάγει
3152 4209 3289 4278 Θεῷ.
3340 4207 3448 4260 Ποῦ
3479 4208 3535 4259 δὲ
3564 4207 3749 4275 θήσεις
3778 4209 3903 4267 τοὺς
3944 4207 4046 4275 τῆς

2475 4304 2712 4372 μεγάλης
2740 4301 2951 4369 ἀγῶνας
2987 4311 3080 4351 καί
3109 4298 3177 4348 τὰ
3210 4298 3418 4366 μεγάλα
3451 4299 3542 4348 καὶ
3580 4296 3834 4363 ὑπερφυῆ
3870 4299 4048 4362 σκάμ-

2477 4410 2642 4461 ματα,
2671 4385 2744 4443 ῶν
2769 4390 2909 4459 (οὐκ)
2953 4389 3148 4455 ὀλίγων
3179 4388 3362 4454 ἐκείνη
3401 4386 3591 4454 μετῆν,
3625 4390 3734 4447 τοῖς
3769 4387 3954 4447 αὐτοῖς
3990 4387 4043 4436 δὲ

2396 4453 2678 4544 Ι)’τούτοι‹ς
2720 4453 2812 4534 καὶ
2860 4453 2948 4532 τον
2992 4453 3240 4546 ’Δῦραὰμ
3278 4453 3485 4530 ἐκεῖνον
3519 4474 3940 4543 ὑπερεϐάλλετο,
3997 4477 4044 4525 εἰ

2476 4578 2552 4643 μὴ
2579 4581 2718 4642 μέγα
2743 4573 2933 4635 εἰπεῖν,
2963 4573 3056 4623 καὶ
3084 4572 3186 4639 πρό
3213 4589 3274 4637 γε
3299 4571 3501 4622 τούτων
3526 4571 3615 4621 καὶ
3642 4568 3780 4636 μετὰ
3806 4568 4040 4628 τούτων,

2470 4662 2550 4726 οἷς
2581 4666 2640 4716 οὐ
2664 4665 2798 4732 πρὸς
2830 4663 3080 4730 ἀνάγκην
3110 4661 3498 4729 προσενηνὸχει
3529 4660 3618 4710 τὸν
3649 4659 3837 4718 παῖδα,
3865 4657 4042 4708 καθά-

2471 4773 2575 4823 περ
2607 4756 2833 4819 ἐκεῖνος,
2862 4753 2955 4804 τοῦ
2984 4751 3120 4804 Θεοῦ
3146 4751 3455 4810 κελεύοντος
3481 4765 3496 4780 ⁸
3531 4749 3647 4802 ἀλλ’
3680 4748 3787 4800 ἀπὸ
3817 4750 4042 4813 γνώμης

2471 4847 2770 4899 ἐθελούσιον
2803 4845 2886 4897 καὶ
2919 4844 3052 4912 πρὸς
3079 4843 3245 4910 αὐτῆς
3278 4842 3414 4909 αὐτῇ
3446 4839 3752 4908 κινηθεῖσα.
3782 4839 3896 4890 Καὶ
3931 4839 4044 4904 μὴν

2471 4938 2531 4988 οὐ
2572 4937 2734 5000 πλαξὶ
2775 4936 2999 4996 λιθίναις
3037 4933 3233 4986 αὐτίκα
3269 4931 3717 5001 συντριόομὲναις
3743 4969 3758 4992 ,
3795 4928 3929 4980 ἀλλὰ
3977 4932 4043 4997 τῇ

2471 5031 2614 5100 ψυχῇ
2649 5031 2979 5100 καθαρθείσῃ
3002 5031 3090 5080 τὸν
3110 5029 3271 5094 νόμον
3299 5026 3432 5078 Θεοῦ
3463 5025 3748 5091 δεξαμένη,
3777 5027 3872 5076 καὶ
3903 5027 4043 5074 πᾶσι

2472 5123 2821 5192 παράδειγμα
2865 5121 3029 5173 καλοῦ
3069 5119 3266 5180 παντὸς
3306 5119 3399 5169 καὶ
3425 5117 3592 5168 τύπον
3624 5116 3925 5181 προθεῖσα,
3966 5115 4044 5176 ὡς

2477 5219 2550 5285 μὴ
2578 5216 2745 5285 μόνην
2773 5215 2869 5282 τὴν
2892 5215 3047 5278 δόξαν
3071 5212 3232 5265 αὑτοῦ
3265 5210 3586 5278 διηγεῖσθαι,
3617 5209 3753 5261 ἀλλὰ
3781 5209 3876 5259 καὶ
3909 5207 4042 5257 πάν-

2473 5325 2568 5367 τας
2593 5307 2726 5373 πρὸς
2755 5306 2982 5374 οὐρανὸν
3013 5304 3352 5372 μεθιστάναι,
3383 5303 3476 5353 καὶ
3501 5302 3700 5353 Μωσέα
3724 5299 4045 5365 νενίκηκεν.

2474 5399 2534 5449 Εἰ
2560 5397 2603 5448 δ’
2635 5392 2694 5448 οῦ
2729 5397 2999 5448 θάλασσαν
3024 5394 3221 5465 διέσχε,
3255 5393 3348 5446 καὶ
3378 5395 3613 5460 στοιχεῖα
3643 5390 4046 5455 κεκαινοτόμη-

2548 5624 2621 5692 (ο)
2684 5626 3010 5685 Addebatur,
3044 5624 3164 5676 ὅσαι
3204 5616 3342 5690 ὧραι
3407 5622 3500 5671 καὶ
3569 5617 3864 5670 συνελιέντα
3932 5617 4050 5682 φά-

2488 5713 2573 5747 ναι
2608 5713 2622 5748 :
2659 5696 2813 5764 cujus
2851 5696 3063 5763 phrasis
3097 5695 3198 5746 vim
3238 5692 3468 5745 necdum
3504 5702 3777 5754 assequar.
