  <div class='ocr_page' id='page_1' title='image "/cluster/home/n/w/nwhite01/storage/ocr_20150623/150/nnc1.0022106740/396.png"; bbox 0 0 4262 6460; ppageno 0'>
   <div class='ocr_carea' id='block_1_1' title="bbox 275 387 384 449">
    <p class='ocr_par' dir='ltr' id='par_1_1' title="bbox 275 387 384 449">
     <span class='ocr_line' id='line_1_1' title="bbox 275 387 384 449; baseline 0.018 -2"><span class='ocrx_word' id='word_1_1' title='bbox 275 387 384 449; x_wconf 82' lang='lat'><strong>769</strong></span> 
     </span>
    </p>
   </div>
   <div class='ocr_carea' id='block_1_2' title="bbox 1528 388 2310 452">
    <p class='ocr_par' dir='ltr' id='par_1_2' title="bbox 1528 388 2310 452">
     <span class='ocr_line' id='line_1_2' title="bbox 1528 388 2310 452; baseline 0 0"><span class='ocrx_word' id='word_1_2' title='bbox 1528 388 1703 452; x_wconf 82' lang='lat' dir='ltr'><strong>VITA</strong></span> <span class='ocrx_word' id='word_1_3' title='bbox 1743 390 1806 450; x_wconf 91' lang='lat' dir='ltr'><strong>S.</strong></span> <span class='ocrx_word' id='word_1_4' title='bbox 1849 390 2310 452; x_wconf 61' lang='lat' dir='ltr'><strong>THEODORAS.</strong></span> 
     </span>
    </p>
   </div>
   <div class='ocr_carea' id='block_1_3' title="bbox 3428 393 3535 459">
    <p class='ocr_par' dir='ltr' id='par_1_3' title="bbox 3428 393 3535 459">
     <span class='ocr_line' id='line_1_3' title="bbox 3428 393 3535 459; baseline 0.019 -2"><span class='ocrx_word' id='word_1_5' title='bbox 3428 393 3535 459; x_wconf 82' lang='lat'><strong>770</strong></span> 
     </span>
    </p>
   </div>
   <div class='ocr_carea' id='block_1_4' title="bbox 277 500 1960 580">
    <p class='ocr_par' dir='ltr' id='par_1_4' title="bbox 277 500 1939 573">
     <span class='ocr_line' id='line_1_4' title="bbox 277 500 1939 573; baseline 0.003 -22"><span class='ocrx_word' id='word_1_6' title='bbox 277 517 398 563; x_wconf 85' lang='grc' dir='ltr'>κεν,</span> <span class='ocrx_word' id='word_1_7' title='bbox 426 500 577 553; x_wconf 70' lang='grc' dir='ltr'>οὐδὲν</span> <span class='ocrx_word' id='word_1_8' title='bbox 606 500 741 571; x_wconf 83' lang='grc' dir='ltr'>πρὸς</span> <span class='ocrx_word' id='word_1_9' title='bbox 771 502 861 554; x_wconf 73' lang='grc' dir='ltr'><strong>τὸν</strong></span> <span class='ocrx_word' id='word_1_10' title='bbox 890 503 1049 570; x_wconf 90' lang='grc' dir='ltr'>λόγον</span> <span class='ocrx_word' id='word_1_11' title='bbox 1070 518 1081 532; x_wconf 89' lang='grc'>·</span> <span class='ocrx_word' id='word_1_12' title='bbox 1110 502 1139 555; x_wconf 85' lang='grc' dir='ltr'><strong>ὃ</strong></span> <span class='ocrx_word' id='word_1_13' title='bbox 1170 501 1277 571; x_wconf 82' lang='grc' dir='ltr'><strong>γὰρ</strong></span> <span class='ocrx_word' id='word_1_14' title='bbox 1307 502 1496 556; x_wconf 90' lang='grc' dir='ltr'>τούτου</span> <span class='ocrx_word' id='word_1_15' title='bbox 1533 503 1713 572; x_wconf 86' lang='grc' dir='ltr'>πολλῷ</span> <span class='ocrx_word' id='word_1_16' title='bbox 1746 506 1865 572; x_wconf 84' lang='grc' dir='ltr'>μεῖ-</span> <span class='ocrx_word' id='word_1_17' title='bbox 1892 517 1939 573; x_wconf 73' lang='grc' dir='ltr'><strong>Α</strong></span> 
     </span>
    </p>
   </div>
   <div class='ocr_carea' id='block_1_5' title="bbox 1853 500 3536 580">
    <p class='ocr_par' dir='ltr' id='par_1_5' title="bbox 1853 504 3536 580">
     <span class='ocr_line' id='line_1_5' title="bbox 1853 504 3536 580; baseline 0.007 -25"><span class='ocrx_word' id='word_1_18' title='bbox 1853 532 1865 544; x_wconf 88' lang='grc'><strong>-</strong></span> <span class='ocrx_word' id='word_1_19' title='bbox 1892 517 1939 573; x_wconf 72' lang='grc' dir='ltr'><strong>Α</strong></span> <span class='ocrx_word' id='word_1_20' title='bbox 1970 505 2291 571; x_wconf 83' lang='lat' dir='ltr'><strong>decertavit,</strong></span> <span class='ocrx_word' id='word_1_21' title='bbox 2314 515 2374 559; x_wconf 92' lang='lat' dir='ltr'><strong>ut</strong></span> <span class='ocrx_word' id='word_1_22' title='bbox 2398 504 2721 562; x_wconf 82' lang='lat' dir='ltr'><strong>admirabile</strong></span> <span class='ocrx_word' id='word_1_23' title='bbox 2748 504 2919 576; x_wconf 86' lang='lat' dir='ltr'><strong>ipsius</strong></span> <span class='ocrx_word' id='word_1_24' title='bbox 2937 504 3218 561; x_wconf 88' lang='lat' dir='ltr'><strong>silentium</strong></span> <span class='ocrx_word' id='word_1_25' title='bbox 3244 506 3536 580; x_wconf 85' lang='lat' dir='ltr'><strong>ipsumque</strong></span> 
     </span>
    </p>
   </div>
   <div class='ocr_carea' id='block_1_6' title="bbox 277 589 1858 663">
    <p class='ocr_par' dir='ltr' id='par_1_6' title="bbox 277 589 1858 663">
     <span class='ocr_line' id='line_1_6' title="bbox 277 589 1858 663; baseline 0.003 -23"><span class='ocrx_word' id='word_1_26' title='bbox 277 589 406 652; x_wconf 79' lang='grc' dir='ltr'><strong>ζον.</strong></span> <span class='ocrx_word' id='word_1_27' title='bbox 440 592 578 661; x_wconf 78' lang='grc' dir='ltr'>πρὸς</span> <span class='ocrx_word' id='word_1_28' title='bbox 611 591 802 663; x_wconf 78' lang='grc' dir='ltr'>ἄγριον</span> <span class='ocrx_word' id='word_1_29' title='bbox 841 597 1046 646; x_wconf 85' lang='grc' dir='ltr'>τούτων</span> <span class='ocrx_word' id='word_1_30' title='bbox 1090 594 1332 663; x_wconf 87' lang='grc' dir='ltr'>χειμῶνα</span> <span class='ocrx_word' id='word_1_31' title='bbox 1360 594 1456 648; x_wconf 82' lang='grc' dir='ltr'>καὶ</span> <span class='ocrx_word' id='word_1_32' title='bbox 1481 594 1580 662; x_wconf 78' lang='grc' dir='ltr'><strong>τὴν</strong></span> <span class='ocrx_word' id='word_1_33' title='bbox 1606 594 1858 647; x_wconf 62' lang='grc' dir='ltr'>ἐντεῦθεν</span> 
     </span>
    </p>
   </div>
   <div class='ocr_carea' id='block_1_7' title="bbox 1966 597 2770 667">
    <p class='ocr_par' dir='ltr' id='par_1_7' title="bbox 1966 597 2770 667">
     <span class='ocr_line' id='line_1_7' title="bbox 1966 597 2770 667; baseline 0.005 -19"><span class='ocrx_word' id='word_1_34' title='bbox 1966 597 2223 650; x_wconf 88' lang='lat' dir='ltr'><strong>comitata</strong></span> <span class='ocrx_word' id='word_1_35' title='bbox 2260 597 2502 667; x_wconf 89' lang='lat' dir='ltr'><strong>prodigia</strong></span> <span class='ocrx_word' id='word_1_36' title='bbox 2540 606 2770 652; x_wconf 89' lang='lat' dir='ltr'><strong>taceam.</strong></span> 
     </span>
    </p>
   </div>
   <div class='ocr_carea' id='block_1_8' title="bbox 278 683 3537 766">
    <p class='ocr_par' dir='ltr' id='par_1_8' title="bbox 278 683 3537 766">
     <span class='ocr_line' id='line_1_8' title="bbox 278 683 3537 766; baseline 0.005 -33"><span class='ocrx_word' id='word_1_37' title='bbox 278 683 532 751; x_wconf 81' lang='grc' dir='ltr'>ἀνάγκην</span> <span class='ocrx_word' id='word_1_38' title='bbox 574 685 715 754; x_wconf 79' lang='grc' dir='ltr'>μετὰ</span> <span class='ocrx_word' id='word_1_39' title='bbox 760 685 957 739; x_wconf 90' lang='grc' dir='ltr'>πολλοῦ</span> <span class='ocrx_word' id='word_1_40' title='bbox 998 686 1091 739; x_wconf 84' lang='grc' dir='ltr'><strong>τοῦ</strong></span> <span class='ocrx_word' id='word_1_41' title='bbox 1136 688 1418 757; x_wconf 83' lang='grc' dir='ltr'><strong>περιόντος</strong></span> <span class='ocrx_word' id='word_1_42' title='bbox 1449 687 1859 757; x_wconf 80' lang='grc' dir='ltr'>ἁπεμαχέσατο.</span> <span class='ocrx_word' id='word_1_43' title='bbox 1901 688 2010 740; x_wconf 78' lang='grc' dir='ltr'><strong>Καὶ</strong></span> <span class='ocrx_word' id='word_1_44' title='bbox 2054 695 2242 745; x_wconf 82' lang='grc' dir='ltr'>σιωπῶ</span> <span class='ocrx_word' id='word_1_45' title='bbox 2282 692 2379 762; x_wconf 84' lang='grc' dir='ltr'>τὴν</span> <span class='ocrx_word' id='word_1_46' title='bbox 2420 694 2672 761; x_wconf 81' lang='grc' dir='ltr'>ὑπερφυῇ</span> <span class='ocrx_word' id='word_1_47' title='bbox 2712 692 2955 766; x_wconf 79' lang='grc' dir='ltr'>σιωπὴν,</span> <span class='ocrx_word' id='word_1_48' title='bbox 3008 693 3105 747; x_wconf 76' lang='grc' dir='ltr'>καὶ</span> <span class='ocrx_word' id='word_1_49' title='bbox 3180 690 3299 763; x_wconf 74' lang='grc' dir='ltr'>μετ’</span> <span class='ocrx_word' id='word_1_50' title='bbox 3368 696 3537 765; x_wconf 83' lang='grc' dir='ltr'>αὐτὴν</span> 
     </span>
    </p>
   </div>
   <div class='ocr_carea' id='block_1_9' title="bbox 280 776 572 844">
    <p class='ocr_par' dir='ltr' id='par_1_9' title="bbox 280 776 572 844">
     <span class='ocr_line' id='line_1_9' title="bbox 280 776 572 844; baseline 0.014 -19"><span class='ocrx_word' id='word_1_51' title='bbox 280 776 572 844; x_wconf 83' lang='grc' dir='ltr'><strong>τεράστια.</strong></span> 
     </span>
    </p>
   </div>
   <div class='ocr_carea' id='block_1_10' title="bbox 358 870 1867 947">
    <p class='ocr_par' dir='ltr' id='par_1_10' title="bbox 358 870 1867 947">
     <span class='ocr_line' id='line_1_10' title="bbox 358 870 1867 947; baseline 0.003 -24"><span class='ocrx_word' id='word_1_52' title='bbox 358 879 450 940; x_wconf 86' lang='grc' dir='ltr'>ιη’.</span> <span class='ocrx_word' id='word_1_53' title='bbox 496 870 616 925; x_wconf 83' lang='grc' dir='ltr'><strong>’1ὼό</strong></span> <span class='ocrx_word' id='word_1_54' title='bbox 645 874 744 943; x_wconf 78' lang='grc' dir='ltr'>τὴν</span> <span class='ocrx_word' id='word_1_55' title='bbox 777 877 906 945; x_wconf 74' lang='grc' dir='ltr'>περὶ</span> <span class='ocrx_word' id='word_1_56' title='bbox 932 876 999 929; x_wconf 78' lang='grc' dir='ltr'>τὰ</span> <span class='ocrx_word' id='word_1_57' title='bbox 1029 875 1177 930; x_wconf 82' lang='grc' dir='ltr'>δεινὰ</span> <span class='ocrx_word' id='word_1_58' title='bbox 1211 877 1506 946; x_wconf 79' lang='grc' dir='ltr'><strong>καρτερίαν</strong></span> <span class='ocrx_word' id='word_1_59' title='bbox 1540 876 1867 947; x_wconf 80' lang='grc' dir='ltr'><strong>θαυμάσασα</strong></span> 
     </span>
    </p>
   </div>
   <div class='ocr_carea' id='block_1_11' title="bbox 282 962 1870 1037">
    <p class='ocr_par' dir='ltr' id='par_1_11' title="bbox 282 962 1870 1037">
     <span class='ocr_line' id='line_1_11' title="bbox 282 962 1870 1037; baseline 0.006 -25"><span class='ocrx_word' id='word_1_60' title='bbox 282 962 542 1015; x_wconf 88' lang='grc' dir='ltr'>τοσοῦτον</span> <span class='ocrx_word' id='word_1_61' title='bbox 579 965 999 1033; x_wconf 77' lang='grc' dir='ltr'>ὑπερεϐάλλετο,</span> <span class='ocrx_word' id='word_1_62' title='bbox 1032 968 1154 1019; x_wconf 82' lang='grc' dir='ltr'>ὅσον</span> <span class='ocrx_word' id='word_1_63' title='bbox 1179 968 1207 1019; x_wconf 85' lang='grc' dir='ltr'>ὁ</span> <span class='ocrx_word' id='word_1_64' title='bbox 1237 968 1335 1036; x_wconf 80' lang='grc' dir='ltr'>μὲν</span> <span class='ocrx_word' id='word_1_65' title='bbox 1362 967 1455 1019; x_wconf 75' lang='grc' dir='ltr'><strong>ἐπὶ</strong></span> <span class='ocrx_word' id='word_1_66' title='bbox 1492 968 1721 1036; x_wconf 78' lang='grc' dir='ltr'>σμικρὸν</span> <span class='ocrx_word' id='word_1_67' title='bbox 1742 968 1870 1037; x_wconf 80' lang='grc' dir='ltr'>χρό-</span> 
     </span>
    </p>
   </div>
   <div class='ocr_carea' id='block_1_12' title="bbox 283 1054 1870 1130">
    <p class='ocr_par' dir='ltr' id='par_1_12' title="bbox 283 1054 1870 1130">
     <span class='ocr_line' id='line_1_12' title="bbox 283 1054 1870 1130; baseline 0.006 -27"><span class='ocrx_word' id='word_1_68' title='bbox 283 1069 397 1118; x_wconf 91' lang='grc' dir='ltr'>νον,</span> <span class='ocrx_word' id='word_1_69' title='bbox 436 1056 470 1124; x_wconf 77' lang='grc' dir='ltr'>ὴ</span> <span class='ocrx_word' id='word_1_70' title='bbox 512 1054 568 1107; x_wconf 83' lang='grc' dir='ltr'><strong>δὲ</strong></span> <span class='ocrx_word' id='word_1_71' title='bbox 599 1054 685 1107; x_wconf 77' lang='grc' dir='ltr'><strong>διὰ</strong></span> <span class='ocrx_word' id='word_1_72' title='bbox 723 1056 841 1126; x_wconf 84' lang='grc' dir='ltr'>βίου</span> <span class='ocrx_word' id='word_1_73' title='bbox 882 1058 1083 1120; x_wconf 83' lang='grc' dir='ltr'>παντὸς</span> <span class='ocrx_word' id='word_1_74' title='bbox 1121 1060 1326 1128; x_wconf 87' lang='grc' dir='ltr'>ταύτην</span> <span class='ocrx_word' id='word_1_75' title='bbox 1373 1060 1739 1130; x_wconf 82' lang='grc' dir='ltr'>κατώρθωσε,</span> <span class='ocrx_word' id='word_1_76' title='bbox 1778 1062 1870 1113; x_wconf 71' lang='grc' dir='ltr'>καὶ</span> 
     </span>
    </p>
   </div>
   <div class='ocr_carea' id='block_1_13' title="bbox 280 1140 1869 1219">
    <p class='ocr_par' dir='ltr' id='par_1_13' title="bbox 280 1140 1869 1219">
     <span class='ocr_line' id='line_1_13' title="bbox 280 1140 1869 1219; baseline 0.006 -27"><span class='ocrx_word' id='word_1_77' title='bbox 280 1144 513 1212; x_wconf 77' lang='grc' dir='ltr'><strong>προσέτι</strong></span> <span class='ocrx_word' id='word_1_78' title='bbox 535 1161 549 1176; x_wconf 91' lang='grc'><strong>·</strong></span> <span class='ocrx_word' id='word_1_79' title='bbox 590 1147 683 1198; x_wconf 77' lang='grc' dir='ltr'>καὶ</span> <span class='ocrx_word' id='word_1_80' title='bbox 728 1140 804 1201; x_wconf 85' lang='grc' dir='ltr'>ὧν</span> <span class='ocrx_word' id='word_1_81' title='bbox 835 1149 1040 1211; x_wconf 69' lang='grc' dir='ltr'>ἐκεῖνος</span> <span class='ocrx_word' id='word_1_82' title='bbox 1071 1149 1168 1217; x_wconf 85' lang='grc' dir='ltr'>οὐχ</span> <span class='ocrx_word' id='word_1_83' title='bbox 1214 1147 1356 1201; x_wconf 79' lang='grc' dir='ltr'>ἑκὼν</span> <span class='ocrx_word' id='word_1_84' title='bbox 1389 1150 1701 1219; x_wconf 76' lang='grc' dir='ltr'><strong>ἐγυμνώθη,</strong></span> <span class='ocrx_word' id='word_1_85' title='bbox 1741 1150 1869 1202; x_wconf 90' lang='grc' dir='ltr'>τού-</span> 
     </span>
    </p>
   </div>
   <div class='ocr_carea' id='block_1_14' title="bbox 278 1234 1869 1311">
    <p class='ocr_par' dir='ltr' id='par_1_14' title="bbox 278 1234 1869 1311">
     <span class='ocr_line' id='line_1_14' title="bbox 278 1234 1869 1311; baseline 0.006 -26"><span class='ocrx_word' id='word_1_86' title='bbox 278 1250 393 1286; x_wconf 83' lang='grc' dir='ltr'><strong>των</strong></span> <span class='ocrx_word' id='word_1_87' title='bbox 426 1234 639 1306; x_wconf 79' lang='grc' dir='ltr'><strong>ἀπέστη</strong></span> <span class='ocrx_word' id='word_1_88' title='bbox 672 1240 783 1301; x_wconf 85' lang='grc' dir='ltr'>τοῖς</span> <span class='ocrx_word' id='word_1_89' title='bbox 814 1240 1007 1308; x_wconf 86' lang='grc' dir='ltr'>πένησι</span> <span class='ocrx_word' id='word_1_90' title='bbox 1040 1239 1313 1311; x_wconf 86' lang='grc' dir='ltr'>Θεοδώρα,</span> <span class='ocrx_word' id='word_1_91' title='bbox 1346 1240 1571 1310; x_wconf 79' lang='grc' dir='ltr'>μηδενὸς</span> <span class='ocrx_word' id='word_1_92' title='bbox 1599 1240 1750 1303; x_wconf 78' lang='grc' dir='ltr'>ὄντος</span> <span class='ocrx_word' id='word_1_93' title='bbox 1778 1242 1869 1294; x_wconf 90' lang='grc' dir='ltr'><strong>τοῦ</strong></span> 
     </span>
    </p>
   </div>
   <div class='ocr_carea' id='block_1_15' title="bbox 278 1321 1870 1400">
    <p class='ocr_par' dir='ltr' id='par_1_15' title="bbox 278 1321 1870 1400">
     <span class='ocr_line' id='line_1_15' title="bbox 278 1321 1870 1400; baseline 0.006 -27"><span class='ocrx_word' id='word_1_94' title='bbox 278 1321 628 1393; x_wconf 78' lang='grc' dir='ltr'>βιαζομένου.</span> <span class='ocrx_word' id='word_1_95' title='bbox 668 1325 850 1380; x_wconf 78' lang='grc' dir='ltr'>Ἠλίου</span> <span class='ocrx_word' id='word_1_96' title='bbox 881 1331 980 1399; x_wconf 83' lang='grc' dir='ltr'>τὴν</span> <span class='ocrx_word' id='word_1_97' title='bbox 1006 1330 1241 1400; x_wconf 79' lang='grc' dir='ltr'>ἐρημίαν</span> <span class='ocrx_word' id='word_1_98' title='bbox 1268 1331 1359 1383; x_wconf 79' lang='grc' dir='ltr'>καὶ</span> <span class='ocrx_word' id='word_1_99' title='bbox 1388 1331 1485 1400; x_wconf 81' lang='grc' dir='ltr'><strong>τὴν</strong></span> <span class='ocrx_word' id='word_1_100' title='bbox 1515 1330 1761 1383; x_wconf 80' lang='grc' dir='ltr'>ἐντεῦθεν</span> <span class='ocrx_word' id='word_1_101' title='bbox 1782 1347 1870 1398; x_wconf 86' lang='grc' dir='ltr'>φι-</span> 
     </span>
    </p>
   </div>
   <div class='ocr_carea' id='block_1_16' title="bbox 276 1411 1865 1488">
    <p class='ocr_par' dir='ltr' id='par_1_16' title="bbox 276 1411 1865 1488">
     <span class='ocr_line' id='line_1_16' title="bbox 276 1411 1865 1488; baseline 0.006 -25"><span class='ocrx_word' id='word_1_102' title='bbox 276 1411 545 1480; x_wconf 77' lang='grc' dir='ltr'>λοσοφίαν</span> <span class='ocrx_word' id='word_1_103' title='bbox 588 1417 798 1484; x_wconf 80' lang='grc' dir='ltr'>μεταξὺ</span> <span class='ocrx_word' id='word_1_104' title='bbox 832 1419 1043 1471; x_wconf 83' lang='grc' dir='ltr'>πολλῶν</span> <span class='ocrx_word' id='word_1_105' title='bbox 1074 1419 1449 1488; x_wconf 81' lang='grc' dir='ltr'>κατωρθώκει,</span> <span class='ocrx_word' id='word_1_106' title='bbox 1482 1419 1557 1482; x_wconf 83' lang='grc' dir='ltr'><strong>ὡς</strong></span> <span class='ocrx_word' id='word_1_107' title='bbox 1598 1424 1691 1472; x_wconf 78' lang='grc' dir='ltr'>καὶ</span> <span class='ocrx_word' id='word_1_108' title='bbox 1724 1423 1865 1473; x_wconf 78' lang='grc' dir='ltr'>κατὰ</span> 
     </span>
    </p>
   </div>
   <div class='ocr_carea' id='block_1_17' title="bbox 271 1505 1858 1581">
    <p class='ocr_par' dir='ltr' id='par_1_17' title="bbox 271 1505 1858 1581">
     <span class='ocr_line' id='line_1_17' title="bbox 271 1505 1858 1581; baseline 0.003 -23"><span class='ocrx_word' id='word_1_109' title='bbox 271 1505 370 1558; x_wconf 77' lang='grc' dir='ltr'><strong>τὸν</strong></span> <span class='ocrx_word' id='word_1_110' title='bbox 403 1506 572 1559; x_wconf 75' lang='grc' dir='ltr'><strong>Δαὸὶδ</strong></span> <span class='ocrx_word' id='word_1_111' title='bbox 614 1508 794 1577; x_wconf 84' lang='grc' dir='ltr'>λέγειν</span> <span class='ocrx_word' id='word_1_112' title='bbox 832 1510 1012 1579; x_wconf 82' lang='grc' dir='ltr'>ἔχειν,</span> <span class='ocrx_word' id='word_1_113' title='bbox 1064 1529 1083 1563; x_wconf 76' lang='grc' dir='ltr'><strong>ι</strong></span> <span class='ocrx_word' id='word_1_114' title='bbox 1134 1513 1461 1581; x_wconf 78' lang='grc' dir='ltr'>Καταμόνας</span> <span class='ocrx_word' id='word_1_115' title='bbox 1499 1514 1616 1581; x_wconf 85' lang='grc' dir='ltr'>είμὶ</span> <span class='ocrx_word' id='word_1_116' title='bbox 1668 1512 1797 1578; x_wconf 71' lang='grc' dir='ltr'><strong>ἐγώ.</strong></span> <span class='ocrx_word' id='word_1_117' title='bbox 1838 1530 1858 1563; x_wconf 75' lang='grc' dir='ltr'><strong>ι</strong></span> 
     </span>
    </p>
   </div>
   <div class='ocr_carea' id='block_1_18' title="bbox 290 1594 1864 1671">
    <p class='ocr_par' dir='ltr' id='par_1_18' title="bbox 290 1594 1864 1671">
     <span class='ocr_line' id='line_1_18' title="bbox 290 1594 1864 1671; baseline 0.006 -25"><span class='ocrx_word' id='word_1_118' title='bbox 290 1594 433 1647; x_wconf 79' lang='grc' dir='ltr'>Ἀλλ’</span> <span class='ocrx_word' id='word_1_119' title='bbox 461 1598 521 1649; x_wconf 84' lang='grc' dir='ltr'><strong>ού</strong></span> <span class='ocrx_word' id='word_1_120' title='bbox 565 1600 838 1671; x_wconf 82' lang='grc' dir='ltr'>κεκήρυξε</span> <span class='ocrx_word' id='word_1_121' title='bbox 873 1603 972 1671; x_wconf 78' lang='grc' dir='ltr'>μὲν</span> <span class='ocrx_word' id='word_1_122' title='bbox 1018 1602 1211 1670; x_wconf 81' lang='grc' dir='ltr'>Ἀμνὸν</span> <span class='ocrx_word' id='word_1_123' title='bbox 1253 1603 1347 1655; x_wconf 87' lang='grc' dir='ltr'><strong>τοῦ</strong></span> <span class='ocrx_word' id='word_1_124' title='bbox 1379 1602 1515 1655; x_wconf 83' lang='grc' dir='ltr'><strong>Θεοῦ</strong></span> <span class='ocrx_word' id='word_1_125' title='bbox 1540 1641 1555 1664; x_wconf 85' lang='grc'><strong>,</strong></span> <span class='ocrx_word' id='word_1_126' title='bbox 1594 1605 1733 1655; x_wconf 76' lang='grc' dir='ltr'>κατὰ</span> <span class='ocrx_word' id='word_1_127' title='bbox 1773 1603 1864 1656; x_wconf 78' lang='grc' dir='ltr'>τὸν</span> 
     </span>
    </p>
   </div>
   <div class='ocr_carea' id='block_1_19' title="bbox 290 1684 1867 1762">
    <p class='ocr_par' dir='ltr' id='par_1_19' title="bbox 290 1684 1867 1762">
     <span class='ocr_line' id='line_1_19' title="bbox 290 1684 1867 1762; baseline 0.015 -28"><span class='ocrx_word' id='word_1_128' title='bbox 290 1684 549 1756; x_wconf 83' lang='grc' dir='ltr'>Ἰωάννην</span> <span class='ocrx_word' id='word_1_129' title='bbox 568 1704 582 1718; x_wconf 90' lang='grc'><strong>·</strong></span> <span class='ocrx_word' id='word_1_130' title='bbox 613 1689 715 1757; x_wconf 81' lang='grc' dir='ltr'><strong>τὴν</strong></span> <span class='ocrx_word' id='word_1_131' title='bbox 738 1691 794 1742; x_wconf 87' lang='grc' dir='ltr'>όὲ</span> <span class='ocrx_word' id='word_1_132' title='bbox 816 1692 1029 1744; x_wconf 78' lang='grc' dir='ltr'>ἐκείνου</span> <span class='ocrx_word' id='word_1_133' title='bbox 1058 1693 1383 1761; x_wconf 79' lang='grc' dir='ltr'>φιλοσοφίαν</span> <span class='ocrx_word' id='word_1_134' title='bbox 1407 1695 1482 1762; x_wconf 81' lang='grc' dir='ltr'><strong>(ρ)</strong></span> <span class='ocrx_word' id='word_1_135' title='bbox 1513 1695 1565 1744; x_wconf 86' lang='grc' dir='ltr'><strong>εί</strong></span> <span class='ocrx_word' id='word_1_136' title='bbox 1588 1710 1670 1755; x_wconf 87' lang='grc' dir='ltr'><strong>τις</strong></span> <span class='ocrx_word' id='word_1_137' title='bbox 1697 1711 1867 1762; x_wconf 80' lang='grc' dir='ltr'>μιμη-</span> 
     </span>
    </p>
   </div>
   <div class='ocr_carea' id='block_1_20' title="bbox 276 1778 1865 1852">
    <p class='ocr_par' dir='ltr' id='par_1_20' title="bbox 276 1778 1865 1852">
     <span class='ocr_line' id='line_1_20' title="bbox 276 1778 1865 1852; baseline 0.008 -26"><span class='ocrx_word' id='word_1_138' title='bbox 276 1778 494 1847; x_wconf 78' lang='grc' dir='ltr'>σαμένη</span> <span class='ocrx_word' id='word_1_139' title='bbox 528 1779 747 1844; x_wconf 80' lang='grc' dir='ltr'>ἐδέξατο</span> <span class='ocrx_word' id='word_1_140' title='bbox 770 1780 981 1847; x_wconf 87' lang='grc' dir='ltr'>τοῦτον,</span> <span class='ocrx_word' id='word_1_141' title='bbox 1012 1784 1106 1837; x_wconf 79' lang='grc' dir='ltr'>καὶ</span> <span class='ocrx_word' id='word_1_142' title='bbox 1134 1783 1269 1846; x_wconf 87' lang='grc' dir='ltr'>νεὼς</span> <span class='ocrx_word' id='word_1_143' title='bbox 1297 1785 1511 1852; x_wconf 81' lang='grc' dir='ltr'>ἐγένετο</span> <span class='ocrx_word' id='word_1_144' title='bbox 1535 1784 1696 1849; x_wconf 88' lang='grc' dir='ltr'>θεῖος,</span> <span class='ocrx_word' id='word_1_145' title='bbox 1724 1786 1752 1837; x_wconf 82' lang='grc' dir='ltr'><strong>ὃ</strong></span> <span class='ocrx_word' id='word_1_146' title='bbox 1772 1787 1865 1839; x_wconf 88' lang='grc' dir='ltr'><strong>τοῦ</strong></span> 
     </span>
    </p>
   </div>
   <div class='ocr_carea' id='block_1_21' title="bbox 277 1868 1866 1946">
    <p class='ocr_par' dir='ltr' id='par_1_21' title="bbox 277 1868 1866 1946">
     <span class='ocr_line' id='line_1_21' title="bbox 277 1868 1866 1946; baseline 0.009 -29"><span class='ocrx_word' id='word_1_147' title='bbox 277 1868 519 1937; x_wconf 77' lang='grc' dir='ltr'>κηρύξαι</span> <span class='ocrx_word' id='word_1_148' title='bbox 550 1872 698 1925; x_wconf 78' lang='grc' dir='ltr'>οὐδὲν</span> <span class='ocrx_word' id='word_1_149' title='bbox 750 1874 971 1926; x_wconf 88' lang='grc' dir='ltr'>ἔλαττον</span> <span class='ocrx_word' id='word_1_150' title='bbox 1000 1873 1074 1936; x_wconf 87' lang='grc' dir='ltr'>ὥς</span> <span class='ocrx_word' id='word_1_151' title='bbox 1105 1876 1157 1943; x_wconf 88' lang='grc' dir='ltr'>γ’</span> <span class='ocrx_word' id='word_1_152' title='bbox 1184 1876 1295 1943; x_wconf 75' lang='grc' dir='ltr'><strong>ἐγὼ</strong></span> <span class='ocrx_word' id='word_1_153' title='bbox 1356 1875 1578 1946; x_wconf 77' lang='grc' dir='ltr'>νομίζω.</span> <span class='ocrx_word' id='word_1_154' title='bbox 1607 1877 1668 1929; x_wconf 89' lang='grc' dir='ltr'><strong>Εί</strong></span> <span class='ocrx_word' id='word_1_155' title='bbox 1697 1876 1751 1928; x_wconf 85' lang='grc' dir='ltr'><strong>δὲ</strong></span> <span class='ocrx_word' id='word_1_156' title='bbox 1789 1878 1866 1945; x_wconf 82' lang='grc' dir='ltr'>μὴ</span> 
     </span>
    </p>
   </div>
   <div class='ocr_carea' id='block_1_22' title="bbox 276 1965 1865 2039">
    <p class='ocr_par' dir='ltr' id='par_1_22' title="bbox 276 1965 1865 2039">
     <span class='ocr_line' id='line_1_22' title="bbox 276 1965 1865 2039; baseline 0.006 -26"><span class='ocrx_word' id='word_1_157' title='bbox 276 1965 376 2014; x_wconf 79' lang='grc' dir='ltr'>καὶ</span> <span class='ocrx_word' id='word_1_158' title='bbox 430 1966 567 2016; x_wconf 66' lang='grc' dir='ltr'>κατὰ</span> <span class='ocrx_word' id='word_1_159' title='bbox 605 1968 733 2029; x_wconf 77' lang='grc' dir='ltr'>τοὺς</span> <span class='ocrx_word' id='word_1_160' title='bbox 784 1968 1117 2031; x_wconf 82' lang='grc' dir='ltr'>ἀποστόλους</span> <span class='ocrx_word' id='word_1_161' title='bbox 1169 1970 1348 2023; x_wconf 81' lang='grc' dir='ltr'>πᾶσαν</span> <span class='ocrx_word' id='word_1_162' title='bbox 1394 1970 1492 2038; x_wconf 83' lang='grc' dir='ltr'>τὴν</span> <span class='ocrx_word' id='word_1_163' title='bbox 1540 1970 1865 2039; x_wconf 70' lang='grc' dir='ltr'>οἰκουμένην</span> 
     </span>
    </p>
   </div>
   <div class='ocr_carea' id='block_1_23' title="bbox 2040 872 3536 940">
    <p class='ocr_par' dir='ltr' id='par_1_23' title="bbox 2040 872 3536 940">
     <span class='ocr_line' id='line_1_23' title="bbox 2040 872 3536 940; baseline -0.001 -11"><span class='ocrx_word' id='word_1_164' title='bbox 2040 874 2129 929; x_wconf 78' lang='lat' dir='ltr'><strong>l8.</strong></span> <span class='ocrx_word' id='word_1_165' title='bbox 2169 874 2293 929; x_wconf 82' lang='lat' dir='ltr'><strong>Jobi</strong></span> <span class='ocrx_word' id='word_1_166' title='bbox 2328 874 2381 928; x_wconf 88' lang='lat' dir='ltr'><strong>in</strong></span> <span class='ocrx_word' id='word_1_167' title='bbox 2414 875 2659 930; x_wconf 80' lang='lat' dir='ltr'><strong>adversis</strong></span> <span class='ocrx_word' id='word_1_168' title='bbox 2691 874 2884 929; x_wconf 84' lang='lat' dir='ltr'><strong>mirata</strong></span> <span class='ocrx_word' id='word_1_169' title='bbox 2916 874 3313 940; x_wconf 85' lang='lat' dir='ltr'><strong>constantiam,</strong></span> <span class='ocrx_word' id='word_1_170' title='bbox 3345 872 3536 929; x_wconf 84' lang='lat' dir='ltr'><strong>eadem</strong></span> 
     </span>
    </p>
   </div>
   <div class='ocr_carea' id='block_1_24' title="bbox 1966 966 3540 1036">
    <p class='ocr_par' dir='ltr' id='par_1_24' title="bbox 1966 966 3540 1036">
     <span class='ocr_line' id='line_1_24' title="bbox 1966 966 3540 1036; baseline -0.001 -16"><span class='ocrx_word' id='word_1_171' title='bbox 1966 969 2182 1021; x_wconf 89' lang='lat' dir='ltr'><strong>videtur</strong></span> <span class='ocrx_word' id='word_1_172' title='bbox 2209 981 2563 1036; x_wconf 88' lang='lat' dir='ltr'><strong>supergressa</strong></span> <span class='ocrx_word' id='word_1_173' title='bbox 2588 985 2599 1019; x_wconf 92' lang='lat'><strong>:</strong></span> <span class='ocrx_word' id='word_1_174' title='bbox 2628 966 2754 1035; x_wconf 84' lang='lat' dir='ltr'><strong>quia</strong></span> <span class='ocrx_word' id='word_1_175' title='bbox 2782 981 2885 1020; x_wconf 89' lang='lat' dir='ltr'><strong>non</strong></span> <span class='ocrx_word' id='word_1_176' title='bbox 2904 968 2973 1020; x_wconf 90' lang='lat' dir='ltr'><strong>ad</strong></span> <span class='ocrx_word' id='word_1_177' title='bbox 3002 968 3296 1030; x_wconf 91' lang='lat' dir='ltr'><strong>modicum,</strong></span> <span class='ocrx_word' id='word_1_178' title='bbox 3319 968 3413 1023; x_wconf 85' lang='lat' dir='ltr'><strong>sed</strong></span> <span class='ocrx_word' id='word_1_179' title='bbox 3442 981 3540 1036; x_wconf 89' lang='lat' dir='ltr'><strong>per</strong></span> 
     </span>
    </p>
   </div>
   <div class='ocr_carea' id='block_1_25' title="bbox 1967 1058 3536 1128">
    <p class='ocr_par' dir='ltr' id='par_1_25' title="bbox 1967 1058 3536 1128">
     <span class='ocr_line' id='line_1_25' title="bbox 1967 1058 3536 1128; baseline -0.001 -15"><span class='ocrx_word' id='word_1_180' title='bbox 1967 1074 2187 1113; x_wconf 91' lang='lat' dir='ltr'><strong>omnem</strong></span> <span class='ocrx_word' id='word_1_181' title='bbox 2220 1058 2389 1112; x_wconf 81' lang='lat' dir='ltr'><strong>vitam</strong></span> <span class='ocrx_word' id='word_1_182' title='bbox 2420 1059 2471 1111; x_wconf 92' lang='lat' dir='ltr'><strong>in</strong></span> <span class='ocrx_word' id='word_1_183' title='bbox 2497 1074 2560 1113; x_wconf 90' lang='lat' dir='ltr'><strong>ea</strong></span> <span class='ocrx_word' id='word_1_184' title='bbox 2587 1059 2987 1128; x_wconf 86' lang='lat' dir='ltr'><strong>perseveravit;</strong></span> <span class='ocrx_word' id='word_1_185' title='bbox 3015 1071 3067 1111; x_wconf 91' lang='lat' dir='ltr'><strong>et</strong></span> <span class='ocrx_word' id='word_1_186' title='bbox 3088 1058 3289 1128; x_wconf 84' lang='lat' dir='ltr'><strong>quibus</strong></span> <span class='ocrx_word' id='word_1_187' title='bbox 3316 1059 3405 1113; x_wconf 90' lang='lat' dir='ltr'><strong>ille</strong></span> <span class='ocrx_word' id='word_1_188' title='bbox 3427 1073 3536 1112; x_wconf 91' lang='lat' dir='ltr'><strong>non</strong></span> 
     </span>
    </p>
   </div>
   <div class='ocr_carea' id='block_1_26' title="bbox 1968 1148 3537 1219">
    <p class='ocr_par' dir='ltr' id='par_1_26' title="bbox 1968 1148 3537 1219">
     <span class='ocr_line' id='line_1_26' title="bbox 1968 1148 3537 1219; baseline -0.003 -13"><span class='ocrx_word' id='word_1_189' title='bbox 1968 1168 2066 1206; x_wconf 91' lang='lat' dir='ltr'><strong>sua</strong></span> <span class='ocrx_word' id='word_1_190' title='bbox 2105 1161 2296 1219; x_wconf 88' lang='lat' dir='ltr'><strong>sponte</strong></span> <span class='ocrx_word' id='word_1_191' title='bbox 2325 1159 2522 1204; x_wconf 88' lang='lat' dir='ltr'><strong>exutus</strong></span> <span class='ocrx_word' id='word_1_192' title='bbox 2551 1160 2634 1203; x_wconf 81' lang='lat' dir='ltr'><strong>est</strong></span> <span class='ocrx_word' id='word_1_193' title='bbox 2654 1191 2667 1212; x_wconf 93' lang='lat'><strong>,</strong></span> <span class='ocrx_word' id='word_1_194' title='bbox 2704 1153 2816 1203; x_wconf 69' lang='lat' dir='ltr'><strong>tunc</strong></span> <span class='ocrx_word' id='word_1_195' title='bbox 2847 1148 3129 1203; x_wconf 88' lang='lat' dir='ltr'><strong>Theodora</strong></span> <span class='ocrx_word' id='word_1_196' title='bbox 3162 1149 3373 1203; x_wconf 90' lang='lat' dir='ltr'><strong>dimisit</strong></span> <span class='ocrx_word' id='word_1_197' title='bbox 3403 1163 3537 1217; x_wconf 85' lang='lat' dir='ltr'><strong>pau-</strong></span> 
     </span>
    </p>
   </div>
   <div class='ocr_carea' id='block_1_27' title="bbox 1970 1222 3535 1313">
    <p class='ocr_par' dir='ltr' id='par_1_27' title="bbox 1970 1222 3535 1313">
     <span class='ocr_line' id='line_1_27' title="bbox 1970 1222 3535 1313; baseline -0.003 -16"><span class='ocrx_word' id='word_1_198' title='bbox 1970 1222 2194 1313; x_wconf 61' lang='lat' dir='ltr'><strong>peribus</strong></span> <span class='ocrx_word' id='word_1_199' title='bbox 2217 1280 2232 1304; x_wconf 95' lang='lat'><strong>,</strong></span> <span class='ocrx_word' id='word_1_200' title='bbox 2272 1242 2489 1294; x_wconf 82' lang='lat' dir='ltr'><strong>neruine</strong></span> <span class='ocrx_word' id='word_1_201' title='bbox 2517 1256 2635 1293; x_wconf 88' lang='lat' dir='ltr'><strong>eam</strong></span> <span class='ocrx_word' id='word_1_202' title='bbox 2668 1241 2733 1294; x_wconf 89' lang='lat' dir='ltr'><strong>ad</strong></span> <span class='ocrx_word' id='word_1_203' title='bbox 2763 1240 2814 1294; x_wconf 91' lang='lat' dir='ltr'><strong>id</strong></span> <span class='ocrx_word' id='word_1_204' title='bbox 2844 1248 3096 1309; x_wconf 83' lang='lat' dir='ltr'><strong>cogente.</strong></span> <span class='ocrx_word' id='word_1_205' title='bbox 3124 1239 3255 1294; x_wconf 70' lang='lat' dir='ltr'><strong>Elite</strong></span> <span class='ocrx_word' id='word_1_206' title='bbox 3282 1241 3535 1295; x_wconf 87' lang='lat' dir='ltr'><strong>solitudi—</strong></span> 
     </span>
    </p>
   </div>
   <div class='ocr_carea' id='block_1_28' title="bbox 1970 1330 3536 1402">
    <p class='ocr_par' dir='ltr' id='par_1_28' title="bbox 1970 1330 3536 1402">
     <span class='ocr_line' id='line_1_28' title="bbox 1970 1330 3536 1402; baseline -0.003 -14"><span class='ocrx_word' id='word_1_207' title='bbox 1970 1350 2091 1388; x_wconf 90' lang='lat' dir='ltr'><strong>nem</strong></span> <span class='ocrx_word' id='word_1_208' title='bbox 2128 1336 2287 1402; x_wconf 87' lang='lat' dir='ltr'><strong>eique</strong></span> <span class='ocrx_word' id='word_1_209' title='bbox 2324 1334 2599 1401; x_wconf 81' lang='lat' dir='ltr'><strong>prapriam</strong></span> <span class='ocrx_word' id='word_1_210' title='bbox 2641 1332 3077 1400; x_wconf 84' lang='lat' dir='ltr'><strong>philosophiam,</strong></span> <span class='ocrx_word' id='word_1_211' title='bbox 3110 1331 3271 1384; x_wconf 89' lang='lat' dir='ltr'><strong>etiam</strong></span> <span class='ocrx_word' id='word_1_212' title='bbox 3314 1330 3369 1384; x_wconf 92' lang='lat' dir='ltr'><strong>in</strong></span> <span class='ocrx_word' id='word_1_213' title='bbox 3400 1344 3536 1384; x_wconf 88' lang='lat' dir='ltr'><strong>con-</strong></span> 
     </span>
    </p>
   </div>
   <div class='ocr_carea' id='block_1_29' title="bbox 1966 1422 3538 1495">
    <p class='ocr_par' dir='ltr' id='par_1_29' title="bbox 1966 1422 3538 1495">
     <span class='ocr_line' id='line_1_29' title="bbox 1966 1422 3538 1495; baseline -0.003 -15"><span class='ocrx_word' id='word_1_214' title='bbox 1966 1429 2137 1480; x_wconf 81' lang='lat' dir='ltr'><strong>sortio</strong></span> <span class='ocrx_word' id='word_1_215' title='bbox 2178 1426 2452 1495; x_wconf 89' lang='lat' dir='ltr'><strong>plurium,</strong></span> <span class='ocrx_word' id='word_1_216' title='bbox 2505 1424 2585 1479; x_wconf 88' lang='lat' dir='ltr'><strong>sic</strong></span> <span class='ocrx_word' id='word_1_217' title='bbox 2628 1425 2818 1487; x_wconf 91' lang='lat' dir='ltr'><strong>coluit,</strong></span> <span class='ocrx_word' id='word_1_218' title='bbox 2853 1432 2912 1476; x_wconf 89' lang='lat' dir='ltr'><strong>ut</strong></span> <span class='ocrx_word' id='word_1_219' title='bbox 2944 1432 3124 1491; x_wconf 86' lang='lat' dir='ltr'><strong>posset</strong></span> <span class='ocrx_word' id='word_1_220' title='bbox 3165 1438 3291 1475; x_wconf 93' lang='lat' dir='ltr'><strong>cum</strong></span> <span class='ocrx_word' id='word_1_221' title='bbox 3337 1422 3538 1476; x_wconf 83' lang='lat' dir='ltr'><strong>Davide</strong></span> 
     </span>
    </p>
   </div>
   <div class='ocr_carea' id='block_1_30' title="bbox 1965 1513 3535 1583">
    <p class='ocr_par' dir='ltr' id='par_1_30' title="bbox 1965 1513 3535 1583">
     <span class='ocr_line' id='line_1_30' title="bbox 1965 1513 3535 1583; baseline -0.001 -14"><span class='ocrx_word' id='word_1_222' title='bbox 1965 1517 2185 1580; x_wconf 81' lang='lat' dir='ltr'><strong>dicere,</strong></span> <span class='ocrx_word' id='word_1_223' title='bbox 2223 1514 2484 1569; x_wconf 80' lang='lat' dir='ltr'><strong>Solitaria</strong></span> <span class='ocrx_word' id='word_1_224' title='bbox 2524 1530 2638 1567; x_wconf 79' lang='lat' dir='ltr'><strong>sum</strong></span> <span class='ocrx_word' id='word_1_225' title='bbox 2675 1530 2769 1583; x_wconf 82' lang='lat' dir='ltr'><strong>ego</strong></span> <span class='ocrx_word' id='word_1_226' title='bbox 2814 1514 2853 1568; x_wconf 84' lang='lat'><strong>&#39;.</strong></span> <span class='ocrx_word' id='word_1_227' title='bbox 2901 1513 3163 1578; x_wconf 80' lang='lat' dir='ltr'><strong>Quamvis</strong></span> <span class='ocrx_word' id='word_1_228' title='bbox 3207 1523 3388 1569; x_wconf 86' lang='lat' dir='ltr'><strong>autem</strong></span> <span class='ocrx_word' id='word_1_229' title='bbox 3426 1529 3535 1568; x_wconf 93' lang='lat' dir='ltr'><strong>non</strong></span> 
     </span>
    </p>
   </div>
   <div class='ocr_carea' id='block_1_31' title="bbox 1965 1607 3537 1678">
    <p class='ocr_par' dir='ltr' id='par_1_31' title="bbox 1965 1607 3537 1678">
     <span class='ocr_line' id='line_1_31' title="bbox 1965 1607 3537 1678; baseline -0.001 -17"><span class='ocrx_word' id='word_1_230' title='bbox 1965 1609 2361 1678; x_wconf 62' lang='lat' dir='ltr'><strong>pr&#39;tedicaverit,</strong></span> <span class='ocrx_word' id='word_1_231' title='bbox 2393 1609 2535 1662; x_wconf 91' lang='lat' dir='ltr'><strong>velut</strong></span> <span class='ocrx_word' id='word_1_232' title='bbox 2583 1608 2854 1670; x_wconf 84' lang='lat' dir='ltr'><strong>Joannes,</strong></span> <span class='ocrx_word' id='word_1_233' title='bbox 2914 1607 3006 1662; x_wconf 88' lang='lat' dir='ltr'><strong>Dei</strong></span> <span class='ocrx_word' id='word_1_234' title='bbox 3060 1607 3312 1675; x_wconf 83' lang='lat' dir='ltr'><strong>Agnum;</strong></span> <span class='ocrx_word' id='word_1_235' title='bbox 3366 1607 3537 1675; x_wconf 88' lang='lat' dir='ltr'><strong>ipsius</strong></span> 
     </span>
    </p>
   </div>
   <div class='ocr_carea' id='block_1_32' title="bbox 1969 1700 3534 1767">
    <p class='ocr_par' dir='ltr' id='par_1_32' title="bbox 1969 1700 3534 1767">
     <span class='ocr_line' id='line_1_32' title="bbox 1969 1700 3534 1767; baseline -0.002 -12"><span class='ocrx_word' id='word_1_236' title='bbox 1969 1712 2147 1755; x_wconf 87' lang='lat' dir='ltr'><strong>tamen</strong></span> <span class='ocrx_word' id='word_1_237' title='bbox 2194 1701 2642 1754; x_wconf 82' lang='lat' dir='ltr'><strong>exercitationem</strong></span> <span class='ocrx_word' id='word_1_238' title='bbox 2692 1701 2737 1753; x_wconf 88' lang='lat' dir='ltr'><strong>si</strong></span> <span class='ocrx_word' id='word_1_239' title='bbox 2781 1701 2907 1767; x_wconf 86' lang='lat' dir='ltr'><strong>quis</strong></span> <span class='ocrx_word' id='word_1_240' title='bbox 2950 1700 3092 1754; x_wconf 89' lang='lat' dir='ltr'><strong>alius</strong></span> <span class='ocrx_word' id='word_1_241' title='bbox 3140 1700 3371 1763; x_wconf 86' lang='lat' dir='ltr'><strong>imitata,</strong></span> <span class='ocrx_word' id='word_1_242' title='bbox 3408 1715 3534 1752; x_wconf 92' lang='lat' dir='ltr'><strong>eum</strong></span> 
     </span>
    </p>
   </div>
   <div class='ocr_carea' id='block_1_33' title="bbox 1966 1790 3532 1862">
    <p class='ocr_par' dir='ltr' id='par_1_33' title="bbox 1966 1790 3532 1862">
     <span class='ocr_line' id='line_1_33' title="bbox 1966 1790 3532 1862; baseline -0.001 -15"><span class='ocrx_word' id='word_1_243' title='bbox 1966 1795 2232 1862; x_wconf 84' lang='lat' dir='ltr'><strong>suscepit,</strong></span> <span class='ocrx_word' id='word_1_244' title='bbox 2249 1794 2481 1862; x_wconf 81' lang='lat' dir='ltr'><strong>ejusque</strong></span> <span class='ocrx_word' id='word_1_245' title='bbox 2502 1792 2749 1847; x_wconf 82' lang='lat' dir='ltr'><strong>divinum</strong></span> <span class='ocrx_word' id='word_1_246' title='bbox 2774 1790 2918 1845; x_wconf 78' lang='lat' dir='ltr'><strong>facta</strong></span> <span class='ocrx_word' id='word_1_247' title='bbox 2940 1800 3022 1845; x_wconf 89' lang='lat' dir='ltr'><strong>est</strong></span> <span class='ocrx_word' id='word_1_248' title='bbox 3051 1792 3341 1859; x_wconf 90' lang='lat' dir='ltr'><strong>templum;</strong></span> <span class='ocrx_word' id='word_1_249' title='bbox 3363 1792 3532 1860; x_wconf 92' lang='lat' dir='ltr'><strong>quod,</strong></span> 
     </span>
    </p>
   </div>
   <div class='ocr_carea' id='block_1_34' title="bbox 1967 1880 3534 1953">
    <p class='ocr_par' dir='ltr' id='par_1_34' title="bbox 1967 1880 3534 1953">
     <span class='ocr_line' id='line_1_34' title="bbox 1967 1880 3534 1953; baseline -0.001 -17"><span class='ocrx_word' id='word_1_250' title='bbox 1967 1896 2023 1936; x_wconf 94' lang='lat' dir='ltr'><strong>ut</strong></span> <span class='ocrx_word' id='word_1_251' title='bbox 2074 1898 2173 1953; x_wconf 88' lang='lat' dir='ltr'><strong>ego</strong></span> <span class='ocrx_word' id='word_1_252' title='bbox 2227 1883 2446 1951; x_wconf 90' lang='lat' dir='ltr'><strong>quidem</strong></span> <span class='ocrx_word' id='word_1_253' title='bbox 2490 1881 2787 1945; x_wconf 84' lang='lat' dir='ltr'><strong>existimo,</strong></span> <span class='ocrx_word' id='word_1_254' title='bbox 2844 1880 3017 1935; x_wconf 85' lang='lat' dir='ltr'><strong>nihilo</strong></span> <span class='ocrx_word' id='word_1_255' title='bbox 3066 1890 3153 1935; x_wconf 87' lang='lat' dir='ltr'><strong>est</strong></span> <span class='ocrx_word' id='word_1_256' title='bbox 3201 1881 3534 1949; x_wconf 61' lang='lat' dir='ltr'><strong>praedicandi</strong></span> 
     </span>
    </p>
   </div>
   <div class='ocr_carea' id='block_1_35' title="bbox 1969 1973 3533 2043">
    <p class='ocr_par' dir='ltr' id='par_1_35' title="bbox 1969 1973 3533 2043">
     <span class='ocr_line' id='line_1_35' title="bbox 1969 1973 3533 2043; baseline -0.003 -13"><span class='ocrx_word' id='word_1_257' title='bbox 1969 1992 2195 2031; x_wconf 89' lang='lat' dir='ltr'><strong>munere</strong></span> <span class='ocrx_word' id='word_1_258' title='bbox 2226 1976 2473 2030; x_wconf 79' lang='lat' dir='ltr'><strong>inferius.</strong></span> <span class='ocrx_word' id='word_1_259' title='bbox 2496 1975 2610 2029; x_wconf 85' lang='lat' dir='ltr'><strong>Non</strong></span> <span class='ocrx_word' id='word_1_260' title='bbox 2636 1975 2727 2028; x_wconf 89' lang='lat' dir='ltr'><strong>illa</strong></span> <span class='ocrx_word' id='word_1_261' title='bbox 2757 1974 2975 2043; x_wconf 87' lang='lat' dir='ltr'><strong>quidem</strong></span> <span class='ocrx_word' id='word_1_262' title='bbox 3006 1973 3193 2027; x_wconf 89' lang='lat' dir='ltr'><strong>orbem</strong></span> <span class='ocrx_word' id='word_1_263' title='bbox 3219 1974 3533 2028; x_wconf 85' lang='lat' dir='ltr'><strong>universum</strong></span> 
     </span>
    </p>
   </div>
   <div class='ocr_carea' id='block_1_36' title="bbox 272 2054 1955 2136">
    <p class='ocr_par' dir='ltr' id='par_1_36' title="bbox 272 2054 1937 2131">
     <span class='ocr_line' id='line_1_36' title="bbox 272 2054 1937 2131; baseline 0.005 -24"><span class='ocrx_word' id='word_1_264' title='bbox 272 2054 441 2126; x_wconf 77' lang='grc' dir='ltr'>διῄει,</span> <span class='ocrx_word' id='word_1_265' title='bbox 490 2058 559 2112; x_wconf 78' lang='grc' dir='ltr'>τὰ</span> <span class='ocrx_word' id='word_1_266' title='bbox 607 2060 852 2131; x_wconf 85' lang='grc' dir='ltr'>σωτήρια</span> <span class='ocrx_word' id='word_1_267' title='bbox 883 2062 1050 2114; x_wconf 78' lang='grc' dir='ltr'>πᾶσιν</span> <span class='ocrx_word' id='word_1_268' title='bbox 1088 2061 1403 2115; x_wconf 83' lang='grc' dir='ltr'>ύποτιθεῖσα</span> <span class='ocrx_word' id='word_1_269' title='bbox 1428 2078 1444 2093; x_wconf 79' lang='grc'><em>’</em></span> <span class='ocrx_word' id='word_1_270' title='bbox 1492 2062 1607 2115; x_wconf 77' lang='grc' dir='ltr'>ἀλλ’</span> <span class='ocrx_word' id='word_1_271' title='bbox 1646 2058 1727 2124; x_wconf 77' lang='grc' dir='ltr'>οἷς</span> <span class='ocrx_word' id='word_1_272' title='bbox 1767 2064 1860 2115; x_wconf 80' lang='grc' dir='ltr'><strong>καὶ</strong></span> <span class='ocrx_word' id='word_1_273' title='bbox 1896 2054 1937 2077; x_wconf 77' lang='grc'><strong>⁸³</strong></span> 
     </span>
    </p>
   </div>
   <div class='ocr_carea' id='block_1_37' title="bbox 1846 2054 3529 2136">
    <p class='ocr_par' dir='ltr' id='par_1_37' title="bbox 1846 2054 3529 2136">
     <span class='ocr_line' id='line_1_37' title="bbox 1846 2054 3529 2136; baseline -0.001 -15"><span class='ocrx_word' id='word_1_274' title='bbox 1846 2065 1860 2115; x_wconf 71' lang='grc' dir='ltr'>ἱ</span> <span class='ocrx_word' id='word_1_275' title='bbox 1896 2054 1937 2077; x_wconf 74' lang='grc'><strong>⁸³</strong></span> <span class='ocrx_word' id='word_1_276' title='bbox 1967 2069 2135 2122; x_wconf 85' lang='lat' dir='ltr'><strong>obivit</strong></span> <span class='ocrx_word' id='word_1_277' title='bbox 2164 2082 2289 2122; x_wconf 89' lang='lat' dir='ltr'><strong>cum</strong></span> <span class='ocrx_word' id='word_1_278' title='bbox 2326 2067 2622 2135; x_wconf 87' lang='lat' dir='ltr'><strong>apostolis,</strong></span> <span class='ocrx_word' id='word_1_279' title='bbox 2656 2068 2871 2121; x_wconf 90' lang='lat' dir='ltr'><strong>cunctis</strong></span> <span class='ocrx_word' id='word_1_280' title='bbox 2902 2066 3168 2121; x_wconf 87' lang='lat' dir='ltr'><strong>salutaria</strong></span> <span class='ocrx_word' id='word_1_281' title='bbox 3198 2081 3529 2136; x_wconf 79' lang='lat' dir='ltr'><strong>suggerens:</strong></span> 
     </span>
    </p>
   </div>
   <div class='ocr_carea' id='block_1_38' title="bbox 273 2151 1956 2230">
    <p class='ocr_par' dir='ltr' id='par_1_38' title="bbox 273 2151 1859 2229">
     <span class='ocr_line' id='line_1_38' title="bbox 273 2151 1859 2229; baseline 0.006 -26"><span class='ocrx_word' id='word_1_282' title='bbox 273 2151 461 2220; x_wconf 84' lang='grc' dir='ltr'>λόγοις</span> <span class='ocrx_word' id='word_1_283' title='bbox 507 2158 608 2223; x_wconf 80' lang='grc' dir='ltr'><strong>μὲν</strong></span> <span class='ocrx_word' id='word_1_284' title='bbox 644 2156 795 2210; x_wconf 89' lang='grc' dir='ltr'>ἔστιν</span> <span class='ocrx_word' id='word_1_285' title='bbox 825 2158 935 2222; x_wconf 81' lang='grc' dir='ltr'>ὅτε,</span> <span class='ocrx_word' id='word_1_286' title='bbox 974 2158 1153 2229; x_wconf 88' lang='grc' dir='ltr'>πολλῷ</span> <span class='ocrx_word' id='word_1_287' title='bbox 1179 2159 1235 2211; x_wconf 72' lang='grc' dir='ltr'><strong>δὲ</strong></span> <span class='ocrx_word' id='word_1_288' title='bbox 1270 2159 1431 2211; x_wconf 82' lang='grc' dir='ltr'>πλέον</span> <span class='ocrx_word' id='word_1_289' title='bbox 1460 2161 1517 2214; x_wconf 82' lang='grc' dir='ltr'><strong>ὲν</strong></span> <span class='ocrx_word' id='word_1_290' title='bbox 1546 2159 1726 2229; x_wconf 78' lang='grc' dir='ltr'>ἔργοις</span> <span class='ocrx_word' id='word_1_291' title='bbox 1766 2161 1859 2214; x_wconf 79' lang='grc' dir='ltr'>καὶ</span> 
     </span>
    </p>
   </div>
   <div class='ocr_carea' id='block_1_39' title="bbox 1851 2151 3534 2230">
    <p class='ocr_par' dir='ltr' id='par_1_39' title="bbox 1851 2159 3534 2230">
     <span class='ocr_line' id='line_1_39' title="bbox 1851 2159 3534 2230; baseline 0 -17"><span class='ocrx_word' id='word_1_292' title='bbox 1851 2180 1859 2213; x_wconf 69' lang='grc' dir='ltr'><strong>ι</strong></span> <span class='ocrx_word' id='word_1_293' title='bbox 1965 2159 2060 2215; x_wconf 90' lang='lat' dir='ltr'><strong>sed</strong></span> <span class='ocrx_word' id='word_1_294' title='bbox 2098 2160 2277 2214; x_wconf 82' lang='lat' dir='ltr'><strong>verbis</strong></span> <span class='ocrx_word' id='word_1_295' title='bbox 2307 2159 2528 2230; x_wconf 87' lang='lat' dir='ltr'><strong>quidem</strong></span> <span class='ocrx_word' id='word_1_296' title='bbox 2572 2160 2890 2229; x_wconf 87' lang='lat' dir='ltr'><strong>aliquando,</strong></span> <span class='ocrx_word' id='word_1_297' title='bbox 2923 2159 3096 2213; x_wconf 89' lang='lat' dir='ltr'><strong>multo</strong></span> <span class='ocrx_word' id='word_1_298' title='bbox 3137 2168 3318 2214; x_wconf 91' lang='lat' dir='ltr'><strong>autem</strong></span> <span class='ocrx_word' id='word_1_299' title='bbox 3363 2159 3534 2228; x_wconf 82' lang='lat' dir='ltr'><strong>magis</strong></span> 
     </span>
    </p>
   </div>
   <div class='ocr_carea' id='block_1_40' title="bbox 272 2244 1955 2323">
    <p class='ocr_par' dir='ltr' id='par_1_40' title="bbox 272 2244 1857 2323">
     <span class='ocr_line' id='line_1_40' title="bbox 272 2244 1857 2323; baseline 0.007 -30"><span class='ocrx_word' id='word_1_300' title='bbox 272 2244 345 2311; x_wconf 77' lang='grc' dir='ltr'><strong>τῇ</strong></span> <span class='ocrx_word' id='word_1_301' title='bbox 395 2244 606 2297; x_wconf 79' lang='grc' dir='ltr'>ἐκεῖθεν</span> <span class='ocrx_word' id='word_1_302' title='bbox 638 2248 818 2301; x_wconf 89' lang='grc' dir='ltr'>πειθοῖ</span> <span class='ocrx_word' id='word_1_303' title='bbox 850 2244 918 2323; x_wconf 77' lang='grc' dir='ltr'><strong>(ᾖ</strong></span> <span class='ocrx_word' id='word_1_304' title='bbox 951 2248 1046 2319; x_wconf 84' lang='grc' dir='ltr'>τῆς</span> <span class='ocrx_word' id='word_1_305' title='bbox 1084 2252 1148 2303; x_wconf 83' lang='grc' dir='ltr'>ὲκ</span> <span class='ocrx_word' id='word_1_306' title='bbox 1180 2250 1290 2305; x_wconf 86' lang='grc' dir='ltr'><strong>τῶν</strong></span> <span class='ocrx_word' id='word_1_307' title='bbox 1324 2251 1495 2319; x_wconf 92' lang='grc' dir='ltr'>λόγων</span> <span class='ocrx_word' id='word_1_308' title='bbox 1529 2250 1708 2322; x_wconf 89' lang='grc' dir='ltr'>πολλῷ</span> <span class='ocrx_word' id='word_1_309' title='bbox 1744 2254 1857 2315; x_wconf 81' lang='grc' dir='ltr'>τοῖς</span> 
     </span>
    </p>
   </div>
   <div class='ocr_carea' id='block_1_41' title="bbox 1853 2244 3536 2323">
    <p class='ocr_par' dir='ltr' id='par_1_41' title="bbox 1853 2249 3536 2321">
     <span class='ocr_line' id='line_1_41' title="bbox 1853 2249 3536 2321; baseline -0.001 -16"><span class='ocrx_word' id='word_1_310' title='bbox 1853 2269 1857 2311; x_wconf 88' lang='lat'><strong><em>:</em></strong></span> <span class='ocrx_word' id='word_1_311' title='bbox 1964 2252 2247 2321; x_wconf 86' lang='lat' dir='ltr'><strong>operibus,</strong></span> <span class='ocrx_word' id='word_1_312' title='bbox 2278 2262 2329 2304; x_wconf 91' lang='lat' dir='ltr'><strong>et</strong></span> <span class='ocrx_word' id='word_1_313' title='bbox 2362 2250 2619 2305; x_wconf 84' lang='lat' dir='ltr'><strong>suasione</strong></span> <span class='ocrx_word' id='word_1_314' title='bbox 2648 2266 2712 2304; x_wconf 89' lang='lat' dir='ltr'><strong>ex</strong></span> <span class='ocrx_word' id='word_1_315' title='bbox 2744 2251 2828 2305; x_wconf 90' lang='lat' dir='ltr'><strong>his</strong></span> <span class='ocrx_word' id='word_1_316' title='bbox 2854 2266 3015 2319; x_wconf 91' lang='lat' dir='ltr'><strong>quam</strong></span> <span class='ocrx_word' id='word_1_317' title='bbox 3049 2250 3155 2305; x_wconf 91' lang='lat' dir='ltr'><strong>illis</strong></span> <span class='ocrx_word' id='word_1_318' title='bbox 3174 2250 3332 2320; x_wconf 89' lang='lat' dir='ltr'><strong>longe</strong></span> <span class='ocrx_word' id='word_1_319' title='bbox 3358 2249 3536 2305; x_wconf 78' lang='lat' dir='ltr'><strong>eﬂica-</strong></span> 
     </span>
    </p>
   </div>
   <div class='ocr_carea' id='block_1_42' title="bbox 271 2333 1858 2415">
    <p class='ocr_par' dir='ltr' id='par_1_42' title="bbox 271 2333 1858 2415">
     <span class='ocr_line' id='line_1_42' title="bbox 271 2333 1858 2415; baseline 0.008 -28"><span class='ocrx_word' id='word_1_320' title='bbox 271 2333 424 2397; x_wconf 82' lang='grc' dir='ltr'>ὅλοις</span> <span class='ocrx_word' id='word_1_321' title='bbox 462 2337 702 2405; x_wconf 70' lang='grc' dir='ltr'>ἀμείνων</span> <span class='ocrx_word' id='word_1_322' title='bbox 734 2341 871 2410; x_wconf 83' lang='grc' dir='ltr'>πρὸς</span> <span class='ocrx_word' id='word_1_323' title='bbox 904 2343 963 2393; x_wconf 51' lang='lat' dir='ltr'><strong>ea</strong></span> <span class='ocrx_word' id='word_1_324' title='bbox 989 2344 1270 2412; x_wconf 73' lang='grc' dir='ltr'>συμφέρον</span> <span class='ocrx_word' id='word_1_325' title='bbox 1303 2347 1512 2408; x_wconf 80' lang='grc' dir='ltr'>πάντας</span> <span class='ocrx_word' id='word_1_326' title='bbox 1538 2346 1743 2415; x_wconf 81' lang='grc' dir='ltr'>όδήγει)</span> <span class='ocrx_word' id='word_1_327' title='bbox 1778 2348 1858 2408; x_wconf 89' lang='grc' dir='ltr'><strong>είς</strong></span> 
     </span>
    </p>
   </div>
   <div class='ocr_carea' id='block_1_43' title="bbox 274 2429 1857 2509">
    <p class='ocr_par' dir='ltr' id='par_1_43' title="bbox 274 2429 1857 2509">
     <span class='ocr_line' id='line_1_43' title="bbox 274 2429 1857 2509; baseline 0.01 -31"><span class='ocrx_word' id='word_1_328' title='bbox 274 2429 466 2480; x_wconf 82' lang='grc' dir='ltr'>πᾶσαν</span> <span class='ocrx_word' id='word_1_329' title='bbox 496 2430 596 2501; x_wconf 80' lang='grc' dir='ltr'>τὴν</span> <span class='ocrx_word' id='word_1_330' title='bbox 623 2432 727 2501; x_wconf 83' lang='grc' dir='ltr'>γῆν</span> <span class='ocrx_word' id='word_1_331' title='bbox 758 2438 877 2487; x_wconf 85' lang='grc' dir='ltr'>κατ’</span> <span class='ocrx_word' id='word_1_332' title='bbox 906 2436 1101 2500; x_wconf 83' lang='grc' dir='ltr'>αὐτοὺς</span> <span class='ocrx_word' id='word_1_333' title='bbox 1132 2443 1224 2490; x_wconf 83' lang='grc' dir='ltr'>τὸν</span> <span class='ocrx_word' id='word_1_334' title='bbox 1267 2438 1516 2509; x_wconf 50' lang='grc' dir='ltr'>φθόγγον,</span> <span class='ocrx_word' id='word_1_335' title='bbox 1542 2440 1857 2508; x_wconf 76' lang='grc' dir='ltr'><strong>ἐξήνεγκεν.</strong></span> 
     </span>
    </p>
   </div>
   <div class='ocr_carea' id='block_1_44' title="bbox 274 2516 1861 2600">
    <p class='ocr_par' dir='ltr' id='par_1_44' title="bbox 274 2516 1861 2600">
     <span class='ocr_line' id='line_1_44' title="bbox 274 2516 1861 2600; baseline 0.01 -31"><span class='ocrx_word' id='word_1_336' title='bbox 274 2516 441 2571; x_wconf 77' lang='grc' dir='ltr'>Οὕτω</span> <span class='ocrx_word' id='word_1_337' title='bbox 474 2523 707 2591; x_wconf 79' lang='grc' dir='ltr'>μεγίστη</span> <span class='ocrx_word' id='word_1_338' title='bbox 735 2526 925 2579; x_wconf 82' lang='grc' dir='ltr'>πασῶν</span> <span class='ocrx_word' id='word_1_339' title='bbox 958 2528 1101 2597; x_wconf 88' lang='lat' dir='ltr'><strong>(q)...</strong></span> <span class='ocrx_word' id='word_1_340' title='bbox 1141 2530 1267 2591; x_wconf 82' lang='grc' dir='ltr'>τοὺς</span> <span class='ocrx_word' id='word_1_341' title='bbox 1308 2530 1643 2600; x_wconf 81' lang='grc' dir='ltr'>προύχοντας</span> <span class='ocrx_word' id='word_1_342' title='bbox 1673 2534 1763 2584; x_wconf 81' lang='grc' dir='ltr'>καὶ</span> <span class='ocrx_word' id='word_1_343' title='bbox 1792 2531 1861 2585; x_wconf 79' lang='grc' dir='ltr'>τὰ</span> 
     </span>
    </p>
   </div>
   <div class='ocr_carea' id='block_1_45' title="bbox 278 2611 1862 2693">
    <p class='ocr_par' dir='ltr' id='par_1_45' title="bbox 278 2611 1862 2693">
     <span class='ocr_line' id='line_1_45' title="bbox 278 2611 1862 2693; baseline 0.009 -32"><span class='ocrx_word' id='word_1_344' title='bbox 278 2611 498 2680; x_wconf 76' lang='grc' dir='ltr'>μεγαλα</span> <span class='ocrx_word' id='word_1_345' title='bbox 528 2616 681 2682; x_wconf 81' lang='grc' dir='ltr'>παρὰ</span> <span class='ocrx_word' id='word_1_346' title='bbox 712 2616 833 2687; x_wconf 85' lang='grc' dir='ltr'><strong>Θεῷ</strong></span> <span class='ocrx_word' id='word_1_347' title='bbox 862 2619 1213 2687; x_wconf 78' lang='grc' dir='ltr'>δυναμένους,</span> <span class='ocrx_word' id='word_1_348' title='bbox 1245 2622 1369 2685; x_wconf 85' lang='grc' dir='ltr'>τοὺς</span> <span class='ocrx_word' id='word_1_349' title='bbox 1406 2624 1503 2692; x_wconf 86' lang='grc' dir='ltr'>μὲν</span> <span class='ocrx_word' id='word_1_350' title='bbox 1540 2625 1749 2691; x_wconf 84' lang='grc' dir='ltr'>κὰκρας</span> <span class='ocrx_word' id='word_1_351' title='bbox 1775 2640 1862 2693; x_wconf 83' lang='grc' dir='ltr'>μι-</span> 
     </span>
    </p>
   </div>
   <div class='ocr_carea' id='block_1_46' title="bbox 280 2702 1867 2783">
    <p class='ocr_par' dir='ltr' id='par_1_46' title="bbox 280 2702 1867 2783">
     <span class='ocr_line' id='line_1_46' title="bbox 280 2702 1867 2783; baseline 0.011 -31"><span class='ocrx_word' id='word_1_352' title='bbox 280 2702 602 2773; x_wconf 78' lang='grc' dir='ltr'>μησαμένη,</span> <span class='ocrx_word' id='word_1_353' title='bbox 641 2708 768 2770; x_wconf 84' lang='grc' dir='ltr'>τοὺς</span> <span class='ocrx_word' id='word_1_354' title='bbox 808 2708 866 2760; x_wconf 77' lang='grc' dir='ltr'><strong>δὲ</strong></span> <span class='ocrx_word' id='word_1_355' title='bbox 910 2702 991 2772; x_wconf 78' lang='grc' dir='ltr'>οἷς</span> <span class='ocrx_word' id='word_1_356' title='bbox 1030 2712 1169 2781; x_wconf 89' lang='grc' dir='ltr'>ἔφην</span> <span class='ocrx_word' id='word_1_357' title='bbox 1219 2715 1653 2783; x_wconf 80' lang='grc' dir='ltr'>παρενεγκοῦσα.</span> <span class='ocrx_word' id='word_1_358' title='bbox 1699 2717 1769 2768; x_wconf 79' lang='grc' dir='ltr'>Συ</span> <span class='ocrx_word' id='word_1_359' title='bbox 1817 2714 1867 2769; x_wconf 83' lang='grc' dir='ltr'><strong>δ’</strong></span> 
     </span>
    </p>
   </div>
   <div class='ocr_carea' id='block_1_47' title="bbox 277 2795 1860 2877">
    <p class='ocr_par' dir='ltr' id='par_1_47' title="bbox 277 2795 1860 2877">
     <span class='ocr_line' id='line_1_47' title="bbox 277 2795 1860 2877; baseline 0.007 -30"><span class='ocrx_word' id='word_1_360' title='bbox 277 2795 477 2850; x_wconf 83' lang='grc' dir='ltr'>ἔπειτα</span> <span class='ocrx_word' id='word_1_361' title='bbox 502 2800 596 2852; x_wconf 83' lang='grc' dir='ltr'>καὶ</span> <span class='ocrx_word' id='word_1_362' title='bbox 627 2801 762 2870; x_wconf 86' lang='grc' dir='ltr'>πρὸς</span> <span class='ocrx_word' id='word_1_363' title='bbox 792 2804 882 2854; x_wconf 82' lang='grc' dir='ltr'>τὸν</span> <span class='ocrx_word' id='word_1_364' title='bbox 910 2807 1186 2876; x_wconf 84' lang='grc' dir='ltr'>Δεσπότην</span> <span class='ocrx_word' id='word_1_365' title='bbox 1206 2809 1450 2877; x_wconf 75' lang='grc' dir='ltr'>ἐποιήσω</span> <span class='ocrx_word' id='word_1_366' title='bbox 1478 2808 1577 2877; x_wconf 86' lang='grc' dir='ltr'>τὴν</span> <span class='ocrx_word' id='word_1_367' title='bbox 1604 2808 1860 2874; x_wconf 80' lang='grc' dir='ltr'>ἅμιλλαν,</span> 
     </span>
    </p>
   </div>
   <div class='ocr_carea' id='block_1_48' title="bbox 281 2891 1859 2970">
    <p class='ocr_par' dir='ltr' id='par_1_48' title="bbox 281 2891 1859 2970">
     <span class='ocr_line' id='line_1_48' title="bbox 281 2891 1859 2970; baseline 0.009 -31"><span class='ocrx_word' id='word_1_368' title='bbox 281 2891 735 2957; x_wconf 81' lang='grc' dir='ltr'>συσταυρωθεῖσα</span> <span class='ocrx_word' id='word_1_369' title='bbox 762 2894 854 2945; x_wconf 77' lang='grc' dir='ltr'><strong>καὶ</strong></span> <span class='ocrx_word' id='word_1_370' title='bbox 885 2900 1237 2963; x_wconf 87' lang='grc' dir='ltr'>συνταφεῖσα,</span> <span class='ocrx_word' id='word_1_371' title='bbox 1262 2897 1348 2949; x_wconf 79' lang='grc' dir='ltr'>ἵνα</span> <span class='ocrx_word' id='word_1_372' title='bbox 1380 2900 1471 2951; x_wconf 81' lang='grc' dir='ltr'>καὶ</span> <span class='ocrx_word' id='word_1_373' title='bbox 1498 2902 1859 2970; x_wconf 76' lang='grc' dir='ltr'>συναναστῇς,</span> 
     </span>
    </p>
   </div>
   <div class='ocr_carea' id='block_1_49' title="bbox 280 2981 1429 3058">
    <p class='ocr_par' dir='ltr' id='par_1_49' title="bbox 280 2981 1429 3058">
     <span class='ocr_line' id='line_1_49' title="bbox 280 2981 1429 3058; baseline 0.009 -27"><span class='ocrx_word' id='word_1_374' title='bbox 280 2981 378 3032; x_wconf 83' lang='grc' dir='ltr'><strong>καὶ</strong></span> <span class='ocrx_word' id='word_1_375' title='bbox 407 2982 797 3053; x_wconf 79' lang='grc' dir='ltr'>συνδοξασθῇς,</span> <span class='ocrx_word' id='word_1_376' title='bbox 837 2986 932 3038; x_wconf 79' lang='grc' dir='ltr'>καὶ</span> <span class='ocrx_word' id='word_1_377' title='bbox 967 2987 1429 3058; x_wconf 78' lang='grc' dir='ltr'>συμὸασιλεύσῃς.</span> 
     </span>
    </p>
   </div>
   <div class='ocr_carea' id='block_1_50' title="bbox 355 3171 1862 3247">
    <p class='ocr_par' dir='ltr' id='par_1_50' title="bbox 355 3171 1862 3247">
     <span class='ocr_line' id='line_1_50' title="bbox 355 3171 1862 3247; baseline 0.003 -24"><span class='ocrx_word' id='word_1_378' title='bbox 355 3171 443 3223; x_wconf 88' lang='lat' dir='ltr'><strong>t0’.</strong></span> <span class='ocrx_word' id='word_1_379' title='bbox 492 3172 555 3223; x_wconf 86' lang='grc' dir='ltr'><strong><em>Ἡ</em></strong></span> <span class='ocrx_word' id='word_1_380' title='bbox 589 3172 689 3240; x_wconf 84' lang='grc' dir='ltr'>μὲν</span> <span class='ocrx_word' id='word_1_381' title='bbox 726 3171 820 3226; x_wconf 80' lang='grc' dir='ltr'>οὖν</span> <span class='ocrx_word' id='word_1_382' title='bbox 851 3173 995 3227; x_wconf 81' lang='grc' dir='ltr'>οὕτω</span> <span class='ocrx_word' id='word_1_383' title='bbox 1026 3175 1279 3247; x_wconf 79' lang='grc' dir='ltr'>μεγίστη,</span> <span class='ocrx_word' id='word_1_384' title='bbox 1313 3177 1447 3229; x_wconf 82' lang='grc' dir='ltr'>Θεοῦ</span> <span class='ocrx_word' id='word_1_385' title='bbox 1480 3177 1616 3247; x_wconf 81' lang='grc' dir='ltr'>πρὸς</span> <span class='ocrx_word' id='word_1_386' title='bbox 1648 3175 1862 3246; x_wconf 79' lang='grc' dir='ltr'>ἀνθρώο</span> 
     </span>
    </p>
   </div>
   <div class='ocr_carea' id='block_1_51' title="bbox 278 3265 1862 3339">
    <p class='ocr_par' dir='ltr' id='par_1_51' title="bbox 278 3265 1862 3339">
     <span class='ocr_line' id='line_1_51' title="bbox 278 3265 1862 3339; baseline 0.003 -24"><span class='ocrx_word' id='word_1_387' title='bbox 278 3280 404 3326; x_wconf 88' lang='grc' dir='ltr'>ποις</span> <span class='ocrx_word' id='word_1_388' title='bbox 459 3265 765 3336; x_wconf 70' lang='grc' dir='ltr'>φιλοτιμίᾳ,</span> <span class='ocrx_word' id='word_1_389' title='bbox 805 3270 1059 3334; x_wconf 85' lang='grc' dir='ltr'>φανεῖσα,</span> <span class='ocrx_word' id='word_1_390' title='bbox 1109 3268 1322 3320; x_wconf 77' lang='grc' dir='ltr'>καὶτὸν</span> <span class='ocrx_word' id='word_1_391' title='bbox 1362 3267 1461 3338; x_wconf 83' lang='grc' dir='ltr'>τῆς</span> <span class='ocrx_word' id='word_1_392' title='bbox 1494 3268 1692 3339; x_wconf 79' lang='grc' dir='ltr'>ἀρετῆς</span> <span class='ocrx_word' id='word_1_393' title='bbox 1738 3271 1862 3337; x_wconf 83' lang='grc' dir='ltr'>ὅρον</span> 
     </span>
    </p>
   </div>
   <div class='ocr_carea' id='block_1_52' title="bbox 1968 2344 3533 2409">
    <p class='ocr_par' dir='ltr' id='par_1_52' title="bbox 1968 2344 3533 2409">
     <span class='ocr_line' id='line_1_52' title="bbox 1968 2344 3533 2409; baseline -0.002 -9"><span class='ocrx_word' id='word_1_394' title='bbox 1968 2346 2127 2409; x_wconf 88' lang='lat' dir='ltr'><strong>ciori,</strong></span> <span class='ocrx_word' id='word_1_395' title='bbox 2154 2361 2345 2399; x_wconf 90' lang='lat' dir='ltr'><strong>omnes</strong></span> <span class='ocrx_word' id='word_1_396' title='bbox 2366 2346 2638 2399; x_wconf 72' lang='lat' dir='ltr'><strong>deducens</strong></span> <span class='ocrx_word' id='word_1_397' title='bbox 2662 2344 2715 2397; x_wconf 92' lang='lat' dir='ltr'><strong>in</strong></span> <span class='ocrx_word' id='word_1_398' title='bbox 2740 2344 2880 2397; x_wconf 83' lang='lat' dir='ltr'><strong>viam</strong></span> <span class='ocrx_word' id='word_1_399' title='bbox 2907 2344 3122 2405; x_wconf 86' lang='lat' dir='ltr'><strong>salutis,</strong></span> <span class='ocrx_word' id='word_1_400' title='bbox 3152 2344 3206 2397; x_wconf 91' lang='lat' dir='ltr'><strong>in</strong></span> <span class='ocrx_word' id='word_1_401' title='bbox 3228 2344 3533 2398; x_wconf 85' lang='lat' dir='ltr'><strong>universam</strong></span> 
     </span>
    </p>
   </div>
   <div class='ocr_carea' id='block_1_53' title="bbox 1970 2436 3535 2506">
    <p class='ocr_par' dir='ltr' id='par_1_53' title="bbox 1970 2436 3535 2506">
     <span class='ocr_line' id='line_1_53' title="bbox 1970 2436 3535 2506; baseline 0.001 -18"><span class='ocrx_word' id='word_1_402' title='bbox 1970 2444 2211 2500; x_wconf 92' lang='lat' dir='ltr'><strong>terram,</strong></span> <span class='ocrx_word' id='word_1_403' title='bbox 2264 2437 2729 2506; x_wconf 88' lang='lat' dir='ltr'><strong>quemadmodum</strong></span> <span class='ocrx_word' id='word_1_404' title='bbox 2781 2447 2837 2491; x_wconf 88' lang='lat' dir='ltr'><strong>et</strong></span> <span class='ocrx_word' id='word_1_405' title='bbox 2881 2437 3017 2505; x_wconf 91' lang='lat' dir='ltr'><strong>ipsi,</strong></span> <span class='ocrx_word' id='word_1_406' title='bbox 3066 2436 3248 2491; x_wconf 92' lang='lat' dir='ltr'><strong>emisit</strong></span> <span class='ocrx_word' id='word_1_407' title='bbox 3315 2451 3535 2500; x_wconf 91' lang='lat' dir='ltr'><strong>sonum,</strong></span> 
     </span>
    </p>
   </div>
   <div class='ocr_carea' id='block_1_54' title="bbox 1969 2531 3537 2601">
    <p class='ocr_par' dir='ltr' id='par_1_54' title="bbox 1969 2531 3537 2601">
     <span class='ocr_line' id='line_1_54' title="bbox 1969 2531 3537 2601; baseline -0.001 -17"><span class='ocrx_word' id='word_1_408' title='bbox 1969 2545 2153 2601; x_wconf 78' lang='lat' dir='ltr'><strong>itaque</strong></span> <span class='ocrx_word' id='word_1_409' title='bbox 2184 2534 2427 2585; x_wconf 92' lang='lat' dir='ltr'><strong>omnium</strong></span> <span class='ocrx_word' id='word_1_410' title='bbox 2462 2533 2722 2595; x_wconf 81' lang='lat' dir='ltr'><strong>maxima,</strong></span> <span class='ocrx_word' id='word_1_411' title='bbox 2766 2531 3255 2585; x_wconf 81' lang='lat' dir='ltr'><strong>excellentissimos</strong></span> <span class='ocrx_word' id='word_1_412' title='bbox 3289 2545 3537 2600; x_wconf 89' lang='lat' dir='ltr'><strong>quosque</strong></span> 
     </span>
    </p>
   </div>
   <div class='ocr_carea' id='block_1_55' title="bbox 1968 2622 3538 2693">
    <p class='ocr_par' dir='ltr' id='par_1_55' title="bbox 1968 2622 3538 2693">
     <span class='ocr_line' id='line_1_55' title="bbox 1968 2622 3538 2693; baseline -0.001 -16"><span class='ocrx_word' id='word_1_413' title='bbox 1968 2636 2022 2677; x_wconf 91' lang='lat' dir='ltr'><strong>et</strong></span> <span class='ocrx_word' id='word_1_414' title='bbox 2058 2638 2252 2693; x_wconf 87' lang='lat' dir='ltr'><strong>magna</strong></span> <span class='ocrx_word' id='word_1_415' title='bbox 2286 2624 2427 2692; x_wconf 81' lang='lat' dir='ltr'><strong>apud</strong></span> <span class='ocrx_word' id='word_1_416' title='bbox 2464 2622 2632 2677; x_wconf 91' lang='lat' dir='ltr'><strong>Deum</strong></span> <span class='ocrx_word' id='word_1_417' title='bbox 2667 2622 2839 2692; x_wconf 88' lang='lat' dir='ltr'><strong>gratia</strong></span> <span class='ocrx_word' id='word_1_418' title='bbox 2879 2622 3143 2685; x_wconf 84' lang='lat' dir='ltr'><strong>valentes,</strong></span> <span class='ocrx_word' id='word_1_419' title='bbox 3178 2623 3377 2688; x_wconf 83' lang='lat' dir='ltr'><strong>partim</strong></span> <span class='ocrx_word' id='word_1_420' title='bbox 3413 2622 3538 2691; x_wconf 85' lang='lat' dir='ltr'><strong>qui-</strong></span> 
     </span>
    </p>
   </div>
   <div class='ocr_carea' id='block_1_56' title="bbox 1969 2714 3539 2783">
    <p class='ocr_par' dir='ltr' id='par_1_56' title="bbox 1969 2714 3539 2783">
     <span class='ocr_line' id='line_1_56' title="bbox 1969 2714 3539 2783; baseline -0.001 -14"><span class='ocrx_word' id='word_1_421' title='bbox 1969 2716 2091 2770; x_wconf 90' lang='lat' dir='ltr'><strong>dem</strong></span> <span class='ocrx_word' id='word_1_422' title='bbox 2129 2715 2521 2783; x_wconf 80' lang='lat' dir='ltr'><strong>perfectissime</strong></span> <span class='ocrx_word' id='word_1_423' title='bbox 2551 2716 2759 2769; x_wconf 86' lang='lat' dir='ltr'><strong>imitata</strong></span> <span class='ocrx_word' id='word_1_424' title='bbox 2791 2722 2893 2774; x_wconf 89' lang='lat' dir='ltr'><strong>est.</strong></span> <span class='ocrx_word' id='word_1_425' title='bbox 2925 2714 3119 2783; x_wconf 90' lang='lat' dir='ltr'><strong>partim</strong></span> <span class='ocrx_word' id='word_1_426' title='bbox 3156 2714 3223 2768; x_wconf 88' lang='lat' dir='ltr'><strong>iis</strong></span> <span class='ocrx_word' id='word_1_427' title='bbox 3260 2729 3397 2783; x_wconf 89' lang='lat' dir='ltr'><strong>quas</strong></span> <span class='ocrx_word' id='word_1_428' title='bbox 3429 2714 3539 2768; x_wconf 89' lang='lat' dir='ltr'><strong>dixi</strong></span> 
     </span>
    </p>
   </div>
   <div class='ocr_carea' id='block_1_57' title="bbox 1970 2806 3541 2878">
    <p class='ocr_par' dir='ltr' id='par_1_57' title="bbox 1970 2806 3541 2878">
     <span class='ocr_line' id='line_1_57' title="bbox 1970 2806 3541 2878; baseline -0.001 -16"><span class='ocrx_word' id='word_1_429' title='bbox 1970 2809 2266 2862; x_wconf 87' lang='lat' dir='ltr'><strong>virtutibus</strong></span> <span class='ocrx_word' id='word_1_430' title='bbox 2290 2820 2702 2878; x_wconf 75' lang='lat' dir='ltr'><strong>praetergressa.</strong></span> <span class='ocrx_word' id='word_1_431' title='bbox 2735 2807 3005 2872; x_wconf 88' lang='lat' dir='ltr'><strong>Quoniam</strong></span> <span class='ocrx_word' id='word_1_432' title='bbox 3040 2821 3168 2860; x_wconf 76' lang='lat' dir='ltr'><strong>vero</strong></span> <span class='ocrx_word' id='word_1_433' title='bbox 3192 2806 3369 2875; x_wconf 89' lang='lat' dir='ltr'><strong>ipsum</strong></span> <span class='ocrx_word' id='word_1_434' title='bbox 3403 2820 3541 2875; x_wconf 89' lang='lat' dir='ltr'><strong>quo—</strong></span> 
     </span>
    </p>
   </div>
   <div class='ocr_carea' id='block_1_58' title="bbox 1969 2898 3539 2970">
    <p class='ocr_par' dir='ltr' id='par_1_58' title="bbox 1969 2898 3539 2970">
     <span class='ocr_line' id='line_1_58' title="bbox 1969 2898 3539 2970; baseline 0.001 -17"><span class='ocrx_word' id='word_1_435' title='bbox 1969 2917 2074 2970; x_wconf 92' lang='lat' dir='ltr'><strong>que</strong></span> <span class='ocrx_word' id='word_1_436' title='bbox 2108 2901 2393 2954; x_wconf 86' lang='lat' dir='ltr'><strong>Dominum</strong></span> <span class='ocrx_word' id='word_1_437' title='bbox 2448 2900 2829 2960; x_wconf 68' lang='lat' dir='ltr'><strong>aemulabatur.</strong></span> <span class='ocrx_word' id='word_1_438' title='bbox 2864 2899 3011 2952; x_wconf 92' lang='lat' dir='ltr'><strong>cruci</strong></span> <span class='ocrx_word' id='word_1_439' title='bbox 3053 2898 3268 2953; x_wconf 81' lang='lat' dir='ltr'><strong>conﬁxa</strong></span> <span class='ocrx_word' id='word_1_440' title='bbox 3302 2915 3428 2953; x_wconf 90' lang='lat' dir='ltr'><strong>cum</strong></span> <span class='ocrx_word' id='word_1_441' title='bbox 3473 2916 3539 2955; x_wconf 92' lang='lat' dir='ltr'><strong>eo</strong></span> 
     </span>
    </p>
   </div>
   <div class='ocr_carea' id='block_1_59' title="bbox 1969 2992 3539 3062">
    <p class='ocr_par' dir='ltr' id='par_1_59' title="bbox 1969 2992 3539 3062">
     <span class='ocr_line' id='line_1_59' title="bbox 1969 2992 3539 3062; baseline -0.002 -14"><span class='ocrx_word' id='word_1_442' title='bbox 1969 3004 2024 3048; x_wconf 91' lang='lat' dir='ltr'><strong>et</strong></span> <span class='ocrx_word' id='word_1_443' title='bbox 2057 2993 2371 3062; x_wconf 85' lang='lat' dir='ltr'><strong>consepulta</strong></span> <span class='ocrx_word' id='word_1_444' title='bbox 2400 3001 2503 3058; x_wconf 91' lang='lat' dir='ltr'><strong>est,</strong></span> <span class='ocrx_word' id='word_1_445' title='bbox 2539 3002 2595 3044; x_wconf 90' lang='lat' dir='ltr'><strong>ut</strong></span> <span class='ocrx_word' id='word_1_446' title='bbox 2624 3006 2745 3045; x_wconf 92' lang='lat' dir='ltr'><strong>cum</strong></span> <span class='ocrx_word' id='word_1_447' title='bbox 2783 3006 2847 3044; x_wconf 90' lang='lat' dir='ltr'><strong>eo</strong></span> <span class='ocrx_word' id='word_1_448' title='bbox 2878 3001 3191 3059; x_wconf 81' lang='lat' dir='ltr'><strong>resurgeret</strong></span> <span class='ocrx_word' id='word_1_449' title='bbox 3219 2992 3270 3044; x_wconf 91' lang='lat' dir='ltr'><strong>in</strong></span> <span class='ocrx_word' id='word_1_450' title='bbox 3308 2992 3539 3060; x_wconf 76' lang='lat' dir='ltr'><strong>gloriam</strong></span> 
     </span>
    </p>
   </div>
   <div class='ocr_carea' id='block_1_60' title="bbox 1967 3082 3138 3152">
    <p class='ocr_par' dir='ltr' id='par_1_60' title="bbox 1967 3082 3138 3152">
     <span class='ocr_line' id='line_1_60' title="bbox 1967 3082 3138 3152; baseline -0.002 -13"><span class='ocrx_word' id='word_1_451' title='bbox 1967 3094 2022 3140; x_wconf 87' lang='lat' dir='ltr'><strong>et</strong></span> <span class='ocrx_word' id='word_1_452' title='bbox 2056 3084 2460 3152; x_wconf 83' lang='lat' dir='ltr'><strong>congloriticata</strong></span> <span class='ocrx_word' id='word_1_453' title='bbox 2489 3098 2613 3136; x_wconf 90' lang='lat' dir='ltr'><strong>cum</strong></span> <span class='ocrx_word' id='word_1_454' title='bbox 2644 3082 2835 3137; x_wconf 83' lang='lat' dir='ltr'><strong>eodem</strong></span> <span class='ocrx_word' id='word_1_455' title='bbox 2868 3092 3138 3151; x_wconf 78' lang='lat' dir='ltr'><strong>regnaret.</strong></span> 
     </span>
    </p>
   </div>
   <div class='ocr_carea' id='block_1_61' title="bbox 2044 3172 3542 3241">
    <p class='ocr_par' dir='ltr' id='par_1_61' title="bbox 2044 3172 3542 3241">
     <span class='ocr_line' id='line_1_61' title="bbox 2044 3172 3542 3241; baseline 0 -15"><span class='ocrx_word' id='word_1_456' title='bbox 2044 3173 2139 3229; x_wconf 79' lang='grc'><strong>19.</strong></span> <span class='ocrx_word' id='word_1_457' title='bbox 2177 3174 2307 3237; x_wconf 75' lang='lat' dir='ltr'><strong>Quae</strong></span> <span class='ocrx_word' id='word_1_458' title='bbox 2359 3172 2521 3241; x_wconf 89' lang='lat' dir='ltr'><strong>igitur</strong></span> <span class='ocrx_word' id='word_1_459' title='bbox 2567 3172 2669 3225; x_wconf 91' lang='lat' dir='ltr'><strong>hoc</strong></span> <span class='ocrx_word' id='word_1_460' title='bbox 2702 3172 2863 3226; x_wconf 92' lang='lat' dir='ltr'><strong>modo</strong></span> <span class='ocrx_word' id='word_1_461' title='bbox 2909 3187 3134 3239; x_wconf 87' lang='lat' dir='ltr'><strong>prorsus</strong></span> <span class='ocrx_word' id='word_1_462' title='bbox 3166 3172 3366 3225; x_wconf 90' lang='lat' dir='ltr'><strong>eximia</strong></span> <span class='ocrx_word' id='word_1_463' title='bbox 3399 3172 3542 3227; x_wconf 87' lang='lat' dir='ltr'><strong>inter</strong></span> 
     </span>
    </p>
   </div>
   <div class='ocr_carea' id='block_1_62' title="bbox 1972 3262 3539 3333">
    <p class='ocr_par' dir='ltr' id='par_1_62' title="bbox 1972 3262 3539 3333">
     <span class='ocr_line' id='line_1_62' title="bbox 1972 3262 3539 3333; baseline -0.003 -13"><span class='ocrx_word' id='word_1_464' title='bbox 1972 3281 2200 3329; x_wconf 91' lang='lat' dir='ltr'><strong>omnes,</strong></span> <span class='ocrx_word' id='word_1_465' title='bbox 2248 3279 2343 3333; x_wconf 91' lang='lat' dir='ltr'><strong>per</strong></span> <span class='ocrx_word' id='word_1_466' title='bbox 2384 3264 2623 3315; x_wconf 87' lang='lat' dir='ltr'><strong>divinam</strong></span> <span class='ocrx_word' id='word_1_467' title='bbox 2677 3276 2804 3330; x_wconf 91' lang='lat' dir='ltr'><strong>erga</strong></span> <span class='ocrx_word' id='word_1_468' title='bbox 2852 3262 3101 3315; x_wconf 89' lang='lat' dir='ltr'><strong>homines</strong></span> <span class='ocrx_word' id='word_1_469' title='bbox 3141 3262 3539 3329; x_wconf 89' lang='lat' dir='ltr'><strong>dignationem,</strong></span> 
     </span>
    </p>
   </div>
   <div class='ocr_carea' id='block_1_63' title="bbox 278 3351 1961 3429">
    <p class='ocr_par' dir='ltr' id='par_1_63' title="bbox 278 3351 1934 3429">
     <span class='ocr_line' id='line_1_63' title="bbox 278 3351 1934 3429; baseline 0.004 -23"><span class='ocrx_word' id='word_1_470' title='bbox 278 3357 471 3422; x_wconf 81' lang='grc' dir='ltr'>σαφῶς</span> <span class='ocrx_word' id='word_1_471' title='bbox 522 3356 930 3425; x_wconf 77' lang='grc' dir='ltr'>ἔπιδειξαμένη,</span> <span class='ocrx_word' id='word_1_472' title='bbox 983 3362 1075 3412; x_wconf 82' lang='grc' dir='ltr'>καὶ</span> <span class='ocrx_word' id='word_1_473' title='bbox 1114 3353 1225 3412; x_wconf 77' lang='grc' dir='ltr'>οἷον</span> <span class='ocrx_word' id='word_1_474' title='bbox 1272 3357 1412 3413; x_wconf 76' lang='grc' dir='ltr'>εἶναι</span> <span class='ocrx_word' id='word_1_475' title='bbox 1456 3362 1562 3429; x_wconf 75' lang='grc' dir='ltr'><strong>χρὴ</strong></span> <span class='ocrx_word' id='word_1_476' title='bbox 1599 3364 1701 3414; x_wconf 81' lang='grc' dir='ltr'>κάν</span> <span class='ocrx_word' id='word_1_477' title='bbox 1749 3363 1860 3423; x_wconf 76' lang='grc' dir='ltr'>τοῖς</span> <span class='ocrx_word' id='word_1_478' title='bbox 1892 3351 1934 3408; x_wconf 82' lang='lat' dir='ltr'><strong><em>C</em></strong></span> 
     </span>
    </p>
   </div>
   <div class='ocr_carea' id='block_1_64' title="bbox 1853 3351 3536 3429">
    <p class='ocr_par' dir='ltr' id='par_1_64' title="bbox 1853 3351 3536 3422">
     <span class='ocr_line' id='line_1_64' title="bbox 1853 3351 3536 3422; baseline -0.001 -14"><span class='ocrx_word' id='word_1_479' title='bbox 1853 3380 1860 3422; x_wconf 85' lang='lat'>;</span> <span class='ocrx_word' id='word_1_480' title='bbox 1892 3351 1934 3408; x_wconf 87' lang='lat' dir='ltr'><strong><em>C</em></strong></span> <span class='ocrx_word' id='word_1_481' title='bbox 1967 3358 2209 3419; x_wconf 85' lang='lat' dir='ltr'><strong>etl&#39;ulsit,</strong></span> <span class='ocrx_word' id='word_1_482' title='bbox 2254 3366 2307 3410; x_wconf 90' lang='lat' dir='ltr'><strong>et</strong></span> <span class='ocrx_word' id='word_1_483' title='bbox 2352 3354 2570 3408; x_wconf 68' lang='lat' dir='ltr'><strong>virtutis</strong></span> <span class='ocrx_word' id='word_1_484' title='bbox 2616 3355 2830 3408; x_wconf 89' lang='lat' dir='ltr'><strong>culmen</strong></span> <span class='ocrx_word' id='word_1_485' title='bbox 2868 3363 2977 3406; x_wconf 88' lang='lat' dir='ltr'><strong>tam</strong></span> <span class='ocrx_word' id='word_1_486' title='bbox 3016 3354 3303 3408; x_wconf 80' lang='lat' dir='ltr'><strong>manifeste</strong></span> <span class='ocrx_word' id='word_1_487' title='bbox 3342 3356 3536 3420; x_wconf 89' lang='lat' dir='ltr'><strong>tenuit,</strong></span> 
     </span>
    </p>
   </div>
   <div class='ocr_carea' id='block_1_65' title="bbox 276 3448 1861 3522">
    <p class='ocr_par' dir='ltr' id='par_1_65' title="bbox 276 3448 1861 3522">
     <span class='ocr_line' id='line_1_65' title="bbox 276 3448 1861 3522; baseline 0.003 -23"><span class='ocrx_word' id='word_1_488' title='bbox 276 3449 464 3516; x_wconf 80' lang='grc' dir='ltr'>ἔργοις</span> <span class='ocrx_word' id='word_1_489' title='bbox 482 3449 573 3499; x_wconf 73' lang='grc' dir='ltr'>τὸν</span> <span class='ocrx_word' id='word_1_490' title='bbox 604 3448 771 3519; x_wconf 85' lang='grc' dir='ltr'>(νοῦν)</span> <span class='ocrx_word' id='word_1_491' title='bbox 801 3450 922 3502; x_wconf 85' lang='grc' dir='ltr'>κατ’</span> <span class='ocrx_word' id='word_1_492' title='bbox 953 3450 1137 3503; x_wconf 77' lang='grc' dir='ltr'>είκόνα</span> <span class='ocrx_word' id='word_1_493' title='bbox 1165 3453 1426 3519; x_wconf 85' lang='grc' dir='ltr'>γεγονότα</span> <span class='ocrx_word' id='word_1_494' title='bbox 1451 3453 1600 3505; x_wconf 85' lang='grc' dir='ltr'>θείαν</span> <span class='ocrx_word' id='word_1_495' title='bbox 1624 3454 1714 3522; x_wconf 76' lang='grc' dir='ltr'><strong>(ν)·</strong></span> <span class='ocrx_word' id='word_1_496' title='bbox 1742 3454 1861 3505; x_wconf 84' lang='grc' dir='ltr'>ἐπεί</span> 
     </span>
    </p>
   </div>
   <div class='ocr_carea' id='block_1_66' title="bbox 277 3539 1863 3611">
    <p class='ocr_par' dir='ltr' id='par_1_66' title="bbox 277 3539 1863 3611">
     <span class='ocr_line' id='line_1_66' title="bbox 277 3539 1863 3611; baseline 0.004 -20"><span class='ocrx_word' id='word_1_497' title='bbox 277 3556 344 3606; x_wconf 80' lang='grc' dir='ltr'><strong>γε</strong></span> <span class='ocrx_word' id='word_1_498' title='bbox 396 3540 500 3591; x_wconf 86' lang='grc' dir='ltr'><strong>ούκ</strong></span> <span class='ocrx_word' id='word_1_499' title='bbox 547 3539 655 3592; x_wconf 83' lang='grc' dir='ltr'><strong>ἀπὸ</strong></span> <span class='ocrx_word' id='word_1_500' title='bbox 681 3540 785 3609; x_wconf 84' lang='grc' dir='ltr'>γῆς</span> <span class='ocrx_word' id='word_1_501' title='bbox 839 3541 937 3611; x_wconf 81' lang='grc' dir='ltr'>τὴν</span> <span class='ocrx_word' id='word_1_502' title='bbox 983 3543 1195 3608; x_wconf 75' lang='grc' dir='ltr'>γένεσιν</span> <span class='ocrx_word' id='word_1_503' title='bbox 1230 3544 1409 3611; x_wconf 84' lang='grc' dir='ltr'>ἔσχεν,</span> <span class='ocrx_word' id='word_1_504' title='bbox 1466 3544 1575 3596; x_wconf 83' lang='grc' dir='ltr'><strong>οὐδ’</strong></span> <span class='ocrx_word' id='word_1_505' title='bbox 1614 3545 1863 3599; x_wconf 78' lang='grc' dir='ltr'>ἐντεῦθεν</span> 
     </span>
    </p>
   </div>
   <div class='ocr_carea' id='block_1_67' title="bbox 278 3627 1863 3705">
    <p class='ocr_par' dir='ltr' id='par_1_67' title="bbox 278 3627 1863 3705">
     <span class='ocr_line' id='line_1_67' title="bbox 278 3627 1863 3705; baseline 0.002 -21"><span class='ocrx_word' id='word_1_506' title='bbox 278 3627 433 3685; x_wconf 77' lang='grc' dir='ltr'>εἷλκε</span> <span class='ocrx_word' id='word_1_507' title='bbox 463 3634 529 3685; x_wconf 88' lang='grc' dir='ltr'>τὸ</span> <span class='ocrx_word' id='word_1_508' title='bbox 564 3635 743 3701; x_wconf 88' lang='grc' dir='ltr'>γένος,</span> <span class='ocrx_word' id='word_1_509' title='bbox 776 3632 893 3686; x_wconf 81' lang='grc' dir='ltr'>ἀλλ’</span> <span class='ocrx_word' id='word_1_510' title='bbox 920 3637 983 3686; x_wconf 84' lang='grc' dir='ltr'><strong>ἔκ</strong></span> <span class='ocrx_word' id='word_1_511' title='bbox 1016 3635 1173 3705; x_wconf 89' lang='grc' dir='ltr'>(Θεοῦ</span> <span class='ocrx_word' id='word_1_512' title='bbox 1192 3651 1209 3667; x_wconf 75' lang='grc' dir='ltr'><strong>ο</strong></span> <span class='ocrx_word' id='word_1_513' title='bbox 1249 3635 1345 3687; x_wconf 90' lang='grc' dir='ltr'><strong>τοῦ</strong></span> <span class='ocrx_word' id='word_1_514' title='bbox 1366 3636 1448 3704; x_wconf 84' lang='grc' dir='ltr'><strong>δ’)</strong></span> <span class='ocrx_word' id='word_1_515' title='bbox 1478 3635 1586 3705; x_wconf 79' lang='grc' dir='ltr'>ἄρα</span> <span class='ocrx_word' id='word_1_516' title='bbox 1613 3636 1746 3687; x_wconf 85' lang='grc' dir='ltr'>Θεοῦ</span> <span class='ocrx_word' id='word_1_517' title='bbox 1773 3637 1863 3688; x_wconf 80' lang='grc' dir='ltr'>καὶ</span> 
     </span>
    </p>
   </div>
   <div class='ocr_carea' id='block_1_68' title="bbox 275 3724 1860 3797">
    <p class='ocr_par' dir='ltr' id='par_1_68' title="bbox 275 3724 1860 3797">
     <span class='ocr_line' id='line_1_68' title="bbox 275 3724 1860 3797; baseline 0.003 -22"><span class='ocrx_word' id='word_1_518' title='bbox 275 3725 390 3777; x_wconf 86' lang='grc' dir='ltr'><strong>τῶν</strong></span> <span class='ocrx_word' id='word_1_519' title='bbox 444 3724 725 3793; x_wconf 78' lang='grc' dir='ltr'>Ὀλύμπου</span> <span class='ocrx_word' id='word_1_520' title='bbox 772 3728 1115 3797; x_wconf 82' lang='grc' dir='ltr'>πραγμάτων</span> <span class='ocrx_word' id='word_1_521' title='bbox 1154 3727 1436 3793; x_wconf 83' lang='grc' dir='ltr'>εποθεῖτο,</span> <span class='ocrx_word' id='word_1_522' title='bbox 1468 3728 1564 3779; x_wconf 77' lang='grc' dir='ltr'>καὶ</span> <span class='ocrx_word' id='word_1_523' title='bbox 1606 3727 1860 3797; x_wconf 77' lang='grc' dir='ltr'>καθαρῶς</span> 
     </span>
    </p>
   </div>
   <div class='ocr_carea' id='block_1_69' title="bbox 276 3813 1864 3885">
    <p class='ocr_par' dir='ltr' id='par_1_69' title="bbox 276 3813 1864 3885">
     <span class='ocr_line' id='line_1_69' title="bbox 276 3813 1864 3885; baseline -0.001 -18"><span class='ocrx_word' id='word_1_524' title='bbox 276 3813 592 3879; x_wconf 81' lang='grc' dir='ltr'>ἀπαλλάξαι</span> <span class='ocrx_word' id='word_1_525' title='bbox 640 3816 751 3867; x_wconf 89' lang='grc' dir='ltr'><strong>τῶν</strong></span> <span class='ocrx_word' id='word_1_526' title='bbox 786 3818 971 3881; x_wconf 76' lang='grc' dir='ltr'>κάτω,</span> <span class='ocrx_word' id='word_1_527' title='bbox 1012 3813 1088 3870; x_wconf 83' lang='grc' dir='ltr'><strong>ῶν</strong></span> <span class='ocrx_word' id='word_1_528' title='bbox 1122 3818 1216 3868; x_wconf 75' lang='grc' dir='ltr'>καὶ</span> <span class='ocrx_word' id='word_1_529' title='bbox 1252 3817 1487 3885; x_wconf 84' lang='grc' dir='ltr'>πρόσθεν</span> <span class='ocrx_word' id='word_1_530' title='bbox 1518 3815 1671 3868; x_wconf 78' lang='grc' dir='ltr'>οὐδὲν</span> <span class='ocrx_word' id='word_1_531' title='bbox 1703 3813 1864 3885; x_wconf 76' lang='grc' dir='ltr'>ἦττον</span> 
     </span>
    </p>
   </div>
   <div class='ocr_carea' id='block_1_70' title="bbox 278 3904 1862 3978">
    <p class='ocr_par' dir='ltr' id='par_1_70' title="bbox 278 3904 1862 3978">
     <span class='ocr_line' id='line_1_70' title="bbox 278 3904 1862 3978; baseline 0.001 -20"><span class='ocrx_word' id='word_1_532' title='bbox 278 3923 496 3978; x_wconf 77' lang='grc' dir='ltr'>μετηρε</span> <span class='ocrx_word' id='word_1_533' title='bbox 518 3945 535 3970; x_wconf 88' lang='grc'><strong>,</strong></span> <span class='ocrx_word' id='word_1_534' title='bbox 578 3904 843 3959; x_wconf 80' lang='grc' dir='ltr'>λαϐέσθαι</span> <span class='ocrx_word' id='word_1_535' title='bbox 875 3908 930 3960; x_wconf 77' lang='grc' dir='ltr'><strong>δὲ</strong></span> <span class='ocrx_word' id='word_1_536' title='bbox 966 3908 1075 3960; x_wconf 88' lang='grc' dir='ltr'><strong>τῶν</strong></span> <span class='ocrx_word' id='word_1_537' title='bbox 1108 3908 1221 3961; x_wconf 77' lang='grc' dir='ltr'>ἅνω</span> <span class='ocrx_word' id='word_1_538' title='bbox 1255 3910 1347 3961; x_wconf 65' lang='grc' dir='ltr'><strong>καί⁵</strong></span> <span class='ocrx_word' id='word_1_539' title='bbox 1374 3908 1513 3976; x_wconf 78' lang='grc' dir='ltr'>αὐτῇ</span> <span class='ocrx_word' id='word_1_540' title='bbox 1554 3908 1862 3977; x_wconf 87' lang='grc' dir='ltr'>προσηκόν-</span> 
     </span>
    </p>
   </div>
   <div class='ocr_carea' id='block_1_71' title="bbox 274 4000 1864 4071">
    <p class='ocr_par' dir='ltr' id='par_1_71' title="bbox 274 4000 1864 4071">
     <span class='ocr_line' id='line_1_71' title="bbox 274 4000 1864 4071; baseline 0 -19"><span class='ocrx_word' id='word_1_541' title='bbox 274 4015 408 4053; x_wconf 84' lang='grc' dir='ltr'>των.</span> <span class='ocrx_word' id='word_1_542' title='bbox 454 4001 567 4053; x_wconf 79' lang='grc' dir='ltr'><strong>Καὶ</strong></span> <span class='ocrx_word' id='word_1_543' title='bbox 598 4002 778 4052; x_wconf 84' lang='grc' dir='ltr'>τοίνυν</span> <span class='ocrx_word' id='word_1_544' title='bbox 813 4004 869 4053; x_wconf 81' lang='grc' dir='ltr'>ἐν</span> <span class='ocrx_word' id='word_1_545' title='bbox 904 4001 1193 4070; x_wconf 85' lang='grc' dir='ltr'>βαθυτάτῳ</span> <span class='ocrx_word' id='word_1_546' title='bbox 1234 4001 1328 4055; x_wconf 81' lang='grc' dir='ltr'>καὶ</span> <span class='ocrx_word' id='word_1_547' title='bbox 1362 4000 1507 4071; x_wconf 80' lang='grc' dir='ltr'>μάλα</span> <span class='ocrx_word' id='word_1_548' title='bbox 1539 4000 1686 4053; x_wconf 89' lang='grc' dir='ltr'>πίονι</span> <span class='ocrx_word' id='word_1_549' title='bbox 1720 4004 1864 4070; x_wconf 78' lang='grc' dir='ltr'>γήρᾳ</span> 
     </span>
    </p>
   </div>
   <div class='ocr_carea' id='block_1_72' title="bbox 278 4092 1863 4162">
    <p class='ocr_par' dir='ltr' id='par_1_72' title="bbox 278 4092 1863 4162">
     <span class='ocr_line' id='line_1_72' title="bbox 278 4092 1863 4162; baseline -0.001 -18"><span class='ocrx_word' id='word_1_550' title='bbox 278 4093 549 4145; x_wconf 86' lang='grc' dir='ltr'>καταλύει</span> <span class='ocrx_word' id='word_1_551' title='bbox 576 4093 667 4144; x_wconf 83' lang='grc' dir='ltr'>τὸν</span> <span class='ocrx_word' id='word_1_552' title='bbox 700 4092 836 4162; x_wconf 83' lang='grc' dir='ltr'>βίον,</span> <span class='ocrx_word' id='word_1_553' title='bbox 866 4095 959 4146; x_wconf 70' lang='grc' dir='ltr'>καὶ</span> <span class='ocrx_word' id='word_1_554' title='bbox 987 4094 1080 4145; x_wconf 91' lang='grc' dir='ltr'><strong>νῦν</strong></span> <span class='ocrx_word' id='word_1_555' title='bbox 1110 4096 1260 4145; x_wconf 82' lang='grc' dir='ltr'>ἔστιν</span> <span class='ocrx_word' id='word_1_556' title='bbox 1286 4095 1343 4145; x_wconf 85' lang='grc' dir='ltr'><strong>ὲν</strong></span> <span class='ocrx_word' id='word_1_557' title='bbox 1371 4096 1481 4155; x_wconf 85' lang='grc' dir='ltr'>τοῖς</span> <span class='ocrx_word' id='word_1_558' title='bbox 1510 4094 1757 4161; x_wconf 84' lang='grc' dir='ltr'>οὐρανοῖς</span> <span class='ocrx_word' id='word_1_559' title='bbox 1788 4092 1863 4161; x_wconf 85' lang='grc' dir='ltr'>τῷ</span> 
     </span>
    </p>
   </div>
   <div class='ocr_carea' id='block_1_73' title="bbox 278 4182 1865 4255">
    <p class='ocr_par' dir='ltr' id='par_1_73' title="bbox 278 4182 1865 4255">
     <span class='ocr_line' id='line_1_73' title="bbox 278 4182 1865 4255; baseline 0 -20"><span class='ocrx_word' id='word_1_560' title='bbox 278 4182 664 4255; x_wconf 78' lang='grc' dir='ltr'>καθαρωτάτῳ</span> <span class='ocrx_word' id='word_1_561' title='bbox 695 4186 791 4236; x_wconf 76' lang='grc' dir='ltr'>καὶ</span> <span class='ocrx_word' id='word_1_562' title='bbox 823 4186 1277 4255; x_wconf 80' lang='grc' dir='ltr'>ἀκραιφνεστάτῳ</span> <span class='ocrx_word' id='word_1_563' title='bbox 1312 4185 1405 4237; x_wconf 77' lang='grc' dir='ltr'>καὶ</span> <span class='ocrx_word' id='word_1_564' title='bbox 1432 4185 1700 4253; x_wconf 86' lang='grc' dir='ltr'>τρισηλίῳ</span> <span class='ocrx_word' id='word_1_565' title='bbox 1736 4201 1865 4235; x_wconf 87' lang='grc' dir='ltr'>συν-</span> 
     </span>
    </p>
   </div>
   <div class='ocr_carea' id='block_1_74' title="bbox 276 4276 1860 4346">
    <p class='ocr_par' dir='ltr' id='par_1_74' title="bbox 276 4276 1860 4346">
     <span class='ocr_line' id='line_1_74' title="bbox 276 4276 1860 4346; baseline 0.001 -19"><span class='ocrx_word' id='word_1_566' title='bbox 276 4276 418 4329; x_wconf 88' lang='grc' dir='ltr'>οῦσα</span> <span class='ocrx_word' id='word_1_567' title='bbox 451 4280 631 4345; x_wconf 81' lang='grc' dir='ltr'>φωτὶ,</span> <span class='ocrx_word' id='word_1_568' title='bbox 666 4280 762 4328; x_wconf 61' lang='grc' dir='ltr'><strong>καί⁸</strong></span> <span class='ocrx_word' id='word_1_569' title='bbox 789 4279 910 4339; x_wconf 88' lang='grc' dir='ltr'>ταῖς</span> <span class='ocrx_word' id='word_1_570' title='bbox 945 4276 1155 4329; x_wconf 77' lang='grc' dir='ltr'>ἐκεῖθεν</span> <span class='ocrx_word' id='word_1_571' title='bbox 1194 4280 1409 4330; x_wconf 83' lang='grc' dir='ltr'>ἀκτῖσιν</span> <span class='ocrx_word' id='word_1_572' title='bbox 1447 4276 1541 4345; x_wconf 84' lang='grc' dir='ltr'>ὅλη</span> <span class='ocrx_word' id='word_1_573' title='bbox 1593 4278 1860 4346; x_wconf 85' lang='grc' dir='ltr'>γενομένη</span> 
     </span>
    </p>
   </div>
   <div class='ocr_carea' id='block_1_75' title="bbox 278 4368 1863 4441">
    <p class='ocr_par' dir='ltr' id='par_1_75' title="bbox 278 4368 1863 4441">
     <span class='ocr_line' id='line_1_75' title="bbox 278 4368 1863 4441; baseline -0.003 -18"><span class='ocrx_word' id='word_1_574' title='bbox 278 4369 605 4441; x_wconf 82' lang='grc' dir='ltr'>φωτοειδὴς,</span> <span class='ocrx_word' id='word_1_575' title='bbox 636 4368 1210 4440; x_wconf 42' lang='grc' dir='ltr'>ὲναργεῖςιάποδείξεις</span> <span class='ocrx_word' id='word_1_576' title='bbox 1242 4368 1490 4435; x_wconf 85' lang='grc' dir='ltr'>ἐκφαίνει</span> <span class='ocrx_word' id='word_1_577' title='bbox 1512 4371 1742 4438; x_wconf 77' lang='grc' dir='ltr'>ταυτησὶ</span> <span class='ocrx_word' id='word_1_578' title='bbox 1765 4369 1863 4435; x_wconf 80' lang='grc' dir='ltr'>τῆς</span> 
     </span>
    </p>
   </div>
   <div class='ocr_carea' id='block_1_76' title="bbox 278 4459 1864 4531">
    <p class='ocr_par' dir='ltr' id='par_1_76' title="bbox 278 4459 1864 4531">
     <span class='ocr_line' id='line_1_76' title="bbox 278 4459 1864 4531; baseline -0.001 -18"><span class='ocrx_word' id='word_1_579' title='bbox 278 4461 719 4531; x_wconf 77' lang='grc' dir='ltr'>μακαριότητος,</span> <span class='ocrx_word' id='word_1_580' title='bbox 747 4462 809 4514; x_wconf 83' lang='grc' dir='ltr'>τὸ</span> <span class='ocrx_word' id='word_1_581' title='bbox 842 4462 1003 4531; x_wconf 89' lang='grc' dir='ltr'>σῶμα</span> <span class='ocrx_word' id='word_1_582' title='bbox 1030 4461 1091 4513; x_wconf 80' lang='grc' dir='ltr'><strong>τὸ</strong></span> <span class='ocrx_word' id='word_1_583' title='bbox 1121 4460 1262 4513; x_wconf 88' lang='grc' dir='ltr'>θεῖον</span> <span class='ocrx_word' id='word_1_584' title='bbox 1288 4459 1486 4530; x_wconf 16' lang='grc' dir='ltr'>μύρων,</span> <span class='ocrx_word' id='word_1_585' title='bbox 1506 4459 1864 4512; x_wconf 78' lang='grc' dir='ltr'>ἀναδεικνῦσα</span> 
     </span>
    </p>
   </div>
   <div class='ocr_carea' id='block_1_77' title="bbox 278 4555 493 4623">
    <p class='ocr_par' dir='ltr' id='par_1_77' title="bbox 278 4555 493 4623">
     <span class='ocr_line' id='line_1_77' title="bbox 278 4555 493 4623; baseline 0.005 -2"><span class='ocrx_word' id='word_1_586' title='bbox 278 4555 493 4623; x_wconf 82' lang='grc' dir='ltr'>πηγήν-</span> 
     </span>
    </p>
   </div>
   <div class='ocr_carea' id='block_1_78' title="bbox 352 4635 1864 4710">
    <p class='ocr_par' dir='ltr' id='par_1_78' title="bbox 352 4635 1864 4710">
     <span class='ocr_line' id='line_1_78' title="bbox 352 4635 1864 4710; baseline -0.004 -13"><span class='ocrx_word' id='word_1_587' title='bbox 352 4645 423 4697; x_wconf 85' lang='grc' dir='ltr'><strong>κ⁹.</strong></span> <span class='ocrx_word' id='word_1_588' title='bbox 474 4642 640 4703; x_wconf 78' lang='grc' dir='ltr'>Ἀλλ’,</span> <span class='ocrx_word' id='word_1_589' title='bbox 672 4635 717 4695; x_wconf 81' lang='grc' dir='ltr'><strong>ὦ</strong></span> <span class='ocrx_word' id='word_1_590' title='bbox 748 4640 837 4693; x_wconf 73' lang='grc' dir='ltr'>διὰ</span> <span class='ocrx_word' id='word_1_591' title='bbox 870 4642 1087 4692; x_wconf 84' lang='grc' dir='ltr'>πάντων</span> <span class='ocrx_word' id='word_1_592' title='bbox 1120 4638 1368 4710; x_wconf 85' lang='grc' dir='ltr'>βελτίστη</span> <span class='ocrx_word' id='word_1_593' title='bbox 1415 4640 1624 4703; x_wconf 84' lang='grc' dir='ltr'>πασῶν,</span> <span class='ocrx_word' id='word_1_594' title='bbox 1658 4640 1754 4692; x_wconf 77' lang='grc' dir='ltr'>καὶ</span> <span class='ocrx_word' id='word_1_595' title='bbox 1789 4639 1864 4709; x_wconf 82' lang='grc' dir='ltr'>μὴ</span> 
     </span>
    </p>
   </div>
   <div class='ocr_carea' id='block_1_79' title="bbox 280 4731 1869 4803">
    <p class='ocr_par' dir='ltr' id='par_1_79' title="bbox 280 4731 1869 4803">
     <span class='ocr_line' id='line_1_79' title="bbox 280 4731 1869 4803; baseline -0.003 -16"><span class='ocrx_word' id='word_1_596' title='bbox 280 4736 450 4803; x_wconf 87' lang='grc' dir='ltr'>μόνον</span> <span class='ocrx_word' id='word_1_597' title='bbox 499 4733 680 4795; x_wconf 82' lang='grc' dir='ltr'>πάσας</span> <span class='ocrx_word' id='word_1_598' title='bbox 724 4732 1175 4801; x_wconf 79' lang='grc' dir='ltr'>ὑπερϐαλλομένη</span> <span class='ocrx_word' id='word_1_599' title='bbox 1218 4734 1328 4793; x_wconf 88' lang='grc' dir='ltr'>τοῖς</span> <span class='ocrx_word' id='word_1_600' title='bbox 1373 4731 1550 4793; x_wconf 80' lang='grc' dir='ltr'>ὅλοις,</span> <span class='ocrx_word' id='word_1_601' title='bbox 1604 4731 1740 4782; x_wconf 81' lang='grc' dir='ltr'>ἀλλὰ</span> <span class='ocrx_word' id='word_1_602' title='bbox 1774 4731 1869 4783; x_wconf 82' lang='grc' dir='ltr'>καὶ</span> 
     </span>
    </p>
   </div>
   <div class='ocr_carea' id='block_1_80' title="bbox 277 4822 1867 4897">
    <p class='ocr_par' dir='ltr' id='par_1_80' title="bbox 277 4822 1867 4897">
     <span class='ocr_line' id='line_1_80' title="bbox 277 4822 1867 4897; baseline -0.003 -18"><span class='ocrx_word' id='word_1_603' title='bbox 277 4826 653 4897; x_wconf 73' lang='grc' dir='ltr'>διαφερόντως</span> <span class='ocrx_word' id='word_1_604' title='bbox 689 4826 1041 4894; x_wconf 81' lang='grc' dir='ltr'>κοσμήσασαί</span> <span class='ocrx_word' id='word_1_605' title='bbox 1082 4841 1127 4877; x_wconf 94' lang='grc' dir='ltr'><strong>ω</strong></span> <span class='ocrx_word' id='word_1_606' title='bbox 1147 4822 1253 4875; x_wconf 85' lang='grc' dir='ltr'><strong>τῶν</strong></span> <span class='ocrx_word' id='word_1_607' title='bbox 1285 4822 1599 4891; x_wconf 80' lang='grc' dir='ltr'>ἀσκητικῶν</span> <span class='ocrx_word' id='word_1_608' title='bbox 1628 4822 1867 4892; x_wconf 84' lang='grc' dir='ltr'>ίδρώτων</span> 
     </span>
    </p>
   </div>
   <div class='ocr_carea' id='block_1_81' title="bbox 278 4910 1868 4985">
    <p class='ocr_par' dir='ltr' id='par_1_81' title="bbox 278 4910 1868 4985">
     <span class='ocr_line' id='line_1_81' title="bbox 278 4910 1868 4985; baseline -0.004 -17"><span class='ocrx_word' id='word_1_609' title='bbox 278 4918 408 4985; x_wconf 76' lang='grc' dir='ltr'>ὄρος</span> <span class='ocrx_word' id='word_1_610' title='bbox 456 4916 552 4967; x_wconf 80' lang='grc' dir='ltr'>καὶ</span> <span class='ocrx_word' id='word_1_611' title='bbox 602 4915 770 4975; x_wconf 87' lang='grc' dir='ltr'>τύπος</span> <span class='ocrx_word' id='word_1_612' title='bbox 813 4916 978 4966; x_wconf 82' lang='grc' dir='ltr'>πᾶσιν</span> <span class='ocrx_word' id='word_1_613' title='bbox 1016 4914 1379 4981; x_wconf 82' lang='grc' dir='ltr'>ἀναφανεῖσα,</span> <span class='ocrx_word' id='word_1_614' title='bbox 1422 4912 1516 4965; x_wconf 77' lang='grc' dir='ltr'>καὶ</span> <span class='ocrx_word' id='word_1_615' title='bbox 1561 4910 1651 4963; x_wconf 85' lang='grc' dir='ltr'>διὰ</span> <span class='ocrx_word' id='word_1_616' title='bbox 1693 4910 1868 4963; x_wconf 86' lang='grc' dir='ltr'>ταῦτα</span> 
     </span>
    </p>
   </div>
   <div class='ocr_carea' id='block_1_82' title="bbox 279 5006 1863 5085">
    <p class='ocr_par' dir='ltr' id='par_1_82' title="bbox 279 5006 1863 5085">
     <span class='ocr_line' id='line_1_82' title="bbox 279 5006 1863 5085; baseline -0.004 -23"><span class='ocrx_word' id='word_1_617' title='bbox 279 5007 589 5078; x_wconf 79' lang='grc' dir='ltr'>ἀξιόχρεως</span> <span class='ocrx_word' id='word_1_618' title='bbox 626 5008 728 5075; x_wconf 84' lang='grc' dir='ltr'>τῆς</span> <span class='ocrx_word' id='word_1_619' title='bbox 754 5008 981 5079; x_wconf 83' lang='grc' dir='ltr'>Τριάδος</span> <span class='ocrx_word' id='word_1_620' title='bbox 1012 5008 1188 5072; x_wconf 78' lang='grc' dir='ltr'>ἑστία,</span> <span class='ocrx_word' id='word_1_621' title='bbox 1222 5008 1321 5085; x_wconf 34' lang='grc' dir='ltr'>καὶ.</span> <span class='ocrx_word' id='word_1_622' title='bbox 1349 5007 1459 5059; x_wconf 90' lang='grc' dir='ltr'><strong>τῶν</strong></span> <span class='ocrx_word' id='word_1_623' title='bbox 1489 5006 1693 5074; x_wconf 86' lang='grc' dir='ltr'>ταύτης</span> <span class='ocrx_word' id='word_1_624' title='bbox 1727 5007 1863 5073; x_wconf 80' lang='grc' dir='ltr'>πρὸς</span> 
     </span>
    </p>
   </div>
   <div class='ocr_carea' id='block_1_83' title="bbox 396 5189 880 5255">
    <p class='ocr_par' dir='ltr' id='par_1_83' title="bbox 396 5189 880 5255">
     <span class='ocr_line' id='line_1_83' title="bbox 396 5189 880 5255; baseline -0.004 -11"><span class='ocrx_word' id='word_1_625' title='bbox 396 5193 414 5222; x_wconf 75' lang='grc'>⁸</span> <span class='ocrx_word' id='word_1_626' title='bbox 457 5189 608 5245; x_wconf 78' lang='lat' dir='ltr'><strong>Psal.</strong></span> <span class='ocrx_word' id='word_1_627' title='bbox 640 5204 797 5255; x_wconf 83' lang='lat' dir='ltr'><strong>cvm,</strong></span> <span class='ocrx_word' id='word_1_628' title='bbox 825 5190 880 5243; x_wconf 90' lang='lat'><strong>8.</strong></span> 
     </span>
    </p>
   </div>
   <div class='ocr_carea' id='block_1_84' title="bbox 360 5398 1872 5477">
    <p class='ocr_par' dir='ltr' id='par_1_84' title="bbox 360 5398 1872 5477">
     <span class='ocr_line' id='line_1_84' title="bbox 360 5398 1872 5477; baseline -0.006 -18"><span class='ocrx_word' id='word_1_629' title='bbox 360 5406 449 5477; x_wconf 80' lang='lat' dir='ltr'><strong>(p)</strong></span> <span class='ocrx_word' id='word_1_630' title='bbox 484 5403 586 5477; x_wconf 78' lang='lat' dir='ltr'><strong>llic</strong></span> <span class='ocrx_word' id='word_1_631' title='bbox 630 5416 850 5477; x_wconf 57' lang='lat' dir='ltr'><strong>quoque</strong></span> <span class='ocrx_word' id='word_1_632' title='bbox 886 5414 993 5454; x_wconf 88' lang='lat' dir='ltr'><strong>non</strong></span> <span class='ocrx_word' id='word_1_633' title='bbox 1022 5399 1137 5452; x_wconf 88' lang='lat' dir='ltr'><strong>sine</strong></span> <span class='ocrx_word' id='word_1_634' title='bbox 1173 5399 1390 5461; x_wconf 89' lang='lat' dir='ltr'><strong>mendo,</strong></span> <span class='ocrx_word' id='word_1_635' title='bbox 1427 5398 1872 5466; x_wconf 87' lang='lat' dir='ltr'><strong>interponebatur</strong></span> 
     </span>
    </p>
   </div>
   <div class='ocr_carea' id='block_1_85' title="bbox 283 5468 843 5544">
    <p class='ocr_par' dir='ltr' id='par_1_85' title="bbox 283 5468 843 5544">
     <span class='ocr_line' id='line_1_85' title="bbox 283 5468 843 5544; baseline -0.016 -13"><span class='ocrx_word' id='word_1_636' title='bbox 283 5468 502 5544; x_wconf 70' lang='lat' dir='ltr'><strong>aliquid</strong></span> <span class='ocrx_word' id='word_1_637' title='bbox 529 5473 605 5534; x_wconf 86' lang='grc' dir='ltr'>ὡς</span> <span class='ocrx_word' id='word_1_638' title='bbox 637 5468 669 5523; x_wconf 80' lang='grc' dir='ltr'><strong>κ</strong></span> <span class='ocrx_word' id='word_1_639' title='bbox 702 5468 756 5524; x_wconf 77' lang='grc' dir='ltr'>οἷ</span> <span class='ocrx_word' id='word_1_640' title='bbox 781 5472 843 5544; x_wconf 50' lang='grc' dir='ltr'><strong>δ’,</strong></span> 
     </span>
    </p>
   </div>
   <div class='ocr_carea' id='block_1_86' title="bbox 354 5538 1874 5614">
    <p class='ocr_par' dir='ltr' id='par_1_86' title="bbox 354 5538 1874 5614">
     <span class='ocr_line' id='line_1_86' title="bbox 354 5538 1874 5614; baseline -0.005 -17"><span class='ocrx_word' id='word_1_641' title='bbox 354 5538 433 5614; x_wconf 63' lang='grc' dir='ltr'><strong>(ἦ)</strong></span> <span class='ocrx_word' id='word_1_642' title='bbox 475 5543 716 5597; x_wconf 87' lang='lat' dir='ltr'><strong>Omnino</strong></span> <span class='ocrx_word' id='word_1_643' title='bbox 751 5543 1001 5594; x_wconf 73' lang='lat' dir='ltr'><strong>videntur</strong></span> <span class='ocrx_word' id='word_1_644' title='bbox 1048 5538 1133 5591; x_wconf 93' lang='lat' dir='ltr'><strong>hic</strong></span> <span class='ocrx_word' id='word_1_645' title='bbox 1184 5539 1365 5614; x_wconf 80' lang='lat' dir='ltr'><strong>aliqua</strong></span> <span class='ocrx_word' id='word_1_646' title='bbox 1417 5538 1754 5593; x_wconf 81' lang='lat' dir='ltr'><strong>desiderari:</strong></span> <span class='ocrx_word' id='word_1_647' title='bbox 1803 5539 1874 5614; x_wconf 76' lang='lat' dir='ltr'><strong>sit</strong></span> 
     </span>
    </p>
   </div>
   <div class='ocr_carea' id='block_1_87' title="bbox 282 5609 1865 5680">
    <p class='ocr_par' dir='ltr' id='par_1_87' title="bbox 282 5609 1865 5680">
     <span class='ocr_line' id='line_1_87' title="bbox 282 5609 1865 5680; baseline -0.005 -11"><span class='ocrx_word' id='word_1_648' title='bbox 282 5609 432 5670; x_wconf 76' lang='lat' dir='ltr'><strong>enim</strong></span> <span class='ocrx_word' id='word_1_649' title='bbox 468 5616 536 5667; x_wconf 90' lang='lat' dir='ltr'><strong>ad</strong></span> <span class='ocrx_word' id='word_1_650' title='bbox 572 5615 746 5680; x_wconf 88' lang='lat' dir='ltr'><strong>ipsam</strong></span> <span class='ocrx_word' id='word_1_651' title='bbox 802 5622 1047 5664; x_wconf 88' lang='lat' dir='ltr'><strong>sanctam</strong></span> <span class='ocrx_word' id='word_1_652' title='bbox 1092 5611 1439 5678; x_wconf 85' lang='lat' dir='ltr'><strong>apostrophe.</strong></span> <span class='ocrx_word' id='word_1_653' title='bbox 1489 5624 1651 5677; x_wconf 87' lang='lat' dir='ltr'><strong>quam</strong></span> <span class='ocrx_word' id='word_1_654' title='bbox 1706 5609 1865 5662; x_wconf 91' lang='lat' dir='ltr'><strong>omisi</strong></span> 
     </span>
    </p>
   </div>
   <div class='ocr_carea' id='block_1_88' title="bbox 284 5680 1869 5749">
    <p class='ocr_par' dir='ltr' id='par_1_88' title="bbox 284 5680 1869 5749">
     <span class='ocr_line' id='line_1_88' title="bbox 284 5680 1869 5749; baseline -0.006 -11"><span class='ocrx_word' id='word_1_655' title='bbox 284 5686 483 5739; x_wconf 78' lang='lat' dir='ltr'><strong>Latine</strong></span> <span class='ocrx_word' id='word_1_656' title='bbox 535 5683 867 5749; x_wconf 75' lang='lat' dir='ltr'><strong>exprimere,</strong></span> <span class='ocrx_word' id='word_1_657' title='bbox 929 5681 1053 5747; x_wconf 83' lang='lat' dir='ltr'><strong>quia</strong></span> <span class='ocrx_word' id='word_1_658' title='bbox 1111 5695 1215 5731; x_wconf 89' lang='lat' dir='ltr'><strong>non</strong></span> <span class='ocrx_word' id='word_1_659' title='bbox 1274 5681 1406 5733; x_wconf 84' lang='lat' dir='ltr'><strong>satis</strong></span> <span class='ocrx_word' id='word_1_660' title='bbox 1439 5680 1666 5749; x_wconf 70' lang='lat' dir='ltr'><strong>rletinire</strong></span> <span class='ocrx_word' id='word_1_661' title='bbox 1716 5690 1869 5746; x_wconf 79' lang='lat' dir='ltr'><strong>pote-</strong></span> 
     </span>
    </p>
   </div>
   <div class='ocr_carea' id='block_1_89' title="bbox 285 5748 1868 5823">
    <p class='ocr_par' dir='ltr' id='par_1_89' title="bbox 285 5748 1868 5823">
     <span class='ocr_line' id='line_1_89' title="bbox 285 5748 1868 5823; baseline -0.004 -15"><span class='ocrx_word' id='word_1_662' title='bbox 285 5771 406 5808; x_wconf 81' lang='lat' dir='ltr'><strong>ram</strong></span> <span class='ocrx_word' id='word_1_663' title='bbox 465 5748 619 5823; x_wconf 86' lang='lat' dir='ltr'><strong>quid</strong></span> <span class='ocrx_word' id='word_1_664' title='bbox 659 5752 1005 5820; x_wconf 80' lang='lat' dir='ltr'><strong>potissimum</strong></span> <span class='ocrx_word' id='word_1_665' title='bbox 1075 5751 1374 5817; x_wconf 82' lang='lat' dir='ltr'><strong>supplendo</strong></span> <span class='ocrx_word' id='word_1_666' title='bbox 1447 5748 1628 5801; x_wconf 89' lang='lat' dir='ltr'><strong>sensui</strong></span> <span class='ocrx_word' id='word_1_667' title='bbox 1704 5749 1868 5801; x_wconf 86' lang='lat' dir='ltr'><strong>adde-</strong></span> 
     </span>
    </p>
   </div>
   <div class='ocr_carea' id='block_1_90' title="bbox 288 5840 426 5879">
    <p class='ocr_par' dir='ltr' id='par_1_90' title="bbox 288 5840 426 5879">
     <span class='ocr_line' id='line_1_90' title="bbox 288 5840 426 5879; baseline 0.007 -2"><span class='ocrx_word' id='word_1_668' title='bbox 288 5840 426 5879; x_wconf 81' lang='lat' dir='ltr'><strong>rem.</strong></span> 
     </span>
    </p>
   </div>
   <div class='ocr_carea' id='block_1_91' title="bbox 1964 3446 3541 3517">
    <p class='ocr_par' dir='ltr' id='par_1_91' title="bbox 1964 3446 3541 3517">
     <span class='ocr_line' id='line_1_91' title="bbox 1964 3446 3541 3517; baseline -0.001 -13"><span class='ocrx_word' id='word_1_669' title='bbox 1964 3450 2316 3517; x_wconf 84' lang='lat' dir='ltr'><strong>ostenditque</strong></span> <span class='ocrx_word' id='word_1_670' title='bbox 2348 3448 2501 3516; x_wconf 85' lang='lat' dir='ltr'><strong>ipsis,</strong></span> <span class='ocrx_word' id='word_1_671' title='bbox 2532 3448 2675 3500; x_wconf 86' lang='lat' dir='ltr'><strong>sicut</strong></span> <span class='ocrx_word' id='word_1_672' title='bbox 2698 3446 3008 3515; x_wconf 84' lang='lat' dir='ltr'><strong>oportebat,</strong></span> <span class='ocrx_word' id='word_1_673' title='bbox 3034 3446 3315 3515; x_wconf 89' lang='lat' dir='ltr'><strong>operibus,</strong></span> <span class='ocrx_word' id='word_1_674' title='bbox 3339 3448 3541 3503; x_wconf 88' lang='lat' dir='ltr'><strong>habere</strong></span> 
     </span>
    </p>
   </div>
   <div class='ocr_carea' id='block_1_92' title="bbox 1965 3538 3539 3610">
    <p class='ocr_par' dir='ltr' id='par_1_92' title="bbox 1965 3538 3539 3610">
     <span class='ocr_line' id='line_1_92' title="bbox 1965 3538 3539 3610; baseline -0.003 -14"><span class='ocrx_word' id='word_1_675' title='bbox 1965 3542 2215 3610; x_wconf 87' lang='lat' dir='ltr'><strong>spiritum</strong></span> <span class='ocrx_word' id='word_1_676' title='bbox 2266 3541 2331 3593; x_wconf 86' lang='lat' dir='ltr'><strong>ad</strong></span> <span class='ocrx_word' id='word_1_677' title='bbox 2369 3538 2608 3592; x_wconf 86' lang='lat' dir='ltr'><strong>divinam</strong></span> <span class='ocrx_word' id='word_1_678' title='bbox 2649 3546 2891 3591; x_wconf 83' lang='lat' dir='ltr'><strong>creatum</strong></span> <span class='ocrx_word' id='word_1_679' title='bbox 2925 3539 3212 3607; x_wconf 83' lang='lat' dir='ltr'><strong>imaginem</strong></span> <span class='ocrx_word' id='word_1_680' title='bbox 3242 3540 3366 3605; x_wconf 85' lang='lat' dir='ltr'><strong>(nec</strong></span> <span class='ocrx_word' id='word_1_681' title='bbox 3392 3539 3539 3593; x_wconf 91' lang='lat' dir='ltr'><strong>enim</strong></span> 
     </span>
    </p>
   </div>
   <div class='ocr_carea' id='block_1_93' title="bbox 1964 3628 3538 3699">
    <p class='ocr_par' dir='ltr' id='par_1_93' title="bbox 1964 3628 3538 3699">
     <span class='ocr_line' id='line_1_93' title="bbox 1964 3628 3538 3699; baseline -0.001 -12"><span class='ocrx_word' id='word_1_682' title='bbox 1964 3648 2032 3687; x_wconf 89' lang='lat' dir='ltr'><strong>ex</strong></span> <span class='ocrx_word' id='word_1_683' title='bbox 2062 3641 2207 3686; x_wconf 89' lang='lat' dir='ltr'><strong>terra</strong></span> <span class='ocrx_word' id='word_1_684' title='bbox 2240 3629 2610 3699; x_wconf 86' lang='lat' dir='ltr'><strong>generationis</strong></span> <span class='ocrx_word' id='word_1_685' title='bbox 2636 3643 2749 3682; x_wconf 73' lang='lat' dir='ltr'><strong>sua:</strong></span> <span class='ocrx_word' id='word_1_686' title='bbox 2782 3628 3108 3697; x_wconf 90' lang='lat' dir='ltr'><strong>principium</strong></span> <span class='ocrx_word' id='word_1_687' title='bbox 3136 3630 3316 3694; x_wconf 83' lang='lat' dir='ltr'><strong>habet,</strong></span> <span class='ocrx_word' id='word_1_688' title='bbox 3349 3633 3442 3684; x_wconf 92' lang='lat' dir='ltr'><strong>sed</strong></span> <span class='ocrx_word' id='word_1_689' title='bbox 3471 3647 3538 3685; x_wconf 87' lang='lat' dir='ltr'><strong>ex</strong></span> 
     </span>
    </p>
   </div>
   <div class='ocr_carea' id='block_1_94' title="bbox 1966 3720 3538 3791">
    <p class='ocr_par' dir='ltr' id='par_1_94' title="bbox 1966 3720 3538 3791">
     <span class='ocr_line' id='line_1_94' title="bbox 1966 3720 3538 3791; baseline 0.001 -15"><span class='ocrx_word' id='word_1_690' title='bbox 1966 3722 2125 3790; x_wconf 90' lang='lat' dir='ltr'><strong>Deo),</strong></span> <span class='ocrx_word' id='word_1_691' title='bbox 2153 3722 2395 3775; x_wconf 70' lang='lat' dir='ltr'><strong>t-(nlestia</strong></span> <span class='ocrx_word' id='word_1_692' title='bbox 2414 3720 2687 3773; x_wconf 83' lang='lat' dir='ltr'><strong>adamavit</strong></span> <span class='ocrx_word' id='word_1_693' title='bbox 2706 3735 2888 3789; x_wconf 82' lang='lat' dir='ltr'><strong>opera,</strong></span> <span class='ocrx_word' id='word_1_694' title='bbox 2910 3734 3079 3790; x_wconf 81' lang='lat' dir='ltr'><strong>seque</strong></span> <span class='ocrx_word' id='word_1_695' title='bbox 3107 3722 3317 3777; x_wconf 87' lang='lat' dir='ltr'><strong>studuit</strong></span> <span class='ocrx_word' id='word_1_696' title='bbox 3346 3737 3538 3791; x_wconf 87' lang='lat' dir='ltr'><strong>puram</strong></span> 
     </span>
    </p>
   </div>
   <div class='ocr_carea' id='block_1_95' title="bbox 1967 3813 3537 3882">
    <p class='ocr_par' dir='ltr' id='par_1_95' title="bbox 1967 3813 3537 3882">
     <span class='ocr_line' id='line_1_95' title="bbox 1967 3813 3537 3882; baseline -0.003 -11"><span class='ocrx_word' id='word_1_697' title='bbox 1967 3829 2190 3871; x_wconf 79' lang='lat' dir='ltr'><strong>servare</strong></span> <span class='ocrx_word' id='word_1_698' title='bbox 2215 3817 2282 3866; x_wconf 75' lang='lat' dir='ltr'><strong>ab</strong></span> <span class='ocrx_word' id='word_1_699' title='bbox 2319 3814 2521 3866; x_wconf 85' lang='lat' dir='ltr'><strong>inﬁmis</strong></span> <span class='ocrx_word' id='word_1_700' title='bbox 2556 3813 2727 3877; x_wconf 90' lang='lat' dir='ltr'><strong>hisce,</strong></span> <span class='ocrx_word' id='word_1_701' title='bbox 2756 3814 2955 3882; x_wconf 91' lang='lat' dir='ltr'><strong>quibus</strong></span> <span class='ocrx_word' id='word_1_702' title='bbox 2989 3827 3087 3867; x_wconf 91' lang='lat' dir='ltr'><strong>nec</strong></span> <span class='ocrx_word' id='word_1_703' title='bbox 3127 3822 3283 3867; x_wconf 82' lang='lat' dir='ltr'><strong>antea</strong></span> <span class='ocrx_word' id='word_1_704' title='bbox 3317 3814 3537 3881; x_wconf 88' lang='lat' dir='ltr'><strong>quidem</strong></span> 
     </span>
    </p>
   </div>
   <div class='ocr_carea' id='block_1_96' title="bbox 1964 3906 3537 3976">
    <p class='ocr_par' dir='ltr' id='par_1_96' title="bbox 1964 3906 3537 3976">
     <span class='ocr_line' id='line_1_96' title="bbox 1964 3906 3537 3976; baseline -0.002 -14"><span class='ocrx_word' id='word_1_705' title='bbox 1964 3922 2023 3962; x_wconf 84' lang='lat' dir='ltr'><strong>se</strong></span> <span class='ocrx_word' id='word_1_706' title='bbox 2055 3909 2393 3976; x_wconf 78' lang='lat' dir='ltr'><strong>permiserat,</strong></span> <span class='ocrx_word' id='word_1_707' title='bbox 2424 3915 2476 3959; x_wconf 89' lang='lat' dir='ltr'><strong>et</strong></span> <span class='ocrx_word' id='word_1_708' title='bbox 2506 3906 2915 3974; x_wconf 87' lang='lat' dir='ltr'><strong>apprehendere</strong></span> <span class='ocrx_word' id='word_1_709' title='bbox 2968 3920 3207 3975; x_wconf 90' lang='lat' dir='ltr'><strong>superna</strong></span> <span class='ocrx_word' id='word_1_710' title='bbox 3265 3915 3428 3975; x_wconf 90' lang='lat' dir='ltr'><strong>atque</strong></span> <span class='ocrx_word' id='word_1_711' title='bbox 3469 3906 3537 3959; x_wconf 89' lang='lat' dir='ltr'><strong>ad</strong></span> 
     </span>
    </p>
   </div>
   <div class='ocr_carea' id='block_1_97' title="bbox 1965 3998 3539 4068">
    <p class='ocr_par' dir='ltr' id='par_1_97' title="bbox 1965 3998 3539 4068">
     <span class='ocr_line' id='line_1_97' title="bbox 1965 3998 3539 4068; baseline 0.001 -16"><span class='ocrx_word' id='word_1_712' title='bbox 1965 4000 2193 4053; x_wconf 89' lang='lat' dir='ltr'><strong>salutem</strong></span> <span class='ocrx_word' id='word_1_713' title='bbox 2242 4000 2503 4067; x_wconf 89' lang='lat' dir='ltr'><strong>proticua.</strong></span> <span class='ocrx_word' id='word_1_714' title='bbox 2557 3999 2744 4066; x_wconf 91' lang='lat' dir='ltr'><strong>Itaque</strong></span> <span class='ocrx_word' id='word_1_715' title='bbox 2800 4014 2849 4051; x_wconf 85' lang='lat' dir='ltr'><strong>Ill</strong></span> <span class='ocrx_word' id='word_1_716' title='bbox 2888 3998 3155 4065; x_wconf 80' lang='lat' dir='ltr'><strong>profunda</strong></span> <span class='ocrx_word' id='word_1_717' title='bbox 3198 4010 3359 4068; x_wconf 90' lang='lat' dir='ltr'><strong>atque</strong></span> <span class='ocrx_word' id='word_1_718' title='bbox 3387 3999 3539 4054; x_wconf 87' lang='lat' dir='ltr'><strong>uberi</strong></span> 
     </span>
    </p>
   </div>
   <div class='ocr_carea' id='block_1_98' title="bbox 1967 4092 3539 4152">
    <p class='ocr_par' dir='ltr' id='par_1_98' title="bbox 1967 4092 3539 4152">
     <span class='ocr_line' id='line_1_98' title="bbox 1967 4092 3539 4152; baseline -0.001 -6"><span class='ocrx_word' id='word_1_719' title='bbox 1967 4100 2246 4147; x_wconf 89' lang='lat' dir='ltr'><strong>senectute</strong></span> <span class='ocrx_word' id='word_1_720' title='bbox 2273 4106 2302 4144; x_wconf 91' lang='lat' dir='ltr'><strong>e</strong></span> <span class='ocrx_word' id='word_1_721' title='bbox 2335 4092 2472 4144; x_wconf 81' lang='lat' dir='ltr'><strong>vivis</strong></span> <span class='ocrx_word' id='word_1_722' title='bbox 2513 4092 2670 4152; x_wconf 89' lang='lat' dir='ltr'><strong>abiit,</strong></span> <span class='ocrx_word' id='word_1_723' title='bbox 2704 4102 2757 4143; x_wconf 92' lang='lat' dir='ltr'><strong>et</strong></span> <span class='ocrx_word' id='word_1_724' title='bbox 2789 4106 2934 4144; x_wconf 89' lang='lat' dir='ltr'><strong>nunc</strong></span> <span class='ocrx_word' id='word_1_725' title='bbox 2967 4092 3020 4145; x_wconf 92' lang='lat' dir='ltr'><strong>in</strong></span> <span class='ocrx_word' id='word_1_726' title='bbox 3063 4092 3217 4146; x_wconf 69' lang='lat' dir='ltr'><strong>caelis</strong></span> <span class='ocrx_word' id='word_1_727' title='bbox 3255 4094 3539 4146; x_wconf 86' lang='lat' dir='ltr'><strong>coexsistit</strong></span> 
     </span>
    </p>
   </div>
   <div class='ocr_carea' id='block_1_99' title="bbox 1966 4182 3542 4254">
    <p class='ocr_par' dir='ltr' id='par_1_99' title="bbox 1966 4182 3542 4254">
     <span class='ocr_line' id='line_1_99' title="bbox 1966 4182 3542 4254; baseline 0 -16"><span class='ocrx_word' id='word_1_728' title='bbox 1966 4184 2265 4254; x_wconf 90' lang='lat' dir='ltr'><strong>purissimo</strong></span> <span class='ocrx_word' id='word_1_729' title='bbox 2289 4198 2351 4235; x_wconf 88' lang='lat' dir='ltr'><strong>ac</strong></span> <span class='ocrx_word' id='word_1_730' title='bbox 2377 4182 2779 4251; x_wconf 77' lang='lat' dir='ltr'><strong>perfectissimo</strong></span> <span class='ocrx_word' id='word_1_731' title='bbox 2803 4185 3043 4237; x_wconf 91' lang='lat' dir='ltr'><strong>trisolari</strong></span> <span class='ocrx_word' id='word_1_732' title='bbox 3067 4185 3293 4249; x_wconf 89' lang='lat' dir='ltr'><strong>lumini;</strong></span> <span class='ocrx_word' id='word_1_733' title='bbox 3319 4200 3542 4238; x_wconf 84' lang='lat' dir='ltr'><strong>manan-</strong></span> 
     </span>
    </p>
   </div>
   <div class='ocr_carea' id='block_1_100' title="bbox 1965 4274 3541 4345">
    <p class='ocr_par' dir='ltr' id='par_1_100' title="bbox 1965 4274 3541 4345">
     <span class='ocr_line' id='line_1_100' title="bbox 1965 4274 3541 4345; baseline 0.003 -16"><span class='ocrx_word' id='word_1_734' title='bbox 1965 4276 2218 4345; x_wconf 89' lang='lat' dir='ltr'><strong>tibusque</strong></span> <span class='ocrx_word' id='word_1_735' title='bbox 2249 4292 2311 4329; x_wconf 84' lang='lat' dir='ltr'><strong>ex</strong></span> <span class='ocrx_word' id='word_1_736' title='bbox 2344 4290 2407 4328; x_wconf 90' lang='lat' dir='ltr'><strong>eo</strong></span> <span class='ocrx_word' id='word_1_737' title='bbox 2448 4276 2616 4328; x_wconf 88' lang='lat' dir='ltr'><strong>radiis</strong></span> <span class='ocrx_word' id='word_1_738' title='bbox 2645 4284 2755 4329; x_wconf 90' lang='lat' dir='ltr'><strong>tota</strong></span> <span class='ocrx_word' id='word_1_739' title='bbox 2786 4274 2975 4329; x_wconf 82' lang='lat' dir='ltr'><strong>etl‘ecta</strong></span> <span class='ocrx_word' id='word_1_740' title='bbox 3006 4274 3333 4341; x_wconf 75' lang='lat' dir='ltr'><strong>lucil‘ormis,</strong></span> <span class='ocrx_word' id='word_1_741' title='bbox 3363 4277 3541 4333; x_wconf 84' lang='lat' dir='ltr'><strong>claras</strong></span> 
     </span>
    </p>
   </div>
   <div class='ocr_carea' id='block_1_101' title="bbox 1964 4366 3540 4437">
    <p class='ocr_par' dir='ltr' id='par_1_101' title="bbox 1964 4366 3540 4437">
     <span class='ocr_line' id='line_1_101' title="bbox 1964 4366 3540 4437; baseline 0.001 -16"><span class='ocrx_word' id='word_1_742' title='bbox 1964 4370 2466 4422; x_wconf 79' lang='lat' dir='ltr'><strong>demonstrationes</strong></span> <span class='ocrx_word' id='word_1_743' title='bbox 2504 4368 2704 4437; x_wconf 74' lang='lat' dir='ltr'><strong>prmbet</strong></span> <span class='ocrx_word' id='word_1_744' title='bbox 2744 4368 2890 4421; x_wconf 88' lang='lat' dir='ltr'><strong>illius</strong></span> <span class='ocrx_word' id='word_1_745' title='bbox 2923 4384 3036 4421; x_wconf 69' lang='lat' dir='ltr'><strong>suae</strong></span> <span class='ocrx_word' id='word_1_746' title='bbox 3072 4366 3379 4431; x_wconf 87' lang='lat' dir='ltr'><strong>beatitatis,</strong></span> <span class='ocrx_word' id='word_1_747' title='bbox 3414 4384 3540 4423; x_wconf 83' lang='lat' dir='ltr'><strong>cor-</strong></span> 
     </span>
    </p>
   </div>
   <div class='ocr_carea' id='block_1_102' title="bbox 1966 4460 3465 4530">
    <p class='ocr_par' dir='ltr' id='par_1_102' title="bbox 1966 4460 3465 4530">
     <span class='ocr_line' id='line_1_102' title="bbox 1966 4460 3465 4530; baseline 0.001 -17"><span class='ocrx_word' id='word_1_748' title='bbox 1966 4476 2067 4530; x_wconf 92' lang='lat' dir='ltr'><strong>pus</strong></span> <span class='ocrx_word' id='word_1_749' title='bbox 2092 4476 2251 4516; x_wconf 90' lang='lat' dir='ltr'><strong>suum</strong></span> <span class='ocrx_word' id='word_1_750' title='bbox 2287 4477 2504 4516; x_wconf 89' lang='lat' dir='ltr'><strong>sacrum</strong></span> <span class='ocrx_word' id='word_1_751' title='bbox 2533 4460 2773 4515; x_wconf 79' lang='lat' dir='ltr'><strong>emeiens</strong></span> <span class='ocrx_word' id='word_1_752' title='bbox 2805 4461 3009 4515; x_wconf 79' lang='lat' dir='ltr'><strong>fontem</strong></span> <span class='ocrx_word' id='word_1_753' title='bbox 3037 4471 3465 4530; x_wconf 82' lang='lat' dir='ltr'><strong>unguentorum.</strong></span> 
     </span>
    </p>
   </div>
   <div class='ocr_carea' id='block_1_103' title="bbox 2040 4643 3541 4713">
    <p class='ocr_par' dir='ltr' id='par_1_103' title="bbox 2040 4643 3541 4713">
     <span class='ocr_line' id='line_1_103' title="bbox 2040 4643 3541 4713; baseline 0.004 -16"><span class='ocrx_word' id='word_1_754' title='bbox 2040 4644 2130 4699; x_wconf 77' lang='lat'><strong>20.</strong></span> <span class='ocrx_word' id='word_1_755' title='bbox 2178 4645 2402 4705; x_wconf 88' lang='lat' dir='ltr'><strong>Verum,</strong></span> <span class='ocrx_word' id='word_1_756' title='bbox 2434 4659 2467 4697; x_wconf 88' lang='grc' dir='ltr'><strong>ο</strong></span> <span class='ocrx_word' id='word_1_757' title='bbox 2506 4644 2795 4698; x_wconf 89' lang='lat' dir='ltr'><strong>mulierum</strong></span> <span class='ocrx_word' id='word_1_758' title='bbox 2829 4643 3311 4713; x_wconf 75' lang='lat' dir='ltr'><strong>prazsmntissima,</strong></span> <span class='ocrx_word' id='word_1_759' title='bbox 3345 4654 3400 4701; x_wconf 90' lang='lat' dir='ltr'><strong>et</strong></span> <span class='ocrx_word' id='word_1_760' title='bbox 3430 4661 3541 4702; x_wconf 91' lang='lat' dir='ltr'><strong>non</strong></span> 
     </span>
    </p>
   </div>
   <div class='ocr_carea' id='block_1_104' title="bbox 1964 4736 3542 4805">
    <p class='ocr_par' dir='ltr' id='par_1_104' title="bbox 1964 4736 3542 4805">
     <span class='ocr_line' id='line_1_104' title="bbox 1964 4736 3542 4805; baseline 0.001 -12"><span class='ocrx_word' id='word_1_761' title='bbox 1964 4738 2143 4793; x_wconf 86' lang='lat' dir='ltr'><strong>solum</strong></span> <span class='ocrx_word' id='word_1_762' title='bbox 2178 4752 2368 4790; x_wconf 90' lang='lat' dir='ltr'><strong>omnes</strong></span> <span class='ocrx_word' id='word_1_763' title='bbox 2396 4752 2748 4805; x_wconf 85' lang='lat' dir='ltr'><strong>supergressa</strong></span> <span class='ocrx_word' id='word_1_764' title='bbox 2775 4736 2950 4805; x_wconf 88' lang='lat' dir='ltr'><strong>quoad</strong></span> <span class='ocrx_word' id='word_1_765' title='bbox 2984 4737 3189 4803; x_wconf 91' lang='lat' dir='ltr'><strong>omnia,</strong></span> <span class='ocrx_word' id='word_1_766' title='bbox 3220 4736 3313 4790; x_wconf 89' lang='lat' dir='ltr'><strong>sed</strong></span> <span class='ocrx_word' id='word_1_767' title='bbox 3345 4752 3542 4794; x_wconf 84' lang='lat' dir='ltr'><strong>omnes</strong></span> 
     </span>
    </p>
   </div>
   <div class='ocr_carea' id='block_1_105' title="bbox 1966 4827 3543 4884">
    <p class='ocr_par' dir='ltr' id='par_1_105' title="bbox 1966 4827 3543 4884">
     <span class='ocr_line' id='line_1_105' title="bbox 1966 4827 3543 4884; baseline 0.001 -2"><span class='ocrx_word' id='word_1_768' title='bbox 1966 4830 2130 4884; x_wconf 84' lang='lat' dir='ltr'><strong>etiam</strong></span> <span class='ocrx_word' id='word_1_769' title='bbox 2175 4830 2543 4883; x_wconf 83' lang='lat' dir='ltr'><strong>diversimode</strong></span> <span class='ocrx_word' id='word_1_770' title='bbox 2573 4830 2880 4883; x_wconf 78' lang='lat' dir='ltr'><strong>exornans!</strong></span> <span class='ocrx_word' id='word_1_771' title='bbox 2916 4827 2959 4881; x_wconf 92' lang='grc' dir='ltr'><strong>Ο</strong></span> <span class='ocrx_word' id='word_1_772' title='bbox 2988 4829 3241 4882; x_wconf 89' lang='lat' dir='ltr'><strong>laborum</strong></span> <span class='ocrx_word' id='word_1_773' title='bbox 3276 4829 3543 4884; x_wconf 86' lang='lat' dir='ltr'><strong>ascetico-</strong></span> 
     </span>
    </p>
   </div>
   <div class='ocr_carea' id='block_1_106' title="bbox 1964 4906 3543 4990">
    <p class='ocr_par' dir='ltr' id='par_1_106' title="bbox 1964 4906 3543 4990">
     <span class='ocr_line' id='line_1_106' title="bbox 1964 4906 3543 4990; baseline 0.002 -16"><span class='ocrx_word' id='word_1_774' title='bbox 1964 4937 2085 4974; x_wconf 90' lang='lat' dir='ltr'><strong>rum</strong></span> <span class='ocrx_word' id='word_1_775' title='bbox 2124 4920 2425 4988; x_wconf 89' lang='lat' dir='ltr'><strong>exemplar,</strong></span> <span class='ocrx_word' id='word_1_776' title='bbox 2462 4930 2515 4973; x_wconf 89' lang='lat' dir='ltr'><strong>et</strong></span> <span class='ocrx_word' id='word_1_777' title='bbox 2547 4933 2736 4973; x_wconf 90' lang='lat' dir='ltr'><strong>norma</strong></span> <span class='ocrx_word' id='word_1_778' title='bbox 2767 4920 2981 4973; x_wconf 90' lang='lat' dir='ltr'><strong>cunctis</strong></span> <span class='ocrx_word' id='word_1_779' title='bbox 3010 4906 3307 4988; x_wconf 80' lang='lat' dir='ltr'><strong>proposita,</strong></span> <span class='ocrx_word' id='word_1_780' title='bbox 3340 4936 3543 4990; x_wconf 88' lang='lat' dir='ltr'><strong>perque</strong></span> 
     </span>
    </p>
   </div>
   <div class='ocr_carea' id='block_1_107' title="bbox 1970 5009 3545 5082">
    <p class='ocr_par' dir='ltr' id='par_1_107' title="bbox 1970 5009 3545 5082">
     <span class='ocr_line' id='line_1_107' title="bbox 1970 5009 3545 5082; baseline -0.001 -15"><span class='ocrx_word' id='word_1_781' title='bbox 1970 5014 2121 5082; x_wconf 90' lang='lat' dir='ltr'><strong>ipsos</strong></span> <span class='ocrx_word' id='word_1_782' title='bbox 2176 5010 2365 5065; x_wconf 78' lang='lat' dir='ltr'><strong>etl‘ecta</strong></span> <span class='ocrx_word' id='word_1_783' title='bbox 2420 5012 2641 5079; x_wconf 86' lang='lat' dir='ltr'><strong>dignum</strong></span> <span class='ocrx_word' id='word_1_784' title='bbox 2697 5009 2980 5066; x_wconf 87' lang='lat' dir='ltr'><strong>Trinitatis</strong></span> <span class='ocrx_word' id='word_1_785' title='bbox 3028 5011 3438 5076; x_wconf 90' lang='lat' dir='ltr'><strong>habitaculum,</strong></span> <span class='ocrx_word' id='word_1_786' title='bbox 3488 5022 3545 5065; x_wconf 87' lang='lat' dir='ltr'><strong>et</strong></span> 
     </span>
    </p>
   </div>
   <div class='ocr_carea' id='block_1_108' title="bbox 2051 5397 3539 5469">
    <p class='ocr_par' dir='ltr' id='par_1_108' title="bbox 2051 5397 3539 5469">
     <span class='ocr_line' id='line_1_108' title="bbox 2051 5397 3539 5469; baseline -0.003 -18"><span class='ocrx_word' id='word_1_787' title='bbox 2051 5402 2121 5469; x_wconf 89' lang='lat' dir='ltr'><strong>(r)</strong></span> <span class='ocrx_word' id='word_1_788' title='bbox 2164 5400 2370 5453; x_wconf 83' lang='lat' dir='ltr'><strong>Mallem</strong></span> <span class='ocrx_word' id='word_1_789' title='bbox 2425 5414 2565 5452; x_wconf 89' lang='lat' dir='ltr'><strong>nunc</strong></span> <span class='ocrx_word' id='word_1_790' title='bbox 2598 5398 2787 5452; x_wconf 87' lang='lat' dir='ltr'><strong>Latine</strong></span> <span class='ocrx_word' id='word_1_791' title='bbox 2817 5400 2895 5451; x_wconf 88' lang='lat' dir='ltr'><strong>sic</strong></span> <span class='ocrx_word' id='word_1_792' title='bbox 2947 5397 3074 5464; x_wconf 84' lang='lat' dir='ltr'><strong>legi,</strong></span> <span class='ocrx_word' id='word_1_793' title='bbox 3108 5415 3125 5447; x_wconf 83' lang='grc' dir='ltr'><strong>ι</strong></span> <span class='ocrx_word' id='word_1_794' title='bbox 3157 5409 3539 5469; x_wconf 86' lang='lat' dir='ltr'><strong>summamque</strong></span> 
     </span>
    </p>
   </div>
   <div class='ocr_carea' id='block_1_109' title="bbox 1971 5466 3541 5537">
    <p class='ocr_par' dir='ltr' id='par_1_109' title="bbox 1971 5466 3541 5537">
     <span class='ocr_line' id='line_1_109' title="bbox 1971 5466 3541 5537; baseline -0.004 -13"><span class='ocrx_word' id='word_1_795' title='bbox 1971 5466 2359 5537; x_wconf 78' lang='lat' dir='ltr'><strong>perfectionem</strong></span> <span class='ocrx_word' id='word_1_796' title='bbox 2424 5469 2741 5536; x_wconf 73' lang='lat' dir='ltr'><strong>praeferens.</strong></span> <span class='ocrx_word' id='word_1_797' title='bbox 2806 5469 3079 5530; x_wconf 86' lang='lat' dir='ltr'><strong>ostendit,</strong></span> <span class='ocrx_word' id='word_1_798' title='bbox 3141 5466 3353 5537; x_wconf 85' lang='lat' dir='ltr'><strong>qualem</strong></span> <span class='ocrx_word' id='word_1_799' title='bbox 3396 5478 3541 5537; x_wconf 74' lang='lat' dir='ltr'><strong>esse</strong></span> 
     </span>
    </p>
   </div>
   <div class='ocr_carea' id='block_1_110' title="bbox 1970 5535 3537 5608">
    <p class='ocr_par' dir='ltr' id='par_1_110' title="bbox 1970 5535 3537 5608">
     <span class='ocr_line' id='line_1_110' title="bbox 1970 5535 3537 5608; baseline -0.006 -15"><span class='ocrx_word' id='word_1_800' title='bbox 1970 5535 2219 5608; x_wconf 78' lang='lat' dir='ltr'><strong>oporteat</strong></span> <span class='ocrx_word' id='word_1_801' title='bbox 2265 5535 2436 5603; x_wconf 28' lang='lat' dir='ltr'><strong>eum,’</strong></span> <span class='ocrx_word' id='word_1_802' title='bbox 2468 5540 2558 5607; x_wconf 90' lang='lat' dir='ltr'><strong>qui</strong></span> <span class='ocrx_word' id='word_1_803' title='bbox 2610 5541 2905 5592; x_wconf 90' lang='lat' dir='ltr'><strong>secundum</strong></span> <span class='ocrx_word' id='word_1_804' title='bbox 2952 5538 3188 5590; x_wconf 86' lang='lat' dir='ltr'><strong>divinam</strong></span> <span class='ocrx_word' id='word_1_805' title='bbox 3244 5535 3537 5608; x_wconf 75' lang='lat' dir='ltr'><strong>imaginem</strong></span> 
     </span>
    </p>
   </div>
   <div class='ocr_carea' id='block_1_111' title="bbox 1969 5605 3535 5676">
    <p class='ocr_par' dir='ltr' id='par_1_111' title="bbox 1969 5605 3535 5676">
     <span class='ocr_line' id='line_1_111' title="bbox 1969 5605 3535 5676; baseline -0.006 -13"><span class='ocrx_word' id='word_1_806' title='bbox 1969 5605 2144 5664; x_wconf 80' lang='lat' dir='ltr'><strong>factus</strong></span> <span class='ocrx_word' id='word_1_807' title='bbox 2197 5620 2311 5671; x_wconf 74' lang='lat' dir='ltr'><strong>est;</strong></span> <span class='ocrx_word' id='word_1_808' title='bbox 2363 5605 2621 5676; x_wconf 82' lang='lat' dir='ltr'><strong>quoniam</strong></span> <span class='ocrx_word' id='word_1_809' title='bbox 2655 5625 2683 5660; x_wconf 92' lang='lat' dir='ltr'><strong>a</strong></span> <span class='ocrx_word' id='word_1_810' title='bbox 2723 5620 2868 5661; x_wconf 87' lang='lat' dir='ltr'><strong>terra</strong></span> <span class='ocrx_word' id='word_1_811' title='bbox 2900 5608 3162 5676; x_wconf 78' lang='lat' dir='ltr'><strong>originem</strong></span> <span class='ocrx_word' id='word_1_812' title='bbox 3212 5620 3316 5657; x_wconf 92' lang='lat' dir='ltr'><strong>non</strong></span> <span class='ocrx_word' id='word_1_813' title='bbox 3350 5605 3535 5676; x_wconf 66' lang='lat' dir='ltr'><strong>habet,</strong></span> 
     </span>
    </p>
   </div>
   <div class='ocr_carea' id='block_1_112' title="bbox 1970 5670 3531 5749">
    <p class='ocr_par' dir='ltr' id='par_1_112' title="bbox 1970 5670 3531 5749">
     <span class='ocr_line' id='line_1_112' title="bbox 1970 5670 3531 5749; baseline -0.004 -16"><span class='ocrx_word' id='word_1_814' title='bbox 1970 5696 2141 5749; x_wconf 89' lang='lat' dir='ltr'><strong>neque</strong></span> <span class='ocrx_word' id='word_1_815' title='bbox 2172 5670 2486 5746; x_wconf 79' lang='lat' dir='ltr'><strong>indegenus</strong></span> <span class='ocrx_word' id='word_1_816' title='bbox 2520 5680 2679 5731; x_wconf 85' lang='lat' dir='ltr'><strong>traxit</strong></span> <span class='ocrx_word' id='word_1_817' title='bbox 2707 5682 2801 5733; x_wconf 89' lang='lat' dir='ltr'><strong>sed</strong></span> <span class='ocrx_word' id='word_1_818' title='bbox 2840 5694 2902 5732; x_wconf 81' lang='lat' dir='ltr'><strong>ex</strong></span> <span class='ocrx_word' id='word_1_819' title='bbox 2938 5670 3072 5743; x_wconf 66' lang='lat' dir='ltr'><strong>DEO;</strong></span> <span class='ocrx_word' id='word_1_820' title='bbox 3101 5675 3330 5745; x_wconf 83' lang='lat' dir='ltr'><strong>ideoque</strong></span> <span class='ocrx_word' id='word_1_821' title='bbox 3363 5670 3531 5726; x_wconf 88' lang='lat' dir='ltr'><strong>Deum</strong></span> 
     </span>
    </p>
   </div>
   <div class='ocr_carea' id='block_1_113' title="bbox 1965 5750 2886 5804">
    <p class='ocr_par' dir='ltr' id='par_1_113' title="bbox 1965 5750 2886 5804">
     <span class='ocr_line' id='line_1_113' title="bbox 1965 5750 2886 5804; baseline -0.001 -1"><span class='ocrx_word' id='word_1_822' title='bbox 1965 5762 2016 5804; x_wconf 91' lang='lat' dir='ltr'><strong>ct</strong></span> <span class='ocrx_word' id='word_1_823' title='bbox 2059 5767 2145 5804; x_wconf 85' lang='lat' dir='ltr'><strong>res</strong></span> <span class='ocrx_word' id='word_1_824' title='bbox 2176 5750 2425 5803; x_wconf 68' lang='lat' dir='ltr'><strong>cazlestes</strong></span> <span class='ocrx_word' id='word_1_825' title='bbox 2466 5750 2827 5803; x_wconf 80' lang='lat' dir='ltr'><strong>desiderabat.</strong></span> <span class='ocrx_word' id='word_1_826' title='bbox 2868 5768 2886 5801; x_wconf 73' lang='grc' dir='ltr'><strong>ι</strong></span> 
     </span>
    </p>
   </div>
  </div>
