4262 6460
735 394 844 457 775
1918 389 2368 451 GREGORIUS
2404 390 2770 450 PALAMAS.
3875 386 3986 448 776

739 507 1103 576 metropolitze
1140 504 1526 559 Euchaitarum
1559 521 1573 556 :
1607 502 1758 558 Isaac
1797 503 2160 575 Madytarum,
2196 504 2512 558 Theodulus
2548 502 2698 556 Rusii
2741 501 3046 574 (Ῥωσίου),
3078 500 3271 557 Esaias
3302 500 3564 571 Selybria:
3595 509 3650 555 et
3683 501 3985 567 Gregorius

741 593 1172 663 Pompeiopolis.
1215 591 1446 660 Incipit:
1500 591 1711 654 Ὄντως
1761 591 1936 653 οὐδεὶς
1993 591 2170 652 οὕτως
2200 591 2424 660 ἀρχιτέκ

2302 591 2563 659 ςιτέκτων.
2615 589 2748 642 Item
2797 599 2978 643 tomus
3008 599 3062 642 et
3116 588 3554 642 anathematismi
3585 587 3638 640 in
3681 587 3985 652 Palamam,

740 685 868 736 editi
923 696 1106 734 mense
1155 679 1303 733 Julio
1350 679 1593 748 ejusdem
1651 679 1803 741 anni,
1841 695 1983 748 quos
2027 681 2253 734 exhibet
2284 679 2474 733 Grazce
2525 685 2579 730 et
2635 675 2829 730 Latine
2879 676 3152 737 Allatius,
3203 673 3373 729 (ἕηκε.
3425 674 3709 727 orthodox.
3751 685 3886 727 tom.
3945 672 3986 734 I,

747 785 801 838 p.
835 767 1075 822 788-803
1100 783 1114 830 ;
1150 775 1203 818 et
1238 766 1309 818 De
1332 781 1609 830 consensu,
1635 781 1688 834 p.
1717 766 1840 818 805.
1871 765 2060 832 Incipit
2087 784 2099 819 :
2122 765 2430 818 Ἀκούσατε.

2303 782 2440 826 κατε,
2469 763 2631 832 φυλαὶ
2657 763 2757 831 τῆς
2784 766 2905 831 γῆς.
2933 761 3174 831 Denique
3197 770 3376 815 tomus
3404 771 3595 814 contra
3623 760 3986 826 Nicephorum

746 856 1044 922 Grcgoram
1082 866 1135 908 et
1169 856 1306 906 alios
1336 854 1604 906 Barlaami
1638 864 1692 905 et
1720 853 1986 922 Acindyni
2020 861 2478 920 propugnatores,
2529 851 2715 905 editus
2755 866 2941 904 mense
2993 852 3241 918 Augusto
3273 864 3405 902 ann.
3443 848 3601 909 1551,
3635 850 3729 916 qui
3765 851 3988 908 quidem

747 953 931 996 tomus
965 942 1067 997 sub
1097 943 1254 994 titulo
1283 941 1730 1010 pseudo—synodi
1764 939 2100 994 I‘alamiticze
2133 940 2318 994 Graece
2356 951 2410 992 et
2438 938 2626 991 Latine
2653 946 2831 992 exstat
2859 937 2912 988 in
2944 935 3205 990 Auctario
3256 936 3562 988 novissimo
3597 935 3734 987 Bibl.
3768 931 3991 989 Griec'o-

750 1045 868 1081 rum
906 1028 1128 1081 Patrum
1156 1029 1577 1087 Combelisiano,
1611 1037 1764 1093 parte
1814 1029 2006 1091 altera,
2057 1043 2110 1095 p.
2149 1026 2384 1080 155-176
2435 1023 2628 1095 [Mansi
2674 1033 2806 1076 tom.
2839 1021 3031 1085 XXVI,
3082 1038 3135 1091 p.
3201 1023 3326 1084 1‘27,
3375 1021 3513 1091 sq.],
3567 1022 3770 1074 additis
3822 1022 3987 1073 etiam

750 1117 935 1169 notis:
977 1129 1029 1168 et
1065 1116 1122 1168 in
1157 1115 1262 1167 vol.
1309 1115 1503 1166 ultimo
1541 1115 1904 1168 conciliorum
1931 1116 2063 1168 edit.
2115 1113 2410 1172 I‘Iarduini,
2446 1128 2497 1180 p.
2530 1111 2657 1174 283,
2690 1111 2784 1179 qui
2833 1119 3010 1173 notat,
3060 1111 3228 1176 hujus
3257 1109 3390 1163 tomi
3429 1109 3749 1160 meminisse
3785 1107 3988 1160 Canta-

750 1219 1038 1263 cuzenum,
1075 1201 1166 1266 IV,
1197 1205 1267 1256 25
1298 1203 1434 1255 "ist.
1470 1201 1661 1270 Incipit
1692 1219 1706 1256 :
1743 1202 1883 1256 Οὔτε
1914 1205 2013 1270 τὴν
2045 1205 2186 1254 κατὰ
2225 1203 2322 1269 τῆς
2373 1202 2428 1252 Ἐ

2309 1219 2322 1264 ;
2373 1199 2698 1267 Ἐκκλησίας
2751 1197 2844 1251 τοῦ
2886 1197 3065 1249 κοινοῦ
3123 1198 3408 1274 ¹ξιτολεμίου.
3457 1194 3825 1250 Subscribunt
3868 1205 3992 1262 post

749 1290 1134 1354 imperatorem
1190 1289 1456 1342 Joannem
1518 1290 1964 1345 Cantacuzenum
2021 1302 2072 1342 et
2130 1289 2495 1358 patriarcham
2575 1283 2738 1340 CPoI.
2833 1284 3163 1350 Callistum,
3225 1283 3587 1350 metropolitte
3645 1283 3704 1345 5,
3761 1289 3817 1336 et
3874 1283 3992 1351 cpi-

749 1377 900 1445 sc0pi
964 1377 1018 1429 5.

822 1485 1289 1553 Archiepiscopus
1319 1484 1834 1539 Thessalonicensis
1881 1486 2168 1540 ordinatus
2220 1493 2303 1538 est
2331 1482 2550 1536 Palama
2591 1480 2749 1547 jussu
2802 1479 3172 1534 Cantacuzeni
3229 1479 3362 1547 imp.
3399 1479 3544 1548 apud
3597 1493 3761 1547 quem
3802 1477 3991 1546 singu-

750 1570 938 1623 lariter
960 1571 1236 1640 gratiosus
1263 1571 1386 1638 fuit,
1417 1575 1486 1624 ab
1517 1570 1729 1626 Isidoro
1761 1572 1866 1626 (ΣΡ.
1898 1574 2043 1625 circa
2079 1587 2210 1624 ann.
2245 1570 2406 1634 1519,
2456 1569 2548 1623 sed
2583 1583 2610 1619 a
2648 1566 2923 1636 praefectis
2953 1568 3105 1621 urbis
3142 1567 3287 1621 haud
3321 1568 3596 1620 admissus
3631 1566 3699 1634 (j)
3735 1566 3788 1618 in
3824 1562 3989 1616 Lem-

749 1673 878 1709 num
913 1657 1150 1710 insulam
1189 1660 1435 1723 secessit,
1489 1669 1654 1728 atque
1701 1661 1828 1713 inde
1877 1675 2136 1713 reversus
2183 1656 2408 1719 CPoIin,
2457 1655 2667 1724 synodo
2699 1670 2828 1708 ann.
2865 1655 3026 1714 I55I.
3078 1656 3146 1708 de
3197 1669 3304 1722 qua
3350 1655 3464 1721 jam
3515 1653 3654 1716 dixi,
3710 1649 3982 1704 interfuit.

753 1741 1006 1796 Defuncti
1048 1744 1236 1797 laudes
1277 1747 1607 1814 panegyrica
1642 1748 1892 1800 oratione
1935 1745 2232 1800 celebravit
2271 1743 2590 1798 Philotbeus
2637 1742 2949 1808 patriarcha
2997 1739 3162 1794 CPol.
3205 1741 3447 1808 Incipit:
3479 1739 3780 1809 Γρηγόριος
3826 1737 3927 1806 μὲν
3961 1740 3987 1789 ὁ

753 1832 928 1898 μέγας
961 1831 1320 1901 πανηγύρεως
1349 1833 1625 1896 ὑπόθεσις.
1661 1834 1797 1888 Bibl.
1831 1834 2152 1887 Coislinian.
2187 1850 2242 1902 p.
2283 1830 2417 1892 167-,

2300 1830 2417 1892 l67,
2448 1829 2670 1883 Cantica
2697 1828 2940 1896 ejusdem
2976 1827 3249 1883 Philothei
3278 1830 3387 1882 duo
3414 1827 3649 1896 στιχηρὸ.
3678 1827 3732 1880 in
3766 1826 3983 1879 laudem

751 1918 980 1971 Palamae
1013 1920 1410 1988 thaumaturgi,
1444 1935 1550 1973 una
1584 1937 1705 1975 eum
1740 1921 2040 1992 ἀκολουθίᾳ
2070 1922 2186 1975 sire
2218 1918 2397 1974 oliicio
2427 1919 2478 1970 in
2520 1917 2771 1970 eumdem
2825 1933 2928 1972 ms.
2980 1917 3034 1970 in
3070 1917 3206 1992 bibl.
3241 1915 3514 1970 Caesarea.
3547 1916 3840 1967 Canticum
3874 1913 3988 1983 pri-

750 2021 896 2058 mum
926 2006 1150 2075 incipit:
1175 2008 1476 2074 Εὐφραίνου
1511 2010 1567 2058 ὲν
1598 2008 1807 2076 Κυρίῳ,
1839 2008 1989 2068 πόλις
2013 2007 2404 2078 Θεσσαλονίκη.
2430 2051 2433 2060 .

2300 2009 2404 2078 ἱκη.
2430 2007 2706 2061 Alterum:
2731 2005 2978 2076 Χαῑροις,
3002 1991 3100 2073 τῆς
3129 2005 3412 2067 εὐσεϐείας
3431 2003 3678 2086 φωστῄρ.
3699 2001 3949 2056 Oﬁicium
3971 2020 3983 2056 :

754 2093 933 2162 Πάτερ
988 2093 1100 2162 ἱερὲ
1129 2095 1167 2146 Γ
1174 2094 1422 2164 ρηγόριε,
1461 2095 1525 2147 σὺ
1557 2094 1647 2146 τὸν
1696 2094 1830 2147 Θεὸν
1867 2097 1930 2147 ὲκ
1978 2096 2170 2156 παιδὸς
2209 2097 2503 2167 ἀγαπήσας
2553 2093 2816 2163 ὲξέφυγες
2863 2093 3057 2163 ὑλικὴν
3087 2091 3487 2163 προσπάθειαν.
3545 2089 3680 2146 Vide
3723 2089 3987 2144 Lambec.

754 2179 817 2246 ν,
853 2197 905 2247 p.
940 2181 1039 2234 I95
1069 2197 1184 2251 seq.
1219 2180 1296 2252 [p.
1321 2181 1424 2235 406
1460 2197 1578 2250 sqq.
1611 2181 1714 2236 410
1747 2193 1798 2236 et
1831 2181 1953 2245 600,
1986 2183 2073 2237 ed.
2113 2181 2277 2253 Kull.]

826 2269 1168 2340 Nicephbrus
1204 2272 1474 2340 Gregoras
1527 2274 1618 2326 lib.
1667 2289 1822 2335 xxnt,
1850 2288 1903 2341 p.
1938 2272 2064 2338 699,
2104 2284 2336 2327 testatur
2395 2275 2672 2330 Palamam
2711 2275 2853 2330 ultra
2902 2275 3183 2341 sexaginta
3236 2274 3429 2340 λόγους
3474 2270 3878 2339 composuisse,
3923 2270 3990 2322 ad

752 2375 913 2429 quem
948 2361 1126 2412 locum
1170 2357 1330 2412 .Ioau.
1368 2360 1626 2413 Boivinus
1670 2361 1722 2412 in
1764 2362 1933 2425 notis,
1972 2375 2025 2430 p.
2063 2361 2190 2422 805.
2227 2361 2501 2426 observat,
2545 2366 2596 2417 in
2645 2379 2754 2418 uno
2796 2363 2985 2419 codice
3019 2363 3192 2431 (regio
3230 2361 3392 2431 2404)
3434 2362 3688 2414 homilias
3730 2361 3993 2427 variaque

751 2450 1014 2517 opuscula
1046 2449 1282 2504 Palama:
1313 2449 1583 2504 ccutincri
1617 2449 1736 2515 plus
1763 2465 1929 2518 quam
1969 2451 2333 2520 septuaginta.
2365 2450 2452 2522 [ν.
2488 2453 2654 2521 paull.
2691 2462 2833 2521 post,
2885 2451 2952 2504 ad
2996 2467 3050 2504 η.
3082 2449 3202 2520 21.]
3235 2450 3350 2501 Alia
3396 2464 3503 2501 non
3545 2462 3717 2517 pauca
3769 2457 3992 2500 exstare

752 2538 910 2590 obvia
948 2537 1000 2590 in
1034 2537 1155 2590 aliis
1186 2537 1493 2590 codicibus.
1531 2536 1718 2607 Itaque
1751 2547 1926 2605 putat,
1957 2540 2254 2608 Gregoram
2289 2549 2496 2592 tantum
2536 2539 2680 2605 loqui
2707 2537 2774 2590 de
2811 2537 2900 2598 iis,
2937 2551 3058 2604 qua:
3091 2536 3158 2589 de
3191 2536 3356 2589 rebus
3385 2533 3756 2589 controversis
3785 2534 3991 2601 scripta

751 2641 779 2677 a
818 2623 1032 2678 Palama
1065 2633 1238 2686 erant,
1266 2640 1497 2693 quorum
1536 2627 1701 2677 multa
1741 2627 1982 2680 continet
2010 2629 2179 2681 codex
2209 2630 2388 2700 regius
2413 2626 2574 2680 2409.
2611 2626 2666 2677 In
2711 2625 2775 2678 iis
2814 2633 2940 2678 sunt
2975 2639 2989 2676 :

823 2713 863 2765 I.
909 2711 1050 2764 Libri
1097 2721 1280 2763 contra
1313 2713 1644 2780 Acindynum
1677 2714 1849 2765 decem
1884 2715 2137 2776 continui,
2172 2717 2260 2784 qui
2298 2730 2490 2769 omnes
2531 2715 2771 2781 exceptis
2827 2713 2999 2767 tribus
3050 2713 3462 2784 ’Δντιῤῥητικοὶ
3501 2713 3898 2767 inscribuntur.
3931 2711 3990 2765 In

756 2801 943 2853 codice
988 2799 1340 2864 chuieriano
1371 2796 1441 2868 [ε.
1467 2798 1693 2852 Coislin.
1752 2797 1983 2871 XCVIII]
2025 2810 2228 2866 septem
2278 2802 2688 2872 ἀντιρῤητικοῖς
2724 2800 3122 2867 praemittuntur
3153 2800 3284 2864 duo,
3331 2814 3476 2853 unus
3517 2798 3584 2853 ad
3629 2800 3988 2852 Athanasium

753 2888 932 2957 Cyzici
970 2888 1468 2954 archiepiscopum,
1511 2887 1577 2939 de
1618 2887 1838 2955 scriptis
1868 2889 2156 2957 Acindyni,
2186 2904 2314 2941 num
2355 2903 2476 2941 cum
2512 2886 2798 2940 Barlaamo
2843 2888 3260 2940 concordarent.
3308 2887 3538 2954 Incipit:
3572 2887 3826 2956 Πυνθάνῃ
3861 2885 3992 2953 περὶ

758 2976 869 3027 τῶν
901 2974 995 3026 τοῦ
1045 2973 1358 3026 Ἀκινδύνου
1390 2975 1863 3042 συγγραμμάτων.
1894 2974 2046 3028 Alter
2078 2975 2144 3027 de
2182 2975 2441 3030 distinctit

2304 2975 2627 3030 inetionibus
2669 2974 2722 3026 in
2765 2972 2875 3026 Deo
2909 2974 3212 3028 secundum
3248 2976 3565 3044 liypostases
3594 2982 3648 3026 et
3683 2971 3987 3026 secundum

754 3058 1121 3124 operationes.
1154 3056 1344 3122 Incipit
1376 3073 1389 3108 :
1427 3057 1702 3116 Διονύσιος
1741 3060 1768 3108 ὁ
1820 3059 1994 3124 μέγας
2026 3058 2296 3124 αὐτήκοος
2347 3078 2437 3129 γεγ

2347 3061 2586 3129 γεγονὼς
2626 3061 2721 3128 τῆς
2754 3059 2862 3112 τῶν
2910 3060 3254 3112 Ἀποστόλων
3295 3060 3503 3130 φωνῆς.
3539 3058 3757 3114 Tertius
3798 3060 3990 3114 ultimo

758 3149 875 3199 loco
919 3146 1205 3214 subjicitur
1245 3147 1311 3198 de
1343 3145 1528 3198 multis
1562 3145 1933 3214 impietatibus
1964 3145 2226 3199 Barlaami
2273 3159 2326 3201 ct
2370 3150 2441 3201 Ac

2307 3159 2326 3201 t
2370 3147 2929 3217 Acindyni,'Ex0t-:at;
2959 3147 3060 3214 τῆς
3102 3147 3212 3198 τῶν
3247 3146 3515 3215 Βαρλαὰμ
3544 3148 3639 3198 καὶ
3673 3145 3989 3199 Ἀκινδύνιυ

753 3233 1178 3300 δυσσεὸημάτων
1228 3232 1516 3285 ἀλλοκότου
1561 3233 1824 3302 πληθύος.
1856 3231 2094 3302 Incipit:
2144 3234 2587 3304 Ἀποὸαλλὸμεθα
2619 3235 2718 3304 τὴν
2744 3234 3115 3298 ἁσεὸεστάτην
3161 3235 3451 3286 ἀλλόκοτον
3500 3233 3732 3299 πληθύν.
3768 3230 3989 3298 Septem

755 3323 1016 3375 librorum
1047 3322 1470 3393 ἁντιρῤητικῶν,
1497 3324 1588 3390 qui
1623 3325 1676 3376 in
1711 3326 1890 3392 capita
1925 3325 2122 3393 singuli
2156 3326 2316 3379 divisi
2354 3335 2501 3388 sunt,
2532 3332 2842 3377 accuratam
2890 3323 3264 3376 rei-elisionem
3296 3332 3349 3375 et
3379 3323 3719 3393 singulorum
3747 3322 3992 3390 capitum

754 3417 1068 3476 argumenta
1103 3409 1319 3462 exhibet
1348 3407 1773 3463 Montiauconus
1803 3411 1854 3462 in
1894 3410 2035 3463 Bibl.
2061 3411 2411 3476 Coisliniana,
2443 3429 2495 3482 p.
2524 3413 2786 3467 I56-l67.
2824 3412 3023 3482 (nam)
3058 3411 3250 3466 Plures
3273 3411 3624 3466 Coisliniana:
3663 3413 3796 3467 bibl.
3840 3415 3996 3468 codi-

753 3512 864 3560 ces,
903 3498 996 3566 qui
1028 3498 1308 3551 continent
1336 3496 1572 3550 Palamae
1607 3514 1730 3568 opp.
1772 3509 2127 3552 recensentur
2159 3511 2212 3553 et
2243 3503 2578 3570 singulorum
2610 3511 2930 3570 argumenta
2957 3502 3243 3570 diligenter
3273 3500 3588 3554 indicantur
3616 3516 3644 3552 a
3689 3499 3990 3555 Montiauc.

756 3585 789 3635 l.
826 3599 901 3648 c.,
931 3598 960 3636 a
1001 3584 1157 3637 nobis
1204 3598 1334 3637 vero
1365 3585 1422 3637 h.
1455 3585 1491 3636 1.
1522 3599 1628 3637 non
1661 3596 1836 3655 potest
1875 3587 2216 3656 singulorum
2249 3593 2452 3644 mentio
2495 3593 2658 3658 repeti
2697 3607 2712 3655 ;
2749 3607 2804 3643 n.
2857 3605 2913 3659 p.
2950 3591 3049 3644 I50
3073 3619 3143 3629 —-
3183 3590 3309 3652 I57,
3350 3591 3473 3643 cod.
3504 3590 3571 3644 97
3611 3591 3663 3642 in
3702 3605 3814 3660 quo
3845 3605 3996 3660 repe-

755 3674 970 3728 riuntur
1008 3675 1238 3729 I’alamm
1270 3676 1505 3729 homiliaz
1539 3686 1689 3730 sexta
1719 3690 1893 3745 usque
1919 3679 1983 3731 ad
2013 3677 2246 3731 Llem
2277 3679 2542 3748 (quinque
2575 3678 2721 3731 enim
2752 3679 2962 3746 priores
3013 3677 3270 3732 abscissa:
3314 3676 3466 3746 sunt)
3521 3678 3768 3746 sequitur
3807 3694 3864 3731 n.
3901 3679 3992 3741 δί,

757 3763 969 3817 libellus
995 3763 1219 3817 moralis
1248 3764 1516 3832 ἀκέφαλος
1545 3765 1633 3818 cui
1683 3765 1899 3833 praatixa
1945 3776 2028 3820 est
2067 3767 2292 3835 epistola
2338 3770 2404 3821 ad
2452 3771 2715 3838 virginem
2756 3769 3080 3838 quamdam;
3128 3778 3185 3824 et
3223 3785 3278 3823 ιι.
3311 3769 3400 3834 66,
3439 3770 3687 3838 epistola,
3733 3787 3898 3840 quam
3928 3787 3998 3826 ex

757 3855 906 3920 Asia,
935 3855 1181 3922 captivus
1221 3869 1344 3907 cum
1374 3863 1539 3919 esset,
1573 3857 1639 3908 ad
1681 3855 1981 3909 Ecclesiam
2029 3871 2182 3910 suam
2221 3855 2470 3924 scripsit;
2525 3865 2638 3908 tum
2686 3871 2740 3925 p.
2782 3855 3046 3920 I55-I77,
3085 3857 3138 3908 in
3190 3858 3311 3910 cod.
3363 3858 3431 3910 98
3469 3859 3522 3909 in
3571 3873 3681 3926 quo
3724 3858 3998 3911 habentur

758 3943 989 3996 l‘alamae
1026 3956 1152 4010 opp.
1202 3942 1490 4010 permulta,
1519 3952 1700 3995 tomus
1738 3943 1945 4011 primus
1973 3944 2088 4012 (qui
2128 3952 2212 3998 est
2242 3944 2364 3997 cod.
2400 3943 2788 4012 Seguierianus
2818 3983 2832 4006 ,
2879 3957 2910 3996 a
2964 3942 3217 3996 Fabricio
3284 3943 3557 4011 laudatus)
3596 3944 3788 3997 ultimo
3829 3944 3996 4012 capiti

757 4031 980 4082 adnexae
1010 4037 1133 4081 sunt
1169 4028 1289 4080 duae
1323 4027 1566 4096 Gregorii
1601 4029 1876 4094 epistolae;
1914 4031 2082 4082 altera
2115 4031 2181 4082 ad
2213 4030 2533 4084 Damianum
2561 4031 2980 4099 philosophum;
3012 4032 3184 4084 altera
3207 4031 3273 4084 ad
3298 4032 3646 4101 Dionysium,
3676 4048 3802 4101 qua:
3832 4035 3998 4100 paulo

759 4128 901 4186 post,
937 4115 964 4187 §
995 4117 1048 4180 6,
1085 4117 1247 4171 etiam
1283 4118 1578 4170 adduntur.
1617 4117 1878 4186 Sequitur
1916 4117 2195 4183 Expositio
2235 4120 2501 4185 stupenda:
2532 4120 2885 4172 multitudinis
2920 4121 3252 4186 impietatum
3286 4120 3568 4174 Barlaami
3608 4132 3657 4174 et
3693 4124 3996 4190 Acindyni;

760 4208 869 4262 inc.
917 4206 1384 4277 Ἀποϐαλλόμεθα,
1414 4208 1513 4274 τὴν
1544 4206 1917 4275 ἀσεϐεστάτην
1943 4208 2227 4259 ἀλλόκοτον
2257 4205 2443 4274 πληθύ·

2312 4205 2484 4274 meo».
2518 4235 2586 4244 —
2622 4205 2862 4274 Denique
2895 4205 3136 4274 Gregorii
3181 4205 3304 4259 Vita
3333 4224 3425 4275 per
3453 4207 3788 4261 Philothcum
3819 4212 3995 4276 patri-

758 4295 974 4347 arclmm
998 4309 1016 4346 :
1053 4295 1172 4347 init.
1200 4293 1497 4364 Γρηγόριος
1534 4294 1634 4362 μὲν
1664 4296 1692 4346 ὁ
1729 4295 1903 4363 μέγας
1933 4305 2038 4348 etc.
2069 4319 2127 4334 κ
2159 4296 2354 4349 Postea
2378 4312 2432 4365 p.

2314 4311 2354 4347 :a
2378 4312 2432 4365 p.
2473 4297 2730 4358 IG7«I7I,
2761 4297 2811 4350 in
2840 4298 2962 4351 cod.
2991 4298 3061 4352 99
3101 4306 3186 4351 est
3221 4307 3403 4352 tomus
3446 4300 3582 4353 alter
3623 4315 3753 4369 opp.
3789 4300 3997 4367 Grego-

762 4387 822 4438 rii
859 4385 927 4437 XI
964 4386 1194 4438 Palama:
1226 4396 1416 4439 contra
1463 4385 1829 4455 Acindynum,
1867 4401 2101 4454 quorum
2145 4387 2383 4440 Indicem
2435 4383 2652 4452 plenum
2687 4385 2836 4439 dedit
2877 4387 3175 4442 Ilontfauc.
3213 4387 3270 4440 In
3300 4388 3408 4442 illis
3449 4404 3577 4458 opp.
3618 4400 3742 4443 Sunt
3773 4405 4004 4458 quoque

765 4474 1012 4537 cpistola:
1054 4473 1309 4537 Palamae,
1344 4490 1371 4523 a
1409 4472 1660 4526 Fabricio
1689 4471 1715 4542 §
1747 4470 1812 4524 VI
1861 4474 2113 4527 laudata'.
2146 4504 2214 4512 —
2251 4474 2377 4528 Dein
2414 4491 2465 4543 p.
2504 4475 2754 4540 171-175,
2794 4476 2847 4529 in
2891 4476 3015 4530 cod.
3052 4479 3114 4542 (Ξ,
3161 4487 3340 4532 exstat
3385 4488 3566 4533 tomus
3631 4482 3828 4534 tertius
3866 4495 4001 4550 Opp.

764 4558 1018 4611 I’alamaa.
1052 4559 1256 4627 Agmen
1290 4559 1492 4611 claudit
1520 4559 1824 4627 Synodicus
1856 4569 2035 4613 tomus
2066 4573 2259 4613 contra
2306 4576 2421 4626 eos,
2471 4568 2563 4635 qui
2601 4566 2873 4620 Barlaami
2915 4576 2969 4622 et
3014 4569 3282 4638 Aciudyni
3327 4585 3570 4624 errorem
3624 4573 3803 4624 secuti
3846 4586 4001 4641 sunt,

764 4653 962 4721 Ephesi
999 4667 1190 4722 nempe
1221 4660 1273 4704 et
1302 4651 1436 4704 Gani
1461 4652 1704 4719 episcop.
1731 4649 2027 4716 Gt‘cht'altl
2061 4662 2116 4704 et
2151 4652 2398 4717 Dexium,
2422 4662 2476 4705 et
2497 4653 2661 4718 alios,
2687 4655 2754 4707 ab
2780 4654 2847 4708 iis
2877 4670 3063 4708 secum
3097 4657 3380 4711 adductos.
3411 4660 3544 4710 Acta
3569 4670 3650 4712 est
3682 4661 3798 4714 lucc
3832 4677 4006 4730 syno-

761 4747 865 4797 dus
905 4757 1032 4794 ann.
1061 4739 1161 4792 Ch.
1217 4742 1375 4804 1551,
1421 4740 1580 4805 eique
1615 4740 1767 4791 multi
1805 4740 2272 4807 subscripserunt.
2305 4769 2374 4780 ——
2413 4739 2555 4793 Idem
2590 4750 2773 4793 tomus
2809 4749 2892 4796 est
2931 4741 2984 4794 in
3024 4745 3148 4796 cod.
3185 4743 3310 4799 IOI.
3341 4744 3404 4798 ν.
3439 4745 3736 4800 Moutfauc.
3796 4763 3852 4815 p.
3894 4748 4004 4803 276

760 4849 875 4900 srq.
908 4829 1119 4882 Fabric.
1157 4827 1295 4881 infra
1333 4829 1384 4878 in
1423 4828 1532 4879 \ol.
1570 4825 1711 4886 XIII.
1744 4843 1796 4895 p.
1830 4827 1956 4891 843,
1998 4829 2063 4879 de
2113 4826 2264 4880 hisce
2311 4827 2470 4880 codd.
2499 4826 2722 4881 Coislin.
2759 4830 2832 4882 ita
2866 4831 3088 4898 scripsit
3117 4849 3134 4886 :
3180 4851 3197 4881 ι
3228 4831 3564 4900 Ilypotheses
3592 4842 3647 4888 et
3676 4851 4005 4903 argumenta

760 4934 983 4985 operum
1021 4916 1264 4968 omnium
1297 4915 1542 4983 Gregorii
1578 4913 1810 4966 Palamae
1846 4913 1901 4965 in
1934 4914 2176 4982 quinque
2209 4914 2562 4982 amplissimis
2601 4915 2767 4968 Coisl.
2819 4916 3158 4970 bibliotheca:
3191 4919 3316 4971 voll.
3365 4921 3418 4971 in
3474 4920 3569 4972 fol.
3610 4924 4002 4989 continentur,

763 5023 815 5057 u.
841 5005 928 5064 97,
959 5003 1049 5062 98.
1073 5002 1160 5065 99,
1190 5001 1290 5052 I00
1312 5011 1365 5055 et
1393 5001 1514 5053 101.
1546 4999 1636 5053 Illa
1669 5016 1834 5068 porro
1858 5010 2178 5067 argumenta
2211 5002 2263 5053 in
2291 5011 2524 5070 quatuor
2549 5003 2947 5069 posterioribus
2973 5005 3135 5058 codd.
3171 5015 3340 5060 totam
3369 5007 3603 5061 Palamte
3631 5011 3776 5064 circa
3810 5014 4004 5067 lumen

761 5090 1127 5143 Thaboricum
1164 5099 1215 5141 et
1247 5088 1431 5141 lumen
1464 5086 1556 5139 Dei
1587 5087 1890 5139 doctrinam
1920 5086 2380 5154 complectuntur,
2418 5104 2517 5141 nec
2561 5103 2668 5140 non
2702 5089 3124 5158 discirptationes
3152 5091 3394 5159 ejusdem
3426 5106 3616 5150 contra
3650 5075 4003 5169 Acindynum

761 5188 814 5230 et
847 5176 1184 5229 Barlaamum
1213 5175 1559 5227 adversarios
1592 5187 1741 5225 suos.
1776 5170 1969 5223 Totam
2001 5173 2183 5239 itaque
2212 5175 2360 5229 illam
2405 5177 2458 5230 in
2491 5176 2700 5231 Graecia
2737 5179 3004 5233 celeberr.
3032 5185 3387 5250 quaestionem
3440 5188 3493 5238 in
3526 5187 3613 5241 his
3654 5193 4002 5256 argumentis

763 5264 1144 5333 perspicimus.
1176 5260 1445 5329 Incipiunt
1477 5269 1794 5326 argumenta
1824 5273 1875 5326 p.
1908 5257 2032 5324 155,
2054 5261 2386 5316 clauduntur
2416 5279 2544 5316 vero
2571 5279 2624 5330 p.
2657 5265 2778 5318 I77.
2812 5263 2868 5317 In
2907 5267 3098 5320 ultimo
3131 5278 3314 5322 autem
3350 5273 3472 5324 cod.
3504 5271 3775 5329 habentur
3802 5273 3999 5332 Philo-

767 5353 874 5404 tbei
909 5350 1229 5418 patriarcha:
1259 5349 1318 5400 (ὲ.
1351 5347 1409 5400 P.
1444 5350 1588 5399 circa
1615 5349 1862 5399 eamdem
1890 5348 2244 5415 quaestionem
2293 5360 2481 5404 contra
2518 5349 2813 5419 Gregoram
2855 5352 3199 5408 Barlaamum
3244 5367 3298 5409 et
3333 5358 3675 5428 Aciudynum
3704 5379 3718 5414 :
3751 5379 3852 5419 nec
3883 5383 4003 5422 non

766 5435 1026 5505 Synodici
1064 5435 1195 5486 tomi
1242 5444 1352 5487 tres
1381 5444 1566 5486 contra
1596 5433 1838 5485 eosdem.
1875 5431 2035 5485 Initio
2083 5434 2204 5487 cod.
2243 5435 2336 5488 101
2382 5439 2490 5490 duo
2539 5438 2665 5491 folia
2713 5439 2777 5491 ad
2813 5443 3270 5510 compingendum
3314 5444 3559 5501 adhibita
3603 5460 3754 5512 sunt.
3785 5453 4008 5511 decimo

763 5525 965 5577 saeculo
1025 5533 1266 5584 exarata,
1292 5522 1380 5572 ubi
1410 5523 1770 5588 l'ragtnetttum
1814 5517 2036 5583 Vitonis,
2067 5520 2321 5588 Βίτωνος,
2359 5542 2423 5579 ex

2359 5542 2423 5579 ex
2454 5526 2614 5588 libro,
2639 5528 2726 5579 cui
2763 5526 2977 5592 titulus,
3043 5530 3373 5600 Κατασκευὴ
3406 5534 3720 5604 πολεμικῶν
3747 5538 4009 5609 ὀργάνων

764 5613 856 5664 καὶ
883 5610 1322 5663 καταπελτικῶν.
1359 5610 1413 5661 1η
1453 5610 1543 5660 illo
1587 5610 1890 5675 lragmento
1923 5620 2337 5675 rcprzescntatur
2367 5616 2534 5684 ligura
2574 5617 2744 5684 gruis,
2783 5616 3132 5672 instrumenti
3165 5620 3359 5675 bellici
3394 5622 3733 5692 aliquantum
3779 5629 4008 5688 diversa

843 5794 905 5862 (ἱ)
938 5793 1273 5862 Nicephorus
1307 5794 1596 5866 Gregoras,
1636 5795 1749 5864 XII,
1777 5800 1832 5863 ‘5,
1878 5801 2015 5856 "ist.
