4262 6460
274 413 380 486 781
1726 418 1950 477 Νοτιτ

1831 418 2048 477 ΤΙΊἸΑ.
3411 406 3514 479 782

281 522 425 576 Bibl.
462 520 850 580 roncionator..
892 535 943 587 p.
986 521 1072 575 15.
1108 521 1306 575 Eadem
1351 522 1734 594 Prosolmptsia
1784 522 1964 577 Latine

1830 525 1971 577 atina
2000 523 2236 575 (ncitrrit
2283 520 2448 575 etiam
2488 519 2539 573 in
2584 520 2707 574 aliis
2754 520 3103 577 Bibliothecis
3152 521 3406 585 Patrum,
3458 540 3513 584 υι

283 609 460 663 Paris.
496 609 654 668 1651,
686 620 819 661 tum.
856 608 921 660 IX
947 624 960 671 ;
990 619 1043 661 et
1078 608 1267 663 Colon.
1310 610 1467 671 1618,
1495 622 1629 665 tom.
1662 611 1767 673 XI;
1802 623 1855 663 et
1882 610 2056 676 Lugd.
2096 609 2250 672 1677,
2283 619 2413 661 tam.
2454 605 2641 661 XXVI.
2677 608 2780 660 Sed
2816 618 2863 659 et
2902 608 3105 662 Gallice
3138 611 3293 664 vertit
3325 611 3514 679 vulga—

283 700 469 764 vitque.
496 696 760 749 Claudius
795 696 1140 764 Espencaeus.
1172 696 1349 750 Paris.
1382 699 1539 757 1570.
1572 699 1625 752 8.
1657 696 1872 766 (Ὲιιιιιι.)
1903 696 2062 752 (Ioui.
2089 700 2206 749 (lat.
2237 696 2484 749 biblioth.
2517 693 2687 763 Lugd.
2725 713 2775 763 p.
2810 696 2878 749 47
2900 706 2950 748 et
2978 696 3102 761 250,
3127 706 3287 764 atque
3308 698 3512 753 Oiidin.

283 783 321 836 I.
362 785 456 835 cit.
484 799 534 850 p.
564 784 690 844 865,
726 784 817 851 qui
853 785 1093 846 adnotat,
1133 785 1251 838 illas
1287 797 1453 839 oratt.
1496 796 1713 839 exstare
1753 786 1805 837 in
1850 786 1978 837 bibl.
2012 785 2351 853 Augustana,
2378 784 2501 838 cod.
2531 784 2615 836 75.
2649 816 2712 822 ——
2748 784 3017 850 leguntur
3054 800 3270 853 quoque
3302 787 3354 840 in
3386 790 3512 840 cod.

292 870 603 924 Vindobon.
643 873 765 931 117,
801 890 855 926 ιι.
883 873 937 933 ὅ,
962 876 1052 937 qui
1088 882 1268 925 tamen
1294 885 1443 928 caret
1470 874 1712 941 judicum
1738 881 2021 925 sententia.
2055 874 2117 926 ν.
2143 873 2347 927 Iiollar.
2378 872 2654 941 Supplem.
2683 872 2749 925 ad
2776 872 3049 927 Lambecii
3078 889 3281 926 comm.
3309 885 3441 927 tom.
3472 876 3514 934 l.

279 956 388 1011 Col.
428 956 554 1021 686,
589 973 705 1026 seq.
738 960 961 1027 (ΝΛΜ.)

354 1043 823 1117 XXLOrationes
866 1063 1053 1108 sacrm,
1102 1049 1215 1099 sive
1262 1048 1509 1101 Ilomiliar
1548 1049 1686 1101 bime
1732 1051 1806 1110 si;
1840 1050 1936 1119 τὴν
1969 1067 2037 1119 πρ

1840 1050 1936 1119 τὴν
1969 1050 2103 1119 np”;
2136 1049 2203 1099 τὰ
2247 1049 2411 1114 ’Ἅγια
2441 1050 2548 1100 τῶν
2574 1047 2750 1113 ἁγίων
2810 1047 3035 1099 είσοδον.
3081 1048 3236 1101 Prior
3279 1049 3511 1117 incipit:

280 1132 344 1183 Εἰ
402 1133 464 1182 ὲκ
522 1132 617 1182 τοῦ
669 1134 885 1200 καρποῦ
917 1136 977 1184 τὸ
1006 1136 1221 1202 δένδρον
1263 1135 1609 1197 γινώσκεται.
1651 1138 1963 1189 Posterior:
2018 1139 2139 1191 Ίῦττὶ
2183 1137 2290 1188 τῶν
2339 1137 2661 1204 μειζόνωνῆ
2700 1136 2836 1187 κατὰ
2872 1136 3222 1202 ἀνθρωπίνην
3261 1137 3513 1206 δύναμιν,

283 1218 415 1270 Mss.
465 1220 516 1269 in
550 1222 675 1270 bili
724 1219 860 1270 Vati.
884 1236 1005 1272 atra.
1039 1221 1251 1291 (Ἐλωί.)
1291 1223 1350 1274 ι.
1386 1240 1569 1289 supra,
1606 1224 1711 1275 \uI.
1751 1223 1815 1279 Χ.
1845 1238 1895 1290 p.
1928 1224 2054 1287 “234,
2082 1223 2386 1276 bis.-——Ms.
2422 1222 2595 1275 Paris.
2627 1225 2679 1274 in
2708 1222 2832 1274 bibl.
2862 1222 3008 1289 publ.
3035 1223 3157 1276 cod.
3198 1222 3322 1283 970,
3360 1242 3411 1276 ιι.
3445 1226 3517 1278 ‘25

279 1317 334 1357 et
362 1305 457 1364 2i,
505 1314 559 1356 ct
596 1307 749 1367 1239,
793 1323 844 1358 n.
883 1308 970 1361 Sil.
1007 1309 1060 1361 In
1109 1309 1251 1361 binis
1288 1310 1392 1363 illis
1426 1313 1584 1362 codd.
1616 1321 1741 1361 sunt
1778 1324 1973 1377 praeter
2010 1311 2285 1364 homillam
2328 1310 2403 1362 De
2430 1308 2664 1377 primitiis
2705 1306 2956 1359 bonorum
2990 1324 3050 1359 ac
3092 1310 3367 1376 suppliciis
3399 1330 3518 1364 ma-

283 1400 485 1459 lorum,
515 1399 633 1450 alia:
672 1400 930 1462 Itomilia‘,
962 1416 988 1451 a
1029 1400 1277 1453 Fabn‘ciu
1312 1418 1413 1452 nun
1452 1413 1761 1455 inetnurata:
1794 1420 1807 1453 :
1846 1416 2039 1468 nempe
2078 1399 2131 1452 in
2172 1398 2390 1467 priore:

357 1482 425 1535 In
459 1501 665 1537 crucem
707 1485 921 1537 Domini
953 1490 1136 1548 (etiam
1176 1489 1228 1540 in
1267 1497 1469 1554 poster.
1502 1488 1679 1550 cod.).

355 1569 419 1622 In
455 1570 645 1634 festum
682 1572 1097 1639 Pnriﬁcationis.

356 1656 417 1709 In
448 1660 919 1713 Annuntiationem
954 1664 1027 1727 (iu
1059 1662 1352 1729 posterior.
1386 1678 1602 1730 quoque
1632 1671 1685 1714 ct
1717 1661 1769 1715 in
1795 1659 1917 1715 cod.
1950 1659 2107 1723 1220,
2143 1677 2195 1712 ιι.
2230 1659 2262 1712 5
2291 1667 2342 1712 et
2376 1658 2426 1719 7,
2462 1656 2513 1710 in
2546 1658 2767 1727 Append

360 1744 425 1798 In
457 1748 851 1808 Ascensionem.
886 1750 1006 1801 dua:
1032 1750 1219 1817 (etiam
1259 1751 1311 1802 in
1350 1753 1605 1818 poster.).

364 1833 420 1886 In
455 1838 761 1904 posteriore
792 1847 974 1890 autem
1018 1838 1083 1891 73
1116 1840 1415 1900 orationes,
1442 1839 1495 1891 in
1524 1839 1606 1891 his
1637 1838 1883 1906 quaedam
1913 1851 1939 1888 a
1973 1833 2225 1887 Fabricio
2257 1834 2454 1896 citatm,
2482 1847 2667 1885 rarum
2703 1840 2880 1885 tamen
2911 1835 3155 1888 omnium
3181 1850 3516 1891 continentio-

298 1924 516 1978 ratione
550 1940 763 1986 vereor,
787 1941 854 1978 ne
879 1936 1143 1994 tempore,
1172 1928 1364 1979 charta
1392 1937 1447 1979 et
1479 1926 1744 1979 lectorum
1778 1924 2036 1992 patientia
2073 1920 2286 1975 abutar.
2318 1922 2542 1991 Insuper
2573 1921 2624 1974 in
2657 1922 2955 1990 posteriore
2974 1925 3098 1977 cod.
3126 1934 3381 1979 exstant:

357 2011 610 2065 Precatio
640 2013 708 2064 ad
747 2012 934 2073 Deum,
974 2028 1094 2065 cum
1126 2014 1491 2082 ponti/scalam
1525 2023 1840 2080 capesseret.

352 2103 652 2171 Decalogus
692 2098 831 2154 Novi
874 2099 1217 2161 Testamenti.

351 2189 625 2247 Precatio.
657 2204 776 2240 cum
812 2190 1034 2257 populos
1072 2191 1348 2256 inviseret,

350 2279 507 2339 Alia,
544 2289 777 2344 tempore
807 2276 1025 2344 pluviali
1062 2277 1228 2345 facta,

347 2366 480 2421 Alia
513 2381 693 2418 corant
721 2364 927 2432 regibus
956 2374 1070 2430 post
1102 2368 1397 2420 unctionem
1426 2372 1671 2433 recitata,

349 2455 548 2521 Capita
585 2456 648 2505 de
684 2454 928 2506 oratione
955 2463 1003 2505 et
1042 2455 1207 2506 animi
1240 2458 1511 2523 puritate;
1544 2459 1775 2527 denique
1806 2457 1917 2511 alia
1951 2460 2147 2527 capita.

352 2543 413 2594 In
460 2540 584 2594 cod.
637 2540 799 2603 I054,
851 2557 905 2593 ιι.
956 2540 1044 2605 1‘2,
1076 2540 1151 2594 De
1190 2559 1341 2609 pace,
1378 2544 1522 2596 dicta
1559 2550 1713 2597 tertio
1758 2555 1873 2612 past
1917 2564 2068 2599 suum
2105 2547 2386 2599 adventum
2431 2546 2483 2599 in
2516 2544 2691 2598 urbem
2727 2544 3033 2599 Thessalon.
3079 2546 3275 2600 inedita
3315 2556 3369 2600 et
3398 2548 3510 2603 inc.

286 2629 452 2696 Ἐμοὶ
488 2628 546 2679 δὲ
579 2628 703 2680 λίαν
746 2630 851 2696 (est
922 2629 1141 2682 homilia
1189 2631 1262 2683 De
1284 2633 1571 2684 concordia
1604 2634 1768 2685 ctiam
1814 2634 1865 2685 in
1912 2650 1969 2685 cu

1835 2648 1865 2685 ιι
1912 2636 2031 2688 cod.
2070 2632 2207 2687 Nan.
2240 2645 2423 2702 postea
2460 2650 2625 2687 metu.
2667 2648 2791 2701 qua:
2832 2644 3009 2686 tamen
3049 2634 3214 2701 incip.
3271 2634 3513 2702 Ἀδελφοὶ

280 2719 388 2785 μὲν
421 2718 584 2783 ἡμεῖς
630 2716 892 2786 πάντες),
924 2725 1087 2786 atque
1115 2717 1264 2781 aliae,
1299 2734 1327 2772 a
1359 2736 1444 2773 me
1471 2730 1804 2774 memoratae.
1844 2752 1909 2762 —-
1938 2721 2206 2774 Praeterea
2247 2721 2298 2772 in
2343 2720 2532 2774 eodem
2581 2722 2851 2786 reperitur
2893 2736 3085 2788 opusc.
3137 2720 3377 2791 Gregorii
3413 2723 3514 2775 l’a-

278 2806 443 2857 lamas
480 2805 742 2857 ineditutn
772 2822 783 2856 :

355 2892 432 2945 De
459 2893 736 2959 aﬂ'ectibus
762 2902 813 2945 et
849 2894 1157 2959 virtutibus,
1192 2895 1260 2947 ad
1293 2894 1498 2949 Xenam
1524 2898 1821 2950 monfalem.
1852 2895 1965 2953 Inc.
2004 2898 2038 2949 Ἰ

1300 2894 1498 2949 Xenam
1524 2898 1821 2950 monfalem.
1852 2895 1965 2953 Inc.
2004 2898 2127 2959 Τοῖς
2159 2897 2462 2965 μοναδικῶς
2492 2897 2591 2967 ζῇν
2623 2897 2983 2965 προθυμοίσι.

353 2980 412 3034 In
448 2981 574 3035 cod.
616 2980 775 3043 1185,
810 2997 865 3035 ιι.
900 2980 950 3043 1,
987 2984 1039 3035 in
1074 2984 1370 3051 appendice
1396 2995 1501 3037 cat.
1539 2984 1668 3040 Mss.
1700 2984 1875 3038 Paris.
1907 3000 2027 3052 pag.
2059 2985 2180 3039 618.

354 3070 597 3124 IIomilia
632 3070 698 3122 In
742 3074 1033 3140 ingressum
1058 3071 1122 3127 Β.
1168 3071 1395 3143 Virginis
1427 3075 1482 3126 iu
1514 3075 1715 3129 Sancta
1755 3086 2084 3140 sanctorum,
2108 3086 2160 3128 et
2193 3091 2248 3127 ιι.
2284 3074 2369 3139 l2,
2401 3075 2547 3127 hom.
2582 3074 2633 3125 in
2667 3073 2877 3125 laudent
2909 3071 3121 3140 Georgii
3150 3076 3419 3143 martyris.
3451 3106 3517 3116 —-

275 3160 340 3215 In
379 3159 512 3213 cod.
552 3158 709 3223 I220,
742 3158 795 3211 in
832 3160 1082 3229 Append.
1114 3171 1309 3227 praeter
1331 3162 1523 3215 citatas
1555 3164 1937 3231 reperiuntur:

355 3247 517 3300 Ilom.
560 3248 614 3300 in
654 3246 984 3301 Dominicam
1021 3247 1356 3313 Palinurum,
1387 3250 1442 3301 in
1476 3248 1679 3302 Christi
1700 3252 2066 3311 nativitatem,
2100 3253 2156 3304 in
2187 3251 2388 3306 Christi
2424 3250 2761 3317 baptismum.

352 3332 598 3402 Mosqua:
645 3334 701 3386 in
727 3335 852 3387 cod.
886 3336 1083 3405 synod.
1124 3334 1211 3399 70,
1248 3344 1374 3389 sunt
1407 3332 1640 3388 Palama:
1673 3336 1908 3390 homilia:
1930 3348 1981 3392 et
2010 3340 2115 3392 alia
2147 3340 2348 3405 scripta
2381 3339 2469 3392 65.
2506 3337 2566 3391 ν.
2592 3336 2823 3390 Matthaei
2858 3344 2971 3389 not.
3006 3336 3167 3390 codd.
3200 3337 3294 3392 Gr.
3333 3336 3510 3408 Musq.

274 3440 338 3494 ι’.
370 3423 473 3481 60.
517 3434 570 3475 et
604 3422 675 3474 cl.
707 3420 942 3476 Matthaai
973 3438 1039 3476 ex
1070 3423 1161 3476 illo
1189 3422 1310 3476 cod.
1354 3422 1543 3476 decem
1576 3424 1746 3476 edidit
1781 3425 2060 3489 homilias,
2096 3426 2363 3495 Mosqute.
2398 3426 2557 3487 1776,
2594 3425 2646 3479 8.
2674 3425 2816 3478 ibid.
2854 3425 2906 3476 in
2943 3428 3066 3477 cod.
3100 3435 3315 3494 typugr.
3345 3426 3376 3480 9
3407 3437 3516 3480 tres

277 3513 453 3580 (ιι-ες.
503 3508 621 3564 Pal.
670 3520 835 3565 oratt.
877 3527 1111 3580 quarum
1152 3513 1327 3581 prima
1370 3513 1478 3565 inc.
1528 3511 1591 3563 Ἠ
1622 3512 1730 3563 τῶν
1770 3512 1940 3581 ἁγίων

1837 3514 1940 3565 κίων
1980 3516 2215 3567 ἑκάστου
2264 3518 2479 3585 μνήμη,
2524 3516 2734 3567 altera:
2772 3512 2834 3563 El
2872 3511 3049 3580 τίμιος
3101 3512 3129 3564 ὁ
3169 3514 3419 3575 Θάνατος,
3464 3522 3520 3567 et

271 3606 444 3658 tertia
500 3602 610 3654 inc.
657 3599 846 3669 Καιρῷ
902 3599 1078 3670 δεκτῷ
1111 3599 1397 3669 ἐπήκουσά
1434 3615 1549 3652 σου.
1576 3597 1637 3652 ν.
1670 3599 1904 3653 Mallhwi
1936 3601 1950 3654 Ι

1835 3601 1904 3653 aui
1936 3601 1973 3655 I.
2013 3618 2063 3659 e.
2096 3618 2147 3671 p.
2186 3604 2309 3669 555,
2343 3620 2397 3656 ιι.
2437 3603 2523 3665 17,
2553 3601 2617 3655 19
2641 3612 2691 3654 et
2720 3600 2812 3661 23,
2849 3616 2948 3655 nec
2988 3615 3094 3653 non
3130 3615 3181 3668 p.
3218 3600 3337 3661 159,
3376 3618 3430 3653 ιι.
3462 3601 3518 3655 6.

279 3695 344 3749 In
373 3693 507 3748 cod.
556 3692 698 3751 2A6,
734 3706 791 3742 n.
823 3687 885 3749 6,
922 3688 1043 3739 dum
1080 3687 1375 3741 oratiOucs.
1420 3688 1580 3740 Prior
1618 3690 1725 3740 inc.
1768 3687 1962 3757 ὐπηνί

1837 3689 2043 3757 πηνίκα
2081 3692 2109 3742 ὁ
2148 3692 2271 3753 voti;
2318 3689 2577 3758 αίσϐητοῦ
2615 3687 2815 3750 παντὸς
2855 3688 3165 3754 ἁπαναστῇε
3215 3689 3516 3755 posterior:

272 3781 510 3840 Ἐπειδὴ
543 3779 605 3832 τὸ
630 3780 785 3830 Θεῖον
811 3776 1217 3843 αὖτοαγαθότης
1255 3777 1458 3827 ὲστι.-
1486 3775 1625 3828 Ibid.
1659 3791 1710 3842 p.
1743 3775 1864 3828 I79.
1888 3790 1955 3829 co

1838 3780 1864 3826 i.
1888 3777 2009 3829 cod.
2037 3776 2163 3839 279,
2190 3792 2245 3829 η.
2279 3775 2331 3839 1,
2354 3777 2565 3829 oratio:
2607 3776 2716 3829 inc.
2759 3774 2887 3827 Ἐπὶ
2913 3774 3020 3825 τῶν
3051 3774 3313 3842 μειζόνων
3342 3774 3375 3843 ἢ
3400 3774 3521 3827 κατ’

274 3865 664 3937 ἀνθρωπίνην.
698 3892 770 3902 —-
798 3863 986 3915 Ilontae
1025 3864 1076 3915 in
1110 3862 1241 3915 bibl.
1288 3861 1461 3915 Vatic.
1497 3878 1780 3916 sermones
1811 3864 2056 3931 quidam,
2087 3880 2151 3918 ac
2188 3866 2470 3919 Mediolani
2510 3864 2563 3917 in
2596 3863 2727 3917 bibl.
2770 3862 3024 3915 Ambros.
3058 3871 3223 3914 oratt.
3260 3862 3343 3914 11.
3382 3862 3513 3917 Item

279 3958 607 4029 Responsio
635 3955 700 4008 ad
734 3955 1023 4023 epistolam
1056 3954 1293 4016 Arsenii,
1327 3970 1447 4007 cum
1485 3954 1608 4009 aliis
1637 3955 1916 4009 nonnullis
1951 3953 2222 4023 epistolis.
2259 3951 2322 4007 γ.
2358 3952 2659 4006 Montlauc.
2696 3949 2834 4006 Bibl.
2874 3947 3125 4003 biblioth.
3169 3947 3299 4002 Mss.
3336 3964 3387 4017 p.
3427 3949 3517 4010 13.

280 4050 355 4111 ι),
417 4060 487 4100 ac
526 4061 582 4114 p.
618 4043 742 4107 198,
775 4043 839 4096 ί).
865 4043 1024 4103 Item.
1066 4057 1120 4109 p.
1153 4042 1282 4095 l52l
1316 4041 1382 4094 E.
1418 4042 1469 4094 in
1495 4041 1619 4096 cod.
1647 4040 1796 4096 Maza
1811 4045 1915 4097 rin.
1940 4043 2064 4107 121,
2093 4041 2331 4096 homilia:
2354 4041 2406 4094 in
2444 4038 2757 4093 Doniiuicos
2784 4037 2901 4089 dies
2922 4043 2974 4088 et
3004 4036 3140 4088 festa
3166 4051 3259 4103 per
3287 4050 3518 4099 annum;

278 4138 345 4190 it.
378 4151 431 4203 p.
462 4133 533 4187 55
569 4132 636 4195 D,
660 4148 715 4185 ιι.
753 4131 882 4193 904,
915 4129 1102 4183 Romae
1137 4130 1190 4182 in
1219 4130 1351 4184 bibl.
1377 4129 1554 4185 Vatic.
1581 4130 1782 4197 regina:
1819 4131 1958 4185 Suec

1838 4131 2027 4185 Suecize
2056 4131 2178 4185 cod.
2209 4127 2441 4183 Palama:
2470 4127 2743 4185 Fraarum.
2772 4132 2829 4179 et
2864 4121 3095 4176 Ilomilia
3126 4123 3178 4175 in
3212 4121 3273 4176 S.
3302 4121 3521 4175 Petrum

600 4259 612 4273 .
650 4234 840 4273 (ΙΙΑῐιι.

272 4236 326 4279 α
353 4221 612 4277 Paulum.
650 4217 870 4287 (ΙΙΑιιι.)

354 4308 480 4361 Alia
513 4308 595 4361 ei:
630 4307 731 4374 τὴν
780 4303 1224 4372 ὲνανορὼπησιν,
1274 4304 1460 4373 incipit
1497 4323 1511 4358 :
1553 4305 1614 4356 ’0
1644 4302 1734 4356 τοῦ
1779 4304 1914 4357 Θεοῦ

1840 4304 1914 4357 εοῦ
1957 4304 2331 4367 προαιωνίως,
2373 4303 2615 4358 meminit
2654 4302 2883 4356 Allatius
2931 4301 3025 4354 lib.
3070 4300 3142 4353 De
3187 4296 3523 4353 Simeonibus

280 4412 414 4466 pag.
452 4395 581 4447 105.
623 4391 812 4464 [Gonl'.
855 4407 1043 4462 supra,
1080 4392 1184 4444 Vul.
1226 4391 1291 4453 Χ,
1324 4407 1375 4461 p.
1407 4390 1560 4461 259.]

357 4482 534 4536 Video
570 4492 835 4551 praeterea
873 4480 1168 4533 memorari
1195 4498 1209 4533 :
1248 4480 1338 4541 Είς
1360 4480 1457 4547 τήν
1482 4479 1788 4549 ἀπάντησιν
1814 4475 1910 4529 τοῦ
1951 4477 2040 4545 Ἰηι

731 4494 835 4533 :rea
873 4480 1168 4533 memorari
1195 4498 1209 4533 :
1248 4480 1338 4541 Είς
1360 4480 1457 4547 τήν
1482 4479 1788 4549 ἀπάντησιν
1814 4475 1910 4529 τοῦ
1951 4476 2127 4545 Ἰησοῦ
2156 4476 2414 4546 Χριστοῦ.

356 4573 502 4640 Περὶ
537 4570 795 4637 νηστείας
829 4571 928 4621 καὶ
962 4569 1286 4638 προσευχῆς.

360 4659 439 4712 De
472 4658 703 4711 secundo
733 4659 962 4709 adventu
993 4654 1217 4708 Christi.
1252 4652 1459 4726 {Paris
1493 4654 1547 4707 in
1574 4654 1705 4708 bibl.
1743 4655 1892 4723 publ.
1922 4655 2045 4709 cod.
2085 4652 2243 4717 1056,
2280 4669 2337 4706 ιι.
2367 4649 2482 4721 15.]

359 4746 436 4799 De
471 4743 817 4813 passionibus
849 4753 898 4795 et
931 4741 1242 4803 rirtutibus,
1266 4752 1313 4793 et
1336 4743 1399 4793 de
1422 4741 1486 4794 iis
1514 4756 1629 4809 qua:
1668 4756 1759 4803 per
1790 4742 1955 4795 otium
1986 4741 2240 4809 cogitatio
2263 4742 2422 4807 parit.

355 4832 489 4894 Πῶς
521 4831 789 4900 ἁνύσιμός
818 4846 878 4881 τε
938 4831 1033 4881 καὶ
1062 4830 1294 4898 ἄμωμος
1334 4830 1366 4896 ὴ
1397 4829 1564 4899 ἀρετὴ
1593 4827 1850 4883 τελεῖται.

356 4918 427 4973 In
465 4917 796 4971 Demetrium
834 4930 1145 4984 martyrem.
1178 4914 1379 4985 [νει-18.
1417 4916 1471 4969 in
1511 4917 1639 4969 bibl.
1673 4916 1824 4985 publ.
1856 4917 1978 4972 cod.
2011 4918 2035 4971 1

1519 4917 1639 4969 bibl.
1673 4916 1824 4985 publ.
1856 4917 1978 4972 cod.
2011 4917 2169 4978 1051».
2209 4932 2263 4970 n.
2296 4914 2385 4975 11,
2417 4914 2479 4967 γ.
2504 4928 2691 4982 supra,
2725 4913 2833 4967 vol.
2859 4912 2924 4976 Χ,
2962 4928 3013 4981 p.
3049 4912 3202 4981 2I8.]

359 5007 442 5060 De
474 5015 664 5058 mutua
696 5004 1005 5057 concordia.
1034 5003 1253 5074 [Venet.
1289 5002 1343 5055 in
1372 5003 1493 5056 cod.
1532 5003 1761 5056 Nanian.
1796 5002 1921 5064 126.
1956 5021 2011 5058 n.
2040 5003 2125 5067 14,
2160 5001 2222 5056 ν.
2257 5001 2417 5054 catal.
2453 5003 2611 5054 codd.
2644 4999 2740 5054 Gr.
2774 4999 2913 5054 Nan.
2946 5016 2998 5069 p.
3020 4998 3172 5069 279.]

362 5098 433 5151 lu
474 5095 855 5150 Publicanum.
886 5092 1039 5165 [Hec
1069 5102 1124 5149 et
1156 5110 1274 5163 seq.
1303 5092 1479 5148 Paris.
1517 5094 1567 5147 in
1594 5094 1689 5148 cit.
1713 5095 1835 5148 cod.
1873 5092 2028 5155 1054,
2058 5107 2113 5145 ιι.
2150 5090 2216 5143 15
2247 5098 2302 5145 et
2324 5086 2435 5157 14.]

353 5187 419 5241 In
470 5184 703 5252 Prodigu
714 5199 785 5236 nt.

359 5275 439 5328 De
468 5273 707 5339 praemiis
734 5272 991 5324 bonorum
1025 5279 1075 5324 et
1112 5270 1387 5340 suppliciis
1423 5269 1730 5337 impiorum,
1773 5266 2042 5324 Dominic:

1836 5266 2056 5323 )minica
2098 5266 2233 5334 πρὸς
2268 5263 2393 5324 τοὺς
2442 5279 2551 5314 των
2584 5264 2943 5330 προπατέρων
2978 5267 3124 5326 (ante
3155 5259 3351 5313 festum
3382 5258 3519 5312 nati-

283 5362 504 5429 vitatis)
533 5361 694 5414 sulita
726 5360 947 5415 recitari
983 5359 1061 5431 [in
1089 5357 1478 5428 utroquecod.
1518 5357 1747 5428 Paris].

362 5450 441 5503 De
476 5448 844 5505 misericordia
872 5457 921 5500 et
953 5447 1314 5513 beneﬁcentia.

360 5538 423 5591 In
464 5535 602 5589 bibl.
632 5534 956 5597 Bodleiana,
991 5550 1047 5588 ιι.
1074 5534 1197 5598 657,
1231 5534 1370 5586 inter
1400 5533 1612 5586 codices
1651 5530 1793 5584 Guil.
1828 5529 1995 5585 Laudi
2028 5533 2149 5585 I56.
2188 5538 2415 5582 exstant
2447 5525 2698 5598 Gregorii
2732 5524 3131 5595 archiepiscopi
3171 5523 3522 5577 Thessaloni-

287 5624 475 5677 censis
508 5621 829 5684 Sermones,
859 5620 1067 5683 Grece,
1101 5618 1195 5673 fol.

362 5708 535 5763 XXII.
579 5706 861 5774 Expositio
916 5707 1227 5759 orthodoxa:
1260 5707 1384 5774 ﬁdei
1424 5706 1519 5759 Ms.
1552 5707 1603 5759 iu
1645 5706 1774 5759 bibl.
1813 5706 2124 5773 Augustana
2146 5746 2158 5769 ,
2194 5703 2430 5757 fortasse
2473 5703 2613 5755 haud
2646 5701 2860 5755 diversa
2894 5703 2961 5755 ab
2993 5718 3076 5765 ea,
3105 5718 3222 5770 qum
3257 5710 3430 5758 exstat
3465 5704 3519 5755 in

290 5805 444 5850 tomo
472 5794 873 5850 Palamitarum
906 5796 1169 5867 synodico
1216 5812 1245 5847 a
1288 5795 1609 5849 Conibetido
1654 5796 1833 5857 edito,
1868 5810 1919 5863 p.
1962 5795 1973 5845 i

1868 5810 1919 5863 p.
1962 5794 2083 5845 172.
2126 5793 2187 5846 Et
2228 5792 2447 5860 incipit:
2487 5786 2575 5853 Εἷς
2636 5791 2763 5851 θεὸς
2809 5791 2913 5859 πρὸ
2945 5808 3177 5844 παντων.
3221 5790 3425 5859 (Pium)
3453 5811 3526 5828 -
