  <div class='ocr_page' id='page_1' title='image "/cluster/home/n/w/nwhite01/storage/ocr_20150623/150/nnc1.0022106740/406.png"; bbox 0 0 4274 6452; ppageno 0'>
   <div class='ocr_carea' id='block_1_1' title="bbox 293 408 3542 489">
    <p class='ocr_par' dir='ltr' id='par_1_1' title="bbox 293 408 3542 489">
     <span class='ocr_line' id='line_1_1' title="bbox 293 408 3542 489; baseline 0.004 -15"><span class='ocrx_word' id='word_1_1' title='bbox 293 408 407 474; x_wconf 69' lang='lat'><strong>789</strong></span> <span class='ocrx_word' id='word_1_2' title='bbox 1737 416 2072 481; x_wconf 71' lang='lat' dir='ltr'><strong>NOTITIA.</strong></span> <span class='ocrx_word' id='word_1_3' title='bbox 3440 423 3542 489; x_wconf 77' lang='lat'><strong>790</strong></span> 
     </span>
    </p>
   </div>
   <div class='ocr_carea' id='block_1_2' title="bbox 370 522 1214 597">
    <p class='ocr_par' dir='ltr' id='par_1_2' title="bbox 370 522 1214 597">
     <span class='ocr_line' id='line_1_2' title="bbox 370 522 1214 597; baseline 0.006 -22"><span class='ocrx_word' id='word_1_4' title='bbox 370 522 621 578; x_wconf 75' lang='lat' dir='ltr'><strong>Clemens</strong></span> <span class='ocrx_word' id='word_1_5' title='bbox 661 526 1033 597; x_wconf 74' lang='lat' dir='ltr'><strong>philosophus,</strong></span> <span class='ocrx_word' id='word_1_6' title='bbox 1072 526 1131 594; x_wconf 87' lang='lat' dir='ltr'>V,</span> <span class='ocrx_word' id='word_1_7' title='bbox 1168 529 1214 580; x_wconf 80' lang='grc'><strong>4.</strong></span> 
     </span>
    </p>
   </div>
   <div class='ocr_carea' id='block_1_3' title="bbox 379 615 3539 693">
    <p class='ocr_par' dir='ltr' id='par_1_3' title="bbox 379 615 3539 693">
     <span class='ocr_line' id='line_1_3' title="bbox 379 615 3539 693; baseline 0.003 -26"><span class='ocrx_word' id='word_1_8' title='bbox 379 615 607 672; x_wconf 85' lang='lat' dir='ltr'><strong>Divinus</strong></span> <span class='ocrx_word' id='word_1_9' title='bbox 631 619 880 674; x_wconf 83' lang='lat' dir='ltr'><strong>Cosmas.</strong></span> <span class='ocrx_word' id='word_1_10' title='bbox 919 619 1004 683; x_wconf 91' lang='lat' dir='ltr'><strong>VI,</strong></span> <span class='ocrx_word' id='word_1_11' title='bbox 1039 621 1091 673; x_wconf 90' lang='lat'><strong>4.</strong></span> <span class='ocrx_word' id='word_1_12' title='bbox 1123 621 1346 675; x_wconf 86' lang='lat' dir='ltr'><strong>Canonc</strong></span> <span class='ocrx_word' id='word_1_13' title='bbox 1381 621 1498 674; x_wconf 70' lang='lat' dir='ltr'><strong>festi</strong></span> <span class='ocrx_word' id='word_1_14' title='bbox 1568 621 2088 690; x_wconf 76' lang='lat' dir='ltr'><strong>transligurationis,</strong></span> <span class='ocrx_word' id='word_1_15' title='bbox 2133 621 2216 686; x_wconf 85' lang='lat' dir='ltr'><strong>VI,</strong></span> <span class='ocrx_word' id='word_1_16' title='bbox 2250 623 2307 684; x_wconf 88' lang='lat'><strong>6,</strong></span> <span class='ocrx_word' id='word_1_17' title='bbox 2344 624 2392 674; x_wconf 88' lang='lat'><strong>7.</strong></span> <span class='ocrx_word' id='word_1_18' title='bbox 2435 622 2492 675; x_wconf 93' lang='lat' dir='ltr'><strong>In</strong></span> <span class='ocrx_word' id='word_1_19' title='bbox 2526 625 2592 678; x_wconf 85' lang='lat' dir='ltr'><strong>iis</strong></span> <span class='ocrx_word' id='word_1_20' title='bbox 2623 639 2741 693; x_wconf 66' lang='lat' dir='ltr'><strong>qum</strong></span> <span class='ocrx_word' id='word_1_21' title='bbox 2775 623 2828 676; x_wconf 82' lang='lat' dir='ltr'><strong>in</strong></span> <span class='ocrx_word' id='word_1_22' title='bbox 2883 623 3115 676; x_wconf 85' lang='lat' dir='ltr'><strong>mediam</strong></span> <span class='ocrx_word' id='word_1_23' title='bbox 3181 621 3539 677; x_wconf 74' lang='lat' dir='ltr'><strong>Pentecostcn</strong></span> 
     </span>
    </p>
   </div>
   <div class='ocr_carea' id='block_1_4' title="bbox 292 709 811 774">
    <p class='ocr_par' dir='ltr' id='par_1_4' title="bbox 292 709 811 774">
     <span class='ocr_line' id='line_1_4' title="bbox 292 709 811 774; baseline -0.004 -8"><span class='ocrx_word' id='word_1_24' title='bbox 292 722 590 774; x_wconf 85' lang='lat' dir='ltr'><strong>canuntur,</strong></span> <span class='ocrx_word' id='word_1_25' title='bbox 631 709 719 772; x_wconf 81' lang='lat' dir='ltr'><strong>VI,</strong></span> <span class='ocrx_word' id='word_1_26' title='bbox 756 710 811 765; x_wconf 78' lang='grc'><strong>6.</strong></span> 
     </span>
    </p>
   </div>
   <div class='ocr_carea' id='block_1_5' title="bbox 369 794 3535 868">
    <p class='ocr_par' dir='ltr' id='par_1_5' title="bbox 369 794 3535 868">
     <span class='ocr_line' id='line_1_5' title="bbox 369 794 3535 868; baseline 0.004 -17"><span class='ocrx_word' id='word_1_27' title='bbox 369 799 608 868; x_wconf 78' lang='lat' dir='ltr'><strong>Cyrillus</strong></span> <span class='ocrx_word' id='word_1_28' title='bbox 647 798 802 855; x_wconf 77' lang='lat' dir='ltr'><strong>Alex.</strong></span> <span class='ocrx_word' id='word_1_29' title='bbox 837 799 926 864; x_wconf 93' lang='lat' dir='ltr'>III,</span> <span class='ocrx_word' id='word_1_30' title='bbox 966 799 1034 864; x_wconf 79' lang='lat'><strong>&#39;5;</strong></span> <span class='ocrx_word' id='word_1_31' title='bbox 1072 796 1207 862; x_wconf 98' lang='lat' dir='ltr'>VIII,</span> <span class='ocrx_word' id='word_1_32' title='bbox 1241 801 1323 852; x_wconf 84' lang='lat' dir='ltr'><strong>I0.</strong></span> <span class='ocrx_word' id='word_1_33' title='bbox 1361 798 1414 850; x_wconf 90' lang='lat' dir='ltr'><strong>In</strong></span> <span class='ocrx_word' id='word_1_34' title='bbox 1443 797 1736 860; x_wconf 85' lang='lat' dir='ltr'><strong>thesauris,</strong></span> <span class='ocrx_word' id='word_1_35' title='bbox 1771 794 1858 859; x_wconf 96' lang='lat' dir='ltr'><strong>IV,</strong></span> <span class='ocrx_word' id='word_1_36' title='bbox 1887 796 1960 860; x_wconf 89' lang='lat'><strong>9;</strong></span> <span class='ocrx_word' id='word_1_37' title='bbox 2015 795 2122 859; x_wconf 87' lang='lat' dir='ltr'>VII,</span> <span class='ocrx_word' id='word_1_38' title='bbox 2159 795 2211 859; x_wconf 75' lang='lat'><strong>9.,</strong></span> <span class='ocrx_word' id='word_1_39' title='bbox 2242 797 2311 856; x_wconf 71' lang='grc' dir='ltr'><strong>ὃς</strong></span> <span class='ocrx_word' id='word_1_40' title='bbox 2359 795 2454 860; x_wconf 77' lang='lat' dir='ltr'><strong>IX,</strong></span> <span class='ocrx_word' id='word_1_41' title='bbox 2492 798 2544 849; x_wconf 83' lang='lat'><strong>6.</strong></span> <span class='ocrx_word' id='word_1_42' title='bbox 2585 797 2746 851; x_wconf 81' lang='lat' dir='ltr'><strong>Libro</strong></span> <span class='ocrx_word' id='word_1_43' title='bbox 2775 800 2969 866; x_wconf 79' lang='lat' dir='ltr'><strong>prium,</strong></span> <span class='ocrx_word' id='word_1_44' title='bbox 3006 799 3097 862; x_wconf 65' lang='lat' dir='ltr'><strong>IX.</strong></span> <span class='ocrx_word' id='word_1_45' title='bbox 3147 799 3212 860; x_wconf 56' lang='grc' dir='ltr'><strong>ες</strong></span> <span class='ocrx_word' id='word_1_46' title='bbox 3256 799 3396 854; x_wconf 65' lang='lat' dir='ltr'><strong>&quot;NO</strong></span> <span class='ocrx_word' id='word_1_47' title='bbox 3453 815 3535 863; x_wconf 74' lang='lat' dir='ltr'><strong>l&quot;.</strong></span> 
     </span>
    </p>
   </div>
   <div class='ocr_carea' id='block_1_6' title="bbox 291 883 3538 956">
    <p class='ocr_par' dir='ltr' id='par_1_6' title="bbox 291 883 3538 956">
     <span class='ocr_line' id='line_1_6' title="bbox 291 883 3538 956; baseline -0 -16"><span class='ocrx_word' id='word_1_48' title='bbox 291 892 474 956; x_wconf 71' lang='lat' dir='ltr'><strong>capite</strong></span> <span class='ocrx_word' id='word_1_49' title='bbox 504 897 721 956; x_wconf 86' lang='lat' dir='ltr'><strong>quarto,</strong></span> <span class='ocrx_word' id='word_1_50' title='bbox 755 887 822 952; x_wconf 88' lang='grc' dir='ltr'><strong>Χ,</strong></span> <span class='ocrx_word' id='word_1_51' title='bbox 847 889 908 952; x_wconf 90' lang='lat'><strong>9;</strong></span> <span class='ocrx_word' id='word_1_52' title='bbox 957 889 1094 942; x_wconf 89' lang='lat' dir='ltr'><strong>libro</strong></span> <span class='ocrx_word' id='word_1_53' title='bbox 1124 904 1232 949; x_wconf 75' lang='lat' dir='ltr'><strong>xw,</strong></span> <span class='ocrx_word' id='word_1_54' title='bbox 1266 886 1359 946; x_wconf 79' lang='lat' dir='ltr'><strong>IX.</strong></span> <span class='ocrx_word' id='word_1_55' title='bbox 1400 887 1450 946; x_wconf 91' lang='grc'><strong>6,</strong></span> <span class='ocrx_word' id='word_1_56' title='bbox 1478 886 1666 950; x_wconf 75' lang='lat'><strong>8,10;</strong></span> <span class='ocrx_word' id='word_1_57' title='bbox 1707 886 1842 938; x_wconf 86' lang='lat' dir='ltr'><strong>libro</strong></span> <span class='ocrx_word' id='word_1_58' title='bbox 1878 899 1961 946; x_wconf 77' lang='lat' dir='ltr'><strong>xv,</strong></span> <span class='ocrx_word' id='word_1_59' title='bbox 2013 883 2102 944; x_wconf 81' lang='grc' dir='ltr'><strong>ΙΧ,</strong></span> <span class='ocrx_word' id='word_1_60' title='bbox 2143 884 2215 948; x_wconf 89' lang='lat'><strong>6;</strong></span> <span class='ocrx_word' id='word_1_61' title='bbox 2251 885 2390 937; x_wconf 88' lang='lat' dir='ltr'><strong>Iibro</strong></span> <span class='ocrx_word' id='word_1_62' title='bbox 2418 901 2529 951; x_wconf 68' lang='lat' dir='ltr'><strong>xu,</strong></span> <span class='ocrx_word' id='word_1_63' title='bbox 2570 886 2660 947; x_wconf 80' lang='lat' dir='ltr'><strong>IX,</strong></span> <span class='ocrx_word' id='word_1_64' title='bbox 2695 888 2760 944; x_wconf 76' lang='lat'><strong>8;</strong></span> <span class='ocrx_word' id='word_1_65' title='bbox 2797 889 2935 939; x_wconf 86' lang='lat' dir='ltr'><strong>Iihro</strong></span> <span class='ocrx_word' id='word_1_66' title='bbox 2969 904 3118 948; x_wconf 75' lang='lat' dir='ltr'><strong>nu,</strong></span> <span class='ocrx_word' id='word_1_67' title='bbox 3162 886 3230 949; x_wconf 88' lang='grc' dir='ltr'><strong>Χ,</strong></span> <span class='ocrx_word' id='word_1_68' title='bbox 3268 888 3336 950; x_wconf 79' lang='lat'><strong>‘2;</strong></span> <span class='ocrx_word' id='word_1_69' title='bbox 3398 888 3538 941; x_wconf 87' lang='lat' dir='ltr'><strong>libro</strong></span> 
     </span>
    </p>
   </div>
   <div class='ocr_carea' id='block_1_7' title="bbox 292 970 3533 1045">
    <p class='ocr_par' dir='ltr' id='par_1_7' title="bbox 292 970 3533 1045">
     <span class='ocr_line' id='line_1_7' title="bbox 292 970 3533 1045; baseline 0 -15"><span class='ocrx_word' id='word_1_70' title='bbox 292 994 469 1039; x_wconf 76' lang='lat' dir='ltr'><strong>xuii,</strong></span> <span class='ocrx_word' id='word_1_71' title='bbox 503 976 569 1038; x_wconf 97' lang='grc' dir='ltr'><strong>Χ,</strong></span> <span class='ocrx_word' id='word_1_72' title='bbox 601 976 652 1039; x_wconf 88' lang='lat'><strong>7,</strong></span> <span class='ocrx_word' id='word_1_73' title='bbox 696 976 872 1045; x_wconf 82' lang='lat' dir='ltr'><strong>capite</strong></span> <span class='ocrx_word' id='word_1_74' title='bbox 905 976 996 1037; x_wconf 76' lang='grc'><strong>35,</strong></span> <span class='ocrx_word' id='word_1_75' title='bbox 1036 975 1128 1038; x_wconf 87' lang='grc' dir='ltr'><strong>ΙΧ,</strong></span> <span class='ocrx_word' id='word_1_76' title='bbox 1165 977 1222 1039; x_wconf 88' lang='lat'><strong>5,</strong></span> <span class='ocrx_word' id='word_1_77' title='bbox 1250 975 1314 1038; x_wconf 88' lang='lat'><strong>7;</strong></span> <span class='ocrx_word' id='word_1_78' title='bbox 1374 975 1513 1026; x_wconf 87' lang='lat' dir='ltr'><strong>libro</strong></span> <span class='ocrx_word' id='word_1_79' title='bbox 1540 988 1723 1034; x_wconf 76' lang='lat' dir='ltr'><strong>xutv,</strong></span> <span class='ocrx_word' id='word_1_80' title='bbox 1765 970 1829 1032; x_wconf 82' lang='grc' dir='ltr'><strong>Χ,</strong></span> <span class='ocrx_word' id='word_1_81' title='bbox 1868 971 1922 1024; x_wconf 89' lang='lat'><strong>7.</strong></span> <span class='ocrx_word' id='word_1_82' title='bbox 1949 972 2233 1026; x_wconf 70' lang='lat' dir='ltr'><strong>liissercns</strong></span> <span class='ocrx_word' id='word_1_83' title='bbox 2263 973 2327 1025; x_wconf 89' lang='lat' dir='ltr'><strong>de</strong></span> <span class='ocrx_word' id='word_1_84' title='bbox 2359 972 2565 1041; x_wconf 88' lang='lat' dir='ltr'><strong>Spiritu</strong></span> <span class='ocrx_word' id='word_1_85' title='bbox 2597 983 2807 1034; x_wconf 80' lang='lat' dir='ltr'><strong>sancto,</strong></span> <span class='ocrx_word' id='word_1_86' title='bbox 2840 973 2947 1037; x_wconf 93' lang='lat' dir='ltr'>VII,</span> <span class='ocrx_word' id='word_1_87' title='bbox 2985 976 3039 1035; x_wconf 74' lang='lat'><strong>9.,</strong></span> <span class='ocrx_word' id='word_1_88' title='bbox 3070 978 3122 1038; x_wconf 79' lang='grc'><strong>5,</strong></span> <span class='ocrx_word' id='word_1_89' title='bbox 3159 976 3231 1038; x_wconf 92' lang='lat'><strong>5;</strong></span> <span class='ocrx_word' id='word_1_90' title='bbox 3263 975 3353 1040; x_wconf 86' lang='grc' dir='ltr'><strong>ΙΧ,</strong></span> <span class='ocrx_word' id='word_1_91' title='bbox 3394 978 3447 1040; x_wconf 84' lang='grc'><strong>6,</strong></span> <span class='ocrx_word' id='word_1_92' title='bbox 3479 977 3533 1030; x_wconf 90' lang='lat'><strong>7.</strong></span> 
     </span>
    </p>
   </div>
   <div class='ocr_carea' id='block_1_8' title="bbox 292 1057 3534 1131">
    <p class='ocr_par' dir='ltr' id='par_1_8' title="bbox 292 1057 3534 1131">
     <span class='ocr_line' id='line_1_8' title="bbox 292 1057 3534 1131; baseline -0.001 -13"><span class='ocrx_word' id='word_1_93' title='bbox 292 1065 694 1131; x_wconf 63' lang='lat' dir='ltr'><strong>Explanatione</strong></span> <span class='ocrx_word' id='word_1_94' title='bbox 724 1065 777 1117; x_wconf 91' lang='lat' dir='ltr'><strong>in</strong></span> <span class='ocrx_word' id='word_1_95' title='bbox 820 1062 1167 1128; x_wconf 75' lang='lat' dir='ltr'><strong>Lucam,VI,</strong></span> <span class='ocrx_word' id='word_1_96' title='bbox 1216 1065 1268 1116; x_wconf 83' lang='grc'><strong>4.</strong></span> <span class='ocrx_word' id='word_1_97' title='bbox 1300 1061 1464 1114; x_wconf 87' lang='lat' dir='ltr'><strong>Libro</strong></span> <span class='ocrx_word' id='word_1_98' title='bbox 1504 1061 1681 1124; x_wconf 86' lang='lat' dir='ltr'><strong>primo</strong></span> <span class='ocrx_word' id='word_1_99' title='bbox 1711 1059 1777 1112; x_wconf 86' lang='lat' dir='ltr'><strong>ad</strong></span> <span class='ocrx_word' id='word_1_100' title='bbox 1820 1059 2118 1121; x_wconf 83' lang='lat' dir='ltr'><strong>Hermiam,</strong></span> <span class='ocrx_word' id='word_1_101' title='bbox 2147 1057 2236 1118; x_wconf 91' lang='grc' dir='ltr'><strong>ΙΧ,</strong></span> <span class='ocrx_word' id='word_1_102' title='bbox 2263 1059 2316 1111; x_wconf 90' lang='lat'><strong>7.</strong></span> <span class='ocrx_word' id='word_1_103' title='bbox 2353 1059 2516 1112; x_wconf 88' lang='lat' dir='ltr'><strong>Libro</strong></span> <span class='ocrx_word' id='word_1_104' title='bbox 2546 1061 2742 1127; x_wconf 89' lang='lat' dir='ltr'><strong>quinto</strong></span> <span class='ocrx_word' id='word_1_105' title='bbox 2790 1059 3065 1130; x_wconf 73' lang='lat' dir='ltr'><strong>Dialogor.</strong></span> <span class='ocrx_word' id='word_1_106' title='bbox 3118 1063 3183 1115; x_wconf 83' lang='lat' dir='ltr'><strong>ad</strong></span> <span class='ocrx_word' id='word_1_107' title='bbox 3231 1060 3534 1125; x_wconf 83' lang='lat' dir='ltr'><strong>IIermiam,</strong></span> 
     </span>
    </p>
   </div>
   <div class='ocr_carea' id='block_1_9' title="bbox 289 1145 3532 1220">
    <p class='ocr_par' dir='ltr' id='par_1_9' title="bbox 289 1145 3532 1220">
     <span class='ocr_line' id='line_1_9' title="bbox 289 1145 3532 1220; baseline 0 -16"><span class='ocrx_word' id='word_1_108' title='bbox 289 1150 386 1214; x_wconf 86' lang='grc' dir='ltr'><strong>ΙΧ,</strong></span> <span class='ocrx_word' id='word_1_109' title='bbox 418 1151 474 1206; x_wconf 84' lang='lat'><strong>7.</strong></span> <span class='ocrx_word' id='word_1_110' title='bbox 513 1149 687 1204; x_wconf 82' lang='lat' dir='ltr'><strong>Libro</strong></span> <span class='ocrx_word' id='word_1_111' title='bbox 709 1151 942 1220; x_wconf 86' lang='lat' dir='ltr'><strong>septimo</strong></span> <span class='ocrx_word' id='word_1_112' title='bbox 967 1165 1158 1204; x_wconf 86' lang='lat' dir='ltr'><strong>eorum</strong></span> <span class='ocrx_word' id='word_1_113' title='bbox 1189 1165 1328 1220; x_wconf 88' lang='lat' dir='ltr'><strong>quos</strong></span> <span class='ocrx_word' id='word_1_114' title='bbox 1353 1163 1503 1202; x_wconf 83' lang='lat' dir='ltr'><strong>more</strong></span> <span class='ocrx_word' id='word_1_115' title='bbox 1525 1147 1721 1214; x_wconf 79' lang='lat' dir='ltr'><strong>dialogi</strong></span> <span class='ocrx_word' id='word_1_116' title='bbox 1755 1146 1992 1216; x_wconf 75' lang='lat' dir='ltr'><strong>scripsit,</strong></span> <span class='ocrx_word' id='word_1_117' title='bbox 2026 1145 2116 1208; x_wconf 89' lang='lat' dir='ltr'>VI,</span> <span class='ocrx_word' id='word_1_118' title='bbox 2145 1146 2196 1200; x_wconf 96' lang='lat'><strong>7.</strong></span> <span class='ocrx_word' id='word_1_119' title='bbox 2233 1145 2397 1199; x_wconf 82' lang='lat' dir='ltr'><strong>Libro</strong></span> <span class='ocrx_word' id='word_1_120' title='bbox 2428 1151 2658 1214; x_wconf 70' lang='grc' dir='ltr'>εςιιιιίιιιίι</span> <span class='ocrx_word' id='word_1_121' title='bbox 2712 1150 3061 1219; x_wconf 77' lang='lat' dir='ltr'><strong>Dialogorum</strong></span> <span class='ocrx_word' id='word_1_122' title='bbox 3119 1148 3185 1204; x_wconf 81' lang='lat' dir='ltr'><strong>ad</strong></span> <span class='ocrx_word' id='word_1_123' title='bbox 3231 1151 3532 1215; x_wconf 85' lang='lat' dir='ltr'><strong>IIermiam,</strong></span> 
     </span>
    </p>
   </div>
   <div class='ocr_carea' id='block_1_10' title="bbox 294 1248 942 1313">
    <p class='ocr_par' dir='ltr' id='par_1_10' title="bbox 294 1248 942 1313">
     <span class='ocr_line' id='line_1_10' title="bbox 294 1248 942 1313; baseline 0.002 -13"><span class='ocrx_word' id='word_1_124' title='bbox 294 1248 407 1312; x_wconf 83' lang='lat' dir='ltr'>VII,</span> <span class='ocrx_word' id='word_1_125' title='bbox 445 1248 518 1312; x_wconf 84' lang='lat'><strong>4;</strong></span> <span class='ocrx_word' id='word_1_126' title='bbox 554 1249 647 1313; x_wconf 82' lang='lat' dir='ltr'><strong>IX,</strong></span> <span class='ocrx_word' id='word_1_127' title='bbox 678 1249 750 1312; x_wconf 90' lang='lat'><strong>6;</strong></span> <span class='ocrx_word' id='word_1_128' title='bbox 789 1248 856 1313; x_wconf 82' lang='lat' dir='ltr'><strong>X,</strong></span> <span class='ocrx_word' id='word_1_129' title='bbox 887 1248 942 1301; x_wconf 85' lang='lat'><strong>5.</strong></span> 
     </span>
    </p>
   </div>
   <div class='ocr_carea' id='block_1_11' title="bbox 360 1355 2444 1429">
    <p class='ocr_par' dir='ltr' id='par_1_11' title="bbox 360 1355 2444 1429">
     <span class='ocr_line' id='line_1_11' title="bbox 360 1355 2444 1429; baseline -0.002 -14"><span class='ocrx_word' id='word_1_130' title='bbox 360 1362 599 1429; x_wconf 75' lang='lat' dir='ltr'><strong>Cyrillus</strong></span> <span class='ocrx_word' id='word_1_131' title='bbox 629 1361 900 1416; x_wconf 87' lang='lat' dir='ltr'><strong>Hierosol.</strong></span> <span class='ocrx_word' id='word_1_132' title='bbox 923 1361 983 1414; x_wconf 86' lang='lat' dir='ltr'><strong>in</strong></span> <span class='ocrx_word' id='word_1_133' title='bbox 1013 1359 1422 1422; x_wconf 79' lang='lat' dir='ltr'><strong>Catechesihus,</strong></span> <span class='ocrx_word' id='word_1_134' title='bbox 1450 1355 1558 1419; x_wconf 96' lang='lat' dir='ltr'>VII,</span> <span class='ocrx_word' id='word_1_135' title='bbox 1596 1357 1648 1417; x_wconf 92' lang='grc'><strong>1,</strong></span> <span class='ocrx_word' id='word_1_136' title='bbox 1686 1357 1894 1410; x_wconf 85' lang='lat' dir='ltr'><strong>decima</strong></span> <span class='ocrx_word' id='word_1_137' title='bbox 1934 1355 2237 1420; x_wconf 81' lang='lat' dir='ltr'><strong>Calccltcsi,</strong></span> <span class='ocrx_word' id='word_1_138' title='bbox 2276 1356 2362 1416; x_wconf 84' lang='lat' dir='ltr'>VI.</span> <span class='ocrx_word' id='word_1_139' title='bbox 2393 1356 2444 1410; x_wconf 83' lang='grc'><strong>4.</strong></span> 
     </span>
    </p>
   </div>
   <div class='ocr_carea' id='block_1_12' title="bbox 366 1440 3532 1513">
    <p class='ocr_par' dir='ltr' id='par_1_12' title="bbox 366 1440 3532 1513">
     <span class='ocr_line' id='line_1_12' title="bbox 366 1440 3532 1513; baseline -0.002 -12"><span class='ocrx_word' id='word_1_140' title='bbox 366 1450 594 1504; x_wconf 77' lang='lat' dir='ltr'><strong>Divinus</strong></span> <span class='ocrx_word' id='word_1_141' title='bbox 629 1449 937 1501; x_wconf 82' lang='lat' dir='ltr'><strong>Diatlochns</strong></span> <span class='ocrx_word' id='word_1_142' title='bbox 967 1456 1019 1499; x_wconf 87' lang='lat' dir='ltr'><strong>ct</strong></span> <span class='ocrx_word' id='word_1_143' title='bbox 1050 1446 1252 1499; x_wconf 71' lang='lat' dir='ltr'><strong>silentii</strong></span> <span class='ocrx_word' id='word_1_144' title='bbox 1284 1445 1562 1513; x_wconf 66' lang='lat' dir='ltr'><strong>magister,</strong></span> <span class='ocrx_word' id='word_1_145' title='bbox 1599 1441 1733 1506; x_wconf 80' lang='lat' dir='ltr'>VIII,</span> <span class='ocrx_word' id='word_1_146' title='bbox 1766 1443 1818 1495; x_wconf 90' lang='lat'><strong>8.</strong></span> <span class='ocrx_word' id='word_1_147' title='bbox 1854 1445 1870 1508; x_wconf 89' lang='lat'><strong>(</strong></span> <span class='ocrx_word' id='word_1_148' title='bbox 1900 1440 2055 1495; x_wconf 82' lang='lat' dir='ltr'><strong>Libro</strong></span> <span class='ocrx_word' id='word_1_149' title='bbox 2085 1444 2147 1493; x_wconf 88' lang='lat' dir='ltr'><strong>de</strong></span> <span class='ocrx_word' id='word_1_150' title='bbox 2175 1444 2494 1510; x_wconf 78' lang='lat' dir='ltr'><strong>perfectione</strong></span> <span class='ocrx_word' id='word_1_151' title='bbox 2516 1444 2786 1511; x_wconf 81' lang='lat' dir='ltr'><strong>spirituali</strong></span> <span class='ocrx_word' id='word_1_152' title='bbox 2810 1446 3003 1497; x_wconf 84' lang='lat' dir='ltr'><strong>citatur</strong></span> <span class='ocrx_word' id='word_1_153' title='bbox 3024 1463 3055 1498; x_wconf 89' lang='lat' dir='ltr'><strong>a</strong></span> <span class='ocrx_word' id='word_1_154' title='bbox 3089 1445 3354 1498; x_wconf 80' lang='lat' dir='ltr'><strong>Turriano</strong></span> <span class='ocrx_word' id='word_1_155' title='bbox 3377 1446 3532 1497; x_wconf 74' lang='lat' dir='ltr'><strong>scho-</strong></span> 
     </span>
    </p>
   </div>
   <div class='ocr_carea' id='block_1_13' title="bbox 269 1528 3534 1611">
    <p class='ocr_par' dir='ltr' id='par_1_13' title="bbox 269 1528 3534 1611">
     <span class='ocr_line' id='line_1_13' title="bbox 269 1528 3534 1611; baseline -0.001 -22"><span class='ocrx_word' id='word_1_156' title='bbox 269 1528 378 1591; x_wconf 26' lang='lat' dir='ltr'><strong>lliis</strong></span> <span class='ocrx_word' id='word_1_157' title='bbox 411 1540 481 1590; x_wconf 85' lang='lat' dir='ltr'><strong>ad</strong></span> <span class='ocrx_word' id='word_1_158' title='bbox 513 1537 583 1602; x_wconf 80' lang='grc' dir='ltr'><strong>Χ,</strong></span> <span class='ocrx_word' id='word_1_159' title='bbox 704 1539 992 1604; x_wconf 74' lang='lat' dir='ltr'><strong>Episcopus</strong></span> <span class='ocrx_word' id='word_1_160' title='bbox 1022 1535 1268 1589; x_wconf 78' lang='lat' dir='ltr'><strong>Pltotices</strong></span> <span class='ocrx_word' id='word_1_161' title='bbox 1302 1535 1353 1586; x_wconf 83' lang='lat' dir='ltr'><strong>in</strong></span> <span class='ocrx_word' id='word_1_162' title='bbox 1388 1533 1569 1600; x_wconf 79' lang='lat' dir='ltr'><strong>Epiro,</strong></span> <span class='ocrx_word' id='word_1_163' title='bbox 1599 1547 1750 1600; x_wconf 83' lang='lat' dir='ltr'><strong>quem</strong></span> <span class='ocrx_word' id='word_1_164' title='bbox 1788 1532 1846 1584; x_wconf 91' lang='lat' dir='ltr'><strong>S.</strong></span> <span class='ocrx_word' id='word_1_165' title='bbox 1877 1528 2147 1582; x_wconf 71' lang='lat' dir='ltr'><strong>Maximus</strong></span> <span class='ocrx_word' id='word_1_166' title='bbox 2182 1532 2345 1582; x_wconf 79' lang='lat' dir='ltr'><strong>citare</strong></span> <span class='ocrx_word' id='word_1_167' title='bbox 2368 1542 2414 1583; x_wconf 85' lang='lat' dir='ltr'><strong>et</strong></span> <span class='ocrx_word' id='word_1_168' title='bbox 2446 1532 2592 1600; x_wconf 69' lang='lat' dir='ltr'><strong>sequi</strong></span> <span class='ocrx_word' id='word_1_169' title='bbox 2620 1531 2772 1597; x_wconf 67' lang='lat' dir='ltr'><strong>solet,</strong></span> <span class='ocrx_word' id='word_1_170' title='bbox 2805 1531 2942 1586; x_wconf 82' lang='lat' dir='ltr'><strong>libro</strong></span> <span class='ocrx_word' id='word_1_171' title='bbox 2981 1549 3142 1585; x_wconf 85' lang='lat' dir='ltr'><strong>aureo</strong></span> <span class='ocrx_word' id='word_1_172' title='bbox 3176 1532 3534 1602; x_wconf 71' lang='lat' dir='ltr'><strong>qua’stiouum</strong></span> 
     </span>
    </p>
   </div>
   <div class='ocr_carea' id='block_1_14' title="bbox 284 1618 2262 1692">
    <p class='ocr_par' dir='ltr' id='par_1_14' title="bbox 284 1618 2262 1692">
     <span class='ocr_line' id='line_1_14' title="bbox 284 1618 2262 1692; baseline -0.004 -14"><span class='ocrx_word' id='word_1_173' title='bbox 284 1626 353 1680; x_wconf 72' lang='lat' dir='ltr'><strong>de</strong></span> <span class='ocrx_word' id='word_1_174' title='bbox 381 1626 563 1678; x_wconf 79' lang='lat' dir='ltr'><strong>animo</strong></span> <span class='ocrx_word' id='word_1_175' title='bbox 594 1635 842 1692; x_wconf 77' lang='lat' dir='ltr'><strong>separata</strong></span> <span class='ocrx_word' id='word_1_176' title='bbox 869 1635 917 1676; x_wconf 85' lang='lat' dir='ltr'><strong>et</strong></span> <span class='ocrx_word' id='word_1_177' title='bbox 951 1624 1170 1692; x_wconf 77' lang='lat' dir='ltr'><strong>angelis,</strong></span> <span class='ocrx_word' id='word_1_178' title='bbox 1203 1638 1350 1692; x_wconf 84' lang='lat' dir='ltr'><strong>quem</strong></span> <span class='ocrx_word' id='word_1_179' title='bbox 1387 1622 1656 1686; x_wconf 80' lang='lat' dir='ltr'><strong>inscripsit</strong></span> <span class='ocrx_word' id='word_1_180' title='bbox 1694 1619 2070 1687; x_wconf 73' lang='lat' dir='ltr'><strong>Apocalypsin,</strong></span> <span class='ocrx_word' id='word_1_181' title='bbox 2113 1618 2188 1672; x_wconf 83' lang='lat' dir='ltr'><strong>id.</strong></span> <span class='ocrx_word' id='word_1_182' title='bbox 2222 1618 2262 1687; x_wconf 93' lang='lat'><strong>).</strong></span> 
     </span>
    </p>
   </div>
   <div class='ocr_carea' id='block_1_15' title="bbox 367 1704 2462 1782">
    <p class='ocr_par' dir='ltr' id='par_1_15' title="bbox 367 1704 2462 1782">
     <span class='ocr_line' id='line_1_15' title="bbox 367 1704 2462 1782; baseline -0.003 -17"><span class='ocrx_word' id='word_1_183' title='bbox 367 1711 659 1782; x_wconf 84' lang='lat' dir='ltr'><strong>Dionysius</strong></span> <span class='ocrx_word' id='word_1_184' title='bbox 686 1711 1008 1780; x_wconf 77' lang='lat' dir='ltr'><strong>Areupagita</strong></span> <span class='ocrx_word' id='word_1_185' title='bbox 1049 1711 1251 1777; x_wconf 81' lang='lat' dir='ltr'><strong>passim</strong></span> <span class='ocrx_word' id='word_1_186' title='bbox 1293 1725 1388 1776; x_wconf 90' lang='lat' dir='ltr'><strong>per</strong></span> <span class='ocrx_word' id='word_1_187' title='bbox 1423 1718 1593 1761; x_wconf 86' lang='lat' dir='ltr'><strong>totum</strong></span> <span class='ocrx_word' id='word_1_188' title='bbox 1629 1721 1786 1776; x_wconf 89' lang='lat' dir='ltr'><strong>opus.</strong></span> <span class='ocrx_word' id='word_1_189' title='bbox 1840 1704 2169 1771; x_wconf 71' lang='lat' dir='ltr'><strong>&#39;I‘heologus,</strong></span> <span class='ocrx_word' id='word_1_190' title='bbox 2209 1706 2343 1771; x_wconf 82' lang='lat' dir='ltr'>VIII,</span> <span class='ocrx_word' id='word_1_191' title='bbox 2378 1707 2462 1760; x_wconf 87' lang='grc'><strong>10.</strong></span> 
     </span>
    </p>
   </div>
   <div class='ocr_carea' id='block_1_16' title="bbox 363 1793 2359 1872">
    <p class='ocr_par' dir='ltr' id='par_1_16' title="bbox 363 1793 2359 1872">
     <span class='ocr_line' id='line_1_16' title="bbox 363 1793 2359 1872; baseline -0.003 -18"><span class='ocrx_word' id='word_1_192' title='bbox 363 1800 660 1872; x_wconf 69' lang='lat' dir='ltr'><strong>Dionysius</strong></span> <span class='ocrx_word' id='word_1_193' title='bbox 695 1801 846 1854; x_wconf 79' lang='lat' dir='ltr'><strong>Alex.</strong></span> <span class='ocrx_word' id='word_1_194' title='bbox 878 1801 1103 1855; x_wconf 88' lang='lat' dir='ltr'><strong>scholiis</strong></span> <span class='ocrx_word' id='word_1_195' title='bbox 1130 1799 1194 1853; x_wconf 82' lang='lat' dir='ltr'><strong>ad</strong></span> <span class='ocrx_word' id='word_1_196' title='bbox 1237 1797 1554 1868; x_wconf 79' lang='lat' dir='ltr'><strong>Dionysium</strong></span> <span class='ocrx_word' id='word_1_197' title='bbox 1587 1794 1991 1863; x_wconf 76' lang='lat' dir='ltr'><strong>Areopagitam,</strong></span> <span class='ocrx_word' id='word_1_198' title='bbox 2022 1793 2062 1858; x_wconf 94' lang='lat' dir='ltr'>I,</span> <span class='ocrx_word' id='word_1_199' title='bbox 2092 1793 2110 1846; x_wconf 94' lang='lat' dir='ltr'><strong>I</strong></span> <span class='ocrx_word' id='word_1_200' title='bbox 2149 1811 2163 1858; x_wconf 93' lang='lat'><strong>;</strong></span> <span class='ocrx_word' id='word_1_201' title='bbox 2203 1793 2265 1860; x_wconf 95' lang='lat' dir='ltr'>II,</span> <span class='ocrx_word' id='word_1_202' title='bbox 2307 1794 2359 1848; x_wconf 78' lang='grc'><strong>2.</strong></span> 
     </span>
    </p>
   </div>
   <div class='ocr_carea' id='block_1_17' title="bbox 360 1882 1878 1960">
    <p class='ocr_par' dir='ltr' id='par_1_17' title="bbox 360 1882 1878 1960">
     <span class='ocr_line' id='line_1_17' title="bbox 360 1882 1878 1960; baseline -0.007 -15"><span class='ocrx_word' id='word_1_203' title='bbox 360 1892 423 1945; x_wconf 86' lang='grc' dir='ltr'><strong>Β.</strong></span> <span class='ocrx_word' id='word_1_204' title='bbox 461 1893 710 1960; x_wconf 69' lang='grc' dir='ltr'>Εμιιτεειιι</span> <span class='ocrx_word' id='word_1_205' title='bbox 741 1892 991 1945; x_wconf 83' lang='lat' dir='ltr'><strong>oratione</strong></span> <span class='ocrx_word' id='word_1_206' title='bbox 1023 1891 1075 1943; x_wconf 89' lang='lat' dir='ltr'><strong>in</strong></span> <span class='ocrx_word' id='word_1_207' title='bbox 1109 1888 1668 1956; x_wconf 75' lang='lat' dir='ltr'><strong>transﬁgurationem,</strong></span> <span class='ocrx_word' id='word_1_208' title='bbox 1699 1882 1787 1945; x_wconf 89' lang='lat' dir='ltr'>VI,</span> <span class='ocrx_word' id='word_1_209' title='bbox 1824 1883 1878 1936; x_wconf 86' lang='lat'><strong>4.</strong></span> 
     </span>
    </p>
   </div>
   <div class='ocr_carea' id='block_1_18' title="bbox 363 1969 3530 2051">
    <p class='ocr_par' dir='ltr' id='par_1_18' title="bbox 363 1969 3530 2051">
     <span class='ocr_line' id='line_1_18' title="bbox 363 1969 3530 2051; baseline -0.003 -16"><span class='ocrx_word' id='word_1_210' title='bbox 363 1980 423 2035; x_wconf 90' lang='lat' dir='ltr'><strong>S.</strong></span> <span class='ocrx_word' id='word_1_211' title='bbox 464 1980 756 2051; x_wconf 80' lang='lat' dir='ltr'><strong>Epiphanii</strong></span> <span class='ocrx_word' id='word_1_212' title='bbox 790 1981 1036 2048; x_wconf 63' lang='lat' dir='ltr'><strong>panaria,</strong></span> <span class='ocrx_word' id='word_1_213' title='bbox 1067 1976 1153 2043; x_wconf 94' lang='lat' dir='ltr'>III,</span> <span class='ocrx_word' id='word_1_214' title='bbox 1198 1977 1255 2042; x_wconf 81' lang='lat' dir='ltr'><strong>I;</strong></span> <span class='ocrx_word' id='word_1_215' title='bbox 1294 1975 1358 2040; x_wconf 89' lang='lat' dir='ltr'>V,</span> <span class='ocrx_word' id='word_1_216' title='bbox 1383 1975 1438 2028; x_wconf 69' lang='grc' dir='ltr'><strong>Ξ.</strong></span> <span class='ocrx_word' id='word_1_217' title='bbox 1469 1985 1659 2030; x_wconf 79' lang='lat' dir='ltr'><strong>contra</strong></span> <span class='ocrx_word' id='word_1_218' title='bbox 1693 1972 1923 2027; x_wconf 66' lang='lat' dir='ltr'><strong>baeresin</strong></span> <span class='ocrx_word' id='word_1_219' title='bbox 1956 1969 2373 2035; x_wconf 71' lang='lat' dir='ltr'><strong>Marcosiorum,</strong></span> <span class='ocrx_word' id='word_1_220' title='bbox 2410 1971 2540 2036; x_wconf 95' lang='lat' dir='ltr'>VIII,</span> <span class='ocrx_word' id='word_1_221' title='bbox 2584 1971 2665 2025; x_wconf 90' lang='lat' dir='ltr'><strong>l0.</strong></span> <span class='ocrx_word' id='word_1_222' title='bbox 2695 1970 2900 2028; x_wconf 60' lang='lat' dir='ltr'><strong>Ileerest</strong></span> <span class='ocrx_word' id='word_1_223' title='bbox 2929 1984 3118 2027; x_wconf 80' lang='lat' dir='ltr'><strong>contra</strong></span> <span class='ocrx_word' id='word_1_224' title='bbox 3141 1973 3530 2040; x_wconf 75' lang='lat' dir='ltr'><strong>Ptolenncltas,</strong></span> 
     </span>
    </p>
   </div>
   <div class='ocr_carea' id='block_1_19' title="bbox 361 2144 2259 2217">
    <p class='ocr_par' dir='ltr' id='par_1_19' title="bbox 361 2144 2259 2217">
     <span class='ocr_line' id='line_1_19' title="bbox 361 2144 2259 2217; baseline -0.004 -8"><span class='ocrx_word' id='word_1_225' title='bbox 361 2154 667 2210; x_wconf 83' lang='lat' dir='ltr'><strong>Eunomins</strong></span> <span class='ocrx_word' id='word_1_226' title='bbox 709 2153 764 2205; x_wconf 90' lang='lat' dir='ltr'><strong>in</strong></span> <span class='ocrx_word' id='word_1_227' title='bbox 797 2150 864 2204; x_wconf 89' lang='lat' dir='ltr'><strong>iis</strong></span> <span class='ocrx_word' id='word_1_228' title='bbox 894 2165 1014 2217; x_wconf 71' lang='lat' dir='ltr'><strong>quae</strong></span> <span class='ocrx_word' id='word_1_229' title='bbox 1042 2157 1230 2202; x_wconf 85' lang='lat' dir='ltr'><strong>contra</strong></span> <span class='ocrx_word' id='word_1_230' title='bbox 1269 2145 1529 2201; x_wconf 85' lang='lat' dir='ltr'><strong>Basilimn</strong></span> <span class='ocrx_word' id='word_1_231' title='bbox 1566 2161 1824 2217; x_wconf 76' lang='lat' dir='ltr'><strong>magnum</strong></span> <span class='ocrx_word' id='word_1_232' title='bbox 1859 2146 2069 2212; x_wconf 77' lang='lat' dir='ltr'><strong>scribit,</strong></span> <span class='ocrx_word' id='word_1_233' title='bbox 2104 2144 2169 2212; x_wconf 89' lang='grc' dir='ltr'><strong>Χ,</strong></span> <span class='ocrx_word' id='word_1_234' title='bbox 2204 2145 2259 2201; x_wconf 89' lang='grc'><strong>4.</strong></span> 
     </span>
    </p>
   </div>
   <div class='ocr_carea' id='block_1_20' title="bbox 358 2235 1257 2301">
    <p class='ocr_par' dir='ltr' id='par_1_20' title="bbox 358 2235 1257 2301">
     <span class='ocr_line' id='line_1_20' title="bbox 358 2235 1257 2301; baseline -0.009 -3"><span class='ocrx_word' id='word_1_235' title='bbox 358 2243 630 2298; x_wconf 85' lang='lat' dir='ltr'><strong>Eusebius</strong></span> <span class='ocrx_word' id='word_1_236' title='bbox 664 2238 1046 2300; x_wconf 70' lang='lat' dir='ltr'><strong>Caesariensis,</strong></span> <span class='ocrx_word' id='word_1_237' title='bbox 1080 2235 1168 2301; x_wconf 94' lang='grc'><strong>111,</strong></span> <span class='ocrx_word' id='word_1_238' title='bbox 1203 2238 1257 2290; x_wconf 82' lang='grc'><strong>4.</strong></span> 
     </span>
    </p>
   </div>
   <div class='ocr_carea' id='block_1_21' title="bbox 357 2327 1487 2408">
    <p class='ocr_par' dir='ltr' id='par_1_21' title="bbox 357 2327 1487 2408">
     <span class='ocr_line' id='line_1_21' title="bbox 357 2327 1487 2408; baseline -0.011 -15"><span class='ocrx_word' id='word_1_239' title='bbox 357 2335 638 2408; x_wconf 80' lang='lat' dir='ltr'><strong>Enthymii</strong></span> <span class='ocrx_word' id='word_1_240' title='bbox 672 2334 975 2402; x_wconf 75' lang='lat' dir='ltr'><strong>dogmatica</strong></span> <span class='ocrx_word' id='word_1_241' title='bbox 1005 2330 1278 2400; x_wconf 88' lang='lat' dir='ltr'><strong>pauoplia,</strong></span> <span class='ocrx_word' id='word_1_242' title='bbox 1313 2327 1405 2390; x_wconf 87' lang='lat' dir='ltr'>III,</span> <span class='ocrx_word' id='word_1_243' title='bbox 1433 2329 1487 2381; x_wconf 74' lang='lat'><strong>9..</strong></span> 
     </span>
    </p>
   </div>
   <div class='ocr_carea' id='block_1_22' title="bbox 363 2416 2211 2486">
    <p class='ocr_par' dir='ltr' id='par_1_22' title="bbox 363 2416 2211 2486">
     <span class='ocr_line' id='line_1_22' title="bbox 363 2416 2211 2486; baseline -0.006 -3"><span class='ocrx_word' id='word_1_244' title='bbox 363 2429 605 2483; x_wconf 86' lang='lat' dir='ltr'><strong>Sanetus</strong></span> <span class='ocrx_word' id='word_1_245' title='bbox 631 2439 696 2478; x_wconf 80' lang='lat' dir='ltr'><strong>ac</strong></span> <span class='ocrx_word' id='word_1_246' title='bbox 725 2423 944 2476; x_wconf 85' lang='lat' dir='ltr'><strong>divinus</strong></span> <span class='ocrx_word' id='word_1_247' title='bbox 966 2421 1275 2474; x_wconf 85' lang='lat' dir='ltr'><strong>Germanus</strong></span> <span class='ocrx_word' id='word_1_248' title='bbox 1306 2421 1358 2472; x_wconf 92' lang='lat' dir='ltr'><strong>in</strong></span> <span class='ocrx_word' id='word_1_249' title='bbox 1393 2417 1739 2486; x_wconf 73' lang='lat' dir='ltr'><strong>Expositione</strong></span> <span class='ocrx_word' id='word_1_250' title='bbox 1771 2417 1913 2481; x_wconf 77' lang='lat' dir='ltr'><strong>ﬁdei,</strong></span> <span class='ocrx_word' id='word_1_251' title='bbox 1949 2416 2086 2480; x_wconf 77' lang='lat' dir='ltr'>VIII,</span> <span class='ocrx_word' id='word_1_252' title='bbox 2127 2418 2211 2471; x_wconf 86' lang='grc'><strong>16.</strong></span> 
     </span>
    </p>
   </div>
   <div class='ocr_carea' id='block_1_23' title="bbox 358 2503 3536 2583">
    <p class='ocr_par' dir='ltr' id='par_1_23' title="bbox 358 2503 3536 2583">
     <span class='ocr_line' id='line_1_23' title="bbox 358 2503 3536 2583; baseline -0 -13"><span class='ocrx_word' id='word_1_253' title='bbox 358 2513 683 2583; x_wconf 78' lang='lat' dir='ltr'><strong>Gregorius,</strong></span> <span class='ocrx_word' id='word_1_254' title='bbox 722 2509 1025 2578; x_wconf 75' lang='lat' dir='ltr'><strong>theologus,</strong></span> <span class='ocrx_word' id='word_1_255' title='bbox 1062 2507 1102 2571; x_wconf 95' lang='lat' dir='ltr'><strong>I,</strong></span> <span class='ocrx_word' id='word_1_256' title='bbox 1137 2508 1206 2571; x_wconf 77' lang='lat'><strong>3;</strong></span> <span class='ocrx_word' id='word_1_257' title='bbox 1238 2505 1328 2569; x_wconf 91' lang='lat' dir='ltr'><strong>IV,</strong></span> <span class='ocrx_word' id='word_1_258' title='bbox 1366 2505 1432 2569; x_wconf 89' lang='lat'><strong>8;</strong></span> <span class='ocrx_word' id='word_1_259' title='bbox 1475 2503 1560 2568; x_wconf 90' lang='lat' dir='ltr'><strong>VI,</strong></span> <span class='ocrx_word' id='word_1_260' title='bbox 1591 2506 1644 2569; x_wconf 88' lang='lat'><strong>7,</strong></span> <span class='ocrx_word' id='word_1_261' title='bbox 1678 2506 1731 2561; x_wconf 89' lang='lat'><strong>9.</strong></span> <span class='ocrx_word' id='word_1_262' title='bbox 1761 2505 1924 2561; x_wconf 85' lang='lat' dir='ltr'><strong>Libro</strong></span> <span class='ocrx_word' id='word_1_263' title='bbox 1956 2507 2130 2576; x_wconf 89' lang='lat' dir='ltr'><strong>primo</strong></span> <span class='ocrx_word' id='word_1_264' title='bbox 2158 2508 2222 2562; x_wconf 88' lang='lat' dir='ltr'><strong>de</strong></span> <span class='ocrx_word' id='word_1_265' title='bbox 2259 2506 2418 2574; x_wconf 83' lang='lat' dir='ltr'><strong>Filio,</strong></span> <span class='ocrx_word' id='word_1_266' title='bbox 2456 2507 2591 2574; x_wconf 88' lang='lat' dir='ltr'>VIII,</span> <span class='ocrx_word' id='word_1_267' title='bbox 2634 2510 2651 2563; x_wconf 95' lang='lat' dir='ltr'><strong>I</strong></span> <span class='ocrx_word' id='word_1_268' title='bbox 2685 2527 2699 2576; x_wconf 93' lang='lat'><strong>;</strong></span> <span class='ocrx_word' id='word_1_269' title='bbox 2733 2509 2825 2573; x_wconf 81' lang='lat' dir='ltr'><strong>IX.</strong></span> <span class='ocrx_word' id='word_1_270' title='bbox 2855 2510 2888 2565; x_wconf 84' lang='lat'><strong>5</strong></span> <span class='ocrx_word' id='word_1_271' title='bbox 2918 2528 2933 2578; x_wconf 93' lang='lat'><strong>;</strong></span> <span class='ocrx_word' id='word_1_272' title='bbox 2967 2510 3032 2574; x_wconf 77' lang='grc' dir='ltr'><strong>Χ,</strong></span> <span class='ocrx_word' id='word_1_273' title='bbox 3068 2512 3124 2578; x_wconf 68' lang='grc' dir='ltr'><strong>Ξ,</strong></span> <span class='ocrx_word' id='word_1_274' title='bbox 3163 2513 3216 2566; x_wconf 76' lang='lat'><strong>3.</strong></span> <span class='ocrx_word' id='word_1_275' title='bbox 3251 2511 3418 2568; x_wconf 86' lang='lat' dir='ltr'><strong>Libro</strong></span> <span class='ocrx_word' id='word_1_276' title='bbox 3447 2529 3536 2569; x_wconf 80' lang='lat' dir='ltr'><strong>se-</strong></span> 
     </span>
    </p>
   </div>
   <div class='ocr_carea' id='block_1_24' title="bbox 281 2593 3537 2669">
    <p class='ocr_par' dir='ltr' id='par_1_24' title="bbox 281 2593 3537 2669">
     <span class='ocr_line' id='line_1_24' title="bbox 281 2593 3537 2669; baseline -0.001 -9"><span class='ocrx_word' id='word_1_277' title='bbox 281 2603 496 2667; x_wconf 73' lang='lat' dir='ltr'><strong>cundo,</strong></span> <span class='ocrx_word' id='word_1_278' title='bbox 533 2601 622 2665; x_wconf 90' lang='lat' dir='ltr'><strong>Vl,</strong></span> <span class='ocrx_word' id='word_1_279' title='bbox 651 2601 702 2654; x_wconf 91' lang='lat'><strong>6.</strong></span> <span class='ocrx_word' id='word_1_280' title='bbox 738 2602 896 2652; x_wconf 87' lang='lat' dir='ltr'><strong>Orat.</strong></span> <span class='ocrx_word' id='word_1_281' title='bbox 921 2598 988 2651; x_wconf 87' lang='lat' dir='ltr'><strong>de</strong></span> <span class='ocrx_word' id='word_1_282' title='bbox 1017 2595 1221 2666; x_wconf 78' lang='lat' dir='ltr'><strong>Spiritu</strong></span> <span class='ocrx_word' id='word_1_283' title='bbox 1253 2606 1463 2660; x_wconf 86' lang='lat' dir='ltr'><strong>sancto,</strong></span> <span class='ocrx_word' id='word_1_284' title='bbox 1503 2593 1590 2661; x_wconf 91' lang='lat' dir='ltr'>III,</span> <span class='ocrx_word' id='word_1_285' title='bbox 1623 2594 1694 2659; x_wconf 87' lang='lat'><strong>4;</strong></span> <span class='ocrx_word' id='word_1_286' title='bbox 1726 2593 1835 2660; x_wconf 91' lang='lat' dir='ltr'>VII,</span> <span class='ocrx_word' id='word_1_287' title='bbox 1872 2595 1923 2648; x_wconf 82' lang='grc'><strong>5.</strong></span> <span class='ocrx_word' id='word_1_288' title='bbox 1954 2595 2208 2650; x_wconf 81' lang='lat' dir='ltr'><strong>Secundo</strong></span> <span class='ocrx_word' id='word_1_289' title='bbox 2242 2596 2307 2650; x_wconf 85' lang='lat' dir='ltr'><strong>de</strong></span> <span class='ocrx_word' id='word_1_290' title='bbox 2343 2597 2613 2668; x_wconf 72' lang='lat' dir='ltr'><strong>theologia</strong></span> <span class='ocrx_word' id='word_1_291' title='bbox 2640 2599 2797 2664; x_wconf 86' lang='lat' dir='ltr'><strong>libro,</strong></span> <span class='ocrx_word' id='word_1_292' title='bbox 2835 2599 2877 2662; x_wconf 93' lang='lat' dir='ltr'>I,</span> <span class='ocrx_word' id='word_1_293' title='bbox 2911 2599 2979 2666; x_wconf 92' lang='lat'><strong>6;</strong></span> <span class='ocrx_word' id='word_1_294' title='bbox 3011 2599 3080 2663; x_wconf 88' lang='lat' dir='ltr'>II,</span> <span class='ocrx_word' id='word_1_295' title='bbox 3120 2601 3172 2666; x_wconf 86' lang='lat'><strong>4,</strong></span> <span class='ocrx_word' id='word_1_296' title='bbox 3207 2601 3258 2665; x_wconf 86' lang='lat'><strong>5,</strong></span> <span class='ocrx_word' id='word_1_297' title='bbox 3287 2602 3340 2667; x_wconf 84' lang='lat'><strong>7,</strong></span> <span class='ocrx_word' id='word_1_298' title='bbox 3369 2602 3423 2667; x_wconf 90' lang='lat'><strong>8,</strong></span> <span class='ocrx_word' id='word_1_299' title='bbox 3458 2603 3537 2669; x_wconf 82' lang='lat'><strong>9;</strong></span> 
     </span>
    </p>
   </div>
   <div class='ocr_carea' id='block_1_25' title="bbox 285 2681 3530 2754">
    <p class='ocr_par' dir='ltr' id='par_1_25' title="bbox 285 2681 3530 2754">
     <span class='ocr_line' id='line_1_25' title="bbox 285 2681 3530 2754; baseline -0.001 -9"><span class='ocrx_word' id='word_1_300' title='bbox 285 2692 377 2754; x_wconf 90' lang='lat' dir='ltr'>III,</span> <span class='ocrx_word' id='word_1_301' title='bbox 419 2694 488 2750; x_wconf 82' lang='lat'><strong>4;</strong></span> <span class='ocrx_word' id='word_1_302' title='bbox 529 2689 617 2753; x_wconf 90' lang='lat' dir='ltr'>VI,</span> <span class='ocrx_word' id='word_1_303' title='bbox 653 2688 707 2750; x_wconf 86' lang='grc' dir='ltr'><strong>ϐ,</strong></span> <span class='ocrx_word' id='word_1_304' title='bbox 736 2688 808 2750; x_wconf 83' lang='grc'><strong>9;</strong></span> <span class='ocrx_word' id='word_1_305' title='bbox 838 2684 976 2747; x_wconf 89' lang='lat' dir='ltr'>VIII,</span> <span class='ocrx_word' id='word_1_306' title='bbox 1003 2683 1073 2747; x_wconf 90' lang='lat'><strong>8;</strong></span> <span class='ocrx_word' id='word_1_307' title='bbox 1110 2681 1201 2747; x_wconf 75' lang='lat' dir='ltr'><strong>IX,</strong></span> <span class='ocrx_word' id='word_1_308' title='bbox 1231 2683 1285 2737; x_wconf 78' lang='lat'><strong>5.</strong></span> <span class='ocrx_word' id='word_1_309' title='bbox 1313 2682 1478 2736; x_wconf 86' lang='lat' dir='ltr'><strong>Libro</strong></span> <span class='ocrx_word' id='word_1_310' title='bbox 1514 2684 1673 2735; x_wconf 65' lang='lat' dir='ltr'><strong>tertio</strong></span> <span class='ocrx_word' id='word_1_311' title='bbox 1705 2683 1987 2751; x_wconf 70' lang='lat' dir='ltr'><strong>theologia:</strong></span> <span class='ocrx_word' id='word_1_312' title='bbox 2017 2698 2150 2748; x_wconf 63' lang='lat' dir='ltr'><strong>sum,</strong></span> <span class='ocrx_word' id='word_1_313' title='bbox 2201 2682 2270 2744; x_wconf 85' lang='grc' dir='ltr'><strong>Χ,</strong></span> <span class='ocrx_word' id='word_1_314' title='bbox 2305 2684 2390 2736; x_wconf 92' lang='grc'><strong>10.</strong></span> <span class='ocrx_word' id='word_1_315' title='bbox 2429 2685 2725 2751; x_wconf 85' lang='lat' dir='ltr'><strong>Disputans</strong></span> <span class='ocrx_word' id='word_1_316' title='bbox 2755 2696 2946 2739; x_wconf 80' lang='lat' dir='ltr'><strong>contra</strong></span> <span class='ocrx_word' id='word_1_317' title='bbox 2975 2686 3324 2752; x_wconf 87' lang='lat' dir='ltr'><strong>Eunominm,</strong></span> <span class='ocrx_word' id='word_1_318' title='bbox 3358 2687 3448 2753; x_wconf 92' lang='lat' dir='ltr'>III,</span> <span class='ocrx_word' id='word_1_319' title='bbox 3484 2690 3530 2742; x_wconf 94' lang='lat' dir='ltr'><strong>I.</strong></span> 
     </span>
    </p>
   </div>
   <div class='ocr_carea' id='block_1_26' title="bbox 285 2770 3536 2844">
    <p class='ocr_par' dir='ltr' id='par_1_26' title="bbox 285 2770 3536 2844">
     <span class='ocr_line' id='line_1_26' title="bbox 285 2770 3536 2844; baseline 0.003 -26"><span class='ocrx_word' id='word_1_320' title='bbox 285 2784 363 2837; x_wconf 65' lang='lat' dir='ltr'><strong>De</strong></span> <span class='ocrx_word' id='word_1_321' title='bbox 402 2782 690 2836; x_wconf 55' lang='lat' dir='ltr'><strong>divinitate</strong></span> <span class='ocrx_word' id='word_1_322' title='bbox 723 2777 789 2830; x_wconf 81' lang='lat' dir='ltr'><strong>ad</strong></span> <span class='ocrx_word' id='word_1_323' title='bbox 822 2776 1112 2844; x_wconf 68' lang='lat' dir='ltr'><strong>Evagrium</strong></span> <span class='ocrx_word' id='word_1_324' title='bbox 1149 2773 1503 2835; x_wconf 83' lang='lat' dir='ltr'><strong>monachum,</strong></span> <span class='ocrx_word' id='word_1_325' title='bbox 1547 2771 1634 2835; x_wconf 90' lang='lat' dir='ltr'>IV,</span> <span class='ocrx_word' id='word_1_326' title='bbox 1670 2772 1741 2836; x_wconf 90' lang='lat'><strong>8;</strong></span> <span class='ocrx_word' id='word_1_327' title='bbox 1779 2770 1892 2834; x_wconf 85' lang='lat' dir='ltr'>VII,</span> <span class='ocrx_word' id='word_1_328' title='bbox 1919 2770 1972 2823; x_wconf 88' lang='lat'><strong>4.</strong></span> <span class='ocrx_word' id='word_1_329' title='bbox 2005 2771 2264 2824; x_wconf 89' lang='lat' dir='ltr'><strong>Oratione</strong></span> <span class='ocrx_word' id='word_1_330' title='bbox 2289 2786 2412 2824; x_wconf 90' lang='lat' dir='ltr'><strong>cum</strong></span> <span class='ocrx_word' id='word_1_331' title='bbox 2443 2770 2620 2824; x_wconf 81' lang='lat' dir='ltr'><strong>Iactus</strong></span> <span class='ocrx_word' id='word_1_332' title='bbox 2667 2780 2752 2825; x_wconf 87' lang='lat' dir='ltr'><strong>est</strong></span> <span class='ocrx_word' id='word_1_333' title='bbox 2782 2773 3090 2842; x_wconf 77' lang='lat' dir='ltr'><strong>presbyter,</strong></span> <span class='ocrx_word' id='word_1_334' title='bbox 3131 2772 3194 2835; x_wconf 90' lang='lat' dir='ltr'>V,</span> <span class='ocrx_word' id='word_1_335' title='bbox 3237 2774 3290 2829; x_wconf 89' lang='lat'><strong>9.</strong></span> <span class='ocrx_word' id='word_1_336' title='bbox 3331 2777 3403 2829; x_wconf 81' lang='lat' dir='ltr'><strong>De</strong></span> <span class='ocrx_word' id='word_1_337' title='bbox 3440 2778 3536 2829; x_wconf 87' lang='lat' dir='ltr'><strong>ba-</strong></span> 
     </span>
    </p>
   </div>
   <div class='ocr_carea' id='block_1_27' title="bbox 283 2857 3503 2940">
    <p class='ocr_par' dir='ltr' id='par_1_27' title="bbox 283 2857 3503 2940">
     <span class='ocr_line' id='line_1_27' title="bbox 283 2857 3503 2940; baseline -0.003 -15"><span class='ocrx_word' id='word_1_338' title='bbox 283 2873 509 2940; x_wconf 83' lang='lat' dir='ltr'><strong>ptismo.</strong></span> <span class='ocrx_word' id='word_1_339' title='bbox 541 2869 631 2930; x_wconf 91' lang='lat' dir='ltr'><strong>Vl,</strong></span> <span class='ocrx_word' id='word_1_340' title='bbox 665 2869 721 2929; x_wconf 80' lang='grc'><strong>5,</strong></span> <span class='ocrx_word' id='word_1_341' title='bbox 751 2865 858 2933; x_wconf 86' lang='grc'><strong>10;</strong></span> <span class='ocrx_word' id='word_1_342' title='bbox 893 2864 986 2928; x_wconf 73' lang='lat' dir='ltr'><strong>IX,</strong></span> <span class='ocrx_word' id='word_1_343' title='bbox 1021 2866 1076 2918; x_wconf 79' lang='lat'><strong>3.</strong></span> <span class='ocrx_word' id='word_1_344' title='bbox 1103 2864 1183 2917; x_wconf 79' lang='lat' dir='ltr'><strong>Ad</strong></span> <span class='ocrx_word' id='word_1_345' title='bbox 1215 2862 1509 2926; x_wconf 84' lang='lat' dir='ltr'><strong>Heronem,</strong></span> <span class='ocrx_word' id='word_1_346' title='bbox 1550 2859 1636 2923; x_wconf 87' lang='lat' dir='ltr'>VI,</span> <span class='ocrx_word' id='word_1_347' title='bbox 1674 2859 1725 2912; x_wconf 87' lang='lat'><strong>5.</strong></span> <span class='ocrx_word' id='word_1_348' title='bbox 1761 2860 1816 2912; x_wconf 90' lang='lat' dir='ltr'><strong>In</strong></span> <span class='ocrx_word' id='word_1_349' title='bbox 1851 2874 2101 2913; x_wconf 84' lang='lat' dir='ltr'><strong>sermone</strong></span> <span class='ocrx_word' id='word_1_350' title='bbox 2153 2857 2490 2927; x_wconf 52' lang='lat' dir='ltr'><strong>Epiphaniw,</strong></span> <span class='ocrx_word' id='word_1_351' title='bbox 2521 2858 2607 2922; x_wconf 94' lang='lat' dir='ltr'><strong>IV,</strong></span> <span class='ocrx_word' id='word_1_352' title='bbox 2646 2860 2695 2913; x_wconf 93' lang='grc'><strong>1.</strong></span> <span class='ocrx_word' id='word_1_353' title='bbox 2752 2859 2916 2914; x_wconf 90' lang='lat' dir='ltr'><strong>Lihro</strong></span> <span class='ocrx_word' id='word_1_354' title='bbox 2947 2861 3013 2914; x_wconf 86' lang='lat' dir='ltr'><strong>de</strong></span> <span class='ocrx_word' id='word_1_355' title='bbox 3043 2870 3187 2914; x_wconf 87' lang='lat' dir='ltr'><strong>statu</strong></span> <span class='ocrx_word' id='word_1_356' title='bbox 3245 2862 3503 2932; x_wconf 86' lang='lat' dir='ltr'><strong>episcopo</strong></span> 
     </span>
    </p>
   </div>
   <div class='ocr_carea' id='block_1_28' title="bbox 283 2944 3531 3022">
    <p class='ocr_par' dir='ltr' id='par_1_28' title="bbox 283 2944 3531 3022">
     <span class='ocr_line' id='line_1_28' title="bbox 283 2944 3531 3022; baseline -0.004 -9"><span class='ocrx_word' id='word_1_357' title='bbox 283 2976 434 3022; x_wconf 83' lang='lat' dir='ltr'><strong>rum,</strong></span> <span class='ocrx_word' id='word_1_358' title='bbox 469 2957 557 3019; x_wconf 83' lang='lat' dir='ltr'>III,</span> <span class='ocrx_word' id='word_1_359' title='bbox 593 2959 646 3010; x_wconf 89' lang='lat'><strong>6.</strong></span> <span class='ocrx_word' id='word_1_360' title='bbox 683 2956 755 3008; x_wconf 87' lang='lat' dir='ltr'><strong>De</strong></span> <span class='ocrx_word' id='word_1_361' title='bbox 785 2952 1185 3008; x_wconf 78' lang='lat' dir='ltr'><strong>constituendis</strong></span> <span class='ocrx_word' id='word_1_362' title='bbox 1217 2949 1509 3021; x_wconf 79' lang='lat' dir='ltr'><strong>epismpis,</strong></span> <span class='ocrx_word' id='word_1_363' title='bbox 1546 2947 1637 3011; x_wconf 82' lang='grc' dir='ltr'><strong>ΙΧ,</strong></span> <span class='ocrx_word' id='word_1_364' title='bbox 1672 2948 1728 3011; x_wconf 74' lang='grc'><strong>2,</strong></span> <span class='ocrx_word' id='word_1_365' title='bbox 1777 2947 1828 2998; x_wconf 87' lang='lat'><strong>5.</strong></span> <span class='ocrx_word' id='word_1_366' title='bbox 1867 2945 1927 2999; x_wconf 92' lang='lat' dir='ltr'><strong>In</strong></span> <span class='ocrx_word' id='word_1_367' title='bbox 1959 2944 2199 2999; x_wconf 80' lang='lat' dir='ltr'><strong>Natalem</strong></span> <span class='ocrx_word' id='word_1_368' title='bbox 2239 2946 2475 3010; x_wconf 88' lang='lat' dir='ltr'><strong>Domini,</strong></span> <span class='ocrx_word' id='word_1_369' title='bbox 2519 2945 2608 3008; x_wconf 91' lang='lat' dir='ltr'><strong>VI,</strong></span> <span class='ocrx_word' id='word_1_370' title='bbox 2638 2947 2712 3012; x_wconf 88' lang='lat'><strong>7;</strong></span> <span class='ocrx_word' id='word_1_371' title='bbox 2777 2945 2909 3001; x_wconf 89' lang='lat' dir='ltr'>VIII.</span> <span class='ocrx_word' id='word_1_372' title='bbox 2947 2947 3208 3002; x_wconf 84' lang='lat' dir='ltr'><strong>Oratione</strong></span> <span class='ocrx_word' id='word_1_373' title='bbox 3260 2947 3328 3001; x_wconf 92' lang='lat' dir='ltr'><strong>de</strong></span> <span class='ocrx_word' id='word_1_374' title='bbox 3385 2949 3531 3004; x_wconf 81' lang='lat' dir='ltr'><strong>bon)</strong></span> 
     </span>
    </p>
   </div>
   <div class='ocr_carea' id='block_1_29' title="bbox 283 3032 3530 3106">
    <p class='ocr_par' dir='ltr' id='par_1_29' title="bbox 283 3032 3530 3106">
     <span class='ocr_line' id='line_1_29' title="bbox 283 3032 3530 3106; baseline -0.002 -8"><span class='ocrx_word' id='word_1_375' title='bbox 283 3049 478 3100; x_wconf 84' lang='lat' dir='ltr'><strong>ordine</strong></span> <span class='ocrx_word' id='word_1_376' title='bbox 518 3043 846 3104; x_wconf 83' lang='lat' dir='ltr'><strong>disserendi,</strong></span> <span class='ocrx_word' id='word_1_377' title='bbox 876 3041 963 3101; x_wconf 89' lang='lat' dir='ltr'>VI.</span> <span class='ocrx_word' id='word_1_378' title='bbox 993 3041 1048 3099; x_wconf 87' lang='lat'><strong>5.</strong></span> <span class='ocrx_word' id='word_1_379' title='bbox 1080 3039 1133 3092; x_wconf 88' lang='lat'><strong>6.</strong></span> <span class='ocrx_word' id='word_1_380' title='bbox 1171 3036 1422 3092; x_wconf 85' lang='lat' dir='ltr'><strong>Secunda</strong></span> <span class='ocrx_word' id='word_1_381' title='bbox 1454 3036 1521 3090; x_wconf 76' lang='lat' dir='ltr'><strong>de</strong></span> <span class='ocrx_word' id='word_1_382' title='bbox 1556 3051 1708 3106; x_wconf 87' lang='lat' dir='ltr'><strong>pace,</strong></span> <span class='ocrx_word' id='word_1_383' title='bbox 1744 3033 1858 3097; x_wconf 87' lang='lat' dir='ltr'>VII,</span> <span class='ocrx_word' id='word_1_384' title='bbox 1883 3033 1936 3088; x_wconf 87' lang='lat'><strong>9.</strong></span> <span class='ocrx_word' id='word_1_385' title='bbox 1969 3032 2154 3088; x_wconf 73' lang='lat' dir='ltr'><strong>Tertia</strong></span> <span class='ocrx_word' id='word_1_386' title='bbox 2190 3032 2284 3096; x_wconf 79' lang='lat' dir='ltr'><strong>IX,</strong></span> <span class='ocrx_word' id='word_1_387' title='bbox 2316 3034 2369 3087; x_wconf 76' lang='lat'><strong>5.</strong></span> <span class='ocrx_word' id='word_1_388' title='bbox 2403 3033 2460 3086; x_wconf 91' lang='lat' dir='ltr'><strong>In</strong></span> <span class='ocrx_word' id='word_1_389' title='bbox 2506 3032 2892 3096; x_wconf 86' lang='lat' dir='ltr'><strong>Peutecostcn,</strong></span> <span class='ocrx_word' id='word_1_390' title='bbox 2949 3034 3061 3099; x_wconf 89' lang='lat' dir='ltr'>VII,</span> <span class='ocrx_word' id='word_1_391' title='bbox 3091 3035 3149 3089; x_wconf 89' lang='lat'><strong>9.</strong></span> <span class='ocrx_word' id='word_1_392' title='bbox 3196 3034 3252 3089; x_wconf 91' lang='lat' dir='ltr'><strong>In</strong></span> <span class='ocrx_word' id='word_1_393' title='bbox 3314 3035 3530 3091; x_wconf 79' lang='lat' dir='ltr'><strong>Iaudem</strong></span> 
     </span>
    </p>
   </div>
   <div class='ocr_carea' id='block_1_30' title="bbox 282 3126 1035 3202">
    <p class='ocr_par' dir='ltr' id='par_1_30' title="bbox 282 3126 1035 3202">
     <span class='ocr_line' id='line_1_30' title="bbox 282 3126 1035 3202; baseline -0.011 -17"><span class='ocrx_word' id='word_1_394' title='bbox 282 3131 532 3202; x_wconf 81' lang='lat' dir='ltr'><strong>Gregorii</strong></span> <span class='ocrx_word' id='word_1_395' title='bbox 567 3128 824 3201; x_wconf 83' lang='lat' dir='ltr'><strong>Nysseui,</strong></span> <span class='ocrx_word' id='word_1_396' title='bbox 854 3126 943 3188; x_wconf 81' lang='grc' dir='ltr'><strong>ΙΧ,</strong></span> <span class='ocrx_word' id='word_1_397' title='bbox 984 3126 1035 3178; x_wconf 89' lang='lat'><strong>7.</strong></span> 
     </span>
    </p>
   </div>
   <div class='ocr_carea' id='block_1_31' title="bbox 356 3229 3636 3308">
    <p class='ocr_par' dir='ltr' id='par_1_31' title="bbox 356 3229 3636 3308">
     <span class='ocr_line' id='line_1_31' title="bbox 356 3229 3636 3308; baseline -0.001 -16"><span class='ocrx_word' id='word_1_398' title='bbox 356 3244 657 3296; x_wconf 63' lang='lat' dir='ltr'><strong>Gregorius</strong></span> <span class='ocrx_word' id='word_1_399' title='bbox 688 3238 991 3308; x_wconf 80' lang='lat' dir='ltr'><strong>Nyssenns,</strong></span> <span class='ocrx_word' id='word_1_400' title='bbox 1029 3234 1090 3296; x_wconf 95' lang='lat' dir='ltr'><strong>II,</strong></span> <span class='ocrx_word' id='word_1_401' title='bbox 1124 3234 1192 3297; x_wconf 89' lang='lat'><strong>5;</strong></span> <span class='ocrx_word' id='word_1_402' title='bbox 1233 3231 1322 3296; x_wconf 88' lang='lat' dir='ltr'>IV,</span> <span class='ocrx_word' id='word_1_403' title='bbox 1357 3233 1410 3296; x_wconf 85' lang='lat'><strong>8,</strong></span> <span class='ocrx_word' id='word_1_404' title='bbox 1447 3233 1514 3296; x_wconf 88' lang='lat'><strong>9;</strong></span> <span class='ocrx_word' id='word_1_405' title='bbox 1551 3230 1660 3292; x_wconf 91' lang='lat' dir='ltr'>VII,</span> <span class='ocrx_word' id='word_1_406' title='bbox 1692 3231 1744 3296; x_wconf 90' lang='lat'><strong>8,</strong></span> <span class='ocrx_word' id='word_1_407' title='bbox 1783 3231 1890 3296; x_wconf 85' lang='lat' dir='ltr'><strong>I0;</strong></span> <span class='ocrx_word' id='word_1_408' title='bbox 1926 3229 2016 3295; x_wconf 77' lang='lat' dir='ltr'><strong>IX,</strong></span> <span class='ocrx_word' id='word_1_409' title='bbox 2058 3234 2102 3296; x_wconf 94' lang='grc' dir='ltr'><strong>Ι,</strong></span> <span class='ocrx_word' id='word_1_410' title='bbox 2131 3231 2186 3298; x_wconf 76' lang='lat'><strong>2,</strong></span> <span class='ocrx_word' id='word_1_411' title='bbox 2217 3231 2270 3296; x_wconf 86' lang='lat'><strong>4,</strong></span> <span class='ocrx_word' id='word_1_412' title='bbox 2304 3232 2355 3285; x_wconf 92' lang='lat'><strong>5.</strong></span> <span class='ocrx_word' id='word_1_413' title='bbox 2387 3231 2539 3288; x_wconf 85' lang='lat' dir='ltr'><strong>Orat.</strong></span> <span class='ocrx_word' id='word_1_414' title='bbox 2583 3233 2648 3286; x_wconf 86' lang='lat' dir='ltr'><strong>ad</strong></span> <span class='ocrx_word' id='word_1_415' title='bbox 2675 3231 3040 3297; x_wconf 81' lang='lat' dir='ltr'><strong>Puchcriam,</strong></span> <span class='ocrx_word' id='word_1_416' title='bbox 3074 3234 3163 3300; x_wconf 76' lang='lat' dir='ltr'><strong>IX,</strong></span> <span class='ocrx_word' id='word_1_417' title='bbox 3227 3235 3281 3290; x_wconf 92' lang='lat'><strong>6.</strong></span> <span class='ocrx_word' id='word_1_418' title='bbox 3328 3234 3531 3290; x_wconf 83' lang='lat' dir='ltr'><strong>Contra</strong></span> <span class='ocrx_word' id='word_1_419' title='bbox 3627 3256 3636 3265; x_wconf 90' lang='grc'><strong>·</strong></span> 
     </span>
    </p>
   </div>
   <div class='ocr_carea' id='block_1_32' title="bbox 285 3319 3532 3391">
    <p class='ocr_par' dir='ltr' id='par_1_32' title="bbox 285 3319 3532 3391">
     <span class='ocr_line' id='line_1_32' title="bbox 285 3319 3532 3391; baseline -0.002 -6"><span class='ocrx_word' id='word_1_420' title='bbox 285 3331 648 3388; x_wconf 74' lang='grc' dir='ltr'>Ιίιιιιθιιιίιιιιι,</span> <span class='ocrx_word' id='word_1_421' title='bbox 684 3327 773 3390; x_wconf 87' lang='lat' dir='ltr'>IV,</span> <span class='ocrx_word' id='word_1_422' title='bbox 809 3327 874 3391; x_wconf 89' lang='lat'><strong>5;</strong></span> <span class='ocrx_word' id='word_1_423' title='bbox 911 3326 972 3387; x_wconf 89' lang='lat' dir='ltr'>V,</span> <span class='ocrx_word' id='word_1_424' title='bbox 1011 3325 1087 3388; x_wconf 88' lang='lat'><strong>9;</strong></span> <span class='ocrx_word' id='word_1_425' title='bbox 1124 3322 1256 3385; x_wconf 89' lang='lat' dir='ltr'>VIII,</span> <span class='ocrx_word' id='word_1_426' title='bbox 1285 3323 1340 3375; x_wconf 87' lang='lat'><strong>6.</strong></span> <span class='ocrx_word' id='word_1_427' title='bbox 1372 3320 1544 3374; x_wconf 86' lang='lat' dir='ltr'><strong>Libro</strong></span> <span class='ocrx_word' id='word_1_428' title='bbox 1575 3319 1668 3388; x_wconf 86' lang='lat' dir='ltr'><strong>qui</strong></span> <span class='ocrx_word' id='word_1_429' title='bbox 1707 3319 1898 3389; x_wconf 78' lang='lat' dir='ltr'><strong>incipit</strong></span> <span class='ocrx_word' id='word_1_430' title='bbox 1928 3319 2110 3373; x_wconf 87' lang='lat' dir='ltr'><strong>Prima</strong></span> <span class='ocrx_word' id='word_1_431' title='bbox 2137 3321 2368 3388; x_wconf 82' lang='lat' dir='ltr'><strong>quidem,</strong></span> <span class='ocrx_word' id='word_1_432' title='bbox 2409 3321 2449 3383; x_wconf 91' lang='lat' dir='ltr'>I,</span> <span class='ocrx_word' id='word_1_433' title='bbox 2496 3321 2548 3374; x_wconf 89' lang='lat'><strong>6.</strong></span> <span class='ocrx_word' id='word_1_434' title='bbox 2585 3320 2749 3375; x_wconf 84' lang='lat' dir='ltr'><strong>Libro</strong></span> <span class='ocrx_word' id='word_1_435' title='bbox 2807 3322 3004 3391; x_wconf 86' lang='lat' dir='ltr'><strong>primo,</strong></span> <span class='ocrx_word' id='word_1_436' title='bbox 3077 3322 3139 3386; x_wconf 93' lang='lat' dir='ltr'>V,</span> <span class='ocrx_word' id='word_1_437' title='bbox 3175 3323 3242 3388; x_wconf 92' lang='lat'><strong>9;</strong></span> <span class='ocrx_word' id='word_1_438' title='bbox 3287 3322 3401 3387; x_wconf 92' lang='lat' dir='ltr'>VII,</span> <span class='ocrx_word' id='word_1_439' title='bbox 3458 3327 3532 3390; x_wconf 89' lang='lat'><strong>8;</strong></span> 
     </span>
    </p>
   </div>
   <div class='ocr_carea' id='block_1_33' title="bbox 285 3405 3530 3483">
    <p class='ocr_par' dir='ltr' id='par_1_33' title="bbox 285 3405 3530 3483">
     <span class='ocr_line' id='line_1_33' title="bbox 285 3405 3530 3483; baseline -0.003 -7"><span class='ocrx_word' id='word_1_440' title='bbox 285 3421 550 3483; x_wconf 78' lang='lat' dir='ltr'><strong>IX.3,6;</strong></span> <span class='ocrx_word' id='word_1_441' title='bbox 588 3416 651 3480; x_wconf 88' lang='grc' dir='ltr'><strong>Χ,</strong></span> <span class='ocrx_word' id='word_1_442' title='bbox 691 3418 743 3478; x_wconf 80' lang='grc'><strong>4,</strong></span> <span class='ocrx_word' id='word_1_443' title='bbox 779 3416 846 3472; x_wconf 86' lang='lat'><strong>5:</strong></span> <span class='ocrx_word' id='word_1_444' title='bbox 883 3415 1061 3480; x_wconf 80' lang='lat' dir='ltr'><strong>capite</strong></span> <span class='ocrx_word' id='word_1_445' title='bbox 1094 3427 1206 3470; x_wconf 83' lang='lat' dir='ltr'><strong>xu,</strong></span> <span class='ocrx_word' id='word_1_446' title='bbox 1252 3409 1409 3473; x_wconf 45' lang='lat' dir='ltr'><strong>X,9&#39;;</strong></span> <span class='ocrx_word' id='word_1_447' title='bbox 1477 3409 1615 3461; x_wconf 87' lang='lat' dir='ltr'><strong>libro</strong></span> <span class='ocrx_word' id='word_1_448' title='bbox 1676 3407 1944 3471; x_wconf 86' lang='lat' dir='ltr'><strong>secundo,</strong></span> <span class='ocrx_word' id='word_1_449' title='bbox 1992 3405 2077 3468; x_wconf 84' lang='lat' dir='ltr'>III,</span> <span class='ocrx_word' id='word_1_450' title='bbox 2117 3408 2184 3474; x_wconf 89' lang='lat'><strong>5;</strong></span> <span class='ocrx_word' id='word_1_451' title='bbox 2241 3408 2307 3473; x_wconf 89' lang='lat' dir='ltr'><strong>V,</strong></span> <span class='ocrx_word' id='word_1_452' title='bbox 2332 3411 2387 3464; x_wconf 91' lang='lat'><strong>9.</strong></span> <span class='ocrx_word' id='word_1_453' title='bbox 2453 3409 2656 3464; x_wconf 85' lang='lat' dir='ltr'><strong>Contra</strong></span> <span class='ocrx_word' id='word_1_454' title='bbox 2723 3408 3045 3464; x_wconf 81' lang='lat' dir='ltr'><strong>Eunomium</strong></span> <span class='ocrx_word' id='word_1_455' title='bbox 3113 3428 3278 3476; x_wconf 91' lang='lat' dir='ltr'><strong>nono,</strong></span> <span class='ocrx_word' id='word_1_456' title='bbox 3325 3412 3415 3477; x_wconf 75' lang='lat' dir='ltr'><strong>IX,</strong></span> <span class='ocrx_word' id='word_1_457' title='bbox 3466 3416 3530 3474; x_wconf 82' lang='lat'><strong>4;</strong></span> 
     </span>
    </p>
   </div>
   <div class='ocr_carea' id='block_1_34' title="bbox 281 3493 3533 3571">
    <p class='ocr_par' dir='ltr' id='par_1_34' title="bbox 281 3493 3533 3571">
     <span class='ocr_line' id='line_1_34' title="bbox 281 3493 3533 3571; baseline -0.002 -9"><span class='ocrx_word' id='word_1_458' title='bbox 281 3510 504 3563; x_wconf 75' lang='lat' dir='ltr'><strong>decimo</strong></span> <span class='ocrx_word' id='word_1_459' title='bbox 538 3508 716 3564; x_wconf 68' lang='lat' dir='ltr'><strong>tertio,</strong></span> <span class='ocrx_word' id='word_1_460' title='bbox 744 3502 832 3562; x_wconf 90' lang='lat' dir='ltr'><strong>IV,</strong></span> <span class='ocrx_word' id='word_1_461' title='bbox 862 3502 928 3563; x_wconf 88' lang='lat'><strong>6;</strong></span> <span class='ocrx_word' id='word_1_462' title='bbox 959 3500 1025 3562; x_wconf 85' lang='grc' dir='ltr'><strong>Χ,</strong></span> <span class='ocrx_word' id='word_1_463' title='bbox 1063 3500 1115 3551; x_wconf 80' lang='lat'><strong>4.</strong></span> <span class='ocrx_word' id='word_1_464' title='bbox 1156 3499 1321 3552; x_wconf 87' lang='lat' dir='ltr'><strong>Libro</strong></span> <span class='ocrx_word' id='word_1_465' title='bbox 1349 3498 1415 3549; x_wconf 81' lang='lat' dir='ltr'><strong>de</strong></span> <span class='ocrx_word' id='word_1_466' title='bbox 1452 3496 1784 3552; x_wconf 80' lang='lat' dir='ltr'><strong>Abrahamo.</strong></span> <span class='ocrx_word' id='word_1_467' title='bbox 1823 3493 1912 3557; x_wconf 83' lang='lat' dir='ltr'>IX,</span> <span class='ocrx_word' id='word_1_468' title='bbox 1944 3497 1997 3552; x_wconf 77' lang='grc'><strong>5.</strong></span> <span class='ocrx_word' id='word_1_469' title='bbox 2033 3496 2105 3549; x_wconf 89' lang='lat' dir='ltr'><strong>De</strong></span> <span class='ocrx_word' id='word_1_470' title='bbox 2129 3499 2236 3551; x_wconf 82' lang='lat' dir='ltr'><strong>vita</strong></span> <span class='ocrx_word' id='word_1_471' title='bbox 2274 3497 2457 3561; x_wconf 81' lang='lat' dir='ltr'><strong>Mosis,</strong></span> <span class='ocrx_word' id='word_1_472' title='bbox 2486 3499 2551 3563; x_wconf 95' lang='lat' dir='ltr'><strong>II,</strong></span> <span class='ocrx_word' id='word_1_473' title='bbox 2576 3499 2648 3560; x_wconf 91' lang='lat'><strong>8;</strong></span> <span class='ocrx_word' id='word_1_474' title='bbox 2690 3498 2826 3558; x_wconf 91' lang='lat' dir='ltr'>VIII.</span> <span class='ocrx_word' id='word_1_475' title='bbox 2876 3498 2929 3552; x_wconf 91' lang='lat'><strong>8.</strong></span> <span class='ocrx_word' id='word_1_476' title='bbox 2965 3501 3362 3571; x_wconf 71' lang='lat' dir='ltr'><strong>Esplanatione</strong></span> <span class='ocrx_word' id='word_1_477' title='bbox 3390 3503 3533 3557; x_wconf 85' lang='lat' dir='ltr'><strong>Can-</strong></span> 
     </span>
    </p>
   </div>
   <div class='ocr_carea' id='block_1_35' title="bbox 282 3578 3530 3659">
    <p class='ocr_par' dir='ltr' id='par_1_35' title="bbox 282 3578 3530 3659">
     <span class='ocr_line' id='line_1_35' title="bbox 282 3578 3530 3659; baseline -0.002 -8"><span class='ocrx_word' id='word_1_478' title='bbox 282 3601 377 3652; x_wconf 75' lang='lat' dir='ltr'><strong>tiri</strong></span> <span class='ocrx_word' id='word_1_479' title='bbox 407 3596 673 3650; x_wconf 81' lang='lat' dir='ltr'><strong>cauticor.</strong></span> <span class='ocrx_word' id='word_1_480' title='bbox 703 3592 791 3653; x_wconf 89' lang='lat' dir='ltr'><strong>IV,</strong></span> <span class='ocrx_word' id='word_1_481' title='bbox 824 3594 894 3648; x_wconf 77' lang='lat'><strong>3;</strong></span> <span class='ocrx_word' id='word_1_482' title='bbox 930 3588 1040 3652; x_wconf 84' lang='lat' dir='ltr'>VII,</span> <span class='ocrx_word' id='word_1_483' title='bbox 1067 3590 1133 3652; x_wconf 74' lang='lat'><strong>4;</strong></span> <span class='ocrx_word' id='word_1_484' title='bbox 1167 3587 1256 3648; x_wconf 80' lang='lat' dir='ltr'><strong>IX,</strong></span> <span class='ocrx_word' id='word_1_485' title='bbox 1287 3588 1338 3640; x_wconf 90' lang='lat'><strong>7.</strong></span> <span class='ocrx_word' id='word_1_486' title='bbox 1369 3586 1436 3647; x_wconf 80' lang='grc' dir='ltr'><strong>Χ.</strong></span> <span class='ocrx_word' id='word_1_487' title='bbox 1459 3586 1512 3639; x_wconf 86' lang='lat' dir='ltr'><strong>&#39;I.</strong></span> <span class='ocrx_word' id='word_1_488' title='bbox 1545 3585 1600 3637; x_wconf 91' lang='lat' dir='ltr'><strong>Iu</strong></span> <span class='ocrx_word' id='word_1_489' title='bbox 1633 3585 1784 3644; x_wconf 88' lang='lat' dir='ltr'><strong>illud,</strong></span> <span class='ocrx_word' id='word_1_490' title='bbox 1817 3584 2077 3637; x_wconf 76' lang='lat' dir='ltr'><strong>Adveniat</strong></span> <span class='ocrx_word' id='word_1_491' title='bbox 2122 3602 2336 3655; x_wconf 76' lang='lat' dir='ltr'><strong>regnum</strong></span> <span class='ocrx_word' id='word_1_492' title='bbox 2369 3598 2538 3653; x_wconf 72' lang='lat' dir='ltr'><strong>tuum,</strong></span> <span class='ocrx_word' id='word_1_493' title='bbox 2584 3586 2678 3648; x_wconf 80' lang='lat' dir='ltr'><strong>IX,</strong></span> <span class='ocrx_word' id='word_1_494' title='bbox 2705 3589 2756 3652; x_wconf 87' lang='lat'><strong>7,</strong></span> <span class='ocrx_word' id='word_1_495' title='bbox 2792 3589 2846 3642; x_wconf 89' lang='lat'><strong>9.</strong></span> <span class='ocrx_word' id='word_1_496' title='bbox 2883 3578 3052 3657; x_wconf 79' lang='lat' dir='ltr'><strong>Epist.</strong></span> <span class='ocrx_word' id='word_1_497' title='bbox 3080 3591 3144 3642; x_wconf 83' lang='lat' dir='ltr'><strong>ad</strong></span> <span class='ocrx_word' id='word_1_498' title='bbox 3170 3589 3530 3659; x_wconf 76' lang='lat' dir='ltr'><strong>Theophilum</strong></span> 
     </span>
    </p>
   </div>
   <div class='ocr_carea' id='block_1_36' title="bbox 281 3670 3530 3748">
    <p class='ocr_par' dir='ltr' id='par_1_36' title="bbox 281 3670 3530 3748">
     <span class='ocr_line' id='line_1_36' title="bbox 281 3670 3530 3748; baseline -0.003 -8"><span class='ocrx_word' id='word_1_499' title='bbox 281 3687 441 3740; x_wconf 59' lang='lat' dir='ltr'><strong>A&#39;e‘.</strong></span> <span class='ocrx_word' id='word_1_500' title='bbox 479 3692 672 3735; x_wconf 84' lang='lat' dir='ltr'><strong>contra</strong></span> <span class='ocrx_word' id='word_1_501' title='bbox 700 3679 1121 3748; x_wconf 77' lang='lat' dir='ltr'><strong>Apollinarium,</strong></span> <span class='ocrx_word' id='word_1_502' title='bbox 1157 3675 1245 3737; x_wconf 89' lang='lat' dir='ltr'>VI,</span> <span class='ocrx_word' id='word_1_503' title='bbox 1275 3676 1329 3728; x_wconf 88' lang='lat'><strong>6.</strong></span> <span class='ocrx_word' id='word_1_504' title='bbox 1361 3673 1525 3727; x_wconf 82' lang='lat' dir='ltr'><strong>Libro</strong></span> <span class='ocrx_word' id='word_1_505' title='bbox 1554 3672 1731 3741; x_wconf 88' lang='lat' dir='ltr'><strong>primo</strong></span> <span class='ocrx_word' id='word_1_506' title='bbox 1770 3671 1821 3724; x_wconf 87' lang='lat' dir='ltr'><strong>in</strong></span> <span class='ocrx_word' id='word_1_507' title='bbox 1861 3670 2251 3735; x_wconf 70' lang='lat' dir='ltr'><strong>Ecclesiasten,</strong></span> <span class='ocrx_word' id='word_1_508' title='bbox 2283 3671 2372 3736; x_wconf 93' lang='lat' dir='ltr'><strong>Vl,</strong></span> <span class='ocrx_word' id='word_1_509' title='bbox 2406 3675 2459 3727; x_wconf 92' lang='lat'><strong>7.</strong></span> <span class='ocrx_word' id='word_1_510' title='bbox 2499 3673 2894 3742; x_wconf 68' lang='lat' dir='ltr'><strong>Explanatione</strong></span> <span class='ocrx_word' id='word_1_511' title='bbox 2937 3676 3358 3743; x_wconf 78' lang='lat' dir='ltr'><strong>beatitudinum,</strong></span> <span class='ocrx_word' id='word_1_512' title='bbox 3394 3679 3530 3743; x_wconf 90' lang='lat' dir='ltr'>VIII,</span> 
     </span>
    </p>
   </div>
   <div class='ocr_carea' id='block_1_37' title="bbox 279 3757 2930 3837">
    <p class='ocr_par' dir='ltr' id='par_1_37' title="bbox 279 3757 2930 3837">
     <span class='ocr_line' id='line_1_37' title="bbox 279 3757 2930 3837; baseline -0.005 -9"><span class='ocrx_word' id='word_1_513' title='bbox 279 3777 316 3828; x_wconf 86' lang='lat'><strong>8</strong></span> <span class='ocrx_word' id='word_1_514' title='bbox 375 3775 540 3826; x_wconf 73' lang='lat' dir='ltr'><strong>Libro</strong></span> <span class='ocrx_word' id='word_1_515' title='bbox 569 3771 863 3837; x_wconf 75' lang='lat' dir='ltr'><strong>inscripto,</strong></span> <span class='ocrx_word' id='word_1_516' title='bbox 896 3783 1016 3836; x_wconf 71' lang='lat' dir='ltr'><strong>quae</strong></span> <span class='ocrx_word' id='word_1_517' title='bbox 1046 3767 1118 3820; x_wconf 85' lang='lat' dir='ltr'><strong>sit</strong></span> <span class='ocrx_word' id='word_1_518' title='bbox 1150 3764 1449 3818; x_wconf 78' lang='lat' dir='ltr'><strong>Christiani</strong></span> <span class='ocrx_word' id='word_1_519' title='bbox 1499 3762 1790 3829; x_wconf 77' lang='lat' dir='ltr'><strong>professio,</strong></span> <span class='ocrx_word' id='word_1_520' title='bbox 1825 3757 1916 3822; x_wconf 74' lang='grc' dir='ltr'><strong>ΙΧ,</strong></span> <span class='ocrx_word' id='word_1_521' title='bbox 1943 3757 2080 3813; x_wconf 77' lang='grc' dir='ltr'>2.1ιι</span> <span class='ocrx_word' id='word_1_522' title='bbox 2115 3758 2490 3819; x_wconf 86' lang='lat' dir='ltr'><strong>Catechetico.</strong></span> <span class='ocrx_word' id='word_1_523' title='bbox 2541 3760 2635 3824; x_wconf 83' lang='grc' dir='ltr'><strong>ΙΧ,</strong></span> <span class='ocrx_word' id='word_1_524' title='bbox 2664 3761 2735 3824; x_wconf 86' lang='lat'><strong>5;</strong></span> <span class='ocrx_word' id='word_1_525' title='bbox 2771 3761 2840 3825; x_wconf 97' lang='grc' dir='ltr'><strong>Χ,</strong></span> <span class='ocrx_word' id='word_1_526' title='bbox 2876 3762 2930 3816; x_wconf 85' lang='grc'><strong>8.</strong></span> 
     </span>
    </p>
   </div>
   <div class='ocr_carea' id='block_1_38' title="bbox 357 3846 3122 3921">
    <p class='ocr_par' dir='ltr' id='par_1_38' title="bbox 357 3846 3122 3921">
     <span class='ocr_line' id='line_1_38' title="bbox 357 3846 3122 3921; baseline -0.003 -8"><span class='ocrx_word' id='word_1_527' title='bbox 357 3863 418 3915; x_wconf 80' lang='lat' dir='ltr'><strong>S.</strong></span> <span class='ocrx_word' id='word_1_528' title='bbox 456 3859 730 3913; x_wconf 69' lang='lat' dir='ltr'>&quot;II‘I&#39;UIIICI</span> <span class='ocrx_word' id='word_1_529' title='bbox 766 3858 948 3908; x_wconf 79' lang='lat' dir='ltr'><strong>divina</strong></span> <span class='ocrx_word' id='word_1_530' title='bbox 979 3854 1264 3921; x_wconf 89' lang='lat' dir='ltr'><strong>principia,</strong></span> <span class='ocrx_word' id='word_1_531' title='bbox 1304 3851 1411 3914; x_wconf 89' lang='lat' dir='ltr'>VII,</span> <span class='ocrx_word' id='word_1_532' title='bbox 1446 3851 1480 3902; x_wconf 71' lang='lat'>2</span> <span class='ocrx_word' id='word_1_533' title='bbox 1510 3850 1528 3918; x_wconf 92' lang='lat'>(</span> <span class='ocrx_word' id='word_1_534' title='bbox 1557 3865 1623 3902; x_wconf 71' lang='lat' dir='ltr'><strong>ex</strong></span> <span class='ocrx_word' id='word_1_535' title='bbox 1660 3846 1917 3916; x_wconf 83' lang='lat' dir='ltr'><strong>Dionysio</strong></span> <span class='ocrx_word' id='word_1_536' title='bbox 1948 3850 2197 3917; x_wconf 77' lang='lat' dir='ltr'><strong>Areopag</strong></span> <span class='ocrx_word' id='word_1_537' title='bbox 2257 3848 2314 3913; x_wconf 93' lang='lat'><strong>);</strong></span> <span class='ocrx_word' id='word_1_538' title='bbox 2355 3849 2543 3917; x_wconf 81' lang='lat' dir='ltr'><strong>hymni</strong></span> <span class='ocrx_word' id='word_1_539' title='bbox 2579 3850 2850 3915; x_wconf 84' lang='lat' dir='ltr'><strong>amatorii,</strong></span> <span class='ocrx_word' id='word_1_540' title='bbox 2896 3850 3036 3916; x_wconf 93' lang='lat' dir='ltr'>VIII,</span> <span class='ocrx_word' id='word_1_541' title='bbox 3072 3853 3122 3906; x_wconf 89' lang='lat' dir='ltr'>I.</span> 
     </span>
    </p>
   </div>
   <div class='ocr_carea' id='block_1_39' title="bbox 353 3934 3530 4009">
    <p class='ocr_par' dir='ltr' id='par_1_39' title="bbox 353 3934 3530 4009">
     <span class='ocr_line' id='line_1_39' title="bbox 353 3934 3530 4009; baseline -0.003 -6"><span class='ocrx_word' id='word_1_542' title='bbox 353 3950 599 4003; x_wconf 81' lang='lat' dir='ltr'><strong>Joannes</strong></span> <span class='ocrx_word' id='word_1_543' title='bbox 627 3947 1022 4006; x_wconf 74' lang='lat' dir='ltr'><strong>Damasconus,</strong></span> <span class='ocrx_word' id='word_1_544' title='bbox 1057 3943 1139 3996; x_wconf 87' lang='lat' dir='ltr'>III.</span> <span class='ocrx_word' id='word_1_545' title='bbox 1167 3944 1230 4006; x_wconf 76' lang='lat'><strong>5;</strong></span> <span class='ocrx_word' id='word_1_546' title='bbox 1259 3943 1318 4002; x_wconf 88' lang='lat' dir='ltr'>V,</span> <span class='ocrx_word' id='word_1_547' title='bbox 1352 3943 1423 4002; x_wconf 89' lang='lat'><strong>9;</strong></span> <span class='ocrx_word' id='word_1_548' title='bbox 1462 3939 1548 3998; x_wconf 88' lang='lat' dir='ltr'>VI.</span> <span class='ocrx_word' id='word_1_549' title='bbox 1575 3939 1642 3999; x_wconf 91' lang='lat'><strong>6;</strong></span> <span class='ocrx_word' id='word_1_550' title='bbox 1671 3935 1780 3999; x_wconf 87' lang='lat' dir='ltr'>VII,</span> <span class='ocrx_word' id='word_1_551' title='bbox 1818 3936 1841 3988; x_wconf 98' lang='grc'><strong>1</strong></span> <span class='ocrx_word' id='word_1_552' title='bbox 1873 3952 1887 3999; x_wconf 90' lang='lat'><strong>;</strong></span> <span class='ocrx_word' id='word_1_553' title='bbox 1925 3934 2059 3998; x_wconf 92' lang='lat' dir='ltr'>VIII,</span> <span class='ocrx_word' id='word_1_554' title='bbox 2096 3935 2199 3998; x_wconf 80' lang='grc' dir='ltr'><strong>1ος</strong></span> <span class='ocrx_word' id='word_1_555' title='bbox 2235 3935 2325 3996; x_wconf 78' lang='lat' dir='ltr'>IX,</span> <span class='ocrx_word' id='word_1_556' title='bbox 2365 3936 2384 3987; x_wconf 89' lang='lat' dir='ltr'><strong>I</strong></span> <span class='ocrx_word' id='word_1_557' title='bbox 2419 3953 2434 3999; x_wconf 89' lang='lat'><strong>;</strong></span> <span class='ocrx_word' id='word_1_558' title='bbox 2479 3937 2547 3998; x_wconf 82' lang='grc' dir='ltr'><strong>Χ,</strong></span> <span class='ocrx_word' id='word_1_559' title='bbox 2583 3937 2634 3999; x_wconf 88' lang='grc'><strong>1,</strong></span> <span class='ocrx_word' id='word_1_560' title='bbox 2669 3938 2724 3997; x_wconf 76' lang='grc'><strong>9.,</strong></span> <span class='ocrx_word' id='word_1_561' title='bbox 2762 3939 2815 3991; x_wconf 80' lang='lat'><strong>3.</strong></span> <span class='ocrx_word' id='word_1_562' title='bbox 2848 3938 3179 4009; x_wconf 80' lang='lat' dir='ltr'><strong>Theologus,</strong></span> <span class='ocrx_word' id='word_1_563' title='bbox 3215 3939 3301 4004; x_wconf 95' lang='lat' dir='ltr'>III,</span> <span class='ocrx_word' id='word_1_564' title='bbox 3331 3941 3402 4002; x_wconf 89' lang='lat'><strong>7;</strong></span> <span class='ocrx_word' id='word_1_565' title='bbox 3441 3942 3530 4003; x_wconf 88' lang='lat' dir='ltr'><strong>IV,</strong></span> 
     </span>
    </p>
   </div>
   <div class='ocr_carea' id='block_1_40' title="bbox 280 4023 3530 4100">
    <p class='ocr_par' dir='ltr' id='par_1_40' title="bbox 280 4023 3530 4100">
     <span class='ocr_line' id='line_1_40' title="bbox 280 4023 3530 4100; baseline -0.003 -11"><span class='ocrx_word' id='word_1_566' title='bbox 280 4040 353 4100; x_wconf 90' lang='lat'><strong>8;</strong></span> <span class='ocrx_word' id='word_1_567' title='bbox 407 4037 542 4096; x_wconf 90' lang='lat' dir='ltr'>VIII,</span> <span class='ocrx_word' id='word_1_568' title='bbox 582 4036 638 4088; x_wconf 79' lang='lat'><strong>‘2.</strong></span> <span class='ocrx_word' id='word_1_569' title='bbox 673 4033 1082 4092; x_wconf 71' lang='lat' dir='ltr'><strong>Divinissimns,</strong></span> <span class='ocrx_word' id='word_1_570' title='bbox 1122 4029 1207 4090; x_wconf 87' lang='lat' dir='ltr'><strong>VI,</strong></span> <span class='ocrx_word' id='word_1_571' title='bbox 1251 4029 1303 4080; x_wconf 86' lang='lat'><strong>4.</strong></span> <span class='ocrx_word' id='word_1_572' title='bbox 1342 4029 1396 4082; x_wconf 88' lang='lat' dir='ltr'><strong>In</strong></span> <span class='ocrx_word' id='word_1_573' title='bbox 1446 4025 2004 4094; x_wconf 78' lang='lat' dir='ltr'><strong>transligurationem,</strong></span> <span class='ocrx_word' id='word_1_574' title='bbox 2039 4023 2128 4085; x_wconf 88' lang='lat' dir='ltr'><strong>VI,</strong></span> <span class='ocrx_word' id='word_1_575' title='bbox 2164 4025 2216 4077; x_wconf 87' lang='lat'><strong>4.</strong></span> <span class='ocrx_word' id='word_1_576' title='bbox 2249 4023 2438 4093; x_wconf 75' lang='lat' dir='ltr'><strong>Capite</strong></span> <span class='ocrx_word' id='word_1_577' title='bbox 2492 4026 2560 4078; x_wconf 86' lang='lat' dir='ltr'><strong>de</strong></span> <span class='ocrx_word' id='word_1_578' title='bbox 2591 4025 2882 4090; x_wconf 83' lang='lat' dir='ltr'><strong>&#39;I‘rinitate,</strong></span> <span class='ocrx_word' id='word_1_579' title='bbox 2929 4025 3019 4088; x_wconf 88' lang='grc' dir='ltr'><strong>ΙΧ,</strong></span> <span class='ocrx_word' id='word_1_580' title='bbox 3051 4029 3102 4080; x_wconf 89' lang='lat'><strong>9.</strong></span> <span class='ocrx_word' id='word_1_581' title='bbox 3141 4028 3284 4081; x_wconf 84' lang='lat' dir='ltr'><strong>Libri</strong></span> <span class='ocrx_word' id='word_1_582' title='bbox 3351 4045 3408 4081; x_wconf 93' lang='lat' dir='ltr'><strong>III</strong></span> <span class='ocrx_word' id='word_1_583' title='bbox 3461 4030 3530 4079; x_wconf 86' lang='lat' dir='ltr'><strong>de</strong></span> 
     </span>
    </p>
   </div>
   <div class='ocr_carea' id='block_1_41' title="bbox 279 4109 3518 4188">
    <p class='ocr_par' dir='ltr' id='par_1_41' title="bbox 279 4109 3518 4188">
     <span class='ocr_line' id='line_1_41' title="bbox 279 4109 3518 4188; baseline -0.004 -8"><span class='ocrx_word' id='word_1_584' title='bbox 279 4127 590 4180; x_wconf 76' lang='lat' dir='ltr'><strong>orthodoxa</strong></span> <span class='ocrx_word' id='word_1_585' title='bbox 619 4123 742 4182; x_wconf 79' lang='lat' dir='ltr'><strong>Iidc,</strong></span> <span class='ocrx_word' id='word_1_586' title='bbox 776 4133 939 4188; x_wconf 82' lang='lat' dir='ltr'><strong>caput</strong></span> <span class='ocrx_word' id='word_1_587' title='bbox 965 4119 1052 4180; x_wconf 64' lang='lat' dir='ltr'><strong>I9;</strong></span> <span class='ocrx_word' id='word_1_588' title='bbox 1087 4117 1147 4178; x_wconf 83' lang='lat' dir='ltr'><strong>V,</strong></span> <span class='ocrx_word' id='word_1_589' title='bbox 1172 4119 1244 4178; x_wconf 85' lang='lat'><strong>9;</strong></span> <span class='ocrx_word' id='word_1_590' title='bbox 1275 4126 1440 4183; x_wconf 89' lang='lat' dir='ltr'><strong>caput</strong></span> <span class='ocrx_word' id='word_1_591' title='bbox 1467 4114 1556 4174; x_wconf 71' lang='lat'><strong>62,</strong></span> <span class='ocrx_word' id='word_1_592' title='bbox 1592 4113 1676 4173; x_wconf 89' lang='lat' dir='ltr'>III,</span> <span class='ocrx_word' id='word_1_593' title='bbox 1708 4113 1781 4173; x_wconf 82' lang='lat'><strong>4;</strong></span> <span class='ocrx_word' id='word_1_594' title='bbox 1823 4119 1987 4179; x_wconf 80' lang='lat' dir='ltr'><strong>caput</strong></span> <span class='ocrx_word' id='word_1_595' title='bbox 2011 4111 2102 4175; x_wconf 76' lang='lat'><strong>63,</strong></span> <span class='ocrx_word' id='word_1_596' title='bbox 2146 4109 2238 4173; x_wconf 79' lang='lat' dir='ltr'>IX,</span> <span class='ocrx_word' id='word_1_597' title='bbox 2274 4112 2326 4165; x_wconf 85' lang='grc'><strong>4.</strong></span> <span class='ocrx_word' id='word_1_598' title='bbox 2369 4112 2595 4166; x_wconf 81' lang='lat' dir='ltr'><strong>Cauone</strong></span> <span class='ocrx_word' id='word_1_599' title='bbox 2627 4113 2680 4166; x_wconf 87' lang='lat' dir='ltr'><strong>in</strong></span> <span class='ocrx_word' id='word_1_600' title='bbox 2726 4115 3290 4182; x_wconf 83' lang='lat' dir='ltr'><strong>traustigurationcm,</strong></span> <span class='ocrx_word' id='word_1_601' title='bbox 3332 4114 3424 4181; x_wconf 91' lang='lat' dir='ltr'><strong>Vl,</strong></span> <span class='ocrx_word' id='word_1_602' title='bbox 3467 4115 3518 4168; x_wconf 89' lang='lat'><strong>7.</strong></span> 
     </span>
    </p>
   </div>
   <div class='ocr_carea' id='block_1_42' title="bbox 279 4198 2453 4275">
    <p class='ocr_par' dir='ltr' id='par_1_42' title="bbox 279 4198 2453 4275">
     <span class='ocr_line' id='line_1_42' title="bbox 279 4198 2453 4275; baseline -0.011 -8"><span class='ocrx_word' id='word_1_603' title='bbox 279 4215 560 4268; x_wconf 83' lang='lat' dir='ltr'><strong>Sermone</strong></span> <span class='ocrx_word' id='word_1_604' title='bbox 590 4210 853 4275; x_wconf 80' lang='lat' dir='ltr'><strong>ittsrripto</strong></span> <span class='ocrx_word' id='word_1_605' title='bbox 878 4209 942 4257; x_wconf 83' lang='lat' dir='ltr'><strong>de</strong></span> <span class='ocrx_word' id='word_1_606' title='bbox 979 4203 1401 4274; x_wconf 71' lang='lat' dir='ltr'><strong>proprirtatihns</strong></span> <span class='ocrx_word' id='word_1_607' title='bbox 1433 4201 1662 4259; x_wconf 86' lang='lat' dir='ltr'><strong>Christi,</strong></span> <span class='ocrx_word' id='word_1_608' title='bbox 1696 4198 1763 4262; x_wconf 83' lang='grc' dir='ltr'><strong>Χ,</strong></span> <span class='ocrx_word' id='word_1_609' title='bbox 1802 4200 1854 4253; x_wconf 78' lang='grc'><strong>4.</strong></span> <span class='ocrx_word' id='word_1_610' title='bbox 2452 4221 2453 4224; x_wconf 60' lang='grc' dir='ltr'><strong>η</strong></span> 
     </span>
    </p>
   </div>
   <div class='ocr_carea' id='block_1_43' title="bbox 357 4310 3530 4389">
    <p class='ocr_par' dir='ltr' id='par_1_43' title="bbox 357 4310 3530 4389">
     <span class='ocr_line' id='line_1_43' title="bbox 357 4310 3530 4389; baseline -0 -15"><span class='ocrx_word' id='word_1_611' title='bbox 357 4322 418 4374; x_wconf 92' lang='lat' dir='ltr'><strong>S.</strong></span> <span class='ocrx_word' id='word_1_612' title='bbox 458 4319 735 4376; x_wconf 85' lang='lat' dir='ltr'><strong>Justinus,</strong></span> <span class='ocrx_word' id='word_1_613' title='bbox 771 4315 1130 4384; x_wconf 83' lang='lat' dir='ltr'><strong>philosophus</strong></span> <span class='ocrx_word' id='word_1_614' title='bbox 1161 4321 1215 4365; x_wconf 90' lang='lat' dir='ltr'><strong>et</strong></span> <span class='ocrx_word' id='word_1_615' title='bbox 1246 4322 1471 4381; x_wconf 83' lang='lat' dir='ltr'><strong>martyr,</strong></span> <span class='ocrx_word' id='word_1_616' title='bbox 1525 4310 1662 4374; x_wconf 89' lang='lat' dir='ltr'>VIII,</span> <span class='ocrx_word' id='word_1_617' title='bbox 1696 4311 1783 4364; x_wconf 86' lang='lat' dir='ltr'><strong>IO.</strong></span> <span class='ocrx_word' id='word_1_618' title='bbox 1821 4311 2079 4367; x_wconf 90' lang='lat' dir='ltr'><strong>Oratione</strong></span> <span class='ocrx_word' id='word_1_619' title='bbox 2134 4315 2202 4368; x_wconf 88' lang='lat' dir='ltr'><strong>de</strong></span> <span class='ocrx_word' id='word_1_620' title='bbox 2235 4323 2379 4369; x_wconf 80' lang='lat' dir='ltr'><strong>recta</strong></span> <span class='ocrx_word' id='word_1_621' title='bbox 2412 4313 2780 4378; x_wconf 76' lang='lat' dir='ltr'><strong>confessione,</strong></span> <span class='ocrx_word' id='word_1_622' title='bbox 2840 4315 2969 4382; x_wconf 83' lang='lat' dir='ltr'>VIII,</span> <span class='ocrx_word' id='word_1_623' title='bbox 3008 4319 3054 4381; x_wconf 92' lang='lat' dir='ltr'>I,</span> <span class='ocrx_word' id='word_1_624' title='bbox 3092 4319 3142 4371; x_wconf 86' lang='lat'><strong>8.</strong></span> <span class='ocrx_word' id='word_1_625' title='bbox 3179 4318 3232 4372; x_wconf 93' lang='lat' dir='ltr'><strong>In</strong></span> <span class='ocrx_word' id='word_1_626' title='bbox 3289 4319 3354 4373; x_wconf 87' lang='lat' dir='ltr'><strong>iis</strong></span> <span class='ocrx_word' id='word_1_627' title='bbox 3408 4335 3530 4389; x_wconf 78' lang='lat' dir='ltr'><strong>qua:</strong></span> 
     </span>
    </p>
   </div>
   <div class='ocr_carea' id='block_1_44' title="bbox 279 4399 1528 4474">
    <p class='ocr_par' dir='ltr' id='par_1_44' title="bbox 279 4399 1528 4474">
     <span class='ocr_line' id='line_1_44' title="bbox 279 4399 1528 4474; baseline -0.011 -8"><span class='ocrx_word' id='word_1_628' title='bbox 279 4410 515 4466; x_wconf 71' lang='lat' dir='ltr'><strong>Photins</strong></span> <span class='ocrx_word' id='word_1_629' title='bbox 545 4405 854 4474; x_wconf 84' lang='lat' dir='ltr'><strong>patriarcha</strong></span> <span class='ocrx_word' id='word_1_630' title='bbox 887 4419 952 4456; x_wconf 78' lang='lat' dir='ltr'><strong>ex</strong></span> <span class='ocrx_word' id='word_1_631' title='bbox 996 4417 1061 4454; x_wconf 85' lang='lat' dir='ltr'><strong>eo</strong></span> <span class='ocrx_word' id='word_1_632' title='bbox 1096 4402 1308 4465; x_wconf 88' lang='lat' dir='ltr'><strong>recitat,</strong></span> <span class='ocrx_word' id='word_1_633' title='bbox 1342 4399 1437 4454; x_wconf 77' lang='lat' dir='ltr'><strong>IX.</strong></span> <span class='ocrx_word' id='word_1_634' title='bbox 1475 4400 1528 4453; x_wconf 86' lang='lat'><strong>4.</strong></span> 
     </span>
    </p>
   </div>
   <div class='ocr_carea' id='block_1_45' title="bbox 355 4487 2339 4558">
    <p class='ocr_par' dir='ltr' id='par_1_45' title="bbox 355 4487 2339 4558">
     <span class='ocr_line' id='line_1_45' title="bbox 355 4487 2339 4558; baseline -0.004 -8"><span class='ocrx_word' id='word_1_635' title='bbox 355 4499 596 4550; x_wconf 80' lang='lat' dir='ltr'><strong>Sanctus</strong></span> <span class='ocrx_word' id='word_1_636' title='bbox 623 4496 837 4555; x_wconf 83' lang='lat' dir='ltr'><strong>Justus,</strong></span> <span class='ocrx_word' id='word_1_637' title='bbox 877 4492 939 4553; x_wconf 92' lang='lat' dir='ltr'>V,</span> <span class='ocrx_word' id='word_1_638' title='bbox 977 4491 1029 4543; x_wconf 90' lang='lat'><strong>8.</strong></span> <span class='ocrx_word' id='word_1_639' title='bbox 1073 4488 1147 4541; x_wconf 78' lang='lat' dir='ltr'><strong>Ex</strong></span> <span class='ocrx_word' id='word_1_640' title='bbox 1183 4489 1442 4558; x_wconf 82' lang='lat' dir='ltr'><strong>Dionysio</strong></span> <span class='ocrx_word' id='word_1_641' title='bbox 1467 4504 1514 4541; x_wconf 91' lang='lat' dir='ltr'><strong>c.</strong></span> <span class='ocrx_word' id='word_1_642' title='bbox 1556 4488 1642 4552; x_wconf 91' lang='lat' dir='ltr'><strong>II,</strong></span> <span class='ocrx_word' id='word_1_643' title='bbox 1677 4488 1752 4540; x_wconf 87' lang='lat' dir='ltr'><strong>Dc</strong></span> <span class='ocrx_word' id='word_1_644' title='bbox 1785 4488 1981 4541; x_wconf 79' lang='lat' dir='ltr'><strong>divinis</strong></span> <span class='ocrx_word' id='word_1_645' title='bbox 2013 4487 2339 4542; x_wconf 77' lang='lat' dir='ltr'><strong>nominibus.</strong></span> 
     </span>
    </p>
   </div>
   <div class='ocr_carea' id='block_1_46' title="bbox 355 4575 3525 4653">
    <p class='ocr_par' dir='ltr' id='par_1_46' title="bbox 355 4575 3525 4653">
     <span class='ocr_line' id='line_1_46' title="bbox 355 4575 3525 4653; baseline 0 -17"><span class='ocrx_word' id='word_1_646' title='bbox 355 4586 374 4653; x_wconf 88' lang='lat'><strong>(</strong></span> <span class='ocrx_word' id='word_1_647' title='bbox 403 4584 656 4636; x_wconf 76' lang='lat' dir='ltr'><strong>Leontius</strong></span> <span class='ocrx_word' id='word_1_648' title='bbox 699 4580 827 4648; x_wconf 79' lang='lat' dir='ltr'><strong>Bgz.</strong></span> <span class='ocrx_word' id='word_1_649' title='bbox 860 4591 1046 4630; x_wconf 84' lang='lat' dir='ltr'><strong>contra</strong></span> <span class='ocrx_word' id='word_1_650' title='bbox 1083 4577 1605 4642; x_wconf 73' lang='lat' dir='ltr'><strong>Ap/tt/iai&#39;todocetas,</strong></span> <span class='ocrx_word' id='word_1_651' title='bbox 1639 4578 1836 4627; x_wconf 83' lang='lat' dir='ltr'><strong>citatur</strong></span> <span class='ocrx_word' id='word_1_652' title='bbox 1865 4576 1918 4626; x_wconf 86' lang='lat' dir='ltr'><strong>in</strong></span> <span class='ocrx_word' id='word_1_653' title='bbox 1947 4575 2158 4630; x_wconf 75' lang='lat' dir='ltr'><strong>scholiis</strong></span> <span class='ocrx_word' id='word_1_654' title='bbox 2193 4576 2448 4631; x_wconf 86' lang='lat' dir='ltr'><strong>Turriani</strong></span> <span class='ocrx_word' id='word_1_655' title='bbox 2484 4580 2552 4631; x_wconf 79' lang='lat' dir='ltr'><strong>ad</strong></span> <span class='ocrx_word' id='word_1_656' title='bbox 2595 4578 2761 4643; x_wconf 85' lang='lat' dir='ltr'>VIII,</span> <span class='ocrx_word' id='word_1_657' title='bbox 2790 4583 2842 4642; x_wconf 88' lang='lat'><strong>9,</strong></span> <span class='ocrx_word' id='word_1_658' title='bbox 2893 4590 3079 4632; x_wconf 83' lang='lat' dir='ltr'><strong>auctor</strong></span> <span class='ocrx_word' id='word_1_659' title='bbox 3125 4583 3397 4638; x_wconf 74' lang='lat' dir='ltr'><strong>ernditiss.</strong></span> <span class='ocrx_word' id='word_1_660' title='bbox 3433 4584 3525 4637; x_wconf 81' lang='lat' dir='ltr'><strong>lib.</strong></span> 
     </span>
    </p>
   </div>
   <div class='ocr_carea' id='block_1_47' title="bbox 278 4660 1599 4732">
    <p class='ocr_par' dir='ltr' id='par_1_47' title="bbox 278 4660 1599 4732">
     <span class='ocr_line' id='line_1_47' title="bbox 278 4660 1599 4732; baseline -0.008 -8"><span class='ocrx_word' id='word_1_661' title='bbox 278 4674 487 4727; x_wconf 83' lang='lat' dir='ltr'><strong>Contra</strong></span> <span class='ocrx_word' id='word_1_662' title='bbox 522 4669 830 4721; x_wconf 71' lang='lat' dir='ltr'><strong>Nestorium</strong></span> <span class='ocrx_word' id='word_1_663' title='bbox 857 4677 904 4718; x_wconf 89' lang='lat' dir='ltr'><strong>et</strong></span> <span class='ocrx_word' id='word_1_664' title='bbox 937 4662 1229 4732; x_wconf 80' lang='lat' dir='ltr'><strong>Eutychen,</strong></span> <span class='ocrx_word' id='word_1_665' title='bbox 1257 4663 1327 4714; x_wconf 85' lang='lat' dir='ltr'><strong>ad</strong></span> <span class='ocrx_word' id='word_1_666' title='bbox 1357 4660 1458 4724; x_wconf 77' lang='lat' dir='ltr'>IX,</span> <span class='ocrx_word' id='word_1_667' title='bbox 1493 4663 1550 4718; x_wconf 88' lang='lat'><strong>9.</strong></span> <span class='ocrx_word' id='word_1_668' title='bbox 1581 4663 1599 4731; x_wconf 84' lang='lat'><strong>)</strong></span> 
     </span>
    </p>
   </div>
   <div class='ocr_carea' id='block_1_48' title="bbox 354 4771 2714 4849">
    <p class='ocr_par' dir='ltr' id='par_1_48' title="bbox 354 4771 2714 4849">
     <span class='ocr_line' id='line_1_48' title="bbox 354 4771 2714 4849; baseline -0 -16"><span class='ocrx_word' id='word_1_669' title='bbox 354 4783 372 4849; x_wconf 93' lang='lat'><strong>(</strong></span> <span class='ocrx_word' id='word_1_670' title='bbox 410 4780 632 4833; x_wconf 63' lang='lat' dir='ltr'><strong>Manus!</strong></span> <span class='ocrx_word' id='word_1_671' title='bbox 661 4777 902 4837; x_wconf 67' lang='lat' dir='ltr'><strong>Caletos,</strong></span> <span class='ocrx_word' id='word_1_672' title='bbox 930 4775 1065 4826; x_wconf 83' lang='lat' dir='ltr'><strong>libro</strong></span> <span class='ocrx_word' id='word_1_673' title='bbox 1108 4773 1181 4826; x_wconf 91' lang='lat' dir='ltr'><strong>De</strong></span> <span class='ocrx_word' id='word_1_674' title='bbox 1206 4774 1470 4826; x_wconf 83' lang='lat' dir='ltr'><strong>Trinitate</strong></span> <span class='ocrx_word' id='word_1_675' title='bbox 1495 4773 1693 4825; x_wconf 86' lang='lat' dir='ltr'><strong>citatur</strong></span> <span class='ocrx_word' id='word_1_676' title='bbox 1722 4774 1775 4824; x_wconf 85' lang='lat' dir='ltr'><strong>in</strong></span> <span class='ocrx_word' id='word_1_677' title='bbox 1812 4771 2064 4827; x_wconf 84' lang='lat' dir='ltr'><strong>Turriani</strong></span> <span class='ocrx_word' id='word_1_678' title='bbox 2102 4777 2336 4838; x_wconf 74' lang='lat' dir='ltr'><strong>scholiis,</strong></span> <span class='ocrx_word' id='word_1_679' title='bbox 2377 4777 2446 4828; x_wconf 89' lang='lat' dir='ltr'><strong>ad</strong></span> <span class='ocrx_word' id='word_1_680' title='bbox 2480 4777 2543 4841; x_wconf 83' lang='lat' dir='ltr'><strong>X,</strong></span> <span class='ocrx_word' id='word_1_681' title='bbox 2580 4778 2645 4830; x_wconf 86' lang='lat' dir='ltr'>I0</span> <span class='ocrx_word' id='word_1_682' title='bbox 2674 4779 2714 4844; x_wconf 90' lang='lat'><strong>).</strong></span> 
     </span>
    </p>
   </div>
   <div class='ocr_carea' id='block_1_49' title="bbox 357 4860 2045 4934">
    <p class='ocr_par' dir='ltr' id='par_1_49' title="bbox 357 4860 2035 4931">
     <span class='ocr_line' id='line_1_49' title="bbox 357 4860 2035 4931; baseline -0.004 -9"><span class='ocrx_word' id='word_1_683' title='bbox 357 4870 419 4922; x_wconf 89' lang='lat' dir='ltr'><strong>S.</strong></span> <span class='ocrx_word' id='word_1_684' title='bbox 462 4867 734 4919; x_wconf 74' lang='lat' dir='ltr'><strong>Maximus</strong></span> <span class='ocrx_word' id='word_1_685' title='bbox 771 4864 835 4916; x_wconf 85' lang='lat' dir='ltr'><strong>ad</strong></span> <span class='ocrx_word' id='word_1_686' title='bbox 871 4863 1088 4931; x_wconf 72' lang='lat' dir='ltr'><strong>Di-mys.</strong></span> <span class='ocrx_word' id='word_1_687' title='bbox 1141 4863 1555 4930; x_wconf 67' lang='lat' dir='ltr'><strong>Areopagitam,</strong></span> <span class='ocrx_word' id='word_1_688' title='bbox 1599 4860 1641 4920; x_wconf 89' lang='lat' dir='ltr'>I,</span> <span class='ocrx_word' id='word_1_689' title='bbox 1676 4861 1738 4924; x_wconf 90' lang='lat' dir='ltr'><strong>I;</strong></span> <span class='ocrx_word' id='word_1_690' title='bbox 1785 4860 1870 4921; x_wconf 89' lang='lat' dir='ltr'>III,</span> <span class='ocrx_word' id='word_1_691' title='bbox 1904 4862 1958 4924; x_wconf 90' lang='lat'><strong>8,</strong></span> <span class='ocrx_word' id='word_1_692' title='bbox 2004 4863 2035 4916; x_wconf 89' lang='lat'><strong>9</strong></span> 
     </span>
    </p>
   </div>
   <div class='ocr_carea' id='block_1_50' title="bbox 1839 4860 3527 4934">
    <p class='ocr_par' dir='ltr' id='par_1_50' title="bbox 1839 4860 3527 4934">
     <span class='ocr_line' id='line_1_50' title="bbox 1839 4860 3527 4934; baseline 0.009 -23"><span class='ocrx_word' id='word_1_693' title='bbox 1839 4860 1870 4921; x_wconf 90' lang='grc'><strong>1,</strong></span> <span class='ocrx_word' id='word_1_694' title='bbox 1904 4862 1958 4924; x_wconf 89' lang='grc'><strong>8,</strong></span> <span class='ocrx_word' id='word_1_695' title='bbox 2004 4863 2058 4926; x_wconf 90' lang='lat'><strong>9,</strong></span> <span class='ocrx_word' id='word_1_696' title='bbox 2103 4875 2209 4918; x_wconf 89' lang='lat' dir='ltr'><strong>etc.</strong></span> <span class='ocrx_word' id='word_1_697' title='bbox 2257 4865 2655 4934; x_wconf 82' lang='lat' dir='ltr'><strong>Explanatione</strong></span> <span class='ocrx_word' id='word_1_698' title='bbox 2717 4867 2902 4921; x_wconf 88' lang='lat' dir='ltr'><strong>snhtili</strong></span> <span class='ocrx_word' id='word_1_699' title='bbox 2959 4868 3313 4934; x_wconf 80' lang='lat' dir='ltr'><strong>precationis,</strong></span> <span class='ocrx_word' id='word_1_700' title='bbox 3365 4870 3527 4926; x_wconf 78' lang='lat' dir='ltr'><strong>Pater</strong></span> 
     </span>
    </p>
   </div>
   <div class='ocr_carea' id='block_1_51' title="bbox 279 4947 3528 5023">
    <p class='ocr_par' dir='ltr' id='par_1_51' title="bbox 279 4947 3528 5023">
     <span class='ocr_line' id='line_1_51' title="bbox 279 4947 3528 5023; baseline 0.008 -39"><span class='ocrx_word' id='word_1_701' title='bbox 279 4968 486 5020; x_wconf 47' lang='lat' dir='ltr'><strong>noster,</strong></span> <span class='ocrx_word' id='word_1_702' title='bbox 551 4953 642 5016; x_wconf 56' lang='grc' dir='ltr'><strong>ιχ,</strong></span> <span class='ocrx_word' id='word_1_703' title='bbox 680 4954 730 5004; x_wconf 55' lang='grc' dir='ltr'><strong>δ,</strong></span> <span class='ocrx_word' id='word_1_704' title='bbox 773 4952 826 5002; x_wconf 69' lang='lat' dir='ltr'><strong>In</strong></span> <span class='ocrx_word' id='word_1_705' title='bbox 857 4950 1199 5017; x_wconf 53' lang='lat' dir='ltr'><strong>meulogicis,</strong></span> <span class='ocrx_word' id='word_1_706' title='bbox 1241 4948 1301 5012; x_wconf 71' lang='lat' dir='ltr'><strong>ll,</strong></span> <span class='ocrx_word' id='word_1_707' title='bbox 1342 4952 1393 5011; x_wconf 67' lang='lat'><strong>5,</strong></span> <span class='ocrx_word' id='word_1_708' title='bbox 1430 4949 1485 5013; x_wconf 72' lang='grc'><strong>4,</strong></span> <span class='ocrx_word' id='word_1_709' title='bbox 1510 4950 1562 5012; x_wconf 74' lang='grc'><strong>6,</strong></span> <span class='ocrx_word' id='word_1_710' title='bbox 1599 4950 1650 5009; x_wconf 83' lang='grc'><strong>’1,</strong></span> <span class='ocrx_word' id='word_1_711' title='bbox 1685 4951 1752 5013; x_wconf 83' lang='grc'><strong>9;</strong></span> <span class='ocrx_word' id='word_1_712' title='bbox 1791 4947 1878 5012; x_wconf 91' lang='lat' dir='ltr'><strong>Vl,</strong></span> <span class='ocrx_word' id='word_1_713' title='bbox 1912 4949 1965 5001; x_wconf 96' lang='lat'><strong>9.</strong></span> <span class='ocrx_word' id='word_1_714' title='bbox 1992 4949 2264 5004; x_wconf 79' lang='lat' dir='ltr'><strong>Centurizu</strong></span> <span class='ocrx_word' id='word_1_715' title='bbox 2303 4969 2338 5012; x_wconf 93' lang='grc' dir='ltr'>ι,</span> <span class='ocrx_word' id='word_1_716' title='bbox 2373 4953 2553 5019; x_wconf 85' lang='lat' dir='ltr'><strong>capite</strong></span> <span class='ocrx_word' id='word_1_717' title='bbox 2584 4954 2833 5021; x_wconf 86' lang='lat' dir='ltr'><strong>septimo,</strong></span> <span class='ocrx_word' id='word_1_718' title='bbox 2887 4951 2952 5015; x_wconf 81' lang='grc' dir='ltr'><strong>Χ,</strong></span> <span class='ocrx_word' id='word_1_719' title='bbox 3008 4954 3060 5006; x_wconf 84' lang='grc'><strong>9.</strong></span> <span class='ocrx_word' id='word_1_720' title='bbox 3108 4956 3294 5023; x_wconf 85' lang='lat' dir='ltr'><strong>Capite</strong></span> <span class='ocrx_word' id='word_1_721' title='bbox 3349 4959 3417 5011; x_wconf 80' lang='lat'><strong>58</strong></span> <span class='ocrx_word' id='word_1_722' title='bbox 3472 4971 3528 5012; x_wconf 73' lang='lat' dir='ltr'><strong>rt</strong></span> 
     </span>
    </p>
   </div>
   <div class='ocr_carea' id='block_1_52' title="bbox 281 5036 3521 5113">
    <p class='ocr_par' dir='ltr' id='par_1_52' title="bbox 281 5036 3521 5113">
     <span class='ocr_line' id='line_1_52' title="bbox 281 5036 3521 5113; baseline -0.001 -14"><span class='ocrx_word' id='word_1_723' title='bbox 281 5047 350 5100; x_wconf 76' lang='lat'><strong>39</strong></span> <span class='ocrx_word' id='word_1_724' title='bbox 391 5042 656 5098; x_wconf 54' lang='lat' dir='ltr'><strong>cepturi».</strong></span> <span class='ocrx_word' id='word_1_725' title='bbox 686 5041 909 5107; x_wconf 57' lang='lat' dir='ltr'><strong>quintus,</strong></span> <span class='ocrx_word' id='word_1_726' title='bbox 941 5036 1050 5095; x_wconf 88' lang='lat' dir='ltr'>VII,</span> <span class='ocrx_word' id='word_1_727' title='bbox 1167 5038 1312 5102; x_wconf 85' lang='lat' dir='ltr'><strong>DiSp.</strong></span> <span class='ocrx_word' id='word_1_728' title='bbox 1361 5046 1549 5090; x_wconf 84' lang='lat' dir='ltr'><strong>contra</strong></span> <span class='ocrx_word' id='word_1_729' title='bbox 1595 5038 1880 5106; x_wconf 80' lang='lat' dir='ltr'><strong>Pyrrhum,</strong></span> <span class='ocrx_word' id='word_1_730' title='bbox 1924 5037 2020 5100; x_wconf 85' lang='lat' dir='ltr'>III,</span> <span class='ocrx_word' id='word_1_731' title='bbox 2047 5039 2117 5102; x_wconf 78' lang='lat'><strong>5;</strong></span> <span class='ocrx_word' id='word_1_732' title='bbox 2166 5040 2224 5102; x_wconf 93' lang='lat' dir='ltr'>V,</span> <span class='ocrx_word' id='word_1_733' title='bbox 2260 5042 2330 5100; x_wconf 89' lang='lat'><strong>9;</strong></span> <span class='ocrx_word' id='word_1_734' title='bbox 2364 5040 2431 5099; x_wconf 81' lang='grc' dir='ltr'><strong>Χ,</strong></span> <span class='ocrx_word' id='word_1_735' title='bbox 2472 5043 2524 5094; x_wconf 87' lang='lat'><strong>4.</strong></span> <span class='ocrx_word' id='word_1_736' title='bbox 2557 5042 2609 5092; x_wconf 94' lang='lat' dir='ltr'><strong>In</strong></span> <span class='ocrx_word' id='word_1_737' title='bbox 2639 5043 2927 5093; x_wconf 83' lang='lat' dir='ltr'><strong>sententiis</strong></span> <span class='ocrx_word' id='word_1_738' title='bbox 2958 5042 3205 5108; x_wconf 70' lang='lat' dir='ltr'><strong>Gregorii</strong></span> <span class='ocrx_word' id='word_1_739' title='bbox 3258 5045 3521 5113; x_wconf 67' lang='lat' dir='ltr'><strong>theologi,</strong></span> 
     </span>
    </p>
   </div>
   <div class='ocr_carea' id='block_1_53' title="bbox 283 5122 3525 5192">
    <p class='ocr_par' dir='ltr' id='par_1_53' title="bbox 283 5122 3525 5192">
     <span class='ocr_line' id='line_1_53' title="bbox 283 5122 3525 5192; baseline 0.001 -9"><span class='ocrx_word' id='word_1_740' title='bbox 283 5131 372 5191; x_wconf 90' lang='lat' dir='ltr'>III,</span> <span class='ocrx_word' id='word_1_741' title='bbox 419 5130 488 5189; x_wconf 67' lang='grc' dir='ltr'><strong>’ἐς</strong></span> <span class='ocrx_word' id='word_1_742' title='bbox 532 5126 665 5183; x_wconf 82' lang='lat' dir='ltr'>VIII.</span> <span class='ocrx_word' id='word_1_743' title='bbox 722 5125 767 5176; x_wconf 93' lang='lat' dir='ltr'>I.</span> <span class='ocrx_word' id='word_1_744' title='bbox 824 5122 1210 5190; x_wconf 60' lang='lat' dir='ltr'><strong>Spe-cuiatione</strong></span> <span class='ocrx_word' id='word_1_745' title='bbox 1237 5123 1406 5190; x_wconf 78' lang='lat' dir='ltr'><strong>magis</strong></span> <span class='ocrx_word' id='word_1_746' title='bbox 1439 5122 1660 5176; x_wconf 81' lang='lat' dir='ltr'><strong>dilatata</strong></span> <span class='ocrx_word' id='word_1_747' title='bbox 1697 5125 1762 5177; x_wconf 85' lang='lat' dir='ltr'><strong>de</strong></span> <span class='ocrx_word' id='word_1_748' title='bbox 1805 5127 2309 5192; x_wconf 70' lang='lat' dir='ltr'><strong>transtiguratiotw,</strong></span> <span class='ocrx_word' id='word_1_749' title='bbox 2340 5127 2422 5189; x_wconf 76' lang='lat' dir='ltr'><strong>Vl,</strong></span> <span class='ocrx_word' id='word_1_750' title='bbox 2455 5127 2506 5179; x_wconf 86' lang='lat'><strong>5.</strong></span> <span class='ocrx_word' id='word_1_751' title='bbox 2559 5127 2794 5181; x_wconf 85' lang='lat' dir='ltr'><strong>Basilius</strong></span> <span class='ocrx_word' id='word_1_752' title='bbox 2829 5128 3104 5182; x_wconf 91' lang='lat' dir='ltr'><strong>adnotatis</strong></span> <span class='ocrx_word' id='word_1_753' title='bbox 3133 5145 3159 5181; x_wconf 89' lang='lat' dir='ltr'><strong>a</strong></span> <span class='ocrx_word' id='word_1_754' title='bbox 3197 5129 3252 5183; x_wconf 92' lang='lat' dir='ltr'><strong>S.</strong></span> <span class='ocrx_word' id='word_1_755' title='bbox 3284 5130 3525 5188; x_wconf 74' lang='lat' dir='ltr'><strong>Maximo</strong></span> 
     </span>
    </p>
   </div>
   <div class='ocr_carea' id='block_1_54' title="bbox 283 5209 3523 5281">
    <p class='ocr_par' dir='ltr' id='par_1_54' title="bbox 283 5209 3523 5281">
     <span class='ocr_line' id='line_1_54' title="bbox 283 5209 3523 5281; baseline 0 -11"><span class='ocrx_word' id='word_1_756' title='bbox 283 5222 349 5271; x_wconf 82' lang='lat' dir='ltr'><strong>de</strong></span> <span class='ocrx_word' id='word_1_757' title='bbox 393 5215 616 5281; x_wconf 69' lang='lat' dir='ltr'><strong>cu-rgia</strong></span> <span class='ocrx_word' id='word_1_758' title='bbox 649 5221 837 5266; x_wconf 74' lang='lat' dir='ltr'><strong>contra</strong></span> <span class='ocrx_word' id='word_1_759' title='bbox 883 5211 1290 5273; x_wconf 79' lang='lat' dir='ltr'><strong>Monothelitas,</strong></span> <span class='ocrx_word' id='word_1_760' title='bbox 1337 5209 1422 5272; x_wconf 95' lang='lat' dir='ltr'>IlI,</span> <span class='ocrx_word' id='word_1_761' title='bbox 1467 5212 1518 5262; x_wconf 78' lang='grc'><strong>4.</strong></span> <span class='ocrx_word' id='word_1_762' title='bbox 1561 5210 1743 5270; x_wconf 76' lang='lat' dir='ltr'><strong>Libro.</strong></span> <span class='ocrx_word' id='word_1_763' title='bbox 1779 5212 1921 5279; x_wconf 72' lang='lat' dir='ltr'><strong>quod</strong></span> <span class='ocrx_word' id='word_1_764' title='bbox 1961 5213 2012 5265; x_wconf 87' lang='lat' dir='ltr'><strong>iu</strong></span> <span class='ocrx_word' id='word_1_765' title='bbox 2044 5214 2263 5266; x_wconf 81' lang='lat' dir='ltr'><strong>Christo</strong></span> <span class='ocrx_word' id='word_1_766' title='bbox 2297 5224 2378 5266; x_wconf 73' lang='lat' dir='ltr'><strong>cst</strong></span> <span class='ocrx_word' id='word_1_767' title='bbox 2418 5230 2622 5279; x_wconf 86' lang='lat' dir='ltr'><strong>rerum,</strong></span> <span class='ocrx_word' id='word_1_768' title='bbox 2667 5215 2716 5267; x_wconf 85' lang='lat' dir='ltr'><strong>id</strong></span> <span class='ocrx_word' id='word_1_769' title='bbox 2745 5227 2826 5267; x_wconf 84' lang='lat' dir='ltr'><strong>cst</strong></span> <span class='ocrx_word' id='word_1_770' title='bbox 2862 5216 3320 5278; x_wconf 82' lang='lat' dir='ltr'><strong>substantiarum,</strong></span> <span class='ocrx_word' id='word_1_771' title='bbox 3365 5221 3523 5273; x_wconf 74' lang='lat' dir='ltr'><strong>(lilio-</strong></span> 
     </span>
    </p>
   </div>
   <div class='ocr_carea' id='block_1_55' title="bbox 285 5299 3521 5369">
    <p class='ocr_par' dir='ltr' id='par_1_55' title="bbox 285 5299 3521 5369">
     <span class='ocr_line' id='line_1_55' title="bbox 285 5299 3521 5369; baseline 0 -12"><span class='ocrx_word' id='word_1_772' title='bbox 285 5309 485 5364; x_wconf 77' lang='lat' dir='ltr'><strong>n-ntia,</strong></span> <span class='ocrx_word' id='word_1_773' title='bbox 516 5302 582 5362; x_wconf 88' lang='grc' dir='ltr'><strong>Χ-,</strong></span> <span class='ocrx_word' id='word_1_774' title='bbox 617 5301 669 5353; x_wconf 85' lang='lat'><strong>8.</strong></span> <span class='ocrx_word' id='word_1_775' title='bbox 710 5300 900 5367; x_wconf 70' lang='lat' dir='ltr'><strong>tiapitc</strong></span> <span class='ocrx_word' id='word_1_776' title='bbox 930 5299 961 5352; x_wconf 89' lang='lat'><strong>9</strong></span> <span class='ocrx_word' id='word_1_777' title='bbox 991 5300 1253 5352; x_wconf 71' lang='lat' dir='ltr'><strong>centuriae</strong></span> <span class='ocrx_word' id='word_1_778' title='bbox 1305 5309 1515 5366; x_wconf 63' lang='lat' dir='ltr'><strong>quarta:</strong></span> <span class='ocrx_word' id='word_1_779' title='bbox 1548 5300 1612 5352; x_wconf 83' lang='lat' dir='ltr'><strong>de</strong></span> <span class='ocrx_word' id='word_1_780' title='bbox 1665 5302 1949 5363; x_wconf 67' lang='lat' dir='ltr'><strong>cllas-itote,</strong></span> <span class='ocrx_word' id='word_1_781' title='bbox 1999 5301 2106 5365; x_wconf 80' lang='lat' dir='ltr'>VII,</span> <span class='ocrx_word' id='word_1_782' title='bbox 2160 5301 2208 5352; x_wconf 90' lang='lat'><strong>9.</strong></span> <span class='ocrx_word' id='word_1_783' title='bbox 2255 5301 2307 5354; x_wconf 91' lang='lat' dir='ltr'><strong>In</strong></span> <span class='ocrx_word' id='word_1_784' title='bbox 2346 5303 2605 5356; x_wconf 71' lang='lat' dir='ltr'><strong>centuriis</strong></span> <span class='ocrx_word' id='word_1_785' title='bbox 2648 5304 2991 5369; x_wconf 71' lang='lat' dir='ltr'><strong>theologicis,</strong></span> <span class='ocrx_word' id='word_1_786' title='bbox 3043 5314 3256 5357; x_wconf 88' lang='lat' dir='ltr'><strong>centur.</strong></span> <span class='ocrx_word' id='word_1_787' title='bbox 3310 5324 3391 5367; x_wconf 88' lang='grc' dir='ltr'>ιιι,</span> <span class='ocrx_word' id='word_1_788' title='bbox 3433 5323 3521 5360; x_wconf 89' lang='lat' dir='ltr'><strong>ca-</strong></span> 
     </span>
    </p>
   </div>
   <div class='ocr_carea' id='block_1_56' title="bbox 281 5385 1969 5463">
    <p class='ocr_par' dir='ltr' id='par_1_56' title="bbox 281 5385 1969 5463">
     <span class='ocr_line' id='line_1_56' title="bbox 281 5385 1969 5463; baseline -0.001 -23"><span class='ocrx_word' id='word_1_789' title='bbox 281 5395 390 5463; x_wconf 72' lang='lat' dir='ltr'><strong>pitc</strong></span> <span class='ocrx_word' id='word_1_790' title='bbox 421 5393 607 5448; x_wconf 78' lang='lat' dir='ltr'><strong>tertio,</strong></span> <span class='ocrx_word' id='word_1_791' title='bbox 640 5388 708 5450; x_wconf 87' lang='grc' dir='ltr'><strong>Χ,</strong></span> <span class='ocrx_word' id='word_1_792' title='bbox 735 5390 802 5448; x_wconf 87' lang='grc'><strong>8;</strong></span> <span class='ocrx_word' id='word_1_793' title='bbox 844 5396 1064 5454; x_wconf 77' lang='lat' dir='ltr'><strong>quarto,</strong></span> <span class='ocrx_word' id='word_1_794' title='bbox 1098 5385 1162 5447; x_wconf 89' lang='grc' dir='ltr'><strong>Χ,</strong></span> <span class='ocrx_word' id='word_1_795' title='bbox 1207 5387 1276 5445; x_wconf 83' lang='lat'><strong>7;</strong></span> <span class='ocrx_word' id='word_1_796' title='bbox 1317 5386 1572 5452; x_wconf 84' lang='lat' dir='ltr'><strong>septimo,</strong></span> <span class='ocrx_word' id='word_1_797' title='bbox 1607 5385 1714 5447; x_wconf 71' lang='lat' dir='ltr'>VII,</span> <span class='ocrx_word' id='word_1_798' title='bbox 1761 5387 1848 5448; x_wconf 80' lang='lat' dir='ltr'><strong>I0;</strong></span> <span class='ocrx_word' id='word_1_799' title='bbox 1879 5403 1969 5452; x_wconf 84' lang='lat' dir='ltr'><strong>cap</strong></span> 
     </span>
    </p>
   </div>
   <div class='ocr_carea' id='block_1_57' title="bbox 1827 5385 3515 5463">
    <p class='ocr_par' dir='ltr' id='par_1_57' title="bbox 1835 5387 3515 5463">
     <span class='ocr_line' id='line_1_57' title="bbox 1835 5387 3515 5463; baseline 0.007 -25"><span class='ocrx_word' id='word_1_800' title='bbox 1835 5406 1848 5448; x_wconf 89' lang='lat'><strong>;</strong></span> <span class='ocrx_word' id='word_1_801' title='bbox 1879 5403 2000 5452; x_wconf 90' lang='lat' dir='ltr'><strong>cap.</strong></span> <span class='ocrx_word' id='word_1_802' title='bbox 2037 5387 2127 5446; x_wconf 75' lang='grc'><strong>42,</strong></span> <span class='ocrx_word' id='word_1_803' title='bbox 2159 5389 2286 5439; x_wconf 81' lang='lat' dir='ltr'><strong>ibid.</strong></span> <span class='ocrx_word' id='word_1_804' title='bbox 2316 5403 2331 5446; x_wconf 91' lang='lat'><strong>;</strong></span> <span class='ocrx_word' id='word_1_805' title='bbox 2365 5389 2606 5440; x_wconf 64' lang='lat' dir='ltr'><strong>Ceutnria</strong></span> <span class='ocrx_word' id='word_1_806' title='bbox 2644 5390 2834 5454; x_wconf 77' lang='lat' dir='ltr'><strong>prima,</strong></span> <span class='ocrx_word' id='word_1_807' title='bbox 2872 5405 2992 5457; x_wconf 84' lang='lat' dir='ltr'><strong>cap.</strong></span> <span class='ocrx_word' id='word_1_808' title='bbox 3027 5391 3080 5451; x_wconf 78' lang='grc'><strong>9.,</strong></span> <span class='ocrx_word' id='word_1_809' title='bbox 3126 5390 3260 5453; x_wconf 90' lang='lat' dir='ltr'>VIII,</span> <span class='ocrx_word' id='word_1_810' title='bbox 3301 5394 3318 5443; x_wconf 91' lang='lat' dir='ltr'><strong>I</strong></span> <span class='ocrx_word' id='word_1_811' title='bbox 3350 5410 3364 5456; x_wconf 87' lang='lat'><strong>;</strong></span> <span class='ocrx_word' id='word_1_812' title='bbox 3395 5411 3515 5463; x_wconf 87' lang='lat' dir='ltr'><strong>cap.</strong></span> 
     </span>
    </p>
   </div>
   <div class='ocr_carea' id='block_1_58' title="bbox 282 5473 3520 5546">
    <p class='ocr_par' dir='ltr' id='par_1_58' title="bbox 282 5473 3520 5546">
     <span class='ocr_line' id='line_1_58' title="bbox 282 5473 3520 5546; baseline 0.003 -23"><span class='ocrx_word' id='word_1_813' title='bbox 282 5482 372 5546; x_wconf 62' lang='lat'><strong>&#39;55,</strong></span> <span class='ocrx_word' id='word_1_814' title='bbox 418 5477 558 5535; x_wconf 87' lang='lat' dir='ltr'>VIII,</span> <span class='ocrx_word' id='word_1_815' title='bbox 599 5479 666 5536; x_wconf 77' lang='lat'><strong>.4;</strong></span> <span class='ocrx_word' id='word_1_816' title='bbox 706 5491 826 5542; x_wconf 80' lang='lat' dir='ltr'><strong>cap.</strong></span> <span class='ocrx_word' id='word_1_817' title='bbox 870 5476 916 5527; x_wconf 80' lang='grc'><strong>6-</strong></span> <span class='ocrx_word' id='word_1_818' title='bbox 970 5476 1140 5527; x_wconf 71' lang='lat' dir='ltr'><strong>tcrtie</strong></span> <span class='ocrx_word' id='word_1_819' title='bbox 1181 5476 1457 5534; x_wconf 63' lang='lat' dir='ltr'><strong>ceutnrim,</strong></span> <span class='ocrx_word' id='word_1_820' title='bbox 1505 5473 1636 5534; x_wconf 87' lang='lat' dir='ltr'>VIII,</span> <span class='ocrx_word' id='word_1_821' title='bbox 1681 5476 1734 5528; x_wconf 69' lang='lat'><strong>‘2.</strong></span> <span class='ocrx_word' id='word_1_822' title='bbox 1777 5475 1975 5528; x_wconf 76' lang='lat' dir='ltr'><strong>Octava</strong></span> <span class='ocrx_word' id='word_1_823' title='bbox 2011 5476 2286 5527; x_wconf 68' lang='lat' dir='ltr'>C-‘IIIIIIIH.</span> <span class='ocrx_word' id='word_1_824' title='bbox 2329 5492 2458 5541; x_wconf 84' lang='lat' dir='ltr'><strong>cap.</strong></span> <span class='ocrx_word' id='word_1_825' title='bbox 2493 5477 2580 5534; x_wconf 80' lang='lat'><strong>83,</strong></span> <span class='ocrx_word' id='word_1_826' title='bbox 2632 5475 2758 5537; x_wconf 70' lang='lat' dir='ltr'>\III,</span> <span class='ocrx_word' id='word_1_827' title='bbox 2801 5477 2876 5538; x_wconf 84' lang='lat'><strong>4;</strong></span> <span class='ocrx_word' id='word_1_828' title='bbox 2921 5493 3039 5545; x_wconf 80' lang='lat' dir='ltr'><strong>cap.</strong></span> <span class='ocrx_word' id='word_1_829' title='bbox 3107 5479 3195 5539; x_wconf 82' lang='lat'><strong>87,</strong></span> <span class='ocrx_word' id='word_1_830' title='bbox 3261 5478 3401 5544; x_wconf 86' lang='lat' dir='ltr'>VIII,</span> <span class='ocrx_word' id='word_1_831' title='bbox 3465 5483 3520 5535; x_wconf 84' lang='lat'><strong>5.</strong></span> 
     </span>
    </p>
   </div>
   <div class='ocr_carea' id='block_1_59' title="bbox 283 5561 3518 5637">
    <p class='ocr_par' dir='ltr' id='par_1_59' title="bbox 283 5561 3518 5637">
     <span class='ocr_line' id='line_1_59' title="bbox 283 5561 3518 5637; baseline 0.001 -15"><span class='ocrx_word' id='word_1_832' title='bbox 283 5569 514 5623; x_wconf 87' lang='lat' dir='ltr'><strong>Centur.</strong></span> <span class='ocrx_word' id='word_1_833' title='bbox 555 5581 611 5617; x_wconf 93' lang='lat' dir='ltr'><strong>III</strong></span> <span class='ocrx_word' id='word_1_834' title='bbox 655 5564 723 5616; x_wconf 87' lang='lat' dir='ltr'><strong>de</strong></span> <span class='ocrx_word' id='word_1_835' title='bbox 751 5562 1040 5624; x_wconf 80' lang='lat' dir='ltr'><strong>charitate,</strong></span> <span class='ocrx_word' id='word_1_836' title='bbox 1074 5579 1196 5630; x_wconf 89' lang='lat' dir='ltr'><strong>cap.</strong></span> <span class='ocrx_word' id='word_1_837' title='bbox 1236 5564 1324 5625; x_wconf 75' lang='lat'>‘21,</span> <span class='ocrx_word' id='word_1_838' title='bbox 1371 5561 1501 5624; x_wconf 87' lang='lat' dir='ltr'>VIII,</span> <span class='ocrx_word' id='word_1_839' title='bbox 1547 5564 1613 5625; x_wconf 85' lang='lat'><strong>5;</strong></span> <span class='ocrx_word' id='word_1_840' title='bbox 1663 5578 1784 5629; x_wconf 84' lang='lat' dir='ltr'><strong>cap.</strong></span> <span class='ocrx_word' id='word_1_841' title='bbox 1827 5563 1918 5623; x_wconf 75' lang='lat'><strong>9.7,</strong></span> <span class='ocrx_word' id='word_1_842' title='bbox 1966 5562 2096 5622; x_wconf 80' lang='lat' dir='ltr'>VIII,</span> <span class='ocrx_word' id='word_1_843' title='bbox 2130 5564 2199 5625; x_wconf 91' lang='lat'><strong>7;</strong></span> <span class='ocrx_word' id='word_1_844' title='bbox 2253 5579 2371 5629; x_wconf 85' lang='lat' dir='ltr'><strong>cap.</strong></span> <span class='ocrx_word' id='word_1_845' title='bbox 2415 5564 2504 5627; x_wconf 70' lang='lat'><strong>29,</strong></span> <span class='ocrx_word' id='word_1_846' title='bbox 2554 5564 2683 5624; x_wconf 80' lang='lat' dir='ltr'>VIII,</span> <span class='ocrx_word' id='word_1_847' title='bbox 2721 5568 2776 5619; x_wconf 86' lang='lat'><strong>9.</strong></span> <span class='ocrx_word' id='word_1_848' title='bbox 2832 5564 3094 5619; x_wconf 72' lang='lat' dir='ltr'><strong>Centuria</strong></span> <span class='ocrx_word' id='word_1_849' title='bbox 3137 5583 3211 5626; x_wconf 82' lang='grc' dir='ltr'><strong>νι.</strong></span> <span class='ocrx_word' id='word_1_850' title='bbox 3258 5584 3380 5637; x_wconf 89' lang='lat' dir='ltr'><strong>cap.</strong></span> <span class='ocrx_word' id='word_1_851' title='bbox 3427 5569 3518 5632; x_wconf 80' lang='lat'><strong>84,</strong></span> 
     </span>
    </p>
   </div>
   <div class='ocr_carea' id='block_1_60' title="bbox 285 5642 3525 5724">
    <p class='ocr_par' dir='ltr' id='par_1_60' title="bbox 285 5642 3525 5724">
     <span class='ocr_line' id='line_1_60' title="bbox 285 5642 3525 5724; baseline 0 -17"><span class='ocrx_word' id='word_1_852' title='bbox 285 5655 419 5716; x_wconf 85' lang='lat' dir='ltr'>VIII,</span> <span class='ocrx_word' id='word_1_853' title='bbox 466 5654 523 5707; x_wconf 88' lang='lat'><strong>6.</strong></span> <span class='ocrx_word' id='word_1_854' title='bbox 569 5652 826 5706; x_wconf 72' lang='lat' dir='ltr'><strong>(Zentnria</strong></span> <span class='ocrx_word' id='word_1_855' title='bbox 861 5668 938 5715; x_wconf 85' lang='lat' dir='ltr'><strong>tv,</strong></span> <span class='ocrx_word' id='word_1_856' title='bbox 978 5667 1097 5720; x_wconf 86' lang='lat' dir='ltr'><strong>cap.</strong></span> <span class='ocrx_word' id='word_1_857' title='bbox 1153 5651 1260 5704; x_wconf 81' lang='lat' dir='ltr'><strong>Ict</strong></span> <span class='ocrx_word' id='word_1_858' title='bbox 1291 5651 1342 5714; x_wconf 81' lang='lat'><strong>4,</strong></span> <span class='ocrx_word' id='word_1_859' title='bbox 1377 5649 1466 5715; x_wconf 83' lang='grc' dir='ltr'><strong>ΙΧ,</strong></span> <span class='ocrx_word' id='word_1_860' title='bbox 1506 5651 1602 5714; x_wconf 88' lang='lat' dir='ltr'><strong>I0;</strong></span> <span class='ocrx_word' id='word_1_861' title='bbox 1637 5666 1755 5721; x_wconf 84' lang='lat' dir='ltr'><strong>cap.</strong></span> <span class='ocrx_word' id='word_1_862' title='bbox 1797 5652 1850 5719; x_wconf 80' lang='lat'><strong>8,</strong></span> <span class='ocrx_word' id='word_1_863' title='bbox 1884 5653 1951 5718; x_wconf 83' lang='grc' dir='ltr'><strong>Χ,</strong></span> <span class='ocrx_word' id='word_1_864' title='bbox 1995 5652 2012 5704; x_wconf 93' lang='grc'><strong>1</strong></span> <span class='ocrx_word' id='word_1_865' title='bbox 2051 5669 2064 5717; x_wconf 88' lang='grc'><strong>;</strong></span> <span class='ocrx_word' id='word_1_866' title='bbox 2117 5653 2466 5706; x_wconf 71' lang='lat' dir='ltr'><strong>adnotatione</strong></span> <span class='ocrx_word' id='word_1_867' title='bbox 2523 5653 2861 5706; x_wconf 68' lang='lat' dir='ltr'><strong>extrinsecus</strong></span> <span class='ocrx_word' id='word_1_868' title='bbox 2919 5654 3093 5722; x_wconf 82' lang='lat' dir='ltr'><strong>posita</strong></span> <span class='ocrx_word' id='word_1_869' title='bbox 3153 5655 3217 5708; x_wconf 79' lang='lat' dir='ltr'><strong>ad</strong></span> <span class='ocrx_word' id='word_1_870' title='bbox 3280 5642 3441 5724; x_wconf 78' lang='lat' dir='ltr'><strong>caput</strong></span> <span class='ocrx_word' id='word_1_871' title='bbox 3487 5659 3525 5709; x_wconf 75' lang='lat'><strong>‘2</strong></span> 
     </span>
    </p>
   </div>
   <div class='ocr_carea' id='block_1_61' title="bbox 282 5739 999 5808">
    <p class='ocr_par' dir='ltr' id='par_1_61' title="bbox 282 5739 999 5808">
     <span class='ocr_line' id='line_1_61' title="bbox 282 5739 999 5808; baseline -0.013 -9"><span class='ocrx_word' id='word_1_872' title='bbox 282 5743 564 5799; x_wconf 74' lang='lat' dir='ltr'><strong>Ccnturia:</strong></span> <span class='ocrx_word' id='word_1_873' title='bbox 589 5739 802 5808; x_wconf 67' lang='lat' dir='ltr'><strong>primm,</strong></span> <span class='ocrx_word' id='word_1_874' title='bbox 846 5739 911 5802; x_wconf 83' lang='grc' dir='ltr'><strong>Χ,</strong></span> <span class='ocrx_word' id='word_1_875' title='bbox 946 5740 999 5791; x_wconf 87' lang='lat'><strong>4.</strong></span> 
     </span>
    </p>
   </div>
   <div class='ocr_carea' id='block_1_62' title="bbox 357 5846 1525 5919">
    <p class='ocr_par' dir='ltr' id='par_1_62' title="bbox 357 5846 1525 5919">
     <span class='ocr_line' id='line_1_62' title="bbox 357 5846 1525 5919; baseline -0.004 -13"><span class='ocrx_word' id='word_1_876' title='bbox 357 5850 562 5906; x_wconf 72' lang='lat' dir='ltr'><strong>Phazdo</strong></span> <span class='ocrx_word' id='word_1_877' title='bbox 603 5847 977 5919; x_wconf 67' lang='lat' dir='ltr'>PIIIIOSOIIIIIIS,</span> <span class='ocrx_word' id='word_1_878' title='bbox 1024 5846 1163 5902; x_wconf 79' lang='lat' dir='ltr'><strong>inira</strong></span> <span class='ocrx_word' id='word_1_879' title='bbox 1197 5847 1248 5901; x_wconf 90' lang='lat' dir='ltr'><strong>in</strong></span> <span class='ocrx_word' id='word_1_880' title='bbox 1293 5848 1525 5918; x_wconf 73' lang='lat' dir='ltr'><strong>synodo.</strong></span> 
     </span>
    </p>
   </div>
  </div>
