4274 6452
740 404 849 463 803

743 512 944 568 subditi
969 518 1108 562 sunt.
1146 506 1435 560 llabitacst
1465 517 1510 557 et
1530 504 1638 557 hac
1662 503 1714 555 in
1739 503 2091 571 processione.
2141 500 2268 554 luit.
2298 514 2311 550 :

746 607 959 669 Ὥσπερ
996 601 1086 653 ἐπὶ
1116 597 1538 667 γεωργουμένης
1573 595 1697 662 γῆς.

818 695 1006 747 XXXI.
1030 693 1133 743 Τοῦ
1157 688 1320 742 αὐτοῦ
1342 688 1528 756 ὁμιλία
1557 688 1635 751 είς
1664 689 1761 751 τὴν
1801 685 2005 753 σεπτὴν
2034 684 2317 754 Μεταμὸρο

746 804 922 855 φωσιν
947 786 1041 837 τοῦ
1078 783 1284 850 Κυρίου
1321 782 1478 849 ἡμῶν
1516 779 1689 847 Ἰησοῦ
1716 776 1976 846 Χριστοῦ,
2002 780 2060 828 ἐν
2137 777 2315 843 παρά-

749 895 939 938 στασις
962 877 1042 926 ὅτι
1074 874 1132 925 τί)
1161 873 1285 923 κατ’
1313 872 1485 939 αὐτὴν
1516 871 1629 936 φῶς
1658 868 1911 921 ἂκτιστὸν
1937 870 2107 920 ἐστιν.
2166 867 2315 929 Ἐξε-

748 967 969 1037 φωνήθη
1015 964 1157 1029 πρωϊ
1194 963 1332 1014 κατὰ
1365 964 1462 1031 τὴν
1499 961 1717 1028 ἑορτήν.
1772 957 2007 1009 llomilia
2041 959 2095 1009 in
2161 973 2313 1007 vene-

750 1065 971 1110 rumtam
995 1053 1534 1121 Trans/igurntiunem
1567 1050 1780 1102 Domini
1802 1050 1970 1101 nostri
2013 1048 2142 1100 Jesu
2160 1047 2315 1099 Chri-

757 1148 848 1204 sti.
907 1147 998 1198 ubi
1054 1145 1448 1196 demonstratur
1520 1141 1716 1202 lumen,
1776 1139 1914 1207 quod
1956 1139 2011 1191 in
2066 1155 2127 1190 ea
2159 1139 2314 1202 luxit,

752 1242 916 1308 fuisse
947 1240 1252 1290 increatum.
1285 1234 1479 1286 Habita
1543 1241 1620 1284 est
1665 1230 1941 1282 matutinis
2003 1230 2124 1298 festi
2148 1229 2312 1281 horis.

753 1330 913 1381 Iuit.:
951 1324 1312 1390 Ἐπαινοῦμεν
1335 1322 1431 1374 καὶ
1462 1322 1623 1387 ἡμεῖς
1639 1318 2127 1386 καὶθαυμάζομεν.
2158 1318 2312 1370 Edita

751 1430 831 1472 est
858 1419 1021 1470 latine
1047 1425 1177 1467 tum.
1201 1414 1271 1467 “.26
1299 1412 1555 1465 Βίιιιίοιιι.
1598 1412 1745 1464 I‘atr.
1772 1410 2022 1479 Lugdun.
2047 1426 2111 1464 ex
2146 1409 2316 1463 inter-

752 1512 1053 1578 pretatione
1088 1507 1425 1560 (Iumbcﬁsii.

831 1600 1048 1655 XXXII.
1083 1599 1192 1651 Τοῦ
1220 1598 1383 1651 αὑτοῦ
1411 1598 1597 1667 ὁμιλία
1618 1599 1698 1661 είς
1729 1599 1829 1667 τὴν
1865 1597 2035 1667 αὐτὴν
2087 1598 2183 1651 τοῦ
2209 1599 2317 1651 Κυ-

757 1694 874 1760 ρίου
910 1690 1111 1757 σεπτὴν
1145 1688 1611 1755 Μεταμὸρφωσιν,
1651 1691 1708 1739 ὲν
1827 1686 2173 1757 παράστασις
2243 1687 2318 1751 ὡς

755 1785 801 1831 εἰ
838 1782 929 1832 καὶ
969 1780 1226 1832 emam
1259 1779 1375 1830 ἐστι
1402 1778 1460 1828 τὸ
1488 1780 1607 1830 κατ’
1634 1778 1806 1845 αὐτὴν
1846 1778 2126 1830 θειότατον
2179 1777 2316 1842 φῶς,

757 1872 994 1923 ἀλλὀὐκ
1023 1870 1169 1921 ἔστιν
1221 1869 1381 1920 οὐσία
1412 1867 1568 1920 Θεοῦ.
1623 1866 1972 1938 Ἐξεφωνήθη
2023 1867 2163 1920 κατὰ
2220 1867 2321 1934 τὴν

760 1962 910 2013 θείαν
941 1959 1310 2025 λειτουργίαν.
1344 1957 1584 2011 llomilia
1633 1960 1688 2011 in
1706 1958 1940 2012 eamdem
1975 1959 2323 2012 venerandam

766 2050 1305 2119 Trans/igurationem
1322 2064 1340 2101 :
1360 2050 1445 2101 ubi
1461 2049 1856 2103 demonstratur
1869 2049 2041 2102 lumen
2055 2050 2324 2103 divinissi-

761 2157 901 2192 mum
924 2139 1060 2206 quod
1088 2140 1137 2189 in
1163 2154 1221 2188 ea
1238 2136 1525 2203 splenduit,
1552 2139 1760 2192 etiamsi
1790 2140 2083 2194 increatum
2103 2143 2192 2201 sit,
2222 2155 2322 2192 non

757 2246 867 2282 esse
886 2240 1057 2280 tamen
1087 2229 1365 2280 essentiam
1393 2226 1506 2281 Dei.
1538 2227 1739 2281 llabita
1752 2239 1829 2282 est
1854 2230 1909 2281 in
1935 2243 2124 2283 sancta
2148 2230 2326 2283 Litur-

758 2325 866 2391 gia.
893 2321 1015 2372 luit.
1049 2338 1062 2372 :
1095 2316 1323 2381 Ίισαῒας
1351 2319 1378 2369 ὁ
1396 2319 1704 2388 προφήτης.
1732 2319 1892 2374 Edita
1915 2320 2113 2375 ibidem
2131 2320 2322 2375 eodem

761 2414 1079 2478 interprete.

837 2504 1072 2557 XXXIII.
1105 2504 1212 2556 T06
1250 2504 1415 2556 αὐτοῦ
1439 2503 1627 2573 ὁμιλία
1653 2504 1881 2575 ρηθεῖσα
1908 2505 2053 2559 κατὰ
2109 2506 2327 2559 ἑνδεκά-

761 2616 860 2666 την
891 2597 981 2647 τοῦ
1009 2595 1290 2648 Ματθαίου
1336 2596 1645 2666 Κυριακὴν,
1679 2596 1939 2648 ὑπόθεσιν
1995 2596 2191 2667 ἔχουσα
2226 2597 2326 2667 τὴν

759 2687 1121 2755 παραϐολήν·
1161 2704 1179 2737 ι
1229 2685 1659 2756 Ὀμοιωθήσεται
1728 2688 1975 2756 βασιλεία
1997 2689 2105 2740 τῶν
2163 2689 2329 2757 οὐρα-

760 2781 869 2833 νῶν
902 2779 1171 2847 ἀνθρώπῳ
1196 2778 1429 2843 βασιλεῖ,
1458 2780 1516 2841 ὃς
1540 2780 1773 2849 ἠθέλησε
1807 2782 2040 2850 συνᾶραι
2070 2779 2227 2846 λὸγον
2250 2797 2262 2809 ·
2296 2797 2315 2830 s

762 2872 818 2921 ἐν
918 2871 1010 2920 καὶ
1040 2872 1170 2937 περὶ
1199 2869 1554 2934 ἀνεξικακίας
1612 2873 1708 2924 καὶ
1745 2870 2114 2939 συμπαθείας.
2144 2872 2330 2923 [lami-

762 2964 837 3011 lta
864 2960 1042 3011 habita
1069 2960 1347 3013 undecima
1372 2958 1651 3013 Dominica
1680 2963 1967 3014 secundum
1994 2958 2325 3024 Matthwum,

762 3060 1129 3118 argumentum
1163 3052 1355 3104 habens
1391 3053 1699 3120 parabolam
1730 3055 1878 3106 illam
1908 3070 1920 3105 :
1953 3071 1972 3104 ι
2014 3054 2200 3107 Simile
2231 3056 2328 3107 erit

765 3158 975 3209 regnum
999 3142 1251 3195 caelorum
1312 3143 1512 3195 homini
1566 3146 1695 3213 regi,
1723 3146 1811 3214 qui
1874 3145 2035 3197 uoluit
2072 3146 2327 3200 rationem

761 3249 949 3299 ponere
981 3248 1001 3287 .'
1048 3251 1067 3283 ι
1112 3232 1201 3285 ubi
1230 3235 1292 3286 de
1344 3238 1628 3288 tolerantia
1667 3249 1713 3289 et
1746 3239 2126 3306 compassione.
2162 3237 2281 3291 Iuit.
2310 3254 2325 3291 :

773 3321 831 3374 ὐ
862 3322 995 3382 Θεὸς
1026 3323 1369 3388 αὐτεξούσιον
1399 3324 1654 3378 πλάττων
1690 3328 1781 3379 τὸν
1809 3328 2117 3397 ἄνθρωπον.

837 3412 1074 3469 XXXIV.
1107 3414 1212 3466 T06
1239 3416 1402 3468 αὑτοῦ
1425 3418 1609 3485 ὁμιλία
1640 3420 1718 3479 είς
1749 3420 1846 3489 τὴν
1866 3422 2173 3474 πάνσεπτον
2202 3422 2329 3474 Κοί-

770 3522 937 3574 μησιν
976 3506 1076 3572 τῆς
1106 3509 1525 3577 πανυπεράγνου
1588 3512 1889 3580 Δεσποίνης
1925 3513 2085 3580 ἡμῶν
2138 3514 2330 3567 Θεοτὸ-

762 3612 862 3647 κου
896 3596 987 3647 καὶ
1013 3596 1099 3646 ἀεὶ
1130 3597 1407 3666 Παρθένου
1441 3598 1672 3668 Μαρίας.
1710 3600 1945 3656 llomilia
1980 3604 2035 3656 in
2078 3621 2326 3657 veneran-

764 3689 885 3739 dum
936 3689 1305 3743 dormitionem
1336 3693 1652 3744 castissima:
1699 3693 1938 3749 Domina
1988 3708 2180 3751 nostra:
2214 3697 2332 3751 Dei-

764 3794 986 3845 pam'ac
1016 3794 1218 3846 semper
1269 3778 1498 3849 Virginis
1548 3779 1757 3834 Μανίαν.
1796 3781 1917 3836 luit.
1957 3801 1969 3837 :
2018 3783 2129 3853 Τὴν
2192 3785 2329 3853 ἐμὴν

763 3870 978 3937 ὁμιλίαν
1013 3872 1254 3939 σήμερον

840 3959 1050 4014 XXXV.
1086 3962 1192 4014 Τοῦ
1223 3961 1384 4014 αὑτοῦ
1433 3964 1617 4032 ὁμιλία
1648 3966 1725 4027 είς
1750 3965 1811 4017 τὸ
1846 3966 2063 4035 πρῶτον
2084 3967 2328 4035 ἑωθινὸν,

766 4054 823 4103 ὲν
922 4054 1012 4105 καὶ
1029 4053 1109 4104 ὅτι
1133 4053 1232 4104 οὐκ
1263 4053 1428 4123 ἀρκεῖ
1457 4055 1516 4105 τὸ
1539 4058 1684 4107 θεῖον
1718 4055 2001 4126 βάπτισμα
2040 4058 2208 4111 σῶσαι
2238 4061 2328 4112 τὸν

764 4141 1071 4209 ἄνθρωπον,
1106 4145 1153 4194 εἰ
1184 4144 1255 4213 μὴ
1291 4146 1384 4195 καὶ
1414 4147 1511 4212 τὴν
1541 4146 1773 4217 τήρησιν
1802 4148 1946 4217 ἔχειν
1975 4150 2194 4203 σπεύδει
2222 4152 2331 4203 τῶν

767 4233 929 4285 θείων
964 4234 1216 4287 ἐντολῶν.
1253 4234 1494 4289 llomtlia
1528 4239 1578 4288 in
1606 4239 1832 4302 primum
1874 4242 2190 4293 matutinum
2221 4278 2235 4303 ,
2277 4244 2332 4293 in

762 4340 868 4394 qua
916 4326 1132 4377 docetur
1157 4343 1257 4376 non
1285 4326 1526 4394 sufﬁcere
1549 4327 1785 4380 divinum
1815 4331 2073 4395 baptisma
2103 4338 2167 4382 ad
2186 4332 2331 4384 salu-

766 4424 868 4465 tem
916 4416 1160 4479 hominis,
1200 4418 1300 4469 nisi
1330 4418 1375 4469 is
1415 4418 1675 4472 sollicitus
1706 4421 1773 4472 sit
1813 4422 1881 4473 ad
1919 4422 2330 4476 observationem

764 4505 1060 4556 divinorum
1104 4518 1505 4575 praceptorum.
1565 4509 1688 4562 luit.
1728 4527 1743 4564 :
1804 4510 1864 4563 Ὀ
1913 4514 2019 4582 πρὸ
2067 4515 2176 4566 τῶν
2233 4515 2327 4569 ὅν-

762 4609 872 4643 των
917 4592 1012 4648 ὧν.

838 4683 1074 4738 XXXVI.
1106 4684 1214 4737 T06
1250 4685 1416 4739 αὑτοῦ
1448 4686 1634 4756 ὁμιλία
1685 4689 1911 4759 meum
1934 4692 1992 4743 ὲν
2022 4692 2145 4763 λιτῇ
2180 4710 2330 4758 γενο-

768 4778 903 4845 μένῃ
937 4777 1023 4829 διὰ
1048 4776 1145 4845 τὴν
1183 4777 1326 4846 ἀήθη
1379 4780 1472 4829 καὶ
1494 4779 1702 4844 ἀθρόαν
1738 4780 1831 4832 τοῦ
1887 4781 2119 4835 Θανάτου
2178 4800 2329 4852 τηνι-

765 4866 940 4918 καῦτα
975 4867 1210 4937 πληγήν.
1247 4866 1490 4920 llomilia
1526 4870 1706 4921 habita
1746 4872 1799 4922 in
1832 4875 2179 4939 processione,
2215 4892 2330 4939 aute

764 4958 907 5024 facta
944 4967 1020 5009 est
1053 4958 1116 5008 ob
1143 4957 1414 5009 insolitam
1443 4970 1493 5011 et
1518 4959 1858 5028 frequentem,
1897 4979 2013 5028 qua:
2038 4974 2162 5016 tunc
2189 4968 2331 5019 acci-

765 5053 862 5113 dit,
911 5050 1305 5103 mortalitatem.
1339 5050 1559 5105 Initium
1598 5070 1613 5106 :
1667 5053 1921 5124 Ἰωάννης
1956 5058 1983 5106 ὁ
2038 5060 2330 5127 ἠγαπημέ-

767 5158 877 5203 νος.

836 5231 1097 5286 XXXVII.
1132 5231 1236 5284 Τοῦ
1261 5232 1421 5285 αὐτοῦ
1455 5235 1640 5303 ὁμιλία
1666 5238 1743 5297 είς
1775 5237 1874 5306 τὴν
1906 5238 2191 5308 ἀποτομὴν
2222 5242 2315 5292 τοῦ

765 5326 947 5392 τιμίου
981 5325 1265 5393 προφήτου
1314 5325 1630 5395 Προδρὸμου
1664 5330 1755 5378 καὶ
1800 5328 2097 5396 βαπτιστοῦ
2145 5333 2327 5384 Ἰωάν-

767 5432 882 5467 νου.
916 5412 1149 5465 llomilia
1176 5416 1230 5465 in
1276 5415 1674 5468 decollationem
1737 5422 2014 5472 venerandi
2064 5428 2329 5489 propheta:

765 5506 1108 5573 ριωειινδονίε
1136 5516 1183 5558 et
1218 5505 1458 5572 baptista:
1485 5505 1732 5565 Joannis.
1781 5509 1905 5563 luit.
1948 5528 1961 5563 :
2000 5513 2059 5563 Ei
2099 5515 2277 5579 τίμιος
2304 5517 2329 5566 ὁ

767 5599 994 5656 θάνατος
1026 5598 1133 5649 τῶν
1160 5597 1342 5652 ὁσίων,

838 5687 1123 5743 XXXVIII.
1163 5690 1269 5742 T06
1307 5692 1472 5744 αὑτοῦ
1513 5694 1702 5762 ὁμιλία
1740 5697 1804 5763 τῇ
1836 5697 2329 5766 τεσαρεσκαιδεκά-

765 5799 834 5856 τη
860 5784 950 5838 τοῦ
988 5786 1267 5840 Ματθχίου
1302 5789 1551 5859 κυριακῇ
1590 5791 1667 5851 εἰς
1702 5791 1797 5860 τὴν
1858 5789 2170 5860 παραϐολὴν
2224 5792 2319 5859 τὴν

1970 385 2350 449 GREGORII
2400 382 2722 444 PALAMA‘.

3877 372 3980 435 Ῡθιί

2429 496 2699 549 καλοῦσαν
2735 495 2815 555 είς
2852 491 2977 553 τοὺς
3009 490 3222 560 γάμους
3245 490 3340 541 τοὺ
3373 488 3513 553 υἱοῦ,
3554 489 3610 542 ὲν
3703 489 3797 542 καὶ
3852 486 3981 556 πρινὶ

2419 588 2543 650 τοὺς
2573 588 2848 654 λέγονταςο
2908 584 3061 635 Διατί
3092 582 3406 634 ἐκάλεσενὸ
3457 580 3591 643 Θεὸς
3652 579 3811 642 είδὼς
3857 581 3985 638 τοὺς

2422 679 2743 748 μηδαμῶςῆ
2800 677 2875 746 μὴ
2908 683 2925 742 (
2960 674 3061 743 sic)
3087 673 3157 725 δι’
3194 672 3372 741 ἔργων
3411 670 3845 731 ὕπακούσοντας,
3895 678 3985 719 και

2415 771 2558 823 διατί
2597 770 2823 839 ἐποίησε
2883 767 3012 827 τοὺς
3063 763 3616 831 κολασθησομένουςς
3652 761 3881 814 llomilia
3934 763 3985 811 in

2416 864 2616 915 decima
2643 874 2833 930 quarta
2858 858 3095 913 Matthai
3120 854 3423 915 Dominica,
3458 856 3511 906 in
3537 853 3845 921 parabolam
3874 866 3989 902 evo-

2416 962 2619 1005 cantem
2648 951 2716 1002 ad
2773 950 2982 1012 nuptias
3046 944 3195 1007 Filii,
3234 944 3321 995 ubi
3368 954 3415 994 et
3472 948 3723 994 adversus
3777 956 3863 991 eos
3900 939 3987 1006 qui

2416 1046 2596 1096 dicunt
2632 1042 2833 1106 :Qnare
2856 1040 3054 1094 vocavit
3085 1038 3242 1100 Dens,
3267 1050 3384 1086 cum
3408 1034 3567 1102 probe
3588 1045 3759 1084 nosset
3793 1045 3879 1082 eos
3901 1030 3989 1097 qui

2417 1136 2721 1190 nullatenus
2744 1149 2833 1197 per
2850 1146 3008 1199 opera
3037 1127 3299 1181 oberlitnri
3318 1136 3488 1185 erant,
3525 1134 3575 1176 et
3607 1139 3701 1175 cur
3730 1124 3987 1189 supplicio

2416 1229 2603 1297 dignos
2628 1224 2837 1293 (fecit?
2866 1222 2988 1275 luit.
3019 1220 3166 1290 εΤῆς
3192 1220 3434 1288 σήμερον
3495 1214 3993 1283 ἀναγνωσθγσομέ-

2417 1334 2539 1385 νης.

2491 1404 2735 1461 XXXIX.
2767 1403 2871 1456 Τοῦ
2897 1401 3061 1455 αὐτοῦ
3093 1400 3283 1469 ὁμιλία
3312 1400 3393 1460 είς
3422 1398 3521 1465 τὴν
3563 1396 3834 1462 σωτήριον
3865 1395 3991 1460 γέν-

2416 1518 2481 1570 νη
2492 1519 2572 1552 σιν
2585 1500 2683 1567 τῆς
2698 1496 3119 1564 πανυπεράγνου
3138 1492 3431 1558 Δεσποίνης
3445 1489 3539 1541 καὶ
3551 1488 3894 1555 Θεομήτορος
3908 1485 3993 1536 ἀεὶ

2419 1592 2698 1659 Παρθένου
2748 1588 2989 1655 Μαρίας.
3022 1584 3254 1637 Ilomilia
3278 1583 3333 1634 in
3354 1581 3641 1633 salutarem
3662 1578 3993 1629 nativitatem

2416 1682 2727 1735 castissima:
2762 1678 2997 1729 Domina:
3019 1686 3066 1728 et
3116 1676 3207 1727 Dei
3235 1673 3424 1724 Matris
3488 1684 3689 1737 semper
3761 1665 3993 1735 Virginis

2422 1778 2630 1831 Maria}.
2664 1774 2880 1827 Initium
2917 1789 2930 1823 :
2973 1770 3088 1829 Πᾶς
3136 1767 3233 1836 μὲν
3260 1764 3450 1834 καιρὸς
3508 1761 3819 1829 ἐπιτήδειός
3852 1762 3993 1811 ἐστι.

2494 1869 2598 1922 XL.
2631 1864 2738 1917 T06
2764 1861 2930 1916 αὐτοῦ
2964 1858 3153 1929 ὁμιλία
3183 1859 3264 1919 είς
3292 1858 3353 1907 τὸ
3390 1854 3488 1917 τῆς
3512 1852 3991 1921 ἑπτακαιδεκάτης

2417 1962 2512 2017 τοῦ
2544 1957 2826 2013 Ματθαίου
2865 1952 3199 2020 Εὐαγγέλιον
3225 1950 3287 2002 τὸ
3348 1948 3479 2016 περὶ
3508 1947 3607 2015 τῆς
3659 1944 3993 2007 Χαναναίας,

2421 2056 2477 2104 ὲν
2563 2051 2657 2104 καὶ
2698 2049 2826 2117 περὶ
2861 2045 2956 2115 τῆς
2991 2042 3087 2095 τοῦ
3121 2040 3411 2109 ἀνθρώπου
3440 2038 3724 2097 εὐτελείας
3769 2037 3862 2087 καὶ
3887 2035 3988 2101 τῆς

2422 2142 2714 2210 ὲπαινετῆς
2741 2136 3144 2195 ταπεινώσεως.
3176 2132 3413 2186 Iiomilia
3435 2134 3489 2184 in
3514 2129 3762 2184 Mattlta'i
3814 2127 3993 2179 Evan-

2421 2236 2611 2308 gelium
2646 2234 2857 2285 decima:
2882 2239 2931 2281 et
2966 2227 3199 2292 septima:
3258 2224 3547 2275 Dominica:
3577 2222 3641 2273 de
3662 2218 3990 2278 Chanamea,

2421 2330 2475 2381 in
2506 2342 2611 2396 qua
2641 2325 2704 2376 de
2759 2320 2985 2373 hominis
3031 2317 3256 2376 vilitate,
3285 2323 3332 2366 et
3373 2314 3435 2365 de
3468 2310 3731 2363 laudabili
3781 2308 3995 2359 humili-

2424 2429 2548 2472 tate.
2593 2416 2715 2470 luit.
2754 2432 2768 2467 :
2796 2415 2918 2464 Ὅτι
2946 2410 3148 2479 Κύριος
3181 2406 3552 2476 ὑπερηφάνοις
3580 2402 3991 2457 ἀντιτάσσεται.

2494 2507 2630 2560 XLI.
2668 2505 2771 2558 Τοῦ
2797 2501 2964 2555 αὐτοῦ
2996 2498 3185 2569 ὁμιλία
3217 2499 3298 2560 εἰς
3322 2498 3410 2549 τὸν
3458 2495 3615 2563 ἅγιον
3682 2492 3993 2548 ἀπόστολον

2424 2604 2517 2656 καὶ
2549 2598 2936 2667 εὐαγγελιστὴν
2975 2597 3066 2647 καὶ
3094 2593 3172 2663 τῷ
3213 2591 3439 2661 Χριστῷ
3470 2590 3670 2659 ὲξὸχως
3694 2588 3993 2656 ἠγαπημὲ-

2425 2712 2514 2746 νον
2554 2694 2808 2759 Ἰωάννην
2833 2690 2923 2741 τὸν
2954 2686 3238 2753 Θεολὸγον,
3260 2686 3319 2736 ὲν
3404 2683 3645 2751 καὶπερὶ
3665 2682 3763 2751 τῆς
3791 2683 3873 2743 είς
3900 2681 3995 2732 τὸν

2425 2788 2555 2838 θεὸν
2586 2786 2679 2838 καὶ
2707 2784 2798 2835 τὸν
2834 2780 3065 2850 πλησίον
3091 2777 3335 2847 ἀγάπης.
3379 2775 3617 2829 Ilomilia
3645 2775 3698 2826 in
3749 2783 3995 2826 sanctum

2425 2879 2716 2939 apostolum
2750 2885 2797 2928 et
2832 2871 3230 2941 evangelistam,
3279 2880 3435 2938 atque
3467 2884 3498 2921 a
3545 2866 3753 2920 Christo
3800 2866 3995 2918 eximie

2424 2967 2673 3019 dilectum
2702 2962 2962 3017 Joannem
2989 2962 3340 3031 Theologum;
3373 2961 3429 3012 in
3466 2975 3571 3027 qua
3606 2957 3671 3009 de
3724 2957 3995 3010 charitate

2423 3071 2547 3124 erga
2590 3053 2755 3107 Deum
2804 3061 2853 3105 et
2889 3052 3210 3120 proximum.
3243 3048 3369 3102 luit.
3404 3065 3419 3101 :
3492 3046 3721 3113 Ἐορτὴν
3782 3046 3994 3114 ἄγομεν

2427 3149 2688 3217 σήμερον.

2497 3236 2653 3290 XLII.
2686 3235 2792 3289 T06
2823 3234 2989 3287 αὐτοῦ
3022 3233 3210 3301 ὁμιλία
3245 3233 3325 3292 είς
3355 3232 3417 3283 τὸ
3440 3230 3539 3299 τῆς
3586 3231 3854 3300 δευτέρας
3883 3232 3997 3281 Κυ-

2428 3334 2626 3400 ριακῆς
2664 3328 2759 3381 τοῦ
2793 3329 2977 3382 Λουκᾶ
3027 3325 3363 3393 Εὑαγγέλιον
3387 3326 3445 3376 τὸ
3464 3323 3644 3391 λέγονο
3686 3324 3773 3384 Ὠς
3808 3323 3875 3375 ἂν
3902 3323 3993 3374 θέ-

2424 3424 2544 3475 λετε
2574 3423 2662 3473 ἵνα
2700 3420 2926 3473 ποιῶσιν
2950 3420 3079 3487 ὑμῖν
3132 3419 3179 3470 οί
3227 3416 3529 3486 ἄνθρωποι,
3567 3418 3658 3468 καὶ
3693 3417 3847 3484 ὑμεῖς
3874 3432 3996 3467 ποι-

2426 3520 2533 3569 εἴτε
2562 3515 2744 3574 αὐτοῖς
2789 3512 3014 3581 ὁμοίως.
3068 3503 3219 3579 Ἐνῇ
3285 3508 3382 3561 καὶ
3430 3508 3571 3558 κατὰ
3638 3504 3991 3568 τοκιζὸντων.

2429 3606 2667 3660 llomilia
2691 3606 2741 3655 in
2770 3602 3111 3670 Eaangelium
3141 3597 3297 3651 Lucae
3324 3600 3377 3650 in
3411 3597 3639 3650 secunda
3692 3597 3991 3659 ﬂaminica,

2426 3696 2512 3751 ubi
2549 3698 2782 3748 dicitur:
2831 3711 2847 3743 ι
2882 3690 3154 3756 Quomodo
3186 3689 3340 3743 vultis
3381 3698 3437 3741 ut
3477 3689 3683 3757 faciant
3726 3687 3869 3739 vobis
3892 3688 3993 3738 ho-

2428 3791 2613 3853 mines,
2637 3796 2684 3840 et
2706 3802 2794 3839 ros
2819 3786 2976 3850 facite
2999 3783 3105 3834 illis
3135 3781 3405 3834 similiter.
3432 3799 3451 3832 ι
3493 3778 3555 3831 In
3574 3782 3671 3833 hac
3720 3780 3881 3831 etiam
3920 3787 3995 3830 est

2428 3879 2644 3934 invectio
2672 3879 2725 3929 in
2752 3878 3093 3943 feneratores.
3130 3872 3253 3926 luit.
3298 3888 3312 3925 :
3343 3872 3401 3924 '0
3428 3870 3636 3933 πλάσας
3668 3872 3991 3940 καταμόνας

2427 3974 2524 4035 τὰς
2557 3970 2782 4039 καρδίας
2809 3969 2840 4037 η
2849 3968 2985 4036 μῶν.

2502 4063 2684 4120 XLIII.
2708 4060 2814 4115 T06
2838 4059 3004 4113 αὑτοῦ
3034 4058 3227 4127 ὁμιλία
3247 4058 3327 4119 είς
3355 4058 3414 4111 τὸ
3447 4059 3543 4128 τῆς
3567 4058 3755 4127 τρίτης
3781 4058 3995 4127 Κυρια-

2428 4158 2531 4227 κῆς
2569 4156 2663 4209 τοῦ
2698 4154 2891 4208 Λουκᾰ
2920 4150 3271 4217 Εὑαγγέλιον,
3307 4149 3563 4203 ὑπόθεσιν
3592 4149 3715 4219 ἔχον
3742 4150 3833 4202 τὸν
3890 4150 3997 4203 ὑπὸ

2429 4247 2519 4301 τοῦ
2547 4244 2750 4313 Κυρίου
2774 4242 3073 4313 ἐγερθέντα
3119 4243 3218 4309 τῆς
3250 4241 3425 4310 χήρας
3480 4240 3666 4291 παῖδα·
3699 4242 3756 4293 ἐν
3902 4242 3998 4293 καὶ

2430 4339 2557 4407 περὶ
2612 4334 2705 4387 τοῦ
2760 4333 3243 4401 συγγνωμονικοὺς
3309 4332 3460 4401 ἡμᾶς
3523 4333 3618 4383 καὶ
3684 4333 3997 4402 συμπαθεῖς

2428 4431 2564 4499 πρὸς
2602 4425 2861 4494 ἀλλήλους
2887 4422 3307 4477 είναι.Ηοηιίίὶιι
3353 4424 3407 4475 in
3443 4421 3787 4492 Evangelium
3843 4423 3998 4479 Luca!

2432 4522 2600 4575 tertia:
2625 4516 2939 4578 Dominica',
2968 4523 3333 4584 argumentum
3361 4512 3552 4565 habens
3581 4528 3800 4580 puerum
3829 4517 4002 4570 viduae

2431 4632 2463 4666 a
2484 4610 2705 4665 Domino
2764 4607 3079 4662 suscitatam
3098 4622 3120 4669 ;
3137 4604 3455 4657 ubidocetur
3476 4619 3569 4656 nos
3594 4604 3663 4656 ad
3688 4607 4003 4660 condonan—

2428 4705 2551 4755 dum
2570 4712 2616 4755 et
2637 4699 2988 4754 miserandum
3008 4713 3197 4765 pronos
3222 4712 3333 4750 esse
3352 4697 3554 4749 debere.
3586 4691 3709 4749 luit.
3744 4710 3760 4748 :
3792 4697 3868 4749 Τὸ
3894 4699 4004 4751 θεῖ-

2426 4814 2484 4847 ον
2511 4796 2602 4846 καὶ
2623 4791 2968 4858 κοινωφελές.

2498 4882 2677 4936 XLIV.
2712 4880 2819 4933 T06
2851 4879 3017 4933 αὑτοῦ
3050 4878 3240 4948 ὁμιλία
3261 4878 3343 4940 είς
3364 4878 3425 4930 τὸ
3447 4880 3547 4948 τῆς
3585 4878 3856 4951 τετάρτης
3888 4880 4002 4931 Κυ-

2431 4978 2625 5046 ριακῆς
2648 4972 2742 5026 τοῦ
2772 4972 2956 5025 Λουκᾶ
2987 4970 3322 5038 Εὐαγγέλιον
3350 4970 3411 5022 τὸ
3478 4971 3660 5038 λέγον·
3699 4989 3718 5021 s
3744 4972 4003 5039 Ἐξῆλθεν

2424 5071 2453 5117 ὁ
2489 5066 2723 5133 σπείρων
2754 5062 2848 5115 τοῦ
2872 5064 3090 5131 σπεῖραι
3111 5061 3202 5112 τὸν
3229 5059 3432 5129 σπόρον
3466 5060 3657 5122 αὐτοῦ.
3704 5080 3725 5113 s
3763 5063 3822 5114 ὲν
3907 5064 4001 5115 καὶ

2430 5159 2560 5226 περὶ
2584 5160 2677 5224 τῆς
2701 5154 3059 5222 ὀφειλομένης
3085 5152 3191 5221 πρὸ
3210 5151 3306 5204 τοῦ
3349 5153 3558 5223 σπόρου
3617 5154 3812 5207 τούτου
3870 5156 4000 5225 παρ’

2428 5249 2584 5318 ἡμῶν
2600 5246 2870 5299 τελεῖσθαι
2910 5244 3283 5313 καλλιεργίας.
3316 5244 3550 5296 llomilia
3572 5246 3620 5297 in
3649 5244 3995 5315 Evangelium

2427 5340 2579 5394 Luca:
2618 5338 2902 5391 Dominica:
2947 5348 3179 5405 quartw,
3239 5337 3327 5388 ubi
3370 5338 3569 5389 dicitur
3596 5354 3614 5390 :
3642 5356 3661 5388 ι
3695 5340 3843 5392 Exiit
3907 5341 3996 5406 qui

2426 5430 2671 5492 seminat,
2723 5429 2982 5479 seminare
3030 5442 3201 5478 semen
3251 5442 3427 5481 suum.
3466 5446 3484 5477 ι
3540 5426 3605 5480 In
3674 5445 3779 5496 qua
3834 5433 3995 5484 etiam

2427 5522 2601 5589 agitur
2631 5522 2693 5570 de
2724 5520 2872 5568 bonis
2901 5516 3165 5583 operibus,
3192 5533 3307 5585 qua’
3330 5528 3610 5586 antequam
3632 5534 3807 5572 semen
3840 5537 3994 5589 spar-

2428 5619 2603 5676 gatur,
2652 5608 2906 5673 complere
2936 5607 3204 5659 debemus.
3252 5608 3377 5661 luit.
3417 5626 3430 5662 :
3465 5609 3526 5660 '0
3564 5608 3767 5680 Κύριος
3828 5612 3990 5681 ἡμῶν

2441 5700 2644 5759 Ἰησοῦς
2674 5698 2929 5768 Χριστός.

2505 5791 2660 5843 XLV.
2696 5790 2801 5844 ἰὀῦ
2832 5789 2999 5842 αὐτοῦ
3032 5790 3216 5859 ὁμιλία
3236 5791 3312 5852 εἰς
3346 5791 3405 5847 τ’)
3426 5791 3525 5855 τῆς
3561 5792 3818 5863 πέμπτης
3877 5799 3992 5851 κυη.
