4274 6452
306 379 413 443 805

304 489 499 561 ριακῆς
542 486 632 540 τοῦ
664 489 844 541 Λουκί
892 486 1220 553 Εὐαγγέλιον
1281 487 1454 554 λέγον·
1501 508 1516 538 ι
1544 487 1858 556 Ἀνθρωπος

297 599 383 644 τις
413 577 479 651 ἧν
528 580 783 641 πλούσιος
846 580 939 630 καὶ
988 578 1361 631 ἐνεδιδύσκετο
1420 579 1705 648 πορφύραν
1774 579 1867 629 καὶ

299 674 524 742 βύσσον·
568 693 583 721 ι
630 667 737 741 ὲνῇ
777 672 871 723 καὶ
904 672 1029 737 περὶ
1060 671 1329 722 πλουσίων
1354 688 1408 723 τε
1450 676 1541 721 καὶ
1594 672 1863 736 πενήτων,

293 766 380 827 τίς
412 768 437 816 ὁ
463 763 787 831 σωζόμενος.
810 760 1041 813 llomilia
1058 764 1109 813 in
1137 761 1475 829 Evangelium
1497 760 1651 813 Luca:
1674 761 1870 829 quinte

299 856 611 915 Dominicte,
639 855 725 905 ubi
756 855 952 905 dicitur
999 869 1011 902 :
1048 851 1251 905 illomo
1296 853 1511 920 quidam
1565 861 1679 905 erat
1730 851 1866 903 dives

294 958 345 1001 et
374 947 690 999 induebatur
717 960 951 1012 purpura
971 952 1016 995 et
1045 943 1194 1011 bysso
1225 959 1241 995 :
1273 962 1288 993 ι
1324 944 1375 994 in
1405 960 1507 1012 qua
1543 943 1604 995 tle
1624 942 1867 993 divitibus

295 1048 345 1092 et
378 1037 718 1106 pauperibus,
748 1036 861 1103 quis
895 1034 1068 1086 salvus
1105 1034 1221 1100 ﬁat.
1247 1033 1367 1086 luit.
1404 1051 1415 1085 :
1450 1035 1570 1084 Τὼν
1597 1032 1734 1084 κατὰ
1766 1032 1869 1082 σῶο

302 1147 380 1197 μα
413 1127 636 1195 χρειῶν,

374 1217 563 1271 XLVI.
600 1215 707 1267 T05
740 1215 904 1265 αὑτοῦ
935 1214 1141 1281 ὁμιλία,
1168 1215 1245 1273 είς
1280 1212 1367 1263 τὸν
1396 1214 1451 1263 ὲν
1485 1212 1657 1277 ἁγίοις
1692 1229 1864 1278 μεγα-

295 1312 621 1379 λομάρτνρα
645 1311 737 1360 καὶ
770 1306 1189 1375 θαυματουργὸν
1225 1307 1318 1355 καὶ
1381 1304 1729 1371 μυροὸλύτην
1770 1307 1873 1370 Δη-

300 1412 556 1471 μήτριον.
602 1400 843 1453 llomilia
910 1400 962 1450 in
990 1397 1045 1450 S.
1097 1413 1344 1465 magnum
1381 1407 1663 1464 martyrem
1707 1397 1871 1447 mira-

296 1498 541 1548 culorum
620 1502 968 1561 patratorem,
1050 1499 1098 1542 et
1158 1499 1420 1557 unguenta
1517 1488 1871 1556 eﬂ'undentent

296 1588 627 1640 Demetrium
681 1583 801 1637 Inil.
836 1601 850 1637 :
896 1582 1047 1652 Ἐμοὶ
1073 1581 1127 1634 δὲ
1168 1580 1289 1632 λίαν
1319 1580 1656 1649 ἐτιμήθησαν
1687 1581 1735 1631 nl
1791 1578 1871 1646 φί-

294 1682 377 1734 λοι
407 1699 521 1740 σου⁹
548 1682 573 1730 ὁ
610 1678 766 1739 θεός.

372 1771 581 1823 XLVII.
623 1768 728 1820 T05
772 1768 937 1819 αὑτοῦ
966 1766 1153 1836 ὁμιλία
1195 1766 1272 1827 είς
1300 1766 1359 1815 τὸ
1414 1764 1511 1831 τῆς
1564 1763 1731 1830 ἕκτης
1776 1764 1870 1815 τοῦ

294 1867 485 1919 Λουκᾶ
520 1861 805 1930 Κυριακῆς
840 1860 1176 1925 Εὐαγγέλιον
1211 1858 1270 1909 τὸ
1295 1857 1453 1923 λέγον
1480 1873 1493 1886 ·
1527 1876 1544 1907 ι
1570 1856 1872 1917 Ίέξελθόντι

294 1958 374 2025 τῷ
419 1954 598 2023 Ἰησοῦ
633 1955 711 2015 είς
735 1954 835 2021 τὴν
885 1952 990 2019 γῆν
1012 1951 1321 2019 ὑπήντησεν
1342 1946 1488 2015 αὐτῷ
1516 1948 1653 2015 ἀνὴρ
1684 1948 1745 1997 ὲκ
1773 1945 1873 2011 τῆς

293 2050 530 2111 πόλεως,
571 2046 629 2106 ὃς
688 2039 801 2112 εἶχε
861 2042 1116 2110 δαιμόνια
1188 2041 1249 2090 ὲκ
1311 2040 1517 2108 χρόνων
1578 2040 1798 2091 ἱκανῶν.
1848 2056 1865 2087 ι

298 2139 542 2194 llomilia
599 2138 651 2188 in
724 2132 1050 2201 evangelium
1118 2130 1274 2183 Luca:
1344 2140 1505 2183 sexttv
1558 2128 1869 2191 Dominira',

293 2234 448 2301 cujus
468 2230 618 2283 verba
644 2237 764 2281 sunt
802 2243 817 2279 :
853 2247 868 2275 ι
901 2224 1199 2292 Egredienti
1230 2221 1358 2275 Jesu
1390 2224 1441 2274 in
1474 2231 1667 2273 terram
1690 2238 1873 2273 occur-

293 2329 364 2378 rit
388 2329 460 2377 vir
520 2324 583 2375 de
622 2322 851 2379 Civitate,
887 2319 976 2385 qui
1010 2315 1231 2368 habebat
1286 2314 1546 2366 da'monia
1575 2332 1604 2365 a
1628 2315 1874 2382 tempori-

296 2420 392 2469 bns
428 2414 629 2466 multis.
665 2431 681 2463 ι
722 2412 848 2464 luit.
883 2410 940 2460 Ὀ
965 2408 1040 2459 ὢν
1071 2409 1133 2459 ὲκ
1162 2405 1251 2459 τοῦ
1278 2404 1412 2457 Θεοῦ
1439 2408 1505 2457 τὰ
1535 2405 1749 2475 ῥήματα
1780 2404 1871 2457 τοῦ

295 2509 434 2562 Θεοῦ
468 2506 677 2558 ἀκούει.

374 2592 608 2646 XLVIII.
640 2589 746 2644 T05
776 2590 941 2643 αὐτοῦ
997 2590 1203 2659 ὁμιλία,
1240 2591 1322 2642 ὅτι
1356 2591 1389 2656 ἡ
1441 2590 1575 2657 πρὶς
1608 2588 1695 2639 τὸν
1742 2588 1874 2639 Θεὶν

300 2685 538 2753 συνεχὴς
589 2683 677 2735 διὰ
741 2680 1054 2750 προσευχῆς
1110 2682 1203 2733 καὶ
1262 2678 1579 2748 ψαλμῳδίας
1642 2677 1875 2739 ἔντευξις

298 2778 432 2845 ἕδρα
460 2778 577 2827 ἐστὶ
605 2775 696 2827 καὶ
725 2774 997 2840 ἀσφάλεια
1024 2772 1228 2830 παντὸς
1256 2769 1447 2832 καλοῦ,
1486 2772 1580 2821 καὶ
1638 2771 1872 2838 ἀποτρο-

300 2872 377 2935 πὴ
408 2870 502 2919 καὶ
534 2866 803 2935 λύτρωσις
840 2864 1019 2932 πάσης
1082 2862 1282 2924 κακίας
1315 2879 1373 2913 τε
1398 2864 1488 2913 καὶ
1536 2861 1871 2929 δυσχερείας.

304 2958 570 3019 llomilia,
631 2957 769 3027 quod
820 2956 1062 3023 frequens
1117 2970 1230 3005 cum
1279 2952 1384 3005 Deo
1425 2953 1737 3021 colloquium
1786 2970 1876 3019 per

292 3051 595 3103 orationem
628 3058 675 3102 et
709 3046 1088 3115 psalmodiam,
1119 3046 1185 3096 sit
1211 3044 1603 3109 ﬁrmamentum
1648 3055 1696 3096 et
1732 3056 1873 3097 tuta-

300 3160 417 3196 men
457 3142 627 3194 omnis
662 3141 803 3202 boni,
842 3148 889 3191 et
941 3138 1149 3191 aversio
1182 3148 1338 3205 atque
1365 3139 1603 3190 liberatio
1637 3138 1699 3189 ab
1733 3138 1873 3190 omni

289 3236 442 3287 malo
475 3244 523 3286 et
548 3234 863 3300 infortunio.
899 3230 1027 3284 lnit.
1065 3248 1080 3286 :
1130 3230 1253 3283 Ἐπὶ
1284 3228 1410 3282 νοῦν
1437 3228 1616 3281 λαϐὼν
1641 3232 1668 3282 ὁ
1710 3230 1874 3283 Δαϐὶδ

300 3329 397 3379 καὶ
415 3326 905 3393 ἀναλογισάμενος.

378 3420 565 3474 XLIX.
592 3419 699 3473 T05
730 3417 897 3471 αὐτοῦ
915 3416 1099 3487 ὁμιλία
1130 3417 1207 3479 είς
1256 3417 1354 3487 τὴν
1390 3417 1525 3485 πρ³,ς
1586 3417 1654 3469 τὰ
1706 3417 1875 3482 Ἀγια

296 3516 409 3568 τῶν
434 3514 605 3580 ἁγίων
647 3510 873 3573 είσοδον,
916 3511 1008 3561 καὶ
1043 3510 1132 3562 τὸν
1160 3510 1216 3560 ὲν
1259 3510 1443 3571 αὐτοῖς
1496 3508 1705 3577 θεοειδῆ
1760 3509 1876 3577 βίον

295 3606 400 3674 τῆς
435 3601 857 3670 πανυπεραγνου
902 3599 1203 3666 Δεσποίνης
1246 3598 1403 3666 ἡμῶν
1456 3598 1724 3650 Θεοτόκου
1786 3600 1876 3649 καὶ

300 3698 395 3748 ἀεὶ
422 3693 699 3761 Παρθένου
716 3690 952 3760 Μαρίας.
981 3688 1211 3741 llomilia
1242 3690 1293 3740 in
1319 3688 1609 3757 ingressum
1638 3692 1689 3741 in
1714 3688 1879 3743 Sanc-

299 3797 358 3840 ta
386 3796 638 3838 sanctoru
651 3802 722 3848 m,
746 3793 793 3835 et
819 3783 948 3835 inibi
973 3783 1078 3833 vita
1101 3785 1277 3833 divina
1306 3783 1617 3836 castissima:
1644 3782 1878 3835 Domina

294 3876 744 3943 nostereipara:
772 3892 833 3926 ac
865 3890 1065 3941 semper
1096 3872 1315 3943 Virginis
1347 3876 1553 3928 Mariae.
1587 3873 1709 3927 luit.
1742 3888 1757 3927 :
1796 3876 1878 3927 Ἐ-

294 3971 365 4021 πὶ
388 3969 499 4017 τῶν
536 3964 825 4033 μειζόνων.

374 4055 440 4108 L.
469 4055 577 4106 Ὶόῦ
605 4053 770 4105 αὐτοῦ
804 4052 989 4121 ὁμιλία
1010 4051 1386 4119 ἐκφωνηθεῑσα
1416 4052 1555 4105 κατὰ
1579 4053 1677 4122 τὴν
1705 4054 1878 4120 αὐτὴν

293 4150 379 4209 εἰς
407 4150 476 4195 τὰ
532 4145 703 4211 Ἀγια
734 4144 843 4195 τῶν
880 4144 1052 4208 ἁγίων
1084 4142 1285 4193 εἴσοδον
1324 4143 1514 4211 ἑορτὴν
1560 4144 1877 4212 πανυπερά·

294 4254 432 4305 γνου
462 4235 761 4302 Δεσποίνης
787 4233 943 4302 ἡμῶν
964 4233 1251 4285 Θεοτόκου.
1286 4232 1525 4285 llomilia
1580 4235 1760 4287 habita
1820 4237 1877 4288 in

291 4333 483 4388 eadem
521 4330 853 4383 solemnitate
898 4315 1157 4395 ingresst
1204 4331 1256 4379 in
1316 4325 1514 4379 Sancta
1576 4341 1876 4383 sanctorum

296 4422 627 4476 castissima
670 4420 911 4473 Dominte
943 4429 1142 4472 nostra
1168 4419 1428 4485 Deiparaz.
1483 4418 1607 4472 luit.
1646 4437 1659 4473 :
1721 4420 1784 4473 EI
1815 4424 1878 4473 ἐκ

292 4517 395 4567 τοῦ
432 4512 649 4583 καρποῦ
682 4514 743 4563 τὸ
768 4511 982 4579 δένδρον
1007 4511 1359 4578 γινώσκεται.

373 4605 463 4659 LI.
489 4603 597 4655 Τοῦ
627 4600 794 4653 αὑτοῦ
820 4601 1026 4669 ὁμιλία,
1062 4602 1142 4653 ὅτι
1177 4604 1315 4669 μετὰ
1364 4601 1463 4670 τὴν
1515 4601 1607 4653 τοῦ
1668 4602 1873 4672 Κυρίου

296 4695 615 4764 παρουσίαν
638 4695 731 4745 καὶ
773 4694 881 4754 τοῖς
913 4728 931 4745 .
1016 4730 1032 4745 .
1110 4729 1125 4745 .
1206 4730 1220 4744 .
1267 4693 1470 4761 μείζων
1520 4695 1747 4763 ἀμοιϐὴ,
1781 4699 1875 4747 καὶ

292 4793 411 4851 τοῖς
431 4785 725 4839 ἀπειθοῦσι
755 4784 955 4835 πλείων
979 4786 1011 4852 ἠ
1040 4783 1282 4846 κόλασις,
1312 4790 1405 4836 καὶ
1430 4785 1559 4851 περὶ
1596 4786 1874 4854 διαφόρων

299 4880 496 4932 παθῶν
527 4877 622 4929 καὶ
649 4875 884 4945 ἀρετῶν.
936 4874 1284 4944 Ἐξεφωνήθη
1316 4875 1455 4929 κατὰ
1477 4874 1712 4946 δεκάτην
1770 4877 1872 4928 τοῦ

292 4973 485 5026 Λουκᾶ
517 4967 827 5038 Κυριακὴν,
854 4966 975 5035 ἥτις
1024 4967 1140 5016 ἐστὶ
1166 4966 1267 5032 τῆς
1323 4966 1433 5018 τῶν
1490 4968 1871 5037 προπατόρων.

300 5063 575 5121 llomilia,
603 5058 742 5127 quod
764 5066 878 5125 post
913 5056 1120 5108 Domini
1169 5061 1446 5108 adventum
1476 5067 1521 5108 et
1550 5058 1873 5109 credentibus

291 5156 472 5224 major
505 5151 807 5209 retributio,
838 5158 1015 5200 etnon
1068 5147 1467 5215 obsequentibus
1516 5149 1693 5216 majus
1748 5165 1874 5216 sup-

289 5247 515 5315 plicium
541 5253 790 5311 paretur;
826 5256 887 5291 ac
932 5241 997 5291 de
1042 5240 1262 5292 diversis
1290 5241 1428 5293 vitiis
1469 5242 1870 5308 virtutibusque.

296 5337 502 5389 Habita
524 5344 598 5387 est
629 5334 833 5385 decima
854 5329 1008 5381 Luete
1026 5328 1321 5393 Dominica,
1347 5347 1462 5397 qua:
1484 5342 1559 5382 est
1584 5332 1872 5398 primorum

290 5430 549 5485 Patrum.
585 5425 704 5477 luit.
733 5444 746 5478 :
795 5424 1090 5491 Ἐκήρυττε
1124 5424 1223 5490 μὲν
1249 5425 1341 5476 καὶ
1369 5425 1395 5475 ὁ
1423 5424 1652 5481 παλαιὸς
1687 5423 1869 5488 νόμος.

365 5519 478 5571 LII.
514 5517 620 5568 Τοῦ
656 5514 819 5567 αὑτοῦ
852 5514 1061 5582 ὁμιλία,
1093 5514 1471 5580 ἐκφωνηθείσα
1503 5518 1566 5582 τῇ
1619 5516 1868 5584 κυριακῇ

286 5610 399 5662 τῶν
429 5608 819 5677 προπατόρων,
851 5609 907 5658 ὲν
994 5608 1085 5657 καὶ
1107 5608 1239 5673 πρὸς
1270 5605 1393 5666 τοὺς
1441 5605 1698 5673 ῥᾳθύμως
1728 5605 1871 5673 ἔχον-

285 5719 388 5763 τας
425 5701 506 5762 είς
540 5699 639 5767 τὴν
664 5698 932 5767 ἀκρόασιν
966 5700 1065 5767 τῆς
1104 5697 1451 5757 διδασκαλίας
1518 5698 1605 5747 δια
1632 5697 1727 5763 τὴν
1778 5696 1870 5747 τοῦ

286 5790 488 5862 καιροῦ
509 5790 828 5859 δυσχέρειαν
848 5789 937 5841 καὶ
962 5786 1066 5839 τῶν
1095 5786 1415 5858 σωματικῶν
1434 5787 1626 5855 χρειῶν
1645 5788 1866 5839 ἔνδειαν.

1118 377 1433 439 OPERUM
1479 377 1960 438 ARGUMENTA
2004 377 2100 434 ΕΧ
2144 376 2356 437 CODD.
2385 375 2711 435 COISIJN.

3429 385 3533 448 806

1991 482 2224 536 llomilia
2257 486 2431 537 Ital-ita
2466 486 2739 538 Dominica
2762 484 3050 553 primorum
3082 484 3321 552 Patrum,
3349 493 3399 543 in
3427 510 3530 561 qua

1979 576 2222 627 adversus
2241 592 2328 628 eos
2352 576 2527 641 agitur
2544 578 2634 644 qui
2662 576 2884 642 segniter
2912 592 2965 627 se
2989 577 3172 627 habent
3198 582 3248 629 in
3273 585 3533 636 audienda

1978 667 2238 729 doctrina,
2274 676 2381 717 tum
2416 669 2475 716 oh
2509 668 2863 732 diﬁicu/tatem
2884 670 3129 735 temporis
3155 686 3241 721 seu
3261 673 3538 725 calamito—

1979 770 2097 819 tem,
2164 760 2351 811 tumob
2418 760 2690 825 penuriam
2740 760 3089 819 corporalium
3142 766 3533 821 necessitatum.

1981 849 2102 901 luit.
2128 848 2260 900 :To5
2282 848 2599 916 μονογενοῦς
2642 850 2769 901 Υίοῦ
2827 849 2920 901 τοῦ
2941 851 3093 903 Θεοῦ,
3120 850 3239 906 Ηιυο
3259 870 3448 921 magna
3472 873 3537 910 ex

1981 952 2130 1009 parte
2151 943 2336 993 mutila
2367 951 2469 995 est.

2052 1033 2185 1085 LIII.
2219 1035 2323 1085 T05
2349 1034 2512 1087 αὑτοῦ
2550 1036 2735 1103 ὁμιλία
2758 1038 2884 1104 περὶ
2916 1038 3023 1087 τῶν
3062 1038 3230 1103 ἁγίων
3286 1043 3377 1091 καὶ
3416 1060 3539 1110 φρι-

1981 1126 2122 1175 κτῶν
2143 1125 2235 1176 τοῦ
2265 1127 2497 1193 Χριστοῦ
2524 1129 2859 1195 μυστηρίων,
2896 1130 3271 1197 ἐκφωνηθεῐσα
3299 1134 3394 1197 πρὸ
3418 1151 3539 1187 τετ-

1978 1218 2159 1284 τάρων
2194 1218 2415 1285 ἡμερῶν
2448 1219 2543 1284 τῆς
2588 1219 2679 1269 τοῦ
2718 1218 2953 1285 Χριστοῦ
2984 1222 3317 1289 γενιήσεως.
3352 1222 3539 1277 llomi-

1980 1311 2052 1360 lia
2079 1311 2138 1361 tle
2170 1311 2368 1361 sanctis
2393 1320 2438 1361 et
2457 1312 2726 1363 horrendis
2769 1311 2967 1363 Christi
3010 1314 3289 1379 mysteriis.
3355 1317 3538 1370 habita

1976 1415 2205 1469 quatuor
2238 1406 2415 1455 diebus
2441 1414 2563 1455 ante
2594 1404 2790 1456 (Ilii-isti
2820 1413 3015 1459 ortum.
3065 1405 3186 1459 luit.
3220 1424 3231 1458 :
3282 1406 3342 1457 Ὀ
3382 1408 3539 1475 λόγος

1979 1499 2006 1547 ὁ
2036 1496 2301 1547 συντελῶν
2338 1496 2474 1563 πρὸς
2499 1496 2793 1565 σωτηρίαν.
2832 1496 2919 1549 Bis
2966 1497 3238 1565 descripta
3302 1503 3544 1554 occmrit

1982 1605 2130 1640 nunt.
2170 1589 2235 1640 53
2264 1599 2316 1640 et
2346 1588 2433 1640 οι.

2050 1678 2179 1731 LIV.
2228 1678 2332 1729 T05
2383 1679 2547 1729 αὐτοῦ
2585 1678 2770 1747 ὁμιλία
2829 1680 2894 1748 τῇ
2962 1679 3215 1748 κυριακῇ
3275 1683 3379 1749 πρὸ
3443 1682 3542 1749 τῆς

1981 1771 2218 1840 Χριστοῦ
2254 1771 2559 1837 γεννήσεως
2600 1770 2703 1820 τῶν
2734 1770 2904 1834 ἁγίων
2970 1771 3225 1839 Πατέρων
3276 1774 3401 1840 περὶ
3443 1773 3543 1841 τῆς

1981 1863 2121 1913 κατά
2152 1863 2329 1930 σάρκα
2356 1860 2709 1927 γενεαλογίας
2736 1861 2828 1911 τοῦ
2862 1862 3061 1929 Κυρίου
3091 1864 3181 1911 καὶ
3220 1864 3352 1914 Θεοῦ
3387 1864 3544 1932 ἡμῶν

1993 1954 2164 2023 Ἰησοῦ
2203 1952 2462 2021 Χριστοῦ,
2501 1954 2592 2003 καὶ
2626 1956 2728 2018 τῆς
2758 1952 2921 2004 αὑτὸν
2969 1955 3023 2003 ὲν
3053 1954 3321 2024 παρθενίᾳ
3352 1958 3542 2006 τεκού-

1982 2062 2079 2112 σης
2115 2046 2201 2096 ἀεὶ
2236 2045 2502 2111 παρθένου
2534 2044 2818 2095 Θεοτόκου.
2874 2044 3104 2096 llomilia
3147 2048 3199 2097 in
3268 2046 3542 2099 Dominica

1997 2149 2116 2191 ante
2150 2136 2348 2190 Christi
2394 2137 2719 2187 nativitatem
2748 2152 2810 2187 ex
2838 2134 2935 2188 SS.
2991 2138 3242 2188 Patribus
3270 2138 3330 2188 de
3358 2154 3544 2203 aenea-

1978 2230 2117 2297 logia
2154 2229 2434 2281 secundum
2464 2243 2671 2278 carnem
2704 2226 2936 2289 Domini,
2992 2238 3040 2279 et
3089 2227 3177 2279 Dei
3202 2229 3367 2278 nostri
3415 2232 3544 2281 Iesu

1980 2322 2198 2379 Christi,
2234 2338 2427 2373 necnon
2458 2318 2567 2386 ejus
2598 2320 2685 2386 qui
2721 2322 2889 2385 ipsum
2928 2321 2979 2370 in
3014 2318 3313 2386 virginitate
3347 2324 3543 2387 genuit,

1980 2430 2177 2481 semper
2216 2411 2446 2478 Virginis
2499 2409 2709 2463 Maria}.
2768 2410 2890 2462 luit.
2929 2425 2944 2463 :
2989 2410 3437 2477 ’Ᾱγενεαλὸγητον
3466 2406 3545 2461 εί-

1982 2526 2068 2559 ναι
2093 2509 2183 2557 τὸν
2220 2506 2441 2573 Κύριον.

2054 2594 2160 2649 LV.
2192 2594 2299 2648 T05
2330 2596 2491 2646 αὐτοῦ
2519 2595 2707 2664 ὁμιλία
2741 2594 2820 2655 είς
2850 2593 2949 2661 τὴν
2978 2593 3117 2646 κατὰ
3157 2595 3334 2662 σάρκα
3395 2594 3547 2647 θείαν

1982 2689 2073 2739 καὶ
2101 2689 2362 2754 σωτήριον
2386 2686 2635 2753 γέννησιν
2658 2682 2749 2735 τοῦ
2779 2683 2984 2752 Κυρίου
3008 2684 3099 2733 καὶ
3122 2682 3367 2751 Σωτῆρος
3394 2684 3548 2752 ἡμῶν

1995 2776 2167 2848 Ἰησοῦ
2200 2776 2459 2846 Χριστοῦ.
2503 2776 2739 2827 llomilia
2772 2776 2827 2827 in
2868 2776 3102 2828 divinam
3153 2785 3201 2829 et
3257 2776 3546 2828 salutarem

1981 2869 2265 2920 secundum
2305 2884 2511 2919 carnem
2553 2868 2881 2919 nativitatem
2914 2866 3116 2919 Domini
3156 2877 3203 2918 et
3254 2865 3546 2919 Salvatoris

1984 2962 2149 3011 n0stri
2187 2959 2312 3011 Jesu
2345 2958 2565 3010 Christi.
2597 2957 2718 3009 Init.
2750 2974 2763 3008 :
2794 2957 2904 3025 Τῆς
2940 2956 3280 3025 παρθενικῆς
3333 2956 3547 3025 λοχείας

1982 3054 2014 3120 η
2050 3049 2142 3102 νῦν
2172 3052 2383 3117 τελετή.

2057 3142 2187 3197 LVI.
2234 3144 2340 3197 Τοῦ
2369 3141 2533 3193 αὑτοῦ
2558 3141 2743 3210 ὁμιλία
2799 3137 3069 3207 περὶτῶν
3122 3138 3346 3189 κατὰτὸ
3405 3138 3548 3191 θεῖον

1985 3234 2269 3304 βάπτισμα
2295 3234 2654 3301 τελουμένων,
2690 3231 2939 3298 καὶπερὶ
2965 3229 3271 3296 μετανοίας.
3302 3230 3393 3281 καὶ
3418 3233 3549 3295 περὶ

1982 3332 2089 3383 τῶν
2113 3334 2239 3397 περὶ
2270 3330 2438 3398 αὐτῆς
2470 3329 2770 3398 εἰρημένων
2800 3328 2949 3394 παρα
2983 3326 3074 3377 τοῦ
3106 3326 3399 3392 βαπτιστοῦ
3440 3327 3549 3378 Ίω-

1984 3424 2165 3476 ἀννου,
2196 3419 2546 3487 Ἐξεφωνήοη
2576 3422 2638 3486 τῇ
2668 3418 2960 3485 παραμονῇ
2991 3416 3095 3465 τῶν
3118 3416 3330 3481 φωτῶν.
3364 3414 3549 3467 Homi-

1984 3514 2057 3565 lia
2094 3514 2155 3565 de
2180 3513 2243 3564 iis
2282 3512 2371 3579 qui
2401 3513 2682 3563 secundum
2734 3509 2965 3559 divinum
3020 3507 3281 3573 baptisma
3345 3507 3548 3559 initiati

1984 3613 2127 3663 sunt,
2176 3619 2235 3654 ac
2265 3603 2328 3653 de
2365 3601 2689 3668 pmnitentia,
2744 3601 2906 3665 deque
2969 3598 3036 3649 iis
3090 3614 3205 3665 qua:
3240 3614 3271 3649 a
3326 3598 3544 3651 Joanne

1986 3695 2229 3761 Baptista
2262 3694 2399 3745 circa
2432 3694 2579 3743 illam
2614 3692 2757 3741 dicta
2812 3699 2953 3743 sunt.
2997 3686 3196 3740 Habita
3231 3700 3307 3741 est
3377 3691 3432 3741 in
3452 3704 3547 3741 e1-

1986 3788 2280 3855 pectatione
2314 3784 2595 3836 luminum.
2642 3782 2806 3833 Inil.:
2862 3781 2923 3833 Ἠ
2972 3782 3227 3848 μετάνοια
3260 3780 3351 3832 καὶ⁵
3403 3782 3547 3852 ἀρχή

1988 3880 2104 3928 ἐστι
2133 3877 2224 3926 καὶ
2252 3877 2488 3942 μεσότης
2508 3874 2601 3923 καὶ
2645 3874 2816 3932 τέλος.

2060 3965 2212 4019 LVII.
2249 3964 2353 4016 Τοῦ
2384 3964 2548 4017 αὑτοῦ
2580 3962 2766 4031 ὁμιλία
2802 3962 3027 4031 ρηθείσα
3077 3965 3142 4029 τῇ
3175 3962 3305 4033 ἁγίᾳ
3337 3964 3429 4015 καὶ
3458 3980 3548 4015 σε-

1989 4058 2195 4126 ϐασμίᾳ
2231 4058 2387 4124 ἑορτῇ
2419 4055 2526 4105 τῶν
2563 4053 2781 4118 Φώτων,
2809 4056 2865 4105 ὲν
2973 4055 3113 4104 κατᾶ
3148 4055 3207 4103 τὸ
3264 4055 3549 4121 ἐγχωροῦν

1987 4150 2249 4216 ἐκφανσις
2285 4146 2378 4198 τοῦ
2424 4146 2727 4214 μυστηρίου
2754 4144 2849 4195 τοῦ
2876 4142 3113 4213 Χριστοῦ
3150 4142 3547 4211 βαπτίσματος.

1991 4240 2225 4292 "ciuilia
2249 4238 2427 4289 habita
2447 4238 2500 4289 in
2523 4246 2705 4289 sancto
2722 4246 2769 4289 et
2793 4235 3079 4288 venerando
3098 4234 3229 4301 [esto
3251 4233 3548 4299 Luminum,

1987 4332 2074 4383 ubi
2090 4346 2182 4398 pro
2200 4329 2454 4396 facultate
2468 4330 2722 4397 expositio
2736 4329 2970 4395 mysterii
2986 4327 3315 4393 baptismatis
3332 4326 3548 4378 Christi.

1987 4422 2109 4474 luit.
2146 4439 2159 4473 :
2202 4419 2341 4479 Χθὶς
2371 4418 2848 4487 συνεκκλησιάξων
2878 4418 2969 4468 καὶ
2994 4416 3368 4483 συνεορτάζων
3400 4418 3547 4484 ὑμῖν.

2055 4510 2237 4565 LVIII.
2270 4509 2374 4561 Τοῦ
2400 4509 2564 4561 αὑτοῦ
2595 4508 2783 4575 ὁμιλία
2816 4510 2882 4575 τῇ
2920 4502 2984 4573 ιβ’
3022 4506 3273 4574 Κυριακῇ
3293 4505 3384 4556 τοῦ
3412 4508 3551 4557 Λου-

1985 4605 2079 4665 κᾶ,
2110 4601 2365 4653 ὑπόθεσιν
2394 4599 2592 4669 ἔχουσα
2628 4600 2734 4649 τῶν
2765 4597 2898 4648 δέκα
2959 4596 3178 4663 λεπρῶν
3242 4595 3551 4663 παράδοξον

1987 4694 2153 4745 τασιν·
2189 4696 2249 4745 ὲν
2361 4694 2488 4759 περὶ
2516 4691 2613 4757 τῆς
2644 4692 2779 4759 πρὸς
2803 4688 2935 4740 Θεὸν
2986 4686 3079 4738 καὶ
3141 4687 3277 4755 πρὶς
3326 4687 3551 4749 ἑαυτούς

1982 4802 2041 4836 τε
2102 4786 2197 4837 καὶ
2249 4784 2513 4853 ἀλλήλους
2557 4784 2800 4851 εἰρήνης.
2865 4779 3100 4831 llomilia
3146 4780 3200 4830 in
3241 4779 3549 4830 duodecima

1984 4876 2263 4930 Dominica
2293 4875 2466 4939 Luae,
2496 4875 2643 4942 cujus
2674 4881 3039 4941 argumentum
3065 4878 3141 4923 est
3174 4869 3349 4921 decem
3374 4870 3548 4937 lepro-

1982 4984 2161 5021 sorum
2188 4965 2445 5019 mirabilis
2488 4966 2731 5027 curatio;
2761 4963 2850 5015 ubi
2888 4966 2950 5015 de
2981 4978 3106 5028 pace
3132 4977 3248 5012 cum
3282 4959 3390 5013 Deo
3417 4971 3550 5012 inter

1984 5076 2077 5112 nos
2111 5068 2289 5110 mutuo
2326 5057 2587 5108 habenda.
2624 5055 2746 5107 Init.
2784 5072 2799 5109 :
2850 5053 2932 5105 Τὰ
2956 5051 3048 5104 τοῦ
3097 5050 3331 5103 παλαιοῦ
3384 5052 3548 5118 νόμον

1982 5151 2157 5203 πάντα
2188 5165 2250 5199 συ
2259 5147 2511 5216 μὸολικά.

2052 5239 2189 5293 LIX.
2225 5239 2330 5291 T05
2375 5240 2538 5291 αὑτοῦ
2567 5236 2752 5305 ὁμιλία
2787 5238 2853 5304 τῇ
2891 5241 2951 5287 ιε’
3005 5236 3255 5304 Κυριακῇ
3284 5234 3375 5284 τοῦ
3416 5234 3548 5283 Λου-

1981 5336 2072 5394 κᾶ,
2104 5331 2360 5383 ὑπόθεσιν
2389 5330 2586 5399 ἔχουσα
2621 5332 2745 5396 (τὴν
2769 5328 2861 5379 τοῦ
2884 5326 3249 5395 ἀρχιτελώνου
3279 5323 3546 5391 Ζακχαίου

1979 5422 2262 5491 διόρθωσιν
2309 5420 2405 5472 καὶ
2438 5418 2733 5487 σωτηρίαν,
2767 5436 2785 5467 ι
2824 5420 2881 5468 ὲν
2974 5418 3066 5467 καὶ
3096 5414 3234 5466 κατὰ
3276 5414 3543 5480 φιλαργυ-

1981 5514 2122 5582 ρίας.
2159 5510 2393 5562 llomilia
2437 5512 2489 5562 in
2555 5509 2757 5561 decima
2816 5508 2999 5576 quinta
3052 5504 3324 5557 Dominica
3366 5503 3543 5565 Lucr,

1980 5612 2341 5669 a'gumentum
2401 5602 2636 5654 habens:
2689 5619 2705 5651 ι
2764 5598 3004 5651 lace/mei
3070 5597 3317 5664 principis
3369 5596 3547 5646 teloirii

1978 5694 2275 5758 poenitentia
2324 5704 2370 5744 et
2408 5693 2571 5743 salus.
2621 5711 2635 5741 ι
2688 5691 2748 5743 In
2784 5708 2884 5758 qua
2930 5691 3088 5741 etiam
3148 5700 3327 5739 contra
3372 5689 3547 5739 avari-

1984 5789 2127 5836 tiam.
2167 5786 2287 5837 Ιιιιι.
2328 5802 2338 5834 :
2380 5786 2575 5853 ΙΙρὼῃν
2614 5782 2817 5853 μὲντοῦ
2854 5779 3237 5847 εὐαγγελιστοῦ
3265 5780 3469 5833 Λουκᾶ.
