4274 6452
318 433 352 493 8

358 429 426 499 09
1134 429 1444 480 OPEHUM
1489 429 1884 480 AﬂUUMEN.

393 544 512 601 Fui.
571 543 639 596 29
694 548 745 593 et
795 538 1070 605 deinceps.
1119 534 1470 588 Altlil‘l‘ilt.‘iici
1511 532 1632 586 libri
1682 542 1884 602 septem

320 653 512 694 contra
536 636 906 704 Acindynum.
948 630 1298 700 Singulorum
1359 627 1623 681 librorum
1653 642 1716 682 ac
1736 628 1886 695 capi-

321 742 437 784 tum
472 736 813 797 argumenta,
848 730 904 776 ut
939 725 990 776 in
1015 721 1212 776 Codice
1241 717 1457 788 praeﬁxa
1486 715 1694 788 jaceat,
1755 733 1884 786 pro-

322 823 589 874 feremus.

391 909 514 962 Τῶν
550 907 684 977 πρὸς
735 905 1044 960 Ἀκίνδυνον
1074 904 1456 974 ἀντιρρητικδς
1507 905 1735 972 πρῶτος,
1787 916 1884 950 κα-

317 1001 554 1065 τάλογον
580 997 718 1066 ἔχων
748 995 856 1048 τῶν
883 996 1167 1064 αἱρέσεων,
1197 991 1283 1057 αἷς
1318 994 1670 1063 περιπίπτειν
1738 993 1884 1040 ἐκιν-

314 1091 577 1143 δύνευσεν
598 1087 758 1147 αὐτός
789 1102 844 1137 τε
870 1086 966 1136 καὶ
990 1086 1105 1137 ὅσοι
1131 1084 1253 1136 κατ’
1292 1083 1475 1146 αὐτὸν,
1505 1081 1562 1132 ἓν
1592 1077 1685 1132 καὶ
1734 1077 1885 1130 ἀδιά-

319 1199 490 1250 φορον
509 1179 858 1232 παντάπασιν
880 1178 971 1229 ἐπὶ
989 1177 1122 1228 Θεοῦ
1142 1176 1389 1243 λέγοντες
1410 1175 1598 1226 οὐσίαν
1618 1172 1712 1225 καὶ
1733 1169 1886 1237 ἐνέρ-

322 1288 502 1338 γειαν.
571 1271 959 1322 Antirt'lteticus
1025 1269 1225 1336 primus
1279 1275 1462 1336 contr_a
1534 1264 1883 1331 Acindynum.

321 1363 613 1432 Catalogus
641 1361 1014 1426 ha:resium,in
1076 1375 1204 1424 quas
1255 1357 1489 1410 incidere
1517 1354 1885 1423 periclitantur

321 1465 434 1508 tum
478 1457 586 1522 ipse
628 1465 731 1506 turn
761 1461 1010 1521 quotquot
1040 1462 1096 1502 ut
1135 1450 1222 1502 ille
1267 1465 1426 1500 unam
1459 1445 1885 1499 ctindistinetam

319 1548 534 1600 omnino
565 1546 618 1597 in
641 1544 747 1598 Deo
780 1560 890 1596 esse
915 1544 1095 1595 dicunt
1128 1541 1483 1593 essentiam'et
1516 1539 1883 1605 operationem.

392 1636 474 1689 Τὰ
503 1637 814 1704 κατὰμερος
843 1633 937 1685 τοῦ
957 1632 1172 1702 πρώτου
1211 1631 1372 1696 λόγου
1436 1628 1731 1695 κεφάλαια.
1767 1624 1888 1678 Pri-

316 1729 395 1782 mi
417 1728 540 1780 libri
567 1729 741 1790 capita
781 1724 1008 1794 singula.

393 1823 536 1887 Κεφ.
561 1816 758 1872 α’.”οτι
793 1818 1024 1878 δεόντως
1056 1815 1291 1883 γράφειν
1323 1813 1761 1883 ἐπεχειρήσαμεν
1793 1808 1885 1862 αὖ·

317 1912 426 1974 Θις.
446 1910 612 1977 Cap.i
627 1949 640 1963 .
661 1907 813 1973 Quod
829 1909 1012 1960 merito
1028 1921 1236 1959 rursum
1253 1906 1476 1958 scribere
1492 1901 1883 1972 aggrediamur.

391 2005 534 2068 Κεφ.
578 2001 648 2070 β’.
683 1999 777 2062 Τίς
808 2000 836 2052 ὁ
863 1997 954 2052 τοῦ
995 1998 1155 2064 λόγου
1198 1996 1422 2059 σκοπὸς,
1459 1995 1554 2049 καὶ
1584 1994 1636 2045 τί
1697 1993 1884 2059 λεγόν-

312 2113 427 2148 των
446 2095 602 2162 ἡμῶν
630 2093 833 2145 διθεῖαν
859 2093 909 2142 οἱ
931 2091 1164 2142 ἀντίθεοι
1193 2089 1638 2156 καταψεύδονται.
1667 2087 1801 2151 Cap.
1826 2085 1880 2137 2.

313 2188 424 2254 Qui
457 2188 525 2241 sit
551 2185 803 2239 sermonis
830 2198 1036 2249 scopus,
1086 2194 1132 2235 et
1160 2181 1302 2251 quod
1330 2181 1406 2233 illi
1440 2180 1532 2233 Dei
1566 2181 1765 2233 inimici
1794 2199 1884 2234 nos

310 2280 448 2330 duos
490 2293 600 2329 esse
624 2275 747 2328 deos
770 2275 942 2328 dicere
976 2275 1318 2326 mentiantur.

391 2371 532 2434 Κεφ.
570 2371 644 2433 γ’.
688 2367 825 2432 Περὶ
849 2366 955 2416 τῶν
981 2366 1174 2415 κοινῶν
1227 2365 1324 2432 τῆς
1352 2363 1607 2416 ἀνωτάτω
1658 2364 1882 2431 Τριάδος

312 2460 586 2512 ἁκτίστων
619 2456 939 2526 ἐνεργειῶν,
965 2455 1029 2514 ἃς
1061 2458 1305 2524 ἀναιρεῖν
1338 2458 1611 2524 ἐπιχειρεῖ
1658 2457 1880 2509 πολυει-

310 2549 418 2609 δῶς
444 2553 470 2599 ὁ
512 2547 842 2607 Ἀκίνδυνος.
872 2547 999 2614 Cap.
1033 2546 1087 2598 3.
1127 2546 1198 2598 De
1230 2547 1592 2600 communibus
1646 2562 1884 2614 superna:

314 2638 598 2691 Trinitatis
630 2638 980 2705 increatisque
1006 2639 1417 2702 operationibus,
1441 2655 1573 2706 quas
1625 2638 1691 2690 de
1715 2637 1881 2692 medio

310 2733 499 2783 tollere
524 2728 888 2795 multipliciter
920 2739 1143 2782 conatur
1165 2729 1492 2798 Acindgnus.

380 2819 443 2872 δ’.
478 2821 832 2888 Παράστασις
856 2819 942 2870 διὰ
971 2819 1257 2884 πλειόνων,
1289 2821 1372 2871 ὅτι
1399 2820 1674 2881 δυσσεϐῶς
1729 2812 1880 2882 οὗτος

309 2912 566 2972 τοιαύτας
624 2913 899 2978 ἐνεργείας
955 2906 1097 2962 εἶναι
1152 2912 1295 2977 λέγει
1346 2917 1436 2964 τὸν
1498 2913 1620 2963 Υίὸν
1673 2913 1763 2965 καὶ
1821 2914 1882 2964 τὸ

311 3002 539 3071 Πνεῦμα
573 3007 632 3054 τὸ
656 3004 832 3069 ἅγιον.
885 3001 1018 3068 Cap.
1065 3001 1116 3055 4.
1171 3001 1420 3053 Ριίιγὶὁιιε
1489 3004 1882 3053 demonstratur

308 3098 484 3164 ipsum
508 3097 661 3161 impie
686 3097 858 3147 dicere
898 3096 1208 3162 ltujnsmodi
1266 3095 1592 3162 operatitnes
1623 3109 1730 3145 esse
1785 3091 1882 3145 Fi-

307 3187 442 3237 lium
508 3195 555 3237 et
583 3186 845 3253 Spiritum
874 3196 1137 3236 sanctum.

384 3283 447 3328 ε’.
481 3277 604 3327 Ἔτι
645 3277 1007 3344 παράστασις,
1037 3276 1118 3326 ὅτι
1166 3273 1440 3336 δυσσεϐῶς
1461 3277 1488 3326 ό
1515 3275 1675 3337 αὐτὸς
1715 3276 1882 3342 μόνην

306 3367 567 3418 ἄκτιστον
586 3361 725 3416 εἶναι
759 3365 994 3432 θεότητά
1027 3381 1159 3433 φησι
1194 3364 1291 3432 τὴν
1330 3365 1516 3415 οὐσίαν
1573 3363 1667 3415 τοῦ
1721 3364 1877 3417 Θεοῦ.

306 3457 367 3509 5.
430 3455 824 3508 Demonstratio
872 3456 1065 3518 altera,
1139 3455 1274 3520 quod
1326 3454 1462 3506 idem
1526 3455 1680 3520 impie
1740 3455 1883 3508 dicat

303 3548 479 3600 solam
529 3549 821 3599 increatam
869 3547 1199 3598 divinitatem
1235 3561 1346 3598 esse
1381 3546 1733 3598 substantiam
1767 3546 1881 3598 Dei.

381 3639 460 3700 ς’.
497 3639 616 3689 Ὀτι
649 3639 745 3689 καὶ
774 3637 868 3689 τοῦ
904 3637 1049 3688 θείου
1087 3638 1363 3705 Μαξίμου,
1393 3639 1520 3706 περὶ
1560 3638 1653 3690 τοῦ
1711 3640 1882 3706 «μήτε

302 3732 416 3782 τῶν
453 3731 716 3781 νοούντων
749 3730 883 3797 μήτε
911 3728 1018 3779 τῶν
1049 3729 1348 3796 νοουμένων
1383 3727 1517 3781 εἶναι
1547 3730 1635 3781 τὸν
1663 3730 1816 3794 Θεὸν,
1859 3748 1878 3780 s

304 3821 608 3886 κεφάλαιον
667 3818 789 3869 καθ’
876 3817 1069 3869 ἑαυτοῦ
1161 3818 1540 3884 προϐάλλεται.
1607 3819 1660 3872 6.
1729 3821 1881 3884 Quod

301 3911 416 3962 divi
459 3907 679 3959 Maximi
715 3905 882 3971 capud
905 3905 1060 3969 illud,
1095 3925 1112 3956 ι
1149 3905 1312 3959 Deum
1339 3923 1496 3975 neque
1516 3910 1878 3976 cogitantium,

306 4015 472 4067 neque
524 4001 871 4066 cogitatorum
937 4013 1084 4062 esse,
1129 4015 1147 4048 ι
1202 4008 1384 4050 contra
1415 4001 1643 4066 seipsum
1674 4001 1878 4068 afferat.

378 4089 447 4151 ζ.
477 4090 600 4142 Ὅτι
625 4089 684 4151 ἐξ
706 4082 780 4140 ὧν
811 4091 938 4156 περὶ
962 4089 1109 4150 θείας
1129 4089 1314 4151 οὐσίας
1344 4090 1437 4142 καὶ
1461 4092 1738 4160 ἐνεργείας
1773 4091 1883 4144 ἐδο-

304 4181 589 4249 γμάτισαν
633 4180 944 4239 Ἀκίνόυνος
964 4181 1058 4231 καὶ
1082 4181 1196 4233 ὅσοι
1228 4182 1344 4233 κατ’
1404 4182 1586 4243 αὐτὸν,
1621 4184 1800 4234 πλεῖον
1843 4184 1875 4251 ἢ

315 4275 660 4341 πεντήκοντα
716 4271 1060 4333 κακοδοξίαις
1091 4271 1496 4338 περιπίπτουσιο
1535 4274 1622 4324 καὶ
1677 4274 1878 4334 πάσαις

303 4364 497 4425 ἁπλῶς
523 4365 640 4424 ταῖς
669 4361 974 4424 ἀπ’,αίῶνος
994 4364 1258 4429 πονηραῖς
1279 4363 1523 4430 αἱρέσεσι
1550 4363 1716 4432 θύραν
1734 4365 1878 4416 ἀνοί-

303 4455 497 4519 ξαντες
551 4452 754 4503 εἴσοδον
799 4451 1149 4519 παρέχουσιν.
1196 4454 1245 4506 7.
1305 4454 1456 4514 Quod
1509 4471 1571 4507 es:
1593 4456 1654 4507 iis
1684 4473 1799 4524 qute
1817 4457 1882 4509 de

301 4549 489 4599 divina
514 4546 743 4598 essentia
774 4545 1154 4613 etyperatione
1183 4545 1473 4597 docuerunt
1516 4549 1815 4616 Acindynus
1833 4561 1880 4602 et

305 4637 530 4689 ass-cclcc
587 4635 725 4702 ejus,
785 4635 838 4686 in
885 4650 1092 4686 errores
1155 4635 1273 4701 plus
1332 4638 1715 4706 quinquaginta
1750 4643 1882 4692 inci-

303 4730 525 4790 dant,et
589 4726 725 4791 quod
744 4725 984 4776 omnibus
1023 4726 1234 4777 omnino
1256 4742 1371 4792 qua:
1393 4742 1424 4777 a
1453 4728 1646 4779 sa'culu
1671 4731 1882 4795 fuerunt

303 4818 596 4870 Ittrrcsibus
620 4817 845 4882 januam
889 4817 1148 4880 aperiant,
1180 4817 1567 4886 ingressumque
1592 4819 1876 4885 prtebea’nt.

377 4907 450 4972 η’.
488 4909 624 4976 Περὶ
678 4907 772 4958 τοῦ
829 4904 1285 4974 κατεφθαρμένοι)
1319 4909 1522 4960 τούτων
1561 4909 1743 4977 ἠθους,
1789 4913 1879 4964 καὶ

303 4999 382 5058 ὡς
416 4995 810 5064 προσηκόντως
830 4996 943 5054 τοῖς
981 4995 1159 5045 αὐτῶν
1195 4996 1416 5061 τρόποις
1447 4997 1538 5046 τὸν
1593 5000 1730 5048 κατὰ
1780 5001 1879 5065 τὴν

303 5089 576 5157 ἐμφύλιον
610 5088 799 5140 στάσιν
824 5087 1113 5152 λαϐόμενοι
1139 5089 1352 5156 καιρὸν,
1380 5090 1556 5141 καίτοι
1607 5090 1687 5153 δὶς
1743 5092 1878 5161 πρό-

302 5197 469 5249 τερον
501 5177 648 5230 κατὰ
678 5178 876 5245 κράτος
905 5178 1254 5248 ἡττηθέντες,
1301 5179 1462 5231 πάλιν
1486 5181 1576 5231 ὑπ’
1603 5183 1875 5246 ἀναιδείας

300 5273 704 5326 ἐπανίστανται
745 5273 812 5340 τῇ
866 5269 1136 5339 εὐσεϐείᾳ.
1158 5272 1210 5325 8.
1272 5270 1343 5323 De
1391 5274 1649 5338 corruptis
1697 5290 1874 5327 eorum

303 5363 565 5425 moribus,
589 5370 640 5415 et
670 5364 810 5429 quod
842 5370 898 5413 ut
926 5361 1084 5426 viros,
1113 5362 1188 5412 ita
1219 5369 1449 5414 moratos
1478 5363 1707 5426 decebat,
1731 5382 1876 5418 arre-

299 5471 390 5520 pto
421 5453 703 5522 popularis
758 5451 1033 5505 seditionis
1075 5462 1322 5519 tempore,
1356 5454 1569 5505 etiamsi
1615 5455 1689 5506 bis
1722 5467 1872 5509 ante.

297 5548 402 5598 hac
449 5545 667 5613 fortiter
700 5543 962 5605 confutati
992 5553 1039 5595 et
1062 5546 1319 5610 prostrati
1371 5545 1591 5610 fuerint,
1659 5561 1872 5598 rursum

298 5640 636 5702 impudenter
659 5645 841 5687 contra
872 5635 1119 5701 pietatem
1181 5636 1480 5701 insurgunt.

373 5728 444 5782 ϐ’.
473 5728 600 5780 Ὀτι
629 5726 751 5795 μηδ’
781 5728 994 5789 ἑαυτοῖς
1019 5727 1254 5783 ἁκόλυθα
1269 5731 1316 5778 οἱ
1346 5728 1576 5781 τοιοῦτοι
1601 5729 1869 5796 φθέγγον-

299 5835 413 5874 ται.
476 5817 684 5887 μᾶλλον
722 5815 778 5867 δὲ
838 5819 917 5877 εἰς
951 5819 998 5867 τ’
1029 5818 1397 5872 ἐναντιώτατα
1438 5820 1868 5887 περιτρέπονται

647 5914 916 5973 Ριτκοι.
959 5910 1081 5971 Ωιι.
1134 5908 1256 5971 CL.

1134 419 1444 480 OPERUM
1489 417 1961 480 ARGUMENTA
1992 418 2089 476 EX
2121 416 2313 478 CODD
2363 416 2682 477 COISLIN.

3441 419 3550 486 810

1994 534 2155 585 κακά’
2194 533 2271 584 διὸ
2313 527 2401 584 n1
2434 534 2550 595 ταῖς
2581 537 2641 583 ἐκ
2675 532 2966 602 διαμέτρου
3016 534 3351 599 δυσσεδείαις
3382 539 3510 592 καοε

1992 625 2179 676 στᾶσιν
2208 625 2399 694 ἔνοχοι.
2439 626 2492 679 9.
2528 624 2683 690 Quod
2716 640 2778 678 ne
2805 625 2904 677 sibi
2930 627 3135 694 quidem
3175 641 3519 697 consequente

1990 714 2300 781 loquantur,
2329 717 2430 768 imo
2461 717 2633 783 potius
2657 718 2708 767 in
2737 716 2946 768 omnino
2968 721 3234 772 contraria
3261 723 3402 775 mala
3421 724 3545 776 inci-

1989 808 2138 873 dant,
2191 809 2524 876 quamobrcm
2555 809 2885 875 impietatum
2911 824 2974 862 ex
3029 810 3285 865 diametro
3339 818 3545 881 oppeti-

1991 912 2161 952 tarum
2203 901 2279 952 rei
2301 911 2442 954 sunt.

2063 992 2248 1045 ι’.⁹’οτι
2274 991 2412 1045 κατὰ
2433 991 2526 1060 τῆς
2554 991 2760 1044 ἑαυτῶν
2797 993 3037 1061 κεφαλῆς
3057 995 3142 1047 καὶ
3167 995 3256 1046 τὸν
3274 1003 3548 1060 συνοδικὺν

1991 1085 2323 1154 ἐπιχειροῦσι
2358 1081 2779 1152 παρεξηγεῖσθαι
2799 1083 2982 1152 τόμον,
3031 1088 3121 1137 διαὶ
3147 1085 3223 1148 ὡς
3256 1091 3365 1150 τοῖς
3434 1092 3548 1147 ἐκεῖ

1991 1175 2315 1243 φρικώδεσιν
2342 1177 2662 1245 ἀφορισμοῖς
2685 1176 2780 1228 καὶ
2804 1178 2921 1238 ταῖς
2945 1177 3242 1245 ἐγγράφοις
3267 1181 3547 1251 ἀποκηρύ-

1993 1267 2107 1330 ξεσι
2144 1267 2424 1337 πολλαχῶς
2467 1267 2856 1336 ἀναφαίνονται
2914 1267 3282 1334 διατελοῦντες
3345 1273 3542 1344 ἔνοχοι.

1998 1359 2082 1413 10.
2132 1359 2282 1424 Quod
2306 1360 2464 1411 etiam
2498 1368 2688 1412 contra
2709 1367 2863 1426 caput
2905 1376 3077 1425 suum,
3112 1362 3412 1428 synodicunt
3465 1377 3548 1420 to-

1992 1462 2129 1498 mum
2180 1447 2481 1515 detorquere
2534 1455 2802 1514 satagunt,
2833 1456 2879 1500 et
2931 1450 3069 1516 quod
3113 1450 3386 1505 horrendis
3451 1471 3546 1508 ex-

1991 1537 2548 1590 eommunicationibus
2579 1545 2628 1588 et
2655 1537 3122 1606 proscriptionibus-
3153 1541 3203 1591 in
3242 1557 3301 1593 eo
3333 1553 3548 1597 conten-

1991 1629 2054 1680 tis
2080 1628 2131 1680 in
2154 1629 2329 1680 multis
2379 1629 2588 1680 obnoxii
2647 1639 2962 1697 appareant.

2061 1726 2152 1773 ια’.
2186 1719 2307 1770 Ὅτι
2340 1721 2464 1789 περὶ
2522 1721 2734 1774 πάντων
2758 1716 2833 1776 ὧν
2862 1724 2890 1774 ό
2946 1723 3214 1795 Βαρλαὰμ
3280 1727 3546 1800 πρότερος

1989 1811 2080 1862 καὶ
2130 1809 2247 1878 μετ’
2269 1811 2428 1862 αὑτὸν
2464 1811 2768 1874 Ἀκίνδυνος
2802 1814 2940 1867 κατὰ
2965 1815 3066 1884 τῆς
3101 1817 3381 1881 εὐσεὸείας
3414 1822 3543 1872 ἐπε-

1987 1905 2207 1972 χείρησε
2252 1905 2448 1971 λέγειν,
2467 1905 2822 1974 διαλαμῦἀνει
2845 1909 2936 1961 καὶ
2963 1909 3325 1978 ἀποφαίνεται
3349 1917 3375 1965 ό
3406 1931 3541 1984 προ-

1987 1995 2086 2058 δᾰς
2136 1997 2227 2048 ἐπὶ
2255 1999 2371 2059 ταῖς
2415 1998 2592 2050 αὐτῶν
2636 2001 3182 2071 καταψηφισαμέναις
3260 2009 3548 2074 μεγίσταις

1988 2087 2221 2150 συνόδοις
2276 2090 2457 2158 τόμος.
2508 2091 2595 2143 Η.
2641 2091 2792 2156 Quod
2827 2103 2993 2147 tomus
3042 2097 3147 2159 ille,
3181 2101 3448 2167 proferens
3482 2119 3542 2154 ea

1983 2193 2099 2245 quia
2146 2179 2198 2230 in
2255 2180 2498 2232 maximis
2559 2182 2771 2250 synodis
2833 2185 3081 2239 adversus
3133 2179 3255 2247 illos
3328 2192 3542 2248 decreta

1983 2279 2126 2335 sunt,
2157 2269 2221 2323 de
2240 2271 2474 2323 omnibus
2492 2288 2608 2337 quae
2633 2274 2803 2338 prima
2826 2275 3094 2342 Barlaam,
3115 2281 3299 2334 deinde
3313 2283 3544 2355 Acindgp

1985 2374 2082 2411 nus
2113 2373 2295 2413 contra
2336 2364 2582 2429 pietatem
2613 2365 2786 2418 dicere
2806 2369 2922 2421 ausi
2981 2379 3123 2434 sunt,
3195 2373 3448 2428 edisserat
3492 2387 3542 2429 et

1981 2459 2268 2503 sententam
2308 2461 2486 2506 contra
2516 2454 2771 2521 proferat.

2057 2539 2143 2593 ιδ’.
2190 2543 2403 2611 Μετρία
2451 2545 2732 2614 προτροπὴ
2779 2549 2890 2607 τοῖς
2953 2545 3359 2618 Βαρλααμίταις
3408 2557 3546 2624 πρὸς

1983 2633 2335 2702 ἐπιστροφὴν,
2357 2636 2449 2685 καὶ
2477 2638 2588 2697 τοῖς
2617 2637 2860 2688 εὐσεϐεῖν
2897 2641 3243 2708 αἱρουμένοις
3275 2646 3410 2712 πρδς
3438 2649 3538 2715 τὴν

1982 2722 2186 2774 τούτων
2227 2726 2638 2792 ἀνεπιστρόφως
2658 2727 2890 2795 ἐχόντων
2920 2731 3269 2801 ἀποτροπήν.
3306 2736 3391 2788 19..
3433 2736 3545 2790 Μο-

1981 2817 2167 2866 derata
2189 2815 2477 2868 admonitio
2507 2815 2852 2871 Barlaantilis
2888 2831 2942 2871 ut
2980 2823 3312 2887 resipiscam.
3344 2836 3392 2878 et
3441 2829 3545 2891 pie-

1988 2911 2147 2955 tatem
2169 2905 2594 2966 amplectentibus
2619 2917 2673 2958 ut
2701 2923 2785 2960 eos
2806 2910 2855 2960 in
2876 2925 3051 2964 errore
3079 2916 3369 2977 pertinaces
3388 2933 3541 2968 aver-

1985 3008 2185 3047 sentur.

2057 3094 2148 3152 ιγ’.
2181 3089 2303 3140 Ὅτι
2332 3090 2561 3159 καιρίως
2593 3094 2684 3144 καὶ
2723 3094 3037 3148 ἀκολού”‹ι›;
3065 3100 3176 3158 τοῖς
3227 3098 3421 3151 ἑαυτοῦ
3452 3117 3543 3152 ποι

1983 3179 2317 3246 νηρεύμασιν
2337 3182 2361 3232 ό
2385 3183 2711 3250 ἀρχέκακος,
2746 3187 2808 3253 τῇ
2837 3186 2922 3236 τοῦ
2950 3187 3084 3237 Θεοῦ
3111 3189 3227 3258 θείᾳ
3250 3191 3428 3259 χάριτι
3454 3191 3542 3242 διὰ

1983 3265 2089 3316 τῶν
2119 3266 2268 3335 αὑτῷ
2294 3268 2630 3337 πειθομέεων
2659 3271 2751 3322 νῦν
2776 3276 3236 3342 ἐπεστράτευσεν.
3276 3280 3359 3331 15.
3389 3279 3541 3343 Quod

1989 3372 2275 3424 opportune
2303 3371 2350 3411 et
2377 3374 2742 3429 consequenter
2771 3354 3054 3416 secundum
3076 3370 3365 3435 nequitiam
3390 3388 3542 3425 suam

1985 3449 2221 3516 princeps
2255 3451 2402 3515 mali,
2434 3468 2523 3517 per
2563 3453 2790 3506 asseclas
2824 3472 2942 3508 suos
2965 3467 3148 3512 contra
3181 3461 3412 3516 divinam
3439 3463 3535 3516 Dei

1984 3539 2210 3606 gratiam
2251 3541 2440 3592 bellum
2466 3554 2632 3610 gerat.

2059 3631 2139 3684 ιδ’.
2178 3631 2299 3682 ’Ότι
2334 3633 2469 3701 πρὸς
2501 3635 2536 3686 ἃ
2566 3637 2825 3703 Παρλαέιμ
2880 3641 2974 3691 καὶ
3035 3642 3338 3706 Ἀκίνδυνος
3375 3662 3542 3698 σκαν-

1985 3722 2292 3786 δαλίζεσθαι
2346 3726 2691 3791 πλάττονται,
2733 3732 2824 3782 καὶ
2853 3731 3002 3782 ταῦτ’
3038 3733 3256 3803 ἔλεγχός
3285 3738 3400 3789 ἐστι
3441 3740 3542 3807 τῆς

1987 3813 2164 3864 αὐτῶν
2200 3815 2536 3879 κακοδοξίας.
2582 3819 2666 3872 Η.
2710 3820 2860 3885 Quod
2893 3840 2952 3874 ea
2984 3825 3101 3890 ipsa
3143 3842 3258 3893 quae
3291 3826 3544 3882 Barlaam

1985 3913 2028 3954 et
2063 3902 2364 3974 Acindynus
2419 3906 2517 3957 sibi
2568 3909 2838 3976 offensioni
2897 3927 3007 3965 esse
3058 3915 3336 3978 simulant,
3368 3934 3542 3971 eorum

1983 4005 2156 4057 prava:
2187 3993 2439 4047 doctrina:
2469 3998 2766 4065 confatalia
2789 4002 2914 4052 sint.

2057 4083 2197 4156 Πρὸς
2245 4087 2338 4138 τὸν
2392 4087 2555 4141 αὑτὸν
2617 4089 2944 4161 αἱρεσιώτην
3009 4096 3102 4162 τῆς
3148 4098 3241 4148 τοῦ
3286 4100 3541 4170 Βαρλαὰμ

1985 4173 2301 4236 κακοδοξίας
2347 4175 2674 4240 Ἀκίνδυνον,
2711 4182 2848 4246 μετὰ
2877 4181 2977 4251 τὴν
3006 4175 3215 4237 ἐκείνου
3249 4188 3428 4259 φυγὴν
3453 4195 3540 4242 καὶ

1982 4265 2079 4334 τὴν
2101 4265 2264 4316 αὐτοῦ
2298 4266 2579 4335 συνοδικὴν
2609 4271 2911 4339 καταδίκην
2942 4274 3080 4343 ὑπὲρ
3106 4278 3276 4344 αὐτῆς
3305 4297 3540 4350 συγγρα.

1981 4355 2247 4424 ψάμενον,
2306 4356 2466 4422 λόγος
2519 4361 2902 4429 ἁντιῤῥητικὸς
2962 4365 3228 4435 δεύτερος.
3286 4370 3541 4426 Adversus

1981 4449 2218 4499 eumdem
2269 4450 2568 4501 Ittereticum
2630 4452 2958 4520 Acindynum
3041 4457 3315 4511 Barlaami
3372 4479 3537 4529 prava

1983 4539 2236 4590 doctrinm
2264 4554 2555 4606 sequacem,
2590 4543 2682 4608 qui
2707 4553 2820 4610 post
2850 4544 2962 4610 ejus
2995 4546 3195 4614 fugant,
3224 4561 3271 4601 et
3311 4569 3458 4604 suam
3488 4559 3539 4607 in

1982 4632 2180 4699 synodo
2227 4633 2734 4695 condemnationem,
2785 4651 2879 4701 pro
2931 4654 2990 4688 ea
3026 4640 3255 4708 (hwresi)
3292 4646 3538 4713 scripsit.

1982 4737 2151 4774 sermo
2185 4726 2553 4777 antirrheticus
2585 4734 2862 4783 secundus.

2054 4812 2131 4862 Ἰὰ
2197 4817 2505 4883 κατάμερος
2559 4819 2653 4868 τοῦ
2709 4820 2964 4889 δευτέρου
3025 4825 3182 4889 λόγου
3246 4829 3535 4896 κεφάλαια.

1983 4897 2210 4952 Secundi
2244 4903 2365 4955 libri
2394 4906 2569 4971 capita
2598 4922 2689 4973 per
2718 4911 2975 4964 ordinem.

2049 4998 2117 5044 α’.
2151 4993 2269 5045 Ὅτι
2309 4996 2484 5045 κοινὸν
2517 4999 2651 5049 πᾶσι
2688 5001 2799 5061 τοῖς
2833 5003 3128 5070 αἱρετικοῖς
3164 5007 3244 5070 τλι,
3269 5012 3537 5077 προφάσει

1979 5083 2076 5150 τῆς
2105 5083 2196 5135 τοῦ
2227 5084 2360 5136 θεοῦ
2394 5088 2689 5157 ἁπλότητος
2715 5092 2953 5156 διοεϊτας
2982 5096 3012 5165 ἢ
3045 5100 3314 5166 τριθεῖτας
3343 5085 3535 5170 ὀνομά-

1978 5172 2092 5235 ζειν
2123 5178 2244 5236 τοὺς
2279 5177 2592 5243 όρθοδὸξους
2639 5198 2654 5213 ο
2695 5177 2770 5235 ὧν
2795 5188 2934 5237 κατὰ
2979 5187 3134 5254 ζῆλον
3165 5191 3256 5241 καὶ
3290 5195 3316 5242 ό
3361 5194 3535 5247 ’Λκιν-

1976 5267 2129 5327 δυνος
2180 5267 2386 5318 ageam
2431 5270 2523 5321 τοῦ
2584 5273 2815 5340 Παλαμᾶ
2875 5277 3238 5344 καψεύδετλι.,
3281 5281 3331 5334 1.
3386 5281 3535 5345 Quod

1977 5375 2245 5412 commune
2297 5364 2366 5413 sit
2418 5364 2658 5416 omnibus
2711 5365 2994 5429 hmreticis.
3033 5369 3127 5422 Dei
3178 5372 3534 5438 simplicitatis

1976 5453 2183 5505 obtentu
2216 5455 2531 5507 ortltodoxos
2559 5458 2806 5510 ditheitas
2846 5470 2894 5511 et
2941 5461 3199 5514 tritlteitas
3241 5466 3533 5526 nontinare,

1975 5559 2193 5609 quorum
2247 5547 2539 5599 imitatione
2583 5549 2887 5616 Acindynus
2922 5551 3197 5604 Palamam
3231 5554 3531 5619 ditheitam,

1974 5651 2060 5686 ειιι
2095 5636 2229 5689 duos
2253 5651 2566 5690 αιιοηηιρηι
2591 5639 2712 5690 deos
2742 5657 2855 5692 esse
2885 5645 3153 5695 mentitur.

2045 5728 2110 5794 β’.
2150 5727 2269 5783 ’Ὁτι
2316 5729 2391 5796 τῷ
2455 5729 2748 5799 ’Λκινδύνῳ
2795 5733 2902 5793 πᾶς
2930 5735 2957 5784 ό
2988 5733 3096 5787 τῶν
3130 5735 3300 5801 λόγων
3348 5736 3530 5802 ἀγὼν,

1975 5821 2195 5886 κτιστὴν
2222 5819 2390 5882 δεῖξαι
2426 5819 2522 5886 τὴν
2570 5821 2929 5890 λαμπρότητα
2975 5826 3072 5889 τῆς
3114 5824 3262 5887 θείας
3293 5825 3532 5895 φύσεως,

2948 5920 3024 5979 9.6
