4274 6452
740 394 850 462 811

747 509 870 562 καθ’
904 507 968 576 ἠν
1000 516 1097 560 και
1142 502 1266 565 τοὺς
1316 500 1564 572 μαθητάς
1599 498 1997 569 περιέσιραψεν
2038 506 2094 553 ἐν
2124 498 2321 569 Θαδὼρ

744 603 772 651 ὁ
833 597 1055 665 Κύριος.
1119 596 1172 647 2.
1232 594 1386 659 Quod
1452 592 1753 660 Acindynus
1815 593 1862 645 vi
1917 591 2319 643 ratiociniorum

746 693 951 743 nitatur
983 689 1275 753 ostendere,
1308 687 1633 754 splendorem
1663 685 1853 737 dit-ina:
1877 694 2104 744 naturtz,
2129 700 2228 753 quo
2266 684 2317 734 in

749 782 956 835 Thabor
1014 781 1305 847 discipulos
1350 777 1673 831 illuminavit
1735 775 2016 836 Dominus,
2080 784 2317 827 creatum

748 891 855 928 €888
862 915 873 926 .

816 966 883 1033 γ’.
917 968 1042 1019 Ὅτι
1097 968 1254 1028 ἄθεος
1310 966 1667 1033 ἀναφαίνεται
1698 966 1725 1017 ὁ
1787 962 2115 1026 Ἀκίνδυνος,
2158 962 2219 1027 ἐξ
2246 954 2318 1013 ῶν

744 1061 1150 1124 κατασκευάζει
1177 1062 1339 1130 δῆθεν
1365 1062 1464 1128 τὴν
1487 1059 1581 1127 τῆς
1617 1057 1825 1120 διθεῒας
1857 1057 2194 1126 κατηγορίαν
2216 1072 2228 1085 '
2262 1057 2320 1107 ἐν

742 1146 787 1217 ᾧ
840 1154 1236 1221 συντομωτάτη
1297 1151 1511 1213 ἔκθεσις
1564 1151 1661 1217 τῆς
1717 1151 1810 1201 ἐπὶ
1858 1152 1970 1211 τοῖς
2006 1150 2189 1211 αὐτοῖς
2225 1148 2318 1200 τοῦ

744 1241 1009 1311 Βαρλαὰμ
1038 1242 1356 1302 δυσσεϐείας
1414 1245 1510 1293 καὶ
1554 1241 1841 1309 συνοδικῆς
1887 1240 2208 1310 καταδίκης.
2262 1241 2317 1294 3.

742 1338 898 1403 Quod
946 1337 1252 1403 Acindynus
1284 1336 1468 1388 atheus
1499 1351 1609 1387 esse
1635 1332 2021 1402 comprobetur,
2054 1332 2132 1385 vel
2162 1347 2226 1385 ea:
2257 1334 2319 1385 iis

741 1430 928 1499 quibus
959 1429 1170 1480 ditheia:
1198 1428 1597 1479 accusationem
1625 1425 1904 1476 concinnat
1938 1440 1954 1476 ε
1988 1423 2076 1473 ubi
2121 1422 2309 1473 brevis-

742 1522 877 1572 sima
900 1517 1175 1584 Expositio
1192 1517 1468 1570 Barlaami
1498 1515 1786 1583 impietatis
1814 1513 1953 1565 circa
1977 1528 2058 1564 res
2084 1511 2317 1572 easdem,

740 1622 789 1663 et
822 1610 1087 1677 synodica:
1115 1606 1594 1659 condemnationis.

811 1701 872 1755 δ’.
908 1703 1033 1753 Ὅτι
1057 1700 1150 1752 καλ⁵
1171 1698 1305 1767 δόλῳ
1331 1699 1466 1766 προς
1497 1696 1685 1748 άθεῖιν
1713 1694 2036 1763 ἐφέλκεσθαι
2059 1695 2317 1763 πειρᾶται

741 1797 948 1858 πάντας
1014 1794 1348 1854 Ἀκίνδυνος.
1386 1793 1439 1846 4.
1494 1792 1647 1855 Quod
1702 1790 2006 1856 Acindgnus
2042 1805 2216 1841 omnes
2247 1789 2316 1841 ad

740 1888 1002 1947 atheiam,
1063 1900 1154 1936 seu
1213 1884 1513 1934 nullitatem
1575 1881 1792 1933 deorum
1846 1880 1968 1933 dolo
2017 1880 2321 1948 pertrahere

742 1988 987 2033 conatur.

812 2090 876 2147 ε’.
906 2092 1025 2143 ’Ὁτι
1056 2091 1116 2142 οὐ
1149 2090 1242 2142 δύο
1276 2088 1442 2157 φησὶν
1485 2092 1512 2141 ὁ
1548 2088 1814 2155 Παλαμᾶς
1862 2086 2145 2156 θεότητας,
2179 2084 2321 2148 ἐξαι-

745 2186 917 2251 ρεῖται
967 2184 1023 2235 δὲ
1095 2182 1293 2251 μᾶλλον
1350 2181 1446 2248 τῆς
1518 2178 1832 2232 ’Δκινδύνου
1889 2179 1986 2231 καὶ
2058 2176 2321 2246 Βαρλαὰμ

741 2277 928 2338 άθεῖας
975 2273 1109 2344 ὁμοῦ
1155 2275 1248 2327 καὶ
1296 2272 1502 2334 διθεῖας
1534 2273 1656 2333 τοὺς
1695 2271 1784 2322 ὑπ’
1808 2270 1988 2323 αὐτῶν
2015 2269 2321 2337 ἐκτραπέν-

742 2385 868 2431 ταςο
903 2366 1081 2430 δείξας
1128 2366 1203 2427 ὡς
1260 2364 1412 2416 οὐδὲν
1472 2364 1832 2432 προσίσταται
1901 2360 2035 2429 πρὸς
2078 2362 2137 2413 τὸ
2188 2361 2321 2429 μίαν

736 2454 882 2510 εἶναι
919 2457 1013 2507 καὶ
1046 2454 1225 2523 ἁπλῆν
1261 2454 1497 2518 θεότητα
1529 2454 1562 2522 ἡ
1596 2453 1695 2519 τῆς
1732 2450 1885 2512 θείας
1925 2452 2138 2518 φύσεως
2184 2451 2319 2518 λαμ-

744 2550 954 2619 πρότης
983 2548 1236 2607 ἄκτιστός
1256 2563 1315 2599 τε
1332 2541 1470 2598 οὖσα
1502 2546 1590 2597 καὶ
1620 2544 1809 2610 θεότης
1841 2542 2244 2611 ὀνομαζομένη.

746 2642 899 2706 Quod
954 2637 1210 2691 Palamas
1251 2654 1353 2691 non
1381 2641 1514 2690 duas
1549 2636 1767 2689 deitates
1813 2636 1989 2699 dicat,
2030 2635 2116 2687 sed
2148 2635 2320 2701 potius

745 2732 809 2782 ab
849 2730 1109 2797 Acindyui
1161 2738 1210 2780 et
1248 2727 1520 2780 Barlaami
1580 2728 1761 2779 atheia
1805 2727 1964 2779 simul
2017 2738 2065 2778 et
2119 2726 2321 2779 ditheia

744 2823 943 2875 eximat
975 2839 1058 2873 eos
1093 2822 1183 2889 qui
1212 2821 1277 2872 ab
1327 2821 1454 2887 ipsis
1499 2819 1839 2871 circumventi
1868 2827 2011 2878 sunt.
2047 2818 2322 2872 ostendens

747 2915 880 2966 nihil
911 2917 1143 2975 obstare,
1175 2912 1457 2980 quominus
1517 2926 1622 2962 una
1666 2920 1715 2961 et
1769 2910 1990 2978 simplex
2021 2912 2187 2963 dcitas
2228 2912 2318 2973 sit,

746 3006 939 3058 divina:
973 3015 1178 3056 natura:
1197 3004 1524 3069 splendorem
1558 3002 1645 3068 qui
1678 3001 1943 3055 increatus
1966 3012 2041 3054 est
2075 3013 2122 3053 et
2151 3002 2321 3054 deitas

748 3096 1069 3163 appellatur.

822 3208 895 3271 ς’.
928 3210 1051 3260 Ὀτι
1080 3208 1343 3261 ἀδύνατόν
1402 3211 1516 3260 ἐστι
1568 3210 1664 3261 καὶ
1720 3209 2074 3278 προφητικῶς
2112 3207 2323 3276 ἀπηγό-

750 3316 961 3368 ρευται,
992 3300 1113 3352 τινά
1152 3300 1259 3351 τῶν
1297 3299 1434 3367 μετὰ
1463 3299 1701 3369 Χριστὸν
1738 3299 1914 3368 διθεῖᾳ
1961 3301 2281 3367 περιπεσεῖν
2305 3315 2319 3327 °

747 3396 796 3445 οἱ
818 3393 875 3445 δὲ
901 3392 1307 3460 συκοφαντικῶς
1344 3390 1502 3443 τοῦτο
1544 3392 1688 3443 κατὰ
1719 3391 1828 3442 τῶν
1856 3390 2157 3460 ὀρθοδύξων
2191 3408 2323 3459 προ-

736 3485 1028 3554 φέροντες,
1072 3485 1176 3535 bno
1204 3484 1304 3551 τῆς
1345 3483 1496 3551 σφῶν
1532 3485 1729 3545 κακίας
1779 3485 1858 3544 είς
1892 3485 2024 3536 αὐτὸ
2072 3485 2324 3553 περιτρέ-

750 3594 966 3631 ’.ιονται.
996 3578 1047 3630 6.
1076 3575 1227 3641 Quod
1260 3576 1378 3643 fieri
1404 3586 1646 3644 nequeat,
1672 3591 1716 3628 et
1750 3576 2047 3642 pt'OpItetice
2076 3591 2327 3637 praenun-

751 3672 945 3721 tiatum
977 3678 1072 3729 est,
1103 3679 1159 3719 ut
1214 3669 1471 3736 quispiam
1522 3683 1704 3719 eorum
1763 3668 1854 3733 qui
1896 3676 2013 3729 post
2056 3667 2325 3719 Christum

754 3761 923 3828 futuri
959 3770 1103 3821 sunt,
1186 3760 1237 3810 in
1286 3758 1541 3811 ditheiam
1584 3756 1822 3819 incidat;
1884 3759 1973 3824 qui
2038 3770 2215 3811 autent
2273 3759 2327 3810 id

751 3867 844 3917 per
859 3852 1185 3903 calumniam
1217 3850 1523 3903 orthodoxis
1565 3849 1907 3915 exprobrant,
1939 3867 1968 3901 a
1998 3849 2205 3901 malitia
2230 3866 2328 3903 sua

755 3946 808 3996 in
842 3945 937 3995 hoc
965 3945 1134 4008 ipsum
1169 3951 1450 4009 proruunt.

827 4058 889 4118 ζ’.
925 4056 1045 4109 "Ott
1075 4055 1143 4107 δι’
1178 4056 1369 4123 ἐτέρας
1402 4056 1429 4105 ὁ
1472 4054 1777 4117 ’Δκίνδυνος
1822 4056 1941 4109 ὀδοῦ
1992 4061 2068 4118 εἰς
2100 4058 2159 4110 τὸ
2199 4058 2330 4110 αὐτὸ

757 4149 982 4217 φέρεται
1013 4145 1309 4216 βάραθρον,
1339 4146 1468 4197 ποτέ
1512 4148 1611 4214 μὲν
1637 4146 1713 4216 τῷ
1760 4149 1975 4219 Ἀρείῳ,
2014 4151 2141 4202 ποτέ
2171 4150 2227 4202 δὲ
2256 4151 2331 4219 τῷ

756 4239 1057 4308 Σαϐελλίῳ.
1088 4239 1139 4291 7.
1183 4238 1335 4302 Quod
1392 4255 1484 4306 per
1531 4239 1696 4291 aliam
1748 4244 1884 4292 viam
1936 4243 2239 4311 Acindgnus
2275 4243 2330 4294 iit

759 4334 1070 4385 barathrum
1130 4331 1357 4393 incidat,
1410 4330 1565 4382 modo
1623 4347 1741 4383 cum
1802 4334 1949 4395 Aria,
2003 4334 2155 4387 modo
2212 4351 2331 4387 cum

762 4424 1021 4478 Sabellio.

833 4510 902 4581 η’.
934 4512 1056 4565 Ὀτι
1114 4512 1209 4563 καὶ
1259 4511 1448 4581 τρίτην
1508 4512 1674 4579 ἄλλην
1727 4514 1876 4583 παρὰ
1931 4515 2129 4577 ταύτας
2182 4513 2333 4579 οὗτος

759 4604 1079 4656 δυσσέὸειαν
1133 4603 1566 4672 ἐκαινοτόμησε,
1618 4608 1711 4654 καὶ
1760 4607 1842 4667 τίς
1894 4605 2054 4675 αὕτη.
2091 4607 2142 4658 8.
2179 4608 2331 4673 Quod

760 4706 953 4763 printer
982 4695 1078 4747 has
1098 4694 1279 4752 ,aliam
1314 4697 1526 4748 tertiam
1559 4697 1879 4763 impietatem
1909 4700 1971 4749 de
1994 4715 2123 4752 novo
2151 4712 2335 4767 protu-

762 4790 905 4852 terit,
934 4799 982 4841 ct
1019 4803 1259 4857 qua'nam
1292 4788 1385 4840 illa
1411 4790 1497 4840 sit.

836 4892 900 4944 θ’.
952 4889 1320 4959 Ἐπανάληψις
1347 4890 1442 4943 καὶ
1460 4890 1776 4961 κατάμερος
1808 4891 2026 4961 ἐλεγχος
2051 4895 2159 4946 τῶν
2187 4898 2337 4965 εἰρη-

767 4984 947 5052 μένων
990 4982 1285 5050 ’Λκιιδύνῳ
1334 4984 1463 5051 περὶ
1524 4983 1815 5052 θεότητος,
1855 4988 1949 5037 καὶ
1994 4989 2337 5056 παράστασις

764 5076 874 5128 τῶν
904 5075 1054 5143 ’περὶ
1090 5075 1258 5141 αὐτῆς
1307 5074 1401 5126 τοῦ
1448 5077 1681 5147 Παλαμᾶ
1746 5077 1936 5146 λόγων,
1968 5081 2043 5142 ὡς
2077 5083 2338 5149 ἀσφαλεῖς

767 5171 917 5239 (sic).
947 5169 1001 5221 9.
1032 5167 1338 5235 Resuntptio
1370 5179 1415 5220 et
1442 5170 1734 5235 co'tfutatio
1756 5186 1849 5236 per
1870 5181 2044 5237 partes
2080 5175 2340 5227 dictorum

770 5262 1036 5331 Acindyni
1082 5263 1221 5313 circa
1275 5262 1549 5323 deitatem,
1583 5273 1629 5314 et
1683 5262 1979 5316 deelaratio
2011 5281 2188 5318 eorum
2225 5282 2342 5335 qua:

774 5355 1027 5408 l'atanms
1063 5355 1204 5406 circa
1240 5352 1471 5405 eamdem
1507 5354 1666 5417 dixit,
1696 5367 1740 5406 et
1765 5370 1923 5423 quant
1957 5367 2068 5409 tuto
2096 5358 2190 5411 illa
2220 5376 2341 5427 pro-

772 5446 885 5500 iata
917 5448 1044 5499 sint.

849 5542 899 5589 ι’.
937 5536 1254 5606 Μαρτυρίαι
1286 5534 1394 5585 τῶν
1422 5535 1611 5600 ἁγίων,
1650 5537 1746 5605 an]
1775 5538 1807 5605 ἡ
1847 5536 1968 5591 θεία
2001 5540 2161 5607 φύσις
2195 5545 2344 5611 πηγὴ

774 5629 938 5679 θείων
981 5627 1273 5696 ἐνεργειῶν
1326 5628 1509 5678 ἐστιν·
1547 5630 1602 5679 ἐν
1642 5624 1686 5694 ᾧ
1748 5632 2091 5700 παράστασις
2142 5636 2341 5704 σαφὴς.

774 5718 853 5767 ὅτι
896 5716 1168 5784 ’Δρειανός
1219 5718 1365 5768 ἐστιν
1418 5717 1445 5767 ὁ
1517 5719 1844 5781 Ἀκίνδυνος.
1896 5723 1981 5774 Hi.
2022 5721 2343 5778 Testintonia

773 5820 1097 5873 sanctorum,
1130 5809 1265 5876 quod
1296 5808 1472 5862 divina
1504 5820 1695 5864 natura
1732 5812 1847 5879 fons
1879 5815 2178 5870 divinarum
2214 5833 2338 5886 ope-

1974 384 2356 446 GREUORU
2402 383 2726 444 PALAME

3899 384 4007 448 8ίὲ

2427 497 2688 549 rationum
2729 504 2835 561 stt,
2869 494 2956 548 ubi
3012 494 3257 564 probatio
3313 496 3590 564 perspicua
3650 503 3789 567 quod
3843 503 4004 555 Acin'

2422 594 2593 657 dgnus
2623 590 2688 640 sit
2714 588 2970 642 Arianus.

2493 689 2580 736 ια’.
2624 683 2936 751 Μαρτυρίαι
2984 682 3093 736 τῶν
3134 682 3331 750 ἁγίων,
3367 683 3449 734 ὅτι
3484 682 3811 753 ὑπέρκειται
3844 689 3876 755 ἡ
3912 687 4006 738 τοῦ

2420 772 2556 825 Θεοῦ
2588 773 2747 826 οὐσία
2774 774 2870 841 τῆς
2905 774 3114 835 οἰκείας
3143 774 3404 825 ἀκτίστου
3434 774 3742 841 ἐνεργείας,
3786 778 3880 827 καὶ
3908 778 4010 845 τῆς

2422 864 2721 935 ἁπλίτητος
2755 865 2856 917 οὐκ
2889 864 3168 929 ἐξίσταται
3195 864 3258 916 τὸ
3284 863 3437 917 Θεῖον
3468 866 3623 933 παρὰ
3653 866 3843 918 τοῦτο·
3868 868 3926 918 ἐν
3962 860 4011 935 ᾧ

2420 968 2516 1015 καὶ
2545 965 2675 1029 περὶ
2701 957 2810 1011 τῶν
2855 957 3263 1026 αὐτομετόχων.
3302 956 3387 1009 il.
3434 956 3753 1012 Testimonia
3787 971 4010 1011 sancto-

2421 1068 2537 1103 rum
2585 1052 2721 1120 quod
2783 1050 2877 1102 Dei
2916 1050 3143 1102 essentia
3197 1048 3534 1117 superjaceat
3592 1066 3703 1102 sua:
3754 1052 4009 1103 increatw

2420 1143 2735 1211 operationi,
2768 1150 2817 1194 et
2862 1138 3001 1208 quod
3041 1139 3277 1192 divinum
3309 1156 3501 1191 numen
3539 1156 3642 1192 non
3694 1139 3814 1192 ideo
3851 1158 3881 1191 a
3910 1157 4009 1192 sua

2419 1234 2756 1301 simplicitate
2787 1232 3034 1297 excidat;
3067 1232 3156 1283 ubi
3183 1232 3318 1299 etgde
3348 1232 3843 1300 comparticipibus.

2492 1322 2579 1393 ιβ’.
2608 1324 2962 1393 Παράστασις
3014 1323 3193 1390 σαφὴς
3243 1321 3330 1374 διὰ
3380 1322 3665 1385 πλειόνων,
3702 1323 3783 1373 ὅτι
3829 1322 4004 1389 Ἄρει·

2420 1416 2590 1479 ανδςὸ
2629 1414 2940 1475 ’Λκίνδυνος
2963 1429 2975 1442 ·
3010 1411 3228 1474 ἔκθεσις
3269 1414 3363 1465 καὶ
3391 1414 3677 1484 ἀνατροπὴ
3708 1414 3806 1482 τῆς
3838 1414 4007 1465 αὐτοῦ

2417 1507 2596 1577 δόξης,
2621 1507 2817 1559 κτιστὰ
2841 1506 3354 1569 κατασκευάζοντος
3386 1501 3525 1558 εἶναι
3562 1507 3743 1560 πάντα
3772 1507 3840 1558 τά
3864 1508 4009 1558 κατά

2418 1599 2507 1652 τὸν
2538 1598 2683 1652 θεῖον
2724 1598 2981 1667 Μάξιμον
3011 1598 3289 1661 οὺσιωδῶς
3317 1599 3447 1668 περὶ
3480 1600 3571 1651 τὸν
3598 1599 3733 1651 Θεὸν
3766 1600 4008 1667 θεωρού-

2420 1710 2578 1759 μενα.
2614 1693 2699 1745 i2.
2737 1692 3129 1745 Demonstratio
3156 1691 3304 1743 clara
3326 1692 3568 1760 pluribus
3595 1693 4007 1761 exhibita,quod

2417 1784 2721 1855 Acindynus
2777 1785 2844 1838 sit
2895 1785 3147 1837 Arianus.
3203 1781 3479 1851 Expositio
3519 1796 3566 1835 et
3604 1787 3801 1837 eversio
3860 1786 4009 1837 illius

2417 1874 2711 1938 sententia',
2740 1889 2841 1942 qua
2864 1882 3048 1925 creata
3083 1873 3356 1925 constituit
3392 1889 3452 1925 ea
3488 1874 3670 1925 omnia
3710 1890 3843 1935 esse.
3889 1891 4011 1940 qua:

2418 1968 2702 2020 secundum
2726 1967 2903 2021 divum
2933 1965 3227 2020 Maximum
3265 1968 3617 2021 cssemialiter
3647 1970 3792 2021 circa
3834 1968 4005 2023 Deum

2418 2057 2856 2113 considerantur.

2512 2148 2604 2218 ιγ’.
2633 2151 2979 2218 Παρὰστασις
3008 2149 3192 2214 πάλιν,
3223 2152 3306 2204 ὅτι
3336 2152 3581 2223 διαφέρει
3607 2153 3704 2222 τῆς
3746 2155 4011 2208 ἀκτίστου

2418 2240 2608 2304 οὐσίας
2633 2244 2665 2310 ἡ
2689 2241 2942 2304 ἄκτιστος
2979 2244 3235 2312 ἐνέργεια
3257 2260 3269 2272 ·
3292 2245 3401 2297 -καὶ
3433 2246 3563 2312 περὶ
3600 2245 3877 2314 θεότητος.
3919 2249 4006 2303 15.

2422 2335 2813 2388 Demonstratio
2849 2352 3084 2395 rursum,
3116 2336 3257 2405 quod
3294 2337 3537 2390 increata
3581 2341 3809 2393 essentia
3844 2342 4006 2409 diffe-

2420 2437 2501 2479 rat
2534 2428 2597 2478 ab
2631 2429 2872 2480 increata
2906 2429 3229 2496 operatione.
3270 2426 3337 2480 Et
3374 2430 3438 2481 de
3478 2430 3781 2485 divinitate.

2492 2520 2571 2571 ιδ’.
2609 2520 2731 2572 ’Ὁτι
2766 2520 2924 2589 ῥῆσιν
2952 2518 3045 2571 τοῦ
3094 2519 3322 2589 Νύσσης
3371 2520 3563 2573 ἐνθέου
3605 2522 3912 2592 Γρηγορίου
3932 2525 4010 2588 ῶς

2421 2614 2514 2664 τοῦ
2545 2612 2782 2679 Παλαμᾶ
2827 2611 3243 2681 προϐαλόμενος
3272 2615 3299 2665 ὁ
3344 2613 3678 2678 Ἀκίνδυνος,
3711 2616 4011 2683 φρενοϐλα-

2420 2702 2528 2766 ϐῶς
2554 2704 2823 2771 ἀντιλέγει
2852 2704 3050 2773 ταύτῃ.
3099 2704 3185 2756 14.
3222 2704 3373 2768 Quod
3400 2706 3599 2759 dictum
3628 2707 3735 2761 divi
3765 2706 4008 2778 Gregorii

2422 2792 2675 2861 Nysseni,
2728 2794 2883 2863 quasi
2934 2792 3172 2849 Palama:
3204 2804 3339 2849 esset
3389 2796 3685 2864 proferens,
3712 2800 3875 2853 stulte
3924 2817 4008 2855 re-

2420 2884 2555 2952 futet
2592 2885 2919 2954 Acindynns.

2496 2975 2577 3029 ιε’.
2631 2975 2890 3039 Ἐκθεσις
2938 2980 3034 3046 τῆς
3071 2978 3213 3032 κατὰ
3238 2978 3333 3032 τοῦ
3366 2980 3644 3035 θειοτάτου
3676 2983 3853 3050 φωτὸς
3884 2986 4012 3052 ἐφι-

2422 3067 2517 3135 ξῆς
2560 3066 2871 3120 ’Λκινδὺνου
2925 3069 3164 3138 ρήσεως,
3212 3072 3307 3122 καὶ
3352 3072 3528 3141 σαφὴς
3562 3080 3910 3142 παρέκστασις
3947 3079 4011 3128 ἐκ

2419 3161 2513 3214 τοῦ
2561 3161 2788 3232 ἐλέγχου
2824 3162 3055 3230 ταύτης,
3104 3165 3187 3216 ὅτι
3235 3166 3407 3234 αὐτὴν
3439 3166 3527 3234 ἐφ’
3561 3167 3763 3237 ἑαυτὴν
3800 3169 4009 3237 ἐγείρει

2420 3252 2517 3322 τὴν
2551 3252 2914 3305 θεόπνευστον
2964 3253 3209 3322 Γραφὴν,
3249 3258 3344 3305 καὶ
3394 3256 3477 3306 ὅτι
3534 3257 3811 3325 μηδεμίαν
3850 3255 4009 3318 οὗτος

2425 3342 2720 3412 πρεσϐεύει
2746 3345 2999 3412 θεότητα.
3036 3345 3119 3399 15,
3155 3344 3433 3413 Expositio
3464 3352 3727 3416 sequentis
3757 3351 3824 3402 ab
3845 3353 4011 3403 Acin-

2422 3435 2561 3504 dyno
2594 3436 2817 3503 prolata:
2841 3449 3025 3489 eontra
3049 3438 3440 3493 divinissimunt
3489 3442 3665 3495 lumen
3709 3447 4008 3509 sententia',

2425 3545 2486 3581 ac
2524 3528 2907 3582 demonstratio
2971 3531 3119 3582 clara
3156 3547 3219 3583 ex
3256 3532 3579 3599 refutatione
3635 3535 3785 3589 illius
3812 3577 3826 3598 ,
3867 3538 4010 3604 quod

2424 3622 2509 3672 ille
2546 3621 2778 3673 divinant
2813 3620 3145 3687 Scriptura»:
3191 3623 3447 3676 utlt'ersus
3498 3626 3727 3693 seipsam
3761 3632 4009 3681 commit-

2426 3724 2524 3774 tat,
2557 3724 2605 3766 et
2635 3714 2775 3781 quod
2804 3714 3003 3766 nullam
3039 3715 3126 3766 ille
3150 3715 3399 3768 deitatem
3433 3729 3747 3787 propugnet.

2497 3804 2591 3865 ις’.
2630 3805 2750 3857 Ἔτι
2802 3807 2930 3874 περὶ
2976 3807 3069 3857 τοῦ
3105 3806 3385 3858 θειοτάτου
3439 3810 3639 3875 φωτὸς,
3688 3811 3763 3872 ὡς
3815 3814 3865 3863 εί
3909 3815 4007 3864 καὶ

2426 3897 2678 3949 ἄκτιστὸν
2724 3899 2895 3961 ἐστιν,
2941 3897 3057 3949 ἀλλ’
3085 3898 3184 3949 οὐκ
3238 3899 3438 3950 οὐσία·
3471 3900 3564 3952 καὶ
3599 3902 3675 3963 ῶς
3706 3903 3766 3953 οὐ
3807 3908 4005 3971 κτιστῇ

2427 4006 2533 4041 τινι
2557 3989 2809 4057 δυνάμει,
2848 3989 2964 4042 ἀλλ’
2989 3990 3323 4058 άπορῤήτως
3347 3991 3562 4052 ὁρᾶται,
3599 3995 3645 4042 εἰ
3674 3996 3767 4046 καὶ
3812 3994 4013 4061 ὀφθαλ-

2431 4083 2551 4149 μοῖς
2609 4081 2840 4151 ὁρᾶσθαι
2906 4082 3241 4151 γέγραπται.
3300 4080 3387 4135 Hi.
3444 4080 3648 4135 lterum
3707 4088 3890 4154 agitur
3949 4092 4013 4141 de

2428 4172 2755 4224 dii-inissimo
2794 4172 3023 4233 lumine.
3059 4173 3320 4238 quomodo
3350 4173 3564 4225 etiamsi
3598 4175 3893 4229 increatum
3918 4183 4007 4240 sit,

2430 4282 2533 4317 non
2585 4274 2761 4317 tamen
2808 4266 3109 4318 substantia
3138 4269 3207 4317 sit
3232 4281 3246 4327 ;
3276 4275 3324 4316 et
3353 4265 3495 4333 quod
3528 4282 3629 4318 non
3664 4279 3848 4322 creata
3880 4286 4011 4340 qua-

2429 4357 2553 4408 tiant
2584 4357 2861 4423 facultate,
2904 4357 2993 4408 sed
3044 4371 3241 4408 arcano
3295 4356 3453 4408 modo
3500 4358 3765 4423 videatur,
3800 4362 4010 4416 etiamsi

2431 4447 2595 4500 oculis
2627 4448 2858 4515 conspici
2895 4448 3149 4511 scriptum
3177 4449 3268 4501 sit.

2505 4540 2589 4601 ιζ’.
2625 4541 2748 4593 Ὀτι
2785 4543 2876 4592 καὶ
2923 4541 2988 4603 ἃς
3029 4542 3297 4613 προφέρει
3348 4546 3499 4613 παρᾶ
3548 4546 3658 4597 τῶν
3688 4547 3853 4600 θείων
3902 4553 4007 4604 Πα-

2432 4634 2573 4702 τρῶν
2628 4631 2928 4703 μαρτυρίας
2976 4634 3003 4685 ὁ
3042 4633 3369 4697 ’Δκίνδυνος,
3408 4635 3533 4688 καθ’
3566 4637 3765 4689 ἑαυτοῦ
3807 4643 4009 4709 προφέ-

2436 4738 2516 4790 ρει
2542 4736 2554 4749 ’
2587 4722 2667 4773 διὸ
2710 4723 2805 4773 κα)⁸
2839 4722 2973 4789 παρ’
2998 4722 3177 4773 αὐτῶν
3210 4721 3554 4791 ἐξελέγχεται
3598 4724 3860 4780 διατελῶν
3887 4730 4013 4799 ὁμό-

2432 4813 2581 4878 δοξος
2628 4812 2704 4879 τῷ
2742 4812 3013 4880 Εὐνομίῳ.
3049 4812 3135 4864 17.
3169 4811 3323 4877 Quod
3368 4830 3431 4866 ea
3462 4831 3580 4883 quia
3612 4816 3919 4887 Acindynus
3950 4837 4009 4873 ex

2436 4911 2634 4958 sanctis
2673 4904 2926 4957 Patribus
2961 4903 3163 4971 profert
3200 4904 3527 4969 testimonia,
3555 4920 3740 4960 contra
3784 4911 4007 4978 seipsum

2436 4998 2668 5064 proferat
2700 5014 2717 5049 :
2744 4998 3082 5064 quamobrem
3116 4997 3180 5049 ab
3222 4998 3288 5050 iis
3320 4999 3585 5052 evincitur
3606 5005 3788 5055 eadem
3824 5007 4013 5059 sentite

2436 5105 2549 5156 quw.
2584 5088 2899 5140 Eunamius.

2515 5187 2603 5249 ιη’.
2641 5180 2763 5232 Ὀτι
2809 5178 2868 5244 ἐξ
2914 5174 2990 5232 ὧν
3020 5182 3048 5234 ὁ
3094 5181 3405 5243 Ἀκίνδυνος
3442 5184 3647 5251 γράφει
3678 5188 3775 5237 καὶ
3801 5192 4013 5258 φρονεῖ.

2439 5272 2640 5342 ὀρατὴν
2688 5272 2808 5325 καθ’
2833 5272 3033 5342 ἑαυτὴν
3067 5268 3208 5326 εἶναι
3260 5276 3663 5341 κατασκευάζει
3693 5278 3793 5348 τὴν
3826 5281 4016 5335 οὐσίαν

2439 5365 2533 5417 τοῦ
2574 5363 2731 5416 Θεοῦ.
2769 5363 2853 5416 13.
2895 5364 3050 5428 Quod
3074 5379 3139 5417 ex
3171 5365 3237 5417 iis
3264 5381 3387 5434 qua:
3414 5368 3723 5438 Acindynus
3756 5375 3941 5425 scribit
3970 5385 4017 5425 et

2441 5457 2621 5517 sentit,
2653 5456 2932 5508 essentiam
2998 5457 3092 5509 Dei
3142 5459 3428 5511 secundum
3479 5477 3533 5514 se
3588 5461 3852 5517 visibilem
3909 5483 4020 5519 esse

2443 5558 2669 5600 astruat.

2516 5638 2599 5693 ιϐ’.
2630 5641 2945 5709 Μαρτυρίαι
2972 5642 3081 5694 τῶν
3107 5642 3301 5709 ἁγίων,
3333 5644 3415 5695 δτι
3446 5646 3478 5711 ἠ
3507 5644 3628 5697 θεία
3658 5646 3917 5715 ἐνέργεια
3954 5644 4021 5720 ἧς

2446 5731 2540 5781 καὶ
2577 5731 2607 5797 ἡ
2638 5729 2827 5798 θεότης
2856 5732 2973 5782 ἐστὶ
3002 5733 3367 5802 προσηγορία,
3397 5735 3490 5786 καὶ
3529 5734 3627 5803 τῆς
3657 5738 3808 5799 θείας
3835 5736 4023 5798 οὐσίας

2447 5822 2718 5892 διενήνοχε
2750 5823 2844 5878 καὶ
2870 5823 3169 5889 ὑπόστασις
3194 5826 3294 5879 οὐκ
3322 5825 3551 5880 ἐστικαὶ
3578 5827 3839 5893 (tritta-:6;
3870 5829 4018 5883 ἐστι·
