4274 6452
297 471 411 537 813

296 586 395 640 καὶ
449 583 521 647 ὡς
574 585 599 636 6
663 583 908 649 τυνάγων
963 583 1024 634 ἐκ
1072 583 1263 634 τούτου
1319 581 1572 633 σύνθετον
1602 575 1737 630 εἶναι
1791 579 1878 628 τὸν

299 676 452 734 Θεὸν,
496 675 752 743 ὁμόὼξός
807 676 920 726 ἐστι
966 673 1041 743 τῷ
1087 673 1354 743 Εὐνομίῳ.
1420 674 1500 727 19.
1560 670 1879 724 Τεδιίηιωιίιι

298 781 629 829 sanctorum,
660 769 798 838 quod
825 770 1002 822 divina
1049 769 1308 835 Operatio,
1333 767 1482 834 cujus
1510 777 1556 818 et
1590 766 1758 818 deitas
1790 781 1881 832 ap-

295 863 514 927 pellatio
542 873 640 924 est,
666 872 712 913 et
743 879 772 912 a
811 861 988 913 divina
1017 861 1241 914 essentia
1278 859 1492 926 differat
1515 868 1563 910 et
1587 858 1883 926 hypostasis

296 972 402 1007 non
428 955 494 1005 sit
524 962 573 1005 et
605 955 839 1006 increata
876 955 941 1005 sit
966 971 978 1017 ;
1004 964 1050 1006 et
1083 953 1222 1021 quod
1252 954 1341 1021 qui
1375 951 1495 1003 inde
1522 951 1718 1018 colligit
1741 966 1882 1001 com-

296 1045 531 1110 positum
554 1059 664 1093 esse
694 1042 878 1101 Deum,
900 1059 1014 1093 cum
1038 1040 1298 1093 Eunomia
1326 1041 1570 1092 doctrina
1591 1039 1882 1092 conveniat.

375 1141 445 1188 κ’.
484 1136 606 1185 Ὀτι
639 1138 729 1188 καὶ
760 1136 873 1196 τοῖς
910 1134 1172 1203 Ἕλλησιν
1199 1133 1449 1202 ὁμιζόοξος
1475 1136 1622 1184 ἐστιν
1644 1133 1670 1183 6
1711 1130 1887 1182 Ἀκιν-

294 1229 476 1292 δυνος,
524 1230 615 1282 καὶ
672 1227 821 1296 αὐτῷ
880 1226 960 1296 τῷ
1015 1226 1361 1294 Ἐπικούρῳ·
1422 1223 1515 1276 καὶ
1559 1223 1634 1285 ὡς
1665 1220 1723 1286 ἐξ
1753 1215 1826 1274 ὧν
1859 1221 1886 1272 6

298 1324 570 1389 Παλαμᾶς
623 1320 748 1390 ἔψη,
804 1315 884 1383 εἷς
941 1319 1301 1386 ἀναφαίνεται
1350 1316 1480 1377 Θεὸς
1533 1313 1736 1376 ἁπλοῦς
1792 1315 1886 1364 καὶ

295 1415 596 1477 ἁσύνθετος
639 1417 694 1464 ἐν
752 1415 852 1485 μιᾷ
903 1413 1139 1481 θεότητι.
1183 1412 1274 1465 20.
1317 1411 1468 1475 Quod
1518 1426 1632 1461 cum
1681 1407 1886 1461 Crwcis

296 1509 596 1561 consentiat
662 1507 986 1575 Acindynus,
1025 1506 1128 1556 imo
1195 1522 1310 1556 cum
1353 1504 1466 1570 ipso
1526 1501 1784 1569 Epicuro;
1838 1510 1885 1552 et

295 1604 437 1671 quod
469 1616 533 1653 ex
568 1602 632 1652 iis
651 1617 769 1669 qua:
799 1598 1050 1651 Palamas
1083 1598 1239 1659 dixit,
1262 1614 1392 1648 unus
1425 1595 1720 1648 declaretur
1749 1593 1886 1646 Deus

295 1694 684 1761 incompositus
720 1691 773 1742 in
807 1708 910 1742 una
941 1691 1156 1741 deitate.

372 1782 480 1836 κα⁹.
523 1783 644 1834 Ἔτι
674 1781 1038 1850 παράστασις,
1071 1782 1154 1832 ὅτι
1184 1782 1218 1850 ὴ
1269 1781 1524 1838 ἄκτιστος
1561 1778 1788 1845 δύναμις
1819 1769 1887 1844 ἦς

298 1877 398 1930 καὶ
427 1877 460 1944 ἡ
492 1876 680 1943 θεότης
710 1873 1052 1945 προσηγορία
1074 1871 1403 1940 καθέστηκε,
1426 1869 1546 1921 οὔτε
1566 1869 1721 1921 οὐσία
1739 1868 1888 1919 ἐστὶν

298 1968 417 2020 οὗθ’
449 1968 768 2028 ὑπόστασις,
792 1966 884 2017 καὶ
927 1968 1064 2035 πρὸς
1095 1968 1156 2018 τὸ
1191 1965 1319 2033 μίαν
1354 1958 1492 2015 εἶναι
1531 1963 1761 2032 θεότητα
1790 1961 1888 2013 οὐκ

298 2059 607 2130 ἐμποδίζει.
656 2059 749 2112 ‘21.
794 2057 1196 2112 Demonstratio
1251 2057 1401 2122 alia,
1454 2059 1592 2126 quod
1650 2057 1889 2107 increata

295 2155 492 2215 virtus,
523 2153 676 2220 cujus
707 2152 877 2206 deitas
914 2163 988 2206 est
1017 2151 1327 2220 appellatio,
1367 2167 1529 2219 nrque
1575 2150 1794 2203 essentia
1823 2149 1891 2199 sit

297 2265 468 2306 neque
520 2247 849 2316 hypostasis,
885 2257 934 2298 et
999 2244 1130 2298 nihil
1168 2245 1422 2315 impediat
1475 2247 1750 2296 auominus
1786 2259 1891 2295 una

294 2342 368 2395 sit
408 2341 601 2393 deitas.

378 2435 527 2504 Πρὸς
578 2434 645 2488 τὸ.
696 2432 774 2502 τῷ
817 2432 1116 2501 Ἀκινδὺνῳ
1146 2433 1289 2485 κατὰ
1326 2431 1425 2500 τῆς
1449 2429 1542 2484 τοῦ
1574 2429 1709 2483 Θεοῦ
1740 2430 1890 2491 θείας

295 2525 525 2595 χάριτος
565 2526 661 2577 καὶ
705 2522 813 2575 τῶν
862 2523 953 2574 ὑπ’
1009 2522 1180 2590 αὐτῆς
1229 2518 1691 2589 κεχαριτωμένων
1732 2519 1890 2582 θείως

300 2615 800 2686 συγγεγραμμένα,
818 2615 974 2682 λόγος
1000 2612 1390 2684 ἁντιρῤητικδς
1408 2613 1610 2683 τρίτος.
1632 2612 1891 2664 Adversus

294 2727 361 2762 ea
432 2724 547 2777 qua:
599 2705 906 2775 Acindynus
968 2713 1154 2757 contra
1209 2701 1445 2755 divinum
1506 2702 1600 2754 Dei
1662 2703 1891 2772 gratiam

292 2802 516 2868 ejusque
552 2814 772 2850 munera
800 2797 962 2859 dixit,
991 2796 1122 2849 liber
1158 2795 1528 2847 antirrheticus
1563 2795 1772 2847 tertius.

376 2891 458 2944 Τὰ
481 2891 794 2959 κατάμερος
827 2889 920 2940 τοῦ
952 2889 1137 2954 τρίιου
1180 2886 1342 2954 λόγου
1390 2888 1686 2954 κεφάλαια.
1732 2885 1898 2939 Tertii

294 2986 427 3041 libri
466 2986 644 3051 capita
681 2983 1011 3035 minutatim.

377 3075 451 3129 a'.
483 3076 610 3127 Ὀτι
673 3074 772 3125 οὐκ
821 3072 1125 3132 ἀπεικότως
1156 3067 1402 3138 παρῆλθε
1441 3067 1530 3119 τδν
1574 3067 1838 3137 Βαρλαὰμ
1868 3068 1894 3118 6

311 3168 630 3229 ’Λκίνδυνος
666 3165 745 3235 τῷ
795 3162 1146 3231 ἀνακολούθῳ
1177 3161 1286 3213 τῶν
1322 3161 1516 3227 λόγων,
1550 3161 1640 3212 καὶ
1679 3162 1740 3229 τῇ
1778 3175 1894 3210 ποι-

300 3263 433 3330 κίλῃ
457 3261 577 3312 κατ’
615 3259 811 3318 αὐτοὺς
862 3257 1048 3325 ἀπάτῃ
1106 3259 1198 3308 καὶ
1251 3254 1614 3321 συκοφαντία.
1655 3253 1706 3303 1.
1742 3250 1894 3314 Quod

296 3353 615 3422 Aciudgnus
648 3367 751 3403 non
785 3349 966 3402 leviter
999 3355 1274 3414 prtetereat
1328 3344 1698 3404 Burlaamum,
1746 3344 1799 3394 in
1835 3358 1893 3395 eo

297 3446 447 3514 quod
489 3460 593 3497 non
622 3454 1001 3510 consequenter
1037 3441 1308 3509 loquatur,
1329 3450 1373 3491 et
1409 3439 1460 3490 in
1496 3440 1639 3489 vario
1662 3435 1896 3503 fallacia:

295 3547 350 3589 et
389 3534 758 3605 sycophantia:
794 3548 1001 3603 genere.

383 3630 456 3698 β’.
494 3629 614 3678 Ὀτι
654 3627 749 3677 καὶ
782 3627 808 3677 6
843 3622 1111 3693 Βαρλαὰμ
1160 3623 1223 3674 ἐκ
1261 3618 1356 3674 τοῦ
1391 3621 1500 3682 τοῖς
1527 3618 1633 3672 τῶν
1664 3619 1896 3672 ἀποστό-

303 3725 420 3776 λων
445 3718 748 3786 ὀφθαλμοῖς
782 3716 1041 3785 ὀφθῆναι,
1071 3715 1291 3766 κτιστὺν
1326 3712 1598 3782 ἐπιχείρει
1621 3710 1894 3763 δεικνύναι

301 3815 369 3868 τὸ
425 3812 705 3865 θειότατον
756 3809 908 3878 φῶς·
942 3809 1037 3861 καὶ
1087 3809 1239 3870 ὅπως
1272 3805 1597 3877 ἐξηλέγχθη.
1627 3805 1681 3857 2.
1744 3805 1895 3868 Quod

301 3907 472 3960 etiam
505 3903 781 3964 Barlaam,
810 3916 875 3954 ea:
903 3918 962 3954 eo
982 3900 1120 3970 quod
1152 3899 1408 3966 apostolis
1436 3901 1603 3965 visum
1629 3900 1721 3962 sit,
1747 3914 1898 3950 crea-

305 4009 422 4051 tum
477 3999 841 4049 demonstrare
884 4005 1105 4048 conetur
1154 3993 1546 4046 divinissimum
1594 3997 1805 4056 tamen,
1849 4001 1896 4042 et

299 4089 574 4158 quomodo
612 4088 918 4155 confutatus
945 4087 1126 4152 fuerit.

380 4189 454 4251 γ’.
495 4180 817 4251 Μαρτυρίαι
874 4180 982 4231 τῶν
1031 4178 1204 4245 ἁγίων
1248 4175 1550 4240 δεικνῦσαι,
1580 4177 1654 4238 ὡς
1698 4178 1747 4228 οί
1798 4179 1894 4244 τῆς

310 4275 475 4336 θείας
512 4275 738 4343 χάριτος
767 4273 822 4324 ὲν
849 4270 1066 4339 μεθέξει
1098 4271 1380 4338 γεγονότες
1409 4269 1632 4339 ἄναρχοι
1666 4272 1754 4322 καὶ
1780 4270 1899 4321 ἀτε-

303 4367 572 4436 λεύτητοι
608 4365 730 4418 κατ’
760 4364 930 4433 αὐτὴν
965 4359 1106 4416 εἶναι
1151 4363 1423 4430 λέγονται.
1478 4363 1530 4414 3.
1573 4361 1898 4416 Testimonia

300 4469 620 4516 sanctorum
647 4458 832 4526 quibus
851 4456 1249 4508 demonstratur
1275 4470 1384 4517 eos,
1404 4454 1491 4522 qui
1508 4453 1698 4507 divina:
1714 4457 1898 4522 gratia'

303 4554 604 4624 participes
658 4551 828 4618 fuere,
883 4547 1174 4601 secundum
1220 4549 1389 4615 ipsam
1420 4548 1531 4600 sine
1561 4548 1822 4616 principio
1849 4556 1897 4599 et

303 4647 428 4700 sine
470 4645 574 4709 ﬁne
599 4642 728 4695 dici.

391 4738 461 4789 δ’.
503 4733 724 4803 Ῥήσεις
761 4732 856 4785 τοῦ
894 4730 1202 4784 Ἀκινδύνου
1225 4729 1596 4798 ἀντικείμεναι
1630 4730 1750 4791 ταῖς
1789 4729 1898 4780 τῶν

306 4828 492 4893 ἁγίων
552 4826 748 4894 ρήσεσι
801 4823 1066 4883 ταύταιςο
1123 4824 1218 4874 καὶ
1280 4822 1530 4875 διαόολαι
1588 4821 1723 4890 πρὸς
1771 4823 1897 4885 τοὺς

309 4918 535 4984 ἁγίους,
573 4916 650 4978 ὡς
705 4917 786 4977 είς
815 4915 907 4967 τὸν
951 4913 1251 4981 Παλαμᾶν·
1295 4907 1356 4966 οῦ
1402 4913 1566 4966 πάλιν
1624 4912 1896 4970 ἀντίθεσις

305 5013 427 5064 τῶν
481 5009 659 5075 ἁγίων
719 5006 1321 5076 ὑπεραπολογουμένη,
1388 5005 1480 5056 καὶ
1550 5005 1610 5054 τὸ
1678 5005 1900 5066 εὐσεὸὲς

311 5102 664 5171 παριστᾶσα.
700 5100 754 5152 4.
807 5098 962 5150 Dicta
1008 5097 1269 5166 Acindyni
1303 5096 1545 5163 opposita
1573 5095 1730 5146 dictis
1780 5113 1906 5147 san-

309 5205 568 5254 ctorum;
614 5201 663 5242 et
718 5189 1000 5242 calumnia:
1060 5189 1295 5256 ejusdem
1361 5189 1610 5240 adversus
1669 5198 1902 5246 sanctos.

310 5291 444 5338 dum
481 5283 770 5336 Palamam
805 5281 910 5334 vult
944 5282 1223 5347 impetere;
1256 5294 1567 5346 rursumque
1604 5277 1903 5340 antithesis,

310 5393 423 5442 qua
451 5391 519 5429 ea:
544 5374 747 5426 sanctis
782 5371 1029 5424 Pati-ibus
1061 5371 1315 5424 Palamas
1346 5369 1666 5438 defenditur,
1687 5369 1904 5437 ejusque

309 5473 585 5526 sententia
611 5470 702 5536 pia
733 5485 844 5521 esse
878 5468 1270 5535 comprobatur.

392 5571 454 5615 ε’.
495 5560 622 5614 ’Ότι
674 5561 774 5630 τὴν
830 5561 1233 5628 προγεγονυῖαν
1269 5559 1426 5621 ἀξίαν
1475 5559 1550 5626 τῷ
1593 5561 1722 5626 παρ’
1749 5558 1906 5626 ἡμῶν

311 5651 650 5719 Δεσποτικῴ
713 5649 1147 5720 προσλήμματι,
1211 5651 1307 5700 καὶ
1383 5649 1510 5717 παρ’
1588 5649 1752 5700 αὐτοῦ
1811 5649 1907 5700 τοῦ

315 5740 534 5807 Κυρίου
563 5739 887 5806 εἰρημένην,
932 5742 1025 5789 καὶ
1057 5737 1211 5806 παρὰ
1241 5737 1451 5788 Παύλου
1483 5742 1908 5807 κεκηρυγμένην
1955 5760 1966 5772 ο

315 5832 548 5888 καὶτῶν
588 5835 704 5898 μετ’
741 5832 904 5883 αὑτὸν
926 5830 1405 5898 θεοειδῶνξάθετὼν
1450 5832 1507 5892 ἐξ
1547 5824 1640 5894 ὧν,
1672 5832 1856 5901 φησὶν,
1886 5833 1912 5883 6

328 5924 650 5985 ’Λκῖνδυνος
735 5922 893 5985 άθεος
963 5921 1316 5991 ἀναφαίνεται
1396 5923 1573 5976 πάλιν.
1646 5926 1678 5977 5
1756 5925 1908 5989 Quod

1131 469 1448 531 OPERUM
1485 466 1962 532 ARGUMENTA
2011 467 2112 526 EX
2148 465 2365 526 CODD.
2417 463 2738 526 COISLiN.

3452 459 3559 524 ειη

1988 576 2296 645 dignitatem
2370 577 2632 629 Dominici
2698 576 2975 642 ussumpti,
3015 591 3044 626 a
3103 576 3249 628 nobis
3317 576 3464 644 facti.
3495 581 3558 628 ab

1986 671 2096 736 ipso
2135 670 2354 723 Domino
2396 672 2616 736 prolati,
2665 688 2693 721 α
2731 668 2896 721 Paulo
2934 671 3246 738 pra'dicati,
3283 688 3477 724 necnon
3530 688 3561 722 ιι

1986 761 2176 814 divinis
2238 763 2364 814 viris
2423 762 2510 828 qui
2565 772 2682 828 post
2723 763 2892 829 ipsum
2950 763 3118 831 fuere,
3165 764 3462 830 despiciens
3511 775 3560 815 et

1984 855 2136 907 dictis
2187 857 2294 908 suis
2349 855 2663 921 vilipcndens
2702 856 3035 924 Acindynus,
3102 856 3286 910 atheus
3351 873 3562 909 rursum

1986 946 2425 1013 deprehendatur.

2058 1033 2130 1099 ς’.
2170 1037 2468 1102 Ἔκφανσις
2499 1040 2555 1089 ὲν
2589 1040 2832 1108 ἐπιτόμῳ
2867 1039 2960 1090 τοῦ
2994 1039 3293 1108 μυστηρίου
3336 1040 3475 1092 κατὰ
3505 1041 3566 1090 τὸ

1989 1129 2288 1197 ἐγχωροῦν,
2316 1131 2429 1192 πῶς
2460 1125 2538 1193 εἷς
2582 1132 2679 1199 μὲν
2710 1134 2965 1201 Χριστὸς,
3003 1131 3188 1183 πολλοὶ
3209 1133 3264 1184 δὲ
3297 1150 3566 1201 χριστοει-

1987 1222 2124 1284 δεῖςο
2153 1223 2245 1275 καὶ
2275 1223 2392 1286 πῶς
2415 1217 2559 1276 οῦτοι
2591 1224 2684 1275 νῦν
2721 1226 2818 1293 μὲν
2852 1227 3014 1295 καινὴ
3044 1228 3218 1289 κτίσις
3248 1225 3563 1292 καλοῦνται,

1989 1312 2081 1364 νῦν
2126 1312 2183 1364 δὲ
2229 1315 2453 1384 ἄναρχοι
2482 1316 2576 1368 καὶ
2611 1315 2802 1368 ἀίδιον
2836 1316 2930 1368 καὶ
2955 1317 3039 1370 ὅτι
3072 1316 3390 1384 γεννώμεθα
3422 1319 3563 1370 κατὰ

1987 1404 2086 1472 τὴν
2121 1405 2277 1475 χάριν
2307 1407 2534 1476 ταύτην,
2570 1407 2685 1458 ἀλλ’
2720 1408 2780 1460 οὐ
2819 1408 3137 1477 κτιξόμεθα.
3168 1410 3219 1463 6.
3260 1409 3561 1463 Declaratiu

1989 1498 2356 1564 compendiosa
2411 1502 2648 1568 mysterii
2697 1517 2791 1570 pro
2823 1502 3096 1569 facultate,
3126 1505 3385 1564 quomodo
3426 1519 3562 1555 unus

1989 1589 2058 1641 sit
2090 1588 2352 1656 Christus,
2385 1594 2535 1644 multi
2560 1606 2730 1646 autem
2763 1593 3195 1662 Christiformes;
3228 1606 3275 1648 et
3306 1598 3565 1664 quomodo

1991 1681 2081 1734 isti
2134 1685 2283 1736 modo
2320 1701 2448 1737 nova
2494 1696 2742 1738 creatura
2791 1697 3060 1752 vocentur,
3093 1690 3245 1741 modo
3275 1690 3385 1741 sine
3414 1691 3567 1756 prin-

1991 1774 2124 1841 cipio
2175 1787 2224 1828 et
2276 1781 2490 1841 ceterni;
2551 1789 2599 1830 et
2649 1780 2786 1846 quod
2828 1783 3112 1832 secundum
3163 1783 3300 1834 hanc
3338 1783 3568 1850 gratiam

1991 1886 2319 1937 generentur,
2344 1889 2448 1924 non
2484 1888 2600 1925 vero
2630 1889 2886 1926 creemur.

2066 1957 2131 2020 ζ’.
2167 1959 2289 2017 ΪΟτι
2315 1960 2389 2021 ὡς
2407 1960 2500 2013 ἄνθ
2513 1978 2694 2031 ρωπος
2721 1964 2748 2013 6
2782 1962 3018 2031 Χριστὸς
3046 1964 3329 2032 εἰληφέναι
3352 1965 3569 2033 λέγεται

1991 2050 2088 2120 τὴν
2107 2050 2363 2104 ἆκτιστον
2384 2053 2541 2121 χάριν
2564 2053 2658 2105 τοῦ
2675 2053 3007 2123 Πιθεύματος,
3029 2057 3120 2108 καὶ
3142 2057 3222 2108 ὅτι
3247 2057 3452 2128 ταύτης
3472 2061 3570 2126 τῆς

1993 2144 2253 2197 ἀκτίστου
2279 2145 2524 2214 χάριτος,
2557 2145 2648 2197 καὶ
2683 2147 2796 2206 τοῖς
2826 2147 3055 2210 οἰκείοις
3081 2149 3357 2217 μετέδωκέ
3385 2169 3442 2203 τε
3474 2156 3572 2205 καὶ

1996 2239 2340 2308 μεταδίδωσι.
2418 2239 2464 2296 Ἱ.
2532 2238 2686 2304 Quod
2745 2238 2988 2293 Christus
3048 2251 3105 2293 ut
3154 2241 3306 2294 homo
3359 2244 3573 2296 dicatur

1994 2331 2283 2384 increatam
2321 2331 2557 2400 Spiritus
2590 2333 2820 2401 gratiam
2853 2335 3140 2402 accepisse,
3167 2335 3371 2404 etquod
3403 2339 3572 2390 incre-

1994 2435 2142 2477 atam
2185 2425 2334 2477 illam
2395 2427 2620 2494 gratiam
2657 2426 2768 2479 suis
2815 2427 3281 2482 communicaverit
3335 2441 3384 2484 et
3429 2447 3575 2485 com-

1996 2517 2242 2568 municet.

2067 2614 2136 2677 η’.
2169 2608 2291 2659 ’Ὁτι
2322 2608 2418 2679 τὴν
2451 2609 2598 2677 παρὰ
2649 2610 2783 2664 Θεοῦ
2820 2612 3109 2681 διδομένην
3145 2614 3238 2666 καὶ
3273 2619 3424 2687 παρὰ
3457 2620 3568 2672 τῶν

1995 2704 2166 2771 ἁγίων
2188 2703 2610 2774 λαμϐανομένην
2659 2704 2910 2759 θεοποιὺν
2939 2710 3096 2777 χάριν
3117 2711 3209 2763 τοῦ
3238 2711 3576 2781 ιινεύματος,

1996 2796 2090 2848 νῦν
2123 2797 2223 2864 μὲν
2271 2797 2475 2866 κτίσμα
2514 2799 2681 2866 φησὶν
2714 2800 2742 2850 6
2787 2799 3128 2861 Ἀκίνδυνοτ,
3166 2803 3262 2855 νῦν
3318 2804 3363 2856 δ’
3412 2807 3578 2858 αὐτὸν

1995 2882 2136 2939 εἶναι
2167 2886 2255 2937 τὸν
2290 2886 2441 2949 Θεὸν,
2472 2888 2644 2956 αὐτὴν
2678 2890 2845 2942 αὑτοῦ
2889 2893 2989 2958 τὴν
3037 2894 3225 2946 οὐσίαν
3248 2899 3262 2922 ⁸
3305 2897 3361 2947 ἐν
3398 2892 3440 2962 ᾧ
3485 2901 3579 2950 καὶ

1999 2976 2212 3038 πολλοῖς
2245 2978 2465 3039 ἀτόποις
2517 2980 2871 3048 περιπίπτων
2928 2983 3302 3053 ὲλέγχεται....
3333 2988 3387 3041 8.
3424 2991 3578 3054 Quod

1998 3067 2231 3131 Spiritus
2285 3072 2515 3138 gratiam
2574 3071 2725 3124 illam
2777 3072 2982 3127 divinos
3044 3076 3340 3143 facientem.
3383 3098 3414 3132 a
3475 3082 3578 3135 Deo

1998 3157 2200 3223 datam,
2239 3170 2285 3211 et
2326 3177 2354 3210 α
2385 3162 2582 3213 sanctis
2617 3172 2908 3227 acceptam,
2943 3166 3099 3219 modo
3133 3179 3432 3222 creaturam
3467 3189 3579 3224 esse

1999 3251 2140 3304 dicat
2171 3252 2496 3322 Acindynus,
2533 3259 2685 3307 modo
2716 3260 2887 3323 ipsum
2936 3275 3047 3311 esse
3083 3259 3275 3324 Deum,
3310 3265 3578 3333 ipsamque

2004 3343 2096 3396 Dei
2145 3347 2448 3408 essentiam,
2483 3348 2621 3401 unde
2660 3350 2712 3401 in
2747 3350 2940 3405 multas
2992 3353 3349 3407 absurditates
3393 3360 3579 3412 cadere

2001 3438 2359 3504 arguitur.....

2075 3526 2139 3580 θ’.
2196 3530 2456 3600 Ποσαχῶς
2507 3532 2599 3583 ἐπὶ
2634 3532 2728 3584 τοῦ
2759 3534 2897 3586 Θεοῦ
2941 3536 3178 3606 τοῦνομα
3208 3541 3305 3610 τῆς
3335 3545 3575 3612 χάριτος,

2002 3623 2093 3674 καὶ
2121 3621 2195 3685 ὡς
2235 3625 2267 3692 ἡ
2316 3624 2436 3676 θεία
2482 3626 2803 3698 λαμπρότης
2833 3629 2890 3682 ἓν
2917 3632 3023 3684 τῶν
3051 3634 3142 3685 ὑπ’
3175 3635 3341 3704 αὐτῆς
3379 3655 3580 3708 σημαι-

2003 3718 2262 3783 νομένων,
2291 3719 2385 3770 καὶ
2417 3719 2493 3781 ὡς
2521 3719 2661 3789 αῦτη
2693 3723 2791 3790 τῆς
2829 3723 2979 3787 θείας
3011 3725 3227 3794 φύπεως
3251 3730 3576 3802 διενήνοχεν.

2003 3809 2056 3862 9.
2090 3809 2474 3878 Quotupliciter
2504 3831 2689 3866 nomen
2721 3817 2910 3884 gratim
2939 3820 3079 3884 apud
3117 3819 3277 3874 Deum
3313 3825 3580 3894 intelliga-

2003 3910 2108 3965 tur,
2139 3916 2183 3955 et
2224 3905 2362 3971 quod
2416 3905 2626 3957 divinus
2679 3907 2926 3973 splendor
2974 3911 3043 3960 sit
3088 3927 3249 3963 unum
3283 3931 3346 3966 ex
3377 3917 3583 3985 siqui/z-

2002 3996 2133 4047 catis
2158 4012 2249 4062 per
2269 4012 2407 4055 eam,
2433 3997 2669 4067 quodque
2690 3999 2778 4051 ille
2802 4018 2831 4052 a
2857 4002 3034 4054 divina
3064 4017 3257 4057 natura
3283 4007 3513 4076 (li/ferat.

2075 4093 2125 4140 ι’.
2164 4086 2415 4148 Ἕκθεσις
2439 4090 2528 4139 καὶ
2563 4091 2837 4161 ἀνασκευὴ
2868 4095 2974 4143 τῶν
2992 4095 3300 4149 Ἀκινδύνου
3344 4101 3577 4169 ῥήσεων,

2003 4177 2068 4229 δι’
2097 4171 2169 4230 ὧν
2201 4179 2598 4243 κατασκευάζει
2618 4184 2717 4251 τὴν
2741 4183 2899 4252 χάριν
2922 4185 3091 4253 αὐτὴν
3118 4182 3258 4240 εἶναι
3277 4192 3372 4257 τὴν
3390 4193 3580 4246 οὐσίαν

2001 4269 2094 4322 τοῦ
2128 4270 2261 4322 Θεοῦ
2283 4288 2294 4300 ⁸
2325 4273 2446 4324 καθ’
2476 4272 2542 4335 ἃς
2578 4276 2671 4327 καὶ
2710 4275 2805 4327 τοῦ
2856 4277 3124 4346 Εὑνομίου
3156 4281 3579 4355 δυσσεϐέστερος

2001 4362 2196 4422 τελῶν,
2236 4364 2391 4425 ἄθεος
2428 4383 2484 4417 τε
2535 4366 2652 4434 ἅμα
2699 4369 2791 4420 καὶ
2843 4370 3105 4433 πολύθεος
3148 4372 3495 4445 ἐξελέγχεται
3522 4383 3581 4430 τό

2002 4471 2063 4506 τε
2097 4454 2255 4506 Θεῖον
2281 4455 2564 4517 συντιθείς.
2601 4458 2687 4510 10.
2729 4458 3004 4526 Expositio
3049 4473 3095 4514 et
3133 4465 3385 4531 refutatio
3417 4469 3584 4520 dicto-

2003 4562 2118 4597 rum
2171 4545 2449 4615 Acindgni,
2483 4550 2672 4617 quibus
2722 4552 2914 4603 astruit
2970 4556 3198 4618 gratiam
3246 4557 3419 4623 ipsam
3471 4577 3582 4613 csse

2007 4638 2101 4689 Dei
2143 4641 2445 4700 essentiam,
2492 4640 2679 4706 quibus
2734 4641 2894 4694 etiam
2954 4641 3270 4698 Eunominm
3313 4648 3582 4713 impietate

2008 4745 2285 4795 superans,
2318 4728 2499 4780 atheus
2532 4731 2687 4782 simul
2719 4741 2765 4783 et
2797 4733 3086 4800 'polytheus
3132 4737 3240 4788 sive
3294 4740 3580 4793 multorum

2007 4825 2223 4874 deorum
2283 4822 2474 4884 cultor,
2528 4832 2685 4889 atque
2749 4823 2910 4875 Deum
2980 4829 3329 4892 compositum
3379 4832 3579 4897 faciens

2006 4912 2428 4976 deprehenditur.

2084 5010 2168 5054 ια’.
2207 5002 2430 5071 Ἕτεραι
2461 5005 2648 5072 ῥήσεις
2687 5005 3015 5067 ’Λκινὸὐνου,
3045 5009 3101 5058 ὲν
3131 5003 3217 5070 αἷς
3249 5013 3340 5062 καὶ
3378 5029 3581 5083 μαρτυ-

2014 5094 2104 5164 ρία
2137 5096 2199 5144 ὲκ
2238 5094 2343 5145 τῶν
2377 5095 2470 5146 τοῦ
2516 5096 2753 5162 μεγάλου
2796 5098 3079 5150 Βασιλείου
3111 5105 3584 5173 παρακεκομμένη

2019 5186 2224 5252 μέντοι,
2281 5186 2415 5238 ἀλλὰ
2457 5189 2550 5237 καὶ
2601 5187 2776 5251 οὕτως
2831 5190 3183 5260 ἀντικειμένη
3231 5192 3317 5244 διά
3370 5194 3583 5247 πάντω.

2010 5277 2285 5330 δείκνυται
2318 5281 2389 5348 τῇ
2432 5278 2620 5331 τούτου
2675 5281 3122 5352 πολυϐλασφήμῳ
3160 5286 3436 5338 κάνταῦθα
3481 5288 3587 5338 δει-

2015 5369 2257 5438 κνυμένῃ
2311 5370 2458 5438 δόξῃ.
2511 5370 2597 5422 11.
2636 5371 2757 5423 Alia
2792 5373 3056 5439 Acyndini
3090 5373 3263 5432 dicta.
3296 5375 3345 5426 in
3397 5377 3585 5442 quibus

2012 5474 2084 5515 est
2128 5463 2482 5514 testimonium
2513 5478 2575 5514 ex
2606 5479 2792 5532 magno
2842 5463 3045 5517 Basilio
3075 5467 3463 5531 detruncatum,
3499 5472 3585 5519 sed

2013 5555 2149 5622 quod
2222 5554 2560 5608 nihilominus
2625 5555 2738 5621 ejus
2793 5556 3111 5620 blasphema:
3172 5561 3439 5612 sententia:
3505 5561 3589 5612 hic

2017 5649 2270 5714 expositae
2306 5650 2515 5700 omnino
2542 5651 2833 5715 oppositum
2856 5651 3270 5705 demonstratur.

2089 5738 2177 5807 ιβ’.
2228 5741 2442 5808 Ἑτέρα⁶
2483 5741 2640 5820 ῥῆσις
2707 5740 3014 5794 Ἀκινδῦνου
3073 5744 3206 5810 μετὰ
3261 5742 3358 5810 τῆς
3422 5745 3592 5811 αὐτῆς

2021 5832 2349 5901 μαρτυρίας,
2384 5834 2513 5901 παρ’
2535 5827 2608 5886 ὧν
2638 5835 2991 5899 ἀναφαίνεται
3022 5835 3419 5902 διατεινόμενος
3452 5835 3591 5900 μηδὲ

2021 5924 2279 5977 δύνασθαι
2325 5925 2434 5987 τοῖς
2471 5925 2644 5993 ἁγίοις
2682 5915 3049 5994 ὁμοφρονῆσαί
3105 5944 3251 5980 ποτε.
3288 5927 3349 5979 19.
3431 5925 3588 5979 Αίιῑιιι
