4274 6452
846 532 912 597 ζ’.
941 530 1063 585 Ὀτι
1100 532 1209 583 τῶν
1236 531 1513 603 θεοφόρων
1538 529 1779 595 ἀκούσας
1812 532 1874 583 τὸ
1897 531 2028 583 αὐτὸ
2057 532 2325 597 λεγοντων

772 620 910 678 εἶναι
941 624 1076 691 φῶς,
1103 625 1166 676 τό
1194 640 1256 676 τε
1290 624 1631 694 προκόσμιον
1679 624 1859 677 καὶτὸ
1893 623 2059 691 φανὲν
2118 623 2175 673 ὲν
2216 621 2326 673 Θα-

770 712 978 783 σωρίῳ,
1013 714 1132 767 δέον
1169 716 1266 784 τῆς
1297 714 1505 783 πλάνης
1529 713 1902 783 ἀπηλλάχθαι,
1936 713 2029 766 καὶ
2064 714 2137 781 μὴ
2171 713 2325 779 νομί-

766 804 881 868 ζειν
913 806 977 857 ἐκ
1005 805 1098 858 τοῦ
1125 805 1283 874 ὄρους
1308 804 1493 858 λαόεἶν
1523 805 1679 857 τοῦτο
1707 804 1808 875 τὴν
1833 805 2031 873 ἀρχὴν,
2065 804 2095 854 ὁ
2118 803 2173 856 δὲ
2189 802 2325 871 δόλῳ

767 895 966 965 παρεὶς
990 895 1255 959 ἐκείνους,
1290 896 1364 957 ὡς
1390 895 1535 949 τοῦθ’
1582 896 1743 965 ἡμῶν
1767 896 2032 963 λεγόντων
2088 893 2324 963 ὑπερκό-

769 1002 925 1050 σμιον
959 988 1271 1055 κατηγορεῖ.
1314 987 1364 1037 7.
1420 985 1572 1050 Quod
1606 985 1830 1053 deiferos
1888 984 2073 1037 Patres
2104 981 2323 1036 audiens

765 1076 1016 1138 dicentes,
1036 1076 1262 1142 idipsmn
1288 1092 1398 1130 esse
1424 1076 1596 1129 lumen
1623 1077 1759 1146 quod
1784 1086 1905 1129 ante
1927 1077 2183 1128 mundum
2216 1074 2319 1141 fuit

764 1174 811 1215 et
837 1166 975 1232 quod
1008 1167 1059 1215 in
1086 1165 1341 1217 Tltaborio
1372 1167 1639 1231 apparuit,
1668 1182 1788 1219 cum
1825 1174 2079 1232 oporteret
2110 1179 2229 1217 eum
2255 1162 2319 1213 ab

764 1270 937 1308 errore
962 1271 1013 1307 se
1043 1258 1301 1323 expedire,
1332 1274 1423 1310 nec
1453 1266 1642 1319 putare
1665 1256 1842 1309 lumen
1868 1256 2005 1309 illud
2035 1270 2099 1309 ex
2144 1261 2317 1307 monte

761 1347 1072 1413 principium
1114 1350 1393 1413 accepisse,
1425 1348 1514 1401 ille
1574 1348 1696 1403 dolo
1725 1348 1897 1401 tacitis
1925 1345 2176 1399 Patribus
2227 1359 2318 1396 nos

767 1437 1057 1500 insimulet,
1081 1439 1217 1506 quod
1245 1439 1482 1492 dicamus
1504 1441 1674 1509 ipsum
1709 1456 1818 1493 esse
1850 1455 2010 1509 supra
2040 1439 2313 1503 mundum.

832 1527 901 1596 η’.
933 1529 1052 1580 Ὀτι
1089 1529 1147 1580 τὸ
1174 1530 1506 1598 προκόσμιον
1543 1532 1636 1583 καὶ
1672 1530 2041 1599 ὐπερκόσμιον
2090 1528 2314 1582 καὶτῶν

761 1620 945 1672 ἀϊδίων
970 1621 1214 1686 ἀγγέλων
1242 1622 1356 1688 φῶς
1384 1624 1411 1674 ό
1437 1622 1570 1684 Θεός
1606 1622 1752 1675 ἔστιν
1785 1621 1969 1685 αὐτὸς,
2004 1620 2097 1674 καὶ
2121 1617 2311 1673 τοῦτον

761 1712 977 1763 κτιστὸν
1022 1709 1161 1765 εἶναι
1216 1712 1488 1764 δείκνυσιν
1523 1711 1828 1775 ’Δκίνδυνος
1862 1713 2040 1764 ἐκεῖνο
2091 1711 2308 1763 κτιστδν

760 1802 1212 1870 ἀποφαινόμενος.
1239 1804 1289 1857 8.
1313 1803 1462 1866 Quod
1487 1803 1789 1872 angelorum
1817 1802 1991 1855 lumen
2011 1809 2132 1856 ante
2162 1816 2315 1853 mun-

758 1890 886 1943 dum
909 1901 955 1943 et
1009 1908 1163 1957 supra
1184 1893 1454 1956 mundum,
1487 1892 1620 1946 Deus
1647 1894 1753 1960 ipse
1777 1892 1843 1944 sit
1863 1892 2112 1959 ,‘t'deoque
2144 1889 2307 1943 Deum

758 1988 991 2031 creatum
1026 1995 1133 2032 esse
1166 1978 1315 2043 dicit,
1336 1981 1426 2049 qui
1449 1981 1621 2033 lumen
1656 1980 1790 2033 illud
1828 1990 2061 2033 creatum
2128 1979 2305 2033 decla-

759 2078 895 2191 ηδ’.
938 2139 1299 2208 Παράστασις,
1343 2142 1422 2193 ὅτι
1452 2143 1547 2210 οὐχ
1613 2142 1796 2213 ἡμεῖς,
1858 2143 1992 2197 ἀλλὰ
2047 2144 2312 2215 Βαρλαὰμ.

757 2230 852 2283 καὶ
894 2230 1198 2293 Ἀκίνδυνός
1226 2235 1372 2284 ἐστιν
1416 2234 1464 2285 οί
1488 2232 1688 2302 μεταξύ
1743 2233 1877 2288 Θεοῦ
1930 2234 2023 2287 καὶ
2066 2236 2314 2303 ἀγγέλων

759 2319 894 2375 εἶναι
930 2324 1349 2393 δογματίζοντες
1386 2327 1499 2394 φῶς
1521 2326 1549 2379 δ
1584 2327 1720 2397 μήτε
1750 2327 1901 2395 Θεὸς,
1932 2328 2059 2398 μήτ’
2082 2329 2313 2397 ἄγγελός

759 2414 928 2466 ἐστιν’
950 2417 1004 2466 ὲν
1104 2417 1196 2468 καὶ
1223 2418 1303 2469 ὅτι
1328 2417 1441 2485 φῶς
1460 2419 1488 2469 ὁ
1510 2418 1642 2480 Θεὸς
1672 2419 1734 2471 οὐ
1766 2418 1885 2473 κατ’
1904 2420 2114 2482 οὐσίαν,
2172 2421 2308 2474 ἀλλὰ

757 2504 877 2556 κατ’
897 2504 1173 2571 ἐνέργειαν
1206 2505 1443 2571 λέγεται.
1486 2506 1539 2560 9.
1582 2506 1995 2571 Demonstratio,
2029 2511 2166 2577 quod
2197 2527 2300 2562 non

760 2611 875 2660 nos,
901 2597 989 2648 sed
1019 2595 1267 2648 Barlaam
1289 2607 1336 2648 et
1360 2598 1660 2668 Arindynus
1688 2600 1823 2652 inter
1847 2598 2006 2653 Deum
2034 2611 2081 2652 et
2102 2605 2312 2670 angelos

757 2688 928 2739 lumen
958 2702 1066 2738 esse
1087 2685 1324 2745 doceant,
1349 2688 1487 2754 quod
1513 2704 1670 2755 neque
1709 2688 1867 2751 Deus,
1899 2706 2057 2758 neque
2094 2690 2310 2759 angelus

756 2777 862 2839 sit;
917 2775 1004 2827 ubi
1022 2777 1179 2827 etiam
1221 2776 1354 2830 Deus
1408 2776 1578 2828 lumen
1640 2777 1837 2830 dicitur
1867 2794 1968 2832 non
2021 2782 2304 2833 secundum

757 2867 1129 2925 substantiam.
1154 2867 1241 2920 sed
1267 2869 1547 2920 secundum
1581 2870 1949 2936 operationem.

828 2966 879 3012 ι’.
915 2958 1284 3031 Παρᾶστασις,
1316 2960 1395 3012 ὅτι
1420 2961 1481 3011 τὸ
1511 2960 1902 3031 ὐπερουράνιον
1963 2959 2080 3028 φῶς
2125 2960 2306 3012 διακο⁴

762 3053 928 3119 πῆναι
956 3051 1061 3103 ὑπὸ
1088 3052 1185 3118 τῆς
1218 3050 1466 3119 οὐρανίου
1499 3051 1851 3119 περιφερείας
1905 3054 1931 3104 ὁ
1982 3034 2153 3120 μέγας
2203 3051 2306 3119 ἔφη

758 3143 1057 3205 Ιῖασίλειος,
1087 3142 1185 3210 οὐχ
1221 3141 1293 3203 ὠς
1324 3142 1503 3194 ὑλικὸν
1529 3141 1778 3211 ὑπάρχον
1819 3142 1912 3193 καὶ
1936 3141 2025 3194 διὰ
2041 3142 2200 3194 τοῦτο
2228 3142 2303 3211 μὴ

754 3234 821 3285 δι’
846 3235 1058 3301 ἐκείνης
1077 3233 1605 3301 δυνάμενονςχωρεῖν,
1656 3232 1907 3297 καθάπερ
1932 3234 1960 3284 ὀ
2003 3232 2309 3294 ’Λκίνδυνος

756 3325 1032 3390 ἐξεδέξατο
1063 3324 1465 3393 φρενοδλαόὦς,
1508 3323 1623 3377 ἀλλ’
1657 3325 1731 3386 ὼς
1753 3324 1860 3377 τῶν
1919 3325 2197 3396 αἰσθητῶν
2231 3324 2307 3393 μὴ

750 3416 1017 3469 δεκτικῶν
1042 3415 1208 3467 όντων
1236 3414 1447 3483 ἐκείνης
1482 3416 1580 3481 τῆς
1616 3414 2013 3483 λαμπρότητος,
2059 3414 2190 3483 μηδὲ
2239 3413 2308 3467 δι’

753 3505 969 3575 ἐκείνης
1018 3505 1246 3575 ὁρᾶσθαι
1333 3505 1671 3572 πεφυκότων.
1733 3504 1818 3559 10.
1894 3505 2305 3568 Demonstratio,

752 3601 889 3665 quod
909 3599 1257 3665 supercaeleste
1286 3600 1454 3652 lumen
1479 3616 1510 3651 a
1526 3598 1715 3651 caelesti
1734 3598 2153 3664 circumferentia
2179 3612 2305 3666 pra:-

752 3692 922 3743 scindi
953 3692 1142 3743 dixerit
1171 3707 1387 3759 magnus
1412 3688 1771 3751 Basilius,non
1793 3689 1929 3758 quod
1955 3690 2221 3742 maleriale
2239 3690 2308 3741 sit

751 3785 965 3850 ideoque
1020 3799 1119 3834 non
1148 3784 1306 3846 possit
1335 3799 1447 3835 eam
1476 3791 1766 3849 penetrare,
1799 3790 1854 3832 ut
1919 3782 2074 3834 stulte
2151 3782 2310 3835 Acin-

752 3876 921 3941 dgnus
979 3874 1033 3925 id
1108 3874 1323 3938 accepit.
1382 3873 1472 3925 sed
1498 3873 1635 3941 quod
1663 3872 1927 3927 sensibilia
1975 3871 2305 3939 splendorem

752 3964 903 4018 illum
933 3979 1032 4016 non
1059 3964 1340 4016 admittant
1371 3980 1433 4015 ac
1461 3980 1549 4032 per
1575 3963 1726 4017 illum
1747 3963 1907 4016 videri
1942 3979 2043 4015 non
2083 3963 2303 4030 possint.

824 4087 913 4133 ια’.
943 4079 1285 4148 Παράστασις
1330 4077 1389 4142 ἐξ
1428 4072 1501 4131 ὧν
1552 4080 1579 4131 ὁ
1632 4078 1937 4141 Ἀκίνδυνος
2005 4079 2305 4147 προήνεγκε

750 4170 844 4221 τοῦ
877 4171 1109 4240 μεγάλου
1142 4170 1416 4221 Διονυσίου
1450 4173 1541 4223 καὶ
1573 4169 1630 4234 ἐξ
1654 4164 1728 4226 ὧν
1754 4171 1932 4233 αὐτὸς.
1954 4171 2083 4239 παρ’
2103 4169 2300 4223 ἑαυτοῦ

751 4263 1044 4330 γέγραφεν,
1068 4262 1149 4313 ὅτι
1185 4262 1308 4331 μίαν
1341 4264 1437 4330 μὲν
1460 4264 1617 4331 ἡμεῖς
1648 4261 1880 4328 θεότητα
1903 4261 2297 4329 πρεσϐεύομεν,

750 4354 842 4405 δύο
873 4354 927 4405 δὲ
956 4352 1116 4415 αὐτὸς
1153 4354 1415 4421 ὲκφύλους
1454 4355 1541 4406 καὶ
1570 4353 1787 4414 ἀνίσους
1822 4355 1914 4406 καὶ
1959 4354 2308 4422 ἀπεσχοινισ-

755 4445 922 4509 μένας
965 4444 1241 4506 παντελῶς
1316 4445 1578 4513 ἀλλήλων.
1649 4446 1732 4498 11.
1784 4444 2174 4497 Demonstratio
2239 4459 2305 4495 ea:

751 4538 817 4586 iis
853 4550 967 4603 quia
992 4537 1293 4605 Acindynus
1309 4536 1526 4603 protulit
1552 4537 1723 4604 magni
1759 4534 1996 4603 Dionysii
2044 4536 2199 4587 dictis
2254 4545 2308 4588 et

751 4642 814 4678 e.r.
839 4627 904 4678 iis
933 4643 1047 4694 quia
1073 4627 1176 4694 ipse
1206 4644 1299 4679 suo
1332 4637 1496 4679 marte
1521 4628 1750 4693 scripsit,
1780 4626 1917 4695 quod
1951 4644 2040 4679 nos
2091 4629 2300 4696 quidem

754 4733 909 4768 unam
927 4718 1170 4770 deitatem
1202 4720 1559 4785 prwdicemus,
1582 4718 1666 4769 ille
1695 4733 1810 4769 vero
1839 4717 1972 4769 duas
2002 4730 2302 4781 extraneas,

754 4811 1053 4878 ina-quales,
1086 4820 1132 4862 et
1162 4828 1192 4863 a
1218 4826 1270 4862 se
1319 4810 1528 4862 invicem
1589 4812 1797 4865 omnino
1867 4820 2165 4877 separatas.

827 4903 911 4969 ιβ’.
944 4904 1064 4954 Ὀτι
1097 4906 1187 4956 καὶ
1212 4902 1366 4971 ῥῆσιν
1399 4902 1789 4971 παραχαράξας
1823 4901 1913 4954 τοῦ
1950 4906 2147 4960 σεπτοῦ
2190 4908 2307 4959 Ma-

753 4993 908 5061 ξίμου
941 4994 1291 5063 προεϐάλετο,
1322 4994 1443 5046 καθ’
1464 4997 1529 5065 ἣν
1558 4994 1771 5056 πολλοῖς
1814 4995 2119 5057 ἀλλοκότοις
2147 5017 2303 5066 περι-

750 5087 968 5137 πίπτων
995 5084 1354 5153 ἐξελέγιεται.
1414 5088 1591 5156 σάρκα
1658 5105 1713 5139 τε
1768 5090 2195 5152 κατασκευάζων
2247 5092 2308 5147 τὸ

748 5175 843 5240 τῆς
880 5176 1356 5243 μεταμορφώτεως
1384 5176 1522 5242 φῶς,
1551 5178 1643 5230 καὶ
1673 5180 1759 5230 διὰ
1814 5179 2023 5231 πολλῶν
2046 5179 2307 5243 πολύθεὸς

748 5280 804 5312 τε
844 5262 960 5329 ἅμα
1017 5266 1109 5315 καὶ
1155 5264 1311 5325 ἄθεος
1364 5266 1732 5331 δεικνύμενος.
1801 5268 1884 5321 12.
1923 5267 2073 5332 Quod
2098 5270 2297 5322 dictum

749 5356 1025 5406 venerandi
1093 5354 1313 5406 Maximi
1361 5356 1636 5423 protulerit
1686 5359 1749 5409 ab
1781 5374 1833 5424 se
1862 5361 2148 5423 detortum,
2206 5378 2306 5430 quo

750 5452 919 5521 posito
951 5450 1002 5497 in
1067 5446 1233 5499 multa
1274 5448 1503 5503 absurda
1553 5449 1770 5514 labitur,
1811 5468 2017 5506 carnem
2071 5470 2304 5510 asserens

747 5550 861 5589 esse
883 5538 1054 5590 lunien
1077 5540 1577 5609 trans/igurationis.
1611 5551 1659 5596 et
1686 5544 1867 5601 multis
1925 5544 2094 5601 modis
2153 5549 2301 5618 polg-
2329 5531 2334 5540 ’

749 5629 896 5679 theus
920 5628 1079 5680 simul
1111 5641 1156 5680 et
1195 5631 1376 5684 atheus
1407 5629 1796 5698 comprobatur.

825 5725 911 5782 ιγ’.
954 5715 1073 5771 Ὅτι
1113 5721 1272 5771 παλαι
1324 5721 1477 5789 μὲνὸ
1510 5724 1765 5796 σοφιστὴς
1814 5727 1911 5793 τῆς
1969 5732 2165 5791 κακίας
2214 5737 2300 5783 δια

749 5810 844 5877 τῆς
873 5811 1156 5875 πολυθεῗας
1184 5813 1393 5881 ἀπατᾷν
1425 5815 1715 5885 ἑπεχεερει,
1768 5813 1862 5870 νῦν
1890 5819 1947 5871 δὲ
1987 5820 2059 5887 τῷ
2115 5824 2292 5886 ἑνιαὶοδ

2002 411 2382 471 GREGORII
2426 412 2748 472 ΡΑιΑΜΑι

3885 408 3998 471 824

2438 530 2599 598 eam
2630 526 2946 596 συνηγορῶν
2977 529 3070 581 τοῦ
3105 526 3225 589 ἑνὸς
3252 525 3440 589 δολίως
3488 524 3786 595 ἀφιστάναι
3828 526 3991 582 Θεοῦ.

2437 621 2523 673 15.
2566 619 2716 684 Quod
2744 619 2869 672 olim
2898 620 3105 688 quidem
3136 618 3401 685 improbus
3461 616 3553 670 ille
3607 618 3844 685 sephista
3900 628 3996 684 per

2433 708 2875 778 multiplicitatem
2939 709 3155 761 deorum
3199 707 3384 775 fallere
3422 716 3639 761 conatus
3686 708 3795 770 sit;
3854 722 3995 760 nunc

2433 808 2607 852 autem
2634 798 2827 852 unitati
2848 798 3184 867 patrocinans
3211 799 3275 849 ab
3308 812 3412 848 uno
3469 795 3578 848 Deo
3602 796 3849 850 absistat.

2503 888 2585 944 ιδ’.
2628 890 2750 944 Ὀτι
2781 890 2945 958 λῆρος
2964 890 3026 942 τὸ
3062 888 3193 957 παρ’
3233 886 3541 940 ’Δκινδύνου
3570 887 3887 956 λεγόμενον,
3914 886 3997 948 ὡς

2430 981 2516 1034 διὰ
2545 982 2605 1033 τὸ
2638 981 2859 1044 ἀσθενὲς
2886 981 2984 1050 τῆς
3018 980 3295 1050 ἡμετέρας
3314 977 3571 1046 γνώσεως
3626 977 3829 1039 πολλὰς
3894 979 3994 1031 καὶ

2428 1073 2715 1142 διαφόρους
2754 1073 2984 1140 λέγομεν
3003 1072 3101 1135 τὰς
3126 1071 3406 1141 ἐνεργείας
3421 1071 3514 1124 τοῦ
3534 1070 3690 1123 Θεοῦ.
3723 1071 3812 1123 14.
3839 1069 3994 1134 Quod

2429 1178 2577 1232 nugte
2596 1164 2701 1216 sint
2716 1165 2826 1217 haec
2840 1163 3272 1233 dictaAcindyni,
3292 1181 3384 1218 nos
3401 1164 3595 1217 scilicet
3623 1164 3686 1216 ob
3710 1163 3997 1231 inﬁmita-

2430 1262 2530 1308 tem
2562 1250 2874 1323 cognitionis
2903 1264 3095 1311 nostras
3134 1255 3330 1309 multas
3379 1265 3429 1310 et
3455 1256 3627 1309 varias
3656 1255 3829 1308 dicere
3865 1269 3989 1321 ope-

2426 1344 2655 1397 rationes
2678 1344 2792 1398 Dei.

2497 1442 2579 1493 ιι’.
2609 1436 2728 1489 Ὀτι
2756 1438 2829 1499 ὡς
2860 1437 3018 1503 αὐτὸς
3054 1438 3337 1507 ενίργειαν
3368 1434 3510 1491 εῖναι
3529 1437 3679 1503 λέγει
3707 1435 3800 1488 τὸν
3863 1433 3993 1487 mn

2424 1530 2517 1582 καὶ
2542 1528 2602 1579 τὸ
2628 1527 2847 1596 Πνεῦμα
2869 1528 2931 1581 τὸ
2960 1528 3136 1595 ἅγιον,
3160 1528 3238 1596 τῷ
3260 1528 3535 1598 Σαδελλίῳ
3563 1528 3863 1595 συμφωνεῖ.
3901 1525 3987 1579 15.

2426 1618 2576 1684 Quod
2600 1636 2716 1673 cum
2745 1618 2977 1674 dicit-F
2980 1621 3129 1674 ilium
3168 1629 3219 1675 et
3275 1620 3535 1688 Spiritum
3582 1628 3829 1671 sanctum
3875 1631 3992 1670 esse

2424 1712 2795 1777 operationem,
2821 1728 2939 1765 cum
2972 1711 3208 1767 Sabellio
3233 1714 3448 1767 sentiat.

2495 1809 2589 1868 ις’.
2650 1803 2773 1856 Ὀτι
2813 1803 2997 1867 κακῶς
3057 1802 3392 1874 εκλαμσάνει
3440 1803 3524 1866 τὸ,
3593 1801 3826 1869 δύναμιν
3896 1801 3991 1850 καὶ

2423 1893 2700 1964 ἐνέργειαν
2722 1894 2813 1946 τοῦ
2843 1894 3053 1963 Πατρδς
3084 1894 3341 1962 λέγεσθαι
3364 1893 3525 1963 μόνον
3550 1891 3642 1945 τὸν
3695 1890 3845 1943 Υίόνυ
3895 1889 3991 1941 καὶ

2421 1978 2503 2031 ὅτι
2532 1978 2687 2032 τοῦτο
2715 1977 2891 2042 καλῶς
2952 1981 3457 2051 ἔκλαμὸανόμενον,
3524 1980 3782 2034 ἄκτιστον
3844 1971 3986 2030 εῖναι

2423 2072 2716 2142 παρίστησι
2749 2072 2847 2139 τὴν
2879 2071 3063 2141 κοινὴν
3117 2072 3350 2142 δύναμιν
3384 2072 3479 2125 καὶ
3536 2071 3823 2145 ἐνέργειαν
3887 2066 3980 2120 τοῦ

2424 2163 2631 2232 Πατρδς
2660 2163 2751 2215 καὶ
2775 2164 2865 2215 τοῦ
2898 2162 3025 2216 Υἱοῦ
3055 2164 3146 2215 καὶ
3172 2163 3265 2215 τοῦ
3295 2163 3473 2230 ἁγίου,
3516 2163 3866 2231 Πνεύματος,
3890 2158 3985 2211 καὶ

2421 2255 2517 2325 τῆς
2538 2256 2719 2324 κοινῆς
2746 2255 2931 2319 οὐσίας
2970 2255 3361 2327 διαφέρουσαν.
3398 2254 3483 2308 16.
3521 2253 3676 2319 Quod
3724 2251 3859 2305 male
3891 2266 3983 2303 ac-

2421 2350 2582 2417 cipiat
2617 2349 2748 2403 illud
2790 2365 2807 2402 :
2858 2349 3103 2402 virtutem
3139 2359 3187 2402 et
3234 2349 3585 2415 operationem
3645 2345 3823 2399 Patris
3875 2343 3985 2397 dici

2421 2442 2588 2494 solum
2622 2440 2839 2501 Filium,
2867 2449 2917 2493 et
2948 2442 3106 2509 quod,
3130 2439 3263 2492 illud
3303 2441 3350 2493 si
3370 2449 3502 2493 recte
3547 2439 3864 2507 accipiatur,
3908 2437 3990 2488 ia-

2421 2541 2649 2585 creatam
2673 2531 3032 2599 esseZdeclaret
3089 2547 3420 2584 communem
3468 2532 3713 2585 virtutem
3736 2540 3784 2583 et
3802 2544 3989 2596 opera-

2419 2625 2611 2676 tionem
2631 2621 2809 2675 Patris
2824 2630 2874 2675 et
2896 2619 3085 2675 Filiiet
3106 2620 3335 2690 Spiritus
3352 2624 3544 2688 sancti,
3589 2633 3637 2677 et
3668 2640 3698 2675 a
3725 2624 3991 2676 communi

2418 2714 2641 2766 essentia
2672 2713 2997 2766 distinetur».

2489 2801 2577 2865 ιζ’.
2611 2802 2707 2864 Τίς
2739 2804 2772 2871 ὴ
2802 2802 3032 2872 εὐσεϐὴς
3069 2802 3280 2856 διάνοια
3311 2803 3431 2855 καθ’
3463 2804 3529 2874 ἢν
3581 2804 3815 2857 ἕκαστον
3875 2804 3983 2857 τῶν

2417 2889 2583 2961 τριῶν
2599 2890 2997 2961 προσκυνητιῖω
3014 2891 3322 2959 προσώπων
3352 2891 3576 2961 δύναμις
3604 2894 3695 2943 καὶ
3730 2892 3986 2960 ἐνέργεια

2418 2983 2684 3037 καλεῖται’
2716 2975 3023 3049 ὲνῷπάλιν
3063 2985 3191 3053 περὶ
3256 2983 3355 3051 τῆς
3419 2986 3604 3053 κοινῆς
3652 2982 3762 3034 τῶν
3816 2982 3988 3052 τριῶν

2416 3074 2695 3143 δυνάμεως
2732 3074 2824 3127 καὶ
2861 3074 3161 3142 ἐνεργείας.
3189 3075 3271 3128 17.
3294 3073 3545 3139 Quaenam
3576 3076 3645 3127 sit
3668 3076 3756 3143 pia
3778 3085 3987 3127 senten-

2419 3165 2493 3216 tia
2549 3164 2835 3216 secundum
2880 3181 3038 3234 quam
3063 3165 3285 3235 singula!
3310 3174 3411 3219 tres
3443 3166 3728 3219 adorandte
3750 3180 3987 3231 persona:

2417 3258 2579 3310 uirtus
2610 3267 2659 3310 ct
2713 3259 2943 3322 operatio
2964 3268 3244 3323 vocantur;
3270 3258 3357 3312 ubi
3391 3274 3601 3311 rursum
3638 3260 3699 3312 de
3722 3260 3988 3311 communi

2420 3350 2577 3401 trium
2597 3350 2785 3401 virtute
2806 3359 2855 3401 et
2891 3349 3212 3415 Operatione.

2488 3445 2577 3505 ιη’.
2599 3436 2720 3492 ’Ότι
2755 3437 2861 3491 τῶν
2892 3437 3154 3504 θεολόγων
3186 3439 3278 3491 καὶ
3311 3438 3385 3507 μὴ
3413 3434 3555 3492 εἷναι
3585 3439 3683 3491 καὶ
3717 3432 3860 3491 εἶναι
3890 3438 3983 3491 τὸν

2416 3526 2544 3579 Θεδν
2563 3528 2843 3595 ενέργειαν
2865 3527 3130 3594 λεγόντων
3156 3528 3475 3581 καὶτούτων
3507 3529 3769 3597 ἑκάτερον
3782 3530 3973 3598 διχῶς,

2418 3621 2553 3690 πρὸς
2578 3618 2634 3673 δὲ
2669 3621 2761 3672 καὶ
2798 3619 2979 3689 κοινὴν
3009 3618 3116 3673 τῶν
3139 3620 3307 3689 τριῶν
3336 3620 3645 3689 προσώπων
3702 3618 3849 3675 εἶναι
3872 3623 3982 3675 δει-

2418 3713 2657 3765 κνύντων
2673 3713 2927 3767 ἀκτιστον
2956 3712 3182 3780 δύναμίν
3206 3729 3267 3763 τε
3298 3713 3391 3764 καὶ
3414 3713 3719 3783 ἐνέργειαν,
3746 3717 3775 3767 δ
3809 3716 3983 3767 ’Δκίνθ

2416 3804 2568 3865 δυνος
2594 3801 2731 3873 πλὴν
2769 3802 2862 3856 τοῦ
2895 3802 3150 3871 λέγεσθαι
3204 3802 3433 3873 δύναμιν
3463 3821 3521 3856 τε
3558 3811 3653 3858 καὶ
3694 3805 3982 3874 ἐνέργειαν

2418 3894 2583 3947 τᾶλλα
2611 3893 2787 3947 πάντα
2818 3892 3016 3946 ἀθετεῖ.
3049 3892 3138 3947 18.
3168 3892 3321 3957 Quod
3367 3911 3485 3947 cum
3516 3899 3745 3967 theologi
3811 3898 3977 3951 Deum

2416 3996 2465 4039 et
2498 4000 2605 4038 esse
2634 3992 2683 4038 et
2744 3999 2843 4037 non
2889 4000 2999 4038 esse
3051 3986 3406 4049 operationem
3450 3988 3649 4049 dicant,
3676 3998 3729 4041 et
3768 4000 3981 4042 utrum-

2416 4092 2513 4145 que
2547 4077 2765 4130 seorsim
2795 4091 2815 4129 :
2835 4091 2953 4128 cum
2989 4076 3253 4129 declarent
3301 4078 3462 4130 etiam
3510 4095 3839 4132 communem
3867 4096 3987 4135 esse

2419 4166 2574 4216 trium
2599 4179 2935 4231 personarum
2955 4164 3241 4217 increatam
3260 4167 3495 4217 virtutem
3521 4176 3570 4219 et
3597 4170 3978 4236 operationem.

2419 4255 2719 4323 Acindynus
2768 4264 2979 4307 tantum
3045 4254 3189 4308 dicat
3252 4255 3501 4310 virtutem
3525 4267 3575 4311 et
3595 4261 3975 4325 operationem.

2416 4356 2702 4413 ceteraque
2725 4346 2899 4398 omnia
2945 4356 3112 4413 neget.

2489 4434 2573 4490 ιθ’.
2605 4434 2971 4503 Παράστασες,
2999 4438 3079 4489 ὅτι
3103 4440 3136 4506 ἠ
3162 4439 3572 4508 ὲνΘεωρουμένη
3598 4443 3665 4509 τῇ
3694 4440 3857 4510 οὐσίᾳ
3881 4440 3974 4495 τοῦ

2419 4528 2570 4595 ἁγίου
2638 4526 2971 4595 Πνεύματος,
3019 4528 3159 4581 κατὰ
3222 4530 3314 4582 τὸν
3380 4530 3662 4599 Θεολόγον,
3723 4533 3976 4603 ἐνέργεια

2418 4619 2666 4680 ἄκτιστός
2723 4621 2872 4680 ἐστι,
2929 4619 3025 4671 καὶ
3081 4619 3333 4673 σύνθεσιν
3404 4622 3663 4691 οὐδεμίαν
3718 4624 3976 4693 ἐμποιεῖ,

2419 4709 2519 4763 κᾶν
2578 4712 2627 4762 εί
2679 4710 2776 4778 τῆς
2830 4710 3015 4772 οὐσίας
3060 4710 3385 4781 διενήνοχεν.
3423 4711 3509 4766 19.
3560 4712 3975 4775 Demonstratio,

2416 4802 2551 4872 quod
2610 4802 2842 4867 operatio
2885 4803 2940 4853 in
2999 4803 3220 4854 essentia
3284 4800 3514 4864 Spiritus
3569 4805 3765 4870 sancti,
3793 4821 3978 4859 secun-

2416 4899 2539 4949 dum
2581 4892 2890 4961 Theologum
2938 4893 3291 4957 considerata,
3343 4895 3577 4949 increata
3621 4897 3713 4957 sit,
3748 4910 3798 4951 et
3843 4914 3985 4951 com-

2416 4985 2721 5053 positionem
2745 4980 3149 5050 nullam’faciat,
3194 4985 3403 5037 etiamsi
3431 4984 3496 5037 ab
3523 4988 3751 5040 essentia
3784 4989 3981 5041 distin-

2415 5086 2627 5145 guatur.

2488 5173 2557 5219 κ’.
2601 5164 2944 5234 Ὀτιταύτην
2977 5166 3202 5234 κτιστὴν
3232 5162 3378 5219 εἶναι
3416 5169 3671 5238 φανερῶς
3723 5171 3985 5247 δογματι-

2417 5258 2522 5322 ζων
2548 5259 2577 5310 ό
2617 5254 2942 5317 Ἀκίνδυνος,
2973 5257 3073 5325 τὴν
3096 5259 3353 5329 πέμπτην
3390 5262 3485 5312 καλ⁵
3514 5260 3613 5326 τὴν
3645 5260 3815 5329 ἕκτην
3872 5262 3981 5315 τῶν

2416 5347 2807 5416 οἰκουμενικῶν
2860 5347 3095 5399 συνόδων
3155 5348 3358 5412 τελέως
3404 5349 3608 5404 ἀθετεῖ.
3679 5352 3771 5405 20.
3830 5353 3982 5419 Quod

2417 5460 2532 5495 cum
2570 5441 2717 5493 illam
2746 5454 2856 5491 esse
2921 5450 3155 5492 creatam
3184 5451 3359 5508 aperte
3413 5443 3598 5497 doceat
3658 5444 3981 5518 Acindgnus,

2414 5538 2649 5603 quintam
2685 5541 2730 5584 et
2760 5539 2960 5590 sextam
2993 5534 3331 5587 acumenicas
3366 5536 3591 5603 synodos
3619 5540 3832 5591 omnino
3870 5539 3961 5591 uili

2414 5622 2622 5689 pendat.

2486 5714 2589 5768 xa'.
2628 5717 2993 5786 Παράστασις,
3029 5718 3109 5769 ὅτι
3140 5718 3242 5770 κᾶν
3271 5716 3618 5786 σνμϐεόηκός
3644 5734 3763 5779 πως
3817 5717 3979 5785 λέγη-

2420 5823 2503 5857 ται
2526 5808 2556 5876 ἡ
2582 5808 2829 5877 ἐνέργεια
2857 5808 3019 5877 αὐτη,
3044 5809 3163 5862 ἀλλ’
3190 5811 3286 5881 οὐχ
3310 5805 3425 5875 ρίον
3456 5811 3528 5879 μὴ
3564 5811 3846 5880 προσεῖναι
3904 5808 3981 5881 τίει
