4274 6452
261 420 374 483 825

263 534 406 602 θεῷ·
432 534 489 585 ιν
518 526 660 601 ᾖδιὰ
683 530 893 583 πολλῶν
919 530 1215 596 ἀπόδειξις,
1283 528 1367 581 ὅτι
1430 527 1678 597 διαφέρει
1726 527 1827 594 τῆς

263 622 518 675 ἀκτίστου
543 620 729 683 οὐσίας
749 622 1002 682 ἄκτιστες
1018 618 1281 686 ὲνέργεια.
1310 617 1371 670 91
1388 656 1401 669 .
1423 615 1827 676 Deinonstratio,

264 712 406 779 quod
459 712 672 764 etiamsi
725 711 835 763 Ita’c
862 712 1094 775 operatio
1120 709 1359 762 accidens
1414 723 1522 760 esse
1569 706 1828 773 quodam-

266 804 421 857 modo
477 806 706 864 dicatur,
758 818 861 856 non
908 815 1079 855 tamen
1134 803 1213 854 ita
1261 813 1316 854 ut
1347 799 1464 853 -Dea
1516 812 1619 851 non
1648 797 1827 860 adsit;

264 900 356 952 ubi
419 900 576 953 etiam
646 900 1025 952 demonstratio
1100 899 1307 965 prolixa
1383 899 1623 963 affertur.
1691 896 1828 963 quod

276 992 517 1043 insreata
575 993 811 1056 operatio
885 992 1093 1058 differat
1158 992 1220 1043 ab
1272 992 1507 1045 increata
1580 988 1827 1041 essentia.

314 1080 440 1133 κδ’.
461 1081 582 1132 Ὀτι
614 1083 645 1149 ἡ
675 1082 924 1150 ἐνέργεια
959 1080 1094 1147 αὕτη
1118 1082 1211 1132 καὶ
1242 1078 1512 1139 οὐσιωδῶς
1546 1080 1829 1145 προσεῖναι

261 1172 342 1233 τῷ
375 1172 497 1238 Θεῷ
529 1175 621 1225 καὶ
655 1173 951 1242 ἐνεργοῦσα
985 1174 1131 1241 παρὰ
1154 1172 1261 1223 τῶν
1302 1170 1566 1235 θεολόγων
1630 1186 1829 1237 μαρτυ-

265 1264 579 1330 ρείται,καὶ
602 1263 675 1324 ὠς
708 1263 911 1328 ταύτην
943 1262 1145 1330 κτίσμα
1170 1260 1422 1329 φανερῶς
1456 1260 1634 1325 λέγων
1673 1260 1701 1310 ό
1734 1259 1827 1309 ’Λ-

253 1354 533 1415 κίνδυνος,
554 1355 758 1420 κτίσμα
799 1356 889 1405 τὴν
949 1354 1082 1405 Θεὸν
1154 1356 1320 1404 ποιεί.
1377 1351 1467 1403 22.
1518 1350 1670 1412 Quod
1722 1350 1830 1401 haec

264 1448 503 1514 operatio
524 1458 571 1499 et
593 1446 937 1499 essentinliter
963 1444 1137 1498 adesse
1172 1443 1274 1496 Deo
1296 1453 1343 1495 et
1366 1442 1573 1508 operari
1608 1457 1638 1493 a
1684 1440 1830 1491 theo-

263 1543 397 1612 logis
429 1552 740 1605 asseratur;
773 1550 820 1594 et
870 1542 1009 1610 quod
1039 1558 1155 1592 cum
1201 1540 1347 1592 illam
1393 1554 1502 1592 esse
1530 1546 1829 1590 creaturam

266 1644 450 1703 aperte
482 1634 623 1685 dicat
652 1633 976 1701 Acindynus,
1018 1631 1183 1685 Deum
1204 1632 1370 1699 ipsam
1421 1639 1717 1681 creaturam
1744 1626 1829 1694 fa-

265 1728 397 1779 ciat.

339 1816 445 1883 κγ’.
477 1816 599 1871 ’Ότι
630 1816 687 1867 τὸ
716 1816 919 1879 λέγειν,
957 1812 1207 1881 καθάπερ
1236 1805 1411 1873 οὗτος.
1440 1811 1530 1862 τὸν
1566 1808 1693 1861 Υίὸν
1737 1808 1834 1860 καὶ

262 1912 326 1963 τὸ
359 1911 582 1975 Πνεῦμα
610 1910 704 1961 τοῦ
733 1908 868 1960 Θεοῦ
901 1906 997 1975 τὴν
1024 1907 1210 1958 οὐσίαν
1238 1899 1378 1957 εἶναι
1401 1902 1494 1954 τοῦ
1523 1900 1681 1963 Θεοῦ,
1726 1918 1824 1951 πο-

260 1999 330 2053 λὺ
363 2001 465 2069 μὲν
495 1999 607 2067 ἔχει
641 2000 699 2050 τὸ
730 1998 946 2063 ἄλογον,
972 1996 1152 2048 πλεῖον
1182 1994 1237 2046 δὲ
1266 1992 1323 2044 τὸ
1354 1991 1632 2052 δυσσεόἑςο
1700 1991 1759 2041 ὲν

263 2090 549 2159 κεφαλαίῳ
584 2090 746 2141 πάλιν
777 2088 1137 2158 παράστασις,
1172 2086 1251 2137 ὅτι
1279 2085 1368 2135 καὶ
1396 2084 1632 2151 ᾶναρχός
1686 2082 1832 2133 ἐστιν

263 2185 297 2251 ἡ
326 2185 656 2251 διαφέρουσα
681 2183 777 2248 τῆς
805 2180 954 2240 θείας
1004 2178 1190 2238 οὑτίας
1243 2178 1363 2228 Θεία
1423 2175 1695 2241 ἐνέργεια.
1737 2173 1829 2225 25.

264 2274 421 2339 Quod
453 2276 642 2330 dicere.
694 2285 750 2326 ut
782 2273 869 2324 ille
896 2272 1044 2335 dicit,
1104 2269 1301 2322 Filium
1334 2278 1381 2321 et
1430 2267 1683 2333 Spiritum
1738 2264 1832 2317 Dei

263 2367 551 2419 essentiam
587 2365 679 2417 Dei
711 2381 837 2425 esse,
872 2379 1115 2429 magnam
1143 2362 1389 2427 prteferat
1428 2359 1831 2414 absurditatem,

265 2458 525 2525 majorem
559 2471 676 2509 vero
726 2456 1067 2523 impietatem.
1124 2456 1187 2506 In
1246 2467 1346 2521 quo
1405 2452 1572 2518 capite
1622 2464 1834 2502 rursum

264 2553 667 2604 demonstratur
726 2550 961 2601 divinam
993 2548 1371 2614 operationem,
1414 2562 1443 2597 a
1476 2546 1653 2596 divina
1670 2558 1837 2595 essen-

267 2644 344 2696 tia
383 2644 712 2701 distinctam,
746 2656 858 2692 esse
878 2640 989 2692 sine
1010 2638 1289 2705 printipio.

342 2734 438 2787 κδ’.
470 2733 840 2801 Παράπτασις,
886 2730 1082 2797 ὃτιοὺχ
1145 2730 1322 2797 ἡμεῖς.
1378 2727 1514 2779 ἀλλὰ
1570 2726 1836 2795 Βαρλαᾶμ

268 2827 363 2877 καὶ
400 2823 706 2883 ’Δκίνδυνός
733 2824 870 2873 εἰσιν
920 2821 970 2872 οἰ
1022 2820 1203 2872 ἄνισον
1237 2820 1329 2870 καὶ
1376 2818 1626 2885 ἀνόμοιον
1688 2813 1830 2869 εἶναι

266 2915 693 2985 δογματίζοντες
724 2914 818 2981 τὴν
850 2913 1001 2966 θείαν
1027 2913 1213 2965 οὐσίαν
1248 2912 1341 2964 καὶ
1375 2910 1474 2978 τὴν
1510 2910 1659 2962 θείαν
1692 2911 1837 2975 ἐνέρ-

270 3027 452 3077 γειαν,
474 3010 565 3060 καὶ
589 3006 681 3059 δύο
717 3006 978 3073 θεότητας
1012 3006 1261 3068 λέγοντες
1283 3002 1550 3062 ἐντεῦθεν,
1576 3003 1835 3070 ὑπερκει-

272 3104 443 3171 μένην
482 3102 575 3152 καὶ
632 3100 945 3172 ὑφειμένην.
978 3097 1069 3150 24.
1107 3094 1513 3153 Demonstratio,
1547 3094 1683 3158 quod
1733 3108 1835 3144 non

268 3210 364 3246 nos
393 3193 485 3246 sed
516 3190 769 3243 Barlaam
801 3199 847 3241 et
912 3190 1212 3256 Acindynus
1244 3189 1460 3239 doceant
1527 3185 1836 3254 iamqualem

266 3296 315 3341 et
366 3286 673 3339 dissimilem
712 3284 900 3334 diuina
929 3282 1166 3334 essentia:
1216 3295 1327 3333 esse
1353 3280 1593 3332 diuinam
1648 3291 1837 3344 opera-

265 3379 559 3437 tionem,et
601 3374 739 3441 quod
769 3374 885 3424 hinc
940 3372 1073 3424 duas
1132 3372 1355 3423 deitates
1412 3371 1613 3431 dicunt,
1671 3369 1836 3421 aliam

261 3468 750 3537 supereminentem,
800 3464 962 3517 aliam
1010 3464 1386 3517 demissiorem.

340 3559 441 3609 κε’.
476 3557 597 3608 Ὀτι
636 3558 771 3625 πρὸς
797 3554 1017 3614 πολλαῖς
1076 3553 1291 3620 ἑτέραις
1349 3552 1713 3613 δυσσεὸείαις,
1743 3553 1837 3604 καὶ

262 3651 365 3712 τὰς
407 3649 555 3707 θείας
591 3649 914 3708 ὑποστάσεις
953 3647 1172 3706 ἀνίσους
1220 3647 1357 3712 πρὸς
1416 3644 1653 3713 ἀλλήλας
1696 3640 1836 3695 εἷναι

260 3743 542 3795 δείκνυσιν
565 3743 591 3791 ὁ
636 3740 965 3800 Ἀκίνδυνος.
995 3738 1091 3790 καὶ
1114 3738 1189 3799 ὡς
1208 3738 1493 3807 πολλαχῶς
1524 3738 1583 3789 τὸ
1630 3737 1834 3790 ἑνιαίον

258 3832 358 3884 τοῦ
395 3830 552 3893 Θεοῦ,
586 3829 759 3881 καὶτὸ
785 3828 879 3896 τῆς
907 3826 1067 3893 ἁγίας
1097 3827 1326 3894 Τριάδος
1359 3828 1574 3895 ἀναιρεῖ
1634 3826 1839 3895 μυστή-

262 3940 407 3992 ριον·
444 3924 473 3972 ό
496 3923 549 3972 δὲ
568 3920 831 3985 Halani;
854 3918 926 3980 ὡς
954 3918 1165 3985 ἀληθῶς
1190 3920 1305 3968 ἐστι
1364 3917 1685 3985 πρεσσεύων
1742 3918 1836 3972 ἕνα

256 4012 700 4082 τρισυπόστατον
732 4011 863 4061 Θεὸν
896 4013 950 4061 ἐν
984 4011 1082 4079 μιᾷ
1112 4010 1350 4077 θεότητι.
1402 4009 1492 4061 25.
1530 4007 1679 4071 Quod
1699 4024 1837 4075 prte-

259 4117 343 4158 ter
378 4105 518 4156 alias
549 4103 741 4154 multas
773 4102 1087 4167 impieta'tes,
1142 4100 1346 4152 divinas
1380 4099 1676 4167 hypostases
1706 4100 1836 4151 ine-

255 4194 446 4263 quales
483 4193 622 4243 inter
646 4207 701 4243 se
747 4207 858 4243 esse
885 4190 1027 4241 dicat
1078 4190 1401 4258 Acindynus,
1435 4202 1480 4241 et
1511 4192 1647 4256 quod
1704 4190 1837 4241 mul-

257 4288 329 4335 tis
366 4284 536 4337 modis
574 4283 823 4333 unitatem
869 4281 962 4332 Dei
996 4289 1044 4334 et
1100 4282 1401 4348 mysterium
1441 4279 1497 4333 S.
1559 4279 1836 4333 Trinitatis

256 4381 326 4428 de
357 4376 531 4425 medio
563 4372 752 4433 tollat,
794 4380 980 4423 contra
1034 4386 1152 4423 vero
1182 4369 1435 4423 Palamas
1484 4386 1644 4421 unum
1697 4387 1834 4435 pra:-

254 4468 399 4519 dicet
428 4468 483 4517 in
510 4464 675 4515 tribus
700 4463 1071 4531 [typostasibus
1101 4472 1150 4515 et
1174 4464 1227 4515 in
1260 4480 1365 4514 una
1400 4462 1593 4515 deitate
1648 4463 1834 4516 Deum.

336 4557 481 4625 Πρὸς
514 4556 582 4607 τὰ
613 4556 691 4623 τῷ
733 4556 1025 4623 Ἀκινόὺνῳ
1048 4556 1189 4607 κατὰ
1232 4556 1323 4607 τοῦ
1367 4556 1545 4622 φωτὸς
1561 4556 1657 4625 τῆς
1672 4555 1835 4625 κάρι-

253 4666 352 4711 τος
376 4650 475 4701 καὶ
504 4646 616 4699 τῶν
641 4646 732 4697 ὑπ’
750 4647 911 4697 αὑτοῦ
946 4646 1085 4697 κατὰ
1110 4645 1402 4715 διαφόρους
1457 4648 1685 4714 καιροὺς
1739 4663 1835 4697 πε-

255 4756 476 4807 φωτισμ
488 4739 623 4791 ένων
641 4735 1103 4803 συγγεγραμμένα
1121 4734 1271 4801 λόγος
1290 4735 1665 4804 ἀντιρρητικὸς
1684 4734 1830 4785 E650-

257 4848 384 4898 μος.
418 4827 683 4879 Adversus
710 4842 771 4878 ea
807 4842 922 4893 qua:
949 4825 1249 4893 Acindynus
1273 4835 1459 4876 contra
1509 4825 1681 4877 lumen
1710 4842 1832 4894 gra-

256 4918 353 4966 tiae
383 4922 433 4965 et
466 4922 650 4964 contra
680 4928 767 4964 eos
798 4912 889 4979 qui
927 4928 1019 4979 per
1048 4912 1219 4964 lumen
1270 4913 1402 4964 illud
1433 4914 1590 4965 uariis
1629 4924 1831 4982 tempo-

253 5007 408 5058 ribus
425 5003 716 5056 illuminati
745 5012 866 5054 sunt
894 5002 1269 5067 scripsit,liber
1301 5002 1678 5055 Antii‘r/ieticus
1723 5019 1835 5062 sep-

255 5101 444 5152 timus.

331 5192 413 5242 Τά
446 5190 757 5255 κατάμερος
797 5186 889 5238 τοῦ
918 5186 1145 5254 ἑϐδόμου
1180 5185 1340 5251 λόγου
1373 5185 1667 5252 κεφάλαια.
1700 5185 1835 5239 Sea-

252 5287 374 5336 tinti
406 5283 533 5334 libri
576 5283 751 5345 capita
777 5281 1095 5331 mintttatim.

328 5382 398 5425 a'.
440 5374 561 5423 Ὀτι
617 5372 853 5437 εὐλόγως
894 5375 923 5423 ὁ
966 5371 1120 5435 λόγος
1169 5370 1291 5419 καθ’
1358 5370 1471 5421 ὁδὸν
1515 5370 1736 5439 προῖὼν,
1778 5373 1835 5422 ὲν

250 5467 370 5527 τοῖς
407 5467 537 5530 περὶ
561 5463 792 5533 θεωρίας
832 5463 1013 5528 λόγοις
1068 5461 1174 5511 τῶν
1230 5460 1388 5531 ἱερῶς
1453 5463 1834 5530 ἡσυχαζόντων

250 5556 469 5625 ἔληξεν,
505 5556 553 5607 l.
591 5554 746 5618 Quod
782 5568 947 5609 sermo
979 5558 1113 5605 recle
1145 5561 1192 5606 et
1230 5554 1616 5607 rationabiliter
1653 5571 1832 5621 proce-

250 5650 408 5709 dens,
441 5650 491 5699 ie
526 5663 705 5700 eorum
727 5645 881 5699 verba
904 5645 965 5698 de
1022 5644 1463 5712 contemplatione
1525 5649 1615 5713 qui
1664 5663 1832 5699 δίκην

252 5741 521 5805 ejusmodi
554 5739 719 5806 quieti
752 5748 958 5795 vacant,
988 5737 1215 5789 desinat.

328 5831 395 5899 β’.
432 5832 556 5883 Ὅτι
590 5834 619 5897 ἡ
648 5831 895 5892 θεοποιός
938 5833 1091 5898 χάρις
1130 5832 1219 5882 καὶ
1245 5830 1297 5882 τὸ
1329 5831 1467 5882 θεῖον
1494 5830 1625 5894 φὼς,
1656 5832 1712 5881 οὗ
1767 5832 1827 5882 δι’

1114 420 1427 483 OPEBUM
1470 421 1940 481 ARGUMENTA
1988 421 2087 480 EX
2129 419 2704 480 CODD.COISL[N.

3377 410 3487 476 826

1934 528 2122 596 ἔτερόν
2153 546 2205 579 τι
2240 530 2382 580 θεῖον
2424 531 2517 581 καὶ
2540 528 2793 582 ἄκτιστόν
2822 529 2985 580 ἐστιν.
3021 526 3074 579 2.
3117 524 3269 588 Quod
3301 525 3489 591 dei/ica

1933 622 2106 685 gratia
2138 630 2189 672 et
2234 623 2467 673 divinum
2505 624 2676 674 lumen
2741 632 2842 672 non
2890 633 2979 683 per
3025 619 3172 672 aliud
3221 618 3489 688 quidpiam

1930 711 2106 763 divina
2132 721 2180 763 et
2213 713 2444 764 increata
2477 713 2603 764 sint.

2004 802 2071 869 γ’.
2103 804 2224 855 Ὀτι
2252 804 2493 871 θυμῆρες
2524 803 2621 869 μὲν
2644 805 2774 873 ἡμῖν
2798 804 2856 855 τδ
2882 801 3070 862 κακῶς
3097 802 3313 853 ἀκούειν
3351 810 3493 867 μετα

1930 894 2026 961 τῆς
2054 894 2303 955 ἁσεὸείας
2331 897 2470 959 (sic),
2522 894 2747 946 ὲλεεινοὶ
2785 897 2841 946 δὲ
2897 897 2947 948 oi
2994 895 3180 955 κακῶς
3239 893 3492 958 λέγοντες

1932 988 2075 1054 ἡμᾶς
2106 987 2192 1038 διὰ
2222 987 2445 1057 ταύτην.
2499 990 2552 1043 5.
2597 986 2747 1053 Quod
2776 990 2919 1041 nobis
2974 988 3181 1057 quidem
3238 985 3494 1051 uoluptati

1931 1082 2140 1132 sitcum
2167 1081 2359 1147 pietate
2392 1080 2530 1133 male
2564 1082 2785 1144 audire;
2834 1082 3070 1147 quodque
3099 1078 3278 1131 miseri
3311 1077 3414 1127 sint
3447 1077 3486 1127 ii

1930 1173 2019 1239 qui
2046 1172 2192 1222 nobis
2228 1171 2286 1223 ob
2312 1171 2461 1223 illam
2489 1172 2834 1225 maledirunt.

2000 1260 2040 1311 δ’
2092 1262 2213 1313 ’Ότι
2262 1265 2361 1313 οὐκ
2401 1261 2569 1322 ἄλλως
2611 1262 2834 1314 δύναται
2865 1263 2892 1313 ό
2933 1262 3238 1324 Ἀκίνδυνος
3276 1261 3398 1314 καθ’
3432 1263 3495 1331 ή-

1936 1352 2051 1421 μῶν
2086 1353 2289 1419 λέγειν,
2318 1354 2349 1422 ἢ
2376 1354 2462 1406 διὰ
2496 1353 2589 1405 τοῦ
2619 1356 2717 1423 τὴν
2763 1354 2921 1421 ἡμῶν
2946 1355 3303 1421 πολυτρόπως
3364 1355 3496 1407 ὐπο-

1933 1445 2199 1513 κρύπτειν
2238 1447 2331 1498 καὶ
2373 1451 2731 1513 συκοφαντεῖν
2784 1448 3025 1500 διάνοιαν
3076 1448 3128 1503 4.
3190 1447 3341 1511 Quod
3392 1462 3495 1498 non

1934 1538 2040 1589 alio
2074 1542 2222 1590 modo
2254 1540 2414 1605 possit
2444 1538 2591 1591 nobis
2620 1540 2925 1607 Acindgnus
2961 1539 3288 1603 maledicere,
3329 1554 3489 1606 quam

1934 1636 2152 1679 mentem
2168 1638 2403 1679 nostram
2430 1628 2573 1694 uafre
2588 1629 3493 1697 occultando'utque’calumniando.

2002 1726 2062 1771 ε’.
2098 1720 2217 1771 Ὅτι
2246 1720 2383 1771 κατὰ
2415 1721 2647 1789 μίμησιν
2684 1722 2968 1789 Ἀρειανῶν
3000 1739 3056 1774 τε
3086 1722 3179 1774 καὶ
3227 1721 3497 1788 Σευηρια-

1934 1810 2040 1862 νῶν
2072 1811 2326 1876 γυναικὸς
2367 1812 2429 1864 π)
2443 1814 2706 1880 ουτούσης
2724 1813 2924 1873 ὑποδὺς
2952 1812 3282 1883 προστασίαν
3324 1811 3499 1866 Ἀκίν-

1933 1904 2107 1965 δυνος,
2131 1904 2335 1972 ταύτης
2358 1905 2504 1973 αὑτῷ
2531 1910 2927 1973 συναιρομένης
2973 1909 3241 1973 χρήμασι,
3276 1906 3379 1973 τήν
3433 1922 3495 1957 τε

1937 1994 2088 2063 ἱερὰν
2132 1996 2453 2062 Ἐκκλησίαν
2484 1996 2617 2066 πρὸς
2652 1997 2853 2067 ἑαυτὴν
2878 1998 2967 2048 καὶ
2994 2000 3119 2058 τοὺς
3150 1998 3214 2048 ἑκ
3262 1995 3498 2050 παλαιοῦ

1937 2087 2121 2152 ἁγίους
2155 2084 2309 2154 πρὸς
2329 2088 2592 2155 ἀλλήλους
2661 2091 2753 2141 καὶ
2824 2092 2959 2156 πρὸς
3014 2090 3210 2142 ἑαυτὸν
3266 2090 3499 2142 ἕκαστον

1937 2179 2265 2231 ἐσπούδακεν
2309 2180 2719 2249 ἐκπολεμῶσαι.
2760 2182 2811 2235 5.
2847 2182 2999 2245 Quod
3026 2186 3094 2235 ad
3148 2184 3497 2235 imitationem

1936 2272 2257 2324 Arianorum
2282 2282 2328 2323 et
2372 2271 2771 2326 Seeerianorum
2800 2276 3106 2342 Acindgnus
3140 2276 3208 2327 ad
3264 2276 3497 2329 mulieris

1936 2366 2111 2417 divitis
2142 2364 2445 2430 prazsidium
2477 2366 2802 2432 confugiens,
2863 2367 2958 2419 illa
2990 2368 3237 2435 pecunias
3293 2369 3497 2421 submi-

1939 2456 2216 2515 nistrante.
2242 2471 2449 2509 sacram
2497 2456 2784 2511 Ecclesium
2842 2470 3023 2512 contra
3075 2462 3298 2529 seipsam
3344 2472 3394 2515 et
3414 2478 3499 2514 eos

1935 2548 2025 2613 qui
2048 2547 2112 2598 ab
2136 2548 2350 2615 antiquo
2366 2550 2534 2599 sancti
2565 2560 2717 2602 erant
2743 2554 2926 2601 contra
2950 2567 3002 2603 se
3032 2562 3209 2602 mutuo
3229 2562 3275 2603 et
3307 2569 3498 2605 unum-

1935 2655 2185 2708 quemque
2210 2652 2392 2693 centra
2416 2643 2643 2708 seipsum
2671 2644 2999 2696 committere
3032 2655 3251 2698 conatus
3273 2647 3366 2699 sit.

2009 2738 2081 2794 ς’.
2123 2732 2359 2799 Ῥήσεως
2420 2733 2613 2787 τούτου
2663 2735 2790 2801 περὶ
2846 2733 3189 2802 θεωρητικῆς
3253 2736 3498 2804 ὁράσεως

1938 2823 2183 2891 ἐλεγχος.
2220 2824 2273 2877 6.
2299 2824 2568 2892 Refutatio
2588 2827 2717 2879 dicti
2748 2826 2862 2892 ejus
2890 2827 3031 2879 circa
3063 2827 3323 2879 uisionem
3368 2843 3497 2880 con-

1942 2918 2319 2982 templativam.

2010 3009 2074 3071 ζ’.
2116 3011 2339 3078 Ἐτὲρας
2374 3011 2466 3063 τοῦ
2499 3011 2662 3063 αὑτοῦ
2700 3012 2909 3080 ρήσεως
2943 3010 3162 3079 ἔλεγχος
3183 3010 3494 3079 ἀπατηλατς

1941 3102 2273 3170 συμϐουλαῐς
2305 3106 2602 3169 καταργεῖν
2631 3102 3038 3171 ιπιχειροῦντος
3098 3102 3196 3169 τὴν
3223 3102 3313 3152 ἐπὶ
3370 3102 3497 3162 τοὺς

1937 3191 2122 3254 ἀξίους
2147 3192 2245 3260 τῆς
2271 3191 2419 3254 θείας
2467 3193 2686 3260 χάριτος
2740 3191 3081 3259 ἐπιφάνειαν.
3134 3193 3185 3243 7.
3233 3191 3501 3255 Refutatio

1939 3285 2159 3337 alterius
2177 3284 2405 3350 ejusdem
2424 3284 2573 3346 dicti,
2604 3302 2705 3354 quo
2742 3285 3024 3353 fallacibus
3044 3286 3279 3336 consiliis
3338 3300 3499 3350 appa-

1939 3377 2150 3428 ritiones
2182 3375 2248 3427 ad
2283 3376 2515 3429 homines
2542 3379 2718 3445 gratia
2741 3360 2922 3443 dignos
2954 3377 3125 3443 factas
3145 3376 3327 3427 tollere
3351 3384 3496 3427 sata-

1940 3470 2034 3537 git.

2011 3559 2081 3628 η’.
2153 3559 2384 3626 Ἐτέρων
2438 3560 2530 3611 τοῦ
2576 3560 2744 3612 αὑτοῦ
2806 3562 3017 3627 ῥήσεων
3067 3557 3358 3625 ἁνασκευὴ,
3405 3557 3502 3625 τὴν

1936 3651 2136 3717 γνῶσιν
2176 3651 2340 3718 μόνην
2359 3650 2775 3718 δογματίζοντος
2803 3649 3036 3710 ἀπλανὲς
3069 3649 3336 3714 ῠπᾶιρχειν
3367 3646 3483 3711 φῶς

1940 3743 2031 3793 καὶ
2047 3742 2137 3793 τὸν
2159 3744 2237 3799 είς
2262 3741 2493 3807 ἄγγελον
2527 3741 2701 3807 φωτὸς
2751 3739 3368 3807 μετασχηματιζόμενον
3400 3754 3500 3788 κα-

1938 3833 2005 3884 τὰ
2031 3832 2123 3885 τοῦ
2152 3834 2324 3897 φωτὸς
2359 3833 2457 3898 τῆς
2484 3832 2706 3900 χάριτος
2732 3830 3236 3898 ἐπιστρατεύοντος.
3260 3829 3311 3882 8.
3340 3828 3498 3894 Refu-

1941 3924 2071 3975 tatio
2105 3923 2330 3975 aliorum
2359 3924 2468 3990 ejus
2501 3924 2793 3983 verborum,
2831 3922 3015 3989 quibus
3047 3922 3211 3973 solam
3244 3920 3500 3988 cognitio-

1940 4030 2053 4065 nem
2084 4016 2277 4065 erroris
2306 4029 2486 4079 expers
2518 4013 2693 4064 lumen
2724 4029 2832 4065 esse
2864 4014 3010 4063 docet
3036 4030 3054 4075 ;
3085 4022 3133 4063 et
3165 4028 3282 4063 eum
3321 4011 3410 4075 qui
3447 4014 3497 4062 in

1940 4101 2175 4168 angelum
2208 4102 2339 4152 lucis
2367 4100 2803 4168 transformatur,
2829 4100 2896 4152 ad
2950 4100 3139 4152 bellum
3176 4109 3357 4152 contra
3412 4103 3495 4150 Iu-

1939 4207 2050 4243 men
2080 4192 2265 4259 gratia:
2301 4192 2682 4255 suscipiendum
2712 4183 2960 4244 concitat.

2009 4284 2073 4337 θ’.
2106 4283 2240 4337 Καθ’
2277 4283 2594 4351 Ἑλληνικῆς
2654 4284 2905 4351 ὲποψίας,
2946 4288 3039 4335 καὶ
3075 4283 3189 4348 τῆς
3222 4284 3341 4335 κατ’
3400 4284 3500 4334 αὐ-

1937 4375 2034 4443 τὴν
2056 4374 2483 4442 πεπλανωμένης
2508 4373 2760 4443 θεωρίας,
2792 4377 2883 4426 καὶ
2909 4377 3034 4441 περὶ
3071 4376 3161 4425 τοῦ
3216 4375 3492 4434 ἀπλανοῦς

1940 4466 2033 4517 καὶ⁵
2066 4465 2213 4517 θείου
2243 4465 2545 4531 φωτισμοῦ,
2575 4466 2666 4516 καὶ
2682 4465 2789 4515 τῶν
2817 4465 3003 4515 τούτου
3028 4469 3365 4532 τεκμηρίων·
3401 4467 3497 4516 καὶ

1939 4559 2013 4619 ὡς
2031 4559 2091 4609 ὲκ
2122 4556 2308 4608 τούτου
2321 4558 2381 4607 τὸ
2398 4560 2497 4606 ὺπε
2509 4555 2733 4623 ρόάλλον
2746 4558 2841 4624 τῆς
2858 4556 2986 4625 πρὸ,
3009 4560 3153 4623 ἡμᾶς
3175 4558 3391 4623 ἀγάπης
3404 4557 3495 4608 τοῦ

1938 4647 2075 4698 Θεοῦ
2098 4648 2445 4714 παρίσταται.
2479 4646 2531 4698 9.
2567 4644 2764 4698 Contra
2790 4647 3197 4713 speculationem
3238 4665 3267 4699 a
3304 4647 3497 4701 Gra'cis

1937 4747 1985 4789 et
2016 4737 2289 4805 gentilibus
2308 4736 2596 4796 inductam,
2630 4747 2675 4787 et
2697 4749 2877 4788 contra
2896 4753 3166 4789 erroneam
3198 4739 3499 4804 lmjusmodi

1938 4829 2448 4894 contemplationem,
2477 4844 2537 4879 ac
2572 4826 2635 4878 de
2660 4828 2856 4879 erroris
2910 4838 3119 4893 experte
3174 4830 3349 4881 divina
3377 4831 3501 4881 itlu-

1939 4917 2247 4980 minatione,
2277 4918 2435 4984 deque
2461 4916 2604 4967 illius
2659 4916 2819 4983 signis
2854 4920 3125 4983 :quodque
3184 4934 3247 4969 ex
3294 4919 3385 4970 illa
3446 4936 3499 4971 re

1937 5006 2323 5068 supereminens
2371 5006 2461 5057 Dei
2493 5023 2616 5073 erga
2666 5022 2755 5057 nos
2800 5008 3037 5058 citaritas
3092 5007 3495 5064 demonstretur.

2008 5104 2060 5150 ι’.
2104 5096 2407 5162 Κεφάλαιον
2431 5096 2523 5148 τοῦ
2552 5096 2707 5162 αγίου
2732 5098 2981 5165 Διαδόχου
3012 5101 3133 5164 περὶ
3180 5098 3273 5154 τοῦ
3322 5102 3498 5165 φωτὸς

1936 5190 2033 5257 τῆς
2074 5187 2323 5254 θεωρίας,
2376 5186 2401 5237 ὃ
2462 5190 2588 5255 παρ’
2634 5187 2942 5241 Ἀκινδῦνου
3012 5190 3152 5240 κατὰ
3190 5188 3280 5238 τοῦ
3325 5191 3499 5255 φωτὸς

1937 5279 2123 5333 τούτου
2177 5280 2665 5345 προενηνεγμένον,
2728 5278 3038 5346 παρ’ήμῶν
3088 5278 3494 5344 ἐξεταζόμενον,

1938 5369 2075 5440 ὺπέρ
2098 5387 2154 5421 τε
2189 5369 2279 5421 τοῦ
2316 5370 2490 5436 φωτὸς
2514 5371 2675 5420 αὑτοῦ
2717 5373 2807 5422 καὶ
2849 5370 2990 5420 κατὰ
3016 5369 3107 5421 τοῦ
3144 5372 3325 5431 κακῶς
3366 5372 3496 5421 αὐτὸ

1938 5458 2372 5527 προὸαλλομὲνου
2424 5460 2811 5527 γεγραμμένον
2847 5460 3222 5525 ἀναφαίνεται.
3275 5459 3358 5511 10.
3391 5457 3498 5511 Ca-

1936 5563 2027 5617 put
2061 5548 2117 5601 S.
2153 5549 2407 5600 Diaduchi
2439 5546 2501 5601 de
2533 5551 2725 5602 lumine
2756 5551 3236 5617 contemplationis,
3268 5551 3403 5617 quod
3433 5549 3500 5601 ab

1939 5642 2205 5710 Acittdyno
2234 5652 2417 5695 contra
2469 5646 2563 5695 hoc
2592 5643 2760 5693 lumen
2792 5644 3085 5697 adductum
3124 5650 3221 5703 est,
3286 5658 3313 5691 a
3348 5640 3499 5697 nobis

1937 5740 2111 5785 autem
2141 5734 2521 5795 examinatum,
2565 5749 2657 5799 pro
2692 5733 2782 5784 hoc
2814 5733 3009 5783 lumine
3048 5743 3095 5783 et
3138 5743 3318 5783 contra
3378 5745 3503 5783 eum

1941 5826 2028 5893 qui
2062 5826 2224 5890 ipsum
2252 5826 2490 5891 protulit,
2516 5826 2767 5890 scriptum
2801 5840 2912 5876 esse
2948 5821 3369 5888 deprehenditur.
