4274 6452
753 402 858 469 82³1

828 537 882 573 ια
904 560 916 572 .
939 520 1009 572 lle
1021 517 1074 588 ρὶ
1099 517 1198 587 τῆς
1231 515 1371 571 κατὰ
1401 514 1526 570 νοῦν
1556 513 1773 584 σχολῆς,
1806 511 2027 566 καὶτῶν
2063 512 2170 565 ἀπὸ
2194 512 2325 564 ταύ-

754 628 856 678 της
888 609 1249 678 τικτομένων·
1276 610 1334 661 ὲν
1366 601 1410 676 ᾧ
1441 606 1535 661 καὶ
1567 607 1696 675 περὶ
1736 605 1881 658 θείου
1934 606 2098 659 πάλιν
2153 620 2325 671 φωτι-

756 703 921 773 σμοῦ,
949 702 1041 755 καὶ
1068 699 1189 753 ὅθεν
1214 700 1281 754 ἄν
1310 717 1391 761 τις
1424 700 1862 768 τεκμηριώσαιτο
1891 696 2019 758 τοὺς
2048 694 2325 762 κεκτημέ-

754 813 899 857 νους.
932 794 1017 846 II.
1050 793 1124 846 De
1156 793 1265 846 otio
1300 791 1542 857 mentali,
1581 801 1632 845 et
1670 791 1733 843 de
1766 790 1830 843 iis
1861 805 1978 858 qua:
2008 788 2130 841 inde
2156 786 2322 854 profi-

758 888 1072 940 ciscuntur:
1109 884 1197 938 ubi
1261 887 1451 938 iterum
1480 883 1543 937 de
1576 882 1761 937 divina
1816 880 2226 946 illuminatione,
2275 888 2326 933 et

755 976 895 1030 unde
950 975 1194 1045 cognosci
1220 976 1424 1044 possint
1444 976 1532 1045 qui
1565 974 1719 1027 illam
1740 973 1995 1027 obtinent.

832 1068 919 1123 ιδ’.
953 1068 1076 1121 Ὀτι
1100 1068 1193 1119 καὶ
1225 1067 1461 1136 πονηρὸν
1516 1060 1659 1117 εἶναι
1709 1066 1966 1134 πειρᾶται
1996 1061 2273 1115 δεικνύναι
2303 1061 2332 1113 ὁ

770 1159 1074 1222 Ἀκίνδυνος
1098 1160 1159 1211 τὸ
1189 1161 1304 1227 φῶς
1334 1159 1433 1227 τῆς
1464 1157 1557 1210 τοῦ
1591 1157 1797 1228 Κυρίου
1829 1154 2329 1225 μεταμορφώσεως,

758 1252 855 1303 καὶ
904 1253 1030 1314 τοὺς
1083 1248 1158 1320 μὴ
1204 1250 1362 1303 τοῦτο
1421 1249 1661 1302 τοιοῦτον
1715 1248 1995 1317 οἰομένους
2069 1246 2330 1314 ἀπείρους

761 1340 898 1396 εἷναί
925 1359 1058 1413 φησι
1086 1343 1185 1404 τῆς
1218 1341 1493 1404 ἀπλανοῦς
1552 1339 1934 1409 φωτοφανείας
2000 1338 2094 1391 καὶ
2145 1355 2330 1409 παρα-

764 1436 1029 1503 κλήσεως·
1063 1435 1089 1486 ὁ
1121 1433 1166 1486 δ’
1187 1433 1457 1503 ἡμέτερος
1474 1434 1631 1500 λόγος
1663 1432 1804 1486 θεῖόν
1817 1450 1876 1484 τε
1904 1431 1979 1495 ὡς
2002 1430 2215 1501 ἀληθῶς
2240 1432 2333 1483 καὶ

762 1526 903 1595 ὑπὲρ
928 1524 1027 1595 τὴν
1059 1523 1308 1593 ἀπλανὴν
1360 1526 1479 1593 (sic)
1543 1523 1735 1592 κλῆσιν
1774 1520 1917 1576 εἰναι
1982 1522 2222 1577 δείκνυσι
2271 1522 2333 1573 τὸ

761 1619 905 1670 θεῖον
944 1620 1079 1687 φῶς.
1130 1617 1214 1671 12.
1275 1617 1427 1682 Quod
1455 1618 1760 1687 Acindynus
1824 1616 1997 1669 lumen
2029 1616 2324 1685 transﬁgu-

764 1711 987 1763 rationis
1018 1710 1227 1763 Domini
1280 1708 1479 1761 malum
1514 1726 1623 1762 esse
1675 1708 2041 1761 demonstrare
2088 1718 2329 1771 conetur,

760 1810 808 1851 et
838 1816 924 1852 eos
949 1802 1037 1867 qui
1068 1799 1198 1851 illud
1231 1816 1334 1852 non
1365 1800 1469 1853 tale
1502 1816 1613 1852 esse
1642 1807 1855 1868 putant,
1920 1800 2189 1868 imperitos
2224 1815 2334 1853 esse

759 1893 902 1943 dicat
956 1907 1135 1944 errore
1209 1906 1385 1944 vacua:
1447 1890 1845 1945 illustratiouis.
1896 1890 1961 1944 At
2013 1900 2122 1945 vice
2185 1907 2333 1945 tersa

760 2001 929 2037 sermo
958 1998 1131 2040 noster
1162 2001 1277 2040 vere
1307 1985 1544 2039 divinum
1599 1995 1648 2039 et
1686 1987 1966 2055 plusquam
2021 2003 2205 2042 errore
2245 2004 2335 2040 ra-

762 2094 914 2131 cuum
937 2078 1199 2138 eiusmodi
1229 2079 1463 2132 divinum
1492 2096 1603 2132 esse
1632 2081 1982 2134 demonstrat.

836 2175 925 2235 ιγ’.
955 2171 1081 2223 ’Ὁτι
1112 2172 1361 2240 ἀφρόνως
1403 2172 1431 2223 ὁ
1472 2171 1776 2233 Ἀκίνδυνος
1820 2173 1997 2225 καὶτὸ
2046 2173 2337 2227 ἰδιαίτατον

759 2260 953 2315 ἑαυτοῦ
987 2260 1100 2329 φῶς
1130 2262 1261 2333 όρᾷν
1290 2278 1423 2331 φησι
1470 2262 1563 2316 τὸν
1618 2264 1685 2316 δι’
1723 2263 1925 2333 ἀρετῆς
1979 2263 2335 2335 κεκαθαρμέ-

762 2368 853 2402 νον
883 2349 1007 2404 νοῦν
1062 2352 1232 2421 χωρὶς
1281 2350 1425 2405 θείου
1484 2352 1789 2422 φωτισμοῷ
1838 2353 1933 2405 καὶ
1971 2354 2333 2417 mammona;

765 2442 965 2510 μᾶλλον
992 2442 1092 2511 τὴν
1128 2443 1298 2510 ἄλλην
1333 2444 1432 2512 τῆς
1484 2445 1663 2515 ψυχῆς
1719 2445 2070 2515 παράκλησιν
2122 2449 2329 2515 ἐκφεύ-

763 2551 882 2600 γειν
904 2532 1061 2585 τοῦτο
1082 2537 1354 2603 παραινεῖ.
1388 2536 1473 2590 15.
1503 2536 1658 2602 Quod
1687 2536 1846 2590 stulte
1881 2537 2187 2608 Acindynus
2219 2556 2339 2593 eum

760 2627 850 2695 qui
890 2643 980 2693 per
1011 2629 1255 2681 virtutem
1287 2639 1569 2697 purgatam
1587 2629 1743 2682 habet
1775 2640 2020 2690 mentem,
2052 2634 2330 2700 pr0prium

760 2722 861 2774 sibi
917 2723 1093 2775 lumen
1144 2722 1316 2776 ridere
1370 2724 1447 2776 ait
1513 2726 1627 2776 sine
1666 2725 1842 2777 divina
1900 2725 2334 2791 illuminatione;

769 2814 894 2879 quin
952 2815 1113 2867 etiam
1161 2830 1325 2883 pravo
1386 2815 1608 2869 consilio
1647 2832 1853 2870 omnem
1923 2817 2088 2869 aliam
2146 2820 2339 2873 unitate

761 2906 1167 2960 consolationem
1191 2907 1370 2977 fugere
1397 2910 1663 2964 hortatur.

838 2996 922 3049 ιδ’.
958 2998 1165 3064 Ὀτιὲξ
1194 2991 1268 3051 ὧν
1316 2998 1411 3052 νῦν
1461 2999 1616 3061 αὖθις
1646 3003 1674 3054 ὁ
1721 3002 1884 3065 αὐτός
1937 3015 2091 3070 φησι,
2130 3004 2338 3062 πάντας

760 3088 885 3150 τοὺς
914 3087 1009 3140 ἀπ’
1031 3089 1227 3152 αἰῶνος
1270 3096 1364 3145 καὶ
1399 3094 1683 3161 προφήτας
1734 3094 1827 3145 καὶ
1876 3093 2210 3154 ἀποστόλους
2244 3094 2340 3145 καὶ⁵

761 3179 1036 3249 Πατέρας,
1070 3183 1161 3236 καὶ
1198 3184 1480 3252 μάρτυρας
1530 3185 1980 3253 πεπλανημένους
2046 3181 2186 3239 εἶναι
2242 3186 2339 3239 καὶ

763 3271 1075 3339 μεμηνότας
1128 3274 1158 3325 ὀ
1185 3272 1349 3336 τάλας
1373 3274 1685 3343 ἀποφαίνει.
1727 3276 1811 3329 14.
1848 3275 1999 3340 Quod
2025 3291 2089 3327 ea;
2124 3276 2188 3328 iis
2226 3291 2343 3344 qua:

764 3378 975 3415 rursum
1001 3365 1151 3428 dicit,
1182 3381 1356 3419 omnes
1402 3383 1435 3419 a
1477 3367 1671 3420 steculo
1709 3368 2009 3434 prophetas,
2056 3366 2341 3433 apostolos,

769 3454 958 3508 Patres
983 3464 1030 3508 et
1056 3465 1309 3529 martyres
1337 3458 1390 3510 in
1425 3474 1598 3511 errore
1637 3467 1685 3511 et
1720 3459 1947 3529 furiosos
1996 3458 2159 3528 fuisse
2181 3459 2340 3511 miser

765 3548 856 3599 ille
884 3546 1143 3600 declarat.

843 3645 923 3691 ιε’.
961 3639 1079 3693 Ὀτι
1112 3640 1285 3693 καὶτὸ
1313 3642 1410 3711 τῆς
1452 3641 1544 3694 τοῦ
1610 3642 1815 3713 Κυρίου
1872 3641 2341 3713 ενανθρωπήσεως

772 3732 1069 3801 μυστήριον
1096 3733 1394 3799 διαϐάλλει,
1424 3734 1484 3787 τὸ
1502 3734 1659 3803 σῶμα
1695 3734 1788 3788 τοῦ
1814 3734 2048 3805 Χριστοῦ
2074 3734 2343 3805 σύμϐολον

767 3817 907 3873 εἰναι
956 3821 1128 3889 λέγων
1156 3826 1353 3892 φωτὸς,
1378 3823 1455 3888 ὡς
1483 3826 1583 3894 τὴν
1601 3825 1923 3895 ἑωραμένην
1952 3824 2031 3895 τῷ
2051 3826 2331 3896 Βαπτιστῇ

766 3902 1095 3983 περιστερὰν
1134 3916 1401 3978 σύμϐολον
1430 3917 1523 3969 τοῦ
1558 3916 1874 3984 Πνεύματος
1896 3933 1911 3951 ’
1954 3920 2011 3971 ὲν
2043 3910 2087 3984 ᾧ
2115 3919 2210 3970 καὶ
2238 3919 2321 3971 ὅτι

1978 396 2359 459 GREGORII
2400 395 2723 456 ΡΛΙΑΜΕ

3901 400 4013 464 εει

2432 510 2691 574 πίστεως,
2724 509 2841 565 αλλ’
2896 509 2998 564 ούκ
3053 510 3383 579 ἀποδείξεώς
3447 512 3554 567 εἰσι
3616 512 3861 585 ῥήματα,
3904 515 4011 570 ὅσα

2430 602 2558 671 παρ’
2579 603 2735 672 ἡμῶν
2757 604 2881 673 περί
2902 620 2959 656 τε
2984 603 3090 657 τῶν
3106 604 3458 673 προφητικῶν
3478 605 3769 676 θεαμάτων
3790 609 3887 663 καὶ
3914 606 4012 663 τοῦ

2431 697 2576 749 θείου
2602 696 2821 763 λέγεται
2869 696 3069 764 φωτός.
3136 698 3227 752 15.
3256 697 3412 764 Quod
3428 700 3592 753 etiam
3620 701 3791 768 ipsum
3815 703 4012 756 divina

2429 787 2820 843 Incarnationis
2851 790 3161 860 mysterium
3183 789 3557 856 calumnietur,
3591 792 3792 858 Corpus
3845 794 4005 849 Chri-

2432 880 2501 933 sti
2528 881 2822 950 symbolum
2874 882 3089 936 luminis
3151 898 3264 937 esse
3310 884 3510 944 dicens,
3566 886 4012 953 quemadmodum

2432 982 2482 1025 ct
2514 972 2814 1026 columbam
2872 971 3133 1040 Baptism
3182 974 3350 1028 visam
3395 976 3692 1044 symbolum
3749 976 4008 1043 Spiritus.

2435 1064 2569 1118 Item
2598 1064 2834 1128 docetur,
2878 1081 3217 1135 quiscumque
3264 1066 3418 1119 verba
3468 1083 3502 1119 a
3549 1069 3699 1121 nobis
3761 1070 4016 1123 dicuntur

2433 1157 2573 1209 circa
2598 1156 2925 1224 propheticus
2970 1157 3193 1211 uisiones
3226 1165 3275 1210 et
3334 1156 3571 1211 diuinum
3622 1160 3820 1225 lumen,
3872 1162 4006 1231 fidei

2433 1263 2545 1301 esse
2560 1256 2609 1301 et
2642 1264 2745 1302 non
2779 1248 3282 1305 demonstrationis.

2510 1339 2609 1403 ις’.
2643 1340 2770 1394 Ὀτι
2825 1341 3089 1411 μανιώδει
3124 1342 3301 1415 πλάνῃ
3329 1346 3559 1415 κάτοχός
3589 1347 3737 1399 ἔστιν
3787 1346 4017 1409 εἰκότως

2435 1434 2618 1496 αὐτὸς,
2645 1433 2714 1503 ἣν
2744 1434 3002 1503 ἀνωτέρω
3028 1434 3136 1487 τῶν
3166 1437 3443 1506 θεοφόρων
3492 1437 3889 1505 κατεψεύσατο.
3924 1438 4016 1492 16.

2435 1526 2590 1589 Quod
2620 1526 2810 1595 furiosi
2838 1527 3033 1579 erroris
3066 1543 3180 1581 vere
3204 1545 3321 1581 reus
3363 1528 3453 1582 ille
3482 1531 3571 1593 sit,
3613 1546 3763 1598 quem
3798 1530 4018 1598 deiferis

2438 1616 2688 1671 Patribus
2710 1635 2871 1687 supra
2899 1620 3218 1672 mendaciter
3245 1623 3513 1690 ascripsit.

2510 1706 2647 1761 Huic
2681 1707 2870 1762 ultimo
2922 1710 3083 1775 capiti
3118 1710 3341 1778 adnexae
3396 1723 3521 1765 ειιιιι
3571 1713 3693 1767 dote
3760 1699 4018 1782 Gregorii

2438 1800 2701 1870 epistolre.
2769 1800 2950 1855 Prima
3023 1810 3109 1856 est
3138 1802 3217 1871 τῷ
3284 1805 3601 1875 τιμιωτάτῳ
3633 1806 3692 1858 έν
3764 1810 4023 1875 μοναχοῑς

2439 1893 2695 1963 Δαμιανῷ
2725 1892 2801 1962 τῷ
2826 1892 3118 1963 φιλοσόφῳ.
3151 1894 3325 1963 Hujus
3354 1898 3567 1952 initium
3606 1913 3732 1953 eSt:
3787 1901 4021 1973 Ἠνέχθη

2439 1985 2768 2053 πολλαχόθεν
2797 1986 2865 2038 τὰ
2895 1988 2988 2039 τοῦ
3014 1988 3325 2041 Ἀκινδύνου
3354 1992 3490 2059 πρὸς
3521 1994 3674 2061 ἡμᾶς
3733 1995 4024 2064 συγγράμ-

2442 2095 2586 2147 ματα
2616 2087 2721 2132 etc.
2749 2076 2843 2137 fol.
2874 2078 2997 2132 I96.
3033 2094 3212 2135 verso.
3237 2081 3419 2136 Altera
3446 2084 3584 2152 πρὸς
3640 2084 3731 2137 τὸν
3794 2086 4022 2138 εὐσεϐέ-

2440 2186 2629 2221 στατον
2662 2172 2719 2222 ἐν
2750 2173 3002 2241 μοναχοῐς
3032 2172 3199 2241 κυρδν
3235 2173 3548 2238 Διονύσιον,
3585 2176 3801 2231 Initium
3840 2198 3852 2231 :
3891 2179 4023 2247 Τρι-

2438 2263 2514 2314 ῶν
2546 2262 2714 2315 ὄντων
2777 2261 2884 2316 τῶν
2922 2262 3022 2334 τῆς
3081 2263 3273 2329 ἁθεῖας
3320 2267 3397 2330 ὡς
3441 2270 3618 2322 εἰπεῖν
3685 2270 3857 2338 γενῶν
3911 2282 4022 2327 etc.

2442 2354 2686 2422 fol.,204.

2514 2448 2772 2520 Sequitur
2841 2450 3042 2506 deinde
3089 2450 3304 2514 ἐκθεσις
3326 2452 3421 2507 τοῦ
3475 2455 3585 2507 τῶν
3632 2455 3898 2527 Βαρλαὰμ
3926 2459 4027 2511 καὶ

2452 2542 2759 2597 Ἀκινδύνου
2774 2542 3006 2612 δυσσεϐη
3016 2545 3200 2611 μάτων
3216 2546 3504 2600 ἀλλοκότου
3522 2548 3786 2614 πληθύος.
3817 2549 3871 2604 Id
3896 2559 3978 2605 est
4006 2567 4024 2603 :

2444 2636 2718 2699 Expositio
2766 2640 3039 2697 stupenda:
3106 2636 3464 2691 multitudinis
3504 2640 3841 2709 impietatum
3887 2642 4019 2695 Bar-

2443 2726 2607 2781 laami
2635 2736 2683 2779 et
2714 2726 2997 2795 Acindyni.
3051 2726 3124 2782 lbi
3158 2728 3412 2784 videlicet
3465 2745 3690 2787 errores
3735 2733 4029 2789 Barlaami

2449 2830 2502 2874 et
2562 2818 2853 2889 Aciudyno
2916 2818 3180 2887 adscripti
3238 2821 3510 2891 capitibus
3557 2822 3617 2876 Η
3678 2839 4031 2893 exponuntur

2441 2910 2825 2980 sigillatimque
2874 2909 3218 2979 rejiciuutur.
3250 2910 3472 2966 Initium
3506 2924 3590 2967 est
3624 2934 3637 2965 :
3700 2915 4026 2971 Ἀποϐαλλό-

2446 3002 2587 3072 μεθα
2613 3000 2713 3069 τὴν
2741 2997 3119 3069 ἀσεϐεστάτην
3149 3000 3438 3056 ἀλλόκοτον
3497 3003 3712 3073 πληθὺν
3769 3006 3880 3059 τῶν
3928 3008 4031 3061 τοῦ

2442 3093 2713 3161 Βιρλαὰμ
2780 3091 2875 3143 καὶ
2959 3091 3271 3146 ’Δκινδύνου
3350 3094 3667 3159 κακοδόξων
3732 3097 4031 3169 δογμάτων

2443 3198 2551 3244 etc.
2585 3188 2680 3243 fol.
2706 3187 2830 3239 2H.

2515 3281 2776 3337 Codicem
2806 3281 3043 3349 denique
3072 3279 3280 3334 claudit
3324 3281 3569 3350 ejusdem
3606 3281 3856 3354 Gregorii
3911 3284 4027 3338 vita

2446 3391 2544 3445 per
2567 3374 2909 3429 Philothcum
2946 3372 3340 3443 patriarcham.
3377 3373 3630 3426 Φιλοθέου
3662 3376 3755 3428 τοῦ
3785 3376 4028 3443 ἁγιωτά-

2439 3487 2533 3523 του
2568 3469 2663 3522 καὶ
2696 3466 3074 3537 οἱκουμενικοῦ
3098 3466 3439 3536 πατριάρχου
3468 3466 3628 3535 λόγος
3651 3469 4033 3537 ἐγκωμιαστι-

2440 3564 2534 3625 κδς
2562 3562 2641 3623 εἰς
2673 3563 2765 3613 τὸν
2798 3559 2911 3628 βίον
2932 3558 3025 3612 τοῦ
3056 3560 3114 3611 ὲν
3150 3558 3327 3626 ἁγίοις
3360 3559 3572 3629 Πατρδς
3604 3560 3764 3629 ἡμῶν
3807 3560 4035 3631 Γρηγο-

2448 3649 2563 3718 ρίου
2596 3647 3039 3717 ἀρχιεπισκόπου
3080 3647 3504 3717 Θεσσαλονίκης.
3564 3649 3789 3704 Initium
3828 3668 3842 3704 :
3878 3650 4031 3720 Γρη-

2442 3741 2623 3812 γὸριος
2657 3739 2759 3811 μὲν
2797 3740 2826 3792 ὁ
2851 3743 3027 3810 μέγας
3062 3740 3425 3811 πανηγύρεως
3464 3740 3725 3804 ὑπόθεσις
3768 3750 3876 3797 elc.
3928 3741 4030 3796 fol.

2442 3834 2569 3888 215.

841 4054 1024 4109 Codex
1059 4053 1244 4121 XCIX,
1276 4055 1402 4108 olim
1436 4056 1641 4121 CCXV,
1669 4057 2044 4129 bombycinus,
2081 4058 2172 4111 XV
2203 4061 2410 4125 smculi,
2445 4060 2697 4114 folioruzu
2730 4057 2854 4112 I82.
2892 4056 3047 4111 Initio
3078 4056 3221 4110 hanc
3278 4065 3464 4111 notam
3498 4058 3718 4126 przefert
3754 4076 3767 4111 :
3803 4058 4030 4109 Βιϐλίαν

768 4148 876 4200 τῶν
908 4148 1326 4216 κατηχουμένων
1375 4150 1471 4217 τῆς
1499 4149 1650 4213 θείας
1680 4152 1771 4204 καὶ
1836 4153 1987 4222 ἰερᾶς
2014 4152 2221 4222 λαύρας
2272 4153 2365 4206 τοῦ
2422 4154 2578 4221 ἁγίου
2618 4151 2778 4222 ὅρους
2822 4150 2917 4203 καὶ
2946 4148 3265 4203 Ἀθανασίυυ
3317 4151 3532 4221 Πατρός
3580 4150 3760 4220 ἡμῶν.
3829 4152 3891 4206 Id
3924 4164 4033 4217 est,

771 4239 923 4294 Liber
946 4240 1428 4295 catechumenorum
1464 4244 1655 4298 divina:
1692 4262 1755 4298 ac
1776 4262 1947 4301 sacra:
2009 4248 2173 4301 laureo
2204 4249 2371 4300 sancti
2397 4248 2592 4300 montis
2628 4244 2817 4313 (Atho)
2859 4252 2907 4296 et
2944 4243 3127 4298 Patris
3176 4247 3345 4299 nostri
3367 4244 3676 4298 Athanasii.
3701 4244 3769 4297 Et
3803 4247 3855 4299 in
3886 4249 4035 4303 line:

770 4326 903 4385 Ὧδε
929 4336 1118 4404 εἴληφε
1165 4338 1342 4406 τέρμα
1380 4339 1439 4390 τὸ
1470 4338 1640 4408 παρὸν
1672 4338 1874 4408 βιϐλίον
1898 4339 1986 4393 διὰ
2007 4340 2187 4409 χειρὸς
2215 4337 2464 4392 Φιλοθέου
2502 4336 2737 4407 μοναχοῦ
2770 4334 2865 4387 τού
2898 4338 2962 4388 ὲκ
2986 4336 3392 4391 Κωνσταντίνου
3416 4338 3645 4399 πόλεως.
3675 4337 3730 4391 Id
3753 4349 3841 4393 est
3879 4358 3895 4394 :
3934 4339 4035 4392 llic

772 4432 928 4497 ﬁnem
979 4433 1174 4500 accepit
1205 4437 1300 4486 iste
1338 4434 1467 4486 liber
1494 4451 1585 4501 per
1611 4451 1821 4487 manum
1858 4434 2120 4488 Philothei
2154 4435 2396 4487 monachi
2434 4451 2499 4488 ea;
2564 4435 2693 4485 urbe
2740 4431 3224 4499 Constantinopoli.
3295 4432 3389 4487 Est
3421 4442 3606 4487 autem
3663 4442 3849 4489 tomus
3893 4434 4036 4489 alius

772 4543 994 4592 operum
1025 4527 1266 4597 Gregorii
1304 4528 1538 4582 Palatini:
1576 4541 1763 4584 contra
1798 4531 2165 4600 Acindysum,
2195 4546 2427 4599 quorum
2468 4529 2634 4582 Iudex
2676 4529 2908 4581 habetur
2935 4527 3092 4579 initio
3132 4543 3149 4581 :
3180 4527 3350 4593 Πίναξ
3383 4528 3478 4581 τοῦ
3500 4529 3758 4598 δευτέρου
3810 4531 4026 4601 βιϐλίου

773 4627 877 4669 etc.
914 4617 965 4669 lu
998 4632 1103 4685 quo
1132 4619 1415 4685 sequentia
1451 4618 1695 4680 Gregorii
1741 4637 1904 4679 opera
1935 4624 2286 4677 exhibentur.

845 4760 912 4814 α’.
946 4761 1238 4826 ’Λπολογία
1279 4761 1691 4831 διεξοδικωτέρα
1733 4765 1868 4834 πρὸς
1902 4767 2027 4828 τοὺς
2058 4766 2342 4837 οἰομένους

775 4853 867 4905 δύο
901 4853 1208 4905 δείκνυσθαι
1270 4853 1444 4917 θεοὺς,
1483 4855 1543 4905 ἐκ
1575 4855 1667 4907 τοῦ
1704 4860 1805 4925 τὴν
1841 4857 2087 4910 θεοποιὸν
2138 4859 2346 4927 δωρεὰν

776 4946 866 4997 τοῦ
904 4946 1212 5012 “vulgato;
1265 4943 1330 5019 ἧς
1359 4949 1684 5017 ὑπέρκειται
1742 4951 1861 5002 κατ’
1893 4950 2081 5002 οὐσίαν
2133 4951 2159 5002 ό
2187 4950 2340 5013 Θεὸς,

775 5039 872 5089 οὐκ
901 5040 1163 5106 ἀγένητον
1205 5040 1363 5106 μόνον
1392 5042 1606 5102 θέωσιν,
1639 5040 1914 5110 ἀλλὰκαὶ
1963 5042 2195 5111 θεότητα
2238 5043 2344 5095 ὑπὸ

778 5128 883 5181 τῶν
904 5130 1070 5192 ἁγίων
1120 5130 1501 5199 ὀνομάζεσθαι·
1559 5132 1751 5203 ἢπερὶ
1813 5132 1978 5185 θείων
2025 5132 2343 5203 ἐνεργειῶν,

781 5223 871 5271 καὶ
896 5221 993 5287 τῆς
1019 5222 1325 5284 κατάύτὰς
1356 5223 1641 5290 μεθέξεως.
1673 5227 1721 5278 I.
1778 5225 2034 5294 Apologia
2084 5224 2348 5292 prolixior

779 5313 1027 5366 adversus
1067 5330 1151 5366 eos
1174 5316 1262 5383 qui
1312 5326 1498 5383 putant
1526 5318 1656 5370 duos
1691 5319 1894 5371 ostendi
1924 5318 2067 5378 deos,
2111 5320 2156 5370 si
2190 5316 2347 5385 deiﬁ-

782 5422 897 5456 cum
929 5404 1123 5458 donum
1154 5405 1402 5475 Spiritus,
1433 5410 1517 5462 cui
1548 5400 1831 5462 secundum
1858 5410 2211 5465 substantiam
2257 5426 2348 5461 su-

783 5497 1063 5559 pcrmninet
1101 5495 1261 5559 Deus,
1294 5490 1395 5551 non
1428 5499 1597 5552 solum
1631 5517 1731 5553 nou
1764 5500 1906 5567 facta
1938 5500 2231 5567 dci/icatio,
2262 5499 2350 5551 sed

782 5585 1132 5640 e::'mndeitas
1190 5604 1223 5641 a
1268 5591 1467 5643 sanctis
1503 5592 1834 5654 nominetur;
1888 5601 1980 5643 aut
2039 5593 2102 5644 de
2162 5591 2353 5644 divinis

784 5679 1197 5746 operationibus,
1227 5692 1275 5735 et
1308 5684 1371 5736 de
1402 5685 1809 5753 participatione
1841 5686 2127 5738 secundum
2182 5684 2349 5753 ipsas.

789 5770 1004 5822 'uilium
1034 5787 1048 5823 :
1084 5772 1145 5825 Ei
1173 5773 1272 5842 μέν
1303 5776 1385 5838 τίς
1438 5778 1585 5827 ἐστιν
1614 5781 1640 5830 ὁ
1675 5779 1809 5847 πρὸς
1864 5776 2131 5847 τοσαύτην
2163 5779 2359 5845 impa-

792 5863 910 5923 παις
945 5861 1145 5932 τόλμαν
1172 5878 1275 5919 elt‘.
1313 5864 1423 5920 l’ol.
1455 5868 1504 5922 2.

2527 4766 2591 4833 β.
2624 4765 2755 4832 Περὶ
2782 4763 2929 4824 θείας
2957 4762 3051 4814 καὶ
3084 4759 3335 4814 θεοποιοῦ
3370 4761 3664 4830 μεθέξεως,
3697 4764 3727 4833 ἢ
3760 4767 3895 4835 περὶ
3937 4768 4033 4837 τῆς

2454 4859 2601 4918 θείας
2650 4857 2743 4909 καὶ
2790 4854 3105 4926 ὑπερφυοῦς
3155 4855 3478 4922 ἁπλότητος.
3509 4855 3564 4907 2.
3630 4854 3703 4908 De
3752 4858 3945 4911 dicina
3984 4870 4033 4912 et

2452 4951 2639 5019 deiﬁca
2671 4948 3098 5016 participatione,
3135 4963 3223 4999 seu
3256 4948 3320 4999 de
3340 4947 3519 4999 ditiua
3549 4959 3594 4999 et
3628 4954 4033 5018 super-naturali

2454 5042 2815 5111 simplicitate.
2880 5036 3312 5107 ιιιίιίιιηιςψέρε
3358 5038 3421 5107 δὴ
3479 5026 3779 5108 προθῶμεν
3817 5041 3916 5097 νῦν
3974 5042 4036 5094 τὸ

2455 5139 2559 5189 ὑπ’)
2592 5132 2918 5204 ἀμφοτέρων
2959 5128 3209 5200 φανερῶς
3267 5129 3560 5198 λεγόμενον
3609 5142 3716 5185 etc.
3785 5132 3905 5187 Fol.
3974 5135 4035 5186 to

2457 5240 2632 5277 νει-ει).

2634 5401 2738 5455 Τοῦ
2787 5403 2948 5455 αὑτοῦ
2996 5402 3154 5470 λόγος
3229 5402 3435 5473 τρίτος,
3484 5403 3567 5455 ὅτι
3620 5404 3891 5474 Βαρλαὰμ
3945 5407 4039 5456 καὶ

2471 5494 2778 5557 Ἀκὶνδυνός
2819 5500 2955 5549 εἰσιν
2998 5498 3047 5550 οἰ
3078 5495 3490 5565 διχοτομοῦντες
3514 5495 3703 5561 κακῶς
3743 5496 3925 5559 ὅντως
3944 5499 4039 5551 καὶ

2459 5586 2631 5647 ἀθέως
2662 5587 2739 5647 εἰς
2772 5586 2864 5638 δύο
2886 5586 3106 5651 ἀνίσους
3131 5586 3398 5657 θεότητας
3424 5586 3525 5657 τὴν
3548 5587 3719 5640 μίαν.
3753 5588 3809 5642 5.
3870 5588 4038 5656 Ejus-

2459 5682 2576 5732 dem
2610 5679 2741 5733 liber
2776 5681 2983 5742 tertius,
3038 5680 3178 5749 quod
3208 5681 3466 5734 Barlaam
3534 5692 3582 5734 et
3643 5681 3958 5751 Acindynus
3996 5681 4040 5731 ii

2460 5778 2592 5834 sint,
2648 5774 2738 5839 qui
2772 5790 2931 5825 unam
2987 5774 3236 5825 deitatem
3280 5774 3333 5826 in
3378 5772 3512 5824 duas
3567 5788 3685 5825 vere
3745 5772 4041 5840 ina‘qualcs

2458 5883 2726 5935 pcitn'ram
2762 5878 2807 5921 et
2837 5868 2995 5936 impie
3025 5867 3335 5921 diviserunt.
3393 5866 3607 5920 Initium
3646 5885 3659 5921 :
3690 5866 3824 5928 Ταῖς
3874 5881 4043 5917 πνευ-
