4274 6452
219 452 325 517 829

223 562 605 632 ματοκινήτοις
658 559 764 612 τῶν
792 558 960 627 ἁγίων
989 558 1244 629 Πατέρων
1281 558 1533 628 ἑπόμενοι
1586 558 1792 628 ψήφοις

219 667 326 708 etc.
357 652 472 706 ποι.
501 651 592 714 29,
618 665 798 703 verso.

288 743 352 795 6'.
386 741 631 805 Διάλεξις
662 741 943 806 ὀρθοδὸξου
982 742 1121 810 μετά
1188 740 1597 810 Βαρλααμίτου,
1623 740 1792 792 κατά-

222 851 388 900 μερος
439 833 889 897 ἀνασκευάζουσα
956 835 1054 902 τὴν
1104 835 1510 903 Βαρλααμίτιδα
1564 834 1790 896 πλάνην.

218 925 276 979 4.
317 924 573 993 Dialogus
635 926 911 977 orthodoxi
970 942 1085 977 cum
1118 925 1475 985 Barlaamita,
1530 941 1629 993 quo
1662 923 1800 976 Bar-

217 1016 526 1067 laamiticus
559 1032 708 1068 error
748 1018 1049 1069 minutatim
1080 1016 1361 1084 refutatur.
1387 1016 1598 1069 Initium
1624 1033 1638 1069 :
1681 1015 1802 1082 Ὀρ-

218 1110 455 1175 θόδοξος.
490 1112 699 1164 Μαθεῖν
729 1112 1029 1181 ἐϐουλόμην
1063 1112 1189 1182 παρ’
1230 1112 1383 1181 ὑμῶν
1434 1110 1543 1163 τῶν
1578 1107 1801 1177 ζητούν-

221 1219 333 1253 των
357 1203 451 1254 καὶ
483 1204 919 1257 ἐπεκδικούντων
944 1204 1009 1255 τὰ
1044 1202 1277 1271 λείψανα
1316 1212 1419 1256 elc.
1454 1201 1571 1254 Fol.
1598 1201 1687 1254 57.

295 1291 358 1344 ε’.
391 1290 499 1343 Τοῦ
522 1292 689 1345 αὐτοῦ
723 1293 1008 1363 ὀρθοδόξου
1049 1294 1357 1362 Θεοφάνους
1389 1292 1627 1355 διάλεξις
1658 1291 1798 1361 πρὸς

218 1382 312 1433 τὸν
345 1382 453 1434 ἀπὸ
477 1382 873 1454 Βαρλααμιτῶν
907 1386 1312 1453 ἐπιστρέψαντα
1346 1384 1632 1452 Θεότιμον.
1662 1385 1796 1437 Geo-

220 1474 421 1543 φάνης,
453 1474 486 1544 ἢ
520 1477 651 1546 περὶ
694 1476 946 1546 θεότητος
977 1479 1071 1529 καὶ
1102 1477 1193 1529 τοῦ
1224 1478 1343 1529 κατ’
1404 1476 1571 1547 αὐτὴν
1599 1476 1799 1542 ἀμεθέ-

221 1584 354 1619 κτου
386 1584 445 1621 τε
473 1568 564 1621 καὶ
599 1568 881 1636 μεθέκτου.
913 1571 963 1623 5.
994 1569 1240 1636 Ejusdem
1294 1569 1574 1622 orthodoxi
1635 1568 1799 1622 Theo-

220 1660 419 1726 phanis
448 1660 691 1728 dialogus
717 1676 832 1713 cum
859 1677 916 1714 eo
940 1662 1029 1730 qui
1055 1677 1116 1714 ea:
1142 1659 1493 1713 Barlaamitis
1523 1676 1797 1715 conversus

223 1751 407 1821 fuerat
444 1749 737 1805 Theotimo.
768 1750 1104 1819 Theophanes
1134 1753 1237 1806 sive
1276 1752 1339 1805 de
1385 1753 1600 1811 deitate.
1658 1761 1707 1805 et
1734 1751 1798 1804 de

220 1858 283 1895 eo
319 1843 462 1911 quod
496 1858 597 1895 non
647 1843 960 1910 participari
1009 1844 1086 1896 vel
1121 1844 1435 1910 participari
1466 1859 1531 1896 ex
1561 1842 1656 1896 illa
1707 1858 1798 1909 po-

222 1943 345 1985 test.
382 1933 598 1985 Initium
634 1950 649 1985 :
697 1932 1020 2001 Ἐπεσκέψω
1054 1933 1192 1986 κατὰ
1220 1933 1444 1986 σεαυτὸν
1475 1935 1793 2003 γενόμενος,

221 2024 428 2090 ἁδελφὲ
452 2025 681 2094 Θεότιμε
706 2035 810 2079 etc.
838 2023 952 2079 Fol.
996 2024 1062 2078 58
1097 2040 1274 2081 verso.

299 2124 377 2179 ς’.
403 2114 705 2179 Ἀντίθεσις
735 2115 867 2185 πρὸς
892 2116 927 2169 ἃ
950 2116 1245 2185 συνέθηκεν
1264 2118 1291 2168 6
1337 2118 1638 2181 Ἀκίνδυνος
1662 2118 1800 2171 κατὰ

222 2208 323 2260 τοῦ
357 2208 596 2275 Παλαμᾶ
621 2208 801 2277 δῆθεν,
836 2207 911 2270 ῶς
956 2208 1174 2275 ἀληθῶς
1220 2208 1274 2260 δέ
1307 2209 1448 2262 κατά
1498 2210 1597 2279 τῆς
1643 2211 1800 2263 εὐσε·

224 2300 385 2361 ϐείας
418 2300 588 2368 αὐτῆς
624 2301 715 2352 καὶ
744 2298 851 2352 τῶν
873 2299 1113 2352 εὐσεϐῶν
1138 2300 1393 2353 ἀπάντων
1419 2317 1433 2332 ⁶
1469 2301 1800 2369 ἐκληφθεϊσα

228 2391 386 2460 παρᾶ
416 2391 696 2459 διαφόρων
733 2392 828 2443 τοῦ
879 2390 1113 2459 Παλαμᾶ
1161 2391 1333 2458 λόγων
1370 2392 1460 2444 καὶ
1492 2395 1801 2459 περιστᾶσαι

232 2482 455 2548 σαφῶς,
483 2483 566 2535 ὅτι
616 2481 685 2534 τὰ
711 2482 864 2551 παρά
914 2482 1010 2534 τοῦ
1068 2482 1376 2536 Ἀκινδύνου
1412 2482 1547 2552 πρὸς
1577 2501 1803 2549 συνηγο-

231 2573 361 2641 ρίαν
393 2573 599 2625 οἰκείαν
628 2575 691 2625 ἐκ
723 2572 831 2625 τῶν
863 2574 1141 2642 πατρικῶν
1167 2572 1339 2637 λόγων
1368 2572 1464 2625 καὶ
1496 2574 1628 2642 παρ’
1683 2575 1805 2625 ἐαυ-

227 2664 327 2718 τοῦ
378 2663 797 2731 προϐαλλόμενα
860 2663 920 2715 οὐ
972 2662 1394 2733 συνηγοροῦσιν,
1449 2662 1585 2715 ἀλλά
1635 2679 1805 2731 κατη-

229 2757 494 2827 γοροῦσιν
525 2755 712 2809 αὐτοῦ.
740 2752 794 2807 6.
832 2753 1116 2808 Antitlzesis
1147 2764 1327 2807 contra
1356 2769 1415 2805 ea
1448 2769 1562 2821 qum
1585 2752 1809 2820 Acindy-

232 2867 336 2903 nus
373 2849 667 2916 composuit
697 2847 947 2900 adversus
990 2845 1287 2909 Palamam,
1309 2844 1397 2898 sed
1429 2860 1604 2897 revera
1625 2854 1807 2896 contra

231 2943 487 3009 pietatem
518 2942 683 3007 ipsam
740 2955 786 2991 et
818 2948 1002 2991 contra
1061 2939 1172 3005 pios
1229 2952 1430 3001 omnes,
1461 2943 1701 3001 excerpta
1746 2948 1809 2985 ex

235 3036 462 3086 diversis
525 3031 760 3084 Palamee
826 3030 997 3092 libris,
1053 3041 1100 3081 et
1143 3027 1281 3080 clare
1329 3027 1691 3079 demonstrans
1743 3039 1805 3075 ea

238 3141 361 3193 qua:
400 3124 463 3176 ab
496 3124 771 3191 Aciudyno
802 3122 870 3173 ad
907 3121 991 3173 sui
1040 3119 1393 3188 defensionem
1436 3117 1644 3183 prolata
1691 3122 1812 3167 sunt

242 3230 363 3267 tum
409 3230 473 3267 ex
502 3213 607 3268 SS.
648 3212 759 3265 PP.
792 3224 903 3265 tum
930 3226 994 3265 ex
1022 3212 1187 3275 seipso
1236 3226 1338 3261 non
1372 3207 1523 3260 illum
1568 3221 1811 3274 purgare,

240 3306 338 3359 sed
383 3307 438 3358 in
478 3305 674 3357 crimen
743 3319 947 3355 vocare.
1022 3299 1156 3353 Huic
1218 3298 1353 3351 libro
1400 3296 1807 3366 praemittuntur

242 3396 591 3464 singulorum
650 3397 886 3463 capitum
948 3399 1432 3461 argumenla,quas
1468 3389 1553 3442 hic
1613 3388 1817 3443 exscri-

242 3490 428 3543 benda
460 3484 739 3539 duximus.

320 3580 404 3633 Τὰ
429 3579 748 3648 κατάμερος
774 3576 868 3629 τοῦ
898 3576 1059 3642 λόγου
1105 3573 1395 3642 κεφάλαια.
1455 3570 1602 3624 Libri
1645 3570 1818 3640 capita

244 3685 345 3735 per
369 3678 571 3736 partes.

322 3767 394 3814 α’.
428 3760 551 3810 Ὀτι
580 3756 637 3822 ἐξ
681 3756 1014 3826 ἀμηχανίας,
1038 3758 1179 3809 κατά
1226 3755 1322 3820 τῆς
1354 3752 1668 3822 ἐπιγραφῆς
1724 3751 1820 3821 μό-

244 3870 349 3920 νης
384 3851 413 3901 6
450 3849 756 3911 Ἀκίνδυνος
786 3850 1129 3919 ἐπεχείρησε·
1164 3851 1256 3901 καὶ
1279 3848 1353 3909 ὡς
1387 3848 1444 3911 ἐξ
1469 3840 1543 3898 ῶν
1609 3844 1820 3897 ἐνταῦθ’

245 3939 411 4006 οὗτος
473 3942 700 4009 γράφει,
732 3940 973 4009 διθεΐτης
1030 3940 1103 3992 ὣν
1146 3943 1239 3991 καὶ
1282 3938 1555 4006 ’Δρειανδς
1598 3934 1826 4002 ὑποφαί-

248 4053 431 4088 νεται.
476 4033 525 4087 Ι.
558 4030 715 4095 Quod
742 4046 861 4082 cum
890 4030 1036 4083 aliud
1067 4047 1168 4084 non
1200 4038 1393 4098 posset,
1432 4027 1822 4094 inscriptionem

247 4137 302 4181 et
341 4124 557 4178 titulum
585 4121 756 4174 solum
784 4121 1088 4190 Acindgnus
1125 4135 1398 4189 aggressus
1446 4120 1551 4189 sit;
1592 4126 1641 4169 et
1680 4115 1822 4184 quod

248 4232 318 4269 ea:
351 4216 419 4267 iis
446 4230 560 4283 quae
593 4215 687 4265 hoc
710 4210 820 4264 loco
850 4212 1055 4273 scribit,
1092 4210 1309 4263 ditlieita
1339 4218 1385 4261 et
1424 4207 1656 4260 Arianus
1688 4221 1827 4257 com-

247 4308 509 4376 probetur
538 4321 671 4359 esse.

328 4398 399 4465 β’.
434 4396 530 4447 Ἐκ
558 4395 667 4445 τῶν
697 4394 799 4445 ὐπὸ
831 4392 925 4446 τοῦ
956 4392 1189 4461 Παλαμᾶ
1212 4389 1661 4462 προϐεϐλημένων
1695 4404 1828 4454 μαρ-

248 4489 464 4558 τυριῶν
492 4486 556 4547 ἀς
585 4487 800 4547 πλάσας
853 4485 1151 4554 παρέλιπεν
1182 4484 1208 4535 6
1260 4482 1582 4540 Ἀκίνδυνος,
1618 4479 1824 4544 ὀλίγαι,

252 4576 392 4646 παρ’
444 4569 520 4629 ὧν
612 4575 813 4642 εὐσεϐῆ
897 4573 967 4625 τὰ
1046 4572 1140 4623 τοῦ
1243 4571 1476 4638 Παλαμᾶ
1557 4570 1827 4622 δείκνυται

251 4674 350 4723 καὶ
384 4669 455 4721 τὰ
510 4668 603 4719 τοῦ
649 4662 956 4716 Ἀκινδύνου
1017 4661 1322 4725 κακοδὸξως
1376 4662 1586 4729 ἔχοντα.
1638 4660 1691 4711 2.
1747 4656 1830 4709 Ex

251 4758 581 4813 testimoniis
625 4770 742 4824 qua:
819 4750 1072 4803 Palamas
1135 4752 1425 4819 protulerat
1456 4762 1504 4803 et
1571 4765 1685 4817 qua:
1739 4762 1831 4815 per

249 4846 741 4902 dissimulationem
793 4842 1201 4911 prtctermiserat
1267 4841 1593 4908 Acindynus,
1662 4854 1831 4906 pauca

248 4941 582 5007 afferuntur,
619 4936 805 5001 quibus
853 4934 943 4999 pia
994 4929 1287 4981 Palamam‘
1337 4932 1548 4990 sentire,
1589 4932 1822 4997 Acintlg-

252 5049 388 5086 num
424 5044 545 5081 vero
571 5041 789 5095 pravam
820 5024 956 5075 tueri
1004 5022 1298 5073 doctrinam
1330 5022 1744 5073 demonstratur.

331 5132 404 5190 γ’.
445 5124 659 5190 Ῥήσεις
688 5119 781 5171 τοῦ
824 5118 1134 5171 Ἀκινδύνου
1185 5118 1462 5169 δεικνῦσαι
1534 5118 1630 5186 τὴν
1670 5115 1833 5169 αὐτοῦ

247 5217 447 5280 δόξαν,
490 5214 585 5263 καὶ
617 5211 921 5272 ἀντιθέσεις
946 5209 1083 5277 πρὸς
1112 5208 1312 5269 ταύτας
1341 5208 1668 5275 Εὑνομιανὺν
1713 5206 1837 5258 τοῦ-

246 5326 354 5361 τον
388 5303 798 5371 ἐξελέγχουσαι·
845 5299 940 5353 καὶ
995 5288 1091 5351 ὅτι.⁵
1118 5303 1446 5368 προσωπείῳ
1486 5300 1833 5367 χρησάμενος

245 5396 342 5465 τῷ
379 5393 640 5462 Παλαμᾷ,
665 5391 806 5443 κατά
848 5389 942 5441 τοῦ
985 5390 1120 5441 Θεοῦ
1166 5391 1257 5442 καὶ
1295 5389 1402 5440 τῶν
1441 5390 1610 5454 ἁγίων
1659 5386 1831 5455 κεχώ-

250 5505 465 5562 ρηκεν.
517 5486 574 5541 3.
624 5485 781 5537 Dicta
843 5484 1125 5552 Acindyni,
1168 5485 1356 5550 quibus
1411 5485 1522 5551 ejus
1596 5484 1835 5536 doctrina

246 5577 587 5639 ostenditur,
612 5584 659 5627 et
695 5576 763 5626 ad
799 5591 859 5627 ea
888 5574 1267 5641 responsiones,
1320 5572 1503 5641 quibus
1550 5571 1839 5623 Eunomia-

249 5691 368 5729 nus
401 5687 519 5726 esse
563 5671 826 5738 arguitur.
868 5668 935 5720 Et
990 5669 1127 5732 quod
1186 5683 1457 5731 personam
1516 5666 1838 5734 prwtendens

247 5761 536 5820 Palamw.
579 5767 763 5810 contra
799 5757 959 5809 Deum
984 5766 1030 5810 et
1050 5768 1258 5809 sanctos
1289 5756 1554 5820 procedat.

341 5851 411 5905 δ’.
455 5848 582 5901 Ὀτι
611 5846 867 5909 ὁπλάσσς
909 5846 1096 5914 ἑτέραν
1130 5844 1438 5914 ἐπιγραφὴν
1477 5844 1567 5897 ἐπὶ
1612 5844 1701 5899 τις
1732 5844 1830 5899 αὐ-

1066 450 1378 511 OPERUM
1413 449 1889 511 ARGUMENTA
1929 452 2031 513 EX
2057 451 2271 513 CODD.
2316 451 2634 513 COISLIN.

3344 450 3457 517 830

1908 562 2001 615 τοῦ
2034 562 2219 629 λόγου,
2251 562 2371 615 κατ’
2399 563 2566 631 αὐτῆς
2600 562 2761 616 πάλιν
2822 562 2983 625 αὐτὸς
3022 563 3208 633 χωρεῖ,
3256 563 3349 617 καὶ
3389 564 3457 619 δι’

1904 654 2077 723 αὐτῆς
2109 655 2249 707 κατά
2280 655 2389 708 τῶν
2413 655 2610 706 ἐνθέων
2642 654 2923 719 θεολόγων.
2967 656 3017 708 4.
3062 655 3214 719 Quod
3237 656 3461 708 alteram

1900 746 2285 812 inscriptionem
2311 763 2399 800 seu
2433 746 2643 797 titulum
2670 748 2721 799 in
2746 747 2984 799 eumdem
3008 745 3205 799 librum
3238 748 3459 815 ﬁngens,

1902 847 2085 891 contra
2111 838 2261 891 illam
2283 838 2554 907 procedat,
2597 846 2643 890 et
2698 854 2787 903 per
2828 838 2980 890 illam
3032 845 3219 889 contra
3255 837 3459 890 divinos

1904 932 2191 1000 theologos.

1971 1029 2033 1075 ε’.
2067 1024 2189 1075 Ὅτι
2227 1025 2295 1076 τὰ
2330 1025 2680 1091 γενναιότερα
2710 1021 2936 1073 πλεῖστα
2980 1020 3325 1088 παραλιπὼν»
3364 1023 3461 1089 ρη-

1906 1114 2102 1180 ματίου
2131 1112 2273 1173 τινὸς
2310 1115 2508 1165 ἔπειτα
2538 1112 2632 1163 τοῦ
2666 1111 2904 1178 Παλαμᾶ
2933 1110 3289 1177 μνημονεύει·
3327 1111 3462 1163 ἀλλά

1904 1204 1999 1255 καὶ
2052 1202 2119 1255 δι’
2153 1203 2318 1255 αὐτοῦ
2373 1203 2551 1264 καλῶς
2622 1204 2909 1270 νοουμένου
2967 1202 3074 1254 πᾶν
3156 1200 3460 1253 Ἀκινδύνον

1902 1295 2243 1364 καθαιρεῐταε
2304 1296 2365 1347 τὸ
2418 1295 2707 1363 φρύαγμα,
2757 1294 3041 1361 καθαιρεῖν
3087 1293 3461 1361 ἐγχειροῦντος

1905 1387 2071 1440 αὐτοῦ
2109 1387 2493 1457 φρενοϐλαϐῶς
2541 1387 2602 1440 τὸ
2654 1387 3086 1457 τρισυπόστατον
3144 1386 3243 1452 τῆς
3275 1387 3460 1451 θεότη·

1906 1495 2014 1540 τος.
2042 1480 2093 1532 5.
2142 1478 2293 1543 Quod
2326 1480 2503 1531 multis
2555 1480 3010 1541 prastantioribus
3068 1479 3457 1543 pra'tcnnissis,

1905 1572 2143 1625 voculam
2192 1570 2476 1639 quamdam
2526 1569 2765 1623 Palamw
2814 1578 3079 1628 memoret,
3149 1586 3251 1638 qua
3299 1571 3459 1621 etiam

1902 1660 2056 1727 probe
2084 1661 2343 1714 intellecta
2376 1664 2532 1715 totius
2602 1660 2861 1728 Acindyni
2899 1660 3141 1727 fremitus
3199 1662 3261 1711 de
3292 1660 3460 1712 medio

1907 1751 2250 1821 tollitur,'quo
2282 1754 2474 1805 trinam
2521 1753 2735 1805 deitatis
2774 1752 3073 1821 ligpostasin
3125 1764 3345 1804 evertere
3374 1752 3459 1803 in-

1904 1859 2030 1895 sane
2069 1855 2313 1896 conatur.

1973 1933 2047 1998 ς’.
2112 1935 2451 2005 Ἀντίρρησις
2524 1934 2830 1987 Ἀκινδύνου
2890 1934 3025 2002 πρὸς
3082 1934 3144 1985 τὸ
3197 1932 3465 2002 ῥημάτιον

1900 2026 2093 2090 ἐκεῖνο,
2128 2021 2196 2095 ἦς
2226 2026 2583 2096 ἐλεγχομένης
2611 2027 2708 2080 νῦν
2751 2027 2848 2091 μὲν
2884 2028 3122 2091 Ἄρειος,
3163 2023 3257 2075 νῦν
3291 2025 3346 2076 δὲ
3368 2025 3465 2076 Σαυ

1901 2115 2107 2177 ϐἐλλιος
2125 2108 2276 2177 οὗτος
2308 2116 2687 2182 ἀναφαίνεται,
2728 2115 2957 2176 πολλοὺς
3002 2114 3047 2167 δ’
3068 2114 3257 2167 ἄλλοτε
3285 2114 3462 2179 λέγων

1902 2209 2050 2271 υίούς
2082 2206 2214 2260 Θεοῦ
2246 2208 2338 2261 καὶ
2362 2206 2641 2275 πνεύματα
2659 2206 2723 2258 τὰ
2751 2206 2936 2261 πολλά.
2969 2205 3022 2259 6.
3044 2204 3279 2271 Objectio
3306 2205 3467 2259 Acin-

1901 2301 2027 2369 dyni
2053 2308 2237 2353 contra
2264 2300 2498 2352 vocnlam
2519 2298 2691 2357 illam,
2723 2314 2826 2365 qna
2863 2296 3091 2364 refutatu
3123 2296 3274 2348 modo
3308 2296 3466 2348 Arius

1902 2393 2029 2459 ipse,
2054 2390 2206 2443 modo
2230 2389 2492 2443 Sabellius
2537 2404 2647 2441 esse
2703 2391 3118 2449 demonstratur,
3170 2403 3285 2439 cum
3310 2388 3468 2439 etiam

1902 2483 2111 2536 aliunde
2134 2481 2321 2533 multos
2344 2479 2479 2546 ﬁlios
2497 2479 2585 2533 Dei
2614 2492 2660 2533 et
2692 2480 2881 2531 multos
2912 2480 3129 2546 spiritus
3160 2494 3271 2530 esse
3301 2479 3464 2530 dicat.

1973 2575 2037 2637 ζ’,
2060 2573 2540 2641 Μαρτυρίαιιπαρά
2564 2571 2657 2624 τοῦ
2695 2571 2999 2624 ’Δκινδύνου
3027 2570 3469 2640 προϐεϐλημέναι

1903 2666 2010 2719 τῶν
2028 2665 2198 2733 ἁγίων
2219 2668 2354 2718 κατὰ
2380 2666 2471 2718 τοῦ
2501 2665 2735 2730 Παλαμᾶ
2763 2663 2943 2731 δῆθεν,
2994 2664 3196 2724 αἵτινες
3222 2663 3471 2726 ἐξετιζὸ-

1910 2775 2070 2828 μεναι
2094 2760 2187 2809 καὶ
2221 2756 2508 2822 νοούμεναι
2534 2755 2713 2817 καλῶς
2744 2756 3000 2823 πρὸς-μὲν
3020 2755 3087 2806 τὰ
3112 2755 3205 2806 τοῦ
3238 2754 3472 2821 Παλαμᾶ

1906 2848 2157 2915 οὐδαμῶς
2184 2848 2523 2901 ἀντικεῖσθαι
2564 2847 2889 2909 δείκνυνται,
2921 2846 3016 2897 τὸν
3066 2846 3121 2897 δὲ
3168 2845 3472 2897 ’Ᾱκίνδυνον

1909 2943 2188 3008 ἐλέγχουσι
2255 2940 2479 3002 πολλαῖς
2534 2938 2630 2991 καὶ
2673 2938 2875 2999 δειναῖς
2943 2939 3190 3007 αἱρέσεσι
3255 2937 3473 3006 περιπί-

1912 3055 2133 3091 πτοντα.
2166 3036 2218 3090 7.
2241 3035 2558 3089 Testimonia
2581 3041 2880 3086 sanctorum
2904 3031 2967 3084 ab
2995 3032 3263 3099 Acindyno
3288 3042 3473 3084 contra

1911 3124 2191 3179 Polamam
2222 3124 2450 3193 prolata,
2474 3137 2586 3189 qua:
2622 3122 2668 3174 si
2692 3123 3062 3174 examinentur
3104 3133 3149 3173 et
3194 3121 3352 3187 probe
3383 3121 3469 3171 in-

1915 3217 2243 3284 telligantur,
2299 3216 2568 3268 sententia:
2620 3215 2827 3282 quidem
2875 3213 3111 3265 Palamaz
3164 3212 3471 3265 nullatenus

1916 3323 2208 3377 repugnare
2262 3309 2572 3375 probantur,
2606 3305 2932 3374 Acindgnum
2984 3321 3103 3358 vero
3139 3313 3368 3374 arguunt
3421 3304 3475 3356 in

1916 3400 2113 3452 multas
2147 3412 2429 3468 gravesque
2457 3398 2676 3451 luereses
2706 3382 2974 3449 incidisse.

1986 3508 2058 3576 η’.
2104 3508 2399 3569 Ἀντίθεσις
2424 3507 2553 3574 παρ’
2590 3505 2923 3570 ’Λκινδύνου,
2949 3505 3044 3565 τὰς
3077 3505 3475 3565 ἐνυποστάτους

1921 3602 2089 3669 μόνας
2127 3594 2534 3661 εἷναιλὲγοντος
2554 3597 2843 3658 ἀκτίστους
2884 3595 3192 3665 ἐνεργείας,
3221 3590 3287 3664 ἦς
3328 3594 3479 3660 ἐλεγ-

1920 3693 2153 3761 χομένης
2187 3691 2278 3742 καὶ
2335 3690 2545 3755 ’Λρείου
2584 3687 2781 3756 χείρων
2828 3688 3101 3743 δείκνυται
3166 3687 3354 3750 τελῶν,
3404 3688 3479 3747 ὡς

1919 3784 2018 3851 τὴν
2055 3784 2183 3845 μίαν
2238 3779 2346 3831 τῶν
2402 3778 2571 3846 τριῶν
2634 3776 2942 3847 προσώπων
2986 3778 3213 3846 θεότητα
3259 3777 3481 3843 κτιστὴν

1924 3872 2109 3925 ποιῶν.
2145 3871 2199 3924 8.
2242 3869 2475 3937 Objectio
2524 3870 2800 3937 Acindyni,
2830 3886 2931 3937 qua
2960 3869 3090 3923 dicit
3124 3869 3481 3937 lignostaticas

1924 3961 2093 4014 solum
2122 3961 2442 4025 operationes
2475 3962 2738 4012 increatas
2772 3976 2922 4023 esse;
2954 3959 3049 4012 illa
3090 3976 3207 4012 vero
3229 3960 3480 4027 refutatu,

1926 4052 2056 4103 Aria
2091 4051 2237 4118 pejor
2263 4050 2576 4111 ostenditur,
2635 4058 2812 4118 utpote
2868 4049 2957 4115 qui
3002 4066 3159 4101 unam
3198 4065 3262 4102 ex
3315 4050 3485 4104 tribus

1925 4143 2161 4211 personis
2191 4144 2436 4194 deitatem
2476 4148 2705 4192 creatam
2736 4140 2919 4205 facint.

1996 4255 2060 4307 θ’.
2096 4254 2442 4323 Παράστασις
2471 4251 2528 4315 ἐξ
2562 4251 2739 4303 αὐτῶν
2778 4250 2983 4303 τούτων
3019 4251 3123 4303 τῶν
3157 4252 3249 4302 ὐπ’
3296 4252 3481 4303 ’Λκιν-

1929 4346 2084 4398 δύνου
2117 4343 2571 4414 προϐεϐλημένων
2609 4344 2943 4409 μαρτυριῶν,
3003 4344 3084 4393 ὅτι
3116 4343 3361 4409 διαφέρει
3388 4342 3488 4409 τῆς

1931 4437 2079 4496 θείας
2113 4438 2298 4497 οὐσίας
2322 4438 2353 4504 ἠ
2381 4435 2499 4485 θεία
2529 4436 2796 4504 ἐνέργειαι
2840 4437 2895 4485 ἐν
2998 4434 3160 4485 πάλιν
3203 4434 3489 4500 Σαϐἐλλιος

1934 4528 2094 4589 ἄλλος
2133 4528 2208 4578 ὣν
2267 4526 2667 4578 ἀποδείκνυται.
2699 4527 2750 4579 9.
2806 4525 3198 4578 Demonstratio
3247 4540 3310 4577 ex
3362 4526 3487 4590 ipsis

1936 4618 2245 4670 testimoniis
2273 4618 2335 4667 ab
2378 4617 2645 4684 Acindyno
2697 4614 2940 4682 prolatis,
2986 4616 3123 4681 quod
3166 4616 3343 4667 divina
3373 4631 3492 4681 ope-

1934 4711 2068 4762 ratio
2091 4709 2300 4775 differut
2344 4724 2375 4759 α
2406 4709 2581 4759 divina
2642 4708 2904 4770 essentia;
2950 4706 3035 4757 ubi
3090 4724 3296 4759 rursum
3353 4708 3488 4759 alius

1933 4801 2189 4857 Sa'ellius
2228 4816 2339 4853 esse
2361 4800 2641 4866 probatur.

2007 4932 2057 4964 ι.
2131 4911 2318 4977 Ἑτέρα
2384 4910 2653 4978 μαρτυρία
2706 4909 2781 4976 τῷ
2832 4908 2977 4972 αὐτῷ
3076 4907 3492 4975 προϐεϐλημένη

1936 5003 2089 5071 παρά
2120 5003 2226 5053 τῶν
2254 5000 2347 5051 τοῦ
2381 5001 2535 5066 ἁγίου
2564 4998 2813 5065 Μαξίμου
2848 4996 3187 5064 κεφαλαῖων,
3217 4993 3281 5067 ἦς
3312 4996 3495 5057 ἐξετα-

1938 5093 2169 5160 ζομένης
2225 5090 2506 5148 Σαϐἑλλιος
2546 5089 2707 5139 πάλιν
2763 5080 2915 5147 οὗτος
2961 5087 3338 5153 ἀναφαίνεται.
3406 5087 3488 5137 10.

1938 5181 2096 5233 Αίὶιιιί
2129 5179 2481 5232 testimonium
2530 5178 2592 5227 ab
2634 5178 2811 5228 eodem
2865 5177 3085 5228 allatum
3144 5193 3205 5228 ea:
3234 5174 3493 5240 capitibus

1942 5272 1999 5325 S.
2039 5270 2276 5331 Maximi,
2309 5281 2408 5335 quo
2442 5258 2745 5318 examinato
2795 5265 3051 5319 Sabellius
3109 5280 3315 5316 rursum
3365 5281 3475 5317 esse

1940 5362 2283 5417 convincitur.

2015 5481 2099 5525 ια’.
2138 5471 2482 5539 Παράστασις
2519 5473 2615 5522 καὶ
2649 5471 2756 5522 ἀπὸ
2782 5468 2874 5521 τοῦ
2927 5471 3219 5537 κεφαλαίου
3278 5470 3492 5527 τούτου,

1940 5566 2020 5618 ὅτι
2060 5564 2304 5631 διαφέρει
2358 5562 2458 5629 τῆς
2496 5562 2645 5621 θείας
2686 5560 2871 5621 οὐσίας
2905 5562 2937 5629 ὴ
2968 5562 3237 5628 ἐνέργεια,
3273 5560 3403 5627 παρ’
3430 5555 3497 5630 ἧς

1942 5658 2020 5718 είς
2046 5654 2478 5721 καταγελάστους
2511 5654 2789 5705 ἐκπίπτων
2815 5652 2969 5716 δόξας
2988 5652 3266 5719 ἐλέγχεται
3288 5650 3315 5701 6
3339 5649 3430 5701 τοῦ
3443 5665 3500 5699 :o

1946 5749 2128 5809 κακῶς
2164 5745 2615 5816 προϐαλλόμενος.
2666 5743 2751 5796 Η.
2781 5742 3170 5795 Demonstratio
3212 5756 3275 5794 ex
3318 5740 3495 5792 eodem

1948 5841 2133 5909 capite,
2164 5838 2299 5906 qued
2350 5838 2523 5892 divina
2550 5837 2781 5901 operatio
2812 5834 3023 5898 (li/ferat
3053 5852 3082 5887 a
3108 5834 3285 5887 diuina
3317 5845 3497 5885 essets-
