4274 6452
213 468 321 531 833

215 575 565 647 σμιωτάτους
590 591 874 644 γεροντας.
907 571 993 626 16.
1028 570 1280 637 Eiusdem
1300 571 1366 623 ad
1388 557 1782 623 venerabilis“-

212 685 327 721 mos
360 682 509 719 senes
541 666 630 733 qui
665 666 717 716 in
747 675 930 717 sancto
979 673 1152 716 monte
1194 662 1379 733 (Atlio)
1427 669 1568 713 sunt.
1617 659 1780 712 ltiit.:

221 759 420 826 ’Υμεῐς
454 757 556 826 μὲν
584 755 928 819 εὐποιοῦντες
977 757 1073 808 καὶ
1104 755 1237 824 ὑμῖν
1264 755 1447 814 αὐτοῖς
1509 750 1788 821 πρεπωδέ-

211 866 387 901 στατα
443 857 550 901 etc.
582 847 700 900 Fol.
725 848 846 900 173.

287 939 375 1002 ιζ’.
405 938 512 990 Τοῦ
544 938 711 991 αὑτοῦ
754 940 888 1010 πρὸς
923 939 1014 989 τδν
1043 938 1170 990 ἴδιον
1199 935 1422 1002 ἀδελφὸν
1473 934 1561 986 τὸν
1597 931 1786 1001 τιμιώ-

210 1047 375 1082 τατον
403 1030 758 1100 ίερομόναχον
786 1030 952 1097 κυρὺν
991 1030 1295 1097 Μακάριον.
1329 1026 1405 1080 17.
1442 1025 1697 1095 Ejusdem
1717 1022 1783 1073 ad

213 1124 446 1189 fratrem
516 1138 671 1174 suum
757 1120 1264 1175 tenerabilissimum
1333 1117 1787 1170 hicromonachunt

209 1214 466 1264 damnum
502 1211 826 1265 Macarium.
899 1212 1114 1264 Initium
1150 1227 1163 1263 :
1206 1209 1374 1263 Οὔπω
1432 1227 1521 1277 μοι
1580 1208 1785 1259 δοκεῖτε

210 1301 568 1365 καταλαδεῖν,
633 1302 716 1355 ὅτι
764 1301 876 1368 πῦρ
938 1303 1150 1354 καίεται
1209 1301 1302 1352 καὶ
1327 1303 1604 1367 κατισχύει
1657 1298 1785 1366 φλόξ

208 1405 314 1446 etc.
339 1392 592 1447 Fo|.l76.

288 1482 526 1540 m'..T06
557 1484 724 1537 αὐτοῦ
760 1483 837 1554 τῷ
867 1485 1178 1553 τιμιωτάτῳ
1205 1486 1262 1534 ὲν
1303 1483 1550 1551 μοναχοίς
1577 1481 1654 1548 τῷ
1687 1481 1788 1532 ἀσ-

207 1578 588 1646 κητικωτάτῳ
619 1577 722 1644 κῦρ
756 1576 1082 1646 Βησαρίωνι.
1119 1575 1203 1631 18.
1238 1573 1487 1644 Ejusdem
1519 1570 1786 1624 uenerabi-

207 1665 417 1720 lissimo
448 1677 499 1720 et
533 1669 978 1721 exercitatissimo
1006 1667 1261 1720 monacho
1282 1668 1470 1718 domno
1488 1660 1782 1715 Besarioni.

1063 461 1378 524 OPERUM
1417 457 1890 520 ARGUMENTA
1928 462 2027 520 EX
2062 464 2272 526 CODD.
2315 464 2643 531 COISLIN.

3347 463 3452 530 834

1886 571 2105 626 Initium
2149 590 2161 626 :
2215 573 2560 643 Εὑλογημένε
2611 573 2688 643 τῷ
2743 573 2885 643 Θεῷ,
2950 577 3046 629 καὶ
3074 577 3195 646 ἐμοὶ
3254 580 3317 633 ἐκ
3355 580 3460 649 ψυ-

1887 663 1986 732 χῆς
2012 664 2336 732 ἡγαπημένε
2371 666 2472 734 κῦρ
2501 666 2785 735 Βησαρίων
2819 677 2924 721 etc.
2989 665 3107 722 Fol.
3149 670 3244 723 177
3284 687 3458 728 verso.

1961 753 2046 807 ιθ’.
2076 754 2181 806 Τοῦ
2212 756 2377 807 αὑτοῦ
2407 757 2567 823 ἑτέρα
2595 759 2730 826 πρὸς
2761 758 2849 809 τὸν
2880 759 3139 828 ἀνωτέρω
3168 761 3459 828 εἰρημένον

1890 843 2020 896 ἴδιον
2049 844 2296 913 ἀδελφόν.
2340 846 2426 900 19.
2467 846 2716 915 Ejusdem
2750 848 2920 902 altera
2952 857 3019 904 att
3056 868 3216 919 supra
3262 869 3460 906 memo-

1891 945 2066 988 ratum
2110 936 2331 1003 fratrem
2383 955 2555 991 suum.
2598 938 2813 993 Initium
2849 955 2862 991 :
2898 941 3068 993 T0610
3098 948 3263 1006 κόπος
3309 945 3458 997 ἐστὶν

1889 1025 2119 1078 ἐνώπιόν
2153 1043 2274 1094 μου,
2311 1031 2478 1096 φησὶν
2508 1031 2535 1079 ό
2564 1027 2849 1096 ψαλμῳδὸς
2879 1031 3170 1099 Προφήτης
3201 1040 3305 1086 etc.
3341 1035 3455 1088 Fol.

1892 1118 1995 1172 178
2022 1133 2178 1174 verso

1965 1216 2034 1263 κ’.
2072 1212 2152 1280 Τῇ
2185 1209 2453 1281 κρατίστῃ
2507 1216 2597 1264 καὶ
2638 1214 3003 1285 εὐσεϐεστάτη
3066 1216 3346 1286 δεσποίνῃ,
3387 1219 3453 1284 τῇ

1894 1302 2309 1371 Παλαιολογίνῃ.
2340 1302 2430 1355 20.
2460 1301 2842 1357 Potentissima:
2867 1315 2914 1358 et
2946 1307 3200 1373 piissimw
3224 1307 3453 1358 domina:

1894 1391 2291 1460 Paltzologina'.
2334 1393 2543 1446 Initium
2579 1413 2590 1446 :
2637 1396 2800 1447 Οὐδὲν
2830 1395 2999 1457 οὕτως
3030 1397 3457 1462 ἀναγκαιότατον

1897 1485 2019 1537 οὐδὲ
2041 1485 2491 1538 λυσιτελέστατόν
2510 1503 2567 1538 τε
2594 1486 2712 1555 ἅμα
2740 1489 2830 1540 καὶ
2852 1487 3325 1556 τρεπωδέστατον,
3348 1499 3453 1542 etc.

1895 1576 2012 1633 Fol.
2047 1578 2165 1632 181.

281 1805 466 1857 Codex
522 1804 563 1856 C
589 1846 604 1869 ,
673 1804 803 1857 οιίιιι
863 1802 1089 1866 CCLXI,
1144 1802 1524 1871 bombycinus,
1562 1799 1798 1865 eiusdem
1851 1797 2028 1850 artatis
2069 1806 2122 1850 et
2169 1813 2364 1852 manus
2400 1813 2464 1851 ac
2491 1800 2821 1866 praecedcns,
2856 1808 3115 1855 constans
3146 1801 3289 1856 foliis
3323 1801 3451 1857 342-

207 1899 330 1978 Foi.
368 1900 436 1952 t2
465 1917 621 1954 verso
644 1901 907 1969 scriptum
947 1911 1028 1954 est
1062 1918 1075 1953 :
1119 1899 1328 1951 Bt6).lov
1360 1898 1468 1950 τῶν
1503 1895 1895 1963 κατηχουμένω

1764 1895 1927 1946 ,ιένων
1968 1893 2068 1964 τῆς
2113 1894 2264 1963 ἱερᾶς
2309 1895 2518 1965 λαύρας
2546 1897 2639 1950 τοῦ
2673 1899 2827 1978 ἁγίου
2873 1898 3199 1953 Ἀθανασίου
3250 1899 3344 1954 τοῦ
3395 1902 3452 1950 ἂν

203 1993 286 2063 τῷ
321 1994 488 2062 Ἄθῳ.
527 1994 564 2047 i.
593 1995 745 2048 Liber
786 1998 1273 2050 catcchumenorum
1309 2009 1473 2046 sacrae
1523 1992 1689 2045 laurw
1719 1989 1778 2044 S.
1815 1990 2102 2044 Athanasii
2155 1991 2207 2042 in
2256 2001 2427 2045 monte
2460 1993 2616 2046 Atho.
2648 1993 2866 2049 Tertius
2907 2004 3087 2048 tomus
3110 2003 3194 2048 est
3219 1992 3449 2062 Operum

203 2086 460 2158 Gregorii
485 2088 736 2145 Palamse.

277 2230 467 2284 Primo
495 2230 614 2284 loco
644 2231 863 2298 ponitur
890 2231 1159 2300 it-jusdeui
1204 2228 1429 2298 epistola
1465 2227 1530 2280 ad
1563 2225 1776 2278 Damia-

203 2337 338 2375 num
395 2332 672 2390 prteeunte
710 2323 815 2376 hoc
860 2324 1063 2382 monito
1100 2322 1190 2375 :'O
1218 2320 1370 2386 λόγος
1403 2310 1553 2380 οὗτος
1579 2319 1641 2370 ὲκ
1673 2316 1780 2368 τῶν

205 2413 351 2481 πρὸς
392 2413 702 2465 Ἀκίνδυνον
757 2413 1165 2483 ἀντιρρητικῶν
1227 2413 1340 2464 ἐστι
1375 2411 1498 2463 -τοῦ
1561 2409 1780 2476 πρώτου

211 2503 426 2571 βιϐλίου
461 2503 686 2565 δέκατος
711 2518 726 2532 ⁸
759 2506 883 2556 ἐπεὶ
916 2504 970 2555 δὲ
1001 2504 1099 2555 οὐκ
1143 2501 1393 2571 ὲγγράφη
1424 2502 1542 2569 (sic)
1581 2501 1657 2560 si;
1691 2499 1781 2549 τὸν

205 2595 380 2646 αὑτοῦ
431 2597 599 2646 τόπον
647 2597 702 2646 ὲν
757 2599 869 2656 τοῖς
921 2595 1148 2664 βιϐλίοις
1185 2595 1430 2654 ἐκείνοις,
1481 2590 1780 2659 προσετέοη

206 2685 471 2738 ἐνταῦθα.
511 2686 566 2739 Id
601 2697 681 2740 est.
720 2704 733 2740 :
769 2685 869 2738 llic
899 2703 1066 2739 sermo
1091 2701 1155 2739 ea:
1180 2684 1542 2737 Antirrheticis
1576 2690 1651 2734 est
1686 2681 1786 2732 ad—

206 2795 396 2831 versus
437 2779 768 2847 .tcindynum
798 2779 1029 2830 decimus
1063 2778 1188 2828 torni
1219 2775 1268 2828 I.
1302 2775 1560 2838 Quoniam
1608 2783 1782 2824 autent

205 2887 308 2924 suo
339 2870 454 2921 loco
506 2871 734 2938 scriptus
765 2887 867 2922 non
899 2870 1005 2937 fuit
1043 2870 1098 2920 in
1133 2870 1214 2920 Itis
1246 2867 1417 2931 libris,
1458 2866 1540 2917 hic
1571 2865 1782 2917 additus

206 2967 314 3011 est.
351 2958 404 3011 In
440 2960 625 3011 codice
661 2957 891 3022 CXVill,
930 2959 1020 3026 qui
1056 2957 1261 3026 primus
1321 2966 1497 3008 tomus
1537 2951 1786 3006 inscribi-

209 3059 304 3102 tur
327 3048 564 3115 Operum
603 3048 876 3117 Gregorii,
925 3049 1017 3101 sed
1049 3062 1154 3100 non
1190 3045 1431 3114 ejusdem
1485 3059 1674 3096 manus
1704 3051 1786 3095 cst

208 3155 276 3194 ac
312 3141 424 3194 duo
451 3149 759 3209 sequentes,
799 3143 913 3193 tunc
948 3137 1172 3208 cpistola
1221 3138 1287 3191 ad
1332 3136 1650 3189 Damianum
1688 3133 1783 3186 de-

205 3233 358 3286 cimo
392 3231 506 3283 loco
536 3231 733 3298 scripta
765 3242 867 3284 est.

288 3323 550 3391 Sequitur
578 3322 776 3377 deinde
808 3323 859 3374 in
895 3322 998 3375 hoc
1028 3321 1326 3375 centesimo
1368 3319 1551 3374 codice
1587 3316 1680 3371 fol.
1721 3316 1777 3369 H

210 3413 382 3468 Index
420 3422 711 3467 accuratus
745 3413 976 3466 aliorum
1011 3427 1234 3479 operum
1272 3425 1390 3479 qua:
1429 3411 1479 3462 in
1515 3423 1580 3462 eo
1611 3408 1782 3462 couti-

209 3515 440 3566 nentur,
472 3513 528 3556 ut
556 3506 822 3571 sequitur.

287 3596 400 3648 T06
449 3594 842 3663 μακαριωτάτυ
906 3592 1345 3664 ἀρχιεπισκόμου
1389 3589 1786 3654 Θεσσαλονίκης

206 3685 525 3757 Γρηγορίου
555 3685 713 3750 λόγος
742 3683 1124 3745 ἀποδεικτικος
1161 3681 1398 3751 πρῶτος,
1422 3682 1503 3732 ὃτι
1549 3680 1667 3747 οὐχὶ
1694 3679 1788 3730 καὶ

207 3781 278 3828 ὲκ
307 3776 404 3827 τοῦ
460 3776 608 3837 Υἱοῦ,
643 3773 757 3825 ἀλλ’
785 3776 846 3826 ὲκ
879 3773 1043 3842 μόνου
1069 3773 1159 3824 106
1186 3772 1397 3840 Ματρὸς
1430 3768 1786 3837 ὲκπορούεται

209 3867 274 3918 τὺ
305 3864 540 3934 Πνεῦμα
571 3864 631 3916 τὸ
653 3865 831 3931 ἅγιον.
860 3863 1198 3917 Sanctissimi
1224 3861 1598 3928 archiepiscopi
1625 3858 1786 3910 Thes-

207 3957 472 4010 salonictz
522 3955 764 4024 Gregorii
816 3956 950 4007 liber
1001 3954 1509 4006 demonstrationum
1560 3951 1784 4018 primus,

207 4049 358 4118 quod
392 4065 498 4100 non
529 4063 594 4100 ex
627 4045 900 4104 Filio,sed
937 4060 1001 4098 ex
1028 4045 1140 4097 solo
1177 4045 1333 4097 Patre
1379 4043 1627 4112 procedat
1664 4040 1786 4109 Spi-

210 4141 354 4191 ritus
385 4146 624 4192 sanctus.
654 4136 872 4190 Initium
913 4159 925 4190 :
965 4137 1129 4190 Πάλιν
1158 4138 1185 4188 ὁ
1215 4134 1388 4196 δεινὸς
1421 4135 1511 4185 καὶ
1556 4134 1786 4202 ἀρχέκα-

209 4249 308 4291 κος
327 4230 454 4296 ὄφις
476 4229 575 4292 τὴν
603 4227 801 4280 ἑαυτοῦ
825 4227 1068 4296 κεφαλὴν
1091 4225 1212 4278 καθ’
1229 4225 1409 4294 ἡμῶν,
1437 4231 1540 4276 etc.
1560 4222 1677 4275 Fol.
1701 4221 1784 4273 13.

287 4319 401 4372 Τοῦ
427 4318 592 4371 αὐτοῦ
620 4319 776 4385 λόγος
806 4317 1056 4386 δεύτερος
1089 4316 1216 4382 περὶ
1266 4315 1363 4383 τῆς
1412 4311 1788 4382 ὲκπορεύσεως

205 4410 309 4462 τοῦ
343 4410 503 4476 ἁγίου
531 4407 870 4474 Πνεῦματος,
907 4407 990 4458 ὅτι
1013 4405 1135 4472 οὐχὶ
1167 4405 1260 4456 καὶ
1291 4405 1354 4454 ὲκ
1375 4401 1469 4454 τοῦ
1497 4400 1623 4453 Υίοῦ
1648 4416 1660 4430 '
1694 4399 1790 4452 ita).

207 4501 352 4566 πρὸς
377 4499 444 4550 τὰ
475 4496 626 4561 παρά
655 4494 901 4547 Λατίνων
940 4494 1003 4544 ὲκ
1041 4493 1140 4561 τῆς
1169 4492 1317 4553 θείας
1344 4491 1562 4560 Γραφῆς
1586 4491 1662 4548 είς
1694 4505 1789 4540 συ-

206 4587 487 4657 νηγορίαν
517 4585 695 4635 αὐτῶν
727 4583 891 4650 δῆθεν
923 4580 1339 4649 προτεινόμενα.
1379 4577 1632 4645 Ejusdem
1664 4577 1791 4627 liber

206 4679 479 4733 secundus
508 4676 573 4729 de
602 4675 933 4743 processione
961 4672 1129 4726 sancti
1158 4669 1411 4738 Spiritus,
1439 4669 1574 4739 quod
1600 4683 1698 4721 non
1729 4682 1792 4719 ex

211 4773 364 4825 Filio
396 4784 599 4838 quoque
632 4767 905 4832 procedat.
933 4763 1068 4816 Item
1111 4765 1360 4814 adversus
1389 4778 1450 4812 ea
1475 4776 1591 4829 qua:
1617 4775 1648 4811 a
1689 4757 1790 4810 La-

208 4864 343 4916 tinis
377 4876 442 4913 ex
468 4859 649 4912 divina
682 4854 960 4923 Scriptura
993 4856 1061 4906 ad
1117 4855 1200 4906 sui
1246 4851 1604 4920 patrocinium
1657 4850 1788 4917 affe-

209 4963 436 5006 runtur.
476 4951 696 5004 lnitium
727 4968 740 5000 :
769 4943 872 5000 Ὦν
897 4946 998 5014 μὲν
1029 4941 1121 4996 οἷν
1158 4944 1262 4994 ἔδει
1287 4943 1378 4994 καὶ
1408 4939 1555 5010 αὑτῷ
1581 4939 1659 5010 τῷ
1681 4941 1788 4992 τῶν

209 5045 592 5100 εὐσεϐούντων
614 5039 927 5107 καταλόγῳ,
961 5046 1065 5091 etc.
1103 5035 1217 5088 Fol.
1252 5035 1319 5087 55
1363 5050 1539 5089 vetso.

287 5134 400 5187 T06
425 5134 589 5186 αὑτοῦ
620 5134 698 5192 εἰς
721 5130 819 5192 τὰς
850 5129 998 5197 παρὰ
1021 5126 1113 5178 τοῦ
1143 5127 1347 5178 Βέκκου
1383 5126 1521 5195 ὑπὲρ
1546 5125 1788 5178 Λατίνων

208 5233 307 5284 ἐπὶ
363 5229 486 5288 ταῖς
539 5222 914 5288 συλλεγείσαις
954 5219 1082 5288 παρ’
1119 5218 1283 5271 αὐτοῦ
1319 5220 1615 5286 γραφικαίς
1657 5218 1789 5286 χρή-

211 5341 366 5376 σεσιν
410 5314 843 5384 ἁντεπιγραφαὶ,
897 5310 1176 5364 δεικνῦοαι
1225 5312 1499 5371 δυσσεϐῶς
1556 5309 1786 5378 ἐχούσας

205 5421 306 5476 τὰ,
335 5411 595 5471 τοιαύτας
628 5405 964 5475 ἐπιγραφὰς,
991 5403 1085 5456 καὶ
1126 5402 1439 5462 ἀντιθέτους
1471 5399 1640 5462 οὔσας
1669 5401 1787 5461 ταῖς

209 5502 670 5567 συνειλεγμέναις
705 5498 813 5550 τῶν
840 5497 1011 5564 ἁγίων
1053 5496 1298 5563 ῥήσεσιν.
1334 5490 1584 5559 Ejusdem
1633 5493 1684 5543 in
1709 5493 1789 5542 in-

206 5598 500 5664 criptines
539 5608 672 5662 quas
707 5589 900 5643 Veccus
930 5603 1023 5655 pro
1050 5586 1275 5647 Latinis,
1317 5585 1642 5653 congregatis
1671 5601 1700 5634 a
1735 5598 1787 5634 se

207 5692 426 5761 scriptis
457 5688 588 5739 locis
621 5684 909 5752 prwposuit
943 5681 1198 5753 apposita:
1233 5680 1620 5746 inscriptiones,
1664 5679 1785 5754 quia

211 5793 311 5836 bus
341 5780 638 5835 ostenditur
675 5776 798 5830 illas
829 5776 1195 5841 inscriptiones
1247 5772 1400 5838 impie
1424 5787 1474 5824 se
1503 5771 1710 5833 habere,
1737 5779 1782 5823 et

212 5873 449 5928 collectis
486 5879 792 5923 sanctarum
825 5868 952 5920 locis
978 5867 1276 5920 adversari.

1967 2224 2274 2295 Ἐπιγραφὴ
2314 2224 2561 2278 Λατίνων
2597 2225 2810 2295 πρώτη.
2841 2225 3125 2294 Inscriptio
3143 2227 3311 2292 prima
3341 2225 3446 2280 La-

1884 2315 2128 2368 tinorum.

1952 2408 2189 2476 Χρήσεις
2224 2407 2467 2476 διάφοροι
2493 2407 2764 2475 γραφικαὶ
2797 2407 3144 2472 συλλεγεῖσαι
3195 2409 3272 2470 εἰς
3322 2407 3444 2460 ἀπόσ

1881 2497 2047 2560 δειξιν
2102 2497 2195 2549 τοῦ
2244 2494 2382 2550 εἶναι
2429 2499 2487 2549 τὸ
2524 2497 2745 2564 Πνεῦμα
2791 2500 2882 2549 καὶ¹
2931 2500 2993 2549 ὲκ
3029 2497 3122 2549 τοῦ
3157 2497 3305 2562 Υἰοῦ,
3340 2508 3446 2552 etc.

1884 2590 2025 2644 Loca
2049 2592 2255 2645 diversa
2284 2591 2580 2659 Scriptura:
2603 2592 2815 2642 collecta
2847 2590 2914 2641 ad
2954 2591 3444 2654 demonstrandum,

1883 2682 2257 2752 quodSpiritus
2280 2685 2437 2736 etiam
2461 2699 2523 2735 ea:
2557 2682 2706 2745 Filio,
2740 2690 2842 2734 etc.

1954 2777 2259 2845 Γρηγορίου
2307 2775 2734 2844 ἁρχιεπισκόπου
2781 2774 3187 2842 Θεσσαλονίκης
3223 2782 3445 2828 ἀντεπι-

1887 2868 2066 2937 γραφὴ
2093 2867 2302 2936 πρώτη.
2355 2866 2591 2935 Gregorii
2630 2866 3003 2934 archiepiscopi
3068 2865 3444 2920 Thessalonica

1886 2959 2193 3012 adversaria
2225 2959 2498 3025 inscriptio
2532 2959 2722 3023 prima.

1957 3051 2125 3103 Ὅταν
2155 3052 2247 3102 ἐπὶ
2298 3049 2398 3115 τῆς
2431 3049 2702 3116 Θεολογίας
2749 3048 3137 3117 ἰσεδυναμῶσιν
3188 3047 3443 3118 ἀλήλλαις

1885 3144 1919 3210 ἡ
1956 3145 2020 3194 ὲκ
2057 3142 2150 3194 καὶ
2183 3143 2214 3210 ἡ
2253 3141 2360 3204 διὰ,
2393 3151 2498 3194 etc.
2534 3140 2650 3194 Fol.
2683 3140 2769 3194 64.
2809 3139 3006 3208 Sicque
3039 3141 3290 3208 deinceps
3313 3154 3438 3209 prte-

1886 3233 2066 3287 missis
2093 3231 2409 3286 Latinorum
2455 3232 2915 3300 propositionibus
2969 3232 3257 3300 respondet
3311 3229 3442 3284 arti-

1889 3327 2026 3380 culis
2059 3325 2329 3378 undecim.
2734 3387 2744 3394 κ

1959 3417 2065 3468 T06
2097 3415 2284 3480 αὑτοῦ,
2317 3416 2398 3467 ὅτι
2429 3416 2646 3467 Λατῖνοι
2689 3416 2940 3481 λέγοντες
2990 3414 3082 3466 καὶ
3132 3415 3188 3480 ἐξ
3217 3413 3349 3466 Υἱοῦ
3387 3416 3444 3467 τι

1889 3508 2134 3576 Πνεῦμα,
2180 3507 2280 3558 οὐκ
2335 3506 2518 3574 ἔχουσι
2575 3507 2863 3574 διαφυγεῖν
2909 3509 3034 3567 τοὺς
3080 3506 3444 3571 ἐγκαλοῦντας

1887 3601 2088 3663 αὐτοῖς,
2121 3600 2200 3650 ὅτι
2229 3597 2320 3649 τοῦ
2355 3598 2471 3657 ἑνὸς
2508 3597 2817 3666 [Ῑνεύματος
2853 3596 2946 3648 δύο
2972 3597 3221 3662 λέγουσιν
3247 3595 3443 3663 ἀρχὰς,

1891 3695 1981 3742 καὶ
2013 3690 2093 3741 ὅτι
2129 3687 2250 3750 τοὺς
2306 3685 2646 3753 Θεολογικοὺς
2696 3686 3091 3754 συλλογισμοὺς
3141 3686 3442 3738 ἀποδεικτι-

1887 3783 2011 3840 κοὺς
2051 3777 2249 3847 μᾶλλον
2295 3773 2374 3828 δεῖ
2419 3775 2625 3840 καλεῖν,
2675 3776 2706 3844 ἢ
2746 3775 3145 3836 διαλεκτικούς.
3201 3774 3445 3843 Ἐγραςρη

1889 3868 1945 3921 δὲ
1979 3869 2113 3934 πρὸς
2152 3867 2453 3919 ’Δκίνδυνον
2487 3867 2567 3918 ἐτι
2594 3869 2707 3927 τοῖς
2739 3865 2992 3916 εὐσεϐέσι
3032 3864 3125 3915 καὶ
3153 3863 3320 3928 φίλοις
3364 3865 3442 3915 ὲν-

1887 3958 2308 4028 αριθμούμενον.
2337 3956 2607 4022 Eiusdem,
2639 3957 2777 4026 quod
2798 3955 2979 4008 Latini
3006 3957 3233 4007 dicentes
3258 3970 3321 4006 ex
3352 3952 3441 4006 Fi-

1889 4053 1967 4103 lio
2011 4065 2210 4119 quoque
2259 4065 2367 4102 esse
2402 4046 2677 4116 Spiritum,
2728 4063 2828 4099 non
2880 4047 3081 4114 possint
3122 4046 3351 4114 effugere
3381 4045 3444 4097 ab

1889 4140 2254 4194 accusantibus
2285 4154 2358 4198 se,
2386 4139 2521 4205 quod
2552 4138 2707 4189 unius
2762 4136 2995 4204 Spiritus
3041 4137 3146 4187 duo
3189 4136 3445 4204 principia

1889 4235 2113 4285 dicant:
2142 4240 2190 4283 et
2225 4231 2362 4299 quod
2403 4229 2715 4297 theologicos
2760 4229 3091 4298 syllogismos
3131 4230 3305 4296 potius
3359 4229 3445 4280 de-

1890 4322 2256 4375 monstrativos
2287 4328 2524 4388 oporteat
2548 4320 2737 4382 dicere,
2759 4335 2914 4387 quam
2952 4319 3274 4371 dialecticas.
3302 4316 3444 4370 Scri-

1896 4422 2041 4481 ptum
2073 4421 2148 4464 est
2191 4421 2366 4462 autem
2408 4410 2474 4460 ad
2501 4409 2853 4476 Acindynum,
2887 4407 3167 4476 quiadhuc
3202 4423 3317 4458 cum
3347 4407 3446 4473 piis

1889 4508 1937 4551 et
1963 4499 2144 4550 amicis
2191 4507 2312 4548 tunc
2343 4502 2732 4549 numerabatur.
2768 4496 2981 4548 Initium
3016 4513 3028 4548 :
3064 4496 3135 4546 Σὺ
3168 4493 3267 4563 μὲν
3300 4497 3446 4563 ἡμᾶς

1894 4589 2021 4650 ῐσως
2054 4586 2194 4656 χρῆν
2226 4583 2366 4639 εἶναι
2408 4587 2564 4653 λόγον
2592 4586 2882 4638 ἀποδοῦναι
2910 4587 3109 4649 δοκεῖς,
3162 4593 3272 4639 etc.
3326 4584 3447 4638 Fol.

1893 4681 1980 4733 δε).

1959 4769 2064 4822 T06
2090 4768 2255 4821 αὐτοῦ
2277 4769 2352 4835 τῷ
2375 4768 2645 4836 φιλοσόφῳ
2677 4768 2960 4836 Βαρλαὰμ,
3010 4768 3071 4819 οὐ
3099 4767 3280 4827 καλῶς
3314 4769 3448 4818 ἀπο·

1888 4864 2246 4931 λογησαμένῳ
2276 4864 2402 4929 περὶ
2427 4856 2500 4912 ὦν
2531 4859 2634 4929 ἔφη
2667 4860 2760 4911 δύο
2805 4859 2991 4927 ἀρχῶν
3019 4874 3031 4887 ⁸
3062 4859 3090 4926 ἢ
3127 4858 3244 4910 καθ’
3268 4859 3447 4925 Ἐλλη-

1889 4956 2041 5023 vnn]:
2093 4953 2342 5022 ὲποψίας.
2381 4951 2632 5019 Ejusdem
2660 4952 2962 5018 philosOpito
2996 4949 3307 5013 Barlaamo,
3361 4966 3448 5018 qut

1890 5062 1990 5099 non
2051 5054 2186 5098 recte
2236 5061 2288 5096 se
2340 5044 2649 5110 defenderat
2704 5047 2843 5095 circa
2893 5045 2996 5094 duo
3026 5044 3321 5110 principia;
3351 5044 3453 5094 sit'c

1889 5146 2073 5189 contra
2142 5136 2548 5204 speculationem
2631 5133 3016 5188 Graecanicam.
3091 5130 3460 5186 lnittutnz'ﬂ.

1889 5225 2111 5293 θρέμμα
2155 5224 2255 5292 τῆς
2306 5225 2565 5274 ἀνωτάτω
2618 5223 2748 5290 περὶ
2803 5221 2991 5287 λόγους
3044 5221 3312 5285 παιδείας,
3343 5233 3448 5273 etc.

1889 5313 2004 5366 Fol.
2034 5313 2122 5365 77.

1958 5402 2063 5455 T06
2094 5402 2257 5457 αὑτοῦ
2293 5402 2429 5472 πρὸς
2469 5403 2561 5455 τὸν
2607 5402 2869 5472 Bap/adp.
2911 5400 3190 5470 γράφοντα
3231 5401 3310 5452 ὅτι
3351 5400 3448 5451 οὐκ

1888 5495 2035 5547 ἔστιν
2067 5494 2338 5559 ἀπόδειξις
2375 5494 2460 5546 ἐπ’
2490 5495 2697 5556 οὐδενος
2737 5494 2842 5545 τῶν
2867 5493 3048 5554 θείων,
3082 5492 3317 5560 ἔλεγχος,
3367 5491 3449 5542 ὅτι.

1891 5588 2038 5640 ἐστιν
2067 5589 2150 5655 ἐφ’
2179 5583 2252 5639 ὧν
2280 5602 2292 5614 '
2327 5590 2421 5639 καὶ
2460 5588 2541 5639 ὅτι
2573 5587 2772 5654 κυρίως
2825 5584 3100 5646 ἀπόδειξις
3139 5582 3300 5649 αῦτη,
3333 5584 3364 5651 ἠ
3394 5581 3448 5631 δὲ

1890 5682 2010 5733 κατ’
2059 5678 2434 5749 Ἀριστοτέλην
2495 5677 2766 5740 (inditi;
2830 5678 3131 5727 ἀσύστατον
3174 5689 3187 5701 ·
3247 5673 3339 5725 καὶ
3389 5673 3448 5722 τὸ

1890 5771 2031 5839 ὑπὲρ
2065 5770 2488 5837 αὑτὴνάχρεῖον.
2554 5765 2804 5833 Ejusdem
2860 5768 3112 5819 adversus
3164 5761 3443 5822 Barium,

1889 5863 1976 5931 qui
2012 5863 2291 5930 scripserat
2326 5876 2479 5928 super
2514 5860 2661 5912 nulla
2691 5861 2987 5913 diuinarum
3029 5871 3202 5910 rerum
3230 5854 3446 5910 deman-
