4274 6452
809 399 916 462 835

811 512 1120 566 strationem
1160 509 1366 569 haberi.
1407 508 1680 577 refutatio,
1712 506 1849 575 quod
1881 505 1949 560 sit
2001 506 2379 560 demonstratio

813 620 968 673 super
999 603 1318 672 quibusdam
1346 620 1358 655 :
1385 611 1431 653 ct
1464 602 1602 669 quod
1633 600 1727 652 illa
1758 615 1872 651 vere
1921 601 1990 651 sit
2045 600 2383 651 demonstra-

813 697 907 756 tio,
967 694 1305 747 Aristotelira
1374 708 1491 745 vero
1550 691 1934 743 demonstratio
1980 690 2046 742 sit
2097 691 2297 742 incerta
2335 700 2383 741 et

812 788 1149 839 instabilis...
1186 785 1405 837 Initium
1446 801 1458 834 :
1497 784 1575 835 Τά
1608 782 1707 850 μὲν
1738 782 1837 849 τῆς
1894 780 2163 851 δυαρχίας
2196 783 2259 834 ἐκ
2294 781 2389 850 μέ-

817 895 911 930 σου
943 881 1167 946 γέγονεν
1219 892 1232 907 ·
1270 876 1505 945 ἐξεκόπη
1542 876 1650 945 γάρ
1689 874 1797 927 τῶν
1838 873 2013 940 λόγων
2050 873 2145 926 τοῦ
2176 875 2389 937 φιλοσο-

817 988 942 1039 φου,
973 981 1076 1022 ctc.
1114 968 1227 1023 [θυι.
1257 969 1345 1024 90.

893 1085 998 1138 Τοῦ
1038 1085 1204 1138 αὐτοῦ
1242 1086 1398 1150 λόγος
1445 1084 1588 1153 ὑπὲρ
1615 1083 1722 1135 τῶν
1767 1083 1928 1154 ἱερῶς
1982 1084 2388 1154 ἡσυχαζόντων,

818 1178 928 1229 τῶν
961 1178 1247 1247 προτέρων
1288 1176 1315 1227 ό
1356 1175 1597 1244 πρῶτος,
1629 1174 1772 1228 κατά
1817 1175 1867 1225 τί
1919 1174 2015 1227 καὶ
2050 1177 2208 1244 μέχρι
2246 1175 2390 1238 τίνος

820 1272 1104 1338 λυσιτελὴς
1139 1273 1169 1338 ἡ
1200 1270 1328 1339 περὶ
1368 1270 1559 1337 λόγους
1590 1268 1769 1339 τριϐή.
1819 1269 2139 1337 Ἀπόκρισις
2174 1270 2389 1341 πρώτη.

828 1363 1080 1429 Ejusdem
1133 1362 1264 1413 liber
1298 1363 1534 1429 priorum
1559 1362 1759 1428 primus
1814 1376 1907 1428 pro
1941 1360 2004 1411 iis
2035 1361 2124 1427 qui
2155 1361 2207 1412 in
2238 1377 2394 1413 sacra

825 1456 1001 1523 quiete
1037 1454 1252 1522 degunt,
1294 1455 1345 1504 in
1377 1470 1477 1520 quo
1504 1464 1549 1503 et
1583 1468 1745 1519 usque
1778 1451 1845 1502 ad
1874 1467 2030 1519 quam
2067 1460 2258 1502 metam
2284 1464 2395 1503 stu-

825 1547 968 1598 dium
1022 1546 1318 1596 litterarum
1375 1545 1441 1595 sit
1500 1543 1650 1595 utile.
1702 1541 1988 1609 Responsio
2032 1542 2228 1609 prima.
2288 1542 2397 1595 Ini—

827 1644 995 1691 t‘uln:
1041 1637 1285 1704 ’Λδελφὲ,
1330 1635 1494 1687 καλὸν
1522 1634 1709 1704 χάριτι
1742 1632 2095 1705 βεϐαιοῦσθαι
2136 1633 2233 1704 τὴν
2267 1650 2399 1704 καρ-

825 1729 962 1790 δίαν,
990 1736 1095 1780 ctc.
1124 1725 1238 1780 FuI.
1272 1726 1395 1787 105,
1422 1740 1600 1778 Vcrso.

895 1840 1003 1892 Τοῦ
1063 1840 1231 1893 αὐτοῦ
1276 1839 1431 1906 λόγος
1487 1840 1625 1908 ὑπὲρ
1657 1839 1765 1891 τῶν
1800 1838 1959 1909 ίερῶς
1992 1839 2398 1909 ἡσυχαζόντων,

826 1932 935 1983 τῶν
966 1932 1246 2001 προτέρων
1277 1932 1303 1982 ό
1331 1928 1584 1997 δεύτερος
1609 1946 1621 1959 ·
1649 1929 1730 1981 ὅτι
1762 1930 1875 1991 τοίς
1906 1929 2313 2003 προῃρημένοις
2339 1931 2397 1981 ἐν
2482 2002 2483 2005 η

827 2026 1029 2095 ἡσυχία
1067 2023 1357 2093 προσέχειν
1386 2024 1620 2084 ἑαυτοῖς,
1670 2022 1771 2075 οὐκ
1806 2021 2095 2085 άσυντελὲς
2127 2022 2276 2075 ἔνδον
2304 2020 2399 2075 τοῦ

832 2116 1083 2185 σώματος
1120 2116 1416 2185 πειρᾶσθαι
1445 2116 1699 2183 κατέχειν
1720 2114 1811 2167 τὸν
1838 2115 2034 2166 οἰκεῖον
2080 2114 2225 2168 νοῦν.
2244 2114 2403 2167 Ἀπό-

832 2226 1015 2276 κρισις
1064 2209 1313 2278 δευτέρα.
1362 2206 1614 2274 Ejusdem
1664 2206 1795 2259 liber
1844 2208 2085 2274 priorum
2137 2206 2400 2259 secundus

833 2317 928 2367 pro
965 2300 1029 2351 iis
1070 2300 1161 2367 qui
1200 2300 1251 2351 in
1288 2314 1441 2351 sacra
1483 2300 1653 2366 quiete
1697 2296 1927 2366 degunt,
1988 2298 2129 2366 quod
2190 2298 2256 2351 iis
2312 2296 2403 2365 qui

832 2398 1096 2461 ctegerunt
1130 2393 1183 2443 in
1216 2392 1386 2459 quiete
1414 2389 1512 2442 sibi
1542 2390 1668 2455 ipsis
1701 2389 1991 2452 attendere,
2020 2405 2121 2441 non
2180 2390 2249 2443 sit
2301 2390 2394 2442 im-

835 2484 1082 2551 possibile
1106 2484 1247 2535 intra
1275 2497 1463 2549 Corpus
1502 2480 1773 2548 propriam
1832 2490 2055 2535 mentem
2114 2482 2404 2547 continere,

836 2575 1115 2629 ltesoonsio
1142 2574 1393 2626 secunda.
1429 2570 1643 2625 Initium
1675 2588 1687 2623 :
1734 2570 1977 2638 Ἀδελφέ,
2014 2571 2115 2623 οὐκ
2147 2573 2405 2634 ἀκούσεις

831 2667 925 2720 τοῦ
943 2667 1267 2719 ’Λποστόλου
1326 2664 1600 2732 λέγοντος,
1642 2664 1724 2715 ὅτι
1756 2665 1825 2715 τὰ
1867 2662 2119 2734 σώματα,
2166 2662 2406 2720 etc.Foi.

836 2759 960 2811 115.

906 2872 1013 2924 Τοῦ
1038 2869 1202 2925 αὑτοῦ
1228 2869 1380 2937 λόγος
1402 2868 1497 2921 ὐτὲ
1512 2887 1541 2937 ρ
1562 2868 1669 2921 τῶν
1692 2867 1851 2937 ίερῶς
1876 2866 2407 2938 ἡσυχαζόντων,τῶν

835 2966 1116 3033 προτέρων
1145 2966 1171 3015 ὀ
1201 2964 1382 3031 τρίτος
1413 2966 1542 3030 περι
1568 2963 1742 3030 φωτὸς
1780 2965 1873 3014 καί
1909 2962 2190 3031 φωτισμοῦ
2220 2961 2393 3024 θείου,

839 3064 933 3108 καὶ
978 3057 1131 3126 ἱερᾶς
1159 3055 1507 3125 εὐδαιμονίας
1542 3054 1636 3107 καί⁵
1665 3054 1763 3125 τῆς
1793 3057 1850 3107 ὲν
1877 3056 2098 3125 Χριστῷ
2142 3056 2410 3123 τελειότη-

836 3167 963 3211 τος.,
993 3148 1309 3217 ’Λπόκρισις
1360 3148 1546 3217 τρίτη.
1584 3148 1835 3217 Ejusdem
1870 3147 2000 3200 liber
2025 3148 2263 3216 priorum
2306 3157 2413 3202 ter—

840 3242 943 3293 tius
982 3242 1044 3293 de
1069 3241 1133 3292 iis
1164 3240 1249 3308 qui
1286 3241 1340 3291 in
1369 3256 1521 3291 sacra
1562 3240 1736 3307 quiete
1761 3239 1976 3307 degunt,
2024 3239 2089 3291 de
2122 3238 2316 3292 lumine
2362 3249 2412 3292 et

838 3332 1237 3385 illuminatione
1291 3332 1494 3395 divina,
1540 3331 1602 3383 de
1644 3347 1800 3383 sacra
1834 3331 2089 3397 felicitate
2117 3339 2165 3383 et
2196 3332 2260 3385 de
2293 3348 2413 3399 per-

840 3425 1067 3493 fectione
1122 3428 1176 3477 in
1224 3422 1455 3477 Christo.
1499 3422 1713 3475 Initium
1751 3439 1764 3473 :
1804 3422 1919 3475 Οὐκ
1954 3422 2062 3489 ἄρα
2104 3423 2267 3491 μόνον
2296 3413 2414 3485 ταῖς

840 3518 1065 3583 ἀρεταῖς
1098 3516 1154 3566 αἱ
1188 3513 1375 3565 κακίαι
1412 3513 1885 3581 παραπεπήγασιν
1949 3521 2056 3567 etc.
2093 3512 2208 3566 Fol.
2241 3512 2358 3566 I20.

912 3606 1019 3659 Τοῦ
1051 3604 1217 3658 αὑτοῦ
1246 3605 1402 3671 λόγος
1454 3604 1595 3673 ὑπὲρ
1642 3603 1752 3656 τῶν
1793 3604 1953 3673 ίερῶς
2009 3601 2411 3672 ἡσυχαξίὶντων,

842 3698 954 3751 τῶν
976 3698 1260 3766 ὑστέρωνό
1281 3697 1518 3765 πρῶτος,
1558 3698 1678 3765 ἦτοι
1723 3696 1975 3764 διήγησις
2019 3697 2109 3747 καὶ
2134 3698 2414 3766 ἀνατροπὴ

843 3796 952 3847 τῶν
1009 3794 1114 3845 ὑπὸ
1152 3791 1245 3845 τοῦ
1284 3792 1582 3861 φιλοσόφου
1637 3789 1903 3858 Βαρλαὰμ
1981 3792 2412 3858 συγγραφέντων

847 3886 988 3939 κατὰ
1008 3885 1117 3937 τῶν
1143 3884 1306 3952 ίερῶς
1329 3882 1734 3953 ἡσυχαζόντων.
1770 3881 1863 3943 Τίς
1888 3881 1920 3948 ὴ
1946 3880 2115 3942 ὅντως
2149 3882 2417 3949 σωτήριος

855 3977 1051 4043 γνῶσις
1090 3976 1182 4028 καὶ
1216 3978 1327 4036 τοῖς
1360 3975 1528 4033 ὅντως
1575 3973 1830 4041 μοναχοίς
1866 3971 2352 4041 περισπούδαστος,
2385 3970 2417 4039 ἢ

854 4070 989 4121 κατὰ
1024 4069 1131 4121 τῶν
1165 4068 1429 4135 λεγόντων
1457 4066 1561 4135 τὴν
1588 4068 1650 4116 ὲκ
1680 4063 1781 4132 τῆς
1815 4062 1919 4127 ἔξω
1972 4062 2221 4123 παιδείας
2275 4061 2416 4126 γνῶ-

850 4178 935 4212 σιν
965 4161 1133 4221 ὅντως
1166 4162 1454 4227 σωτιῖριον.
1483 4156 1732 4223 Ejusdem
1761 4155 1893 4207 liber
1922 4156 2271 4221 posteriorum
2294 4156 2419 4223 pri-

850 4268 965 4304 mus
988 4267 1083 4319 pro
1113 4252 1175 4303 iis
1218 4252 1307 4318 qui
1346 4251 1397 4301 in
1456 4264 1611 4300 sacra
1638 4248 1807 4315 quiete
1846 4247 2069 4315 degunt,
2128 4249 2235 4299 sire
2264 4262 2422 4300 enar-

852 4347 989 4396 ratio
1024 4356 1070 4397 et
1106 4345 1301 4395 eversio
1347 4358 1529 4395 eorum
1562 4356 1677 4408 qua!
1724 4356 1756 4391 a
1804 4340 2107 4407 philosopho
2161 4338 2421 4392 Barlaam

855 4438 1046 4503 scripta
1079 4444 1199 4487 sun:
1231 4444 1417 4487 contra
1435 4450 1519 4486 eos
1565 4435 1655 4503 qui
1690 4434 1744 4485 in
1767 4448 1921 4485 sacra
1972 4432 2142 4498 quiete
2200 4432 2416 4498 degunt.

853 4528 1109 4592 Quantam
1141 4527 1207 4578 sit
1241 4542 1353 4577 vere
1384 4526 1637 4578 salutaris
1670 4526 1894 4577 scientia
1924 4542 1954 4575 a
1978 4525 2112 4577 veris
2148 4522 2419 4576 monachis

851 4618 1024 4677 culta;
1058 4633 1145 4669 stu
1196 4630 1384 4668 contra
1421 4633 1506 4669 eos
1550 4617 1639 4684 qui
1697 4616 1873 4667 dicunt
1930 4615 2203 4667 scientiam
2244 4622 2419 4667 extero

856 4723 937 4761 ua:
970 4706 1115 4758 illius
1140 4706 1435 4773 disciplina:
1460 4714 1597 4775 ξρετε
1647 4722 1762 4758 vere
1800 4705 2115 4758 salutarem.
2144 4703 2364 4758 Initium
2402 4723 2416 4759 :

855 4798 1021 4850 Οὐδὲν
1051 4795 1280 4864 ψεύδους
1332 4797 1653 4863 δεινότερον,
1710 4796 1863 4848 οὐδὲν
1901 4796 2263 4864 συκοφαντίας
2318 4797 2421 4865 ἄχ-

857 4887 980 4949 Οονς
1011 4886 1332 4958 βαρύτερον,
1363 4896 1471 4942 etc.
1508 4887 1626 4942 Fol.
1665 4887 1791 4953 MU,
1830 4901 2004 4941 verso.

928 5000 1035 5051 Τοῦ
1068 4999 1232 5052 αὑτοῦ
1268 5000 1425 5068 λόγος
1458 5002 1597 5071 ὑπὲρ
1629 5002 1737 5053 τῶν
1789 5000 1951 5070 ἱερῶς
2002 5001 2416 5071 ἡσυχαζόντων,

856 5095 965 5146 τῶν
995 5095 1237 5163 ὑστέρων
1282 5098 1307 5145 ὁ
1337 5096 1586 5165 δεύτερος
1637 5097 1762 5162 περὶ
1791 5096 2116 5162 προσευχῆς.
2170 5093 2421 5162 Ejusdem

862 5187 991 5237 liber
1018 5187 1371 5253 posteriorum
1397 5186 1656 5238 secundus
1692 5202 1784 5251 pro
1805 5187 1868 5238 iis
1906 5187 1996 5254 qui
2030 5202 2241 5238 sacram
2277 5189 2423 5255 quie-

864 5287 962 5329 tem
997 5291 1180 5346 agunt,
1221 5281 1283 5331 de
1312 5278 1585 5331 Oratione.
1630 5278 1847 5330 Initium
1876 5294 1890 5329 :
1919 5278 2039 5328 Τῶν
2093 5276 2191 5345 μὲν
2220 5276 2312 5328 οῦν
2336 5277 2425 5329 οὖ-

861 5370 949 5422 δὲν
1008 5372 1149 5440 μέγα
1204 5372 1506 5437 τιθεμένων
1552 5371 1650 5437 τὴν
1714 5369 1820 5424 ἀπὸ
1877 5372 1972 5439 τῆς
2021 5368 2125 5431 ἔξω
2179 5368 2427 5431 παιδείας

864 5462 1067 5529 ὃνησιν,
1098 5473 1203 5515 ctc.
1237 5460 1352 5513 Fol.
1385 5461 1507 5525 15‘},
1546 5476 1717 5515 verso.

937 5574 1046 5628 Τοῦ
1083 5575 1249 5627 αὐτοῦ
1285 5574 1439 5643 λόγος
1479 5576 1622 5645 ὑπὲρ
1668 5576 1775 5627 τῶν
1808 5576 1969 5645 ἱερῶς
2021 5576 2424 5645 ἡσυχαζόντων,

860 5667 967 5719 τῶν
1016 5667 1315 5734 ὑστέρωνό
1340 5668 1517 5737 τρίτος
1548 5672 1680 5738 περὶ
1735 5672 1909 5738 φωτὸς
1966 5670 2134 5739 ἱεροῦ.
2173 5670 2423 5738 Ejusdem

865 5760 990 5811 liber
1018 5760 1367 5825 posteriorum
1401 5763 1616 5824 tertius,
1643 5778 1737 5829 pro
1770 5764 1832 5815 iis
1881 5764 1970 5831 qui
2000 5764 2053 5815 in
2077 5779 2230 5815 sacra
2255 5764 2425 5831 quiete

865 5849 1076 5918 degunt,
1131 5851 1192 5902 dc
1240 5868 1390 5905 sacro
1424 5854 1640 5909 lumine.
1687 5854 1904 5911 Initium
1939 5873 1953 5911 ;
2003 5856 2061 5907 Ὀ
2098 5855 2161 5924 δὴ
2186 5856 2282 5925 τῆς
2316 5874 2429 5907 ws-

2033 393 2420 454 GREGOIHI
2466 392 2792 452 PALAMJE

3953 399 4059 461 836

2493 506 2592 573 ρᾶς
2623 505 2934 575 προτευχῆς
2985 504 3125 557 κατὰ
3182 505 3284 558 τῶν
3312 505 3397 558 διέι
3446 504 3559 574 βεεν
3593 508 3764 576 ταύτῃ
3800 525 4065 577 προσανε.

2487 598 2711 664 χόντων,
2750 606 2857 651 etc.
2895 596 3011 654 Fui.
3044 597 3165 661 168,
3203 612 3380 651 verso.

2563 685 2669 738 Τοῦ
2701 686 2868 737 αὑτοῦ
2926 685 3150 754 ἐλεγχος
3202 686 3310 740 τῶν
3382 688 3816 757 συμϐαινόντων,
3850 693 3915 742 ὲκ
3958 691 4067 741 τῶν

2491 776 2760 848 δευτέρων
2808 777 2903 829 τοῦ
2956 778 3253 845 φιλοσόφου
3284 779 3556 849 Βαρλαάμ
3581 784 4066 852 συγγραμμάτων,

2491 869 2688 937 ἢπερὶ
2751 869 3025 932 θεώσεως.
3086 868 3341 937 Ejusdem
3407 871 3663 939 refutatio
3714 872 4069 926 absurdorum

2491 979 2607 1030 qute
2667 972 2960 1033 sequuntur
3008 980 3073 1016 ea:
3118 965 3361 1017 secundis
3419 964 3703 1019 Barlaami
3769 968 4072 1034 philosophi

2493 1056 2749 1122 scriptis;
2797 1058 2901 1110 sive
2956 1058 3022 1108 de
3076 1058 3430 1124 deiﬁcatione.
3498 1058 3773 1111 Initium:
3819 1059 3964 1110 Ἀλλ’
4025 1060 4075 1110 εἰ

2499 1147 2596 1216 μὲν
2627 1150 2769 1200 κατὰ
2802 1147 3202 1200 Μασσαλιανῶν
3232 1149 3488 1218 καθάπερ
3534 1151 3630 1202 καὶ
3662 1151 4074 1218 ἐπιγέγραπται

2496 1241 2543 1292 οἱ
2576 1241 2635 1293 τὸ
2666 1241 2873 1311 βιϐλίον
2902 1244 3221 1312 πεποίηται,
3256 1241 3492 1297 ctc.Fu|.
3532 1244 3657 1309 I97,
3689 1260 3868 1299 verso.

2567 1333 2672 1385 Τοῦ
2708 1334 2873 1386 αὐτοῦ
2905 1335 3203 1401 κατάλογος
3234 1337 3343 1386 τῶν
3371 1336 3730 1389 ἐκϐαινόντων
3754 1338 3979 1390 ἀτόπων
4011 1340 4077 1389 ὲκ

2496 1426 2606 1477 τῶν
2662 1425 2757 1477 τοῦ
2818 1426 3113 1495 φιλοσόφου
3177 1427 3442 1497 Βαρλαάμ
3506 1426 3852 1497 προτάσεων,
3914 1430 4076 1495 λόγος

2495 1518 2747 1587 δεύτερος
2772 1519 2914 1571 κατά
2949 1520 3239 1588 δευτέρων.
3280 1520 3533 1589 Ejusdem
3562 1521 3839 1591 catalogus
3876 1523 4079 1575 absur-

2498 1612 2687 1663 dorum
2717 1627 2832 1680 qua:
2862 1623 3152 1681 sequuntur
3180 1630 3244 1667 ex
3280 1612 3560 1667 Barlaami
3599 1615 3904 1684 philosophi
3962 1631 4082 1681 pro-

2500 1703 2722 1770 tasibus,
2756 1705 2888 1759 liber
2915 1709 3175 1759 secundus
3196 1718 3381 1760 contra
3405 1711 3636 1761 secunda
3659 1711 3879 1773 scripta.
3909 1707 4036 1761 luit.
4062 1725 4077 1761 :

2505 1796 2703 1866 Ἦρετό
2768 1815 2851 1859 τις
2897 1797 3006 1849 τῶν
3052 1799 3424 1869 εἰσαγομένων
3491 1803 3540 1853 εί
3590 1800 3817 1855 δυνατὸν
3862 1801 4083 1872 ἀνθρὼ-

2500 1907 2607 1961 πῳ,
2639 1902 2744 1945 etc.
2782 1891 2898 1945 Fol.
2938 1892 3064 1955 2H,
3105 1908 3281 1948 verso.

2570 2004 2675 2057 Τοῦ
2705 2004 2870 2058 αὑτοῦ
2901 2007 3201 2075 κατάλογος
3234 2008 3342 2061 τῶν
3366 2008 3733 2064 ἐκϐαινόντων
3763 2012 3987 2065 ἀτόπων
4019 2014 4084 2066 ἐκ

2498 2097 2609 2149 τῶν
2632 2096 2727 2150 τοῦ
2757 2100 3049 2168 φιλοσόφου
3078 2102 3345 2172 Βαρλαάμ
3395 2105 3909 2173 συμπερασμάτων,
3938 2106 4082 2159 κατά

2501 2189 2611 2241 τῶν
2642 2192 2919 2263 δευτέρων
2948 2196 2974 2246 ό
3002 2197 3205 2263 τρίτος.
3241 2194 3487 2263 Ejusdem
3520 2198 3795 2266 catalogus
3822 2198 4087 2251 absurdo-

2504 2297 2620 2333 rum
2641 2298 2756 2349 qua'
2786 2294 3074 2352 sequuntur
3095 2300 3159 2338 ex
3174 2286 3749 2355 philisophiBarlaami
3778 2290 4088 2342 conclusio-

2504 2374 2677 2435 nibus.
2706 2374 2839 2428 liber
2861 2376 3048 2429 tertius
3080 2388 3267 2431 contra
3304 2382 3533 2432 secunda
3558 2382 3779 2447 scripta.
3819 2379 4041 2435 Initium
4067 2401 4082 2433 :

2509 2469 2573 2519 "A
2609 2468 2706 2535 μὲν
2736 2463 2830 2521 οὖν
2860 2470 3191 2540 προσκρούει
3219 2474 3285 2541 τῇ
3316 2472 3544 2544 ἀληθείᾳ
3589 2473 3684 2526 καὶ
3713 2472 3792 2543 τῷ
3822 2474 3922 2543 τῆς
3954 2476 4089 2547 άλη-

2506 2560 2657 2624 θείας
2689 2561 2829 2630 Θεῷ,
2863 2572 2968 2617 etc.
3005 2561 3120 2617 Fol.
3166 2563 3293 2619 9.20.

2589 2674 2878 2744 Ἐπίτομος
2914 2678 3051 2730 κατά
3076 2676 3135 2728 τὸ
3166 2677 3392 2732 δυνατὸν
3426 2678 3680 2750 διήγησις
3725 2682 3823 2749 τῆς
3861 2680 3955 2733 ἐπὶ
3990 2681 4088 2733 τοῦ

2514 2766 2779 2820 παλατίου
2830 2767 3061 2820 ἐνώπιον
3113 2768 3207 2822 τοῦ
3258 2771 3530 2839 βασιλέως
3575 2778 3877 2847 γενομένης
3903 2778 4093 2832 διαλέ-

2510 2857 2643 2923 ξεως
2674 2858 2767 2912 τοῦ
2804 2860 3205 2930 Θεσσαλονίκης
3236 2863 3405 2933 κυροῦ
3443 2865 3751 2937 Γρηγορίου
3802 2871 3899 2922 καὶ
3944 2871 4095 2941 Γρη-

2511 2954 2650 3022 γορᾶ
2677 2953 2771 3005 τοῦ
2804 2953 3122 3023 φιλοσόφου,
3156 2960 3540 3027 συγγραφεῖσα
3569 2963 3725 3030 παρά
3772 2981 3925 3027 τινος
3980 2967 4094 3018 τῶν

2512 3045 2611 3113 τῆς
2643 3045 2951 3115 συγκλήτου
2986 3045 3228 3113 λογάδων
3258 3050 3525 3115 παρόντος
3555 3054 3650 3105 καὶ
3694 3054 3975 3122 αὐτηκόου
4006 3073 4098 3123 γε-

2511 3137 2753 3204 γονότο;.
2788 3136 3174 3205 Compendiosa
3202 3155 3297 3207 pro
3323 3141 3580 3208 facultate
3605 3146 3843 3197 narratio
3871 3146 4093 3216 dialogi,

2507 3235 2596 3301 qui
2634 3234 2688 3284 in
2717 3232 2917 3300 palatio
2961 3249 3142 3286 coram
3188 3236 3508 3302 imperatore
3566 3237 3781 3291 habitus
3824 3249 3904 3293 est
3954 3243 4097 3293 inter

2518 3324 2581 3377 υ.
2616 3323 2925 3394 Gregorium
2950 3325 3403 3395 archiepiscopum
3439 3326 3828 3383 Thessalonicae
3882 3340 3932 3383 et
3966 3330 4103 3385 Gre-

2512 3432 2693 3484 goram
2726 3417 3108 3486 philosOphum,
3139 3421 3372 3485 scriptus
3406 3436 3439 3472 a
3469 3421 3698 3488 quodam
3722 3436 3789 3474 es:
3825 3422 4100 3477 illustrio-

2514 3510 2656 3561 ribus
2696 3510 3046 3575 senatoribus,
3094 3511 3185 3579 qui
3233 3511 3345 3564 lucc
3383 3528 3613 3577 prtesens
3668 3515 3938 3567 audierat.
3992 3516 4102 3570 Ini-

2518 3602 2648 3653 tium
2688 3618 2701 3653 :
2742 3601 3016 3672 Ὀρισυεὶς
3057 3603 3209 3669 παρὰ
3236 3603 3330 3655 τοῦ
3377 3605 3535 3671 ἁγίου
3604 3605 3763 3675 ἡμῶν
3828 3608 4099 3662 αὑθέντου

2517 3695 2609 3746 καὶ
2640 3693 2929 3761 βασιλέως,
2963 3703 3067 3749 etc.
3111 3695 3226 3750 Fui.
3258 3695 3382 3751 226.

2588 3807 2693 3859 Τοῦ
2748 3809 3169 3878 μακαριωτάτου
3199 3809 3638 3879 άρχιεπισκόπου
3689 3812 4105 3887 Θεσσαλονίκης

2520 3902 2824 3971 Γρηγορίου
2873 3900 2948 3964 ὡς
3010 3901 3119 3954 ἀπό
3146 3919 3294 3965 τινος
3323 3904 3514 3972 ἑτέρου
3573 3906 3939 3975 συγγραφεὶς,
3973 3912 4106 3978 περὶ

2516 3995 2615 4059 τῆς
2647 3994 2739 4046 τοῦ
2772 3994 3029 4064 Γρηγορᾶ
3055 3993 3462 4064 ψευδογραφίας
3490 3995 3626 4065 ὁμοῦ
3652 4001 3745 4049 καὶ
3773 3998 4108 4062 δυσσεϐείας

2518 4086 2676 4154 λόγος
2725 4086 2963 4156 πρῶτος.
3041 4085 3344 4139 Beatissimi
3402 4086 3648 4157 Gregorii
3718 4092 4108 4160 archiepiscopi

2526 4176 3013 4232 Thessalonicensis
3048 4180 3112 4231 de
3148 4176 3399 4248 Gregorio
3429 4181 3482 4232 in
3511 4182 3788 4234 scribendo
3815 4184 4109 4236 mendaciis

2520 4278 2568 4323 et
2597 4270 2865 4337 impietate
2891 4270 3022 4323 liber
3040 4272 3266 4338 primus,
3296 4270 3360 4322 ab
3386 4272 3493 4324 alio
3522 4274 3748 4340 quodam
3780 4274 4105 4341 descriptus.

2525 4362 2741 4416 Initium
2774 4380 2787 4415 :
2825 4363 3172 4432 Μεταλαχεῖν
3222 4363 3421 4425 ἀθλίως
3472 4364 3563 4415 τὸν
3604 4364 3921 4434 Γρηγορᾶν,
3959 4366 4107 4433 Βιρ-

2523 4456 2671 4525 λαάμ
2700 4455 3120 4509 καὶἈκινδύνου
3150 4455 3259 4506 τῶν
3287 4455 3619 4520 κακοδόξων,
3651 4465 3757 4511 etc.
3790 4456 3912 4510 FuI.
3935 4457 4070 4512 252.

2593 4571 2699 4624 Τοῦ
2731 4571 2898 4623 αὐτοῦ
2931 4570 3059 4638 περὶ
3093 4572 3189 4641 τῆς
3230 4570 3326 4623 τοῦ
3376 4572 3634 4641 ι’ρηγορᾶ
3689 4574 4108 4643 ψευδογραςῐτς

2524 4664 2659 4733 ὁμοῦ
2711 4664 2805 4716 καὶ⁸
2846 4664 3168 4726 δυσσεϐείας
3202 4664 3361 4730 λόγος
3402 4664 3676 4735 δεύτερος.
3734 4665 3995 4734 Ejusdem
4047 4688 4112 4721 te

2527 4754 2773 4825 Gregorii:
2808 4757 2859 4807 in
2888 4755 3161 4808 scribendo
3218 4756 3510 4808 mendaciis
3554 4764 3603 4808 et
3642 4757 3916 4825 impietate
3977 4760 4114 4811 libxr

2525 4856 2810 4902 secundus.
2850 4848 3115 4901 Initium:
3155 4848 3245 4911 Ἐξ
3291 4848 3503 4916 ὀνύχων
3555 4849 3689 4913 φασὶ
3744 4848 3837 4901 τὸν
3892 4849 4108 4914 λέοντα,

2528 4941 2620 4989 καὶ
2651 4941 2711 4990 ὲκ
2740 4939 2833 4991 τοῦ
2868 4939 3176 5008 κρασπέδου
3198 4939 3258 4991 τὸ
3293 4938 3542 5007 ὕφασμα,
3579 4949 3687 4993 etc.
3724 4939 3843 4993 Fol.
3869 4940 4000 4995 εει.

2602 5032 2859 5101 Ἔλεγχος
2910 5032 3008 5098 τῆς
3034 5034 3115 5092 εἰς
3144 5032 3207 5083 τὸ
3248 5031 3527 5083 θειότατον
3570 5031 3688 5100 φῶς
3729 5032 3829 5100 τῆς
3868 5035 3969 5085 τοῦ
4003 5036 4113 5085 Κυ-

2531 5121 2648 5189 ρίου
2706 5120 3212 5191 μεταμορφώσεως,
3271 5122 3625 5188 παντοδαπῆς
3682 5122 3777 5175 τοῦ
3844 5124 4109 5195 Γρηγορὶ

2532 5212 2881 5280 βλασφημίας
2928 5214 3025 5263 καὶ
3078 5212 3421 5281 παράστασις
3476 5213 3537 5278 ἐξ
3600 5214 3961 5277 ἀντιθέσεως,
4026 5218 4112 5270 δτι

2529 5304 2782 5356 ἀκτιστον
2811 5302 2971 5354 τοῦτο
2996 5298 3144 5355 εστιν
3173 5302 3247 5366 ὡς
3278 5302 3494 5372 άληθῶς
3522 5304 3617 5357 καὶ
3644 5304 3838 5358 ἀΐδιον.
3857 5306 4110 5377 Ἐγράξη

2532 5398 2623 5447 καὶ
2660 5397 2942 5463 ἀπεστάλη
2974 5394 3053 5463 τῷ
3083 5394 3373 5463 ἁγιωτάτῳ
3427 5396 3524 5447 καὶ
3580 5398 3955 5466 οἰκουμενικῷ
4006 5416 4114 5451 πα-

2533 5486 2785 5554 τριάρχῃ.
2819 5486 3088 5555 Befutatio
3123 5490 3440 5539 omnimodte
3480 5486 3826 5555 blasphemia:
3856 5489 4111 5555 (ἐι-ευριπ

2541 5580 2683 5629 circa
2724 5579 3111 5631 divinissimum
3142 5579 3829 5647 lumeutransﬁgurationis
3858 5579 4074 5632 Domini
4096 5603 4114 5640 .-

2532 5687 2591 5721 ac
2617 5670 2995 5725 demonstratio
3044 5687 3109 5724 ex
3150 5672 3420 5735 antithesi,
3452 5672 3591 5740 quod
3640 5671 3775 5725 illud
3808 5674 4116 5727 increatum

2535 5778 2647 5815 vere
2705 5764 2772 5815 sit
2818 5774 2865 5815 et
2898 5774 3171 5820 internum.
3213 5764 3425 5832 Scripta
3460 5774 3509 5818 et
3537 5767 3702 5819 inissa
3753 5776 3831 5818 est
3884 5769 3956 5819 ad
3988 5785 4115 5821 san-

2538 5855 2825 5907 ctissimum
2885 5866 2932 5909 et
2987 5858 3357 5910 a'cumenicum
3422 5858 3809 5925 patriarcham.
3847 5856 4112 5915 Initium:
