4274 6452
208 505 314 571 841

211 615 525 690 ἐφροσὺνην
585 606 772 672 αὑτοῦ,
818 624 834 657 ι
879 608 1044 673 φησιν
1095 603 1121 653 ὑ
1178 598 1339 667 σοφὸς
1380 595 1631 664 Σολομῶν
1672 601 1780 644 etc.

211 710 325 762 Ful.
365 706 490 759 171.
528 715 708 752 \crso.

279 798 389 851 Τοῦ
439 792 607 847 αὑτοῦ
664 788 1084 855 παναγιωτάτου
1125 782 1468 851 πατριάρχου
1505 778 1642 845 πρὸς
1700 775 1790 826 τὸν

208 889 373 942 αὑτὸν
420 883 714 952 φιλόσοφον
771 877 1061 947 Γρηγορᾶν
1085 876 1242 942 λόγος
1283 867 1668 941 ἀντιρρητικὸς
1723 863 1790 929 ιβ’

209 979 354 1047 ὑπὲρ
379 975 490 1027 τῶν
518 972 598 1041 τῷ
623 969 763 1038 ἁγίῳ
789 967 910 1037 ὄρει
944 965 1021 1036 τῷ
1049 965 1202 1033 Ἀθῳ
1232 957 1517 1031 μοναστῶν
1544 955 1667 1026 (sic)
1700 956 1793 1006 xci“.

207 1070 319 1122 τῶν
373 1067 536 1135 ίερῶς
586 1059 976 1134 ἡσυχαζόντων
1025 1057 1144 1109 ἐκεῖ
1187 1053 1282 1108 καὶ
1331 1051 1397 1123 δὴ
1431 1049 1667 1104 καὶτῶν
1706 1049 1794 1098 ἐν-

209 1160 389 1214 ταῦθα
416 1174 430 1188 ·
466 1157 609 1225 ὑπὲρ
642 1172 704 1207 τε
733 1154 843 1206 τῶν
866 1151 1005 1204 κατὰ
1038 1149 1148 1201 τῶν
1176 1144 1466 1198 θειοτάτων
1523 1136 1796 1209 βασιλέων

212 1255 402 1315 κακῶς
453 1249 762 1320 εἰρημένων
797 1244 947 1314 αὑτῷ
980 1239 1268 1308 ἀπολογία,
1315 1235 1452 1290 ἀλλὰ
1475 1234 1538 1301 δὴ
1576 1228 1800 1283 καὶτῶν

217 1346 361 1400 κατὰ
420 1319 515 1396 τοῦ
573 1341 721 1394 θείου
779 1334 1088 1409 Γρηγορίου
1142 1332 1238 1385 καὶ
1284 1329 1393 1382 τῶν
1435 1325 1595 1396 ἱερῶν
1637 1319 1800 1374 αὑτοῦ

215 1438 555 1504 θαυμάτων·
611 1432 750 1498 πρός
791 1446 854 1495 γε
909 1427 1016 1495 μὴν
1072 1424 1149 1493 τῷ
1184 1421 1278 1474 τοῦ
1330 1421 1496 1488 λόγου
1530 1416 1675 1467 τέλει
1711 1413 1803 1466 καὶ

214 1525 698 1592 ἀνακεφαλαὲωσις
745 1520 853 1572 τῶν
890 1514 1330 1586 προειρημένων.
1386 1506 1640 1576 Ejusdem
1678 1519 1802 1555 san-

213 1618 443 1671 ctissimi
485 1613 807 1683 patriarcha:
852 1608 1103 1662 adversus
1146 1604 1383 1658 eumdem
1435 1597 1805 1667 philosophum

219 1711 512 1778 Gregoram
564 1707 696 1759 liber
747 1701 1127 1755 antirrheticus
1182 1695 1265 1758 I2,
1306 1710 1400 1762 pro
1443 1689 1712 1745 monachis
1751 1689 1806 1738 in

217 1812 407 1854 sancto
443 1805 616 1849 monte
675 1793 812 1847 Atho
862 1789 1191 1860 degentibus,
1224 1795 1270 1838 et
1305 1785 1368 1836 iis
1407 1783 1494 1852 qui
1527 1780 1720 1834 ibidem
1749 1788 1804 1829 ut

216 1906 268 1945 et
302 1895 385 1943 hic
417 1892 470 1941 in
508 1904 662 1941 sacra
691 1886 862 1954 quiete
924 1883 1098 1936 vivunt
1133 1879 1194 1949 (i.
1229 1871 1590 1945 llesychastis)
1623 1872 1804 1936 defen-

217 1986 304 2036 sio
324 1969 800 2034 'divinissimorum
827 1977 1207 2041 imperatorum
1243 1977 1429 2021 contra
1462 1963 1697 2032 ejusdem
1723 1961 1808 2012 di-

222 2090 354 2137 cta;
393 2073 742 2138 similiterque
795 2068 860 2121 Ι).
913 2064 1156 2134 Gregorii
1196 2072 1245 2116 et
1283 2059 1665 2112 miraculorum
1691 2053 1806 2121 ejus

219 2167 498 2237 apologia.
523 2163 850 2232 Insuperque
876 2161 929 2213 in
959 2159 1064 2226 ﬁne
1083 2157 1205 2210 libri
1232 2151 1602 2221 recapitulatio
1628 2162 1808 2202 eorum

215 2277 343 2332 qua:
371 2274 534 2326 supra
567 2257 709 2307 dicta
750 2262 895 2306 sunt.
930 2249 1061 2303 luit.
1090 2266 1102 2301 :
1145 2244 1415 2300 Ἐνταῦθα
1457 2260 1523 2312 με
1555 2241 1811 2311 βουλόμε-

220 2331 314 2406 νον
357 2351 555 2419 στῆσαι
581 2348 672 2398 τὸν
698 2344 858 2413 λόγον
881 2341 910 2395 ὃ
932 2341 996 2411 δὴ
1023 2341 1125 2394 κὰν
1151 2340 1261 2401 τοῖς
1292 2337 1531 2406 φθάσασι
1561 2331 1810 2404 προῦφην

217 2460 335 2502 c:c.
369 2444 487 2498 Fol.
524 2443 649 2495 197.

298 2536 409 2586 Τοῦ
436 2532 606 2586 αὑτοῦ
636 2529 948 2597 ἁγιωτάτου
987 2527 1084 2580 καὶ
1122 2517 1506 2589 οἱκουμενικοῦ
1543 2516 1814 2584 πατριάρ-

221 2645 326 2697 χου
368 2623 542 2694 κυροῦ
583 2620 838 2674 Φιλοθὲου
869 2617 947 2688 τῷ
977 2614 1356 2685 εὐγενεστάτω
1397 2609 1618 2681 μεγάλῳ
1656 2608 1814 2674 δομε-

223 2695 402 2784 στίκῳ
431 2714 509 2782 τῷ
543 2711 893 2780 Ιιαλαιολόγῳ
923 2709 1053 2778 περὶ
1101 2704 1196 2759 τοῦ
1231 2708 1288 2758 ἐν
1322 2704 1433 2764 τοῖς
1487 2698 1622 2770 πρὸς
1653 2695 1818 2750 Εὐνό-

223 2825 360 2877 μιον
411 2804 828 2875 ἁντιῤῥητικοῖς
875 2801 971 2854 τοῦ
1016 2799 1256 2868 μεγάλου
1311 2792 1598 2846 Βασιλείου
1647 2788 1815 2859 ῥητοῦ

220 2899 326 2950 τοῦ
369 2897 655 2964 λέγοντος·
697 2913 715 2946 t
769 2893 827 2946 '0
873 2893 983 2961 γὰρ
1016 2887 1252 2949 τετοκὼς
1293 2885 1501 2956 βώλους
1545 2882 1812 2952 δρόσου,»

226 2990 381 3043 κατὰ
406 2989 498 3041 τὸν
534 2985 656 3039 ’1ὼὸ
683 2987 862 3050 λόγον,
893 2985 990 3052 οὑχ
1025 2982 1227 3050 ὁμοίως
1257 2978 1354 3041 τάς
1397 2994 1456 3029 τε
1492 2974 1698 3044 βώλους
1725 2975 1819 3026 καὶ

223 3084 322 3135 τὸν
362 3082 492 3133 Υἱὸν
523 3079 872 3149 ὑπεστήσατο
897 3090 912 3104 ⁸
945 3078 1041 3128 καὶ
1074 3074 1202 3142 περὶ
1242 3072 1497 3140 θεότητος
1536 3068 1695 3135 λόγος
1729 3071 1817 3132 ιγ’.

229 3175 491 3243 Ejusdem
528 3169 858 3225 sanctissimi
878 3178 924 3221 et
948 3165 1251 3221 mcumenici
1274 3161 1596 3232 patriarcha:
1622 3158 1823 3212 domini

231 3266 502 3320 I’hilothei
533 3263 865 3316 nobilissimo
890 3275 1076 3330 magno
1098 3258 1382 3311 domestico
1403 3253 1732 3322 Pala'ologo,
1761 3252 1824 3304 de

226 3362 380 3412 dicto
415 3358 474 3412 S.
509 3357 704 3410 Basilii
740 3356 793 3408 in
825 3352 1202 3408 Autirrheticis
1252 3359 1440 3402 contra
1479 3346 1820 3406 Eunomium,

223 3453 325 3517 qui
382 3449 460 3502 ait
531 3448 588 3499 in
642 3447 778 3498 hunc
827 3444 952 3498 Jobi
1010 3452 1208 3506 locum,
1245 3459 1263 3492 ι
1309 3441 1415 3506 Qui
1451 3441 1589 3492 enim
1626 3438 1823 3504 peperit

224 3542 418 3612 glebas
456 3541 618 3602 roris,
651 3556 669 3588 ι
707 3554 808 3590 non
842 3537 1089 3590 similiter
1113 3536 1291 3604 glebas
1320 3545 1368 3586 et
1405 3531 1605 3584 Filium
1628 3531 1828 3583 consti-

229 3639 425 3696 :uisse,
453 3645 505 3688 et
534 3633 599 3687 de
630 3632 828 3684 deitate
848 3632 980 3684 liber
1006 3630 1240 3682 decimus
1271 3628 1475 3680 tertius.
1514 3623 1664 3678 lnit.:
1694 3624 1828 3690 ’Λγε

225 3731 305 3797 δὴ
338 3728 432 3779 καὶ
464 3726 651 3789 πάλιν,
687 3724 858 3792 φίλων
890 3723 1101 3790 ἀνδρῶν
1139 3719 1500 3788 εὑγενέστατε
1537 3719 1629 3770 καὶ
1679 3717 1830 3785 φιλοο

232 3819 581 3887 μαθέστατε,
613 3813 751 3884 πρὸς
775 3815 870 3876 τὰς
892 3811 1074 3874 λύσεις
1102 3812 1272 3881 ῐωμεν
1307 3807 1416 3862 τῶν
1441 3807 1550 3860 σῶν
1581 3806 1832 3876 ζητημά-

232 3929 354 3963 των
385 3922 497 3963 etc.
529 3909 643 3961 Fui.
670 3907 799 3960 (ΜΞ.

314 4000 425 4054 Τοῦ
465 3999 632 4052 αὑτοῦ
668 3999 802 4064 προς
837 3997 928 4049 τὸν
971 3995 1136 4049 αὑτὸν
1173 3994 1301 4063 περὶ
1344 3992 1446 4061 τῆς
1475 3993 1531 4044 ἐν
1563 3991 1832 4061 Θαϐωρίῳ

233 4095 397 4156 θείας
441 4090 539 4144 τοῦ
574 4089 816 4157 Χριστοῦ
855 4085 1360 4157 μεταμορφώσεως,
1389 4086 1470 4136 ὅτι
1505 4082 1629 4134 οῦτε
1676 4084 1834 4135 οὐσία

232 4184 383 4236 Θεοῦ
412 4183 475 4234 τὸ
506 4181 630 4234 κατ’
665 4178 840 4247 αὐτὴν
882 4176 996 4245 φῶς
1028 4175 1154 4229 οὗτε
1181 4173 1388 4242 κτίσμα
1409 4190 1422 4202 ·
1455 4174 1546 4224 καὶ
1581 4173 1661 4224 ὅτι
1695 4167 1836 4224 εἶδον

235 4275 380 4329 αὐτὸ
408 4275 458 4326 οί
495 4270 812 4334 ἀπόστολοι,
861 4270 957 4322 καὶ
989 4267 1106 4328 πῶς
1153 4262 1295 4318 εἶδον
1322 4281 1337 4295 ·
1375 4266 1469 4316 καὶ
1502 4265 1584 4317 ὅτι
1617 4264 1680 4315 οὑ
1711 4280 1838 4316 σιω-

235 4368 462 4422 πᾶσθαι
494 4365 624 4427 τοὺς
677 4365 808 4432 περὶ
858 4360 1068 4414 τούτων
1106 4360 1298 4426 λόγους
1343 4359 1484 4412 κατά
1524 4375 1676 4418 τινας
1707 4358 1834 4426 χρὴ,

235 4462 388 4517 ἀλλὰ
417 4459 514 4512 καὶ
561 4453 959 4526 κηρύττεσθαι,
1015 4454 1107 4502 καὶ
1144 4451 1280 4520 πρὸς
1317 4449 1416 4518 τὴν
1454 4449 1690 4518 μετοχὴν
1733 4449 1834 4517 μά.

235 4558 411 4608 λιστα
468 4549 727 4603 σπεύδειν
785 4547 994 4605 πάντας
1033 4542 1127 4594 τοῦ
1185 4541 1333 4593 θείου
1372 4544 1552 4609 φωτὸς
1593 4541 1833 4594 ἐκείνου,

241 4645 514 4714 Ejusdem
564 4643 634 4694 ad
669 4639 909 4692 eumdem
943 4637 1005 4689 de
1040 4637 1217 4688 divina
1248 4634 1737 4702 Transﬁguratioue
1783 4635 1838 4688 in

243 4736 550 4797 Thaborio,
590 4734 728 4803 quod
765 4732 943 4783 lumen
995 4729 1048 4780 in
1085 4743 1147 4780 ea
1198 4727 1488 4779 exhibitum
1524 4743 1685 4795 neque
1715 4728 1842 4780 sub—

236 4829 458 4886 stantia
497 4826 593 4879 Dei
623 4828 688 4876 sit
734 4837 898 4890 neque
927 4830 1177 4872 creatura
1214 4861 1226 4884 ,
1253 4832 1301 4872 et
1334 4821 1473 4887 quod
1514 4819 1740 4886 apostoli
1768 4819 1846 4886 ip-

241 4933 369 4971 sisin
406 4913 634 4967 viderint
681 4927 744 4961 ac
777 4908 1040 4977 quomodo
1079 4907 1343 4970 viderint;
1375 4907 1512 4975 quod
1535 4907 1646 4961 ha'c
1676 4919 1846 4960 tacere

244 5024 359 5061 non
401 5013 668 5070 oporteat.
709 5012 764 5053 ut
806 4999 1028 5069 quidam
1079 4998 1282 5056 volunt.
1314 4997 1404 5050 sed
1440 5000 1618 5063 potius
1646 4999 1844 5068 pra'di-

241 5113 393 5151 care.
429 5093 495 5145 Et
530 5095 670 5160 quod
702 5094 768 5144 ad
817 5090 964 5142 illius
995 5089 1188 5142 divina:
1222 5088 1357 5141 lucis
1388 5090 1844 5156 participationem

245 5204 438 5243 omnes
497 5186 756 5254 festinare
804 5183 1054 5236 debeant.
1080 5181 1208 5235 luit.
1241 5197 1254 5233 :
1301 5180 1452 5232 Ἐπεὶ
1486 5180 1541 5232 δὲ
1582 5181 1680 5243 τὰς
1722 5185 1850 5251 περὶ

242 5285 350 5342 τὰς
382 5281 562 5344 λέξεις
617 5276 742 5329 καθ’
770 5275 930 5344 ἡμῶν
970 5272 1344 5341 συκοφαντίας
1379 5289 1437 5324 τε
1476 5276 1570 5325 καὶ
1606 5291 1849 5327 καινοτο-

249 5375 385 5444 μίας
420 5382 526 5425 etc.
567 5368 688 5422 Fol.
717 5367 846 5422 22L

325 5463 438 5514 Τοῦ
479 5461 648 5512 αὑτοῦ
685 5459 820 5527 προς
866 5458 958 5510 τὸν
993 5455 1157 5508 αὖτ’.ν
1191 5456 1320 5523 περὶ
1352 5455 1458 5506 τῶν
1494 5456 1672 5507 αὲτῶν
1695 5457 1851 5522 λόγος

254 5558 340 5606 ;ε’.
383 5549 640 5617 Ejusdem
669 5547 737 5598 ad
770 5547 1014 5600 eumdem
1046 5547 1110 5598 tle
1138 5561 1189 5597 re
1209 5544 1389 5597 eadem
1423 5544 1554 5596 liber
1587 5546 1670 5599 15.
1704 5547 1850 5600 lnit.:

263 5643 436 5697 Ἀλλὰ.
469 5642 663 5708 καιρός
695 5639 761 5690 ἂν
794 5637 880 5706 εἴη
913 5637 1121 5699 λοιπὸν,
1161 5639 1255 5688 καὶ
1283 5637 1372 5688 τὸν
1412 5639 1574 5688 οἱονεὶ
1609 5640 1758 5701 τέλος
1794 5657 1849 5690 τε

251 5737 353 5789 καὶ
383 5733 662 5802 σφραγῖδα
696 5745 799 5783 etc.
837 5728 952 5782 Fol.
983 5730 1088 5782 2'27
1119 5744 1297 5783 verso.

328 5829 517 5896 Μέχρι
573 5824 672 5892 μὲν
712 5821 918 5873 τούτων
953 5822 1371 5890 συμπληροῦται
1403 5823 1461 5874 τὸ
1497 5823 1721 5893 βιϐλίον,
1758 5841 1855 5876 κα-

255 5921 370 5985 θὼς
406 5924 466 5973 ἐν
502 5919 623 5978 ταῖς
670 5914 1037 5985 προθεωρίαις
1078 5913 1526 5969 διαλαμϐάνεται.
1582 5918 1852 5986 Προσετὲ·

605 6010 880 6069 ι’λτιιοι..
923 6011 1036 6066 Uti.
1088 6005 1209 6065 CL.

1000 490 1316 552 ()i‘ERUM
1362 481 1841 544 ΑιιουΜΕΝΤΑ
1885 477 1985 538 EX
2027 474 2242 534 CODD.
2290 466 2619 528 LOiSIJN.

3359 449 3465 514 812

1891 590 2065 657 θησαν
2097 586 2152 637 δὲ
2195 587 2252 635 ἐν
2288 583 2364 650 τῷ
2397 580 2625 648 παρόντι
2663 578 2754 629 καὶ
2787 575 2852 626 τὰ
2885 571 3102 640 ἐφεξῆς.
3135 568 3248 622 "uc
3273 570 3464 621 desinit

1894 682 2043 742 liber,
2097 685 2154 729 ut
2206 678 2260 728 in
2315 672 2632 742 protheuriis
2678 670 2967 722 indicatur.
3017 663 3080 717 In
3141 665 3468 714 hoc-autem

1892 767 2186 834 exemplari
2208 766 2393 818 addita
2425 771 2543 816 sunt
2567 775 2683 829 qua:
2721 767 3052 828 sequuntur:
3095 754 3153 805 Ὀ
3188 753 3349 815 αὑτὸς
3392 749 3470 818 τῷ

1895 857 2200 928 Πετριώτῃ,
2241 857 2321 908 ὅτι
2355 855 2545 920 ὥσπερ
2586 848 2665 912 είς
2710 852 2842 912 Θεὸς
2871 852 2903 918 ἡ
2932 848 3067 916 ἁγία
3097 846 3292 916 Τριὰς,
3327 842 3474 898 οὕτω

1897 952 1994 1004 καὶ
2035 951 2131 1019 μία
2166 952 2198 1019 ἡ
2231 949 2456 1014 θεότης’
2488 947 2582 998 καὶ
2617 945 2748 1008 περὶ
2782 942 2931 1004 θείας
2977 942 3282 1010 ἐνεργείας.
3323 938 3474 991 Idem

1898 1045 2165 1104 Petriotae,
2194 1043 2329 1111 quod
2359 1042 2496 1094 sicut
2535 1037 2594 1091 S.
2633 1037 2868 1089 Trinitas
2903 1050 3036 1087 unus
3078 1042 3154 1086 est
3198 1032 3354 1092 Deus,
3402 1031 3475 1082 sic

1899 1152 2004 1187 una
2039 1136 2109 1188 sit
2137 1133 2350 1185 deitas:
2381 1141 2428 1185 et
2471 1131 2533 1183 de
2585 1130 2764 1182 divina
2793 1128 3118 1194 operatione.
3153 1124 3303 1177 luit.:
3333 1122 3477 1183 Χθὲς

1904 1229 2000 1280 καὶ
2051 1225 2320 1295 πρότριτά
2357 1223 2446 1292 μοί
2500 1240 2584 1286 τις
2622 1221 2730 1273 τῶν
2768 1219 3017 1288 συνήθων
3075 1217 3339 1284 ἀγγελίαν
3373 1211 3478 1286 ἧκε

1903 1320 2146 1389 κομίζων
2175 1327 2280 1370 etc.
2308 1315 2421 1370 Ful.
2447 1316 2573 1369 257.

1976 1411 2083 1464 Τοῦ
2114 1410 2280 1464 αὑτοῦ
2303 1412 2414 1470 τοῖς
2447 1408 2814 1472 ἐνδοξοτάτοις
2851 1408 2944 1459 καὶ
2990 1406 3482 1472 περιφανεστάτοις

1909 1505 2171 1575 μεγάλας
2205 1503 2549 1571 δομεστίκοις
2592 1503 2721 1569 περὶ
2767 1502 2864 1569 τῆς
2908 1499 3144 1561 παλαιᾶς
3177 1497 3485 1565 περιτομῆς

1907 1598 2266 1665 ὲρωτὴσασιν.
2303 1594 2551 1664 Ejusdem
2594 1593 2993 1664 gloriosissimis
3025 1601 3073 1644 et
3109 1589 3483 1643 illustrissimis

1909 1693 2113 1760 magnis
2157 1693 2456 1743 domesticis
2493 1693 2554 1742 de
2590 1692 2745 1742 veleri
2777 1688 3191 1741 circumcisione.
3218 1687 3433 1740 Initium
3469 1702 3483 1736 :

1924 1783 2064 1849 Ἐγὼ
2095 1783 2192 1851 μὲν
2214 1784 2358 1851 ὑμᾶς
2379 1780 2534 1850 ᾤμην
2567 1782 2629 1831 ἐκ
2653 1781 2751 1848 τῆς
2789 1781 3007 1848 μακρᾶς
3043 1778 3356 1847 ἀποδημίας
3377 1785 3484 1830 (τις.

1911 1871 2027 1925 Fol.
2063 1872 2190 1926 115.
2222 1887 2400 1926 verso.

1983 1963 2064 2016 Τὰ
2099 1963 2370 2031 κεφάλαια
2435 1963 2541 2035 (ιδ’)
2585 1966 2687 2031 τῆς
2738 1964 3005 2030 αἱρέσεως
3055 1962 3365 2015 ’Λκινδὺνου
3398 1962 3490 2015 καὶ

1911 2056 2179 2126 Βαρλαὰμ
2227 2055 2465 2108 καὶτῶν
2520 2057 2840 2125 ὁμοφρόνων
2891 2056 3097 2117 αὐτοῖς,
3135 2056 3357 2109 τεθέντα
3392 2055 3492 2123 μὲν

1910 2150 1984 2210 ὼς
2035 2148 2189 2202 αὐτοὶ
2250 2148 2686 2217 συνεγράψαντο,
2724 2146 2925 2215 ἐφεξῆς
2976 2148 3032 2199 δὲ
3068 2148 3491 2216 ἀνατρεπῦμενα

1915 2243 2065 2309 παρὰ
2103 2240 2197 2292 τοῦ
2250 2240 2415 2294 αὑτοῦ
2469 2242 2835 2311 πατριάρχου.
2887 2244 2948 2295 Ut
3001 2241 3194 2308 Capita
3239 2243 3492 2309 luureseos

1913 2334 2174 2402 Acindyni
2231 2341 2280 2385 et
2330 2331 2603 2385 Barlaami
2640 2351 2702 2386 ac
2753 2335 3056 2403 sequacium
3095 2351 3295 2396 eorum,
3323 2337 3496 2403 posita

1913 2428 2145 2498 quidem,
2179 2435 2236 2478 ut
2265 2426 2366 2494 ipsi
2390 2428 2732 2493 scripserunt,
2762 2429 2950 2480 deinde
2977 2445 3094 2481 vero
3116 2446 3293 2482 eversa
3313 2431 3375 2482 ab
3407 2448 3496 2483 eo-

1915 2520 2034 2572 dem
2064 2518 2398 2586 patriarcha.
2426 2517 2642 2572 lnitium
2676 2537 2687 2571 :
2723 2518 3032 2588 Propositio
3065 2521 3354 2590 Aryndini.
3390 2523 3495 2574 Λέ-

1918 2627 2108 2679 γουσιν
2140 2611 2545 2698 ἐναντιούμενοι
2579 2614 2644 2682 τῇ
2677 2613 2797 2682 θείᾳ
2848 2613 3035 2684 Γραφῇ
3074 2625 3180 2669 elt'.
3218 2615 3336 2668 Fol.
3371 2617 3496 2670 219.

1990 2705 2279 2767 Συνοδικὸς
2312 2705 2480 2773 τόμος
2508 2707 2904 2774 γεγραμμένος
2939 2708 3031 2759 ἐπὶ
3065 2711 3184 2770 ταῖς
3215 2710 3501 2776 ἐξελεγξά-

1922 2816 2044 2860 σαις
2067 2801 2160 2851 καὶ
2184 2797 2627 2866 ἀποδαλομέναις
2657 2799 2756 2868 τὴν
2789 2799 2882 2852 τοῦ
2907 2801 3174 2869 Βαρλαάμ
3198 2780 3291 2854 καί
3316 2804 3502 2855 Ἀκιν-

1920 2890 2078 2942 δύνου
2112 2888 2438 2942 δυσσέὀειαν
2494 2889 2761 2956 μεγάλαις
2813 2892 3076 2953 συνόδοις,
3121 2895 3178 2946 ἐν
3200 2891 3288 2956 αἷς
3337 2897 3434 2964 οὑχ
3472 2898 3502 2962 ἡ

1936 2981 2231 3051 Ἐκκλησία
2278 2983 2427 3034 πᾶσα
2467 2982 2648 3049 μόνον,
2688 2982 2824 3034 ἀλλὰ
2877 2983 3030 3053 καὶὴ
3071 2985 3376 3056 σύγκλητος
3412 2990 3506 3040 καὶ

1925 3075 1975 3125 οἱ
2011 3073 2287 3127 καθολικοὶ
2339 3077 2598 3143 παρῆσαν
2629 3075 2738 3128 τῶν
2787 3075 3076 3144 Ῥωμαίων
3112 3081 3317 3147 κριταὶ.
3373 3097 3508 3150 προ-

1929 3165 2240 3233 καθημένου
2297 3165 2390 3216 καὶ
2422 3163 2516 3217 τοῦ
2569 3165 2845 3218 θειοτάτου
2885 3166 3152 3234 βασιλέως
3186 3168 3290 3231 ἕως
3324 3163 3384 3222 οῦ
3415 3188 3510 3221 πε-

1930 3257 2076 3328 ριῆν.
2133 3256 2427 3326 Synodicus
2484 3267 2654 3310 tomus
2690 3259 2917 3324 scriptus
2951 3261 3003 3311 in
3037 3263 3244 3330 magnis
3293 3265 3506 3331 synodis

1927 3364 2042 3417 qua:
2085 3348 2360 3401 Barlaami
2410 3359 2456 3400 et
2506 3349 2769 3418 Acintlyni
2809 3350 3129 3418 impietatem
3167 3353 3508 3421 confutarunt

1927 3451 1976 3494 et
2024 3442 2469 3509 proscripserunt.
2517 3442 2703 3509 quibus
2741 3459 2839 3494 non
2895 3453 3006 3496 tota
3039 3444 3210 3497 solum
3249 3445 3512 3512 Ecclesia,

1929 3537 2019 3588 sed
2077 3536 2238 3587 etiam
2274 3543 2488 3586 senatus
2521 3547 2566 3587 et
2607 3535 2856 3588 catholici
2916 3535 3275 3591 Romanorum
3300 3540 3513 3607 judices

1933 3628 2178 3688 aderant,
2207 3627 2520 3690 praesidente
2546 3627 2875 3679 dit'inissimo
2907 3629 3241 3694 imperatore.
3275 3635 3512 3701 quantlitt

1933 3727 2192 3784 superstes
2224 3717 2348 3786 fuit.
2391 3718 2603 3771 Initium
2633 3737 2645 3770 :
2696 3719 3007 3782 Ἐπαινετὸς
3040 3721 3257 3791 άληθῶς
3288 3725 3314 3775 ό
3343 3724 3514 3775 εἰπὼν

1932 3809 2030 3876 τὴν
2067 3807 2395 3861 ταπείνωσιν
2419 3807 2682 3876 ἀληθείας
2719 3803 2860 3861 εἶναι
2918 3809 3221 3876 ἐπίγνωσιν
3250 3823 3356 3867 etc.
3395 3811 3512 3867 Fol.

1934 3899 2061 3953 258.
2099 3901 2230 3951 Acta
2257 3907 2342 3953 est
2396 3899 2510 3951 hac
2545 3901 2785 3968 synodus
2841 3915 3027 3955 mense
3071 3903 3339 3970 Augusto,
3374 3905 3516 3958 indi-

1937 3992 2117 4043 ctione
2146 3991 2200 4052 9,
2237 4005 2382 4043 anno
2435 3992 2620 4043 tnnudi
2678 3991 2840 4056 6819,
2878 3993 2926 4045 id
2977 4002 3060 4046 est
3118 3992 3320 4048 Christi
3359 3996 3515 4048 15H.

1941 4082 2246 4137 Subscribit
2293 4083 2534 4137 Joannes
2593 4093 2732 4151 patr.
2795 4085 2852 4137 (Ἰ.
2894 4087 2954 4138 Ρ.
2994 4101 3120 4139 cum
3156 4089 3518 4156 tnetropolitis

1939 4186 2084 4229 octo.
2115 4174 2235 4229 Jaut
2279 4176 2529 4244 sequitur
2565 4177 2706 4228 Ἴσον
2759 4177 2854 4227 τοῦ
2889 4180 3038 4242 παρᾶ
3076 4179 3181 4229 τῶν
3213 4179 3519 4247 ἀρχιερέων

1943 4268 2041 4334 (ς’)
2074 4268 2356 4335 γεγονότος
2391 4268 2718 4336 γράμματος
2775 4269 2914 4319 κατᾶ
2949 4270 3048 4335 τὴν
3087 4270 3518 4322 πεντεκαιδεκὰ-

1942 4379 2042 4430 την
2065 4361 2296 4414 ίνδικτον
2323 4361 2452 4431 περὶ
2480 4360 2574 4412 τοῦ
2613 4360 2893 4412 συνοδικοῦ
2920 4362 3111 4413 τούτου
3141 4360 3332 4429 τόμου.
3368 4362 3519 4416 Illum

1948 4466 2142 4518 nempe
2178 4452 2502 4519 approbant,
2527 4450 2885 4520 Barlaamqne
2917 4453 2969 4504 in
3008 4453 3105 4505 hac
3131 4454 3343 4522 synodo
3371 4455 3523 4507 datu-

1949 4550 2132 4596 uatnm
2172 4558 2230 4594 se
2261 4555 2478 4609 quoque
2508 4547 2764 4594 damnare
2821 4543 3168 4609 proﬁtentur.

2021 4633 2303 4695 Συνοδικὸς
2349 4633 2528 4701 τρίτος
2562 4634 2727 4701 τόμος
2786 4637 2926 4686 κατὰ
2975 4635 3074 4702 τῆς
3110 4634 3377 4703 Βαρλαάμ
3433 4638 3526 4688 καὶ

1963 4726 2272 4779 ’Δκινδύλου
2312 4726 2543 4794 πλάνης,
2578 4729 2690 4788 τοῖς
2721 4727 3008 4794 προτέροις
3045 4727 3325 4794 ὁμόλογος.
3372 4727 3527 4793 Ἐγέ-

1951 4838 2071 4873 νετο
2100 4821 2156 4872 δὲ
2191 4820 2279 4871 διὰ
2305 4819 2430 4880 τοὺς
2460 4817 2688 4888 ὕστερον
2719 4819 3199 4886 ἀκολουθήσαντας
3226 4821 3290 4886 τῇ
3320 4819 3528 4871 τούτων

1952 4914 2152 4983 πλάνῃ,
2181 4912 2272 4964 τόν
2305 4929 2362 4964 τε
2406 4915 2826 4982 χρηματίσαντα
2880 4913 3110 4979 Ἐφέσου
3145 4913 3239 4963 καὶ
3289 4915 3379 4964 τῖν
3424 4914 3533 4966 Γά·

1954 5024 2066 5066 νου,
2108 5006 2395 5074 Γρηγορᾶν
2430 5021 2488 5058 τε
2537 5005 2630 5057 καὶ
2664 5005 2850 5069 Δέξιον
2908 5004 3002 5056 καὶ
3062 5005 3249 5066 αὑτοῖς
3287 5021 3531 5058 συνυπαο

1953 5101 2202 5168 χθέντας.
2233 5097 2377 5151 Idem
2413 5095 2705 5166 synodicus
2747 5096 2882 5150 liber
2905 5096 3018 5164 jam
3056 5106 3277 5149 notatus
3309 5098 3407 5150 fuit
3439 5114 3532 5150 co-

1954 5193 2072 5245 dice
2099 5191 2162 5244 C.
2199 5191 2535 5243 variantibus
2569 5196 2777 5241 tantmn
2837 5188 3352 5255 snbsm'iptionibns.
3380 5187 3534 5243 Insu-

1953 5297 2050 5350 per
2100 5289 2219 5348 post
2274 5279 2704 5346 subscriptiones
2738 5280 2811 5332 ita
2845 5279 2895 5330 in
2933 5279 3031 5330 hoc
3083 5277 3268 5330 codice
3315 5277 3530 5345 legitur,

1957 5369 2084 5443 Εἶχε
2124 5376 2215 5425 καὶ
2254 5375 2449 5440 ἑτέραν
2487 5373 2817 5441 ὑπογραφὴν
2851 5372 2986 5440 μετὰ
3026 5371 3122 5421 καὶ
3159 5372 3534 5440 προγράμμα-

1955 5481 2045 5523 τος
2071 5463 2223 5514 τοίδε
2253 5463 2286 5515 i.
2323 5461 2493 5514 [labet
2531 5472 2576 5514 et
2619 5463 2782 5514 aliam
2829 5459 3265 5526 subscriptionem
3294 5477 3413 5512 cum
3438 5463 3534 5513 hoc

1953 5556 2222 5622 prooemio.

2030 5648 2289 5702 l'rooennii
2345 5646 2604 5700 initium:
2676 5643 2736 5697 Ἠ
2795 5645 3043 5714 βασιλεία
3107 5663 3206 5711 μου
3268 5645 3535 5712 μέλλουσα

1960 5739 2299 5808 ὑπογράφειν
2338 5738 2394 5787 ἐν
2426 5737 2502 5804 τῷ
2539 5735 2765 5803 π>ρόιτι
2801 5735 2975 5804 τόμῳ,
3003 5735 3360 5802 προγεγονοτι
3388 5749 3534 5799 παρα

1962 5828 2056 5881 τοῦ
2085 5825 2351 5896 κραταιοῦ
2387 5827 2477 5876 καὶ
2515 5825 2670 5890 ἁγίου
2703 5843 2804 5892 μου
2849 5825 3109 5875 αὑθέντον
3147 5827 3236 5875 καὶ
3277 5823 3539 5889 βασιλέως

1959 5921 2052 5972 τοῦ
2086 5919 2292 5986 πατρὸς
2328 5918 2425 5987 τῆς
2463 5916 2739 5986 βασιλείας
2782 5934 2908 5985 μου,
2955 5916 3048 5968 καὶ
3095 5922 3188 5980 της
3244 5913 3393 5975 Θείας
3439 5920 3536 5963 καί

3089 6003 3165 6060 27
