4274 6452
248 474 359 536 8ζὸ

249 588 440 655 Ψυχᾶς
471 588 665 657 ἀραιάς
704 595 981 660 συμπαγεῖ
1013 595 1338 663 πανουργίᾳ,

257 678 398 730 Ἀλλ’
429 681 794 734 ἐκκαλύπτειν
823 685 912 736 τὸν
945 687 1040 755 τῆς
1072 687 1284 757 ἐχίδνης
1325 688 1481 752 γόνον

253 769 344 830 Ὠς
374 771 624 840 ἐμφανὴς
655 773 750 832 ῶν,
786 775 816 842 ἢ
855 774 1032 846 φθαρῇ
1084 779 1190 839 πᾶς
1218 781 1245 830 ὁ
1275 779 1494 848 φθόρος,

242 859 316 910 ‘ll
342 860 476 924 γοῦν
506 862 802 930 φυλάξηταί
832 883 914 927 τις
939 868 998 918 ἐκ
1025 868 1129 919 τῶν
1160 869 1483 936 δογμάτων..

243 952 337 998 Δεῖ
373 949 426 1001 δὲ
459 953 756 1019 προθέσθαι
780 956 956 1007 καὶτὸ
993 957 1102 1008 τῶν
1134 960 1270 1012 ὅλων
1295 963 1459 1024 σέϐας

248 1040 318 1090 Ὃ
353 1042 517 1093 πᾶσιν
559 1044 716 1112 ἴσμεν
750 1047 839 1098 καὶ
866 1049 1189 1116 φρονοῦσαν,
1237 1055 1328 1106 καὶ⁵
1359 1056 1533 1123 λόγοις

257 1130 574 1199 ’Υμνοῦσαν
610 1135 686 1196 ὡς
715 1136 929 1204 ἄληκτα
965 1143 1062 1204 τὴν
1094 1143 1424 1212 Ἐκκλησίαν

244 1218 570 1286 Τίκτουσαν,
605 1226 976 1294 ἐκτρέφουσαν
1006 1234 1083 1293 είς
1124 1231 1251 1301 ὕψος
1290 1236 1431 1303 μέγα

243 1312 387 1372 Τοὺς
424 1313 620 1375 παῖδας
667 1314 988 1385 ἐξαίρουσαν
1022 1323 1192 1392 ἁγνὴν
1226 1328 1459 1395 μητέρα.

243 1398 423 1451 Τοῦτο
451 1405 730 1470 προτεῖναι
758 1407 866 1456 τῶν
891 1407 1170 1474 ἐχιδναίων
1199 1411 1326 1474 ἔδει,

254 1491 343 1549 Ἡς
364 1489 431 1541 ἂν
462 1496 597 1558 πρὸς
631 1494 759 1546 αὐτὸ
786 1496 844 1546 τὸ
867 1500 1034 1565 συχνά
1069 1500 1285 1568 βλέπειν
1309 1506 1469 1574 ἔχειν,

241 1576 319 1628 τὸ
346 1581 442 1646 τῆς
471 1582 686 1652 ἐχίδνης
720 1587 794 1655 μὴ
832 1590 1143 1657 φοϐούμεθα
1174 1593 1390 1662 βλάϐος.

257 1670 574 1740 ’Λναιρεθὲν
605 1677 711 1746 γάρ
750 1679 849 1730 οὐκ
869 1681 1156 1751 ἀναιρήσει
1196 1687 1375 1742 πάλιν.

252 1758 563 1829 ’Λναίρεσις
581 1764 746 1828 δέ,τοῦ
781 1768 934 1821 νόθου
958 1772 1019 1823 τὸ
1046 1777 1284 1842 γνήσιον,

238 1851 351 1901 Καὶ
381 1852 442 1903 τὸ
479 1854 746 1925 σταθηρδν
779 1860 842 1910 ἐκ
876 1862 1092 1932 μακροῦ
1120 1865 1212 1917 τοῦ
1246 1869 1585 1939 προσφάτου.

238 1941 352 1993 Καὶ
388 1943 589 2010 μυρίαν
630 1947 761 2014 πρὶν
783 1947 1014 2018 ἐκτεμὸν
1047 1952 1274 2020 ψεύδους
1318 1959 1528 2028 πλάνην

235 2031 346 2083 Τοῦ
386 2033 653 2099 πολλάκις
691 2038 890 2105 φύντος
913 2057 993 2104 τε,
1037 2044 1132 2095 καὶ
1161 2051 1528 2116 τετμημένου.

235 2124 303 2173 Ἰ“ί
331 2126 513 2177 τοίνυν
536 2129 652 2180 ἐστὶ
684 2129 742 2181 τὸ
769 2132 1003 2198 κρατοῦν
1025 2135 1192 2190 πάλαι
1229 2139 1395 2202 σέϐας
1420 2158 1435 2205 ;

236 2216 350 2266 Καὶ
382 2215 434 2266 τί
466 2220 680 2284 φρονεῖν
707 2218 952 2288 ἔγνωμεν
984 2223 1046 2274 ἐκ
1081 2225 1296 2293 πρώτου
1328 2227 1486 2294 λόγου

247 2307 347 2359 Ἐκ
377 2307 487 2360 τῶν
525 2311 819 2378 φεραυγῶν
843 2315 1128 2383 πατρικῶν
1167 2317 1506 2387 μαθημάτων
1534 2337 1549 2385 ;

234 2398 302 2447 Τί
340 2398 383 2448 δ’
413 2399 444 2469 ἢ
480 2400 642 2468 μόνον
672 2403 943 2471 τρίφωτον
969 2406 1217 2461 εὐσεϐεῖν
1249 2411 1448 2480 κράτος
1479 2429 1494 2478 ;

232 2491 391 2542 Δίδου
417 2492 471 2543 δέ
501 2495 802 2564 μοιδνόησιν
839 2497 1247 2569 ἠκριϐωμένην,

235 2580 348 2633 Καὶ
387 2580 634 2650 γλῶτταν
661 2586 739 2647 είς
770 2584 1032 2654 ἐκφανσιν
1067 2591 1508 2664 ἠσφαλισμένην,

235 2672 558 2743 Παντουργὲ
587 2675 787 2744 Χριστὲ
811 2677 920 2729 τῶν
942 2678 1226 2750 θεηγόρων
1260 2683 1454 2752 λόγων,

236 2764 382 2830 Πρὸς
407 2765 612 2836 οὕσπερ
637 2767 737 2820 οὐκ
767 2767 1045 2839 εὔτολμος,
1071 2774 1179 2826 οὐδ’
1209 2775 1390 2845 ᾅττειν
1411 2781 1563 2846 ἔφυν,

236 2853 388 2922 Illi-3v
424 2855 522 2923 τῆς
561 2855 866 2926 παρούσης,
888 2858 964 2922 ὡς
994 2861 1146 2930 ὁρᾷς,
1180 2864 1340 2930 Λόγε,
1370 2863 1598 2933 βλάϐης,

246 2943 374 3008 Ὑφ’
404 2939 471 3013 ἦς
502 2945 845 3016 καθειρχθεὶς
868 2950 948 3012 είς
987 2949 1235 3020 ἀνάγκην
1262 2953 1354 3005 τοῦ
1378 2955 1575 3023 λέγειν,

233 3035 312 3084 Οὐ
335 3034 622 3103 καρτερῶς
660 3037 868 3104 ἤνεγκα
902 3039 977 3108 μὴ
1000 3040 1172 3093 ταῦτα
1198 3042 1455 3112 γράφειν.

232 3124 307 3176 Et
342 3124 395 3190 γ’
423 3125 668 3177 εὐσεϐεῖν
700 3145 790 3194 μοι
819 3130 915 3181 καὶ
941 3135 1123 3201 γραφῇ
1151 3133 1324 3199 λόγων
1348 3135 1524 3204 λόγος.

233 3215 412 3280 Λόγος
441 3216 495 3268 δέ
535 3233 627 3284 μοι
658 3219 767 3280 πᾶς
799 3221 1040 3273 εὐσεϐεῖν
1075 3224 1249 3277 πάντα
1287 3227 1510 3295 τρόπον.

233 3306 406 3368 Σέϐας
431 3306 568 3358 Θεοῦ
594 3310 700 3379 γὰρ
726 3310 820 3361 καὶ
849 3312 984 3364 Θεοῦ
1009 3313 1360 3385 βλασφημίαν

229 3397 314 3449 Ού
350 3397 430 3450 δεῖ
459 3402 669 3469 σιωπᾷν
695 3402 880 3474 ἐντολῇ
917 3405 1012 3457 τοῦ
1040 3408 1333 3464 Δεσπότου.

232 3592 448 3631 veneno
499 3578 810 3634 interimere
853 3590 907 3636 et
938 3583 1119 3638 subito
1171 3587 1393 3654 perdere
1430 3588 1607 3657 nefas,
1651 3592 1745 3646 sed
1777 3610 1807 3648 e

231 3678 426 3722 contra
459 3671 655 3738 viperae
687 3673 894 3740 prolem
949 3686 1129 3729 notam
1163 3680 1386 3734 reddere
1425 3691 1482 3734 ut
1510 3684 1589 3738 sic
1622 3687 1812 3740 omnis

232 3774 380 3813 noxa
437 3771 804 3824 removeatur,
858 3778 922 3817 ac
981 3765 1289 3836 dogmatum
1322 3772 1592 3838 pernicies
1646 3776 1815 3829 evite-

230 3859 347 3902 tur.
417 3853 558 3904 Ante
617 3853 801 3906 omnia
865 3859 1170 3912 communis
1237 3862 1426 3930 religio
1501 3868 1812 3933 requiritur,

225 3957 419 4011 quam,
443 3952 501 3993 ut
518 3957 709 3994 omnes
725 3946 946 4010 scimus,
971 3945 1205 4001 Ecclesia
1224 3951 1513 4006 meditatur
1531 3963 1816 4009 etsermo-

229 4033 397 4085 uibus
450 4031 688 4085 celebrat
734 4043 787 4086 et
845 4036 1043 4089 exultat
1103 4048 1158 4090 ut
1213 4051 1383 4094 mater
1429 4055 1635 4109 sancta,
1697 4064 1816 4115 qua:

227 4125 438 4177 liberos
488 4138 620 4177 suos
679 4126 731 4176 iu
778 4126 945 4178 altum
979 4128 1134 4181 tollit.
1193 4129 1315 4185 llaec
1355 4133 1407 4186 in
1455 4137 1643 4202 primis
1704 4154 1818 4192 ser-

232 4215 382 4283 petiti
463 4216 942 4269 remonstrandum
1003 4227 1085 4272 est
1133 4227 1188 4271 ut
1237 4221 1337 4288 ipsi
1395 4227 1588 4293 sacpius
1629 4231 1818 4283 oculos

227 4304 605 4368 intendentes,
630 4305 822 4373 viperae
849 4322 1184 4361 morsusnon
1201 4322 1523 4370 metuamus.
1545 4317 1642 4372 Ubi
1673 4321 1817 4373 enim

228 4397 630 4463 interemptum
667 4398 864 4450 malum
899 4413 1000 4463 est,
1034 4415 1140 4453 non
1197 4402 1332 4456 ultra
1365 4409 1608 4474 nocebit;
1648 4413 1819 4480 spurii

220 4495 415 4538 autem
455 4487 631 4539 caedes
653 4489 1025 4556 etlegitimum
1050 4500 1328 4560 etmquum
1357 4511 1418 4549 ex
1456 4502 1652 4553 recenti
1675 4503 1818 4558 dicto

221 4589 282 4628 ct
345 4579 617 4632 mendacii
669 4580 845 4633 labem
904 4596 1115 4650 semper

219 4669 498 4734 Quisnam
521 4670 683 4738 igitur
722 4670 981 4738 antiquus
1002 4673 1229 4741 Lettltus?
1254 4675 1391 4741 Quid
1413 4696 1475 4732 ex
1501 4683 1673 4748 primo
1702 4701 1815 4739 ser—

220 4775 431 4821 mone,
494 4776 524 4812 e
580 4761 857 4826 splendida
929 4762 1148 4819 Patrum
1198 4768 1441 4823 doctrina
1490 4773 1818 4830 didicimus?

222 4849 330 4902 Ubi
377 4859 558 4901 autem
590 4849 853 4904 fortitudo
889 4853 990 4906 nisi
1031 4856 1083 4907 in
1141 4857 1349 4924 triplice
1378 4860 1529 4914 luce?
1560 4861 1633 4916 Da
1686 4866 1814 4918 mihi

225 4941 404 5007 igitur
437 4940 775 4993 intellectum
837 4958 1059 5010 purum,
1113 4947 1182 4999 da
1237 4947 1480 5017 linguam
1514 4954 1810 5009 elocutioni

222 5037 516 5097 paratam,
573 5031 827 5097 Christe,
886 5033 1193 5088 divinorum
1259 5053 1568 5094 sermonum
1630 5043 1817 5097 condi-

221 5130 342 5184 tor,
399 5135 539 5186 quos
595 5125 1060 5190 conprehendere
1107 5136 1162 5179 et
1215 5129 1459 5197 proloqui
1509 5145 1616 5186 non
1672 5137 1812 5202 potis

222 5227 376 5275 sum,
406 5223 599 5279 p-‘iClCl'
630 5225 972 5279 praesentem,
1016 5225 1072 5269 ut
1110 5217 1282 5283 vides,
1323 5218 1584 5283 Verbum.
1638 5225 1806 5278 labem

223 5301 297 5353 ad
335 5302 802 5365 pronuntiandum
837 5319 958 5371 qua:
1009 5308 1187 5358 sentio
1234 5319 1476 5373 coactus,
1531 5312 1644 5366 haec
1704 5329 1811 5367 non

240 5389 495 5444 scribere
527 5392 671 5444 haud
707 5393 877 5459 potui.
927 5396 1007 5447 Da
1037 5409 1168 5464 ergo
1224 5399 1354 5451 mihi
1400 5401 1599 5454 donum
1647 5404 1814 5471 pieta-

222 5482 324 5547 tis,
368 5482 612 5534 sermoni
638 5485 902 5537 rationem
933 5487 1298 5556 omnibusque
1317 5492 1535 5545 vocibus
1560 5496 1813 5561 pietatem

220 5572 443 5635 indito;
482 5571 574 5625 Dei
627 5578 826 5626 etenim
881 5578 1132 5630 timorem
1189 5589 1240 5631 et
1262 5579 1353 5633 Dei
1401 5583 1811 5652 blasphemiam,

222 5663 462 5728 jubcnte
494 5662 748 5726 Domino,
781 5674 962 5718 tacere
984 5683 1090 5720 non
1122 5670 1311 5734 decet;
1348 5673 1440 5724 sed
1470 5673 1693 5729 laudare
1744 5677 1810 5730 il-

227 5757 369 5814 lum,
409 5755 549 5806 hanc
604 5760 945 5823 argumentis
997 5757 1236 5814 refutare
1285 5772 1522 5830 oportet.
1569 5763 1812 5833 Undique

226 5839 340 5908 ian.
380 5860 666 5899 sermones
697 5863 846 5900 uicos
879 5850 1194 5916 pronuntio,
1241 5862 1297 5904 ut
1329 5855 1448 5924 pius
1499 5857 1727 5926 quisquc
1761 5871 1812 5912 et

1415 482 1844 544 BILECORUM
1882 485 2344 547 SENTENTLE.

1841 610 1882 661 Α
1916 596 1986 648 Τὸ
2019 598 2118 665 μὲν
2142 599 2246 666 γὰρ
2285 599 2490 666 ὑμνεῖν,
2522 599 2616 669 τὴν
2637 599 2680 652 δ’
2704 598 3035 666 ἀνατρέπειν
3066 596 3271 665 λόγοις.

1935 688 2271 758 ’Λπανταχοῦ
2293 691 2348 742 δὲ
2382 691 2491 742 τῶν
2520 690 2668 759 ἐμῶν
2689 691 2830 756 λέγω
2867 690 3060 756 λόγων.

1930 778 2018 840 Ὠς
2055 780 2202 842 ὅστις
2235 781 2464 850 εὐσεϐής
2498 799 2578 843 τε,
2612 783 2702 832 καὶ
2733 783 2943 842 νείκους
2973 782 3120 848 ξένος

1922 869 2014 932 Εἰς
2054 871 2358 941 ἐξετασμὸν
2381 873 2489 925 τῶν
2526 874 2674 942 ἐμῶν
2705 874 2845 926 ἔλθοι
2879 873 3073 940 λόγων,

1919 962 2032 1014 Καί
2065 981 2165 1016 που
2194 964 2335 1016 δοκῶ
2365 983 2416 1018 τι
2446 967 2519 1034 μὴ
2551 967 2730 1028 καλῶς
2759 967 3056 1036 εἰρηκέναι,

1919 1054 2024 1104 Καὶ
2055 1056 2163 1106 τιὶν
2205 1056 2472 1126 πατρῴων
2503 1058 2742 1110 εὐσεϐῶν
2773 1059 2937 1122 ξένως
2968 1059 3132 1127 ὅρων,

1920 1143 2290 1214 Εὐεργετείτω
2313 1149 2439 1211 τοὺς
2459 1150 2779 1218 ἐλέγχοντας
2805 1150 3018 1216 λόγους.

1920 1233 2034 1285 Οὐκ
2065 1234 2246 1301 ἀγνοῶ
2276 1238 2405 1302 γάρ,
2459 1239 2609 1301 ὅστις
2640 1240 2756 1307 είμὶ
2784 1238 2881 1306 τὴν
2911 1238 3093 1305 φύσιν.

1920 1322 2136 1391 Βροτδς,
2167 1329 2438 1395 πενιχρὶς,
2472 1328 2816 1398 πλημμελής,
2851 1329 3208 1396 κατηγμὲνος.

1933 1415 2251 1483 Ἐξίσταμαι
2285 1418 2345 1486 δὴ
2382 1420 2675 1487 γνωμικῶς
2706 1421 2813 1471 τῶν
2848 1419 3194 1484 σφαλμάτων,

1921 1508 2030 1559 Καὶ
2061 1510 2422 1577 προγινῶτκω
2449 1515 2560 1574 τοῖς
2593 1512 2904 1578 ἐλέγχουσιν
2933 1512 3114 1578 χάριν.

1920 1598 2069 1667 Αὕτη
2101 1601 2206 1665 γάρ
2230 1601 2516 1669 ὀρθότητος
2549 1605 2680 1671 ἡμῖν
2710 1604 2877 1667 αἰτία,

1922 1688 2130 1757 Ὠσπερ
2164 1691 2416 1759 πονηρῶν
2453 1692 2501 1742 κ’
2528 1693 2740 1744 ἀσεϐῶν
2775 1696 3160 1763 φρονημάτων,

1921 1777 1984 1826 Ol
2009 1779 2318 1847 μισέλεγχοι
2352 1779 2463 1830 τῶν
2500 1781 2854 1849 ὑπερφρόνων
2888 1785 3100 1851 τρόποι.

1926 1871 2030 1921 Καὶ
2059 1870 2122 1938 δὴ
2157 1870 2364 1940 λέγοιμ’
2397 1872 2482 1932 ἂν.
2514 1866 2696 1942 ὦνπερ
2732 1875 2982 1944 ἠρξάμην
3018 1877 3197 1947 χάριν.

1845 1956 1884 2008 Β
1918 1961 1988 2012 Τὸ
2017 1963 2113 2030 μὲν
2141 1963 2249 2030 γὰρ
2278 1964 2406 2032 ἡμῖν
2429 1964 2819 2034 εὐσεϐούμενον
2851 1970 3049 2038 κράτος

1918 2053 2235 2122 Τριὶαμπές
2262 2057 2402 2119 ἐστι,
2435 2057 2528 2108 καί
2568 2058 2737 2126 μονάς
2771 2059 2929 2110 πάλιν
2960 2061 3106 2130 ξένη,

1918 2145 2285 2214 Παντουργὸν,
2315 2148 2540 2212 ἁπλοῦν,
2566 2150 2884 2212 πανσθενές,
2929 2154 3093 2204 πᾶσιν
3116 2155 3300 2216 πέλας,

1916 2238 2130 2289 Μᾶλλον
2167 2237 2222 2291 δὲ
2259 2231 2420 2290 πᾶσιν
2443 2241 2798 2307 ἐγκατοικοῦν
2826 2243 2881 2306 ἐξ
2913 2246 3052 2307 ἴσου,

1918 2329 2038 2382 Κᾶν
2071 2330 2227 2394 ἄλλος
2263 2332 2421 2386 ἄλλην
2443 2335 2646 2402 μᾶλλον
2681 2339 2895 2399 οἰκείως
2943 2340 3039 2408 ἔχῃ

1915 2426 2104 2495 Σχέσει
2141 2427 2276 2496 πρὸς
2311 2430 2442 2482 αὐτὸ
2478 2433 2571 2483 καὶ
2599 2437 2849 2500 μιμήσει,
2885 2439 2975 2486 καὶ
3003 2439 3178 2501 τάσει,

1918 2516 2223 2584 Ἔλλαμψιν
2247 2517 2322 2580 ὡς
2344 2519 2575 2582 ἕκαστος
2607 2523 2771 2574 αὐτοῦ
2802 2523 3089 2590 λαμϐάνει.

1914 2608 1989 2659 Οὐ
2031 2608 2138 2678 γάρ
2167 2609 2233 2661 τά
2262 2609 2436 2679 βάθρα
2470 2613 2567 2680 τῆς
2601 2613 2848 2679 θεὼσεως
2881 2617 2988 2671 in.

1912 2698 2119 2767 Βαθμοὶ
2146 2701 2202 2753 δέ
2232 2701 2415 2754 πολλοὶ
2445 2706 2580 2771 πρὸς
2624 2707 2690 2759 τὰ
2722 2709 2828 2759 τῶν
2864 2711 3043 2763 ἄθλων
3077 2713 3272 2782 μέτρα,

1917 2790 2213 2858 Ἀληπτον,
2251 2793 2608 2862 ἀπρόσαπτον
2634 2799 2816 2862 αὐτοῖς
2849 2803 3121 2869 ἀγγέλοις,

1916 2883 2209 2953 Ἀρῤητον.
2232 2885 2305 2935 Οὐ
2341 2886 2448 2954 γάρ
2486 2889 2630 2940 ἐστιν
2660 2891 2812 2944 οὐδὲν
2842 2895 2948 2945 τῶν
2979 2897 3114 2949 ὅλων
3149 2916 3161 2929 ·

1910 2974 2025 3024 Οὐκ
2055 2970 2193 3036 εἶδος
2220 2975 2394 3040 οὐδὲν,
2435 2978 2555 3030 οὐδὲ
2590 2982 2793 3052 μορφὴ,
2833 2987 2926 3038 καὶ
2965 2988 3149 3054 φύσις,

1910 3061 2017 3129 Ἦς
2045 3068 2110 3118 ἂν
2144 3068 2331 3138 βροτός
2353 3089 2454 3134 τις,
2487 3075 2517 3142 ἢ
2546 3074 2754 3142 βροτῶν
2785 3079 2924 3148 ὑπὲρ
2965 3082 3129 3148 φύσιν

1909 3157 2163 3222 Λάϐοιτο,
2197 3159 2289 3211 καὶ
2321 3163 2527 3228 γένοιτο
2560 3166 2656 3234 τῆς
2685 3168 2861 3235 ἄγρας
2896 3172 3091 3240 πέρας.

1832 3283 1875 3338 C
1914 3247 1974 3300 Et
2011 3250 2124 3314 φῶς
2164 3253 2271 3320 γὰρ
2306 3254 2420 3305 ἐσθ’
2448 3255 2519 3314 ὥς
2541 3272 2723 3322 φασιν,
2760 3260 2894 3313 ἀλλὰ
2936 3267 3030 3316 καὶ
3065 3283 3273 3330 οκοτος,

1924 3338 2009 3399 Ὠς
2037 3341 2159 3392 οὕτε
2192 3343 2305 3409 φῶς
2334 3343 2430 3411 ὢν,
2459 3346 2579 3399 οὐτε
2602 3349 2648 3400 δ’
2674 3346 2934 3405 αῦνπάλιν
2969 3357 3180 3418 σκότος,

1923 3431 2060 3483 Ἀλλ’
2084 3433 2159 3494 ὡς
2183 3434 2282 3502 μὲν
2304 3435 2486 3502 ἁγνὸν,
2513 3437 2587 3500 ὠς
2616 3439 2669 3491 δὲ
2700 3441 2795 3493 καὶ
2827 3445 3208 3517 φωτεργάτην,

1908 3612 2076 3683 jurgii
2119 3616 2398 3680 immunis,
2433 3633 2714 3672 sermones
2743 3627 3109 3679 examinandi)
3147 3632 3232 3682 ubi
3284 3634 3483 3687 viderit

1917 3721 2000 3758 me
2052 3708 2255 3773 aliquid
2308 3725 2336 3761 a
2387 3713 2588 3780 regulis
2638 3715 2851 3780 piorum
2909 3717 3128 3772 l‘atrum
3180 3723 3322 3776 abho
3358 3742 3481 3782 rens

1915 3795 2138 3862 dixisse,
2177 3800 2496 3869 corrigendo
2535 3817 2751 3859 errores
2787 3823 2936 3862 meos
2972 3813 3110 3864 l:eue
3137 3813 3318 3867 faciat.
3346 3815 3480 3869 Novi

1918 3889 2060 3939 enim
2089 3888 2301 3957 qualem
2326 3906 2410 3943 tne
2439 3901 2626 3946 natura
2656 3899 2864 3964 genuit,
2889 3903 3188 3966 mortalem,
3228 3920 3481 3974 egenum.

1921 3988 2281 4045 peecatorem,
2341 3982 2774 4039 imbecillimum.
2826 3988 3070 4045 Percalis
3117 4004 3296 4048 autem
3349 3999 3482 4051 meis

1920 4068 2229 4120 soletuniter
2253 4073 2506 4124 renuntio
2535 4084 2586 4126 et
2621 4090 2704 4127 me
2738 4080 3253 4146 reprchetnlentihus
3282 4089 3485 4152 gratias

1921 4172 2054 4226 ago;
2087 4160 2198 4227 ipsa
2227 4164 2369 4214 enim
2397 4164 2464 4215 ad
2510 4164 2770 4232 justitiam
2818 4170 2972 4237 culpa
3015 4173 3254 4240 prodest.
3292 4193 3484 4244 prava-

1923 4262 2039 4299 rutn
2091 4263 2188 4302 nec
2218 4265 2321 4302 non
2357 4252 2644 4321 impiarum
2690 4259 3080 4325 cogitationum
3137 4265 3329 4330 instar,
3363 4284 3484 4335 qua:

1923 4350 2064 4403 saepe
2110 4338 2308 4406 szrpius
2380 4355 2610 4396 mentem
2673 4361 2700 4396 a
2751 4350 3002 4416 superbia
3060 4366 3334 4408 avertunt.
3400 4358 3483 4409 Me

1922 4428 2047 4479 olim
2080 4429 2205 4482 talia
2235 4432 2472 4500 auspicia
2502 4436 2706 4502 cepisse
2737 4455 2877 4492 nunc
2918 4442 3073 4496 fateri
3105 4460 3353 4514 possem;
3395 4450 3484 4503 illa

1924 4517 2068 4569 enim
2127 4519 2210 4571 via
2247 4535 2366 4587 qua:
2414 4523 2570 4576 nobis
2622 4526 2686 4577 ad
2741 4528 2992 4583 virtutem
3043 4534 3224 4594 datur.
3287 4539 3483 4606 triplici

1165 4591 1500 4644 l'eﬂasceﬂlis
1555 4595 1814 4659 Ρικιὲοίάίι·
1854 4615 1894 4667 Ι)
1924 4608 2024 4661 hac
2061 4610 2179 4663 luce
2218 4611 2489 4675 clarescit,
2533 4615 2645 4669 sola
2671 4619 2853 4671 eadem

1802 4634 1814 4647 -
1854 4615 1894 4667 Ι)
1924 4608 2024 4661 hac
2061 4610 2179 4663 luce
2218 4611 2489 4675 clarescit,
2533 4615 2645 4669 sola
2671 4619 2861 4671 eadem
2899 4632 3060 4691 atque
3090 4636 3341 4682 extranea
3370 4647 3482 4682 om-

1925 4700 2009 4751 nia
2044 4704 2272 4769 peragit,
2292 4706 2515 4772 simplex
2541 4707 2590 4758 in
2623 4708 2937 4764 fortitudine
2956 4729 3048 4768 sua
3074 4719 3331 4774 omnibus
3351 4737 3485 4788 prm-

1924 4801 2012 4842 sto
2051 4800 2156 4853 est,
2183 4793 2292 4845 imo
2331 4795 2382 4847 in
2431 4799 2687 4852 omnibus
2731 4801 2935 4854 habitat
2963 4820 3028 4857 ex
3078 4823 3266 4875 aaquo;
3325 4821 3378 4864 et
3426 4815 3487 4864 li—

1927 4885 2014 4928 (:cl.
2050 4878 2246 4945 aliquis
2294 4895 2405 4947 pra:
2452 4884 2662 4938 cancris
2683 4887 2808 4951 ejus
2865 4890 3236 4947 fatuiliaritate
3278 4907 3484 4960 utatur,

1925 4968 2152 5031 quilibet
2201 4977 2380 5022 tamen
2425 4987 2520 5038 pro
2557 4975 2763 5037 habitu.
2800 4978 3120 5045 imitatione,
3145 4990 3483 5049 extensione,

1920 5058 1989 5108 ab
2068 5059 2183 5125 ipsa
2244 5062 2562 5116 illustratur.
2627 5063 2767 5118 Varii
2831 5070 2973 5121 enim
3037 5081 3164 5125 sunt
3230 5075 3370 5129 inter
3427 5094 3486 5131 se

1919 5147 2138 5212 gradus,
2184 5149 2383 5216 quibus
2437 5152 2503 5204 ad
2559 5152 2896 5208 Divinitatem
2959 5160 3314 5228 accedimus;-
3362 5183 3482 5219 nam

1921 5239 2101 5292 multis
2168 5240 2388 5296 sedibus
2448 5249 2664 5310 pramna
2749 5262 3170 5317 mensurautur;
3239 5266 3322 5308 est
3385 5273 3484 5309 au.-

1923 5337 2029 5378 tem
2075 5328 2449 5383 absconditum
2484 5334 2772 5401 quoddam,
2810 5347 2863 5390 et
2928 5344 3104 5408 captui
3160 5343 3481 5412 impervium

1917 5416 2079 5468 etiam
2147 5420 2370 5488 angelis,
2445 5422 2732 5490 ineﬂabile,
2787 5445 2894 5495 pra:
2947 5445 3055 5497 quo
3101 5434 3205 5487 alia
3257 5450 3484 5505 qumque

1921 5515 2179 5573 tauquam
2227 5510 2356 5560 nihil
2396 5521 2560 5576 sunt;
2597 5515 2732 5568 nihil
2757 5519 2898 5571 enim
2932 5521 3076 5583 novi,
3103 5539 3198 5576 nec
3228 5525 3480 5591 formam,

1917 5612 2016 5649 nec
2050 5608 2323 5663 naturam,
2359 5618 2463 5664 qua
2493 5609 2740 5663 mor:alis
2769 5610 2988 5677 quidam
3021 5628 3115 5666 ceu
3164 5621 3481 5673 mortalibus

1918 5697 2178 5752 pruzstaus
2217 5690 2567 5748 induceretur
2596 5709 2924 5769 secretaque
2956 5702 3202 5760 i-utitnius
3235 5712 3479 5777 percipe-

1919 5783 2018 5824 ret.
2068 5772 2123 5825 Si
2163 5774 2251 5827 lux
2300 5781 2512 5840 saltem.
2569 5795 2623 5835 ut
2661 5787 2834 5849 aiunt,
2869 5791 2981 5842 sive
3013 5795 3248 5847 tenebrae
3279 5798 3478 5863 lorcnt,

1919 5864 2009 5914 scd
2049 5865 2175 5917 dum
2219 5866 2308 5920 lux
2343 5871 2513 5934 abt‘SI,
2571 5891 2672 5926 non
2724 5877 2927 5932 idcirco
2971 5885 3222 5949 teut-bras,
3276 5905 3472 5954 ωιτη-η
