4274 6452
224 481 330 545 8ς3
1387 470 1830 530 GllECOllUM

236 588 426 656 Ἀδρᾶς
463 584 749 654 μετασχὼν
789 584 884 651 τῆς
916 583 1169 635 ἁνουσίου
1197 581 1426 647 πλάνης,

227 679 334 728 Καὶ
372 679 470 744 τῆς
495 676 762 743 ταπεινῆς
792 673 1051 736 ἐσπακὼς
1084 674 1224 738 ἄγαν
1273 673 1447 734 Ῥέας,

224 767 328 818 Καὶ
359 766 466 834 γάρ
498 766 797 835 καταρρεῖν
829 768 926 826 τὰς
958 763 1256 832 ὑφειμένας
1284 763 1432 827 λέγει

235 859 327 910 ’ῐιῖκ
362 857 464 926 τῆς
499 857 729 927 ῥεούσης
754 855 1005 925 οὐδαμῶς
1036 855 1309 921 ὲξουσίαξ,

229 951 328 1010 “Ac
377 949 646 1017 οὐσιώδης
683 952 776 1001 τοῦ
816 949 951 1001 Θεοῦ
988 948 1186 1018 μοίρας
1210 949 1383 1016 λέγει,

235 1037 498 1106 Ἰαέπείπερ
533 1040 632 1090 οὐκ
666 1039 860 1091 ἄποιον
890 1038 1076 1091 οὐσίαν
1100 1040 1248 1107 άγει,

223 1129 347 1181 (ὧδ’
373 1130 494 1182 αὖτ’
520 1130 720 1200 ὲνεργῆ
753 1130 853 1199 τὴν
877 1130 1194 1201 ὑπερτάτην
1227 1131 1410 1197 φύσιν.

230 1223 292 1272 Ὀ
320 1222 364 1273 δ’
395 1221 557 1284 αὐτὸς
576 1223 738 1276 αὑτὸν
767 1224 1014 1290 ἐκφανῶς
1036 1223 1176 1276 οὕτω
1203 1226 1454 1292 γράφων,

229 1315 524 1364 Ἀκτιστον
553 1314 628 1377 ὠς
655 1314 701 1366 δ’
725 1316 961 1384 ἄναρχον
984 1315 1272 1382 ἀνθρώπου
1304 1316 1524 1383 οπῦρον,

225 1403 328 1453 Κα“’
359 1403 581 1470 σπέρμα
618 1405 831 1466 νυκτὸς,
869 1406 960 1457 καὶ
996 1406 1204 1474 φθορᾶς
1236 1404 1395 1473 ἔργον
1425 1405 1606 1471 φύσει,

228 1495 340 1545 Καὶ
378 1495 584 1562 βρῶσιν
624 1499 852 1567 οἰκτρὰν
883 1497 991 1550 τῶν
1030 1499 1260 1551 ὀδόντων
1291 1496 1387 1549 τοῦ
1415 1498 1610 1566 χρόνου

228 1588 289 1638 1-Ῐί
323 1588 434 1637 κάκ
467 1587 671 1655 μέρους
709 1588 907 1657 ἔσχηκε
941 1589 1014 1658 μὴ
1045 1589 1386 1657 τεθνηκέναι,

227 1679 347 1729 Κᾶν
383 1677 655 1748 ἐξαναστῇ
693 1681 787 1732 καὶ
813 1680 873 1732 τὸ
905 1680 998 1732 νῦν
1033 1681 1312 1752 διαρρέον,

223 1769 336 1834 Τῆς
369 1771 605 1839 ἐσχάτης
636 1771 936 1838 σάλπιγγος
961 1774 1374 1842 ἐκκαλουμένης

223 1858 430 1910 Τοῦτον
464 1860 548 1920 τίς
594 1860 766 1912 εἰπὼν
796 1862 996 1930 εὐσεϐῆ
1028 1864 1232 1930 φρένας
1273 1865 1462 1935 φέρεις

225 1949 344 2000 “ore
379 1950 497 2000 ἐστι
535 1951 715 2014 τοῦτο,
749 1952 864 2015 πῶς
897 1954 1005 2023 γὰρ
1037 1957 1132 2007 οὐκ
1166 1956 1281 2009 ἔστι
1315 1977 1328 2018 ;
1366 1961 1566 2026 πόθενς

223 2039 387 2090 Οὖτιν)
417 2040 690 2109 κατῆλθεν
725 2042 805 2102 είς
834 2043 894 2093 τὸ
938 2045 1050 2096 πᾶν
1081 2047 1254 2098 κακοῦ
1289 2047 1472 2115 βάθος.

229 2127 347 2180 Εἶθ’
378 2130 405 2179 ὁ
441 2131 717 2200 φρονήσας
762 2132 861 2201 οὐχ
890 2134 1181 2202 ἁμαρτεῖν,
1215 2138 1308 2188 καὶ
1339 2139 1577 2207 φράσας,

226 2223 368 2272 θεὸν
400 2223 530 2292 παρ’
565 2224 714 2293 αὐτῷ
743 2226 1119 2297 προσκυνητδν
1149 2228 1247 2281 οὐκ
1277 2228 1412 2298 ἔχει,

239 2315 332 2374 Ὠς
372 2316 438 2367 ἂν
469 2315 529 2367 τὸ
555 2315 786 2386 βροντῆς
811 2319 1046 2388 ἐκραγὲν
1080 2321 1229 2389 ῥῆμα
1259 2324 1484 2390 φράσαι,

229 2409 427 2458 Καίτοι
458 2411 755 2480 καταρρεῖν
785 2428 919 2480 φησι
955 2414 1055 2474 τὰς
1094 2413 1396 2483 ὑφειμέναις

241 2496 485 2565 Ἀνδρῶν
511 2497 765 2568 θεαυγῶν
799 2501 850 2553 oi
887 2502 1146 2572 θεηγὸροι
1184 2505 1356 2572 λόγοι,

236 2586 332 2649 Ὠς
373 2591 466 2640 καὶ
502 2590 771 2657 μεΟεκτὰς
801 2594 861 2646 οὗ
888 2596 978 2646 τὸν
1009 2596 1174 2648 αὐτόν
1204 2613 1265 2663 γε
1295 2598 1513 2665 τρόπον,

228 2681 444 2746 Ὂνπερ
470 2682 740 2750 μεθεκτήν
767 2701 900 2752 φασι
932 2685 1029 2754 τὴν
1067 2686 1291 2756 πρώτην
1324 2689 1510 2755 φύσιν.

227 2762 433 2840 Τὴνόὑ
481 2772 775 2844 μεθεκτὴν,
808 2777 937 2840 τοὺς
963 2778 1291 2848 ὑφειμένους
1326 2781 1584 2850 τρόπους.

240 2862 385 2912 Ἀλλ’
408 2863 501 2915 οὖν
530 2867 764 2934 γενητὰς
793 2885 925 2935 φασι
952 2870 1058 2923 τῶν
1089 2871 1278 2941 δώρων
1309 2873 1504 2934 δόσεις.

243 2953 388 3003 nux
427 2956 547 3025 οὐχὶ
575 2955 858 3025 θειότητας
893 2963 1210 3024 ἀκτίστους.
1236 2966 1403 3016 Πόθεν
1428 2982 1441 3028 ;

233 3046 313 3096 Οὐ
343 3045 451 3114 γὰρ
481 3048 699 3117 κινητὸν
735 3052 811 3120 μὴ
851 3053 1052 3120 γενητὴ
1093 3052 1325 3122 θειότης.

232 3137 346 3188 1Ιοῦ
370 3138 479 3207 γὰρ
513 3141 709 3211 κινηθῇ
742 3159 756 3206 ;
795 3143 894 3196 ποῦ
927 3145 1040 3215 γὰρ
1076 3146 1174 3198 οὐκ
1199 3147 1311 3200 ἔστι
1350 3168 1362 3210 ;

231 3227 363 3279 Οὐδ’
391 3230 471 3291 είς
508 3230 630 3298 ἴσην
656 3231 946 3302 ἄνθρωπος
980 3235 1137 3298 ἀξίαν
1172 3238 1366 3304 φθάνει

232 3320 326 3388 Τῷ
359 3321 704 3393 δημιουργῷ,
749 3328 844 3378 καὶ
875 3329 1146 3398 παναιτίῳ
1178 3331 1389 3398 κράτει,

1413 3151 1652 3220 Φράσον.

229 3510 532 3562 essentiam
568 3511 715 3571 dicit,
752 3513 881 3564 illud
911 3514 1000 3580 qui
1027 3515 1128 3568 Iern
1158 3516 1342 3581 vitam,
1377 3520 1524 3576 istud
1567 3539 1695 3578 vero
1741 3538 1824 3578 cs-

233 3603 431 3656 sentire
463 3604 738 3668 virtutem,
764 3612 817 3657 el
850 3607 1069 3660 aliunde
1099 3609 1385 3664 scientiam
1414 3615 1825 3685 sapientemque

236 3695 329 3748 Dei
381 3697 703 3762 potentiam,
729 3697 845 3750 sive
872 3697 976 3752 alia
1003 3716 1232 3770 qua'que
1266 3703 1357 3757 Dei
1390 3706 1653 3761 attributa
1689 3723 1817 3776 pro-

233 3785 445 3847 ferens,
485 3799 580 3852 per
621 3785 916 3854 ina-quales
941 3789 1144 3856 gradus
1171 3790 1521 3848 Divirritatem
1551 3808 1822 3861 recenset,

233 3879 618 3942 promiscuum
671 3879 899 3933 deorum
950 3896 1147 3950 genus,
1185 3893 1241 3935 ut
1273 3901 1440 3954 supra
1478 3888 1613 3951 dixi,
1650 3890 1819 3958 parti-

233 3979 382 4035 tum,
415 3985 522 4023 non
559 3972 838 4038 partitum,
865 3988 1028 4040 Opus,
1055 3977 1390 4043 operarium,
1421 3980 1656 4043 uisibile,
1685 3981 1828 4033 invi-

232 4060 418 4122 sibilo,
463 4075 528 4113 ac
555 4060 754 4114 deinde
790 4050 1184 4120 concurrente’s
1253 4067 1415 4122 etiarn
1487 4070 1824 4134 fundatores,

232 4157 652 4205 attcuualorum
718 4167 945 4220 quoque
1005 4170 1234 4210 numero
1293 4161 1474 4227 magni
1538 4159 1628 4215 Dei
1694 4178 1826 4230 prm-

233 4241 566 4292 stantiorem
633 4249 884 4294 naturam
937 4245 1160 4310 praebet,
1226 4256 1280 4299 et
1341 4247 1455 4302 brec
1525 4252 1824 4319 orbemque

235 4340 416 4381 totum
445 4330 665 4396 partim,
693 4331 1075 4398 prmstantiora
1115 4336 1340 4405 insuper
1367 4338 1460 4391 Dei
1491 4355 1651 4406 opera
1681 4341 1828 4410 (heu,

232 4418 614 4472 lﬂlllClllJblllS
653 4418 868 4486 error!)
913 4419 964 4472 in
1005 4429 1083 4473 tot
1112 4429 1167 4475 et
1198 4430 1376 4477 tantos
1423 4425 1649 4495 abyssos
1701 4444 1824 4495 gur-

233 4509 493 4574 gilesquc
540 4507 836 4563 demersit!
889 4510 1063 4564 virum
1116 4526 1175 4566 se
1224 4523 1414 4568 natura
1475 4516 1618 4569 haud
1655 4517 1829 4569 imbe.

232 4601 419 4652 cillem
470 4610 693 4667 putans,
729 4615 899 4670 seque
925 4601 1037 4671 jarn
1078 4617 1241 4671 supra
1279 4605 1502 4658 modunr
1530 4607 1823 4669 extollens,

236 4693 454 4760 majora
521 4691 588 4744 de
619 4707 678 4746 se
728 4692 994 4753 sentiens,
1047 4708 1171 4762 quae
1216 4709 1281 4748 ex
1334 4694 1449 4763 ipso
1480 4681 1687 4764 patent,
1733 4715 1830 4753 nee

235 4787 384 4838 intra
421 4783 637 4852 regulas
670 4784 915 4838 inclusus
941 4800 1190 4851 manens,
1224 4787 1446 4854 quibus,
1497 4788 1588 4842 Dei
1618 4790 1832 4859 placitis

233 4892 439 4928 mnrres
491 4874 826 4944 diriguntur.
862 4875 954 4930 Sic
998 4877 1199 4929 mentis
1246 4892 1400 4931 error
1448 4887 1604 4934 extra
1641 4883 1831 4934 modos

232 4969 514 5036 rogitare,
581 4981 644 5018 ac
705 4965 877 5020 Nosce
936 4969 1166 5036 teipsum
1218 4985 1322 5022 non
1385 4971 1619 5038 amplius
1670 4975 1833 5027 corde

235 5059 582 5126 recogitare,
632 5058 800 5118 unde.
853 5075 950 5126 per
993 5060 1260 5112 iulinitarn
1321 5061 1587 5114 malorum
1631 5064 1829 5117 seriem

214 5153 526 5218 ‘deltpsns,
575 5164 634 5203 sc
669 5165 767 5202 nec
803 5159 1072 5212 creatum,
1125 5167 1224 5206 nec
1273 5153 1488 5206 initium
1543 5154 1830 5209 habentem

234 5244 418 5303 dicit,
469 5240 616 5309 quod
667 5255 799 5295 sane
856 5241 954 5297 soli
1006 5244 1487 5311 superspirituales
1544 5248 1826 5302 arrderem.

237 5335 365 5401 Ipse
410 5348 540 5386 vero
567 5333 788 5386 Palama
822 5333 904 5384 vir
932 5335 1181 5388 mortalis
1212 5337 1457 5404 quidem,
1489 5340 1702 5392 tametsi
1737 5356 1831 5393 no-

238 5430 325 5491 lit,
391 5425 546 5493 iarpii
625 5424 832 5478 erroris
883 5426 1156 5496 particeps
1226 5427 1469 5492 eﬂertus,
1514 5445 1621 5498 quo
1673 5431 1833 5485 mise-

238 5519 476 5571 randam
524 5516 666 5567 hanc
708 5525 910 5567 terram
955 5515 1063 5569 late
1105 5516 1325 5582 premit,
1369 5517 1414 5568 si
1477 5518 1694 5583 quidem
1750 5518 1833 5570 irr-

237 5612 475 5663 [crimes
511 5623 774 5676 personas
804 5624 868 5661 ex
901 5608 1268 5667 enrauatione,
1329 5609 1550 5662 minime
1595 5624 1723 5663 vero
1768 5626 1832 5663 ex

238 5703 576 5764 substantia,
613 5702 905 5769 procedere
929 5700 1082 5764 dicit,
1119 5716 1257 5767 quas
1308 5709 1486 5752 larnerr
1515 5703 1832 5754 essentialcs

243 5793 338 5847 Dei
397 5801 578 5860 pavtes
620 5793 932 5856 comitetur,
981 5792 1191 5846 tametsi
1230 5793 1423 5842 harum
1472 5792 1830 5845 substantiam

247 5885 570 5939 scusibilenr
613 5885 798 5937 durat.
834 5884 1073 5943 ipsisque
1105 5899 1370 5948 suprema-
1408 5893 1613 5935 natur-ee
1664 5887 1803 5938 virtu

3374 463 3405 522 8
3413 457 3480 521 Si

1873 468 2345 526 SENTENTH‘I.

1827 595 1870 639 Α
1906 576 2024 628 Κᾶν
2053 578 2082 640 ἡ
2109 577 2341 642 Παλαμᾶ
2371 576 2778 643 δυσσεϐεστάτη
2813 573 2985 639 πλάνη

1906 671 2154 721 Μανεῖσα
2187 667 2375 729 δεινῶς
2401 667 2521 719 οὐδὲ
2549 666 2695 718 τοῦθ’
2728 667 3028 732 ὑπεστάλη.

1909 762 2199 812 ’Λκτιστον
2234 760 2268 830 ἢ
2311 758 2427 828 φῶς
2462 774 2626 826 φησιν
2658 758 2719 810 οὐ
2746 757 2966 826 βλέπειν
3001 757 3181 825 μόνον,

1919 851 2056 902 ’Δὶ-λ’
2089 851 2252 902 αὑτὸν
2284 847 2424 903 εἶναι
2458 850 2551 902 καὶ
2589 849 2720 902 Θεὸν
2751 851 2904 916 παρὰ
2929 850 3128 902 κτίσιν.

1910 943 1968 993 Ei
1992 943 2035 994 δ’
2060 940 2125 994 αὖ
2160 945 2455 1012 καταρρεῖν
2485 944 2638 1010 φασὶ,
2664 943 2756 993 καὶ
2795 943 3008 1010 χεῖσθαι
3035 941 3185 993 κάτω

1907 1032 2040 1085 θεοῦ
2073 1033 2226 1100 λόγον
2253 1033 2643 1103 πάνταρχον,ἢ
2677 1032 2894 1101 πνεῦμα
2927 1034 3188 1100 κράτους,

1909 1128 1981 1178 Οὐ
2016 1125 2309 1193 προσφυῶς
2347 1126 2616 1191 λέγουσιν,
2643 1124 2764 1177 οὐδὲ
2799 1123 3028 1191 κυρίως.

1922 1219 2058 1270 Ἀλλ’
2082 1221 2156 1282 ὡς
2195 1218 2314 1283 ἔθος
2346 1219 2557 1287 ἔχουσιν
2597 1222 2730 1288 ἡμῖν
2759 1219 3055 1285 πανσόφως

1926 1317 2016 1366 Ἐκ
2075 1319 2182 1367 τῶν
2212 1315 2340 1385 παρ’
2369 1317 2500 1384 ἡμῖν
2533 1318 2623 1366 καὶ
2658 1314 2909 1384 γενητῶν
2951 1312 3294 1380 πραγμάτων

1914 1410 2032 1460 Τῶν
2068 1410 2127 1460 οὐ
2161 1409 2399 1479 γενητῶν
2428 1409 2736 1477 ἐξομιλοῦσι
2780 1410 2927 1479 πέρι.

1925 1498 2184 1565 Ἐπείπερ
2205 1499 2301 1550 οὐκ
2335 1495 2402 1568 ἦν
2435 1498 2688 1565 οὐδαμῶς
2711 1499 2885 1558 ἄλλως
2916 1501 3098 1566 λέγειν

1913 1589 2089 1655 Αὐτῆς
2121 1589 2338 1657 ἐκείνης
2362 1590 2456 1659 τῆς
2492 1589 2754 1658 θεαρχίας
2786 1590 2935 1658 πέρι.

1917 1679 2093 1740 Ὅλως
2124 1679 2230 1747 γάρ
2259 1697 2422 1747 φασιν
2464 1681 2634 1750 αὐτὴν
2662 1681 3008 1751 ὲξῃρημένην

1917 1767 2120 1829 Ισῖἰδους,
2157 1768 2324 1836 ἁφῆς,
2351 1769 2468 1831 νοῦ,
2507 1771 2994 1838 μυσταγωγοῦντος
3027 1771 3209 1836 λόγον),

1917 1857 1987 1909 Τὸ
2017 1858 2144 1925 γοῦν
2175 1860 2296 1912 καθ’
2327 1861 2494 1929 αὐτὴν
2516 1863 2563 1914 οί
2591 1863 2744 1930 σοφοὶ
2783 1863 3134 1930 μυστοπόλοι,

1846 1917 1884 1971 Β
1915 1949 2107 2002 Καίτοι
2138 1953 2388 2020 παρεῖναι
2418 1953 2696 2021 πανταχοῦ
2723 1955 2928 2021 ταύτην
2961 1954 3117 2020 λόγος

1915 2043 2028 2092 Οὐκ
2061 2042 2124 2092 ὲκ
2162 2042 2361 2111 μέρους
2387 2044 2677 2112 δήπουθεν,
2718 2047 2985 2113 ἀλλ’ὄλην
3026 2048 3187 2111 ὅλοις.

1919 2131 2106 2195 υῦτως
2135 2134 2596 2204 ὑπερθαύμαστον
2633 2139 2664 2205 ἡ
2699 2137 2820 2190 θεία
2849 2139 3035 2206 φύσις,

1917 2225 2028 2276 Καὶ
2058 2223 2218 2277 πάνθ’
2261 2226 2402 2297 ὑπὲρ
2437 2227 2582 2291 νοῦν,
2623 2231 2717 2280 καὶ
2749 2233 3034 2297 λογισμὸν,
3074 2233 3167 2285 καὶ
3199 2232 3381 2299 λόγον,

1919 2317 2135 2370 Μᾶλλον
2171 2322 2347 2389 σιωπῇ
2374 2319 2467 2371 τοῦ
2504 2321 2664 2388 λόγου
2695 2325 3007 2394 τιμωμένη,

1921 2409 1980 2461 ΕΞ
2007 2410 2052 2462 δ’
2082 2410 2150 2463 αὖ
2173 2412 2324 2464 δοκεῖ
2355 2415 2498 2465 νοεῖν
2523 2431 2627 2477 τις,
2658 2418 2718 2468 οὺ
2748 2420 3039 2486 νοουμένη.

1921 2502 2124 2566 Γνῶσις
2152 2503 2260 2575 γὰρ
2293 2505 2465 2576 αὐτῆς
2512 2508 2662 2560 ἐστιν
2692 2510 2913 2573 ἀγνοίας
2943 2511 3124 2578 βάθος,

1928 2596 2028 2646 Ἦν
2061 2596 2322 2665 ἀκριϐοῦν
2361 2614 2444 2659 τις
2475 2597 2575 2668 τὴν
2605 2599 2862 2653 θεοπτίαν
2914 2601 3061 2670 οέλῃ.

1924 2685 1999 2737 Οὐ
2020 2685 2129 2755 γὰρ
2159 2687 2371 2738 δίδωσιν
2401 2687 2656 2756 οὐδαμῶς
2686 2689 2858 2753 οὕτως
2894 2690 3040 2758 ἴχνος

1936 2776 2023 2828 Ἑν
2044 2777 2119 2844 τῷ
2149 2778 2385 2830 νοεῖσθαι
2415 2773 2493 2848 τῷ
2523 2781 2662 2832 νοεῖν
2697 2783 3041 2851 πειρωμένῳ.

1933 2869 1993 2918 ὐ
2027 2866 2118 2918 νῦν
2166 2867 2221 2920 δὲ
2251 2869 2458 2935 καινὸς,
2489 2871 2581 2922 καὶ
2618 2872 2771 2931 κενὸς
2810 2871 3073 2940 θεηγόρος

1937 2960 2029 3010 Ἐκ
2063 2960 2169 3012 τῶν
2208 2961 2326 3013 κατ’
2355 2961 2524 3032 αὐτὴν
2564 2964 2728 3031 φησὶν
2758 2965 2929 3033 αὐτὴν
2961 2966 3159 3018 εἰδέναι

1925 3051 2046 3102 Τῶν
2075 3051 2375 3116 οὑσιωδῶν,
2400 3053 2475 3116 ῶς
2501 3055 2873 3125 ὑπερκόμπως
2904 3057 3076 3124 λέγει,

1925 3143 2006 3194 Τὰ
2032 3144 2140 3210 γάρ
2173 3145 2294 3196 κατ’
2322 3145 2516 3214 αὐτὴν,
2547 3147 2662 3213 είγε
2689 3149 2845 3200 ταυτί
2874 3167 2962 3216 μοι
2996 3150 3180 3220 λέγῃς,

1853 3267 1896 3322 C
1928 3234 1993 3286 Τί
2020 3235 2172 3288 ταῦτ’
2203 3237 2348 3304 ἐρεῖς
2374 3254 2455 3298 τε,
2492 3240 2589 3291 καὶ
2626 3241 2966 3307 προσείποις,
3003 3244 3258 3307 γεννάδα,

1929 3326 2143 3390 Ταύτας
2166 3327 2210 3380 δ’
2249 3328 2527 3396 ὑφεῖσθαι,
2558 3331 2649 3382 καὶ
2675 3332 2975 3401 καταρρεῖν
3008 3335 3232 3403 κυρίως,

1925 3518 2032 3563 tem
2072 3510 2296 3564 minime
2329 3511 2550 3566 tribuat.
2587 3513 2686 3567 llic
2721 3530 2869 3576 vero,
2906 3514 3020 3580 ipse
3056 3514 3290 3584 seipStltn
3320 3529 3507 3585 apt-rte

1926 3602 2085 3655 talem
2116 3603 2444 3668 praedicans,
2479 3604 2779 3658 increaturn
2821 3606 3042 3673 quidem
3085 3621 3149 3659 ac
3183 3609 3347 3661 veluti
3382 3611 3493 3676 pri-

1927 3708 2070 3746 mam
2110 3693 2346 3748 heminis
2378 3702 2672 3748 sementem
2699 3711 2714 3758 ;
2746 3702 2800 3748 et
2825 3695 3000 3749 noctis
3034 3695 3177 3759 fons,
3232 3706 3285 3750 ct
3315 3699 3502 3750 Inertis

1929 3799 2063 3852 opus
2115 3793 2339 3850 naturae,
2385 3793 2440 3838 et
2465 3785 2619 3838 triste
2671 3786 2925 3853 pabulum
3000 3787 3259 3854 temporis
3318 3788 3500 3841 edacis

1927 3876 2182 3929 dentibus
2214 3875 2446 3938 videtur,
2497 3876 2595 3929 etsi
2641 3875 3071 3930 immortalitatis
3108 3879 3310 3930 donum
3347 3881 3506 3931 sorti~

1932 3974 2016 4018 tus
2054 3967 2147 4030 sit,
2196 3967 2298 4020 etsi
2347 3966 2630 4032 superbire
2678 3968 2874 4020 audeat
2929 3983 3053 4020 mox
3100 3968 3500 4026 dissolveudus.

1932 4056 2118 4109 ultima
2149 4065 2374 4109 vocante
2403 4057 2554 4109 tuba.
2592 4057 2724 4120 Quis
2757 4057 2881 4109 talia
2916 4057 3103 4112 dicens
3135 4067 3282 4111 recte
3310 4074 3510 4127 sapere

1929 4146 2212 4200 videatur?
2263 4145 2452 4200 Nonne
2514 4149 2585 4200 ita
2619 4149 2732 4201 hcce
2763 4147 2785 4198 ?
2819 4147 2998 4214 Quare
3050 4165 3154 4201 non
3204 4149 3314 4202 ita?
3359 4149 3514 4214 Quo-

1932 4239 2133 4291 modo?
2164 4239 2234 4292 Ita
2263 4248 2583 4293 cunctorum
2613 4239 2879 4293 malorum
2910 4241 2960 4292 in
2992 4241 3321 4308 profundum
3349 4243 3501 4294 devc-

1933 4332 2045 4394 rrit;
2080 4330 2208 4392 irno,
2238 4346 2294 4383 se
2327 4348 2432 4384 non
2470 4347 2695 4398 peccare
2731 4343 2931 4399 putans
2962 4348 3026 4385 ac
3071 4333 3279 4395 dicens,
3337 4334 3514 4386 llcuur

1932 4435 1960 4472 a
1996 4435 2053 4474 se
2085 4420 2305 4474 adorari
2355 4421 2580 4475 minime
2629 4422 2894 4491 indigere,
2947 4424 3184 4476 tonitrua
3219 4439 3348 4478 voce
3398 4428 3507 4477 ela-

1933 4510 2127 4565 rnitare
2177 4526 2345 4566 ausus
2390 4523 2494 4566 est.
2541 4514 2793 4567 Attamen
2858 4513 3060 4568 divinis
3114 4514 3503 4582 inspiratorum

1855 4597 1906 4656 Ι)
1935 4603 2214 4658 hominum
2239 4605 2582 4659 sermonibus
2604 4605 2833 4658 humiles
2859 4605 3050 4674 spiritu
3088 4606 3504 4669 madidosdieit,

1933 4706 1985 4750 et
2019 4697 2208 4749 horum
2241 4699 2401 4750 etiam
2433 4697 2722 4765 participes
2755 4697 2889 4759 ﬁeri,
2918 4697 3140 4751 rninirne
3162 4715 3288 4750 vero
3318 4699 3506 4751 eodem

1936 4787 2095 4838 modo
2127 4801 2236 4854 quo
2271 4787 2502 4854 primam
2539 4797 2792 4838 naturam
2826 4786 3144 4854 participem
3176 4787 3399 4849 dicunt;
3446 4805 3505 4839 ea

1934 4876 2077 4930 enim
2116 4877 2339 4930 rrrinirne
2368 4878 2638 4945 particeps
2670 4878 2849 4946 quoad
2898 4877 3133 4929 humiles
3170 4888 3377 4945 partes.
3407 4881 3502 4930 Sin

1935 4977 2114 5020 autem
2170 4967 2469 5034 gratiarum
2533 4968 2673 5020 dona
2717 4978 2967 5034 generata
3030 4967 3232 5029 dicunt,
3289 4968 3511 5019 rninirrre

1937 5072 2060 5110 vero
2092 5057 2386 5111 increatam
2422 5061 2702 5112 Deitatenr.
2751 5059 2967 5122 Quare?
3006 5060 3232 5112 lmrnola
3273 5074 3511 5126 namque

1936 5164 2208 5220 perrnarrel
2243 5169 2346 5205 non
2384 5165 2639 5221 generata
2682 5152 2881 5206 Deitas.
2930 5153 3049 5217 Quo
3082 5153 3224 5205 enim
3263 5168 3508 5206 movere-

1937 5244 2064 5297 tur?
2101 5245 2327 5299 Ubinam
2363 5245 2540 5296 absit?
2567 5245 2829 5314 Loquere.
2866 5246 2980 5298 Non
3015 5245 3202 5298 eadem
3238 5260 3372 5297 sane
3419 5245 3505 5296 tli-

1935 5335 2142 5401 gnitate
2191 5341 2411 5400 praestat
2467 5332 2650 5394 homo,
2721 5349 2827 5400 qua
2881 5343 3094 5384 creator
3161 5347 3221 5385 ac
3261 5333 3505 5384 omnirrm

1938 5425 2216 5477 fundatrix
2253 5424 2518 5491 potentia,
2570 5423 2672 5477 etsi
2702 5422 2932 5475 l’alama:
2959 5422 3380 5476 scelestissinrus
3407 5438 3496 5475 ero

1937 5531 2047 5577 ror,
2101 5516 2268 5569 r'abiei
2320 5515 2496 5582 impar
2552 5515 2678 5566 illud
2742 5529 2989 5568 asserere
3045 5531 3148 5566 non
3209 5513 3506 5566 erubuerit.

1938 5607 2238 5660 lucrcatum
2262 5607 2406 5658 enim
2435 5608 2611 5658 lumen
2645 5621 2749 5657 non
2781 5612 2989 5658 tantum
3017 5621 3073 5658 se
3097 5620 3319 5658 cernere
3353 5607 3508 5669 dicit,

1939 5701 2032 5754 sed
2084 5701 2244 5753 etinn
2302 5699 2475 5767 ipsum
2508 5712 2626 5750 esse
2669 5707 2720 5750 et
2776 5697 2938 5749 Deum
2972 5698 3124 5764 juxta
3168 5706 3510 5759 creaturam;

1941 5792 1981 5843 si
2022 5791 2236 5845 aliunde
2292 5789 2608 5855 procedere,
2642 5787 2894 5854 infraque
2919 5786 3156 5839 deﬂuere
3202 5786 3388 5840 dicunt
3419 5786 3509 5838 Det

1942 5884 2182 5949 Verbum,
2225 5895 2539 5954 supremum
2577 5879 2889 5944 Dominum,
2928 5879 3038 5934 sive
3091 5878 3310 5932 \irtutis
3343 5878 3499 5948 spiri-
