4274 6452
296 415 400 472 8ΤῙ

302 530 414 580 Καὶ
441 529 714 591 συντιθεὶς
743 530 984 600 πρόδηλα
1011 531 1109 599 τὴν
1145 532 1524 606 ἁπλουστάτην

299 620 370 669 ’Ἡ
398 623 714 688 κτισμάτων
740 622 939 687 ἔξωθεν
987 623 1405 694 ἀνειλημμένος,

299 708 368 759 Ἥ
404 711 604 778 μᾶλλον
633 713 800 779 ἄμφω
824 713 1163 782 ρᾳδιουργῶν
1192 716 1446 782 εἰσάπαξ,

293 797 368 846 'l‘b
395 797 601 864 πλῆθος
635 800 923 867 εἰσήνεγκε
953 804 1061 855 τῶν
1093 804 1480 874 σεόασμὰτων,

307 886 641 951 ’Υψιστικῶς
674 890 942 960 ’Έλληνας
978 893 1214 961 ἐξαίρων
1242 897 1424 961 πάλιν,

297 982 446 1031 "Au-to
475 981 542 1031 τὰ
565 984 709 1048 τῇδε,
735 983 829 1034 καὶ
860 983 921 1034 τὸ
944 986 1053 1036 πᾶν
1079 984 1210 1053 ὕψος
1235 989 1410 1050 κάτω,

298 1071 565 1122 Ἀκτιστα
583 1072 777 1132 ταῦτα,
813 1075 907 1126 καὶ
936 1074 992 1126 τὸ
1023 1076 1098 1144 μὴ
1130 1077 1332 1143 κτίσμα
1364 1079 1593 1147 κτίσμι,

295 1162 405 1212 Καὶ
453 1161 706 1215 δυσσεϐεῖ
740 1166 869 1228 πᾶς,
908 1167 1096 1236 φησὶν,
1132 1168 1189 1229 ὃς
1222 1168 1377 1220 ταῦτ’
1409 1170 1470 1221 οὐ
1505 1170 1673 1222 σέϐει.

293 1257 370 1306 (id
399 1254 682 1308 δυσσεϐεῖν
723 1257 869 1327 μόνῳ
897 1258 953 1310 δὲ
978 1258 1051 1327 τῷ
1076 1260 1218 1329 λόγῳ
1249 1261 1445 1329 λέγων,

306 1350 526 1418 Ἀρκεῖν
561 1351 772 1418 νομίζει
801 1353 936 1423 πρδις
958 1354 1018 1405 τὸ
1046 1353 1144 1422 τῆς
1191 1355 1372 1423 μάχης
1396 1356 1594 1424 κράτος
1621 1373 1632 1385 '

305 1443 448 1494 Ἀλλ’
478 1443 665 1513 ὥσπερ
695 1445 880 1507 ὅπλοις
918 1449 1013 1498 καὶ
1040 1446 1209 1512 ξιφῶν
1240 1448 1446 1515 ἀκμαῖς
1470 1447 1620 1508 ὅλαις

291 1533 427 1585 Δέον
450 1533 720 1586 τελεῖσθαι
753 1536 853 1600 τὰς
888 1536 1028 1603 ὑπὲρ
1053 1536 1259 1589 τούτων
1288 1538 1520 1605 κρίσεις.

305 1625 484 1677 Ὄκνῶ
502 1625 546 1676 δ’
577 1625 830 1694 ἀριθμεῖν
862 1628 958 1689 τὰς
980 1629 1294 1697 ἀμυθήτους
1336 1627 1544 1697 ὕϐρεις.

290 1717 453 1771 Οὕτω
483 1721 844 1789 συνεκρότησε
874 1721 1066 1783 δεινῦς
1101 1721 1199 1791 τήν
1230 1721 1412 1790 μάχην

292 1811 440 1874 Πρὸς
469 1813 595 1872 τοὺς
626 1811 869 1874 ἀπειθεῖς
893 1814 1006 1870 τοῖς
1040 1811 1179 1873 θεοῖς
1203 1814 1301 1881 τῆς
1347 1809 1598 1871 Ἑλλάδος

291 1901 483 1965 Οὕτως
517 1904 748 1972 ἇναρχός
780 1906 897 1956 ἐστι
927 1911 1021 1958 καὶ
1056 1905 1274 1958 πάντων
1305 1905 1437 1970 ἇ.ω,
1463 1916 1471 1965 '_

294 1997 407 2047 Καὶ
435 1995 534 2064 τὴν
564 1981 936 2048 ἀνεικόνιστον
970 1997 1129 2060 ἀξίαν
1155 1997 1341 2067 βλέπει

291 2085 499 2147 Αὖταῖς
527 2084 740 2154 ἀληθῶς
775 2089 894 2148 ταῖς
918 2087 1082 2154 ἁφαῖς
1119 2087 1225 2139 τῶν
1274 2087 1560 2156 ὀμμάτων.

292 2178 468 2230 ’Ὅθεν
501 2179 592 2230 τὸν
622 2180 779 2247 όχλον
813 2175 920 2232 εἶδε
939 2181 1045 2232 τῶν
1078 2181 1446 2250 σεϐασμάτων

305 2273 397 2323 Ἐν
435 2275 497 2340 τῇ
542 2274 776 2342 ταπεινῇ
806 2272 912 2324 τῶν
951 2274 1265 2342 ὑφειμένων
1304 2274 1483 2342 βάσει.

294 2356 401 2415 Ὧν
423 2365 502 2426 εἰς
529 2363 590 2414 τὸ
623 2363 850 2433 πλῆθος,
883 2363 958 2424 ὡς
985 2364 1155 2425 δοκεῖ,
1195 2365 1396 2434 βλέψας
1419 2367 1527 2427 ὅδε,

305 2457 463 2518 Ἕνὸς
501 2457 880 2527 κατεφρόνησε
913 2457 1006 2509 τοῦ
1051 2457 1268 2509 πάντων
1304 2459 1563 2528 κράτους.

305 2546 457 2600 Ἀλλ’
492 2546 553 2598 οὐ
582 2547 692 2616 γὰρ
718 2547 882 2599 αὑτὸν
909 2547 1185 2615 ὠφελήσει
1212 2547 1268 2600 τὺ
1297 2547 1514 2616 στέφος.

295 2639 583 2706 ’Ὁτανπερ
606 2636 841 2707 οἰκτρῶς
867 2639 931 2690 ὲκ
962 2638 1090 2706 μιᾶς
1118 2638 1386 2707 θεαρχίας

292 2729 460 2797 Τρισὶ
493 2729 784 2798 μοναπλῶς
817 2727 1259 2796 συγκαταθ).ἄται
1291 2730 1484 2794 λίθοις,

295 2823 446 2892 Πρός
475 2821 676 2890 κέντρα
706 2821 762 2874 δὲ
795 2821 907 2891 γνῷ
939 2823 1372 2894 τραυματουργά
1395 2825 1679 2888 λακτίσας,

297 2914 411 2966 Καὶ
454 2911 674 2965 κτιστδν
704 2912 807 2964 οὐκ
832 2914 1092 2966 ἄκτιστον
1126 2916 1289 2968 αὐτὸν
1325 2916 1597 2987 μανθάνῃ,

297 3102 536 3155 virtutes
587 3113 844 3154 sermone
889 3097 1107 3156 dicens.
1198 3107 1608 3153 attenuatorum
1659 3098 1886 3152 deorum

1451 425 1884 491 GRJECORUM
1915 435 2289 496 SENTENTI
2315 439 2383 496 Ἠ.

3444 439 3550 497 ὶί-ῗιδ

1905 554 1945 608 Α
1977 548 2252 618 Λαμπρὰν
2281 551 2404 602 καθ’
2438 550 2602 603 αὐτοῦ
2629 550 2810 619 ψῆφον
2839 551 2999 612 αὐτὸς
3019 551 3287 619 ἐκφέρω-ο.

1983 640 2069 700 Εἰς
2103 640 2199 704 τὴν
2227 641 2484 693 ἁπάντων
2517 641 2891 709 ἐξηρνημὲνην
2925 643 3108 708 φύσιν,

1978 722 2082 788 Ἦς
2117 732 2294 781 πάντα
2325 732 2508 788 δοῦλα,
2551 735 2641 783 καὶ
2679 735 2747 784 τὰ
2785 737 3016 802 κρείττω
3056 735 3404 802 βλεμμάτων,

1981 818 2088 868 Καὶ
2113 819 2203 870 νοῦ
2247 821 2382 889 πρὸς
2418 822 2702 889 ἀκρίϐειαν
2737 822 3144 891 ἐπτερωμένον,

1993 905 2174 972 ’Λφεὶς
2206 908 2354 960 κάτω
2375 911 2663 963 πέπτωκεν
2693 915 2754 965 ὲκ
2785 915 3195 981 φαντασμάτων
3225 931 3238 981 ;

1983 996 2075 1059 El;
2102 1000 2191 1050 νοῦ
2225 1001 2594 1070 ματαιότητας
2623 1006 2700 1063 εἰς
2734 1004 2912 1071 ἔργων
2949 1005 3136 1070 σέϐας,

1983 1089 2049 1140 “ll
2087 1089 2286 1157 μᾶλλον
2313 1094 2506 1154 εἰπεῖν,
2541 1096 2620 1156 εἰς
2651 1095 2917 1148 ἀνουσίων
2951 1097 3135 1160 σέϐας,

1983 1179 2275 1232 Τουτέστιν
2305 1182 2493 1245 ἁπλῶς
2535 1184 2782 1252 οὐδαμῶς
2807 1186 2942 1238 Θεοῦ
2981 1187 3163 1250 σέϐας.
3217 1185 3220 1187 “

1983 1270 2148 1323 Οὖδὲν
2179 1272 2308 1341 γὰρ,
2343 1273 2494 1325 οὐδὲν
2521 1277 2629 1327 τῶν
2660 1278 2922 1330 ἀνουσίων
2957 1280 3141 1341 σέϐας,

1987 1364 2272 1435 Ὀπουπερ
2303 1367 2422 1419 οὐδὲ
2458 1369 2565 1421 τῶν
2593 1369 2898 1438 ὑφειμένων
2935 1372 3094 1434 ὅλως,

1985 1457 2093 1523 Τῆς
2115 1458 2498 1526 παντανάσσης
2527 1462 2619 1512 καὶ
2651 1462 2881 1531 τριπλῆς
2912 1464 3167 1533 ἐναρχίας

1984 1546 2262 1615 Τελοῠμεν
2290 1549 2443 1601 οὐδὲν
2470 1549 2715 1603 δουλικόν
2731 1569 2838 1603 τινι
2866 1558 3067 1622 τρόπον

1985 1637 2130 1709 ιίλήν
2162 1640 2214 1707 γ’
2241 1641 2314 1702 ὡς
2350 1641 2606 1705 ἐλάττους
2627 1646 2724 1706 τὰς
2758 1645 3065 1715 ὑπερτέρας
3099 1648 3313 1715 φύσεις,

1989 1730 2056 1781 Ἢ
2081 1731 2285 1796 τάξεις,
2326 1732 2391 1795 ἃς
2422 1734 2620 1786 ἔδωκεν
2648 1736 2905 1803 ἀνδράσιν
2936 1739 3118 1800 πόνος,

1986 1823 2095 1874 Καὶ
2128 1823 2235 1875 τῶν
2260 1825 2316 1885 ἐς
2345 1826 2491 1892 ἡμᾶς
2523 1827 2794 1878 συστικῶν
2829 1830 3188 1896 συνεργάτας,

1913 1893 1952 1949 Β
1984 1915 2242 1985 Τιμῶμεν
2280 1916 2353 1978 ὡς
2383 1917 2644 1985 ἔνθεσμον
2669 1920 2725 1970 ἐν
2762 1893 3149 1989 συμμετρίαις,

1995 2007 2135 2058 Ἀλλ’
2158 2008 2258 2060 οὐκ
2295 2009 2566 2079 ἀνάρχους
2593 2010 2668 2072 ὡς
2703 2010 2882 2075 θεοὺς,
2918 2015 3013 2066 καὶ
3035 2014 3321 2078 δεσπότας.

1986 2101 2047 2150 Ὢ
2070 2099 2185 2163 πῶς
2215 2101 2482 2171 τοσαύτην
2520 2101 2701 2156 εἰσιὼν
2731 2105 2936 2171 τόλμαν
2972 2105 3152 2171 μόνος,

1987 2192 2224 2246 ἰικιστα
2251 2195 2374 2247 νοῦν
2401 2197 2624 2265 εἴληφας
2652 2196 2686 2248 ἃ
2719 2198 2980 2264 πράττειν
3006 2198 3179 2261 θέλεις
3203 2201 3214 2249 l

1988 2286 2136 2336 Κατᾶ
2168 2284 2358 2354 θρόνου
2398 2287 2458 2339 σὺ
2489 2287 2580 2338 τοῦ
2613 2287 2909 2357 θεοδμήτου
2945 2291 3144 2357 στόμα,

1999 2376 2053 2396 9‘
2101 2378 2112 2396 ι
2170 2368 2195 2390 Τ
2382 2378 2394 2392 ο
2442 2378 2454 2392 ι

2019 2377 2095 2443 [ιφ
2141 2395 2311 2446 ουττερ
2336 2395 2497 2440 αυτος
2530 2379 2905 2448 ἐγκαθήμενος
2936 2381 3151 2448 θρόνου,

1989 2472 2212 2537 Κρινεῖν
2248 2473 2461 2524 ἀπειλεῖ
2490 2473 2615 2532 τοὺς
2648 2470 3204 2541 βεϐλατῗημηκόταῇ

1990 2561 2180 2614 Ηασῶν
2213 2563 2456 2614 ἀπαιτῶν
2491 2564 2589 2632 τὴν
2615 2565 2926 2635 ὑπερτάτην
2956 2567 3135 2634 δίκην,

1990 2653 2059 2704 Σὺ
2099 2654 2223 2714 τοὺς
2262 2654 2441 2719 ὅρους,
2475 2655 2750 2722 ἄνθρωπε,
2794 2659 2918 2718 τοὺς
2947 2660 3220 2722 αἰωνίους,

1990 2746 2174 2798 Κινεῖν
2214 2747 2486 2816 ἐπήρθης,
2527 2747 2620 2809 οὓς
2651 2748 2781 2810 Θεὸς
2819 2750 2994 2817 πήξας
3023 2751 3173 2818 ἔχεις

1990 2837 2062 2888 Σὺ
2093 2836 2186 2889 τοῦ
2221 2836 2480 2905 θεμέθλου
2505 2837 2602 2906 τὴν
2645 2837 2976 2908 βαθύρριζον
3011 2841 3243 2910 πέτραν,

2003 2929 2089 2990 Ὠς
2116 2929 2500 2997 ὲκμοχλεύσων
2542 2934 2820 2999 συγκινεῖς
2855 2933 3066 2993 πάντας
3099 2935 3317 3001 λίθουςς

1992 3103 2280 3142 numerare
2306 3089 2600 3143 horresco:
2634 3091 2767 3144 adeo
2805 3091 3022 3146 funeste
3050 3109 3241 3162 pugnm
3269 3097 3560 3165 strepitum

297 3196 418 3247 sive
446 3191 717 3246 dcitatum
745 3203 1032 3243 numerum
1061 3189 1114 3242 in
1147 3187 1419 3242 intinitum
1438 3190 1630 3242 statuit
1657 3205 1671 3242 :
1704 3190 1884 3242 minor
1920 3224 1964 3285 c
1996 3194 2253 3234 resonare
2286 3195 2452 3235 ausus
2486 3192 2568 3235 cst
2600 3183 2741 3250 apud
2773 3181 2922 3251 ipsos
2951 3183 3176 3240 Gra‘cia:
3211 3187 3450 3242 numinis
3481 3191 3565 3242 in-

297 3285 448 3339 enim
483 3297 592 3338 non
651 3281 996 3351 relinquitur
1043 3281 1219 3336 errori
1259 3282 1431 3337 locus.
1464 3281 1528 3335 Et
1555 3282 1808 3352 gratiam,
1839 3292 1894 3336 et

297 3379 590 3443 lumen,oat
643 3373 1004 3428 chrismatum
1029 3372 1192 3436 dona,
1224 3371 1314 3425 Dei
1339 3373 1648 3438 scientiam,
1669 3373 1891 3438 formas,

297 3472 592 3532 virtutem,
647 3466 815 3520 veluti
847 3465 987 3530 dixi,
1047 3465 1244 3520 iterum
1303 3467 1450 3519 inter
1483 3481 1541 3521 se
1580 3465 1893 3534 promiscua

297 3563 580 3635 pra-beris,
643 3561 895 3627 inquam,
933 3559 1132 3612 minori
1183 3558 1459 3625 impietate
1497 3573 1600 3626 qua
1631 3558 1897 3627 supersti-

298 3650 432 3704 tiosi
467 3647 666 3709 Graeci.
693 3647 777 3700 vir
818 3647 907 3701 ille
949 3649 1219 3715 ingenuus
1270 3662 1391 3702 sese
1423 3648 1672 3702 laborare
1703 3647 1898 3718 praedi-

300 3751 416 3798 cat.
458 3739 638 3796 Unum
677 3746 860 3792 tamen
892 3747 947 3792 et
978 3738 1156 3792 solum
1210 3739 1476 3808 optimum
1537 3738 1784 3792 conﬁteri
1806 3754 1899 3793 ne-

301 3849 466 3889 cesse
493 3840 598 3898 est,
626 3831 823 3900 triplici
864 3832 986 3884 luce
1022 3830 1334 3899 splendens,
1365 3830 1615 3900 simplex.
1649 3831 1899 3885 iudivisi-

298 3925 436 3988 bile,
463 3938 569 3976 non
614 3921 861 3985 mistum,
915 3934 1016 3974 nec
1063 3919 1446 3989 ponderatum,
1506 3934 1608 3974 nec
1643 3919 1900 3988 gradibus

303 4020 714 4076 tuensuratum,
750 4023 850 4063 nec
884 4009 1052 4073 intra,
1083 4023 1180 4063 nec
1229 4019 1383 4062 extra
1423 4009 1671 4078 partibus
1695 4009 1900 4064 conﬂa-

303 4118 448 4170 tum,
482 4105 650 4158 veluti
685 4103 934 4173 qua’dant
969 4101 1322 4171 iitmqttalittm
1358 4102 1664 4157 sectionum
1697 4117 1902 4172 coagu-

300 4200 439 4254 latio
471 4198 711 4262 circum,
748 4211 851 4249 nec
892 4194 1175 4258 dcitatnm,
1206 4209 1306 4249 nec
1333 4193 1582 4257 deorum,
1611 4209 1714 4248 nec
1731 4210 1902 4249 azmu-

302 4293 569 4351 latorutn,
617 4302 719 4341 nec
747 4286 1214 4348 substantialium,
1256 4300 1357 4340 nec
1399 4285 1902 4340 insubstantialium

303 4382 552 4444 turbam,
591 4393 694 4432 nec
753 4376 990 4430 aliorum
1030 4377 1302 4440 omnium,
1361 4387 1417 4430 ιιι
1455 4388 1653 4431 cuncta
1712 4379 1902 4447 paucis

299 4473 616 4534 absolvam,
659 4470 822 4523 veluti
857 4484 958 4523 nos
988 4469 1119 4521 olim
1168 4471 1474 4523 docuerunt
1511 4471 1758 4534 InSpit-ati
1803 4473 1904 4523 lm-

1997 3271 2283 3338 crcdulos;
2321 3273 2454 3326 adeo
2478 3285 2802 3328 cunctorum
2835 3276 3071 3345 desuper
3100 3293 3158 3331 se
3179 3289 3567 3348 praepotentem

1997 3365 2221 3433 prtebet,
2292 3365 2721 3437 dignitatemque
2797 3369 3023 3423 omnino
3082 3370 3252 3440 ﬁgura
3304 3374 3567 3429 nudatam

1998 3457 2116 3526 ipso
2143 3457 2430 3513 oculorum
2478 3470 2650 3516 tractu
2682 3477 2806 3515 vere
2859 3465 3216 3533 contemplari
3265 3469 3570 3523 contendit.

1999 3548 2175 3615 Unde,
2200 3550 2458 3604 humilem
2484 3554 2623 3605 inter
2648 3553 2792 3606 hunc
2828 3562 3228 3610 attenuatorttm
3257 3575 3571 3623 numerum,

2000 3644 2207 3699 inﬁnita
2245 3644 2675 3699 vcnerandor’um
2715 3647 3058 3702 multitudine
3082 3650 3284 3718 agnita,
3323 3651 3464 3720 ipse,
3510 3663 3571 3707 ut

2001 3738 2133 3791 mihi
2159 3738 2640 3802 videtur,'turbam
2681 3741 3101 3808 contcnmlatus,
3146 3759 3312 3796 unum
3340 3753 3572 3810 tantutn,

2002 3837 2326 3883 cmtcrorutu
2350 3829 2588 3883 omnium
2628 3829 2902 3894 virtutem,
2938 3832 3160 3898 sprevit.
3182 3834 3247 3885 At
3269 3847 3471 3888 corona
3501 3835 3579 3888 illi

2002 3934 2134 3974 sane
2165 3919 2388 3974 minime
2435 3919 2699 3989 proderit,
2777 3936 2902 3974 cum
2952 3921 3324 3976 miserandum
3369 3925 3422 3978 in
3459 3940 3579 3978 mo-

2002 4011 2155 4076 dum,
2195 4027 2300 4065 una
2361 4024 2614 4080 suprema
2667 4021 2926 4078 potestas,
2975 4013 3170 4081 triplici
3203 4015 3381 4084 lapide
3413 4015 3580 4070 mise-

2004 4101 2248 4156 rabiliter
2299 4100 2591 4170 frangitur,
2638 4115 2696 4155 se
2757 4103 3021 4156 adversus
3071 4102 3251 4156 calcar
3293 4102 3584 4157 calcitrare

2005 4205 2221 4260 noscat,
2255 4207 2318 4248 ac
2343 4192 2559 4247 tandem
2592 4207 2650 4248 se
2680 4203 2950 4258 creatum,
2979 4209 3085 4247 non
3119 4195 3582 4250 vcroinereatum

2005 4286 2199 4348 discat,
2255 4284 2371 4353 ipse
2425 4285 2633 4338 clarum
2685 4285 2738 4337 in
2803 4299 2862 4338 se
2913 4285 3284 4337 testimonium
3341 4283 3582 4353 prmfcrt,

2004 4391 2133 4445 erga
2155 4375 2663 4444 priestantissimam
2695 4375 2942 4428 omnium
2974 4383 3250 4434 naturam.
3280 4375 3368 4428 cui
3397 4377 3588 4429 omnia

2010 4469 2322 4529 sulzsunt,et
2346 4465 2623 4518 oculorum
2645 4465 3090 4533 DCI‘SplC-‘lCitll‘t'S,
3111 4474 3162 4516 et
3183 4466 3246 4518 ad
3263 4466 3586 4519 sublimiora

302 4569 509 4632 mines,
548 4577 806 4618 verorum
855 4560 1170 4629 dogtnatutn
1230 4562 1488 4616 ministri.
1526 4563 1644 4630 Ipse
1695 4577 1817 4615 vero
1853 4563 1903 4614 in
1940 4573 1982 4628 ι)
2015 4567 2196 4610 mente
2228 4556 2399 4624 magis
2447 4555 2598 4620 elati,
2632 4556 2749 4624 ipse
2797 4558 2941 4609 enim
2973 4568 3189 4609 terrena
3230 4572 3494 4624 respuens
3522 4572 3588 4610 ex

301 4660 609 4712 adversum
697 4667 952 4722 surgere,
1013 4650 1591 4720 evidentissimannpie
1665 4666 1902 4720 pugnam

299 4747 659 4804 committere
692 4744 931 4807 videtur,
969 4742 1358 4796 iudivisibilem
1413 4753 1663 4795 naturam
1715 4743 1906 4810 partiri

301 4857 418 4895 non
445 4840 805 4900 erubescens,
844 4836 1314 4905 simplicissimum
1358 4838 1519 4888 etiam
1552 4835 1655 4887 sub
1684 4850 1907 4902 compo-

302 4936 416 4988 sito
453 4947 571 5000 ape:
589 4941 641 4984 te
668 4929 939 4997 praebens,
961 4929 1042 4982 vel
1076 4927 1205 4980 illud
1241 4938 1396 4979 extra
1429 4935 1711 4979 creaturas
1743 4926 1908 4977 collo-

303 5040 439 5080 care
469 5039 638 5078 ausus
662 5030 767 5084 est,
802 5022 917 5076 sive
967 5021 1173 5090 potius,
1207 5020 1481 5087 duplicem
1519 5019 1686 5070 sotttt'l
1713 5018 1905 5085 ncqui-

312 5120 452 5173 tiam
485 5132 681 5184 agens,
738 5115 1181 5169 vencraudorum
1230 5126 1514 5165 numerum
1550 5111 1600 5162 in
1634 5111 1905 5163 inﬁnitum

307 5210 490 5270 auxit,
522 5224 585 5260 ac
611 5208 694 5262 sic
721 5207 917 5260 iterum
953 5204 1157 5259 Graecis
1179 5204 1392 5272 longius
1418 5218 1761 5272 progressus.
1786 5218 1908 5270 quae

308 5300 457 5354 infra
495 5307 625 5352 sunt
689 5297 946 5360 desuper,
1011 5308 1131 5361 qum
1165 5307 1291 5345 vero
1345 5291 1579 5358 desuper
1635 5287 1796 5354 inha,
1830 5290 1911 5341 in-

310 5400 502 5448 creata
533 5391 674 5453 haec,
705 5405 814 5443 non
843 5397 1026 5443 creata
1079 5403 1227 5446 vero,
1271 5400 1313 5437 e-
1333 5393 1450 5438 cata
1495 5381 1780 5452 praedii-at,
1808 5382 1911 5434 iut-

313 5486 520 5558 pieque
552 5500 610 5538 se
641 5497 852 5553 gerere.
893 5480 1050 5546 dicit,
1096 5481 1188 5549 qui
1224 5479 1308 5533 illa
1348 5493 1455 5532 non
1486 5486 1796 5538 veneratur,
1817 5489 1913 5529 nec

309 5581 358 5634 si
393 5577 550 5632 illum
583 5588 719 5628 voce
750 5581 958 5627 tantum
991 5571 1152 5640 impie
1175 5585 1234 5625 se
1265 5584 1451 5639 gerere
1471 5566 1675 5621 dixeiis
1700 5565 1768 5620 ad
1798 5579 1916 5620 cer-

311 5670 552 5726 taminis
579 5667 866 5721 victoriam
891 5665 1024 5719 satis
1064 5680 1185 5718 esse
1222 5662 1451 5732 putabit,
1480 5661 1572 5716 sed
1615 5658 1782 5712 veluti
1823 5673 1914 5711 ar-

316 5766 428 5820 mis
462 5763 582 5817 sive
614 5760 765 5813 muni
797 5757 1103 5825 gladiorum
1137 5758 1390 5825 Sll’t‘piitl,
1430 5756 1496 5808 de
1526 5752 1610 5806 his
1645 5751 1791 5804 litem
1822 5751 1914 5804 ab-

313 5851 458 5914 solvi
486 5863 789 5922 oporteret.
824 5851 939 5906 1.1m
971 5866 1099 5905 vero
1133 5850 1369 5904 inﬁnitas
1388 5849 1505 5918 ejus
1529 5845 1788 5903 Stultitias
1808 5859 1904 5898 an~

2012 4650 2315 4720 phantasiis
2344 4650 2395 4704 in
2418 4649 2615 4702 mentis
2635 4649 2922 4712 vanitates,
2957 4650 3011 4703 in
3044 4665 3266 4719 Operum
3287 4651 3351 4703 ad
3384 4651 3587 4704 oratio-

2012 4758 2156 4806 nem,
2215 4741 2348 4802 sive,
2383 4750 2441 4796 ut
2474 4741 2786 4795 accuratius
2819 4740 3021 4804 dicam,
3072 4742 3124 4795 in
3192 4743 3590 4798 insubstantia-

2009 4833 2141 4886 lium
2169 4833 2539 4887 adorationem
2577 4833 2829 4901 delapsus
2860 4842 2962 4897 est,
3001 4834 3145 4902 quod
3181 4849 3310 4887 sane
3344 4851 3584 4902 unquam

2013 4927 2106 4980 Dei
2132 4927 2375 4981 :tdoralio
2407 4925 2522 4979 fuit.
2557 4925 2704 4980 Nihil
2729 4927 2894 4992 enim,
2920 4929 3050 4979 nihil
3079 4928 3586 4982 insubstautialiuin

2015 5020 2286 5083 adoratio,
2320 5019 2452 5072 nihil
2494 5020 2718 5085 pariter,
2749 5021 2974 5073 omnino
3016 5020 3150 5072 nihil
3180 5030 3588 5074 altenuatorttm

2014 5116 2133 5182 ejus
2178 5114 2393 5175 cultus;
2436 5127 2706 5181 suprema:
2761 5112 2906 5166 enim
2945 5128 3006 5166 ac
3034 5113 3259 5178 triplicis
3291 5113 3592 5178 tuajestatis

2014 5207 2225 5260 debitos
2281 5206 2536 5270 honores,
2594 5205 2795 5257 nemini
2846 5203 3164 5257 tribuendos
3201 5205 3394 5257 merito
3429 5213 3593 5272 puta—

2018 5314 2159 5362 mus,
2206 5300 2336 5363 nisi,
2387 5299 2549 5351 veluti
2602 5297 2911 5363 inferiores,
2967 5307 3288 5363 pl‘:BSlaltlt‘S
3345 5308 3594 5357 naturas,

2017 5396 2130 5448 sive
2161 5394 2403 5456 ordines,
2443 5408 2584 5461 quos
2622 5389 2722 5443 viri
2757 5389 2945 5443 labore
2974 5399 3317 5451 meruerunt,
3353 5390 3469 5442 sive
3498 5387 3587 5441 de-

2019 5503 2164 5541 tnum
2189 5486 2329 5555 apud
2352 5500 2452 5539 nos
2479 5485 2671 5538 salutis
2702 5485 3004 5553 operarios,
3030 5484 3222 5536 merito
3249 5496 3594 5545 veneremur,

2018 5579 2250 5634 servatis
2285 5587 2460 5631 tamen
2475 5576 2779 5640 servandis,
2805 5591 2900 5629 eos
2919 5577 3064 5629 enim
3095 5583 3453 5644 praepotentes
3481 5574 3564 5628 vel
3583 5604 3595 5612 -

2019 5674 2095 5729 uti
2141 5673 2277 5726 [leos
2315 5680 2367 5724 ct
2404 5670 2680 5735 Dominos,
2770 5684 2875 5723 non
2927 5669 3176 5724 colimus.
3226 5668 3362 5721 Cum
3413 5677 3601 5720 autem

2021 5769 2113 5822 tali
2143 5767 2394 5834 superbia
2421 5776 2476 5816 tu
2496 5763 2940 5823 solusaccensus,
2961 5776 3082 5831 qua:
3104 5778 3263 5830 agere
3292 5761 3448 5829 cupis
3480 5769 3587 5812 tam

2022 5868 2243 5931 repente
2276 5857 2551 5916 statueris.
2611 5867 2762 5915 tune,
2795 5855 2944 5922 juxta
2994 5855 3248 5910 thronum
3311 5856 3419 5908 beo
3469 5868 3601 5905 ere-7
