4274 6452
257 427 359 490 861

259 541 332 591 Σὺ
353 538 398 590 δ’
420 538 603 602 ἐξελοῦ
639 557 703 609 με
742 542 836 611 τῆς
869 543 1224 610 Παλαμναίας
1255 542 1482 613 πλάνης,

261 632 524 683 Κάκεῖνον
556 632 721 684 αὐτοῦ
755 634 855 702 τῆς
891 636 1010 703 μεθ’
1041 636 1228 697 αὑτοῦ,
1261 634 1459 705 Χριστὲ
1493 653 1615 704 μου,

259 721 430 788 Τριὰς
461 720 624 787 μονὰς
661 723 862 791 πράσου
896 740 960 792 με
1003 722 1096 776 σοῦ
1130 728 1295 796 μόνης
1329 727 1551 795 λάτρην,

259 905 328 958 de
391 902 624 958 Palamte
680 919 864 958 errore
914 905 1051 958 ednc
1124 919 1230 967 me,
1293 904 1566 958 Palamam
1629 905 1831 972 ipsum.

259 995 475 1050 Christe
491 996 585 1061 tui,
603 1011 633 1050 a
657 997 898 1066 nequitia
928 1012 1078 1052 erue.
1114 996 1350 1051 Trinitas
1373 998 1426 1050 in
1453 995 1655 1050 unitate
1674 999 1819 1051 salva

1418 435 1856 495 GIi.iiCt.llll.-'.\l
1895 440 2364 500 SENTENTM-l.

3403 452 3503 501 5‘13

1860 559 1909 618 Α
2050 556 2198 604 πᾶσι
2231 556 2606 621 προσκύνησις
2638 557 2703 604 ἐκ
2735 569 2952 604 παντων
2984 554 3114 621 ιλόυῃ

1938 643 2043 694 Καὶ
2072 642 2217 706 δόξα,
2248 646 2340 696 καὶ
2374 645 2662 711 λάτρευσες
2697 645 2775 706 εἱς
2836 644 2981 697 ἅπαν
3013 648 3212 710 πρέπει

1940 922 2046 970 tne,
2079 907 2156 960 tui
2189 907 2359 962 solius
2385 907 2722 961 adoratorcm
2752 923 2766 956 :
2797 915 2849 958 te
2876 905 3044 958 solam
3076 905 3252 960 omnis
3271 905 3512 959 adoratio

1930 998 2102 1060 decet,
2137 1009 2186 1052 et
2222 998 2412 1068 gloria.
2437 1007 2484 1052 et
2522 997 2768 1051 adoratio
2801 995 2858 1049 in
2889 999 3108 1051 saecula.

1163 1359 1345 1470 EX
1426 1353 1935 1469 LEONIS
2041 1359 2610 1471 ALLATII

1514 1583 2151 1644 DlSSERTATlONE
2183 1585 2235 1645 ll

977 1762 1094 1822 DE
1157 1756 1435 1821 LIBRIS
1501 1755 2201 1820 ECCLESIASTICIS

2283 1758 2796 1822 GRAECORUM.

331 2077 492 2133 Plura
549 2075 604 2129 in
651 2075 758 2128 hoc
802 2072 1061 2144 synodico
1110 2070 1287 2124 notari
1321 2069 1627 2140 'potcrant.
1693 2071 1828 2138 Quia
1859 2079 1905 2133 Β
1933 2089 2019 2128 net

1823 2094 1828 2125 ι
1859 2079 1905 2133 Β
1933 2088 2064 2128 nere
2092 2081 2454 2142 compactam,
2491 2071 2674 2141 πηγὴν
2702 2071 2974 2142 βρύουσαν
3001 2071 3265 2140 ξῑαμάτων
3299 2075 3511 2143 νάματα

259 2180 445 2224 tamen
481 2166 666 2222 omnia
708 2179 772 2219 eo
804 2161 1123 2232 respiciunt,
1159 2171 1218 2215 ut
1261 2159 1406 2216 illius
1437 2160 1691 2216 Ecclesia:
1722 2161 1840 2216 fau-

261 2275 418 2315 tores
468 2269 659 2314 contra
715 2256 1014 2309 Romanam
1049 2253 1368 2318 Ecclesiam,
1427 2261 1683 2321 tanquam
1738 2254 1839 2308 viri

259 2353 447 2423 probi,
483 2361 537 2406 et
581 2348 869 2405 orthodoxi
920 2330 1175 2401 omnibus
1219 2343 1422 2400 Christi
1467 2345 1734 2408 tidelihus,
1787 2355 1841 2401 et

262 2444 547 2503 laudandi,
584 2450 637 2494 et
668 2437 917 2494 imitandi
948 2446 1346 2506 prOponautur,
1383 2449 1489 2489 non
1525 2445 1610 2490 est
1640 2439 1693 2488 in
1733 2436 1841 2492 illis

261 2533 620 2589 recensendis
651 2531 858 2584 diutius
887 2528 1290 2581 immorandum
1324 2542 1336 2578 :
1369 2540 1544 2594 eoque
1569 2527 1840 2595 praecipue

264 2624 413 2694 quod
461 2625 514 2677 in
549 2624 663 2676 haec
704 2636 896 2675 novem
926 2620 1100 2689 capita
1145 2618 1326 2672 omnia
1367 2618 1554 2673 referri
1588 2631 1837 2688 possunt.

261 2720 449 2784 Quare
482 2725 678 2771 c:etera
707 2728 1125 2784 prosequamur.

344 2810 548 2863 Sextus
580 2808 764 2876 itaque
792 2821 946 2860 error
993 2812 1098 2867 est,
1131 2819 1287 2872 quem
1327 2803 1643 2858 Philothcus
1673 2804 1843 2872 patri-

263 2900 435 2954 archa
466 2895 1130 2964 Constantinopolitanae,
1158 2903 1218 2948 ut
1247 2893 1502 2947 factionis
1534 2909 1644 2948 sua:
1673 2894 1845 2946 homi-

262 3004 393 3044 nem
439 2988 717 3042 laudando
757 2985 1109 3056 opinionibus
1157 2998 1374 3052 quoque
1404 2984 1541 3044 suis,
1583 2998 1645 3034 ac
1679 2984 1845 3036 hatre-

263 3083 423 3136 sibus
447 3081 829 3133 auctoritatem
855 3078 1096 3138 adderet,
1124 3077 1176 3129 in
1202 3074 1501 3128 Ecclesiam
1529 3073 1839 3128 Graecorum

265 3172 512 3226 intrusit.
543 3171 664 3240 ipse
705 3169 848 3223 enim
887 3167 1134 3236 exemplo
1167 3181 1306 3218 novo
1353 3165 1626 3218 hominem
1663 3165 1830 3217 haere-

266 3279 403 3318 seon
481 3269 985 3331 pr0pugnatorem,
1061 3266 1457 3326 proptereaque
1530 3267 1841 3309 accusatum

265 3357 437 3411 etiam
491 3363 544 3408 et
590 3353 1010 3407 condemnatum
1056 3364 1084 3402 a
1133 3348 1428 3418 plerisque.
1473 3349 1525 3401 in
1579 3347 1839 3417 Spiritum

1947 2168 2155 2228 πιστοῖς
2200 2163 2403 2218 fontem
2443 2163 2826 2218 scaturientem
2876 2162 3173 2217 sanitatum
3223 2164 3424 2219 ﬂuenta
3466 2169 3519 2218 ti-

1944 2255 2188 2321 delibus,
2251 2255 2579 2324 Ἑκκλησίας
2623 2254 2965 2319 διδάσκαλον,
3015 2255 3271 2329 Ecclesiae
3312 2259 3520 2324 magis-

1945 2353 2112 2412 trum,
2148 2345 2324 2414 φωτὸς
2349 2344 2496 2398 θείου
2529 2345 2766 2414 κήρυκα,
2799 2345 3022 2400 luminis
3053 2345 3221 2399 divini
3258 2347 3514 2401 buccina-

1946 2453 2140 2503 torem,
2177 2438 2589 2508 οὖρανομύστην
2612 2438 2713 2507 τῆς
2744 2438 3004 2507 Τριάδος,
3048 2439 3324 2493 caelestem
3363 2439 3520 2493 Tria-

1946 2532 2030 2586 dis
2059 2511 2309 2601 mystem,
2331 2531 2594 2600 φωστῆρσ
2622 2529 2961 2600 ὀρθοδοξίας.
2997 2542 3160 2584 rectae
3186 2527 3306 2583 fidei
3333 2533 3515 2598 splen—

1946 2623 2153 2687 dorem,
2203 2623 2529 2693 Ἐκκλησίας
2576 2623 2860 2692 στήριγμα
2901 2625 2998 2674 καὶ
3043 2622 3385 2685 διδάσκαλον,
3419 2625 3484 2675 l'r

1946 2717 2125 2771 clesim
2155 2715 2385 2769 fulcrum
2419 2721 2471 2769 et
2499 2713 2842 2782 magistrum,
2888 2714 3106 2782 κήρυκα
3143 2715 3241 2782 τῆς
3275 2715 3516 2783 χάριτες,

1946 2822 2252 2877 ρτωροιιειιι
2282 2805 2488 2873 gratiae,
2519 2805 2711 2858 στῦλον
2741 2805 2842 2873 τῆς
2869 2804 3134 2869 πίστεως,
3199 2804 3322 2858 ﬁdei
3371 2808 3515 2858 coit.-

1948 2913 2152 2961 mnam,
2192 2897 2449 2964 καύχημα
2497 2898 2590 2949 καὶ
2635 2897 2913 2965 στήριγμα
2953 2898 3207 2963 μέγιστον
3238 2896 3524 2962 τῶνόρῡυ-

1945 2989 2131 3054 δόξων,
2169 2988 2392 3056 gloriam
2444 2997 2498 3041 et
2531 2987 2828 3040 maximum
2862 2987 3293 3039 orthodoxorum
3335 2986 3518 3038 ﬁrma-

1950 3089 2212 3142 mentum,
2235 3077 2495 3144 Θεολόγον
2519 3077 2793 3146 δεύτερον,
2826 3076 3163 3144 'l‘heologum
3197 3077 3519 3135 secundant.

1947 3168 2055 3220 τῶν
2107 3166 2442 3219 διδασκάλων
2499 3166 2795 3236 ἀκρότητα.
2848 3163 3232 3234 Magistrorum
3291 3166 3523 3233 apicem.

1950 3258 2215 3326 θεολόγων
2241 3259 2301 3310 τὸ
2331 3257 2524 3325 στόμα,
2556 3254 2964 3324 Theologorum
2993 3270 3077 3312 os.
3115 3254 3181 3308 Et
3209 3257 3338 3325 quid
3375 3259 3525 3309 non?

1951 3350 2134 3404 omnia
2179 3348 2507 3404 laudationis
2554 3349 2756 3416 capita,
2790 3362 2913 3416 qua:
2944 3347 3069 3403 aliis
3099 3347 3353 3402 Patribus
3387 3350 3526 3402 divi-

266 3456 547 3504 sanctum.
601 3457 664 3497 ac
720 3440 1022 3496 Ecclesiam
1077 3440 1321 3494 Latinam
1380 3439 1658 3507 injurium.
1719 3454 1840 3494 cum
1874 3433 1917 3491 C
1952 3442 2055 3497 sim
2085 3442 2152 3495 ab
2180 3441 2299 3494 aliis
2329 3441 2666 3502 tribuuntur,
2702 3440 2755 3492 in
2806 3441 2953 3493 hunc
2989 3440 3165 3493 solum
3204 3440 3524 3495 Philotheus

266 3536 492 3605 scriptis
517 3533 680 3587 editis
713 3540 902 3587 contra
933 3531 1426 3604 catholicosnviros,
1455 3531 1600 3583 illius
1638 3545 1702 3583 ex
1740 3530 1841 3583 Pa-

269 3639 354 3682 tre
407 3625 526 3680 solo
584 3625 994 3692 processionem
1044 3621 1366 3684 defenderit,
1418 3630 1477 3674 ut
1506 3636 1569 3674 ex
1607 3621 1725 3689 ejus
1775 3620 1843 3673 ad

266 3717 436 3773 Vecci
463 3705 860 3786 inscriptione)
891 3713 1382 3770 confutationibus.
1406 3712 1605 3780 quibus
1629 3711 1845 3765 abunde

263 3807 536 3864 satisfecit
580 3792 835 3860 Bessario
872 3803 1188 3867 cardinalis,
1217 3812 1272 3856 et
1307 3803 1428 3856 aliis
1471 3802 1681 3856 duabus
1712 3802 1845 3854 Ora-

261 3900 535 3961 tionibus,
587 3911 724 3964 quas
765 3897 880 3963 ipse
923 3894 1365 3954 ’Ᾱποδεικτικοὺς
1411 3893 1595 3955 ὶόγουξ
1651 3902 1843 3945 contra

266 3992 495 4044 Latinos
527 3985 882 4050 nuncuparit.
915 3983 1141 4035 [.ondini
1168 3982 1352 4036 Grzece
1379 3981 1686 4048 publicatis,
1722 3995 1839 4032 rna-

264 4079 534 4136 nit'estum
561 4086 665 4141 est,
696 4077 839 4129 inter
866 4075 1017 4126 divos
1047 4072 1249 4134 retulit,
1280 4080 1334 4124 et
1362 4071 1481 4138 ejus
1513 4070 1834 4123 memoriam

260 4175 444 4226 otticio
472 4175 538 4225 de
569 4185 711 4223 novo
751 4170 1086 4236 cooscripto,
1121 4166 1268 4236 quod
1312 4167 1366 4220 in
1400 4165 1660 4220 Ecclesiis
1689 4166 1840 4228 cani,

260 4261 734 4333 quemadmodum
771 4271 823 4313 et
860 4261 910 4311 in
960 4260 1190 4311 aliorum
1225 4267 1536 4311 sanctorum
1589 4257 1844 4308 solemni-

259 4351 471 4404 tatibus
500 4349 695 4409 voluit,
723 4347 1037 4412 celebravit,
1066 4362 1186 4415 pag.
1214 4346 1282 4400 96
1305 4361 1357 4399 a.
1385 4361 1434 4399 c.
1461 4361 1535 4398 ιιι.
1563 4354 1612 4396 et
1636 4360 1713 4398 ss.
1734 4343 1850 4408 Pas

258 4446 422 4498 lania:
451 4456 582 4495 vero
639 4439 828 4492 laudes
876 4441 947 4492 ita
985 4428 1304 4507 prosecutus
1348 4445 1455 4496 est,
1491 4444 1547 4489 ut
1590 4437 1700 4503 jam
1734 4425 1842 4492 Na-

256 4537 561 4589 zianzenus
583 4570 597 4591 ,
659 4528 940 4598 Nyssnnus
964 4570 978 4594 ,
1050 4529 1279 4581 Basilius
1303 4569 1316 4591 ,
1378 4527 1803 4597 Cbrysostomus
1826 4567 1842 4589 ,

259 4622 622 4686 Athanasius,
666 4630 967 4688 ceteraque
1023 4620 1281 4674 Ecclesiae
1328 4619 1528 4674 Graeca:
1576 4620 1838 4684 culmina,

257 4715 469 4783 quibus
511 4728 634 4767 cum
682 4722 894 4766 tantum
945 4712 1120 4768 scelus
1155 4711 1469 4772 committit,
1516 4711 1649 4766 nihil
1703 4713 1814 4766 sint

260 4806 402 4859 nihil
441 4805 495 4858 in
540 4804 792 4860 Ecclesiae
820 4803 1111 4858 utilitatem
1141 4803 1371 4871 egerint.
1409 4803 1539 4869 Pag.
1566 4805 1711 4856 enim
1743 4803 1833 4856 96.

254 4908 312 4950 et
341 4896 487 4950 infra
515 4905 675 4950 vocat
706 4911 831 4950 eum
863 4894 1303 4963 Θαυματουργδ-λ,
1339 4894 1724 4948 miraculorum
1761 4893 1841 4947 ef-

256 4989 548 5049 fectorem,
597 4986 879 5054 Θεολογίας
912 4985 1225 5050 σάλπιγγα.
1273 4983 1579 5054 ΤΙιοοΙοείρε
1632 4985 1840 5049 tubam,

256 5079 573 5146 πυρίπνουν
625 5075 800 5142 στόμα
840 5076 942 5142 τῆς
989 5075 1213 5143 χάριτος
1268 5075 1444 5142 ignem
1497 5072 1714 5142 spirans
1780 5088 1842 5127 os

255 5172 476 5238 gratiae,
535 5166 849 5235 πνεύματος
895 5166 1123 5235 saxeam,
1160 5165 1384 5230 Spiritus
1412 5165 1844 5232 receptaculum,

255 5257 456 5311 στῦλον
481 5257 582 5324 τῆς
636 5255 965 5324 Ἑκκλησίας
1006 5255 1363 5323 ἀχράδαντον,
1393 5254 1704 5306 columnam
1741 5252 1842 5307 Ec-

249 5349 437 5405 clesiae
501 5348 921 5405 inconcussam.
983 5345 1270 5406 εὐσεϐείας
1329 5344 1678 5411 ὑπέρμαχον,
1747 5346 1840 5396 καὶ

248 5440 514 5500 ἀσεϐείας
539 5437 857 5501 ἀντίπαλον,
890 5437 1106 5505 pietatis
1136 5448 1620 5504 propugnatorem,
1648 5435 1842 5504 impie-

251 5532 384 5584 tatis
410 5536 872 5597 oppugnatorem,
913 5530 1149 5588 πίστεως
1198 5527 1534 5595 προστάτην,
1577 5527 1699 5580 ﬁdei
1743 5526 1837 5582 de-

249 5625 556 5679 fcttsm-cnt.
599 5620 776 5688 μέγαν
822 5620 1177 5688 καθηγεμόνα
1225 5619 1316 5670 καὶ
1350 5618 1691 5685 διδάσκαλον,
1727 5635 1839 5671 ma-

249 5730 424 5786 gnum
485 5715 678 5768 ducem
736 5723 791 5766 et
846 5714 1186 5782 magistrum,
1240 5714 1408 5780 ὶύραν
1461 5713 1831 5781 παναρμόνιον

254 5807 574 5874 πνεύματος
616 5807 842 5874 Spiritus
879 5807 1046 5876 lyram
1097 5806 1245 5858 omni
1301 5806 1710 5860 hartnoniarum
1745 5823 1837 5875 ge-

1822 4751 1836 4774 '
1875 4754 1919 4813 D

1951 3533 2052 3587 iste
2084 3531 2378 3601 congessit.
2405 3531 2470 3585 Et
2505 3545 2574 3584 ne
2621 3532 2897 3586 videretur
2927 3531 3093 3584 etiam
3142 3531 3278 3586 divae
3314 3533 3527 3602 Virgini

1951 3621 2196 3684 interior,
2230 3623 2491 3688 hymnum
2528 3621 2603 3674 illi
2653 3636 2868 3674 sacrum
2891 3662 2907 3684 ,
2952 3632 3005 3676 et
3039 3623 3254 3675 recitari
3302 3623 3523 3676 solitum

1948 3713 2004 3768 in
2047 3711 2224 3766 oﬂicio
2256 3711 2519 3765 Acathisti
2571 3712 2651 3765 sic
2681 3711 2842 3777 dicti,
2882 3711 3026 3778 quod
3057 3727 3330 3781 nunquam
3370 3713 3422 3764 in
3459 3727 3525 3766 eo

1948 3803 2222 3867 sedeatur,
2253 3803 2322 3856 ob
2349 3803 2704 3857 reverentiam
2739 3801 3001 3872 Deiparae,
3030 3803 3186 3872 cujus
3210 3804 3399 3858 laudes
3429 3820 3532 3873 pro

1950 3890 2231 3945 beneﬁciis
2279 3893 2516 3960 acceptis
2556 3894 2880 3948 recitantur.
2923 3908 3046 3962 pag.
3100 3893 3202 3947 l58
3235 3894 3288 3956 h,
3321 3910 3368 3946 c.
3405 3911 3442 3956 ι,
3483 3897 3521 3949 t.

1950 3980 2075 4033 inde
2105 3981 2373 4044 avulsum,
2415 3991 2470 4035 et
2505 3983 2694 4051 paucis
2727 3982 3054 4044 immutatis,
3086 3998 3182 4051 per
3215 3983 3522 4050 parodiam,

1950 4070 2004 4124 in
2049 4072 2194 4125 hunc
2227 4071 2526 4133 Palamam,
2578 4089 2682 4126 non
2737 4074 2856 4128 sine
2902 4074 3140 4127 maxima
3197 4074 3520 4127 temeritatis

1950 4173 2088 4219 nota
2131 4168 2451 4220 transvexit.
2491 4167 2758 4222 Prteterea
2799 4168 2854 4221 in
2900 4169 3019 4238 ejus
3047 4166 3370 4237 Synaxario,
3423 4170 3514 4221 ubi

1951 4256 2184 4310 Palamae
2213 4258 2378 4310 vitam
2413 4259 2800 4325 compendiose
2830 4259 3169 4326 exsequitur,
3207 4258 3348 4310 inter
3383 4260 3516 4321 alia,

1951 4348 2079 4400 dum
2123 4349 2240 4415 ejus
2275 4352 2328 4401 in
2380 4349 2680 4404 lmresibus
2721 4351 3121 4418 oppugnandis,
3174 4366 3237 4403 ac
3275 4350 3378 4403 fide
3431 4366 3525 4404 ca-

1947 4439 2149 4492 tholica
2194 4445 2537 4509 propaganda
2589 4442 2828 4495 studium
2879 4451 3100 4502 narrat,
3157 4442 3295 4495 nihil
3344 4444 3518 4505 aliud,

1948 4533 2050 4583 nisi
2111 4532 2254 4585 illius
2295 4535 2345 4584 in
2395 4532 2694 4586 Romanam
2740 4531 3042 4587 Ecclesiam
3104 4535 3414 4599 machinas,
3466 4536 3521 4589 in

1950 4623 2172 4678 Latinos
2206 4625 2349 4684 odia,
2379 4639 2478 4692 pro
2509 4625 2820 4679 assercndis
2848 4624 3158 4678 Grmcorum
3180 4629 3479 4687 erroribus
3507 4670 3521 4692 ,

1948 4729 2010 4767 ac
2043 4714 2149 4767 illis
2183 4714 2594 4773 confirmandis.
2632 4715 2942 4768 evertendis
2976 4715 3295 4768 Latinorum
3325 4717 3523 4767 verita-

1950 4803 2114 4864 tibus,
2150 4813 2202 4854 et
2244 4803 2517 4870 praecipue
2551 4801 2618 4855 de
2665 4804 3016 4871 processione
3059 4804 3294 4871 Spiritus
3348 4807 3523 4856 sant-ti

1948 4907 2014 4944 ex
2045 4891 2201 4945 Patre
2244 4901 2299 4945 et
2326 4880 2464 4946 Filio
2496 4908 2739 4961 operam,
2787 4895 2888 4947 etsi
2945 4897 3170 4949 subdole
3201 4898 3421 4948 nomina
3473 4907 3527 4949 et

1949 4983 2393 5036 circumstantias
2416 4991 2612 5048 taceat,
2637 4986 2891 5052 [imponit
2924 5001 3043 5055 pag.
3076 4985 3176 5050 98,
3211 5002 3304 5054 per
3337 4995 3525 5040 totam.

1951 5072 2182 5127 Palamae
2211 5085 2505 5143 praeterea,
2533 5092 2653 5144 qure
2687 5076 2805 5144 ipse
2837 5076 2890 5129 in
2942 5077 3160 5129 Latinos
3192 5077 3258 5130 de
3291 5076 3528 5144 Spiritus

1954 5167 2124 5219 sancti
2171 5167 2559 5234 processionne
2584 5166 2800 5230 etl’utiit,
2849 5168 2983 5220 alias
3015 5167 3373 5236 in'l‘hcologia
3417 5177 3529 5218 lt:t~«

1955 5270 2105 5309 reses
2156 5266 2211 5310 et
2255 5257 2509 5325 ineptias,
2559 5274 2763 5325 easque
2813 5259 3246 5326 quamplurimas
3294 5275 3357 5311 ex
3410 5275 3529 5320 ειυς

1954 5345 2173 5412 scriptis
2209 5346 2465 5400 collectas
2495 5347 2602 5400 latc
2634 5348 2986 5417 prosequitur
3021 5350 3198 5401 libello
3232 5348 3297 5400 de
3333 5349 3434 5400 hac
3470 5366 3523 5400 te

1951 5441 2094 5493 edito
2124 5440 2427 5494 Demetrius
2456 5440 2751 5511 Cydonins.
2799 5442 2979 5506 Quare
3013 5443 3097 5494 hic
3129 5442 3280 5510 plura
3319 5441 3525 5492 referta:

1949 5533 2297 5600 supersedeo.
2337 5533 2584 5587 Andreas
2613 5535 2773 5587 etiam
2821 5535 3164 5588 tiolossmsis
3209 5534 3433 5598 Dialogo
3470 5549 3521 5582 ιιι

1949 5624 2114 5678 Marci
2149 5623 2405 5694 Ephesiui
2439 5627 2747 5694 epistolam.
2793 5638 2985 5679 contra
3022 5628 3158 5679 ritus
3192 5626 3514 5678 Latinorum

1945 5719 2233 5772 nonnullas
2267 5718 2496 5786 hujusce.
2527 5719 2754 5773 l’alamm
2790 5723 2839 5772 in
2871 5736 3039 5772 unum
3069 5718 3285 5787 colli-git
3315 5732 3481 5784 prava
3498 5741 3519 5768 τ.

1953 5820 2002 5865 ct
2031 5825 2058 5863 a
2086 5810 2185 5864 title
2210 5809 2474 5863 catholica
2499 5811 2700 5864 alii-nas
2722 5820 3041 5875 sententias,
3070 5827 3206 5877 quas
3235 5810 3321 5865 hic
3355 5818 3528 5861 [ιουδ-
