4274 6452
700 424 803 485 $.67

1908 425 2002 484 DE
2048 417 2450 484 GREGORIO
2495 420 2797 481 PALAMA

3862 414 3971 478 863

707 541 945 609 μάλιστα
972 537 1026 591 δὲ
1064 537 1159 589 καὶ
1186 536 1361 597 καλῶς
1389 534 1526 598 οἰδα,
1566 534 1658 586 καὶ
1703 532 2045 604 τεοάρῤηκα,
2072 536 2164 587 καὶ
2190 548 2286 584 πε·
2314 530 2360 584 Α
2386 545 2395 581 t

2278 561 2286 572 -
2314 530 2360 584 Α
2386 535 2472 583 est
2490 527 2757 597 infragilis
2788 525 2993 582 Christi
3028 525 3241 590 Petrus,
3264 532 3319 580 et
3354 523 3749 593 discipulorum
3784 538 3919 592 apex
3952 544 3966 589 ;

704 633 999 693 πίστευκα,
1031 632 1145 690 ταῖς
1177 627 1268 679 τοῦ
1299 629 1551 696 Σωτῆρος
1586 626 1940 692 ἐπαγγελίαις
1983 625 2281 693 πιστούμε·

706 742 820 784 νος.
868 725 1061 789 ἸΙτιεῖς
1089 721 1147 771 δὲ
1174 719 1253 788 τῷ
1281 720 1603 787 κηρύγματι
1650 718 1759 769 τῶν
1795 719 2130 779 ἀποστόλων,
2189 718 2281 771 καὶ

706 820 816 877 τοῖς
852 818 1083 882 δόγμασι
1108 812 1217 865 τῶν
1275 812 1535 880 Πατέρων
1596 810 1876 878 ἑπόμενοι,
1914 814 2010 864 καὶ
2067 810 2284 863 πάντων

707 908 899 973 ἁγίων,
964 908 1023 957 οὐ
1080 902 1466 972 Οεολογοῦμεν,
1532 902 1644 955 ἀλλ’
1692 902 2162 965 ἀνασκευάζοντες
2214 900 2284 954 τὰ

706 1000 941 1068 βδελυρά
967 1000 1236 1065 εὔγματα,
1269 996 1619 1065 κηρύττομεν
1649 997 1743 1047 καὶ
1797 995 2032 1065 λέγομεν
2084 992 2279 1057 οὕτως·

707 1090 1150 1158 Ιιιστεύομενείς
1186 1087 1428 1155 Πατέρα,
1489 1086 1634 1147 Υἱὸν,
1682 1086 1775 1137 καὶ
1830 1084 1985 1147 ἅγιον
2035 1082 2282 1152 Πνεῦμα,

706 1183 854 1249 τρεῖς
895 1180 1180 1249 ἰδιότητας.
1219 1181 1347 1247 μίαν
1405 1178 1669 1245 Θεότητα,
1729 1178 1877 1247 τρεῖς
1935 1175 2282 1241 ὑποστάσεις,

711 1274 842 1340 μίαν
868 1273 1119 1341 θεότητα,
1155 1272 1281 1341 τρία
1327 1271 1617 1339 πρόσωπα.
1662 1269 1792 1339 μίαν
1849 1268 2098 1338 Θεότητα,
2158 1268 2286 1330 μίαν

706 1364 917 1426 οὐσίαν,
956 1367 1086 1431 μίαν
1117 1364 1279 1432 φύσιν
1307 1362 1503 1431 ἁπλῆν,
1562 1364 1707 1432 ῐσην,
1745 1361 2067 1432 ἀδιαίρετον,
2120 1360 2287 1428 ἀσύγ-

708 1470 893 1520 χυτον,
927 1453 1156 1515 ἑνιαίαν,
1188 1452 1395 1522 Τριάδα
1442 1453 1499 1504 ὲν
1551 1451 1763 1520 μονάδι,
1820 1450 1918 1502 καὶ
1980 1450 2183 1518 μονάδα
2226 1452 2286 1501 ἐν

710 1543 901 1610 Τριάδι
930 1542 1438 1612 προσκυνουμένην.
1468 1544 1565 1595 καὶ
1628 1542 1952 1612 σεϐομένην.
1999 1542 2287 1611 Ἀλλοτρίῳ

711 1638 765 1687 δὲ
793 1637 851 1686 οὐ
890 1636 963 1702 μὴ
990 1634 1458 1703 ἀκολουθήσομεν.
1496 1635 1630 1686 Οὐδὲ
1664 1635 1771 1703 γὰρ
1796 1635 2024 1704 οἴδαμεν
2053 1634 2149 1703 τὴν
2172 1652 2287 1701 φωρ

711 1729 807 1798 νὴν
857 1730 964 1780 τῶν
998 1730 1291 1795 ἀλλοτρίων
1322 1730 1641 1783 ἀκολουθεῖν
1675 1746 1688 1759 ο
1767 1730 1888 1783 οὐδὲ
1953 1731 2037 1782 σοὶ
2074 1730 2148 1798 τῷ
2195 1730 2287 1799 λῃ-

713 1816 955 1883 στρ.κῶς
989 1816 1289 1885 ἀλλαχόθεν
1323 1817 1692 1881 ἀναϐαίνοντι,
1725 1820 1819 1871 καὶ
1854 1818 2033 1888 μὴδιά
2059 1818 2159 1888 τῆς
2190 1820 2288 1872 Οὐ-

715 1925 817 1975 ρας
878 1910 956 1968 εἰς
1015 1907 1113 1975 τὴν
1179 1907 1346 1977 αὐλὴν
1400 1911 1763 1980 εἰσερχομένῳ
1823 1911 1934 1963 τῶν
1978 1911 2287 1981 προϐάτων.

712 1999 869 2051 Οὕτω
893 1998 949 2049 δὲ
986 1999 1445 2067 προσκυνοῦντες,
1477 1999 1620 2055 οὓτω
1664 2001 2002 2067 δοξάζοντες,
2033 2006 2129 2057 καὶ
2149 2005 2294 2057 οὕτω

716 2091 1000 2160 σεϐόμενοι
1031 2093 1128 2160 τὴν
1164 2093 1292 2161 μίαν
1318 2094 1375 2144 ὲν
1432 2094 1582 2162 τρισλ⁸
1646 2095 1967 2164 προσώποις
2025 2095 2288 2167 Θεότητα,

714 2184 810 2235 καὶ
833 2186 932 2247 τὰς
960 2185 1293 2252 ἐπαγγελίας
1331 2192 1531 2247 πιστὰς
1573 2188 1792 2257 ἔχομεν,
1827 2188 2056 2256 ὄψεσθαι
2087 2188 2292 2258 ταύτην

712 2275 1044 2345 τελεώτερον
1074 2294 1130 2329 τε
1167 2278 1261 2329 καὶ
1290 2278 1701 2349 καθαρώτερον,
1733 2280 1831 2332 οὐκ
1866 2283 1923 2332 ἐν
1975 2280 2291 2350 αἰνίγμασι,

713 2369 1005 2436 πρόσωπον
1032 2369 1088 2422 δὲ
1126 2370 1259 2439 πρδς
1292 2371 1583 2440 πρόσωπον
1608 2374 1665 2425 ὲν
1702 2374 1889 2444 ἐκείνῃ
1941 2376 2005 2443 τῇ
2042 2374 2296 2445 ἀθανάτῳ

716 2462 985 2533 βασιλείᾳ,
1054 2465 1143 2515 καὶ
1182 2463 1479 2516 ἀπολαύσει
1528 2464 1637 2517 τῶν
1722 2466 1968 2529 δικαίων,
2015 2462 2080 2537 ἦς
2119 2468 2295 2537 ὅψεως

718 2555 934 2618 γένοιτο
967 2554 1175 2615 πάντας
1209 2556 1353 2622 ἡμᾶς
1412 2557 1710 2624 ἐπιτυχεῖν,
1767 2558 1862 2611 καὶ
1924 2559 1983 2610 σὲ
2023 2562 2293 2631 μετανοή-

722 2664 917 2709 σαντα,
954 2647 1140 2716 χάριτι
1168 2649 1264 2700 καὶ
1298 2650 1629 2718 οἰκτιρμοῖς,
1654 2652 1750 2703 καὶ
1791 2652 2171 2725 φιλανθρωπίᾳ
2205 2655 2296 2708 τοῦ

715 2740 916 2805 Κυρίου
946 2739 1103 2807 ἡμῶν
1144 2739 1321 2807 Ἰησοῦ
1352 2738 1616 2806 Χριστοῦ,
1646 2760 1690 2810 ῳ
1731 2744 1931 2812 πρέπει
1966 2746 2115 2798 πᾶσα
2144 2745 2293 2810 δόξα,

712 2831 870 2899 τιμὴ,
894 2830 990 2881 καὶ
1020 2829 1406 2899 προσκύνησις,
1451 2831 1549 2882 σῦν
1570 2831 1649 2900 τῷ
1676 2832 1898 2901 ἀνάρχῳ
1936 2834 2099 2886 αὑτοῦ
2125 2837 2298 2903 [lupi

713 2923 793 2991 τῷ
828 2924 973 2992 μόνῳ
1017 2923 1199 2991 αἰτίῳ,
1230 2923 1324 2975 καὶ
1367 2920 1446 2992 τῷ
1505 2922 1780 2992 παναγίῳ,
1816 2924 1912 2975 καὶ
1964 2924 2175 2993 ἀγαθῷ,
2206 2927 2300 2978 καὶ

714 3017 963 3086 ζωογονῷ
981 3016 1142 3069 αὐτοῦ
1163 3014 1524 3083 ιινεύματι,τῇ
1543 3014 2040 3085 μιᾷμαὶάδπιρέτῳ
2055 3017 2298 3086 Θεότητι,

714 3108 810 3160 νῦν
824 3109 919 3160 καὶ
933 3108 1041 3170 ἀεὶ,
1061 3108 1248 3168 καὶείς
1283 3107 1407 3168 τοὺς
1447 3104 1649 3169 αἰῶνας
1699 3106 1805 3157 τῶν
1833 3107 2065 3161 αἰώνων.
2101 3109 2295 3178 Ἀμήν.

722 3216 742 3248 ι
776 3196 1103 3266 Disceptatio
1131 3196 1411 3265 cujusdam
1446 3195 1545 3249 viri
1579 3196 1799 3258 eruditi,
1832 3208 1886 3249 ct
1921 3198 2226 3268 philosophi
2270 3215 2299 3252 e
2326 3214 2371 3275 ς

716 3290 891 3342 sacris
916 3288 1131 3341 litteris.
1164 3286 1361 3342 Vidisti
1401 3303 1593 3356 pugna:
1622 3303 1691 3355 ac
1714 3290 2076 3342 certaminum
2112 3305 2295 3346 remu-

719 3381 1077 3433 iterationem.
1118 3378 1310 3433 Vidisti
1360 3395 1483 3448 qua:
1534 3380 1620 3434 hic
1655 3379 1809 3439 factae
1858 3394 1986 3436 sunt
2039 3397 2103 3436 ex
2138 3383 2294 3436 beata

718 3470 938 3537 Triade,
983 3487 1087 3525 non
1136 3487 1200 3525 ex
1249 3472 1565 3541 operatione
1616 3471 2139 3529 demonstrationes.
2199 3474 2298 3531 llic

717 3575 802 3619 est
847 3581 1043 3620 sensus
1087 3564 1368 3627 Ecclesiae,
1414 3564 1528 3619 haec
1576 3574 1721 3620 recte
1748 3567 2103 3621 sentientium
2139 3567 2295 3635 ﬁdes,

723 3657 1106 3725 Aposmiorum
1160 3658 1510 3726 prmdieatiof,
1556 3657 1778 3712 Patrum
1823 3659 2105 3729 dogmata,
2152 3676 2298 3713 mar-

725 3760 902 3816 tyrum
945 3748 1151 3810 cades,
1200 3747 1575 3803 confesSurum
1634 3748 1903 3812 facinora,
1950 3752 2295 3805 sacerdotum

724 3841 911 3901 decor,
946 3850 1335 3907 prmCeptorum
1368 3841 1433 3893 de
1478 3840 1586 3892 Deo
1640 3841 1895 3893 scicntia.
1928 3841 2134 3896 Cecidit
2178 3852 2300 3896 tuo-

727 3948 847 3985 rum
881 3933 1193 3998 dogmatnm
1222 3931 1462 3993 culmen,
1490 3931 1688 3985 domus
1720 3932 1934 3995 collisa,
1974 3929 2298 3987 fundamen-

726 4039 838 4077 tum
878 4038 1151 4085 eversum,
1208 4036 1365 4090 sepes
1394 4031 1609 4082 exusta,
1645 4022 1811 4076 veluti
1839 4023 2004 4090 cinis,
2044 4031 2097 4077 et
2124 4026 2299 4093 pulvis

724 4126 755 4162 a
783 4110 998 4162 turbine
1031 4118 1120 4161 tua
1170 4106 1511 4178 subterfugia
1545 4108 1833 4179 dissipata,
1882 4110 2022 4163 muri
2058 4110 2296 4179 disjecti,

727 4201 1128 4268 propugnacula
1164 4199 1390 4260 abolita,
1448 4199 1802 4270 l‘uuditusque
1849 4202 2112 4257 convulsa
2146 4213 2298 4257 sunt.

724 4292 865 4355 Quid
915 4302 970 4344 tu
1015 4291 1330 4345 interimis?
1380 4306 1508 4345 num
1541 4292 1722 4346 verbis
1771 4293 1941 4358 hisce,
2007 4304 2063 4347 et
2101 4294 2300 4349 divinae

727 4383 1023 4452 Scriptum
1061 4385 1387 4439 testimoniis
1432 4383 1726 4440 suaderis?
1756 4386 1802 4440 si
1836 4386 2155 4450 suademus,
2192 4387 2299 4441 Deo

727 4476 915 4540 gratia:
962 4473 1223 4528 habenda:
1279 4484 1431 4539 sunt,
1484 4475 1576 4541 qui
1627 4474 1947 4543 desperatos
1996 4476 2065 4530 ab
2111 4492 2297 4531 errore

2386 620 2476 673 sed
2509 633 2616 672 non
2659 617 3015 673 obliviscetur
3063 618 3116 671 in
3164 618 3323 671 linem
3373 616 3649 686 pauperis,
3701 630 3973 685 pauperes

2384 712 2528 767 enim
2556 711 2683 766 facti
2708 726 2923 775 sumus,
2943 720 2998 765 et
3019 710 3219 765 divinae
3246 712 3453 780 gratim,
3478 710 3522 763 si
3547 724 3780 777 usquam
3808 710 3969 769 alias,

2384 814 2603 874 propter
2624 813 2807 858 nostra
2834 813 3076 873 peccata,
3103 803 3292 872 indigi.
3318 803 3459 858 Audi
3489 805 3671 872 itaque
3698 818 3714 856 :
3746 802 3793 855 Ι.
3824 802 3969 856 Cum

2387 896 2531 950 dicis
2564 894 2801 951 Deilates
2843 897 3054 950 iulinite
3084 897 3344 952 inliuitas.
3376 912 3501 950 cum
3534 896 3829 961 gentilibus
3852 910 3974 948 um-

2387 987 2547 1040 nibus
2580 988 2941 1042 consociaris.
2998 987 3055 1040 2.
3091 988 3225 1041 Cum
3253 989 3411 1048 dicis,
3447 987 3584 1042 duas
3619 987 3853 1041 Deitates
3883 990 3972 1041 vi-

2386 1078 2599 1133 sibilem
2629 1090 2683 1133 et
2713 1079 3066 1146 invisibilem,
3097 1080 3641 1147 comprehensibilem
3670 1090 3722 1134 et
3754 1080 3969 1135 incom-

2390 1170 2812 1240 prehensihilem
2842 1171 3031 1235 Deum,
3060 1173 3113 1225 in
3139 1172 3327 1226 eadem
3354 1188 3477 1225 cum
3500 1170 3725 1225 Platone
3750 1184 3974 1227 senten-

2390 1266 2459 1316 tia
2486 1277 2568 1328 es,
2592 1264 2683 1331 qui
2708 1265 2900 1325 asserit
2921 1264 3060 1319 dnos
3080 1265 3235 1331 deos,
3274 1264 3496 1318 fandqu
3540 1264 3972 1334 uelandumque,

2388 1355 2656 1408 visibilem
2681 1364 2736 1409 et
2774 1355 3121 1409 invisibile-tt.
3146 1358 3199 1411 3.
3228 1357 3361 1410 Cum
3386 1357 3525 1412 dicis
3544 1359 3681 1411 du-ts
3707 1359 3972 1417 Deitatcs.

2388 1445 2899 1501 eommnnicabilem
2920 1488 2933 1511 ,
2964 1456 3017 1501 et
3050 1448 3622 1502 incommunicabilem
3647 1492 3661 1514 ,
3689 1449 3745 1502 in
3776 1451 3972 1503 eadem

2388 1553 2513 1591 eum
2546 1537 2860 1594 Manicha-is
2893 1541 3151 1608 Opinione
3174 1555 3257 1605 es,
3293 1541 3388 1610 qui
3419 1542 3556 1595 dnas
3586 1540 3845 1609 Deitates,
3878 1542 3977 1595 bo-

2390 1642 2516 1681 nam
2557 1640 2610 1684 et
2658 1631 2855 1685 malam
2907 1631 3220 1686 adstruunt.
3275 1632 3330 1685 4.
3380 1633 3516 1686 Cum
3567 1632 3618 1685 in
3680 1632 3977 1689 Dirinitate

2391 1731 2626 1789 quatuor
2655 1735 2849 1790 ponas,
2877 1720 3119 1783 Patrem,
3154 1721 3372 1785 Filium,
3397 1724 3685 1793 Spiritum,
3707 1736 3757 1779 et
3776 1741 3980 1795 opera-

2395 1812 2621 1875 tionem,
2665 1828 2788 1866 cum
2836 1812 3139 1884 Pythagora
3173 1816 3364 1877 sentis,
3393 1816 3485 1884 qui
3523 1829 3759 1883 quatuor
3798 1816 3973 1872 Deum

2392 1919 2513 1959 esse
2545 1915 2845 1968 asseverat,
2870 1907 3239 1976 enuuciatque
3264 1909 3681 1977 quaternionem
3708 1912 3970 1977 perennis

2393 2006 2599 2051 natura:
2630 1999 2857 2053 fontem.
2889 2000 2942 2054 5.
2974 1998 3110 2053 Ctun
3143 2001 3225 2054 ais
3254 2000 3531 2054 hominem
3566 2002 3893 2067 increatum,
3922 2014 3978 2059 et

2393 2089 2511 2143 sine
2556 2090 2824 2159 principio
2859 2100 2912 2143 et
2943 2090 3068 2154 ftne,
3099 2091 3447 2147 Aristotelem
3480 2107 3591 2161 pra:
3621 2104 3672 2147 te
3706 2093 3841 2163 fers,
3881 2097 3979 2164 qui

2395 2179 2659 2232 mundum
2685 2181 2873 2234 statuit
2896 2180 3011 2234 sine
3035 2181 3305 2251 principio
3322 2192 3375 2237 et
3414 2182 3540 2238 line.
3566 2182 3619 2237 6.
3647 2182 3781 2237 Dum
3808 2201 3976 2239 unam

2400 2270 2659 2324 Deitatem
2698 2272 2749 2324 iu
2788 2274 3123 2341 superiorem
3156 2283 3210 2328 et
3240 2273 3559 2331 inferiorem
3592 2277 3814 2341 dividis,
3848 2294 3974 2333 eum

2406 2360 2683 2415 inseusato
2713 2364 2843 2416 Ario
2876 2363 3136 2428 aliirmas,
3167 2379 3394 2435 compar
3420 2366 3751 2437 principium
3789 2371 3976 2433 unius,

2399 2455 2735 2523 :equalisqne
2787 2455 3027 2521 Deitatis,
3074 2457 3127 2509 in
3180 2459 3432 2526 superius
3480 2459 3819 2530 inferiusque
3861 2462 3981 2515 dis-

2399 2547 2598 2614 cerpis.
2628 2547 2679 2603 7.
2710 2547 2845 2601 Cum
2872 2563 3061 2604 omnes
3089 2550 3330 2619 Spiritus
3359 2553 3733 2621 operationes,
3766 2553 3821 2608 in
3846 2569 3983 2625 ope-

2400 2636 2667 2691 rationem
2708 2637 3040 2704 inferiorem,
3089 2658 3282 2712 nempe
3328 2641 3593 2699 Deitatem
3641 2646 3874 2715 accipis,
3926 2658 3983 2702 et

2404 2728 2667 2798 Spiritum
2711 2732 3053 2799 operatione,
3106 2748 3259 2803 mque
3302 2750 3366 2789 ac
3412 2728 3718 2791 creatura'm
3770 2738 3983 2807 privas,

2407 2836 2512 2874 non
2563 2822 2830 2877 absimilis
2877 2839 2934 2877 es
2989 2824 3226 2893 Spiritus
3270 2828 3412 2882 hosti
3468 2828 3784 2883 Macedonio
3831 2830 3986 2884 aiiir-

2405 2914 2598 2978 manti,
2626 2916 3038 2971 sanctissimum
3075 2918 3338 2987 Spiritum
3369 2920 3488 2975 sine
3512 2923 3833 2989 operatione
3859 2938 3987 2978 esse

2405 3018 2623 3057 servum
2660 3005 2906 3074 ejusdem
2965 3024 3086 3061 ctttn
3147 3008 3308 3063 Patre
3363 3020 3419 3065 et
3480 3010 3620 3065 Filio
3681 3014 3986 3069 facultatis.

2408 3094 2463 3149 8.
2505 3095 2640 3148 Cum
2670 3096 2957 3152 dissimilia
2991 3100 3045 3152 in
3080 3100 3337 3169 simplici,
3374 3118 3501 3165 una,
3527 3117 3591 3157 ac
3625 3106 3738 3157 sola
3772 3107 3989 3160 Deitate

2404 3187 2709 3242 introducis
2734 3227 2751 3252 ,
2788 3188 3003 3245 visibile
3046 3202 3098 3244 et
3142 3193 3447 3257 invisibile,
3480 3198 3987 3262 comprehensibile

2400 3288 2456 3334 et
2488 3280 3059 3349 incomprehensibile,
3096 3285 3551 3341 communieabile
3583 3298 3639 3341 et
3671 3289 3961 3346 incommu

2402 3370 2654 3436 nicabilc,
2706 3372 2879 3442 magis
2928 3384 2984 3428 et
3032 3374 3237 3437 minus,
3287 3380 3490 3433 asseris
3538 3395 3661 3433 cum
3707 3380 3986 3438 Eunomio

2402 3478 2570 3516 unum
2607 3460 2824 3519 Triadis
2869 3463 3150 3521 Christum
3203 3459 3494 3524 Dominum
3544 3470 3693 3527 Patri
3738 3474 3988 3545 inaequa-

2405 3554 2529 3607 lem.
2558 3554 2611 3608 9.
2645 3555 2781 3609 Cum
2814 3558 3120 3624 contrahis,
3160 3568 3215 3613 et
3247 3560 3503 3617 decurtas
3560 3563 3613 3617 iu
3651 3579 3817 3618 unam
3869 3574 3989 3620 tres

2403 3643 2714 3702 Divinitatis
2736 3664 3019 3717 personas,
3049 3651 3116 3705 ab
3140 3651 3329 3720 eisque
3354 3657 3557 3708 asseris
3580 3657 3985 3724 operationem,

2403 3752 2507 3790 non
2538 3739 2749 3795 alienus
2785 3756 2843 3795 es
2877 3756 2907 3795 a
2953 3742 3188 3798 Sabellio
3218 3746 3311 3814 qui
3360 3756 3470 3800 tres
3498 3746 3699 3812 Patris,
3737 3747 3893 3815 Filii,
3932 3764 3989 3806 et

2402 3827 2640 3896 Spiritus
2673 3834 2845 3887 sancti
2898 3849 3183 3902 personas,
3222 3836 3274 3889 in
3311 3852 3472 3890 uuam
3511 3839 3672 3906 impie
3712 3851 3985 3895 coarctat.

2401 3922 2487 3976 10.
2519 3924 2656 3978 Cum
2688 3925 2950 3994 majorem
2990 3930 3365 3997 mitioremque
3417 3930 3707 3995 Dcitatem,
3747 3936 3985 4001 primani

2400 4028 2465 4068 ac
2488 4015 2784 4070 secundam
2819 4018 3113 4085 proﬁteris,
3146 4034 3270 4073 cum
3302 4021 3641 4088 Apollinario
3660 4038 3739 4087 es,
3775 4025 3869 4093 qui
3902 4026 3991 4078 in-

2401 4104 2710 4169 conlusam,
2745 4116 2908 4176 atque
2939 4109 3407 4178 ineorruptibilem
3452 4121 3727 4177 naturam,
3768 4116 3820 4167 in
3868 4118 3985 4183 pri-

2404 4210 2572 4257 mam,
2603 4206 2658 4249 ct
2687 4200 3011 4264 Secundam,
3032 4208 3085 4252 et
3110 4201 3323 4255 tertiam
3352 4217 3666 4271 personam,
3691 4207 3981 4275 majorem,

2403 4289 2696 4352 minorem,
2729 4301 2782 4343 et
2826 4291 3006 4345 adhuc
3043 4293 3309 4347 mitterem
3356 4296 3675 4353 subdividit.
3714 4298 3799 4351 ll.
3842 4302 3984 4354 Cum

2404 4377 2569 4431 Deum
2601 4394 2665 4433 ex
2699 4382 2993 4435 contrariis
3023 4383 3353 4451 quibusdam
3389 4385 3701 4441 visibilibus
3743 4397 3797 4441 ct
3838 4389 3985 4444 inti-

2408 4470 2686 4533 sitilibus,
2714 4473 3300 4539 comprehensibilihus
3321 4484 3375 4529 et
3406 4476 3989 4545 incomprehensibilio

726 4565 1015 4628 convertit,
1057 4574 1112 4618 ct
1162 4582 1269 4618 nnu
1300 4565 1411 4618 vult
1458 4575 1686 4619 mortem
1735 4566 2057 4634 peccatoris,
2106 4568 2199 4623 sed
2243 4578 2299 4622 ut
2330 4559 2377 4618 D
2406 4562 2527 4621 bus,
2562 4577 2763 4615 cummi
2788 4563 3114 4618 n.canihbus
3138 4573 3194 4619 et.
3224 4566 3865 4631 incommuuicabilibus,
3891 4587 3989 4624 su-

727 4665 1097 4716 convertatur,
1132 4662 1187 4707 et
1227 4654 1407 4707 vivat:
1444 4658 1486 4709 si
1532 4669 1638 4707 non
1689 4656 1963 4718 suaderis,
2017 4668 2165 4710 tuum
2196 4658 2301 4711 erit

726 4744 909 4795 animo
940 4743 1182 4805 volvere,
1240 4744 1293 4795 iu
1336 4754 1490 4812 quot,
1522 4756 1576 4796 et
1625 4755 1858 4811 quantas
1893 4746 2124 4799 haereses
2166 4746 2297 4798 inei-

724 4839 844 4889 das.
870 4835 964 4902 qni
992 4833 1285 4888 animabus
1314 4845 1367 4887 et
1399 4834 1490 4887 Dei
1525 4833 1780 4887 Ecclesia:
1826 4850 2059 4901 praeesse
2090 4835 2302 4890 institu-

728 4941 815 4980 lus
862 4942 958 4990 es,
998 4926 1246 4995 jndiciis,
1294 4941 1415 4994 qum
1479 4926 1767 4981 imll'abilis
1817 4926 1905 4980 ille
1940 4928 2125 4991 novit,
2178 4927 2302 4982 licet

728 5027 945 5084 propter
991 5002 1136 5071 illius
1185 5018 1406 5071 nimiam
1444 5019 1815 5081 tolerantiam,
1864 5018 2134 5084 Ecclesia,
2183 5020 2303 5073 ani-

726 5123 938 5176 maeque
964 5109 1060 5161 tibi
1092 5110 1422 5163 concredita:
1450 5125 1554 5161 non
1586 5110 1717 5162 sint.
1749 5109 1950 5164 Omnes
1980 5111 2161 5177 itaque
2192 5111 2301 5164 Ine-

728 5214 996 5255 reses'ucr
1027 5208 1247 5254 sanctos
1278 5199 1464 5253 Patres
1494 5201 1656 5253 morti
1685 5200 1915 5263 traditas,
1950 5201 2297 5269 abulitmque,

728 5292 871 5345 sicea
911 5306 1038 5345 ossa
1086 5291 1307 5344 redditae
1344 5300 1494 5355 sunt,
1538 5291 1747 5360 absque
1781 5293 2061 5355 carnibus,
2096 5295 2301 5358 nervis,

730 5383 1045 5451 reliquaque
1088 5398 1370 5451 compage,
1409 5396 1536 5436 ecce
1572 5393 1624 5435 tu
1670 5382 1786 5451 ipse
1816 5385 2172 5452 regeneratis,
2215 5385 2299 5437 in-

728 5476 1093 5544 stauratisque
1160 5476 1344 5529 stultis
1402 5474 1511 5527 tuis
1565 5474 1935 5544 dogmatibus,
1994 5477 2294 5545 spiritum,

728 5583 985 5631 carnem,
1037 5577 1201 5636 atque
1249 5567 1626 5635 compaginem
1684 5566 2038 5635 impertiens,
2089 5568 2299 5633 virtus,

731 5670 1065 5724 animatum,
1117 5669 1169 5714 et
1227 5674 1285 5713 se
1335 5673 1561 5713 movens
1613 5674 1816 5729 corpus
1865 5659 2092 5714 eﬂ‘eeisti
2134 5678 2148 5715 :
2206 5676 2304 5729 pro

732 5756 913 5806 anima
976 5753 1200 5805 deorum
1253 5751 1657 5805 multitudinem
1718 5752 1965 5817 habens,
2017 5761 2069 5805 et
2126 5753 2301 5821 ignem

732 5848 989 5899 adwisus
1017 5842 1108 5898 Dei
1134 5842 1427 5898 licclesiatn
1450 5844 1687 5912 spirans,
1711 5844 1868 5913 cujus
1887 5842 2301 5900 fundamentum

2403 4654 2707 4721 periorihus
2757 4664 2811 4707 et
2850 4655 3204 4711 inferioribus
3264 4660 3574 4728 componis.
3632 4676 3757 4714 eum
3812 4660 3987 4715 Paulo

2405 4745 2765 4797 Samosateno
2812 4748 3106 4808 ceuvenis,
3154 4748 3320 4802 Deum
3368 4751 3734 4819 compositqu
3798 4762 3988 4805 astru-

2406 4845 2551 4885 cute.
2590 4834 2677 4886 1⁸2.
2714 4834 2848 4887 Cum
2884 4837 2965 4889 ais
2999 4836 3091 4888 Dei
3127 4836 3425 4891 Ecclesiam
3462 4839 3513 4892 in
3555 4837 3760 4893 Christi
3793 4841 3987 4896 lucar-

2407 4924 2627 4979 natiune
2675 4928 2971 4995 perfectam
3012 4945 3192 4983 rerum
3241 4932 3669 4999 theoIOgiearum
3713 4936 3989 5003 cognitio—

2409 5031 2528 5068 nem
2563 5032 2668 5068 non
2713 5018 2990 5083 habuisse,
3016 5020 3110 5073 sed
3152 5037 3294 5075 nunc
3319 5024 3661 5091 postmodum
3686 5035 3778 5079 tua
3802 5038 3989 5089 aetate,

2407 5122 2531 5160 eum
2567 5106 2776 5162 Maneto
2807 5114 3137 5176 concordas,
3170 5113 3412 5180 seipsum
3440 5113 3779 5168 Paracletum
3835 5132 3988 5173 asse.-

2408 5208 2602 5263 rente;
2634 5201 2836 5253 etenim
2884 5202 2928 5254 si
2965 5200 3187 5255 Christo
3223 5204 3508 5257 incarnato
3552 5222 3647 5274 per
3686 5222 3816 5260 cum
3872 5224 3993 5277 per-

2407 5286 2546 5342 fecte
2584 5289 2882 5358 theologica
2927 5306 3033 5345 non
3075 5308 3269 5347 sumus
3312 5295 3572 5358 assecuti,
3620 5298 3716 5351 sed
3753 5308 3849 5352 tuo
3885 5301 3991 5357 huc

2406 5394 2544 5443 mvo,
2586 5380 2938 5435 manifestum
2983 5393 3209 5452 apparet
3240 5400 3408 5438 uuutu
3444 5384 3730 5444 Trinitatis
3761 5404 3816 5445 te
3843 5410 3989 5459 esse,

2405 5471 2743 5527 Paracletum
2767 5475 3069 5538 scilicet,et
3089 5490 3211 5545 qua:
3231 5476 3452 5531 deerant
3476 5477 3614 5532 Filio
3633 5480 3991 5552 adimplesse.

2409 5565 2495 5619 15.
2517 5565 2653 5619 Cum
2680 5566 2952 5620 hominem
2982 5567 3282 5622 increatum
3308 5584 3430 5624 esse
3453 5573 3765 5635 contendis,
3796 5579 3991 5630 radem

2406 5672 2524 5726 qua}
2553 5666 2603 5712 et
2640 5655 3008 5712 MonOthelitae
3048 5660 3230 5714 dicis:
3282 5653 3553 5730 siquidem
3585 5664 3631 5717 si
3682 5665 3851 5719 homo
3907 5673 3959 5719 in

2408 5761 2627 5802 creatus
2660 5761 2767 5815 est,
2798 5760 2851 5803 et
2875 5765 3005 5804 caro
3035 5751 3250 5805 Domini
3293 5754 3562 5818 inereata,
3596 5768 3649 5810 et
3681 5762 3993 5813 secundum

2411 5850 2706 5911 utrumque
2750 5843 3050 5908 inereatus,
3102 5854 3155 5899 et
3209 5845 3421 5915 eadem,
3479 5860 3532 5904 et
3571 5864 3675 5905 una
3715 5853 3996 5907 voluntas.
