4274 6452
219 471 330 539 869

1381 477 1423 538 G
1441 474 1822 536 R.~ECORUM
1856 473 2235 533 SENTENTI
2251 473 2331 532 Ε.

3373 472 3478 538 870
3537 503 3540 507 λ

220 592 306 643 14.
343 591 396 642 In
429 603 496 640 eo
526 603 655 641 sane.
684 589 1037 643 concorditer
1065 590 1321 657 congruis
1348 604 1468 642 cum
1505 589 1799 657 Monopliy-
1831 593 1875 646 Α
1908 597 1957 640 ta
1992 591 2325 647 rel'ellentes,
2385 587 2525 640 hunc
2559 588 2610 639 in
2638 587 2858 640 modum
2883 585 3257 654 prmdicamus.
3285 585 3378 637 sed
3425 595 3479 637 et

219 684 378 743 sitis;
417 696 540 733 nam
592 681 635 733 si
687 681 848 732 homo
884 682 1180 744 increatus,
1215 691 1266 733 et
1318 681 1579 734 Dominus
1626 681 1790 732 veluti

223 773 387 822 homo
447 770 759 831 inrrcatus,
831 779 883 822 et
949 769 1092 822 Deus
1159 771 1432 823 inereatns
1497 772 1795 823 secundum

222 871 518 927 utrumque
571 862 734 914 unius
797 871 1005 914 naturae
1040 862 1311 914 incrcatte.
1355 861 1442 914 15.
1475 860 1530 913 In
1587 862 1688 915 ltoc
1733 861 1797 913 ad

221 952 550 1006 sententiam
591 949 1116 1016 Tlteoraseltitarutn
1149 951 1403 1014 act-edis;
1453 967 1575 1004 nam
1629 955 1671 1004 si
1719 952 1799 1004 in-

222 1053 446 1098 crealus
476 1044 746 1096 Dominus
779 1053 838 1096 ιιι
873 1045 1052 1105 homo,
1084 1055 1134 1097 ct
1177 1059 1281 1096 una
1315 1053 1506 1096 natura
1535 1044 1587 1096 in
1620 1059 1685 1097 eo
1717 1044 1799 1095 in-

223 1142 430 1197 crcata,
475 1137 589 1202 ipsa
645 1145 838 1187 natura
875 1135 1114 1188 inet-eota
1159 1135 1211 1187 iu
1268 1150 1429 1187 cruce
1481 1149 1639 1200 passa
1697 1145 1800 1188 est.

227 1225 316 1279 16.
355 1224 424 1278 Es
461 1235 514 1277 et
537 1226 589 1277 in
614 1225 1226 1294 AplitltartudOcitarnni
1258 1226 1446 1280 lneresi
1477 1241 1493 1290 ;
1521 1226 1724 1277 ctenim
1756 1226 1802 1278 si

221 1318 415 1372 eadem
450 1328 667 1379 natura,
701 1326 756 1370 et
807 1333 911 1370 una
950 1317 1004 1368 in
1045 1317 1269 1368 Domino
1320 1318 1584 1377 inci-cata,
1622 1325 1676 1368 et
1721 1315 1806 1367 in-

226 1413 604 1481 corruptibilis
635 1413 688 1465 in
721 1413 975 1480 passione
1015 1419 1068 1464 ct
1096 1426 1278 1464 cruce.
1315 1411 1404 1464 l7.
1436 1409 1619 1480 Neque
1647 1410 1698 1462 in
1745 1424 1809 1462 eo

225 1507 420 1560 dil‘l'ers
465 1506 534 1557 ab
581 1502 972 1568 lconoelastis;
1030 1520 1154 1557 nam
1191 1505 1235 1557 si
1284 1503 1558 1558 increatus
1595 1513 1677 1557 est
1708 1503 1809 1554 Do-

228 1598 439 1658 minus,
477 1605 537 1650 ut
567 1597 752 1661 homo,
777 1605 830 1650 et
857 1597 1386 1663 incircumscriptus,
1417 1604 1810 1665 proptereaque

237 1703 337 1756 per
377 1697 428 1740 te
466 1703 644 1756 neque
690 1687 926 1756 imagine
972 1686 1358 1754 exprimendus
1384 1696 1487 1747 est,
1519 1687 1620 1739 ltoc
1654 1702 1812 1739 venr-

231 1780 528 1833 randarum
584 1779 886 1848 imaginum
944 1779 1149 1832 cultum
1207 1779 1467 1833 tlcstt-uis.
1516 1779 1604 1832 18.
1658 1779 1812 1832 Facis

229 1887 357 1926 Cum
413 1872 757 1927 Massalianis
807 1873 859 1925 in
893 1874 1090 1941 seipsis
1125 1873 1439 1926 universam
1489 1871 1580 1927 Dei
1629 1887 1814 1938 essen-

230 1965 365 2016 tiam
396 1964 598 2017 habere
622 1963 1027 2017 clamitantibus
1053 1981 1067 2029 ;
1101 1964 1322 2026 etenim,
1355 1965 1398 2017 si
1436 1964 1709 2018 increatus
1733 1974 1814 2017 est
1843 1942 1888 2000 Β
1917 1967 2010 2022 illo
2040 1963 2332 2019 immortali
2371 1976 2558 2030 regno,
2592 1960 2938 2028 etjustorum
2975 1959 3230 2011 l'ruitione

233 2055 404 2108 homo
431 2066 482 2107 et
513 2069 859 2123 qnmcunque
911 2056 1146 2108 divinam
1181 2066 1429 2108 naturam
1469 2070 1812 2123 consequun-

233 2157 348 2210 tur,
387 2148 571 2199 omnia
610 2162 703 2214 per
744 2147 976 2212 gratiam
1031 2148 1270 2201 increato
1307 2148 1602 2208 accedunt,
1654 2149 1713 2199 lit
1761 2155 1814 2200 et

232 2255 332 2308 per
364 2249 415 2293 te
448 2241 686 2293 essentia
723 2240 838 2292 Dei.
873 2240 955 2295 l9.
995 2240 1128 2294 Cum
1173 2242 1223 2293 in
1263 2241 1471 2295 Deitate
1506 2241 1644 2295 duas
1691 2255 1816 2294 can-

231 2346 349 2394 sas,
391 2340 444 2384 et
477 2331 587 2383 duo
614 2332 876 2400 principia
907 2331 1185 2396 adstruas,
1228 2347 1448 2385 causam
1497 2332 1716 2402 quidem
1764 2338 1816 2384 et

235 2424 534 2494 pricipium
571 2421 718 2485 Filii,
749 2433 802 2476 et
830 2421 1066 2491 Spiritus
1109 2421 1348 2489 Patrem.
1397 2424 1495 2474 tria
1530 2437 1656 2475 vero
1686 2436 1818 2474 cau-

234 2529 354 2568 sam
405 2521 461 2565 et
520 2513 854 2580 principium
896 2512 1257 2578 operationis,
1311 2527 1419 2564 non
1478 2512 1737 2564 abltorres
1789 2527 1816 2563 a

234 2603 475 2667 Latinis,
510 2603 562 2655 in
604 2603 899 2656 Divinitate
925 2603 1060 2655 duas
1089 2617 1308 2665 causas,
1337 2613 1390 2654 et
1418 2603 1525 2654 duo
1558 2604 1818 2671 principia

237 2693 612 2763 ponentibus;
665 2707 829 2744 unam
880 2705 1102 2745 causam
1148 2689 1303 2753 Filii,
1355 2702 1407 2745 et
1449 2683 1685 2759 Spiritus
1726 2692 1824 2745 Pas

239 2794 406 2842 trem,
437 2789 493 2833 et
529 2779 691 2832 aliam
723 2795 946 2834 causam
980 2779 1215 2848 Spiritus
1247 2779 1486 2842 Patrem,
1518 2791 1569 2833 ct
1605 2780 1821 2845 Filium,

239 2885 470 2924 causam
508 2880 562 2923 et
611 2870 966 2939 principium,
1001 2868 1239 2931 Patrem,
1275 2856 1495 2922 causam
1529 2879 1581 2924 et
1629 2872 1824 2939 princi-

240 2966 394 3034 pium
453 2964 664 3017 Patrem
723 2978 776 3018 et
821 2963 1040 3018 Filium.
1104 2963 1227 3018 llaec
1282 2965 1463 3033 itaque
1514 2965 1677 3018 veluti
1729 2965 1827 3018 do—

239 3065 426 3127 gmata
456 3065 739 3116 astruens,
789 3065 843 3108 et
882 3057 1058 3123 palam
1105 3054 1340 3109 edocens
1391 3057 1482 3109 Dei
1534 3056 1826 3109 Ecelesiam

241 3145 538 3214 perturbes
600 3146 861 3213 paciﬁcus
908 3145 1101 3213 praesul
1145 3154 1196 3197 et
1235 3144 1442 3212 pacifici
1483 3147 1830 3199 auditorzve-

243 3249 556 3289 rnmtamen
577 3236 818 3289 l'nnditns
838 3252 940 3287 non
957 3243 1190 3288 evertes.
1217 3233 1346 3288 Fide
1360 3235 1502 3288 enim
1523 3237 1716 3302 dignus
1728 3247 1829 3296 est,

243 3331 338 3397 qui
359 3327 638 3398 promisit,
665 3343 841 3396 neque
861 3343 943 3395 po:
962 3337 1041 3380 tas
1061 3327 1219 3380 interi
1244 3326 1618 3394 prztevaltturas
1642 3327 1833 3379 adrer-

244 3437 344 3476 sus
371 3435 517 3482 eam,
553 3434 725 3487 neque
749 3420 1122 3472 haereticorum
1150 3431 1244 3470 ora
1269 3416 1566 3478 elTraznata.
1595 3417 1672 3470 Ne
1689 3418 1834 3471 exal—

243 3515 504 3568 teoturin
526 3511 862 3579 semetipsis,
893 3511 986 3578 qui
1014 3521 1358 3578 exasperant.
1389 3510 1638 3563 Aliorum
1673 3510 1836 3564 infor-

245 3604 642 3667 tunisdiscant,
661 3613 998 3668 ncc_tnortem
1013 3603 1260 3666 subeant,
1278 3603 1479 3655 dictum
1498 3602 1834 3672 estGregorii

243 3692 537 3762 Tlieologi;
563 3707 739 3761 neque
753 3691 896 3745 enim
913 3705 1095 3744 moras
1109 3691 1341 3759 ponetad
1357 3693 1717 3748 abscindenda
1732 3696 1837 3749 ba:-

246 3787 548 3840 rcticorum
576 3785 779 3853 capita,
816 3783 1089 3837 Ecclesias
1112 3782 1205 3836 Dei
1238 3783 1752 3849 interturbantium,
1785 3796 1838 3839 et

248 3895 416 3931 unam
437 3877 703 3931 Deitatem
728 3876 783 3930 in
809 3876 946 3929 duas
967 3873 1346 3939 dividentium,
1364 3874 1604 3929 abscissa
1625 3875 1803 3930 Deitas
1820 3916 1834 3940 ,

249 3968 604 4035 pessimeque
625 3966 798 4020 divisa
823 3965 875 4018 in
905 3963 1085 4032 majus
1102 3973 1156 4017 et
1183 3967 1382 4026 minus,
1403 3963 1614 4018 visibile
1630 3975 1684 4019 et
1700 3966 1838 4019 imi-

249 4060 450 4121 sibile,
509 4056 968 4111 commttnlcabile
1016 4063 1068 4108 et
1109 4052 1641 4108 incommunicabile.
1690 4054 1838 4108 Licet

249 4154 401 4205 enim
441 4160 664 4220 prapter
693 4148 1005 4215 iniquitates
1035 4154 1248 4200 nostras
1280 4145 1577 4207 tradantur,
1609 4160 1840 4213 namque

253 4240 724 4310 quemadmodum
756 4240 919 4292 rebus
959 4236 1123 4290 etiam
1153 4235 1205 4287 in
1241 4235 1363 4288 aliis
1407 4235 1585 4289 traditi
1629 4251 1837 4298 sumus,

255 4333 622 4388 nihilominus
647 4329 831 4383 nonad
850 4330 1006 4381 tinem
1037 4341 1207 4394 usque
1233 4341 1366 4378 nova
1394 4326 1521 4378 Sion
1542 4327 1840 4390 deseretur,

255 4424 472 4479 (ibriin
501 4438 725 4490 spon5a,
755 4421 845 4473 Dei
873 4417 1299 4480 Ecclesia,illius
1328 4418 1592 4484 sanguine
1623 4419 1841 4472 rubefa—

259 4529 377 4575 cta,
409 4525 463 4567 et
495 4521 857 4581 expurgatazt
902 4509 1042 4563 Ecce
1077 4510 1253 4579 enim,
1284 4513 1380 4577 ait,
1401 4524 1500 4578 ego
1534 4511 1734 4563 tradidi
1767 4521 1838 4571 te,

1899 678 2232 746 profitemur.
2257 678 2542 731 Credimus
2564 679 2615 730 in
2641 679 2875 736 Patrem.
2898 675 3116 735 Filium,
3143 689 3192 727 et
3216 675 3475 742 Spisituni

1901 779 2175 833 sanctum,
2208 781 2317 824 tres
2342 771 2719 838 proprietates.
2755 784 2919 821 unam
2970 769 3236 821 Deita'cnt
3269 783 3284 831 ;

1903 863 2244 933 ltypostases,
2281 879 2441 915 unam
2481 861 2785 925 Deitatent;
2830 874 2940 915 tres
2971 875 3253 930 personas,
3315 874 3478 911 unam

1901 953 2184 1011 Deitatcm.
2222 970 2382 1006 unam
2420 954 2738 1018 essentiam,
2773 969 2935 1006 unam
2964 962 3237 1014 naturam,
3262 951 3473 1015 simpli-

1904 1061 2044 1108 cem,
2076 1045 2368 1114 aequalem,
2429 1045 2744 1108 indivisam,
2795 1043 3161 1105 inconfusam,
3235 1043 3477 1099 nnit'atn,

1904 1136 2221 1191 Trinitatem
2259 1138 2311 1189 in
2346 1140 2576 1201 unitate,
2622 1138 2952 1191 ctunitatcm
2988 1137 3040 1189 in
3067 1134 3334 1188 Trinitate
3356 1135 3484 1185 ado-

1907 1235 2104 1292 ratam,
2133 1239 2186 1280 et
2212 1229 2434 1281 cultam.
2460 1231 2649 1282 Alieno
2679 1243 2810 1282 vero
2836 1241 2941 1280 non
2962 1229 3204 1280 animum
3225 1226 3467 1278 intende-

1908 1335 2028 1374 mus
2058 1342 2073 1392 ;
2112 1323 2447 1390 nequeenim
2481 1337 2665 1375 vocem
2695 1321 2994 1375 alienorum
3025 1321 3176 1386 sequi
3205 1321 3479 1382 novimus;

1911 1429 2089 1485 neque
2126 1425 2197 1477 te,
2231 1416 2323 1484 qui
2382 1413 2694 1481 pt'a‘donnm
2729 1414 2902 1465 instar
2931 1412 3149 1463 aliunde
3172 1411 3482 1472 intruderis,

1906 1519 1958 1564 et
1991 1525 2097 1562 non
2131 1523 2225 1574 per
2257 1515 2471 1574 portam
2514 1505 2566 1554 in
2608 1503 2789 1555 ovium
2823 1501 3035 1556 caulam
3059 1501 3482 1570 ingredc-ris.Sie

1909 1615 2074 1669 porro
2117 1598 2426 1654 adorantes.
2486 1595 2564 1650 sic
2610 1605 2878 1656 tenentes,
2930 1603 2984 1647 et
3037 1595 3117 1647 s'c
3167 1601 3488 1645 venerantes

1914 1691 2127 1744 unicam
2169 1688 2225 1741 in
2260 1687 2430 1740 tribus
2448 1685 2696 1754 personis
2720 1683 3314 1752 Dcitatetn,promissis
3369 1699 3490 1734 cer-

1913 1783 1984 1836 tis
2013 1781 2456 1840 constabilimur,
2489 1793 2606 1831 eam
2642 1793 2744 1832 nos
2804 1775 3117 1843 perfectius,
3182 1785 3235 1829 et
3294 1775 3488 1844 purius

1915 1875 2152 1935 visuros,
2182 1887 2287 1926 non
2323 1871 2375 1924 in
2408 1870 2718 1939 aenigmate,
2745 1867 2838 1920 sed
2882 1866 3020 1920 facie
3051 1867 3115 1918 ad
3146 1864 3364 1922 faciem,
3431 1865 3484 1915 itt

3278 1974 3292 2010 :
3332 1957 3488 2024 cujus

1915 2056 2142 2112 visionis
2173 2055 2378 2108 utinam
2412 2053 2512 2121 ipsi
2551 2051 2843 2124 participes
2866 2049 3185 2113 elIiciamnr,
3215 2057 3267 2101 et
3290 2057 3340 2100 te
3384 2048 3484 2099 ali-

1917 2150 2135 2219 quando
2165 2149 2447 2218 poenitcat,
2477 2145 2668 2214 gratia,
2698 2153 2749 2197 et
2777 2143 3168 2199 misericordia.
3203 2150 3256 2192 et
3285 2141 3480 2192 buma-

1918 2244 2086 2298 nitate
2116 2239 2325 2293 Domini
2353 2237 2518 2291 nostri
2579 2234 2706 2289 Jesu
2747 2235 2970 2293 Christi,
3008 2235 3092 2287 cui
3120 2234 3342 2287 addecet
3372 2249 3488 2282 mn-

1918 2336 2003 2389 nis
2039 2332 2230 2402 gloria,
2264 2332 2456 2392 honor,
2481 2338 2531 2382 et
2561 2329 2827 2390 adoratio,
2885 2344 3006 2379 eum
3072 2326 3314 2391 ejusdem
3369 2323 3489 2376 sine

1919 2426 2184 2495 principio
2217 2422 2399 2484 Patre,
2432 2422 2544 2475 sola
2580 2429 2825 2478 eansa,et
2862 2420 3233 2482 sanctissimo,
3265 2425 3317 2470 et
3374 2417 3476 2469 bo-

1921 2533 2011 2580 no,
2038 2525 2090 2571 et
2119 2517 2333 2570 viviﬂco
2361 2515 2505 2568 illitis
2529 2514 2757 2581 Spiritu,
2779 2514 2870 2564 uni
2901 2521 2954 2564 et
2979 2514 3030 2565 in
3056 2512 3223 2565 lit'iste
3262 2513 3482 2574 Deitati,

1923 2626 2092 2676 nunc,
2128 2619 2182 2664 et
2216 2624 2449 2676 semper,
2485 2617 2533 2659 ct
2573 2608 2624 2658 in
2656 2605 2851 2658 saecula
2879 2605 3220 2657 sa-enlornm.
3256 2605 3483 2660 Amen.»

1923 2700 2073 2754 Alter
2107 2710 2233 2753 est:
2303 2699 2364 2750 Ἢ
2401 2698 2499 2764 μὲν
2553 2697 2704 2766 παρὰ
2737 2694 2831 2747 τοῦ
2865 2696 3065 2763 Κυρίου
3123 2697 3280 2763 ἡμῶν
3321 2698 3496 2762 Ἰησοῦ

1923 2792 2182 2862 Χριστοῦ.
2215 2791 2307 2842 καὶ
2339 2789 2442 2840 τῶν
2477 2788 2647 2853 ἁγῖων
2688 2786 2965 2855 μαθητῶν,
3031 2787 3127 2837 καὶ
3182 2787 3495 2838 ἀποστόλων

1925 2882 2113 2946 αὑτοῦ,
2148 2880 2368 2933 καὶτῶν
2396 2879 2556 2948 ἱερῶν
2583 2877 2901 2944 προψητῶν,
2927 2877 3019 2927 καὶ
3047 2877 3154 2928 τῶν
3180 2877 3340 2929 θείων
3370 2895 3497 2929 συν-

1928 2972 2083 3030 όδων.
2116 2973 2208 3023 καὶ
2237 2971 2454 3022 πάντων
2485 2968 2592 3019 τῶν
2629 2967 2903 3036 θεοφόρων
2935 2967 3210 3034 Πατέρων,
3242 2970 3332 3018 καὶ
3358 2968 3502 3019 διῗα-

1933 3062 2146 3113 σκάλων
2181 3059 2551 3128 παραδοθεῖσα
2582 3057 2768 3119 πίστις
2807 3059 2940 3125 ἡμῖν
2971 3059 3063 3108 καὶ
3101 3057 3349 3109 εὐσέϐεια
3391 3063 3496 3109 πᾶ-

1933 3154 2016 3205 σίν
2040 3156 2156 3206 ἐστι
2187 3152 2450 3221 πριίδηὶος
2473 3153 2567 3203 καὶ
2585 3151 2794 3218 φανερὰ
2821 3153 2933 3209 τοῖς
2964 3149 3283 3217 μετέχουσιν
3307 3151 3496 3214 αὑτίς.

1937 3244 2351 3328 Πανταχοῦθγὰρ
2387 3241 2727 3311 ὁμολογεῖται
2770 3237 2847 3301 εἷς
2880 3241 3012 3302 Θεὸς
3043 3243 3500 3304 τρισυπόστατοί,

3373 777 3477 818 tres

1895 3328 1903 3351 ³
1935 3337 2027 3388 καὶ
2058 3328 2283 3405 ποιητὴς
2313 3333 2523 3402 ὁρατῶν
2557 3349 2614 3383 τε
2652 3331 2870 3383 πάντων
2905 3331 2996 3382 καὶ
3030 3331 3296 3396 ἀοράτων,
3330 3333 3404 3392 ὡς
3447 3334 3503 3381 ἓν

1934 3429 2011 3495 τῷ
2039 3429 2176 3495 ἁγίῳ
2210 3426 2309 3492 τῆς
2342 3425 2577 3484 πίστεως
2615 3407 2868 3492 συμϐόλῳ
2897 3423 3269 3489 ὁμολογεῖται.
3291 3424 3500 3491 Πατὴρ,

1937 3519 2084 3583 Υἱὸς,
2126 3516 2219 3568 καί
2248 3515 2468 3583 Πνεῦμα
2504 3515 2679 3582 ἅγιον,
2702 3515 2849 3580 τρεῖς
2883 3513 3228 3574 ὑποστάσεις,
3259 3513 3358 3580 μία
3383 3513 3502 3564 056-

1935 3629 2030 3679 της
2065 3609 2232 3676 ἁπλῆν
2276 3608 2525 3671 “Fama
2582 3603 2840 3664 ἀνείδεος.
2877 3603 3307 3669 ἀσχημάτιστος,
3369 3603 3507 3665 ἀμέ-

1940 3717 2141 3770 ριστος,
2199 3698 2524 3765 ἀδιαίρετος,
2590 3692 2866 3761 πανταχοῦ
2930 3708 2988 3744 τε
3039 3692 3287 3760 παροῦσα
3316 3693 3408 3743 καὶ
3438 3695 3503 3741 τὰ

1939 3791 2116 3842 πάντα
2143 3786 2452 3856 πληροῦσα,
2498 3785 2590 3837 καὶ
2621 3786 2799 3836 πάντα
2826 3784 3147 3852 ἐνεργοῦσα.
3197 3784 3272 3836 Οὐ
3307 3786 3501 3852 μικρὸν

1938 3883 1997 3934 ἐν
2029 3881 2213 3948 ἐκείνῃ
2253 3881 2344 3930 καὶ
2379 3876 2542 3946 μέγα,
2572 3877 2689 3928 οὐδὲ
2733 3877 2986 3941 ἀνισότης
3025 3878 3114 3926 καὶ
3157 3877 3503 3944 ἀνομοιότης,

1940 3973 2074 4025 ἀλλὰ
2109 3972 2254 4023 πᾶσαν
2291 3967 2470 4036 ἰσότης
2501 3968 2594 4019 καὶ
2643 3969 2917 4035 ὁμοιότης.
2948 3967 3098 4033 Λῦττι
3120 3965 3210 4018 οῦν
3242 3967 3273 4035 ἠ
3326 3968 3505 4021 πῖστις

1939 4065 2037 4132 τῆς
2067 4062 2228 4129 ἁγίας
2251 4061 2344 4112 τοῦ
2384 4057 2518 4109 θεοῦ
2552 4057 2850 4124 καΟο).ικῆς
2879 4058 2973 4109 καὶ
3003 4058 3368 4123 ἁποστολικῆς
3391 4059 3510 4108 Ἰῗκ-

1943 4154 2170 4224 κληοίας
2208 4151 2293 4203 διὰ
2326 4151 2424 4219 μὲν
2461 4149 2520 4200 τὸ
2550 4149 2980 4218 τρισυτιόστατον
3031 4152 3126 4216 τῆς
3165 4149 3419 4214 θεότητος
3451 4152 3510 4199 τὸ

1943 4246 2198 4316 φρόνημα
2228 4245 2336 4298 τῶν
2389 4244 2656 4296 Ἰουδαίων
2691 4242 3009 4304 κατέϐαλεν,
3042 4243 3237 4304 οἵτινες
3283 4259 3510 4293 πιστευ-

1943 4355 2060 4392 ουσι
2085 4339 2178 4389 καὶ
2196 4336 2516 4405 ὁμολογοῦσι
2547 4335 2700 4395 Θεὸν,
2731 4335 2790 4386 οὐ
2823 4333 3253 4400 τρισυπόστατον
3270 4334 3345 4393 δὲ,
3374 4333 3509 4384 ἀλὶὰ

1948 4431 2388 4500 μονοπρόσωπον·
2418 4428 2504 4479 διὰ
2529 4427 2584 4478 δὲ
2609 4425 2667 4478 τὸ
2691 4425 2976 4493 μοναδικδν
3005 4426 3171 4490 αὐτῆς
3196 4426 3288 4478 καὶ
3315 4427 3510 4495 ἀμέρι-

1948 4539 2071 4573 στον
2097 4522 2195 4589 τὴν
2228 4519 2336 4572 τῶν
2375 4518 2643 4586 Ἑλλήνων
2678 4515 2968 4569 πολυθεῒαν
2989 4516 3261 4585 ἀπήλασε,
3300 4519 3393 4569 καὶ
3416 4521 3512 4585 τὴν

257 4619 316 4662 et
340 4621 444 4676 ego
473 4619 632 4671 opem
673 4603 841 4656 feram
873 4603 1005 4656 tibi:
1036 4606 1087 4656 in
1109 4621 1271 4672 parvo
1309 4606 1489 4658 lurore
1522 4605 1837 4673 percusiste,
1871 4614 1917 4670 ι)

1823 4642 1837 4666 9
1871 4614 1917 4670 D
1957 4611 2189 4680 ‘Apslou,
2242 4610 2336 4662 καὶ
2376 4607 2644 4676 Εὑνομίου
2679 4610 2784 4660 τῶν
2814 4607 2990 4660 ἀθέων
3019 4609 3312 4675 αἱρετικῶν
3342 4627 3509 4660 καττ-

257 4711 316 4756 et
373 4701 426 4752 in
464 4696 796 4762 sempiterna
845 4696 1218 4749 misericordia
1254 4697 1566 4764 glorilicabo
1601 4707 1671 4750 te.
1712 4715 1730 4747 ι
1764 4693 1842 4748 ln-

258 4791 530 4848 credibile
557 4799 665 4857 est,
694 4796 899 4856 quanto
949 4789 1247 4855 punitionis
1290 4803 1596 4840 mensuram
1634 4795 1845 4840 anteeat

262 4889 608 4942 humanitas.
636 4904 654 4936 ι
677 4885 945 4938 Modicum
974 4883 1140 4943 enim,
1170 4882 1263 4942 ait,
1291 4879 1675 4934 haereditabitis
1697 4894 1847 4931 mon-

261 4990 375 5035 tem
419 4986 676 5034 sanctum
708 4991 886 5029 meum
933 4973 1250 5038 ;tnodicum
1308 4971 1447 5039 apud
1513 4971 1844 5037 alienigenas

259 5087 394 5128 arca
428 5087 443 5124 :
481 5085 628 5124 nunc
669 5065 948 5136 paululum
981 5065 1034 5117 in
1056 5066 1230 5116 aliena
1261 5062 1586 5116 insolentius
1619 5071 1671 5115 te
1697 5076 1842 5129 gere,

259 5175 318 5219 et
343 5162 546 5233 placita
570 5154 1249 5226 exple;qneniadmodum
1295 5152 1440 5206 enim
1497 5166 1581 5205 me
1651 5152 1846 5220 ejicere

262 5255 453 5309 conati
477 5251 634 5314 estis,
661 5251 734 5302 ita
758 5259 810 5302 et
842 5248 956 5317 ipse
985 5246 1196 5314 ejiciam
1228 5259 1343 5308 vos,
1375 5244 1504 5296 dicit
1573 5241 1834 5294 Dominus

261 5343 673 5403 omnipotens.»
713 5338 784 5393 De
818 5340 927 5391 tuis
955 5338 1132 5404 itaque
1157 5334 1522 5404 dogmatibus,
1563 5343 1846 5386 etsummo

263 5443 542 5500 occupato
572 5431 881 5486 sacerdotio
918 5428 990 5481 ita
1025 5430 1137 5501 ipse
1161 5430 1417 5487 sentio,et
1453 5439 1575 5493 spes
1599 5439 1682 5477 me
1705 5433 1846 5476 tenet

267 5523 651 5580 ital'uturum.
684 5519 825 5585 Quin
863 5519 973 5570 imo
998 5519 1243 5586 apprime
1279 5517 1426 5577 novi,
1460 5527 1511 5568 et
1537 5514 1847 5574 conlido,ct

269 5615 513 5670 ﬁrmiter
541 5625 725 5674 teneo,
755 5610 1060 5663 Salvatoris
1106 5607 1564 5677 promissionibus
1626 5606 1847 5659 indnbie

265 5709 654 5762 eonlirmatus.
689 5702 796 5756 Nos
831 5718 958 5755 vero
982 5700 1356 5769 apostolorum
1382 5698 1844 5767 praidicatimiem,

261 5806 313 5852 et
348 5802 610 5864 dogmata
635 5795 879 5858 Patrum,
904 5806 1330 5860 sanCtorumque
1354 5793 1595 5844 omnium
1621 5805 1851 5857 sequen-

268 5893 383 5955 tes,
417 5900 524 5939 non
555 5887 619 5938 de
655 5886 758 5939 Deo
787 5887 1152 5951 decernimus,
1186 5886 1274 5937 sed
1296 5884 1599 5938 execranda
1625 5882 1845 5950 dogma-

1947 4704 2119 4772 τομὴν
2148 4702 2245 4770 τῆς
2272 4700 2558 4770 Θεότητος.
2601 4701 2659 4751 '0
2693 4700 2746 4751 δὲ
2783 4700 2874 4752 νῦν
2913 4699 3271 4768 αἰρεσιάρχης
3295 4703 3321 4752 ὁ
3355 4701 3514 4768 λεγό-

1951 4809 2106 4860 μενος
2156 4791 2419 4854 Παλαμᾶς
2457 4789 2634 4840 πάντα
2689 4789 2756 4839 τὰ
2806 4787 3050 4855 δόγματα
3110 4787 3207 4853 τῆς
3236 4789 3394 4854 ἁγίας
3421 4789 3513 4839 To")

1948 4881 2082 4932 Θεοῦ
2119 4879 2464 4946 Ἐκκλησὶας,
2491 4878 2586 4930 καὶ
2619 4879 2799 4930 πᾶσαν
2835 4880 2930 4944 τὴν
2952 4878 3130 4929 πίστιν
3160 4879 3315 4947 ἡμῶν
3345 4897 3514 4930 κοιτα-

1947 4971 2063 5022 λύει
2090 4971 2200 5028 τοῖς
2231 4968 2426 5020 ἑαυτοῦ
2460 4970 2672 5036 μιαροῖς
2725 4969 2816 5019 καὶ
2850 4967 3239 5026 ἁσεδεστάτοις
3278 4967 3513 5035 δόγμασι

1949 5068 2040 5115 καὶ
2066 5062 2381 5128 διδάγμασι,
2419 5064 2510 5112 καὶ
2547 5061 2762 5111 πάντων
2810 5062 2960 5110 ἐστὶν
2993 5059 3286 5127 αἱρετικών
3317 5060 3508 5108 ἀσεεέ-

1951 5171 2165 5214 στατος.
2215 5153 2299 5214 Ὠς
2332 5151 2568 5217 ἁνεᾷάνη
2601 5149 2698 5217 μὲν
2752 5150 3035 5219 προδήλως
3088 5148 3318 5200 ἐνταῦίὶα
3364 5151 3512 5216 πάσῃ

1947 5248 2012 5314 τῇ
2057 5243 2350 5311 Ἐκκλησίᾳ
2383 5241 2472 5291 τοῦ
2510 5239 2666 5302 Θεοδν
2706 5240 2795 5289 καί
2830 5239 3111 5307 ἀπερρίφη
3159 5238 3262 5304 πρὸ
3294 5239 3510 5305 καιροῦ*

1949 5337 2021 5396 ὼς
2043 5335 2196 5403 μέλος
2230 5331 2485 5398 σεσηπὸς,
2513 5332 2604 5380 καὶ
2623 5329 2840 5381 ἀνίατον
2870 5329 2958 5380 ὑπ’
2994 5329 3159 5396 αὐτῆς
3184 5345 3197 5359 ·
3231 5328 3510 5394 ὲξεκίνησε

1949 5427 2004 5478 δὲ
2040 5425 2133 5476 νῦν
2162 5425 2248 5477 διὰ
2303 5423 2396 5484 τὰς
2438 5422 2712 5490 ἁμαρτίας
2771 5422 2946 5490 ἡμῶν,
3013 5423 3210 5489 μᾶλλον
3257 5421 3312 5473 δὲ
3350 5422 3435 5473 ἵνα
3467 5425 3514 5471 οἱ

1948 5517 2160 5577 δόκιμοι
2195 5515 2414 5582 φανεροὶ
2444 5514 2732 5579 γένωνται,
2753 5512 2826 5574 ὣς
2853 5529 3015 5579 φησιν
3037 5515 3061 5563 ὁ
3091 5513 3230 5574 Θεῑος
3262 5513 3517 5564 Ἀπόστο-

1950 5608 2058 5668 λος.
2095 5608 2238 5668 Μιᾶς
2283 5607 2410 5671 γὰρ,
2439 5605 2513 5665 ὡς
2573 5604 2812 5673 εἴρηται,
2847 5607 3281 5672 τρισυποῖτὰτου
3311 5607 3513 5670 clarim-

1951 5718 2041 5760 τος
2102 5699 2542 5767 ὁμολογουμένης
2572 5700 2703 5766 ἡμῖν
2752 5699 2931 5765 ἁπλῆς
2979 5714 3036 5747 τε
3073 5699 3165 5750 καὶ
3197 5698 3512 5765 ἀμερίστου,

1954 5792 2111 5852 αὒεὸς
2147 5791 2347 5851 πολλᾶς
2387 5789 2647 5859 κηρύττει
2673 5790 2928 5857 θεότητσ..
2980 5790 3180 5858 μικρὰς
3218 5791 3308 5838 καὶ
3344 5791 3515 5852 μεγὰ-

1954 5886 2070 5948 λας,
2128 5887 2218 5936 καὶ
2271 5885 2470 5951 διαιρεῖ
2517 5883 2613 5952 τὴν
2651 5885 2776 5950 μίαν
2809 5883 3011 5951 τςὺτην
3048 5885 3122 5943 εἰς
3162 5881 3252 5941 τὰς
3294 5879 3515 5937 730174,;-
