4274 6452
197 383 298 447 873

1361 326 1796 427 GRECORUM
1845 358 2313 417 SENTENTLE.

3297 405 3300 410 .
3357 338 3464 407 874

199 497 364 568 pulis,
394 503 444 548 et
490 490 750 561 apostolis
783 487 949 551 illius,
985 501 1198 540 necnon
1243 483 1420 538 sacris
1475 477 1777 549 prephetis,
1813 478 1857 531 Λ
1884 481 1936 525 et
1970 467 2270 525 Macedonii
2299 518 2311 539 ,
2349 475 2402 520 et
2433 465 2879 519 Massalianorum
2906 503 2918 524 ,
2970 470 3022 516 et
3059 459 3464 530 Bogomiiorum

201 588 516 655 divinisque
567 580 813 648 svnotlis,
844 589 896 632 et
945 577 1203 631 omnibus
1233 575 1455 629 deiferis
1505 569 1781 628 Patribns,

200 691 254 733 et
303 675 582 744 magistris
612 673 770 725 nobis
800 670 1000 723 tr.ulita
1041 668 1194 728 fides,
1226 675 1282 719 et
1314 666 1491 732 pietas
1528 661 1785 712 omnibus

201 782 320 819 eam
355 762 788 833 pomi-dentibus,
819 757 1105 811 manifesta
1159 765 1242 810 est
1264 763 1318 807 et
1345 763 1548 822 aperta.
1571 750 1673 804 Ubi
1700 766 1786 815 pie

201 859 347 913 enim
379 870 573 910 omnes
607 855 932 922 profitentur
982 851 1145 903 [ἴοιμι
1179 864 1346 902 unum
1373 847 1428 900 in
1464 847 1637 900 tribus
1673 857 1791 910 per-

202 947 376 1008 sonis,
410 942 704 998 visibilium
739 942 982 993 omnium
1022 950 1075 991 et
1107 937 1467 990 invisibilium
1504 935 1788 995 factorem,

201 1035 670 1105 quemadmodum
708 1032 764 1084 in
802 1047 962 1084 sacro
999 1030 1118 1084 fidei
1173 1030 1424 1097 symbolo
1478 1028 1788 1079 astruitnr:

203 1130 391 1191 Pater,
422 1127 621 1185 Filius.
654 1133 710 1178 et
741 1123 984 1191 Spiritus
1015 1130 1260 1182 sanctus,
1295 1130 1403 1173 tres
1445 1121 1790 1188 hypostases,

205 1235 312 1273 una
356 1219 558 1280 Deitas,
592 1215 824 1278 simplex
852 1256 865 1274 ,
911 1215 1223 1274 intisibilis,
1277 1213 1549 1272 informis,
1587 1210 1790 1262 nullam

208 1313 438 1380 figuram
476 1310 768 1378 recipiens,
806 1307 1106 1366 individua,
1143 1305 1394 1365 indivisa,
1425 1303 1626 1371 ubique
1660 1315 1796 1369 pras-

205 1422 354 1469 sens,
390 1404 575 1459 omnia
633 1404 883 1470 explens,
940 1409 1001 1452 et
1049 1399 1231 1450 omnia
1290 1395 1530 1450 clliciens
1567 1410 1581 1442 :
1622 1395 1675 1446 in
1733 1407 1793 1445 ea

210 1513 387 1565 m-quc
432 1510 690 1563 magnum
725 1503 828 1551 est,
863 1505 1038 1557 neque
1070 1504 1293 1558 parvum
1320 1529 1334 1551 ,
1365 1486 1706 1554 inrequalitas
1742 1495 1796 1538 et

208 1588 603 1646 dissimilitudo
660 1587 851 1647 nulla,
909 1585 1002 1637 sed
1038 1599 1195 1651 a-qua
1235 1582 1415 1634 omnia
1469 1593 1523 1634 et
1572 1581 1790 1635 similia.

208 1687 336 1740 llaec
391 1684 576 1750 itaque
614 1689 818 1733 sancta:
869 1676 961 1728 Dci
1037 1676 1322 1728 catholicae.
1376 1684 1429 1726 et
1484 1674 1795 1742 apostolica:

1890 567 2104 617 decreta
2141 561 2397 616 stabLliat.
2449 558 2616 611 Plane
2656 559 2800 610 enim
2845 556 3075 608 Satanas
3118 553 3282 606 menti
3318 550 3464 606 illius

1891 657 2144 710 tenebras
2173 653 2389 715 oll‘udit,
2425 659 2476 705 et
2499 649 2666 702 variis
2699 649 3033 717 imaginibus
3066 644 3301 707 obsedit,
3327 657 3374 698 et
3413 646 3466 695 in

1892 750 2114 805 mulfas,
2170 762 2305 811 quas
2353 744 2595 796 intuetur
2641 741 2895 804 Deitales,
2928 750 2979 793 et
3015 740 3200 807 plures
3245 738 3469 806 spiritus

1893 840 2213 908 dispat'titus
2245 847 2349 890 cst.
2377 837 2438 889 Et
2475 837 2677 896 lumen,
2712 835 2856 903 quod
2887 833 3002 901 ipse
3034 832 3199 895 ridet,
3233 831 3471 884 tenebrae

1895 943 2038 991 sunt,
2074 946 2196 984 cum
2232 929 2463 983 Satanas
2511 928 2649 995 apud
2701 927 2876 996 ipsum
2931 926 2982 978 in
3025 926 3273 993 angelum
3331 923 3471 976 lucis

1897 1024 2344 1084 trausformatur,
2381 1033 2439 1074 ut
2485 1021 2558 1074 ait
2594 1020 2905 1088 Apostolus.
2944 1018 3004 1070 Et
3037 1032 3158 1084 qua:
3190 1018 3306 1082 ipse
3338 1027 3471 1067 con—

1897 1118 2056 1185 spicit
2087 1115 2369 1183 corporeis
2399 1113 2614 1175 oculis;
2657 1115 2970 1178 fateturque
3017 1124 3136 1163 esse
3185 1106 3296 1161 Deo
3341 1106 3476 1158 inic-

1898 1211 2042 1263 riora
2078 1210 2286 1262 infinite
2319 1205 2598 1262 infinities.
2634 1205 3091 1271 quemadmodum
3133 1208 3183 1251 et
3215 1208 3476 1251 creaturae

1902 1306 1991 1358 Dci
2025 1304 2235 1366 tribuit,
2276 1313 2538 1368 vocatque
2567 1295 2898 1354 csscnlia‘ia,
2934 1305 2987 1348 ct
3022 1291 3290 1346 naturalia
3340 1289 3430 1343 Dei
3460 1331 3472 1344 .

1902 1398 2250 1466 pitecipitqne
2291 1395 2467 1452 nobis,
2506 1401 2646 1444 utea
2681 1402 3026 1450 veneremur,
3059 1396 3314 1454 tanquam
3346 1385 3478 1442 deos

1902 1491 2198 1550 inct'catos,
2235 1499 2286 1539 et
2339 1485 2572 1538 Dcitates
2620 1499 2634 1535 :
2674 1494 2725 1535 ct
2767 1481 2845 1535 sic
2882 1496 2990 1534 non
3037 1487 3243 1533 tantum
3291 1480 3342 1530 in
3381 1477 3480 1529 itn-

1902 1597 2117 1637 manem
2153 1578 2556 1633 multitudinem
2591 1618 2603 1642 ,
2635 1586 2689 1631 et
2724 1575 3096 1643 prodigiosum
3130 1574 3482 1642 partitionem

1905 1665 2304 1730 Nutnendittis
2340 1670 2456 1725 suis
2491 1667 2771 1733 disrerpit,
2804 1683 2992 1719 verum
3031 1669 3191 1719 etiam
3227 1668 3479 1733 simplex.

211 1776 476 1832 licclesiw
513 1773 667 1837 ﬁdes.
707 1786 802 1840 PC'
831 1778 942 1822 ποθ
974 1769 1196 1821 Demus
1227 1770 1547 1838 "YPOSlaSCS
1582 1765 1801 1820 Ῐυιίωο-
1833 1783 1870 1838 Β
1905 1771 2222 1830 indivisum,
2257 1763 2482 1832 scqnale
2512 1772 2672 1829 atque
2706 1762 2960 1819 informe.
2996 1760 3386 1828 compositum,
3427 1771 3484 1813 ut

213 1886 338 1921 rum
378 1867 722 1934 opiuationes
774 1861 1052 1923 convellit,
1087 1860 1176 1926 qui
1201 1863 1429 1914 credunt
1463 1859 1801 1927 fatentnrque

212 1959 409 2014 Deum.
452 1964 507 2007 at
545 1969 657 2006 non
696 1953 749 2004 in
800 1952 977 2004 tribus
1027 1951 1444 2019 hypostasibus.
1500 1950 1595 2003 sed
1653 1965 1798 2012 una;

211 2067 311 2118 per
341 2051 604 2102 unitatem
645 2044 816 2113 ipsius
869 2044 1242 2108 individuam,
1301 2043 1457 2111 plura
1515 2028 1799 2109 'gentilium

214 2143 446 2196 numina
509 2137 803 2206 profligat:
853 2151 1060 2189 necnon
1099 2135 1250 2198 Arii,
1295 2134 1658 2202 Euaomiiqne
1704 2135 1804 2187 im-

215 2235 435 2302 piorum
491 2231 871 2284 lucreticorum
909 2227 1136 2281 Deitatis
1170 2227 1564 2280 concisionem.
1595 2223 1804 2279 Recens

216 2342 353 2380 vero
379 2321 743 2376 ltzcrcsiarcha
779 2323 998 2374 nomine
1026 2320 1295 2379 Palamas,
1324 2319 1576 2370 universa
1607 2329 1806 2371 saneta:

219 2418 312 2471 Dei
375 2415 637 2468 Ecclesia:
675 2414 928 2479 dogmata
952 2451 965 2475 ,
1005 2423 1079 2464 et.
1106 2412 1264 2464 fidem
1308 2418 1550 2463 nostram
1587 2409 1806 2462 univcr-

217 2525 363 2567 sam.
397 2507 514 2561 suis
540 2505 892 2560 cxsecrandis
949 2519 1011 2556 ae
1052 2503 1394 2570 impiissimis
1445 2502 1791 2570 dogmatibus

216 2612 272 2656 et
321 2597 592 2654 doctrinis
626 2595 949 2659 confundit,
1000 2595 1379 2649 haereticorum
1415 2595 1656 2647 omnium
1712 2609 1807 2646 uc-

219 2694 544 2764 quissimus.
587 2689 690 2755 Qui
739 2689 916 2756 palam
950 2687 1040 2742 bic
1080 2688 1133 2740 in
1173 2686 1412 2740 Ecclesia
1448 2685 1537 2738 Dei
1589 2700 1808 2754 compa—

223 2801 376 2844 rens.
416 2783 579 2851 paulo
617 2792 742 2835 ante
775 2792 1035 2847 tanquam
1069 2778 1371 2832 membrum
1405 2778 1731 2838 marcidum,
1757 2787 1809 2829 et

223 2877 558 2931 medicinam
611 2889 718 2926 non
763 2872 1082 2932 admittens,
1121 2869 1189 2922 ab
1224 2870 1413 2922 eadem
1448 2869 1656 2937 ejectus
1702 2878 1806 2921 cst.

231 2969 545 3021 Curmnuvit
579 2974 762 3018 autem
818 2965 932 3032 ipse
967 2962 1133 3015 multa
1175 2970 1395 3028 proplrr
1451 2973 1669 3030 peccata
1718 2975 1812 3012 no-

220 3073 367 3125 stra,
402 3062 534 3127 quin
568 3059 700 3119 imo,
733 3067 789 3108 ttt
819 3056 1028 3124 probati
1067 3056 1339 3108 manifesti
1376 3055 1526 3118 fiant,
1552 3054 1812 3122 quemad-

1904 1876 2031 1921 snnt
2066 1863 2184 1915 alia:
2224 1868 2510 1920 creaturae,
2549 1855 2697 1907 facit.
2733 1854 2793 1906 Et
2824 1857 3024 1907 cultum
3058 1855 3305 1908 exhibuit
3335 1869 3487 1906 crea-

1906 1968 2058 2018 turzn,
2084 1963 2135 2007 et
2168 1967 2275 2005 non
2309 1949 2580 2009 Creatori,
2617 1950 2792 2023 multo
2823 1947 3138 2009 immanius,
3171 1963 3331 2015 quam
3358 1962 3488 2017 geu-

1907 2051 2026 2101 tiles
2065 2043 2187 2112 ipsi,
2215 2041 2508 2096 insaniens.
2546 2039 2723 2107 Neque
2747 2040 2892 2092 enim
2924 2057 2987 2093 eo
3020 2040 3313 2107 impietatis
3347 2039 3483 2092 ada-

1907 2143 1977 2195 cti
2019 2149 2148 2193 sunt
2194 2137 2480 2190 numinum
2516 2133 2886 2194 multitudine,
2922 2143 2980 2185 ut
3018 2132 3180 2185 Deum
3222 2143 3488 2187 creatum

1909 2231 2294 2291 assimilarent,
2325 2236 2377 2281 et
2416 2226 2753 2294 angelorum,
2800 2235 3138 2292 sanctorum,
3170 2237 3332 2296 atque
3367 2228 3486 2280 ani-

1911 2339 2120 2377 marum
2148 2321 2383 2376 essentia
2419 2320 2733 2372 inferiorem
2779 2320 3126 2387 pejorcntque
3162 2329 3484 2373 statuerent.

1910 2413 2152 2481 Namque
2178 2420 2369 2464 natura
2395 2411 2712 2479 angelorum
2743 2410 2948 2478 perpici
2976 2425 3082 2462 non
3107 2412 3269 2474 valet,
3296 2427 3484 2477 qucrn-

1909 2507 2201 2559 admodum
2240 2519 2417 2572 neque
2450 2504 2668 2555 animm.
2713 2502 2960 2555 Palamas
3001 2518 3127 2556 vero
3164 2504 3275 2569 ait,
3319 2503 3484 2559 Deum

1911 2598 2145 2668 speciem
2170 2597 2370 2650 habere
2402 2595 2691 2660 visibilem,
2718 2595 3018 2649 naturalem
3056 2598 3154 2666 ipsi
3206 2609 3258 2651 et
3303 2613 3488 2653 esseu-

1913 2689 2117 2742 tialem.
2161 2686 2437 2741 lnvisibile
2481 2703 2642 2754 porro
2681 2689 2850 2740 multo
2900 2700 2984 2742 est
3035 2689 3235 2742 visibili
3295 2675 3490 2744 melius

1913 2798 1976 2834 ac
2007 2780 2394 2849 prmstabilius.
2429 2781 2612 2846 Neque
2650 2782 2751 2832 hac
2782 2780 2990 2833 ratione
3019 2782 3191 2834 solum
3239 2783 3289 2834 in
3324 2784 3489 2836 Deum

1915 2875 2114 2940 impius
2149 2873 2270 2934 fuit,
2303 2873 2397 2925 sed
2451 2883 2506 2925 et
2556 2873 2792 2938 seipsum
2848 2873 3011 2926 Deum
3056 2874 3388 2935 increaturn,
3440 2886 3496 2927 et

1915 2967 2120 3031 absque
2160 2963 2428 3031 principio
2461 2979 2581 3016 esse
2618 2964 2858 3018 decrevit
2887 2981 2900 3027 ;
2934 2981 3056 3017 nam
3097 2967 3315 3028 asserit,
3350 2966 3492 3020 inlc~

1917 3058 2078 3110 rioris
2113 3057 2338 3109 Deitatis
2372 3056 2622 3108 homines
2652 3057 2958 3123 participes,
2988 3073 3106 3127 qua:
3131 3075 3225 3112 eos
3255 3061 3492 3115 deiticat.

224 3153 454 3205 modum
483 3151 707 3203 divinus
746 3149 820 3200 ait
852 3149 1168 3214 Apostolus.
1198 3146 1330 3199 Nam
1365 3162 1486 3198 cmn
1521 3160 1682 3199 una!!!
1705 3146 1806 3214 ipsi
1837 3139 1880 3196 (ἶ
1914 3159 2200 3204 cernentes
2227 3150 2408 3203 lumen
2441 3149 2572 3202 illud
2609 3150 2775 3203 Deum
2809 3151 3124 3206 inferiorem
3157 3154 3334 3208 oculis
3363 3170 3490 3207 cor-

225 3244 500 3297 Dcitatcm
546 3242 598 3292 in
653 3240 829 3292 tribus
876 3237 1264 3307 liypostasibus
1291 3236 1647 3290 conlitcamur
1679 3237 1811 3288 sim-

223 3338 425 3406 pliccm
465 3345 628 3400 atque
659 3331 975 3394 indivisam,
1009 3331 1098 3382 ille
1132 3331 1329 3381 multas
1367 3329 1601 3382 Deitates
1637 3328 1812 3396 palam

221 3427 494 3497 pradieat
523 3438 718 3491 parvas
745 3433 798 3475 et
832 3437 1079 3488 magnas,
1112 3432 1163 3473 et
1211 3422 1349 3474 hanc
1377 3436 1540 3473 unam
1573 3421 1626 3472 in
1674 3420 1817 3472 mul-

223 3530 313 3571 tas
347 3517 632 3582 discerpit,
674 3522 726 3566 et
751 3527 912 3564 unam
940 3513 1157 3577 quidem
1190 3511 1550 3578 superiorem,
1581 3512 1817 3578 reliquas

220 3609 543 3678 inferiores,
579 3604 694 3658 sive
729 3620 790 3656 ea
829 3603 1094 3662 minores.
1134 3604 1295 3656 sicuti
1329 3612 1610 3656 creaturas
1667 3602 1815 3668 facit,

222 3710 281 3753 ct
322 3696 664 3766 superiorem
722 3695 1020 3747 essentiam
1061 3694 1153 3746 Dei
1211 3694 1467 3761 appellat,
1519 3693 1818 3746 inferiores

221 3789 563 3845 essentiales
596 3786 971 3855 operationes,
1010 3799 1060 3838 et
1094 3786 1383 3839 facultates
1416 3786 1581 3847 illius,
1610 3796 1663 3838 et
1693 3787 1822 3839 cha-

225 3884 488 3935 tismata.
528 3893 649 3945 qua:
697 3887 980 3943 operatur.
1030 3887 1212 3928 creata
1261 3890 1477 3944 nempe,
1525 3887 1578 3928 et
1631 3892 1820 3931 rursus

226 3977 506 4033 increata,
539 3976 684 4038 quod
713 3987 821 4022 non
862 3979 1072 4022 tantum
1106 3968 1388 4038 gentilium
1417 3979 1517 4032 est,
1546 3978 1598 4020 et
1620 3971 1821 4022 multos

225 4068 369 4119 deos
426 4065 635 4117 inducit
683 4081 694 4114 :
737 4063 951 4114 unicam
1008 4063 1152 4113 enim
1207 4060 1466 4114 Deitatem
1519 4063 1570 4113 in
1622 4063 1822 4114 multos

227 4166 366 4217 deos
403 4162 678 4215 concidit:
710 4160 803 4212 scd
841 4159 1005 4212 etiam
1038 4159 1336 4210 vanitatum
1383 4158 1599 4225 plenum
1632 4169 1736 4220 est,
1774 4166 1827 4210 et

227 4272 256 4308 a
296 4264 480 4308 mente
532 4251 767 4305 consilio
789 4266 873 4318 pte
907 4251 1063 4318 plane
1091 4249 1391 4302 diductum.
1421 4251 1507 4303 Ait
1539 4265 1826 4317 corporeo-

228 4362 359 4399 rum
406 4344 695 4398 oculorum
733 4343 949 4394 obtutui
1001 4340 1199 4406 subjici
1233 4341 1535 4394 naturalem
1572 4341 1664 4394 Dei
1713 4341 1825 4394 for-

228 4456 407 4498 mam,
436 4448 490 4488 et
523 4436 812 4496 Deitatem,
836 4448 1000 4501 quam
1031 4432 1347 4486 inferiorem
1377 4433 1635 4487 Deitatem
1662 4449 1826 4486 emtu-

1921 3244 2122 3310 poreis.
2153 3240 2262 3294 fieri
2297 3241 2424 3295 deos
2488 3242 2754 3296 increatos
2789 3253 2841 3296 et
2891 3245 3008 3298 sine
3061 3246 3348 3316 principio.
3386 3247 3497 3304 Hoc

1920 3343 2097 3384 autem
2130 3347 2235 3382 non
2272 3332 2428 3398 longe
2459 3333 2609 3384 abest
2639 3333 2706 3384 ab
2737 3347 2820 3391 eo.
2852 3335 2996 3400 quod
3047 3335 3341 3404 aliquando
3375 3339 3497 3392 dia-

1921 3426 2078 3477 bolus
2117 3439 2284 3478 ausus
2321 3432 2422 3485 est,
2457 3440 2580 3476 cum
2617 3424 2750 3477 dixit
2775 3441 2789 3478 :
2818 3442 2836 3474 ί
2880 3425 3082 3481 Portam
3108 3430 3289 3482 sedem
3321 3446 3496 3486 meam

1923 3531 2088 3582 super
2123 3516 2329 3570 nubes.
2365 3524 2417 3568 rt
2450 3531 2545 3570 ero
2581 3517 2776 3570 similis
2812 3517 3117 3573 Altissimo.
3168 3540 3184 3570 ι
3225 3521 3365 3575 Sane
3401 3524 3501 3579 hac

1926 3605 1976 3656 in
2006 3607 2202 3673 pielal!
2258 3607 2399 3658 nulla
2456 3619 2631 3675 potest
2693 3611 2992 3666 excogitari
3043 3613 3304 3676 atrocior,
3341 3631 3500 3683 quam

1931 3713 2055 3750 cum
2107 3713 2162 3750 se
2227 3699 2387 3751 homo
2426 3698 2589 3752 Deum
2627 3701 2925 3754 ineicatnni
2970 3713 3023 3756 et
3071 3705 3188 3759 sine
3234 3707 3502 3774 principio

1927 3789 2042 3843 ﬁeri
2067 3792 2254 3858 jactat.
2291 3792 2351 3843 l-lt
2394 3793 2442 3845 id
2476 3803 2560 3846 est
2590 3795 2731 3861 quod
2773 3795 2900 3848 olim
2938 3796 3203 3852 Dmniuus
3236 3801 3504 3866 praedixe-

1925 3894 2030 3944 rat,
2074 3902 2090 3932 ι
2134 3884 2362 3936 Veniant
2415 3887 2814 3953 pscudochristi
2864 3897 2915 3940 et
2968 3891 3455 3960 pseudoproplu-tar
3487 3937 3501 3957 ,

1926 3986 1976 4028 et
2013 3976 2212 4028 dabunt
2263 3979 2418 4043 signa
2451 3987 2502 4030 et
2533 3979 2776 4045 prodigia
2809 3981 2859 4031 in
2890 3983 3088 4049 populo
3125 4000 3137 4034 :
3176 3993 3228 4036 et
3269 3987 3312 4038 si
3350 3987 3504 4042 vobis

1927 4069 2184 4128 dixerint,
2220 4068 2354 4123 Ecce
2387 4069 2475 4122 hic
2498 4071 2746 4124 Christus
2775 4079 2878 4132 est.
2905 4079 2986 4126 vel
3020 4089 3145 4128 ecce
3172 4076 3265 4138 ihi,
3295 4093 3360 4131 ne
3386 4095 3506 4134 cre-

1926 4159 2065 4211 datis
2103 4159 2232 4210 illis.
2268 4178 2285 4209 ι
2322 4159 2385 4212 Hi
2424 4161 2608 4227 itaque
2637 4170 2845 4214 tantum
2885 4178 2990 4214 non
3023 4165 3124 4219 hoc
3153 4165 3342 4219 dicunt
3365 4210 3380 4231 ,
3412 4185 3505 4224 ve-

1927 4267 2047 4304 rum
2093 4250 2352 4304 Deitatem
2385 4266 2506 4306 esse.
2543 4253 2682 4321 apud
2718 4253 2865 4320 ipsos
2893 4257 3172 4323 corporeis
3217 4261 3393 4314 oculis
3425 4263 3507 4315 vi-

1931 4359 2072 4407 sam,
2103 4358 2269 4410 seque
2315 4344 2461 4411 ipsos
2522 4360 2639 4397 esse
2691 4344 2822 4398 deos
2875 4347 3166 4402 increatos.
3219 4349 3330 4405 Hoc
3381 4367 3509 4405 vero

1933 4431 2134 4485 Paulus
2193 4433 2259 4484 de
2314 4433 2654 4487 Antichristo
2703 4436 3029 4491 enuntiavit.
3091 4457 3110 4488 ε
3157 4439 3289 4493 Cum
3353 4458 3507 4494 reve-

229 4532 355 4592 tiat,
393 4539 446 4581 et
475 4527 642 4579 Deum
674 4524 1001 4586 scentulum,
1034 4533 1085 4576 et
1115 4539 1364 4592 parvum,
1397 4525 1462 4574 ad
1504 4539 1605 4578 nos
1647 4541 1819 4593 usque
1856 4531 1894 4582 D
1927 4523 2127 4577 labitur
2159 4524 2336 4584 exlex,
2371 4526 2609 4592 seipsum
2646 4540 2810 4594 super
2832 4541 3048 4582 omnem
3085 4531 3295 4584 cultum
3327 4535 3504 4587 extol-

229 4621 671 4690 pervenienlem,
720 4626 773 4670 et
822 4617 981 4671 nobis
1028 4616 1316 4670 visibilem.
1365 4616 1516 4681 Quod
1552 4619 1820 4685 superior,

229 4711 442 4779 inquit,
475 4709 730 4762 excelsus
757 4717 860 4769 est,
897 4722 994 4760 nec
1027 4708 1164 4761 visui
1207 4717 1373 4776 patet.
1407 4707 1503 4761 llic
1536 4725 1664 4762 vero
1691 4711 1824 4761 infe-

229 4806 354 4858 rior
405 4802 574 4866 Deus,
619 4817 712 4869 qut
765 4802 1002 4864 videtur,
1037 4809 1090 4853 et
1134 4801 1252 4853 alize
1298 4802 1554 4863 Deitates,
1602 4803 1826 4867 :equalis

228 4915 362 4951 cum
402 4911 470 4949 eo
503 4894 810 4956 facultatis,
839 4908 979 4961 quas
1015 4902 1318 4960 nuncupat,
1347 4904 1399 4946 et
1429 4893 1666 4961 Spiritus
1699 4911 1824 4946 san-

228 5002 378 5050 ctos,
408 4997 461 5039 et
490 4989 732 5040 increata
789 4986 893 5039 alia
941 4997 1144 5038 sanctae
1175 4984 1415 5048 Triadis,
1462 5001 1636 5054 eaque
1688 4988 1825 5040 infe-

230 5083 383 5135 τίοι-ει
419 5077 640 5132 inﬁnite
671 5076 912 5141 infinita,
947 5079 1048 5129 hoc
1079 5087 1162 5130 est
1206 5078 1414 5145 absque
1455 5078 1560 5129 ulla
1601 5094 1825 5146 compa-

227 5175 452 5228 ratione
484 5172 549 5224 ad
590 5185 674 5235 ea,
712 5169 1172 5237 quemadmodum
1206 5179 1260 5221 et
1309 5169 1531 5237 reliqua:
1565 5182 1826 5224 eri-attica:

229 5266 634 5320 desciscentia.
669 5263 780 5316 Has
821 5263 1008 5330 itaque
1047 5262 1308 5322 Deitates,
1343 5271 1396 5314 et
1432 5263 1530 5315 hos
1563 5262 1824 5329 Spiritus,

228 5367 285 5411 et
315 5356 593 5410 visibilem
632 5353 898 5408 Deitatem
939 5353 1013 5406 ait
1047 5353 1102 5405 in
1162 5351 1432 5405 creaturis
1466 5366 1618 5419 aeque
1666 5361 1828 5420 atque

230 5453 419 5520 ipsum
461 5446 633 5500 Deum
687 5447 926 5515 operari,
960 5445 1120 5498 aliam
1166 5444 1497 5507 illuminare,
1538 5444 1699 5497 aliam
1732 5461 1827 5499 ex-

228 5556 492 5612 purgare,
527 5539 692 5593 aliam
734 5539 1036 5600 viviﬁcare,
1069 5539 1230 5591 aliam
1283 5538 1392 5591 alio
1445 5540 1604 5592 modo
1643 5554 1826 5592 rerum

226 5647 426 5687 Curam
459 5645 672 5698 gerere,
698 5640 751 5681 et
788 5644 1229 5697 unamquamque
1259 5629 1538 5697 proprium
1562 5645 1699 5696 Opus
1728 5629 1829 5683 sibi

229 5727 561 5786 riulicare,
614 5734 662 5774 et
719 5725 934 5791 Operari
972 5741 984 5776 :
1019 5734 1074 5774 ut
1132 5739 1239 5775 non
1295 5731 1499 5774 tantum
1552 5723 1832 5795 gentilium

229 5823 476 5890 piurirﬂa
502 5820 728 5873 numina
765 5817 1097 5876 introdttcat,
1125 5815 1215 5868 sed
1245 5825 1293 5867 et
1320 5813 1452 5881 Arii,
1481 5823 1534 5867 et
1559 5813 1831 5875 Ettnomii,

494 5917 766 5970 ΡΑΤιιυι..
809 5910 924 5965 Gn.
961 5908 1087 5967 ιλιι.

1929 4616 2065 4676 lens,
2094 4625 2147 4668 et
2175 4615 2383 4668 sedebit
2413 4615 2464 4668 in
2502 4618 2722 4683 templo,
2758 4617 2948 4671 dicens
2977 4634 3035 4672 se
3061 4619 3236 4688 ipsum
3274 4620 3496 4677 Deum.»

1928 4708 2066 4770 Quid
2094 4707 2238 4760 enim
2279 4708 2453 4776 magis
2480 4707 2732 4775 iactabit,
2767 4725 2885 4762 cum
2921 4712 3006 4764 ille
3032 4713 3280 4765 venerit?
3302 4720 3505 4783 etqqu

1929 4806 1981 4855 in
2014 4803 2403 4856 sublimitatem
2445 4803 2536 4855 Dei
2573 4804 2826 4864 iosauiet,
2855 4814 2902 4858 et
2933 4806 3334 4874 blasphemabit
3358 4821 3506 4862 atro-

1929 4897 2067 4956 cius,
2114 4910 2275 4961 quam
2317 4910 2439 4946 cum
2473 4911 2530 4948 se
2571 4895 2701 4948 dicit
2752 4896 2917 4948 Deum
2969 4899 3268 4951 int-reatum
3305 4909 3358 4952 et
3393 4902 3512 4954 sine

1932 4985 2241 5054 principio?
2279 4987 2422 5052 quod
2453 5001 2596 5038 nunc.
2627 4984 2874 5040 Palamas
2903 4988 3213 5046 allit'mavit.
3242 5003 3296 5043 et
3321 5006 3508 5044 coram

1930 5079 2184 5129 omnibus
2239 5078 2324 5128 dm
2346 5078 2443 5128 uit.
2483 5080 2660 5140 Quare
2699 5087 2802 5151 lant
2853 5079 2940 5131 hie
2992 5079 3221 5133 Satanas
3265 5093 3366 5144 est,
3418 5091 3513 5135 aut

1933 5184 2239 5239 pnecursor
2273 5169 2436 5230 illius,
2474 5183 2595 5221 cum
2626 5170 2737 5236 jam
2771 5182 2824 5222 et
2875 5173 2998 5223 linis
3050 5174 3231 5224 saeculi
3265 5212 3280 5233 ,
3334 5184 3407 5234 et,
3457 5186 3512 5227 ut

1932 5261 2046 5327 ipse
2087 5263 2304 5327 opinor,
2352 5260 2660 5312 immutatio
2694 5262 2934 5313 universi
2969 5278 3133 5330 prope
3163 5265 3251 5327 sit,
3282 5274 3334 5317 et
3379 5267 3511 5318 hea-

1935 5361 2042 5414 tus,
2078 5352 2170 5418 qui
2206 5350 2459 5402 mandata
2499 5351 2721 5413 Christi,
2749 5360 2801 5402 et
2835 5351 2982 5404 illius
3012 5353 3428 5422 discipulorum,
3458 5367 3510 5409 et

1935 5443 2157 5496 Patrum
2196 5446 2412 5496 decreta
2453 5453 2598 5496 sa:ta
2644 5453 2782 5497 tecta
2818 5429 3058 5499 servabit
3086 5489 3098 5509 ,
3129 5429 3182 5499 et
3229 5448 3297 5498 ab
3327 5463 3512 5503 errore

1932 5536 2344 5595 l’alami'arum,
2375 5546 2430 5586 ut
2467 5537 2534 5586 ab
2568 5535 2688 5603 igne
2741 5543 2794 5587 et
2838 5537 3060 5589 coluhro
3096 5537 3295 5591 intacta
3335 5540 3511 5590 tuebi—

1935 5639 2043 5684 tur.
2097 5631 2239 5695 quod
2287 5625 2400 5680 hac
2438 5629 2506 5678 sit
2540 5628 2770 5695 pessima
2810 5628 3064 5681 Ecclesiae
3098 5645 3271 5690 noxa,
3309 5641 3361 5684 et
3397 5649 3514 5684 om-

1937 5721 2089 5773 nium
2127 5720 2218 5786 qui
2254 5735 2492 5785 unquam
2518 5731 2673 5772 antea
2706 5720 2928 5780 foetinl,
2952 5737 3109 5773 error
3139 5723 3513 5790 impiissimus.

1941 5812 2105 5880 ldque
2148 5820 2247 5877 est,
2294 5821 2351 5863 ut
2385 5827 2526 5877 l'Cul',
2556 5815 2694 5878 quod
2733 5827 2782 5864 2n
2823 5827 3063 5866 errorem
3099 5814 3309 5867 inducet
3349 5820 3512 5867 etiam

2978 5908 2989 5919 ἱ
3023 5909 3032 5921 ὶ

2961 5924 2968 5931 Ι
3011 5928 3026 5931 _.

2957 5929 3034 5966 ΑΟ
