4274 6452
285 427 388 491 881

1441 419 1883 480 GR/ECOHUM
1932 415 2404 479 SENTENTIE.

3430 418 3541 483 882

281 540 461 609 τούτῳ
502 537 607 592 τῶν
660 535 1004 607 πραγμάτων
1059 533 1463 605 ἡσυχαζόντων,
1520 535 1725 604 σφοδρά
1770 551 1856 595 τις
1892 540 1933 594 Α
1963 536 2137 601 δάξειε
2172 534 2408 606 χρηστδν
2436 533 2462 585 ό
2499 532 2779 596 παντελῶς
2818 533 3091 604 ἀγνοήσας
3118 532 3371 603 νηστείας
3415 554 3536 589 και-

283 632 545 684 ἀντέπνει
575 628 776 696 λαῖλαψ
804 630 867 680 ἐκ
896 626 1007 679 τῶν
1044 626 1136 679 τοῦ
1163 627 1378 679 Σατανᾶ
1412 625 1738 684 πνευμάτων
1762 629 1863 694 έμ-

282 721 617 789 φυσηθεῖσα,
641 720 736 773 καὶ
759 719 917 773 πάντ’
944 718 1260 787 ἀνατρέπει,
1280 719 1373 771 καὶ
1395 717 1751 786 μετατίθησιν
1784 718 1865 779 είς

284 811 536 866 κλύδωνα
558 810 816 879 χαλεπὸν,
853 810 948 862 καὶ
974 810 1099 870 τοὺς
1119 807 1261 860 οῦτω
1286 807 1632 877 βλασφήμους
1654 811 1863 877 ἀναφα-

281 905 499 965 νέντας,
524 902 647 963 τοὺς
671 900 847 963 οῦτως
870 899 1127 969 ἀληθείας
1145 899 1371 969 ἐχθροὺς
1393 900 1487 952 ἐπὶ
1507 900 1613 953 τῶν
1633 902 1865 970 πρώτων

283 994 493 1047 οἶάκων
538 993 774 1057 καθίζει,
809 993 901 1045 καὶ
926 994 1243 1060 ίερουργοῦς
1272 994 1398 1055 τοὺς
1451 993 1863 1065 ἀρρητουργοὺς

282 1087 655 1147 ἀιαδείκνυσι,
686 1086 779 1137 καὶ
805 1084 1095 1153 δογμάτων
1124 1085 1439 1151 προστάτας
1467 1088 1593 1148 τοὺς
1624 1088 1864 1140 ἀποστά-

280 1196 406 1237 τας,
451 1178 543 1230 καὶ
582 1177 771 1246 ψυχῶν
795 1179 1115 1245 οἰκονόμους
1150 1177 1278 1238 τοὺς
1311 1178 1662 1247 αὐτονόμους.
1698 1180 1862 1248 Ἔσχε

281 1268 332 1321 δ’
389 1267 534 1321 οῦτω
581 1269 679 1331 τὰς
743 1269 946 1330 αἰτίας.
981 1268 1089 1322 Τοῦ
1141 1270 1237 1323 νῦν
1287 1271 1385 1339 τῆς
1434 1271 1862 1339 αὐτοκρατορίας

294 1360 592 1427 Ῥωμαίων
654 1362 907 1413 Ἰωάννου
955 1361 1049 1415 τοῦ
1085 1362 1547 1432 Καντακουζηνοῦ
1596 1363 1721 1431 ἄρτι
1764 1364 1863 1433 τὴν

287 1453 555 1521 μεγίστην
586 1452 694 1504 τῶν
740 1454 952 1506 πόλεων
980 1454 1369 1524 κατασχόντος,
1398 1458 1491 1509 καὶ
1531 1454 1860 1523 τελεώτερον

281 1544 629 1612 δραξαμένου
675 1550 773 1615 τῆς
809 1546 1115 1615 βασιλείας,
1147 1549 1344 1617 ἐπειδὴ
1376 1548 1469 1601 καὶ
1515 1548 1863 1617 πατριάρχην

285 1631 400 1681 ἔδει
438 1630 789 1698 ἐνιδρυθῆναι
822 1632 900 1703 τῷ
936 1635 1157 1703 μεγάλῳ
1186 1635 1364 1705 θρόνῳ
1397 1636 1503 1689 τῶν
1533 1637 1741 1706 ίερέων,
1773 1638 1862 1689 διὰ

284 1725 380 1771 τὴν
428 1723 733 1790 τηνικαῦτα
778 1724 908 1779 ὄντα
944 1729 1007 1779 ἐκ
1042 1728 1209 1795 μέσου
1257 1730 1536 1795 γενέσθαι,
1571 1731 1779 1797 γίνεταί
1809 1749 1861 1784 τι

286 1814 647 1883 καινοτομίας
677 1818 911 1886 πρᾶγμα
942 1819 1131 1889 πόρρω
1161 1820 1377 1888 θεσμῶν
1416 1821 1739 1892 Ἐκκλησίας
1770 1824 1860 1875 καὶ

1970 628 2119 698 ροὺς,
2178 628 2270 679 καὶ
2325 625 2634 695 βρωμάτων
2703 625 2915 693 ἀποχάς
2966 624 3060 678 καὶ
3109 626 3394 693 πομάτων,
3450 627 3537 679 ὅτε

1966 719 2126 771 τοῦτο
2182 719 2475 787 προσήκει,
2527 714 2621 767 καὶ
2682 715 2884 777 πάσαις
2943 715 3181 785 ἡμέραις
3228 715 3539 785 ἀδιαφόρως

1966 808 2269 877 χρώμενος,
2298 802 2409 859 οἷον
2429 805 2674 858 ποιοῦσιν
2702 807 2749 857 οί
2768 806 2857 858 τὸν
2888 806 3162 875 βάρϐαρον
3194 806 3543 874 πολιτευόμε-

1966 917 2047 951 νοι
2072 898 2296 969 τρόπον,
2318 897 2379 949 ού
2410 897 2687 965 δυνάμεθα
2717 895 2859 964 λόγῳ
2892 895 3146 961 διεξιέναι
3166 897 3341 949 ὁπόσα
3375 896 3540 964 φασὶν

1965 993 2128 1059 ἕτερα
2160 991 2210 1042 οί
2248 990 2315 1042 τὰ
2359 989 2526 1041 αὑτοῦ
2559 986 3057 1056 διακωμῳδοῦντες.
3101 985 3262 1039 Ἀλλά
3310 988 3419 1057 γὰρ
3464 985 3541 1055 τῷ

1965 1082 2194 1150 τοιούτῳ
2238 1080 2424 1150 σαθρῷ
2476 1080 2708 1149 θεμελίῳ
2745 1079 2839 1133 καὶ
2880 1079 3067 1148 ἕτερον
3115 1080 3284 1133 κακὸν
3324 1080 3538 1133 ἐποικο⁹

1964 1171 2233 1239 δομεῖται.
2267 1172 2358 1226 καὶ
2388 1172 2588 1239 ἀνομία
2621 1171 2975 1241 προστίθεται
3017 1171 3220 1240 ἀνομία
3258 1172 3402 1225 κατὰ
3449 1172 3541 1225 τὸν

1964 1260 2103 1314 θεῖον
2126 1245 2303 1315 Ᾰαϐἰδ.
2323 1265 2378 1315 'U
2400 1263 2633 1332 ἀρχηγὸς
2658 1264 2753 1332 τῆς
2770 1264 2963 1325 κακίας
2981 1263 3343 1328 ἐξωλέστατος
3364 1264 3543 1318 Παλα-

1968 1358 2090 1423 μάς,
2148 1355 2406 1424 Παλαμάς
2436 1356 2493 1407 ὃν
2526 1358 2617 1408 καὶ
2657 1356 2814 1422 μόνον
2857 1355 3253 1425 ἐνθυμηθέντες
3281 1355 3541 1421 καθαγνίο

1969 1448 2167 1498 σασθαι
2204 1448 2308 1515 χρὴ
2357 1446 2534 1516 ψυχὴν
2569 1447 2703 1516 ὁμοῦ
2737 1448 2829 1498 καὶ
2870 1447 3131 1507 διάνοιαν,
3162 1451 3254 1498 καὶ
3286 1448 3315 1497 ό
3362 1446 3540 1499 τοιοῦ-

1965 1556 2054 1601 τος
2115 1539 2363 1607 ἔχθιστος
2415 1540 2699 1607 ἄνθρωπος
2752 1538 2850 1606 τῆς
2910 1537 3019 1589 τῶν
3088 1539 3370 1590 Θετταλῶν
3406 1555 3539 1607 προ-

1966 1628 2343 1699 καθεξομένης
2382 1634 2768 1699 χειροτονεῖται
2805 1632 3115 1699 ἀρχιερεὺς,
3143 1630 3170 1681 ὁ
3211 1632 3301 1682 καὶ
3345 1631 3540 1701 πρώην

1972 1722 2073 1791 μὲν
2119 1722 2491 1791 καθαιρεθεὶς,
2527 1720 2612 1789 ἐφ’
2641 1716 2721 1783 οἷς
2768 1720 3070 1791 καθῃρέθη,
3105 1718 3223 1774 εἶτα
3271 1724 3365 1773 καὶ
3393 1721 3540 1792 ’χθὲς

1970 1813 2282 1881 ἱεροσυλίας
2311 1814 2628 1884 περιπεσὼν
2667 1812 2991 1881 ἐγκλήματι,
3023 1813 3163 1866 κατά
3207 1831 3270 1882 γε
3303 1815 3399 1882 τὴν
3438 1817 3538 1884 τῆς

286 1906 476 1973 νόμων
503 1906 609 1961 τῶν
644 1883 1027 1976 καθεστώτων,
1054 1883 1157 1974 οὓς
1204 1883 1425 1966 οίῄθεῖοι
1456 1883 1742 1970 ἀπόστολοι
1772 1919 1865 1970 καὶ
1898 1883 1939 1939 ῃ
1976 1905 2343 1975 περιϐλέπτου
2378 1883 2567 1975 μονὴν.
2608 1906 2822 1969 εἰκόνας
2866 1904 3180 1976 λωποδύτης
3206 1883 3540 1975 ἀπογυμνώ-

288 1999 555 2065 ποιμένες
586 2001 695 2053 τῶν
716 2003 1024 2069 ἐκκλησιῶν
1046 2000 1159 2057 οἷόν
1189 2022 1338 2067 τινας
1365 2010 1682 2075 πεπηγότας
1710 2009 1868 2077 ὅρους

291 2093 792 2157 προκατεϐάλοντο.
839 2096 949 2149 Καὶ
993 2098 1100 2169 γὰρ
1152 2100 1563 2169 προτραπέντες
1614 2102 1870 2171 ἀρχαιρε-

292 2183 423 2235 σίαν
475 2185 810 2255 ποιήσασθαι
870 2190 1233 2259 ἐξειργόμεθα
1291 2194 1395 2244 ὑπὸ
1445 2193 1541 2261 τῆς
1602 2198 1869 2263 κοσμικῆς

291 2278 554 2342 ἐξουσίας
594 2280 668 2348 μὴ
718 2280 783 2333 ἄν
815 2300 944 2334 ποτε
982 2285 1231 2353 ποιῆσαι,
1262 2285 1320 2336 ὃν
1374 2287 1439 2339 ἂν
1475 2288 1505 2354 ἡ
1560 2288 1676 2339 θεία
1710 2287 1871 2355 χάρις

296 2372 440 2437 μετά
488 2372 588 2437 τῆς
634 2372 930 2441 ἀδελφικῑμς
981 2378 1288 2443 συμπορίας
1329 2378 1637 2447 ἐκλέξηται,
1668 2378 1786 2430 ἀλλ’
1813 2378 1871 2430 ὃν

290 2463 359 2513 ἂν
395 2464 871 2533 προτραπείημεν.
905 2465 1048 2534 Πρὸς
1073 2464 1247 2520 ταῦτα
1275 2469 1651 2535 άντιϐαίνομεν
1688 2486 1872 2537 μονονο

292 2555 420 2618 ουχὶ
482 2553 705 2619 πάντες,
735 2558 829 2608 καὶ
854 2557 1224 2626 ἀνθιστάμεθα
1245 2564 1310 2629 τῇ
1342 2562 1680 2629 ἀκανονίστῳ
1700 2562 1872 2630 ταύτῃ

295 2642 394 2693 καὶ
425 2647 816 2715 ἀπερισκέπτῳ
853 2648 1099 2701 κελεύσει
1136 2652 1275 2718 πλὴν
1326 2653 1522 2715 ὀλίγων
1566 2654 1673 2704 τῶν
1714 2652 1872 2720 θερα-

295 2734 602 2798 πευτικῶν,
633 2738 724 2789 καὶ
760 2740 901 2791 κατὰ
935 2743 1001 2793 τά
1027 2742 1333 2810 ἀνδράποδα
1364 2745 1686 2811 ἑλκομένων.
1732 2746 1789 2797 Ὀ
1816 2747 1872 2797 δὲ

295 2829 492 2894 ὥσπερ
546 2829 816 2898 δόγματος
867 2832 1049 2901 ἐχεται
1081 2833 1172 2885 τοῦ
1224 2838 1592 2905 φρονήματος,
1638 2836 1733 2887 νῦν
1776 2840 1874 2904 μὲν

292 2918 493 2971 τοῦτον
548 2920 849 2988 σχεδιάζων
894 2925 973 2983 είς
1018 2923 1117 2991 τὴν
1165 2925 1255 2976 τοῦ
1308 2928 1643 2995 πατριάρχου
1697 2925 1869 2989 ἀξίαν,

298 3011 399 3062 νῦν
432 3012 476 3063 δ’
510 3014 737 3064 ἐκεῖνον.
779 3015 886 3066 Καὶ
920 3014 972 3066 τί
997 3014 1076 3067 δεῖ
1105 3018 1171 3067 τὰ
1204 3016 1374 3068 πλείω
1413 3018 1591 3083 λέγειν
1619 3021 1715 3085 τῆς
1742 3018 1871 3070 στά-

302 3104 800 3167 σεως;’1ἐλευτῶν
847 3106 924 3167 είς
991 3106 1257 3174 Παλαμᾶν
1303 3110 1396 3160 καὶ
1451 3109 1716 3178 Ἰσίδωρον
1749 3112 1873 3170 τοὺς

298 3195 680 3262 ἐκκηρύκτους

298 3286 523 3354 ἀξίωμα
562 3289 899 3357 περιίστησι.
948 3292 1056 3343 Καὶ
1097 3292 1288 3360 χρόνος
1323 3294 1413 3345 ἐπὶ
1465 3297 1573 3355 τοῖς
1616 3296 1875 3360 τοιούτοις

299 3381 575 3447 ἐτρίϐετο,
608 3382 701 3433 τοῦ
733 3382 831 3450 μὲν
865 3384 1199 3447 αύθεντικῶς
1234 3386 1328 3437 τοῦ
1362 3381 1683 3456 πράγματος
1714 3391 1881 3441 ἀπτο-

299 3470 500 3537 μένου,
536 3470 693 3539 ήμῶν
738 3472 794 3524 δὲ
831 3469 895 3525 αῦ
938 3474 1310 3542 ἐνισταμένων
1353 3476 1594 3545 σφοδρῶς
1630 3477 1704 3541 ὡς
1732 3481 1873 3548 εἴχο-

300 3578 428 3627 μεν,
463 3562 554 3612 καὶ
588 3562 897 3616 ἀδικεῖσθαι
929 3566 1246 3632 φασκόντων
1277 3569 1509 3637 θεσμοὺς
1547 3571 1875 3639 Ἐκκλησίας

296 3652 397 3702 καὶ
431 3653 614 3719 νόμων
658 3653 968 3721 ἀκρίϐειαν.
1007 3655 1198 3721 Ὅμως
1234 3659 1359 3727 νικᾷ
1403 3658 1633 3728 θέλημα,
1670 3663 1875 3731 σαρκός

295 3760 361 3795 τε
406 3746 500 3795 καὶ
534 3745 787 3813 αἵματος,
820 3744 1033 3818 καὶρῖα
1069 3750 1136 3801 τὰ
1166 3750 1301 3801 Θεοῦ
1346 3753 1609 3821 κρίματα,
1649 3759 1741 3809 καὶ
1765 3757 1872 3806 τῶν

297 3838 572 3889 πλειόνων
596 3841 1045 3909 ἀπορραγέντων,
1073 3845 1164 3895 καὶ
1191 3845 1520 3899 διαστάντων
1547 3849 1871 3916 ἀρχιερέων.

298 3932 515 3997 γίνεται
554 3932 920 4001 πατριάρχης,
955 3932 1000 3985 ῶ
1031 3934 1177 3986 Θεοῦ
1194 3936 1348 4004 νόμοι
1380 3941 1471 3989 καὶ
1502 3940 1829 4009 δικαστήρια
1857 3943 1868 3991 !

313 4022 610 4091 Ἰσίδωρος,
646 4025 674 4074 ὁ
703 4025 905 4086 πάσαις
937 4025 1141 4093 ψήφοις
1175 4030 1533 4099 πατριαρχῶν
1570 4032 1665 4083 καὶ
1691 4036 1877 4101 ἀρχιε-

300 4114 452 4180 ρέων
501 4112 870 4183 καθαιρεθεὶς,
925 4118 1018 4167 καὶ
1069 4117 1283 4183 καθίζει
1346 4122 1438 4171 ἐπὶ
1484 4123 1577 4173 τοῦ
1636 4125 1871 4191 μεγάλου

295 4202 494 4270 θρόνου
538 4203 565 4253 ὁ
601 4204 734 4272 μηδὲ
770 4206 1006 4274 σμικροῦ
1040 4207 1170 4272 γοῦν
1202 4210 1413 4278 κριθεὶς
1472 4212 1617 4275 ἄξιος
1668 4214 1873 4283 άνθρω⁹

294 4313 424 4360 πος,
471 4297 547 4354 ώς
578 4298 627 4348 οἱ
658 4297 848 4349 τοῦτον
904 4301 1147 4371 ἀκριϐῶς
1174 4302 1395 4365 εἰδότες,
1446 4306 1536 4356 καὶ
1586 4307 1749 4358 πάλαι
1781 4311 1874 4360 καὶ

290 4388 398 4441 νῦν
447 4389 718 4454 λέγουσιν,
753 4391 1042 4459 ἀϐέλτερος
1078 4393 1213 4460 πρὸς
1264 4397 1374 4456 τοῖς
1409 4396 1606 4456 ἄλλοις,
1650 4398 1872 4466 κοῦφος,

292 4478 505 4549 ἀφελὴς
534 4478 592 4528 τὸ
617 4478 894 4546 φρόνημα.
916 4481 1013 4547 οὐχ
1042 4481 1299 4549 ὁμιλῆσαι
1318 4483 1565 4546 εὶδὼς,ού
1596 4486 1791 4539 διελεῖν
1815 4490 1873 4541 τὸ

1975 2015 2093 2058 σας,
2130 1997 2427 2066 συντρίψας
2446 1999 2503 2050 δὲ
2526 2000 2617 2051 καὶ
2636 2000 2701 2051 τά
2724 2001 3000 2071 ἐλαιοδόχα
3026 2001 3134 2052 τῶν
3158 2002 3319 2068 ίερῶν
3344 2002 3539 2071 σκεύη,

1974 2091 2038 2142 ἵν’
2063 2090 2137 2151 ώς
2178 2088 2380 2151 Ἰούδας
2416 2092 2679 2162 ἀργύριον
2712 2093 3001 2161 κτήσηται,
3036 2092 3128 2145 καὶ
3155 2094 3263 2146 οὐδ’
3297 2096 3324 2147 ό
3346 2095 3539 2162 τρισά-

1973 2183 2117 2244 θλιος
2150 2183 2416 2247 αἰδεσθεὶς
2451 2185 2550 2253 τὴν
2599 2184 2692 2237 τοῦ
2750 2187 3019 2253 σωτηρίου
3054 2186 3258 2249 πάθους
3303 2188 3545 2257 ἡμέραν,

1972 2277 2070 2343 τῆς
2101 2276 2367 2345 μεγίστης
2396 2279 2505 2330 τῶν
2534 2279 2794 2347 νηστειῶν
2825 2279 3139 2349 ἑϐδομάδος,
3171 2279 3412 2348 λουτροῖς
3450 2280 3542 2332 θε-

1978 2368 2238 2438 ραπεύειν
2282 2370 2344 2421 τὸ
2390 2370 2569 2438 σῶμα,
2608 2372 2701 2424 καὶ
2749 2374 2999 2441 τροφαῖς,
3054 2374 3144 2424 καὶ
3188 2373 3428 2437 πόσεσιν,
3463 2375 3542 2435 εἰς

1973 2461 2267 2514 κατάλυσιν
2294 2462 2393 2531 μὲν
2419 2462 2511 2515 τοῦ
2544 2464 2786 2528 κανόνος,
2818 2470 3148 2534 πρόσκομμα
3173 2465 3228 2517 δὲ
3259 2465 3351 2517 καὶ
3379 2466 3543 2517 σκάν-

1972 2555 2131 2607 δαλον
2162 2557 2261 2623 τῆς
2292 2558 2399 2608 τῶν
2432 2559 2679 2627 μοναχῶν
2707 2560 3085 2627 συνειδήσεως,
3123 2561 3215 2612 καὶ⁹
3246 2562 3351 2611 τῶν
3376 2563 3541 2612 ἀκου-

1973 2647 2139 2698 όντων
2175 2649 2272 2714 μὲν
2309 2650 2460 2711 ἴσως,
2488 2653 2595 2702 τῶν
2624 2652 2678 2703 δὲ
2714 2652 2992 2720 παρόντων
3031 2653 3122 2703 καὶ
3154 2652 3405 2722 δρώντων
3438 2653 3543 2717 μά-

1973 2735 2130 2788 λιστα
2161 2740 2218 2789 ἐν
2243 2742 2307 2808 τῇ
2340 2742 2437 2807 τῆς
2474 2741 2843 2802 Ἀναστάσεως
2872 2741 3109 2807 Χριστοῦ
3139 2742 3231 2794 τοῦ
3259 2741 3394 2794 Θεοῦ
3424 2742 3544 2812 θεία

1978 2834 2132 2899 μονῇ.
2172 2833 2344 2885 Αὑτοῦ
2372 2835 2482 2903 γὰρ
2509 2836 2605 2886 καὶ
2629 2838 2742 2896 τοῖς
2770 2835 3317 2904 καταποντιστηρίοις
3341 2836 3544 2904 μᾶλλον

1975 2922 2006 2988 ἢ
2070 2922 2463 2993 καθαρτηρίοις
2521 2924 2741 3000 θερμοῖς
2810 2926 3101 2995 ἐχρήσατο.
3153 2919 3314 2978 Οὗτοι
3363 2928 3543 2979 τοίνυν

1977 3011 2163 3079 ὥσπερ
2191 3014 2420 3082 ἀνομίας
2453 3016 2713 3084 κρηπῖδες
2755 3016 3151 3084 ὑποϐληθέντες
3178 3019 3240 3085 τῇ
3285 3018 3377 3069 τοῦ
3408 3018 3544 3085 Χρι-

1981 3106 2111 3156 στοῦ
2150 3106 2525 3179 Ἐκκλησίᾳ,ἢ
2566 3109 2777 3179 φαύλης
2810 3111 3119 3180 συμμορίας
3148 3111 3545 3181 προϐληθέντες

763 3200 853 3249 καὶ
931 3197 1273 3267 ἀποϐλήτους
1347 3200 1406 3252 τὸ
1476 3201 2043 3276 πατριαρχικὸνρτῇ
2096 3198 2189 3251 τοῦ
2251 3201 2487 3269 Χριστοῦ
2553 3203 2849 3274 Ἐκκλησία
2902 3204 3173 3271 ἡγεμόνες
3222 3204 3544 3273 φαυλότεροι

1980 3293 2378 3362 παρεισάγουσι
2410 3296 2536 3357 τοὺς
2584 3298 2652 3367 τά
2684 3296 2862 3357 αὐτῶν
2904 3298 3070 3351 πάλαι
3119 3298 3470 3367 φρονοῦντας,
3512 3299 3541 3366 ἢ

1981 3389 2078 3439 καὶ
2130 3385 2223 3437 νῦν
2272 3388 2488 3454 φρονεῖν
2529 3387 3034 3455 ἐπαγγελλομένους
3082 3393 3192 3450 τοῖς
3245 3392 3408 3459 ίεροῖς
3434 3390 3543 3441 τῶν

1993 3476 2327 3546 Ἐκκλησιῶν
2382 3477 2983 3548 θρόνοις,·άνθρώπους
3050 3481 3178 3549 μήθ’
3223 3482 3345 3533 ὅθεν
3413 3484 3541 3545 εἰσὶ,

1982 3570 2107 3639 μήθ’
2146 3572 2232 3623 ὅτι
2284 3573 2688 3639 προεστήσαντο
2721 3572 3060 3641 ἐπιτήδευμα
3114 3573 3269 3643 παρά
3296 3575 3387 3626 τὸν
3428 3573 3544 3642 βίον

1979 3664 2417 3728 γινωσκομένους
2450 3666 2560 3724 τοῖς
2604 3664 2833 3716 πλείοσι.
2871 3666 2979 3715 Καὶ
3018 3664 3324 3734 πληροῦται
3357 3665 3543 3718 λοιπὸν

1978 3758 2009 3822 ή
2062 3754 2156 3807 τοῦ
2199 3754 2335 3805 Θεοῦ
2374 3754 2671 3822 Ἐκκλησία
2716 3755 2976 3824 αἰσχύνης
3019 3758 3113 3808 καὶ
3162 3757 3400 3820 ἀδοξίας,
3441 3760 3544 3810 ούκ

1981 3844 2126 3897 ἐστιν
2190 3846 2385 3908 είπεῖν,
2417 3846 2623 3915 ὁπόσης
2666 3848 2762 3897 καὶ
2791 3846 2930 3907 οἵας.
2964 3847 3074 3901 Καὶ
3120 3848 3169 3897 οί
3216 3847 3315 3913 μὲν
3346 3848 3541 3909 οὕτως.

1992 3937 2182 4005 Ἡμεῖς
2216 3936 2283 3999 δὲ,
2304 3936 2449 3998 ἆπαξ
2476 3937 2573 4003 τῆς
2608 3938 2790 3989 αὐτῶν
2820 3938 3107 3999 κοινωνίας
3137 3940 3543 4009 ἀπορραγέντες

1982 4031 2216 4097 μένομεν
2246 4030 2608 4097 ἡσυχάζοντες
2640 4032 2723 4097 ἐφ’
2754 4030 2985 4094 ἑαυτῶν,
3010 4029 3130 4098 Θεῷ
3164 4032 3307 4099 μόνῳ
3338 4034 3404 4083 τά
3446 4032 3542 4093 τῆς

1978 4120 2192 4181 ἀδικίας
2220 4121 2585 4181 ἀνατιθέντες,
2621 4121 2878 4173 κάκεῖθεν
2904 4122 3003 4192 τὴν
3050 4122 3237 4189 κρίσιν
3261 4121 3369 4174 τῶν
3392 4139 3543 4187 γινο-

1982 4215 2156 4281 μένων
2200 4214 2351 4280 ἥξειν
2398 4212 2730 4275 ἐλπίζοντες.
2776 4212 2916 4266 Ἀλλ’
2962 4211 3085 4280 οὐχὶ
3136 4214 3229 4265 καὶ
3263 4214 3312 4263 οί
3367 4214 3542 4275 οὕτως

1981 4304 2121 4369 ἡμᾶς
2174 4303 2534 4370 ἀδικήσαντες
2589 4305 2818 4372 ἠρεμεῖν
2870 4303 3182 4369 ἀγαπῶσιν,
3230 4302 3346 4357 ἀλλ’
3383 4305 3539 4373 εἰμὴ

1981 4396 2071 4446 καὶ
2102 4396 2246 4463 ἡμᾶς
2303 4398 2382 4453 είς
2415 4396 2471 4446 τδ
2508 4394 2619 4445 ίσον
2667 4395 2881 4455 ἑαυτοῖς
2929 4394 3203 4463 βάραθρον
3263 4411 3541 4461 συγκατα-

1983 4486 2273 4549 σπάσαιεν,
2326 4486 2718 4553 ἐπιτιθέμενοι,
2769 4487 2866 4536 καὶ
2916 4484 3279 4546 καθέλκοντες
3328 4488 3540 4550 ἑαυτοῖς

293 4570 551 4635 κρεῖττον
582 4567 691 4618 ἀπὸ
736 4566 830 4619 τοῦ
876 4567 1140 4636 χείρονος,
1172 4567 1283 4623 οἷον
1323 4576 1586 4641 προσήκει
1623 4579 1731 4636 τοῖς
1772 4578 1869 4644 ἄρ·
1905 4558 1949 4615 Ῑ)
1980 4575 2279 4634 κοινωνεῖν,
2327 4575 2429 4626 οὐκ
2480 4572 2704 4626 ἀνεκτὸν
2753 4573 3005 4642 ἥγηνται.
3050 4573 3257 4624 Οὐκοῦν
3312 4576 3405 4625 νῦν
3442 4578 3541 4642 μὲν

292 4677 479 4731 χουσι,
511 4659 767 4711 τοσοῦτον
798 4661 1236 4725 ἁπτόμενος-τῶν
1263 4667 1627 4733 πραγμάτων,
1654 4670 1753 4720 ὅσα
1781 4671 1874 4722 καὶ

300 4754 623 4823 μύρμηκες,
676 4753 818 4805 κατὰ
848 4752 946 4821 τῆς
978 4755 1078 4822 γῆς
1125 4755 1407 4824 ἓρποντες,
1444 4760 1632 4810 παιδιά
1671 4778 1752 4821 τις
1783 4762 1872 4812 ἀν-

295 4862 496 4911 τικρυς
550 4844 703 4912 κοινὴ
738 4848 849 4905 τοῖς
896 4846 1252 4910 καταπαίζειν
1303 4850 1465 4901 αὑτὸν
1508 4852 1868 4920 βουλομένοις.

303 4936 375 4991 Ὀ
407 4936 465 4988 δὲ
496 4937 687 4988 τούτου
732 4936 1078 5005 χεῖρον,ὀύδ’
1118 4938 1392 5007 ὑποταγῆς
1438 4942 1631 5006 νόμους
1667 4942 1868 5008 μαθὼν,

298 5033 413 5085 οὐδ’
439 5032 500 5080 ἐν
531 5028 786 5097 κοινοϐίῳ
815 5030 1063 5097 τραφεὶς,
1097 5030 1210 5081 ἀλλ’
1239 5032 1425 5084 ἄστεσι
1458 5036 1551 5085 καὶ
1582 5035 1873 5097 πολιτείαις

302 5119 798 5191 συμπεφυρμένος,
826 5123 921 5169 καὶ
957 5120 1327 5187 παιδαγωγεῖν
1382 5124 1472 5171 καὶ
1505 5123 1871 5190 παιδοτριϐεῖν

302 5218 570 5283 παιδάρια
616 5217 890 5283 ἐλόμενος,
922 5215 1051 5266 ἔνθα
1096 5216 1190 5267 καὶ
1239 5214 1548 5283 ἀποστῆσαί
1584 5233 1767 5281 φασιν,
1799 5218 1871 5278 ὡς

300 5310 543 5378 εἴρηται,
576 5309 801 5372 γύναιον
847 5307 941 5359 τοῦ
976 5306 1167 5375 ἀνδρὸς
1216 5308 1307 5357 καὶ
1348 5307 1452 5358 τῶν
1490 5306 1689 5357 παίδων
1731 5308 1787 5358 ἐν
1814 5325 1871 5359 τε

296 5402 699 5469 Θεσσαλονίκῃ,
738 5400 928 5467 ὥσπερ
973 5402 1067 5452 καὶ
1112 5402 1167 5451 ἐν
1220 5398 1494 5468 Βυζαντίῳ
1531 5399 1744 5468 ἕτερον,
1786 5400 1872 5451 οἵα

298 5495 333 5559 ἡ
380 5491 475 5542 τοῦ
510 5490 790 5542 κυδωνίου
820 5489 1089 5556 θυγάτηρ,
1127 5490 1267 5557 οῖαή
1297 5488 1388 5541 τοῦ
1416 5490 1697 5559 Τζυράκη.
1732 5492 1872 5542 Ὅσα

302 5586 360 5636 δέ
416 5585 511 5635 καὶ
544 5584 819 5635 διδάσκειν
872 5584 1061 5643 αὐταῖς
1122 5599 1252 5641 φασι
1301 5580 1587 5651 λαθραίαις
1637 5582 1873 5649 ὁμιλίαις

302 5677 661 5745 ἀπορρήτους
697 5676 847 5735 τινὰς
888 5677 985 5726 καὶ
1020 5678 1251 5735 ἀτόπους
1282 5675 1648 5737 διδασκαλίας,
1679 5676 1873 5743 παρεί-

306 5769 424 5820 σθω
454 5771 568 5830 τοῖς
616 5766 1000 5835 πνευματικῶς
1026 5767 1163 5819 αὐτὰ
1191 5768 1501 5829 ἑξετάσασι,
1537 5767 1610 5833 μὴ
1658 5767 1748 5818 καὶ
1782 5768 1872 5818 τὸν

303 5861 447 5927 ἀέρα
473 5859 845 5929 ἐμπλήσωμεν
899 5860 1264 5929 βλασφημίας.
1303 5857 1367 5909 Τί
1404 5860 1509 5927 γάρ
1543 5859 1606 5911 ἂν
1659 5863 1748 5910 καὶ
1787 5860 1885 5930 διο,

1979 4664 2371 4733 πρεσϐεύουσι,
2423 4667 2515 4716 καὶ
2548 4662 3039 4733 καθυπισχνοῦνται
3075 4666 3306 4733 μεγάλα,
3361 4667 3453 4718 νῦν
3485 4668 3540 4719 δὲ

1980 4757 2398 4826 μεταϐαλόντες,
2444 4756 2660 4809 ποιοῦσι
2715 4756 2782 4807 τά
2830 4756 3070 4808 διωκτῶν
3102 4758 3195 4807 καὶ
3238 4758 3536 4826 τυράννων,

1973 4850 2071 4899 καὶ
2133 4848 2577 4916 καθειργνύουσιν
2628 4846 3055 4913 ἀσφαλῶς,ὦστ’
3086 4848 3347 4911 ἀθεάτους
3397 4848 3536 4902 εῖναι

1974 4941 2065 4993 καὶ
2098 4941 2411 5009 ἀπροῖτονκ,
2458 4942 2614 4991 ὁποῖα
2644 4943 2738 4992 καὶ
2783 4941 2980 5010 λῃσταὶ
3026 4940 3240 4992 ποιοῦσι
3287 4943 3413 5004 τοὺς
3458 4946 3539 5010 εἰς

1976 5034 2167 5101 χεῖρας
2208 5033 2406 5093 ἰόντας,
2444 5032 2540 5083 καὶ
2590 5032 2881 5092 πιέζουσιν
2903 5030 3388 5103 ὁπόσαδύνανται.
3422 5032 3536 5083 Νῦν

1975 5124 2019 5175 δ’
2052 5124 2362 5175 ἀπειλοῦσιν
2394 5122 2647 5175 ἐπιπλέον
2669 5122 2882 5187 ἐξάγειν
2909 5122 2975 5174 τά
2994 5123 3090 5190 τῆς
3119 5121 3537 5191 ἀπανθρωπίας.

1976 5214 2107 5269 Εἶτα
2138 5219 2229 5266 καὶ
2258 5215 2477 5284 Γραφάς
2507 5213 2632 5265 καθ’
2666 5212 2821 5283 ήμῶν
2861 5214 3244 5281 σκαιωροῦσιν,
3278 5213 3528 5283 ἔγκλημα

1976 5309 2287 5375 ποιούμενοι
2319 5307 2414 5373 τὴν
2444 5304 2863 5373 ἀκοινωνησίαν,
2891 5305 3019 5357 ἄλλο
3044 5304 3088 5355 δ’
3133 5304 3305 5359 οὐδέν.
3350 5306 3537 5373 Ἀφαι-

1981 5400 2199 5469 ροῦνται
2233 5398 2365 5466 πρὸς
2418 5397 2629 5457 τούτοις
2670 5396 2769 5457 τὰς
2820 5395 3116 5463 ἐκκλησίας
3147 5396 3242 5448 καλ⁵
3289 5398 3409 5459 τοὺς
3442 5397 3536 5450 τοῦ

1984 5492 2083 5559 ζῇν
2110 5494 2257 5559 ἡμᾶς
2291 5489 2515 5559 πόρους,
2552 5490 2639 5541 ἵνα
2679 5486 2905 5547 θάνατος
2937 5489 3065 5555 ἡμῖν
3108 5485 3282 5551 βίαιος
3314 5488 3534 5555 ἐπιστῇ.

1989 5586 2131 5638 Ἀλλ’
2165 5587 2324 5653 ἡμεῖς
2354 5584 2512 5654 μέχρι
2541 5580 2688 5641 τινὸς
2727 5580 3041 5648 ἀνεχόμενοι
3072 5579 3170 5644 τῆς
3196 5579 3401 5631 τούτων
3428 5594 3535 5629 πα-

1981 5676 2315 5747 ραπληξίας,
2378 5677 2452 5736 ώς
2504 5674 2652 5726 οὐδὲν
2714 5672 3115 5739 ἐπιεικέστερον
3176 5672 3390 5731 εἴδομεν
3440 5672 3537 5722 αύ-

1980 5770 2103 5827 τοὺς
2131 5766 2552 5833 διατιθεμένους,
2587 5764 2802 5830 δρῶμεν
2833 5764 2859 5813 ὃ
2891 5763 2981 5814 καὶ
3007 5761 3095 5817 τοῦ
3127 5762 3309 5823 κακῶς
3340 5764 3535 5820 αὐτοὺς

1982 5858 2246 5927 ἃρξαοοαι
2296 5860 2465 5909 ποιεῖν
2494 5858 2637 5924 ἡμᾶς
2670 5855 2793 5917 ἔδει,
2822 5855 2911 5905 καὶ
2949 5856 3130 5925 κοινὴν
3174 5854 3306 5923 πρὸς
3341 5855 3535 5913 αὐτοὺς
