4274 6452
279 419 387 480 885

1431 414 1868 474 Gil/ECORUM
1913 414 2384 479 SENTENTl/E.

3405 410 3508 474 896

276 534 406 600 ὅρια
434 527 693 598 ιΙατέρων
721 530 794 599 μὴ
822 530 1083 598 μεταίρειι
1155 531 1604 602 προαιρουμένοις.
1646 530 1840 599 Ἐγρά-
1872 536 1913 592 Α
1946 531 1957 583 i

1825 558 1840 568 -
1872 536 1913 592 Α
1946 526 2051 583 illis
2072 530 2249 584 inesse
2275 543 2300 581 a
2332 526 2531 582 dcitatc
2554 525 2670 588 Dei,
2699 523 2794 595 qui
2818 538 2914 594 per
2937 522 3166 594 gratiam
3193 536 3320 578 suas
3351 538 3503 578 crea-

278 638 354 688 φη
389 623 416 672 6
461 619 653 688 παρὼν
700 620 877 688 Τόμος
929 621 1056 688 μηνὶ
1100 620 1323 689 Ἰουλίῳ,
1371 620 1718 683 Ίνδικτιῶνος
1761 629 1839 674 ιε’.

286 711 542 774 «Audite,
582 713 756 764 trilzus
786 720 940 764 terra:
967 718 1019 762 et
1046 711 1261 779 linguae,
1295 719 1484 778 gentes
1507 726 1697 765 omnes
1727 727 1846 780 qum

282 803 545 856 habitatis
574 803 673 856 sub
695 804 856 860 cado,
887 800 1198 871 quicunque
1226 803 1430 856 scilicet
1458 803 1624 856 Deum
1658 820 1843 857 verum

279 895 492 956 colunt,
518 905 571 946 et
609 910 770 947 uuam
801 892 1059 946 Deitatem
1089 895 1141 946 in
1179 895 1351 948 tribus
1386 895 1633 962 personis
1679 895 1840 961 glori-

283 987 526 1038 tieatam.
556 987 776 1045 Audite,
810 987 902 1053 qui
936 995 1124 1039 sancto
1151 986 1394 1053 peruncti
1425 987 1557 1039 estis
1585 986 1848 1054 sanguine

279 1078 505 1144 pretiosi
532 1078 689 1142 Agni.
716 1077 808 1143 qui
851 1077 1078 1130 etlinicm
1112 1076 1388 1145 religionis
1415 1093 1678 1140 errorem,
1714 1079 1849 1130 mul-

280 1179 361 1220 los
402 1169 530 1218 deos
579 1177 933 1232 astruentem,
965 1168 1233 1229 dissolvit,
1282 1179 1338 1220 ut
1365 1185 1504 1221 unus
1538 1168 1678 1222 Deus
1714 1184 1849 1221 una-

277 1275 386 1325 qui!
414 1259 583 1312 licitas
613 1261 885 1313 coleretur
918 1260 984 1312 ab
1025 1260 1092 1314 iis
1132 1261 1223 1327 qui
1265 1262 1314 1313 in
1349 1261 1625 1314 Christum
1663 1260 1848 1314 Domi-

283 1365 416 1401 num
459 1359 705 1402 nostrum
756 1350 1055 1405 credidere.
1110 1352 1328 1412 Audite,
1377 1367 1497 1415 qua:
1533 1361 1846 1420 tempestas,

277 1436 404 1502 quis
435 1440 617 1497 turbo,
647 1440 1026 1506 quzeetenebrae
1052 1477 1066 1498 ,
1107 1440 1274 1493 niulto
1313 1439 1580 1508 Egyptiis
1614 1441 1718 1493 illis
1745 1441 1841 1492 im-

282 1529 580 1586 maniores.
614 1527 922 1581 Grmcorum
960 1530 1253 1582 Ecclesiaut
1291 1543 1704 1599 oppresserunt.
1749 1532 1846 1584 Ne-

279 1632 388 1680 que
419 1619 563 1669 enim
596 1616 807 1672 suffecit
864 1620 1082 1672 diabolo
1115 1621 1329 1682 generis
1386 1622 1558 1674 nostri
1593 1621 1655 1674 ad
1689 1623 1851 1674 inter-

283 1706 567 1758 net-iouem
627 1708 862 1770 eversio,
897 1724 1082 1775 quam,
1129 1722 1248 1760 cum
1311 1708 1575 1760 homicida
1617 1707 1850 1761 essetab

281 1800 460 1851 initio.
513 1801 829 1866 procuravit
864 1815 956 1867 per
993 1798 1350 1853 defectionem
1407 1807 1459 1852 et
1499 1799 1846 1851 rebellionem

278 1891 628 1956 propriorum
680 1891 1170 1943 instrumentorum
1199 1908 1212 1951 ;
1264 1905 1361 1943 nec
1385 1889 1518 1942 satis
1565 1889 1637 1942 illi
1671 1890 1847 1942 visunt
1882 1869 1920 1923 Β

278 1991 389 2040 est,
432 1990 512 2032 tot
560 1979 776 2032 urbium
845 1988 901 2032 et
934 1978 1215 2046 regionum
1273 1978 1527 2045 proditio,
1598 1994 1698 2032 nec
1742 1995 1848 2031 non

276 2071 717 2123 Christianorum
782 2071 957 2123 credes
1012 2080 1064 2122 et
1115 2071 1475 2139 captivitates.
1537 2078 1591 2122 et
1639 2070 1852 2139 generis

277 2159 524 2212 universi
561 2176 622 2212 ac
655 2163 826 2214 aetatis
886 2161 1240 2225 direptiones,
1304 2159 1407 2212 nisi
1443 2159 1605 2214 etiam
1657 2159 1851 2212 ferreis

275 2254 528 2304 vectibus
568 2252 864 2305 Ecclesiam
911 2251 1001 2306 Dei
1061 2260 1392 2314 concuteret,
1431 2251 1566 2304 adeo
1597 2261 1653 2303 ut
1693 2252 1849 2304 simul

273 2341 460 2392 omnia
495 2342 550 2394 in
582 2342 925 2409 precipitium
987 2353 1192 2412 ageret,
1227 2355 1278 2396 et
1314 2344 1364 2395 in
1398 2343 1729 2418 profundum
1760 2345 1852 2394 de-

277 2446 578 2501 mergeret,
615 2435 1050 2504 dogutata,leges
1075 2450 1266 2490 'sacras
1301 2446 1355 2490 ct
1380 2437 1593 2489 Patrum
1620 2439 1850 2501 saneita,

276 2543 474 2596 parum
511 2529 636 2596 quid
686 2528 754 2580 ad
786 2530 1136 2595 tantasjiircs
1163 2530 1314 2583 dirus
1378 2531 1479 2583 istc
1512 2528 1762 2598 Sopltista
1800 2541 1851 2582 et

284 2620 463 2670 hostis
495 2620 790 2674 existimat.
841 2622 976 2685 Quid
1015 2623 1158 2674 enim
1206 2622 1372 2675 facit?
1407 2624 1571 2675 Paulo
1617 2633 1761 2683 ante,
1797 2632 1854 2674 ut

279 2724 479 2764 ornes
508 2712 704 2775 nostis,
743 2715 1040 2767 exsuscitat
1065 2714 1316 2766 homines
1343 2714 1634 2782 quosdam,
1671 2730 1854 2765 umna-

277 2802 513 2853 chorum
555 2818 640 2855 res
669 2803 962 2855 ementitos
996 2814 1048 2856 et
1081 2811 1268 2855 nutiuo
1325 2805 1684 2866 decertantes,
1719 2816 1770 2857 et
1798 2814 1854 2856 ut

275 2892 466 2958 aptius
495 2893 697 2955 dicam,
763 2895 815 2947 in
851 2894 1012 2948 rectis
1045 2896 1259 2963 pictatis
1295 2896 1654 2963 dogmatibus,
1688 2895 1851 2947 Veluti

277 2983 519 3048 zizania,
559 2994 773 3044 enatos,
806 2994 859 3037 et
909 2986 1135 3053 probum
1177 2984 1297 3037 fidei
1346 3000 1529 3038 semen
1565 2987 1850 3049 laedentes;

274 3076 372 3141 qui
400 3075 523 3128 licet
551 3078 906 3144 sibimetipsis
942 3078 1304 3143 discrepantia
1349 3088 1401 3131 et
1428 3077 1586 3145 longe
1615 3079 1847 3136 diversa.

274 3170 639 3220 consonantia
674 3169 1036 3222 nihilominus
1077 3184 1265 3222 eorum
1317 3173 1508 3223 niotori
1547 3171 1714 3238 impio
1743 3172 1850 3223 till}.

1948 633 2099 676 turas
2125 622 2226 674 sibi
2259 619 2611 688 cognomines
2642 617 2791 681 facit,
2821 631 2994 684 neque
3018 604 3306 684 propterea
3340 615 3494 668 multi

1949 714 2041 774 dii,
2081 727 2250 778 neque
2283 709 2519 764 Domini.
2558 723 2730 776 neque
2778 706 3007 761 deitates
3043 704 3266 758 infinita:
3315 719 3506 756 secun-

1949 807 2072 856 dum
2105 804 2250 872 ipsos
2289 800 2698 870 operationibus
2728 807 3200 856 commensuratze.
3232 797 3323 851 sed
3364 812 3507 848 unus

1953 897 2113 953 tiens,
2148 910 2286 945 unus
2322 893 2603 952 Dominus,
2641 906 2743 944 una
2797 891 3001 950 Deitas,
3030 899 3086 942 ut
3119 889 3336 943 divinus
3368 888 3505 940 Pau-

1952 987 2035 1040 lus
2073 985 2265 1054 inquit,
2302 985 2660 1052 pluralitatem
2696 983 2912 1044 vitans;
2951 997 3014 1032 ne
3049 982 3099 1033 in
3134 981 3504 1049 gentilismum

1950 1079 2230 1130 abeamus.
2263 1074 2354 1130 Sic
2373 1092 2434 1128 ex
2473 1075 2758 1144 supposito
2794 1073 2931 1125 lutili
2963 1071 3115 1132 moti,
3146 1071 3325 1124 Statim
3362 1087 3510 1122 com-

1953 1167 2291 1234 parationum
2335 1165 2680 1228 eniineutias,
2716 1172 2767 1215 et
2795 1162 3061 1223 defectus,
3098 1171 3150 1214 et
3179 1161 3509 1229 suppOsitio-

1954 1268 2068 1316 nes,
2103 1263 2155 1305 et
2175 1253 2572 1319 depreSsiones,
2598 1252 2716 1305 sine
2736 1251 2841 1304 ulla
2874 1251 3101 1310 ratione.
3137 1253 3504 1306 recentiorum

1952 1344 2141 1406 harum
2187 1341 2453 1395 Deitatum
2491 1342 2843 1403 concludunt,
2901 1340 3198 1394 referentes
3232 1341 3294 1392 ad
3331 1341 3505 1393 Deita-

1953 1444 2080 1496 tem,
2113 1449 2230 1502 qua:
2263 1435 2506 1503 analogia
2542 1435 2687 1486 omni
2726 1443 2774 1487 et
2805 1433 3120 1487 habitudine
3143 1443 3193 1484 et
3222 1447 3508 1500 compara-

1953 1526 2098 1578 tione
2125 1525 2377 1592 superior
2412 1534 2495 1577 est
2523 1543 2535 1588 ;
2577 1524 3038 1591 quemadmodum
3076 1537 3311 1586 superne
3341 1523 3504 1575 divini

1953 1633 2233 1670 sermones
2264 1618 2550 1680 intonant;
2587 1631 2758 1681 neque
2794 1615 2905 1668 fieri
2935 1617 3128 1683 potuit,
3158 1632 3223 1669 ex
3256 1631 3363 1681 quo
3387 1626 3509 1667 nata

1953 1719 2080 1762 Sunt
2111 1708 2307 1760 sarcula
2345 1709 2517 1760 donec
2565 1708 2676 1774 ipsa
2713 1721 2906 1759 rursus
2939 1708 3254 1774 depereant,
3287 1693 3390 1757 alia
3423 1721 3509 1756 ra-

1954 1803 2099 1853 tione
2120 1799 2339 1853 si'utire.
2368 1800 2604 1859 Necnon,
2631 1799 2771 1866 quod
2795 1797 3035 1851 omnium
3063 1795 3509 1849 absurdissimum

1953 1902 2054 1956 est,
2073 1892 2529 1960 quemadmodum
2551 1890 2934 1958 prophetarum
2961 1890 3170 1953 eloquia
3192 1881 3510 1940 enuntiant:

1958 1983 2122 2035 «frixit
2162 1983 2322 2048 Deus,
2384 1983 2594 2034 locutus
2630 1990 2711 2033 est
2743 1980 3018 2043 Dominus,
3049 1991 3103 2032 et
3149 1979 3251 2031 hoc
3296 1988 3349 2030 et
3384 1977 3508 2030 illud

1951 2077 2190 2143 prmcipit
2229 2074 2599 2142 Omnipotens,
2635 2092 2652 2124 ι
2691 2083 2744 2127 et
2775 2087 2956 2125 vocem
2991 2082 3151 2139 atque
3181 2085 3513 2130 sermonem,

1951 2166 2040 2231 qui
2075 2181 2235 2232 supra
2271 2177 2576 2218 sermonem
2614 2171 2720 2223 est,
2760 2162 2869 2215 Deo
2902 2177 3127 2229 prorsus
3180 2162 3505 2228 appingunt,

1952 2256 2021 2306 ita
2050 2265 2098 2307 et
2134 2255 2185 2306 lii
2213 2269 2470 2322 personas
2503 2252 2790 2320 efﬁngunt,
2852 2262 2902 2304 et
2934 2252 2985 2304 in
3018 2251 3377 2304 substantiam
3417 2266 3513 2318 pa-

1955 2347 2057 2398 lam
2093 2354 2260 2413 agunt
2285 2344 2562 2398 naturales
2589 2345 2684 2396 has
2717 2343 2804 2395 Dei
2830 2344 3192 2410 operationes.
3215 2358 3335 2410 qua:
3365 2352 3513 2394 extra

1955 2436 2313 2488 substantiun
2374 2437 2670 2488 secundum
2713 2450 2770 2487 se
2803 2443 2953 2497 sunt,
3008 2444 3061 2485 et
3095 2434 3264 2500 loqui.
3299 2445 3350 2486 et
3384 2449 3517 2485 eon-

1953 2544 2224 2589 suescere,
2257 2544 2318 2582 ac
2355 2529 2399 2581 si
2438 2528 2547 2582 vita
2583 2528 2816 2594 praedita:
2873 2539 3075 2590 essent,
3109 2543 3230 2579 cum
3267 2527 3372 2581 illis
3403 2529 3494 2594 qui

1952 2633 2138 2669 eorum
2178 2621 2349 2672 sacris
2385 2618 2578 2671 initiati
2616 2629 2748 2671 sunt
2784 2617 3071 2684 spondent,
3125 2625 3177 2668 et
3210 2618 3258 2668 iu
3309 2618 3516 2669 increa—

1955 2718 2061 2759 titttl
2121 2719 2371 2761 naturam
2413 2723 2604 2761 eorum
2659 2708 2953 2776 participes
3014 2709 3320 2760 immutare.
3372 2707 3514 2772 Quin

1954 2800 2060 2851 imo
2078 2808 2130 2852 et
2156 2800 2548 2854 benefactrices
2576 2810 2766 2852 vocant
2799 2801 3004 2852 similes
3030 2799 3284 2861 deitates,
3319 2800 3516 2852 beneti-

1954 2903 2065 2952 cas,
2099 2889 2406 2957 cuicunque
2438 2889 2540 2940 illze
2573 2888 2865 2946 voluerint,
2893 2886 3108 2954 proprio
3139 2886 3372 2953 quedam
3408 2903 3518 2934 mo-

1954 2983 2040 3033 do.
2077 2980 2665 3046 Supersubstantialetn
2702 2994 2829 3031 vero
2858 2979 3129 3054 'llcitatem
3187 2993 3374 3044 parum
3419 2985 3510 3028 aut

1957 3071 2090 3123 nihil
2125 3070 2190 3124 ad
2221 3071 2420 3123 similia
2452 3071 2640 3122 dicunt
2683 3068 2953 3121 conferre.
3019 3067 3140 3121 Hasc
3177 3077 3230 3120 et
3260 3068 3515 3133 pleraque

1954 3162 2058 3215 alia
2115 3162 2307 3229 partim
2345 3160 2516 3228 palam
2569 3161 2802 3212 recitant
2834 3169 2888 3212 et
2919 3157 3328 3211 commentariis
3360 3173 3516 3211 man-

277 3259 433 3310 nmni
474 3259 843 3326 praedicabant
872 3274 936 3312 ac
970 3258 1297 3312 sentiebant.
1330 3258 1576 3325 Namque
1609 3276 1670 3312 ex
1717 3261 1845 3326 ipSis
1875 3261 1916 3318 C
1951 3255 2099 3310 dant.
2131 3254 2322 3321 partim
2359 3252 2664 3307 clanculum
2722 3252 3042 3322 loquuntur,
3072 3265 3193 3304 cum
3227 3249 3427 3318 quibus
3459 3249 3515 3305 in

275 3350 506 3417 quidam
543 3350 662 3402 ausi
692 3359 842 3412 sunt,
872 3349 1010 3403 idem
1042 3352 1334 3405 essentiam
1367 3350 1454 3404 l)ei
1491 3363 1542 3403 et
1580 3354 1851 3420 operatio-

274 3458 402 3496 nem
431 3442 770 3507 existimare,
797 3452 912 3508 aut,
945 3445 989 3497 si
1035 3444 1404 3511 operationem
1439 3444 1584 3497 aliud
1625 3459 1745 3497 esse
1776 3453 1852 3496 te-

273 3534 519 3586 nendum
556 3543 660 3597 est,
694 3549 804 3586 non
859 3545 1187 3588 coarternam
1233 3536 1380 3588 illam
1433 3535 1635 3597 dicere,
1679 3550 1851 3601 neque

273 3625 524 3691 ejusdem
569 3625 820 3693 principii
858 3641 979 3679 cum
1021 3628 1352 3694 sempiterno
1383 3637 1434 3679 et
1463 3628 1728 3696 principio
1757 3643 1848 3680 ca-

277 3722 437 3767 rente
488 3713 620 3778 Deo,
677 3714 772 3768 sed
822 3724 1059 3769 creatam
1115 3726 1166 3768 et
1195 3718 1626 3785 COI'lllpllllllt‘m,
1681 3727 1849 3770 utres

273 3819 472 3856 moues
504 3813 700 3857 creatae
731 3804 910 3873 qualis
942 3806 994 3858 in
1027 3806 1296 3859 Thaborio
1351 3807 1644 3860 divinitatis
1674 3808 1849 3875 splen-

277 3899 381 3948 dor
429 3899 707 3964 apparuit,
745 3909 838 3950 aut
871 3899 982 3962 illa,
1019 3915 1140 3967 qua:
1184 3899 1495 3966 pastoribus
1534 3900 1731 3959 illuxit,
1767 3900 1847 3952 vel

271 4003 616 4056 quiscumque
673 3989 777 4042 alia
815 3990 906 4042 Dei
955 3991 1219 4059 apparitio
1255 3989 1375 4043 fuit.
1429 3990 1494 4044 Et
1543 3991 1595 4043 lii
1632 3991 1846 4059 quidem

276 4081 381 4133 hac
423 4080 653 4132 ratione.
682 4081 784 4133 Alii
820 4095 976 4149 :equo
1034 4097 1221 4135 errore
1260 4080 1542 4148 implicati,
1604 4081 1712 4133 imo
1739 4081 1851 4147 pri-

277 4189 400 4226 mos
425 4188 686 4239 superare
720 4173 1132 4235 contendentes,
1175 4189 1206 4226 ο
1246 4175 1484 4226 animam
1519 4181 1571 4224 et
1606 4173 1844 4241 linguam

272 4276 329 4317 et
370 4279 590 4317 manum
630 4264 969 4334 intemperiis
1010 4268 1218 4320 actam!
1272 4266 1476 4333 scripto
1509 4266 1690 4319 miseri
1745 4275 1850 4318 tra-

272 4359 434 4418 dunt,
471 4372 576 4409 non
609 4371 639 4409 e
670 4357 807 4410 cirlo
845 4356 1166 4421 fabulantes,
1210 4359 1302 4411 sed
1335 4373 1399 4410 ex
1429 4367 1592 4418 terra,
1628 4366 1685 4410 ut
1718 4372 1850 4408 ven-

277 4450 554 4513 ιιξίιὶίίυίὲ,
598 4447 746 4501 velut
800 4447 971 4501 Isaias
1003 4447 1189 4511 tradit,
1240 4449 1422 4516 spuria
1458 4448 1703 4515 qureilam
1751 4461 1847 4499 nec

275 4553 539 4606 germana
573 4539 849 4604 dogmata,
882 4554 1002 4606 quae
1056 4553 1231 4606 neque
1260 4539 1445 4592 l’atres
1477 4539 1646 4592 nostri
1683 4554 1846 4590 nove-

1957 3346 2286 3412 colloquium
2310 3344 2554 3403 veniunt.
2590 3342 3050 3395 liomuneionibus
3071 3350 3123 3395 et
3153 3341 3512 3404 mulierculis,

1955 3435 2319 3489 temere'liinc
2347 3435 2472 3488 inde
2505 3435 2765 3488 collectis.
2826 3433 3223 3486 Testimonium
3261 3432 3516 3486 exhibent

1955 3542 2060 3578 non
2098 3526 2252 3594 pauci
2283 3540 2469 3578 eorum
2495 3526 2586 3594 qui
2615 3526 2952 3594 spiritualem
2984 3540 3168 3578 curam
3197 3525 3500 3577 animarum

1954 3629 2169 3685 gerunt,
2204 3634 2231 3671 a
2265 3619 2464 3672 delusis
2491 3635 2583 3685 per
2623 3619 2769 3686 ipsos
2800 3633 2910 3669 rem
2949 3626 3356 3684 extorquentes,
3394 3626 3506 3669 tum

1953 3710 2167 3764 demum
2199 3710 2263 3762 ad
2295 3724 2393 3762 nos
2447 3709 2772 3762 referentes.
2831 3707 2935 3762 Sed
2983 3708 3139 3776 primi
3186 3707 3286 3769 illi,
3322 3707 3511 3775 quales

1953 3809 2110 3853 erant
2142 3799 2412 3852 Barlaami
2446 3814 2734 3868 sequaces,
2790 3799 2884 3867 qui
2927 3798 2990 3851 ad
3031 3798 3191 3852 italos
3223 3814 3390 3867 genus
3424 3814 3510 3849 re-

1958 3888 2189 3951 ferebat,
2226 3899 2298 3951 et,
2342 3903 2462 3956 qua:
2484 3889 2742 3942 Italorum
2767 3899 2916 3952 sunt,
2945 3888 3181 3952 fovebat,
3235 3888 3511 3954 congressi

1951 3994 2072 4032 cum
2111 3979 2231 4032 istis
2265 3979 2318 4032 in
2347 3978 2556 4044 judicio
2587 3992 2766 4042 sacro,
2806 3978 2882 4030 uti
2933 3993 3029 4046 par
3062 3988 3199 4043 erat,
3241 3978 3367 4031 victi
3401 3979 3514 4030 di's-

1951 4078 2252 4124 cesserunt.
2306 4069 2539 4122 Secundi
2605 4077 2783 4122 autem
2843 4068 2896 4120 lii
2963 4072 3223 4129 victores,
3281 4084 3407 4120 cum
3444 4072 3507 4119 ad

1952 4170 2163 4229 tempus
2215 4177 2402 4214 eorum
2451 4176 2682 4214 examen
2731 4158 3058 4222 differretur,
3122 4161 3334 4213 interim
3395 4179 3512 4213 ses--

1950 4253 2275 4315 retinebant,
2310 4267 2407 4306 nec
2436 4252 2488 4305 in
2509 4252 2782 4320 publicum
2813 4268 3032 4306 suarum
3057 4252 3511 4318 blasphemiarum

1951 4353 2162 4411 partum
2204 4344 2452 4402 edebant,
2491 4358 2556 4394 ne
2587 4343 2870 4409 gentiliqu
2925 4345 3335 4410 superstitione,
3387 4359 3508 4408 qua:

1953 4436 2154 4488 multos
2193 4434 2325 4486 deos
2349 4434 2579 4495 colebat,
2636 4432 2819 4485 infecti
2860 4447 2924 4484 ac
2966 4433 3213 4496 judicati,
3254 4432 3515 4499 lapidibus

1954 4542 2048 4578 ora
2073 4527 2506 4578 obstruerentur.
2537 4523 2674 4588 Quid
2707 4537 2871 4591 porro
2892 4524 3016 4576 inde
3040 4525 3389 4576 subsecutum
3411 4523 3515 4575 est?

276 4585 539 4606 οκ--η--Ἧ
578 4585 849 4604 -υο---η---ι
886 4585 1002 4606 -.-η
1056 4585 1230 4606 un.“
1260 4585 1275 4590 -
1301 4585 1443 4592 -----
1477 4585 1646 4592 -----»-
1683 4585 1745 4590 --υ
1794 4585 1814 4590 ν
2561 4585 2576 4588 -
2707 4585 2724 4591 -

275 4639 423 4690 runt,
459 4638 516 4681 ut
541 4629 725 4682 divino
759 4630 978 4696 eloquio
1046 4638 1287 4691 utamur,
1340 4645 1514 4697 neque
1544 4630 1697 4682 nobis
1735 4639 1844 4680 tra-
1883 4585 1924 4638 Β
1955 4618 2088 4671 Cum
2148 4625 2354 4683 partem
2413 4616 2786 4667 adversantem
2820 4613 3093 4668 debellare
3137 4613 3239 4665 nisi
3266 4612 3516 4673 luissi-nt,

275 4720 572 4771 diaterunt:
621 4733 725 4772 nec
773 4719 1004 4772 audiunt
1040 4733 1291 4786 magnum
1327 4717 1552 4771 Paulum
1592 4718 1846 4787 profanas

278 4825 478 4862 vocum
507 4810 772 4863 novitates
817 4808 1054 4876 abjicere
1095 4809 1517 4877 praecipientem,
1555 4825 1725 4876 neque
1757 4824 1846 4861 sa-

277 4903 520 4969 pientem
565 4898 955 4953 Salomonem:
999 4898 1150 4952 «Noli
1202 4915 1393 4967 sapere
1447 4914 1847 4968 supervacanea

275 5004 330 5049 et
361 5002 559 5062 praeter
578 5009 794 5046 usum.»
821 4990 1067 5060 Namque
1089 4991 1663 5059 supersubstantialem
1687 5006 1846 5042 unam

280 5085 570 5148 lii-itatcm,
600 5085 716 5137 sive
735 5099 902 5136 unum
939 5083 1103 5136 Deum
1127 5085 1176 5134 iu
1211 5083 1405 5135 'l‘riade
1437 5083 1554 5134 sine
1584 5081 1848 5133 divisione

275 5176 540 5238 divismn,
581 5189 719 5227 nova
745 5173 1010 5226 divisione
1042 5173 1448 5226 subdividentes
1479 5174 1714 5224 audaces
1738 5172 1847 5233 isti,

279 5269 482 5320 inultas
509 5267 774 5335 quasdam
816 5265 1046 5319 deitatcs
1068 5281 1204 5328 esse,
1232 5272 1282 5315 et
1311 5263 1509 5315 multos
1535 5264 1686 5325 deos,
1716 5275 1852 5329 prae-

278 5370 362 5413 ter
384 5374 506 5411 vera
538 5359 816 5427 dogmata,
839 5355 1178 5424 impudenter
1192 5367 1241 5407 et
1270 5353 1553 5407 temerarie
1580 5354 1847 5406 sanciunt.

275 5454 445 5504 Aiunt
474 5451 696 5520 quippe,
723 5451 997 5503 naturaies
1026 5458 1080 5501 et
1111 5447 1425 5501 essentiales
1458 5445 1546 5499 Dei
1575 5446 1850 5512 operatio-

279 5559 378 5596 ncs
435 5542 746 5595 divinorqu
789 5542 980 5594 horum
1014 5551 1066 5593 et
1096 5539 1538 5590 admirandorum
1570 5537 1847 5590 nominum

282 5651 388 5687 non
424 5636 607 5687 minus
628 5633 922 5702 participes
952 5648 1090 5685 esse.
1117 5629 1219 5684 Nec
1253 5625 1378 5682 illud
1407 5648 1432 5682 a
1467 5630 1645 5682 divina
1671 5630 1853 5697 Scrip-

282 5735 402 5778 tura
435 5725 848 5786 intelleaerunt,
905 5732 997 5775 aut
1031 5722 1202 5776 edocti
1256 5732 1401 5784 sunt,
1446 5723 1575 5773 deos
1608 5735 1658 5772 et
1685 5720 1856 5772 domi-

288 5833 411 5880 διας,
460 5816 684 5884 angelos
716 5816 874 5869 simul
909 5822 960 5867 et
996 5814 1238 5867 homines
1281 5814 1407 5868 dici.
1446 5823 1490 5864 ei
1535 5823 1852 5880 potestatem

1949 4709 2183 4775 etsigna
2241 4707 2476 4760 victoria:
2533 4705 2822 4774 synodales
2860 4705 3066 4757 litteras
3113 4704 3515 4770 deportassen',

1950 4802 2133 4852 statim
2172 4799 2394 4852 victoria
2445 4797 2595 4860 elati,
2631 4796 2862 4864 primum
2901 4796 3118 4863 quidem
3154 4796 3314 4853 clam,
3364 4803 3514 4860 post-

1950 4891 2169 4945 modum
2201 4890 2501 4959 propalam,
2531 4897 2886 4957 prazceptores
2912 4901 3005 4955 per
3045 4902 3104 4940 se
3137 4887 3302 4938 creati
3334 4887 3518 4937 civita—

1953 4986 2022 5037 tis
2061 4983 2440 5045 ostenduntur,
2495 4990 2550 5034 ct
2587 4995 2754 5033 novos
2788 4994 3023 5039 errores,
3077 4979 3242 5030 veluti
3307 4978 3511 5029 semina

1954 5092 2140 5146 prava,
2176 5076 2497 5128 miserorum
2534 5072 2813 5124 hominum
2840 5071 3035 5124 animis
3070 5072 3415 5122 inseminant.
3454 5069 3518 5122 Et

1955 5171 2086 5232 haec,
2120 5178 2403 5236 postquam
2443 5167 2509 5218 ab
2540 5165 2776 5217 Ecclesia
2804 5163 2912 5216 illis
2970 5163 3297 5232 iujunctum,
3338 5175 3515 5229 neque

1955 5265 2005 5315 in
2031 5269 2300 5329 posterum
2337 5259 2585 5322 dogmata
2613 5255 2775 5316 ferre,
2813 5270 2988 5322 neque
3021 5255 3257 5316 docere;
3296 5254 3378 5306 sin
3417 5254 3516 5305 mi-

1956 5369 2080 5412 nus,
2135 5350 2609 5406 exsecrationibus
2642 5362 2798 5414 atque
2856 5345 3517 5399 excommunicationibus

1956 5441 2119 5495 futuri
2147 5450 2327 5493 essent
2349 5440 2592 5492 obnoxii.
2625 5438 2758 5489 Tum
2781 5439 2950 5505 magis
2969 5453 3031 5490 ac
3050 5435 3217 5502 magis
3240 5434 3292 5486 in
3313 5434 3518 5487 malitia

1961 5533 2300 5602 proﬁcientes
2327 5574 2339 5595 ,
2376 5547 2408 5584 o
2439 5530 2904 5583 ίιιγριηιριιιῡ-ξὶειιιιΞ
2973 5529 3176 5591 nuptiis
3229 5527 3516 5581 hominum

1965 5640 2158 5677 manus
2202 5622 2483 5690 irzjiciunt;
2519 5623 2746 5688 juvenes
2779 5620 3029 5672 mulieres
3069 5634 3099 5671 a
3146 5617 3276 5671 viris
3309 5626 3360 5670 et
3393 5616 3518 5671 liliis

1975 5717 2253 5784 intrepide,
2281 5715 2573 5783 peregrinis
2610 5715 2723 5765 suis
2747 5724 2904 5779 atquc
2931 5710 3183 5764 absurdis
3223 5711 3516 5770 doctrinis.

1969 5817 2283 5876 separantes
2307 5851 2320 5870 ,
2353 5805 2577 5857 facinori
2610 5804 2807 5855 addunt
2845 5811 3096 5855 tonsuras
3133 5801 3520 5872 tenierariaset
