4274 6452
756 440 866 505 896

1938 439 2039 500 DE
2076 436 2471 499 GREGOBIO
2510 437 2811 497 PALAMA

3888 427 3999 495 895

758 570 988 621 namque
1014 558 1285 609 cone'usso
1320 562 1369 605 et
1422 554 1761 621 perturbato,
1810 552 1966 606 cadet
2000 553 2224 605 omnino
2266 556 2320 601 et
2352 553 2391 603 Α
2430 551 2610 604 randte
2642 559 2923 619 propterea
2965 547 3135 601 sancti
3184 560 3373 599 eorum
3413 544 3623 613 imperii
3678 556 3850 596 sacra:
3900 558 4000 596 ex-

758 668 767 689 -.
798 647 1007 699 niversa
1046 646 1191 698 illius
1225 646 1595 715 congregatio.
1630 643 1834 711 Etiam
1871 642 2177 709 intelligite.
2219 641 2319 694 Pa-

758 740 930 790 lamas
974 739 1057 789 hie
1105 745 1265 803 atque
1312 736 1580 799 Barlaam,
1614 744 1805 789 mutuo
1851 738 2218 795 decertantes,
2266 740 2323 785 et

760 847 825 879 oe
877 828 1176 895 impietatis
1224 828 1451 881 crimine
1498 829 1638 880 alius
1689 827 1853 880 alium
1903 826 2319 882 insintulantes.

760 918 1127 985 disquisitioni
1166 920 1410 989 synodali
1441 918 1750 972 demandati
1802 926 1950 971 sunt.
1988 915 2171 970 Nostis
2212 914 2323 967 fere

758 1026 969 1069 omnes.
1009 1026 1182 1079 neque
1211 1010 1473 1079 ignoratis
1496 1010 1794 1063 maximum
1825 1008 1975 1061 illum
2001 1008 2053 1060 in
2080 1006 2321 1059 Ecclesia

761 1116 1138 1167 congressum,
1170 1102 1221 1153 in
1256 1116 1384 1168 quo,
1415 1100 1581 1153 stellae
1612 1100 1800 1162 instar,
1834 1096 2189 1167 prtefulgebat
2212 1097 2323 1163 pie-

765 1194 889 1245 talis
946 1204 1317 1259 propugnator
1372 1194 1665 1256 imperator
1716 1200 1915 1254 noster,
1977 1187 2209 1243 celebris
2261 1202 2326 1242 ac

764 1285 930 1333 bonne
981 1284 1285 1345 memoriae,
1324 1291 1478 1351 pater
1514 1280 1871 1348 potentissimi
1904 1289 1955 1333 et
2003 1280 2173 1331 sancti
2221 1276 2325 1329 ιιιρί

766 1372 1133 1432 imperatoris,
1188 1385 1310 1423 cum
1358 1378 1580 1421 senatus
1612 1367 1974 1437 principibus.
2010 1366 2074 1420 Et
2120 1365 2328 1435 primus

764 1462 981 1523 quidem
1021 1458 1289 1519 Barlaam,
1341 1468 1597 1524 tanquam
1633 1474 1796 1526 prava
1830 1457 2068 1513 sentiens
2116 1464 2171 1510 et
2216 1457 2329 1509 elo-

765 1565 960 1618 quens.
1005 1560 1116 1602 tum
1158 1549 1223 1602 de
1272 1548 1630 1602 inaccessibili
1679 1547 2196 1617 Transfigurationis
2252 1546 2332 1599 itt-

768 1641 931 1698 miue.
966 1649 1075 1691 tum
1106 1638 1171 1689 de
1200 1638 1447 1691 oratione
1476 1639 1561 1690 illa
1588 1656 1601 1691 :
1634 1656 1653 1689 ‹
1686 1637 1912 1691 Domine
1937 1636 2062 1691 Jesn
2089 1636 2327 1697 Christe.

766 1731 865 1783 Fili
914 1731 1027 1791 Dei.
1075 1730 1333 1785 miserere
1386 1728 1579 1794 nostri,
1612 1746 1631 1779 ι
1686 1729 2104 1791 condemnatur,
2152 1738 2205 1780 et
2250 1728 2330 1781 sic

767 1823 1064 1876 secundum
1093 1836 1333 1875 canones
1364 1823 1429 1873 ad
1458 1820 1834 1874 accusandum
1864 1820 2077 1886 ineptus
2114 1817 2327 1884 iudica-

770 1924 875 1965 tur.
908 1912 1041 1966 Cum
1079 1925 1202 1964 vero
1246 1910 1427 1964 statim
1466 1923 1565 1963 nos
1606 1909 1659 1962 in
1686 1910 1868 1963 varias
1904 1909 2067 1963 etiam
2109 1917 2329 1962 senteo-
2357 1887 2400 1942 Β

770 2004 871 2056 tias
898 2003 1284 2063 divideremur,
1320 2002 1384 2054 de
1410 1999 1655 2063 Palama,
1690 2010 1945 2067 tanquam
1979 1999 2072 2067 qui
2106 1999 2242 2052 forte
2273 1998 2327 2051 in

771 2093 891 2144 aliis
919 2107 1129 2143 errasse
1154 2106 1369 2159 quoque
1393 2089 1916 2157 deprehenderetur,
1952 2089 2003 2142 in
2036 2089 2136 2142 hoc
2164 2089 2326 2141 etiam

772 2198 957 2235 sacras
996 2182 1322 2247 divitiasque
1365 2181 1509 2249 leges
1533 2180 1840 2242 audientes,
1866 2194 1988 2249 qua:
2024 2180 2140 2234 sine
2169 2193 2331 2232 accu-

773 2286 953 2328 satore
983 2284 1035 2326 et
1077 2274 1396 2342 probatione
1434 2274 1706 2327 neminem
1738 2276 2103 2328 condemnare
2137 2271 2331 2342 praeei-

773 2371 956 2435 pinnt,
983 2369 1089 2420 alio
1117 2367 1279 2421 modo
1308 2382 1420 2421 rem
1448 2382 1569 2421 esse
1600 2368 1936 2435 dirigendam
1964 2368 2329 2422 decrevimus.

772 2462 952 2528 Quare
988 2458 1134 2511 illius
1172 2472 1397 2511 examen
1446 2458 1497 2510 in
1544 2458 1689 2511 aliud
1726 2466 1938 2523 tempus
1983 2457 2330 2519 distulimus;

777 2566 885 2603 non
912 2551 982 2603 ita
1019 2558 1220 2612 tamen,
1251 2557 1309 2601 ut
1338 2549 1427 2603 ille
1462 2549 1597 2603 liber
1626 2557 1792 2611 esset,
1825 2547 2125 2616 iisdemque
2156 2558 2335 2602 utere-

778 2654 866 2692 tur
891 2660 904 2704 ;
930 2655 1105 2706 neque
1131 2640 1275 2693 enim
1309 2641 1538 2709 probum
1571 2656 1749 2709 neque
1780 2641 1910 2694 utile
1935 2641 2204 2693 universa:
2235 2639 2336 2692 Ee-

774 2733 956 2786 clvsize
985 2736 1159 2785 visum
1190 2740 1294 2795 est,
1323 2732 1487 2785 licere
1518 2732 1592 2784 illi
1624 2732 1810 2787 eadem
1843 2731 2082 2801 aggredi,
2117 2732 2184 2784 de
2215 2732 2334 2800 qui-

775 2826 875 2878 lms
914 2825 1286 2889 dubitabatur,
1324 2841 1446 2878 cum
1480 2840 1654 2894 neque
1684 2842 1712 2879 a
1752 2802 2054 2879 canonibits
2096 2836 2336 2893 potesta-

774 2930 879 2969 tem
907 2917 1204 2971 habuisset.
1235 2916 1377 2970 Solis
1401 2916 1541 2969 enim
1570 2932 1807 2971 canones
1854 2918 2173 2983 praesulibus
2220 2918 2332 2981 illa,

773 3024 893 3072 qua:
926 3007 1139 3075 pietatis
1164 3015 1313 3071 sunt,
1356 3006 1619 3075 populum
1664 3007 1936 3061 instruere
1970 3008 2331 3077 permittunt:

772 3103 872 3153 etsi
900 3102 950 3153 in
976 3100 1266 3166 Scriptura:
1299 3099 1477 3153 verbis
1510 3100 1882 3153 controversia
1911 3100 2177 3168 quaepiam
2210 3108 2333 3152 nata

2430 644 2626 711 pedita!
2666 644 2795 694 sint.
2851 638 2911 691 Et
2942 630 3131 706 gratia!
3172 637 3282 691 sint
3332 635 3462 699 Deo,
3509 636 3599 703 qui
3634 635 3793 687 nobis
3827 635 4002 703 impe-

2427 743 2637 786 ratores
2668 731 3020 792 ortbodoxos,
3070 738 3124 783 et
3156 728 3417 782 Ecclesiae
3463 737 3900 795 propugnatores
3938 743 4004 781 ac

2427 825 2761 884 defensores.
2813 822 3092 890 elargitur.
3147 820 3351 875 Herum
3402 821 3563 873 etiam
3603 835 3702 874 nos
3750 819 4000 871 divinum

2428 915 2602 969 zelum
2638 923 2693 967 et
2720 914 2973 983 pietatem
3004 912 3435 973 considerantes,
3467 926 3663 964 manus
3686 926 3907 977 s~mper
3934 910 3999 962 ad

2426 1007 2597 1060 Deum
2639 1003 2914 1073 supplices
2942 1003 3241 1059 tendimus.
3281 1016 3701 1068 preeamnrque.
3750 1001 3999 1066 quietum

2431 1097 2540 1149 illis
2566 1106 2616 1148 et
2650 1104 2903 1157 pacatum
2935 1094 3223 1161 imperium
3252 1092 3319 1145 ad
3356 1107 3527 1146 annos
3566 1091 3829 1159 plurimos
3868 1106 3972 1142 con

2435 1188 2575 1241 cedi.
2610 1186 2899 1254 Reliquum
2932 1185 3117 1254 itaque
3138 1193 3243 1248 est,
3277 1196 3335 1238 ut
3362 1184 3693 1237 verecundia
3720 1193 3771 1235 et
3802 1184 4002 1234 confu-

2435 1278 2589 1333 sione
2618 1278 2733 1344 ipse
2761 1286 2814 1328 et
2842 1290 3106 1345 sequaces
3132 1283 3186 1328 et
3208 1274 3453 1328 fautores
3482 1283 3533 1327 et
3565 1275 3867 1327 concordes
3905 1274 4005 1323 im-

2433 1371 2702 1439 pleantur,
2750 1367 2842 1436 qui
2885 1376 3143 1435 tanquam
3188 1367 3560 1419 venerandum
3596 1364 3898 1433 quidpiam,
3951 1376 4005 1415 et

2432 1461 2689 1515 Ecclesim
2728 1459 3133 1520 necessarium,
3171 1457 3344 1516 illius.
3385 1459 3478 1524 qni
3512 1456 3851 1508 conamen-itis
3882 1470 3999 1520 par.-

2431 1545 2536 1609 nis,
2559 1556 2611 1599 et
2642 1546 2711 1599 iis
2741 1560 2879 1613 quas
2899 1545 3003 1600 sibi
3030 1546 3131 1613 ipsi
3162 1553 3322 1598 antea
3357 1544 3647 1599 indixerat.
3681 1544 4003 1601 mulctatus.

2431 1646 2485 1692 et
2510 1649 2730 1704 propter
2757 1637 2865 1702 jam
2903 1638 3047 1691 dicta
3080 1636 3131 1689 in
3155 1636 3424 1701 judicium
3451 1644 3673 1688 vocatus
3697 1635 3877 1687 fuerat
3901 1651 4005 1688 una

2430 1744 2554 1784 cum
2607 1719 2983 1798 hypopsephio
3033 1728 3448 1787 Monembasiae.
3506 1729 3905 1781 commentaria
3951 1735 4006 1778 et

2432 1835 2615 1880 voces.
2653 1836 2722 1872 ne
2750 1821 2997 1874 dicamus
3029 1834 3230 1887 recens,
3257 1828 3380 1871 nata
3418 1820 3691 1884 dogmata.
3725 1817 3847 1871 aliis
3881 1831 4007 1884 pro-

2431 1921 2661 1981 ponunt.
2698 1910 2993 1963 Damnatus
3016 1919 3275 1976 przeterea
3300 1919 3380 1962 est
3408 1909 3586 1964 dictus
3608 1907 4004 1962 Nonenrhasia:

2433 2002 2835 2073 hypopseph‘ius
2868 2040 2882 2064 ,
2914 2002 3006 2069 qui
3049 2004 3237 2054 eadem
3273 2016 3335 2055 ac
3363 1999 3615 2055 Palamas
3644 2000 3917 2054 sentiebat
3950 1999 4003 2051 in

2432 2094 2615 2163 pravis
2664 2093 2970 2146 divinorum
3033 2092 3387 2160 Eloquiorum
3439 2091 3899 2159 expositionibus.
3954 2103 4001 2141 rt

2432 2187 2575 2255 quod
2610 2186 2678 2238 ab
2700 2198 2764 2238 eo
2789 2199 2848 2239 se
2871 2184 3202 2253 disiungere.
3232 2196 3287 2238 et
3323 2184 3715 2253 professionem
3772 2185 4005 2252 propria!

2433 2279 2714 2335 sententia:
2748 2288 2803 2333 et
2848 2280 3029 2332 cultus
3074 2278 3287 2333 tradere
3335 2279 3526 2332 nollet.
3582 2277 4000 2339 Verumtamen,

2436 2372 2639 2440 quibus
2671 2370 2724 2423 id
2756 2370 2808 2423 in
2840 2370 3023 2423 animo
3053 2380 3160 2433 est,
3195 2378 3255 2423 ut
3288 2369 3556 2423 malorum
3596 2368 3842 2422 omnium
3908 2384 4011 2421 au-

2432 2463 2604 2516 ctoris
2640 2461 2903 2516 daemonis
2934 2460 3052 2513 telis
3071 2460 3507 2528 impenetrabiles
3537 2461 3686 2524 liant,
3713 2462 3863 2513 omni
3892 2469 4011 2512 stu-

2433 2555 2524 2609 dio
2560 2569 2617 2608 se
2650 2566 2977 2621 quacunque
3005 2567 3066 2605 ex
3106 2559 3262 2620 parte
3295 2550 3584 2605 defendere
3616 2550 3849 2604 debent.
3892 2549 4008 2602 Mo-

2435 2644 2538 2699 dus
2567 2645 2768 2714 quippe
2818 2642 2965 2696 illius
3001 2650 3107 2704 est,
3142 2652 3195 2695 et
3229 2642 3420 2711 ingens
3459 2651 3758 2705 certamen,
3788 2657 4009 2709 semper

2436 2735 2687 2790 scandala
2743 2745 2989 2789 serentes
3046 2732 3101 2786 in
3153 2732 3396 2787 Ecclesia
3447 2733 3695 2786 homines
3738 2732 4002 2785 excitare.

2438 2828 2544 2881 Sed
2577 2843 2674 2880 vos
2723 2827 2776 2880 in
2822 2827 3152 2895 evangelieis
3198 2835 3253 2879 et
3298 2824 3619 2894 apostolicis
3661 2834 3714 2876 et
3761 2825 4009 2891 paternis

2439 2918 2828 2971 traditionibus
2859 2918 3088 2978 assueti,
3119 2924 3175 2969 et
3211 2916 3435 2977 exculti,
3470 2925 3525 2970 et
3550 2914 3778 2983 legitimi
3815 2913 4008 2967 Eccle-

2437 3008 2530 3060 siae
2556 3008 2670 3069 filii,
2700 3007 3016 3059 omnimoda
3048 3007 3115 3059 ab
3144 3006 3211 3059 iis
3236 3008 3329 3073 qui
3356 3004 3635 3059 Palamam
3668 3017 4004 3073 sequuntur,

2436 3100 2799 3168 separatione,
2836 3100 3107 3152 immunes
3138 3098 3511 3167 vosmetipsos
3533 3113 3867 3151 conservare
3894 3111 4009 3151 stu-

772 3196 863 3250 sit,
896 3189 1349 3258 quemadmodum
1391 3205 1418 3242 a
1471 3187 1690 3242 deiferis
1726 3188 1979 3243 Patribus
2008 3200 2331 3258 exponatur.
2365 3214 2406 3269 ο
2440 3191 2582 3244 dete.
2644 3188 2777 3254 Quis
2830 3188 2974 3242 enim
3024 3202 3214 3242 eorum
3273 3188 3589 3241 commercii
3645 3197 3699 3240 et
3750 3188 4007 3241 auditorii

777 3281 875 3330 l‘io
905 3278 1127 3347 quibus,
1160 3287 1304 3331 totno
1331 3278 1540 3347 digesto
1568 3294 1630 3331 ex
1656 3278 1897 3348 synodali
1921 3281 2215 3345 sententia,
2250 3296 2336 3333 ex-

773 3370 1195 3423 t-emnnnnieatio
1242 3371 1347 3422 lata
1381 3379 1461 3423 est
1492 3385 1639 3438 ;qua
1684 3370 1773 3424 ille
1818 3372 2083 3439 neglecta,
2132 3374 2331 3424 malum

774 3463 1013 3525 adauxit,
1046 3462 1366 3528 scriptiones
1396 3478 1585 3516 rursus
1608 3464 1827 3516 easdem
1855 3473 1908 3516 et
1940 3464 2335 3531 disputationes

777 3568 1069 3619 usurpans.
1109 3570 1137 3606 a
1165 3554 1384 3621 quibus,
1421 3564 1479 3607 ut
1518 3554 1743 3628 omnino
1775 3553 2086 3620 abstineret,
2116 3555 2328 3624 iussum

775 3643 970 3696 fuerat.
1005 3642 1406 3712 Proptercaque
1430 3658 1492 3697 ex
1524 3659 1587 3698 eo
1615 3653 1863 3713 tempore
1896 3644 1949 3697 in
1972 3644 2227 3713 ambiguo
2251 3660 2338 3699 res

775 3738 912 3789 erat,
957 3737 1009 3780 et
1039 3727 1363 3781 succi-dente
1396 3734 1635 3794 tempore
1671 3727 1844 3796 magis
1886 3742 1950 3781 ac
1990 3728 2160 3796 magis
2191 3727 2336 3781 circa

776 3818 1033 3885 pitet..tetn
1084 3817 1331 3871 Palamas
1385 3818 1675 3883 ambiguus
1724 3818 2032 3881 videbatur,
2076 3833 2201 3873 cum
2238 3833 2340 3871 nec

780 3910 1174 3975 professionem
1198 3909 1318 3962 fidei
1338 3910 1635 3977 inscriptis,
1651 3910 1713 3963 ab
1732 3909 1968 3963 Ecclesia
1990 3910 2336 3977 postulatam,

776 4000 1075 4057 exhiberet.
1098 3999 1379 4063 Quomodo
1396 4000 1577 4067 itaque
1599 4000 1841 4054 resillius
1860 4000 2341 4069 negligi‘poterant,

775 4103 904 4144 tium
932 4092 1019 4144 ille
1051 4092 1386 4159 pervicacius
1417 4092 1703 4145 inhaereret
1735 4094 2039 4161 proposito.
2075 4107 2176 4145 nec
2211 4106 2240 4145 a
2270 4092 2344 4145 si-

779 4182 996 4235 mi'ibus
1024 4182 1430 4233 commentariis
1477 4180 1795 4242 abstineret,
1824 4188 1879 4233 et
1904 4181 2103 4234 multos
2132 4188 2343 4248 pertur-

781 4276 933 4332 bans,
965 4272 1030 4325 ad
1063 4270 1435 4339 expositiones
1480 4287 1609 4325 suas
1652 4271 2055 4339 amplectendas
2099 4270 2340 4339 compel-

781 4364 933 4423 ιιτιιι,
970 4362 1105 4414 male
1130 4363 1293 4415 etiam
1323 4363 1475 4415 Tomi
1507 4363 1768 4415 nonnulla
1805 4371 2128 4430 exponeret.
2162 4376 2341 4431 neque

783 4453 1034 4505 I-Zt-rlosiae
1064 4467 1123 4506 se
1148 4452 1490 4505 submitteret
1514 4452 1782 4519 ‘Iideoqne
1807 4468 1911 4506 non
1938 4452 2217 4523 neglectus
2236 4462 2337 4512 est.

2440 3282 2614 3337 usus?
2658 3280 2827 3346 Cujus
2873 3295 3003 3333 vero
3046 3280 3233 3349 gratias
3277 3278 3428 3333 fures
3478 3280 3739 3334 Ecelesia:
3786 3282 4006 3348 quidem

2437 3374 2725 3441 imperium
2758 3374 3085 3436 detrectant,
3140 3372 3501 3426 archieratica
3536 3387 3662 3424 vero
3708 3388 3881 3439 opera
3923 3389 4011 3438 3;;-

2436 3464 2777 3533 grediuntur,
2808 3475 3107 3532 amantque
3154 3464 3377 3528 docere,
3411 3472 3465 3517 et
3492 3464 3830 3531 persuadere
3875 3479 4008 3517 con-

2438 3555 2688 3614 tendunt.
2718 3554 2858 3608 bona
2896 3568 3017 3609 esse
3045 3568 3167 3618 qua:
3202 3553 3273 3607 ab
3305 3552 3439 3622 ipsis
3467 3553 3824 3607 enuntiantur
3851 3554 3875 3605 ?
3906 3552 4012 3605 No-

2439 3645 2521 3699 bis
2565 3662 2727 3715 porro
2783 3647 2984 3714 saepius
3036 3660 3131 3698 eos
3182 3644 3527 3715 illacrymare
3568 3645 3819 3714 contigit,
3876 3646 4011 3697 mihi

2438 3735 2661 3795 credite.
2685 3736 3180 3799 considerantibus,
3213 3736 3363 3804 quali
3402 3735 3650 3790 veritatis
3678 3736 3763 3788 via
3796 3737 4013 3797 relicta,

2441 3826 2494 3878 in
2542 3837 2804 3894 quantum
2854 3840 2915 3879 se
2956 3826 3276 3879 barathrum
3322 3826 3732 3894 praecipitarint.
3783 3838 4012 3881 conten-

2439 3916 2573 3968 tioni
2597 3914 2843 3977 obnoxii,
2862 3916 2957 3983 qui
2988 3914 3326 3985 negligentes
3354 3913 3407 3966 in
3440 3913 3836 3982 tranquillitate
3861 3916 4013 3983 cogi-

2441 4006 2706 4058 tationnm
2743 4006 3221 4074 gubernationem,
3262 4005 3391 4058 licet
3425 4005 3664 4058 tumultu
3704 4020 3868 4059 suum
3895 4022 4011 4069 cor,

2443 4096 2679 4149 tumultu
2714 4110 2870 4148 suam
2908 4096 3146 4148 animam
3176 4092 3453 4162 oppletam
3485 4093 3791 4157 obtineant,
3824 4097 4013 4149 odiose

2441 4198 2603 4255 atque
2624 4186 2989 4250 contentiose,
3017 4185 3161 4253 quod
3193 4186 3296 4254 ipsi
3325 4194 3657 4254 proponunt,
3681 4184 4013 4241 conﬁrmare

2440 4287 2711 4346 satagunt,
2764 4291 2863 4329 nec
2898 4275 3027 4329 illud
3080 4277 3268 4331 animo
3298 4291 3492 4345 capere
3534 4287 3790 4344 possunt,
3831 4292 4011 4346 neque

2444 4369 2671 4437 probum
2709 4383 2882 4437 neque
2925 4367 3303 4434 justumesse,
3350 4367 3573 4421 Patrum
3611 4369 3882 4422 terminos
3927 4369 4013 4421 di-

2442 4476 2681 4525 movere,
2709 4470 2763 4514 et
2792 4460 3090 4521 adversari,
3120 4470 3175 4513 et
3206 4474 3316 4513 non
3350 4459 3547 4514 cedere
3575 4474 3756 4526 neque
3785 4460 4013 4513 obedire

782 4547 871 4599 sed
893 4556 946 4596 ut
966 4546 1233 4599 sententia
1253 4547 1519 4613 etpietate
1533 4545 1929 4613 ambiguum,et
1944 4544 2339 4612 professionem
2375 4544 2417 4596 D
2445 4552 2700 4606 Ecclesia;
2726 4552 2777 4604 in
2809 4551 2873 4605 iis
2902 4566 3024 4619 quae
3050 4551 3119 4604 ab
3147 4551 3261 4619 ipsa
3291 4550 3459 4619 probe
3488 4558 3542 4603 et
3584 4550 3897 4604 secundum
3920 4565 4029 4602 οι·-

781 4636 1036 4701 scriptam
1068 4633 1277 4687 tradere
1309 4643 1627 4688 renuentem
1652 4672 1667 4697 ,
1696 4645 1755 4688 ut
1782 4635 2118 4703 pervicacem
2149 4642 2202 4686 et
2240 4632 2343 4687 Ec-

782 4726 965 4780 clesia:
1001 4725 1094 4779 Dei
1129 4724 1288 4778 subdi
1325 4725 1591 4787 nescium,
1637 4732 1695 4776 ut
1724 4725 1991 4777 tumultus
2022 4732 2077 4778 et
2119 4734 2343 4777 conten-

784 4818 948 4869 tionis
988 4815 1323 4884 potissimam
1354 4829 1599 4875 causam,
1630 4822 1691 4867 ut
1738 4823 2002 4866 novorum
2032 4811 2345 4881 peregrino-

782 4922 1014 4976 rnmque
1040 4905 1352 4976 dogmatum
1386 4915 1737 4971 assertorem,
1770 4905 1861 4959 Dei
1896 4903 2137 4957 Ecclesia
2168 4903 2341 4956 virum

783 5016 811 5052 a
840 5015 896 5052 se
920 5000 1033 5064 ipsa
1056 4996 1415 5065 proscripsit;
1437 4996 1584 5063 iuste
1604 4997 1887 5063 equidem,
1930 5009 2190 5049 novorum
2215 4995 2347 5063 dog-

784 5100 987 5142 matum
1017 5098 1293 5151 auctores,
1326 5087 1433 5138 imo
1460 5086 1513 5138 in
1530 5086 1676 5139 alias
1703 5097 1866 5153 atque
1888 5083 2024 5137 alias
2044 5084 2346 5138 sententias

785 5181 984 5249 scripta
1022 5180 1277 5234 Ecclesia:
1299 5179 1704 5247 detorquentes,
1738 5177 2067 5230 contumelia
2113 5178 2346 5244 probro-

784 5287 889 5340 que
923 5269 1180 5333 afﬁciens,
1208 5280 1261 5323 et
1289 5269 1391 5323 sibi
1424 5270 1528 5339 ipsi
1559 5269 1612 5321 in
1652 5268 1967 5335 apostolicis
2009 5276 2063 5321 et
2102 5268 2344 5334 paternis

787 5363 1169 5416 traditionibus
1202 5360 1525 5424 proinndam
1556 5359 2011 5427 tranquillitatem
2032 5374 2104 5411 ac
2137 5361 2347 5413 stabili-

784 5460 947 5506 tatem
979 5467 1297 5520 procurans.
1349 5450 1559 5521 De‘qua
1604 5464 1795 5521 magna
1838 5448 1887 5503 et
1920 5452 2109 5520 ingens
2141 5452 2345 5505 solliei-

788 5542 917 5596 tudo
950 5542 1245 5605 invaserat,
1289 5556 1317 5594 a
1350 5540 1457 5595 Deo
1479 5553 1792 5595 coronatam
1827 5542 2259 5610 potentissimam
2292 5550 2347 5595 et

792 5643 1033 5686 sanetam
1090 5649 1261 5686 meam
1324 5632 1627 5692 dominam,
1685 5640 1741 5690 et
1793 5647 1822 5685 a
1876 5632 1986 5688 Deo
2038 5634 2224 5686 (latum
2283 5649 2346 5688 ac

786 5724 994 5776 mundo
1028 5723 1443 5777 desiderabilem
1485 5722 1629 5775 illius
1681 5726 1985 5785 surculum,
2032 5723 2345 5790 potentissi-

796 5830 938 5868 nunn
974 5824 1023 5868 et
1056 5825 1305 5868 sanetum
1338 5829 1514 5868 meum
1554 5815 1929 5880 imperatorem
1960 5830 1973 5879 ;
2009 5824 2065 5868 ut
2096 5824 2148 5867 et
2181 5830 2344 5868 vene-

2445 4642 2845 4699 nones‘divina
2879 4641 3054 4710 gratia
3096 4640 3315 4695 decreta
3356 4648 3523 4704 sunt;
3557 4641 3651 4694 sed
3695 4653 3751 4695 et
3784 4640 4011 4695 liberta-

2444 4745 2575 4796 tem.
2608 4748 2672 4788 ac
2707 4734 2756 4788 si
2796 4733 2881 4788 sui
2902 4741 3088 4787 essent
3112 4733 3278 4801 juris.
3319 4740 3593 4801 usurpant
3619 4748 3744 4800 qua
3779 4733 3849 4785 ad
3879 4732 4013 4787 alios

2443 4828 2740 4897 pertinent,
2774 4824 2877 4893 ipsi
2916 4823 3285 4878 inverecunde
3316 4832 3639 4893 operantur,
3674 4832 3731 4876 et
3762 4839 3889 4878 cum
3927 4825 4011 4878 fa-

2444 4917 2703 4973 cultatem
2756 4915 2963 4969 nullam
3014 4917 3273 4979 habeant,
3333 4917 3633 4970 monachos
3684 4915 4014 4981 detondent,

2445 5008 2608 5077 idque
2639 5008 2803 5061 etiam
2839 5007 2893 5059 in
2921 5007 3175 5075 juvenem
3209 5007 3467 5071 nobilem,
3502 5007 3688 5060 multis
3718 5007 4012 5075 pellectum

2445 5101 2750 5161 fraudibus,
2783 5113 2890 5152 non
2940 5098 3061 5152 sine
3108 5098 3336 5151 audacia
3385 5099 3779 5166 praestiterunt.
3816 5098 3898 5151 Ab
3932 5099 4017 5151 bis

2445 5192 2626 5260 itaque
2657 5199 2771 5243 toto
2804 5202 2899 5242 vos
2935 5189 3118 5241 animo
3158 5198 3453 5250 semovete,
3482 5187 3803 5240 orthodoxis
3830 5186 4016 5241 Eccle-

2445 5285 2537 5337 siae
2558 5280 2905 5349 dogmatibus
2927 5279 3286 5333 adhaerentes.
3309 5280 3443 5333 Cum
3469 5278 3652 5346 itaque
3668 5288 3890 5359 propter
3901 5279 4013 5344 jam

2445 5377 2621 5430 dictas
2655 5388 2853 5427 causas
2887 5372 3224 5441 proseriptus
3254 5372 3325 5425 sit
3356 5370 3426 5425 ab
3455 5369 3695 5423 Ecclesia
3736 5371 4011 5428 I’alamas,

2445 5467 2634 5521 eodem
2669 5480 2733 5519 ac
2782 5465 2873 5517 ille
2920 5464 3081 5517 modo
3132 5461 3423 5532 proscripti
3473 5470 3600 5515 sunt
3646 5476 3865 5523 omnes,
3918 5461 4013 5531 qui

2446 5573 2597 5626 aeque
2628 5572 2689 5611 ac
2719 5557 2809 5610 ille
2840 5556 3081 5609 sentiunt
3109 5572 3122 5618 ;
3159 5553 3359 5622 quippe
3392 5552 3501 5606 illis
3534 5551 3801 5614 credunt;
3839 5563 4016 5617 neque

2446 5660 2526 5701 est
2548 5649 2820 5703 similibus
2838 5664 2961 5717 pars
2981 5650 3085 5701 ulla
3106 5649 3219 5703 sive
3247 5646 3547 5707 haereditas,
3566 5644 3748 5712 quoad
3762 5644 4017 5697 eamdem

2448 5740 2771 5792 sententiam
2808 5748 3107 5792 sectantur.
3132 5735 3394 5806 Separate
3427 5737 3611 5807 itaque
3638 5749 3738 5787 vos
3765 5732 3835 5786 ab
3866 5734 4008 5792 istis.

2450 5829 2701 5887 Ecclesia
2734 5831 3086 5897 obedientcs,
3123 5831 3532 5900 aequiesceules
3565 5833 4027 5895 perseverantes»
