4274 6452
217 425 329 490 837

1368 431 1412 487 ὖ
1427 426 1808 488 BAECURUM
1844 423 2219 484 SENTENTI
2237 426 2312 485 .E.

3344 427 3450 490 898

213 556 327 610 qua
351 543 403 594 in
431 541 768 610 Evangelicis
791 551 838 596 et
867 542 1182 611 apostolicis
1227 545 1636 598 traditionibus.
1665 541 1789 595 Ete—
1820 551 1860 600 Α
1894 543 1948 588 et
1980 535 2454 603 procacissimum,
2495 533 2586 601 qui
2625 548 2840 603 semper
2871 535 3195 604 scriptorum
3228 539 3372 594 mole
3398 550 3454 589 et

216 636 357 697 nim,
391 633 516 687 licet
541 648 648 687 non
679 635 814 690 tales
846 645 1033 691 essent
1067 637 1278 706 pietate.
1314 636 1553 694 ambigui
1576 634 1786 689 scilicet

213 733 271 775 et
304 724 484 790 palam
517 724 700 778 hostes
721 733 774 777 et
797 725 1120 789 adversarii,
1146 737 1199 781 et
1226 728 1295 781 ab
1326 728 1570 782 Ecclesia
1602 727 1784 793 eiecti,

216 815 581 869 nihilominus
616 831 790 885 neque
839 819 939 872 bac
988 821 1195 874 ratione
1243 821 1295 873 in
1328 821 1677 890 dogmatibus
1734 826 1787 870 et

216 906 472 959 doctrina
508 908 575 960 de
619 909 818 976 pietate
860 910 968 962 illis
1015 913 1236 966 credere
1287 912 1515 977 debetis,
1570 927 1693 966 cum
1737 910 1788 962 id

219 997 540 1059 ministerii,
573 1008 632 1051 ut
658 1000 768 1067 jam
801 1001 1062 1064 diximus,
1097 1003 1161 1056 ad
1189 1004 1461 1058 antistites
1492 1004 1784 1071 pertineat,

216 1090 424 1157 quibus
467 1089 587 1142 sine
628 1091 734 1142 ulla
777 1093 1095 1161 exceptione
1139 1095 1362 1148 obedire
1413 1095 1646 1158 debetis,
1693 1111 1790 1147 nec

222 1180 338 1232 ullo
395 1183 557 1235 modo
594 1183 917 1248 adversari;
967 1199 1092 1238 cum
1142 1185 1251 1239 sint
1293 1201 1322 1240 a
1368 1186 1476 1240 Deo
1530 1197 1788 1254 tanquam

219 1273 496 1325 metutomi
534 1265 897 1327 vobis'traditi
929 1276 1142 1338 salutis,
1180 1287 1235 1331 et
1265 1278 1532 1331 rationem
1568 1293 1665 1345 pro
1701 1292 1792 1330 vo-

221 1364 309 1415 bis
359 1363 642 1417 reddituri.
687 1364 820 1428 Quar
865 1368 1005 1417 ratio
1055 1366 1240 1432 fuerit,
1296 1367 1457 1422 hosce
1507 1369 1791 1436 ambiguos

221 1457 405 1508 locum
454 1459 592 1524 apud
629 1473 723 1509 vos
773 1461 1067 1525 possidere,
1115 1476 1224 1530 quo
1267 1461 1567 1529 periculum
1600 1463 1791 1514 animae

220 1549 470 1601 Subeatis
526 1561 573 1602 et
627 1551 962 1604 evcidium?
1018 1550 1187 1607 Nemo
1237 1553 1450 1606 interim
1497 1555 1788 1616 existimet,

222 1652 451 1709 propter
485 1643 645 1694 aiiatn
685 1659 906 1696 causam
958 1644 1255 1709 Palan:atn,
1308 1646 1562 1715 illiusque
1610 1646 1790 1700 socios

219 1738 290 1786 ab
327 1737 568 1791 Ecclesia
601 1739 826 1806 cjeclos,
858 1757 1021 1809 quam
1048 1744 1118 1794 ob
1153 1742 1452 1794 adulterata
1482 1740 1653 1801 ipsius
1689 1740 1789 1793 Ec-

217 1828 404 1880 clesiae
452 1828 744 1898 dogmata:
805 1847 928 1884 cum
976 1833 1159 1899 etipsi
1208 1832 1526 1901 deprehensi
1577 1831 1684 1884 sint
1737 1831 1787 1882 in

1889 625 2351 695 multiloquentia,
2386 643 2490 680 non
2522 637 2963 695 argumentorum
3007 631 3223 690 rabere,
3256 629 3450 682 adver-

1885 719 2060 772 sarios
2112 718 2415 786 opprimere
2455 731 2726 771 conatur:
2783 719 2958 774 nullas
2997 720 3160 771 habet
3205 733 3450 780 veneres.

1891 809 2096 862 nttiittttt
2142 809 2344 878 ingenii
2378 823 2605 862 acumen
2636 825 2650 861 :
2697 811 2829 862 satis
2861 811 2932 862 illi
2964 821 3064 873 est,
3101 811 3166 873 si,
3218 826 3337 876 qua:
3365 811 3456 863 alii

1891 911 2013 953 ante
2040 903 2214 964 ipsum
2238 901 2507 960 dixerant,
2537 901 2886 955 lutttlentiore
2909 903 3118 955 calamo
3145 913 3453 970 percurrat,

1889 1002 1941 1044 ct
1971 991 2174 1044 chartis
2200 991 2407 1054 illinat;
2445 990 2548 1043 sub
2584 993 2800 1057 pictatis
2833 993 3035 1058 specie,
3067 993 3268 1062 ttbiqtte
3298 1010 3462 1050 vene-

1893 1098 2021 1134 num
2067 1080 2266 1149 spirat.
2307 1081 2369 1133 Et
2399 1091 2577 1134 tamen
2607 1083 2750 1134 huttc
2782 1082 3250 1152 improbissimum
3285 1087 3458 1138 homi-

1893 1186 2038 1233 nem,
2067 1186 2130 1224 ac
2159 1173 2203 1224 si
2239 1187 2376 1225 unus
2401 1184 2454 1228 et
2487 1171 2790 1240 principuus
2820 1187 2881 1225 ex
2917 1173 3122 1226 sanctis
3149 1185 3202 1226 et
3228 1176 3462 1227 doctori-

1895 1265 1994 1316 bus
2028 1263 2187 1328 foret,
2219 1263 2462 1315 nonnulli
2498 1278 2564 1316 ex
2596 1262 2800 1316 Grtecis
2847 1264 2988 1316 inter
3035 1275 3256 1319 sanctos
3291 1267 3460 1319 collo-

1893 1364 2101 1421 carunt,
2149 1367 2222 1418 et,
2254 1357 2471 1426 hymnis
2501 1371 2565 1410 ac
2598 1356 2720 1409 aliis
2770 1357 3003 1410 canticis
3052 1358 3234 1420 editis,
3267 1361 3318 1411 in
3364 1358 3461 1410 Ec-

1894 1448 2057 1502 clesia
2089 1448 2458 1509 celebrarunt,
2491 1453 2543 1502 et
2573 1463 2718 1501 nunc
2749 1464 2968 1517 quoque
3000 1449 3296 1502 celebrant.
3328 1449 3407 1514 Qtt
3429 1466 3458 1502 e

1893 1540 1945 1592 in
1979 1538 2201 1591 Triodio
2232 1538 2298 1591 de
2329 1539 2419 1592 illo
2452 1539 2780 1602 aﬂ‘cruntur,
2829 1555 2860 1607 a
2889 1542 3176 1598 Pbilotheo
3223 1543 3452 1611 patriar-

1893 1631 1995 1686 cha
2025 1631 2628 1697 Constantinopolitano
2662 1634 2801 1685 male
2833 1643 3043 1698 assuta,
3077 1634 3208 1688 alibi
3245 1638 3459 1687 exami-

1895 1723 2167 1777 navitnus.
2193 1722 2511 1777 Collectoris
2543 1725 2732 1785 etiam,
2765 1725 2878 1777 sive
2904 1726 3129 1778 editoris
3157 1726 3460 1795 incogitan-

1896 1816 1965 1867 tia
1993 1815 2190 1868 factum
2223 1825 2325 1878 est,
2360 1822 2419 1867 ut
2462 1815 2515 1866 in
2552 1813 2722 1869 Tomo
2754 1814 2816 1867 IX
2857 1815 3186 1871 Bibliotheca:
3217 1817 3457 1884 Patrum,

501 1880 554 1898 νο
983 1880 1159 1899 ,,.,,,

219 1920 523 1985 nonnullis,
568 1924 695 1975 ιοιηὶ
733 1925 915 1988 verba,
946 1934 1004 1976 ut
1033 1924 1141 1991 jam
1181 1924 1441 1984 diximus,
1477 1923 1787 1976 adulteran-
1821 1880 1867 1940 Β
1897 1905 1907 1958 ί

1769 1951 1787 1962 .
1821 1880 1867 1940 Β
1897 1905 1948 1958 in
1995 1908 2224 1959 duarum
2263 1907 2572 1959 orationum
2621 1906 2803 1971 titulo,
2840 1922 3068 1976 quarum
3108 1910 3223 1976 ipse
3270 1920 3457 1962 auctor

217 2021 329 2069 tes.
371 2024 422 2063 et
468 2013 519 2064 in
557 2028 778 2081 pratatn
814 2017 1207 2084 expositionem
1251 2017 1551 2069 trahentes.
1587 2014 1787 2079 Quare,

217 2107 263 2154 si
303 2104 463 2156 nobis
507 2116 684 2157 vestra
717 2108 922 2161 utilitas
960 2117 1009 2160 et
1053 2110 1317 2162 securitas
1347 2107 1494 2161 cordi
1537 2116 1638 2169 est,
1670 2121 1791 2159 om-

216 2196 355 2247 nino
392 2212 487 2249 eos
523 2199 709 2259 vitate.
746 2199 968 2266 paciﬁce
997 2208 1050 2253 et
1090 2201 1380 2270 tranquille
1414 2202 1554 2253 inter
1583 2214 1673 2252 vos
1711 2201 1790 2267 ip-

214 2304 329 2352 sos,
387 2303 485 2342 nec
529 2306 636 2343 non
670 2303 722 2344 et
771 2293 929 2355 alios,
978 2293 1243 2358 viventes,
1288 2293 1552 2362 complete
1604 2307 1789 2360 opera,

213 2398 343 2449 qure
369 2386 433 2434 ad
463 2393 697 2437 vestram
725 2386 953 2438 salutem
982 2387 1292 2440 necessaria
1313 2398 1439 2439 sunt
1465 2401 1478 2438 :
1507 2385 1664 2452 cujus
1691 2384 1795 2436 uti-

219 2489 350 2526 nam
383 2484 659 2542 compotes
691 2476 833 2529 ﬁalis
859 2478 910 2529 in
934 2477 1175 2538 Christo,
1198 2479 1351 2548 cujus
1377 2483 1545 2548 gratia
1571 2479 1641 2531 sit
1669 2494 1792 2531 eum

223 2567 393 2619 vobis
424 2568 705 2620 omnibus.
739 2587 755 2617 ι
800 2569 863 2621 Et
897 2570 1009 2623 hazc
1040 2571 1105 2624 dc
1142 2572 1362 2624 Palanta
1399 2571 1652 2641 illiusque
1683 2572 1791 2622 hae-

221 2658 444 2713 resibtts
497 2659 550 2711 itt
594 2663 887 2728 praesentia
919 2662 1051 2717 satis
1099 2665 1243 2728 sint;
1291 2664 1498 2733 reliqua
1537 2673 1795 2731 opportu-

220 2753 384 2806 ttiore
423 2763 667 2822 tempore
708 2770 1122 2823 prosequemur.
1162 2755 1412 2810 Palamas
1448 2757 1630 2823 itaque
1661 2753 1795 2808 Gre-

215 2845 435 2914 gorius,
467 2856 522 2899 ttt
553 2845 723 2908 vides,
754 2861 859 2899 non
907 2846 1154 2916 proprias
1190 2847 1423 2902 haereses
1457 2858 1690 2910 tantum,
1722 2848 1793 2899 ob

211 2951 362 3005 quas
408 2936 572 2988 etiam
606 2939 672 2989 ab
711 2938 843 3006 ipsis
873 2938 1099 3002 Graecis,
1146 2941 1503 3006 plurimarum
1551 2940 1792 3009 synodo-

214 3043 341 3082 rum
377 3029 610 3094 calculo,
637 3030 926 3084 damnatus
952 3042 1056 3094 est,
1085 3032 1216 3085 lovit
1240 3045 1290 3085 et
1316 3033 1628 3099 propagavit
1654 3050 1667 3094 ;
1697 3031 1790 3084 sed

209 3119 536 3174 Graecorum
566 3120 730 3173 etiam
761 3135 976 3175 errores
1008 3122 1270 3176 adversus
1298 3121 1548 3184 Latinos,
1578 3121 1794 3190 scriptis

208 3211 409 3274 editis,
461 3219 667 3265 tutatus
700 3223 801 3266 est.
838 3213 1009 3267 Edita:
1059 3223 1184 3267 sunt
1233 3213 1461 3266 [.ondini
1508 3213 1864 3284 Orationcsc

211 3303 670 3356 demonstrativa:
698 3303 839 3367 dum,
875 3303 945 3354 De
975 3306 1303 3372 processione
1351 3304 1579 3370 Spiritus
1627 3306 1796 3357 sancti

209 3399 412 3442 contra
447 3386 696 3451 Latinos,
729 3390 915 3444 Graece
957 3400 1189 3443 tantum.
1239 3392 1470 3459 Scripsit
1503 3393 1667 3445 etiam
1700 3391 1798 3444 Re—

213 3481 512 3550 futationes
552 3484 620 3532 ad
655 3479 883 3534 Joannis
922 3481 1070 3535 Vecci
1107 3481 1435 3552 Epigraphas
1457 3522 1471 3546 ,
1506 3485 1571 3537 de
1602 3483 1793 3536 eodem

217 3579 572 3639 argumento,
610 3572 787 3625 editas
825 3572 1010 3626 Grzece
1044 3584 1094 3626 et
1129 3572 1342 3636 Latine,
1377 3574 1672 3643 interprete
1701 3574 1797 3626 Ar-

215 3664 407 3726 cudio,
444 3677 568 3716 cum
601 3661 1073 3732 ResponsiOnihus
1111 3663 1470 3719 Bcssarionis.
1504 3665 1618 3718 Alia
1655 3679 1793 3733 quo-

216 3769 325 3823 que
373 3755 664 3826 scripsisse
696 3771 804 3810 non
841 3756 1030 3811 dubito
1061 3755 1336 3812 hominem
1365 3759 1788 3829 nugacissimutn

1896 1999 2089 2060 fuerat,
2143 1998 2500 2051 sanctissimus
2532 2010 2893 2065 nuncupetttr.
2922 1997 3071 2062 Quod
3102 2001 3282 2052 maxin
3307 2016 3336 2053 e
3364 2001 3462 2052 ita.

1893 2092 2143 2160 probavit
2185 2091 2499 2146 Gennadius
2552 2091 2887 2160 patriarcha,
2927 2093 3143 2146 Grmcos
3172 2093 3456 2161 alloquens

1895 2198 1992 2251 pro
2033 2183 2264 2238 concilio
2293 2183 2613 2238 Florentino
2649 2202 2661 2237 :
2704 2203 2722 2235 ί
2776 2182 2901 2247 Vos,
2933 2184 3172 2246 Graecos,
3203 2182 3455 2253 quaint-is

1895 2274 2353 2343 ﬂagitiosissimos
2393 2287 2444 2330 et
2480 2277 2851 2339 stultissimos,
2904 2279 2947 2330 si
2987 2277 3161 2330 solum
3199 2278 3460 2331 adversus

1896 2366 2117 2422 Latinos
2153 2371 2353 2429 dicant,
2390 2369 2632 2422 omnium
2665 2370 3043 2423 sanctissimos
3076 2369 3414 2422 arbitramini
3445 2386 3458 2432 ;

1897 2459 2035 2510 inter
2069 2457 2208 2512 alios
2247 2457 2460 2526 quidem
2499 2460 2720 2521 multos,
2764 2459 3054 2526 quemdam
3093 2459 3181 2527 qui
3235 2469 3462 2511 vocatur

1897 2549 2166 2609 Palatnas,
2216 2557 2270 2601 et
2311 2548 2511 2615 Ephesi
2546 2549 2814 2609 Marcum,
2863 2548 3138 2602 hominem
3187 2564 3284 2601 nec
3329 2550 3463 2601 satis

1899 2643 2093 2693 mentis
2122 2651 2448 2707 compotem,
2479 2640 2572 2692 sed
2611 2640 2874 2691 tumidum
2911 2640 3192 2708 sapientia:
3225 2649 3464 2692 ostenta-

1899 2744 2125 2796 torem;
2163 2734 2308 2785 ttulla
2351 2734 2545 2786 virtute
2575 2733 2652 2785 vel
2691 2733 2980 2786 sanctitate
3022 2733 3305 2794 subnixos,
3338 2733 3462 2800 quia

1899 2825 2193 2893 loquuntur
2231 2835 2283 2878 et
2332 2826 2578 2879 scribunt
2605 2825 2780 2878 solum
2810 2834 2998 2878 contra
3027 2825 3270 2887 Latinos,
3297 2828 3466 2876 extol-

1898 2915 2007 2967 litis
2054 2924 2106 2967 et
2150 2914 2458 2976 celebratis,
2507 2930 2808 2983 eorumque
2858 2916 3120 2984 imagines
3154 2914 3455 2978 exornatis,

1898 3005 2205 3072 iestumque
2246 3018 2464 3072 agentes
2505 3006 2644 3060 diem
2682 3009 2883 3066 colitis.
2928 3019 2980 3061 et
3026 3009 3190 3062 veluti
3241 3018 3459 3062 sanctos

1896 3096 2149 3149 adoratis.
2181 3115 2198 3146 ι
2225 3097 2402 3161 Quod,
2441 3113 2574 3166 pace
2610 3101 2744 3153 tanti
2781 3100 2879 3152 viri
2918 3101 3075 3153 liceat
3106 3100 3329 3163 dixisse,
3367 3100 3466 3152 fal-

1896 3203 2015 3242 sum
2051 3197 2152 3242 est.
2189 3187 2424 3258 Excepta
2455 3191 2598 3243 enim
2635 3191 3047 3267 Thessalonica,
3081 3203 3134 3247 et
3170 3193 3451 3246 nonnullis

1897 3281 1948 3332 itt
1996 3290 2178 3333 monte
2217 3281 2360 3334 Atho
2394 3283 2760 3357 monasteriis,
2808 3285 2990 3336 nullus
3012 3300 3073 3339 cx
3108 3283 3310 3338 Graecis
3359 3287 3463 3338 hoc

1895 3369 2017 3431 aevi,
2047 3369 2158 3438 jam
2200 3371 2486 3438 praedictos
2518 3373 2710 3439 dignos
2742 3383 2888 3426 tanta
2939 3375 3463 3431 conum-moratione

1894 3461 2211 3523 existimat;
2248 3464 2356 3515 into
2387 3463 2549 3516 etiam
2586 3467 2804 3518 decreto
2844 3468 3062 3519 vetitum
3096 3476 3198 3528 est,
3241 3483 3307 3520 ne
3337 3468 3461 3533 quis

1894 3551 1949 3603 in
1983 3561 2256 3618 posterum
2291 3554 2355 3605 de
2389 3554 2457 3607 iis
2485 3553 2657 3607 uiiicia
2689 3555 2739 3608 in
2775 3556 3015 3609 Ecclesia
3047 3558 3305 3619 celebret,
3336 3559 3459 3609 licet

1893 3645 1958 3695 de
1995 3642 2212 3696 Palatua
2247 3643 2478 3697 oﬂiciutn
2507 3645 2576 3697 ab
2602 3645 2746 3696 illius
2784 3655 2946 3699 sectae
2976 3646 3158 3715 aliquo
3190 3662 3283 3715 per
3313 3663 3465 3701 sum-

1897 3752 2043 3788 tntttn
2083 3746 2232 3790 uetas
2261 3737 2311 3789 itt
2348 3737 2548 3790 Triodo
2579 3737 2785 3790 edittttn
2815 3737 2997 3791 fuerit.

1247 4121 1390 4207 DE
1474 4118 1876 4210 EODEM
1979 4120 2436 4205 PALAMA

463 4331 551 4389 Ex
609 4327 896 4403 ejusdem
954 4326 1161 4388 Allatii
1214 4341 1407 4402 opere
1463 4324 1544 4381 De
1594 4321 1886 4382 Ecclesiw
1933 4320 2353 4383 Occidentalis
2403 4332 2461 4383 et
2501 4322 2844 4386 Orientalis
2877 4335 3190 4402 perpetua

1061 4427 1484 4498 consensione,
1523 4422 1630 4484 lib.
1653 4440 1718 4497 η,
1752 4440 1887 4502 cap.
1930 4427 2026 4498 17,
2063 4440 2241 4484 num.
2268 4425 2329 4497 2,
2358 4442 2496 4503 pag.
2541 4426 2680 4486 828.

289 4753 360 4807 ll.
405 4750 514 4806 Sed
546 4766 671 4807 cum
699 4749 932 4814 videam,
969 4748 1022 4802 in
1055 4749 1247 4803 barum
1274 4763 1457 4802 rerum
1484 4745 1799 4801 narratione
1831 4745 1874 4800 D
1903 4746 2122 4816 scriptis
2153 4746 2318 4802 etiam
2367 4743 2551 4808 editis,
2591 4758 2779 4799 eorum
2818 4747 3160 4818 aliorumque
3211 4751 3467 4818 plurimo-

219 4861 333 4900 non
368 4855 564 4897 omnes
589 4839 908 4904 convenire,
939 4853 1137 4905 neque,
1161 4838 1291 4906 quid
1325 4837 1557 4891 senserit
1586 4835 1804 4889 Barlaa-

217 4953 368 4996 mus,
410 4931 544 5004 quid
577 4932 917 5002 Ac‘ndynus,
970 4939 1025 4984 et
1065 4930 1196 4998 quid
1242 4928 1476 4998 denique
1524 4927 1796 4992 Palamas,

213 5037 409 5098 aperte
445 5027 653 5087 dicere,
702 5022 796 5076 sed
841 5021 1122 5074 veritatem
1179 5020 1484 5075 mendaciis
1521 5019 1793 5073 contami-

214 5133 374 5180 nare,
409 5113 812 5170 immorandum
839 5121 924 5166 est
945 5111 1223 5180 paululum
1251 5111 1535 5166 referendo
1558 5111 1794 5179 negotio,

215 5212 452 5266 minimc
476 5205 774 5264 incurioso.
804 5219 903 5257 nec
935 5203 1188 5258 omnibus
1215 5203 1398 5258 obvio.
1421 5204 1666 5257 Accessit
1696 5205 1794 5256 ita-

212 5319 324 5372 que
357 5297 675 5368 Byzantium
714 5295 1034 5350 Barlaamus
1065 5295 1317 5359 Calaber,
1355 5311 1460 5349 non
1515 5296 1675 5350 rebus
1707 5309 1794 5349 ec—

211 5390 546 5450 clesiasticis
585 5397 823 5450 tantum,
858 5387 952 5442 sed
979 5386 1374 5456 philosophicis
1408 5387 1570 5441 etiam
1607 5389 1788 5441 scicn-

211 5489 306 5542 tiis
339 5482 579 5546 nobilis;
616 5480 842 5549 inquirit
868 5479 922 5533 in
953 5480 1369 5543 monachorum,
1400 5495 1590 5534 eorum
1619 5481 1790 5548 pOtis-

209 5579 445 5634 simum,
483 5571 576 5640 qui
610 5586 670 5625 se
712 5570 1055 5636 Ἥσυχαστὰς
1089 5583 1119 5622 a
1157 5574 1358 5638 quiete,
1385 5579 1438 5624 et
1467 5570 1649 5622 animo
1684 5571 1788 5622 im-

209 5665 542 5738 perturbato
562 5660 976 5729 nuncupabant,
1004 5659 1192 5718 vitam,
1221 5659 1466 5711 instituta
1493 5658 1790 5719 examinat,

205 5757 408 5814 orandi
447 5756 612 5808 etiam
649 5751 871 5805 modum
907 5753 1231 5820 perpendit,
1277 5758 1349 5809 et.
1386 5765 1509 5804 cum
1543 5751 1788 5818 quaedam

208 5851 584 5913 observasset,
631 5858 754 5914 qua?
803 5842 907 5912 ipsi
941 5857 1047 5896 non
1092 5857 1262 5912 usque
1320 5841 1456 5896 adeo
1494 5843 1786 5911 placerent,

1899 4853 2022 4891 rum
2047 4837 2347 4891 insimulat.
2389 4833 2634 4900 Namque
2665 4851 2782 4902 eos,
2819 4847 2875 4892 ut
2905 4840 3163 4894 Euchitas
3189 4851 3241 4893 et
3265 4841 3471 4895 Massa-

1899 4929 2096 4995 lianos,
2125 4938 2368 4983 veterum
2400 4928 2784 4982 haereticorum
2819 4931 3203 4999 appeliatione,
3245 4943 3299 4986 et
3331 4948 3467 4987 nova

1912 5019 2380 5089 Ὀμφαλοψύχους,
2413 5017 2869 5075 Umbilicanimos.
2900 5023 3299 5075 condemnavit.
3329 5022 3469 5087 Quid

1898 5110 2142 5164 Euchitat
2173 5108 3095 5178 Massalianiquelueriut.veterum
3143 5112 3467 5177 scriptorum

1894 5201 2016 5254 libri
2045 5201 2177 5256 satis
2206 5202 2298 5254 tibi
2330 5211 2642 5269 suggerent.
2676 5201 2748 5254 De
2779 5201 3291 5270 Omphalopsycbis,
3320 5207 3466 5270 quod

1902 5307 2007 5345 non
2037 5293 2108 5345 ita
2149 5307 2208 5346 se
2251 5291 2431 5354 habet,
2467 5291 2676 5360 aliquid
2713 5289 2980 5346 dicemus.
3020 5291 3203 5361 Neque
3227 5295 3370 5347 enim
3397 5296 3469 5348 ita

1899 5399 1994 5438 eos
2018 5385 2229 5437 vocavit
2251 5381 2589 5444 Barlaamus,
2608 5382 2770 5434 veluti
2792 5382 2968 5436 ventri
2989 5382 3219 5444 deditos,
3240 5391 3295 5437 et
3312 5382 3468 5451 quasi

1897 5480 2133 5532 animam
2169 5477 2222 5530 in
2246 5487 2430 5530 ventre
2474 5475 2730 5537 terentes,
2772 5490 2838 5528 eo
2866 5477 3025 5528 modo
3049 5491 3156 5541 quo
3177 5475 3305 5528 olim
3343 5474 3470 5527 Ter-

1900 5572 2182 5629 tulli-anus.
2205 5570 2268 5622 ad
2289 5569 2603 5622 Montanum
2630 5579 3028 5642 transgressus,
3047 5569 3313 5636 appellare
3331 5568 3470 5621 sole-

1896 5663 1990 5715 bat
2023 5663 2360 5714 orthodoxos
2409 5661 2696 5727 psyclticos,
2752 5659 3036 5722 animales,
3074 5660 3463 5726 voluptuarios,

1894 5761 2073 5805 etc.ul
2114 5750 2490 5820 ὀμφαλὸψυχοι
2522 5751 2632 5804 sint
2661 5750 3025 5818 gastrimargi,
3065 5761 3114 5802 el
3149 5749 3291 5814 quod
3328 5748 3467 5814 Apo-

1895 5843 2065 5897 stolus
2095 5844 2187 5908 ait,
2235 5841 2441 5896 l’ctttrrs
2477 5845 2631 5911 pigri.
2667 5843 2817 5898 Licet
2863 5843 3002 5897 enim
3050 5841 3318 5911 Grcgoras
3345 5853 3466 5892 cos-
