4274 6452
785 446 894 511 899

1972 434 2070 493 DE
2103 428 2499 491 GREGORlO
2544 429 2840 490 l‘ALAMA

3914 414 4027 478 900

786 566 911 618 dem
940 557 1239 614 monachos
1272 553 1434 609 veluti
1459 552 1697 621 crapulzr
1714 559 1764 603 et
1794 549 2101 603 vinolentia:
2124 549 2357 609 deditos,
2391 553 2429 605 Α
2461 546 2596 598 (tum
2629 554 2807 598 autem
2854 549 3138 594 cernerent
3171 538 3461 604 imperator
3496 540 3549 585 et
3592 530 3924 598 patriarcha,
3978 530 4024 585 si

790 667 849 712 ut
879 655 1316 711 Cantacuzenus,
1351 648 1446 701 lib.
1479 662 1554 708 tv,
1586 644 1792 706 scribit,
1831 642 2009 712 arguit
2040 657 2055 705 ;
2090 655 2196 695 non
2228 639 2351 692 inde

789 759 971 802 tamen
999 744 1049 797 id
1083 744 1184 797 sibi
1220 754 1420 796 nomen
1477 737 1868 799 obtinuerunt;
1917 749 2041 787 nam
2096 734 2169 787 ita
2222 730 2350 785 dicti

789 848 917 894 sunt
951 853 978 890 a
1011 837 1193 895 modo.
1248 848 1357 901 quo
1414 846 1604 900 preces
1653 828 1764 882 Deo
1821 826 2190 887 effundebant,
2245 839 2353 878 non

792 941 903 982 tum
933 942 1122 982 recens
1150 934 1296 986 nato,
1322 924 1414 978 sed
1440 922 1605 975 multa
1645 929 1767 974 ante
1790 935 1820 972 a
1867 918 2124 972 Sitneone
2186 916 2357 969 Xero-

792 1021 933 1075 cerei
964 1017 1284 1072 nionaSIerii
1318 1015 1515 1071 abbate
1572 1014 1817 1072 invento,
1873 1020 1927 1063 et
1984 1010 2354 1079 llesychastis,

793 1114 996 1181 scripto
1057 1113 1244 1172 etiam,
1304 1108 1525 1161 tradito.
1594 1106 1641 1159 ls
1691 1106 1746 1158 in
1805 1118 1994 1173 opere,
2071 1103 2212 1169 quod
2286 1100 2358 1154 De

793 1203 1073 1255 sobrietate
1104 1210 1153 1253 et
1213 1197 1497 1251 attentione
1557 1195 1805 1263 scripsit,
1867 1194 1983 1247 haec
2064 1191 2355 1261 praecipit:

794 1293 1042 1353 Καθίσας
1065 1294 1122 1342 ἐν
1156 1291 1255 1359 μιᾷ
1279 1289 1449 1358 γωνίᾳ
1482 1288 1622 1340 κατὰ
1652 1285 1818 1353 μόνας
1848 1283 2104 1353 πρόσεξαι
2139 1282 2360 1349 ποιῆσαι

794 1386 823 1436 ὂ
859 1386 999 1451 λέγω
1054 1400 1156 1435 σοι.
1218 1382 1443 1434 κλεῖσον
1485 1380 1581 1447 τὴν
1633 1378 1825 1446 θύραν,
1882 1379 1975 1429 καὶ
2015 1376 2217 1443 ἐπαρον
2274 1374 2363 1426 τὸν

797 1476 923 1528 νοῦν
971 1493 1065 1527 σου
1119 1475 1227 1527 ἀπὸ
1261 1474 1460 1534 παντὸς
1502 1471 1752 1541 ματαίου,
1790 1472 1957 1536 ἦγουν
2005 1468 2361 1537 προσκαίρου.

800 1564 933 1620 Εἶτα
987 1565 1205 1635 ἐρείσας
1254 1566 1330 1631 τῷ
1380 1564 1564 1631 στήθει
1606 1564 1696 1613 σὸν
1747 1560 2003 1625 πώγωνα,
2067 1557 2229 1610 κινῶν
2274 1558 2366 1609 τὸν

801 1657 1058 1724 αἰσθητὸν
1087 1656 1364 1724 ὀφθαλμὸν
1396 1656 1491 1706 σὺν
1522 1654 1630 1721 ὅλῳ
1654 1652 1733 1703 νοῒ
1754 1655 1810 1704 ἐν
1844 1652 1995 1719 μέσῳ
2016 1651 2113 1716 τῆς
2138 1651 2364 1713 κοιλίας,

800 1750 968 1818 ῆγουν
1005 1752 1145 1801 κατὰ
1178 1748 1269 1798 τον
1298 1746 1562 1814 ὀμφαλὸν,
1611 1744 1776 1810 ἄγξον
1806 1744 1898 1795 καὶ
1946 1742 2043 1810 τὴν
2083 1741 2182 1808 τῆς
2224 1739 2367 1809 ρινδς

802 1843 893 1895 τοῦ
947 1844 1251 1910 πνεύματος
1293 1841 1475 1908 ὁλκὴν,
1508 1838 1599 1890 τοῦ
1634 1838 1708 1907 μὴ
1751 1835 1918 1898 ἀδεῶς
1962 1834 2135 1887 πνεῖν.
2180 1832 2364 1903 Ἐρεύ-

802 1952 965 2001 νησον
1009 1934 1153 1986 ἔνδον
1189 1935 1245 1986 ἐν
1287 1934 1399 1994 τοῖς
1434 1930 1684 1997 ὲγκάτοις
1718 1929 1900 1996 εὑρεῖν
1941 1928 2031 1980 τὸν
2077 1927 2239 1979 τόπον
2270 1926 2366 1995 τῆς

803 2021 1052 2090 καρδίας,
1103 2022 1233 2073 ἔνθα
1295 2020 1691 2089 ἐμφιλοχωρεῖν
1754 2017 2029 2084 πεφύκασι
2087 2016 2259 2068 πᾶσαι
2314 2018 2369 2067 αἱ

804 2114 1033 2180 ψυχικαὶ
1061 2113 1336 2179 δυνάμεις.
1370 2113 1477 2164 Καὶ
1504 2112 1718 2181 πρῶτον
1747 2112 1845 2175 μὲν
1878 2110 2067 2171 σκότος
2097 2110 2369 2179 εὑρήσεις,

806 2204 899 2254 καὶ
931 2203 1099 2269 πάχος
1147 2202 1424 2254 ἁνένδοτον
1444 2217 1458 2229 ·
1502 2201 1871 2267 ἐπιμένοντος
1898 2200 1955 2252 δέ
1991 2200 2105 2260 σοῦ,
2137 2199 2230 2251 καὶ
2257 2197 2376 2249 τού-

805 2313 898 2347 του
926 2296 1019 2348 τοῦ
1050 2294 1213 2361 ἔργου
1241 2295 1432 2356 νυκτὸς
1466 2295 1559 2347 καὶ
1594 2293 1803 2362 ἡμέρας
1832 2292 2180 2358 ποιουμένου,
2214 2291 2376 2359 eam-

811 2405 945 2451 σεις,
976 2386 1022 2439 ὣ
1064 2386 1157 2438 τοῦ
1192 2384 1505 2452 θαύματοςί
1544 2384 1775 2452 ἄληκτον
1824 2383 2182 2451 εὐφροσύνην.
2228 2383 2377 2449 ’Ἅμα

808 2478 917 2546 γὰρ
967 2475 1105 2545 εῦρῃ
1137 2478 1165 2527 ὁ
1214 2475 1336 2536 νοῦς
1380 2474 1471 2527 τὸν
1526 2474 1693 2527 τόπον
1736 2474 1835 2541 τῆς
1889 2474 2136 2538 καρδίας,
2191 2473 2378 2541 βλέπει

809 2572 1085 2640 παρευθυς
1116 2569 1151 2622 ἃ
1176 2568 1433 2620 οὐδέποτε
1469 2566 1757 2634 ἠπίστατο.
1798 2564 1990 2616 Βλέπει
2023 2567 2129 2632 γὰρ
2158 2566 2248 2616 τὶν
2288 2582 2379 2631 με·

810 2662 944 2725 ταξυ
972 2661 1068 2726 τῆς
1101 2659 1328 2726 καρδίας
1358 2656 1516 2725 ἀέρα,
1564 2656 1657 2707 καὶ
1725 2655 1914 2707 ἑαυτὸν
1963 2658 2221 2721 φωτεινῦν
2265 2656 2382 2707 ὅλον

811 2756 905 2806 καὶ
934 2753 1253 2820 διακρίσεως
1299 2749 1549 2818 ἔμπλεον.
1599 2765 1618 2798 ι
1663 2748 1910 2810 Attende,
1943 2757 2000 2801 ut
2047 2748 2211 2800 lacius
2240 2748 2382 2815 quod

810 2846 910 2899 tibi
977 2844 1097 2897 dico
1140 2859 1153 2906 ;
1211 2841 1408 2894 clausis
1481 2839 1689 2892 foribus
1730 2839 1918 2891 sedeas
1969 2838 2020 2889 in
2058 2852 2166 2889 uno
2205 2840 2387 2906 aliqua

813 2936 1011 3005 angulo
1076 2934 1303 2987 seorsim
1341 2973 1356 2993 ,
1414 2940 1758 2996 mentemque
1801 2941 1947 2982 tuam
2004 2929 2286 2981 abstrabas
2322 2931 2389 2979 ab

815 3026 963 3080 omni
998 3025 1266 3089 vanitate,
1318 3023 1463 3075 omni
1519 3039 1576 3075 re
1605 3022 1776 3089 fragili
1819 3032 1871 3075 et
1910 3021 2135 3073 caduca.
2190 3020 2390 3073 Deinde

816 3126 1056 3172 mentum
1134 3127 1282 3169 tttum
1367 3114 1572 3181 pectori
1656 3114 1911 3167 innexum
1974 3114 2393 3178 iulnereat,mo-

816 3210 1052 3275 veasque
1097 3205 1409 3259 sensibilem
1470 3206 1687 3259 oculum
1745 3221 1869 3259 cum
1914 3214 2025 3258 tota
2077 3212 2254 3257 mente
2297 3212 2389 3257 tua

820 3302 873 3354 in
935 3299 1113 3353 medio
1179 3298 1421 3362 ventris,
1470 3298 1522 3351 in
1590 3296 1907 3351 umbilicum
1971 3296 2387 3363 scilicet:quin

819 3394 981 3447 etiam
1010 3393 1322 3462 constringe
1350 3392 1725 3445 attractionem
1771 3389 1993 3456 spiritus
2044 3388 2280 3448 narium,
2338 3395 2396 3439 ttt

825 3502 933 3542 non
966 3484 1122 3538 facile
1154 3484 1361 3552 spires;
1395 3491 1448 3536 et
1498 3481 1710 3550 inquire
1762 3481 1906 3533 intus
1961 3479 2012 3532 in
2072 3479 2395 3538 visceribus.

826 3586 886 3631 ut
916 3578 1154 3644 reperias
1179 3581 1354 3629 locum
1389 3575 1588 3637 cordis,
1624 3573 1713 3627 ubi
1742 3572 1907 3624 animi
1951 3570 2237 3625 facultates
2274 3586 2395 3623 mo-

826 3668 937 3721 rari
970 3668 1168 3721 solent.
1206 3668 1269 3720 Et
1295 3667 1528 3733 primum
1571 3664 1791 3732 quidem
1837 3662 2082 3716 invenies
2120 3662 2397 3720 tenebras,

829 3769 883 3811 et
910 3758 1326 3812 crassitudinem
1362 3756 1583 3808 minime
1615 3755 1938 3808 cedentem:
1977 3754 2066 3807 ubi
2102 3770 2231 3808 vero
2272 3768 2399 3823 per—

827 3850 1054 3912 stiteris,
1107 3866 1170 3903 ac
1190 3850 1303 3902 dies
1358 3859 1653 3915 noctesque
1687 3848 1739 3900 in
1792 3845 1897 3899 hoc
1946 3860 2109 3913 opere
2141 3862 2398 3900 consum-

829 3941 1025 4010 pseris,
1082 3955 1115 3993 o
1176 3953 1288 3992 rem
1345 3937 1719 3991 admirandam
1761 3937 1775 3989 !
1812 3936 2077 4004 percipies
2138 3934 2399 4000 laetitiam,

837 4048 955 4101 qua:
983 4032 1131 4085 nullo
1165 4039 1367 4100 puncto
1402 4029 1659 4096 temporis
1686 4028 2015 4081 intermittit.
2071 4026 2244 4091 Quam
2294 4030 2403 4097 pri-

836 4140 983 4178 mum
1016 4125 1159 4178 enim
1202 4137 1354 4176 mens
1404 4122 1582 4175 locum
1631 4121 1813 4175 cordis
1868 4123 2145 4189 repererit,
2216 4121 2399 4173 statim

839 4216 1053 4283 aSpicit,
1088 4230 1206 4283 quae
1238 4228 1511 4281 nunquam
1537 4211 1763 4267 sciebat.
1794 4210 2073 4277 Siquidem
2109 4211 2225 4264 viso
2255 4225 2400 4274 aere,

840 4310 933 4376 qui
955 4309 1094 4361 inter
1119 4307 1353 4375 spatium
1387 4304 1567 4359 cordis
1591 4311 1788 4356 exstat.
1822 4318 1880 4354 se
1914 4304 2025 4367 ipsa
2060 4310 2225 4354 totout
2269 4301 2404 4354 luci-

839 4400 964 4452 dam
1007 4405 1065 4455 et
1089 4396 1497 4451 discernendum
1525 4396 1745 4462 prmbet.
1784 4412 1801 4443 ι
1843 4394 2024 4457 Vides,
2059 4408 2151 4447 eos
2200 4394 2251 4445 in
2287 4409 2403 4445 ini--

838 4490 991 4543 dium
1026 4500 1287 4549 ventrem,
1325 4486 1641 4539 umbilicum
1679 4498 1889 4551 nempe.
1934 4484 2120 4537 oculos
2148 4483 2400 4551 dirigere,

840 4580 1027 4647 ibique
1060 4577 1342 4631 facultates
1385 4576 1580 4629 animae
1621 4583 2020 4626 commorantcs
2051 4572 2288 4625 intueri?

842 4671 1005 4724 etiam
1030 4670 1281 4722 Palamas
1308 4668 1557 4735 plurimis
1586 4667 1717 4719 locis
1747 4666 2064 4727 confirmat;
2114 4674 2171 4717 ut
2220 4666 2409 4717 adver-

844 4779 939 4817 sus
974 4757 1246 4814 Palamam
1290 4759 1595 4812 Demetrius
1635 4757 1908 4827 Cydouius
1967 4756 2176 4823 probat.
2235 4756 2412 4820 Quare

847 4864 993 4907 recte
1040 4852 1433 4905 Umbilicauimi
1470 4850 1601 4903 dicti
1656 4859 1803 4912 sunt,
1860 4848 1999 4916 quod
2046 4850 2097 4900 in
2154 4847 2412 4901 umbilico

845 4945 1107 5005 animam,
1143 4943 1400 5009 illiusque
1427 4938 1713 4992 facultates
1775 4945 2079 5004 quast-creut
2112 4944 2165 4989 et
2200 4937 2410 4988 invenio

847 5042 990 5096 rent,
1014 5033 1378 5087 tnm'dciuntn
1416 5031 1616 5082 lumine
1648 5027 2021 5096 implereutur.
2068 5027 2123 5080 Si
2161 5037 2313 5094 petas
2346 5025 2413 5077 ab

845 5126 1005 5193 ipsis,
1043 5124 1220 5174 lumen
1255 5121 1408 5180 illud.
1445 5135 1549 5187 quo
1602 5120 1672 5173 ita
1709 5119 1954 5186 dispositi
2008 5117 2255 5170 homines
2309 5117 2417 5170 cir-

847 5214 1237 5274 fuudcbantur,
1299 5211 1425 5279 quid
1473 5219 1646 5275 esset,
1701 5217 1822 5276 post
1884 5208 2082 5260 multas
2128 5208 2415 5261 verborum

851 5305 1103 5372 ambages
1137 5303 1486 5369 respondent,
1518 5317 1638 5355 esse
1674 5300 1900 5369 gloriam
1933 5297 2148 5351 deitatis
2204 5299 2418 5350 increa-

850 5404 1074 5460 tatn;ct
1100 5410 1218 5447 eam
1256 5403 1433 5445 tamen
1462 5392 1698 5445 humano
1726 5392 1865 5442 visui
1908 5388 2125 5456 subjici.
2180 5390 2258 5440 Ad
2301 5403 2419 5455 qua:

854 5487 1249 5549 confirmanda,
1273 5486 1476 5547 lumen,
1513 5483 1655 5552 quod
1699 5486 1751 5536 in
1778 5481 2284 5547 Transfiguratione
2322 5481 2424 5533 Do-

855 5577 988 5631 mini
1011 5576 1281 5645 apparuit,
1329 5574 1641 5629 adducitur.
1692 5572 1827 5625 Cum
1874 5573 2057 5638 itaque
2108 5570 2422 5624 Barlaamus

862 5667 1217 5734 Ilesycbnstas
1240 5666 1309 5720 ob
1342 5666 1455 5719 [nec
1485 5665 1601 5734 ipsa
1642 5665 1857 5733 aliaque
1898 5664 2308 5731 perstringeret,
2370 5672 2423 5715 et

863 5758 1130 5825 praecipue
1159 5756 1339 5809 lumen
1373 5753 1908 5822 traustigurationis;
1954 5751 2270 5822 Byzantium
2321 5767 2424 5806 ac-

857 5851 1078 5918 cedens,
1112 5864 1225 5904 rem
1249 5849 1419 5904 defert
1449 5847 1771 5918 patriarchze
1798 5857 1847 5901 ct
1875 5847 2116 5917 synodus
2147 5844 2423 5899 indicitur.

2454 635 2521 684 de
2541 634 2792 699 dogmate
2824 627 3053 696 quaestio
3092 634 3237 678 mota
3257 622 3471 682 fuisset.
3503 621 3701 673 multas
3748 619 3871 671 inde
3903 627 4029 670 tur-

2454 721 2550 773 bas
2576 719 2626 771 iu
2663 718 2907 772 Ecclesia
2945 718 3239 771 excitatum
3278 712 3366 773 iri,
3432 710 3762 779 quaestiones
3815 708 4029 761 similes

2455 811 2762 880 prohibent,
2790 818 2845 863 et
2887 808 3251 863 Barlaamum.
3301 814 3555 871 tanquam
3613 814 3924 868 procacem,
3972 809 4033 850 et

2458 901 2742 955 monachis
2813 901 3069 965 iniurium
3128 896 3524 956 condemnant,
3606 888 4034 943 condemnaturi

2458 994 2616 1060 paulo
2650 1003 2771 1060 post
2817 992 2977 1045 etiam
3025 989 3321 1052 Palamam,
3364 986 3406 1039 si
3453 999 3601 1037 mors
3656 982 3767 1047 ipsa
3809 981 4034 1032 Andro-

2462 1085 2566 1136 nici
2596 1084 2855 1151 judicium
2908 1098 3014 1137 non
3045 1079 3442 1146 inter-rupisset.
3498 1074 3564 1127 Et
3614 1071 3876 1127 mentitur
3930 1085 4034 1136 pa—

2463 1177 2567 1228 lam
2605 1178 3037 1233 Cantaeuzeuus.
3074 1173 3167 1241 qui
3201 1179 3403 1231 narrat,
3434 1167 3779 1221 Barlaamum
3808 1164 4032 1214 veniam

2461 1268 2532 1320 ob
2560 1267 2723 1321 stulte
2752 1266 2894 1319 dicta
2945 1264 3183 1331 petiisse,
3228 1261 3546 1325 fassutnque
3599 1255 3769 1309 fuisse
3796 1253 3944 1321 qttml
3979 1252 4032 1303 in

2464 1358 2682 1412 Thabor
2703 1360 2884 1411 lumen
2925 1355 3205 1423 discipulis
3232 1349 3618 1414 circumfulsit,
3653 1347 3883 1415 gloriam
3914 1344 4037 1407 Dei,

2464 1450 2713 1521 principii
2744 1456 3046 1515 expertem,
3077 1455 3133 1499 et
3160 1455 3423 1499 :eternum
3476 1455 3598 1496 esse
3637 1442 3842 1498 lumen,
3907 1435 4036 1487 red-

2467 1542 2703 1605 iisseque
2737 1541 2788 1590 in
2824 1539 3053 1607 gratiam
3084 1536 3350 1599 Palatuze;
3388 1545 3599 1595 tacens,
3660 1539 3847 1585 contra
3877 1544 4039 1583 eum-

2466 1633 2588 1685 dem
2630 1630 2903 1685 I’alamam
2969 1644 3159 1698 poenas
3219 1644 3249 1682 ιι
3306 1627 3515 1696 synodo
3576 1624 3929 1685 constitutas,
3974 1635 4043 1673 ne

2467 1724 2627 1775 etiam
2662 1723 2726 1786 iuj
2741 1733 3015 1788 posterum
3041 1720 3240 1788 aliquid
3272 1720 3340 1773 de
3362 1719 3614 1788 degmate
3662 1720 4041 1784 pertractaret.

2472 1814 2576 1867 Sed
2614 1814 3048 1874 Cantaeuzenus,
3082 1811 3379 1865 dummodo
3425 1826 3583 1863 suum
3636 1817 3857 1862 tueatur
3889 1805 4047 1859 Pala-

2400 1896 2640 1970 Bmam,
2701 1907 2886 1959 omnia
2949 1905 3216 1958 invertit.:
3246 1901 3398 1968 Quod
3464 1901 3890 1971 prmsumehaut,
3947 1898 4044 1953 sed

2472 2009 2693 2061 temere,
2746 1999 3019 2052 Palamitae
3041 2013 3105 2051 ex
3124 1997 3579 2050 condemnatione
3609 1993 3902 2049 Barlaami.
3936 2005 4048 2044 non

2473 2103 2679 2146 tantum
2718 2100 2876 2145 antea
2910 2092 2960 2145 in
2988 2090 3264 2159 publicum
3283 2088 3425 2141 edita
3456 2088 3734 2156 dogmata,
3766 2083 4049 2137 sedetiam

2474 2196 2594 2250 qua:
2626 2191 2746 2249 post
2771 2181 3040 2250 synodum
3071 2180 3137 2232 ab
3172 2178 3305 2243 ipsis
3330 2178 3395 2230 de
3422 2192 3562 2230 novo
3592 2176 3772 2228 addita
3808 2171 4051 2232 fuerant,

2478 2276 2544 2327 ab
2567 2276 2754 2327 eadem
2815 2272 3024 2343 synodo
3078 2270 3371 2341 approbata
3434 2267 3642 2329 fuisse;
3696 2266 3862 2333 idque
3921 2276 4051 2315 cum

2479 2364 2542 2415 ad
2571 2378 2733 2417 aures
2772 2360 3096 2429 patriarcha:
3153 2359 3509 2427 pervenisset.
3546 2372 3611 2410 ne
3669 2357 3853 2410 minus
3903 2351 4055 2406 cauti

2481 2453 2765 2508 fraudibus
2794 2452 3183 2507 Palamitarum
3230 2452 3647 2509 seducercntur,
3700 2447 3835 2515 quid
3871 2445 3925 2497 in
3993 2460 4056 2499 ea

2482 2545 2690 2615 synodo
2743 2555 2923 2598 actum
2990 2544 3188 2604 fuerat.
3254 2542 3326 2595 ita
3375 2542 3620 2595 declarat
3653 2555 3668 2591 :
3702 2538 4059 2608 Πατριάρχου

2486 2634 2733 2702 περὶτοῦ
2767 2634 2967 2701 Τόμου.
3012 2634 3166 2685 Ἐστι
3201 2631 3298 2700 μὲν
3342 2630 3448 2685 ἀπὸ
3482 2628 3575 2681 τοῦ
3605 2627 3783 2694 Τόμου
3812 2644 4063 2693 καταξα-

2488 2726 2572 2788 νές
2604 2725 2679 2793 τῷ
2714 2724 2787 2793 μὴ
2821 2724 2953 2792 πρὸς
2993 2723 3291 2792 ἀπέχθειαν
3333 2723 3540 2790 κρίνειν
3586 2720 3824 2772 ἐθέλοντι
3866 2719 3947 2779 ὡς
3974 2718 4064 2768 ἐπὶ

2494 2816 2672 2885 μόνοις
2701 2817 2807 2877 τοῖς
2842 2815 2963 2867 δυσὶ⁵
3008 2814 3323 2883 κεφαλαίοις
3355 2814 3571 2879 ἐγένετο
3608 2812 3641 2880 ἡ
3676 2810 3859 2877 κρίσις
3906 2810 4003 2862 καὶ
4033 2809 4065 2875 ἡ

2489 2906 2762 2973 ἀπόφασις
2787 2923 2796 2932 ·
2827 2906 2904 2974 τῷ
2936 2906 3062 2974 περὶ
3091 2904 3183 2956 τοῦ
3214 2905 3270 2955 ἐν
3295 2903 3371 2971 τῷ
3395 2902 3684 2969 Θαϐωρίῳ,
3713 2899 3884 2966 λέγω,
3917 2898 4064 2950 θείου

2494 2999 2691 3064 φωτὸς,
2724 2998 2815 3048 καὶ
2854 2996 2931 3065 τῷ
2970 2998 3096 3066 περὶ
3125 2998 3226 3064 τῆς
3253 2996 3438 3063 εὐχῆς,
3479 2994 3553 3055 ὼς
3580 2992 3897 3061 δηλώσομεν
3930 3008 4067 3058 προ-

2494 3088 2686 3149 ϊόντες.
2709 3088 2815 3141 Καὶ
2838 3088 2923 3139 ἐπ’
2947 3088 3127 3149 αὐτοῖς
3156 3089 3267 3150 τοῖς
3294 3087 3413 3138 δυσὶ
3432 3085 3748 3153 κεφαλαίοις
3775 3082 4041 3135 κατεδικὰ

2498 3177 2602 3247 σθη
2650 3180 2744 3231 καὶ
2772 3178 3106 3248 ἀπεπέμφθη
3134 3180 3163 3230 ὁ
3188 3178 3447 3248 Βαρλαάμ
3471 3193 3487 3208 ·
3516 3177 3608 3228 καὶ
3629 3176 3689 3227 τὸ
3713 3175 3772 3227 ἐν
3799 3174 3882 3242 τῷ
3905 3174 4069 3238 rem»

2494 3273 2649 3326 τεθὶν
2676 3273 2768 3326 τοῦ
2802 3271 3076 3340 ἐπιτιμίου
3109 3270 3270 3340 βάρος
3304 3270 3396 3321 ἐπὶ
3442 3269 3785 3335 δεφενδεύσει
3829 3266 3941 3318 τῶν
3978 3284 4071 3333 μο-

2496 3365 2676 3434 ναχῶν
2695 3364 2803 3416 τῶν
2823 3363 2915 3416 δύο
2937 3362 3143 3415 τούτων
3165 3363 3327 3414 ἓνεκα
3358 3364 3530 3429 μόνων
3552 3359 3869 3425 κεφαλαίων
3890 3360 4071 3427 ἐτέθη.

2511 3454 2718 3509 ’Λκούω
2748 3455 2805 3506 δὲ
2845 3453 2959 3517 νῦν,
2994 3455 3067 3516 ὡς
3111 3452 3472 3522 ἰσχυρίζονται
3517 3452 3697 3519 λαχεῖν
3728 3450 3828 3519 τὴν
3855 3450 4076 3504 διχαίω·

2499 3564 2581 3599 σιν
2612 3547 2704 3597 ἐπὶ
2733 3547 2865 3597 πᾶσι
2897 3545 3008 3604 τοῖς
3049 3545 3316 3613 πρότερον
3345 3542 3441 3594 καὶ
3487 3541 3714 3609 ὕστερον
3741 3541 4076 3608 δογματιζο-

2502 3637 2683 3705 μένοις
2712 3633 2841 3704 παρ’
2860 3635 3059 3689 αὐτῶν.
3091 3634 3261 3686 Τοῦτο
3280 3633 3474 3702 ψεῦδός
3503 3635 3622 3683 ἐστι
3650 3632 3956 3701 προφανὲς,
3984 3632 4078 3684 καὶ

2498 3729 2737 3800 διαϐολή.
2776 3732 2898 3794 Πῶς
2940 3734 3058 3801 ’γὰρ
3098 3732 3433 3798 δεφενδεύειν
3474 3730 3570 3782 καὶ
3631 3728 3922 3781 διεκδικείν
3986 3728 4082 3780 αῦ-

2499 3822 2625 3883 τοὺς
2685 3823 2987 3892 ἐμέλλομεν
3035 3824 3127 3874 ἐπὶ
3180 3826 3290 3885 τοῖς
3338 3824 3503 3891 μήπω
3555 3821 3868 3890 λαληθεῖσιν
3900 3822 3982 3881 ei;
4020 3821 4079 3871 τὸ

2503 3913 2667 3981 μέσον
2717 3917 2813 3983 τῆς
2862 3915 3102 3981 συνόδου,
3140 3915 3275 3985 μηδέ
3328 3916 3638 3985 κριθεῖσινς
3690 3914 3819 3969 Ἐπὶ
3857 3914 3970 3984 γὰρ
4013 3919 4077 3983 τῇ

2503 4004 2752 4073 συνοδικῇ
2780 4004 2877 4076 τῆς
2918 4005 3229 4066 ὑποθέσεως
3268 4004 3534 4069 ἐξετάσει,
3570 4007 3653 4067 είς
3679 4005 3750 4074 ἣν
3775 4007 3875 4058 καὶ
3901 4008 3931 4056 6
3967 4008 4080 4058 ἀοί-

2499 4094 2653 4165 διμος
2703 4097 2798 4149 καὶ
2836 4097 3142 4166 μακαρίτης
3193 4095 3448 4165 βασιλεὺς
3484 4098 3864 4164 παρουσιάσας
3929 4098 4083 4148 εὑδό-

2501 4204 2636 4254 κησε
2666 4190 2947 4257 πρόμαχος
2975 4186 3115 4240 εἶναι
3145 4190 3241 4240 καὶ
3274 4187 3690 4259 προαγωνιστὴς
3715 4189 3815 4255 τῆς
3851 4189 4083 4254 Ἐκκληο

2504 4277 2624 4337 σίας
2687 4276 2862 4340 Θεοῦ,
2923 4277 2999 4338 ὡς
3061 4276 3478 4344 όρθοδοξότατος
3532 4279 3629 4330 καὶ
3692 4278 4083 4341 εὐσεϐέστατος

2504 4365 2773 4435 βασιλεὺς,
2808 4368 3062 4438 ἀπῃτήθη
3089 4370 3115 4419 ὀ
3141 4369 3407 4438 Βαρλαᾷμ
3437 4370 3614 4421 εἰπεῖν
3638 4370 3928 4440 παρρησίᾳ
3956 4374 4083 4438 περὶ

2501 4458 2609 4509 τῶν
2629 4458 2892 4526 μοναχῶν.
2930 4460 3018 4525 ἐφ’
3052 4454 3133 4519 οἷς
3157 4458 3339 4510 αὐτῶν
3359 4458 3767 4527 καθαπτόμενος
3785 4454 3876 4530 ἦν.
3930 4461 3994 4513 ὐ
4031 4462 4086 4515 δὲ

2345 4572 2403 4627 Id
2439 4582 2479 4635 Β
2508 4549 2700 4617 ἐτέραν
2731 4551 2960 4618 τραπεὶς
3008 4550 3337 4619 προέτεινεν,
3389 4549 3455 4611 ἃς
3490 4550 3554 4617 δὴ
3618 4552 3712 4602 καὶ
3766 4554 4083 4621 προέτεινε-δ

2510 4641 2744 4709 ἀπορίας
2789 4642 2916 4707 περὶ
2964 4640 3271 4709 δογμάτων,
3305 4641 3400 4691 καὶ
3436 4640 3619 4707 ἐζήτει
3668 4640 3899 4708 λυθῆναι
3938 4643 4087 4707 αὐτῷ

2511 4731 2644 4799 παρ’
2672 4730 2828 4797 ἡμῶν
2860 4730 2959 4788 τὰς
2990 4731 3246 4791 τοιαύτας
3283 4730 3445 4782 αὐτοῦ
3479 4731 3740 4798 ἀπορίας.
3787 4731 4090 4800 ’Δπεκροῦο

2514 4824 2616 4887 σθη
2646 4822 2703 4873 δὲ
2728 4824 2787 4873 οὐ
2814 4824 2974 4890 μόνον
3001 4824 3207 4881 ἐκεῖνος
3236 4822 3368 4890 περὶ
3398 4822 3687 4888 δογμάτων
3719 4822 3924 4888 λέγειν,
3955 4824 4090 4874 ditia

2515 4915 2610 4966 καὶ
2656 4915 2815 4973 αὐτὸς
2853 4910 3008 4976 οὗτος
3055 4917 3083 4966 ὸ
3137 4914 3423 4983 Παλαμᾶς,
3484 4913 3973 4983 προκομισθέντων
4005 4917 4093 4967 καὶ

2515 5007 2972 5076 ἀναγνωσθέντων
3004 5010 3097 5060 ἐπὶ
3129 5007 3304 5077 τούτῳ
3337 5008 3444 5060 ἀπὸ
3471 5009 3581 5060 τῶν
3611 5008 3776 5075 ἱερῶν
3803 5011 3905 5060 καὶ
3931 5009 4090 5061 θείων

2516 5102 2777 5159 κανόνων,
2813 5098 2928 5151 ὅσοι
2969 5099 3104 5167 δῆτα
3142 5100 3238 5151 καὶ
3284 5097 3735 5167 ἀνεγνώσθησαν.
3775 5098 3870 5165 Μὴ
3910 5100 4093 5150 πειθο-

2522 5194 2684 5262 μένου
2726 5192 2781 5244 δέ
2817 5190 2940 5259 μηδ’
2978 5189 3121 5243 οὕτω
3163 5189 3256 5242 τοῦ
3291 5190 3578 5257 Βαρλαὰμ,
3610 5190 4094 5257 προεκομίσθησαν

2520 5285 2614 5336 καὶ
2655 5282 3075 5350 ἀνεγνώσθησαν
3137 5282 3231 5334 καὶ
3278 5281 3386 5333 ἀπὸ
3460 5281 3570 5333 τῶν
3645 5282 4097 5350 συγγραμμάτων

2521 5377 2685 5429 αὑτοῦ
2716 5378 2775 5428 τὸ
2797 5378 2928 5446 περὶ
2955 5376 3047 5428 τοῦ
3082 5376 3284 5439 Φωτὸς,
3302 5377 3397 5427 καὶ
3420 5375 3481 5426 τὸ
3506 5377 3749 5443 περὶτῆς
3775 5374 3981 5441 Εὕχῆς,
4003 5375 4097 5424 καὶ

2522 5466 2907 5535 κατεψηφίσθη
2930 5467 3022 5518 ἀπ’
3057 5464 3220 5517 αὑτοῦ
3255 5466 3447 5519 τούτου
3470 5466 3564 5517 τοῦ
3586 5465 3790 5517 οἰκείου
3810 5466 4098 5533 συγγράμ-

2526 5577 2714 5628 ματος,
2745 5560 3018 5628 ἐλεγχθεὶς
3072 5560 3167 5611 uti.
3199 5557 3527 5627 συγγνώμην
3558 5559 3821 5627 αἰτήσαςο
3849 5561 4094 5626 ἀναγνω-

2527 5655 2745 5714 σθέντος
2800 5655 2894 5705 καὶ
2951 5650 3045 5703 τοῦ
3096 5651 3256 5717 λόγου
3310 5650 3403 5701 τοῦ
3470 5649 3628 5715 ἁγίου
3685 5648 3937 5701 Ἰωάννου
4007 5646 4098 5700 τοῦ

2527 5743 2910 5814 Δαμασκηνοῦ,
2956 5750 3051 5794 καὶ
3116 5741 3210 5794 τοῦ
3266 5742 3427 5808 λόγου
3480 5742 3576 5794 τοῦ
3632 5740 3791 5807 ἁγίου
3851 5740 4099 5808 Ἀνδρέου

2532 5839 2772 5906 Κρήτης,
2808 5836 2902 5899 οῦς
2936 5836 3028 5888 ἐπὶ
3059 5836 3126 5905 τῇ
3162 5838 3461 5903 Δεσποτικῇ
3496 5836 3593 5903 τῆς
3620 5834 3778 5902 ἀξίας
3805 5834 4101 5903 Max:999-
