4274 6452
796 543 970 596 ταῦτα
1032 538 1318 607 δεξάμενοι
1365 534 1732 605 ἀπεριέργως.

793 635 905 693 τοῖς
938 631 1110 698 ἁγίως
1146 631 1243 697 μὲν
1268 628 1362 681 καὶ
1407 627 1648 690 εὐσεϐῶς
1687 627 1868 679 νοοῦσι
1904 628 1999 680 καὶ
2048 628 2360 696 δεχομένοις

793 725 913 793 φῶς
946 725 1094 776 ἐστιν
1146 721 1404 790 ἀληθείας
1438 721 1575 790 πρὸς
1610 720 1702 773 τὸν
1744 719 1901 782 Θεὸν,
1934 724 2045 784 τοῖς
2075 721 2119 773 δ’
2160 722 2363 790 ἑτέρως

792 819 1010 885 ἔλεγχος
1046 816 1143 869 καὶ
1172 815 1515 883 κατάκριμα.
1548 813 1693 882 Πλὴν
1714 813 1836 865 οὐδὲ
1867 812 2366 883 ἰσχυρογνωμονοῦ-

795 926 917 977 μεν,
951 909 1004 961 εἴ
1038 927 1092 962 τι
1125 909 1217 961 καὶ
1252 908 1339 959 ἐπ’
1393 908 1573 968 αὐτοῖς
1611 909 1722 968 τοῖς
1759 908 1929 975 ἁγίων
1968 910 2149 976 ῥητοῖς
2188 908 2365 957 εἰπεῖν

793 999 907 1069 ἔχει
934 1017 1038 1065 τις,
1072 999 1233 1053 ἅτινα
1282 999 1470 1062 ἁπλῶς
1508 999 1603 1052 καὶ
1638 999 2011 1063 ἀνεξετάστως
2060 997 2366 1067 ὲδῖξάμεθα

792 1093 868 1153 ὡς
909 1092 1100 1159 ἁγίων.
1141 1093 1237 1144 Ἐν
1268 1092 1375 1160 γάρ
1409 1094 1557 1144 ἐστιν
1607 1093 1739 1160 ἡμῖν
1785 1092 1847 1143 τὸ
1879 1089 2238 1159 ζητούμενον,
2278 1088 2367 1142 ἵνα

794 1189 861 1253 τῇ
925 1184 1222 1255 Ἐκκλησῗᾳ
1266 1183 1400 1236 Θεοῦ
1443 1185 1511 1237 τὰ
1563 1186 1739 1236 οἰκεῖα
1795 1184 2041 1253 δόγματα
2085 1185 2366 1253 ἀκραιφνῆ

792 1279 1120 1347 ὅιατηρηϐῇ,
1157 1280 1253 1332 καὶ
1286 1277 1467 1340 καθὼς
1494 1279 1653 1345 ἡμεῖς
1691 1280 1748 1331 ἐν
1773 1278 1979 1340 τούτοις
2010 1277 2364 1343 διεδεξὰμεοα

795 1371 986 1439 αὐτὴν,
1012 1370 1154 1423 οὕτω
1186 1372 1280 1423 καὶ
1319 1370 1452 1438 πρὸς
1492 1370 1616 1429 τοὺς
1661 1370 1777 1436 μεθ’
1808 1372 1954 1439 ἡμᾶς
1990 1370 2363 1437 παραπέμψω·

802 1481 920 1531 μεν,
954 1464 1132 1531 ἀμιγῆ
1186 1463 1388 1523 παντὸς
1430 1462 1587 1514 νόθου
1636 1463 1731 1514 καὶ
1783 1462 2021 1530 ἐκφύλου
2077 1462 2369 1531 δόγματος.

795 1558 869 1607 (id
915 1555 1019 1625 μὴν
1045 1555 1181 1623 ἀλλὰ
1219 1556 1370 1623 καὶὴ
1408 1555 1549 1605 κατὰ
1592 1553 1687 1605 τοῦ
1720 1553 2034 1621 ὐποψηφίου
2074 1554 2371 1620 Μονεμὸα-

800 1649 921 1710 σίας
975 1648 1226 1715 συνοδικὴ
1282 1646 1479 1715 πρᾶξις
1536 1647 1762 1715 ἀρκέσει
1834 1647 1946 1706 τοῖς
2004 1644 2370 1709 ὲνδοιάζουσι,

794 1744 1022 1795 κάκεῖνα
1054 1741 1190 1811 μετὰ
1223 1741 1331 1794 τῶν
1376 1738 1550 1793 ἄλλων
1580 1739 1687 1790 τῶν
1733 1738 1823 1791 ἐπὶ
1858 1740 1922 1808 τῇ
1956 1736 2225 1808 καταδίκῃ
2262 1738 2370 1788 αὐ-

796 1833 887 1886 τοῦ
924 1834 1197 1902 φέρουσα,
1231 1832 1311 1884 ὅτι
1364 1830 1590 1891 δύσνους
1624 1829 1754 1897 περὶ
1808 1828 1869 1881 τὸ
1914 1828 2181 1897 βασίλειον
2236 1827 2371 1896 ὕψος

795 1928 1139 1997 πεφιτιραται,
1172 1926 1266 1977 καὶ
1297 1924 1379 1977 ὅτι
1412 1924 1591 1991 χαίρει
1624 1922 1721 1974 καὶ
1756 1920 2079 1989 πρόσκειται
2114 1923 2247 1984 τοῖς,
2286 1918 2367 1983 οἷς

794 2018 1109 2087 δογματίζει
1144 2020 1171 2070 ὁ
1199 2016 1462 2085 Παλαμᾶς
1498 2014 1633 2083 μετὰ
1659 2014 1755 2081 τὴν
1796 2012 1893 2066 τοῦ
1940 2014 2119 2083 Τόμου
2152 2013 2369 2065 ἔκθεσιν

796 2113 889 2164 καὶ
918 2112 1014 2179 τὴν
1054 2110 1122 2163 δι’
1152 2107 1317 2161 αὑτοῦ
1366 2107 1510 2159 κατὰ
1559 2105 1669 2159 τῶν
1717 2105 1976 2159 τοιούτων
2024 2106 2364 2174 ἐπιτίμησιν.

795 2204 1151 2256 «Ροιι-ῑοτοιιω
1180 2204 1245 2256 de
1271 2200 1461 2254 Tomo.
1490 2200 1668 2253 Palam
1700 2208 1779 2253 est
1812 2215 1873 2253 ex
1903 2200 2017 2266 ipso
2048 2199 2237 2257 Temo,
2267 2201 2368 2252 nisi

792 2297 914 2364 quis
935 2312 996 2348 ex
1036 2295 1235 2349 invidia
1269 2304 1432 2362 atque
1467 2294 1593 2346 odio
1622 2307 1710 2346 res
1744 2292 2048 2359 dijudicare
2108 2292 2257 2347 velit.
2301 2291 2367 2345 de

792 2388 1214 2440 duobustamen
1260 2385 1514 2452 capitulis
1583 2383 1852 2450 judicium
1913 2393 2091 2436 actum
2151 2398 2275 2436 esse
2316 2392 2370 2435 ct

793 2480 1337 2543 determinationcm;
1382 2478 1449 2531 de
1476 2476 1659 2530 divino
1698 2474 1905 2528 lumine
1933 2474 1985 2527 in
2016 2482 2195 2526 monte
2225 2471 2369 2525 Tha-

795 2571 970 2631 horio,
1005 2580 1057 2622 ct
1083 2569 1150 2622 de
1185 2568 1455 2627 oratione,
1495 2576 1553 2620 ut
1578 2566 1716 2619 infra
1749 2579 2127 2633 exponemus;
2184 2573 2239 2616 ct
2271 2579 2368 2632 pro

792 2662 1008 2715 duobus
1034 2662 1181 2715 hisce
1210 2658 1464 2728 capitulis
1515 2658 1959 2719 condemnatum,
2022 2656 2369 2723 ejectumque

802 2754 1169 2815 Barlaamum,
1210 2764 1508 2820 pmnasque
1536 2749 1589 2801 in
1616 2748 1788 2807 Temo
1808 2748 2109 2816 appositas,
2161 2748 2224 2800 ad
2277 2753 2370 2800 dc-

797 2845 1098 2897 fensioncm
1152 2844 1547 2895 monachorum
1603 2841 1674 2893 ob
1718 2840 1831 2893 hme
1860 2842 1966 2893 duo
2025 2837 2369 2893 solummodo

793 2935 977 2997 capita
1021 2934 1251 2986 indictas
1273 2947 1411 2984 esse.
1440 2930 1595 2984 Nunc
1628 2945 1756 2983 vero
1805 2930 1991 2992 audio,
2041 2929 2370 2983 contendere

792 3024 1114 3094 cosjudicio
1143 3039 1201 3078 se
1229 3023 1509 3077 absolutos
1548 3021 1717 3075 fuisse
1743 3022 1809 3075 de
1848 3021 2129 3081 omnibus,
2165 3036 2283 3087 qua:
2318 3028 2370 3071 ct

793 3128 920 3169 ante
955 3123 1007 3168 et
1038 3122 1224 3182 postea
1277 3113 1652 3166 decreverant.
1686 3109 1797 3163 Hoc
1826 3125 2020 3177 purum
2071 3119 2255 3177 putum
2288 3117 2369 3162 cst

1990 414 2528 481 DETGREGORIO
2568 419 2874 480 PALAMA

1784 534 1862 587 Τὰ
1910 535 2019 605 γὰρ
2064 535 2172 589 τῶν
2201 536 2374 603 ἁγίων
2406 588 2409 600 ε

2480 544 2600 605 post
2629 533 2859 589 Tomum
2890 533 3095 588 editum
3120 530 3626 588 circumferuntur?
3681 529 3875 584 Conati
3921 541 4069 583 sunt

3943 413 4066 481 901

2465 628 2628 682 etiam
2692 628 2989 681 secundam
3043 627 3312 697 synodum
3380 641 3573 694 cogere
3635 628 3735 678 sub
3792 633 4063 691 prauextu

2465 720 2757 789 Acindyni,
2817 718 3063 774 saeculari
3131 726 3400 788 potestate
3434 716 3661 777 suli‘nlti,
3695 725 3746 768 et
3780 730 4064 769 convene-

2467 821 2593 866 runt
2639 813 2692 866 in
2746 813 3153 867 catechumcnia
3214 811 3453 865 ctelcstis
3515 809 3695 876 templi
3745 808 3833 863 Dei
3897 807 4061 859 νυτιιί

2470 903 2763 972 Sapientia:
2794 904 3073 975 praesules,
3099 912 3152 957 et
3198 913 3420 957 senatus
3473 916 3572 969 pro
3614 902 3714 953 hac
3746 915 3805 952 re
3858 907 4063 965 prmtrr

2468 995 2800 1048 voluntatem
2854 1006 3116 1058 nostram,
3177 994 3249 1047 ita
3315 994 3422 1046 illis
3455 989 3920 1062 procurantibus:
3963 991 4058 1041 st-d

2470 1087 2619 1141 nullo
2671 1087 2832 1141 modo
2872 1086 2922 1139 id
2953 1094 3037 1141 est
3067 1102 3095 1140 a
3150 1088 3305 1139 nobis
3336 1086 3659 1154 permissum
3685 1102 3709 1140 :7
3765 1094 3875 1136 tum
3910 1099 3999 1149 qu«
4026 1084 4059 1134 d

2472 1193 2648 1247 neque
2679 1179 2830 1248 prius
2850 1192 3027 1247 neque
3060 1179 3328 1247 posterius
3358 1193 3534 1246 neque
3563 1193 3799 1244 unquam
3829 1178 4061 1228 omnino

2472 1286 2773 1326 consensus
2799 1282 2853 1326 et
2878 1274 3130 1327 voluntas
3165 1285 3351 1327 nostra
3386 1273 3573 1336 fuerit,
3628 1273 3961 1342 ilumstioircs
3991 1275 4059 1327 de

2473 1365 2814 1431 dogmatibus
2860 1367 3063 1420 moveri
3098 1368 3150 1420 in
3194 1368 3439 1421 Ecclesia
3500 1366 3617 1427 Dei,
3663 1376 3881 1436 prepter
3936 1384 4060 1433 qme

2476 1460 2599 1511 inde
2631 1468 2935 1526 sequuntur
2962 1459 3279 1513 discrimina
3312 1468 3366 1511 et
3426 1460 3698 1525 pericuia;
3762 1470 3874 1511 tum
3910 1460 4057 1523 quod

2478 1552 2923 1614 intellexerimus,
2965 1566 3088 1604 eum
3131 1554 3221 1620 qui
3265 1553 3328 1604 :ul
3367 1554 3467 1605 hoc
3512 1552 3717 1605 aet-itus
3751 1554 3953 1615 fuerat,
4008 1562 4061 1604 ιιι

2479 1644 2531 1694 in
2570 1659 2669 1696 nos
2709 1645 3176 1709 seseinsinnabat,
3204 1646 3305 1699 sibi
3342 1646 3638 1706 vindicare,
3665 1646 3756 1714 qui
3812 1646 3942 1699 inde
3971 1664 4061 1695 nr-

2480 1742 2569 1786 tus
2610 1733 2819 1797 fuisset,
2854 1736 3139 1797 honorem,
3195 1737 3339 1803 quod
3384 1737 3819 1789 imminutionem
3884 1738 4061 1806 impe-

2464 1828 2632 1899 _rialis
2663 1828 2848 1894 gloriae
2904 1844 2966 1881 ac
3024 1829 3321 1895 majestatis
3375 1830 3776 1895 judiralamus.
3822 1830 4059 1894 ideoque

2404 1902 2443 1953 Β
2475 1935 2583 1973 rem
2622 1934 2728 1973 non
2766 1920 3113 1982 admisimus,
3141 1925 3231 1976 sed
3262 1924 3459 1989 objam
3488 1922 3658 1975 dictas
3676 1924 3812 1976 duas
3860 1938 3994 1976 caus
4034 1940 4058 1973 ς

2472 2022 2699 2065 conatus
2730 2013 2870 2065 illius
2901 2014 3281 2080 repressimus.
3336 2012 3636 2067 Postulavit
3686 2029 3813 2067 vero
3862 2016 4059 2067 deinde

2470 2114 2523 2157 et
2550 2105 2831 2172 compulit,
2887 2114 2945 2157 ul.
2983 2106 3246 2174 scriptum
3304 2108 3367 2160 c'e
3415 2107 3478 2158 iis
3529 2122 3646 2174 qum
3708 2106 3858 2172 prius
3910 2107 4056 2159 dua

2474 2199 3038 2271 fueranthmonachis
3090 2202 3530 2266 coacedercmus,
3581 2213 3633 2254 et
3676 2215 3883 2253 morem
3936 2217 4060 2269 ges-

2470 2294 2665 2348 simus.
2703 2294 2878 2361 Qnare
2906 2295 3083 2349 editus
3123 2303 3204 2348 est
3234 2304 3435 2359 tomus,
3462 2296 3669 2348 nullum
3702 2296 3850 2349 aliud
3876 2312 4057 2363 neque

2472 2387 2796 2454 principium
2830 2402 3001 2455 neque
3055 2387 3213 2440 tinent
3263 2388 3488 2452 habens,
3551 2389 3648 2441 nisi
3687 2398 3897 2441 tantum
3949 2387 4060 2441 duo

2473 2480 2583 2541 illa,
2615 2496 2733 2547 quae
2768 2480 2818 2532 in
2848 2495 2913 2533 eo
2956 2482 3326 2542 continentur,
3389 2482 3588 2549 capit',
3614 2481 3778 2532 .lirini
3831 2481 4056 2550 inquam

2472 2570 2988 2639 Transliguratinnis
3018 2573 3259 2635 lutninis,
3290 2581 3343 2625 et
3367 2573 3652 2633 orationis,
3690 2583 3748 2625 ut
3796 2571 3911 2641 jam
3971 2576 4059 2625 di-

2474 2664 2672 2717 ximus.
2702 2664 2773 2717 De
2796 2666 2991 2733 quibus
3016 2667 3284 2734 capitibus
3317 2676 3368 2721 et
3389 2667 3527 2719 dicta
3551 2667 3770 2719 Patrum
3802 2669 4057 2735 apposita

2472 2765 2621 2818 sunt,
2655 2756 2801 2808 nulla
2848 2756 3032 2809 addita
3066 2772 3241 2826 neque
3292 2759 3632 2826 cxpOsitiouc
3668 2774 3845 2827 neque
3896 2776 4061 2812 enar-

2474 2848 2703 2909 ratione,
2741 2856 2996 2915 tauquam
3052 2863 3173 2916 qua:
3227 2860 3544 2902 sanctorum
3593 2848 3735 2901 dicta
3804 2850 3937 2911 sint,
4005 2861 4059 2903 et

2472 2948 2657 2993 sancte
2682 2939 2957 2993 enuntiata
2987 2955 3047 2993 ac
3085 2940 3351 2993 inti-llecm
3411 2940 3479 2993 ab
3525 2941 3592 2994 iis
3625 2942 3716 3009 qui
3751 2942 3837 3009 pie
3866 2958 3929 2994 ea
3963 2958 4059 2995 ex-

2472 3034 2702 3102 cipiunt.
2750 3032 2884 3086 Cum
2920 3033 3101 3101 itaque
3131 3033 3183 3086 in
3212 3032 3298 3086 his
3331 3031 3547 3086 duolms
3572 3032 3848 3102 capitibus
3869 3049 4056 3087 causa:

2473 3124 2595 3177 linis
2627 3125 2911 3191 impositus
2949 3125 3163 3183 fuisset.
3210 3139 3311 3176 nos
3363 3124 3599 3193 quietem
3640 3125 3899 3178 Ecclesize
3965 3125 4059 3179 Dei

798 3207 1141 3259 mendacium
1184 3216 1238 3259 et
1278 3205 1574 3259 calumnia.
1611 3204 1858 3269 Quanam
1924 3213 2105 3257 autem
2158 3202 2409 3298 rationc‘

2475 3225 2853 3282 procurantes,
2885 3215 3226 3283 gravioribus
3252 3216 3429 3284 pmnis
3465 3215 3886 3281 obstrinximus,
3950 3233 4058 3270 tum

794 3313 892 3351 eos
924 3296 1219 3351 dcfcmlore
1270 3307 1324 3349 ct
1365 3309 1707 3364 propugnare
1757 3307 2082 3347 conaremur
2146 3306 2245 3361 pro
2280 3291 2367 3355 iis,

795 3403 919 3456 quas
976 3387 1216 3440 nondum
1256 3395 1413 3440 erant
1467 3385 1750 3438 enuntiata
1804 3384 1857 3437 in
1915 3385 2145 3452 synodo,
2196 3397 2373 3449 neque

792 3475 1144 3534 examinata?
1173 3476 1306 3530 Nam
1345 3478 1397 3529 in
1431 3475 1681 3545 synodali
1739 3475 1806 3529 de
1844 3476 1946 3527 hac
1993 3488 2050 3528 re
2098 3474 2370 3540 examine,

796 3574 850 3627 in
883 3588 992 3641 quo
1039 3571 1431 3624 celeberrimus
1465 3580 1519 3622 et
1554 3569 1725 3621 beata:
1756 3566 2033 3620 memoria:
2084 3567 2375 3635 imperator

800 3682 897 3718 sua
934 3668 1212 3732 pra-scotia
1251 3662 1421 3715 voluit
1471 3667 1841 3730 propugnator
1892 3674 2036 3725 esse,
2074 3670 2235 3727 atque
2280 3660 2376 3712 ad-

800 3769 1022 3810 vocatus
1046 3754 1297 3808 Ecclesue
1318 3754 1431 3813 Dei.
1465 3763 1721 3819 tanquam
1752 3761 2026 3805 rectorum
2059 3752 2371 3820 dogmatum

800 3857 925 3901 ante
949 3847 1083 3901 alios
1110 3856 1348 3901 sectator
1378 3854 1431 3897 et
1460 3844 1769 3914 piissimus,
1810 3846 2011 3897 missus
2050 3852 2135 3897 est
2163 3844 2378 3897 Barlaa-

805 3953 950 4001 mus,
981 3945 1039 3989 ut
1080 3937 1292 4004 publice
1328 3937 1393 3988 de
1470 3935 1754 3987 monachis
1806 3934 2043 3988 ediceret
2092 3949 2153 3987 ea
2194 3935 2375 3987 omnia

800 4043 1032 4095 quorum
1069 4027 1284 4081 eosdem
1320 4025 1679 4080 insimulabat
1712 4043 1727 4082 :
1764 4026 1853 4077 ille
1896 4027 2057 4079 aliam
2096 4026 2377 4094 ingressus

802 4121 966 4179 viam,
995 4117 1353 4186 proponebat,
1393 4131 1514 4184 qua;
1536 4115 1637 4168 sibi
1665 4114 2016 4177 adhibebant,
2044 4116 2110 4167 de
2145 4115 2378 4182 dogma-

804 4213 949 4265 tibus
977 4211 1334 4279 qtuestioues,
1365 4223 1505 4275 quas
1539 4209 1640 4261 sibi
1674 4208 1807 4261 solvi
1843 4222 1870 4261 a
1909 4208 2065 4260 nobis
2100 4208 2409 4275 poscebat,

800 4303 894 4369 qni
935 4300 1205 4367 repulsam
1234 4314 1453 4368 passus,
1492 4313 1595 4351 non
1630 4308 1837 4351 tantum
1864 4298 2001 4365 ipse,
2050 4302 2141 4352 sed
2200 4308 2254 4351 et
2294 4298 2381 4351 hic

804 4396 920 4461 ipse
962 4391 1239 4452 Palamas,
1270 4390 1662 4456 iuhibitusque,
1697 4404 1762 4442 ne
1788 4389 1855 4443 de
1887 4389 2234 4458 dogmatibus
2272 4389 2382 4445 dis-

796 4493 1025 4540 sereret.
1059 4482 1236 4535 allatis
1267 4481 1529 4547 lectisque
1552 4480 1618 4532 dc
1648 4480 1749 4533 hoc
1778 4494 1844 4533 ex
1874 4481 2044 4534 sacris
2076 4479 2383 4549 divinisque

2473 3322 2567 3359 eos
2592 3308 2683 3376 qui
2718 3308 2769 3361 in
2817 3318 3090 3377 posterum
3136 3307 3437 3362 monachos
3490 3324 3752 3363 act-,usare
3813 3312 4061 3363 niteren-

2474 3405 2582 3459 tur,
2616 3406 2727 3449 tum
2760 3410 2852 3449 eos
2879 3396 2966 3465 qui
2995 3397 3075 3448 vel
3102 3412 3195 3449 ore
3221 3398 3303 3465 vel
3338 3398 3542 3465 scripto
3583 3398 3652 3452 de
3705 3399 4061 3467 dogmatibus

2474 3484 2677 3553 aliquid
2710 3486 3077 3539 tradidissent.
3126 3485 3188 3538 lli
3222 3501 3372 3549 vero,
3428 3496 3485 3539 ut
3540 3503 3633 3541 nos
3685 3490 3966 3551 audiums,
4017 3488 4061 3544 si

2476 3579 2600 3645 quis
2630 3593 2711 3640 ea,
2747 3593 2867 3646 quae
2895 3578 2991 3638 ipsi
3015 3594 3136 3631 cum
3198 3577 3484 3632 Barlaamn
3525 3583 3869 3634 decertantes
3928 3584 4065 3635 scr-

2476 3679 2803 3739 pserunt,et
2859 3673 3055 3739 saepius
3125 3672 3421 3738 perquisita
3485 3672 3925 3732 absconduntur.
3968 3691 4064 3729 nec

2476 3762 2879 3829 producuntur,
2913 3776 2975 3813 ca
3009 3775 3250 3829 quoque,
3273 3778 3393 3830 quae
3449 3763 3524 3815 illi
3556 3773 3741 3831 postea
3779 3764 4063 3832 dixerunt,

2478 3859 2572 3905 aut
2599 3854 2960 3920 scripserunt,
2991 3854 3311 3906 adversatus
3337 3852 3519 3915 fuerit,
3548 3864 3601 3907 et
3638 3868 3733 3909 eos
3767 3857 4065 3924 reprehen-

2479 3944 2638 4006 derit,
2669 3943 2733 3996 ad
2764 3942 2919 3996 Tomi
2947 3943 3213 4013 judicium
3241 3943 3587 4011 confugiunt,
3615 3953 3669 3997 et
3704 3960 3900 4011 poenas
3940 3962 4066 4015 pro-

2480 4045 2707 4099 ponunt,
2740 4047 2799 4087 ac
2819 4034 2863 4087 si
2896 4033 3009 4086 lucc
3042 4033 3156 4102 ipsa
3192 4034 3342 4101 prius
3392 4033 3460 4085 ab
3498 4033 3689 4085 iisdem
3734 4037 4065 4101 composita,

2479 4134 2682 4193 et',qua2
2721 4140 2867 4179 nunc
2913 4136 3191 4194 exponunt
3224 4134 3279 4179 et
3337 4126 3641 4194 publicant,
3703 4125 3757 4177 in
3811 4128 4067 4179 examine

2481 4216 2725 4285 synodali
2766 4218 3040 4286 proposita
3098 4215 3330 4270 fuissent
3363 4218 3550 4284 :ipsos
3611 4232 3739 4269 vero
3779 4218 4065 4285 prohiberi

2482 4309 2551 4361 ab
2582 4309 2774 4362 iisdem
2801 4309 2976 4377 poenis
3009 4308 3210 4363 similia
3267 4309 3469 4377 eloqui,
3518 4320 3573 4362 et
3628 4310 3830 4362 talibus
3890 4312 4070 4377 pascis

2486 4399 2602 4455 fieri
2626 4401 2914 4465 obnoxios,
2969 4411 3225 4469 tanquam
3288 4400 3685 4465 inobcdicntes,
3744 4402 3813 4456 de
3867 4405 4070 4471 quibus

2486 4508 2659 4560 neque
2683 4492 2853 4561 prius,
2890 4508 3063 4562 neque
3084 4508 3251 4556 nunc,
3279 4509 3453 4555 neque
3480 4493 3632 4560 ipsis,
3657 4510 3838 4563 neque
3876 4511 4067 4548 eorum

798 4572 1496 4639 canonibus,qu:ecunqne
1559 4570 1697 4623 lecta
1738 4579 1885 4623 sunt.
1909 4570 2047 4623 Cum
2102 4586 2230 4624 vero
2287 4586 2386 4624 nec.

2448 4590 2460 4635 ι
2491 4586 2987 4655 propugnatoribus
3033 4600 3177 4639 cura:
3212 4584 3337 4638 fuit.
3371 4585 3482 4638 Nos
3508 4601 3662 4653 ergo,
3691 4596 3818 4655 post
3832 4570 4071 4640 Tomutn

804 4662 956 4714 hisce
978 4662 1192 4715 cederet
1222 4660 1565 4721 Barlaamus,
1612 4673 1678 4711 es
1738 4660 1911 4729 ipsius
1955 4658 2378 4714 Commentariis

803 4754 965 4805 allata
992 4762 1042 4805 et
1070 4753 1203 4806 lecta
1253 4761 1403 4813 sunt,
1481 4766 1600 4820 qua:
1649 4752 1716 4805 de
1755 4751 1959 4805 lumine
2032 4763 2087 4805 et
2132 4755 2381 4807 oratione

805 4846 1206 4915 pertractabat;
1253 4854 1307 4897 et
1342 4845 1445 4898 hac
1472 4858 1572 4898 sua
1626 4842 1929 4911 scriptione
1984 4843 2380 4898 condemnatus

803 4946 909 4998 est,
957 4935 1009 4988 in
1037 4951 1221 4988 errore
1245 4936 1640 5003 deprehensus,
1673 4942 1728 4987 et
1757 4933 1970 4987 veniam
2002 4936 2172 5003 petiit.
2205 4934 2384 4991 Lectae

805 5025 956 5079 fuere
983 5041 1198 5094 quoque
1249 5026 1428 5077 oratio
1462 5024 1638 5077 sancti
1662 5022 1893 5080 Joannis
1933 5023 2289 5089 Damasceni,
2329 5035 2384 5080 et

807 5118 983 5170 oratio
1011 5118 1183 5171 sancti
1221 5118 1447 5170 Andreze
1476 5116 1803 5181 Cretensis;
1848 5131 1986 5183 quas
2018 5117 2092 5169 illi
2126 5118 2177 5170 in
2204 5117 2385 5170 Domi-

811 5210 986 5262 nicam
1015 5223 1129 5261 sant
1152 5218 1217 5261 tte
1239 5208 1440 5260 Christi
1465 5206 1983 5277 Transfigurationis
2014 5209 2384 5264 celebritatem

809 5311 1257 5370 composuerunt.
1312 5299 1496 5367 Neque
1529 5299 1655 5353 inde
1704 5308 1891 5367 postea
1922 5314 2248 5354 concessum
2306 5312 2390 5356 est

812 5392 911 5451 illi,
947 5402 1006 5445 ut
1054 5390 1258 5459 aliquid
1292 5392 1556 5444 adversus
1596 5392 1901 5451 monachos
1955 5392 2184 5445 diceret.
2220 5393 2291 5445 De
2324 5392 2389 5446 iis

813 5485 995 5551 itaque
1027 5499 1122 5550 pro
1153 5483 1352 5550 quibus
1398 5498 1577 5551 neque
1601 5498 1722 5537 eum
1752 5495 2124 5537 accusatorem
2162 5484 2390 5537 admisi-

813 5591 959 5636 mus,
985 5575 1292 5643 nequcipsi
1345 5576 1767 5643 responsionem
1818 5575 2053 5643 aliquam
2105 5575 2390 5637 dederunt,

816 5664 1093 5733 quomodo
1182 5666 1548 5719 univcrsalem
1630 5667 2029 5720 absolutionem
2108 5668 2392 5721 consecuti

815 5767 962 5817 sunt,
986 5765 1039 5809 et
1066 5755 1408 5825 potissimum
1447 5757 1511 5810 de
1540 5757 1607 5811 iis
1657 5772 1776 5824 qua:
1836 5766 2088 5825 tanquam
2136 5758 2392 5828 thgmala

812 5848 1184 5916 protulerunt,
1220 5848 1508 5903 Barlaamo
1538 5849 1836 5917 contraria,
1871 5851 1930 5904 de
1957 5849 2023 5904 iis
2052 5850 2238 5915 etiam,
2273 5865 2394 5919 qum

2484 4677 2825 4742 expeditum,
2868 4677 3194 4744 scriptiones
3220 4685 3273 4729 et
3296 4675 3682 4745 responsiones
3742 4678 3810 4730 de
3841 4679 4072 4746 dogma-

2483 4767 2876 4821 tibusPalamaa
2906 4783 3029 4821 cum
3058 4768 3411 4832 vidissemus,
3441 4769 3527 4819 vix
3562 4768 3743 4822 induci
3769 4772 4073 4836 potuimus,

2486 4868 2545 4912 ut
2586 4860 2742 4913 (idem
2771 4860 3173 4914 adhiberemus.
3206 4860 3386 4925 Quare
3428 4860 3677 4930 pluribus
3715 4862 3894 4913 modis
3951 4878 4073 4913 eum

2486 4949 2551 5002 ad
2587 4965 2686 5003 nos
2723 4950 3043 5012 accivimus,
3072 4961 3151 5014 ut,
3209 4952 3253 5005 si
3290 4952 3420 5016 quid
3466 4950 3569 5005 tale
3628 4951 3923 5012 aetideral,
3986 4963 4073 5005 ant

2488 5042 2689 5120 factum
2752 5042 2948 5103 fuerat,
3012 5057 3335 5100 curaremus
3387 5052 3441 5096 et
3490 5043 3914 5110 corrigerentus.
3986 5042 4079 5096 Ille

2488 5150 2596 5190 non
2650 5136 3068 5203 obtemperavit,
3112 5136 3221 5203 iscd
3290 5136 3544 5188 matulata
3597 5134 3941 5187 detrectavit.
4014 5135 4081 5189 Ut

2489 5244 2619 5282 vero
2644 5230 2800 5283 nobis
2829 5231 3082 5293 innotuit,
3108 5229 3179 5281 ita
3207 5228 3393 5282 eodem
3429 5227 3717 5292 referente,
3753 5229 4083 5281 necessitate

2490 5334 2761 5387 coactum,
2796 5334 2851 5375 ut
2877 5324 2991 5392 ipse
3016 5323 3213 5386 aiebat,
3241 5333 3294 5375 et
3321 5322 3467 5387 loqui
3493 5330 3546 5373 et
3579 5319 3822 5373 scribere
3843 5321 4079 5383 siailia;

2491 5425 2566 5479 et,
2598 5415 2641 5467 si
2694 5414 3108 5479 accusatoribus
3168 5413 3444 5467 silentium
3505 5413 3906 5481 imponeretur,
3965 5414 4082 5481 ipse

2493 5521 2709 5576 quoque
2740 5503 3011 5559 scribendi
3051 5505 3418 5573 loquendique
3471 5504 3630 5557 tinem
3698 5503 3944 5565 faceret;
3996 5520 4086 5556 ac.

2493 5598 2818 5652 ccrsivimus
2858 5613 2995 5666 quos
3028 5602 3143 5667 ipse
3172 5608 3554 5666 proposuerat,
3599 5607 3653 5649 et
3680 5595 4096 5663 imperavimus

2498 5691 2654 5758 ipsis,
2693 5705 3031 5760 quaecunque
3067 5692 3223 5744 nobis
3250 5692 3363 5744 visa
3399 5699 3528 5741 sunt
3558 5705 3571 5740 :
3602 5696 3655 5739 et
3690 5687 4087 5749 obedivcrunt,

2498 5781 2874 5849 dederuutque
2899 5780 3318 5849 professionem,
3351 5782 3427 5835 uti
3461 5781 3793 5850 postulatum
3867 5765 4089 5842 fuerat;

2498 5886 2603 5937 qna
2629 5870 2784 5927 facile
2806 5872 3049 5941 dignosci
3075 5882 3271 5942 potest,
3302 5883 3435 5942 quot
3487 5872 3586 5940 ipsi
3645 5886 3741 5926 sua
3776 5871 4092 5941 sponsione
