4274 6452
246 389 353 454 905

1403 384 1845 445 GRAECORUM
1892 378 2358 442 SENTENTIE.

3412 377 3513 442 006

248 504 639 574 promiserant.
681 504 756 554 Au
787 508 1068 570 propterea
1097 499 1257 552 etiam
1303 498 1484 566 aliquo
1507 499 1667 550 modo
1697 511 1820 550 sua-
1860 497 1901 551 Α
1932 495 2044 546 lino
2083 493 2342 545 adversus
2376 488 2758 542 Moncmbasix
2791 486 3234 557 Hypopscphium
3268 488 3507 558 synoda-

243 596 362 648 dcri
415 594 516 647 sibi
569 609 763 662 passus
796 590 897 645 “est
943 591 1232 644 Palamas?
1287 588 1664 657 Nequaquam.
1725 588 1828 640 Sed

244 685 414 749 idem,
443 683 536 752 qui
596 684 747 751 prius
816 693 955 746 erat,
997 679 1332 750 permansit;
1385 693 1557 745 neque
1613 678 1678 727 ad
1734 689 1833 727 nos

242 778 505 832 accedere
562 777 750 839 voluit,
812 776 938 830 licet
989 775 1312 837 accersitus,
1372 787 1546 840 neque
1608 771 1674 824 de
1726 770 1830 822 do-

242 871 524 940 gmatibus
559 869 864 923 disserendi
895 869 1055 922 finem
1101 867 1278 920 facere
1315 882 1329 928 ;
1390 865 1643 919 detentus
1709 877 1835 915 vero

236 979 303 1015 ea
329 964 562 1024 ratione,
593 977 698 1030 qua
729 961 844 1013 ﬁeri
881 959 1078 1028 potuit,
1105 973 1205 1012 nec
1228 957 1300 1012 ita
1338 956 1566 1025 quievit.
1609 955 1704 1007 sed
1737 952 1834 1005 ad-

242 1051 355 1104 huc
395 1051 570 1116 magis
597 1065 660 1101 ac
690 1049 861 1115 magis
895 1047 1146 1115 proprias
1177 1046 1477 1101 sententias
1507 1041 1836 1113 promulgat.

241 1144 311 1195 de
342 1142 524 1209 pretiis
552 1142 656 1194 sibi
691 1141 955 1208 iajunctis
989 1154 1181 1208 parum
1219 1137 1594 1198 sollicitus,-ut
1619 1149 1683 1187 ex
1717 1148 1838 1187 om-

240 1235 406 1287 nilms
446 1233 690 1303 conspici
725 1232 1014 1299 colligique
1047 1238 1221 1298 potest
1245 1244 1274 1282 a
1304 1229 1544 1281 veritatis
1576 1235 1839 1290 amatore,

241 1341 271 1378 a
304 1325 603 1394 principio.
642 1326 874 1393 propriae
915 1323 1202 1378 electionis
1224 1331 1277 1376 et
1312 1320 1554 1374 audacia:
1581 1329 1634 1372 et
1652 1327 1842 1372 contu-

244 1416 440 1468 macia:
475 1417 748 1479 morbum,
783 1416 1064 1468 Palamam
1099 1416 1150 1466 in
1186 1413 1383 1468 similia
1405 1413 1672 1466 excitasse
1715 1425 1838 1462 cum

244 1507 436 1559 omnia
488 1506 571 1558 vir
618 1511 844 1570 audeat,
874 1507 968 1575 qui
1022 1506 1218 1559 nedum
1258 1504 1583 1561 sententiam
1625 1517 1842 1571 permu-

244 1599 406 1662 tarit,
453 1601 546 1654 sed
581 1599 862 1654 moidicus
893 1598 998 1652 sibi
1031 1598 1164 1652 visis
1185 1597 1491 1658 adhaerens,
1516 1595 1579 1649 ad
1604 1598 1838 1664 seipsum

245 1691 581 1758 compellere
645 1691 976 1759 trahereque
1038 1698 1272 1744 conatur
1330 1701 1689 1756 quoscunque
1742 1686 1842 1739 hac

245 1800 350 1837 sua
383 1784 644 1851 Opinione
681 1784 922 1836 irretitos
949 1782 1412 1836 animadverterit.
1461 1781 1533 1834 De
1592 1795 1702 1847 quo
1768 1779 1843 1830 nil

249 1875 459 1928 mirum
499 1883 604 1934 est,
649 1875 692 1926 si
733 1875 898 1928 homo
931 1875 1053 1927 talis
1091 1874 1428 1942 pervicaciat,
1453 1873 1570 1927 sine
1609 1872 1720 1925 ullo
1753 1884 1838 1923 re-

248 1969 458 2029 medio,
495 1967 967 2032 pcrsevcret:sed
1015 1983 1266 2036 magnum
1334 1975 1389 2020 ct
1452 1965 1564 2020 fere
1622 1970 1836 2019 ostento

249 2073 364 2112 non
393 2058 679 2121 dissimile,
712 2058 755 2110 si
786 2059 934 2126 quis,
989 2059 1162 2112 donec
1195 2057 1282 2111 ille
1335 2058 1406 2110 ita
1438 2056 1623 2118 sentit,
1678 2070 1834 2124 opem

251 2148 402 2202 ferre
457 2149 709 2213 voluerit,
767 2164 981 2218 unaque
1032 2164 1096 2202 ac
1161 2148 1249 2202 ille
1299 2150 1522 2209 sentire,
1583 2146 1837 2200 Ecclesia:

253 2239 349 2292 Dei
385 2241 705 2293 adversans.
740 2238 850 2292 Nos
877 2239 1044 2303 enim,
1087 2248 1208 2292 utut
1237 2253 1296 2292 se
1327 2237 1582 2298 habeant,
1611 2252 1731 2304 qua:
1770 2236 1837 2288 ab

250 2335 449 2388 eodem
479 2348 604 2386 cum
639 2333 927 2387 Barlaaiuo
961 2334 1274 2387 decertaute
1307 2340 1432 2384 aute
1455 2329 1684 2384 Tomqu
1709 2343 1839 2382 con-

253 2427 467 2496 scripta
498 2425 734 2490 fuerant,
763 2435 819 2480 et
850 2433 972 2494 post
1000 2424 1256 2488 Turnum,
1308 2431 1502 2492 pra-ter
1526 2422 1639 2492 jam
1695 2420 1838 2474 dicta

253 2521 372 2575 duo
397 2519 576 2588 capita
620 2519 956 2581 examinata,
984 2532 1163 2586 neque
1194 2516 1446 2570 volumus
1473 2528 1644 2583 neque
1669 2511 1841 2568 susti-

254 2627 460 2667 nemus
494 2611 704 2673 audire,
757 2609 850 2663 sed
901 2608 1112 2662 abunde
1167 2607 1323 2660 nobis
1367 2604 1642 2661 sulIiciunt
1696 2603 1839 2656 dicta

253 2704 510 2765 Patrum,
543 2711 601 2754 ut
627 2709 902 2764 tenentur,
954 2709 1006 2752 et
1030 2699 1099 2753 ab
1138 2697 1387 2752 Ecclesia
1431 2696 1526 2749 Dei
1559 2709 1839 2762 exponun-

257 2804 374 2859 tur,
401 2794 698 2848 schismata
739 2790 978 2852 reveriti.
1023 2790 1204 2859 qualia
1259 2789 1310 2840 iu
1354 2786 1626 2842 similibus
1690 2785 1840 2838 nasci

253 2891 657 2940 consuescunt.
688 2880 933 2935 Breviter
953 2894 1082 2947 ergo
1114 2893 1214 2932 nos
1268 2877 1621 2945 exposuimus
1687 2889 1840 2928 sum-

256 2993 412 3032 mam
448 2977 502 3030 in
536 2976 640 3029 hac
671 2974 918 3029 veritatis
949 2986 1114 3026 causa
1144 2970 1210 3024 de
1246 2969 1460 3023 duobus
1495 2967 1843 3023 solummodo

254 3070 560 3138 capitibus,
585 3067 764 3134 necde
789 3065 898 3118 ullo
925 3065 1032 3118 alio
1060 3062 1320 3124 svttodale
1348 3076 1576 3116 examen
1604 3059 1844 3121 finitum,

1940 587 2006 639 lis
2042 584 2182 638 artio
2218 581 2595 636 ltmsitantibus
2636 583 2766 636 satis
2805 583 2982 643 fuerit,
3014 581 3100 633 illa
3130 584 3291 635 etiam
3323 596 3515 650 prmter

1941 676 2043 727 alia
2072 677 2124 727 in
2155 672 2605 727 condemuatioue
2633 671 2947 740 prazfcrens,
3017 671 3289 740 majestati
3341 674 3511 743 iutpc-

1942 769 2058 821 riali
2093 767 2365 820 infensum
2391 764 2584 826 fuisse,
2616 773 2669 816 et
2703 766 2940 832 gaudere
2972 774 3024 817 et
3074 765 3513 822 addictissimum

1941 874 2060 912 esse
2086 858 2363 911 sententiis
2395 857 2622 909 Palatina:
2645 868 2765 924 post
2794 855 3023 909 Tomum
3048 857 3278 920 editum,
3311 866 3364 912 et
3398 875 3516 927 pm-

1944 969 2040 1009 nas
2073 967 2165 1021 per
2188 968 2308 1005 eum
2338 961 2523 1006 contra
2559 951 2725 1005 hosce
2766 951 3086 1019 publit-atas.
3118 970 3134 1002 ι
3171 949 3286 1017 His,
3322 962 3378 1005 ut
3405 952 3520 1021 jam

1943 1045 2113 1106 vides,
2156 1044 2343 1106 lector,
2395 1044 2709 1097 Bailaamus
2737 1044 3133 1098 condemnatus
3161 1045 3421 1098 ass.~.ritur
3457 1048 3522 1099 de

1944 1136 2158 1187 duobus
2188 1136 2477 1203 capitibus.
2517 1134 2764 1187 Palamas
2798 1135 3082 1189 absolutus
3115 1151 3219 1189 non
3253 1146 3355 1199 est,
3406 1147 3517 1190 tum

1949 1226 2226 1278 Darlaamo
2276 1234 2386 1277 tum
2440 1226 2674 1280 Pal-tina:
2719 1226 2994 1280 silentium
3065 1228 3131 1280 de
3177 1229 3522 1298 dogmatibus

1947 1318 2267 1384 imponitur.
2299 1318 2695 1372 Condemnatio
2728 1319 2815 1372 illa
2848 1321 3122 1389 quomodo
3151 1337 3207 1376 se
3245 1323 3520 1384 habuerit.

1946 1428 2051 1464 non
2086 1412 2271 1480 liquet.
2323 1412 2460 1476 Quid
2494 1427 2621 1478 ergo
2647 1413 2803 1466 nobis
2839 1414 3258 1469 Cautacuzenus
3315 1428 3420 1468 tam
3454 1419 3522 1471 ilo

1949 1505 2227 1558 Barlaamo
2251 1521 2410 1574 quant
2442 1506 2508 1558 de
2551 1506 2766 1559 Palama
2813 1509 2946 1560 adeo
2975 1509 3185 1561 diversa
3258 1512 3518 1564 obtrudit.

1951 1597 2284 1666 Nicephorius
2319 1597 2610 1664 Grcgoras,
2645 1598 2894 1653 oculatus
2946 1600 3108 1653 etiam
3181 1602 3294 1669 ipse
3347 1605 3519 1663 testis,

1951 1688 2136 1750 refert,
2166 1688 2229 1740 de
2252 1689 2500 1753 dogmate
2527 1691 2659 1742 nihil
2695 1701 2875 1744 actum
2907 1706 3050 1754 esse,
3083 1692 3151 1745 ob
3183 1696 3521 1760 praesentiam

1953 1781 2641 1848 imperitemultitudinis;
2693 1795 2825 1847 tum,
2877 1799 2942 1836 ne
2975 1785 3261 1854 theologia:
3320 1799 3523 1854 myste-

1954 1874 2029 1925 ria
2054 1871 2300 1941 profanis
2342 1874 2484 1941 vulgi
2523 1874 2748 1927 auribus
2808 1877 3227 1945 ingererentur;
3276 1890 3411 1938 tum,
3460 1898 3524 1930 ne

1946 1961 2213 2023 Palamas,
2239 1971 2432 2016 contra
2463 1963 2777 2032 disputante
2816 1966 3126 2023 Barlaamo,
3189 1970 3290 2021 hla~
3313 1971 3521 2036 plu-ina-

1945 2059 2206 2110 doctrina:
2236 2055 2692 2121 convinceretur;
2723 2060 2990 2128 synodum
3049 2076 3196 2118 vero.
3242 2063 3419 2114 lumen
3471 2064 3520 2112 in

1943 2147 2234 2205 Thaborio,
2287 2148 2613 2209 inet-catum,
2649 2161 2700 2200 et
2724 2149 2898 2217 ipsum
2929 2154 3174 2204 naturale
3207 2153 3295 2204 Dei
3340 2155 3521 2205 lumen

1942 2237 2130 2299 fuisse,
2160 2238 2370 2291 dilhcile
2394 2240 2634 2292 adducor
2658 2249 2713 2293 ut
2735 2243 2973 2303 credam,
3029 2245 3351 2305 tlecrevi5se,
3403 2261 3523 2297 cum

1943 2329 2137 2383 falsum
2158 2330 2380 2382 omnino
2403 2330 2753 2385 decrevisset.
2775 2332 3044 2400 Quidquid
3072 2334 3213 2386 enim
3233 2336 3383 2388 adven
3400 2352 3474 2387 sat
3495 2333 3528 2384 ii

1944 2432 2210 2483 asseraut,
2243 2421 2385 2490 quod
2412 2424 2691 2490 corporeis
2720 2421 2898 2479 Oculis
2939 2426 3171 2488 videtur,
3227 2426 3527 2480 inci-catum

1941 2529 2048 2566 non
2067 2523 2178 2566 est:
2202 2513 2383 2566 lumen
2404 2511 2517 2565 Tha
2529 2513 2737 2566 borium
2760 2516 3039 2582 corporeis
3059 2516 3230 2569 oculis
3248 2531 3276 2568 a
3294 2516 3532 2583 discipn‘

1944 2607 2009 2659 lis
2034 2606 2208 2661 visum
2240 2615 2354 2662 est:
2381 2618 2518 2671 tmn,
2543 2608 2804 2677 quidquid
2837 2611 3109 2675 corporeis
3129 2612 3302 2663 oculis
3323 2613 3532 2664 videtnr

1944 2708 2184 2753 creatum
2201 2709 2305 2764 est,
2331 2703 2510 2753 lumen
2530 2700 2737 2754 Thabm
2755 2702 2861 2754 ium
2887 2702 3064 2755 visum
3097 2711 3199 2768 est,
3226 2720 3353 2771 ergo
3380 2721 3534 2756 erea-

1948 2803 2061 2848 tttm
2086 2802 2186 2855 est,
2222 2801 2276 2846 et
2305 2795 2452 2846 nullo
2482 2795 2640 2847 modo
2670 2795 2992 2848 increatum.
3031 2795 3190 2848 Plura
3219 2797 3534 2850 Philothcus

1946 2886 2280 2954 patriarcha,
2310 2895 2365 2939 et
2400 2885 2487 2938 alii
2513 2887 2578 2938 de
2606 2888 2706 2938 hoc
2735 2886 2960 2949 lumine,
3017 2902 3113 2953 pro
3144 2887 3375 2941 Palama:
3412 2903 3535 2942 scn-

1955 2975 2142 3037 tentia,
2171 2975 2334 3029 editis
2360 2976 2522 3028 etiam
2570 2976 2742 3039 libris,
2774 2976 3146 3031 disseruerunt
3176 2994 3189 3029 :
3221 2980 3316 3033 sed
3363 2996 3536 3047 neque

1952 3067 2110 3121 dictis
2134 3067 2470 3133 argumentis
2501 3067 2832 3135 respondent
2859 3087 2871 3132 ;
2903 3069 3231 3138 firmumque
3262 3080 3314 3124 et
3347 3074 3536 3125 incon—

252 3173 312 3219 et
359 3171 582 3232 propter
612 3160 730 3214 hac
762 3160 878 3214 sola
913 3159 1146 3228 ejectum
1176 3159 1602 3224 damnatumque
1649 3153 1848 3207 absur—
1880 3165 1921 3220 ο
1956 3173 2173 3211 eussum
2200 3166 2324 3211 stat.
2352 3156 2628 3226 Quidquid
2657 3168 2758 3222 est,
2802 3169 2893 3211 aut
2927 3161 3062 3214 Deus
3113 3170 3214 3227 est,
3261 3172 3353 3215 aut
3382 3179 3470 3216 cre
3512 3193 3536 3204 -

257 3254 564 3309 dissinmm
597 3252 972 3314 Barlaamum,
998 3259 1051 3303 et
1093 3258 1299 3302 tantam
1347 3263 1566 3318 pinnam
1591 3247 1665 3300 illi
1719 3262 1748 3299 a
1775 3246 1850 3299 De

254 3347 512 3401 Ecclesia
550 3344 812 3397 inflictam
873 3343 1064 3396 fuisse.
1099 3343 1210 3396 Hos
1251 3353 1432 3394 autem
1457 3349 1510 3392 et
1547 3341 1682 3392 alios
1720 3354 1846 3392 cum

255 3437 635 3501 vehementia,
659 3435 1052 3506 increpatione,
1105 3443 1160 3489 et
1185 3433 1504 3488 austeritate
1557 3432 1849 3502 spirituali,

262 3530 674 3600 impedivimus,
704 3545 771 3582 ne
796 3529 928 3597 quid
966 3525 1190 3580 omnino
1217 3536 1517 3590 moverent,
1545 3534 1641 3578 aut
1669 3523 1853 3593 loque-

263 3634 458 3680 rentur
485 3624 553 3677 de
573 3621 943 3691 dogmatibus,
978 3631 1032 3674 et
1053 3620 1244 3674 turbas
1300 3633 1366 3671 ac
1403 3617 1693 3680 tumultus,
1754 3631 1856 3670 nec

262 3733 374 3773 non
401 3716 702 3772 schismata
736 3713 830 3768 Dei
862 3713 1120 3766 Ecclesia:
1146 3711 1539 3775 conciliarent;
1581 3719 1636 3764 et
1665 3724 1852 3765 eorum

262 3823 389 3878 quae
422 3809 578 3877 prius
598 3807 663 3860 ab
682 3806 837 3875 ipsis,
873 3805 1002 3859 dum
1036 3819 1161 3860 cum
1186 3805 1469 3859 Barlaamo
1492 3806 1854 3873 disputarent,

264 3908 579 3966 aut;postea
617 3897 1085 3964 conscripserunt,
1119 3894 1330 3948 nullum
1372 3909 1601 3947 examen
1651 3893 1854 3947 factum

265 3989 444 4043 fuisse
497 3987 824 4042 asserimus.
878 3985 992 4037 lmo
1049 3984 1239 4037 sedulo
1307 3983 1509 4037 similia
1560 3983 1857 4050 postulata,

269 4091 489 4135 tantum
520 4077 718 4142 abfuit,
746 4087 806 4131 ut
840 4076 1036 4132 tradita
1067 4076 1291 4142 fuerint,
1323 4084 1384 4129 ut
1406 4075 1570 4129 etiam
1602 4087 1724 4143 post
1750 4073 1858 4127 To-

275 4189 429 4228 mum
469 4172 576 4225 alia
606 4170 970 4224 inverecunde
1019 4167 1355 4224 sanciverint
1391 4176 1444 4220 et
1491 4167 1852 4221 decreverint.

268 4266 427 4320 Dicta
478 4279 647 4334 porro
697 4261 920 4316 Patrum
976 4276 1084 4316 non
1136 4261 1437 4314 adulterata
1483 4259 1548 4313 ad
1590 4257 1859 4312 uictorum

265 4363 508 4414 duorum
528 4358 773 4425 capitum
799 4355 1114 4408 ﬁrmitatem
1146 4355 1354 4422 absque
1383 4352 1488 4406 ulla
1513 4353 1862 4406 enarratione

268 4464 320 4508 et
357 4450 709 4520 expositione
725 4448 1022 4515 amplexati
1049 4461 1262 4499 sumus.
1294 4443 1451 4510 Quod
1483 4446 1528 4497 si
1555 4447 1679 4514 quis
1703 4461 1763 4498 ea
1793 4445 1858 4497 ad

271 4543 559 4612 proprium
597 4553 823 4607 scopum
868 4537 1145 4590 attrahere
1200 4537 1449 4597 voluerit,
1508 4546 1563 4587 et
1603 4534 1860 4602 interpre-

270 4637 404 4701 tari,
438 4644 494 4688 et
522 4647 690 4700 super
723 4630 830 4684 illis
855 4630 1080 4692 firmari,
1109 4629 1340 4696 aliisque
1400 4629 1466 4682 de
1515 4628 1713 4696 quibus
1782 4626 1862 4678 di-

270 4738 427 4783 ctum
481 4734 590 4788 est,
642 4739 752 4778 non
803 4733 1089 4793 propterea
1143 4722 1372 4774 omnino
1420 4720 1548 4773 mali
1606 4717 1862 4772 censendi

271 4832 427 4887 sunt,
458 4821 553 4890 qui
583 4835 646 4874 ea
676 4821 750 4874 ita
791 4820 910 4874 sine
960 4820 1066 4873 alio
1095 4818 1347 4871 examine
1390 4826 1740 4885 acceperunt.
1775 4817 1866 4870 Di-

269 4925 360 4973 cta
394 4917 545 4970 enim
579 4926 896 4968 sanctorum
930 4913 996 4966 iis
1027 4913 1120 4981 qui
1153 4921 1340 4966 sancte
1397 4920 1452 4964 et
1515 4912 1602 4978 pie
1665 4910 1867 4963 intelli-

271 5014 496 5078 guntet
538 5002 958 5066 exosculantur,
1008 5001 1192 5055 lumen
1249 5011 1377 5054 sunt
1434 5002 1678 5055 veritatis
1735 5013 1861 5069 erga

271 5099 453 5154 Deum
481 5114 496 5162 ;
535 5096 626 5164 qui
651 5095 760 5147 alio
795 5093 959 5147 modo
989 5094 1285 5162 accipiunt,
1318 5093 1384 5147 iis
1420 5103 1545 5146 sunt
1571 5092 1862 5161 reprehen-

269 5193 360 5245 sio
389 5199 446 5243 et
467 5191 877 5242 condemnatio.
907 5184 1017 5238 Nec
1048 5187 1212 5238 etiam
1270 5185 1542 5239 obstinate
1601 5187 1859 5254 prohibe-

272 5295 426 5345 mus,
455 5292 524 5331 ne
551 5292 717 5346 super
740 5275 875 5344 ipsis
903 5284 1231 5328 sanctorum
1276 5275 1438 5328 dictis
1471 5274 1676 5344 aliquid
1710 5275 1864 5343 quis-

272 5375 424 5443 piam
451 5369 626 5432 dicat,
653 5383 776 5439 (μηνι
810 5368 1133 5436 simpliciter
1155 5377 1206 5420 et
1228 5367 1343 5420 sine
1369 5368 1570 5436 praevio
1597 5369 1865 5430 examine,

271 5478 542 5532 tanquam
610 5471 952 5522 sanctorum,
1021 5461 1422 5528 amplectimur.
1483 5457 1665 5513 Unum
1724 5461 1865 5514 enim

272 5566 379 5617 est,
417 5553 564 5621 quod
594 5568 622 5602 a
661 5552 822 5605 nobis
851 5560 1204 5620 procuratur,
1243 5551 1342 5604 Dei.
1363 5551 1618 5604 Ecclesia:
1646 5553 1866 5620 propria

275 5651 539 5712 dogmata
574 5654 722 5698 sarta
751 5654 892 5697 tecta
921 5645 1257 5708 conservari,
1292 5653 1367 5707 et,
1407 5643 1866 5712 quemadmodum

277 5758 379 5793 nos
411 5754 535 5791 eam
572 5738 910 5804 accepimus,
961 5737 1031 5789 ita
1063 5746 1117 5789 et
1166 5737 1231 5789 ad
1296 5745 1542 5804 posteros
1602 5739 1670 5789 ab
1720 5737 1867 5789 omni

279 5831 556 5887 adulterio
586 5839 641 5883 et
674 5830 851 5882 alieno
868 5830 1116 5898 dogmate
1142 5830 1437 5884 immunem
1469 5829 1857 5885 transmittere.

606 5931 877 5988 i‘unon.
923 5929 1040 5986 Gn.
1100 5927 1213 5992 CL,

1956 3259 2112 3314 tura;
2144 3249 2188 3302 si
2211 3247 2373 3312 Deus,
2401 3263 2536 3317 ergo
2561 3263 2665 3302 non
2689 3250 3019 3318 conspicitur
3035 3252 3205 3305 oculis
3225 3253 3535 3320 corporeis;

1955 3344 1999 3396 si
2029 3353 2300 3403 creatura,
2334 3357 2438 3394 non
2479 3357 2608 3409 ergo
2654 3343 2974 3397 increatum.
3010 3343 3074 3396 Et
3113 3346 3258 3399 dicta
3292 3346 3534 3411 Patrum,

1957 3450 2078 3504 quae
2102 3451 2196 3502 pro
2234 3436 2466 3489 Palauia:
2511 3437 2768 3503 Opinione
2826 3438 3224 3506 agglomcrant.
3280 3441 3529 3494 Bailoam

1960 3528 2136 3596 potius
2188 3527 2510 3581 sententiam
2548 3528 2789 3592 ﬁrmare,
2818 3529 3080 3584 latissime
3135 3531 3324 3598 probat
3373 3532 3538 3584 Joan-

1959 3635 2054 3674 nes
2077 3619 2463 3689 Cyparissiata,
2500 3634 2621 3688 cap.
2648 3621 2680 3673 4
2713 3629 2766 3674 et
2791 3620 2822 3673 5
2855 3620 3085 3674 Decadis
3116 3631 3302 3677 sextae.
3340 3622 3541 3688 Quem-

1958 3714 2246 3765 admodum
2282 3728 2342 3764 ex
2370 3712 2473 3764 alia
2530 3720 2680 3778 parte
2712 3709 2985 3780 Josephus
3022 3712 3347 3781 Bzyennius,
3397 3726 3536 3769 orat.

1960 3802 2025 3856 dc
2052 3800 2546 3870 Transliguratione
2576 3800 2813 3861 Domini,
2844 3802 3159 3855 eorumdciu
3219 3804 3377 3858 dictis
3435 3803 3536 3856 Pa-

1961 3893 2116 3946 lama:
2140 3893 2459 3947 sententiam
2493 3892 2834 3946 corroborat.
2892 3891 3032 3956 Quid
3089 3907 3217 3961 ergo
3252 3894 3538 3946 dicendum

1961 3985 2368 4040 cst?Patresne
2427 3985 2529 4038 sibi
2580 3984 2810 4037 invicem
2879 3985 3150 4038 ccutraria
3214 3985 3543 4038 tradidisse?

1960 4079 2337 4147 Nequaquam.
2366 4077 2568 4143 Quare,
2612 4080 2687 4131 uti
2719 4079 2769 4131 in
2798 4078 2962 4133 rebus
2999 4080 3140 4142 aliis,
3194 4079 3267 4132 ita
3327 4076 3380 4130 in
3438 4078 3541 4129 hac

1960 4184 2197 4238 quoque,
2242 4171 2410 4222 media
2438 4170 2519 4221 via
2547 4169 2998 4238 progrediendum
3038 4181 3141 4230 est,
3173 4185 3238 4223 ne
3263 4186 3292 4223 a
3315 4171 3542 4223 veritate

1961 4264 2300 4315 aberremus.
2366 4261 2418 4314 ld
2446 4278 2567 4316 cum
2632 4279 2739 4316 non
2801 4265 3032 4319 assecuti
3087 4262 3319 4318 fuissent
3366 4279 3543 4330 neque
3624 4288 3626 4290 -

1963 4354 2476 4422 Bat'laautusncquc
2509 4357 2777 4420 Palamas,
2819 4357 2871 4410 in
2905 4357 3084 4412 varios
3137 4371 3353 4411 errores
3408 4357 3544 4426 lapsi

1965 4456 2110 4497 sunt.
2142 4442 2512 4513 Erroritaque
2540 4445 2725 4509 fuerit,
2769 4464 3031 4512 asserere,
3098 4449 3276 4504 lumen
3328 4450 3455 4503 illud
3490 4453 3544 4505 iu

1968 4545 2149 4590 monte
2172 4535 2443 4591 Thahorio
2475 4553 2581 4592 non
2614 4538 2781 4593 fuisse
2825 4543 3040 4595 deitatis
3094 4543 3235 4600 illius
3287 4544 3542 4612 gloriam,

1964 4643 2015 4686 et
2047 4634 2227 4688 lumen
2260 4638 2564 4704 proprium,
2609 4638 2902 4708 lumenque
2955 4644 3021 4694 ab
3073 4647 3308 4699 essentia
3361 4647 3545 4699 divina

1964 4738 2249 4792 emanans,
2299 4728 2440 4796 quod
2468 4744 2632 4782 unum
2660 4740 2712 4784 et
2763 4732 2899 4785 idem
2929 4750 3053 4786 cum
3106 4737 3341 4790 essentia
3365 4738 3546 4790 divina

1964 4827 2081 4869 erat
2144 4831 2244 4872 nec
2300 4819 2468 4883 aliud,
2519 4832 2578 4874 ut
2635 4833 2890 4877 asserunt
2940 4827 3278 4892 apertissime
3338 4831 3546 4897 Patres,

1966 4906 2212 4977 Ephraun
2260 4909 2450 4981 Syrus,
2516 4912 2752 4970 Joannes
2815 4916 3202 4980 Damasrcnus,
3264 4923 3549 4992 Dionysius

1970 5002 2323 5070 Areopagita,
2391 5004 2636 5057 Andreus
2670 5007 2972 5066 Cretensis.
3020 5013 3246 5064 Cosmas
3282 5012 3547 5080 Melodus,

1972 5090 2238 5146 Maximus
2268 5095 2570 5158 confessor,
2599 5097 2833 5164 Cyrilus
2862 5099 3281 5165 Alexandrinus,
3311 5103 3550 5159 Joannes

1967 5183 2412 5253 Chrysostomus,
2487 5187 2785 5257 Gregorius
2848 5188 3254 5258 Nazianzenus,
3315 5198 3548 5253 Basilius

1971 5276 2195 5345 Magnus
2224 5288 2276 5333 et
2303 5280 2636 5335 Athanasius
2687 5280 3028 5351 Synadcnus.
3082 5288 3348 5358 Splendor
3402 5294 3546 5347 enim

1971 5370 2085 5435 ille,
2128 5381 2179 5426 ct
2229 5375 2430 5440 lumen,
2464 5375 2579 5444 ipsa
2621 5379 2818 5434 Christi
2853 5383 3021 5436 deitas
3059 5383 3198 5438 beati
3248 5385 3369 5446 fuit,
3431 5403 3549 5455 quae

1971 5474 2066 5527 per
2096 5461 2414 5516 miraculum
2449 5467 2513 5518 ad
2544 5467 2673 5520 illud
2711 5481 2924 5538 tempus
2946 5483 3104 5534 tecta,
3143 5490 3207 5528 ne
3240 5477 3412 5529 oculis
3445 5480 3546 5528 llu-

1973 5556 2151 5608 manis
2188 5572 2285 5607 sua
2323 5559 2603 5625 majestate
2637 5561 2894 5626 ofﬁceret,
2936 5581 2999 5618 co
3051 5566 3137 5620 die
3181 5578 3430 5623 cessante
3471 5574 3549 5621 di-

1973 5654 2058 5698 cto
2109 5646 2372 5700 miraculo
2413 5654 2680 5719 apparuit,
2720 5664 2772 5709 et
2823 5659 3192 5724 apostolorum
3225 5661 3409 5715 oenlos
3439 5679 3550 5715 cir-

1973 5739 2274 5793 cumfulsit.
2319 5740 2382 5793 Et
2429 5758 2802 5811 argumentum
2856 5751 2921 5803 de
2965 5763 3146 5806 creato
3191 5764 3242 5808 ct
3307 5758 3549 5809 increatn

1974 5829 2108 5884 nihil
2145 5835 2438 5889 concludit.
2479 5835 2673 5895 Verum
2720 5845 2861 5898 enim
2917 5855 3019 5913 est,
3063 5849 3236 5904 oculis
3271 5852 3547 5920 corporeis

3088 5943 3166 6001 ‘29
