4274 6452
273 390 380 453 9η

1628 379 2150 440 TllEOPHANES.

3410 380 3514 444 9M

272 506 417 557 κατὰ
446 503 554 556 τῶν
607 503 1078 571 συγγραψαμένων
1123 500 1377 553 ὑπόνοιαν
1413 498 1704 566 δεξάμενος
1744 495 1845 547 οὑκ
1874 492 1919 548 Λ

1895 492 1919 548 ι
1950 492 2240 560 scriptores
2277 491 2648 561 suspicionem
2674 499 2993 560 conceperat
3033 507 3140 544 ttou
3170 493 3386 558 bonam,
3418 495 3513 548 se-l

272 596 508 662 ἀγαθὴν.
561 593 760 662 μᾶλλον
791 594 845 644 δὲ
899 593 993 645 καὶ
1034 593 1153 643 λίαν
1206 592 1405 659 κακήν.
1439 589 1687 655 Δυσσεϐἧ
1736 587 1843 656 γάρ

272 690 421 756 ἔχειν
452 687 611 752 δόξαν
646 685 919 737 ὑπέλαϐεν
949 683 1166 745 αὑτοὺς,
1205 683 1272 752 ἢν
1302 682 1367 751 δὴ
1420 682 1513 734 καὶ
1543 679 1849 732 ἀνασκευά-

273 782 404 843 ζων,
437 780 861 850 άντιρῤητικοὺς
888 778 1080 844 λόγους
1112 775 1516 844 συνεγράψατο.
1545 771 1850 842 Τοιγαροῦν

272 879 377 928 οὑκ
409 876 473 928 ἂν
498 877 611 945 ἔχοι
647 893 730 938 τις
785 876 958 927 εἰπεῖν
994 874 1156 925 αὑτὸν
1186 875 1284 943 τῆς
1327 870 1638 937 ἀντιλογίας
1687 883 1851 920 κατα-

273 968 539 1020 ϐαλέσθαι
573 969 668 1035 τὴν
698 969 894 1036 ἀρχήν.

353 1062 529 1126 Θεοφ.
563 1058 760 1121 Καλῶς
795 1055 917 1112 εἶπέ
953 1076 1032 1119 τις
1078 1059 1183 1111 τῶν
1235 1055 1479 1108 παλαιῶν
1529 1053 1849 1121 Καισάρων,

274 1152 351 1210 ὡς
379 1151 476 1218 οὐχ
510 1150 732 1218 ὑπέχειν
751 1149 918 1218 ἄμφω
945 1150 1026 1202 δεῖ
1057 1151 1123 1201 τὰ
1146 1142 1257 1200 ὦτα
1279 1151 1391 1210 τοῖς
1423 1143 1847 1214 κατηγοροῦσιν,

274 1245 413 1296 ἀλλὰ
449 1241 527 1309 τῷ
577 1240 1038 1310 ἀπολογησομένῳ
1083 1239 1308 1309 θάτερον
1339 1240 1612 1308 ἀκήρατον
1657 1234 1857 1304 φυλάτ-

275 1353 394 1386 τειν
443 1331 559 1398 οῦς,
596 1333 736 1386 ὥστε
777 1334 1001 1402 μηδαμῆ
1037 1332 1204 1400 μηδὲν
1242 1331 1494 1401 στέργειν
1547 1328 1682 1397 μηδὲ
1713 1329 1854 1380 άπο-

279 1428 572 1494 φαίνεσθαι
603 1428 731 1496 πρὶν
759 1426 824 1478 ἂν
854 1425 1119 1495 διακούσῃ
1143 1425 1488 1494 ἀμφοτέρων.
1528 1423 1711 1474 Ταῦτα
1746 1421 1856 1488 γὰρ

276 1519 424 1570 αὑτά
457 1520 594 1571 κάπὶ
633 1519 734 1588 τῆς
793 1518 1019 1570 συνόδου
1070 1516 1317 1585 διεξῆλθε
1363 1512 1561 1584 μικροῦ
1611 1513 1704 1565 καὶ
1766 1513 1858 1562 ἐπὶ

277 1611 485 1674 λέξεως
524 1615 550 1662 ὁ
600 1611 905 1680 Βαρλαάμ·
949 1611 1042 1663 καὶ
1079 1609 1216 1661 πολὺ
1271 1607 1379 1659 τῶν
1427 1607 1635 1659 ἐκείνου
1684 1605 1857 1672 λόγων

281 1704 489 1772 μεταξὺ
520 1703 600 1765 τὸ,
627 1703 1119 1773 Τετραυμάτισμαι
1146 1701 1241 1754 καὶ
1268 1699 1510 1751 πέπονθα
1535 1698 1630 1767 τὴν
1656 1697 1857 1768 ψυχὴν,

280 1798 376 1865 ὑφ’
406 1791 480 1849 ὧν
511 1797 647 1867 ἔφης
673 1797 1125 1867 συγγραμμάτων
1159 1794 1380 1863 δηλαδή.
1418 1793 1557 1863 Πρὸς
1604 1791 1774 1843 ταῦτα
1801 1791 1857 1843 δὲ
1890 1834 1937 1895 Β

280 1897 418 1962 ἡμῖν
450 1893 646 1960 ὀλίγων
695 1893 882 1960 ἐδέησε
931 1891 1108 1958 λόγων
1141 1907 1154 1921 ’
1187 1889 1407 1958 εἴχομεν
1459 1888 1566 1953 γάρ
1599 1887 1699 1956 τὴν
1751 1886 1860 1938 άπὸ

277 1982 394 2031 τῶν
425 1983 770 2048 πραγμάτων
792 1979 1145 2045 άνεξέλεκτον
1172 1977 1469 2031 ἀντίθεσιν.
1517 1976 1861 2043 Ἐξενεγκόν-

281 2088 379 2132 τες
411 2071 520 2139 γὰρ
554 2070 920 2138 ὑπεδείξαμεν
967 2070 1384 2138 συγγράμματα
1424 2068 1631 2120 ἐκείνου
1683 2065 1861 2133 πολλῷ

280 2162 532 2230 πρότερα
565 2160 676 2212 τῶν
705 2160 1015 2230 ἡμετέρων,
1049 2160 1294 2212 τείνοντα
1339 2159 1564 2210 κάκεῖνα
1602 2157 1736 2227 πρὸς
1764 2158 1862 2225 τὴν

283 2252 675 2321 προκειμένην
704 2252 887 2322 δίκην,
934 2253 1067 2321 πρὸς
1103 2251 1138 2305 ἃ
1168 2251 1260 2302 καὶ
1312 2249 1588 2302 ἀντέκειτο
1623 2249 1689 2301 τά
1722 2249 1862 2317 ἠμέ-

281 2364 441 2414 τερα.
479 2346 665 2399 Ταῦτα
689 2344 745 2397 δὲ
794 2346 999 2406 ἐκεῖνος
1041 2343 1140 2411 τῆς
1165 2342 1560 2410 Θεσσαλονίκης
1614 2341 1863 2410 ἀπαίρων

283 2439 584 2508 ἀφανίσας,
617 2437 691 2499 ῶς
718 2453 780 2505 γε
815 2437 968 2506 ᾤετο,
1004 2435 1096 2487 καὶ
1113 2434 1180 2486 τὰ
1228 2434 1346 2503 μετ’
1377 2435 1620 2486 ἐνιαυτὸν
1656 2449 1862 2498 συγγε-

283 2531 592 2600 γραμμένα
637 2531 687 2582 οἱ
728 2530 865 2598 πρὸς
901 2529 997 2590 τάς
1033 2527 1121 2596 ὑφ’
1162 2527 1318 2595 ἡμῶν
1349 2526 1636 2593 γεγονυίας
1684 2526 1866 2594 ἀντιῤ-

287 2627 483 2693 ῥήσεις
515 2624 842 2692 προδεικνὺς
872 2620 1083 2684 ἐνθάδε,
1113 2620 1240 2680 τοὺς
1268 2619 1368 2670 οὑκ
1392 2619 1622 2680 εἰδότας,
1660 2618 1735 2679 ὡς
1764 2617 1866 2669 οὑκ

284 2713 447 2786 ἦρξε,
477 2717 607 2786 ῥᾷον
655 2714 892 2767 ἔπειθεν.
939 2713 1101 2765 Ἀλλὰ
1135 2712 1245 2781 γὰρ
1283 2710 1691 2779 ἀναπεφηνότος
1725 2708 1868 2760 οὑτω

289 2806 470 2874 ῥᾷστα
524 2802 702 2855 δολίου
739 2802 882 2854 κατὰ
938 2802 1101 2854 τοῦτο
1144 2803 1237 2853 καὶ
1292 2801 1541 2868 ψευδοῦς,
1593 2800 1715 2850 ἐπεὶ
1774 2799 1868 2850 καὶ

287 2893 710 2955 Θεσσαλονικεῖς
753 2894 944 2962 ἄνδρες
977 2895 1231 2963 παρῆσαν
1259 2894 1309 2945 oi
1338 2893 1638 2951 συνειδότες
1677 2892 1863 2955 ἐξετα-

289 2985 530 3053 ζομένης
562 2983 663 3052 τῆς
695 2983 872 3052 ἀρχῆς
903 2984 1027 3036 ὅθεν
1046 2985 1291 3051 ἀνεφάνη
1319 2983 1426 3051 πρὸ
1458 2984 1719 3034 ἐνιαυτῶν
1749 3000 1868 3034 τετ-

286 3078 498 3146 τὶρων,
538 3077 626 3128 ὅτε
668 3077 802 3146 μηδέ
831 3077 946 3146 ᾔδει
1001 3094 1119 3138 πως
1167 3076 1374 3144 σχεδὸν,
1410 3076 1512 3128 ποῦ
1557 3077 1656 3145 γῆς
1706 3078 1870 3146 ἡμεῖς

294 3174 488 3237 ἐσμεν,
541 3169 675 3238 μηδέ
707 3169 793 3221 διὰ
830 3169 1175 3237 γραμμάτιον
1225 3168 1522 3238 ἐτύγχανεν
1571 3168 1868 3238 ὡμιληκὼς

291 3263 452 3329 ἡμῖν,
495 3260 617 3311 τότε
667 3259 773 3328 πρὸ
803 3259 1060 3310 τοσούτου
1091 3259 1282 3327 χρόνου
1341 3260 1474 3326 πρός
1507 3277 1626 3311 τινα
1675 3259 1782 3311 τῶν
1812 3259 1868 3309 ἐν

287 3354 565 3418 ἁπλότητι
601 3351 947 3418 μοναζόντων
985 3349 1232 3418 ὑπακοὴν
1271 3349 1432 3402 αὑτὸν
1491 3350 1867 3418 ὑποκρινάμε-

290 3463 408 3510 κ-ον,
449 3449 511 3496 ἐκ
542 3444 737 3496 τούτου
766 3445 864 3506 τὰς
897 3442 1068 3504 λαϐὰς
1106 3443 1367 3513 εὑρέσθαι
1415 3442 1522 3494 τῶν
1554 3457 1868 3510 κατηγορη-

293 3539 512 3607 μάτων,
540 3537 614 3597 ὡς
643 3536 736 3590 καὶ
768 3537 796 3589 ό
827 3533 1105 3596 συνοδικδς
1135 3534 1302 3602 τόμος
1327 3531 1635 3601 καταφανὲς
1662 3532 1871 3583 τίθεται

287 3633 408 3693 τοῖς
441 3629 817 3699 βουλομένοις.
846 3627 991 3698 Πρὸς
1030 3625 1088 3678 δὲ
1115 3627 1229 3688 τοῖς
1261 3625 1576 3695 εἰρημένοις
1602 3624 1681 3686 τίς
1709 3625 1738 3676 ὁ
1764 3625 1870 3676 τῶν

290 3721 470 3786 λόγων
503 3719 725 3788 ἇρχων;
754 3717 854 3786 οὑχ
889 3719 917 3769 ὁ
947 3715 1291 3785 κατηγορῶν,
1327 3715 1423 3784 οὑχ
1453 3714 1480 3766 ὁ
1517 3713 1787 3780 ἐγκαλῶν,
1815 3712 1874 3775 ὃς

289 3809 361 3881 ἦν
390 3812 643 3879 φανερῶς
669 3811 832 3872 αὑτός
860 3826 875 3875 ;
904 3809 1099 3878 Ἡμεῖς
1127 3809 1170 3860 δ’
1193 3810 1254 3862 οὑ
1288 3810 1427 3878 μετὰ
1460 3808 1634 3877 μῆνας
1662 3809 1872 3877 ἥκομεν

289 3904 458 3968 ἑπτὰ,
502 3905 928 3974 πατριαρχικοῖς
963 3903 1256 3972 γράμμασι
1296 3902 1717 3970 μετάπεμπτοι;
1753 3900 1875 3963 Πῶς

288 3992 387 4049 οῦν
426 3996 488 4047 οὑ
527 3995 725 4054 παντὸς
767 3993 969 4063 μᾶλλον
996 3993 1254 4060 ἐκφανὲς,
1284 3992 1358 4054 ὡς
1386 3992 1487 4060 οὑχ
1513 3993 1669 4058 ἡμεῖς
1700 3991 1747 4043 oi
1775 3990 1875 4060 τὴν

293 4087 477 4157 ἀρχὴν
507 4086 611 4155 τῆς
649 4084 785 4154 πρὸς
822 4083 987 4137 αὑτὸν
1021 4081 1331 4148 ἀντιλογίας
1384 4079 1869 4146 καταϐαλλόμενοι,

1950 584 2131 652 potius
2163 583 2318 636 valde
2349 583 2545 636 malam
2580 601 2593 641 :
2634 585 2950 655 suspicatus
2992 593 3077 638 est
3105 585 3250 637 enim
3279 600 3374 639 eos
3409 586 3511 639 im-

1953 672 2095 739 piam
2149 671 2391 739 proﬁteri
2445 672 2772 738 doctrinam,
2823 674 2889 726 ad
2945 689 3109 743 quam
3163 673 3513 728 refellendum

1952 762 2330 816 refutationem
2358 765 2683 831 composuit.
2716 766 2906 833 Itaque
2934 780 2962 817 a
2993 765 3207 818 nemine
3236 765 3341 819 dici
3394 780 3520 836 pos-

1952 862 2035 906 set
2067 856 2177 922 ipse
2210 854 2601 924 disputationis
2632 853 2984 909 fundamenta
3007 855 3235 924 iecisse.

2032 1033 2258 1098 .tneuph.
2299 1032 2461 1086 lleete
2495 1031 2633 1086 dixit
2675 1033 2898 1102 quidam
2946 1043 3190 1088 veterum
3242 1032 3521 1088 Caesarum

1959 1141 2063 1178 non
2104 1127 2421 1194 praebendas
2473 1141 2592 1179 esse
2642 1125 2832 1179 ambas
2871 1140 3031 1178 aures
3081 1126 3520 1190 accusatoribus,

1960 1218 2051 1270 sed
2087 1227 2139 1269 et
2195 1231 2252 1268 se
2289 1216 2580 1270 defensuro
2637 1231 2798 1270 uuam
2852 1232 3040 1270 aurem
3090 1216 3356 1286 integrant
3405 1231 3526 1270 esse

1960 1307 2301 1367 servandam,
2341 1308 2408 1358 ita
2455 1319 2508 1360 ut
2566 1307 2700 1360 nihil
2736 1307 3050 1360 admittatur
3109 1318 3203 1360 aut
3253 1306 3530 1375 rejieiatur

1962 1402 2092 1468 quin
2125 1409 2364 1467 utraque
2394 1414 2518 1466 pars
2567 1400 2752 1451 audita
2796 1398 2980 1450 fuerit.
3016 1395 3131 1449 Non
3179 1395 3366 1449 eadem
3415 1393 3531 1448 fere

1961 1495 2025 1547 ad
2049 1496 2276 1548 verbum
2323 1493 2374 1546 in
2416 1492 2625 1562 synodo
2655 1491 2930 1545 enarravit
2966 1489 3253 1552 Barlaain;
3297 1498 3348 1540 et
3398 1488 3526 1541 dum

1964 1587 2300 1653 loqueretur,
2351 1586 2516 1638 multa
2567 1585 2758 1637 saucio
2812 1597 3006 1652 passus
3050 1597 3170 1634 sum
3213 1582 3397 1634 animo
3431 1593 3529 1648 pro

1963 1677 2067 1730 illis
2104 1676 2356 1730 videlicet
2383 1690 2502 1744 qua:
2529 1675 2746 1728 dicebas
2772 1673 3009 1742 scriptis.
3044 1671 3148 1727 Sed
3182 1673 3247 1724 ad
3280 1669 3531 1724 refellen—

1965 1772 2092 1823 dum
2125 1786 2246 1839 quae
2270 1769 2545 1824 asserebat
2571 1781 2744 1836 pauco
2776 1767 2933 1820 nobis
2958 1780 3206 1819 sermone
3227 1778 3364 1833 opus
3394 1762 3489 1816 fuit
3513 1778 3527 1816 :

1966 1877 2090 1915 nam
2131 1878 2217 1916 res
2251 1863 2379 1929 ipsae
2405 1859 2794 1914 irrefutabilem
2822 1857 2979 1912 nobis
3001 1856 3416 1924 suppeditabant
3449 1870 3536 1907 re-

1965 1956 2306 2009 futationem.
2328 1953 2692 2007 Produximus
2723 1950 2868 2003 enim
2894 1959 2947 2002 et
2969 1948 3310 2002 ostendimus
3326 1947 3533 2014 scripta

1966 2047 2112 2098 illius
2149 2044 2357 2097 nostris
2400 2046 2573 2098 multo
2619 2042 2915 2102 anteriora.
2953 2057 3074 2110 qum
3111 2041 3176 2093 ad
3208 2047 3529 2108 praesentem

1966 2135 2113 2189 litem
2151 2136 2475 2197 attinebant,
2511 2143 2563 2187 et
2610 2133 2812 2202 quibus
2858 2143 3043 2186 nostra
3082 2131 3528 2185 obluctabantur.

1967 2230 2071 2285 Sed
2105 2230 2214 2282 illis
2247 2245 2275 2281 a
2320 2226 2707 2282 Thessalonica
2745 2224 2942 2279 ablatis
2974 2234 3027 2276 et
3062 2238 3091 2276 e
3129 2232 3442 2290 conspectu.
3475 2231 3532 2275 ut

1966 2325 2212 2395 putabat,
2251 2321 2556 2385 subductis,
2586 2321 2693 2372 alia
2729 2319 2930 2371 ibidem
2961 2316 3243 2372 substituit
3276 2329 3395 2382 qua:
3421 2329 3530 2366 uno

1966 2427 2089 2486 post
2143 2429 2286 2467 anno
2345 2422 2534 2464 contra
2600 2409 2984 2464 refutationem
3039 2417 3276 2461 nostram
3312 2421 3536 2472 compo-

1967 2516 2169 2567 suerat.
2209 2517 2261 2559 ct
2296 2505 2499 2573 ignaris
2541 2503 2696 2557 facile
2717 2502 2986 2572 persuasit
3009 2517 3066 2554 se
3104 2498 3532 2552 controversiam

1972 2617 2078 2654 non
2103 2614 2354 2653 exorsum
2378 2612 2520 2651 esse.
2550 2596 2655 2650 Sed
2680 2611 2787 2648 non
2821 2595 3003 2647 minus
3029 2593 3183 2646 facile
3208 2593 3421 2645 detecta
3447 2601 3533 2644 est

1970 2694 2120 2746 fraus
2149 2701 2201 2746 et
2222 2692 2458 2752 lallacia,
2478 2688 2605 2757 quia
2636 2686 3157 2741 'l‘hessalouicenscs
3186 2685 3413 2738 aderant
3436 2685 3537 2738 viri

1969 2787 2204 2840 scientes
2242 2784 2522 2852 quaesitam
2566 2780 2831 2850 originem
2858 2779 3096 2842 patuisse
3151 2789 3383 2845 quatuor
3410 2785 3537 2828 ante

1970 2878 2149 2941 anuis,
2181 2875 2403 2944 quando
2426 2875 2515 2927 ille
2548 2873 2731 2927 forsan
2759 2872 3033 2925 nesciebat
3059 2871 3146 2923 ubi
3169 2885 3267 2923 nos
3286 2885 3536 2922 essemus

1971 2985 2069 3023 nec
2098 2969 2292 3022 litteris
2317 2981 2557 3036 unquam
2585 2965 2867 3018 nobiseum
2884 2964 3189 3016 collocutus
3219 2971 3339 3014 crat
3366 2978 3380 3012 :
3407 2972 3539 3014 tunc

1973 3063 2139 3127 enim,
2169 3071 2277 3114 tam
2302 3059 2461 3128 longe
2483 3057 2753 3119 anterius,
2779 3054 3043 3110 simulans
3075 3069 3132 3107 se
3164 3054 3396 3120 simplici
3420 3071 3540 3106 μυι-

1895 3169 1938 3227 c
1973 3155 2097 3208 dam
2135 3149 2403 3206 monacho
2427 3162 2632 3202 morem
2669 3161 2874 3216 gerere,
2901 3162 2962 3200 ea
3009 3145 3282 3199 inchoavit
3304 3162 3539 3214 quorum

1974 3254 2286 3304 accusatur,
2314 3250 2372 3295 ut
2407 3241 2458 3294 in
2487 3239 2638 3293 Actis
2671 3239 2861 3310 synodi
2887 3239 3034 3292 clare
3063 3238 3266 3292 videbit
3291 3240 3542 3307 quisquis

1976 3337 2226 3389 voluerit.
2247 3334 2529 3396 Praeterea,
2550 3331 2672 3400 quis
2689 3326 3074 3383 controversiae
3099 3337 3287 3382 auctor
3314 3330 3331 3381 ἰ
3366 3347 3543 3383 nonne

1975 3437 2281 3491 accusator,
2314 3439 2491 3480 nonne
2527 3422 2910 3478 insimulator?
2944 3423 3089 3492 quod
3115 3423 3228 3492 ipse
3267 3424 3544 3478 evidenter

1977 3529 2114 3574 erat.
2145 3519 2252 3571 Nos
2286 3533 2414 3571 vero
2445 3530 2624 3569 nonne
2649 3525 2994 3582 postseptein
3023 3531 3239 3569 menses
3271 3517 3541 3578 venimus,

1977 3611 2300 3682 patriarcha:
2319 3609 2514 3662 litteris
2533 3606 2811 3661 accersiti?
2835 3604 3024 3658 Nonne
3049 3606 3212 3676 igitur
3241 3607 3545 3662 clarissime

1975 3715 2100 3759 ante
2118 3702 2297 3755 omnia
2327 3701 2490 3769 liquet
2512 3715 2615 3752 non
2638 3696 2790 3750 nobis
2812 3694 3158 3751 tribuendum
3185 3712 3304 3750 csse
3327 3697 3540 3750 initiu-ni

1978 3798 2369 3868 disputationis
2391 3797 2455 3849 ad
2487 3795 2637 3848 illum
2680 3793 3012 3863 spectantis?
3043 3793 3395 3860 Ceteroquiu,
3429 3793 3544 3846 sive

1978 3895 2046 3947 ab
2079 3907 2163 3954 eo,
2200 3890 2314 3942 sive
2348 3903 2376 3939 a
2412 3886 2570 3938 nobis
2593 3892 2778 3937 exorta
2808 3884 2900 3944 sit,
2929 3897 3108 3935 nonne
3136 3881 3225 3934 ille
3254 3882 3426 3951 magis
3461 3883 3544 3934 in-

1983 3981 2290 4051 culpandus
2312 3986 2396 4031 est
2426 3975 2508 4028 vel
2549 3975 2728 4042 potius
2761 3970 3132 4025 exsecrandus
3155 3972 3246 4039 qui
3275 3970 3439 4038 impia
3467 3971 3539 4026 lo-

1988 4080 2175 4146 quitur
2203 4086 2363 4140 quam
2394 4068 2486 4136 qui
2517 4067 2782 4120 duntaxat
2814 4063 3130 4116 inchoavit?

287 4154 495 4248 οὑ
524 4154 641 4230 ἀλλ’
684 4174 782 4228 εἰτ’
817 4176 1027 4237 ἐκεῖνος
1072 4169 1240 4244 ἧρξεν
1271 4173 1369 4225 εἷθ’
1400 4173 1585 4242 ἡμεῖς,
1611 4174 1639 4224 ό
1669 4171 1945 4234 δυσσεϐῶς
2011 4172 2183 4238 λέγων
2224 4165 2456 4236 μάλισται
2527 4157 2826 4228 μεμπτέος.
2868 4155 3072 4224 μᾶλλον
3148 4154 3204 4206 δὲ
3271 4155 3364 4209 καὶ
3411 4155 3547 4211 ἀτί-’λ’

288 4273 580 4343 τρόπαιος,
615 4269 734 4324 ἀλλ’
767 4271 866 4339 οὑχ
893 4268 1082 4330 ἁπλῶς
1110 4269 1138 4320 ό
1163 4267 1332 4335 ἄρξας
1361 4286 1376 4333 ;

369 4371 542 4423 Θεότ.
575 4363 650 4421 Εὖ
676 4367 882 4433 λέγεις.
913 4364 1087 4416 Τοῦτο
1122 4364 1219 4433 μὲν
1261 4363 1327 4431 δὴ
1361 4365 1452 4417 καὶ
1489 4364 1864 4434 προὺργιαίτε-
1905 4368 1953 4427 D

291 4480 391 4532 ρον
421 4461 490 4513 ἂν
521 4458 609 4527 εἴη
639 4459 730 4511 καὶ
761 4457 1189 4526 δυσχερέστερον
1235 4457 1426 4524 μαθεῖν
1450 4457 1620 4525 *ἐμοὶ
1644 4455 1700 4507 δὲ
1748 4457 1874 4508 οὑκ-

289 4555 370 4608 έτ*
409 4550 903 4622 ἀμφισϐητήσιμον
929 4548 1081 4600 οὐδέν
1107 4564 1121 4578 ·
1175 4551 1270 4600 καὶ
1305 4547 1411 4617 γάρ
1439 4548 1610 4614 ἔγνων
1633 4547 1874 4616 ἀκριϐῶς

294 4644 398 4715 τὴν
428 4643 528 4695 τοῦ
577 4642 771 4710 ἀνδρὸς
807 4637 1130 4700 κακοδοξίαν
1185 4640 1304 4706 ὅση.
1346 4638 1581 4706 Μακρᾶς
1625 4637 1679 4689 δέ
1707 4636 1872 4704 οὔσης

293 4739 396 4790 καὶ
421 4730 783 4798 πολιυσχιδοῦς
811 4729 904 4781 καὶ
938 4729 1041 4780 ὑπὸ
1067 4727 1174 4778 τῶν
1199 4723 1600 4795 διαδεξαμένων
1621 4727 1874 4796 αὐξηθεί-

294 4845 400 4897 σης
433 4827 491 4887 ἐς
526 4825 593 4876 τὰ
620 4822 880 4892 μάλιστα,
917 4819 1138 4887 μεθόδου
1172 4817 1314 4879 τινὸς
1357 4819 1570 4886 δέομαι,
1598 4818 1720 4872 καθ’
1749 4819 1871 4870 ὅσον

292 4914 476 4971 οῗόντε
508 4911 991 4982 συντετμημένης,
1025 4910 1127 4962 οὑκ
1158 4911 1235 4971 εἰς
1275 4908 1603 4975 κατάληψιν,
1634 4908 1749 4960 ἀλλ’
1793 4910 1872 4968 εἰς

291 5007 636 5074 δωσᾶφησίν
683 5021 744 5056 τε
775 5007 871 5057 καὶ
900 5004 1124 5070 ἔλεγχον
1175 5001 1381 5068 αὑτῆςο
1426 5001 1517 5051 καὶ
1562 4999 1654 5051 σοῦ
1684 4999 1876 5067 δέομαι

295 5101 375 5172 μὴ
411 5101 625 5151 ἀνεῖναι
675 5097 820 5148 κατὰ
853 5094 912 5146 τὸ
970 5092 1270 5162 ἐγχωροῦν,
1320 5091 1438 5143 ὁδὸν
1491 5091 1876 5159 ὑφηγήσασθαι

292 5193 580 5260 τοιαύτην,
606 5191 753 5251 ὅπως
780 5187 849 5240 δι’
881 5186 1054 5254 αὑτῆς
1080 5186 1239 5252 ἡμεῖς
1269 5184 1462 5247 ἰόντες,
1496 5183 1588 5234 καὶ
1625 5181 1699 5244 ὡς
1728 5181 1875 5250 ὅπλῳ

293 5284 667 5353 κυκλούμενοι
719 5282 789 5350 τῇ
843 5278 1096 5347 ἀληθεία,
1149 5278 1453 5336 πιπτοὺσας
1513 5274 1729 5344 ὁρῶμεν
1778 5275 1876 5337 τὰς

291 5379 528 5435 ἐκείνων
557 5373 900 5444 λεσχηνείας,
932 5369 1220 5438 ψαλμικῶς
1244 5370 1434 5430 εἰπεῖν,
1467 5366 1528 5418 ἐκ
1554 5383 1610 5418 τε
1640 5367 1734 5418 τοῦ
1767 5366 1880 5419 κλί-

288 5489 421 5532 τους
459 5469 553 5520 καὶ
594 5469 657 5519 ἐκ
690 5463 907 5527 δεξιῶν,
942 5463 1074 5531 ἡμῖν
1107 5461 1162 5511 δὲ
1194 5458 1269 5527 μὴ
1301 5457 1649 5524 ἐγγιζοὺσας.

369 5565 553 5627 Θεορ.
585 5556 660 5608 Οὑ
687 5553 889 5626 μικρόν
916 5554 1030 5604 ἐστι
1053 5551 1112 5603 τὸ
1139 5549 1369 5616 αἴτημα,
1400 5541 1444 5598 ὦ
1473 5547 1734 5615 βέλτιστε,
1766 5543 1876 5612 ἐγώ

290 5674 354 5712 τε
389 5652 618 5706 τοιαῦτα
671 5649 808 5702 ἄττα
857 5645 980 5700 οὔτε
1012 5644 1242 5698 συνιδεῖν
1292 5643 1418 5705 ὀξὺς
1471 5639 1594 5691 οὔτε
1642 5639 1875 5703 ἐξειπεῖν

288 5747 490 5806 δειλός.
529 5745 638 5812 Σην
668 5742 712 5794 δ’
736 5741 886 5810 ὅμως
922 5737 1101 5807 χάριν,
1134 5734 1256 5787 ἐπεὶ
1289 5734 1384 5786 καὶ
1405 5733 1511 5792 τοῖς
1541 5729 1678 5798 ὑπὲρ
1712 5729 1871 5780 δύνα-

293 5861 389 5914 μιν
422 5840 459 5905 ἡ
511 5836 701 5907 ἀγάπη
763 5833 961 5897 πείθει,
1023 5829 1312 5897 ἐγχειρεῖν,
1370 5824 1593 5893 σχήσειν
1645 5821 1868 5882 ἐλπίσας

2054 4358 2237 4410 ’l'heot.
2264 4355 2405 4405 Bene
2447 4348 2705 4418 loqueris.
2740 4345 2792 4399 ld
2829 4345 3047 4414 quidem
3082 4344 3274 4397 melius
3308 4352 3448 4396 esset
3481 4359 3544 4393 :tc

1982 4448 2253 4504 dillieilius
2283 4446 2528 4505 discere;
2565 4440 2693 4492 mihi
2731 4453 2856 4491 vero
2884 4438 3108 4488 minime
3146 4435 3371 4486 dubium
3422 4443 3541 4486 est:

1984 4539 2256 4609 percalleo
2287 4537 2430 4588 enim
2480 4540 2719 4600 quantus
2755 4530 2825 4581 sit
2879 4527 3037 4579 istius
3089 4526 3187 4576 viri
3227 4539 3400 4576 error.
3437 4524 3542 4588 Qui

1984 4646 2106 4684 cum
2133 4628 2204 4680 sit
2243 4626 2447 4678 multus
2482 4637 2545 4675 ac
2568 4620 2845 4684 multiplex
2878 4624 2933 4670 et
2976 4632 3004 4668 a
3047 4616 3458 4669 successoribus
3491 4617 3541 4665 iu

1981 4721 2251 4776 deteriora
2288 4725 2505 4774 auctus,
2555 4711 2809 4765 metliodo
2853 4709 3033 4775 aliqua
3084 4707 3320 4774 indigeo,
3363 4713 3546 4774 quoad

1985 4812 2096 4866 fieri
2129 4818 2303 4879 potest
2358 4805 2607 4875 praecisa,
2662 4816 2768 4855 non
2806 4799 2869 4853 ad
2928 4800 3071 4852 hunc
3132 4797 3543 4865 intelligendum

1981 4903 2221 4974 quidem,
2264 4898 2357 4951 sed
2399 4893 2784 4950 elucidaudum
2847 4899 2901 4942 et
2950 4888 3339 4948 refellcn-lum;
3386 4896 3545 4956 teque

1986 5012 2080 5047 oro
2109 5000 2165 5044 ut
2198 5006 2305 5042 non
2360 4988 2600 5046 omittas,
2629 4992 2895 5050 quantum
2946 4989 3120 5047 potes,
3160 4979 3322 5031 talem
3362 4989 3550 5030 osten-

1988 5088 2112 5141 dere
2150 5086 2314 5143 viam,
2346 5094 2449 5148 qua
2479 5092 2579 5130 nos
2609 5075 2977 5137 ambulantes,
3009 5080 3065 5125 et
3092 5071 3250 5140 quasi
3282 5080 3436 5122 scuto
3459 5085 3547 5122 ve-

1986 5182 2161 5236 ritatis
2189 5173 2530 5234 circumdati,
2569 5184 2759 5222 eorum
2793 5168 2980 5221 deliria
3023 5166 3322 5226 videamus,
3357 5173 3419 5216 ut
3446 5161 3548 5216 fert

1986 5274 2246 5343 psalmus,
2280 5266 2524 5321 cadentia
2552 5279 2579 5315 a
2612 5264 2778 5315 latere
2805 5269 2858 5313 et
2891 5274 2922 5312 a
2949 5259 3152 5312 dextris
3173 5296 3188 5321 ,
3221 5259 3286 5310 ad
3323 5272 3423 5310 nos
3453 5272 3553 5310 au-

1985 5379 2089 5421 tem
2125 5380 2230 5419 non
2264 5357 2776 5430 appropinquantia.

2057 5542 2282 5608 ΤΙιεορΙι.
2318 5537 2472 5591 llaud
2500 5550 2690 5604 parum
2722 5543 2805 5585 est
2847 5529 2991 5600 quod
3027 5530 3297 5599 postulas,
3338 5528 3549 5581 charis-

1985 5636 2141 5699 sime,
2178 5647 2350 5699 neque
2375 5647 2474 5700 ego
2505 5640 2612 5684 tam
2660 5626 2946 5696 perSpicax
2997 5624 3087 5691 qui
3131 5631 3277 5675 tanta
3331 5620 3546 5688 conspi-

1981 5728 2139 5789 ciant,
2176 5742 2351 5788 neque
2382 5735 2486 5775 tam
2521 5719 2872 5786 disertus-qui
2909 5716 3035 5769 talia
3085 5715 3335 5781 eloquar.
3386 5716 3544 5766 Atta-

1984 5837 2122 5884 men,
2157 5833 2276 5870 cum
2326 5830 2485 5883 supra
2561 5815 2700 5864 vires
2752 5808 2968 5879 aggredi
3011 5808 3234 5864 suadeat
3282 5804 3547 5869 Charitas,
