4274 6452
265 419 366 484 917

1601 407 2136 470 THEOPIIANES.

3395 405 3512 467 918

264 533 510 596 καὶπῶς
562 531 661 603 οὐχ
718 525 821 592 εἷς,
859 527 946 580 ἴνα
1003 526 1078 596 μὴ
1127 522 1319 578 ἄτοποί
1357 539 1498 586 τινες
1550 516 1702 593 ὦμεν
1750 523 1844 575 καὶ
1874 530 1920 587 Α

1835 541 1844 575 ι
1874 530 1920 587 Α
1952 537 2096 578 unus
2120 539 2134 576 :
2157 537 2222 576 ne
2249 519 2397 577 stulti
2428 521 2600 574 simus
2631 526 2684 572 et
2734 517 3139 587 nobismetipsis
3158 519 3212 574 in
3238 521 3523 577 sentiendo

265 627 402 693 ἡμῖν
432 623 616 683 αὐτοῖς
645 618 818 681 οὕτως
847 615 1190 670 ἀνακόλουθα
1216 613 1534 679 δοξάζοντες
1563 614 1659 667 καὶ
1685 612 1852 682 φθεγ-

262 717 517 786 γὸμενοι.

340 806 508 859 Θεότ.
542 803 694 857 Πάνυ
749 801 850 871 μὲν
883 794 993 854 οὖν.
1028 797 1106 852 Οὐ
1161 796 1270 865 γὰρ
1307 795 1434 858 τοὺς
1481 794 1610 864 περὶ
1641 795 1849 848 ἀκατα-

262 898 479 966 λήπτου
533 895 728 960 λόγους
758 890 1164 954 άνθυπενέγκαι
1205 905 1288 948 τις
1346 887 1410 938 ἂν
1462 886 1572 937 τῶν
1612 881 1671 937 εὖ
1703 901 1849 954 φρο-

264 989 507 1041 νούντων
553 985 630 1055 τῷ
654 981 1049 1050 πυνθανομένῳ
1071 980 1186 1042 πῶς
1206 977 1352 1030 τοῦτ’
1376 977 1524 1030 ἐστὶν
1548 977 1808 1046 ὁπότερον
1831 991 1846 1006 ο

264 1083 390 1135 ἐπεὶ
427 1080 503 1150 μὴ
559 1078 658 1148 τὴν
698 1075 971 1143 ἐκατέρου
1027 1071 1483 1141 πολυπραγμονεῖ
1529 1069 1709 1124 αἰτίαν
1750 1069 1850 1138 τῆς

265 1172 583 1240 ὑπάρξεως,
631 1167 770 1222 ἀλλὰ
819 1166 918 1236 τὴν
967 1165 1201 1234 θατέρου
1248 1164 1385 1233 πρὸς
1445 1162 1673 1232 θάτερον
1734 1161 1851 1214 δια-

263 1265 465 1336 φοράν.

341 1359 521 1425 Θεοφ.
560 1352 813 1423 ’Δγαμαί
846 1369 905 1405 σε
947 1350 1051 1419 τῆς
1092 1348 1386 1408 συνέσεως.
1435 1347 1524 1399 Ἑν
1555 1344 1684 1412 γοῦν
1727 1347 1847 1406 ταῖς

262 1447 549 1509 τοιαύταις
579 1447 829 1506 διπλόαις
853 1444 949 1511 τῆς
979 1439 1262 1508 θεολογίας
1298 1439 1497 1508 μικροῦ
1549 1440 1730 1490 πᾶσαν
1755 1453 1852 1487 που

266 1539 446 1607 νηρὶιν
502 1537 718 1606 αἵρεσιν
785 1534 1104 1602 κινηθεῖσαν
1152 1534 1279 1594 ῐδοις
1336 1532 1424 1586 ἄν.
1475 1531 1615 1584 Ἀλλ’
1653 1532 1681 1583 ὁ
1744 1531 1843 1599 μὲν

259 1629 562 1690 ἀποδιδοὺς
608 1629 699 1680 τὸν
733 1626 892 1694 λόγον
946 1625 1143 1688 οὕτως,
1177 1625 1253 1688 ὡς
1304 1626 1596 1695 ἀμφότερα
1654 1624 1845 1687 πιστὰ,

264 1722 438 1791 μηδὲν
472 1714 637 1791 ἦττον
670 1720 701 1788 ἢ
737 1720 1006 1790 πρότερον
1064 1719 1335 1783 σώζεσθαι
1371 1719 1436 1770 τὰ
1482 1719 1647 1788 μέρη,
1694 1716 1849 1768 εὐσεο

263 1815 370 1883 εής
400 1831 414 1846 ο
462 1815 489 1866 ὁ
533 1813 589 1865 δὲ
628 1811 708 1881 τῷ
762 1813 936 1883 ἑτέρῳ
979 1812 1118 1863 κατὰ
1166 1810 1262 1863 τοῦ
1301 1811 1492 1878 ἑτέρου
1541 1809 1845 1878 χρώμενος,

260 1904 536 1974 ὁποιῳοῦν
570 1908 666 1957 καὶ
697 1902 1102 1974 ὁπηδηποτοῦν,
1136 1901 1403 1970 δυσσεϐὴς
1432 1901 1463 1971 ἢ
1496 1901 1592 1955 καὶ
1622 1900 1845 1971 ἀσεϐὴς,

282 1999 410 2050 tardi
436 1997 597 2064 λόγον
629 1996 730 2061 τῆς
767 1996 1138 2066 προκειμένης
1165 1993 1402 2056 ἑκάστης
1439 1991 1775 2054 ὑποθέσεως.

338 2088 508 2142 Θεότ.
546 2087 778 2156 Ποίησον
816 2088 910 2142 καὶ
941 2084 1088 2139 τοῦθ’
1117 2083 1144 2138 ὅ
1175 2085 1376 2152 λέγεις,
1402 2084 1536 2153 πρὸς
1561 2082 1718 2150 θεοῦ,
1756 2100 1850 2136 σα-

305 2181 555 2247 ἐστερον.
581 2218 592 2228 .

336 2274 517 2338 Θεοερ.
554 2271 662 2323 Καὶ
690 2271 751 2339 δὴ
792 2270 948 2323 ποιῶ.
993 2271 1106 2331 Πᾶς
1139 2269 1238 2336 μὲν
1262 2269 1289 2320 ὁ
1318 2268 1425 2321 τῶν
1452 2265 1626 2334 ἁγίων
1655 2266 1844 2336 ὅμιλος

266 2367 535 2432 Ιιατέρων
560 2365 655 2416 ἕνα
682 2359 836 2415 εἷπον
884 2364 976 2414 τὸν
1005 2363 1138 2414 Θεὸν
1169 2362 1310 2414 κατὰ
1334 2362 1432 2430 τὴν
1457 2360 1666 2423 οὐσίαν,
1697 2361 1848 2427 τρεῖς

256 2456 356 2507 τὸν
388 2455 486 2507 ἕνα
520 2455 665 2507 κατὰ
693 2457 792 2517 τὰς
832 2455 1162 2515 ὑποστάσεις
1189 2469 1202 2481 ο
1239 2452 1371 2505 ἄλλο
1407 2453 1504 2520 μὲν
1551 2450 1715 2520 οῦσης
1745 2452 1848 2520 τῆς

260 2546 649 2608 ὑποστάσεως,
677 2546 771 2600 καὶ
800 2547 930 2600 ἄλλο
965 2549 1060 2614 τῆς
1087 2546 1299 2610 οὐσίας,
1331 2546 1405 2606 ὠς
1437 2544 1566 2597 ἄλλο
1595 2545 1687 2596 καὶ
1716 2543 1847 2596 ἄλλο

263 2635 653 2705 σημαινούσης
679 2636 950 2705 ἑκατέρας
974 2653 985 2665 ·
1020 2637 1291 2687 άκτίστων
1320 2635 1374 2686 δὲ
1403 2635 1496 2686 καὶ
1525 2633 1847 2702 ἀχωρίστων

261 2730 449 2783 οὐσῶν
483 2731 732 2801 ἀλλήλων
759 2733 1088 2801 ἀμφοτέρων
1118 2734 1210 2785 καὶ
1240 2731 1349 2784 τῶν
1377 2731 1727 2783 ὐποστάσεων
1755 2730 1848 2782 καὶ

257 2826 364 2891 τῆς
404 2824 616 2889 οὐσίας,
668 2822 812 2877 οὕτω
866 2829 1205 2894 τηρήσαντες
1256 2824 1553 2875 ἀσάλευτον
1601 2823 1694 2875 καὶ
1750 2821 1847 2891 τὴν

260 2917 346 2976 τίς
393 2917 602 2984 Τριὰδα
642 2920 735 2969 καὶ
768 2917 868 2984 τὴν
918 2919 996 2978 εἰς
1056 2916 1355 2986 μοναρχίαν
1406 2916 1608 2968 πίστιν.
1643 2914 1848 2965 Σαϐέλ-

257 3007 378 3068 λιος
405 3008 460 3058 δὲ
493 3008 738 3075 τριθεῖαν
763 3008 1156 3080 κατηγορήσας
1183 3008 1291 3059 τῶν
1316 3008 1460 3058 οὕτω
1487 3004 1843 3070 δοξαζὸντων,

258 3100 431 3160 αὐτὸς
462 3101 539 3160 είς
576 3100 636 3151 ἓν
668 3101 733 3151 τὰ
769 3100 893 3166 τρία
932 3099 1264 3168 συναλείψας
1294 3099 1383 3152 διὰ
1415 3097 1507 3150 τοῦ
1551 3097 1752 3149 ὲνιαίου
1785 3095 1846 3146 τὸ

261 3193 552 3260 τριαδικὸν
604 3193 782 3243 ἀνεῖλε
818 3191 917 3259 τῆς
954 3192 1210 3258 θεῦτητος
1238 3208 1250 3219 ·

259 3284 508 3354 Γρατῶν
543 3285 669 3346 τοὺς
719 3288 848 3356 περὶ
904 3285 1132 3354 μονάδος
1181 3285 1375 3353 λόγους
1428 3280 1844 3350 συλλεξάμενος,

261 3369 379 3428 οἷον
415 3393 434 3425 r
496 3374 638 3440 Ἐγὼ
669 3375 801 3436 Θεὸς
835 3375 1072 3444 πρῶτος,
1107 3374 1202 3426 καὶ⁴
1235 3374 1345 3441 ἐγὼ
1381 3372 1521 3441 μετὰ
1553 3371 1727 3424 ταῦτα
1757 3370 1851 3420 καὶ

259 3467 346 3530 είς
379 3467 470 3518 τὸν
496 3467 672 3519 αίὼνα
704 3467 853 3534 λέγει
898 3467 1128 3535 Κύριος,
1161 3465 1342 3518 καὶτὸ
1379 3463 1510 3534 παρ’
1561 3461 1727 3515 αὐτοῦ
1757 3459 1850 3512 τοῦ

261 3562 478 3630 Κυρίου
502 3562 559 3612 ὲν
578 3561 932 3628 Εὐαγγελίοις
963 3559 1304 3631 εἰρημένονί
1329 3557 1469 3626 Ἐγὼ
1491 3558 1588 3610 καὶ
1605 3559 1632 3608 ὁ
1662 3554 1852 3623 Πατὴρ

261 3653 325 3706 λεν
362 3656 560 3721 ἐσμεν,
597 3671 615 3703 ι
649 3654 745 3705 καὶ
773 3653 875 3706 ὅσα
904 3653 1120 3714 τούτοις
1157 3649 1540 3718 παραπλήσια,
1578 3643 1855 3715 προύϐάλ-

1288 3190 1386 3244 καὶ
1432 3192 1494 3242 ὲκ
1525 3189 1634 3240 τῶν
1681 3188 1843 3257 ἱερῶν
1868 3203 1912 3261 α

1953 627 2016 668 ac
2046 613 2280 669 dicendo
2310 619 2712 666 contraeuntes.

2026 789 2205 844 τΙιεοι.
2266 789 2499 858 Optime.
2534 787 2648 856 Non
2675 788 2820 843 enim
2874 787 3524 858 incomprehensibilibns

1953 883 2139 936 verbis
2167 883 2521 951 responderet
2555 881 2754 950 aliquis
2797 884 3108 936 benesanus
3161 881 3522 951 interroganti

1953 973 2227 1042 quomodo
2285 974 2506 1027 illorum
2542 972 2868 1026 alterutrum
2903 974 3001 1034 sit,
3035 972 3237 1042 quippe
3273 985 3380 1025 non
3414 973 3526 1025 sci-

1952 1063 2169 1118 scitanti
2229 1080 2327 1118 cur
2374 1073 2668 1134 utrumque
2726 1063 2818 1129 sit,
2888 1064 2982 1120 sed
3041 1065 3096 1117 in
3153 1079 3262 1134 quo
3313 1062 3522 1117 diﬂerat

1955 1156 2188 1210 alterum
2223 1156 2290 1209 ab
2330 1155 2529 1210 altero.

2029 1332 2258 1399 Tlieoph.
2293 1333 2458 1386 Miror
2489 1343 2636 1386 tuam
2667 1331 3102 1400 intelligentiam.
3129 1329 3184 1385 ‘.n
3215 1329 3524 1397 linjnsmoili

1951 1426 2095 1479 enim
2142 1425 2410 1494 ambiguis
2476 1429 2586 1477 fere
2634 1439 2850 1478 onmem
2898 1424 3055 1477 sitam
3105 1438 3226 1476 esse
3277 1422 3524 1475 haeresim

1951 1514 2161 1570 videas.
2217 1515 2321 1569 Sed
2360 1516 2450 1584 qui
2506 1516 2771 1570 rationem
2825 1517 2897 1568 ita
2935 1516 3129 1579 reddit,
3177 1529 3236 1572 ut
3290 1517 3524 1570 duorum

1951 1606 2350 1662 credendorum
2407 1615 2640 1674 utraque
2698 1622 2827 1675 pars
2876 1621 2978 1660 nec
3029 1607 3152 1676 plus
3197 1623 3295 1661 nec
3346 1610 3527 1660 minus

1952 1707 2286 1758 asservetur,
2312 1699 2435 1766 pius
2464 1710 2580 1762 est;
2608 1699 2702 1767 qui
2726 1715 2855 1753 vero
2887 1715 3049 1752 unam
3082 1706 3268 1752 contra
3300 1699 3525 1752 alteram

1953 1796 2182 1858 usurpat
2207 1789 2578 1857 qualicunque
2617 1798 2670 1843 et
2700 1789 2942 1858 quolibet
2972 1792 3155 1852 modo,
3183 1788 3529 1858 irreligiosus

1951 1893 2035 1938 cst
2063 1892 2120 1937 et
2154 1883 2353 1952 impius
2409 1892 2652 1951 respectu
2715 1882 2999 1951 utriusque
3053 1883 3343 1952 propositae
3377 1898 3527 1953 qua:-

1953 1975 2178 2031 stionis.

2023 2066 2205 2121 Theot.
2234 2066 2389 2133 Quod
2432 2066 2535 2130 ais,
2570 2066 2678 2132 fac,
2714 2080 2919 2136 quaeso,
2953 2067 3179 2122 clarius.

2025 2242 2251 2311 Theoplt.
2281 2244 2467 2299 Facio.
2489 2244 2751 2299 Universa
2770 2255 3082 2299 sanctorum
3116 2241 3335 2297 Patrum
3368 2245 3528 2297 turba

1949 2336 2205 2392 dixerunt
2241 2335 2411 2391 Deum
2453 2351 2578 2390 esse
2606 2351 2775 2390 unum
2803 2337 3068 2398 essentia,
3096 2343 3150 2388 et
3178 2344 3290 2388 tres
3328 2335 3379 2387 in
3419 2351 3528 2389 uno

1950 2443 2215 2498 personas
2249 2447 2262 2483 ε
2289 2417 2411 2482 cum
2438 2428 2582 2482 aliud
2612 2428 2682 2481 sit
2710 2442 2963 2494 persona,
3001 2426 3143 2479 aliud
3167 2429 3426 2490 essentia,
3457 2428 3530 2480 si-

1952 2522 2168 2588 quidem
2204 2520 2346 2572 aliud
2382 2529 2430 2574 et
2466 2519 2614 2572 aliud
2645 2529 2872 2586 utraque
2896 2518 3188 2587 signiticat;
3216 2534 3526 2588 quanquam

1950 2604 2189 2657 increata
2210 2612 2261 2655 et
2284 2603 2549 2656 immensa
2577 2610 2704 2655 sunt
2723 2603 2903 2667 ambo,
2925 2618 3170 2671 persona:
3194 2604 3445 2655 vitii-licet
3466 2619 3529 2656 ac

1949 2695 2206 2748 essentia.
2233 2693 2297 2746 Et
2323 2695 2401 2750 sic
2424 2697 2803 2747 inconcussam
2838 2703 3130 2747 tenuerunt
3157 2694 3313 2747 ﬁdem
3348 2694 3399 2747 in
3435 2696 3531 2748 tri-

1951 2788 2172 2842 nitatem
2199 2789 2466 2856 [idemque
2493 2789 2545 2840 in
2576 2787 2861 2841 unitatem.
2886 2786 3157 2842 Sabellius
3211 2797 3341 2841 vero
3386 2787 3529 2840 hanc

1949 2880 2232 2936 Trinitatis
2251 2882 2553 2934 doctrinam
2576 2880 3004 2947 reprehendens.
3035 2890 3088 2932 et
3131 2878 3233 2932 tria
3269 2878 3321 2931 in
3357 2893 3525 2931 unum

1948 2972 2327 3036 confundens,
2384 2971 2683 3023 divinitatis
2748 2969 3044 3022 trinitatem
3103 2984 3197 3037 per
3259 2969 3526 3021 unitatem

1949 3065 2207 3129 abstulit;
2244 3080 2272 3116 e
2297 3061 2704 3132 Scripturisque
2736 3062 2911 3115 sacris
2940 3069 3116 3114 textus
3142 3060 3402 3114 unitatem
3443 3061 3527 3112 itt-

1956 3167 2188 3212 nuentes
2232 3156 2517 3224 colligens,
2553 3166 2610 3208 ut
2636 3155 2778 3208 hunc
2812 3169 2825 3205 :
2859 3171 2879 3204 ι
2908 3152 3017 3221 Ego
3045 3153 3187 3206 Deus
3215 3154 3443 3220 primus.
3475 3163 3535 3205 ct.-

1953 3265 2054 3319 ego
2086 3259 2205 3317 post
2243 3251 2358 3301 haec
2386 3257 2440 3300 et
2483 3247 2534 3299 in
2571 3256 2861 3310 aeternum,
2885 3245 3018 3298 dicit
3049 3246 3309 3298 Dominus
3330 3246 3371 3309 ’ς
3419 3262 3435 3294 ι
3473 3253 3529 3298 et

1955 3342 2096 3397 istud
2125 3339 2294 3407 ipsius
2335 3337 2549 3390 Domini
2577 3339 2628 3390 in
2657 3333 2962 3404 Evangeliis
2981 3334 3205 3391 effatum
3243 3353 3255 3388 :
3293 3353 3311 3384 ι
3345 3334 3456 3403 Ego
3477 3343 3535 3388 et

1953 3435 2112 3490 Pater
2142 3447 2307 3485 unum
2328 3446 2574 3492 sumnsu
2599 3437 2650 3483 et
2670 3429 2925 3497 qualibet
2958 3426 3044 3482 bis
3074 3427 3276 3480 similia
3306 3426 3532 3494 objicie-

1956 3518 2048 3580 bat
2077 3527 2129 3580 in
2155 3525 2528 3581 testimonium
2561 3521 2627 3574 ad
2660 3519 3017 3574 aufcrcndam
3044 3533 3398 3588 personarum
3427 3517 3530 3570 tri-

1954 3619 2202 3672 nitatem.
2229 3618 2417 3672 Nonne
2436 3617 2514 3670 sic
2537 3614 2667 3668 facit
2685 3611 2952 3667 Sabellius
2981 3610 3181 3680 et‘ejus
3203 3611 3532 3664 sectatores?

262 3761 390 3799 Αετο
425 3748 563 3816 πρὸς
602 3747 912 3815 μαρτυρίαν
967 3748 1044 3808 εἰς
1079 3744 1366 3813 ἀναίρεσιν
1417 3741 1513 3796 τοῦ
1548 3736 1833 3811 τριαδικοῦ
1874 3734 1982 3788 τῶν
2031 3732 2413 3787 ὐποστάσεων.
2483 3729 2594 3799 Οὐχ
2652 3726 2794 3780 οὕτω
2852 3727 3001 3780 ποιεῖ
3056 3723 3351 3788 meum;
3433 3727 3531 3779 καὶ

259 3842 380 3890 ’ἑσοι
414 3838 536 3890 κατ’
567 3839 734 3890 αὐτόν
756 3855 773 3904 ς

339 3937 511 3988 Θεότ.
545 3934 708 3986 Τοῦθ’
748 3932 893 3987 οὕτω
932 3932 1132 3994 πάντες
1173 3933 1353 4001 ῐσμεν,

342 4029 526 4092 Θεορ.
562 4023 734 4090 Κάγὼ
765 4023 852 4075 διὰ
882 4023 943 4074 τὸ
986 4023 1152 4075 πᾶσιν
1206 4017 1344 4074 εἶναι
1385 4019 1544 4073 τοῦτο
1594 4021 1832 4090 φανερὸν

260 4118 576 4186 σαφηνείας
638 4117 806 4168 ἕνεκα
861 4120 1204 4183 προηνεγκα.
1248 4115 1319 4166 Σὺ
1375 4117 1483 4182 γὰρ
1513 4113 1638 4176 τούς
1683 4112 1848 4166 αὐτοῦ

257 4206 543 4265 τοιούτους
592 4204 788 4269 λό,ους
836 4205 1208 4272 προσαγαγὼν
1257 4204 1331 4271 τῷ
1364 4203 1601 4271 γνώμονι
1631 4203 1733 4271 τῆς
1765 4204 1852 4255 πί-

262 4313 465 4359 στεως,
503 4294 562 4355 ὂς
596 4294 690 4345 καί⁵
741 4293 838 4344 ἕνα
871 4294 962 4345 καὶ
1013 4292 1140 4362 τρία
1170 4292 1316 4358 λέγει
1363 4292 1454 4344 τὸν
1501 4291 1664 4344 αὐτὸν
1693 4292 1848 4354 Θεὸν,

259 4383 580 4448 ἐξελέγξεις
614 4381 847 4434 ἄπιστόν
875 4397 933 4431 τε
968 4383 1059 4432 καὶ
1093 4379 1407 4440 κακόδοξον,
1437 4377 1513 4439 ὡς
1546 4379 1605 4428 τὸ
1641 4377 1850 4445 τριαδι-

260 4471 364 4526 κδν
395 4470 725 4538 ἀναιροῦντα
755 4469 852 4520 τοῦ
887 4470 1002 4530 ἐνὸς
1030 4469 1189 4531 θεοῦ,
1222 4469 1318 4520 καὶ
1348 4467 1472 4528 τοὺς
1503 4468 1594 4520 ὐπ’
1634 4468 1846 4518 ἐκείνου

265 4561 427 4630 παρὰ
484 4558 643 4610 τοῦτο
669 4557 966 4618 πολυθέους
997 4558 1322 4624 λεγομένους
1349 4557 1422 4618 ὡς
1451 4556 1693 4616 εὐσεϐεῖς
1721 4557 1851 4607 ἀνα-

260 4655 534 4726 κηρύξεις
565 4656 658 4706 καὶ
692 4653 944 4715 πιστούς.
977 4653 1196 4720 Ἀρειος
1243 4651 1298 4702 δὲ
1334 4651 1425 4702 καὶ
1477 4648 1640 4711 αὐτὸς
1683 4649 1851 4700 πολυ-

263 4748 430 4808 θέους
479 4747 658 4813 λέγων
711 4745 840 4804 τοὺς
879 4742 1009 4813 τρία
1061 4743 1320 4807 λέγοντας
1372 4743 1440 4794 τὰ
1491 4741 1745 4803 ἅκτιστα,
1794 4740 1852 4792 ἓν

263 4841 532 4895 ἄκτιστον
564 4833 705 4890 εἶναι
741 4833 1117 4889 διεσεὸαιοῦτο
1143 4833 1234 4886 τὸν
1281 4833 1528 4902 Πατέρα,
1560 4833 1658 4894 τὰς
1688 4832 1853 4894 ἄλλας

265 4929 606 4990 ὑποστάσεις
631 4929 712 4990 εἰς
748 4926 957 4996 κτίσμα
985 4925 1308 4989 κατασπῶν,
1339 4926 1429 4977 καὶ
1458 4925 1578 4986 ταῖς
1606 4921 1713 4977 ἀπὸ
1743 4923 1853 4974 τῶν

264 5019 512 5090 Γραφῶν
547 5019 903 5088 μαρτυρίαις,
944 5018 1066 5069 ὅσαι
1108 5017 1408 5084 παριστᾶσι
1454 5017 1553 5084 τὴν
1589 5016 1853 5084 διαφορὰν

264 5113 381 5166 τῶν
411 5110 791 5171 ὐποστάσεων,
842 5104 955 5162 οἷον
993 5126 1011 5158 ι
1043 5109 1072 5159 ὁ
1106 5110 1295 5177 Πατήρ
1349 5125 1451 5177 μου
1501 5107 1703 5175 μείζων
1748 5108 1849 5176 μού

262 5206 409 5265 ἔστι,
435 5221 453 5253 ι
477 5203 593 5264 καὶ,
619 5221 637 5252 ι
655 5203 718 5253 Ἀ
745 5202 954 5271 ἥκουσα
981 5201 1134 5270 παρὰ
1163 5198 1258 5251 τοῦ
1277 5201 1488 5267 Πατρός
1523 5217 1646 5267 μου,
1679 5199 1850 5251 ταῦτα

266 5293 443 5360 λαλῶ,
493 5312 511 5344 ι
551 5294 770 5346 κα“ιὸσα
807 5291 1018 5354 τούτοις
1044 5292 1428 5362 παραπλήσια,
1467 5291 1851 5344 διαστέλλοντα

264 5389 367 5440 καὶ
401 5385 693 5438 δεικνύντα
746 5385 846 5454 τὴν
883 5385 1012 5452 μίαν
1057 5384 1154 5451 τῆς
1189 5384 1442 5452 θεότητος
1472 5383 1674 5452 πηγὴν,
1713 5384 1848 5436 ταύ·

265 5492 393 5536 ταις
434 5475 620 5528 τοίνυν
669 5474 780 5528 ἀπὸ
824 5476 934 5526 τῶν
985 5475 1146 5542 ίερῶν
1192 5475 1423 5542 Γραφῶν
1452 5476 1847 5542 ἐρανισάμενος

269 5565 482 5633 ἐχρῆτο
511 5567 653 5616 κατὰ
677 5563 783 5615 τῶν
809 5561 1050 5625 εὐσεϐῶς
1068 5563 1166 5631 τὴν
1195 5564 1356 5630 ἁγίαν
1381 5563 1587 5633 Τριάδα
1615 5580 1851 5630 προσκυ-

261 5655 530 5710 νούντων.
567 5656 637 5706 Σὺ
664 5653 756 5708 οῦν
797 5656 892 5707 καὶ
934 5655 1060 5708 τοὺς
1102 5655 1315 5722 Ἀρείου
1351 5656 1545 5725 λόγους
1587 5655 1666 5725 τῷ
1701 5657 1850 5728 αὐτῷ

356 5839 373 5866 ²
421 5831 531 5884 ﬁsa.
581 5843 689 5896 χιι,
723 5829 774 5882 ι.
854 5830 873 5860 ³
906 5829 1062 5883 Joan.
1111 5845 1220 5894 xw,
1277 5829 1368 5885 28.

1447 5831 1466 5861 ’⁸
1499 5829 1655 5885 Joan.
1689 5846 1775 5899 xv,
1811 5831 1896 5886 15.

2027 3919 2213 3974 Tlteot.
2251 3918 2305 3972 id
2337 3931 2525 3971 omnes
2555 3914 2782 3969 scimus.

2023 4013 2246 4082 Thcoph.
2278 4011 2330 4064 Id
2351 4010 2625 4078 equidem,
2656 4017 2840 4072 utpote
2865 4006 3124 4062 omnibus
3153 4006 3527 4077 manifeatum,

1950 4105 2214 4160 claritatis
2244 4119 2405 4156 τουδί·
2436 4101 2656 4170 protuli.
2687 4098 2763 4152 Tu
2796 4101 2940 4153 enim
2977 4101 3113 4154 tales
3142 4099 3285 4154 illius
3315 4116 3528 4156 sermo-

1953 4213 2050 4252 nes
2075 4197 2361 4251 conferens
2383 4210 2506 4248 cum
2542 4192 2663 4247 ﬁdei
2687 4191 2885 4256 indice,
2910 4193 3003 4261 qui
3032 4208 3199 4246 unum
3234 4207 3297 4246 ac
3325 4195 3530 4248 trinum

1955 4291 2085 4345 dicit
2116 4289 2363 4342 eumdem
2402 4286 2592 4351 Deum,
2634 4300 2898 4354 agnosi'es
2937 4300 3059 4341 eum
3091 4299 3118 4338 a
3162 4285 3262 4338 ﬁde
3289 4301 3531 4356 saneque

1957 4382 2205 4434 doctrina
2241 4395 2362 4432 csse
2396 4379 2656 4439 alienum,
2692 4377 2895 4445 quippe
2920 4376 3012 4443 qui
3039 4377 3191 4429 tollat
3231 4376 3324 4430 Dei
3363 4379 3527 4431 trini-

1957 4481 2144 4531 tatem,
2179 4485 2272 4524 eos
2309 4485 2436 4523 vero
2490 4485 2629 4538 quos
2689 4469 2809 4522 ideo
2874 4468 3157 4538 polytbeos
3203 4477 3386 4533 vocat,
3413 4470 3528 4536 pios

1958 4573 2012 4619 et
2049 4563 2386 4617 ortliodoxos
2426 4561 2769 4629 pratdicabis.
2797 4562 2958 4614 Arius
2993 4570 3173 4614 autem
3205 4570 3259 4614 ct
3287 4562 3402 4629 ipse
3433 4577 3530 4628 po-

1958 4656 2170 4726 lytheos
2201 4654 2390 4708 dict-ns
2427 4655 2516 4720 qui
2554 4665 2662 4707 tres
2695 4655 3015 4706 asserebant
3049 4653 3524 4716 increatos,unum

1955 4748 2258 4801 increatum
2304 4762 2427 4800 esse
2477 4745 2779 4799 allirmabat
2820 4745 3059 4806 Patrem,
3095 4747 3231 4798 alias
3263 4760 3526 4812 personas

1953 4841 2218 4895 creaturis
2250 4853 2649 4902 annumerans;
2685 4845 2736 4888 et
2770 4836 3177 4904 Scripturarum
3211 4839 3524 4891 testimonia

1953 4931 2355 4986 distinctionem
2410 4944 2765 4997 personarum
2809 4931 3124 4990 statuentia,
3176 4939 3270 4982 ut:
3313 4948 3330 4979 ι
3370 4931 3526 4982 Pater

1960 5039 2114 5077 meus
2159 5023 2332 5091 major
2368 5039 2454 5075 me
2490 5023 2627 5082 eSt',
2672 5041 2690 5073 ι
2723 5029 2778 5075 et
2825 5039 2838 5073 :
2872 5039 2889 5072 ι
2927 5020 3058 5086 Qua:
3091 5021 3273 5075 audivi
3303 5037 3329 5073 a
3371 5021 3528 5074 Palu:

1959 5129 2103 5177 meo,
2158 5114 2274 5168 haec
2319 5112 2577 5180 loquor‘,
2613 5132 2629 5164 ι
2671 5120 2724 5165 et
2751 5112 2855 5165 alia
2895 5112 3208 5182 bujusuiodi
3247 5127 3368 5180 qum
3402 5112 3527 5166 uni-

1958 5221 2081 5262 cum
2117 5205 2401 5275 designant
2433 5203 2831 5273 ostenduntque
2863 5203 3082 5258 deitatis
3114 5204 3314 5255 fontem
3339 5245 3352 5266 ,
3391 5203 3522 5261 iure.

1960 5300 2200 5368 inquam,
2231 5313 2260 5351 e
2315 5298 2485 5351 sacris
2521 5296 2820 5365 Scripturis
2854 5296 3192 5351 emendicata
3229 5295 3526 5362 usurpabat

1956 5397 2218 5442 adversus
2263 5390 2379 5456 pios
2403 5399 2604 5442 sancta:
2640 5387 2928 5441 Trinitatis
2951 5389 3215 5440 cultores.
3248 5386 3326 5440 Tu
3365 5389 3525 5456 igitur

1955 5481 2067 5532 Arii
2093 5492 2308 5548 quoque
2339 5493 2620 5533 sermones
2665 5478 2828 5532 indici
2885 5477 3010 5530 ﬁdei
3063 5492 3387 5546 comparans
3433 5478 3524 5544 qui

1957 5585 2122 5622 unum
2159 5573 2471 5638 trinumque
2501 5571 2632 5623 dicit
2659 5569 2908 5622 eumdem
2952 5569 3142 5632 Deum,
3175 5570 3523 5622 demonstra-

1960 5661 2041 5717 bis
2074 5662 2221 5715 illum
2267 5664 2443 5729 potius
2477 5675 2602 5716 vere
2638 5661 2957 5731 polytbeum
2984 5675 3125 5725 esse,
3159 5660 3247 5728 qui
3273 5659 3524 5714 eumdem
