4274 6452
731 423 842 490 923

1997 417 2041 475 G
2056 413 2375 476 ltEGORIl
2416 408 2743 471 PALAMJS

3872 386 3983 449 924

730 552 855 608 quae
876 541 962 592 est
1006 532 1231 589 omnino
1285 532 1555 586 bonorum
1587 546 1770 593 causa.
1808 546 1875 584 ne
1915 530 2031 600 ipse
2074 529 2301 584 audien-
2330 533 2418 594 Αι

2298 556 2301 567 ι
2330 533 2383 594 Α
2408 523 2585 596 ἀρχῆς
2614 519 2943 592 ὐπεράρχιὸς
2977 518 3125 570 ἐστιν
3164 514 3441 568 ἐπέκεινα.
3494 528 3513 560 ι
3564 505 3708 561 Ἀλλ’
3757 502 3917 566 αὖθις
3954 505 3986 555 ὁ

734 630 882 685 tibus
928 628 1174 683 videatur
1219 634 1412 694 putare
1467 625 1605 679 hanc
1652 638 1875 678 causam
1925 638 2047 677 esse
2089 637 2183 690 per
2243 635 2303 677 se

732 722 1117 776 subsistentem
1150 760 1166 783 ,
1200 733 1309 773 non
1366 734 1496 773 vero
1576 716 1859 785 providam
1935 716 2190 769 virtutem
2250 722 2306 768 et

740 813 1061 867 effusionem
1114 809 1660 880 supersubstantialis
1716 808 2155 875 abscondita-que
2204 820 2306 859 na-

733 913 870 959 turae
894 945 909 969 ,
935 913 987 958 et
1010 906 1089 958 sic
1141 904 1326 971 plures
1369 900 1680 971 huiusmodi
1733 911 1924 970 prmter
1956 898 2168 951 unicam
2206 896 2302 951 ad—

735 997 945 1049 mittere
976 996 1264 1057 essentias,
1300 993 1484 1047 subdit
1521 1011 1534 1047 :
1574 1012 1592 1044 ι
1628 992 1780 1046 llaud
1829 993 1981 1060 plura
2018 988 2303 1058 principia,

734 1103 833 1142 nec
877 1089 1061 1156 plures
1097 1088 1220 1140 dico
1259 1074 1571 1139 diﬁnitates
1596 1126 1610 1149 ,
1641 1084 1951 1153 superiores
1992 1080 2305 1135 etint'erio-

738 1192 844 1241 res,
877 1177 970 1231 sed
1004 1180 1151 1230 varia
1174 1192 1239 1231 ex
1283 1192 1392 1230 uno
1421 1175 1531 1230 Deo
1560 1178 1826 1230 bonorum
1863 1174 2101 1229 eiﬂuvia.
2142 1195 2160 1227 ι
2191 1175 2305 1229 Ma-

736 1285 874 1339 gnus
930 1269 1165 1323 Basilius
1221 1270 1287 1323 ad
1345 1269 1685 1323 Eustatltium
1732 1270 2003 1323 medicum
2039 1270 2303 1335 scribens,

736 1360 809 1411 ait
845 1360 947 1413 sibi
971 1361 1266 1439 displicere
1302 1361 1393 1428 qui
1421 1361 1510 1413 Dei
1542 1371 1750 1415 natura:
1789 1377 1988 1415 nomen
2011 1361 2309 1414 divinitatis

738 1436 999 1515 imposne:
1019 1463 1133 1503 unt.
1178 1471 1195 1501 ι
1251 1453 1526 1514 Attamen,
1550 1453 1745 1521 inquit,
1770 1453 1882 1506 sive
1906 1462 2099 1506 natura
2128 1452 2309 1506 divina

736 1542 946 1594 dicatur
996 1543 1250 1597 divinitas
1282 1585 1295 1608 ,
1321 1560 1426 1597 una
1455 1545 1561 1597 erit
1586 1545 1749 1599 trium
1782 1555 1997 1608 natura,
2032 1545 2148 1599 sive
2182 1559 2311 1613 ope-

738 1633 876 1686 ratio
906 1631 1163 1688 divinitas
1202 1646 1423 1689 vocetur
1447 1676 1462 1700 ,
1500 1652 1604 1688 ttna
1648 1636 1753 1690 erit
1781 1637 1945 1690 triutn
1974 1637 2239 1706 operatio.
2289 1655 2305 1685 ι

740 1726 965 1796 Magnus
990 1728 1115 1782 item
1146 1728 1438 1797 Gregorius
1490 1728 1836 1798 Theologus:
1873 1749 1891 1781 ι
1931 1728 2053 1784 Uno
2089 1729 2317 1798 lumine,

740 1821 815 1873 ait
839 1862 853 1883 ,
881 1821 1168 1873 illuminati
1222 1822 1375 1884 estis,
1402 1822 1471 1874 ob
1508 1822 1768 1874 unitatem
1805 1829 2014 1874 naturae
2044 1834 2138 1874 seu
2167 1820 2308 1874 divi-

2409 616 2572 678 αὐτὸς
2605 614 2685 667 ἔτι
2720 612 2849 682 περὶ
2886 610 2980 664 τοῦ
3031 609 3180 671 om;
3231 603 3523 671 θεολογῶν,
3562 620 3581 653 ι
3624 596 3982 667 Ἑπειδήπερ,

2406 706 2535 776 ἔφη,
2564 703 2794 775 θεότητα
2831 702 2970 771 ὐπὲρ
2995 701 3095 771 τὴν
3133 698 3353 752 πάντων
3387 693 3609 762 ἀγαθῶν
3644 691 3829 745 αἰτίαν
3857 688 3988 741 θεός

2407 815 2546 868 τητα
2590 796 2678 849 ίνα
2734 795 2810 866 μὴ
2869 794 2965 846 καὶ
3018 790 3181 854 αὐτὸς
3233 789 3363 860 δόξῃ
3418 788 3530 848 τοίς
3578 780 3840 837 ἀκούουσι
3886 778 3989 846 τὴν

2408 887 2590 940 αἰτίαν
2640 884 2848 954 ταύτην
2903 881 3149 950 νομίζειν
3211 876 3628 933 αὐθυπόστστον
3689 871 3989 940 ὑπάρχειν,

2408 976 2547 1030 ἀλλὰ
2589 976 2664 1045 μὴ
2709 972 3079 1041 προνοητικὴν
3123 970 3355 1040 δύναμίν
3386 985 3445 1020 τε
3487 966 3584 1019 καί
3617 965 3844 1035 πρόοδον
3886 965 3993 1031 τῆς

2412 1070 2471 1123 ιν
2525 1068 2868 1136 ἁποκρύφοις
2909 1062 3375 1135 ὐπερουσιότητος
3415 1059 3513 1112 καί
3549 1057 3694 1110 οὕτω
3732 1054 3996 1112 τοιαύτας

2410 1159 2595 1221 οὐσίας
2625 1154 2762 1211 εἰναι
2794 1160 3025 1225 φάσκειν
3054 1152 3272 1215 πλείους
3312 1153 3409 1219 τῆς
3434 1151 3585 1219 μιᾶς,
3627 1166 3646 1199 ι
3684 1147 3760 1200 Οὐ
3793 1144 3993 1208 πολλὰ,

2414 1251 2572 1319 φησί,
2604 1248 2749 1316 λέγω
2788 1248 2857 1299 τὰ
2892 1245 3065 1309 αἴτια,
3100 1242 3224 1297 οὐδὲ
3257 1240 3457 1301 πολλὰς
3481 1239 3769 1307 θεότητας,
3814 1236 3995 1304 ὑπερ·

2413 1340 2646 1409 εχούσας
2702 1340 2797 1391 καὶ
2842 1337 3163 1407 ὐφειμένας,
3213 1334 3327 1388 ἀλλ’
3367 1332 3483 1395 ἐνὸς
3534 1331 3670 1382 Θεοῦ
3714 1329 3815 1391 τὰς
3865 1327 3997 1387 ὅλας

2414 1432 2625 1499 ἀγαθὰς
2654 1430 2935 1501 προόδους.
2981 1449 2999 1481 ι
3050 1429 3160 1481 Καὶ
3188 1430 3216 1480 ὁ
3248 1429 3425 1495 μέγας
3474 1423 3570 1475 οῦν
3599 1420 3889 1481 Βασίλειος
3916 1417 3999 1487 τῷ

2418 1525 2588 1596 ἰατρῷ
2623 1524 2954 1577 ἐπιστέλλων
3010 1519 3311 1588 Εὐσταθίῳ,
3354 1537 3373 1569 ι
3419 1516 3513 1583 Μὴ
3558 1514 3680 1567 λίαν
3728 1511 4000 1580 ἀποδέχε-

2419 1619 2564 1681 σθαι,
2597 1619 2755 1685 φησί,
2788 1616 2911 1676 τούς
2955 1615 3046 1665 ὲπὶ
3075 1616 3176 1683 τὴν
3202 1610 3295 1665 τοῦ
3342 1607 3479 1661 Θεοῦ
3516 1606 3681 1674 φύσιν
3714 1600 4004 1669 ἐκλαμϐά-

2419 1727 2604 1772 νοντας
2630 1710 2689 1760 τὸ
2718 1710 2815 1774 τῆς
2855 1706 3108 1774 θεότητος
3148 1704 3342 1773 ὄνομα.
3368 1700 3443 1754 Οὐ
3474 1701 3579 1769 μὴν
3611 1696 3727 1750 ἀλλ’
3759 1697 3871 1748 εἴτε
3903 1693 4006 1762 τὴν

2424 1803 2589 1871 φύσιν
2629 1799 2721 1853 τοῦ
2762 1799 2895 1851 Θεοῦ
2938 1800 3073 1867 φαίη
3112 1814 3196 1858 τις
3252 1795 3507 1863 θεότητα,
3546 1792 3643 1861 μία
3676 1789 3786 1841 τῶν
3832 1786 4009 1856 τριῶν

743 1911 928 1966 ιιίἰέὶίῖὸ
963 1953 977 1967 .
1010 1930 1029 1963 ι
1060 1913 1122 1966 Et
1181 1912 1236 1965 in
1299 1912 1540 1965 secundo
1605 1927 1859 1967 sermone
1923 1912 1989 1965 de
2018 1909 2155 1964 Filio
2185 1911 2261 1964 ait
2296 1927 2310 1963 :
2348 1907 2390 1964 Β
2420 1899 2431 1948 i

2348 1907 2390 1964 η
2420 1896 2454 1965 ἡ
2488 1894 2669 1961 φύσις,
2709 1893 2819 1944 εῐτε
2847 1891 2944 1960 τὴν
2993 1890 3278 1960 ἐνέργειαν
3324 1886 3584 1954 ὀνομάσει
3614 1900 3697 1942 τις
3743 1881 4010 1948 θεότητα,

747 2002 1043 2057 dissentit}:
1100 2004 1321 2057 numina
1378 2011 1507 2055 sunt
1566 2004 1908 2072 potissimum
1936 2003 2043 2057 Ens
2076 2001 2311 2065 etDeus.

742 2104 791 2145 et
816 2109 882 2147 ex
918 2095 1000 2148 liis
1057 2095 1323 2162 prtecipue
1370 2096 1475 2147 Ens
1510 2110 1523 2145 :
1559 2110 1679 2147 nam
1732 2094 1892 2159 Deus,
1923 2094 2053 2157 Θεὸς
2086 2109 2114 2147 a
2145 2093 2314 2156 θέειν,

746 2201 991 2248 θυι-νοτε,
1050 2188 1131 2239 vel
1189 2187 1255 2241 ab
1306 2186 1501 2248 αἴθειν,
1542 2201 1720 2249 urere,
1754 2187 2059 2247 derivatur,
2091 2200 2155 2239 ac
2185 2200 2317 2254 pro--

747 2279 874 2332 inde
923 2291 1006 2333 est
1040 2295 1253 2333 -nomen
1306 2280 1616 2344 relativum,
1673 2295 1779 2332 non
1826 2279 2153 2333 absolutum.
2195 2297 2211 2330 ι
2256 2278 2320 2332 Et

749 2373 982 2427 illustris
1008 2371 1278 2428 Maximus
1315 2391 1329 2424 ι
1380 2392 1397 2424 ι
1438 2372 1590 2427 Unus
1620 2382 1704 2427 est
1738 2375 1901 2435 Deus,
1932 2372 2058 2440 quia
2092 2387 2196 2425 una
2239 2382 2321 2425 est

753 2466 1008 2518 divinitas
1065 2466 1314 2533 simplex,
1354 2467 1607 2526 indivisa,
1641 2464 2041 2532 inseparabilis,
2075 2464 2323 2517 invisibi-

751 2557 816 2609 lis
865 2567 919 2610 et
966 2556 1374 2624 inintelligibilis
1398 2596 1411 2610 .
1450 2576 1467 2607 ι
1524 2557 1587 2609 Et
1620 2555 2059 2625 Supitronymus,
2097 2556 2187 2622 qtti
2224 2571 2322 2625 pa-

753 2648 1103 2701 triarclmlem
1129 2648 1431 2701 nobilitavit
1454 2646 1952 2716 Hierosolymorum
1989 2645 2323 2700 cathedram:

760 2760 777 2791 ι
828 2738 984 2797 Sicut
1058 2756 1223 2792 ttnum
1284 2739 1450 2793 Deum
1519 2739 1809 2793 didicimus
1864 2754 2198 2803 agnoscere,
2253 2738 2326 2790 ita

756 2848 919 2884 unam
956 2831 1288 2883 divinitatem
1312 2831 1555 2883 conﬁteri
1576 2830 1751 2883 edocti
1779 2845 1991 2883 sumus.
2025 2848 2041 2879 ι
2065 2828 2329 2882 —Nnnne

754 2924 917 2984 igitur
951 2923 1113 2974 unius
1144 2920 1236 2975 Dei
1298 2922 1462 2974 modo
1535 2936 1700 2975 unam
1732 2961 1747 2984 ,
1778 2921 1941 2973 modo
1993 2935 2101 2971 non
2164 2934 2326 2972 unam

753 3028 876 3066 esse
924 3013 1257 3065 divinitatem
1314 3027 1344 3065 a
1387 3011 1636 3065 Patribus
1690 3010 2042 3077 accepimus?
2080 3009 2215 3062 Num
2248 3022 2330 3061 ta~

758 3118 879 3154 men
941 3101 993 3154 in
1042 3116 1105 3155 eo
1134 3102 1296 3154 situm
1352 3111 1433 3155 est
1484 3101 1818 3163 discrimen,
1847 3101 1992 3168 quod
2039 3101 2220 3169 aliqua
2261 3100 2332 3155 sit

760 3195 998 3246 incrcata
1036 3233 1049 3257 ,
1083 3203 1135 3246 et
1184 3195 1363 3263 aliqua
1411 3194 1642 3249 creata?
1669 3192 1804 3259 Quis
1847 3194 1991 3247 enim
2018 3210 2208 3247 eorum
2236 3194 2327 3262 qui

2426 1988 2525 2056 μία
2554 1984 2662 2040 τῶν
2693 1982 2861 2053 τριῶν
2888 1981 3199 2050 προσώπων
3230 1982 3265 2047 ἡ
3294 1979 3563 2047 ἐνέργεια.
3589 1993 3631 2037 ,ι
3670 1973 3779 2025 Καὶ
3806 1968 4015 2040 Γρηγό·

2426 2097 2539 2150 ριος
2584 2079 2748 2132 πάλιν
2796 2081 2820 2130 ὁ
2866 2077 3038 2146 μέγας
3080 2072 3363 2139 Θεολόγος,
3405 2089 3423 2121 ι
3468 2068 3583 2122 Ἐνί
3635 2067 3797 2135 φωτὶ,
3848 2063 4014 2131 φησί,

2426 2172 2916 2242 περιαστράςρθητε
2952 2166 3095 2221 κατὰ
3132 2167 3224 2218 τὸν
3262 2164 3363 2232 τῆς
3383 2161 3574 2223 οὐσίας
3607 2162 3791 2226 λόγον,
3830 2158 4017 2209 εῐτουν

2428 2264 2704 2332 θεότητος.
2741 2280 2759 2313 ι
2815 2261 2925 2312 Καὶ
2969 2261 3025 2311 ὲν
3054 2258 3132 2324 τῷ
3167 2256 3297 2324 περί
3353 2252 3483 2305 Υίοῦ
3531 2249 3779 2318 δευτέρῳ
3840 2246 4015 2314 λόγῳ,

2438 2376 2455 2407 ι
2499 2357 2558 2408 'O
2589 2356 2663 2406 ὢν
2697 2354 2792 2406 καί
2823 2355 2851 2405 ὁ
2875 2350 3009 2413 Θεὸς
3041 2347 3243 2418 μᾶλλόν
3272 2362 3387 2406 πως
3414 2347 3511 2409 τῆς
3543 2341 3735 2400 οὐσίας
3763 2338 4019 2406 ὀνόματα.

2430 2449 2527 2501 καὶ
2565 2444 2772 2498 τούτων
2818 2443 3018 2511 μᾶλλον
3055 2442 3082 2493 ὁ
3113 2438 3209 2492 ὢν.
3248 2438 3315 2489 Ὶί
3349 2436 3456 2503 γάρ
3479 2432 3574 2484 τοῦ
3605 2430 3741 2482 Θεοῦ
3773 2429 3880 2481 κᾶν
3906 2427 4021 2480 ἀπὸ

2438 2541 2530 2593 τοῦ
2566 2539 2716 2591 θέειν
2750 2538 2781 2607 ἢ
2815 2536 2989 2590 αἴθειν
3012 2530 3447 2603 ὴτυμολόγηται,
3469 2526 3585 2578 ἀλλ’
3616 2521 3712 2576 οῦν
3735 2521 3849 2575 τῶν
3878 2521 4021 2589 πρός

2431 2648 2484 2682 τι
2525 2628 2834 2697 λεγομένων
2860 2627 2997 2690 ἐστὶ,
3030 2626 3121 2676 καὶ
3169 2623 3268 2675 οὐχ
3304 2622 3524 2686 ἄφετος.
3562 2636 3581 2669 ι
3623 2617 3735 2668 Καὶ
3773 2618 3803 2667 ὁ
3844 2615 4025 2683 μέγας

2435 2722 2709 2789 Μάξιμος,
2754 2738 2773 2771 ι
2830 2714 2921 2780 Εἷς
2952 2718 3105 2779 Θεὸς,
3161 2717 3242 2767 ὅτι
3298 2714 3397 2783 μία
3450 2710 3665 2777 θεότης,
3725 2706 3877 2773 άπλῆ
3926 2704 4024 2756 καὶ

2435 2814 2645 2883 ἀμερὴς
2687 2815 2780 2866 καὶ
2809 2810 3139 2879 ἀδιαίρετος,
3187 2807 3421 2874 ἀόρατος
3452 2804 3546 2856 καὶ
3593 2800 4015 2868 ἀπερινόητος..

2440 2907 2548 2957 Καὶ
2601 2905 2908 2976 Σωφρόνιος
2947 2903 2975 2953 ὁ
3004 2901 3102 2971 τὴν
3159 2898 3556 2968 Ἰεροσολύμων
3604 2890 4024 2963 πατριάρχικὴν

2441 2998 2689 3065 ὼραῒσας
2752 2994 3062 3065 περιωπὴν,
3105 3011 3124 3044 ι
3184 2992 3401 3057 Ὠσπερ
3457 2987 3553 3039 ἕνα
3616 2985 3749 3037 Θεὸν
3798 2985 4025 3051 φρονεῖν

2439 3090 2815 3158 ἐδιδάχθημεν,
2841 3086 2984 3139 οῦτω
3014 3087 3109 3139 καὶ
3139 3087 3270 3153 μίαν
3300 3082 3533 3148 θεότητα
3553 3078 3842 3146 ὁμολογεῖν
3874 3090 4029 3143 παρ-

2442 3182 2765 3247 ειλήφαμεν.
2808 3198 2827 3230 ι
2857 3173 2986 3247 Ἀρ*
3017 3176 3109 3229 οῦν
3162 3176 3223 3227 οὐ
3255 3172 3351 3225 τοῦ
3391 3170 3555 3224 αὐτοῦ
3584 3167 3721 3221 Θεοῦ
3754 3166 3892 3220 ποτὲ
3925 3165 4026 3235 μὲν

763 3283 833 3351 pii
895 3283 1149 3337 dicuntur
1180 3325 1193 3347 ,
1222 3296 1459 3337 creatam
1535 3294 1744 3340 asseret
1812 3286 2107 3339 beneﬁcam
2162 3286 2335 3338 bono-
2364 3256 2407 3313 θ
2444 3292 2451 3342 Ι

2364 3256 2407 3313 C
2444 3275 2595 3342 μίαν,
2633 3271 2759 3325 ποτὲ
2790 3270 2921 3323 δὀὐ
2958 3270 3084 3337 μίαν
3135 3266 3274 3319 εἰναι
3307 3265 3458 3332 παρὰ
3488 3264 3595 3316 τῶν
3639 3260 3909 3329 Πατέρων
3942 3258 4025 3311 δι-

766 3392 994 3444 rumque
1052 3376 1294 3429 munium
1352 3376 1556 3430 fontem
1613 3376 2011 3431 Providentiam
2050 3416 2067 3441 ,
2113 3379 2340 3429 intersc-

763 3484 894 3523 rens
932 3470 1240 3533 theologum
1274 3469 1541 3537 Areopagi
1593 3468 1904 3539 Dionysiqu
1947 3470 2013 3522 de
2040 3471 2139 3522 bac
2165 3468 2337 3537 loqui,

764 3561 907 3615 haud
935 3576 1063 3614 vero
1083 3561 1148 3614 de
1167 3576 1390 3629 prorsus
1415 3558 1674 3614 ineﬂ‘abili
1711 3561 2337 3629 supersubstantialique

764 3655 859 3711 Dei
886 3664 1119 3719 natura;
1142 3652 1222 3705 vel
1258 3652 1495 3706 divinam
1530 3652 1827 3722 potentiam
1857 3694 1872 3717 ,
1902 3668 1966 3705 en
1995 3652 2337 3721 quod,jnxta

766 3762 1021 3814 magnum
1071 3743 1356 3809 Basilium,
1418 3745 1533 3799 iure
1564 3784 1579 3807 ,
1614 3759 1722 3797 non
1775 3760 1903 3799 vero
1965 3745 2056 3799 Dei
2099 3744 2337 3798 essentia

769 3838 988 3892 nomine
1038 3837 1342 3891 divinitatis
1388 3836 1732 3901 signiﬁcatur
1762 3852 1778 3901 ;
1814 3836 1898 3889 vel
1953 3837 2341 3903 speculativnm

762 3929 1004 3999 Spiritus
1058 3929 1340 3988 virtutem,
1399 3942 1522 3979 cum
1559 3926 1698 3980 hanc
1733 3935 1956 3995 superet
1983 3924 2220 3994 Spiritus
2249 3940 2347 3978 na-

769 4032 889 4073 tura
923 4026 1192 4085 quatenus
1230 4017 1520 4071 ineﬂ‘abilis
1545 4024 1627 4070 est
1655 4024 1708 4068 et
1732 4032 1898 4083 supra
1928 4031 2088 4070 omne
2122 4032 2343 4076 nomen,

766 4120 828 4161 ut
858 4111 1013 4163 divus
1061 4109 1249 4162 docuit
1289 4107 1472 4178 Nyssae
1518 4108 1742 4161 antistes
1789 4106 2126 4177 Gregorius?
2154 4106 2347 4160 Nonne

766 4202 936 4269 igitur
981 4216 1139 4254 unam
1197 4208 1251 4255 et
1302 4202 1474 4254 altero
1516 4201 1674 4255 modo
1734 4217 1840 4254 non
1894 4216 2054 4253 unam
2094 4200 2357 4253 docentur

765 4289 1143 4345 divinitatem?

2440 3366 2757 3431 ὃασκόμείὲα.
2810 3363 3082 3432 θεότητα;
3122 3363 3215 3431 Μὴ
3273 3361 3458 3430 μέντοι
3508 3356 3649 3411 κατὰ
3673 3354 3734 3406 τὸ
3765 3354 4029 3407 ἄκτιστον

2446 3456 2584 3510 εἶναι
2616 3460 2714 3523 τὴν
2760 3456 3055 3524 διαφοράν;
3093 3454 3189 3516 Τίς
3233 3454 3343 3523 γὰρ
3380 3452 3489 3504 τῶν
3530 3447 3829 3520 ᾑρημένων
3869 3445 4031 3497 εὐσε-

2445 3551 2563 3601 ϐεῖν
2600 3547 2833 3617 κτιστὴν
2864 3548 2982 3616 ἐρεῖ
3012 3547 3112 3613 τὴν
3149 3541 3484 3613 ἀγαθοποιὸν
3519 3542 3613 3593 καὶ
3643 3538 3869 3592 πάντων
3897 3538 4032 3602 ara-

2445 3642 2554 3696 θῶν
2611 3642 2792 3694 αἰτίαν
2850 3640 3131 3709 πρόνοιαν,
3192 3636 3467 3704 προφάσει
3497 3631 3590 3685 τοῦ
3642 3630 3773 3699 περὶ
3819 3627 4031 3687 ταύτης

2447 3732 2585 3789 εἶναι
2625 3735 2793 3803 φάναι
2842 3732 2935 3785 τὸν
2961 3731 3144 3798 λόγον,
3177 3731 3267 3783 τὸν
3311 3728 3527 3793 ’Δρείου
3570 3725 3750 3792 πάγου
3790 3722 4034 3790 θεοφάνο

2447 3846 2580 3896 τορα
2633 3826 2931 3890 Διονύσιον,
2974 3823 3092 3877 ἀλλ’
3140 3823 3262 3892 οὐχὶ
3295 3820 3428 3890 περὶ
3476 3818 3586 3887 τῆς
3636 3817 4030 3885 άνεκφράστου

2449 3919 2627 3988 πάντη
2667 3917 2761 3970 καὶ
2794 3916 2942 3978 θείας
2971 3913 3462 3982 ύπερουσιότητος,
3505 3910 3538 3979 ἢ
3566 3911 3667 3979 τὴν
3692 3908 3847 3961 θείαν
3881 3908 4032 3969 Licu-

2452 4012 2572 4063 σίιν
2603 4013 2685 4062 ὅτι
2741 4008 2943 4077 ταύτης
2992 4006 3282 4075 ἔνδειξινή
3336 4003 3684 4073 προσηγορία
3733 4002 3895 4070 φέρει
3936 4001 4035 4065 τῆς

2457 4102 2711 4171 θεότητος
2748 4102 2891 4153 κατὰ
2916 4102 3010 4153 τὸν
3044 4101 3216 4167 μέγαν
3252 4097 3557 4157 Βασίλειον,
3584 4095 3699 4147 ἀλλ’
3726 4094 3790 4146 οὐ
3823 4093 3923 4160 τῆς
3947 4090 4039 4144 τοῦ

2463 4194 2597 4247 Θεοῦ
2626 4192 2847 4255 οὐσίας·
2892 4193 2924 4260 ἦ
2952 4192 3053 4261 τὴν
3085 4189 3347 4260 θεατικὴν
3372 4189 3605 4255 δύναμιν
3640 4185 3735 4240 τοῦ
3778 4184 4040 4252 Πνεῦμα-

2471 4303 2582 4348 τος,
2624 4286 2747 4337 ἐπεὶ
2770 4282 2973 4354 ταύτης
2998 4283 3256 4351 ὑπερέχει
3284 4283 3426 4335 κατὰ
3451 4281 3511 4333 τὸ
3547 4277 3833 4348 ᾶφραστόν
3854 4294 3915 4329 τι
3949 4280 4045 4332 καὶ

767 4383 1311 4455 ύπερώνυμονήτοῦ
1348 4384 1666 4451 Πνεύματος
1704 4382 1902 4450 φύσις,
1944 4381 2019 4443 ὡς
2078 4381 2106 4432 δ
2164 4381 2388 4448 Νύσσης
2458 4378 2601 4440 θεῖος
2654 4377 2918 4447 πρόεδρος
2984 4373 3307 4443 ἑθεολὸγησε
3369 4362 3885 4442 Γρηγόριος;⁹Δρα
3949 4364 4045 4419 οὖν

770 4484 904 4553 μίαν
933 4482 1024 4534 καὶ
1060 4480 1260 4550 τρόπον
1300 4481 1485 4549 ἕτερον
1505 4480 1566 4532 οὐ
1596 4479 1721 4548 μίαν
1761 4478 1855 4530 τοῦ
1886 4478 2005 4540 ἐνὸς
2043 4476 2411 4545 δ.δασχὸμεθα
2441 4475 2709 4542 θεότητας

850 4577 1034 4631 ΤΙιεοι.
1086 4577 1429 4629 Clarissime.

850 4671 1078 4736 ΤΙιιορΙι.
1126 4672 1235 4721 Cur
1286 4670 1452 4737 igitur
1485 4683 1591 4722 non
1625 4684 1652 4721 a
1681 4668 1789 4719 Dm
1812 4668 2123 4722 necessaria
2149 4681 2349 4721 conce-

773 4764 937 4818 dente
972 4764 1269 4832 quterimus
1318 4763 1589 4830 quomodo
1621 4761 1711 4814 illa
1743 4761 1814 4814 sit
1841 4776 1945 4813 una
1982 4771 2036 4812 et
2062 4776 2168 4812 non
2221 4774 2350 4823 una,

777 4867 835 4911 et
865 4854 1143 4924 quomodo
1165 4854 1294 4909 licet
1347 4870 1488 4906 unus
1540 4853 1608 4906 sit
1640 4853 1875 4921 Spiritus
1909 4863 2150 4915 sanctus,
2186 4852 2352 4906 Isaias

784 4956 988 5014 septem
1026 4945 1249 5013 spiritus
1302 4946 1612 5012 praeviderit
1674 4944 2016 5011 requieturos
2047 4958 2211 5010 super
2244 4940 2349 4994 Do-

783 5038 918 5092 tnini
980 5034 1317 5090 humanitate
1354 5077 1368 5098 ,
1405 5051 1543 5103 quos
1576 5043 1632 5088 et
1677 5033 1972 5087 Zacharias
2028 5032 2096 5086 ab
2155 5031 2352 5099 angelo

781 5130 1008 5184 edoctus
1039 5139 1244 5195 septem
1274 5127 1483 5180 Dnnini
1516 5127 1704 5180 oculos
1728 5125 1932 5179 vocat?

867 5220 1049 5274 'l‘lteot.
1125 5218 1489 5272 Ext‘ellentius
1547 5233 1708 5285 quam
1791 5232 1892 5271 nos
1946 5258 1960 5280 ,
1996 5231 2061 5268 ne
2086 5215 2356 5270 nobismet

787 5313 1270 5374 contradicamus,
1306 5309 1640 5363 arbitramur
1702 5308 1888 5362 Patres
1946 5308 2177 5377 idipsum
2230 5320 2358 5359 sen-

787 5405 928 5459 sisse
992 5404 1059 5457 de
1118 5403 1220 5456 hoc
1296 5401 1586 5455 utilissimo
1649 5402 1749 5468 piae
1805 5401 2065 5457 doctrinae
2135 5384 2355 5467 puncto.

790 5494 887 5548 Dic
937 5493 1104 5562 igitur
1156 5493 1427 5561 quomodo
1479 5507 1585 5544 una
1620 5500 1673 5543 et
1717 5506 1825 5544 non
1866 5507 1970 5545 una
2009 5492 2079 5546 sit
2115 5492 2355 5561 ejusdem

790 5587 885 5642 Dei
928 5585 1207 5640 divinitas.

862 5680 1085 5747 Tlteoph.
1141 5678 1271 5732 Dico
1321 5686 1375 5731 et
1406 5678 1508 5732 ltoc
1538 5678 1676 5730 sicut
1710 5676 1847 5744 ipsis
1883 5676 2103 5730 Patrum
2130 5676 2355 5742 scriptis

786 5769 1392 5826 demonstratur.Cum
1449 5769 1592 5823 enim
1656 5784 1755 5838 pro
1799 5770 2019 5823 nomine
2069 5768 2360 5823 inellabilis

792 5863 1042 5918 ιδτιιιιίω
1073 5878 1269 5918 nomen
1303 5860 1610 5917 divinitatis
1640 5870 1939 5929 usurpatur
1972 5900 1985 5926 ,
2016 5878 2119 5917 una
2146 5873 2230 5918 est
2267 5862 2359 5918 Dei

2391 4578 2434 4630 D
2534 4572 2702 4626 Θεότ.
2736 4571 3079 4637 Σαφέστατα.

2531 4668 2709 4733 Θεοφ.
2747 4663 2812 4717 Τί
2863 4664 2979 4726 οῦν,
3022 4662 3084 4714 οὐ
3131 4659 3227 4713 τοῦ
3279 4655 3695 4728 ἐπικρινοῦντος
3737 4653 4047 4720 αναγκαιὸ-

2456 4774 2598 4811 τατα
2636 4758 2869 4825 δεόμεθα
2912 4756 3033 4817 πῶς
3069 4754 3168 4823 μία
3221 4752 3315 4805 καὶ
3360 4753 3422 4803 οὐ
3458 4751 3578 4819 μία,
3612 4748 3709 4801 καὶ
3757 4747 3878 4809 πῶς
3923 4748 4047 4810 ἑνὸς

2458 4846 2611 4909 ὄντος
2638 4846 2733 4900 τοῦ
2767 4846 2913 4899 θείου
2961 4842 3300 4913 Πνεύματος.
3338 4842 3478 4893 ἑπτὰ
3520 4837 3811 4907 πνεύματα
3859 4840 4049 4903 προείο

2459 4938 2550 4991 δεν
2591 4938 2821 4999 Ἡσαΐας
2866 4934 3366 5004 ὲπαναπαυσόμενα
3408 4930 3489 4999 τῷ
3518 4928 3840 4996 Δεσποτικῷ
3872 4944 4050 4993 προσ-

2460 5031 2732 5101 λήμματι,
2788 5030 2824 5084 ἃ
2869 5032 2965 5083 καὶ
3013 5028 3286 5097 Ζαχαρίας
3320 5022 3573 5092 ἐδιδάχθη
3616 5021 3749 5090 παρ’
3801 5018 4043 5101 ἀγγέλου

2628 5121 2723 5175 τοῦ
2752 5121 2958 5190 Κυρίου
2982 5117 3299 5187 ὀφθαλμοὺς
3332 5115 3556 5177 καλεῖν;
3836 5097 3852 5108 ’

2535 5216 2699 5270 Θεότ.
2738 5215 3137 5283 Διαφερὸντως,
3168 5209 3257 5262 ἵνα
3283 5207 3358 5277 μὴ
3386 5206 3539 5259 αὐτοὶ
3566 5204 3784 5264 ἑαυτοῖς
3809 5202 4052 5255 ύττεναν-

2461 5310 2566 5363 τίοι
2621 5302 2791 5377 ὦμεν,
2826 5310 2916 5359 καὶ
2975 5304 3082 5374 πρὸ
3135 5301 3297 5372 ἡμῶν
3346 5298 3577 5369 οἰόμεθα
3615 5297 3745 5354 τούς
3788 5294 4052 5362 Πατέρας

2465 5400 2610 5454 τοῦτ’
2656 5400 2787 5452 αὐτὸ
2822 5399 3054 5464 πάσχειν
3092 5396 3185 5447 ἐπὶ
3228 5392 3325 5445 τοῦ
3364 5388 3735 5460 καιριωτάτου
3785 5387 3889 5455 τῆς
3924 5388 4052 5439 κατ’

2465 5494 2751 5546 εὐσέϐειαν
2800 5489 3119 5559 ὁμολογίας.
3169 5486 3309 5553 Λέγε
3358 5483 3536 5536 τοίνυν
3566 5480 3683 5543 πῶς
3724 5478 3827 5549 μία
3860 5479 3959 5531 καὶ
3987 5481 4054 5531 οὐ

2469 5586 2569 5656 μία
2592 5585 2687 5636 τοῦ
2721 5583 2888 5638 αὐτοῦ
2929 5581 3063 5635 Θεοῦ
3101 5579 3315 5648 θεότης.

2540 5681 2717 5745 Θεορ,
2748 5677 2896 5745 Φημί
2943 5674 3008 5743 δὴ
3048 5672 3143 5726 καὶ
3202 5669 3382 5732 τοῦτο,
3434 5665 3689 5735 καθάπερ
3723 5664 3818 5718 ὐπ’
3867 5662 4059 5717 αὐτῶν

2467 5769 2578 5823 τῶν
2627 5769 2913 5839 πατρικῶν
2972 5766 3296 5835 ὲκφειίνεται
3329 5760 3546 5829 λογίων.
3584 5760 3757 5812 Ὅταν
3814 5759 3929 5828 γὰρ
3979 5756 4059 5818 ὡς

2469 5863 2795 5933 ἐπωνυμίαν
2830 5864 2925 5933 τῆς
2956 5857 3319 5929 ὐειερωνύμου
3359 5854 3546 5916 οὐσίας
3576 5853 3636 5906 τὸ
3664 5851 3761 5915 τῆς
3793 5849 4057 5920 θεὸτητος
