4274 6452
728 407 834 470 997

1999 401 2375 463 GREGORII
2415 403 2737 466 PALAM

3865 398 3973 463 9'28

726 522 1022 592 potentiam
1070 531 1124 578 et
1169 522 1544 593 operationem
1572 524 1654 591 (ut
1689 535 1852 589 supra
1876 530 2152 573 ostensum
2188 516 2292 589 est)
2324 522 2369 578 Α
2402 534 2414 567 π

2285 528 2292 579 ι
2324 522 2369 578 Α
2402 517 2500 587 τὴν
2530 520 2785 574 ἄκτιστον
2805 520 3032 591 δύναμίν
3058 537 3115 573 τε
3153 523 3241 574 καὶ
3268 519 3573 591 ἐνέργειαν,
3602 518 3680 583 ὡς
3711 520 3973 586 ἀνωτέρω

725 614 1031 667 dicentibus
1083 627 1203 668 esse
1233 613 1474 679 eiusdem
1509 612 1873 676 divinitatem,
1922 612 2020 665 ltos
2047 612 2289 680 appella-

727 713 857 757 runt
909 703 1212 774 polytheos.
1291 703 1396 773 Ipsi
1449 713 1627 757 autem
1695 717 1837 755 nunc
1894 718 2054 754 unam
2105 701 2292 755 dicunt

727 796 1018 848 iocreatam
1051 810 1172 851 esse
1222 795 1366 850 illam
1404 794 1984 865 supersubstantialem
2018 792 2109 848 Dei
2158 794 2296 847 divi-

729 887 993 952 nitatem,
1032 897 1253 942 carteras
1332 902 1458 941 vero
1531 902 1653 941 esse
1722 896 1957 948 creatas,
2028 895 2295 954 quotquot

726 980 979 1033 vidi-licet
1029 981 1223 1034 divinae
1266 980 1613 1048 Operationes
1653 995 1682 1033 a
1740 978 1994 1032 Patribus
2031 988 2295 1032 vocantur

727 1072 1062 1133 divinitatea,
1118 1072 1261 1125 sicut
1324 1072 1486 1126 Arius
1533 1086 1702 1125 unam
1737 1071 2030 1125 increatam
2062 1071 2294 1124 asseruit

727 1163 903 1216 Patris
958 1178 1271 1229 personam,
1310 1174 1521 1217 creatas
1577 1172 1757 1236 autem
1814 1162 1989 1225 alias;
2027 1174 2175 1213 nunc
2226 1160 2294 1212 alt

726 1255 961 1307 essentia
1032 1270 1138 1307 non
1215 1255 1596 1308 discriminant
1674 1253 2068 1321 operationem,
2153 1250 2298 1305 sicut

730 1362 829 1400 nec
870 1347 1141 1401 Sabellius
1198 1362 1226 1399 a
1277 1346 1580 1399 substantia
1625 1359 1933 1414 personam.
1965 1342 2029 1395 Et
2055 1342 2131 1397 sic
2173 1343 2296 1395 uui-

731 1448 842 1492 tate
891 1440 1193 1493 divinitatis
1259 1440 1606 1493 divinitatum
1658 1445 1963 1507 pugnantes
1991 1435 2299 1489 distinctio-

731 1548 877 1591 nem,
938 1546 1107 1585 sacrae
1168 1533 1461 1599 Scriptura:
1517 1539 1695 1585 textus
1756 1544 1920 1584 unam
1988 1536 2299 1582 astrueutcs

731 1618 1071 1673 divinitatem
1112 1621 1374 1674 adversus
1414 1620 1751 1673 ortliodoxos
1809 1628 2103 1685 utrumque
2130 1615 2297 1684 proli-

734 1716 910 1762 teutcs
929 1719 1227 1775 congerunt
1263 1719 1315 1763 et
1356 1709 1495 1763 male
1527 1710 1813 1778 objiciunt.
1850 1708 1929 1761 Tu
1961 1722 2088 1760 vero
2107 1720 2297 1759 eorum

718 1796 1010 1855 sermones
1036 1816 1357 1866 comparans
1380 1803 1479 1869 piae
1502 1802 1761 1855 doctrinas
1785 1799 1968 1863 indici,
1994 1798 2085 1867 qui
2111 1796 2300 1851 statuit

731 1893 975 1959 ejusdem
1009 1892 1100 1946 Dei
1155 1893 1494 1947 divinitatem
1524 1894 1695 1948 altero
1716 1907 1880 1947 sensu
1910 1905 2033 1945 esse
2060 1902 2222 1942 unam
2246 1896 2300 1941 et

732 1985 902 2037 altero
949 2000 1055 2039 non
1114 2000 1315 2049 unam,
1366 1985 1486 2039 illos
1539 1987 1690 2053 ipsos
1738 1983 2136 2037 demonstraliis
2174 1995 2302 2035 vere

733 2076 1038 2146 polythcos.
1096 2078 1295 2147 quippe
1326 2080 1418 2147 qui
1457 2088 1693 2132 creatam
1729 2075 1890 2130 simul
1925 2084 1979 2129 et
2006 2074 2300 2129 increatam

734 2185 856 2224 esse
887 2169 976 2222 Dei
1010 2170 1350 2224 divinitatem
1386 2186 1549 2239 prave
1577 2169 1935 2233 contendunt,
1970 2167 2143 2220 solam
2181 2166 2302 2230 eius

732 2265 1028 2319 essentiam
1088 2272 1337 2317 tenentes
1389 2277 1509 2315 esse
1584 2260 1879 2313 increatam
1936 2256 2299 2320 divinitatem,

736 2358 1052 2411 facultatem
1103 2370 1233 2409 vero
1303 2355 1420 2422 ejus
1477 2353 1865 2421 spcculativam
1899 2393 1914 2415 ,
1945 2351 2055 2403 vim
2116 2347 2300 2403 omnia

737 2459 862 2501 aute
915 2453 1245 2501 creationem
1304 2445 1533 2507 sciendi,
1592 2453 1647 2499 et
1699 2444 2078 2497 auctoritatem
2131 2440 2303 2510 ipsius

736 2543 1140 2609 potentiamque
1192 2549 1240 2592 el
1278 2537 1667 2608 providentiam
1723 2537 1864 2591 inter
1898 2543 2076 2589 creata
2126 2549 2304 2587 annu-

738 2646 973 2690 merant.
1038 2635 1126 2688 Sic
1176 2634 1283 2687 illis
1340 2633 1482 2685 Deus
1515 2632 1695 2699 aliqua
1755 2638 1969 2683 creatus
2018 2637 2071 2681 ct
2119 2626 2302 2694 aliqua

737 2728 842 2781 erit
895 2728 1168 2779 iucrcatus
1188 2765 1202 2787 ,
1235 2734 1287 2778 et
1318 2726 1369 2777 iu
1415 2722 1685 2777 contraria
1712 2722 2041 2789 discerptus.
2069 2718 2171 2771 Sed
2205 2732 2305 2772 nec

739 2817 934 2870 Filium
977 2856 991 2878 ,
1028 2832 1126 2867 nec
1186 2815 1447 2883 Spiritum
1514 2822 1764 2867 sanctum
1794 2810 2061 2864 creaturis
2095 2809 2303 2863 adscri-

740 2912 865 2962 lierc
902 2916 1151 2976 possunt,
1207 2922 1330 2959 nam
1394 2914 1623 2969 uterque
1677 2911 1758 2956 est
1819 2900 2107 2955 tnell‘ahilis
2161 2901 2303 2954 haud

738 3015 896 3054 secus
955 3014 1017 3050 ac
1072 2999 1247 3051 Pater.
1305 2997 1459 3061 Quod
1514 2996 1558 3048 si
1618 3010 1808 3048 rursus
1854 2993 2041 3046 dicant
2091 2992 2299 3045 nullum

739 3106 861 3143 esse
922 3091 1213 3143 discrimen
1274 3087 1564 3142 essentiam
1631 3086 1770 3139 inter
1821 3084 2301 3152 etaperationem,

740 3185 945 3249 hasque
978 3183 1029 3233 iu

736 3272 985 3324 eumdem
1046 3271 1163 3322 li.lci
1222 3270 1455 3322 indicem
1508 3268 1596 3320 die
1629 3268 1902 3335 quomodo
1938 3267 2194 3319 traditum
2231 3266 2303 3318 sit

735 3362 1282 3429 compaclwnsihilem
1369 3375 1490 3413 esse
1573 3370 1628 3413 et
1695 3358 2296 3425 incomprclicusiliilctu

737 3455 977 3522 ejusdem
1044 3453 1402 3512 divinitatem.
1467 3451 1837 3518 tisiliiletuque
1888 3451 1955 3503 iis
2002 3464 2139 3518 quos
2170 3450 2300 3501 intc-

738 3548 848 3599 rior
908 3545 1145 3615 Spiritus
1218 3545 1390 3599 virtus
1439 3544 1635 3612 dignos
1694 3542 1843 3603 facit.
1915 3553 1969 3595 et
2049 3541 2303 3594 omnibus

734 3639 946 3693 αιτιοι-ῖς
1010 3639 1360 3699 iuvisibilem.
1432 3634 1944 3691 communicabilcm
2003 3642 2166 3701 atque
2215 3634 2295 3684 iu—

734 3731 1265 3786 ευιιιιιιιιειὶρειἱιίιιιηι.
1319 3729 1503 3799 Neque
1567 3730 1712 3782 enim
1778 3736 1923 3781 recte
1989 3736 2303 3779 cetiscrctur

738 3824 963 3889 intelligi
1017 3823 1397 3890 participarive
1451 3830 1544 3874 aut
1595 3820 1767 3873 videri
1792 3833 1949 3887 pOSte
1974 3832 2005 3871 τι
2034 3816 2301 3869 creaturis

740 3910 830 3962 Dei
876 3913 1191 3970 essentiam,
1250 3911 1391 3962 sicut
1444 3910 1498 3959 in
1544 3905 1864 3975 pneccilcnti
1918 3904 2302 3957 dissertatione

735 4002 1254 4055 dctuonstravimus.
1315 3998 1543 4051 Videsne
1580 4007 1637 4049 ut
1674 3998 1875 4065 optime
1909 3994 2036 4047 talia
2070 3994 2212 4045 inter
2243 4008 2301 4046 se

735 4094 922 4145 eollisa
975 4090 1155 4143 lutuett
1212 4089 1427 4158 pictatis
1476 4088 1697 4140 eliciant
1729 4086 1999 4149 ﬁdelibus,
2026 4094 2077 4137 et
2112 4086 2165 4137 iu
2194 4085 2303 4137 lite-

736 4183 933 4234 Νῆρος.
967 4182 1143 4247 ignem
1172 4180 1538 4232 damnationis
1570 4176 1861 4230 emittant?

808 4269 985 4322 Tlicot.
1043 4269 1253 4337 Optime
1291 4284 1305 4325 :
1345 4282 1466 4320 nam
1524 4280 1623 4333 ego
1679 4265 1748 4318 ab
1807 4264 1919 4332 ipsa
1968 4262 2299 4331 experientia

733 4362 919 4422 ιιίιῑίιοί,
958 4361 1138 4413 animo
1183 4361 1293 4428 jam
1333 4376 1396 4413 ex
1438 4359 1523 4412 his
1551 4356 1845 4418 elucidato,
1884 4357 2098 4409 acutius
2122 4355 2302 4407 videre

735 4454 1015 4519 religionis
1039 4453 1341 4506 veritatem.
1365 4453 1454 4505 Sic
1476 4450 1621 4503 enim
1659 4465 1825 4502 unum
1857 4448 2302 4515 itnlividuutnque

2396 610 2691 675 δέδεικται,
2735 610 2829 665 τοῦ
2861 612 3027 665 αὑτοῦ
3067 609 3205 664 Θεοῦ
3230 610 3487 678 λέγοντας
3522 609 3775 679 θεότητα,
3808 608 3976 662 πολυ-

2399 701 2554 765 θέους
2582 702 2810 772 ἔφησαν.
2836 704 3002 757 Αὐτοὶ
3038 703 3166 757 ποτὲ
3204 701 3304 771 μὲν
3350 700 3480 771 μίαν
3517 700 3772 769 λέγοντες
3814 700 3977 754 ἀκτι-

2397 810 2523 847 στον
2550 795 2643 848 τοῦ
2680 794 2816 848 Θεοῦ
2848 795 3079 865 θεότητα
3112 796 3209 866 τὴν
3248 794 3686 865 ὑπερουσιότητα
3735 791 3975 859 ἐκείνην,

2398 887 2622 949 κτιστὰς
2645 887 2701 940 δὲ
2721 886 2819 949 τὰς
2850 887 3202 949 ὑπολοίπους,
3236 886 3356 938 ὅσαι
3383 884 3627 954 δηλονότι
3670 882 3782 936 τῶν
3811 882 3978 935 θείων

2398 978 2689 1045 ἐνεργειῶν
2716 978 3119 1046 θεωνυμοῦνται
3138 978 3287 1047 παρὰ
3307 976 3417 1029 τῶν
3438 975 3632 1043 ἁγίων,
3648 974 3725 1037 ὼς
3751 976 3978 1044 ’Δρειος

2403 1070 2530 1137 μίαν
2558 1070 2812 1123 ἄκτιστον
2852 1069 3150 1122 ὑπόστασιν
3198 1068 3296 1139 τὴν
3321 1068 3416 1120 τοῦ
3467 1066 3700 1135 Πατρδς,
3748 1065 3981 1128 κτιστὰς

2397 1161 2455 1212 δὲ
2487 1160 2583 1222 τὰς
2635 1160 2962 1222 ὑπολοίπους
2988 1177 3002 1191 ·
3039 1160 3133 1212 νῦν
3161 1161 3217 1213 δὲ
3249 1160 3543 1227 ἀδιάφορον
3571 1160 3635 1227 τῇ
3682 1156 3845 1226 οὐσίᾳ
3874 1157 3978 1224 τὴν

2400 1252 2703 1322 ἐνέργειαν,
2737 1253 2811 1315 ὡς
2838 1256 2865 1306 ὁ
2896 1253 3182 1308 Σαϐἑλλιος
3230 1255 3297 1321 τῇ
3328 1252 3488 1321 οὐσίᾳ
3518 1250 3617 1318 τὴν
3646 1249 3977 1311 ὑπόστασιν,

2399 1345 2493 1397 καὶ
2517 1342 2658 1396 οὕτω
2689 1345 2749 1397 τὸ
2779 1346 2978 1400 ἑνιαίον
3009 1346 3108 1410 τῆς
3152 1345 3405 1413 θεότητος
3429 1340 3974 1409 ἐπιστρατεύσαντες

2398 1434 2476 1502 τῷ
2516 1435 2922 1507 διακεκριμένη)
2961 1438 3056 1499 τὰς
3086 1437 3194 1491 ἀπὸ
3222 1437 3331 1489 τῶν
3373 1436 3536 1504 ἱερῶν
3568 1434 3807 1503 Γραφῶν
3845 1434 3981 1502 περὶ

2405 1528 2536 1595 μιᾶς
2562 1528 2810 1597 θεότητος
2847 1531 3034 1600 ῥήσεις
3065 1530 3523 1600 συμφορήσαντες
3559 1526 3699 1580 κατὰ
3728 1524 3842 1577 τῶν
3882 1524 3980 1593 69-

2401 1618 2627 1682 θοδόξως
2649 1620 2935 1689 ἀμφότερα
2959 1620 3321 1690 φρονούντων,
3343 1618 3740 1688 προϐάλλονται
3759 1614 3976 1678 κακῶς.

2401 1709 2473 1761 Σὺ
2500 1709 2557 1763 δὲ
2590 1711 2962 1780 προσαγαγὼν
3001 1714 3128 1774 τοὺς
3158 1712 3381 1765 ἐκείνων
3409 1711 3601 1778 λόγους
3645 1708 3723 1778 τῷ
3755 1708 3854 1777 τῆς
3882 1708 3979 1760 εὑ·

2404 1800 2618 1862 σεϐείας
2653 1801 2910 1872 γνώμονι,
2943 1804 3002 1863 ὃς
3036 1804 3129 1857 τοῦ
3162 1802 3327 1856 αὑτοῦ
3374 1800 3609 1872 θεότητά
3641 1818 3832 1870 φησιν,
3859 1800 3980 1852 ἐστι

2405 1890 2502 1959 μὲν
2531 1890 2604 1954 ὣς
2643 1892 2792 1960 μίαν,
2847 1893 2961 1946 ἔστι
2996 1894 3040 1947 δ’
3070 1895 3147 1956 ὣς
3181 1894 3242 1946 οὑ
3302 1893 3455 1962 μίαν,
3491 1893 3734 1954 ἐκείνους
3776 1891 3981 1953 αὑτοὺς

2402 1982 2600 2047 δείξεις
2634 1984 2929 2049 πολυθὲους
2950 1985 3118 2050 ὅντως
3143 1987 3326 2052 ϐντας,
3350 1986 3425 2050 ὠς
3454 1985 3681 2054 κτιστὴν
3706 1986 3800 2038 καὶ
3826 1985 3981 2038 ἄκτι-

2404 2094 2527 2131 στον
2557 2078 2652 2130 τοῦ
2702 2077 2838 2131 Θεοῦ
2876 2080 3106 2149 θεότητα
3140 2080 3455 2150 φάσκοντας
3501 2079 3712 2146 κακῶς,
3749 2079 3847 2145 τὴν
3878 2080 3980 2147 μὲν

2401 2168 2571 2221 αὑτοῦ
2601 2170 2791 2223 οὐσίαν
2817 2172 2990 2239 μόνην
3024 2173 3277 2226 ἄκτιστον
3304 2170 3445 2226 εἶναι
3470 2171 3830 2233 διδάσκοντας
3861 2170 3984 2223 θεό-

2401 2282 2563 2334 τητα,
2595 2266 2690 2334 τὴν
2717 2267 2775 2319 δὲ
2802 2266 3057 2337 θεατικὴν
3086 2268 3317 2334 δύναμίν
3345 2285 3405 2320 τε
3442 2268 3539 2321 καὶ
3570 2267 3858 2336 ἐνέργειαν
3884 2265 3981 2316 τοῦ

2404 2356 2582 2408 πάντα
2619 2357 2750 2424 πρῖν
2797 2357 3066 2423 γενέσεως
3094 2358 3297 2420 εἰδότος
3327 2358 3422 2410 καὶ
3450 2358 3549 2427 τὴν
3580 2355 3747 2409 αὐτοῦ
3794 2357 3978 2420 ἀξίαν,

2404 2450 2499 2500 καὶ
2533 2450 2631 2515 τὴν
2665 2448 2909 2513 ἐξουσίαν
2955 2452 3049 2502 καὶ
3089 2450 3188 2517 τὴν
3219 2451 3478 2518 πρόνοιαν
3508 2451 3584 2509 εί,
3632 2448 3839 2513 κτίσμα
3873 2464 3979 2497 κα-

2402 2539 2747 2602 τασπῶντας.
2795 2538 2953 2593 Οὑτω
2984 2540 3089 2607 γὰρ
3138 2541 3232 2592 καὶ
3264 2542 3289 2591 ό
3319 2540 3453 2603 Θεὸς
3501 2540 3688 2599 αὐτοῖς
3878 2540 3980 2605 μὲν

2405 2634 2646 2697 κτιστδς,
2681 2634 2757 2701 τιῆ
2781 2634 2824 2685 δ’
2865 2634 3118 2695 ἄκτιστος
3164 2633 3401 2701 ὑπάρξει
3439 2632 3535 2685 καὶ
3572 2632 3651 2693 είς
3678 2629 3980 2682 τάναντιώ-

2402 2740 2541 2776 τατα
2590 2725 2936 2797 διῃρημένος.
2970 2724 3103 2776 Οὐδὲ
3154 2725 3262 2793 γὰρ
3293 2725 3385 2776 τὸν
3417 2723 3543 2775 Υίδν
3576 2722 3609 2791 ἢ
3657 2722 3720 2773 τὸ
3752 2721 3981 2785 Πνεῦμα

2404 2816 2466 2867 τὸ
2490 2815 2641 2881 ἅγιον
2667 2816 2879 2886 ἔχουσιν
2905 2815 3327 2883 ὑπολογίζεσθαι
3346 2832 3361 2847 ·
3396 2815 3604 2868 τούτων
3647 2813 3759 2883 γὰρ
3790 2812 3983 2865 ἑκάτε-

2408 2922 2502 2972 ρον
2527 2904 2804 2971 ἄφραστον
2834 2908 3029 2976 ἐπίσης
3061 2905 3140 2974 τῷ
3170 2905 3371 2975 Πατρί.
3398 2905 3459 2956 Ei
3484 2904 3533 2956 δ’
3572 2899 3730 2963 αὖθις
3763 2903 3982 2969 λέγοιεν

2405 2995 2697 3067 ἀδιάφορον
2753 2995 2893 3051 εἶναι
2927 3001 2991 3067 τῇ
3022 2998 3181 3069 οὐσίᾳ
3224 2996 3322 3067 τὴν
3368 2996 3677 3066 ἐνέργειαν,
3726 2997 3808 3057 είς
3851 2994 3985 3063 μίαν

2406 3085 2609 3146 ταύτας
2655 3087 3086 3155 συναλείφοντες,
3134 3088 3299 3140 πάλιν
3326 3088 3467 3141 κατὰ
3508 3088 3599 3139 τὸν
3639 3087 3806 3139 αὑτὸν
3845 3085 3988 3153 γνὼ-

1120 3195 1280 3232 uuam
1366 3178 1720 3241 coalescere;
1768 3184 1821 3229 tu
1894 3176 2088 3228 iterum
2145 3177 2297 3243 juxta
2333 3202 2374 3256 ο
2412 3192 2545 3244 μονα
2580 3177 2676 3244 τῆς
2726 3179 2808 3231 εὑε

2294 3198 2297 3226 ι
2333 3202 2374 3256 C
2412 3192 2545 3244 μονα
2580 3177 2676 3244 τῆς
2726 3178 3012 3242 εὐσεϐείας
3055 3178 3179 3231 εἰπὲ
3208 3177 3301 3231 καί
3339 3178 3455 3241 πῶς
3501 3178 3533 3248 ἡ
3578 3178 3677 3247 μὲν
3716 3177 3911 3247 νοητὴ,
3946 3180 3982 3248 ἠ

2408 3268 2465 3320 δὲ
2518 3269 2877 3341 ἀπερινόητος
2919 3269 3337 3341 ἀναγέγραπται
3391 3270 3483 3323 τοῦ
3540 3269 3707 3324 αὑτοῦ
3760 3269 3985 3339 θεότης,

2408 3361 2575 3428 ὁρατή
2609 3377 2669 3413 τε
2691 3364 2801 3423 τοῖς
2829 3362 3001 3428 ἀξίοις
3023 3363 3359 3433 ἀπορρήτοις
3390 3363 3446 3414 ἐν
3469 3362 3699 3430 δυνάμει
3731 3362 3989 3429 πνεύμα-

2407 3468 2500 3514 τος
2532 3454 2625 3505 καὶ
2660 3455 2793 3506 πᾶσι
2840 3452 3184 3507 παντάπασιν
3229 3454 3463 3523 ἀόρατος
3491 3454 3733 3523 μεθεκτή
3772 3470 3837 3506 τε
3892 3455 3987 3506 καὶ

2410 3545 2715 3611 ἁμέθεκτος
2742 3562 2754 3574 ·
2798 3545 2919 3597 οὐδὲ
2958 3545 3070 3615 γὰρ
3094 3547 3274 3600 ὲκείνο
3320 3546 3540 3610 εὐσεϐὲς
3589 3547 3697 3600 ἀπὸ
3724 3545 3837 3599 τῶν
3870 3564 3989 3599 κτι-

2412 3635 2633 3703 σμάτων
2679 3636 2917 3689 νοεῖσθαι
2965 3636 3239 3705 οἴεσθαιῆ
3288 3636 3612 3705 μετέχεσπαι
3660 3637 3695 3707 ἢ
3747 3637 3988 3705 ὁρᾶσθαι

2409 3726 2507 3797 τὴν
2527 3727 2712 3780 οὐσίαν
2743 3728 2836 3780 τοῦ
2860 3728 3015 3787 Θεοῦ.
3047 3729 3298 3799 καθάπερ
3322 3732 3377 3781 ὲν
3402 3732 3469 3800 τῇ
3496 3729 3603 3798 πρὸ
3634 3728 3843 3797 ταύτης
3872 3730 3987 3783 δια-

2409 3819 2551 3883 λέξει
2592 3820 3082 3888 προαπεδείξαμεν.
3128 3819 3270 3873 ’Λλλσ
3311 3822 3442 3890 ὁρᾷς
3480 3822 3627 3883 ὅπως
3672 3820 3858 3882 καλῶς
3916 3819 3990 3873 τὰ

2408 3904 2635 3959 τοιαῦτα
2668 3909 3085 3976 συγκρουόμενα
3124 3910 3262 3976 πρὸς
3294 3909 3499 3978 ἄλληλα
3538 3910 3659 3977 φῶς
3685 3909 3790 3977 μὲν
3823 3897 3989 3964 εὑσε-

2410 3996 2563 4054 6είας
2590 3997 2863 4061 ἐκλάμπει
2890 4001 2999 4059 τοῖς
3027 4001 3263 4062 πιστοῖς,
3292 3998 3403 4069 πῦρ
3428 3999 3484 4051 δὲ
3512 4000 3813 4071 καταδίκης
3841 4002 3990 4055 κατὰ

2410 4083 2521 4136 τῶν
2551 4086 2793 4139 ἀπειθῶν
2827 4088 3021 4155 ἀφίησι
3047 4104 3063 4152 ;

2483 4265 2648 4317 Θεότ.
2685 4261 2758 4318 E5
2818 4264 2993 4334 μάλα·
3025 4266 3119 4318 καὶ
3178 4266 3287 4334 γὰρ
3334 4268 3511 4334 ἔγωγε
3539 4266 3609 4320 δι’
3659 4266 3833 4337 αὑτῆς
3890 4269 3994 4336 τῆς

2411 4356 2603 4427 πείρας
2655 4356 2858 4422 ἔμαθον
2915 4357 3304 4427 διαυγέστερον
3338 4359 3436 4428 ἤδη
3494 4361 3843 4429 κτησάμενος
3894 4364 3997 4414 τὸν

2412 4449 2536 4500 νοῦν
2561 4450 2625 4499 ἐκ
2654 4448 2762 4498 τῶν
2792 4448 3073 4510 τοιούτων,
3104 4450 3200 4501 καὶ
3226 4448 3484 4517 ὀξύτερον
3506 4453 3742 4521 συνορᾷν
3765 4452 3867 4521 τὴν
3889 4453 3997 4520 τῆς

735 4544 998 4612 Spiritqu
1064 4543 1297 4595 dicimus
1360 4539 1652 4603 honorari,
1717 4539 1937 4607 quando
2006 4538 2423 4611 essentiath

2334 4549 2385 4611 ι)
2413 4539 2689 4601 εὐσεϐείας
2711 4539 2991 4609 ἀλήθειαν.
3024 4539 3183 4593 Οῦτω
3204 4542 3313 4612 γὰρ
3338 4543 3431 4594 καὶ
3450 4541 3508 4594 ἓν
3537 4542 3765 4613 Πνεῦμα
3780 4544 3996 4613 ἀμερὲς

735 4651 1131 4705 personamque
1168 4636 1332 4700 ipsam
1371 4633 1706 4701 appellamus
1736 4629 2021 4699 Spiritum;
2049 4629 2309 4697 multipli-

733 4742 851 4779 cem
885 4739 1009 4779 vero
1035 4727 1172 4779 alias
1224 4725 1471 4777 cuunlem
1501 4723 1760 4779 dicimus.
1792 4731 2107 4788 septemque
2138 4734 2305 4772 unum

734 4834 854 4869 esse
901 4817 1184 4879 docemur,
1224 4826 1278 4869 et
1308 4816 1453 4868 hunc
1474 4813 1841 4867 diversituode
1874 4811 2308 4866 conuunnicalti—

736 4906 838 4959 lem
880 4922 998 4957 esse
1035 4921 1131 4974 per
1158 4920 1342 4957 sacras
1375 4903 1676 4957 cli'usioncs
1699 4912 1753 4957 et
1803 4903 2144 4970 operationes
2196 4903 2306 4955 divi

738 4998 972 5065 Spitiltts
1027 5000 1365 5066 proﬁtemur.
1431 4995 2007 5049 lucommunicabilem
2055 4993 2219 5062 igitur
2251 5005 2306 5047 tu

735 5092 873 5144 dicis
896 5090 983 5142 Dci
1010 5090 1307 5143 cswutiam
1342 5104 1403 5141 ac
1433 5100 1708 5141 naturam.

814 5267 1036 5336 T/n’oph.
1080 5267 1353 5332 Profecto,
1392 5268 1531 5321 hanc
1564 5268 1770 5322 scilicet
1796 5282 1916 5336 quae
1945 5276 2027 5321 est
2061 5262 2179 5320 siu'e
2209 5281 2309 5319 n0-

739 5363 883 5416 tuiue
912 5376 963 5415 et
986 5379 1147 5430 supra
1204 5377 1365 5415 omne
1394 5376 1613 5414 nomen.

811 5454 989 5508 ΤΙιιόι.
1021 5454 1542 5508 Commuuicubilctu
1576 5468 1700 5505 vero
1748 5463 1800 5505 et
1838 5452 2303 5521 comprehensibi-

738 5542 838 5592 lcm
896 5544 1094 5596 asscris
1142 5544 1393 5597 virtutem
1443 5554 1493 5597 et
1525 5543 1840 5612 potentiam,
1877 5559 2036 5613 quam
2079 5558 2306 5613 magnus

738 5632 971 5687 Basilius
998 5635 1132 5688 dixit
1155 5652 1219 5689 ex
1249 5636 1503 5704 operibus
1536 5636 1776 5703 intelligi.

812 5724 1038 5793 'l'hcoph.
1114 5729 1185 5781 Ita
1246 5738 1350 5783 est.
1414 5728 1592 5783 Multa:
1651 5740 1827 5783 autem
1861 5741 1987 5783 sunt
2019 5730 2179 5781 variae
2207 5729 2299 5783 Dei

738 5821 1284 5887 ςυιιιπιυιιίςιιιὶοιιυε,
1354 5834 1409 5876 ιιι
1470 5822 1710 5877 diximus
1749 5822 1801 5876 iu
1834 5824 1972 5877 libro
2006 5823 2070 5877 dc
2102 5822 2301 5877 divinis

2412 4631 2738 4700 πρεσϐεύειν
2784 4631 3036 4698 λὲγομεν,
3072 4633 3202 4685 ὅταν
3249 4634 3348 4700 τὴν
3407 4634 3665 4704 οὑσίανῆ
3710 4636 3810 4704 τὴν
3851 4636 3999 4687 ὑπό-

2410 4737 2599 4774 στασιν
2629 4721 2800 4790 αὐτὴν
2852 4722 3110 4789 καλῶμεν
3162 4723 3383 4793 πνεῦμα
3406 4742 3420 4755 ·
3456 4724 3769 4795 πολυμερὲς
3801 4726 3851 4777 δ’
3898 4726 4004 4778 ἄλ-

2409 4807 2527 4861 λοτέ
2560 4827 2739 4876 φαμεν
2771 4811 2926 4881 αὐτὸ,
2951 4811 3047 4863 καὶ
3072 4813 3213 4864 ἑπτὰ
3242 4809 3384 4865 εἶναι
3413 4814 3783 4883 διδασκόμεθα
3812 4816 3879 4867 τὸ
3907 4815 3997 4881 ἒν,

2409 4904 2504 4954 καὶ
2541 4902 2803 4970 μεθεκτὺν
2834 4902 2991 4956 τοῦτο
3018 4904 3302 4975 διαφόρως
3331 4910 3459 4975 περὶ
3486 4906 3596 4959 τῶν
3628 4907 3791 4961 θείων
3822 4908 4001 4977 1:906-

2407 4995 2515 5047 δων
2546 4995 2638 5047 καὶ
2670 4996 2964 5064 ἐνεργειῶν
2993 4997 3090 5049 τοῦ
3122 4999 3239 5060 ἑνὸς
3270 4999 3419 5050 θείου
3455 4998 3779 5063 Πνεὺματος
3805 5002 4006 5055 ποιού-

2414 5104 2566 5156 μενοι
2599 5086 2688 5139 τὶν
2718 5087 2896 5157 λόγον.
2944 5089 3276 5159 Ἀμέθεκτον
3304 5085 3400 5143 οὖν
3434 5091 3500 5142 σὺ
3532 5091 3633 5163 τὴν
3662 5091 3859 5145 οὐσίαν
3888 5094 4003 5163 φὴς

2410 5181 2506 5231 καὶ
2540 5180 2704 5247 φύσιν
2736 5180 2830 5234 τοῦ
2867 5182 3028 5237 Θεοῦ.

2484 5274 2661 5340 98059.
2710 5272 2842 5337 Ναὶ,
2886 5274 2984 5341 τὴν
3037 5274 3322 5346 ἀνώνυμον
3378 5275 3597 5345 ἐκείνην
3627 5274 3723 5328 καὶ
3772 5275 4005 5345 ὑπερὼ-

2410 5381 2471 5417 νυ
2480 5381 2598 5433 μου.

2490 5455 2655 5506 Θεότ.
2686 5455 2971 5525 Μεθεκτὴν
3003 5458 3059 5510 δὲ
3091 5458 3185 5511 καὶ
3236 5458 3434 5528 νοητὴν
3481 5458 3581 5529 τὴν
3627 5458 3866 5529 δύναμιν
3906 5462 4009 5513 καὶ

2411 5545 2512 5615 τὴν
2542 5547 2846 5615 ἐνέργειαν,
2871 5548 2937 5617 ἣν
2967 5553 3055 5601 καὶ
3080 5551 3108 5602 ὁ
3135 5551 3304 5618 μέγας
3335 5550 3439 5619 ἔφη
3470 5549 3753 5611 Βασίλειος
3787 5551 3857 5601 ἐκ
3888 5551 4009 5604 τῶν

2411 5640 2736 5706 ποιημάτων
2778 5640 3323 5708 καταλαμϐάνεσθαι.

2484 5737 2658 5799 8605:.
2699 5731 2856 5784 Τοῦτ’
2881 5734 3034 5786 αὐτό.
3063 5734 3351 5798 Μεοέξεως
3381 5735 3563 5804 μέντοι
3593 5732 3686 5784 τοῦ
3712 5732 3855 5785 Θεοῦ
3886 5733 4007 5787 δια-

2411 5825 2577 5894 φοραὶ
2612 5824 2820 5889 πολλαί,
2874 5825 2948 5887 ὡς
2984 5828 3040 5878 ἐν
3068 5828 3144 5895 τῷ
3193 5828 3323 5901 περὶ
3371 5826 3529 5878 θείων
3564 5826 3862 5894 ἐνεργειῶν
3897 5831 4002 5881 καὶ
