4274 6452
251 383 361 446 929

1599 394 2128 460 THEOPHANES.

3400 403 3504 467 930

246 497 352 562 τῆς
383 497 506 550 κατ’
542 498 710 559 αὐτὰς
748 498 1019 568 μεθέξεως
1065 501 1162 554 κάν
1191 505 1255 573 τῇ
1288 504 1392 570 πρὸ
1423 504 1624 576 ταύτης
1649 507 1826 560 διαλέ-
1859 517 1903 572 Α
1933 544 1934 553 η

1814 538 1826 548 -
1859 517 1903 572 Α
1933 514 2343 581 operationibus
2400 526 2451 569 et
2483 513 3089 570 communicationihns
3127 527 3178 570 et
3211 517 3263 570 in
3301 533 3502 587 praet-e-

248 588 332 652 ξει
371 590 699 660 προείρηται
735 594 889 660 ἡμῖν.

322 685 488 736 Θεότ.
519 685 629 752 Τὴν
653 685 705 736 δὲ
731 686 1012 753 ἐνέργειαν
1039 686 1166 741 ἄλλο
1190 689 1369 754 λέγεις
1399 691 1497 758 τῆς
1521 692 1729 758 οὐσίας,
1751 695 1824 758 ὼς

242 771 618 840 διαφέρουσαν
646 776 886 844 ἐκείνης,
918 778 1124 848 ταύτης
1152 780 1209 832 δὲ
1245 782 1576 851 ἀχώριστον;

322 946 505 1012 Θεοφ.
539 946 630 1010 Ὣς
660 953 753 1001 καὶ
780 950 880 1015 τῆς
909 953 1099 1016 οὐσίας
1121 955 1220 1023 τὴν
1252 958 1576 1012 ὑπόστασινο
1612 961 1689 1031 τῷ
1719 964 1825 1031 γὰρ

245 1034 358 1085 ἀπὸ
386 1035 480 1087 τοῦ
511 1038 777 1108 ὀνόματος
808 1047 1200 1116 σημαινομένῳ
1227 1049 1530 1120 διενήνοχεν
1563 1054 1821 1120 ἑκάτερον

243 1127 441 1194 αὐτῆς.

324 1221 492 1274 Θεότ.
527 1222 617 1293 Μὴ
648 1219 741 1276 οὖν
776 1228 870 1279 καὶ
899 1230 998 1298 τὴν
1028 1231 1310 1302 ἐνέργειαν
1347 1235 1645 1291 ὑπόστασιν
1676 1237 1829 1302 δοξά-

243 1309 398 1376 ζει;;

323 1405 502 1472 Θεοφ.
543 1407 759 1473 ’Λπαγε
781 1424 794 1437 ·
835 1410 1063 1480 οὐδεμία
1099 1414 1208 1484 γὰρ
1243 1415 1350 1468 τῶν
1378 1422 1639 1473 τοιούτων
1675 1421 1826 1485 ἐνερ-

242 1496 414 1556 γειῶν
451 1499 843 1564 ἐνυπόστατος,
880 1505 1164 1559 τουτέστιν
1208 1509 1640 1580 αὑθυπόστατος,
1682 1521 1827 1574 κατὰ

242 1588 342 1638 τὸν
385 1588 560 1655 μέγαν
601 1592 766 1657 φάναι
794 1594 1095 1649 Βασίλειον.

320 1681 486 1734 Θεότ.
532 1684 692 1736 Ἀλλὰ
734 1688 840 1754 μὴν
896 1689 991 1741 καὶ
1030 1690 1115 1742 διὰ
1149 1691 1245 1759 τῆς
1292 1696 1573 1766 ἐνεργείας
1621 1703 1826 1774 ταύτης

238 1771 338 1823 τὸν
369 1772 502 1824 Θεὸν
535 1776 642 1844 φῂς
677 1780 1004 1846 μετέχεσθαι
1038 1784 1185 1853 παρά
1217 1785 1325 1837 τῶν
1358 1792 1717 1860 μετεχόντων.

325 1867 503 1933 Θεοφ.
539 1869 696 1920 Κατὰ
725 1873 785 1922 τὸ
819 1875 1125 1945 ἐγχωροῦν.

322 1957 492 2009 Θεότ.
528 1959 640 2010 Καὶ
670 1960 755 2013 διὰ
800 1966 897 2032 τῆς
933 1966 1120 2030 οὐσίας
1155 1967 1246 2021 τὸν
1285 1971 1446 2025 αὑτὸν
1473 1973 1620 2041 ⁹Θεὸν
1653 1976 1825 2046 ἀμέθ-

241 2061 431 2099 εκτον.

321 2141 501 2206 Θεοφ.
543 2142 819 2196 Μάλιστα.

319 2233 489 2284 Θεότ.
527 2233 734 2296 Ὄντως
763 2235 930 2305 λῆρος
964 2243 1032 2291 τὰ
1067 2242 1193 2295 καθ’
1224 2244 1380 2314 ὑμῶν
1405 2249 1628 2304 ἐκείνων
1655 2252 1823 2321 φθέγσ

247 2340 423 2392 ματα.
464 2324 590 2388 Πῶς
619 2328 727 2396 γὰρ
782 2328 939 2393 ἄλλος
973 2332 1124 2386 ἐσται
1150 2338 1177 2389 ό
1221 2338 1400 2401 αὐτὸς,
1446 2343 1562 2406 πῶς
1589 2345 1632 2398 δ’
1666 2343 1824 2408 αὖθις

240 2416 402 2469 ἔσται
427 2417 568 2470 κατὰ
598 2419 779 2474 πάντα
802 2422 861 2474 τὸ
891 2424 1046 2490 αὐτὸ,
1081 2430 1145 2497 τῇ
1171 2430 1429 2501 ἀκινησίᾳ
1457 2436 1704 2503 πρόοδος,
1732 2438 1826 2490 καὶ

239 2507 324 2576 τῷ
357 2507 648 2579 ἀμεθὲκτῳ
696 2511 914 2580 μέθεξις
949 2517 1043 2567 καὶ
1081 2521 1147 2588 τῇ
1200 2525 1523 2593 κρυφιότητι
1556 2529 1588 2597 ή
1624 2526 1826 2594 ἐκφαν-

243 2615 352 2659 σις.
398 2600 672 2668 Ἀλλήλων
707 2604 935 2674 μὲνγὰρ
971 2607 1148 2661 ταῦτα
1179 2611 1455 2682 διαφέρειν
1497 2618 1818 2686 ἀναγκαῖον,

238 2690 364 2743 ἀλλ’
412 2694 475 2744 οὐ
522 2693 795 2764 διαφόρων
821 2696 1050 2752 δύναται
1082 2702 1370 2774 ὑπάρχειν,
1396 2709 1452 2760 εἴ
1480 2727 1538 2778 γε
1572 2713 1822 2766 ἄκτιστα.

320 2874 500 2939 Θεοφ.
539 2871 599 2925 Ei
631 2872 686 2926 δὲ
716 2875 781 2928 τά
816 2877 915 2945 μὲν
943 2880 1123 2935 αὐτῶν
1149 2885 1364 2951 κτιστά,
1401 2887 1469 2938 13.
1497 2889 1542 2940 δ’
1571 2890 1822 2955 ἄκτιστα,

237 2957 287 3015 ὦ
325 2964 534 3033 χρηστὲ
583 2966 838 3035 Θεότιμε,
890 2970 1148 3042 ὑπάρχει,
1197 2978 1290 3030 καὶ
1320 2979 1593 3050 διαφόρων
1631 2984 1824 3038 οὐσιῶν

234 3058 384 3110 ἐστι.

317 3149 485 3199 Θεότ.
523 3149 644 3212 Πῶς
667 3150 776 3221 γάρ
803 3152 901 3217 οὓς

316 3241 499 3306 Θεοφ.
537 3241 800 3295 Πολύθεοι
825 3245 913 3314 ἄρ’
937 3245 1010 3306 ὡς
1037 3249 1252 3318 ἀληθῶς
1277 3255 1324 3305 οἱ
1348 3256 1500 3309 ταῦθ’
1525 3258 1669 3314 οὕτω
1694 3262 1826 3316 διαι-

234 3326 475 3397 ροῦντες
527 3324 694 3385 οὗτοι.
734 3335 905 3387 Ὅταν
959 3338 1003 3390 δ’
1057 3341 1214 3404 αὖθις
1260 3348 1456 3399 ταυτὸν
1513 3354 1824 3408 παντάπασι

230 3419 510 3474 τιθῶνται
543 3425 607 3492 τῇ
661 3426 989 3497 κρυφιότητι
1023 3429 1121 3498 τὴν
1167 3431 1430 3500 ἔκφανσιν
1463 3439 1556 3490 καὶ
1587 3444 1652 3510 τῇ
1706 3445 1826 3496 ἀκι-

232 3512 413 3582 νησίᾳ
445 3515 540 3565 καὶ
571 3517 896 3586 μονιμότητι
932 3523 1031 3590 τὴν
1064 3525 1312 3594 πρόοδον,
1344 3528 1438 3579 καὶ
1469 3533 1531 3599 τῇ
1560 3533 1825 3607 ἀμεθεξίᾳ

229 3607 346 3670 τὴν
388 3607 546 3661 Θείαν
588 3610 811 3678 μέθεξίν
857 3629 918 3665 τε
948 3616 1041 3666 καὶ
1094 3618 1417 3687 μετάληψιν,
1449 3626 1642 3676 ταυτὸν
1675 3627 1718 3679 δ’
1746 3631 1824 3680 εί-

231 3702 366 3750 πεῖν
399 3702 464 3768 τῇ
515 3701 611 3753 τοῦ
648 3701 785 3756 Θεοῦ
814 3704 973 3776 οὐσίᾳ
1009 3707 1104 3776 τὴν
1146 3709 1298 3764 θείαν
1333 3714 1490 3782 χάριν
1537 3720 1632 3771 καὶ
1680 3721 1827 3788 ἐνέρ-

229 3809 424 3859 γειαν,
491 3794 840 3862 καταληπτὸν
895 3800 1084 3867 σαφῶς
1134 3804 1451 3859 παντάπασι
1482 3811 1713 3864 τίθενται
1767 3815 1824 3865 τὸ

231 3884 413 3946 θεῖον,
445 3881 473 3946 δ
506 3883 605 3952 τῆς
635 3882 927 3948 πολυθεῖας
955 3889 1054 3941 οὐκ
1078 3890 1297 3946 ἔλαττόν
1325 3897 1440 3949 ἐστι
1473 3901 1660 3952 κακόν·
1692 3904 1825 3957 ἀλλὰ

229 3974 417 4026 ταῦτα
464 3975 564 4043 μὲν
604 3977 978 4047 ἀποχρώντως
1005 3980 1098 4034 νῦν
1134 3986 1268 4054 ἡμῖν
1298 3989 1550 4059 εἰρῆσθαι
1599 3994 1694 4047 καὶ
1729 3996 1826 4048 αὐ-

229 4066 330 4126 τὸς
360 4066 446 4130 ἂν,
480 4063 658 4133 οἶμαι,
695 4071 884 4139 φαίης.

316 4156 486 4208 Θρότ.
524 4156 633 4224 Οὐχ
689 4157 892 4226 ἥκιστα
928 4161 1027 4228 μὲν
1075 4162 1170 4216 οὖν
1219 4167 1310 4219 καὶ
1363 4170 1501 4237 πρὸς
1539 4173 1824 4243 ἀκρίϐειαν

229 4248 266 4298 ἀ
279 4244 508 4311 σφαλῶς
541 4252 635 4299 καὶ
667 4249 928 4312 εὐσεϐῶς.

315 4339 499 4405 Θεοφ.
540 4338 750 4392 Ἐκεῖνο
797 4341 843 4393 δ’
896 4344 1132 4399 ἐνταῦθα
1171 4348 1264 4401 τοῦ
1302 4350 1460 4418 λόγου
1515 4358 1822 4424 γενομένοις

228 4431 631 4499 διευκρινῆσαι
657 4434 980 4502 ἀναγκαῖον.

320 4522 493 4576 Θεότ.
527 4524 685 4576 Ποῖον
715 4524 907 4595 δήποτ’
931 4528 1019 4598 ἄρ’
1045 4531 1259 4600 ἐκεῖνο;

316 4614 493 4680 Θεοφ.
525 4612 652 4675 Πῶς
685 4630 852 4682 φησιν
885 4618 912 4667 ὁ
943 4616 1052 4669 τῶν
1085 4621 1406 4675 ἀποστόλων
1438 4629 1734 4696 κορυφαῖος
1767 4632 1824 4681 ὲν

228 4708 304 4774 τῆ
339 4705 572 4775 δευτέρᾳ
621 4706 729 4759 τῶν
767 4708 1119 4775 Ἐπιστολῶν,
1163 4731 1181 4762 ι
1225 4714 1343 4768 Ἵνα
1387 4718 1616 4786 γένησθε
1675 4722 1827 4782 θείας

230 4797 497 4851 κοινωνοὶ
526 4798 760 4866 φύσεως.
808 4819 825 4851 ι
870 4801 1029 4854 Ἀλλὰ
1060 4804 1155 4855 καὶ
1199 4805 1227 4855 ὁ
1260 4807 1418 4874 σοφὸς
1450 4807 1519 4860 τὰ
1555 4810 1670 4862 θεῖα
1703 4813 1826 4864 Mdv

231 4891 447 4956 ξιμος·
489 4907 508 4940 ε
550 4890 642 4952 Et;
684 4890 843 4944 τοῦτο
913 4892 1062 4962 ἡμᾶς
1116 4897 1418 4966 πεποίηκεν
1449 4902 1477 4952 ὁ
1530 4901 1684 4965 Θεὸς,
1742 4903 1829 4956 ἵνα

228 4974 538 5044 γενώμεθα
554 4976 704 5041 θείας
722 4983 971 5033 κοινωνοὶ
1000 4983 1213 5050 φύσεως
1237 4986 1332 5038 καὶ
1355 4988 1454 5055 τῆς
1478 4989 1641 5041 αὐτοῦ
1670 4991 1832 5043 ἀΐδιό-

231 5084 410 5138 τητος
443 5069 682 5138 μέτοχοι.
731 5089 749 5122 ι
800 5071 859 5124 ὐ
888 5072 943 5124 δὲ
974 5073 1196 5144 Νύσσης
1227 5076 1366 5141 θεῖος
1403 5081 1664 5149 πρόεδρος
1690 5083 1832 5152 Γρη-

231 5161 458 5228 γόριος,
493 5178 513 5210 r
549 5160 772 5225 Σκεῦος,
816 5164 971 5233 φησὶ,
1005 5167 1102 5234 τῆς
1150 5169 1377 5237 ἐκλογῆς
1415 5171 1563 5237 ἆπαξ
1603 5175 1828 5243 γενόμε-

235 5267 337 5311 νος
364 5249 578 5311 ὁ,θεῖος
610 5249 844 5317 Παῦλος,
881 5249 1031 5319 οἶκος
1083 5257 1472 5327 περιληπτικὸς
1510 5263 1608 5331 τῆς
1639 5266 1833 5333 ἀπερι-

234 5341 458 5407 λήπτου
492 5337 686 5406 γέγονε
715 5341 954 5405 φύσεως.
996 5364 1015 5396 ι

325 5428 496 5482 Θεότ.
531 5427 603 5482 Εὖ
637 5447 719 5482 σοι
753 5433 988 5500 γένοιτο,
1022 5435 1314 5503 Θεόφανες,
1357 5439 1433 5512 μὴ
1464 5442 1596 5511 πρὸς
1627 5444 1830 5499 ἐπίδει-

239 5523 336 5587 ξιν
370 5519 565 5582 ἁπλῶς
592 5521 729 5591 μηδέ
763 5524 900 5592 πρὸς
932 5524 990 5576 τὸ
1021 5528 1230 5580 πείθειν
1286 5533 1414 5593 τοὺς
1445 5534 1829 5602 ἀκροωμένους

240 5609 573 5676 ποιουμένῳ
629 5610 728 5680 τὴν
779 5610 1040 5679 διάλεξιν,
1099 5616 1232 5671 ἀλλὰ
1280 5619 1415 5685 προς
1467 5622 1668 5694 ἀκριὸἦ
1730 5629 1830 5698 τῆς

329 5783 664 5846 ³111“ιιι·.ι,
707 5784 753 5835 1.

1934 605 2081 658 denti
2118 605 2520 661 dissertatione.

2009 695 2190 749 T/ieot.
2252 698 2467 752 Dicisne
2521 699 2889 766 operationem
2948 699 3093 753 aliud
3165 713 3287 753 esse
3341 715 3502 766 quam

1932 791 2222 844 essentiam
2255 831 2268 852 ,
2305 800 2564 860 tanquam
2599 792 2665 844 ab
2696 791 2810 861 ipsa
2841 793 3132 855 diversam,
3167 793 3234 845 ab
3262 807 3326 845 ea
3375 806 3504 844 vero

1936 881 2375 948 illSt‘pal‘ﬂitiICIIl?

2009 971 2231 1034 TneOph.
2279 973 2431 1026 Sicut
2491 987 2721 1041 persona
2749 972 3019 1036 discrepat
3051 970 3117 1024 ab
3150 976 3407 1024 essentia:
3435 973 3503 1024 ab

1936 1059 2034 1114 hac
2075 1063 2216 1115 enim
2281 1072 2568 1130 utrumque
2601 1059 3006 1116 tantumdiﬂ'crt
3030 1069 3294 1128 quantum
3321 1060 3500 1113 dissu-

1935 1162 2026 1204 nat
2062 1155 2298 1207 nominis
2328 1155 2675 1222 signiﬁcatio.

2008 1245 2189 1299 Theot.
2231 1245 2369 1299 Num
2404 1247 2565 1315 igitur
2592 1256 2643 1299 et
2671 1245 3042 1315 operationem
3070 1261 3187 1300 esse
3215 1260 3502 1315 personam

1938 1337 2271 1390 arbitraris?

2010 1428 2239 1496 Tlteoph.
2286 1429 2477 1482 Absit:
2516 1430 2663 1484 nulla
2711 1429 2855 1482 enim
2897 1429 3083 1483 talium
3126 1429 3502 1497 operationum

1933 1531 2015 1573 est
2049 1522 2376 1589 hypostasis.
2426 1521 2475 1573 id
2515 1531 2617 1584 est,
2658 1538 2753 1590 per
2786 1537 2844 1573 se
2887 1522 3213 1585 subsistens,
3273 1531 3330 1575 ut
3370 1521 3507 1573 dixit

1935 1629 2163 1680 magnus
2197 1615 2450 1666 Basilius.

2010 1705 2188 1758 Thcot.
2257 1709 2322 1757 At
2382 1721 2476 1769 per
2536 1706 2674 1758 hanc
2723 1708 3100 1774 operationem
3158 1706 3295 1761 dicis
3337 1705 3505 1759 Deum

1935 1797 2330 1849 communit-ari
2373 1799 2851 1864 partieipantibns.

1999 1887 2230 1955 Theoph.
2271 1886 2458 1952 Quo-ad
2501 1890 2612 1941 liet'i
2649 1900 2846 1957 potest.

2003 1980 2185 2035 Tlmot.
2225 1979 2285 2034 Et
2322 1983 2554 2035 essentia
2580 1983 2829 2036 eumdem
2857 1982 3024 2037 Deum
3053 1997 3174 2037 esse
3205 1999 3508 2038 tucommu-

1928 2073 2238 2126 nicabilem.

2003 2166 2232 2231 Theoph.
2281 2164 2516 2233 Optime.

2000 2255 2183 2309 T/tcot.
2223 2255 2357 2310 Vere
2392 2255 2584 2309 deliria
2639 2267 2764 2309 sunt
2795 2271 2982 2310 eorum
3019 2266 3208 2311 contra
3251 2273 3347 2312 vos
3391 2275 3507 2312 ser-

1927 2363 2141 2403 mones.
2168 2347 2454 2413 Quomodo
2483 2349 2629 2403 enim
2660 2347 2800 2401 alius
2826 2348 2926 2402 erit
2954 2349 3118 2412 idem,
3149 2359 3201 2404 et
3228 2352 3503 2419 quomodo

1929 2441 2124 2494 iterum
2177 2440 2404 2493 omnino
2455 2440 2759 2494 consimilis
2812 2441 2915 2493 erit
2967 2442 3332 2495 imtnohililati
3383 2459 3507 2509 pro-

1929 2531 2128 2592 cessio,
2163 2530 2772 2584 incommunicahilitati
2827 2532 3194 2600 participatio,
3229 2544 3284 2588 et
3333 2535 3506 2599 impn.

1928 2620 2282 2674 netrabilitati
2327 2619 2750 2675 maniiestatio?
2787 2620 2911 2675 "me
2944 2624 3088 2676 enim
3127 2625 3269 2678 inter
3300 2642 3359 2679 se
3395 2627 3506 2678 dis-

1926 2726 2149 2780 crepare
2184 2725 2407 2764 necesse
2452 2719 2567 2774 est,
2602 2712 2694 2765 sed
2734 2722 3014 2781 nequeunt
3062 2715 3280 2770 diversa
3338 2715 3504 2769 simul

1925 2803 2210 2866 exsistere,
2246 2803 2291 2856 si
2325 2803 2433 2855 sint
2462 2802 2724 2856 iucreata.

1999 2896 2228 2964 Theoph.
2268 2894 2326 2948 Si
2362 2904 2542 2947 autem
2575 2909 2762 2948 eorum
2796 2894 2900 2948 alia
2940 2908 3068 2950 sunt
3099 2908 3282 2952 creata
3311 2906 3364 2952 et
3396 2899 3500 2953 alia

1927 2989 2192 3054 int-reata,
2230 2986 2554 3041 citatissime
2585 2973 2892 3053 Theotime,
2920 2989 3292 3054 exsistunt,ac
3321 2990 3501 3045 diver-

1930 3095 2020 3133 sas
2057 3080 2257 3133 habent
2289 3078 2574 3132 essentias.

1999 3171 2175 3224 T/ieot.
2214 3172 2324 3225 Cur
2354 3172 2507 3224 non?

2006 3262 2236 3332 Thcoph.
2278 3263 2521 3333 Polythei
2551 3273 2680 3318 sunt
2711 3265 2874 3333 igitur
2903 3263 2991 3318 isti
3024 3265 3114 3332 qui
3146 3264 3260 3317 haec
3290 3267 3364 3317 ita
3396 3264 3507 3317 dis-

1931 3365 2184 3422 cerpunt.
2219 3355 2356 3408 Cum
2389 3366 2614 3409 econtra
2644 3358 2868 3410 omnino
2906 3356 3213 3410 assimilant
3250 3357 3508 3409 manifes-

1931 3447 2191 3500 tationem
2226 3447 2751 3514 impenetrabilitati,
2793 3448 3159 3500 immobilitati
3198 3461 3261 3501 ac
3293 3463 3507 3514 perma-

1933 3539 2128 3592 nentia!
2185 3539 2587 3608 procesciionem
2620 3581 2632 3602 ,
2686 3548 2851 3608 atque
2903 3540 3504 3593 incommunicabilitati

1930 3631 2166 3684 divinam
2247 3631 2800 3684 communicationem
2878 3639 2930 3684 et
2995 3632 3503 3700 participationem.

1931 3721 2188 3789 idemque
2226 3722 2434 3790 pariter
2466 3720 2672 3775 faciunt
2702 3720 2792 3774 Dei
2838 3721 3140 3775 essentiam
3174 3737 3237 3775 ac
3266 3722 3503 3775 divinam

1932 3813 2164 3878 gratiam
2197 3821 2250 3864 et
2276 3811 2672 3877 Operationem,
2705 3811 3254 3880 comprehensibilem
3287 3811 3508 3863 eviden-

1933 3901 2141 3956 tissime
2173 3902 2380 3956 faciunt
2414 3902 2604 3963 llemn,
2637 3904 2782 3971 quutl
2829 3917 2934 3955 non
2969 3912 3050 3956 est
3081 3904 3264 3956 minus
3300 3902 3500 3956 malum

1930 4009 2095 4062 quam
2142 3995 2695 4064 polytheismus;sed
2751 3995 2861 4048 ΙηΡο
2891 3994 3223 4048 suﬂicienter
3269 4010 3299 4048 a
3349 3996 3504 4048 nobis

1928 4089 2212 4154 explanata
2250 4098 2306 4140 tu
2343 4086 2478 4155 ipse,
2512 4097 2662 4153 puto,
2699 4085 2868 4138 dices.

2004 4179 2188 4231 Tlteot.
2234 4178 2298 4229 Et
2333 4178 2550 4243 quidem
2582 4193 2705 4230 cum
2744 4180 2979 4229 maxima
3012 4187 3063 4230 et
3091 4176 3504 4232 accuratissima

1931 4269 2190 4322 ﬁdelitate
2220 4283 2282 4321 ac
2308 4269 2527 4336 pietate.

2001 4359 2232 4425 Theoph.
2278 4357 2332 4413 Id
2387 4370 2570 4412 autem
2634 4360 2739 4411 hue
2784 4357 3056 4413 sermonis
3094 4357 3506 4413 dcvenientibus

1928 4450 2214 4512 diligenter
2241 4459 2325 4504 est
2352 4451 2796 4504 exatninatnlum.

1857 4551 1900 4606 υ
2002 4538 2181 4594 Theot.
2219 4539 2486 4605 Quidnam
2523 4540 2730 4607 igitur?

2001 4631 2232 4697 Theoph.
2275 4631 2429 4696 Quod
2457 4631 2592 4684 dicit
2622 4631 2877 4698 princeps
2907 4630 3276 4698 apostolorum
3320 4630 3372 4682 in
3411 4645 3501 4684 se-

1931 4723 2109 4777 cunda
2142 4722 2378 4791 Epistola
2411 4741 2425 4778 :
2462 4740 2479 4772 ι
2523 4721 2592 4776 Ut
2643 4723 2952 4776 elﬁciamini
2984 4723 3179 4776 divina:
3221 4734 3504 4778 consortes

1933 4825 2140 4869 natura:
2167 4816 2208 4869 '.
2250 4834 2269 4867 ι
2304 4814 2371 4869 ΕΙ.
2395 4815 2615 4883 sapiens
2639 4816 2691 4866 in
2726 4815 2931 4871 divinis
2961 4815 3269 4869 Maximus:
3311 4832 3328 4865 ι
3379 4815 3506 4867 Ideo

1932 4919 2035 4958 nos
2067 4905 2195 4958 fecit
2230 4904 2393 4969 Deus,
2425 4913 2483 4957 ut
2513 4900 2813 4958 elliciamur
2850 4905 3049 4959 divina
3099 4915 3383 4958 consortes
3413 4921 3509 4957 na-

1937 5007 2071 5049 tura;
2114 5005 2167 5049 et
2223 4995 2339 5061 ejus
2397 4996 2716 5050 wternitatis
2776 4997 3088 5066 participes.
3144 5013 3162 5045 ι
3219 4998 3296 5049 Ac
3341 4997 3501 5049 divus

1935 5087 2119 5158 Nyssae
2154 5090 2382 5144 antistes
2415 5090 2712 5159 Gregorius
2741 5105 2755 5142 :
2811 5108 2829 5141 ‹
2872 5090 2976 5144 Vas
3010 5089 3292 5145 electionis
3340 5091 3506 5144 semel

1934 5175 2110 5231 factus
2133 5178 2290 5233 divus
2310 5179 2526 5243 Paulus,
2544 5181 2741 5233 domus
2757 5179 3272 5246 comprehensibilis
3297 5180 3507 5234 incom-

1936 5269 2321 5336 prehensibilis
2355 5281 2560 5325 natura;
2595 5270 2823 5326 effectus
2858 5279 2963 5326 est.
3006 5289 3024 5320 ι

2000 5443 2176 5498 ΤΙιεοι.
2221 5447 2364 5501 Bene
2422 5449 2517 5502 tibi
2566 5449 2658 5515 sit,
2694 5450 3078 5517 Theophanes,
3126 5453 3218 5518 qui
3273 5465 3386 5502 non
3439 5451 3505 5505 ad

1927 5537 2265 5605 arguendum
2315 5539 2663 5593 solummodo
2699 5555 2797 5593 nee
2832 5541 2896 5592 ad
2931 5539 3360 5594 convincendum
3399 5557 3498 5594 au-

1929 5628 2132 5684 ditores
2175 5631 2426 5697 disseris,
2465 5633 2557 5687 sed
2590 5633 2653 5686 ad
2691 5642 3006 5688 accuratam
3040 5632 3290 5688 veritatis
3342 5633 3501 5686 inda—
