4274 6452
267 415 374 476 923

1636 411 2170 475 THEOPHANES.

3411 419 3517 485 934

258 536 421 591 τερον
452 521 507 573 δὲ
543 520 789 591 δείξομεν
823 521 897 583 ὡς
942 521 1186 589 ἀνοήτως
1215 519 1531 573 παντάπασι
1566 518 1668 589 τὴν
1701 521 1836 574 ἀπο-
1866 526 1911 581 Α

1826 526 1911 581 -Α
1946 521 2444 577 demonstrabimus
2493 539 2654 593 quam
2702 525 2894 580 insane
2933 524 3007 580 illi
3051 541 3261 596 semper
3293 529 3514 597 prauam

262 613 522 682 στολικὴν
556 613 650 663 καὶ
698 614 796 675 τὰς
847 612 1117 681 πατρικὰς
1174 613 1373 664 ἐκείνοι
1430 612 1620 678 ῥήσεις
1658 610 1835 663 διατε-

256 703 412 756 λοῦσι
452 703 906 772 προϐαλλόμενοι,
939 705 1036 765 τὰς
1080 704 1370 764 κοινωνοὺς
1395 703 1540 772 ἡμᾶς
1569 702 1830 768 λεγούσας

256 794 511 862 γίνεσθαι
545 794 761 863 φύσεως
795 795 954 856 Θεοῦ,
1002 795 1076 864 μὴ
1115 796 1274 863 μόνον
1313 796 1396 847 ὅτι
1425 795 1558 863 πρὸς
1606 796 1834 863 ἀνατρο-

255 885 368 952 πὴν
395 883 489 936 τοῦ
520 884 884 952 ἀκοινώνητον
917 881 1057 938 εἶναι
1096 886 1193 937 καὶ
1225 885 1530 955 ἀμέθεκτον
1562 887 1673 948 τοῖς
1713 887 1831 938 κτί-

252 993 426 1042 σμασι
464 977 600 1028 πᾶσι
649 976 748 1048 τὴν
785 977 938 1028 Θείαν
981 977 1078 1028 καὶ
1128 979 1288 1044 φύσιν
1317 979 1412 1030 καὶ
1452 977 1661 1038 οὐσίαν,
1695 978 1832 1044 ὅπερ

249 1071 342 1123 διὰ
396 1070 579 1139 πάσης
616 1070 721 1138 τῆς
776 1071 1142 1123 θεοπνεύστου
1203 1070 1533 1141 κηρύττεται
1588 1071 1828 1141 Γραφῆςι

247 1163 370 1216 ἀλλ’
403 1165 488 1216 ὅτι
521 1163 614 1216 καὶ
658 1164 732 1226 ὡς
764 1164 919 1216 αὐτοὶ
957 1166 1186 1227 ταύταις
1233 1164 1562 1234 κεχρημένοι
1603 1164 1833 1216 διετέλε-

249 1273 374 1319 σαν,
407 1255 578 1322 αὐτὴν
612 1256 710 1324 τὴν
740 1257 963 1310 ἐκείνων
995 1256 1352 1319 ἁνασκευὰζει
1384 1256 1564 1321 δόξαν.
1597 1256 1666 1308 Σὺ
1696 1257 1760 1322 γὲ
1776 1275 1826 1323 ρ,

246 1345 276 1396 ὅ
302 1361 354 1396 τι
388 1361 520 1396 ποτε
566 1345 904 1407 δοξάζουσιν,
939 1342 1096 1397 οἶσθα
1138 1346 1248 1397 τῶν
1280 1345 1456 1398 ἄλλων
1505 1346 1821 1414 ἀκριϐέστε-

249 1453 368 1503 ρον,
414 1435 550 1488 Είπὲ
581 1435 786 1502 τοίνυν,
818 1437 954 1504 πρὸς
987 1437 1084 1505 τῆς
1115 1436 1390 1506 ἀληθείας,
1423 1438 1482 1488 ού
1520 1437 1697 1490 πάντα
1731 1437 1827 1504 μὲν

241 1528 472 1594 λέγουσι
523 1529 777 1597 μετέχειν
815 1527 909 1580 τοῦ
955 1528 1111 1591 Θεοῦ,
1144 1529 1324 1581 πάντα
1360 1529 1417 1580 δὲ
1444 1531 1512 1582 τὰ
1557 1529 1651 1581 τοῦ
1690 1528 1824 1581 Θεοῦ

244 1621 548 1688 μετέχοντα
573 1620 671 1689 τῆς
700 1619 889 1681 οὐσίας
943 1620 1194 1688 μετέχειν
1221 1619 1314 1672 τοῦ
1344 1618 1479 1671 Θεοῦ
1508 1637 1522 1685 ;
1549 1619 1624 1681 ὡς
1661 1619 1826 1689 μηδὲν

240 1711 438 1778 ἕτερον
471 1710 628 1772 ὄντος
673 1709 770 1762 τοῦ
806 1709 941 1762 Θεοῦ
977 1711 1120 1780 πλὴν
1147 1711 1337 1773 οὐσίας
1379 1711 1568 1779 μόνης,
1615 1711 1702 1765 ῐνα
1750 1710 1823 1781 μὴ

244 1803 478 1863 σύνθεος
510 1802 697 1860 αὐτοῖς
726 1802 837 1869 ειη,
882 1802 1015 1871 μηδὲ
1057 1802 1229 1854 πολλὰ
1267 1803 1334 1855 τὰ
1366 1801 1633 1869 diutam;

1940 610 2185 676 Apostoli
2239 620 2292 664 et
2342 610 2561 666 Patrum
2621 616 2781 668 verba
2827 615 3064 683 objicere
3119 626 3344 686 pergant
3394 635 3515 688 qua:

1939 713 2194 754 asserunt
2223 717 2322 756 nos
2353 701 2469 756 ﬁeri
2500 705 2694 759 divinas
2733 716 3016 761 consortes
3049 717 3280 762 naturam
3307 707 3510 763 Nedum

1940 791 2052 846 haec
2096 802 2344 849 astruaut
2382 808 2489 847 non
2546 811 2666 850 esse
2699 797 3267 854 iuconimunicabilem
3311 801 3512 869 impar-

1940 884 2378 956 ticipahilemque
2410 889 2661 944 omnibus
2688 891 2950 945 creaturis
2983 892 3220 946 divinam
3257 903 3506 947 naturam

1933 987 1984 1030 et
2041 979 2380 1044 essentiam,
2435 981 2543 1034 imo
2587 984 2750 1036 etiam
2817 1000 2939 1052 quae
2998 987 3373 1040 indesinenter
3427 989 3507 1042 illi

1937 1079 2221 1137 usurpant.
2268 1071 2438 1139 ipsam
2491 1089 2679 1127 eorum
2741 1076 2969 1129 destruit
3025 1082 3373 1132 sentcnt‘am.
3423 1081 3503 1133 Tu

1932 1161 2074 1212 enim
2103 1163 2231 1228 quid
2269 1164 2358 1216 isti
2383 1165 2677 1230 Opinentur
2709 1169 2820 1221 scis
2849 1171 3165 1223 accuratius
3196 1188 3355 1238 quam
3391 1173 3504 1224 alii.

1935 1251 2027 1306 Dic
2077 1255 2261 1322 igitur,
2317 1271 2412 1323 per
2458 1258 2740 1313 veritatem
2786 1262 3034 1325 obsecro,
3097 1279 3276 1315 nouno
3320 1263 3509 1316 dicunt

1932 1348 2114 1400 omnia
2156 1363 2278 1401 esse
2331 1349 2420 1402 Dei
2460 1353 2761 1416 consortia,
2791 1354 2858 1406 ab
2896 1356 3151 1407 omnibus
3186 1365 3365 1409 autem
3411 1355 3506 1410 Dei

1937 1439 2303 1507 participibus
2339 1442 2578 1496 divinam
2629 1447 2938 1515 participari
2993 1449 3289 1501 essentiam
3322 1449 3345 1500 ?
3384 1458 3504 1502 tau-

1930 1547 2089 1597 quam
2154 1534 2199 1586 si
2251 1534 2380 1587 nihil
2451 1545 2592 1589 esset
2651 1538 2701 1590 in
2739 1541 2843 1593 Deo
2907 1551 3101 1608 praeter
3164 1543 3502 1605 essentiam;

1927 1623 2034 1676 nisi
2091 1622 2227 1677 forte
2269 1641 2410 1680 unus
2467 1628 2694 1681 sitcum
2732 1631 2840 1683 illis
2891 1631 3034 1686 Deus
3070 1648 3167 1685 nec
3213 1632 3366 1700 plura
3393 1633 3504 1686 sint

1927 1714 2163 1767 iucreata
2190 1715 2213 1767 ?

318 1897 488 1949 Θεότ.
549 1894 708 1947 Τοῦτ’
759 1894 1021 1964 ἄντικρυς
1063 1895 1194 1947 αὑτὸ
1233 1898 1326 1948 καὶ
1390 1893 1672 1959 δοξάζουσι
1728 1897 1822 1949 καὶ
1854 1911 1897 1971 Β
2000 1895 2006 1948 Ἴ

1776 1897 1822 1949 ιὶ
1854 1911 1897 1971 Β
2000 1895 2186 1949 Theot.
2225 1895 2338 1952 Hoc
2373 1897 2548 1967 ipsum
2588 1898 2766 1967 palam
2793 1898 2988 1951 docent
3024 1913 3087 1952 ac
3117 1897 3464 1966 proﬁtentur.

238 1986 484 2055 λέγουσι.

315 2082 498 2147 Θεοςρ.
539 2078 683 2132 Ἀλλ’
720 2080 777 2131 αἱ
809 2081 1019 2149 ῥήσεις,
1056 2078 1123 2136 ἃς
1164 2078 1299 2148 πρὸς
1330 2081 1478 2147 ἡμᾶς
1507 2081 1554 2132 oi
1587 2079 1826 2132 ἀντικεί-

239 2187 399 2240 μενοι
428 2172 790 2241 προάγουσιν,
833 2170 906 2233 ὼς
948 2171 1135 2233 αὐτοῖς
1178 2170 1341 2238 δῆθεν
1372 2173 1725 2239 συνηγόρους,
1761 2172 1821 2222 ού

239 2264 408 2326 μόνον
441 2261 609 2314 τᾶλλα
662 2260 826 2315 πάνθ’
856 2259 1044 2322 ἁπλῶς
1102 2260 1220 2313 ἀλλ’
1260 2262 1380 2315 οὐδὲ
1429 2263 1640 2322 πάντας
1692 2263 1822 2324 τοὺς

235 2351 570 2423 ἀνθρώπους
602 2354 898 2413 κοινωνοὺς
919 2349 1094 2402 τελεῖν
1117 2368 1251 2420 φασι
1277 2353 1372 2420 τῆς
1401 2350 1550 2412 θείας
1583 2349 1815 2417 φύσεως,

235 2448 334 2499 καὶ
401 2444 628 2504 τούτους
683 2439 935 2509 γίνεσθαί
973 2439 1096 2492 ποθ’
1150 2438 1395 2508 ὕστερον,
1448 2439 1564 2492 ἀλλ’
1616 2440 1716 2492 οὐκ
1764 2440 1822 2502 ἐξ

235 2532 419 2602 ἀρχῆς
453 2530 723 2598 ὑπάρχειν
777 2531 1095 2591 κοινωνούς.
1135 2530 1339 2598 Πέτρος
1375 2529 1471 2597 μὲν
1507 2528 1614 2594 γὰρ
1655 2529 1682 2579 ὁ
1727 2529 1820 2580 τοῦ

232 2623 545 2695 κορυφαίου
578 2620 742 2692 χοροῦ
771 2621 879 2673 τῶν
913 2621 1230 2673 ἀποστόλων
1257 2623 1550 2688 κορυφαῖος
1591 2623 1820 2689 γράφων

227 2721 352 2779 τοῖς
411 2717 659 2785 ἰσότιμον
716 2713 945 2782 λαχοῦσι
983 2714 1187 2777 πίστιν,
1225 2710 1360 2780 πρὸς
1409 2712 1691 2765 εὐσέϐειαν
1725 2713 1818 2764 καὶ

228 2811 440 2881 ἀρετὴν
479 2807 828 2878 παρακαλεί-
870 2824 889 2856 ι
920 2805 997 2856 Δι’
1029 2798 1126 2867 ὧν,
1168 2804 1322 2870 φησὶ,
1359 2821 1376 2853 ι
1415 2803 1482 2854 τὰ
1510 2803 1664 2871 τίμια
1692 2804 1818 2871 ὑμῖν

225 2900 637 2968 ἐπαγγέλματα
683 2897 1010 2965 δεδώρηται,
1064 2896 1152 2947 ἵνα
1188 2894 1276 2946 διὰ
1325 2895 1532 2946 τούτων
1585 2894 1815 2962 γένησθε

228 2993 395 3046 θείας
438 2989 691 3044 κοινωνοὶ
721 2987 961 3056 φύσεως.
1004 3005 1022 3037 ι
1062 2987 1228 3056 Ὁρᾷς
1266 2987 1347 3038 ὃτι
1383 2985 1560 3054 δωρεά
1583 2987 1728 3037 ἐστιν
1759 2987 1817 3038 ἒν

225 3085 596 3154 ἐπαγγελίαις
629 3084 858 3150 κειμένη
887 3083 1004 3143 τοῖς
1042 3083 1182 3132 κατὰ
1215 3080 1450 3145 Χριστὸν
1479 3080 1685 3147 βιοῦσις
1723 3082 1815 3144 Τίς

224 3177 330 3234 οὖν
358 3177 760 3246 ἐπαγγέλλεταί
799 3193 904 3228 τινι
933 3177 1003 3228 τὰ
1055 3173 1325 3241 προσόντα
1357 3175 1523 3225 πᾶσιν
1567 3174 1630 3223 ἐκ
1662 3175 1814 3239 γενέ-

2001 2080 2230 2149 Tlieopli.
2267 2082 2335 2135 At
2353 2081 2512 2133 verba
2539 2095 2660 2148 qua:
2679 2080 2838 2134 nobis
2866 2079 3165 2134 adversarii
3200 2088 3499 2147 opponunt,

1925 2181 2182 2241 tanquam
2239 2172 2340 2225 sibi
2394 2172 2650 2236 faventia,
2676 2187 2783 2225 non
2818 2172 2979 2224 modo
3009 2187 3116 2224 non
3146 2181 3339 2224 caetera
3380 2187 3501 2222 om-

1926 2264 2040 2328 nia,
2069 2264 2160 2318 sed
2204 2279 2268 2317 ne
2313 2279 2504 2318 omnes
2536 2262 2754 2331 quidem
2795 2263 3043 2315 homines
3076 2269 3330 2314 asserunt
3364 2259 3502 2314 etliei

1923 2356 2120 2409 divinae
2154 2365 2439 2408 consortes
2467 2365 2701 2416 naturae,
2727 2365 2778 2407 et
2812 2355 2909 2406 hos
2938 2353 3102 2406 etiam
3141 2361 3502 2420 postremum,

1926 2445 2068 2498 haud
2106 2445 2174 2497 ab
2215 2444 2371 2497 initio
2418 2444 2533 2497 ﬁeri
2561 2444 2869 2512 participes.
2903 2441 3036 2495 Nam
3077 2442 3270 2495 Petrus
3303 2441 3500 2510 regalis

1924 2536 2291 2606 aposmlorum
2330 2537 2482 2588 chori
2521 2537 2798 2604 princeps,
2833 2535 3083 2588 scribens
3127 2535 3193 2588 iis
3229 2536 3321 2602 qui
3355 2549 3500 2587 come

1923 2626 2136 2696 qualem
2164 2626 2343 2679 sortiti
2375 2635 2502 2681 sunt
2540 2626 2723 2689 tidem,
2758 2624 2823 2678 ad
2865 2625 3117 2691 pietatem
3154 2634 3204 2676 et
3243 2625 3496 2677 virtutem

1922 2735 2015 2773 eos
2053 2719 2304 2771 hortatur
2334 2735 2348 2771 :
2392 2737 2409 2768 ι
2441 2718 2670 2786 Propter
2697 2732 2836 2787 quae,
2868 2736 2885 2768 ι
2917 2719 3013 2779 ait,
3036 2735 3052 2768 ι
3081 2720 3310 2785 pretiosa
3344 2717 3498 2770 vol-is

1921 2807 2189 2879 promissa
2225 2811 2424 2863 donata
2463 2818 2613 2873 sunt,
2660 2818 2719 2862 ut
2765 2825 2860 2877 per
2910 2810 3022 2862 hac
3073 2808 3383 2861 eﬂiciamini
3411 2809 3496 2860 di-

1923 2901 2057 2952 vina:
2085 2911 2370 2953 consortes
2401 2908 2628 2954 naturae.
2669 2918 2687 2950 ι
2719 2899 2877 2953 Vides
2909 2902 3190 2967 premium
3224 2914 3343 2953 esse
3370 2913 3500 2966 pro-

1920 2991 2148 3044 missum
2180 2990 2249 3044 iis
2287 2991 2378 3057 qui
2424 2991 2724 3044 secundum
2765 2991 3044 3043 Christum
3086 2989 3323 3042 vivunt?
3359 2989 3494 3052 Quis

1919 3095 2099 3137 autem
2127 3085 2289 3138 alicui
2326 3084 2615 3152 pollicetur
2649 3084 2793 3151 quod
2826 3084 2966 3138 inest
2996 3085 3248 3137 omnibus
3277 3087 3346 3137 ab
3373 3084 3490 3152 ipsa

1918 3175 2170 3242 origine?
2228 3176 2310 3228 Di\
2330 3191 2392 3229 us
2439 3185 2617 3229 autem
2667 3175 2972 3229 Maximus:
3014 3194 3032 3226 ι
3079 3174 3226 3238 Ideo,
3281 3175 3486 3243 inquit,

224 3290 376 3335 σεως
407 3289 423 3338 ;
469 3272 526 3324 Ὀ
553 3271 610 3323 δὲ
639 3270 782 3330 θεῖος
812 3269 1087 3336 Μάξιμος,
1125 3285 1144 3316 ι
1183 3267 1274 3326 Ei;
1308 3264 1483 3329 τοῦτο,
1524 3267 1676 3334 φησι,
1715 3282 1808 3317 πε-
1843 3248 1884 3304 c

1805 3296 1808 3305 ι
1843 3248 1884 3304 c
1925 3283 2022 3321 nos
2054 3268 2182 3321 fecit
2217 3269 2377 3328 Deus,
2415 3278 2474 3320 ut
2506 3268 2805 3321 etliciamur
2842 3269 3039 3321 divinae
3079 3279 3365 3324 consortes
3395 3284 3493 3324 ua-

222 3366 470 3435 ποίηκεν
493 3363 639 3432 ἡμᾶς
679 3363 706 3413 ὁ
730 3361 887 3424 Θεὸς,
928 3361 1015 3412 ἵνα
1055 3357 1345 3426 γενώμεθα
1385 3356 1534 3417 θείας
1564 3359 1810 3409 κοινωνοὶ¹

221 3459 478 3527 φύσεως.
525 3474 543 3505 ι
589 3455 677 3516 Ὠς
728 3453 828 3505 οὐκ
874 3451 1026 3513 ὄντες
1065 3451 1174 3518 ἄρα
1212 3449 1505 3517 πρότερον,
1559 3448 1666 3500 οὐδ’
1695 3449 1810 3516 ἅμα

217 3552 296 3618 τῇ
331 3548 548 3613 γενέσει
588 3547 686 3598 καὶ
713 3547 966 3598 κοινωνοὶ
1001 3543 1364 3611 πεποιημένοι
1397 3541 1622 3610 ταύτης.
1663 3541 1722 3594 '0
1753 3543 1810 3594 δὲ

220 3642 376 3701 θεῖος
437 3639 652 3700 Παῦλος
692 3637 791 3704 οὐχ
833 3637 923 3687 ὅτε
965 3634 1038 3702 μὴ
1074 3633 1267 3692 πιστὸς
1314 3633 1494 3700 μόνον,
1529 3631 1668 3684 ἀλλὰ
1715 3631 1810 3683 xui.

223 3732 485 3802 μιμητὴς
512 3732 707 3797 γέγονε
738 3726 997 3798 Χριστοῦ,
1030 3727 1126 3793 τῆς
1177 3725 1556 3794 ἀπεριλήπτου
1594 3724 1810 3792 φύσεως

217 3823 382 3886 οἶκος
443 3823 818 3892 ὲχρημὰτισε;
877 3820 985 3870 Ποῦ
1043 3819 1220 3870 τοίνυν
1278 3820 1415 3868 εἰσὶν
1463 3819 1510 3868 οἱ
1561 3819 1628 3868 τὰ
1681 3817 1808 3868 ὄντα

220 3918 414 3970 πάντα
443 3914 725 3966 κοινωνεῖν
755 3912 1005 3979 λέγοντες
1046 3911 1235 3978 αὐτῆς,
1283 3910 1402 3960 ἐπεὶ
1445 3912 1616 3961 πάντα
1647 3909 1809 3976 μεεέ-

217 4023 318 4079 χει
351 4007 448 4059 τοῦ
476 4005 611 4056 Θεοῦ
641 4023 654 4069 ;

309 4100 477 4150 escit.
537 4098 883 4166 Ἐῥρέτωσαν
914 4090 1059 4147 οὗτοι
1109 4090 1488 4161 παιδαριώδεις
1512 4092 1619 4159 γᾶρ
1658 4092 1811 4153 ὅντες

217 4192 329 4259 τὴν
370 4191 639 4252 διάνοιαν,
695 4186 934 4238 νεανικοὶ
995 4185 1051 4235 δὲ
1100 4185 1198 4253 τὴν
1250 4185 1533 4235 ἀπείθειαν
1575 4183 1668 4233 καὶ
1709 4185 1808 4250 τὴν

217 4284 537 4343 ἀναίδειαν,
560 4283 676 4342 ταῖς
711 4281 929 4347 φρεσὶν,
962 4277 1037 4339 ὡς
1070 4278 1266 4341 ἔοικεν,
1294 4277 1406 4328 ἀλλ’
1435 4277 1496 4327 οὐ
1521 4279 1585 4344 τῇ
1619 4277 1807 4346 κακίᾳ,

215 4372 614 4442 νηπιαζουσιν.
675 4369 818 4436 Ἐγὼ
853 4371 899 4422 δ’
929 4368 1086 4438 οἶμαι
1133 4370 1365 4439 συνορᾷν
1409 4369 1471 4420 ὲκ
1511 4366 1618 4419 τῶν
1659 4370 1812 4438 είρη-

217 4469 417 4539 μένων
445 4465 562 4528 νῦν,
594 4467 743 4526 ὅπως
776 4463 873 4516 καὶ
909 4462 1173 4530 μεθεκτὸς
1215 4463 1310 4514 καὶ
1339 4462 1642 4528 ἁμέθεκτος
1667 4456 1807 4513 εἶναι

212 4562 452 4626 λέγεται
484 4557 607 4610 κατ’
640 4557 829 4608 οὐσίαν
863 4557 891 4607 ὁ
925 4556 1081 4617 Θεὸς.

300 4653 485 4718 Θεοφ.
555 4648 863 4717 Ἐξήγησαι
921 4647 1125 4712 τοίνυν,
1169 4646 1198 4699 δ
1240 4647 1527 4717 τυγχάνεις
1566 4645 1808 4700 διανοούο

213 4760 290 4815 με
299 4759 416 4804 νος.

294 4831 469 4884 Θεότ.
518 4828 740 4898 Ἐπειδὴ
780 4829 894 4889 τοῖς
930 4826 1106 4892 ἁγίοις
1140 4825 1324 4894 μόνοις
1349 4824 1558 4877 δέδοται
1611 4840 1806 4876 κοινω-

206 4924 350 4983 νοῦς
394 4920 495 4988 τῆς
526 4918 680 4980 θείας
715 4918 933 4986 φύσεως
957 4917 1153 4977 τελεῖν,
1186 4918 1298 4978 τοῖς
1331 4916 1431 4985 μὲν
1461 4916 1639 4976 ἄλλοις
1670 4916 1806 4984 ἁμέ-

208 5014 425 5065 θεκτον
472 5009 708 5078 ἐροῦμεν
740 5009 840 5076 τὴν
873 5008 1064 5060 οὐσίαν
1103 5024 1160 5059 τε
1196 5010 1286 5062 καὶ
1318 5007 1481 5073 φύσιν
1506 5006 1600 5058 τοῦ
1628 5005 1760 5056 Θεοῦ
1788 5021 1802 5036 ο

206 5106 333 5162 τοῖς
370 5101 433 5154 δὲ
487 5099 889 5171 εύηρεστηκόσι
930 5100 1104 5164 τούτῳ
1156 5098 1446 5165 μεθεκτὴν,
1487 5097 1720 5164 μάλιστα
1745 5095 1802 5148 δὲ

206 5194 369 5249 κατὰ
401 5192 503 5258 τὴν
552 5190 859 5260 μέλλουσαν
891 5192 1110 5257 ἐκείνην
1149 5187 1323 5256 λῆξιν,
1359 5187 1615 5257 καὶπρὸς
1654 5185 1800 5237 τοῦτ’

209 5283 312 5354 ἄρ’
347 5283 482 5333 αὑτὸ
513 5282 736 5332 κάκείνο
773 5279 928 5346 φέρει
971 5279 1030 5330 τὸ
1076 5277 1370 5348 εἰρημένον
1398 5276 1684 5344 Γρηγορίῳ
1721 5274 1801 5342 τῷ

207 5379 322 5446 τῆς
348 5371 632 5436 θεολογίας
655 5369 949 5438 ἐπωνύμῳο
983 5387 1000 5419 ι
1030 5370 1221 5420 Ἔσται
1244 5367 1300 5420 δὲ
1324 5369 1349 5418 6
1377 5366 1506 5426 Θεὸς
1532 5367 1600 5417 τὰ
1624 5366 1801 5417 πάντα

207 5471 276 5521 ὲν
315 5467 489 5516 πᾶσιν
519 5465 577 5514 ὲν
623 5461 701 5530 τῷ
740 5462 922 5529 καιρῷ
952 5458 1054 5526 τῆς
1100 5458 1624 5517 ἀποκαταστάσεως,
1672 5459 1801 5508 ὅταν

212 5558 431 5630 μηκέτι
477 5554 650 5607 πολλὰ
678 5549 850 5623 ὦμεν,
880 5551 1071 5620 ὥσπερ
1096 5549 1209 5612 νῦν,
1260 5551 1371 5610 τοῖς
1403 5549 1668 5616 κινήμασι
1704 5548 1799 5599 καὶ

201 5655 333 5712 τοῖς
361 5647 619 5710 πάθεσιν,
645 5645 798 5697 οὐδὲν
824 5645 961 5704 ὅλως
993 5642 1126 5694 Θεὸν
1165 5642 1196 5708 ἢ
1244 5639 1425 5703 ὀλίγον
1458 5641 1513 5690 ἐν
1545 5640 1673 5705 ἡμῖν
1705 5639 1801 5690 αύ-

203 5748 332 5805 τοῖς
361 5745 652 5811 ςέροντες,
691 5737 806 5790 ἀλλ’
832 5737 953 5794 ,ὅλοι
985 5733 1263 5794 θεοειδεῖς,
1295 5731 1418 5782 ὅλου
1452 5729 1585 5781 Θεοῦ
1617 5747 1795 5799 χωρηο

205 5838 360 5888 τικοὶ
408 5834 506 5884 καί
541 5831 703 5896 μόνον
729 5843 745 5860 ο
789 5825 950 5877 τοῦτο
983 5823 1094 5890 γὰρ
1152 5823 1185 5887 ὴ
1239 5818 1516 5880 τελείωσις
1565 5819 1697 5885 πρὸς
1733 5818 1797 5884 ἦν

1917 3368 2073 3412 tui-ae.
2111 3378 2129 3410 ι
2174 3357 2413 3414 Proinde
2441 3375 2540 3413 nec
2574 3346 2792 3413 eramus
2830 3360 2999 3428 prius,
3041 3376 3140 3412 nec
3171 3360 3331 3414 simul
3361 3373 3486 3413 cum

1917 3449 2199 3502 creatione
2247 3449 2371 3502 facti
2424 3465 2614 3502 sumus
2665 3449 2814 3502 illius
2878 3448 3195 3517 participes.
3230 3449 3296 3503 Et
3330 3447 3494 3501 divus

1914 3536 2120 3592 Paulus
2155 3554 2336 3592 nonne
2388 3539 2611 3604 quando
2646 3553 2751 3591 non
2797 3537 3100 3605 discipulus
3131 3547 3363 3600 tantum,
3393 3537 3488 3591 sed

1916 3630 2159 3682 imitator
2195 3629 2371 3683 factus
2399 3639 2479 3681 est
2512 3629 2740 3686 Christi.
2777 3628 3352 3696 im-ornprebensibilis
3389 3644 3488 3681 na-

1917 3733 2050 3774 tum:
2093 3726 2286 3774 domus
2336 3721 2558 3774 ch-elus
2593 3721 2718 3773 est?
2756 3720 2859 3774 Ubi
2912 3721 3077 3787 igitur
3112 3731 3238 3773 sunt
3273 3719 3363 3786 qui
3400 3735 3488 3772 res

1913 3827 2104 3864 omnes
2145 3813 2334 3864 dicunt
2384 3827 2502 3865 esse
2553 3812 2718 3875 hujus
2775 3822 3081 3864 consortes.
3133 3810 3260 3877 quia
3295 3810 3483 3864 omnia

1915 3902 2081 3957 Deum
2106 3904 2478 3972 pariicipaut?

1983 4081 2161 4134 Theot.
2195 4080 2409 4136 Abeant
2442 4082 2552 4146 isti,
2583 4083 2821 4151 pueriles
2860 4080 3238 4150 intelligentia,
3267 4078 3481 4147 juveni-

1912 4172 1991 4227 les
2023 4174 2410 4225 incredulitate
2436 4184 2490 4225 ct
2522 4173 2772 4234 audacia,
2806 4181 2864 4226 ut
2895 4173 3058 4225 nicnti
3088 4187 3218 4225 mea:
3243 4171 3481 4234 videtur,

1912 4279 1975 4317 ac
2011 4265 2252 4332 nequitia
2306 4279 2411 4317 non
2445 4265 2676 4332 parvuli.
2711 4263 2972 4332 Equidem
3026 4278 3188 4326 nunc,
3239 4273 3294 4316 ut
3336 4263 3477 4316 arbi-

1912 4368 2047 4422 tror,
2081 4372 2143 4409 ex
2183 4356 2346 4410 dictis
2394 4356 2632 4424 intelligo
2681 4357 2956 4425 quomodo
3004 4355 3480 4410 couimunicabilis

1910 4455 1966 4500 et
1991 4446 2526 4500 incomniunicabilis
2557 4447 2796 4501 essentia
2837 4446 3058 4500 dicatur
3094 4443 3259 4499 Deus.

1983 4626 2206 4694 Theoph.
2245 4625 2339 4681 Dic
2374 4626 2536 4694 igitur
2561 4625 2688 4694 quid
2717 4624 3015 4696 intelligas.

1983 4818 2164 4873 Theot.
2199 4822 2331 4873 Cum
2390 4820 2593 4875 sanctis
2637 4822 2904 4874 duntaxat
2937 4822 3119 4876 datum
3152 4823 3223 4877 sit
3252 4839 3477 4879 consor-

1911 4920 1992 4965 tes
2024 4910 2139 4964 ﬁeri
2173 4921 2382 4965 natura:
2433 4911 2650 4974 divina},
2678 4913 2801 4967 aliis
2837 4913 3054 4981 quidem
3110 4916 3476 4972 incommuui-

1908 5003 2137 5055 cabileni
2168 5002 2413 5056 dicemus
2451 5004 2746 5056 essentiam
2779 5014 3139 5072 naturamque
3177 5006 3292 5070 Dei,
3319 5024 3472 5062 com-

1913 5093 2298 5146 municabilem
2341 5108 2468 5147 vero
2516 5094 2584 5148 iis
2617 5111 2754 5163 quos
2802 5097 2889 5150 hic
2919 5097 3116 5167 diligit,
3171 5101 3468 5169 praesertim

1906 5179 2085 5247 quoad
2118 5180 2356 5233 futuram
2387 5181 2799 5245 beatitudinem,
2834 5183 2993 5252 idque
3023 5186 3199 5253 ipsum
3234 5188 3472 5242 innuunt

1908 5273 2021 5323 haec
2046 5271 2206 5323 verba
2234 5270 2474 5339 Gregorii
2505 5273 2590 5324 cui
2621 5287 2918 5341 COgnomen
2940 5271 3248 5345 Tbeologus
3272 5293 3285 5328 :
3311 5297 3327 5326 ι
3356 5275 3471 5330 Erit

1907 5370 2088 5414 autem
2123 5359 2265 5414 Deus
2301 5362 2482 5414 omnia
2516 5365 2568 5414 in
2610 5365 2863 5416 omnibus
2893 5363 3303 5418 iustaurationis
3332 5376 3471 5419 tein-

1905 5467 2057 5520 pore,
2087 5469 2254 5519 (ιιιιιιη
2290 5453 2401 5520 jam
2446 5469 2548 5505 non
2595 5453 2806 5506 erimus
2853 5454 2997 5506 sicut
3032 5471 3174 5508 nunc
3214 5457 3469 5524 discerpti

1907 5542 2370 5595 commotionibus
2412 5553 2464 5594 et
2499 5543 2917 5610 cupiditatibus,
2952 5545 3174 5596 minime
3225 5556 3317 5596 aut
3349 5561 3470 5613 per-

1909 5632 2186 5698 paululum
2244 5634 2294 5683 in
2358 5633 2515 5685 nobis
2554 5632 2717 5685 Deum
2756 5633 3020 5692 ferentes.
3085 5635 3176 5685 sed
3231 5637 3474 5687 totaliter

1912 5725 2120 5776 similes
2154 5723 2284 5784 Deo,
2323 5723 2484 5774 unius
2516 5736 2578 5774 ac
2620 5725 2786 5776 totius
2821 5723 2914 5774 Dei
2954 5737 3219 5790 capaces:
3254 5725 3367 5777 haec
3390 5734 3472 5778 est

1911 5812 2050 5874 enim
2091 5813 2301 5877 requies
2334 5816 2384 5864 in
2419 5828 2578 5879 quam
2609 5811 2811 5879 ingredi
2829 5811 3177 5868 festinamus.
3209 5815 3289 5867 Au
3329 5824 3476 5869 recte
