  <div class='ocr_page' id='page_1' title='image "/cluster/home/n/w/nwhite01/storage/ocr_20150623/150/nnc1.0022106740/482.png"; bbox 0 0 4274 6452; ppageno 0'>
   <div class='ocr_carea' id='block_1_1' title="bbox 284 354 386 421">
    <p class='ocr_par' dir='ltr' id='par_1_1' title="bbox 284 354 386 421">
     <span class='ocr_line' id='line_1_1' title="bbox 284 354 386 421; baseline 0.039 -4"><span class='ocrx_word' id='word_1_1' title='bbox 284 354 386 421; x_wconf 67' lang='grc'><strong>941</strong></span> 
     </span>
    </p>
   </div>
   <div class='ocr_carea' id='block_1_2' title="bbox 1613 357 2150 417">
    <p class='ocr_par' dir='ltr' id='par_1_2' title="bbox 1613 357 2150 417">
     <span class='ocr_line' id='line_1_2' title="bbox 1613 357 2150 417; baseline 0.004 -2"><span class='ocrx_word' id='word_1_2' title='bbox 1613 358 1713 415; x_wconf 83' lang='grc' dir='ltr'>ΤΠ</span> <span class='ocrx_word' id='word_1_3' title='bbox 1734 357 2150 417; x_wconf 63' lang='grc' dir='ltr'><strong>ΕυὶἭΛΝίίὃ.</strong></span> 
     </span>
    </p>
   </div>
   <div class='ocr_carea' id='block_1_3' title="bbox 3425 352 3534 416">
    <p class='ocr_par' dir='ltr' id='par_1_3' title="bbox 3425 352 3534 416">
     <span class='ocr_line' id='line_1_3' title="bbox 3425 352 3534 416; baseline 0.009 -1"><span class='ocrx_word' id='word_1_4' title='bbox 3425 352 3534 416; x_wconf 68' lang='grc'><strong>942</strong></span> 
     </span>
    </p>
   </div>
   <div class='ocr_carea' id='block_1_4' title="bbox 279 469 1967 540">
    <p class='ocr_par' dir='ltr' id='par_1_4' title="bbox 279 469 1967 540">
     <span class='ocr_line' id='line_1_4' title="bbox 279 469 1967 540; baseline -0.002 -18"><span class='ocrx_word' id='word_1_5' title='bbox 279 469 419 522; x_wconf 73' lang='grc' dir='ltr'>θεοῦ</span> <span class='ocrx_word' id='word_1_6' title='bbox 461 469 748 540; x_wconf 71' lang='grc' dir='ltr'>μετέχεται</span> <span class='ocrx_word' id='word_1_7' title='bbox 803 471 893 523; x_wconf 74' lang='grc' dir='ltr'>καὶ</span> <span class='ocrx_word' id='word_1_8' title='bbox 935 470 1104 523; x_wconf 74' lang='grc' dir='ltr'>ταῦτα</span> <span class='ocrx_word' id='word_1_9' title='bbox 1157 470 1306 540; x_wconf 68' lang='grc' dir='ltr'>παρὰ</span> <span class='ocrx_word' id='word_1_10' title='bbox 1357 470 1592 534; x_wconf 57' lang='lat' dir='ltr'><strong>xiv-tow,</strong></span> <span class='ocrx_word' id='word_1_11' title='bbox 1659 469 1856 536; x_wconf 74' lang='grc' dir='ltr'>μηκέτι</span> <span class='ocrx_word' id='word_1_12' title='bbox 1888 476 1967 532; x_wconf 72' lang='grc' dir='ltr'>Αι</span> 
     </span>
    </p>
   </div>
   <div class='ocr_carea' id='block_1_5' title="bbox 1842 469 3530 540">
    <p class='ocr_par' dir='ltr' id='par_1_5' title="bbox 1843 471 3530 540">
     <span class='ocr_line' id='line_1_5' title="bbox 1843 471 3530 540; baseline 0.005 -21"><span class='ocrx_word' id='word_1_13' title='bbox 1843 487 1856 519; x_wconf 86' lang='grc' dir='ltr'><strong>ι</strong></span> <span class='ocrx_word' id='word_1_14' title='bbox 1888 476 1930 532; x_wconf 73' lang='grc' dir='ltr'><strong>Α</strong></span> <span class='ocrx_word' id='word_1_15' title='bbox 1965 471 2177 538; x_wconf 76' lang='lat' dir='ltr'><strong>quidem</strong></span> <span class='ocrx_word' id='word_1_16' title='bbox 2217 471 2278 522; x_wconf 75' lang='lat' dir='ltr'><strong>ab</strong></span> <span class='ocrx_word' id='word_1_17' title='bbox 2311 474 2583 535; x_wconf 68' lang='lat' dir='ltr'><strong>omnibus,</strong></span> <span class='ocrx_word' id='word_1_18' title='bbox 2623 474 2758 524; x_wconf 76' lang='lat' dir='ltr'><strong>hanc</strong></span> <span class='ocrx_word' id='word_1_19' title='bbox 2781 472 2891 537; x_wconf 80' lang='lat' dir='ltr'><strong>jam</strong></span> <span class='ocrx_word' id='word_1_20' title='bbox 2934 487 3038 524; x_wconf 91' lang='lat' dir='ltr'><strong>non</strong></span> <span class='ocrx_word' id='word_1_21' title='bbox 3073 471 3246 527; x_wconf 87' lang='lat' dir='ltr'><strong>tribus</strong></span> <span class='ocrx_word' id='word_1_22' title='bbox 3305 485 3432 529; x_wconf 74' lang='lat' dir='ltr'><strong>tant:</strong></span> <span class='ocrx_word' id='word_1_23' title='bbox 3459 492 3530 540; x_wconf 82' lang='lat' dir='ltr'><strong>ni,</strong></span> 
     </span>
    </p>
   </div>
   <div class='ocr_carea' id='block_1_6' title="bbox 283 560 1862 634">
    <p class='ocr_par' dir='ltr' id='par_1_6' title="bbox 283 560 1862 634">
     <span class='ocr_line' id='line_1_6' title="bbox 283 560 1862 634; baseline -0.002 -22"><span class='ocrx_word' id='word_1_24' title='bbox 283 562 730 631; x_wconf 80' lang='grc' dir='ltr'>τρισυπὸστατον</span> <span class='ocrx_word' id='word_1_25' title='bbox 765 563 954 630; x_wconf 75' lang='grc' dir='ltr'>αὐτὴν,</span> <span class='ocrx_word' id='word_1_26' title='bbox 994 563 1126 616; x_wconf 67' lang='grc' dir='ltr'>ἀλλὰ</span> <span class='ocrx_word' id='word_1_27' title='bbox 1173 560 1648 634; x_wconf 75' lang='grc' dir='ltr'>μυριοῢπὸστατον</span> <span class='ocrx_word' id='word_1_28' title='bbox 1685 561 1862 628; x_wconf 67' lang='grc' dir='ltr'><strong>ὑπάρ-</strong></span> 
     </span>
    </p>
   </div>
   <div class='ocr_carea' id='block_1_7' title="bbox 283 669 424 723">
    <p class='ocr_par' dir='ltr' id='par_1_7' title="bbox 283 669 424 723">
     <span class='ocr_line' id='line_1_7' title="bbox 283 669 424 723; baseline 0.014 -19"><span class='ocrx_word' id='word_1_29' title='bbox 283 669 424 723; x_wconf 84' lang='grc' dir='ltr'>χειν.</span> 
     </span>
    </p>
   </div>
   <div class='ocr_carea' id='block_1_8' title="bbox 356 784 1861 856">
    <p class='ocr_par' dir='ltr' id='par_1_8' title="bbox 356 784 1861 856">
     <span class='ocr_line' id='line_1_8' title="bbox 356 784 1861 856; baseline -0.005 -15"><span class='ocrx_word' id='word_1_30' title='bbox 356 791 538 855; x_wconf 72' lang='grc' dir='ltr'>Θεοφ.</span> <span class='ocrx_word' id='word_1_31' title='bbox 572 788 843 841; x_wconf 75' lang='grc' dir='ltr'><strong>Μάλιστα.</strong></span> <span class='ocrx_word' id='word_1_32' title='bbox 891 787 961 838; x_wconf 84' lang='grc' dir='ltr'><strong>Τὸ</strong></span> <span class='ocrx_word' id='word_1_33' title='bbox 1003 789 1110 856; x_wconf 69' lang='grc' dir='ltr'>γὰρ</span> <span class='ocrx_word' id='word_1_34' title='bbox 1153 787 1444 838; x_wconf 65' lang='grc' dir='ltr'>ἀκόλουθον</span> <span class='ocrx_word' id='word_1_35' title='bbox 1477 784 1536 837; x_wconf 76' lang='grc' dir='ltr'>εὖ</span> <span class='ocrx_word' id='word_1_36' title='bbox 1570 785 1712 852; x_wconf 79' lang='grc' dir='ltr'>μάλα</span> <span class='ocrx_word' id='word_1_37' title='bbox 1739 801 1861 836; x_wconf 47' lang='grc' dir='ltr'>σνν-</span> 
     </span>
    </p>
   </div>
   <div class='ocr_carea' id='block_1_9' title="bbox 283 877 1863 948">
    <p class='ocr_par' dir='ltr' id='par_1_9' title="bbox 283 877 1863 948">
     <span class='ocr_line' id='line_1_9' title="bbox 283 877 1863 948; baseline -0.004 -18"><span class='ocrx_word' id='word_1_38' title='bbox 283 880 515 948; x_wconf 83' lang='grc' dir='ltr'>ήγαγες,</span> <span class='ocrx_word' id='word_1_39' title='bbox 551 878 807 946; x_wconf 78' lang='grc' dir='ltr'>ἀγχίνους</span> <span class='ocrx_word' id='word_1_40' title='bbox 851 877 945 931; x_wconf 80' lang='grc' dir='ltr'><strong>ὥν.</strong></span> <span class='ocrx_word' id='word_1_41' title='bbox 987 879 1060 929; x_wconf 82' lang='grc' dir='ltr'><strong>Τὸ</strong></span> <span class='ocrx_word' id='word_1_42' title='bbox 1088 878 1131 929; x_wconf 77' lang='grc' dir='ltr'>δ’</span> <span class='ocrx_word' id='word_1_43' title='bbox 1162 877 1242 929; x_wconf 80' lang='grc' dir='ltr'>ἔτι</span> <span class='ocrx_word' id='word_1_44' title='bbox 1274 880 1455 946; x_wconf 81' lang='grc' dir='ltr'>χεῖρον</span> <span class='ocrx_word' id='word_1_45' title='bbox 1489 877 1603 942; x_wconf 75' lang='grc' dir='ltr'>ἅμα</span> <span class='ocrx_word' id='word_1_46' title='bbox 1647 880 1738 931; x_wconf 72' lang='grc' dir='ltr'><strong>καὶ</strong></span> <span class='ocrx_word' id='word_1_47' title='bbox 1766 893 1863 925; x_wconf 83' lang='grc' dir='ltr'>πα-</span> 
     </span>
    </p>
   </div>
   <div class='ocr_carea' id='block_1_10' title="bbox 286 968 1861 1040">
    <p class='ocr_par' dir='ltr' id='par_1_10' title="bbox 286 968 1861 1040">
     <span class='ocr_line' id='line_1_10' title="bbox 286 968 1861 1040; baseline -0.001 -18"><span class='ocrx_word' id='word_1_48' title='bbox 286 968 666 1038; x_wconf 70' lang='grc' dir='ltr'>ραδοξότερον,</span> <span class='ocrx_word' id='word_1_49' title='bbox 699 973 781 1022; x_wconf 80' lang='grc' dir='ltr'>ὅτι</span> <span class='ocrx_word' id='word_1_50' title='bbox 815 970 1288 1040; x_wconf 80' lang='grc' dir='ltr'>μυριοῦπόστατον</span> <span class='ocrx_word' id='word_1_51' title='bbox 1315 970 1563 1023; x_wconf 79' lang='grc' dir='ltr'>ἐντεῦθεν</span> <span class='ocrx_word' id='word_1_52' title='bbox 1583 969 1861 1031; x_wconf 82' lang='grc' dir='ltr'>ποιοῦντες</span> 
     </span>
    </p>
   </div>
   <div class='ocr_carea' id='block_1_11' title="bbox 282 1060 1864 1131">
    <p class='ocr_par' dir='ltr' id='par_1_11' title="bbox 282 1060 1864 1131">
     <span class='ocr_line' id='line_1_11' title="bbox 282 1060 1864 1131; baseline 0.001 -19"><span class='ocrx_word' id='word_1_53' title='bbox 282 1066 335 1112; x_wconf 80' lang='grc' dir='ltr'>οἱ</span> <span class='ocrx_word' id='word_1_54' title='bbox 365 1061 748 1128; x_wconf 83' lang='grc' dir='ltr'>ἀντιλέγοντες</span> <span class='ocrx_word' id='word_1_55' title='bbox 775 1063 907 1130; x_wconf 77' lang='grc' dir='ltr'>ἡμῖν</span> <span class='ocrx_word' id='word_1_56' title='bbox 936 1060 1034 1131; x_wconf 78' lang='grc' dir='ltr'><strong>τὴν</strong></span> <span class='ocrx_word' id='word_1_57' title='bbox 1061 1060 1252 1113; x_wconf 83' lang='grc' dir='ltr'>οὐσίαν</span> <span class='ocrx_word' id='word_1_58' title='bbox 1277 1061 1372 1113; x_wconf 84' lang='grc' dir='ltr'><strong>τοῦ</strong></span> <span class='ocrx_word' id='word_1_59' title='bbox 1399 1061 1560 1124; x_wconf 85' lang='grc' dir='ltr'>Θεοῦ,</span> <span class='ocrx_word' id='word_1_60' title='bbox 1586 1062 1686 1124; x_wconf 78' lang='grc' dir='ltr'>τὰς</span> <span class='ocrx_word' id='word_1_61' title='bbox 1715 1063 1864 1126; x_wconf 85' lang='grc' dir='ltr'><strong>τρεῖς</strong></span> 
     </span>
    </p>
   </div>
   <div class='ocr_carea' id='block_1_12' title="bbox 282 1151 1862 1220">
    <p class='ocr_par' dir='ltr' id='par_1_12' title="bbox 282 1151 1862 1220">
     <span class='ocr_line' id='line_1_12' title="bbox 282 1151 1862 1220; baseline 0 -16"><span class='ocrx_word' id='word_1_62' title='bbox 282 1152 438 1210; x_wconf 76' lang='grc' dir='ltr'>θείας</span> <span class='ocrx_word' id='word_1_63' title='bbox 471 1152 802 1214; x_wconf 73' lang='grc' dir='ltr'><strong>ὑποστάσεις</strong></span> <span class='ocrx_word' id='word_1_64' title='bbox 850 1152 930 1214; x_wconf 81' lang='grc' dir='ltr'><strong>είς</strong></span> <span class='ocrx_word' id='word_1_65' title='bbox 978 1151 1108 1220; x_wconf 87' lang='grc' dir='ltr'>μίαν</span> <span class='ocrx_word' id='word_1_66' title='bbox 1137 1151 1546 1218; x_wconf 80' lang='grc' dir='ltr'>συναλείφουσι,</span> <span class='ocrx_word' id='word_1_67' title='bbox 1584 1151 1725 1205; x_wconf 78' lang='grc' dir='ltr'>κατὰ</span> <span class='ocrx_word' id='word_1_68' title='bbox 1761 1152 1862 1204; x_wconf 86' lang='grc' dir='ltr'><strong>Σα-</strong></span> 
     </span>
    </p>
   </div>
   <div class='ocr_carea' id='block_1_13' title="bbox 282 1242 1863 1313">
    <p class='ocr_par' dir='ltr' id='par_1_13' title="bbox 282 1242 1863 1313">
     <span class='ocr_line' id='line_1_13' title="bbox 282 1242 1863 1313; baseline 0.001 -20"><span class='ocrx_word' id='word_1_69' title='bbox 282 1242 519 1295; x_wconf 72' lang='grc' dir='ltr'>ϐελλιον.</span> <span class='ocrx_word' id='word_1_70' title='bbox 570 1244 657 1294; x_wconf 83' lang='grc' dir='ltr'>Ἐν</span> <span class='ocrx_word' id='word_1_71' title='bbox 716 1244 802 1295; x_wconf 74' lang='grc' dir='ltr'>ἐνὶ</span> <span class='ocrx_word' id='word_1_72' title='bbox 838 1243 946 1312; x_wconf 82' lang='grc' dir='ltr'>γὰρ</span> <span class='ocrx_word' id='word_1_73' title='bbox 988 1243 1207 1311; x_wconf 76' lang='grc' dir='ltr'><strong>ἑκάστῳ</strong></span> <span class='ocrx_word' id='word_1_74' title='bbox 1250 1244 1359 1295; x_wconf 82' lang='grc' dir='ltr'><strong>τῶν</strong></span> <span class='ocrx_word' id='word_1_75' title='bbox 1401 1243 1735 1313; x_wconf 83' lang='grc' dir='ltr'><strong>μετεχόντων</strong></span> <span class='ocrx_word' id='word_1_76' title='bbox 1764 1243 1863 1305; x_wconf 72' lang='grc' dir='ltr'><strong>τὰς</strong></span> 
     </span>
    </p>
   </div>
   <div class='ocr_carea' id='block_1_14' title="bbox 284 1335 1864 1402">
    <p class='ocr_par' dir='ltr' id='par_1_14' title="bbox 284 1335 1864 1402">
     <span class='ocr_line' id='line_1_14' title="bbox 284 1335 1864 1402; baseline 0 -16"><span class='ocrx_word' id='word_1_77' title='bbox 284 1336 438 1402; x_wconf 86' lang='grc' dir='ltr'>τρεῖς</span> <span class='ocrx_word' id='word_1_78' title='bbox 472 1336 552 1394; x_wconf 78' lang='grc' dir='ltr'><strong>εἱς</strong></span> <span class='ocrx_word' id='word_1_79' title='bbox 588 1335 718 1399; x_wconf 87' lang='grc' dir='ltr'>μίαν</span> <span class='ocrx_word' id='word_1_80' title='bbox 764 1335 1088 1402; x_wconf 75' lang='grc' dir='ltr'><strong>συνάγουσιν</strong></span> <span class='ocrx_word' id='word_1_81' title='bbox 1147 1335 1467 1398; x_wconf 78' lang='grc' dir='ltr'><strong>ὑπόστασιν,</strong></span> <span class='ocrx_word' id='word_1_82' title='bbox 1500 1335 1575 1396; x_wconf 78' lang='grc' dir='ltr'><strong>ὡς</strong></span> <span class='ocrx_word' id='word_1_83' title='bbox 1628 1335 1864 1387; x_wconf 74' lang='grc' dir='ltr'>ἕκαστον</span> 
     </span>
    </p>
   </div>
   <div class='ocr_carea' id='block_1_15' title="bbox 284 1423 1864 1494">
    <p class='ocr_par' dir='ltr' id='par_1_15' title="bbox 284 1423 1864 1494">
     <span class='ocr_line' id='line_1_15' title="bbox 284 1423 1864 1494; baseline 0.002 -21"><span class='ocrx_word' id='word_1_84' title='bbox 284 1423 398 1474; x_wconf 83' lang='grc' dir='ltr'>τῶν</span> <span class='ocrx_word' id='word_1_85' title='bbox 423 1424 523 1489; x_wconf 87' lang='grc' dir='ltr'><strong>τὴν</strong></span> <span class='ocrx_word' id='word_1_86' title='bbox 571 1423 762 1474; x_wconf 69' lang='grc' dir='ltr'>οὐσίαν</span> <span class='ocrx_word' id='word_1_87' title='bbox 794 1427 889 1476; x_wconf 81' lang='grc' dir='ltr'><strong>τοῦ</strong></span> <span class='ocrx_word' id='word_1_88' title='bbox 922 1423 1058 1476; x_wconf 87' lang='grc' dir='ltr'><strong>Θεοῦ</strong></span> <span class='ocrx_word' id='word_1_89' title='bbox 1110 1423 1385 1494; x_wconf 82' lang='grc' dir='ltr'>μεθεκτὴν</span> <span class='ocrx_word' id='word_1_90' title='bbox 1425 1425 1864 1492; x_wconf 76' lang='grc' dir='ltr'>δογματιξὸντων</span> 
     </span>
    </p>
   </div>
   <div class='ocr_carea' id='block_1_16' title="bbox 290 1513 1864 1586">
    <p class='ocr_par' dir='ltr' id='par_1_16' title="bbox 290 1513 1864 1586">
     <span class='ocr_line' id='line_1_16' title="bbox 290 1513 1864 1586; baseline 0.003 -23"><span class='ocrx_word' id='word_1_91' title='bbox 290 1513 560 1581; x_wconf 81' lang='grc' dir='ltr'><strong>μυριάκις</strong></span> <span class='ocrx_word' id='word_1_92' title='bbox 611 1513 772 1565; x_wconf 82' lang='grc' dir='ltr'>ἄλλον</span> <span class='ocrx_word' id='word_1_93' title='bbox 825 1514 1117 1568; x_wconf 79' lang='grc' dir='ltr'>Σασέλλιον</span> <span class='ocrx_word' id='word_1_94' title='bbox 1150 1517 1433 1569; x_wconf 79' lang='grc' dir='ltr'><strong>διατελεῖν.</strong></span> <span class='ocrx_word' id='word_1_95' title='bbox 1479 1517 1626 1568; x_wconf 77' lang='grc' dir='ltr'>Ἔδει</span> <span class='ocrx_word' id='word_1_96' title='bbox 1680 1517 1736 1568; x_wconf 81' lang='grc' dir='ltr'>δὲ</span> <span class='ocrx_word' id='word_1_97' title='bbox 1787 1515 1864 1586; x_wconf 84' lang='grc' dir='ltr'>τῷ</span> 
     </span>
    </p>
   </div>
   <div class='ocr_carea' id='block_1_17' title="bbox 285 1603 1858 1674">
    <p class='ocr_par' dir='ltr' id='par_1_17' title="bbox 285 1603 1858 1674">
     <span class='ocr_line' id='line_1_17' title="bbox 285 1603 1858 1674; baseline 0.003 -19"><span class='ocrx_word' id='word_1_98' title='bbox 285 1603 516 1670; x_wconf 82' lang='grc' dir='ltr'>πονηρῷ</span> <span class='ocrx_word' id='word_1_99' title='bbox 545 1603 620 1673; x_wconf 86' lang='grc' dir='ltr'>μὴ</span> <span class='ocrx_word' id='word_1_100' title='bbox 650 1604 716 1656; x_wconf 79' lang='grc' dir='ltr'><strong>δι’</strong></span> <span class='ocrx_word' id='word_1_101' title='bbox 761 1605 878 1666; x_wconf 82' lang='grc' dir='ltr'>ἐνὸς</span> <span class='ocrx_word' id='word_1_102' title='bbox 921 1606 1202 1674; x_wconf 81' lang='grc' dir='ltr'>ἱσχύσαντι</span> <span class='ocrx_word' id='word_1_103' title='bbox 1234 1607 1377 1659; x_wconf 80' lang='grc' dir='ltr'>κατὰ</span> <span class='ocrx_word' id='word_1_104' title='bbox 1417 1606 1512 1673; x_wconf 81' lang='grc' dir='ltr'>τῆς</span> <span class='ocrx_word' id='word_1_105' title='bbox 1552 1606 1858 1671; x_wconf 74' lang='grc' dir='ltr'>εὐσεϐείας,</span> 
     </span>
    </p>
   </div>
   <div class='ocr_carea' id='block_1_18' title="bbox 283 1696 1861 1764">
    <p class='ocr_par' dir='ltr' id='par_1_18' title="bbox 283 1696 1861 1764">
     <span class='ocr_line' id='line_1_18' title="bbox 283 1696 1861 1764; baseline 0.003 -18"><span class='ocrx_word' id='word_1_106' title='bbox 283 1696 378 1746; x_wconf 68' lang='grc' dir='ltr'>διὰ</span> <span class='ocrx_word' id='word_1_107' title='bbox 416 1696 650 1764; x_wconf 80' lang='grc' dir='ltr'>μυρίων,</span> <span class='ocrx_word' id='word_1_108' title='bbox 706 1696 905 1764; x_wconf 85' lang='grc' dir='ltr'>μᾶλλον</span> <span class='ocrx_word' id='word_1_109' title='bbox 939 1696 996 1749; x_wconf 79' lang='grc' dir='ltr'>δὲ</span> <span class='ocrx_word' id='word_1_110' title='bbox 1043 1700 1136 1749; x_wconf 81' lang='grc' dir='ltr'><strong>καὶ</strong></span> <span class='ocrx_word' id='word_1_111' title='bbox 1170 1699 1265 1750; x_wconf 71' lang='grc' dir='ltr'><strong>σὺν</strong></span> <span class='ocrx_word' id='word_1_112' title='bbox 1314 1697 1541 1760; x_wconf 86' lang='grc' dir='ltr'>πολλαῖς</span> <span class='ocrx_word' id='word_1_113' title='bbox 1587 1701 1708 1759; x_wconf 87' lang='grc' dir='ltr'>ταῖς</span> <span class='ocrx_word' id='word_1_114' title='bbox 1752 1699 1861 1751; x_wconf 80' lang='grc' dir='ltr'><strong>τῶν</strong></span> 
     </span>
    </p>
   </div>
   <div class='ocr_carea' id='block_1_19' title="bbox 1967 560 2976 630">
    <p class='ocr_par' dir='ltr' id='par_1_19' title="bbox 1967 560 2976 630">
     <span class='ocr_line' id='line_1_19' title="bbox 1967 560 2976 630; baseline 0.008 -19"><span class='ocrx_word' id='word_1_115' title='bbox 1967 561 2056 611; x_wconf 76' lang='lat' dir='ltr'><strong>sed</strong></span> <span class='ocrx_word' id='word_1_116' title='bbox 2092 560 2388 614; x_wconf 74' lang='lat' dir='ltr'><strong>inuitum-is</strong></span> <span class='ocrx_word' id='word_1_117' title='bbox 2425 571 2673 614; x_wconf 83' lang='lat' dir='ltr'><strong>constare</strong></span> <span class='ocrx_word' id='word_1_118' title='bbox 2708 565 2976 630; x_wconf 72' lang='lat' dir='ltr'><strong>personis.</strong></span> 
     </span>
    </p>
   </div>
   <div class='ocr_carea' id='block_1_20' title="bbox 2042 773 3538 854">
    <p class='ocr_par' dir='ltr' id='par_1_20' title="bbox 2042 773 3538 854">
     <span class='ocr_line' id='line_1_20' title="bbox 2042 773 3538 854; baseline 0.012 -28"><span class='ocrx_word' id='word_1_119' title='bbox 2042 773 2269 844; x_wconf 80' lang='lat' dir='ltr'><strong>Tlieoph.</strong></span> <span class='ocrx_word' id='word_1_120' title='bbox 2333 778 2603 832; x_wconf 76' lang='lat' dir='ltr'><strong>l&#39;rofecto.</strong></span> <span class='ocrx_word' id='word_1_121' title='bbox 2671 780 3084 837; x_wconf 81' lang='lat' dir='ltr'><strong>Conscetarium</strong></span> <span class='ocrx_word' id='word_1_122' title='bbox 3170 789 3376 854; x_wconf 80' lang='lat' dir='ltr'><strong>optime</strong></span> <span class='ocrx_word' id='word_1_123' title='bbox 3445 792 3538 844; x_wconf 69' lang='grc' dir='ltr'><strong>(⁸ο-</strong></span> 
     </span>
    </p>
   </div>
   <div class='ocr_carea' id='block_1_21' title="bbox 1967 865 3538 942">
    <p class='ocr_par' dir='ltr' id='par_1_21' title="bbox 1967 865 3538 942">
     <span class='ocr_line' id='line_1_21' title="bbox 1967 865 3538 942; baseline 0.009 -26"><span class='ocrx_word' id='word_1_124' title='bbox 1967 865 2194 925; x_wconf 80' lang='lat' dir='ltr'><strong>duxisti.</strong></span> <span class='ocrx_word' id='word_1_125' title='bbox 2233 872 2416 934; x_wconf 88' lang='lat' dir='ltr'><strong>utpote</strong></span> <span class='ocrx_word' id='word_1_126' title='bbox 2435 881 2595 922; x_wconf 84' lang='lat' dir='ltr'><strong>acuto</strong></span> <span class='ocrx_word' id='word_1_127' title='bbox 2621 871 2875 939; x_wconf 84' lang='lat' dir='ltr'><strong>pra-ditus</strong></span> <span class='ocrx_word' id='word_1_128' title='bbox 2901 872 3138 942; x_wconf 82' lang='lat' dir='ltr'><strong>ingenio.</strong></span> <span class='ocrx_word' id='word_1_129' title='bbox 3171 876 3323 941; x_wconf 80' lang='lat' dir='ltr'><strong>Quod</strong></span> <span class='ocrx_word' id='word_1_130' title='bbox 3360 891 3538 932; x_wconf 72' lang='lat' dir='ltr'><strong>autem</strong></span> 
     </span>
    </p>
   </div>
   <div class='ocr_carea' id='block_1_22' title="bbox 1967 956 3537 1027">
    <p class='ocr_par' dir='ltr' id='par_1_22' title="bbox 1967 956 3537 1027">
     <span class='ocr_line' id='line_1_22' title="bbox 1967 956 3537 1027; baseline 0.011 -21"><span class='ocrx_word' id='word_1_131' title='bbox 1967 956 2122 1024; x_wconf 78' lang='lat' dir='ltr'><strong>pejus</strong></span> <span class='ocrx_word' id='word_1_132' title='bbox 2148 958 2324 1012; x_wconf 87' lang='lat' dir='ltr'><strong>adhuc</strong></span> <span class='ocrx_word' id='word_1_133' title='bbox 2356 968 2410 1012; x_wconf 90' lang='lat' dir='ltr'><strong>et</strong></span> <span class='ocrx_word' id='word_1_134' title='bbox 2441 961 2735 1017; x_wconf 81' lang='lat' dir='ltr'><strong>absurdius</strong></span> <span class='ocrx_word' id='word_1_135' title='bbox 2770 973 2872 1027; x_wconf 84' lang='lat' dir='ltr'><strong>cst,</strong></span> <span class='ocrx_word' id='word_1_136' title='bbox 2903 981 3011 1019; x_wconf 89' lang='lat' dir='ltr'><strong>non</strong></span> <span class='ocrx_word' id='word_1_137' title='bbox 3051 968 3226 1021; x_wconf 90' lang='lat' dir='ltr'><strong>solum</strong></span> <span class='ocrx_word' id='word_1_138' title='bbox 3254 972 3452 1023; x_wconf 80' lang='lat' dir='ltr'><strong>exhinc</strong></span> <span class='ocrx_word' id='word_1_139' title='bbox 3488 977 3537 1024; x_wconf 84' lang='lat' dir='ltr'><strong>in</strong></span> 
     </span>
    </p>
   </div>
   <div class='ocr_carea' id='block_1_23' title="bbox 1968 1049 3541 1118">
    <p class='ocr_par' dir='ltr' id='par_1_23' title="bbox 1968 1049 3541 1118">
     <span class='ocr_line' id='line_1_23' title="bbox 1968 1049 3541 1118; baseline 0.008 -18"><span class='ocrx_word' id='word_1_140' title='bbox 1968 1049 2284 1104; x_wconf 89' lang='lat' dir='ltr'><strong>innumeras</strong></span> <span class='ocrx_word' id='word_1_141' title='bbox 2310 1066 2574 1118; x_wconf 85' lang='lat' dir='ltr'><strong>personas</strong></span> <span class='ocrx_word' id='word_1_142' title='bbox 2631 1051 2720 1106; x_wconf 84' lang='lat' dir='ltr'><strong>Dei</strong></span> <span class='ocrx_word' id='word_1_143' title='bbox 2748 1060 3039 1110; x_wconf 71' lang='lat' dir='ltr'><strong>essentiam</strong></span> <span class='ocrx_word' id='word_1_144' title='bbox 3084 1061 3329 1112; x_wconf 82' lang='lat' dir='ltr'><strong>dividunt</strong></span> <span class='ocrx_word' id='word_1_145' title='bbox 3354 1065 3541 1114; x_wconf 64' lang='grc' dir='ltr'>ιυὶινιει-</span> 
     </span>
    </p>
   </div>
   <div class='ocr_carea' id='block_1_24' title="bbox 1967 1139 3539 1217">
    <p class='ocr_par' dir='ltr' id='par_1_24' title="bbox 1967 1139 3539 1217">
     <span class='ocr_line' id='line_1_24' title="bbox 1967 1139 3539 1217; baseline 0.007 -24"><span class='ocrx_word' id='word_1_146' title='bbox 1967 1139 2095 1193; x_wconf 87' lang='lat' dir='ltr'><strong>sarii</strong></span> <span class='ocrx_word' id='word_1_147' title='bbox 2122 1142 2310 1204; x_wconf 68' lang='lat' dir='ltr'><strong>nostri,</strong></span> <span class='ocrx_word' id='word_1_148' title='bbox 2334 1144 2425 1195; x_wconf 89' lang='lat' dir='ltr'><strong>sed</strong></span> <span class='ocrx_word' id='word_1_149' title='bbox 2450 1144 2615 1196; x_wconf 88' lang='lat' dir='ltr'><strong>etiam</strong></span> <span class='ocrx_word' id='word_1_150' title='bbox 2642 1153 2750 1197; x_wconf 80' lang='lat' dir='ltr'><strong>tres</strong></span> <span class='ocrx_word' id='word_1_151' title='bbox 2777 1144 2989 1200; x_wconf 82' lang='lat' dir='ltr'><strong>divinas</strong></span> <span class='ocrx_word' id='word_1_152' title='bbox 3009 1163 3271 1217; x_wconf 81' lang='lat' dir='ltr'><strong>personas</strong></span> <span class='ocrx_word' id='word_1_153' title='bbox 3295 1150 3348 1203; x_wconf 90' lang='lat' dir='ltr'><strong>in</strong></span> <span class='ocrx_word' id='word_1_154' title='bbox 3381 1168 3539 1204; x_wconf 72' lang='lat' dir='ltr'><strong>tinum</strong></span> 
     </span>
    </p>
   </div>
   <div class='ocr_carea' id='block_1_25' title="bbox 1969 1235 3544 1312">
    <p class='ocr_par' dir='ltr' id='par_1_25' title="bbox 1969 1235 3544 1312">
     <span class='ocr_line' id='line_1_25' title="bbox 1969 1235 3544 1312; baseline 0.004 -24"><span class='ocrx_word' id='word_1_155' title='bbox 1969 1235 2336 1300; x_wconf 80' lang='lat' dir='ltr'><strong>confundunt,</strong></span> <span class='ocrx_word' id='word_1_156' title='bbox 2365 1248 2422 1290; x_wconf 92' lang='lat' dir='ltr'><strong>ut</strong></span> <span class='ocrx_word' id='word_1_157' title='bbox 2454 1237 2761 1304; x_wconf 82' lang='lat' dir='ltr'><strong>Sabellius;</strong></span> <span class='ocrx_word' id='word_1_158' title='bbox 2799 1255 2920 1292; x_wconf 86' lang='lat' dir='ltr'><strong>nam</strong></span> <span class='ocrx_word' id='word_1_159' title='bbox 2976 1242 3030 1294; x_wconf 93' lang='lat' dir='ltr'><strong>in</strong></span> <span class='ocrx_word' id='word_1_160' title='bbox 3064 1257 3393 1312; x_wconf 80' lang='lat' dir='ltr'><strong>unequoque</strong></span> <span class='ocrx_word' id='word_1_161' title='bbox 3422 1261 3544 1312; x_wconf 83' lang='lat' dir='ltr'><strong>par-</strong></span> 
     </span>
    </p>
   </div>
   <div class='ocr_carea' id='block_1_26' title="bbox 1969 1324 3540 1396">
    <p class='ocr_par' dir='ltr' id='par_1_26' title="bbox 1969 1324 3540 1396">
     <span class='ocr_line' id='line_1_26' title="bbox 1969 1324 3540 1396; baseline 0.005 -19"><span class='ocrx_word' id='word_1_162' title='bbox 1969 1324 2309 1393; x_wconf 88' lang='lat' dir='ltr'><strong>ticipautium</strong></span> <span class='ocrx_word' id='word_1_163' title='bbox 2362 1337 2472 1381; x_wconf 86' lang='lat' dir='ltr'><strong>tres</strong></span> <span class='ocrx_word' id='word_1_164' title='bbox 2504 1344 2765 1396; x_wconf 85' lang='lat' dir='ltr'><strong>personas</strong></span> <span class='ocrx_word' id='word_1_165' title='bbox 2796 1331 2848 1384; x_wconf 77' lang='lat' dir='ltr'><strong>in</strong></span> <span class='ocrx_word' id='word_1_166' title='bbox 2884 1346 3046 1384; x_wconf 87' lang='lat' dir='ltr'><strong>unam</strong></span> <span class='ocrx_word' id='word_1_167' title='bbox 3079 1336 3442 1387; x_wconf 83' lang='lat' dir='ltr'><strong>contrahunt:</strong></span> <span class='ocrx_word' id='word_1_168' title='bbox 3472 1337 3540 1386; x_wconf 84' lang='lat' dir='ltr'><strong>ita</strong></span> 
     </span>
    </p>
   </div>
   <div class='ocr_carea' id='block_1_27' title="bbox 1977 1417 3544 1494">
    <p class='ocr_par' dir='ltr' id='par_1_27' title="bbox 1977 1417 3544 1494">
     <span class='ocr_line' id='line_1_27' title="bbox 1977 1417 3544 1494; baseline 0.004 -26"><span class='ocrx_word' id='word_1_169' title='bbox 1977 1425 2035 1469; x_wconf 90' lang='lat' dir='ltr'><strong>ut</strong></span> <span class='ocrx_word' id='word_1_170' title='bbox 2068 1417 2316 1486; x_wconf 88' lang='lat' dir='ltr'><strong>quisquis</strong></span> <span class='ocrx_word' id='word_1_171' title='bbox 2352 1420 2864 1474; x_wconf 87' lang='lat' dir='ltr'><strong>communicabilem</strong></span> <span class='ocrx_word' id='word_1_172' title='bbox 2904 1423 2994 1476; x_wconf 88' lang='lat' dir='ltr'><strong>Dei</strong></span> <span class='ocrx_word' id='word_1_173' title='bbox 3031 1425 3322 1478; x_wconf 73' lang='lat' dir='ltr'><strong>essentiam</strong></span> <span class='ocrx_word' id='word_1_174' title='bbox 3383 1431 3544 1494; x_wconf 75' lang='lat' dir='ltr'><strong>proti-</strong></span> 
     </span>
    </p>
   </div>
   <div class='ocr_carea' id='block_1_28' title="bbox 1969 1511 3543 1586">
    <p class='ocr_par' dir='ltr' id='par_1_28' title="bbox 1969 1511 3543 1586">
     <span class='ocr_line' id='line_1_28' title="bbox 1969 1511 3543 1586; baseline 0.006 -24"><span class='ocrx_word' id='word_1_175' title='bbox 1969 1518 2132 1573; x_wconf 89' lang='lat' dir='ltr'><strong>tetur,</strong></span> <span class='ocrx_word' id='word_1_176' title='bbox 2193 1511 2388 1566; x_wconf 85' lang='lat' dir='ltr'><strong>millies</strong></span> <span class='ocrx_word' id='word_1_177' title='bbox 2441 1513 2576 1565; x_wconf 90' lang='lat' dir='ltr'><strong>alter</strong></span> <span class='ocrx_word' id='word_1_178' title='bbox 2633 1515 2722 1567; x_wconf 84' lang='lat' dir='ltr'><strong>tiat</strong></span> <span class='ocrx_word' id='word_1_179' title='bbox 2776 1514 3066 1571; x_wconf 86' lang='lat' dir='ltr'><strong>Sabellius.</strong></span> <span class='ocrx_word' id='word_1_180' title='bbox 3131 1515 3270 1586; x_wconf 76' lang='lat' dir='ltr'><strong>Ergo</strong></span> <span class='ocrx_word' id='word_1_181' title='bbox 3304 1525 3543 1584; x_wconf 75' lang='lat' dir='ltr'><strong>Optttltlil</strong></span> 
     </span>
    </p>
   </div>
   <div class='ocr_carea' id='block_1_29' title="bbox 1965 1605 3543 1677">
    <p class='ocr_par' dir='ltr' id='par_1_29' title="bbox 1965 1605 3543 1677">
     <span class='ocr_line' id='line_1_29' title="bbox 1965 1605 3543 1677; baseline 0.004 -22"><span class='ocrx_word' id='word_1_182' title='bbox 1965 1605 2268 1655; x_wconf 71' lang='lat' dir='ltr'><strong>daemonem</strong></span> <span class='ocrx_word' id='word_1_183' title='bbox 2316 1618 2424 1656; x_wconf 90' lang='lat' dir='ltr'><strong>non</strong></span> <span class='ocrx_word' id='word_1_184' title='bbox 2451 1619 2546 1672; x_wconf 87' lang='lat' dir='ltr'><strong>per</strong></span> <span class='ocrx_word' id='word_1_185' title='bbox 2577 1621 2745 1658; x_wconf 90' lang='lat' dir='ltr'><strong>unum</strong></span> <span class='ocrx_word' id='word_1_186' title='bbox 2779 1616 2989 1660; x_wconf 88' lang='lat' dir='ltr'><strong>tantum</strong></span> <span class='ocrx_word' id='word_1_187' title='bbox 3025 1610 3076 1660; x_wconf 93' lang='lat' dir='ltr'><strong>in</strong></span> <span class='ocrx_word' id='word_1_188' title='bbox 3111 1610 3429 1677; x_wconf 82' lang='lat' dir='ltr'><strong>religionem</strong></span> <span class='ocrx_word' id='word_1_189' title='bbox 3466 1614 3543 1662; x_wconf 80' lang='lat' dir='ltr'><strong>iu-</strong></span> 
     </span>
    </p>
   </div>
   <div class='ocr_carea' id='block_1_30' title="bbox 1971 1695 3544 1769">
    <p class='ocr_par' dir='ltr' id='par_1_30' title="bbox 1971 1695 3544 1769">
     <span class='ocr_line' id='line_1_30' title="bbox 1971 1695 3544 1769; baseline 0.004 -24"><span class='ocrx_word' id='word_1_190' title='bbox 1971 1695 2115 1758; x_wconf 88' lang='lat' dir='ltr'><strong>vehi,</strong></span> <span class='ocrx_word' id='word_1_191' title='bbox 2152 1695 2246 1748; x_wconf 72' lang='lat' dir='ltr'><strong>sed</strong></span> <span class='ocrx_word' id='word_1_192' title='bbox 2275 1709 2368 1764; x_wconf 88' lang='lat' dir='ltr'><strong>per</strong></span> <span class='ocrx_word' id='word_1_193' title='bbox 2403 1697 2590 1757; x_wconf 83' lang='lat' dir='ltr'><strong>millia.</strong></span> <span class='ocrx_word' id='word_1_194' title='bbox 2623 1700 2705 1752; x_wconf 83' lang='lat' dir='ltr'><strong>vel</strong></span> <span class='ocrx_word' id='word_1_195' title='bbox 2739 1701 2921 1769; x_wconf 77' lang='lat' dir='ltr'><strong>potius</strong></span> <span class='ocrx_word' id='word_1_196' title='bbox 2951 1717 3074 1752; x_wconf 82' lang='lat' dir='ltr'><strong>cum</strong></span> <span class='ocrx_word' id='word_1_197' title='bbox 3100 1703 3285 1755; x_wconf 89' lang='lat' dir='ltr'><strong>multis</strong></span> <span class='ocrx_word' id='word_1_198' title='bbox 3319 1719 3544 1756; x_wconf 75' lang='lat' dir='ltr'><strong>vesano-</strong></span> 
     </span>
    </p>
   </div>
   <div class='ocr_carea' id='block_1_31' title="bbox 287 1783 1975 1886">
    <p class='ocr_par' dir='ltr' id='par_1_31' title="bbox 287 1789 1975 1886">
     <span class='ocr_line' id='line_1_31' title="bbox 287 1789 1975 1886; baseline 0.002 -44"><span class='ocrx_word' id='word_1_199' title='bbox 287 1789 649 1857; x_wconf 78' lang='grc' dir='ltr'>κακοφρόνων</span> <span class='ocrx_word' id='word_1_200' title='bbox 679 1789 955 1857; x_wconf 79' lang='grc' dir='ltr'>μυριάσιν,</span> <span class='ocrx_word' id='word_1_201' title='bbox 1002 1789 1158 1851; x_wconf 78' lang='grc' dir='ltr'>αὖθις</span> <span class='ocrx_word' id='word_1_202' title='bbox 1199 1790 1546 1858; x_wconf 76' lang='grc' dir='ltr'>προσϐαλεῖν.</span> <span class='ocrx_word' id='word_1_203' title='bbox 1589 1790 1728 1843; x_wconf 81' lang='grc' dir='ltr'>Ἀλλ’</span> <span class='ocrx_word' id='word_1_204' title='bbox 1752 1792 1862 1844; x_wconf 80' lang='grc' dir='ltr'>οὐδ’</span> <span class='ocrx_word' id='word_1_205' title='bbox 1901 1801 1975 1886; x_wconf 70' lang='grc' dir='ltr'><strong>Β]</strong></span> 
     </span>
    </p>
   </div>
   <div class='ocr_carea' id='block_1_32' title="bbox 1852 1783 3540 1886">
    <p class='ocr_par' dir='ltr' id='par_1_32' title="bbox 1852 1783 3540 1886">
     <span class='ocr_line' id='line_1_32' title="bbox 1852 1783 3540 1886; baseline 0.005 -52"><span class='ocrx_word' id='word_1_206' title='bbox 1852 1793 1862 1814; x_wconf 80' lang='grc'><strong><em>⁵</em></strong></span> <span class='ocrx_word' id='word_1_207' title='bbox 1901 1828 1942 1886; x_wconf 75' lang='grc' dir='ltr'><strong>Β</strong></span> <span class='ocrx_word' id='word_1_208' title='bbox 1973 1799 2090 1835; x_wconf 90' lang='lat' dir='ltr'><strong>rum</strong></span> <span class='ocrx_word' id='word_1_209' title='bbox 2129 1783 2366 1839; x_wconf 82' lang='lat' dir='ltr'><strong>millibus</strong></span> <span class='ocrx_word' id='word_1_210' title='bbox 2395 1786 2590 1839; x_wconf 91' lang='lat' dir='ltr'><strong>iterum</strong></span> <span class='ocrx_word' id='word_1_211' title='bbox 2625 1787 2830 1841; x_wconf 86' lang='lat' dir='ltr'><strong>irrucre</strong></span> <span class='ocrx_word' id='word_1_212' title='bbox 2855 1790 2866 1841; x_wconf 92' lang='lat'><strong>!</strong></span> <span class='ocrx_word' id='word_1_213' title='bbox 2896 1791 2964 1841; x_wconf 83' lang='lat' dir='ltr'><strong>At</strong></span> <span class='ocrx_word' id='word_1_214' title='bbox 2996 1806 3060 1844; x_wconf 88' lang='lat' dir='ltr'><strong>ne</strong></span> <span class='ocrx_word' id='word_1_215' title='bbox 3093 1791 3172 1844; x_wconf 91' lang='lat' dir='ltr'><strong>sic</strong></span> <span class='ocrx_word' id='word_1_216' title='bbox 3199 1792 3418 1859; x_wconf 84' lang='lat' dir='ltr'><strong>quidem</strong></span> <span class='ocrx_word' id='word_1_217' title='bbox 3457 1810 3540 1844; x_wconf 69' lang='lat' dir='ltr'><strong>ve-</strong></span> 
     </span>
    </p>
   </div>
   <div class='ocr_carea' id='block_1_33' title="bbox 283 1880 1864 1953">
    <p class='ocr_par' dir='ltr' id='par_1_33' title="bbox 283 1880 1864 1953">
     <span class='ocr_line' id='line_1_33' title="bbox 283 1880 1864 1953; baseline 0.001 -20"><span class='ocrx_word' id='word_1_218' title='bbox 283 1880 436 1933; x_wconf 87' lang='grc' dir='ltr'>οῦτω</span> <span class='ocrx_word' id='word_1_219' title='bbox 469 1882 566 1947; x_wconf 74' lang='grc' dir='ltr'>τῆς</span> <span class='ocrx_word' id='word_1_220' title='bbox 622 1880 881 1949; x_wconf 79' lang='grc' dir='ltr'>ἀληθείας</span> <span class='ocrx_word' id='word_1_221' title='bbox 932 1881 1246 1951; x_wconf 81' lang='grc' dir='ltr'>περιέσται.</span> <span class='ocrx_word' id='word_1_222' title='bbox 1279 1881 1392 1949; x_wconf 72' lang='grc' dir='ltr'><strong>Τὴν</strong></span> <span class='ocrx_word' id='word_1_223' title='bbox 1442 1881 1499 1933; x_wconf 84' lang='grc' dir='ltr'>δὲ</span> <span class='ocrx_word' id='word_1_224' title='bbox 1548 1883 1660 1934; x_wconf 85' lang='grc' dir='ltr'><strong>τῶν</strong></span> <span class='ocrx_word' id='word_1_225' title='bbox 1713 1882 1864 1953; x_wconf 84' lang='grc' dir='ltr'>αὐτῷ</span> 
     </span>
    </p>
   </div>
   <div class='ocr_carea' id='block_1_34' title="bbox 286 1972 1866 2044">
    <p class='ocr_par' dir='ltr' id='par_1_34' title="bbox 286 1972 1866 2044">
     <span class='ocr_line' id='line_1_34' title="bbox 286 1972 1866 2044; baseline 0.001 -20"><span class='ocrx_word' id='word_1_226' title='bbox 286 1972 637 2041; x_wconf 78' lang='grc' dir='ltr'><strong>πειθομένων</strong></span> <span class='ocrx_word' id='word_1_227' title='bbox 706 1972 1022 2042; x_wconf 72' lang='grc' dir='ltr'>ἀφροσύνην</span> <span class='ocrx_word' id='word_1_228' title='bbox 1071 1972 1435 2040; x_wconf 79' lang='grc' dir='ltr'><strong>ἐκδηλοτέραν</strong></span> <span class='ocrx_word' id='word_1_229' title='bbox 1503 1973 1866 2044; x_wconf 73' lang='grc' dir='ltr'>εἰργασμένος</span> 
     </span>
    </p>
   </div>
   <div class='ocr_carea' id='block_1_35' title="bbox 285 2063 1865 2133">
    <p class='ocr_par' dir='ltr' id='par_1_35' title="bbox 285 2063 1865 2133">
     <span class='ocr_line' id='line_1_35' title="bbox 285 2063 1865 2133; baseline 0.001 -18"><span class='ocrx_word' id='word_1_230' title='bbox 285 2067 470 2118; x_wconf 71' lang='grc' dir='ltr'>ἔσται.</span> <span class='ocrx_word' id='word_1_231' title='bbox 525 2064 670 2131; x_wconf 75' lang='grc' dir='ltr'>Πρὸς</span> <span class='ocrx_word' id='word_1_232' title='bbox 706 2065 815 2133; x_wconf 82' lang='grc' dir='ltr'>γὰρ</span> <span class='ocrx_word' id='word_1_233' title='bbox 841 2066 962 2126; x_wconf 85' lang='grc' dir='ltr'>ταῖς</span> <span class='ocrx_word' id='word_1_234' title='bbox 1013 2065 1206 2127; x_wconf 77' lang='grc' dir='ltr'>ἄλλαις</span> <span class='ocrx_word' id='word_1_235' title='bbox 1237 2063 1581 2126; x_wconf 78' lang='grc' dir='ltr'>δυσσεϐείαις</span> <span class='ocrx_word' id='word_1_236' title='bbox 1629 2065 1724 2116; x_wconf 77' lang='grc' dir='ltr'><strong>καὶ</strong></span> <span class='ocrx_word' id='word_1_237' title='bbox 1774 2065 1865 2116; x_wconf 85' lang='grc' dir='ltr'><strong>τοῦ</strong></span> 
     </span>
    </p>
   </div>
   <div class='ocr_carea' id='block_1_36' title="bbox 287 2158 1869 2227">
    <p class='ocr_par' dir='ltr' id='par_1_36' title="bbox 287 2158 1869 2227">
     <span class='ocr_line' id='line_1_36' title="bbox 287 2158 1869 2227; baseline 0 -17"><span class='ocrx_word' id='word_1_238' title='bbox 287 2160 458 2226; x_wconf 80' lang='grc' dir='ltr'>μόνου</span> <span class='ocrx_word' id='word_1_239' title='bbox 492 2159 752 2227; x_wconf 77' lang='grc' dir='ltr'>Χριστοῦ,</span> <span class='ocrx_word' id='word_1_240' title='bbox 781 2158 949 2226; x_wconf 79' lang='grc' dir='ltr'>βαϐαὶ</span> <span class='ocrx_word' id='word_1_241' title='bbox 972 2159 1070 2226; x_wconf 76' lang='grc' dir='ltr'>τῆς</span> <span class='ocrx_word' id='word_1_242' title='bbox 1100 2159 1394 2219; x_wconf 74' lang='grc' dir='ltr'>ἁπονοῖαςί</span> <span class='ocrx_word' id='word_1_243' title='bbox 1427 2158 1726 2227; x_wconf 81' lang='grc' dir='ltr'>ὑπέρτερον</span> <span class='ocrx_word' id='word_1_244' title='bbox 1746 2159 1869 2210; x_wconf 77' lang='grc' dir='ltr'>ἐαυ-</span> 
     </span>
    </p>
   </div>
   <div class='ocr_carea' id='block_1_37' title="bbox 282 2248 1867 2319">
    <p class='ocr_par' dir='ltr' id='par_1_37' title="bbox 282 2248 1867 2319">
     <span class='ocr_line' id='line_1_37' title="bbox 282 2248 1867 2319; baseline -0.001 -18"><span class='ocrx_word' id='word_1_245' title='bbox 282 2251 382 2301; x_wconf 66' lang='grc' dir='ltr'>τὸν</span> <span class='ocrx_word' id='word_1_246' title='bbox 431 2251 459 2301; x_wconf 85' lang='grc' dir='ltr'>ὁ</span> <span class='ocrx_word' id='word_1_247' title='bbox 503 2250 813 2311; x_wconf 81' lang='grc' dir='ltr'>Ἀκίνδυνος</span> <span class='ocrx_word' id='word_1_248' title='bbox 853 2250 1188 2319; x_wconf 83' lang='grc' dir='ltr'>παρίστησιν</span> <span class='ocrx_word' id='word_1_249' title='bbox 1239 2249 1343 2319; x_wconf 85' lang='grc' dir='ltr'><strong>ὅλῳ</strong></span> <span class='ocrx_word' id='word_1_250' title='bbox 1392 2249 1564 2317; x_wconf 85' lang='grc' dir='ltr'>λέγων</span> <span class='ocrx_word' id='word_1_251' title='bbox 1611 2248 1867 2302; x_wconf 87' lang='grc' dir='ltr'>ἐνοῦσθαι</span> 
     </span>
    </p>
   </div>
   <div class='ocr_carea' id='block_1_38' title="bbox 283 2340 1866 2412">
    <p class='ocr_par' dir='ltr' id='par_1_38' title="bbox 283 2340 1866 2412">
     <span class='ocr_line' id='line_1_38' title="bbox 283 2340 1866 2412; baseline 0.001 -20"><span class='ocrx_word' id='word_1_252' title='bbox 283 2341 368 2410; x_wconf 82' lang='grc' dir='ltr'>τῷ</span> <span class='ocrx_word' id='word_1_253' title='bbox 398 2341 541 2408; x_wconf 79' lang='grc' dir='ltr'>Θεῷ,</span> <span class='ocrx_word' id='word_1_254' title='bbox 578 2342 670 2393; x_wconf 78' lang='grc' dir='ltr'><strong>καὶ</strong></span> <span class='ocrx_word' id='word_1_255' title='bbox 699 2344 764 2410; x_wconf 78' lang='grc' dir='ltr'><strong>τῇ</strong></span> <span class='ocrx_word' id='word_1_256' title='bbox 801 2341 962 2412; x_wconf 77' lang='grc' dir='ltr'>οὐσίᾳ</span> <span class='ocrx_word' id='word_1_257' title='bbox 997 2342 1094 2394; x_wconf 75' lang='grc' dir='ltr'><strong>καὶ</strong></span> <span class='ocrx_word' id='word_1_258' title='bbox 1116 2342 1234 2404; x_wconf 88' lang='grc' dir='ltr'>ταῖς</span> <span class='ocrx_word' id='word_1_259' title='bbox 1267 2342 1573 2409; x_wconf 75' lang='grc' dir='ltr'>ἐνεργείαις</span> <span class='ocrx_word' id='word_1_260' title='bbox 1613 2340 1709 2393; x_wconf 77' lang='grc' dir='ltr'><strong>καὶ</strong></span> <span class='ocrx_word' id='word_1_261' title='bbox 1748 2344 1866 2405; x_wconf 87' lang='grc' dir='ltr'>ταῖς</span> 
     </span>
    </p>
   </div>
   <div class='ocr_carea' id='block_1_39' title="bbox 284 2436 1868 2508">
    <p class='ocr_par' dir='ltr' id='par_1_39' title="bbox 284 2436 1868 2508">
     <span class='ocr_line' id='line_1_39' title="bbox 284 2436 1868 2508; baseline -0.001 -19"><span class='ocrx_word' id='word_1_262' title='bbox 284 2440 441 2508; x_wconf 82' lang='grc' dir='ltr'>τρισὶ</span> <span class='ocrx_word' id='word_1_263' title='bbox 469 2437 645 2500; x_wconf 81' lang='grc' dir='ltr'>θείαις</span> <span class='ocrx_word' id='word_1_264' title='bbox 684 2437 1072 2492; x_wconf 83' lang='grc' dir='ltr'>ὑποστάσεσιν.</span> <span class='ocrx_word' id='word_1_265' title='bbox 1107 2436 1168 2490; x_wconf 79' lang='lat' dir='ltr'><strong>El</strong></span> <span class='ocrx_word' id='word_1_266' title='bbox 1195 2438 1241 2490; x_wconf 83' lang='grc' dir='ltr'>δ’</span> <span class='ocrx_word' id='word_1_267' title='bbox 1269 2438 1376 2508; x_wconf 77' lang='grc' dir='ltr'>ἄρα</span> <span class='ocrx_word' id='word_1_268' title='bbox 1415 2436 1554 2491; x_wconf 83' lang='grc' dir='ltr'><strong>κατά</strong></span> <span class='ocrx_word' id='word_1_269' title='bbox 1595 2438 1724 2507; x_wconf 87' lang='grc' dir='ltr'>μίαν</span> <span class='ocrx_word' id='word_1_270' title='bbox 1761 2438 1868 2491; x_wconf 77' lang='grc' dir='ltr'>τῶν</span> 
     </span>
    </p>
   </div>
   <div class='ocr_carea' id='block_1_40' title="bbox 289 2528 1865 2599">
    <p class='ocr_par' dir='ltr' id='par_1_40' title="bbox 289 2528 1865 2599">
     <span class='ocr_line' id='line_1_40' title="bbox 289 2528 1865 2599; baseline 0.002 -20"><span class='ocrx_word' id='word_1_271' title='bbox 289 2529 649 2581; x_wconf 76' lang='grc' dir='ltr'>ὑποστάσεων</span> <span class='ocrx_word' id='word_1_272' title='bbox 697 2529 808 2598; x_wconf 84' lang='grc' dir='ltr'><strong>ὅλῳ</strong></span> <span class='ocrx_word' id='word_1_273' title='bbox 861 2528 939 2597; x_wconf 84' lang='grc' dir='ltr'><strong>τῷ</strong></span> <span class='ocrx_word' id='word_1_274' title='bbox 978 2529 1098 2598; x_wconf 87' lang='grc' dir='ltr'><strong>Θεῷ</strong></span> <span class='ocrx_word' id='word_1_275' title='bbox 1145 2529 1400 2582; x_wconf 85' lang='grc' dir='ltr'>ἐνοῦσθαι</span> <span class='ocrx_word' id='word_1_276' title='bbox 1454 2529 1626 2597; x_wconf 82' lang='grc' dir='ltr'>λέγει,</span> <span class='ocrx_word' id='word_1_277' title='bbox 1662 2531 1751 2582; x_wconf 82' lang='grc' dir='ltr'><strong>καὶ</strong></span> <span class='ocrx_word' id='word_1_278' title='bbox 1800 2533 1865 2599; x_wconf 79' lang='grc' dir='ltr'><strong>τῇ</strong></span> 
     </span>
    </p>
   </div>
   <div class='ocr_carea' id='block_1_41' title="bbox 286 2619 1866 2690">
    <p class='ocr_par' dir='ltr' id='par_1_41' title="bbox 286 2619 1866 2690">
     <span class='ocr_line' id='line_1_41' title="bbox 286 2619 1866 2690; baseline 0.002 -19"><span class='ocrx_word' id='word_1_279' title='bbox 286 2620 414 2688; x_wconf 65' lang='grc' dir='ltr'><strong>θείᾳ⁸</strong></span> <span class='ocrx_word' id='word_1_280' title='bbox 442 2620 599 2688; x_wconf 66' lang='grc' dir='ltr'>οὐσίᾳ</span> <span class='ocrx_word' id='word_1_281' title='bbox 631 2623 726 2673; x_wconf 67' lang='grc' dir='ltr'><strong>καὶ</strong></span> <span class='ocrx_word' id='word_1_282' title='bbox 782 2619 982 2681; x_wconf 81' lang='grc' dir='ltr'>πάσαις</span> <span class='ocrx_word' id='word_1_283' title='bbox 1016 2621 1134 2682; x_wconf 85' lang='grc' dir='ltr'>ταῖς</span> <span class='ocrx_word' id='word_1_284' title='bbox 1181 2620 1355 2683; x_wconf 81' lang='grc' dir='ltr'>θείαις</span> <span class='ocrx_word' id='word_1_285' title='bbox 1402 2621 1729 2690; x_wconf 84' lang='grc' dir='ltr'>ἐνεργείαις,</span> <span class='ocrx_word' id='word_1_286' title='bbox 1772 2620 1866 2674; x_wconf 85' lang='grc' dir='ltr'><strong>τοῦ</strong></span> 
     </span>
    </p>
   </div>
   <div class='ocr_carea' id='block_1_42' title="bbox 290 2709 1868 2780">
    <p class='ocr_par' dir='ltr' id='par_1_42' title="bbox 290 2709 1868 2780">
     <span class='ocr_line' id='line_1_42' title="bbox 290 2709 1868 2780; baseline 0.001 -18"><span class='ocrx_word' id='word_1_287' title='bbox 290 2712 462 2776; x_wconf 79' lang='grc' dir='ltr'>μόνου</span> <span class='ocrx_word' id='word_1_288' title='bbox 506 2709 748 2780; x_wconf 82' lang='grc' dir='ltr'>Χριστοῦ</span> <span class='ocrx_word' id='word_1_289' title='bbox 790 2710 1170 2780; x_wconf 81' lang='grc' dir='ltr'>διενηνοχέναι</span> <span class='ocrx_word' id='word_1_290' title='bbox 1224 2712 1392 2780; x_wconf 69' lang='grc' dir='ltr'>φησιν</span> <span class='ocrx_word' id='word_1_291' title='bbox 1439 2712 1612 2765; x_wconf 78' lang='grc' dir='ltr'>οὐδέν.</span> <span class='ocrx_word' id='word_1_292' title='bbox 1660 2712 1798 2764; x_wconf 82' lang='grc' dir='ltr'>Ἀλλ’</span> <span class='ocrx_word' id='word_1_293' title='bbox 1839 2715 1868 2764; x_wconf 78' lang='grc' dir='ltr'><strong>ο</strong></span> 
     </span>
    </p>
   </div>
   <div class='ocr_carea' id='block_1_43' title="bbox 288 2802 1870 2873">
    <p class='ocr_par' dir='ltr' id='par_1_43' title="bbox 288 2802 1870 2873">
     <span class='ocr_line' id='line_1_43' title="bbox 288 2802 1870 2873; baseline 0.003 -20"><span class='ocrx_word' id='word_1_294' title='bbox 288 2803 462 2865; x_wconf 67' lang='grc' dir='ltr'>πολὺς</span> <span class='ocrx_word' id='word_1_295' title='bbox 518 2804 574 2852; x_wconf 76' lang='grc' dir='ltr'><strong>ἐν</strong></span> <span class='ocrx_word' id='word_1_296' title='bbox 629 2802 881 2873; x_wconf 77' lang='grc' dir='ltr'>θεολογίᾳ</span> <span class='ocrx_word' id='word_1_297' title='bbox 936 2803 1241 2873; x_wconf 81' lang='grc' dir='ltr'>Γρηγόριος</span> <span class='ocrx_word' id='word_1_298' title='bbox 1293 2805 1420 2866; x_wconf 78' lang='grc' dir='ltr'>τοὺς</span> <span class='ocrx_word' id='word_1_299' title='bbox 1479 2804 1870 2873; x_wconf 69' lang='grc' dir='ltr'>φρενοϐλαϐεῖς</span> 
     </span>
    </p>
   </div>
   <div class='ocr_carea' id='block_1_44' title="bbox 287 2893 1864 2964">
    <p class='ocr_par' dir='ltr' id='par_1_44' title="bbox 287 2893 1864 2964">
     <span class='ocr_line' id='line_1_44' title="bbox 287 2893 1864 2964; baseline 0.002 -19"><span class='ocrx_word' id='word_1_300' title='bbox 287 2893 515 2954; x_wconf 69' lang='grc' dir='ltr'>τούτους</span> <span class='ocrx_word' id='word_1_301' title='bbox 551 2894 862 2962; x_wconf 71' lang='grc' dir='ltr'>φληνάφους</span> <span class='ocrx_word' id='word_1_302' title='bbox 917 2895 1202 2964; x_wconf 62' lang='grc' dir='ltr'>πόρρωθεν</span> <span class='ocrx_word' id='word_1_303' title='bbox 1249 2896 1664 2959; x_wconf 74' lang='grc' dir='ltr'>ἀνασκευάζων,</span> <span class='ocrx_word' id='word_1_304' title='bbox 1700 2897 1864 2963; x_wconf 74' lang='grc' dir='ltr'>«Χριο</span> 
     </span>
    </p>
   </div>
   <div class='ocr_carea' id='block_1_45' title="bbox 286 2986 1870 3057">
    <p class='ocr_par' dir='ltr' id='par_1_45' title="bbox 286 2986 1870 3057">
     <span class='ocr_line' id='line_1_45' title="bbox 286 2986 1870 3057; baseline 0.003 -23"><span class='ocrx_word' id='word_1_305' title='bbox 286 2987 405 3047; x_wconf 67' lang='grc' dir='ltr'>τὸς,</span> <span class='ocrx_word' id='word_1_306' title='bbox 460 2987 616 3055; x_wconf 70' lang='grc' dir='ltr'>φησί,</span> <span class='ocrx_word' id='word_1_307' title='bbox 650 2988 737 3039; x_wconf 71' lang='grc' dir='ltr'><strong>διὰ</strong></span> <span class='ocrx_word' id='word_1_308' title='bbox 766 2986 864 3057; x_wconf 73' lang='grc' dir='ltr'>τὴν</span> <span class='ocrx_word' id='word_1_309' title='bbox 919 2988 1151 3057; x_wconf 79' lang='grc' dir='ltr'>θεότητα</span> <span class='ocrx_word' id='word_1_310' title='bbox 1178 3003 1191 3017; x_wconf 84' lang='lat'><strong><em>°</em></strong></span> <span class='ocrx_word' id='word_1_311' title='bbox 1221 2989 1405 3057; x_wconf 83' lang='grc' dir='ltr'>χρίσις</span> <span class='ocrx_word' id='word_1_312' title='bbox 1449 2986 1558 3055; x_wconf 75' lang='grc' dir='ltr'><strong>γὰρ</strong></span> <span class='ocrx_word' id='word_1_313' title='bbox 1605 2986 1740 3054; x_wconf 80' lang='grc' dir='ltr'>αὕτη</span> <span class='ocrx_word' id='word_1_314' title='bbox 1773 2990 1870 3057; x_wconf 77' lang='grc' dir='ltr'>τῆς</span> 
     </span>
    </p>
   </div>
   <div class='ocr_carea' id='block_1_46' title="bbox 289 3077 1871 3148">
    <p class='ocr_par' dir='ltr' id='par_1_46' title="bbox 289 3077 1871 3148">
     <span class='ocr_line' id='line_1_46' title="bbox 289 3077 1871 3148; baseline -0.001 -18"><span class='ocrx_word' id='word_1_315' title='bbox 289 3078 722 3146; x_wconf 73' lang='grc' dir='ltr'>ἀν’ρωπὸτητος</span> <span class='ocrx_word' id='word_1_316' title='bbox 755 3093 767 3108; x_wconf 92' lang='grc'><strong>·</strong></span> <span class='ocrx_word' id='word_1_317' title='bbox 833 3079 934 3130; x_wconf 79' lang='grc' dir='ltr'>οὐκ</span> <span class='ocrx_word' id='word_1_318' title='bbox 989 3079 1245 3148; x_wconf 73' lang='grc' dir='ltr'>ἐνεργείᾳ</span> <span class='ocrx_word' id='word_1_319' title='bbox 1306 3077 1446 3130; x_wconf 80' lang='grc' dir='ltr'>κατὰ</span> <span class='ocrx_word' id='word_1_320' title='bbox 1496 3079 1622 3140; x_wconf 80' lang='grc' dir='ltr'>τοὺς</span> <span class='ocrx_word' id='word_1_321' title='bbox 1676 3078 1871 3139; x_wconf 75' lang='grc' dir='ltr'>ἄλλους</span> 
     </span>
    </p>
   </div>
   <div class='ocr_carea' id='block_1_47' title="bbox 288 3169 1856 3242">
    <p class='ocr_par' dir='ltr' id='par_1_47' title="bbox 288 3169 1856 3242">
     <span class='ocr_line' id='line_1_47' title="bbox 288 3169 1856 3242; baseline -0.003 -18"><span class='ocrx_word' id='word_1_322' title='bbox 288 3174 331 3224; x_wconf 87' lang='grc' dir='ltr'>Χ</span> <span class='ocrx_word' id='word_1_323' title='bbox 345 3172 566 3239; x_wconf 72' lang='grc' dir='ltr'>ριστοῦς</span> <span class='ocrx_word' id='word_1_324' title='bbox 581 3172 902 3238; x_wconf 76' lang='grc' dir='ltr'>ἁγιάζουσα,</span> <span class='ocrx_word' id='word_1_325' title='bbox 928 3173 1202 3242; x_wconf 72' lang='grc' dir='ltr'><strong>παρουσίᾳ⁵</strong></span> <span class='ocrx_word' id='word_1_326' title='bbox 1218 3171 1273 3224; x_wconf 82' lang='grc' dir='ltr'><strong>δέ</strong></span> <span class='ocrx_word' id='word_1_327' title='bbox 1299 3171 1418 3224; x_wconf 79' lang='grc' dir='ltr'>ὅλου</span> <span class='ocrx_word' id='word_1_328' title='bbox 1438 3169 1531 3222; x_wconf 88' lang='grc' dir='ltr'><strong>τοῦ</strong></span> <span class='ocrx_word' id='word_1_329' title='bbox 1552 3170 1821 3240; x_wconf 81' lang='grc' dir='ltr'>χρίοντος.</span> <span class='ocrx_word' id='word_1_330' title='bbox 1840 3189 1856 3220; x_wconf 76' lang='grc' dir='ltr'><strong>ι</strong></span> 
     </span>
    </p>
   </div>
   <div class='ocr_carea' id='block_1_48' title="bbox 288 3259 1869 3328">
    <p class='ocr_par' dir='ltr' id='par_1_48' title="bbox 288 3259 1869 3328">
     <span class='ocr_line' id='line_1_48' title="bbox 288 3259 1869 3328; baseline -0.001 -17"><span class='ocrx_word' id='word_1_331' title='bbox 288 3259 471 3311; x_wconf 85' lang='grc' dir='ltr'>’ίόῦτο</span> <span class='ocrx_word' id='word_1_332' title='bbox 506 3261 598 3310; x_wconf 80' lang='grc' dir='ltr'><strong>καὶ</strong></span> <span class='ocrx_word' id='word_1_333' title='bbox 635 3263 785 3328; x_wconf 66' lang='grc' dir='ltr'>διοινῇ</span> <span class='ocrx_word' id='word_1_334' title='bbox 841 3260 1192 3322; x_wconf 83' lang='grc' dir='ltr'>συνελθόντες</span> <span class='ocrx_word' id='word_1_335' title='bbox 1232 3261 1279 3311; x_wconf 80' lang='lat' dir='ltr'><strong>oi</strong></span> <span class='ocrx_word' id='word_1_336' title='bbox 1325 3260 1578 3328; x_wconf 84' lang='grc' dir='ltr'>θεόσοφοι</span> <span class='ocrx_word' id='word_1_337' title='bbox 1627 3259 1869 3327; x_wconf 84' lang='grc' dir='ltr'>Πατέρες</span> 
     </span>
    </p>
   </div>
   <div class='ocr_carea' id='block_1_49' title="bbox 285 3353 1870 3422">
    <p class='ocr_par' dir='ltr' id='par_1_49' title="bbox 285 3353 1870 3422">
     <span class='ocr_line' id='line_1_49' title="bbox 285 3353 1870 3422; baseline -0.001 -18"><span class='ocrx_word' id='word_1_338' title='bbox 285 3354 547 3422; x_wconf 71' lang='grc' dir='ltr'>ἔδρασαν.</span> <span class='ocrx_word' id='word_1_339' title='bbox 580 3353 832 3422; x_wconf 77' lang='grc' dir='ltr'>καθάπερ</span> <span class='ocrx_word' id='word_1_340' title='bbox 866 3353 1111 3421; x_wconf 73' lang='grc' dir='ltr'>ἔφθημεν</span> <span class='ocrx_word' id='word_1_341' title='bbox 1147 3353 1416 3413; x_wconf 75' lang='grc' dir='ltr'>εἰπόντες,</span> <span class='ocrx_word' id='word_1_342' title='bbox 1475 3353 1707 3404; x_wconf 78' lang='grc' dir='ltr'>ἐνοικεῖν</span> <span class='ocrx_word' id='word_1_343' title='bbox 1735 3353 1870 3403; x_wconf 83' lang='grc' dir='ltr'>ἀπο-</span> 
     </span>
    </p>
   </div>
   <div class='ocr_carea' id='block_1_50' title="bbox 287 3442 1870 3513">
    <p class='ocr_par' dir='ltr' id='par_1_50' title="bbox 287 3442 1870 3513">
     <span class='ocr_line' id='line_1_50' title="bbox 287 3442 1870 3513; baseline 0.001 -21"><span class='ocrx_word' id='word_1_344' title='bbox 287 3444 602 3513; x_wconf 69' lang='grc' dir='ltr'>φηνάμενοι</span> <span class='ocrx_word' id='word_1_345' title='bbox 635 3444 732 3512; x_wconf 86' lang='grc' dir='ltr'>τὴν</span> <span class='ocrx_word' id='word_1_346' title='bbox 777 3444 1008 3512; x_wconf 85' lang='grc' dir='ltr'>θεότητα</span> <span class='ocrx_word' id='word_1_347' title='bbox 1037 3447 1146 3505; x_wconf 84' lang='grc' dir='ltr'>τοῖς</span> <span class='ocrx_word' id='word_1_348' title='bbox 1186 3444 1258 3506; x_wconf 87' lang='grc' dir='ltr'>ὠς</span> <span class='ocrx_word' id='word_1_349' title='bbox 1299 3443 1486 3513; x_wconf 71' lang='grc' dir='ltr'>χρεὼν</span> <span class='ocrx_word' id='word_1_350' title='bbox 1516 3442 1870 3512; x_wconf 82' lang='grc' dir='ltr'>κεκαθαρμέ-</span> 
     </span>
    </p>
   </div>
   <div class='ocr_carea' id='block_1_51' title="bbox 286 3533 1872 3604">
    <p class='ocr_par' dir='ltr' id='par_1_51' title="bbox 286 3533 1872 3604">
     <span class='ocr_line' id='line_1_51' title="bbox 286 3533 1872 3604; baseline -0.001 -16"><span class='ocrx_word' id='word_1_351' title='bbox 286 3553 428 3599; x_wconf 87' lang='grc' dir='ltr'>νοις,</span> <span class='ocrx_word' id='word_1_352' title='bbox 477 3535 596 3588; x_wconf 79' lang='grc' dir='ltr'>ἀλλ’</span> <span class='ocrx_word' id='word_1_353' title='bbox 633 3536 730 3604; x_wconf 80' lang='grc' dir='ltr'><strong>οὐχ</strong></span> <span class='ocrx_word' id='word_1_354' title='bbox 766 3535 840 3597; x_wconf 82' lang='grc' dir='ltr'><strong>ὡς</strong></span> <span class='ocrx_word' id='word_1_355' title='bbox 887 3535 1001 3603; x_wconf 72' lang='grc' dir='ltr'>ἔχει</span> <span class='ocrx_word' id='word_1_356' title='bbox 1055 3535 1291 3603; x_wconf 79' lang='grc' dir='ltr'>φύσεως.</span> <span class='ocrx_word' id='word_1_357' title='bbox 1331 3533 1466 3587; x_wconf 78' lang='grc' dir='ltr'>υῦτε</span> <span class='ocrx_word' id='word_1_358' title='bbox 1510 3535 1689 3587; x_wconf 88' lang='grc' dir='ltr'>τοίνυν</span> <span class='ocrx_word' id='word_1_359' title='bbox 1733 3533 1872 3586; x_wconf 74' lang='grc' dir='ltr'>κατὰ</span> 
     </span>
    </p>
   </div>
   <div class='ocr_carea' id='block_1_52' title="bbox 285 3626 1871 3696">
    <p class='ocr_par' dir='ltr' id='par_1_52' title="bbox 285 3626 1871 3696">
     <span class='ocr_line' id='line_1_52' title="bbox 285 3626 1871 3696; baseline 0.001 -18"><span class='ocrx_word' id='word_1_360' title='bbox 285 3627 392 3696; x_wconf 82' lang='grc' dir='ltr'>τὴν</span> <span class='ocrx_word' id='word_1_361' title='bbox 432 3627 649 3690; x_wconf 79' lang='grc' dir='ltr'>οὐσίαν,</span> <span class='ocrx_word' id='word_1_362' title='bbox 683 3626 808 3679; x_wconf 79' lang='grc' dir='ltr'>οὕτε</span> <span class='ocrx_word' id='word_1_363' title='bbox 856 3627 979 3678; x_wconf 83' lang='grc' dir='ltr'>καθ’</span> <span class='ocrx_word' id='word_1_364' title='bbox 1008 3626 1308 3678; x_wconf 77' lang='grc' dir='ltr'>ὑπόστασίν</span> <span class='ocrx_word' id='word_1_365' title='bbox 1348 3644 1490 3689; x_wconf 88' lang='grc' dir='ltr'>τινα,</span> <span class='ocrx_word' id='word_1_366' title='bbox 1525 3628 1751 3694; x_wconf 63' lang='grc' dir='ltr'>μέτοχος</span> <span class='ocrx_word' id='word_1_367' title='bbox 1789 3645 1871 3690; x_wconf 85' lang='grc' dir='ltr'><strong>τις</strong></span> 
     </span>
    </p>
   </div>
   <div class='ocr_carea' id='block_1_53' title="bbox 286 3716 1872 3786">
    <p class='ocr_par' dir='ltr' id='par_1_53' title="bbox 286 3716 1872 3786">
     <span class='ocr_line' id='line_1_53' title="bbox 286 3716 1872 3786; baseline 0.001 -17"><span class='ocrx_word' id='word_1_368' title='bbox 286 3719 505 3785; x_wconf 82' lang='grc' dir='ltr'>γίνεται</span> <span class='ocrx_word' id='word_1_369' title='bbox 539 3718 700 3771; x_wconf 87' lang='grc' dir='ltr'>Θεοῦ.</span> <span class='ocrx_word' id='word_1_370' title='bbox 754 3717 1054 3786; x_wconf 79' lang='grc' dir='ltr'>Μερίζεται</span> <span class='ocrx_word' id='word_1_371' title='bbox 1083 3719 1189 3786; x_wconf 70' lang='grc' dir='ltr'><strong>γὰρ</strong></span> <span class='ocrx_word' id='word_1_372' title='bbox 1220 3716 1426 3769; x_wconf 85' lang='grc' dir='ltr'>τούτων</span> <span class='ocrx_word' id='word_1_373' title='bbox 1462 3718 1724 3786; x_wconf 67' lang='grc' dir='ltr'>ἑκάτερον</span> <span class='ocrx_word' id='word_1_374' title='bbox 1761 3719 1872 3770; x_wconf 71' lang='grc' dir='ltr'>οὐδ’</span> 
     </span>
    </p>
   </div>
   <div class='ocr_carea' id='block_1_54' title="bbox 283 3807 1872 3876">
    <p class='ocr_par' dir='ltr' id='par_1_54' title="bbox 283 3807 1872 3876">
     <span class='ocr_line' id='line_1_54' title="bbox 283 3807 1872 3876; baseline 0 -15"><span class='ocrx_word' id='word_1_375' title='bbox 283 3807 564 3871; x_wconf 75' lang='grc' dir='ltr'><strong>ὁπωσοῦν,</strong></span> <span class='ocrx_word' id='word_1_376' title='bbox 601 3807 729 3860; x_wconf 78' lang='grc' dir='ltr'>οὐδὲ</span> <span class='ocrx_word' id='word_1_377' title='bbox 787 3807 1136 3876; x_wconf 75' lang='grc' dir='ltr'>μεταδίδοται</span> <span class='ocrx_word' id='word_1_378' title='bbox 1181 3808 1510 3876; x_wconf 79' lang='grc' dir='ltr'>τοπαράπαν</span> <span class='ocrx_word' id='word_1_379' title='bbox 1552 3808 1750 3860; x_wconf 72' lang='grc' dir='ltr'>οὐδενί.</span> <span class='ocrx_word' id='word_1_380' title='bbox 1783 3812 1872 3861; x_wconf 77' lang='grc' dir='ltr'><strong>Διὸ</strong></span> 
     </span>
    </p>
   </div>
   <div class='ocr_carea' id='block_1_55' title="bbox 285 3897 1869 3966">
    <p class='ocr_par' dir='ltr' id='par_1_55' title="bbox 285 3897 1869 3966">
     <span class='ocr_line' id='line_1_55' title="bbox 285 3897 1869 3966; baseline 0 -16"><span class='ocrx_word' id='word_1_381' title='bbox 285 3902 388 3950; x_wconf 67' lang='grc' dir='ltr'><strong>καὶ</strong></span> <span class='ocrx_word' id='word_1_382' title='bbox 411 3898 546 3949; x_wconf 82' lang='grc' dir='ltr'>πᾶσι</span> <span class='ocrx_word' id='word_1_383' title='bbox 586 3899 938 3949; x_wconf 80' lang='grc' dir='ltr'>παντάπασιν</span> <span class='ocrx_word' id='word_1_384' title='bbox 976 3897 1262 3966; x_wconf 69' lang='grc' dir='ltr'>ὰχώρητος</span> <span class='ocrx_word' id='word_1_385' title='bbox 1290 3900 1429 3948; x_wconf 77' lang='grc' dir='ltr'>κατὰ</span> <span class='ocrx_word' id='word_1_386' title='bbox 1461 3897 1633 3950; x_wconf 87' lang='grc' dir='ltr'>ταῦτα</span> <span class='ocrx_word' id='word_1_387' title='bbox 1662 3900 1687 3949; x_wconf 83' lang='grc' dir='ltr'>ὁ</span> <span class='ocrx_word' id='word_1_388' title='bbox 1717 3898 1869 3964; x_wconf 77' lang='grc' dir='ltr'>Θεὸς,</span> 
     </span>
    </p>
   </div>
   <div class='ocr_carea' id='block_1_56' title="bbox 281 3985 1870 4058">
    <p class='ocr_par' dir='ltr' id='par_1_56' title="bbox 281 3985 1870 4058">
     <span class='ocr_line' id='line_1_56' title="bbox 281 3985 1870 4058; baseline 0 -19"><span class='ocrx_word' id='word_1_389' title='bbox 281 3991 333 4040; x_wconf 80' lang='grc' dir='ltr'>εἰ</span> <span class='ocrx_word' id='word_1_390' title='bbox 369 3987 467 4038; x_wconf 75' lang='grc' dir='ltr'><strong>καὶ</strong></span> <span class='ocrx_word' id='word_1_391' title='bbox 498 3985 778 4056; x_wconf 77' lang='grc' dir='ltr'>πανταχοῦ</span> <span class='ocrx_word' id='word_1_392' title='bbox 822 3985 964 4038; x_wconf 85' lang='grc' dir='ltr'><strong>κατὰ</strong></span> <span class='ocrx_word' id='word_1_393' title='bbox 1011 3986 1183 4038; x_wconf 90' lang='grc' dir='ltr'>ταῦτα</span> <span class='ocrx_word' id='word_1_394' title='bbox 1217 3987 1471 4056; x_wconf 80' lang='grc' dir='ltr'>πάρεστι.</span> <span class='ocrx_word' id='word_1_395' title='bbox 1516 3987 1580 4040; x_wconf 81' lang='grc' dir='ltr'>Ἦ</span> <span class='ocrx_word' id='word_1_396' title='bbox 1627 3989 1683 4041; x_wconf 83' lang='grc' dir='ltr'>δὲ</span> <span class='ocrx_word' id='word_1_397' title='bbox 1717 3989 1870 4058; x_wconf 81' lang='grc' dir='ltr'>κοινὴ</span> 
     </span>
    </p>
   </div>
   <div class='ocr_carea' id='block_1_57' title="bbox 283 4075 1860 4146">
    <p class='ocr_par' dir='ltr' id='par_1_57' title="bbox 283 4075 1860 4146">
     <span class='ocr_line' id='line_1_57' title="bbox 283 4075 1860 4146; baseline -0.003 -17"><span class='ocrx_word' id='word_1_398' title='bbox 283 4078 388 4146; x_wconf 72' lang='grc' dir='ltr'>τῆς</span> <span class='ocrx_word' id='word_1_399' title='bbox 441 4077 884 4143; x_wconf 82' lang='grc' dir='ltr'>τρισυποστάτου</span> <span class='ocrx_word' id='word_1_400' title='bbox 944 4075 1159 4144; x_wconf 83' lang='grc' dir='ltr'>φύσεως</span> <span class='ocrx_word' id='word_1_401' title='bbox 1221 4075 1341 4127; x_wconf 80' lang='grc' dir='ltr'>Θεία</span> <span class='ocrx_word' id='word_1_402' title='bbox 1391 4077 1622 4146; x_wconf 84' lang='grc' dir='ltr'>δύναμίς</span> <span class='ocrx_word' id='word_1_403' title='bbox 1657 4096 1713 4131; x_wconf 86' lang='grc' dir='ltr'><strong>τε</strong></span> <span class='ocrx_word' id='word_1_404' title='bbox 1768 4081 1860 4131; x_wconf 75' lang='grc' dir='ltr'><strong>καὶ</strong></span> 
     </span>
    </p>
   </div>
   <div class='ocr_carea' id='block_1_58' title="bbox 282 4168 1868 4239">
    <p class='ocr_par' dir='ltr' id='par_1_58' title="bbox 282 4168 1868 4239">
     <span class='ocr_line' id='line_1_58' title="bbox 282 4168 1868 4239; baseline 0.001 -18"><span class='ocrx_word' id='word_1_405' title='bbox 282 4174 541 4236; x_wconf 72' lang='grc' dir='ltr'>ἐνέργεια</span> <span class='ocrx_word' id='word_1_406' title='bbox 597 4169 985 4239; x_wconf 80' lang='grc' dir='ltr'>ἀπεργαστική</span> <span class='ocrx_word' id='word_1_407' title='bbox 1036 4185 1095 4220; x_wconf 82' lang='grc' dir='ltr'>τε</span> <span class='ocrx_word' id='word_1_408' title='bbox 1131 4168 1238 4218; x_wconf 82' lang='grc' dir='ltr'>τῶν</span> <span class='ocrx_word' id='word_1_409' title='bbox 1271 4169 1427 4230; x_wconf 81' lang='grc' dir='ltr'>ἐκτός</span> <span class='ocrx_word' id='word_1_410' title='bbox 1474 4171 1615 4232; x_wconf 86' lang='grc' dir='ltr'>ἐστι,</span> <span class='ocrx_word' id='word_1_411' title='bbox 1659 4171 1753 4223; x_wconf 78' lang='grc' dir='ltr'><strong>καὶ</strong></span> <span class='ocrx_word' id='word_1_412' title='bbox 1789 4173 1868 4234; x_wconf 86' lang='grc' dir='ltr'><strong>είς</strong></span> 
     </span>
    </p>
   </div>
   <div class='ocr_carea' id='block_1_59' title="bbox 284 4258 1864 4331">
    <p class='ocr_par' dir='ltr' id='par_1_59' title="bbox 284 4258 1864 4331">
     <span class='ocr_line' id='line_1_59' title="bbox 284 4258 1864 4331; baseline 0.001 -19"><span class='ocrx_word' id='word_1_413' title='bbox 284 4263 467 4331; x_wconf 84' lang='grc' dir='ltr'>μυρία</span> <span class='ocrx_word' id='word_1_414' title='bbox 531 4258 848 4331; x_wconf 76' lang='grc' dir='ltr'>μερίζεται.</span> <span class='ocrx_word' id='word_1_415' title='bbox 912 4260 1333 4328; x_wconf 79' lang='grc' dir='ltr'>Παντοδύναμον</span> <span class='ocrx_word' id='word_1_416' title='bbox 1395 4260 1503 4329; x_wconf 77' lang='grc' dir='ltr'>γὰρ</span> <span class='ocrx_word' id='word_1_417' title='bbox 1562 4263 1622 4312; x_wconf 56' lang='grc' dir='ltr'><strong>τι</strong></span> <span class='ocrx_word' id='word_1_418' title='bbox 1692 4265 1864 4314; x_wconf 60' lang='lat' dir='ltr'><strong>eam.</strong></span> 
     </span>
    </p>
   </div>
   <div class='ocr_carea' id='block_1_60' title="bbox 280 4348 1864 4420">
    <p class='ocr_par' dir='ltr' id='par_1_60' title="bbox 280 4348 1864 4420">
     <span class='ocr_line' id='line_1_60' title="bbox 280 4348 1864 4420; baseline -0.001 -16"><span class='ocrx_word' id='word_1_419' title='bbox 280 4352 458 4404; x_wconf 83' lang='grc' dir='ltr'>Ταῦτ’</span> <span class='ocrx_word' id='word_1_420' title='bbox 513 4353 620 4420; x_wconf 65' lang='grc' dir='ltr'>ἄρα</span> <span class='ocrx_word' id='word_1_421' title='bbox 655 4353 749 4402; x_wconf 78' lang='grc' dir='ltr'>καὶ</span> <span class='ocrx_word' id='word_1_422' title='bbox 781 4351 968 4403; x_wconf 66' lang='grc' dir='ltr'>πολλοὶ</span> <span class='ocrx_word' id='word_1_423' title='bbox 1014 4352 1154 4402; x_wconf 78' lang='grc' dir='ltr'>κατὰ</span> <span class='ocrx_word' id='word_1_424' title='bbox 1207 4348 1410 4418; x_wconf 78' lang='grc' dir='ltr'>ταύτην</span> <span class='ocrx_word' id='word_1_425' title='bbox 1441 4349 1686 4402; x_wconf 83' lang='grc' dir='ltr'>ἐνοῦνται</span> <span class='ocrx_word' id='word_1_426' title='bbox 1725 4353 1864 4420; x_wconf 77' lang='grc' dir='ltr'>Θεῷ,</span> 
     </span>
    </p>
   </div>
   <div class='ocr_carea' id='block_1_61' title="bbox 283 4440 1868 4510">
    <p class='ocr_par' dir='ltr' id='par_1_61' title="bbox 283 4440 1868 4510">
     <span class='ocr_line' id='line_1_61' title="bbox 283 4440 1868 4510; baseline 0.001 -16"><span class='ocrx_word' id='word_1_427' title='bbox 283 4443 560 4504; x_wconf 79' lang='grc' dir='ltr'>ποικίλως</span> <span class='ocrx_word' id='word_1_428' title='bbox 601 4443 696 4495; x_wconf 72' lang='grc' dir='ltr'><strong>καὶ</strong></span> <span class='ocrx_word' id='word_1_429' title='bbox 743 4442 1022 4510; x_wconf 67' lang='grc' dir='ltr'>διαφόρως</span> <span class='ocrx_word' id='word_1_430' title='bbox 1061 4440 1229 4492; x_wconf 77' lang='grc' dir='ltr'>αὐτοῦ</span> <span class='ocrx_word' id='word_1_431' title='bbox 1281 4441 1621 4510; x_wconf 70' lang='grc' dir='ltr'>μετέχοντες.</span> <span class='ocrx_word' id='word_1_432' title='bbox 1675 4442 1782 4494; x_wconf 79' lang='grc' dir='ltr'><strong>Καὶ</strong></span> <span class='ocrx_word' id='word_1_433' title='bbox 1807 4444 1868 4496; x_wconf 75' lang='grc' dir='ltr'>τὸ</span> 
     </span>
    </p>
   </div>
   <div class='ocr_carea' id='block_1_62' title="bbox 1972 1876 3538 1943">
    <p class='ocr_par' dir='ltr' id='par_1_62' title="bbox 1972 1876 3538 1943">
     <span class='ocr_line' id='line_1_62' title="bbox 1972 1876 3538 1943; baseline 0.004 -15"><span class='ocrx_word' id='word_1_434' title='bbox 1972 1876 2186 1928; x_wconf 85' lang='lat' dir='ltr'><strong>ritatem</strong></span> <span class='ocrx_word' id='word_1_435' title='bbox 2223 1877 2524 1943; x_wconf 79' lang='lat' dir='ltr'><strong>superabit.</strong></span> <span class='ocrx_word' id='word_1_436' title='bbox 2558 1877 2652 1931; x_wconf 85' lang='lat' dir='ltr'><strong>sed</strong></span> <span class='ocrx_word' id='word_1_437' title='bbox 2693 1880 3025 1932; x_wconf 83' lang='lat' dir='ltr'><strong>asseclarum</strong></span> <span class='ocrx_word' id='word_1_438' title='bbox 3060 1897 3283 1936; x_wconf 85' lang='lat' dir='ltr'><strong>suorum</strong></span> <span class='ocrx_word' id='word_1_439' title='bbox 3322 1885 3538 1936; x_wconf 64' lang='lat' dir='ltr'><strong>dcmrw</strong></span> 
     </span>
    </p>
   </div>
   <div class='ocr_carea' id='block_1_63' title="bbox 1970 1968 3541 2041">
    <p class='ocr_par' dir='ltr' id='par_1_63' title="bbox 1970 1968 3541 2041">
     <span class='ocr_line' id='line_1_63' title="bbox 1970 1968 3541 2041; baseline 0.003 -21"><span class='ocrx_word' id='word_1_440' title='bbox 1970 1968 2097 2020; x_wconf 87' lang='lat' dir='ltr'><strong>tiam</strong></span> <span class='ocrx_word' id='word_1_441' title='bbox 2130 1968 2313 2021; x_wconf 80' lang='lat' dir='ltr'><strong>reddet</strong></span> <span class='ocrx_word' id='word_1_442' title='bbox 2338 1969 2748 2024; x_wconf 85' lang='lat' dir='ltr'><strong>evidentiorcm.</strong></span> <span class='ocrx_word' id='word_1_443' title='bbox 2783 1971 2991 2025; x_wconf 84' lang='lat' dir='ltr'><strong>Etenim</strong></span> <span class='ocrx_word' id='word_1_444' title='bbox 3026 1982 3221 2040; x_wconf 67' lang='lat' dir='ltr'><strong>prmtcr</strong></span> <span class='ocrx_word' id='word_1_445' title='bbox 3248 1974 3350 2027; x_wconf 88' lang='lat' dir='ltr'><strong>alia</strong></span> <span class='ocrx_word' id='word_1_446' title='bbox 3381 1975 3541 2041; x_wconf 72' lang='lat' dir='ltr'><strong>impia:</strong></span> 
     </span>
    </p>
   </div>
   <div class='ocr_carea' id='block_1_64' title="bbox 1969 2059 3540 2134">
    <p class='ocr_par' dir='ltr' id='par_1_64' title="bbox 1969 2059 3540 2134">
     <span class='ocr_line' id='line_1_64' title="bbox 1969 2059 3540 2134; baseline 0.004 -22"><span class='ocrx_word' id='word_1_447' title='bbox 1969 2060 2136 2118; x_wconf 85' lang='lat' dir='ltr'><strong>dicta,</strong></span> <span class='ocrx_word' id='word_1_448' title='bbox 2173 2059 2275 2128; x_wconf 82' lang='lat' dir='ltr'><strong>ipsi</strong></span> <span class='ocrx_word' id='word_1_449' title='bbox 2328 2059 2547 2115; x_wconf 79' lang='lat' dir='ltr'><strong>Christo</strong></span> <span class='ocrx_word' id='word_1_450' title='bbox 2596 2063 2753 2130; x_wconf 82' lang='lat' dir='ltr'><strong>(proh</strong></span> <span class='ocrx_word' id='word_1_451' title='bbox 2805 2065 3148 2133; x_wconf 68' lang='lat' dir='ltr'><strong>stultitiaml)</strong></span> <span class='ocrx_word' id='word_1_452' title='bbox 3201 2070 3540 2134; x_wconf 64' lang='lat' dir='ltr'><strong>superiorem</strong></span> 
     </span>
    </p>
   </div>
   <div class='ocr_carea' id='block_1_65' title="bbox 1970 2150 3540 2222">
    <p class='ocr_par' dir='ltr' id='par_1_65' title="bbox 1970 2150 3540 2222">
     <span class='ocr_line' id='line_1_65' title="bbox 1970 2150 3540 2222; baseline 0.006 -19"><span class='ocrx_word' id='word_1_453' title='bbox 1970 2165 2089 2203; x_wconf 85' lang='lat' dir='ltr'><strong>sese</strong></span> <span class='ocrx_word' id='word_1_454' title='bbox 2124 2150 2252 2204; x_wconf 80' lang='lat' dir='ltr'><strong>facit</strong></span> <span class='ocrx_word' id='word_1_455' title='bbox 2306 2152 2643 2220; x_wconf 78' lang='lat' dir='ltr'><strong>Acindynus,</strong></span> <span class='ocrx_word' id='word_1_456' title='bbox 2697 2155 2882 2209; x_wconf 87' lang='lat' dir='ltr'><strong>dicens</strong></span> <span class='ocrx_word' id='word_1_457' title='bbox 2905 2171 2963 2211; x_wconf 89' lang='lat' dir='ltr'><strong>se</strong></span> <span class='ocrx_word' id='word_1_458' title='bbox 3015 2158 3157 2212; x_wconf 92' lang='lat' dir='ltr'><strong>uniri</strong></span> <span class='ocrx_word' id='word_1_459' title='bbox 3185 2162 3279 2213; x_wconf 89' lang='lat' dir='ltr'><strong>toti</strong></span> <span class='ocrx_word' id='word_1_460' title='bbox 3325 2159 3454 2222; x_wconf 79' lang='grc' dir='ltr'>υιιυ,</span> <span class='ocrx_word' id='word_1_461' title='bbox 3491 2171 3540 2212; x_wconf 67' lang='lat' dir='ltr'><strong>et</strong></span> 
     </span>
    </p>
   </div>
   <div class='ocr_carea' id='block_1_66' title="bbox 1971 2243 3543 2320">
    <p class='ocr_par' dir='ltr' id='par_1_66' title="bbox 1971 2243 3543 2320">
     <span class='ocr_line' id='line_1_66' title="bbox 1971 2243 3543 2320; baseline 0.003 -24"><span class='ocrx_word' id='word_1_462' title='bbox 1971 2243 2238 2306; x_wconf 65' lang='grc' dir='ltr'>οεδθιιιίιιι,</span> <span class='ocrx_word' id='word_1_463' title='bbox 2278 2252 2331 2295; x_wconf 91' lang='lat' dir='ltr'><strong>et</strong></span> <span class='ocrx_word' id='word_1_464' title='bbox 2353 2245 2784 2312; x_wconf 84' lang='lat' dir='ltr'><strong>operationibus,</strong></span> <span class='ocrx_word' id='word_1_465' title='bbox 2820 2257 2874 2300; x_wconf 91' lang='lat' dir='ltr'><strong>et</strong></span> <span class='ocrx_word' id='word_1_466' title='bbox 2910 2250 3083 2304; x_wconf 86' lang='lat' dir='ltr'><strong>tribus</strong></span> <span class='ocrx_word' id='word_1_467' title='bbox 3137 2251 3332 2305; x_wconf 84' lang='lat' dir='ltr'><strong>divinis</strong></span> <span class='ocrx_word' id='word_1_468' title='bbox 3365 2269 3543 2320; x_wconf 68' lang='grc' dir='ltr'><strong>[ιρι-δυ-</strong></span> 
     </span>
    </p>
   </div>
   <div class='ocr_carea' id='block_1_67' title="bbox 1972 2335 3542 2412">
    <p class='ocr_par' dir='ltr' id='par_1_67' title="bbox 1972 2335 3542 2412">
     <span class='ocr_line' id='line_1_67' title="bbox 1972 2335 3542 2412; baseline 0.006 -25"><span class='ocrx_word' id='word_1_469' title='bbox 1972 2336 2077 2388; x_wconf 86' lang='lat' dir='ltr'><strong>nis.</strong></span> <span class='ocrx_word' id='word_1_470' title='bbox 2121 2335 2276 2399; x_wconf 79' lang='lat' dir='ltr'><strong>Quod</strong></span> <span class='ocrx_word' id='word_1_471' title='bbox 2310 2335 2354 2389; x_wconf 88' lang='lat' dir='ltr'><strong>si</strong></span> <span class='ocrx_word' id='word_1_472' title='bbox 2397 2336 2595 2390; x_wconf 80' lang='lat' dir='ltr'><strong>dixerit</strong></span> <span class='ocrx_word' id='word_1_473' title='bbox 2620 2353 2677 2392; x_wconf 91' lang='lat' dir='ltr'><strong>se</strong></span> <span class='ocrx_word' id='word_1_474' title='bbox 2714 2355 2808 2408; x_wconf 90' lang='lat' dir='ltr'><strong>per</strong></span> <span class='ocrx_word' id='word_1_475' title='bbox 2840 2356 3005 2394; x_wconf 88' lang='lat' dir='ltr'><strong>unam</strong></span> <span class='ocrx_word' id='word_1_476' title='bbox 3055 2343 3321 2397; x_wconf 75' lang='lat' dir='ltr'><strong>duntaxat</strong></span> <span class='ocrx_word' id='word_1_477' title='bbox 3357 2361 3542 2412; x_wconf 65' lang='lat' dir='ltr'><strong>permi-</strong></span> 
     </span>
    </p>
   </div>
   <div class='ocr_carea' id='block_1_68' title="bbox 1974 2427 3544 2500">
    <p class='ocr_par' dir='ltr' id='par_1_68' title="bbox 1974 2427 3544 2500">
     <span class='ocr_line' id='line_1_68' title="bbox 1974 2427 3544 2500; baseline 0.006 -23"><span class='ocrx_word' id='word_1_478' title='bbox 1974 2440 2164 2478; x_wconf 90' lang='lat' dir='ltr'><strong>narum</strong></span> <span class='ocrx_word' id='word_1_479' title='bbox 2208 2427 2348 2480; x_wconf 90' lang='lat' dir='ltr'><strong>uuiri</strong></span> <span class='ocrx_word' id='word_1_480' title='bbox 2383 2429 2478 2481; x_wconf 91' lang='lat' dir='ltr'><strong>toti</strong></span> <span class='ocrx_word' id='word_1_481' title='bbox 2523 2429 2631 2482; x_wconf 89' lang='lat' dir='ltr'><strong>Deo</strong></span> <span class='ocrx_word' id='word_1_482' title='bbox 2671 2430 2975 2500; x_wconf 66' lang='lat' dir='ltr'><strong>diviua‘que</strong></span> <span class='ocrx_word' id='word_1_483' title='bbox 3011 2436 3262 2488; x_wconf 76' lang='lat' dir='ltr'><strong>essentia:</strong></span> <span class='ocrx_word' id='word_1_484' title='bbox 3286 2445 3340 2489; x_wconf 91' lang='lat' dir='ltr'><strong>et</strong></span> <span class='ocrx_word' id='word_1_485' title='bbox 3367 2438 3544 2489; x_wconf 75' lang='lat' dir='ltr'><strong>omni-</strong></span> 
     </span>
    </p>
   </div>
   <div class='ocr_carea' id='block_1_69' title="bbox 1975 2517 3544 2592">
    <p class='ocr_par' dir='ltr' id='par_1_69' title="bbox 1975 2517 3544 2592">
     <span class='ocr_line' id='line_1_69' title="bbox 1975 2517 3544 2592; baseline 0.007 -21"><span class='ocrx_word' id='word_1_486' title='bbox 1975 2517 2076 2572; x_wconf 87' lang='lat' dir='ltr'><strong>bus</strong></span> <span class='ocrx_word' id='word_1_487' title='bbox 2107 2518 2307 2571; x_wconf 84' lang='lat' dir='ltr'><strong>divinis</strong></span> <span class='ocrx_word' id='word_1_488' title='bbox 2364 2521 2802 2589; x_wconf 81' lang='lat' dir='ltr'><strong>operationibus,</strong></span> <span class='ocrx_word' id='word_1_489' title='bbox 2842 2525 2941 2592; x_wconf 87' lang='lat' dir='ltr'><strong>ipsi</strong></span> <span class='ocrx_word' id='word_1_490' title='bbox 2976 2525 3194 2579; x_wconf 84' lang='lat' dir='ltr'><strong>Christo</strong></span> <span class='ocrx_word' id='word_1_491' title='bbox 3225 2543 3282 2580; x_wconf 90' lang='lat' dir='ltr'><strong>se</strong></span> <span class='ocrx_word' id='word_1_492' title='bbox 3313 2543 3418 2581; x_wconf 91' lang='lat' dir='ltr'><strong>non</strong></span> <span class='ocrx_word' id='word_1_493' title='bbox 3445 2531 3544 2582; x_wconf 77' lang='lat' dir='ltr'><strong>ab-</strong></span> 
     </span>
    </p>
   </div>
   <div class='ocr_carea' id='block_1_70' title="bbox 1973 2609 3543 2692">
    <p class='ocr_par' dir='ltr' id='par_1_70' title="bbox 1973 2609 3543 2692">
     <span class='ocr_line' id='line_1_70' title="bbox 1973 2609 3543 2692; baseline 0.006 -28"><span class='ocrx_word' id='word_1_494' title='bbox 1973 2610 2205 2664; x_wconf 88' lang='lat' dir='ltr'><strong>similem</strong></span> <span class='ocrx_word' id='word_1_495' title='bbox 2233 2613 2450 2665; x_wconf 87' lang='lat' dir='ltr'><strong>asserit.</strong></span> <span class='ocrx_word' id='word_1_496' title='bbox 2492 2609 2690 2667; x_wconf 75' lang='lat' dir='ltr'><strong>Verum</strong></span> <span class='ocrx_word' id='word_1_497' title='bbox 2720 2618 2924 2670; x_wconf 91' lang='lat' dir='ltr'><strong>multus</strong></span> <span class='ocrx_word' id='word_1_498' title='bbox 2961 2617 3011 2669; x_wconf 90' lang='lat' dir='ltr'><strong>in</strong></span> <span class='ocrx_word' id='word_1_499' title='bbox 3043 2619 3306 2688; x_wconf 52' lang='lat' dir='ltr'><strong>theolotgia</strong></span> <span class='ocrx_word' id='word_1_500' title='bbox 3339 2619 3543 2692; x_wconf 73' lang='lat' dir='ltr'><strong>Grego-</strong></span> 
     </span>
    </p>
   </div>
   <div class='ocr_carea' id='block_1_71' title="bbox 1975 2705 3542 2777">
    <p class='ocr_par' dir='ltr' id='par_1_71' title="bbox 1975 2705 3542 2777">
     <span class='ocr_line' id='line_1_71' title="bbox 1975 2705 3542 2777; baseline 0.006 -21"><span class='ocrx_word' id='word_1_501' title='bbox 1975 2705 2088 2758; x_wconf 87' lang='lat' dir='ltr'><strong>rius</strong></span> <span class='ocrx_word' id='word_1_502' title='bbox 2120 2707 2255 2758; x_wconf 88' lang='lat' dir='ltr'><strong>istos</strong></span> <span class='ocrx_word' id='word_1_503' title='bbox 2284 2715 2528 2760; x_wconf 89' lang='lat' dir='ltr'><strong>amentes</strong></span> <span class='ocrx_word' id='word_1_504' title='bbox 2553 2708 2875 2777; x_wconf 80' lang='lat' dir='ltr'><strong>ineptosque</strong></span> <span class='ocrx_word' id='word_1_505' title='bbox 2909 2712 2962 2762; x_wconf 86' lang='lat' dir='ltr'><strong>in</strong></span> <span class='ocrx_word' id='word_1_506' title='bbox 3000 2721 3345 2766; x_wconf 84' lang='lat' dir='ltr'><strong>antecessum</strong></span> <span class='ocrx_word' id='word_1_507' title='bbox 3381 2716 3542 2768; x_wconf 83' lang='lat' dir='ltr'><strong>ret&#39;el-</strong></span> 
     </span>
    </p>
   </div>
   <div class='ocr_carea' id='block_1_72' title="bbox 1976 2795 3536 2870">
    <p class='ocr_par' dir='ltr' id='par_1_72' title="bbox 1976 2795 3536 2870">
     <span class='ocr_line' id='line_1_72' title="bbox 1976 2795 3536 2870; baseline 0.004 -23"><span class='ocrx_word' id='word_1_508' title='bbox 1976 2796 2111 2857; x_wconf 87' lang='lat' dir='ltr'><strong>lens,</strong></span> <span class='ocrx_word' id='word_1_509' title='bbox 2143 2795 2304 2849; x_wconf 75' lang='lat' dir='ltr'><strong>dicit:</strong></span> <span class='ocrx_word' id='word_1_510' title='bbox 2375 2798 2652 2851; x_wconf 71' lang='lat' dir='ltr'><strong>«Christus</strong></span> <span class='ocrx_word' id='word_1_511' title='bbox 2702 2810 2896 2854; x_wconf 89' lang='lat' dir='ltr'><strong>unctus</strong></span> <span class='ocrx_word' id='word_1_512' title='bbox 2931 2811 3013 2856; x_wconf 87' lang='lat' dir='ltr'><strong>est</strong></span> <span class='ocrx_word' id='word_1_513' title='bbox 3047 2819 3139 2870; x_wconf 87' lang='lat' dir='ltr'><strong>per</strong></span> <span class='ocrx_word' id='word_1_514' title='bbox 3166 2804 3536 2858; x_wconf 79' lang='lat' dir='ltr'><strong>divinitate-in:</strong></span> 
     </span>
    </p>
   </div>
   <div class='ocr_carea' id='block_1_73' title="bbox 1978 2887 3544 2963">
    <p class='ocr_par' dir='ltr' id='par_1_73' title="bbox 1978 2887 3544 2963">
     <span class='ocr_line' id='line_1_73' title="bbox 1978 2887 3544 2963; baseline 0.008 -25"><span class='ocrx_word' id='word_1_515' title='bbox 1978 2887 2090 2940; x_wconf 68' lang='grc' dir='ltr'><strong>ΙηὨο</strong></span> <span class='ocrx_word' id='word_1_516' title='bbox 2118 2888 2258 2940; x_wconf 87' lang='lat' dir='ltr'><strong>enim</strong></span> <span class='ocrx_word' id='word_1_517' title='bbox 2296 2890 2479 2943; x_wconf 87' lang='lat' dir='ltr'><strong>unctio</strong></span> <span class='ocrx_word' id='word_1_518' title='bbox 2515 2890 2866 2946; x_wconf 82' lang='lat' dir='ltr'><strong>humanitatis</strong></span> <span class='ocrx_word' id='word_1_519' title='bbox 2902 2910 3010 2947; x_wconf 84' lang='lat' dir='ltr'><strong>non</strong></span> <span class='ocrx_word' id='word_1_520' title='bbox 3073 2899 3392 2963; x_wconf 81' lang='lat' dir='ltr'><strong>Operatione</strong></span> <span class='ocrx_word' id='word_1_521' title='bbox 3420 2916 3544 2950; x_wconf 75' lang='lat' dir='ltr'><strong>San-</strong></span> 
     </span>
    </p>
   </div>
   <div class='ocr_carea' id='block_1_74' title="bbox 1975 2977 3543 3056">
    <p class='ocr_par' dir='ltr' id='par_1_74' title="bbox 1975 2977 3543 3056">
     <span class='ocr_line' id='line_1_74' title="bbox 1975 2977 3543 3056; baseline 0.006 -24"><span class='ocrx_word' id='word_1_522' title='bbox 1975 2977 2203 3041; x_wconf 85' lang='lat' dir='ltr'><strong>ctilicat,</strong></span> <span class='ocrx_word' id='word_1_523' title='bbox 2253 2980 2395 3034; x_wconf 88' lang='lat' dir='ltr'><strong>sicut</strong></span> <span class='ocrx_word' id='word_1_524' title='bbox 2451 2982 2588 3036; x_wconf 89' lang='lat' dir='ltr'><strong>alios</strong></span> <span class='ocrx_word' id='word_1_525' title='bbox 2617 2984 2874 3050; x_wconf 85' lang='lat' dir='ltr'><strong>cbristos,</strong></span> <span class='ocrx_word' id='word_1_526' title='bbox 2910 2987 3003 3039; x_wconf 84' lang='lat' dir='ltr'><strong>sed</strong></span> <span class='ocrx_word' id='word_1_527' title='bbox 3037 2989 3326 3056; x_wconf 63' lang='lat' dir='ltr'><strong>presentia</strong></span> <span class='ocrx_word' id='word_1_528' title='bbox 3379 2992 3543 3043; x_wconf 82' lang='lat' dir='ltr'><strong>totius</strong></span> 
     </span>
    </p>
   </div>
   <div class='ocr_carea' id='block_1_75' title="bbox 1976 3073 3542 3146">
    <p class='ocr_par' dir='ltr' id='par_1_75' title="bbox 1976 3073 3542 3146">
     <span class='ocr_line' id='line_1_75' title="bbox 1976 3073 3542 3146; baseline 0.008 -24"><span class='ocrx_word' id='word_1_529' title='bbox 1976 3073 2248 3137; x_wconf 73' lang='lat' dir='ltr'><strong>ringentis.</strong></span> <span class='ocrx_word' id='word_1_530' title='bbox 2275 3091 2292 3122; x_wconf 73' lang='grc' dir='ltr'><strong>ι</strong></span> <span class='ocrx_word' id='word_1_531' title='bbox 2341 3073 2578 3142; x_wconf 88' lang='lat' dir='ltr'><strong>ldipsum</strong></span> <span class='ocrx_word' id='word_1_532' title='bbox 2634 3078 2913 3146; x_wconf 73' lang='lat' dir='ltr'><strong>congressi</strong></span> <span class='ocrx_word' id='word_1_533' title='bbox 2945 3078 2995 3131; x_wconf 91' lang='lat' dir='ltr'><strong>in</strong></span> <span class='ocrx_word' id='word_1_534' title='bbox 3025 3080 3312 3134; x_wconf 84' lang='lat' dir='ltr'><strong>concilium</strong></span> <span class='ocrx_word' id='word_1_535' title='bbox 3355 3080 3542 3135; x_wconf 76' lang='lat' dir='ltr'><strong>Patres</strong></span> 
     </span>
    </p>
   </div>
   <div class='ocr_carea' id='block_1_76' title="bbox 1925 3163 3538 3236">
    <p class='ocr_par' dir='ltr' id='par_1_76' title="bbox 1925 3163 3538 3236">
     <span class='ocr_line' id='line_1_76' title="bbox 1925 3163 3538 3236; baseline 0.008 -20"><span class='ocrx_word' id='word_1_536' title='bbox 1925 3217 1940 3234; x_wconf 63' lang='grc'><strong>,</strong></span> <span class='ocrx_word' id='word_1_537' title='bbox 1976 3163 2239 3217; x_wconf 90' lang='lat' dir='ltr'><strong>divinitus</strong></span> <span class='ocrx_word' id='word_1_538' title='bbox 2262 3165 2588 3230; x_wconf 83' lang='lat' dir='ltr'><strong>docuerunt,</strong></span> <span class='ocrx_word' id='word_1_539' title='bbox 2633 3179 2690 3220; x_wconf 90' lang='lat' dir='ltr'><strong>ut</strong></span> <span class='ocrx_word' id='word_1_540' title='bbox 2714 3180 2870 3222; x_wconf 82' lang='lat' dir='ltr'><strong>antea</strong></span> <span class='ocrx_word' id='word_1_541' title='bbox 2901 3171 3163 3236; x_wconf 78' lang='lat' dir='ltr'><strong>diximus,</strong></span> <span class='ocrx_word' id='word_1_542' title='bbox 3196 3178 3538 3229; x_wconf 80' lang='lat' dir='ltr'><strong>Osteadendo</strong></span> 
     </span>
    </p>
   </div>
   <div class='ocr_carea' id='block_1_77' title="bbox 1977 3254 3542 3330">
    <p class='ocr_par' dir='ltr' id='par_1_77' title="bbox 1977 3254 3542 3330">
     <span class='ocr_line' id='line_1_77' title="bbox 1977 3254 3542 3330; baseline 0.008 -25"><span class='ocrx_word' id='word_1_543' title='bbox 1977 3254 2027 3306; x_wconf 91' lang='lat' dir='ltr'><strong>in</strong></span> <span class='ocrx_word' id='word_1_544' title='bbox 2054 3254 2118 3308; x_wconf 90' lang='lat' dir='ltr'><strong>iis</strong></span> <span class='ocrx_word' id='word_1_545' title='bbox 2147 3254 2240 3322; x_wconf 90' lang='lat' dir='ltr'><strong>qui</strong></span> <span class='ocrx_word' id='word_1_546' title='bbox 2265 3264 2391 3309; x_wconf 89' lang='lat' dir='ltr'><strong>sunt</strong></span> <span class='ocrx_word' id='word_1_547' title='bbox 2422 3257 2563 3311; x_wconf 83' lang='lat' dir='ltr'><strong>sicut</strong></span> <span class='ocrx_word' id='word_1_548' title='bbox 2615 3270 2826 3328; x_wconf 87' lang='lat' dir='ltr'><strong>oportet</strong></span> <span class='ocrx_word' id='word_1_549' title='bbox 2858 3263 3090 3330; x_wconf 77' lang='lat' dir='ltr'><strong>purgati,</strong></span> <span class='ocrx_word' id='word_1_550' title='bbox 3124 3265 3430 3320; x_wconf 84' lang='lat' dir='ltr'><strong>inhabitare</strong></span> <span class='ocrx_word' id='word_1_551' title='bbox 3459 3269 3509 3320; x_wconf 92' lang='lat' dir='ltr'><strong>di</strong></span> <span class='ocrx_word' id='word_1_552' title='bbox 3530 3295 3542 3307; x_wconf 91' lang='lat'><strong>-</strong></span> 
     </span>
    </p>
   </div>
   <div class='ocr_carea' id='block_1_78' title="bbox 1976 3344 3543 3420">
    <p class='ocr_par' dir='ltr' id='par_1_78' title="bbox 1976 3344 3543 3420">
     <span class='ocr_line' id='line_1_78' title="bbox 1976 3344 3543 3420; baseline 0.012 -25"><span class='ocrx_word' id='word_1_553' title='bbox 1976 3344 2283 3410; x_wconf 84' lang='lat' dir='ltr'><strong>viuitatem,</strong></span> <span class='ocrx_word' id='word_1_554' title='bbox 2344 3362 2450 3400; x_wconf 90' lang='lat' dir='ltr'><strong>nou</strong></span> <span class='ocrx_word' id='word_1_555' title='bbox 2475 3357 2653 3402; x_wconf 88' lang='lat' dir='ltr'><strong>tamen</strong></span> <span class='ocrx_word' id='word_1_556' title='bbox 2704 3361 2971 3420; x_wconf 85' lang='lat' dir='ltr'><strong>quatenus</strong></span> <span class='ocrx_word' id='word_1_557' title='bbox 3021 3366 3106 3409; x_wconf 85' lang='lat' dir='ltr'><strong>est</strong></span> <span class='ocrx_word' id='word_1_558' title='bbox 3163 3367 3394 3414; x_wconf 85' lang='lat' dir='ltr'><strong>natura;</strong></span> <span class='ocrx_word' id='word_1_559' title='bbox 3447 3376 3543 3414; x_wconf 82' lang='lat' dir='ltr'><strong>nec</strong></span> 
     </span>
    </p>
   </div>
   <div class='ocr_carea' id='block_1_79' title="bbox 1976 3436 3543 3505">
    <p class='ocr_par' dir='ltr' id='par_1_79' title="bbox 1976 3436 3543 3505">
     <span class='ocr_line' id='line_1_79' title="bbox 1976 3436 3543 3505; baseline 0.011 -17"><span class='ocrx_word' id='word_1_560' title='bbox 1976 3436 2203 3503; x_wconf 85' lang='lat' dir='ltr'><strong>proinde</strong></span> <span class='ocrx_word' id='word_1_561' title='bbox 2237 3439 2534 3492; x_wconf 87' lang='lat' dir='ltr'><strong>secundum</strong></span> <span class='ocrx_word' id='word_1_562' title='bbox 2575 3444 2868 3495; x_wconf 86' lang='lat' dir='ltr'><strong>essentiam</strong></span> <span class='ocrx_word' id='word_1_563' title='bbox 2902 3455 2996 3498; x_wconf 88' lang='lat' dir='ltr'><strong>aut</strong></span> <span class='ocrx_word' id='word_1_564' title='bbox 3049 3449 3347 3500; x_wconf 87' lang='lat' dir='ltr'><strong>secundum</strong></span> <span class='ocrx_word' id='word_1_565' title='bbox 3381 3466 3543 3505; x_wconf 77' lang='lat' dir='ltr'><strong>unam</strong></span> 
     </span>
    </p>
   </div>
   <div class='ocr_carea' id='block_1_80' title="bbox 1975 3531 3542 3604">
    <p class='ocr_par' dir='ltr' id='par_1_80' title="bbox 1975 3531 3542 3604">
     <span class='ocr_line' id='line_1_80' title="bbox 1975 3531 3542 3604; baseline 0.01 -25"><span class='ocrx_word' id='word_1_566' title='bbox 1975 3542 2261 3596; x_wconf 76' lang='lat' dir='ltr'><strong>personam</strong></span> <span class='ocrx_word' id='word_1_567' title='bbox 2301 3531 2358 3583; x_wconf 87' lang='lat' dir='ltr'><strong>lit</strong></span> <span class='ocrx_word' id='word_1_568' title='bbox 2400 3531 2580 3600; x_wconf 89' lang='lat' dir='ltr'><strong>aliqua</strong></span> <span class='ocrx_word' id='word_1_569' title='bbox 2610 3531 2698 3587; x_wconf 90' lang='lat' dir='ltr'><strong>Dei</strong></span> <span class='ocrx_word' id='word_1_570' title='bbox 2732 3536 3114 3604; x_wconf 78' lang='lat' dir='ltr'><strong>participatiu;</strong></span> <span class='ocrx_word' id='word_1_571' title='bbox 3173 3539 3364 3592; x_wconf 89' lang='lat' dir='ltr'><strong>harum</strong></span> <span class='ocrx_word' id='word_1_572' title='bbox 3397 3545 3542 3595; x_wconf 91' lang='lat' dir='ltr'><strong>enim</strong></span> 
     </span>
    </p>
   </div>
   <div class='ocr_carea' id='block_1_81' title="bbox 1978 3620 3544 3692">
    <p class='ocr_par' dir='ltr' id='par_1_81' title="bbox 1978 3620 3544 3692">
     <span class='ocr_line' id='line_1_81' title="bbox 1978 3620 3544 3692; baseline 0.009 -22"><span class='ocrx_word' id='word_1_573' title='bbox 1978 3627 2206 3687; x_wconf 75' lang='lat' dir='ltr'><strong>utraque</strong></span> <span class='ocrx_word' id='word_1_574' title='bbox 2236 3620 2545 3676; x_wconf 88' lang='lat' dir='ltr'><strong>nullatenus</strong></span> <span class='ocrx_word' id='word_1_575' title='bbox 2572 3625 2891 3692; x_wconf 85' lang='lat' dir='ltr'><strong>dispertitur</strong></span> <span class='ocrx_word' id='word_1_576' title='bbox 2921 3642 3018 3682; x_wconf 84' lang='lat' dir='ltr'><strong>nec</strong></span> <span class='ocrx_word' id='word_1_577' title='bbox 3050 3630 3144 3682; x_wconf 92' lang='lat' dir='ltr'><strong>ulli</strong></span> <span class='ocrx_word' id='word_1_578' title='bbox 3174 3634 3544 3684; x_wconf 88' lang='lat' dir='ltr'><strong>communica-</strong></span> 
     </span>
    </p>
   </div>
   <div class='ocr_carea' id='block_1_82' title="bbox 1977 3709 3541 3784">
    <p class='ocr_par' dir='ltr' id='par_1_82' title="bbox 1977 3709 3541 3784">
     <span class='ocr_line' id='line_1_82' title="bbox 1977 3709 3541 3784; baseline 0.01 -22"><span class='ocrx_word' id='word_1_579' title='bbox 1977 3719 2085 3771; x_wconf 90' lang='lat' dir='ltr'><strong>tur,</strong></span> <span class='ocrx_word' id='word_1_580' title='bbox 2120 3709 2346 3779; x_wconf 86' lang='lat' dir='ltr'><strong>ideoque</strong></span> <span class='ocrx_word' id='word_1_581' title='bbox 2375 3713 2676 3766; x_wconf 89' lang='lat' dir='ltr'><strong>secundum</strong></span> <span class='ocrx_word' id='word_1_582' title='bbox 2709 3715 2854 3784; x_wconf 88' lang='lat' dir='ltr'><strong>ipsas</strong></span> <span class='ocrx_word' id='word_1_583' title='bbox 2881 3719 3071 3772; x_wconf 90' lang='lat' dir='ltr'><strong>nullibi</strong></span> <span class='ocrx_word' id='word_1_584' title='bbox 3102 3720 3241 3774; x_wconf 80' lang='lat' dir='ltr'><strong>Deus</strong></span> <span class='ocrx_word' id='word_1_585' title='bbox 3273 3723 3541 3777; x_wconf 76' lang='lat' dir='ltr'><strong>contineri</strong></span> 
     </span>
    </p>
   </div>
   <div class='ocr_carea' id='block_1_83' title="bbox 1975 3799 3539 3876">
    <p class='ocr_par' dir='ltr' id='par_1_83' title="bbox 1975 3799 3539 3876">
     <span class='ocr_line' id='line_1_83' title="bbox 1975 3799 3539 3876; baseline 0.011 -28"><span class='ocrx_word' id='word_1_586' title='bbox 1975 3806 2172 3863; x_wconf 84' lang='lat' dir='ltr'><strong>potest,</strong></span> <span class='ocrx_word' id='word_1_587' title='bbox 2216 3799 2338 3851; x_wconf 84' lang='lat' dir='ltr'><strong>licet</strong></span> <span class='ocrx_word' id='word_1_588' title='bbox 2368 3800 2670 3852; x_wconf 89' lang='lat' dir='ltr'><strong>secundum</strong></span> <span class='ocrx_word' id='word_1_589' title='bbox 2707 3804 2925 3856; x_wconf 87' lang='lat' dir='ltr'><strong>easdem</strong></span> <span class='ocrx_word' id='word_1_590' title='bbox 2952 3807 3021 3858; x_wconf 92' lang='lat' dir='ltr'><strong>sit</strong></span> <span class='ocrx_word' id='word_1_591' title='bbox 3049 3808 3249 3876; x_wconf 85' lang='lat' dir='ltr'><strong>ubique</strong></span> <span class='ocrx_word' id='word_1_592' title='bbox 3283 3825 3539 3876; x_wconf 54' lang='lat' dir='ltr'><strong>pratscns.</strong></span> 
     </span>
    </p>
   </div>
   <div class='ocr_carea' id='block_1_84' title="bbox 1976 3882 3544 3965">
    <p class='ocr_par' dir='ltr' id='par_1_84' title="bbox 1976 3882 3544 3965">
     <span class='ocr_line' id='line_1_84' title="bbox 1976 3882 3544 3965; baseline 0.011 -30"><span class='ocrx_word' id='word_1_593' title='bbox 1976 3882 2209 3938; x_wconf 77' lang='lat' dir='ltr'><strong>Eeontra</strong></span> <span class='ocrx_word' id='word_1_594' title='bbox 2241 3889 2552 3943; x_wconf 85' lang='lat' dir='ltr'><strong>communis</strong></span> <span class='ocrx_word' id='word_1_595' title='bbox 2596 3890 2772 3945; x_wconf 89' lang='lat' dir='ltr'><strong>tribus</strong></span> <span class='ocrx_word' id='word_1_596' title='bbox 2800 3891 2996 3947; x_wconf 64' lang='lat' dir='ltr'><strong>divinae</strong></span> <span class='ocrx_word' id='word_1_597' title='bbox 3033 3906 3240 3949; x_wconf 76' lang='lat' dir='ltr'><strong>natura:</strong></span> <span class='ocrx_word' id='word_1_598' title='bbox 3296 3901 3544 3965; x_wconf 83' lang='lat' dir='ltr'><strong>personis</strong></span> 
     </span>
    </p>
   </div>
   <div class='ocr_carea' id='block_1_85' title="bbox 1975 3976 3543 4046">
    <p class='ocr_par' dir='ltr' id='par_1_85' title="bbox 1975 3976 3543 4046">
     <span class='ocr_line' id='line_1_85' title="bbox 1975 3976 3543 4046; baseline 0.011 -19"><span class='ocrx_word' id='word_1_599' title='bbox 1975 3976 2209 4045; x_wconf 88' lang='lat' dir='ltr'><strong>potentia</strong></span> <span class='ocrx_word' id='word_1_600' title='bbox 2240 3989 2289 4031; x_wconf 88' lang='lat' dir='ltr'><strong>et</strong></span> <span class='ocrx_word' id='word_1_601' title='bbox 2322 3981 2564 4046; x_wconf 85' lang='lat' dir='ltr'><strong>operatio</strong></span> <span class='ocrx_word' id='word_1_602' title='bbox 2611 3982 2738 4035; x_wconf 77' lang='lat' dir='ltr'><strong>facit</strong></span> <span class='ocrx_word' id='word_1_603' title='bbox 2784 3984 3052 4038; x_wconf 82' lang='lat' dir='ltr'><strong>exteriora</strong></span> <span class='ocrx_word' id='word_1_604' title='bbox 3097 3994 3149 4039; x_wconf 89' lang='lat' dir='ltr'><strong>et</strong></span> <span class='ocrx_word' id='word_1_605' title='bbox 3181 3987 3374 4042; x_wconf 88' lang='lat' dir='ltr'><strong>millies</strong></span> <span class='ocrx_word' id='word_1_606' title='bbox 3401 3991 3543 4044; x_wconf 88' lang='lat' dir='ltr'><strong>divi-</strong></span> 
     </span>
    </p>
   </div>
   <div class='ocr_carea' id='block_1_86' title="bbox 1974 4069 3542 4143">
    <p class='ocr_par' dir='ltr' id='par_1_86' title="bbox 1974 4069 3542 4143">
     <span class='ocr_line' id='line_1_86' title="bbox 1974 4069 3542 4143; baseline 0.007 -22"><span class='ocrx_word' id='word_1_607' title='bbox 1974 4069 2142 4134; x_wconf 81' lang='lat' dir='ltr'><strong>ditur,</strong></span> <span class='ocrx_word' id='word_1_608' title='bbox 2175 4085 2294 4122; x_wconf 86' lang='lat' dir='ltr'><strong>cuui</strong></span> <span class='ocrx_word' id='word_1_609' title='bbox 2333 4069 2473 4124; x_wconf 85' lang='lat' dir='ltr'><strong>Deus</strong></span> <span class='ocrx_word' id='word_1_610' title='bbox 2498 4072 2568 4126; x_wconf 93' lang='lat' dir='ltr'><strong>sit</strong></span> <span class='ocrx_word' id='word_1_611' title='bbox 2597 4074 2972 4143; x_wconf 70' lang='lat' dir='ltr'><strong>omnipotens;</strong></span> <span class='ocrx_word' id='word_1_612' title='bbox 3011 4087 3061 4130; x_wconf 90' lang='lat' dir='ltr'><strong>et</strong></span> <span class='ocrx_word' id='word_1_613' title='bbox 3091 4080 3388 4132; x_wconf 87' lang='lat' dir='ltr'><strong>secundum</strong></span> <span class='ocrx_word' id='word_1_614' title='bbox 3421 4097 3542 4134; x_wconf 86' lang='lat' dir='ltr'><strong>eam</strong></span> 
     </span>
    </p>
   </div>
   <div class='ocr_carea' id='block_1_87' title="bbox 1975 4162 3546 4236">
    <p class='ocr_par' dir='ltr' id='par_1_87' title="bbox 1975 4162 3546 4236">
     <span class='ocr_line' id='line_1_87' title="bbox 1975 4162 3546 4236; baseline 0.008 -24"><span class='ocrx_word' id='word_1_615' title='bbox 1975 4162 2126 4213; x_wconf 90' lang='lat' dir='ltr'><strong>multi</strong></span> <span class='ocrx_word' id='word_1_616' title='bbox 2165 4163 2270 4213; x_wconf 87' lang='lat' dir='ltr'><strong>Deo</strong></span> <span class='ocrx_word' id='word_1_617' title='bbox 2303 4163 2589 4225; x_wconf 88' lang='lat' dir='ltr'><strong>uniuntur,</strong></span> <span class='ocrx_word' id='word_1_618' title='bbox 2636 4165 2786 4218; x_wconf 89' lang='lat' dir='ltr'><strong>varie</strong></span> <span class='ocrx_word' id='word_1_619' title='bbox 2821 4180 2885 4219; x_wconf 88' lang='lat' dir='ltr'><strong>ac</strong></span> <span class='ocrx_word' id='word_1_620' title='bbox 2933 4169 3143 4221; x_wconf 83' lang='lat' dir='ltr'><strong>diverse</strong></span> <span class='ocrx_word' id='word_1_621' title='bbox 3176 4183 3293 4222; x_wconf 89' lang='lat' dir='ltr'><strong>eam</strong></span> <span class='ocrx_word' id='word_1_622' title='bbox 3331 4173 3546 4236; x_wconf 87' lang='lat' dir='ltr'><strong>partici-</strong></span> 
     </span>
    </p>
   </div>
   <div class='ocr_carea' id='block_1_88' title="bbox 1975 4252 3545 4328">
    <p class='ocr_par' dir='ltr' id='par_1_88' title="bbox 1975 4252 3545 4328">
     <span class='ocr_line' id='line_1_88' title="bbox 1975 4252 3545 4328; baseline 0.006 -23"><span class='ocrx_word' id='word_1_623' title='bbox 1975 4262 2183 4320; x_wconf 81' lang='lat' dir='ltr'><strong>pautes.</strong></span> <span class='ocrx_word' id='word_1_624' title='bbox 2214 4252 2345 4306; x_wconf 87' lang='lat' dir='ltr'><strong>l’ars</strong></span> <span class='ocrx_word' id='word_1_625' title='bbox 2367 4256 2509 4306; x_wconf 91' lang='lat' dir='ltr'><strong>enim</strong></span> <span class='ocrx_word' id='word_1_626' title='bbox 2547 4255 2882 4323; x_wconf 83' lang='lat' dir='ltr'><strong>operationis</strong></span> <span class='ocrx_word' id='word_1_627' title='bbox 2914 4273 3104 4310; x_wconf 83' lang='lat' dir='ltr'><strong>rursus</strong></span> <span class='ocrx_word' id='word_1_628' title='bbox 3130 4259 3392 4313; x_wconf 83' lang='lat' dir='ltr'><strong>dividitur</strong></span> <span class='ocrx_word' id='word_1_629' title='bbox 3415 4263 3545 4328; x_wconf 80' lang='lat' dir='ltr'><strong>jux-</strong></span> 
     </span>
    </p>
   </div>
   <div class='ocr_carea' id='block_1_89' title="bbox 1977 4343 3545 4419">
    <p class='ocr_par' dir='ltr' id='par_1_89' title="bbox 1977 4343 3545 4419">
     <span class='ocr_line' id='line_1_89' title="bbox 1977 4343 3545 4419; baseline 0.006 -23"><span class='ocrx_word' id='word_1_630' title='bbox 1977 4357 2027 4396; x_wconf 92' lang='lat' dir='ltr'><strong>ta</strong></span> <span class='ocrx_word' id='word_1_631' title='bbox 2070 4343 2285 4398; x_wconf 85' lang='lat' dir='ltr'><strong>Patrem</strong></span> <span class='ocrx_word' id='word_1_632' title='bbox 2321 4347 2801 4416; x_wconf 79' lang='lat' dir='ltr'><strong>Chrysostomum,</strong></span> <span class='ocrx_word' id='word_1_633' title='bbox 2830 4358 2882 4402; x_wconf 91' lang='lat' dir='ltr'><strong>et</strong></span> <span class='ocrx_word' id='word_1_634' title='bbox 2906 4348 3059 4416; x_wconf 76' lang='lat' dir='ltr'><strong>juxta</strong></span> <span class='ocrx_word' id='word_1_635' title='bbox 3107 4366 3360 4419; x_wconf 77' lang='lat' dir='ltr'><strong>magnum</strong></span> <span class='ocrx_word' id='word_1_636' title='bbox 3391 4352 3545 4406; x_wconf 81' lang='lat' dir='ltr'><strong>Basi-</strong></span> 
     </span>
    </p>
   </div>
   <div class='ocr_carea' id='block_1_90' title="bbox 1976 4436 3544 4504">
    <p class='ocr_par' dir='ltr' id='par_1_90' title="bbox 1976 4436 3544 4504">
     <span class='ocr_line' id='line_1_90' title="bbox 1976 4436 3544 4504; baseline 0.006 -16"><span class='ocrx_word' id='word_1_637' title='bbox 1976 4436 2105 4488; x_wconf 88' lang='lat' dir='ltr'><strong>liuiu</strong></span> <span class='ocrx_word' id='word_1_638' title='bbox 2137 4477 2150 4501; x_wconf 91' lang='lat'><strong>,</strong></span> <span class='ocrx_word' id='word_1_639' title='bbox 2180 4436 2416 4504; x_wconf 89' lang='lat' dir='ltr'><strong>Spiritus</strong></span> <span class='ocrx_word' id='word_1_640' title='bbox 2448 4447 2673 4493; x_wconf 86' lang='lat' dir='ltr'><strong>sanctus</strong></span> <span class='ocrx_word' id='word_1_641' title='bbox 2708 4454 2815 4493; x_wconf 85' lang='lat' dir='ltr'><strong>non</strong></span> <span class='ocrx_word' id='word_1_642' title='bbox 2838 4441 2903 4493; x_wconf 91' lang='lat' dir='ltr'><strong>ad</strong></span> <span class='ocrx_word' id='word_1_643' title='bbox 2936 4457 3098 4494; x_wconf 88' lang='lat' dir='ltr'><strong>unam</strong></span> <span class='ocrx_word' id='word_1_644' title='bbox 3128 4459 3438 4497; x_wconf 78' lang='lat' dir='ltr'><strong>mensuram</strong></span> <span class='ocrx_word' id='word_1_645' title='bbox 3464 4446 3544 4497; x_wconf 87' lang='lat' dir='ltr'><strong>di-</strong></span> 
     </span>
    </p>
   </div>
   <div class='ocr_carea' id='block_1_91' title="bbox 284 4529 1972 4604">
    <p class='ocr_par' dir='ltr' id='par_1_91' title="bbox 284 4529 1943 4603">
     <span class='ocr_line' id='line_1_91' title="bbox 284 4529 1943 4603; baseline 0.001 -21"><span class='ocrx_word' id='word_1_646' title='bbox 284 4533 463 4603; x_wconf 78' lang='grc' dir='ltr'>μέρος</span> <span class='ocrx_word' id='word_1_647' title='bbox 499 4532 608 4597; x_wconf 68' lang='grc' dir='ltr'><strong>γαρ</strong></span> <span class='ocrx_word' id='word_1_648' title='bbox 643 4533 741 4600; x_wconf 79' lang='grc' dir='ltr'>τῆς</span> <span class='ocrx_word' id='word_1_649' title='bbox 767 4529 1050 4598; x_wconf 76' lang='grc' dir='ltr'>ἐνεργείας</span> <span class='ocrx_word' id='word_1_650' title='bbox 1081 4529 1244 4581; x_wconf 82' lang='grc' dir='ltr'>πάλιν</span> <span class='ocrx_word' id='word_1_651' title='bbox 1287 4530 1569 4598; x_wconf 75' lang='grc' dir='ltr'>μερίζεται</span> <span class='ocrx_word' id='word_1_652' title='bbox 1604 4531 1745 4582; x_wconf 76' lang='grc' dir='ltr'>κατὰ</span> <span class='ocrx_word' id='word_1_653' title='bbox 1774 4532 1866 4583; x_wconf 76' lang='grc' dir='ltr'><strong>τὸν</strong></span> <span class='ocrx_word' id='word_1_654' title='bbox 1900 4546 1943 4599; x_wconf 82' lang='grc' dir='ltr'>ι)</span> 
     </span>
    </p>
   </div>
   <div class='ocr_carea' id='block_1_92' title="bbox 1856 4529 3544 4604">
    <p class='ocr_par' dir='ltr' id='par_1_92' title="bbox 1856 4529 3544 4604">
     <span class='ocr_line' id='line_1_92' title="bbox 1856 4529 3544 4604; baseline 0.007 -25"><span class='ocrx_word' id='word_1_655' title='bbox 1856 4550 1866 4579; x_wconf 73' lang='grc' dir='ltr'><strong><em>ρ</em></strong></span> <span class='ocrx_word' id='word_1_656' title='bbox 1900 4546 1943 4599; x_wconf 81' lang='grc' dir='ltr'>ι)</span> <span class='ocrx_word' id='word_1_657' title='bbox 1975 4529 2094 4597; x_wconf 81' lang='lat' dir='ltr'><strong>guis</strong></span> <span class='ocrx_word' id='word_1_658' title='bbox 2151 4529 2607 4591; x_wconf 86' lang='lat' dir='ltr'><strong>communicatur,</strong></span> <span class='ocrx_word' id='word_1_659' title='bbox 2637 4532 2729 4585; x_wconf 86' lang='lat' dir='ltr'><strong>sed</strong></span> <span class='ocrx_word' id='word_1_660' title='bbox 2763 4547 2858 4600; x_wconf 93' lang='lat' dir='ltr'><strong>pro</strong></span> <span class='ocrx_word' id='word_1_661' title='bbox 2892 4536 3105 4587; x_wconf 84' lang='lat' dir='ltr'><strong>ratione</strong></span> <span class='ocrx_word' id='word_1_662' title='bbox 3136 4535 3258 4589; x_wconf 75' lang='lat' dir='ltr'><strong>ﬁdei</strong></span> <span class='ocrx_word' id='word_1_663' title='bbox 3313 4538 3544 4604; x_wconf 82' lang='lat' dir='ltr'><strong>partitur</strong></span> 
     </span>
    </p>
   </div>
   <div class='ocr_carea' id='block_1_93' title="bbox 279 4617 1868 4691">
    <p class='ocr_par' dir='ltr' id='par_1_93' title="bbox 279 4617 1868 4691">
     <span class='ocr_line' id='line_1_93' title="bbox 279 4617 1868 4691; baseline -0.004 -15"><span class='ocrx_word' id='word_1_664' title='bbox 279 4622 681 4691; x_wconf 68' lang='grc' dir='ltr'>Χρυσ-ὑστομον</span> <span class='ocrx_word' id='word_1_665' title='bbox 733 4621 974 4687; x_wconf 77' lang='grc' dir='ltr'>Πατέρα.</span> <span class='ocrx_word' id='word_1_666' title='bbox 1024 4619 1135 4671; x_wconf 78' lang='grc' dir='ltr'><strong>Καὶ</strong></span> <span class='ocrx_word' id='word_1_667' title='bbox 1186 4619 1326 4670; x_wconf 77' lang='grc' dir='ltr'>κατὰ</span> <span class='ocrx_word' id='word_1_668' title='bbox 1356 4617 1445 4670; x_wconf 72' lang='grc' dir='ltr'>τὸν</span> <span class='ocrx_word' id='word_1_669' title='bbox 1480 4619 1654 4688; x_wconf 82' lang='grc' dir='ltr'>μέγαν</span> <span class='ocrx_word' id='word_1_670' title='bbox 1689 4620 1868 4687; x_wconf 66' lang='grc' dir='ltr'><strong>[Βασί-</strong></span> 
     </span>
    </p>
   </div>
   <div class='ocr_carea' id='block_1_94' title="bbox 277 4710 1867 4781">
    <p class='ocr_par' dir='ltr' id='par_1_94' title="bbox 277 4710 1867 4781">
     <span class='ocr_line' id='line_1_94' title="bbox 277 4710 1867 4781; baseline -0.001 -16"><span class='ocrx_word' id='word_1_671' title='bbox 277 4716 452 4776; x_wconf 84' lang='grc' dir='ltr'>λειον,</span> <span class='ocrx_word' id='word_1_672' title='bbox 494 4714 556 4765; x_wconf 78' lang='grc' dir='ltr'>τὸ</span> <span class='ocrx_word' id='word_1_673' title='bbox 584 4712 807 4781; x_wconf 80' lang='grc' dir='ltr'>Πνεῦμα</span> <span class='ocrx_word' id='word_1_674' title='bbox 832 4714 892 4762; x_wconf 77' lang='grc' dir='ltr'>τὸ</span> <span class='ocrx_word' id='word_1_675' title='bbox 917 4710 1072 4776; x_wconf 83' lang='grc' dir='ltr'>ᾰγιον</span> <span class='ocrx_word' id='word_1_676' title='bbox 1096 4712 1194 4779; x_wconf 73' lang='grc' dir='ltr'><strong>οὐχ</strong></span> <span class='ocrx_word' id='word_1_677' title='bbox 1231 4711 1309 4764; x_wconf 67' lang='grc' dir='ltr'><strong>ἐνὶ</strong></span> <span class='ocrx_word' id='word_1_678' title='bbox 1341 4712 1527 4780; x_wconf 84' lang='grc' dir='ltr'>μέτρῳ</span> <span class='ocrx_word' id='word_1_679' title='bbox 1562 4713 1673 4774; x_wconf 83' lang='grc' dir='ltr'>τοῖς</span> <span class='ocrx_word' id='word_1_680' title='bbox 1696 4713 1867 4775; x_wconf 75' lang='grc' dir='ltr'>ἀξίοις</span> 
     </span>
    </p>
   </div>
   <div class='ocr_carea' id='block_1_95' title="bbox 1975 4621 3541 4696">
    <p class='ocr_par' dir='ltr' id='par_1_95' title="bbox 1975 4621 3541 4696">
     <span class='ocr_line' id='line_1_95' title="bbox 1975 4621 3541 4696; baseline 0.004 -22"><span class='ocrx_word' id='word_1_681' title='bbox 1975 4621 2369 4686; x_wconf 74' lang='lat' dir='ltr'><strong>operationem,</strong></span> <span class='ocrx_word' id='word_1_682' title='bbox 2406 4636 2528 4675; x_wconf 86' lang='lat' dir='ltr'><strong>cum</strong></span> <span class='ocrx_word' id='word_1_683' title='bbox 2593 4624 2664 4677; x_wconf 88' lang='lat' dir='ltr'><strong>sit</strong></span> <span class='ocrx_word' id='word_1_684' title='bbox 2717 4623 2945 4693; x_wconf 75' lang='lat' dir='ltr'><strong>simplex</strong></span> <span class='ocrx_word' id='word_1_685' title='bbox 3002 4629 3223 4695; x_wconf 82' lang='lat' dir='ltr'><strong>quidem</strong></span> <span class='ocrx_word' id='word_1_686' title='bbox 3281 4630 3541 4696; x_wconf 81' lang='lat' dir='ltr'><strong>essentia,</strong></span> 
     </span>
    </p>
   </div>
   <div class='ocr_carea' id='block_1_96' title="bbox 1975 4713 2724 4767">
    <p class='ocr_par' dir='ltr' id='par_1_96' title="bbox 1975 4713 2724 4767">
     <span class='ocr_line' id='line_1_96' title="bbox 1975 4713 2724 4767; baseline 0.001 -2"><span class='ocrx_word' id='word_1_687' title='bbox 1975 4714 2159 4766; x_wconf 82' lang='lat' dir='ltr'><strong>varius</strong></span> <span class='ocrx_word' id='word_1_688' title='bbox 2191 4721 2370 4764; x_wconf 88' lang='lat' dir='ltr'><strong>autem</strong></span> <span class='ocrx_word' id='word_1_689' title='bbox 2411 4713 2724 4767; x_wconf 89' lang='lat' dir='ltr'><strong>virtutibus.</strong></span> 
     </span>
    </p>
   </div>
   <div class='ocr_carea' id='block_1_97' title="bbox 277 4804 3541 4884">
    <p class='ocr_par' dir='ltr' id='par_1_97' title="bbox 277 4804 3541 4884">
     <span class='ocr_line' id='line_1_97' title="bbox 277 4804 3541 4884; baseline 0 -27"><span class='ocrx_word' id='word_1_690' title='bbox 277 4807 660 4880; x_wconf 72' lang='grc' dir='ltr'>μετεχὸμενὸν</span> <span class='ocrx_word' id='word_1_691' title='bbox 707 4809 878 4869; x_wconf 80' lang='grc' dir='ltr'>ἐστιν,</span> <span class='ocrx_word' id='word_1_692' title='bbox 919 4805 1054 4856; x_wconf 76' lang='grc' dir='ltr'>ἀλλα</span> <span class='ocrx_word' id='word_1_693' title='bbox 1089 4805 1232 4856; x_wconf 74' lang='grc' dir='ltr'>κατὰ</span> <span class='ocrx_word' id='word_1_694' title='bbox 1285 4804 1577 4873; x_wconf 79' lang='grc' dir='ltr'>ἀναλογίαν</span> <span class='ocrx_word' id='word_1_695' title='bbox 1625 4806 1723 4875; x_wconf 78' lang='grc' dir='ltr'>τῆς</span> <span class='ocrx_word' id='word_1_696' title='bbox 1769 4807 2003 4870; x_wconf 83' lang='grc' dir='ltr'>πίστεως</span> <span class='ocrx_word' id='word_1_697' title='bbox 2040 4806 2240 4875; x_wconf 82' lang='grc' dir='ltr'>διαιρεῖ</span> <span class='ocrx_word' id='word_1_698' title='bbox 2269 4806 2369 4876; x_wconf 81' lang='grc' dir='ltr'><strong>τὴν</strong></span> <span class='ocrx_word' id='word_1_699' title='bbox 2400 4807 2706 4874; x_wconf 85' lang='grc' dir='ltr'>ἐνέργειαν,</span> <span class='ocrx_word' id='word_1_700' title='bbox 2745 4809 2954 4864; x_wconf 76' lang='grc' dir='ltr'>ἁπλοῦν</span> <span class='ocrx_word' id='word_1_701' title='bbox 3019 4812 3120 4880; x_wconf 81' lang='grc' dir='ltr'>μὲν</span> <span class='ocrx_word' id='word_1_702' title='bbox 3194 4813 3254 4864; x_wconf 74' lang='grc' dir='ltr'>ὃν</span> <span class='ocrx_word' id='word_1_703' title='bbox 3317 4819 3382 4884; x_wconf 77' lang='grc' dir='ltr'><strong>τῇ</strong></span> <span class='ocrx_word' id='word_1_704' title='bbox 3449 4817 3541 4868; x_wconf 59' lang='grc' dir='ltr'><strong>οὐ.</strong></span> 
     </span>
    </p>
   </div>
   <div class='ocr_carea' id='block_1_98' title="bbox 279 4898 1298 4972">
    <p class='ocr_par' dir='ltr' id='par_1_98' title="bbox 279 4898 1298 4972">
     <span class='ocr_line' id='line_1_98' title="bbox 279 4898 1298 4972; baseline -0.003 -17"><span class='ocrx_word' id='word_1_705' title='bbox 279 4905 405 4972; x_wconf 72' lang='grc' dir='ltr'>σία,</span> <span class='ocrx_word' id='word_1_706' title='bbox 439 4901 687 4952; x_wconf 84' lang='grc' dir='ltr'>ποικίλον</span> <span class='ocrx_word' id='word_1_707' title='bbox 724 4898 781 4951; x_wconf 83' lang='grc' dir='ltr'>δὲ</span> <span class='ocrx_word' id='word_1_708' title='bbox 819 4902 938 4960; x_wconf 83' lang='grc' dir='ltr'>ταῖς</span> <span class='ocrx_word' id='word_1_709' title='bbox 979 4898 1298 4965; x_wconf 76' lang='grc' dir='ltr'>δυνάμεσιν.</span> 
     </span>
    </p>
   </div>
   <div class='ocr_carea' id='block_1_99' title="bbox 356 5038 1864 5109">
    <p class='ocr_par' dir='ltr' id='par_1_99' title="bbox 356 5038 1864 5109">
     <span class='ocr_line' id='line_1_99' title="bbox 356 5038 1864 5109; baseline -0.004 -13"><span class='ocrx_word' id='word_1_710' title='bbox 356 5047 526 5096; x_wconf 81' lang='grc' dir='ltr'><strong>Θεότ.</strong></span> <span class='ocrx_word' id='word_1_711' title='bbox 563 5042 815 5109; x_wconf 76' lang='grc' dir='ltr'>Ἀγαμαί</span> <span class='ocrx_word' id='word_1_712' title='bbox 867 5057 924 5091; x_wconf 84' lang='grc' dir='ltr'><strong>σε</strong></span> <span class='ocrx_word' id='word_1_713' title='bbox 958 5040 1053 5107; x_wconf 81' lang='grc' dir='ltr'>τῆς</span> <span class='ocrx_word' id='word_1_714' title='bbox 1088 5038 1556 5106; x_wconf 79' lang='grc' dir='ltr'>θεολογικωτάτης</span> <span class='ocrx_word' id='word_1_715' title='bbox 1606 5038 1864 5102; x_wconf 75' lang='grc' dir='ltr'>διανοίας,</span> 
     </span>
    </p>
   </div>
   <div class='ocr_carea' id='block_1_100' title="bbox 273 5130 1866 5201">
    <p class='ocr_par' dir='ltr' id='par_1_100' title="bbox 273 5130 1866 5201">
     <span class='ocr_line' id='line_1_100' title="bbox 273 5130 1866 5201; baseline -0.004 -14"><span class='ocrx_word' id='word_1_716' title='bbox 273 5133 325 5190; x_wconf 78' lang='grc' dir='ltr'>ὦ</span> <span class='ocrx_word' id='word_1_717' title='bbox 351 5137 654 5201; x_wconf 76' lang='grc' dir='ltr'>Θεόφανες.</span> <span class='ocrx_word' id='word_1_718' title='bbox 684 5132 1010 5199; x_wconf 75' lang='grc' dir='ltr'>Θεοπρετής</span> <span class='ocrx_word' id='word_1_719' title='bbox 1039 5147 1094 5182; x_wconf 86' lang='grc' dir='ltr'><strong>τε</strong></span> <span class='ocrx_word' id='word_1_720' title='bbox 1118 5131 1225 5198; x_wconf 76' lang='grc' dir='ltr'>γὰρ</span> <span class='ocrx_word' id='word_1_721' title='bbox 1247 5132 1302 5190; x_wconf 80' lang='grc' dir='ltr'><strong>ἐς</strong></span> <span class='ocrx_word' id='word_1_722' title='bbox 1336 5130 1401 5180; x_wconf 70' lang='grc' dir='ltr'><strong>τὰ</strong></span> <span class='ocrx_word' id='word_1_723' title='bbox 1436 5130 1669 5188; x_wconf 74' lang='grc' dir='ltr'>μάλιστα</span> <span class='ocrx_word' id='word_1_724' title='bbox 1695 5131 1866 5192; x_wconf 86' lang='grc' dir='ltr'>ἐστιν,</span> 
     </span>
    </p>
   </div>
   <div class='ocr_carea' id='block_1_101' title="bbox 275 5219 1862 5298">
    <p class='ocr_par' dir='ltr' id='par_1_101' title="bbox 275 5219 1862 5298">
     <span class='ocr_line' id='line_1_101' title="bbox 275 5219 1862 5298; baseline -0.003 -20"><span class='ocrx_word' id='word_1_725' title='bbox 275 5229 473 5298; x_wconf 63' lang='grc' dir='ltr'>ἀμερῆ</span> <span class='ocrx_word' id='word_1_726' title='bbox 511 5227 610 5293; x_wconf 76' lang='grc' dir='ltr'>μὲν</span> <span class='ocrx_word' id='word_1_727' title='bbox 643 5225 904 5276; x_wconf 76' lang='grc' dir='ltr'>δεικνῦσα</span> <span class='ocrx_word' id='word_1_728' title='bbox 947 5223 1121 5289; x_wconf 80' lang='grc' dir='ltr'>πάντη</span> <span class='ocrx_word' id='word_1_729' title='bbox 1157 5222 1257 5287; x_wconf 74' lang='grc' dir='ltr'><strong>τὴν</strong></span> <span class='ocrx_word' id='word_1_730' title='bbox 1292 5219 1616 5291; x_wconf 83' lang='grc' dir='ltr'>ὑπεροὺσιον</span> <span class='ocrx_word' id='word_1_731' title='bbox 1653 5222 1862 5283; x_wconf 82' lang='grc' dir='ltr'>οὐσίαν,</span> 
     </span>
    </p>
   </div>
   <div class='ocr_carea' id='block_1_102' title="bbox 275 5311 1866 5387">
    <p class='ocr_par' dir='ltr' id='par_1_102' title="bbox 275 5311 1866 5387">
     <span class='ocr_line' id='line_1_102' title="bbox 275 5311 1866 5387; baseline -0.003 -19"><span class='ocrx_word' id='word_1_732' title='bbox 275 5318 607 5387; x_wconf 79' lang='grc' dir='ltr'>ἀμερίστως</span> <span class='ocrx_word' id='word_1_733' title='bbox 647 5314 701 5365; x_wconf 80' lang='grc' dir='ltr'>δὲ</span> <span class='ocrx_word' id='word_1_734' title='bbox 740 5314 1044 5383; x_wconf 68' lang='grc' dir='ltr'>μερίζουσα</span> <span class='ocrx_word' id='word_1_735' title='bbox 1090 5314 1188 5380; x_wconf 82' lang='grc' dir='ltr'>τὴν</span> <span class='ocrx_word' id='word_1_736' title='bbox 1225 5312 1376 5363; x_wconf 86' lang='grc' dir='ltr'>θείαν</span> <span class='ocrx_word' id='word_1_737' title='bbox 1423 5312 1515 5362; x_wconf 88' lang='grc' dir='ltr'><strong>τοῦ</strong></span> <span class='ocrx_word' id='word_1_738' title='bbox 1556 5311 1690 5363; x_wconf 74' lang='grc' dir='ltr'>Θεοῦ</span> <span class='ocrx_word' id='word_1_739' title='bbox 1720 5315 1866 5380; x_wconf 83' lang='grc' dir='ltr'>ἐνέρ-</span> 
     </span>
    </p>
   </div>
   <div class='ocr_carea' id='block_1_103' title="bbox 273 5404 1866 5485">
    <p class='ocr_par' dir='ltr' id='par_1_103' title="bbox 273 5404 1866 5485">
     <span class='ocr_line' id='line_1_103' title="bbox 273 5404 1866 5485; baseline -0.004 -19"><span class='ocrx_word' id='word_1_740' title='bbox 273 5432 466 5485; x_wconf 82' lang='grc' dir='ltr'>γειαν.</span> <span class='ocrx_word' id='word_1_741' title='bbox 501 5414 609 5465; x_wconf 77' lang='grc' dir='ltr'><strong>Καὶ</strong></span> <span class='ocrx_word' id='word_1_742' title='bbox 655 5411 715 5463; x_wconf 79' lang='grc' dir='ltr'><strong>τὸ</strong></span> <span class='ocrx_word' id='word_1_743' title='bbox 748 5411 1157 5480; x_wconf 77' lang='grc' dir='ltr'>εὐπαράδεκτον</span> <span class='ocrx_word' id='word_1_744' title='bbox 1182 5408 1336 5460; x_wconf 81' lang='grc' dir='ltr'>οὐδὲν</span> <span class='ocrx_word' id='word_1_745' title='bbox 1372 5404 1536 5477; x_wconf 79' lang='grc' dir='ltr'>ἦττον</span> <span class='ocrx_word' id='word_1_746' title='bbox 1575 5409 1866 5477; x_wconf 78' lang='grc' dir='ltr'>πρόσεστιν</span> 
     </span>
    </p>
   </div>
   <div class='ocr_carea' id='block_1_104' title="bbox 275 5501 1866 5575">
    <p class='ocr_par' dir='ltr' id='par_1_104' title="bbox 275 5501 1866 5575">
     <span class='ocr_line' id='line_1_104' title="bbox 275 5501 1866 5575; baseline -0.006 -14"><span class='ocrx_word' id='word_1_747' title='bbox 275 5508 452 5575; x_wconf 81' lang='grc' dir='ltr'>αὐτῇ.</span> <span class='ocrx_word' id='word_1_748' title='bbox 512 5505 611 5555; x_wconf 72' lang='grc' dir='ltr'>Διὰ</span> <span class='ocrx_word' id='word_1_749' title='bbox 661 5501 819 5554; x_wconf 81' lang='grc' dir='ltr'>τοῦτο</span> <span class='ocrx_word' id='word_1_750' title='bbox 873 5503 980 5570; x_wconf 74' lang='grc' dir='ltr'><strong>γὰρ</strong></span> <span class='ocrx_word' id='word_1_751' title='bbox 1037 5503 1130 5553; x_wconf 70' lang='grc' dir='ltr'><strong>καὶ</strong></span> <span class='ocrx_word' id='word_1_752' title='bbox 1189 5501 1436 5570; x_wconf 77' lang='grc' dir='ltr'>χωρητδν</span> <span class='ocrx_word' id='word_1_753' title='bbox 1483 5504 1690 5567; x_wconf 75' lang='grc' dir='ltr'>γίνεται</span> <span class='ocrx_word' id='word_1_754' title='bbox 1748 5502 1866 5551; x_wconf 82' lang='grc' dir='ltr'>κατ’</span> 
     </span>
    </p>
   </div>
   <div class='ocr_carea' id='block_1_105' title="bbox 277 5592 1864 5664">
    <p class='ocr_par' dir='ltr' id='par_1_105' title="bbox 277 5592 1864 5664">
     <span class='ocr_line' id='line_1_105' title="bbox 277 5592 1864 5664; baseline -0.003 -17"><span class='ocrx_word' id='word_1_755' title='bbox 277 5600 581 5664; x_wconf 63' lang='grc' dir='ltr'>ἀνέργειαν</span> <span class='ocrx_word' id='word_1_756' title='bbox 619 5599 732 5655; x_wconf 82' lang='grc' dir='ltr'>τοῖς</span> <span class='ocrx_word' id='word_1_757' title='bbox 770 5595 1262 5662; x_wconf 78' lang='grc' dir='ltr'>κεχαριτωμένοις,</span> <span class='ocrx_word' id='word_1_758' title='bbox 1322 5592 1626 5659; x_wconf 47' lang='grc' dir='ltr'>ἀνθρώπιτις</span> <span class='ocrx_word' id='word_1_759' title='bbox 1678 5595 1864 5656; x_wconf 75' lang='grc' dir='ltr'>μέντοι</span> 
     </span>
    </p>
   </div>
   <div class='ocr_carea' id='block_1_106' title="bbox 270 5679 1864 5757">
    <p class='ocr_par' dir='ltr' id='par_1_106' title="bbox 270 5679 1864 5757">
     <span class='ocr_line' id='line_1_106' title="bbox 270 5679 1864 5757; baseline -0.005 -16"><span class='ocrx_word' id='word_1_760' title='bbox 270 5690 378 5757; x_wconf 71' lang='grc' dir='ltr'>τὴν</span> <span class='ocrx_word' id='word_1_761' title='bbox 408 5686 574 5755; x_wconf 68' lang='grc' dir='ltr'>φύσιν</span> <span class='ocrx_word' id='word_1_762' title='bbox 596 5685 737 5746; x_wconf 75' lang='grc' dir='ltr'>οὖσι,</span> <span class='ocrx_word' id='word_1_763' title='bbox 770 5686 830 5736; x_wconf 76' lang='grc' dir='ltr'>τὸ</span> <span class='ocrx_word' id='word_1_764' title='bbox 861 5684 1084 5752; x_wconf 81' lang='grc' dir='ltr'>Πνεῦμα</span> <span class='ocrx_word' id='word_1_765' title='bbox 1112 5689 1171 5735; x_wconf 77' lang='grc' dir='ltr'>τὸ</span> <span class='ocrx_word' id='word_1_766' title='bbox 1199 5685 1354 5750; x_wconf 76' lang='grc' dir='ltr'>Ξιγιον</span> <span class='ocrx_word' id='word_1_767' title='bbox 1382 5700 1397 5715; x_wconf 79' lang='grc' dir='ltr'><strong>ο</strong></span> <span class='ocrx_word' id='word_1_768' title='bbox 1418 5685 1537 5735; x_wconf 77' lang='grc' dir='ltr'>ὲττεὶ</span> <span class='ocrx_word' id='word_1_769' title='bbox 1570 5687 1706 5737; x_wconf 74' lang='grc' dir='ltr'>κατὰ</span> <span class='ocrx_word' id='word_1_770' title='bbox 1738 5679 1864 5737; x_wconf 59' lang='grc' dir='ltr'>ται-3-</span> 
     </span>
    </p>
   </div>
   <div class='ocr_carea' id='block_1_107' title="bbox 274 5775 1864 5848">
    <p class='ocr_par' dir='ltr' id='par_1_107' title="bbox 274 5775 1864 5848">
     <span class='ocr_line' id='line_1_107' title="bbox 274 5775 1864 5848; baseline 0 -22"><span class='ocrx_word' id='word_1_771' title='bbox 274 5781 374 5848; x_wconf 65' lang='grc' dir='ltr'>τὴν</span> <span class='ocrx_word' id='word_1_772' title='bbox 397 5778 546 5831; x_wconf 64' lang='grc' dir='ltr'>οὔτω</span> <span class='ocrx_word' id='word_1_773' title='bbox 574 5779 668 5828; x_wconf 72' lang='grc' dir='ltr'><strong>καὶ</strong></span> <span class='ocrx_word' id='word_1_774' title='bbox 703 5775 1023 5846; x_wconf 66' lang='grc' dir='ltr'>μερίζεται·</span> <span class='ocrx_word' id='word_1_775' title='bbox 1064 5777 1180 5828; x_wconf 79' lang='grc' dir='ltr'>κατ’</span> <span class='ocrx_word' id='word_1_776' title='bbox 1213 5778 1399 5828; x_wconf 65' lang='grc' dir='ltr'>οὐσίαν</span> <span class='ocrx_word' id='word_1_777' title='bbox 1429 5775 1482 5827; x_wconf 77' lang='grc' dir='ltr'>δὲ</span> <span class='ocrx_word' id='word_1_778' title='bbox 1517 5776 1864 5829; x_wconf 53' lang='lat'><strong>“10:63:2-</strong></span> 
     </span>
    </p>
   </div>
   <div class='ocr_carea' id='block_1_108' title="bbox 2058 5037 3539 5113">
    <p class='ocr_par' dir='ltr' id='par_1_108' title="bbox 2058 5037 3539 5113">
     <span class='ocr_line' id='line_1_108' title="bbox 2058 5037 3539 5113; baseline 0.008 -23"><span class='ocrx_word' id='word_1_779' title='bbox 2058 5037 2238 5091; x_wconf 85' lang='lat' dir='ltr'><strong>Theot.</strong></span> <span class='ocrx_word' id='word_1_780' title='bbox 2278 5038 2534 5092; x_wconf 83' lang='lat' dir='ltr'><strong>Admiror</strong></span> <span class='ocrx_word' id='word_1_781' title='bbox 2563 5048 2710 5092; x_wconf 90' lang='lat' dir='ltr'><strong>tuam</strong></span> <span class='ocrx_word' id='word_1_782' title='bbox 2752 5040 3064 5096; x_wconf 89' lang='lat' dir='ltr'><strong>divinorum</strong></span> <span class='ocrx_word' id='word_1_783' title='bbox 3093 5045 3464 5113; x_wconf 78' lang='lat' dir='ltr'><strong>sagacitatem,</strong></span> <span class='ocrx_word' id='word_1_784' title='bbox 3507 5066 3539 5102; x_wconf 91' lang='lat'><strong>0</strong></span> 
     </span>
    </p>
   </div>
   <div class='ocr_carea' id='block_1_109' title="bbox 1977 5130 3543 5206">
    <p class='ocr_par' dir='ltr' id='par_1_109' title="bbox 1977 5130 3543 5206">
     <span class='ocr_line' id='line_1_109' title="bbox 1977 5130 3543 5206; baseline 0.006 -24"><span class='ocrx_word' id='word_1_785' title='bbox 1977 5130 2384 5198; x_wconf 82' lang='lat' dir='ltr'><strong>Theophanes;</strong></span> <span class='ocrx_word' id='word_1_786' title='bbox 2421 5146 2542 5183; x_wconf 90' lang='lat' dir='ltr'><strong>nam</strong></span> <span class='ocrx_word' id='word_1_787' title='bbox 2572 5131 2622 5183; x_wconf 94' lang='lat' dir='ltr'><strong>in</strong></span> <span class='ocrx_word' id='word_1_788' title='bbox 2659 5131 2850 5200; x_wconf 90' lang='lat' dir='ltr'><strong>primis</strong></span> <span class='ocrx_word' id='word_1_789' title='bbox 2875 5133 3032 5202; x_wconf 75' lang='lat' dir='ltr'><strong>digna</strong></span> <span class='ocrx_word' id='word_1_790' title='bbox 3072 5135 3178 5189; x_wconf 92' lang='lat' dir='ltr'><strong>Deo</strong></span> <span class='ocrx_word' id='word_1_791' title='bbox 3206 5137 3460 5206; x_wconf 80' lang='lat' dir='ltr'><strong>loqueris,</strong></span> <span class='ocrx_word' id='word_1_792' title='bbox 3491 5150 3543 5192; x_wconf 76' lang='grc' dir='ltr'><strong>ιιι</strong></span> 
     </span>
    </p>
   </div>
   <div class='ocr_carea' id='block_1_110' title="bbox 1976 5221 3540 5294">
    <p class='ocr_par' dir='ltr' id='par_1_110' title="bbox 1976 5221 3540 5294">
     <span class='ocr_line' id='line_1_110' title="bbox 1976 5221 3540 5294; baseline 0.008 -22"><span class='ocrx_word' id='word_1_793' title='bbox 1976 5221 2359 5273; x_wconf 75' lang='lat' dir='ltr'><strong>indivrsibilem</strong></span> <span class='ocrx_word' id='word_1_794' title='bbox 2422 5237 2543 5274; x_wconf 89' lang='lat' dir='ltr'><strong>esse</strong></span> <span class='ocrx_word' id='word_1_795' title='bbox 2606 5223 2897 5278; x_wconf 85' lang='lat' dir='ltr'><strong>ostendens</strong></span> <span class='ocrx_word' id='word_1_796' title='bbox 2962 5228 3540 5294; x_wconf 65' lang='lat' dir='ltr'><strong>supersubstantiaIc-m</strong></span> 
     </span>
    </p>
   </div>
   <div class='ocr_carea' id='block_1_111' title="bbox 1974 5311 3538 5385">
    <p class='ocr_par' dir='ltr' id='par_1_111' title="bbox 1974 5311 3538 5385">
     <span class='ocr_line' id='line_1_111' title="bbox 1974 5311 3538 5385; baseline 0.006 -21"><span class='ocrx_word' id='word_1_797' title='bbox 1974 5311 2291 5366; x_wconf 86' lang='lat' dir='ltr'><strong>essentiam.</strong></span> <span class='ocrx_word' id='word_1_798' title='bbox 2344 5323 2395 5364; x_wconf 89' lang='lat' dir='ltr'><strong>ct</strong></span> <span class='ocrx_word' id='word_1_799' title='bbox 2433 5313 2660 5366; x_wconf 81' lang='lat' dir='ltr'><strong>indivise</strong></span> <span class='ocrx_word' id='word_1_800' title='bbox 2713 5315 2961 5369; x_wconf 81' lang='lat' dir='ltr'><strong>dividens</strong></span> <span class='ocrx_word' id='word_1_801' title='bbox 3014 5316 3103 5372; x_wconf 90' lang='lat' dir='ltr'><strong>Dei</strong></span> <span class='ocrx_word' id='word_1_802' title='bbox 3148 5319 3538 5385; x_wconf 74' lang='lat' dir='ltr'><strong>operationem.</strong></span> 
     </span>
    </p>
   </div>
   <div class='ocr_carea' id='block_1_112' title="bbox 1975 5403 3539 5473">
    <p class='ocr_par' dir='ltr' id='par_1_112' title="bbox 1975 5403 3539 5473">
     <span class='ocr_line' id='line_1_112' title="bbox 1975 5403 3539 5473; baseline 0.011 -17"><span class='ocrx_word' id='word_1_803' title='bbox 1975 5403 2040 5457; x_wconf 73' lang='lat' dir='ltr'><strong>lit</strong></span> <span class='ocrx_word' id='word_1_804' title='bbox 2069 5409 2212 5473; x_wconf 79' lang='lat' dir='ltr'><strong>quod</strong></span> <span class='ocrx_word' id='word_1_805' title='bbox 2264 5407 2656 5469; x_wconf 83' lang='lat' dir='ltr'><strong>communicat,</strong></span> <span class='ocrx_word' id='word_1_806' title='bbox 2700 5408 3052 5467; x_wconf 83' lang='lat' dir='ltr'><strong>nihilominus</strong></span> <span class='ocrx_word' id='word_1_807' title='bbox 3083 5416 3133 5467; x_wconf 92' lang='lat' dir='ltr'><strong>in</strong></span> <span class='ocrx_word' id='word_1_808' title='bbox 3168 5430 3231 5470; x_wconf 83' lang='lat' dir='ltr'><strong>ea</strong></span> <span class='ocrx_word' id='word_1_809' title='bbox 3278 5433 3539 5473; x_wconf 74' lang='lat' dir='ltr'><strong>remanet.</strong></span> 
     </span>
    </p>
   </div>
   <div class='ocr_carea' id='block_1_113' title="bbox 1974 5495 3543 5580">
    <p class='ocr_par' dir='ltr' id='par_1_113' title="bbox 1974 5495 3543 5580">
     <span class='ocr_line' id='line_1_113' title="bbox 1974 5495 3543 5580; baseline 0.01 -30"><span class='ocrx_word' id='word_1_810' title='bbox 1974 5497 2100 5550; x_wconf 90' lang='lat' dir='ltr'><strong>Ideo</strong></span> <span class='ocrx_word' id='word_1_811' title='bbox 2129 5495 2391 5550; x_wconf 83' lang='lat' dir='ltr'><strong>contineri</strong></span> <span class='ocrx_word' id='word_1_812' title='bbox 2423 5499 2720 5552; x_wconf 77' lang='lat' dir='ltr'><strong>secundum</strong></span> <span class='ocrx_word' id='word_1_813' title='bbox 2758 5505 3127 5569; x_wconf 87' lang='lat' dir='ltr'><strong>operationem</strong></span> <span class='ocrx_word' id='word_1_814' title='bbox 3161 5517 3338 5575; x_wconf 87' lang='lat' dir='ltr'><strong>potest</strong></span> <span class='ocrx_word' id='word_1_815' title='bbox 3372 5512 3543 5580; x_wconf 85' lang='lat' dir='ltr'><strong>Spiri—</strong></span> 
     </span>
    </p>
   </div>
   <div class='ocr_carea' id='block_1_114' title="bbox 1976 5590 3542 5661">
    <p class='ocr_par' dir='ltr' id='par_1_114' title="bbox 1976 5590 3542 5661">
     <span class='ocr_line' id='line_1_114' title="bbox 1976 5590 3542 5661; baseline 0.011 -21"><span class='ocrx_word' id='word_1_816' title='bbox 1976 5597 2063 5640; x_wconf 85' lang='lat' dir='ltr'><strong>tus</strong></span> <span class='ocrx_word' id='word_1_817' title='bbox 2093 5599 2313 5641; x_wconf 83' lang='lat' dir='ltr'><strong>sanctus</strong></span> <span class='ocrx_word' id='word_1_818' title='bbox 2354 5593 2403 5640; x_wconf 92' lang='lat' dir='ltr'><strong>iu</strong></span> <span class='ocrx_word' id='word_1_819' title='bbox 2439 5590 2504 5642; x_wconf 90' lang='lat' dir='ltr'><strong>iis</strong></span> <span class='ocrx_word' id='word_1_820' title='bbox 2542 5606 2678 5658; x_wconf 81' lang='lat' dir='ltr'><strong>quos</strong></span> <span class='ocrx_word' id='word_1_821' title='bbox 2715 5595 2885 5661; x_wconf 79' lang='lat' dir='ltr'><strong>gratia</strong></span> <span class='ocrx_word' id='word_1_822' title='bbox 2913 5597 3068 5648; x_wconf 83' lang='lat' dir='ltr'><strong>ditat.</strong></span> <span class='ocrx_word' id='word_1_823' title='bbox 3118 5597 3178 5650; x_wconf 90' lang='lat' dir='ltr'><strong>Ili</strong></span> <span class='ocrx_word' id='word_1_824' title='bbox 3215 5611 3390 5653; x_wconf 83' lang='lat' dir='ltr'><strong>tamen</strong></span> <span class='ocrx_word' id='word_1_825' title='bbox 3418 5615 3542 5657; x_wconf 90' lang='lat' dir='ltr'><strong>sunt</strong></span> 
     </span>
    </p>
   </div>
   <div class='ocr_carea' id='block_1_115' title="bbox 1976 5685 3536 5761">
    <p class='ocr_par' dir='ltr' id='par_1_115' title="bbox 1976 5685 3536 5761">
     <span class='ocr_line' id='line_1_115' title="bbox 1976 5685 3536 5761; baseline 0.006 -25"><span class='ocrx_word' id='word_1_826' title='bbox 1976 5696 2163 5737; x_wconf 80' lang='lat' dir='ltr'><strong>natura</strong></span> <span class='ocrx_word' id='word_1_827' title='bbox 2223 5685 2513 5738; x_wconf 77' lang='lat' dir='ltr'><strong>homines:</strong></span> <span class='ocrx_word' id='word_1_828' title='bbox 2552 5701 2670 5737; x_wconf 88' lang='lat' dir='ltr'><strong>nam</strong></span> <span class='ocrx_word' id='word_1_829' title='bbox 2702 5687 2788 5739; x_wconf 89' lang='lat' dir='ltr'><strong>ille</strong></span> <span class='ocrx_word' id='word_1_830' title='bbox 2827 5691 3126 5744; x_wconf 86' lang='lat' dir='ltr'><strong>secundum</strong></span> <span class='ocrx_word' id='word_1_831' title='bbox 3171 5695 3536 5761; x_wconf 82' lang='lat' dir='ltr'><strong>operationem</strong></span> 
     </span>
    </p>
   </div>
   <div class='ocr_carea' id='block_1_116' title="bbox 1977 5775 3538 5843">
    <p class='ocr_par' dir='ltr' id='par_1_116' title="bbox 1977 5775 3538 5843">
     <span class='ocr_line' id='line_1_116' title="bbox 1977 5775 3538 5843; baseline 0.01 -19"><span class='ocrx_word' id='word_1_832' title='bbox 1977 5776 2190 5843; x_wconf 78' lang='lat' dir='ltr'><strong>quidem</strong></span> <span class='ocrx_word' id='word_1_833' title='bbox 2243 5775 2505 5828; x_wconf 76' lang='lat' dir='ltr'><strong>dividitur</strong></span> <span class='ocrx_word' id='word_1_834' title='bbox 2543 5780 2878 5834; x_wconf 87' lang='lat' dir='ltr'><strong>:sccunduui</strong></span> <span class='ocrx_word' id='word_1_835' title='bbox 2946 5785 3236 5838; x_wconf 76' lang='lat' dir='ltr'><strong>essentiam</strong></span> <span class='ocrx_word' id='word_1_836' title='bbox 3309 5802 3433 5840; x_wconf 84' lang='lat' dir='ltr'><strong>vero</strong></span> <span class='ocrx_word' id='word_1_837' title='bbox 3486 5797 3538 5839; x_wconf 82' lang='lat' dir='ltr'><strong>et</strong></span> 
     </span>
    </p>
   </div>
  </div>
