4274 6452
325 403 434 464 945

1658 400 2180 463 THEOPHA‘NES.

3414 369 3416 372 ’
3454 398 3566 459 945.

320 516 535 582 νόητον,
568 509 765 571 τελέως
802 511 1120 577 ἀσύμϐατόν
1151 512 1265 564 ἐστι
1303 514 1396 565 uati.
1442 511 1764 576 ἀσύστατον,
1791 517 1884 564 καὶ
1918 519 1959 573 Α
1997 512 2008 564 Ι

1870 517 1884 564 t
1918 519 1959 573 Α
1997 511 2260 567 hensihile
2286 519 2338 564 et
2384 507 2950 577 incomprehensibile,
3004 518 3083 562 est
3113 524 3336 578 prorsus
3373 508 3558 563 incon-

316 604 392 665 ὡς
429 603 770 674 πορῤυτάιω
793 602 887 655 τοῦ
920 603 1086 664 ὅντως
1115 602 1264 664 ὄντος
1294 603 1381 655 διὰ
1414 603 1510 672 τὴν
1537 603 1711 673 ἀκραν
1736 605 1862 655 ὲναν

314 697 531 747 ⁶ιίωσιν.
583 695 734 746 Ἐπεὶ
761 694 855 746 καὶ
884 694 1025 745 κατά
1053 693 1143 746 τὸν
1173 693 1394 760 Νύσσης
1418 695 1560 746 θεῖον
1586 694 1886 762 Γρηγόριον
1926 736 1930 739 _

313 785 567 837 τοιοῦτόν
607 787 754 837 ἐστιν
807 786 1041 838 ἕκαστον
1074 785 1182 838 τῶν
1235 786 1329 838 ἐπὶ
1368 785 1502 839 Θεοῦ
1554 785 1884 853 λεγομένων,

315 880 462 932 ὥστε
496 876 598 929 κᾶν
626 877 863 949 διαφέρῃ
893 877 970 945 τῷ
1002 878 1406 946 σημαινομένῳ,
1442 877 1714 946 μηδεμίαν
1744 877 1886 944 ἔχειν

317 970 458 1036 πρὸς
506 967 566 1019 τὸ
605 966 1109 1036 συνον)μαζόμενον
1144 966 1473 1020 ἐναντίωσιν.
1517 966 1578 1018 Ὀ
1613 967 1679 1036 δὴ
1728 965 1888 1020 τοῦτο

315 1060 514 1125 λέγων,
539 1058 599 1110 τὸ
633 1059 765 1111 αὐτὸ
806 1057 948 1110 κατά
974 1058 1033 1108 τὸ
1063 1057 1194 1111 αὐτὸ
1226 1059 1607 1126 συντιθέμενος
1639 1059 1731 1109 καὶ
1758 1060 1888 1111 ἀνα-

313 1153 514 1212 νεύων,
545 1154 660 1214 τοῖς
685 1152 906 1214 οἰκείοις
935 1169 992 1204 τε
1035 1153 1214 1220 λόγοις
1246 1151 1403 1214 αὐτὸς
1454 1149 1617 1202 πάλιν
1645 1147 1886 1212 ἀντίθεός

314 1249 456 1306 ἐστι,
493 1246 585 1298 καὶ
627 1245 685 1298 τὸ
714 1244 808 1298 τοῦ
841 1244 977 1297 Θεοῦ
1011 1245 1289 1312 ὑπερφυὲς
1323 1244 1403 1306 είς
1444 1243 1507 1295 τὸ
1544 1241 1694 1311 παρὰ
1727 1241 1888 1308 φύσιν

313 1339 602 1407 κατασπᾷ,
633 1338 728 1388 καὶ
771 1336 837 1389 δι’
875 1318 1121 1406 ἀλλήλων
1149 1331 1223 1392 ὧν
1269 1353 1433 1406 φησιν
1479 1334 1720 1404 ἀναιρῶν
1756 1334 1885 1387 ἑκά·

312 1445 499 1496 τερον,
548 1427 732 1480 ἀθετεῖ
765 1428 962 1490 τελέως
1002 1429 1062 1479 τὸ
1104 1423 1245 1480 εἶναι
1306 1428 1398 1479 τὸν
1448 1426 1580 1480 Θεόν
1609 1442 1625 1458 ·
1649 1429 1741 1479 καὶ
1779 1429 1890 1488 τοῖς

315 1518 501 1579 οθέοις
527 1518 718 1570 ἑαυτὸν
742 1518 1049 1570 συντάττει.
1086 1517 1181 1570 Διά
1203 1516 1360 1570 τοῦτο
1387 1508 1712 1588 Γρηγόριος,
1740 1516 1768 1568 6
1793 1517 1889 1584 τῆς

316 1609 606 1677 θεολογίας
634 1608 940 1678 ἐπώνυμος,
971 1610 1068 1662 οὐκ
1092 1612 1156 1662 ἐκ
1183 1612 1290 1662 τῶν
1321 1609 1435 1666 κατ’
1466 1611 1645 1676 αὑτὸν,
1681 1609 1799 1662 ἀλλ’
1825 1611 1886 1661 ὲκ

311 1700 425 1758 τῶν
467 1702 596 1770 περὶ
641 1699 802 1754 αὐτόν
841 1717 972 1767 φησι
1013 1698 1245 1752 νοεῖσθαι
1286 1702 1374 1751 τὴν
1416 1699 1584 1752 Θεόν⁶
1626 1700 1733 1753 όδὲ
1793 1701 1888 1768 μέ-

314 1807 420 1857 γας
450 1791 721 1853 Διονύσιος
756 1793 931 1844 πάντα
963 1793 1211 1859 μετέχειν
1231 1794 1483 1862 προνοίας
1523 1794 1585 1845 ἐκ
1617 1793 1710 1861 τῆς
1750 1792 1909 1844 παν-⁵

313 1882 496 1933 animi
553 1864 807 1948 θεότητος
834 1878 1262 1960 εκὸλυζομένης.
1318 1879 1357 1936 Ο
1384 1881 1436 1938 δὲ
1459 1880 1599 1943 Θεῖος
1617 1881 1888 1950 Μάξιμος,
1918 1865 1965 1925 Β

317 1994 336 2024 ι
368 1974 456 2041 Ἐν
478 1973 565 2044 ’τῷ
591 1973 733 2041 Θεῷ,
766 1974 1223 2042 φησὶ,γενόμενος
1256 1975 1281 2025 6
1314 1973 1454 2034 νοῦς,
1480 1975 1602 2034 τοὺς
1635 1976 1761 2041 περὶ
1791 1975 1892 2044 τῆς

281 2038 508 2129 ,οὐσίαξ
549 2066 716 2117 αὐτοῦ
759 2056 978 2136 πρῶτον
1016 2065 1210 2134 λόγους
1239 2066 1490 2134 ἐπιζητεῖ
1525 2067 1622 2134 μὲν
1663 2066 1892 2120 ὑπὸ-τοῦ

312 2158 486 2212 πόθου
541 2158 900 2227 φλεγόμενος,
944 2159 1045 2210 οὐκ
1089 2159 1153 2209 ἐκ
1189 2157 1296 2208 τῶν
1346 2159 1468 2209 κατ’
1503 2157 1671 2227 αὐτὴν
1700 2159 1754 2211 δὲ
1794 2157 1891 2228 τὴν

311 2248 680 2327 παραμυθίαν
730 2246 994 2319 εὑρίσκει.
1062 2249 1371 2317 Ἀμήχανον
1418 2249 1528 2320 γὰρ
1593 2248 1752 2302 τοῦτο
1798 2249 1894 2302 καὶ

309 2340 641 2393 ἀνέκδεκτον
667 2339 815 2408 πάσῃ
850 2334 1052 2408 γενητῇ
1104 2339 1265 2405 φύσει
1309 2339 1511 2406 ἐξίσου.
1560 2340 1652 2392 Ἐκ
1685 2341 1741 2393 δὲ
1784 2340 1893 2393 τῶν

312 2431 446 2500 περὶ
477 2429 652 2498 αὐτὴν
684 2428 1123 2498 παραμυθεῖται,
1151 2429 1296 2498 λέγω
1324 2430 1387 2500 δὴ
1428 2430 1537 2482 τῶν
1567 2431 1697 2500 περὶ
1725 2430 1891 2484 ἀῖδιό-

309 2537 480 2590 τητος
542 2523 804 2592 ἀπειρίας
839 2539 898 2575 τε
935 2523 1030 2575 καὶ
1082 2523 1391 2597 ἀοριστίας,
1444 2524 1782 2593 ἀγαθότητός
1833 2542 1893 2578 τε

307 2616 410 2668 καὶ
445 2614 640 2682 σοφίας
666 2615 762 2668 καὶ
790 2615 1095 2684 δυνὴιεως,
1121 2614 1520 2685 δημιουργικῆς
1548 2634 1607 2668 τε
1639 2617 1735 2670 καὶ
1765 2635 1897 2688 προ-

309 2707 576 2776 νοητικῆς
601 2708 694 2760 καὶ
725 2708 978 2783 κριτικῆς
1000 2710 1108 2761 τῶν
1130 2699 1354 2764 ὅντων.»
1385 2711 1458 2763 Τὸ
1490 2712 1671 2780 μέντοι
1696 2716 1893 2783 ἀπερι-

310 2799 507 2869 νόητον
546 2800 643 2851 καὶ
684 2799 1132 2869 ἀκατονόμαστον
1162 2801 1256 2854 καὶ
1306 2802 1672 2872 ἀκοινώνητον
1718 2805 1894 2857 ἐκεῖνο

311 2890 509 2960 χρῆμα
538 2890 639 2960 τῆς
671 2890 821 2955 θείας
864 2893 1324 2963 ὑπερουσιότητος
1370 2894 1469 2947 οὐκ
1499 2895 1689 2947 οὐσίαν
1731 2896 1893 2966 μόνον

309 2985 361 3036 οἱ
403 2982 779 3051 θεορῤήμονες
815 2985 865 3037 εί
919 2984 1014 3036 καὶ
1047 2983 1125 3054 μὴ
1171 2984 1400 3056 κυρίως,
1431 2985 1505 3049 ὡς
1558 2987 1890 3058 εἰρήκαμεν,

307 3073 678 3142 ὀνομάζοντές
716 3075 878 3139 εἰσιν,
929 3074 1066 3128 ἀλλά
1120 3075 1215 3128 καὶ
1255 3075 1486 3146 θεότητα
1539 3079 1634 3132 καὶ
1686 3079 1892 3146 ἀγαθό·

309 3182 453 3234 τητα
504 3164 601 3217 καὶ
630 3166 823 3233 σοφίαν
853 3166 947 3218 καὶ
992 3164 1175 3235 ζωήνο
1219 3169 1312 3220 καὶ
1361 3167 1550 3230 ἁπλῶς
1592 3169 1764 3222 ὁπόσα
1798 3173 1894 3222 καὶ

306 3255 412 3316 τὰς
464 3253 798 3324 θεοπρεπεϊς
832 3256 1094 3326 προόδους
1137 3273 1196 3314 τε
1232 3259 1327 3310 καὶ
1377 3259 1658 3328 ἐνεργείας
1688 3261 1888 3330 όνομά-
1921 3238 1962 3294 C

306 3345 503 3408 ζουσιν
544 3347 735 3402 αὐτοῦ.
784 3349 891 3401 Καὶ
929 3349 1038 3421 γὰρ
1084 3349 1184 3403 οὐκ
1232 3351 1528 3420 ἐκφράσαι,
1589 3355 1744 3422 φησὶ,
1793 3353 1892 3423 τὴν

305 3436 784 3506 αὑτοῦπερούσιον
812 3440 1128 3509 ἀγαθότητα
1155 3443 1248 3492 καὶ
1274 3443 1465 3495 οὐσίαν
1497 3443 1593 3495 καὶ
1623 3443 1770 3514 ζωὴν
1796 3447 1892 3499 καὶ

307 3528 509 3596 σοφίαν
541 3529 642 3598 τῆς
672 3530 1144 3600 αὐτοῦπερουσίου
1185 3531 1437 3603 θεότητος
1464 3535 1492 3585 6
1521 3535 1678 3603 λόγος
1712 3538 1893 3603 ἐπαγ-

306 3621 587 3688 γέλλεται,
619 3621 720 3691 τὴν
773 3623 915 3694 ὑπὲρ
957 3624 1142 3678 πᾶσαν
1176 3625 1488 3696 ἀγαθότητα
1521 3629 1614 3680 καὶ
1667 3627 1894 3698 θεότητα

307 3713 409 3764 καὶ
434 3712 632 3765 οὐσίαν
661 3714 756 3766 καὶ
792 3714 989 3784 σοφίαν
1021 3717 1116 3767 καὶ
1141 3715 1307 3785 ζωὴν,
1343 3716 1440 3786 τὴν
1465 3719 1522 3770 ὲν
1556 3720 1894 3790 ἀποκρύφοις

306 3802 788 3873 ὑπεριδρυμένην,
816 3805 953 3859 ἀλλὰ
981 3806 1080 3876 τὴν
1111 3809 1539 3878 ὲκπεφασμένην
1561 3811 1892 3879 ἀγαθοποιὸν

307 3892 572 3962 πρόνοιαν
596 3895 940 3965 ὕπεροχικῶς
957 3897 1269 3968 ἀγαθότητα
1305 3899 1399 3952 καὶ
1429 3901 1644 3959 πάντων
1672 3903 1893 3971 ἀγαθῶν

307 3986 495 4040 αἰτίαν
543 3986 742 4056 ὑμνεῖ,
776 3990 873 4039 καὶ
901 3985 960 4040 ὃν
992 3994 1087 4042 καὶ
1122 3989 1268 4060 ζωὴν
1302 4003 1400 4045 καὶ
1439 3992 1633 4062 σοφίαν
1665 3995 1764 4064 τὴν
1802 3996 1895 4047 οὐ·

309 4077 562 4133 σιοποιδν
596 4079 692 4132 καὶ
718 4079 984 4142 ζωοποιδν
1013 4082 1105 4133 καὶ
1141 4083 1420 4148 σοφοδότιν
1450 4085 1632 4138 αἰτίαν
1665 4086 1774 4140 τῶν
1801 4087 1887 4137 οὺ-

306 4175 432 4231 σίας
493 4169 589 4222 καὶ
639 4170 790 4239 ζωῆς
843 4173 939 4224 καὶ
965 4172 1057 4225 νοῦ
1091 4174 1182 4227 καὶ
1235 4173 1393 4242 λόγου
1446 4178 1538 4228 καὶ
1585 4176 1893 4248 αἰσθήσεως

306 4262 748 4333 μετειληφότων.
806 4262 915 4314 Ποῦ
979 4264 1118 4316 εἰσιν
1174 4265 1223 4316 οἱ
1284 4265 1359 4336 μὴ
1417 4267 1734 4337 ἀνεχόμενοι
1787 4270 1893 4322 τῶν

301 4355 589 4406 ακτίστων
634 4353 992 4422 ὕπερτιθέναι
1028 4354 1128 4424 τὴν
1172 4356 1364 4410 οὐσίαν
1401 4358 1497 4410 τοῦ
1539 4359 1708 4425 Θεοῦ;
1759 4362 1888 4415 Ἰδοὺ

302 4449 419 4517 γὰρ
444 4445 472 4496 6
506 4445 683 4513 μέγας
714 4444 992 4507 Διονύσιος
1019 4445 1113 4497 καὶ
1135 4446 1234 4515 τῆς
1261 4447 1520 4519 θεότητος
1544 4454 1636 4503 καὶ
1660 4452 1758 4520 τῆς
1783 4454 1891 4505 τῶν

302 4537 539 4604 ογαθῶν
570 4537 755 4599 αἰτίας
786 4539 885 4590 καὶ
910 4538 1100 4602 ἁπλῶς
1134 4540 1327 4593 πασῶν
1365 4541 1474 4595 τῶν
1522 4545 1767 4614 μετοχῶν
1797 4563 1892 4598 σα-

308 4631 426 4697 φῶς
462 4630 826 4700 ὑπερτίθησιν
862 4631 1056 4702 αὐτὴν,
1104 4633 1202 4703 οὐχ
1249 4634 1324 4697 ὡς
1357 4638 1739 4708 ὑφεστηκυιῶν
1771 4640 1890 4692 καθ’

299 4723 533 4786 ἑαυτὰς,
593 4722 711 4776 ἀλλ’
741 4723 816 4785 ὡς
857 4726 1149 4794 ἐνεργειῶν
1202 4727 1375 4796 αὐτῆς
1426 4729 1709 4797 μεθεκῖῶν
1759 4734 1892 4801 ἡμῖν

301 4813 696 4883 ὑπαρχουσῶν.
742 4813 915 4874 Αὐτὸς
981 4816 1089 4882 γάρ
1151 4814 1299 4868 ἐστιν
1351 4819 1378 4870 6
1433 4820 1551 4871 κατ’
1612 4821 1892 4889 ἐνέργειαν

302 4907 412 4958 ὑπὸ
480 4906 700 4958 πάντων
756 4906 1140 4976 μετεχόμενος.
1185 4908 1308 4961 Ὀτι
1351 4909 1396 4961 δ’
1452 4909 1700 4964 ἀκτιστοί
1753 4914 1893 4966 εἰσιν

297 4999 359 5050 οἱ
402 4997 637 5066 μετοχαὶ
663 4991 739 5050 ῶν
785 4997 1116 5065 ὑπέρκειται
1154 5000 1276 5051 κατ’
1315 5000 1502 5053 οὐσίαν
1546 5004 1572 5054 6
1612 5003 1764 5068 Θεὸς,
1794 5007 1886 5061 τοῦ

298 5090 473 5143 αὑτοῦ
515 5089 676 5142 πάλιν
708 5089 966 5152 ἄκουσον,
1023 5093 1223 5159 μικρὸν
1278 5091 1536 5160 ἀνωτέρω
1568 5097 1892 5164 φάσκοντος,

299 5182 447 5235 καθὰ
485 5184 580 5234 καὶ
605 5181 1045 5253 προειρήκαμεν,
1075 5183 1156 5234 ὅτι
1188 5181 1263 5252 τῷ
1291 5183 1434 5253 λόγῳ
1466 5187 1666 5247 σκοπὸς
1701 5188 1761 5238 οὐ
1792 5187 1891 5257 τὴν

299 5271 634 5340 ὺπιρούσιον
663 5271 873 5336 οὐσίαν,
906 5264 940 5346 ᾖ
978 5272 1329 5341 ὐπερούσιος,
1367 5275 1670 5342 ἐκφαίνειν,
1725 5278 1890 5333 ἀνέκ-

295 5379 512 5431 φαντος
573 5362 706 5433 γὰρ,
766 5363 903 5414 ἀλλὰ
932 5364 1030 5433 τὴν
1058 5364 1366 5415 οὑσιοποιον
1396 5368 1473 5427 εἰς
1500 5366 1567 5417 τὰ
1590 5367 1717 5419 ὄντα
1765 5370 1896 5436 πρό·

292 5449 416 5506 οδλρ
451 5452 717 5521 ὑμνῆσαι.
753 5451 863 5503 Καὶ
915 5451 1024 5520 γάρ
1076 5453 1188 5523 ἦτ’
1240 5453 1445 5521 ἀγαθοῦ
1501 5453 1778 5523 Θεωνυμία
1812 5457 1891 5519 είς

295 5549 485 5604 πάντα
524 5545 595 5597 τά
624 5543 754 5597 ὄντα
790 5545 1110 5610 ἐκτείνεται,
1157 5548 1246 5598 καὶ
1277 5547 1417 5614 ὑπὲρ
1445 5546 1514 5597 τὰ
1547 5547 1675 5599 ὄντα
1720 5549 1887 5600 ἐστίν.

305 5639 370 5694 ἸΙ
398 5639 457 5691 δὲ
489 5641 586 5721 τῆς
621 5637 770 5707 ζωῆς
805 5641 883 5700 εἰς
918 5641 1093 5691 πάντα
1139 5641 1204 5688 τὰ
1234 5637 1412 5700 ζῶντα
1446 5639 1766 5704 ἐκτείνεται,
1799 5645 1890 5692 καὶ

292 5734 441 5801 ὑπὲρ
478 5732 544 5784 τὰ
579 5732 761 5793 ζῶντά
805 5733 980 5784 ἐστιν,
1022 5732 1084 5786 'U
1119 5732 1172 5789 δὲ
1212 5731 1308 5800 τῆς
1360 5732 1554 5804 σοφίας
1600 5733 1678 5794 εἰς
1712 5734 1886 5789 uana

292 5825 362 5884 τὸ.
394 5826 564 5890 νοερὰ
591 5827 684 5878 χαί
712 5824 914 5895 λογικὰ
953 5827 1045 5878 καὶ
1085 5823 1386 5892 αἰσθητικά
1419 5811 1750 5888 τιιεᾶνεται,
1791 5827 1880 5879 καί
1916 5849 1934 5861 ι

1993 605 2236 666 veniens,
2269 613 2322 654 et
2352 600 2719 664 incohznrens,
2780 607 2832 651 et
2865 600 3286 654 remotissimum
3341 615 3369 651 a
3405 615 3558 663 vero,

1996 705 2250 763 tanquam
2310 707 2520 745 summe
2554 692 3060 758 contradictorium,
3109 692 3254 760 quia,
3289 690 3440 758 juxta
3475 691 3560 743 ili-

1993 802 2116 838 vutn
2149 784 2466 855 Gregorium
2492 781 2821 853 Nyssenum,
2845 799 2906 836 ea
2938 792 3065 836 sunt
3087 783 3340 852 quazlihet
3363 783 3429 836 de
3451 781 3563 835 Deo

1991 879 2156 945 dit-ta,
2196 887 2277 942 ut,
2330 876 2543 930 etiamsi
2585 875 2836 930 diﬁ‘crant
2887 875 3303 943 signiﬁcatione,
3358 876 3559 928 nullam

1989 971 2227 1023 habeant
2265 983 2387 1023 cum
2421 967 2641 1020 nomine
2675 967 2836 1022 simul
2889 967 3135 1021 adhibito
3175 965 3564 1020 contradictio-

1992 1077 2137 1113 nem.
2199 1059 2300 1125 Qui
2326 1060 2401 1113 sic
2450 1059 2711 1128 loquitur,
2774 1059 2914 1111 idem
2966 1058 3070 1112 sub
3099 1059 3285 1112 eodem
3317 1065 3560 1125 respectu

1991 1154 2290 1211 aﬂirmans.
2322 1155 2437 1208 suis
2473 1153 2584 1220 ipse
2617 1151 2797 1205 verbis
2825 1151 2932 1203 Deo
2970 1151 3307 1214 adversatur,
3335 1148 3567 1203 confun-

1991 1249 2069 1301 dit
2103 1249 2153 1299 in
2185 1261 2250 1301 eo
2281 1262 2400 1316 qua:
2427 1254 2552 1299 sunt
2578 1258 2740 1312 supra
2780 1251 2834 1296 et
2877 1258 2996 1311 qua:
3047 1255 3234 1295 contra
3289 1251 3558 1315 naturain,

1994 1349 2047 1392 ct
2080 1355 2176 1393 sua
2214 1339 2354 1392 dicta
2391 1337 2494 1390 alia
2522 1337 2646 1389 aliis
2686 1335 2991 1395 destruens,
3022 1335 3238 1402 penitus
3271 1334 3451 1387 abolet
3474 1335 3563 1386 Dei

1994 1432 2369 1489 exsistentiam
2423 1430 2670 1485 etathcis
2719 1442 2840 1482 sese
2864 1426 3102 1479 ascribit.
3145 1425 3330 1493 Itaque
3362 1425 3563 1495 Grego-

1995 1527 2109 1577 rius
2142 1523 2465 1592 cognomine
2503 1520 2808 1588 Theologus
2834 1519 2999 1571 dicit:
3041 1538 3057 1568 ι
3087 1517 3224 1570 Deus
3259 1534 3360 1571 non
3394 1534 3456 1571 ex
3484 1519 3564 1571 his

1992 1630 2111 1684 qua»
2141 1616 2190 1666 in
2226 1625 2291 1667 eo
2323 1622 2467 1676 sunt,
2510 1613 2603 1668 sed
2646 1628 2706 1663 ex
2744 1612 2824 1661 his
2860 1625 2977 1677 qua:
3027 1625 3147 1663 cum
3190 1614 3561 1667 circumstant,

1994 1708 2362 1775 intelligitur.»
2398 1701 2459 1758 Et
2485 1719 2711 1772 magnus
2736 1705 3061 1773 Dionysius:
3093 1702 3312 1757 «Omnia
3345 1704 3562 1771 partiti.

1995 1809 2123 1868 pant
2149 1799 2539 1868 providentiam
2597 1810 2658 1849 ex
2705 1797 2967 1852 creatrice
3003 1797 3246 1849 omnium
3290 1795 3568 1848 divinitate

1995 1892 2358 1946 manantem»
2387 1890 2513 1942 ltem
2542 1890 2696 1942 divus
2719 1886 3014 1941 Maximus:
3071 1885 3362 1953 «Cogitans
3413 1899 3563 1936 mens

1995 1981 2060 2034 de
2106 1981 2236 2042 Deo,
2277 1980 2508 2046 primum
2548 1977 2797 2030 ardenter
2828 1977 3057 2043 cupitea
3097 1985 3564 2044 cogitusurequa:

1994 2073 2060 2127 ad
2110 2071 2399 2126 essentiam
2444 2070 2733 2139 pertinent.
2761 2084 2864 2122 non
2917 2083 3047 2120 vero
3077 2068 3139 2120 de
3172 2070 3282 2134 ipsa
3323 2070 3560 2122 essentia

1996 2161 2315 2218 ratiocinari
2343 2161 2570 2230 qucrit:
2608 2161 2712 2214 hoe
2735 2160 2878 2213 enim
2913 2158 3246 2228 impossibile
3277 2168 3357 2212 est
3384 2168 3435 2212 et
3472 2175 3566 2212 su-

1995 2273 2088 2326 pra
2123 2257 2265 2310 vires
2292 2253 2586 2322 cujuslibet
2612 2263 2817 2306 natura:
2847 2261 3061 2307 ereatzn.
3112 2251 3186 2305 De
3233 2251 3315 2305 his
3357 2259 3563 2304 tantum

1995 2364 2115 2419 qua:
2135 2347 2279 2402 illam
2305 2347 2662 2400 circumstant
2690 2345 3067 2407 ratiocinatur,
3093 2342 3298 2396 scilicet
3318 2343 3386 2397 de
3412 2347 3567 2396 aeter-

1995 2440 2185 2501 nitate,
2223 2436 2607 2500 immensitate,
2639 2434 2926 2498 inﬁnitate,
2982 2434 3242 2497 bonitate,
3297 2435 3562 2502 Sapientia

1993 2542 2048 2586 et
2076 2530 2331 2585 facultate
2353 2527 2570 2583 creandi
2600 2525 3023 2596 providendique
3047 2536 3100 2580 et
3117 2526 3396 2594 judicandi
3417 2542 3567 2579 crea-

1994 2633 2197 2679 turas.»
2218 2623 2358 2691 Ergo
2383 2635 2490 2675 non
2523 2621 2696 2675 solum
2722 2618 2867 2672 illam
2893 2619 3130 2672 divinam
3147 2620 3567 2689 supersubstan-

2007 2716 2212 2782 tialem,
2244 2712 2846 2782 incompreliensibile'm
2903 2711 3345 2780 ineﬂabilemque
3390 2699 3445 2764 et
3478 2713 3561 2764 in-

1995 2803 2509 2862 communicabilem
2535 2811 2782 2855 naturam
2809 2799 3064 2868 theologi,
3099 2809 3155 2851 lll
3186 2815 3344 2869 supra
3365 2801 3564 2852 dictum

1996 2906 2103 2960 est,
2134 2894 2430 2950 essentiam
2460 2901 2680 2954 vocant,
2730 2893 2821 2944 sed
2854 2892 3040 2954 etiam,
3093 2891 3220 2945 licet
3251 2893 3566 2958 impr-uprie,

1997 2989 2357 3050 divinitatem,
2410 2985 2731 3046 bonitatem,
2789 2983 3115 3051 sapientiam
3149 2991 3202 3035 et
3229 2983 3419 3043 vitam,
3456 2997 3562 3035 uno

1998 3081 2159 3136 verbo
2183 3077 2448 3147 quidquid
2483 3076 2694 3130 divinas
2728 3075 3108 3144 processiones
3140 3084 3191 3128 el
3226 3078 3567 3142 operationes

1996 3172 2301 3240 designant.
2339 3166 2497 3232 Nam,
2532 3165 2805 3233 inquiunt,
2855 3181 2961 3217 non
2994 3165 3139 3218 valet
3180 3178 3360 3216 sermo
3389 3166 3568 3231 exple,-

1997 3276 2146 3317 mere
2182 3257 2759 3330 supersubstantialem
2785 3258 3076 3310 essentiam
3105 3256 3381 3322 vitamque
3401 3264 3452 3307 et
3482 3269 3569 3308 sa-

1995 3329 2264 3422 pientiam"
2283 3346 2826 3417 supersubstantialis
2843 3329 3170 3409 divinitatis,
3204 3363 3322 3414 qua:
3346 3361 3562 3399 onmem

1997 3442 2315 3507 bonitatem,
2342 3439 2660 3503 essentiam,
2691 3438 2857 3490 vitam
2887 3452 2952 3491 ac
2975 3438 3295 3506 sapientiam
3326 3448 3564 3506 superat,

1993 3545 2049 3588 et
2079 3534 2129 3586 in
2163 3532 2486 3586 abscondito
2519 3530 2873 3599 supersedet;
2907 3529 3001 3582 sed
3032 3529 3439 3582 manil‘cstatam
3471 3530 3563 3582 be-

1997 3625 2317 3678 nefaciendo
2337 3621 2899 3692 providentiant,'qum
2921 3629 3002 3672 est
3020 3618 3325 3674 etninenter
3352 3619 3566 3674 bonitas

1997 3726 2051 3771 et
2083 3715 2328 3769 omnium
2358 3715 2625 3767 bonorum
2659 3711 2806 3776 fons,
2833 3711 3089 3776 celebrat,
3127 3726 3336 3766 necnon
3377 3725 3567 3764 essen-

1999 3812 2126 3864 tiam
2169 3809 2445 3878 vitamque
2475 3815 2528 3859 et
2556 3806 2905 3875 sapientiam,
2938 3820 3058 3872 qua:
3087 3805 3346 3866 essentia,
3375 3807 3479 3858 vita
3513 3817 3566 3856 et

1996 3898 2267 3969 sapientia
2294 3897 2462 3952 donat
2492 3910 2586 3952 eos
2611 3896 3106 3968 qui_exsistentia:,
3165 3898 3314 3962 νίιω,
3371 3897 3568 3951 intelli-

1995 3992 2208 4061 gentiae,
2252 3990 2541 4045 locutionis
2598 3998 2653 4043 et
2709 3987 3041 4043 sensationis
3078 3997 3206 4041 sunt
3255 3989 3562 4055 partit-ipes.

2002 4083 2100 4137 Ubi
2149 4092 2278 4136 sunt
2329 4081 2422 4151 qui
2485 4087 2686 4149 negant
2749 4079 3009 4133 inereatis
3063 4080 3398 4148 superiorem
3443 4097 3568 4135 esse

1997 4174 2090 4228 Dei
2122 4172 2461 4229 essentiam?
2493 4171 2633 4226 Ecce
2663 4171 2811 4226 enim
2840 4185 3068 4241 magnus
3100 4172 3393 4242 Dionysius
3419 4174 3567 4226 clare

1997 4268 2130 4320 dicit
2163 4267 2264 4320 hac
2298 4265 2583 4320 inferiores
2617 4279 2739 4318 esse
2769 4263 3132 4330 divinitatem,
3188 4265 3568 4334 bonorumque

1996 4373 2221 4411 causam
2256 4367 2308 4410 et
2336 4356 2660 4424 simpliciter
2689 4369 2881 4408 omnes
2915 4357 3315 4423 processiones,
3349 4374 3473 4426 qua:
3509 4360 3564 4412 in

1996 4449 2190 4516 seipsis
2222 4463 2329 4500 non
2362 4449 2691 4509 subsistunt,
2727 4446 2817 4500 sed
2844 4455 2970 4499 sunt
3018 4450 3362 4515 operationes
3410 4448 3571 4504 nobis

1998 4540 2434 4594 communicata}.
2467 4541 2588 4609 ipse
2611 4539 2757 4592 enim
2792 4540 2930 4593 Deus
2958 4544 3274 4608 operatione
3315 4543 3568 4597 ontnibus

2001 4633 2452 4689 communicatur.
2478 4631 2752 4686 lnereatas
2776 4640 2954 4685 autem
2986 4646 3104 4686 esse
3138 4632 3234 4686 bas
3267 4635 3568 4701 processio-

2000 4743 2093 4779 nes
2118 4741 2254 4795 quas
2285 4733 2508 4794 superat
2538 4725 2773 4778 essentia
2809 4723 2902 4777 Dei
2942 4723 3082 4777 idem
3133 4732 3360 4779 testatur
3406 4727 3567 4795 paulo

1995 4820 2249 4886 superius
2279 4818 2489 4880 dicens,
2519 4823 2574 4868 ut
2612 4815 2895 4883 prml‘atunt
2928 4826 3033 4881 est,
3068 4829 3171 4870 non
3207 4821 3425 4872 tendere
3450 4835 3567 4873 ser-

1999 4925 2212 4963 monem
2230 4911 2293 4963 ad
2314 4910 2768 4966 manifestattdam
2792 4911 3367 4979 supersubstantialent
3385 4927 3568 4967 essen-

1995 5003 2147 5065 tiam,
2185 5017 2290 5070 qua
2324 5001 2864 5066 sutiersubstantialis
2896 5010 2978 5053 est
3008 5001 3172 5065 Deus,
3224 5003 3424 5070 quippe
3446 5015 3568 5070 qua:

1997 5094 2221 5147 revelari
2260 5093 2466 5161 nequit,
2504 5092 2597 5147 sed
2632 5093 2696 5145 ad
2729 5091 3112 5145 celebrandmn
3151 5096 3476 5147 exsistcntiae
3515 5098 3568 5146 in

2009 5194 2291 5238 creat-uias
2335 5181 2644 5239 diluvium:
2684 5185 2798 5235 haec
2830 5183 2973 5235 enim
3032 5185 3180 5237 dicta
3207 5180 3273 5238 de
3306 5185 3414 5239 Deo
3477 5188 3568 5238 bn-

1995 5275 2137 5335 nitus
2159 5277 2223 5327 ad
2254 5289 2340 5328 res
2357 5289 2549 5327 omnes
2574 5272 2884 5326 extenditur
2907 5281 3162 5326 etomnes
3185 5284 3400 5340 superat
3423 5288 3437 5340 ;
3461 5280 3569 5327 itaet:

1996 5370 2103 5419 vita
2162 5367 2227 5422 ad
2256 5379 2430 5420 omnia
2462 5364 2768 5417 extenditur
2826 5365 3082 5427 viventia,
3113 5373 3166 5421 et
3196 5366 3449 5417 omnibus
3484 5366 3567 5416 his

1995 5457 2311 5529 antecellit;
2388 5458 2501 5510 haac
2568 5456 2830 5523 sapientia
2899 5456 2965 5508 ad
3017 5459 3196 5511 omnia
3265 5458 3572 5510 extenditur

1995 5547 2372 5618 intelligentia,
2421 5549 2813 5615 rationaliaque
2868 5558 2920 5600 et
2967 5547 3267 5608 sensibilia,
3312 5557 3364 5601 et
3386 5550 3571 5602 omnia

1997 5638 2108 5690 Inc
2151 5631 2586 5704 supergreditur.
2640 5628 2797 5687 Vides
2853 5629 2973 5688 illas
3026 5638 3402 5703 processiones
3451 5651 3574 5693 esse

1993 5732 2264 5787 creaturis
2288 5729 2617 5795 Superiores.
2650 5726 2781 5795 Ipsae
2806 5737 2988 5779 tamen
3012 5729 3290 5795 praedicari
3321 5742 3567 5798 possant,

1994 5830 2097 5874 nan
2141 5836 2270 5874 vero
2299 5818 2538 5873 inetfobil
2563 5833 2594 5871 ε
2627 5833 2675 5871 et
2711 5820 3142 5895 impenetrabilis
3171 5823 3434 5880 essentia.
3463 5823 3568 5878 Sed
