  <div class='ocr_page' id='page_1' title='image "/cluster/home/n/w/nwhite01/storage/ocr_20150623/150/nnc1.0022106740/485.png"; bbox 0 0 4274 6452; ppageno 0'>
   <div class='ocr_carea' id='block_1_1' title="bbox 723 417 842 491">
    <p class='ocr_par' dir='ltr' id='par_1_1' title="bbox 723 417 842 491">
     <span class='ocr_line' id='line_1_1' title="bbox 723 417 842 491; baseline -0.008 0"><span class='ocrx_word' id='word_1_1' title='bbox 723 417 842 491; x_wconf 70' lang='lat'><strong>947‘</strong></span> 
     </span>
    </p>
   </div>
   <div class='ocr_carea' id='block_1_2' title="bbox 1973 429 2702 492">
    <p class='ocr_par' dir='ltr' id='par_1_2' title="bbox 1973 429 2702 492">
     <span class='ocr_line' id='line_1_2' title="bbox 1973 429 2702 492; baseline -0.008 -1"><span class='ocrx_word' id='word_1_2' title='bbox 1973 431 2342 492; x_wconf 71' lang='lat' dir='ltr'><strong>GliEGOliIl</strong></span> <span class='ocrx_word' id='word_1_3' title='bbox 2383 429 2702 490; x_wconf 68' lang='lat' dir='ltr'><strong>PALAMzE</strong></span> 
     </span>
    </p>
   </div>
   <div class='ocr_carea' id='block_1_3' title="bbox 3860 406 3970 473">
    <p class='ocr_par' dir='ltr' id='par_1_3' title="bbox 3860 406 3970 473">
     <span class='ocr_line' id='line_1_3' title="bbox 3860 406 3970 473; baseline 0 0"><span class='ocrx_word' id='word_1_4' title='bbox 3860 406 3970 473; x_wconf 71' lang='lat'><strong>948</strong></span> 
     </span>
    </p>
   </div>
   <div class='ocr_carea' id='block_1_4' title="bbox 723 525 2335 617">
    <p class='ocr_par' dir='ltr' id='par_1_4' title="bbox 723 546 2335 617">
     <span class='ocr_line' id='line_1_4' title="bbox 723 546 2335 617; baseline 0.001 -16"><span class='ocrx_word' id='word_1_5' title='bbox 723 546 973 601; x_wconf 78' lang='lat' dir='ltr'><strong>eumdem</strong></span> <span class='ocrx_word' id='word_1_6' title='bbox 997 546 1122 599; x_wconf 85' lang='lat' dir='ltr'><strong>audi</strong></span> <span class='ocrx_word' id='word_1_7' title='bbox 1141 547 1285 600; x_wconf 83' lang='lat' dir='ltr'><strong>clare</strong></span> <span class='ocrx_word' id='word_1_8' title='bbox 1307 547 1588 601; x_wconf 81' lang='lat' dir='ltr'><strong>docentem</strong></span> <span class='ocrx_word' id='word_1_9' title='bbox 1610 547 1711 601; x_wconf 87' lang='lat' dir='ltr'><strong>bos</strong></span> <span class='ocrx_word' id='word_1_10' title='bbox 1736 561 2048 617; x_wconf 79' lang='lat' dir='ltr'><strong>superiores</strong></span> <span class='ocrx_word' id='word_1_11' title='bbox 2078 555 2293 602; x_wconf 88' lang='lat' dir='ltr'><strong>creatu-</strong></span> <span class='ocrx_word' id='word_1_12' title='bbox 2327 575 2335 603; x_wconf 90' lang='lat'><strong>.&#39;</strong></span> 
     </span>
    </p>
   </div>
   <div class='ocr_carea' id='block_1_5' title="bbox 2419 525 3971 617">
    <p class='ocr_par' dir='ltr' id='par_1_5' title="bbox 2419 525 3971 616">
     <span class='ocr_line' id='line_1_5' title="bbox 2419 525 3971 616; baseline -0.013 -21"><span class='ocrx_word' id='word_1_13' title='bbox 2419 547 2537 616; x_wconf 63' lang='grc' dir='ltr'>νπὲρ</span> <span class='ocrx_word' id='word_1_14' title='bbox 2562 544 2740 595; x_wconf 87' lang='grc' dir='ltr'>πάντα</span> <span class='ocrx_word' id='word_1_15' title='bbox 2773 538 2943 592; x_wconf 79' lang='grc' dir='ltr'>ταῦτά</span> <span class='ocrx_word' id='word_1_16' title='bbox 2970 539 3139 590; x_wconf 62' lang='grc' dir='ltr'>ἔστιν.</span> <span class='ocrx_word' id='word_1_17' title='bbox 3179 531 3341 605; x_wconf 79' lang='grc' dir='ltr'>Ὁρᾷς</span> <span class='ocrx_word' id='word_1_18' title='bbox 3375 532 3469 592; x_wconf 83' lang='grc' dir='ltr'>τὰς</span> <span class='ocrx_word' id='word_1_19' title='bbox 3499 527 3733 598; x_wconf 76' lang='grc' dir='ltr'><strong>μετοχὰς</strong></span> <span class='ocrx_word' id='word_1_20' title='bbox 3759 525 3971 589; x_wconf 67' lang='grc' dir='ltr'>ταύτας</span> 
     </span>
    </p>
   </div>
   <div class='ocr_carea' id='block_1_6' title="bbox 724 635 2291 704">
    <p class='ocr_par' dir='ltr' id='par_1_6' title="bbox 724 635 2291 704">
     <span class='ocr_line' id='line_1_6' title="bbox 724 635 2291 704; baseline 0.002 -17"><span class='ocrx_word' id='word_1_21' title='bbox 724 639 794 688; x_wconf 76' lang='lat' dir='ltr'><strong>ris</strong></span> <span class='ocrx_word' id='word_1_22' title='bbox 815 652 1108 704; x_wconf 80' lang='lat' dir='ltr'><strong>p.-occssns</strong></span> <span class='ocrx_word' id='word_1_23' title='bbox 1125 653 1245 691; x_wconf 90' lang='lat' dir='ltr'><strong>csse</strong></span> <span class='ocrx_word' id='word_1_24' title='bbox 1269 649 1446 690; x_wconf 88' lang='lat' dir='ltr'><strong>tamen</strong></span> <span class='ocrx_word' id='word_1_25' title='bbox 1469 637 1577 692; x_wconf 89' lang='lat' dir='ltr'><strong>Deo</strong></span> <span class='ocrx_word' id='word_1_26' title='bbox 1601 637 1910 701; x_wconf 78' lang='lat' dir='ltr'><strong>inferiores;</strong></span> <span class='ocrx_word' id='word_1_27' title='bbox 1928 635 2060 690; x_wconf 93' lang='lat' dir='ltr'><strong>dicit</strong></span> <span class='ocrx_word' id='word_1_28' title='bbox 2075 637 2217 690; x_wconf 89' lang='lat' dir='ltr'><strong>enim</strong></span> <span class='ocrx_word' id='word_1_29' title='bbox 2238 637 2291 690; x_wconf 91' lang='lat' dir='ltr'><strong>in</strong></span> 
     </span>
    </p>
   </div>
   <div class='ocr_carea' id='block_1_7' title="bbox 722 727 2293 796">
    <p class='ocr_par' dir='ltr' id='par_1_7' title="bbox 722 727 2293 796">
     <span class='ocr_line' id='line_1_7' title="bbox 722 727 2293 796; baseline 0 -16"><span class='ocrx_word' id='word_1_30' title='bbox 722 728 1044 782; x_wconf 86' lang='lat' dir='ltr'><strong>duodecimo</strong></span> <span class='ocrx_word' id='word_1_31' title='bbox 1063 730 1175 796; x_wconf 80' lang='lat' dir='ltr'><strong>capi</strong></span> <span class='ocrx_word' id='word_1_32' title='bbox 1186 736 1234 782; x_wconf 91' lang='lat' dir='ltr'><strong>te</strong></span> <span class='ocrx_word' id='word_1_33' title='bbox 1253 729 1373 781; x_wconf 86' lang='lat' dir='ltr'><strong>libri</strong></span> <span class='ocrx_word' id='word_1_34' title='bbox 1389 727 1456 782; x_wconf 86' lang='lat' dir='ltr'><strong>de</strong></span> <span class='ocrx_word' id='word_1_35' title='bbox 1469 728 1666 783; x_wconf 88' lang='lat' dir='ltr'><strong>divinis</strong></span> <span class='ocrx_word' id='word_1_36' title='bbox 1687 727 2028 782; x_wconf 82' lang='lat' dir='ltr'><strong>Nominibus:</strong></span> <span class='ocrx_word' id='word_1_37' title='bbox 2048 745 2066 778; x_wconf 82' lang='grc' dir='ltr'><strong>ι</strong></span> <span class='ocrx_word' id='word_1_38' title='bbox 2080 728 2293 792; x_wconf 87' lang='lat' dir='ltr'><strong>Quanto</strong></span> 
     </span>
    </p>
   </div>
   <div class='ocr_carea' id='block_1_8' title="bbox 727 817 2294 880">
    <p class='ocr_par' dir='ltr' id='par_1_8' title="bbox 727 817 2294 880">
     <span class='ocr_line' id='line_1_8' title="bbox 727 817 2294 880; baseline 0 -12"><span class='ocrx_word' id='word_1_39' title='bbox 727 827 983 878; x_wconf 65' lang='lat' dir='ltr'><strong>praestant</strong></span> <span class='ocrx_word' id='word_1_40' title='bbox 1026 833 1132 871; x_wconf 93' lang='lat' dir='ltr'><strong>non</strong></span> <span class='ocrx_word' id='word_1_41' title='bbox 1179 817 1572 872; x_wconf 82' lang='lat' dir='ltr'><strong>exsistentiltus</strong></span> <span class='ocrx_word' id='word_1_42' title='bbox 1618 823 1883 872; x_wconf 73' lang='lat' dir='ltr'><strong>creatum</strong></span> <span class='ocrx_word' id='word_1_43' title='bbox 1925 825 2159 880; x_wconf 67' lang='lat' dir='ltr'><strong>sanctae,</strong></span> <span class='ocrx_word' id='word_1_44' title='bbox 2204 826 2294 868; x_wconf 88' lang='lat' dir='ltr'><strong>ant</strong></span> 
     </span>
    </p>
   </div>
   <div class='ocr_carea' id='block_1_9' title="bbox 724 905 2298 976">
    <p class='ocr_par' dir='ltr' id='par_1_9' title="bbox 724 905 2298 976">
     <span class='ocr_line' id='line_1_9' title="bbox 724 905 2298 976; baseline -0.003 -19"><span class='ocrx_word' id='word_1_45' title='bbox 724 908 1130 967; x_wconf 68' lang='lat' dir='ltr'><strong>dominatrices,</strong></span> <span class='ocrx_word' id='word_1_46' title='bbox 1152 907 1478 968; x_wconf 66' lang='lat' dir='ltr'><strong>autdivinm,</strong></span> <span class='ocrx_word' id='word_1_47' title='bbox 1506 914 1599 958; x_wconf 89' lang='lat' dir='ltr'><strong>aut</strong></span> <span class='ocrx_word' id='word_1_48' title='bbox 1619 905 1844 976; x_wconf 74' lang='lat' dir='ltr'><strong>regales,</strong></span> <span class='ocrx_word' id='word_1_49' title='bbox 1881 912 1934 957; x_wconf 86' lang='lat' dir='ltr'><strong>et</strong></span> <span class='ocrx_word' id='word_1_50' title='bbox 1956 911 2158 970; x_wconf 88' lang='lat' dir='ltr'><strong>quanto</strong></span> <span class='ocrx_word' id='word_1_51' title='bbox 2177 916 2298 970; x_wconf 89' lang='lat' dir='ltr'><strong>par-</strong></span> 
     </span>
    </p>
   </div>
   <div class='ocr_carea' id='block_1_10' title="bbox 727 997 2296 1068">
    <p class='ocr_par' dir='ltr' id='par_1_10' title="bbox 727 997 2296 1068">
     <span class='ocr_line' id='line_1_10' title="bbox 727 997 2296 1068; baseline -0.005 -17"><span class='ocrx_word' id='word_1_52' title='bbox 727 1003 942 1068; x_wconf 82' lang='lat' dir='ltr'><strong>tieipata</strong></span> <span class='ocrx_word' id='word_1_53' title='bbox 963 999 1292 1051; x_wconf 83' lang='lat' dir='ltr'><strong>antecellunt</strong></span> <span class='ocrx_word' id='word_1_54' title='bbox 1316 997 1804 1064; x_wconf 76' lang='lat' dir='ltr'><strong>participantibus,</strong></span> <span class='ocrx_word' id='word_1_55' title='bbox 1841 1003 1990 1050; x_wconf 89' lang='lat' dir='ltr'><strong>tanto</strong></span> <span class='ocrx_word' id='word_1_56' title='bbox 2011 1005 2296 1062; x_wconf 74' lang='lat' dir='ltr'><strong>supergre-</strong></span> 
     </span>
    </p>
   </div>
   <div class='ocr_carea' id='block_1_11' title="bbox 723 1083 2293 1156">
    <p class='ocr_par' dir='ltr' id='par_1_11' title="bbox 723 1083 2293 1156">
     <span class='ocr_line' id='line_1_11' title="bbox 723 1083 2293 1156; baseline -0.004 -13"><span class='ocrx_word' id='word_1_57' title='bbox 723 1092 870 1143; x_wconf 84' lang='lat' dir='ltr'><strong>ditur</strong></span> <span class='ocrx_word' id='word_1_58' title='bbox 894 1090 1074 1140; x_wconf 85' lang='lat' dir='ltr'><strong>omnia</strong></span> <span class='ocrx_word' id='word_1_59' title='bbox 1110 1086 1491 1155; x_wconf 89' lang='lat' dir='ltr'><strong>participantia</strong></span> <span class='ocrx_word' id='word_1_60' title='bbox 1511 1087 1896 1156; x_wconf 87' lang='lat' dir='ltr'><strong>etparticipata</strong></span> <span class='ocrx_word' id='word_1_61' title='bbox 1929 1083 2293 1140; x_wconf 83' lang='lat' dir='ltr'><strong>incommuni—</strong></span> 
     </span>
    </p>
   </div>
   <div class='ocr_carea' id='block_1_12' title="bbox 720 1172 2294 1248">
    <p class='ocr_par' dir='ltr' id='par_1_12' title="bbox 720 1172 2294 1248">
     <span class='ocr_line' id='line_1_12' title="bbox 720 1172 2294 1248; baseline -0.003 -17"><span class='ocrx_word' id='word_1_62' title='bbox 720 1181 892 1235; x_wconf 68' lang='lat' dir='ltr'><strong>cabile</strong></span> <span class='ocrx_word' id='word_1_63' title='bbox 929 1178 1275 1248; x_wconf 85' lang='lat' dir='ltr'><strong>principium.</strong></span> <span class='ocrx_word' id='word_1_64' title='bbox 1305 1196 1322 1228; x_wconf 80' lang='grc' dir='ltr'><strong>ι</strong></span> <span class='ocrx_word' id='word_1_65' title='bbox 1360 1177 1492 1232; x_wconf 89' lang='lat' dir='ltr'><strong>Cum</strong></span> <span class='ocrx_word' id='word_1_66' title='bbox 1522 1179 1668 1232; x_wconf 88' lang='lat' dir='ltr'><strong>enim</strong></span> <span class='ocrx_word' id='word_1_67' title='bbox 1703 1177 2015 1246; x_wconf 88' lang='lat' dir='ltr'><strong>participata</strong></span> <span class='ocrx_word' id='word_1_68' title='bbox 2043 1172 2294 1228; x_wconf 87' lang='lat' dir='ltr'><strong>omnibus</strong></span> 
     </span>
    </p>
   </div>
   <div class='ocr_carea' id='block_1_13' title="bbox 724 1263 2292 1340">
    <p class='ocr_par' dir='ltr' id='par_1_13' title="bbox 724 1263 2292 1340">
     <span class='ocr_line' id='line_1_13' title="bbox 724 1263 2292 1340; baseline -0.002 -19"><span class='ocrx_word' id='word_1_69' title='bbox 724 1281 977 1340; x_wconf 69' lang='lat' dir='ltr'><strong>praestent</strong></span> <span class='ocrx_word' id='word_1_70' title='bbox 1022 1271 1511 1339; x_wconf 81' lang='lat' dir='ltr'><strong>participantt‘bus.</strong></span> <span class='ocrx_word' id='word_1_71' title='bbox 1548 1268 1935 1338; x_wconf 81' lang='lat' dir='ltr'><strong>participantes</strong></span> <span class='ocrx_word' id='word_1_72' title='bbox 1968 1274 2147 1320; x_wconf 89' lang='lat' dir='ltr'><strong>autem</strong></span> <span class='ocrx_word' id='word_1_73' title='bbox 2181 1263 2292 1319; x_wconf 86' lang='lat' dir='ltr'><strong>sint</strong></span> 
     </span>
    </p>
   </div>
   <div class='ocr_carea' id='block_1_14' title="bbox 723 1360 2287 1432">
    <p class='ocr_par' dir='ltr' id='par_1_14' title="bbox 723 1360 2287 1432">
     <span class='ocr_line' id='line_1_14' title="bbox 723 1360 2287 1432; baseline -0.003 -20"><span class='ocrx_word' id='word_1_74' title='bbox 723 1364 824 1432; x_wconf 84' lang='lat' dir='ltr'><strong>ipsi</strong></span> <span class='ocrx_word' id='word_1_75' title='bbox 845 1362 1041 1432; x_wconf 79' lang='lat' dir='ltr'><strong>angeli,</strong></span> <span class='ocrx_word' id='word_1_76' title='bbox 1061 1376 1121 1415; x_wconf 90' lang='lat' dir='ltr'><strong>ea</strong></span> <span class='ocrx_word' id='word_1_77' title='bbox 1141 1378 1260 1431; x_wconf 77' lang='lat' dir='ltr'><strong>qua:</strong></span> <span class='ocrx_word' id='word_1_78' title='bbox 1280 1361 1498 1429; x_wconf 80' lang='lat' dir='ltr'><strong>angelos</strong></span> <span class='ocrx_word' id='word_1_79' title='bbox 1518 1373 1576 1414; x_wconf 85' lang='lat' dir='ltr'><strong>ut</strong></span> <span class='ocrx_word' id='word_1_80' title='bbox 1595 1360 1980 1430; x_wconf 86' lang='lat' dir='ltr'><strong>participantes</strong></span> <span class='ocrx_word' id='word_1_81' title='bbox 2009 1365 2287 1427; x_wconf 87' lang='lat' dir='ltr'><strong>superant,</strong></span> 
     </span>
    </p>
   </div>
   <div class='ocr_carea' id='block_1_15' title="bbox 721 1447 2292 1519">
    <p class='ocr_par' dir='ltr' id='par_1_15' title="bbox 721 1447 2292 1519">
     <span class='ocr_line' id='line_1_15' title="bbox 721 1447 2292 1519; baseline -0.006 -11"><span class='ocrx_word' id='word_1_82' title='bbox 721 1467 903 1509; x_wconf 75' lang='lat' dir='ltr'><strong>creata</strong></span> <span class='ocrx_word' id='word_1_83' title='bbox 926 1469 1032 1507; x_wconf 93' lang='lat' dir='ltr'><strong>non</strong></span> <span class='ocrx_word' id='word_1_84' title='bbox 1065 1463 1211 1519; x_wconf 89' lang='lat' dir='ltr'><strong>sunt,</strong></span> <span class='ocrx_word' id='word_1_85' title='bbox 1240 1453 1335 1508; x_wconf 89' lang='lat' dir='ltr'><strong>sed</strong></span> <span class='ocrx_word' id='word_1_86' title='bbox 1359 1453 1521 1507; x_wconf 89' lang='lat' dir='ltr'><strong>etiam</strong></span> <span class='ocrx_word' id='word_1_87' title='bbox 1542 1452 1657 1505; x_wconf 69' lang='lat' dir='ltr'><strong>haec</strong></span> <span class='ocrx_word' id='word_1_88' title='bbox 1681 1451 2024 1519; x_wconf 88' lang='lat' dir='ltr'><strong>participata,</strong></span> <span class='ocrx_word' id='word_1_89' title='bbox 2048 1458 2109 1502; x_wconf 90' lang='lat' dir='ltr'><strong>ut</strong></span> <span class='ocrx_word' id='word_1_90' title='bbox 2137 1447 2292 1502; x_wconf 87' lang='lat' dir='ltr'><strong>audi-</strong></span> 
     </span>
    </p>
   </div>
   <div class='ocr_carea' id='block_1_16' title="bbox 723 1542 2291 1616">
    <p class='ocr_par' dir='ltr' id='par_1_16' title="bbox 723 1542 2291 1616">
     <span class='ocr_line' id='line_1_16' title="bbox 723 1542 2291 1616; baseline -0.001 -19"><span class='ocrx_word' id='word_1_91' title='bbox 723 1549 865 1612; x_wconf 72' lang='lat' dir='ltr'><strong>visti,</strong></span> <span class='ocrx_word' id='word_1_92' title='bbox 897 1547 1215 1616; x_wconf 88' lang='lat' dir='ltr'><strong>supersedet</strong></span> <span class='ocrx_word' id='word_1_93' title='bbox 1240 1546 1332 1614; x_wconf 88' lang='lat' dir='ltr'><strong>qui</strong></span> <span class='ocrx_word' id='word_1_94' title='bbox 1358 1544 1592 1599; x_wconf 75' lang='lat' dir='ltr'><strong>essentia</strong></span> <span class='ocrx_word' id='word_1_95' title='bbox 1621 1542 2157 1597; x_wconf 85' lang='lat' dir='ltr'><strong>incommunicabilis</strong></span> <span class='ocrx_word' id='word_1_96' title='bbox 2186 1551 2291 1595; x_wconf 90' lang='lat' dir='ltr'><strong>est.</strong></span> 
     </span>
    </p>
   </div>
   <div class='ocr_carea' id='block_1_17' title="bbox 723 1632 2335 1694">
    <p class='ocr_par' dir='ltr' id='par_1_17' title="bbox 723 1632 2335 1694">
     <span class='ocr_line' id='line_1_17' title="bbox 723 1632 2335 1694; baseline -0.002 -2"><span class='ocrx_word' id='word_1_97' title='bbox 723 1642 836 1694; x_wconf 81' lang='lat' dir='ltr'><strong>lluc</strong></span> <span class='ocrx_word' id='word_1_98' title='bbox 909 1655 1040 1694; x_wconf 88' lang='lat' dir='ltr'><strong>vero</strong></span> <span class='ocrx_word' id='word_1_99' title='bbox 1093 1654 1237 1692; x_wconf 90' lang='lat' dir='ltr'><strong>nunc</strong></span> <span class='ocrx_word' id='word_1_100' title='bbox 1307 1637 1479 1690; x_wconf 85' lang='lat' dir='ltr'><strong>tendit</strong></span> <span class='ocrx_word' id='word_1_101' title='bbox 1560 1636 1756 1689; x_wconf 84' lang='lat' dir='ltr'><strong>oratio.</strong></span> <span class='ocrx_word' id='word_1_102' title='bbox 1809 1634 1948 1689; x_wconf 84' lang='lat' dir='ltr'><strong>Cum</strong></span> <span class='ocrx_word' id='word_1_103' title='bbox 2002 1632 2335 1689; x_wconf 41' lang='lat' dir='ltr'><strong>ineﬂ&#39;abilis&#39;</strong></span> 
     </span>
    </p>
   </div>
   <div class='ocr_carea' id='block_1_18' title="bbox 2399 621 3966 708">
    <p class='ocr_par' dir='ltr' id='par_1_18' title="bbox 2399 621 3966 708">
     <span class='ocr_line' id='line_1_18' title="bbox 2399 621 3966 708; baseline -0.014 -17"><span class='ocrx_word' id='word_1_104' title='bbox 2399 639 2540 708; x_wconf 80' lang='grc' dir='ltr'>ὑπὲρ</span> <span class='ocrx_word' id='word_1_105' title='bbox 2573 638 2640 690; x_wconf 81' lang='grc' dir='ltr'><strong>τά</strong></span> <span class='ocrx_word' id='word_1_106' title='bbox 2680 635 2811 688; x_wconf 72' lang='grc' dir='ltr'>ὄντα</span> <span class='ocrx_word' id='word_1_107' title='bbox 2858 633 3053 696; x_wconf 52' lang='grc' dir='ltr'>θύσας</span> <span class='ocrx_word' id='word_1_108' title='bbox 3085 630 3301 690; x_wconf 79' lang='grc' dir='ltr'>Ταύτας</span> <span class='ocrx_word' id='word_1_109' title='bbox 3349 626 3456 694; x_wconf 74' lang='grc' dir='ltr'><strong>γὰρ</strong></span> <span class='ocrx_word' id='word_1_110' title='bbox 3504 622 3746 692; x_wconf 79' lang='grc' dir='ltr'><strong>ὑμνῆσαι</strong></span> <span class='ocrx_word' id='word_1_111' title='bbox 3790 621 3966 685; x_wconf 74' lang='grc' dir='ltr'>ἐπηγ-</span> 
     </span>
    </p>
   </div>
   <div class='ocr_carea' id='block_1_19' title="bbox 2398 710 3966 797">
    <p class='ocr_par' dir='ltr' id='par_1_19' title="bbox 2398 710 3966 797">
     <span class='ocr_line' id='line_1_19' title="bbox 2398 710 3966 797; baseline -0.014 -15"><span class='ocrx_word' id='word_1_112' title='bbox 2398 730 2636 797; x_wconf 83' lang='grc' dir='ltr'>γείλατο,</span> <span class='ocrx_word' id='word_1_113' title='bbox 2675 727 2790 780; x_wconf 79' lang='grc' dir='ltr'>ἀλλ’</span> <span class='ocrx_word' id='word_1_114' title='bbox 2823 727 2882 777; x_wconf 85' lang='grc' dir='ltr'><strong>οὐ</strong></span> <span class='ocrx_word' id='word_1_115' title='bbox 2926 725 3022 792; x_wconf 80' lang='grc' dir='ltr'><strong>τὴν</strong></span> <span class='ocrx_word' id='word_1_116' title='bbox 3052 711 3428 789; x_wconf 80' lang='grc' dir='ltr'>ἀνὲκφραστόν</span> <span class='ocrx_word' id='word_1_117' title='bbox 3457 735 3515 768; x_wconf 88' lang='grc' dir='ltr'><strong>τε</strong></span> <span class='ocrx_word' id='word_1_118' title='bbox 3552 714 3644 767; x_wconf 77' lang='grc' dir='ltr'><strong>καὶ</strong></span> <span class='ocrx_word' id='word_1_119' title='bbox 3687 710 3966 777; x_wconf 75' lang='grc' dir='ltr'>ἀνέκφαν-</span> 
     </span>
    </p>
   </div>
   <div class='ocr_carea' id='block_1_20' title="bbox 2398 801 3970 889">
    <p class='ocr_par' dir='ltr' id='par_1_20' title="bbox 2398 801 3970 889">
     <span class='ocr_line' id='line_1_20' title="bbox 2398 801 3970 889; baseline -0.015 -15"><span class='ocrx_word' id='word_1_120' title='bbox 2398 840 2489 875; x_wconf 86' lang='grc' dir='ltr'><strong>τον</strong></span> <span class='ocrx_word' id='word_1_121' title='bbox 2520 822 2704 889; x_wconf 83' lang='grc' dir='ltr'>φύσιν.</span> <span class='ocrx_word' id='word_1_122' title='bbox 2745 817 2885 872; x_wconf 82' lang='grc' dir='ltr'>Ἀλλ’</span> <span class='ocrx_word' id='word_1_123' title='bbox 2920 816 3078 878; x_wconf 78' lang='grc' dir='ltr'>αὖθις</span> <span class='ocrx_word' id='word_1_124' title='bbox 3109 813 3341 867; x_wconf 74' lang='grc' dir='ltr'>ἄκουσον</span> <span class='ocrx_word' id='word_1_125' title='bbox 3371 807 3466 863; x_wconf 89' lang='grc' dir='ltr'><strong>τοῦ</strong></span> <span class='ocrx_word' id='word_1_126' title='bbox 3514 803 3700 867; x_wconf 84' lang='grc' dir='ltr'>αὑτοῦ,</span> <span class='ocrx_word' id='word_1_127' title='bbox 3733 803 3828 855; x_wconf 72' lang='grc' dir='ltr'><strong>καὶ</strong></span> <span class='ocrx_word' id='word_1_128' title='bbox 3858 801 3970 853; x_wconf 81' lang='grc' dir='ltr'>τῶν</span> 
     </span>
    </p>
   </div>
   <div class='ocr_carea' id='block_1_21' title="bbox 2397 891 3967 983">
    <p class='ocr_par' dir='ltr' id='par_1_21' title="bbox 2397 891 3967 983">
     <span class='ocr_line' id='line_1_21' title="bbox 2397 891 3967 983; baseline -0.017 -16"><span class='ocrx_word' id='word_1_129' title='bbox 2397 914 2537 983; x_wconf 79' lang='grc' dir='ltr'>ὑπὲρ</span> <span class='ocrx_word' id='word_1_130' title='bbox 2567 911 2636 965; x_wconf 88' lang='grc' dir='ltr'><strong>τά</strong></span> <span class='ocrx_word' id='word_1_131' title='bbox 2673 911 2804 964; x_wconf 73' lang='grc' dir='ltr'>ὅντα</span> <span class='ocrx_word' id='word_1_132' title='bbox 2854 909 3060 961; x_wconf 86' lang='grc' dir='ltr'>τούτων</span> <span class='ocrx_word' id='word_1_133' title='bbox 3114 902 3356 974; x_wconf 80' lang='grc' dir='ltr'><strong>μετοχῶν</strong></span> <span class='ocrx_word' id='word_1_134' title='bbox 3398 899 3652 953; x_wconf 73' lang='grc' dir='ltr'><strong>ἐπέκεινα</strong></span> <span class='ocrx_word' id='word_1_135' title='bbox 3704 891 3840 947; x_wconf 80' lang='grc' dir='ltr'>εῖναι</span> <span class='ocrx_word' id='word_1_136' title='bbox 3872 894 3967 949; x_wconf 68' lang='grc' dir='ltr'><strong>τὸν</strong></span> 
     </span>
    </p>
   </div>
   <div class='ocr_carea' id='block_1_22' title="bbox 2397 986 3970 1071">
    <p class='ocr_par' dir='ltr' id='par_1_22' title="bbox 2397 986 3970 1071">
     <span class='ocr_line' id='line_1_22' title="bbox 2397 986 3970 1071; baseline -0.013 -15"><span class='ocrx_word' id='word_1_137' title='bbox 2397 1004 2530 1057; x_wconf 89' lang='grc' dir='ltr'>Θεὸν</span> <span class='ocrx_word' id='word_1_138' title='bbox 2564 1001 2812 1071; x_wconf 75' lang='grc' dir='ltr'>φανερῶς</span> <span class='ocrx_word' id='word_1_139' title='bbox 2851 999 3252 1064; x_wconf 82' lang='grc' dir='ltr'>θεολογοῦντος.</span> <span class='ocrx_word' id='word_1_140' title='bbox 3288 995 3426 1063; x_wconf 76' lang='grc' dir='ltr'>Φησὶ</span> <span class='ocrx_word' id='word_1_141' title='bbox 3451 992 3558 1060; x_wconf 78' lang='grc' dir='ltr'><strong>γὰρ</strong></span> <span class='ocrx_word' id='word_1_142' title='bbox 3588 992 3645 1042; x_wconf 79' lang='grc' dir='ltr'>ὲν</span> <span class='ocrx_word' id='word_1_143' title='bbox 3673 986 3970 1053; x_wconf 76' lang='grc' dir='ltr'><strong>δωδεκάτῳ</strong></span> 
     </span>
    </p>
   </div>
   <div class='ocr_carea' id='block_1_23' title="bbox 2397 1081 3970 1164">
    <p class='ocr_par' dir='ltr' id='par_1_23' title="bbox 2397 1081 3970 1164">
     <span class='ocr_line' id='line_1_23' title="bbox 2397 1081 3970 1164; baseline -0.011 -17"><span class='ocrx_word' id='word_1_144' title='bbox 2397 1095 2678 1164; x_wconf 83' lang='grc' dir='ltr'>κεφαλαίῳ</span> <span class='ocrx_word' id='word_1_145' title='bbox 2735 1094 2828 1146; x_wconf 82' lang='grc' dir='ltr'><strong>τοῦ</strong></span> <span class='ocrx_word' id='word_1_146' title='bbox 2886 1093 2986 1161; x_wconf 81' lang='grc' dir='ltr'><strong>τῆς</strong></span> <span class='ocrx_word' id='word_1_147' title='bbox 3020 1089 3327 1157; x_wconf 88' lang='grc' dir='ltr'>θεωνυμίας</span> <span class='ocrx_word' id='word_1_148' title='bbox 3357 1087 3568 1155; x_wconf 68' lang='grc' dir='ltr'>ὕμνουσ</span> <span class='ocrx_word' id='word_1_149' title='bbox 3607 1102 3624 1132; x_wconf 79' lang='grc' dir='ltr'><strong>ι</strong></span> <span class='ocrx_word' id='word_1_150' title='bbox 3654 1081 3792 1134; x_wconf 75' lang='grc' dir='ltr'>Καθ’</span> <span class='ocrx_word' id='word_1_151' title='bbox 3837 1081 3970 1131; x_wconf 81' lang='grc' dir='ltr'>ὅσον</span> 
     </span>
    </p>
   </div>
   <div class='ocr_carea' id='block_1_24' title="bbox 2395 1173 3966 1256">
    <p class='ocr_par' dir='ltr' id='par_1_24' title="bbox 2395 1173 3966 1256">
     <span class='ocr_line' id='line_1_24' title="bbox 2395 1173 3966 1256; baseline -0.011 -15"><span class='ocrx_word' id='word_1_152' title='bbox 2395 1189 2728 1256; x_wconf 70' lang='grc' dir='ltr'><strong>ὑπερέχουσι</strong></span> <span class='ocrx_word' id='word_1_153' title='bbox 2752 1187 2860 1239; x_wconf 84' lang='grc' dir='ltr'><strong>τῶν</strong></span> <span class='ocrx_word' id='word_1_154' title='bbox 2889 1186 2989 1238; x_wconf 76' lang='grc' dir='ltr'><strong>οὐκ</strong></span> <span class='ocrx_word' id='word_1_155' title='bbox 3019 1184 3194 1237; x_wconf 67' lang='grc' dir='ltr'>ὄντων</span> <span class='ocrx_word' id='word_1_156' title='bbox 3222 1183 3291 1234; x_wconf 85' lang='grc' dir='ltr'>τὰ</span> <span class='ocrx_word' id='word_1_157' title='bbox 3331 1180 3461 1232; x_wconf 79' lang='grc' dir='ltr'>ὄντα</span> <span class='ocrx_word' id='word_1_158' title='bbox 3499 1179 3631 1243; x_wconf 78' lang='grc' dir='ltr'>ἅγια</span> <span class='ocrx_word' id='word_1_159' title='bbox 3658 1175 3692 1245; x_wconf 76' lang='grc' dir='ltr'>ἢ</span> <span class='ocrx_word' id='word_1_160' title='bbox 3726 1174 3893 1244; x_wconf 86' lang='grc' dir='ltr'>κύρια</span> <span class='ocrx_word' id='word_1_161' title='bbox 3933 1173 3966 1238; x_wconf 76' lang='grc' dir='ltr'>ἢ</span> 
     </span>
    </p>
   </div>
   <div class='ocr_carea' id='block_1_25' title="bbox 2397 1261 3969 1346">
    <p class='ocr_par' dir='ltr' id='par_1_25' title="bbox 2397 1261 3969 1346">
     <span class='ocr_line' id='line_1_25' title="bbox 2397 1261 3969 1346; baseline -0.014 -14"><span class='ocrx_word' id='word_1_162' title='bbox 2397 1280 2516 1333; x_wconf 81' lang='grc' dir='ltr'>Θεῖα</span> <span class='ocrx_word' id='word_1_163' title='bbox 2548 1279 2579 1346; x_wconf 81' lang='grc' dir='ltr'>ἦ</span> <span class='ocrx_word' id='word_1_164' title='bbox 2613 1277 2887 1346; x_wconf 82' lang='grc' dir='ltr'>βασιλικὰ,</span> <span class='ocrx_word' id='word_1_165' title='bbox 2919 1276 3008 1327; x_wconf 77' lang='grc' dir='ltr'><strong>καὶ</strong></span> <span class='ocrx_word' id='word_1_166' title='bbox 3045 1272 3111 1325; x_wconf 80' lang='grc' dir='ltr'><strong>αὖ</strong></span> <span class='ocrx_word' id='word_1_167' title='bbox 3143 1272 3250 1341; x_wconf 75' lang='grc' dir='ltr'>τῶν</span> <span class='ocrx_word' id='word_1_168' title='bbox 3279 1267 3613 1339; x_wconf 78' lang='grc' dir='ltr'><strong>μετεχόντων</strong></span> <span class='ocrx_word' id='word_1_169' title='bbox 3644 1263 3698 1315; x_wconf 78' lang='grc' dir='ltr'>οἱ</span> <span class='ocrx_word' id='word_1_170' title='bbox 3732 1261 3969 1325; x_wconf 82' lang='grc' dir='ltr'>αὑτομε-</span> 
     </span>
    </p>
   </div>
   <div class='ocr_carea' id='block_1_26' title="bbox 2395 1355 3968 1440">
    <p class='ocr_par' dir='ltr' id='par_1_26' title="bbox 2395 1355 3968 1440">
     <span class='ocr_line' id='line_1_26' title="bbox 2395 1355 3968 1440; baseline -0.014 -16"><span class='ocrx_word' id='word_1_171' title='bbox 2395 1371 2573 1440; x_wconf 70' lang='grc' dir='ltr'>τοχαὶ,</span> <span class='ocrx_word' id='word_1_172' title='bbox 2603 1371 2742 1423; x_wconf 85' lang='grc' dir='ltr'><strong>κατά</strong></span> <span class='ocrx_word' id='word_1_173' title='bbox 2778 1366 3031 1420; x_wconf 88' lang='grc' dir='ltr'>τοσοῦτον</span> <span class='ocrx_word' id='word_1_174' title='bbox 3061 1363 3418 1434; x_wconf 82' lang='grc' dir='ltr'>ὑπερίδρυται</span> <span class='ocrx_word' id='word_1_175' title='bbox 3447 1359 3666 1410; x_wconf 76' lang='grc' dir='ltr'>πάντων</span> <span class='ocrx_word' id='word_1_176' title='bbox 3697 1355 3805 1407; x_wconf 83' lang='grc' dir='ltr'><strong>τῶν</strong></span> <span class='ocrx_word' id='word_1_177' title='bbox 3835 1369 3968 1417; x_wconf 82' lang='grc' dir='ltr'>μετ-</span> 
     </span>
    </p>
   </div>
   <div class='ocr_carea' id='block_1_27' title="bbox 2395 1443 3969 1528">
    <p class='ocr_par' dir='ltr' id='par_1_27' title="bbox 2395 1443 3969 1528">
     <span class='ocr_line' id='line_1_27' title="bbox 2395 1443 3969 1528; baseline -0.013 -15"><span class='ocrx_word' id='word_1_178' title='bbox 2395 1461 2635 1528; x_wconf 84' lang='grc' dir='ltr'>εχόντων</span> <span class='ocrx_word' id='word_1_179' title='bbox 2685 1459 2780 1510; x_wconf 73' lang='grc' dir='ltr'>καὶ</span> <span class='ocrx_word' id='word_1_180' title='bbox 2824 1455 3066 1526; x_wconf 78' lang='grc' dir='ltr'>μετοχῶν</span> <span class='ocrx_word' id='word_1_181' title='bbox 3116 1456 3144 1506; x_wconf 84' lang='grc' dir='ltr'>ὁ</span> <span class='ocrx_word' id='word_1_182' title='bbox 3185 1451 3488 1520; x_wconf 81' lang='grc' dir='ltr'>ἀμὲθεκτος</span> <span class='ocrx_word' id='word_1_183' title='bbox 3537 1446 3762 1507; x_wconf 72' lang='grc' dir='ltr'>αἴτιος.)</span> <span class='ocrx_word' id='word_1_184' title='bbox 3809 1443 3969 1495; x_wconf 72' lang='grc' dir='ltr'>Ἐπεὶ</span> 
     </span>
    </p>
   </div>
   <div class='ocr_carea' id='block_1_28' title="bbox 2396 1537 3969 1623">
    <p class='ocr_par' dir='ltr' id='par_1_28' title="bbox 2396 1537 3969 1623">
     <span class='ocr_line' id='line_1_28' title="bbox 2396 1537 3969 1623; baseline -0.013 -18"><span class='ocrx_word' id='word_1_185' title='bbox 2396 1553 2506 1623; x_wconf 84' lang='grc' dir='ltr'>γὰρ</span> <span class='ocrx_word' id='word_1_186' title='bbox 2533 1554 2587 1605; x_wconf 80' lang='grc' dir='ltr'><strong>αἱ</strong></span> <span class='ocrx_word' id='word_1_187' title='bbox 2638 1549 3002 1620; x_wconf 78' lang='grc' dir='ltr'>αὐτομετοχαὶ</span> <span class='ocrx_word' id='word_1_188' title='bbox 3033 1548 3248 1602; x_wconf 83' lang='grc' dir='ltr'>πάντων</span> <span class='ocrx_word' id='word_1_189' title='bbox 3277 1544 3383 1596; x_wconf 83' lang='grc' dir='ltr'><strong>τῶν</strong></span> <span class='ocrx_word' id='word_1_190' title='bbox 3414 1540 3748 1610; x_wconf 79' lang='grc' dir='ltr'><strong>μετεχόντων</strong></span> <span class='ocrx_word' id='word_1_191' title='bbox 3789 1537 3969 1604; x_wconf 58' lang='grc' dir='ltr'>ύπερυ</span> 
     </span>
    </p>
   </div>
   <div class='ocr_carea' id='block_1_29' title="bbox 2396 1629 3971 1714">
    <p class='ocr_par' dir='ltr' id='par_1_29' title="bbox 2396 1629 3971 1714">
     <span class='ocr_line' id='line_1_29' title="bbox 2396 1629 3971 1714; baseline -0.014 -16"><span class='ocrx_word' id='word_1_192' title='bbox 2396 1645 2598 1714; x_wconf 80' lang='grc' dir='ltr'>έχουσι,</span> <span class='ocrx_word' id='word_1_193' title='bbox 2629 1642 2920 1712; x_wconf 75' lang='grc' dir='ltr'>μετέχοντα</span> <span class='ocrx_word' id='word_1_194' title='bbox 2946 1641 2990 1693; x_wconf 74' lang='grc' dir='ltr'>δ’</span> <span class='ocrx_word' id='word_1_195' title='bbox 3019 1640 3122 1692; x_wconf 72' lang='grc' dir='ltr'>εἰσὶ</span> <span class='ocrx_word' id='word_1_196' title='bbox 3148 1639 3240 1690; x_wconf 72' lang='grc' dir='ltr'><strong>καὶ</strong></span> <span class='ocrx_word' id='word_1_197' title='bbox 3293 1638 3342 1688; x_wconf 75' lang='grc' dir='ltr'><strong>οἱ</strong></span> <span class='ocrx_word' id='word_1_198' title='bbox 3373 1633 3617 1702; x_wconf 78' lang='grc' dir='ltr'>ἄγγελοι,</span> <span class='ocrx_word' id='word_1_199' title='bbox 3644 1630 3712 1683; x_wconf 66' lang='grc' dir='ltr'>τὰ</span> <span class='ocrx_word' id='word_1_200' title='bbox 3736 1630 3830 1682; x_wconf 80' lang='grc' dir='ltr'>καὶ</span> <span class='ocrx_word' id='word_1_201' title='bbox 3857 1629 3971 1679; x_wconf 79' lang='grc' dir='ltr'><strong>τῶν</strong></span> 
     </span>
    </p>
   </div>
   <div class='ocr_carea' id='block_1_30' title="bbox 723 1725 2335 1803">
    <p class='ocr_par' dir='ltr' id='par_1_30' title="bbox 723 1725 2295 1790">
     <span class='ocr_line' id='line_1_30' title="bbox 723 1725 2295 1790; baseline -0.006 -4"><span class='ocrx_word' id='word_1_202' title='bbox 723 1733 865 1786; x_wconf 82' lang='lat' dir='ltr'><strong>Deus</strong></span> <span class='ocrx_word' id='word_1_203' title='bbox 900 1746 1005 1785; x_wconf 92' lang='lat' dir='ltr'><strong>non</strong></span> <span class='ocrx_word' id='word_1_204' title='bbox 1049 1730 1285 1784; x_wconf 85' lang='lat' dir='ltr'><strong>essentia</strong></span> <span class='ocrx_word' id='word_1_205' title='bbox 1323 1738 1528 1782; x_wconf 90' lang='lat' dir='ltr'><strong>tantum</strong></span> <span class='ocrx_word' id='word_1_206' title='bbox 1564 1727 1799 1790; x_wconf 80' lang='lat' dir='ltr'><strong>dicatur,</strong></span> <span class='ocrx_word' id='word_1_207' title='bbox 1857 1730 1950 1780; x_wconf 88' lang='lat' dir='ltr'><strong>sed</strong></span> <span class='ocrx_word' id='word_1_208' title='bbox 1971 1726 2134 1779; x_wconf 91' lang='lat' dir='ltr'><strong>etiam</strong></span> <span class='ocrx_word' id='word_1_209' title='bbox 2157 1725 2295 1779; x_wconf 84' lang='lat' dir='ltr'><strong>divi-</strong></span> 
     </span>
    </p>
   </div>
   <div class='ocr_carea' id='block_1_31' title="bbox 2419 1725 3972 1803">
    <p class='ocr_par' dir='ltr' id='par_1_31' title="bbox 2419 1725 3972 1803">
     <span class='ocr_line' id='line_1_31' title="bbox 2419 1725 3972 1803; baseline -0.008 -17"><span class='ocrx_word' id='word_1_210' title='bbox 2419 1734 2642 1803; x_wconf 80' lang='grc' dir='ltr'>ιγγέλων</span> <span class='ocrx_word' id='word_1_211' title='bbox 2689 1734 2762 1797; x_wconf 82' lang='grc' dir='ltr'>ὡς</span> <span class='ocrx_word' id='word_1_212' title='bbox 2819 1731 3154 1802; x_wconf 79' lang='grc' dir='ltr'>μετεχόντων</span> <span class='ocrx_word' id='word_1_213' title='bbox 3218 1728 3553 1798; x_wconf 77' lang='grc' dir='ltr'>ὑπερέχοντα</span> <span class='ocrx_word' id='word_1_214' title='bbox 3617 1725 3813 1777; x_wconf 87' lang='grc' dir='ltr'>κτιστά</span> <span class='ocrx_word' id='word_1_215' title='bbox 3869 1725 3972 1775; x_wconf 86' lang='grc' dir='ltr'><strong>οὐκ</strong></span> 
     </span>
    </p>
   </div>
   <div class='ocr_carea' id='block_1_32' title="bbox 722 1817 2335 1892">
    <p class='ocr_par' dir='ltr' id='par_1_32' title="bbox 722 1819 2294 1892">
     <span class='ocr_line' id='line_1_32' title="bbox 722 1819 2294 1892; baseline -0.003 -15"><span class='ocrx_word' id='word_1_216' title='bbox 722 1828 884 1890; x_wconf 80' lang='lat' dir='ltr'><strong>nitas,</strong></span> <span class='ocrx_word' id='word_1_217' title='bbox 926 1824 1164 1886; x_wconf 81' lang='lat' dir='ltr'><strong>bonitas,</strong></span> <span class='ocrx_word' id='word_1_218' title='bbox 1213 1822 1502 1890; x_wconf 80' lang='lat' dir='ltr'><strong>sapientia,</strong></span> <span class='ocrx_word' id='word_1_219' title='bbox 1544 1820 1677 1892; x_wconf 60' lang='lat' dir='ltr'><strong>vita,</strong></span> <span class='ocrx_word' id='word_1_220' title='bbox 1716 1821 1900 1873; x_wconf 81' lang='lat' dir='ltr'><strong>omnia</strong></span> <span class='ocrx_word' id='word_1_221' title='bbox 1931 1819 2148 1874; x_wconf 84' lang='lat' dir='ltr'><strong>demum</strong></span> <span class='ocrx_word' id='word_1_222' title='bbox 2175 1834 2294 1888; x_wconf 64' lang='lat' dir='ltr'><strong>quae</strong></span> 
     </span>
    </p>
   </div>
   <div class='ocr_carea' id='block_1_33' title="bbox 2419 1817 3975 1892">
    <p class='ocr_par' dir='ltr' id='par_1_33' title="bbox 2419 1817 3975 1892">
     <span class='ocr_line' id='line_1_33' title="bbox 2419 1817 3975 1892; baseline -0.006 -16"><span class='ocrx_word' id='word_1_223' title='bbox 2419 1828 2569 1890; x_wconf 75' lang='grc' dir='ltr'>ζστιν,</span> <span class='ocrx_word' id='word_1_224' title='bbox 2600 1826 2735 1878; x_wconf 85' lang='grc' dir='ltr'><strong>ἀλλά</strong></span> <span class='ocrx_word' id='word_1_225' title='bbox 2767 1825 2862 1876; x_wconf 72' lang='grc' dir='ltr'><strong>καὶ</strong></span> <span class='ocrx_word' id='word_1_226' title='bbox 2891 1823 3000 1875; x_wconf 80' lang='grc' dir='ltr'>τῶν</span> <span class='ocrx_word' id='word_1_227' title='bbox 3031 1820 3273 1892; x_wconf 79' lang='grc' dir='ltr'>μετοχῶν</span> <span class='ocrx_word' id='word_1_228' title='bbox 3307 1818 3621 1884; x_wconf 81' lang='grc' dir='ltr'>τούτων,ὼς</span> <span class='ocrx_word' id='word_1_229' title='bbox 3647 1818 3920 1884; x_wconf 77' lang='grc' dir='ltr'>ἀκήκοας,</span> <span class='ocrx_word' id='word_1_230' title='bbox 3944 1817 3975 1866; x_wconf 80' lang='grc' dir='ltr'>ὁ</span> 
     </span>
    </p>
   </div>
   <div class='ocr_carea' id='block_1_34' title="bbox 719 1893 2335 1985">
    <p class='ocr_par' dir='ltr' id='par_1_34' title="bbox 719 1893 2335 1977">
     <span class='ocr_line' id='line_1_34' title="bbox 719 1893 2335 1977; baseline -0.004 -9"><span class='ocrx_word' id='word_1_231' title='bbox 719 1913 1195 1968; x_wconf 78' lang='lat' dir='ltr'><strong>eommunicabilia</strong></span> <span class='ocrx_word' id='word_1_232' title='bbox 1226 1920 1518 1976; x_wconf 78' lang='lat' dir='ltr'><strong>vocantur;</strong></span> <span class='ocrx_word' id='word_1_233' title='bbox 1547 1911 1590 1964; x_wconf 92' lang='lat' dir='ltr'><strong>si</strong></span> <span class='ocrx_word' id='word_1_234' title='bbox 1618 1924 1856 1977; x_wconf 87' lang='lat' dir='ltr'><strong>unquam</strong></span> <span class='ocrx_word' id='word_1_235' title='bbox 1883 1910 1949 1962; x_wconf 92' lang='lat' dir='ltr'><strong>de</strong></span> <span class='ocrx_word' id='word_1_236' title='bbox 1981 1908 2089 1962; x_wconf 89' lang='lat' dir='ltr'><strong>Deo</strong></span> <span class='ocrx_word' id='word_1_237' title='bbox 2113 1907 2296 1962; x_wconf 85' lang='lat' dir='ltr'><strong>audie-</strong></span> <span class='ocrx_word' id='word_1_238' title='bbox 2331 1893 2335 1945; x_wconf 73' lang='grc'>¹</span> 
     </span>
    </p>
   </div>
   <div class='ocr_carea' id='block_1_35' title="bbox 2419 1893 3975 1985">
    <p class='ocr_par' dir='ltr' id='par_1_35' title="bbox 2419 1907 3975 1985">
     <span class='ocr_line' id='line_1_35' title="bbox 2419 1907 3975 1985; baseline -0.008 -11"><span class='ocrx_word' id='word_1_239' title='bbox 2419 1922 2520 1974; x_wconf 67' lang='lat' dir='ltr'><strong>tat”</strong></span> <span class='ocrx_word' id='word_1_240' title='bbox 2550 1919 2741 1972; x_wconf 75' lang='grc' dir='ltr'>οὐσίαν</span> <span class='ocrx_word' id='word_1_241' title='bbox 2791 1916 3094 1985; x_wconf 72' lang='grc' dir='ltr'>ἀμίθεκτος</span> <span class='ocrx_word' id='word_1_242' title='bbox 3145 1911 3597 1981; x_wconf 82' lang='grc' dir='ltr'>ύπερανίδρυται.</span> <span class='ocrx_word' id='word_1_243' title='bbox 3654 1907 3796 1978; x_wconf 85' lang='grc' dir='ltr'>Πρὸς</span> <span class='ocrx_word' id='word_1_244' title='bbox 3851 1909 3880 1960; x_wconf 79' lang='grc' dir='ltr'>ὖ</span> <span class='ocrx_word' id='word_1_245' title='bbox 3925 1908 3975 1962; x_wconf 70' lang='grc' dir='ltr'>δ’</span> 
     </span>
    </p>
   </div>
   <div class='ocr_carea' id='block_1_36' title="bbox 721 2003 2298 2074">
    <p class='ocr_par' dir='ltr' id='par_1_36' title="bbox 721 2003 2298 2074">
     <span class='ocr_line' id='line_1_36' title="bbox 721 2003 2298 2074; baseline -0.003 -14"><span class='ocrx_word' id='word_1_246' title='bbox 721 2011 796 2062; x_wconf 74' lang='lat' dir='ltr'><strong>nis</strong></span> <span class='ocrx_word' id='word_1_247' title='bbox 857 2009 973 2074; x_wconf 79' lang='lat' dir='ltr'><strong>eius</strong></span> <span class='ocrx_word' id='word_1_248' title='bbox 1003 2006 1296 2060; x_wconf 84' lang='lat' dir='ltr'><strong>essentiam</strong></span> <span class='ocrx_word' id='word_1_249' title='bbox 1330 2018 1452 2058; x_wconf 90' lang='lat' dir='ltr'><strong>esse</strong></span> <span class='ocrx_word' id='word_1_250' title='bbox 1474 2003 1796 2066; x_wconf 87' lang='lat' dir='ltr'><strong>bonitatem,</strong></span> <span class='ocrx_word' id='word_1_251' title='bbox 1822 2011 1877 2055; x_wconf 91' lang='lat' dir='ltr'><strong>ct</strong></span> <span class='ocrx_word' id='word_1_252' title='bbox 1901 2010 2147 2054; x_wconf 86' lang='lat' dir='ltr'><strong>naturam</strong></span> <span class='ocrx_word' id='word_1_253' title='bbox 2175 2016 2298 2055; x_wconf 85' lang='lat' dir='ltr'><strong>esse</strong></span> 
     </span>
    </p>
   </div>
   <div class='ocr_carea' id='block_1_37' title="bbox 721 2093 2296 2168">
    <p class='ocr_par' dir='ltr' id='par_1_37' title="bbox 721 2093 2296 2168">
     <span class='ocr_line' id='line_1_37' title="bbox 721 2093 2296 2168; baseline -0.005 -14"><span class='ocrx_word' id='word_1_254' title='bbox 721 2099 1213 2154; x_wconf 78' lang='lat' dir='ltr'><strong>sanctificationem</strong></span> <span class='ocrx_word' id='word_1_255' title='bbox 1251 2100 1374 2168; x_wconf 90' lang='lat' dir='ltr'><strong>(nec</strong></span> <span class='ocrx_word' id='word_1_256' title='bbox 1396 2103 1480 2150; x_wconf 89' lang='lat' dir='ltr'><strong>est</strong></span> <span class='ocrx_word' id='word_1_257' title='bbox 1509 2095 1615 2150; x_wconf 88' lang='lat' dir='ltr'><strong>alia</strong></span> <span class='ocrx_word' id='word_1_258' title='bbox 1663 2093 1804 2162; x_wconf 88' lang='lat' dir='ltr'><strong>apud</strong></span> <span class='ocrx_word' id='word_1_259' title='bbox 1831 2108 1953 2147; x_wconf 81' lang='lat' dir='ltr'><strong>eum</strong></span> <span class='ocrx_word' id='word_1_260' title='bbox 1990 2094 2296 2158; x_wconf 74' lang='lat' dir='ltr'><strong>sanctitas),</strong></span> 
     </span>
    </p>
   </div>
   <div class='ocr_carea' id='block_1_38' title="bbox 720 2185 2298 2252">
    <p class='ocr_par' dir='ltr' id='par_1_38' title="bbox 720 2185 2298 2252">
     <span class='ocr_line' id='line_1_38' title="bbox 720 2185 2298 2252; baseline -0.007 -5"><span class='ocrx_word' id='word_1_261' title='bbox 720 2210 764 2248; x_wconf 66' lang='lat' dir='ltr'><strong>et</strong></span> <span class='ocrx_word' id='word_1_262' title='bbox 804 2195 1145 2247; x_wconf 71' lang='lat' dir='ltr'><strong>divinitatem</strong></span> <span class='ocrx_word' id='word_1_263' title='bbox 1197 2206 1309 2245; x_wconf 89' lang='lat' dir='ltr'><strong>non</strong></span> <span class='ocrx_word' id='word_1_264' title='bbox 1343 2189 1535 2252; x_wconf 86' lang='lat' dir='ltr'><strong>dividi,</strong></span> <span class='ocrx_word' id='word_1_265' title='bbox 1569 2202 1670 2242; x_wconf 88' lang='lat' dir='ltr'><strong>nec</strong></span> <span class='ocrx_word' id='word_1_266' title='bbox 1707 2186 1935 2251; x_wconf 70' lang='lat' dir='ltr'><strong>effundi,</strong></span> <span class='ocrx_word' id='word_1_267' title='bbox 1967 2199 2071 2242; x_wconf 89' lang='lat' dir='ltr'><strong>nec</strong></span> <span class='ocrx_word' id='word_1_268' title='bbox 2101 2185 2298 2248; x_wconf 85' lang='lat' dir='ltr'><strong>emitti,</strong></span> 
     </span>
    </p>
   </div>
   <div class='ocr_carea' id='block_1_39' title="bbox 719 2281 2298 2356">
    <p class='ocr_par' dir='ltr' id='par_1_39' title="bbox 719 2281 2298 2356">
     <span class='ocr_line' id='line_1_39' title="bbox 719 2281 2298 2356; baseline -0.008 -14"><span class='ocrx_word' id='word_1_269' title='bbox 719 2299 772 2341; x_wconf 73' lang='lat' dir='ltr'><strong>et</strong></span> <span class='ocrx_word' id='word_1_270' title='bbox 803 2289 906 2342; x_wconf 89' lang='lat' dir='ltr'><strong>alia</strong></span> <span class='ocrx_word' id='word_1_271' title='bbox 967 2285 1219 2356; x_wconf 70' lang='lat' dir='ltr'><strong>quatlibet</strong></span> <span class='ocrx_word' id='word_1_272' title='bbox 1253 2283 1339 2338; x_wconf 84' lang='lat' dir='ltr'><strong>his</strong></span> <span class='ocrx_word' id='word_1_273' title='bbox 1368 2281 1603 2338; x_wconf 89' lang='lat' dir='ltr'><strong>similia:</strong></span> <span class='ocrx_word' id='word_1_274' title='bbox 1645 2296 1711 2336; x_wconf 92' lang='lat' dir='ltr'><strong>ne</strong></span> <span class='ocrx_word' id='word_1_275' title='bbox 1746 2289 1904 2350; x_wconf 84' lang='lat' dir='ltr'><strong>putes</strong></span> <span class='ocrx_word' id='word_1_276' title='bbox 1933 2294 2298 2348; x_wconf 87' lang='lat' dir='ltr'><strong>unamquam-</strong></span> 
     </span>
    </p>
   </div>
   <div class='ocr_carea' id='block_1_40' title="bbox 720 2371 2301 2449">
    <p class='ocr_par' dir='ltr' id='par_1_40' title="bbox 720 2371 2301 2449">
     <span class='ocr_line' id='line_1_40' title="bbox 720 2371 2301 2449; baseline -0.006 -16"><span class='ocrx_word' id='word_1_277' title='bbox 720 2397 826 2448; x_wconf 80' lang='lat' dir='ltr'><strong>que</strong></span> <span class='ocrx_word' id='word_1_278' title='bbox 869 2379 1246 2449; x_wconf 74' lang='lat' dir='ltr'><strong>Operationntn</strong></span> <span class='ocrx_word' id='word_1_279' title='bbox 1301 2390 1460 2445; x_wconf 91' lang='lat' dir='ltr'><strong>posse</strong></span> <span class='ocrx_word' id='word_1_280' title='bbox 1498 2375 1602 2429; x_wconf 91' lang='lat' dir='ltr'><strong>dici</strong></span> <span class='ocrx_word' id='word_1_281' title='bbox 1649 2373 1962 2436; x_wconf 87' lang='lat' dir='ltr'><strong>essentiam,</strong></span> <span class='ocrx_word' id='word_1_282' title='bbox 2025 2375 2118 2427; x_wconf 89' lang='lat' dir='ltr'><strong>sed</strong></span> <span class='ocrx_word' id='word_1_283' title='bbox 2164 2371 2301 2426; x_wconf 90' lang='lat' dir='ltr'><strong>scito</strong></span> 
     </span>
    </p>
   </div>
   <div class='ocr_carea' id='block_1_41' title="bbox 725 2463 2297 2537">
    <p class='ocr_par' dir='ltr' id='par_1_41' title="bbox 725 2463 2297 2537">
     <span class='ocr_line' id='line_1_41' title="bbox 725 2463 2297 2537; baseline -0.008 -12"><span class='ocrx_word' id='word_1_284' title='bbox 725 2477 883 2537; x_wconf 74' lang='lat' dir='ltr'><strong>hanc,</strong></span> <span class='ocrx_word' id='word_1_285' title='bbox 909 2472 1033 2526; x_wconf 85' lang='lat' dir='ltr'><strong>licet</strong></span> <span class='ocrx_word' id='word_1_286' title='bbox 1062 2469 1328 2523; x_wconf 89' lang='lat' dir='ltr'><strong>nominari</strong></span> <span class='ocrx_word' id='word_1_287' title='bbox 1362 2476 1618 2537; x_wconf 82' lang='lat' dir='ltr'><strong>nequeat,</strong></span> <span class='ocrx_word' id='word_1_288' title='bbox 1649 2482 1712 2520; x_wconf 76' lang='lat' dir='ltr'><strong>ex</strong></span> <span class='ocrx_word' id='word_1_289' title='bbox 1751 2466 1856 2520; x_wconf 88' lang='lat' dir='ltr'><strong>illis</strong></span> <span class='ocrx_word' id='word_1_290' title='bbox 1880 2480 1974 2535; x_wconf 83' lang='lat' dir='ltr'><strong>per</strong></span> <span class='ocrx_word' id='word_1_291' title='bbox 1991 2463 2297 2527; x_wconf 77' lang='lat' dir='ltr'><strong>analogiam</strong></span> 
     </span>
    </p>
   </div>
   <div class='ocr_carea' id='block_1_42' title="bbox 725 2556 2301 2633">
    <p class='ocr_par' dir='ltr' id='par_1_42' title="bbox 725 2556 2301 2633">
     <span class='ocr_line' id='line_1_42' title="bbox 725 2556 2301 2633; baseline -0.006 -15"><span class='ocrx_word' id='word_1_292' title='bbox 725 2565 1031 2633; x_wconf 86' lang='lat' dir='ltr'><strong>nuncupari</strong></span> <span class='ocrx_word' id='word_1_293' title='bbox 1069 2578 1190 2632; x_wconf 60' lang='lat' dir='ltr'><strong>quae</strong></span> <span class='ocrx_word' id='word_1_294' title='bbox 1227 2562 1326 2629; x_wconf 86' lang='lat' dir='ltr'><strong>ipsi</strong></span> <span class='ocrx_word' id='word_1_295' title='bbox 1359 2560 1681 2616; x_wconf 89' lang='lat' dir='ltr'><strong>naturaliter</strong></span> <span class='ocrx_word' id='word_1_296' title='bbox 1715 2561 1921 2613; x_wconf 89' lang='lat' dir='ltr'><strong>insunt.</strong></span> <span class='ocrx_word' id='word_1_297' title='bbox 1956 2556 2083 2611; x_wconf 89' lang='lat' dir='ltr'><strong>Item</strong></span> <span class='ocrx_word' id='word_1_298' title='bbox 2119 2557 2165 2609; x_wconf 86' lang='lat' dir='ltr'><strong>si</strong></span> <span class='ocrx_word' id='word_1_299' title='bbox 2199 2570 2301 2608; x_wconf 90' lang='lat' dir='ltr'><strong>au-</strong></span> 
     </span>
    </p>
   </div>
   <div class='ocr_carea' id='block_1_43' title="bbox 725 2649 2300 2726">
    <p class='ocr_par' dir='ltr' id='par_1_43' title="bbox 725 2649 2300 2726">
     <span class='ocr_line' id='line_1_43' title="bbox 725 2649 2300 2726; baseline -0.004 -14"><span class='ocrx_word' id='word_1_300' title='bbox 725 2661 849 2717; x_wconf 84' lang='lat' dir='ltr'><strong>dias</strong></span> <span class='ocrx_word' id='word_1_301' title='bbox 869 2659 1152 2726; x_wconf 81' lang='lat' dir='ltr'><strong>theologos</strong></span> <span class='ocrx_word' id='word_1_302' title='bbox 1182 2656 1425 2710; x_wconf 88' lang='lat' dir='ltr'><strong>dicentes</strong></span> <span class='ocrx_word' id='word_1_303' title='bbox 1457 2655 1799 2708; x_wconf 86' lang='lat' dir='ltr'><strong>innotescere</strong></span> <span class='ocrx_word' id='word_1_304' title='bbox 1834 2651 1995 2706; x_wconf 88' lang='lat' dir='ltr'><strong>nobis</strong></span> <span class='ocrx_word' id='word_1_305' title='bbox 2052 2649 2143 2703; x_wconf 90' lang='lat' dir='ltr'><strong>Dei</strong></span> <span class='ocrx_word' id='word_1_306' title='bbox 2200 2664 2300 2705; x_wconf 85' lang='lat' dir='ltr'><strong>n0-</strong></span> 
     </span>
    </p>
   </div>
   <div class='ocr_carea' id='block_1_44' title="bbox 726 2742 2303 2818">
    <p class='ocr_par' dir='ltr' id='par_1_44' title="bbox 726 2742 2303 2818">
     <span class='ocr_line' id='line_1_44' title="bbox 726 2742 2303 2818; baseline -0.01 -10"><span class='ocrx_word' id='word_1_307' title='bbox 726 2753 824 2808; x_wconf 83' lang='lat' dir='ltr'><strong>stri</strong></span> <span class='ocrx_word' id='word_1_308' title='bbox 851 2752 1148 2805; x_wconf 87' lang='lat' dir='ltr'><strong>bonitatem</strong></span> <span class='ocrx_word' id='word_1_309' title='bbox 1169 2759 1221 2804; x_wconf 89' lang='lat' dir='ltr'><strong>et</strong></span> <span class='ocrx_word' id='word_1_310' title='bbox 1250 2747 1597 2818; x_wconf 80' lang='lat' dir='ltr'><strong>sapientiam,</strong></span> <span class='ocrx_word' id='word_1_311' title='bbox 1627 2761 1733 2800; x_wconf 92' lang='lat' dir='ltr'><strong>non</strong></span> <span class='ocrx_word' id='word_1_312' title='bbox 1759 2759 1887 2797; x_wconf 89' lang='lat' dir='ltr'><strong>vero</strong></span> <span class='ocrx_word' id='word_1_313' title='bbox 1918 2742 2303 2804; x_wconf 88' lang='lat' dir='ltr'><strong>essentiam,et</strong></span> 
     </span>
    </p>
   </div>
   <div class='ocr_carea' id='block_1_45' title="bbox 727 2834 2304 2915">
    <p class='ocr_par' dir='ltr' id='par_1_45' title="bbox 727 2834 2304 2915">
     <span class='ocr_line' id='line_1_45' title="bbox 727 2834 2304 2915; baseline -0.009 -15"><span class='ocrx_word' id='word_1_314' title='bbox 727 2860 826 2900; x_wconf 81' lang='lat' dir='ltr'><strong>nos</strong></span> <span class='ocrx_word' id='word_1_315' title='bbox 859 2845 1076 2915; x_wconf 83' lang='lat' dir='ltr'><strong>quidem</strong></span> <span class='ocrx_word' id='word_1_316' title='bbox 1125 2843 1256 2896; x_wconf 90' lang='lat' dir='ltr'><strong>deos</strong></span> <span class='ocrx_word' id='word_1_317' title='bbox 1284 2840 1421 2906; x_wconf 82' lang='lat' dir='ltr'><strong>ﬁeri,</strong></span> <span class='ocrx_word' id='word_1_318' title='bbox 1453 2839 1694 2909; x_wconf 84' lang='lat' dir='ltr'><strong>ejusdem</strong></span> <span class='ocrx_word' id='word_1_319' title='bbox 1741 2849 1870 2890; x_wconf 88' lang='lat' dir='ltr'><strong>vero</strong></span> <span class='ocrx_word' id='word_1_320' title='bbox 1929 2834 2063 2888; x_wconf 81' lang='lat' dir='ltr'><strong>etIici</strong></span> <span class='ocrx_word' id='word_1_321' title='bbox 2098 2841 2304 2887; x_wconf 76' lang='lat' dir='ltr'><strong>natura:</strong></span> 
     </span>
    </p>
   </div>
   <div class='ocr_carea' id='block_1_46' title="bbox 724 2922 2304 3006">
    <p class='ocr_par' dir='ltr' id='par_1_46' title="bbox 724 2922 2304 3006">
     <span class='ocr_line' id='line_1_46' title="bbox 724 2922 2304 3006; baseline -0.011 -14"><span class='ocrx_word' id='word_1_322' title='bbox 724 2953 831 2992; x_wconf 89' lang='lat' dir='ltr'><strong>non</strong></span> <span class='ocrx_word' id='word_1_323' title='bbox 863 2951 1043 3006; x_wconf 83' lang='lat' dir='ltr'><strong>posse,</strong></span> <span class='ocrx_word' id='word_1_324' title='bbox 1071 2943 1126 2989; x_wconf 91' lang='lat' dir='ltr'><strong>et</strong></span> <span class='ocrx_word' id='word_1_325' title='bbox 1156 2933 1262 2988; x_wconf 88' lang='lat' dir='ltr'><strong>alia</strong></span> <span class='ocrx_word' id='word_1_326' title='bbox 1299 2933 1384 2988; x_wconf 87' lang='lat' dir='ltr'><strong>bis</strong></span> <span class='ocrx_word' id='word_1_327' title='bbox 1413 2930 1612 2987; x_wconf 85' lang='lat' dir='ltr'><strong>similia</strong></span> <span class='ocrx_word' id='word_1_328' title='bbox 1637 2946 1652 2984; x_wconf 93' lang='lat'><strong>:</strong></span> <span class='ocrx_word' id='word_1_329' title='bbox 1686 2943 1780 2998; x_wconf 87' lang='lat' dir='ltr'><strong>per</strong></span> <span class='ocrx_word' id='word_1_330' title='bbox 1805 2927 2102 2982; x_wconf 77' lang='lat' dir='ltr'><strong>bonitatem</strong></span> <span class='ocrx_word' id='word_1_331' title='bbox 2127 2938 2190 2977; x_wconf 90' lang='lat' dir='ltr'><strong>ac</strong></span> <span class='ocrx_word' id='word_1_332' title='bbox 2220 2922 2304 2975; x_wconf 91' lang='lat' dir='ltr'><strong>di-</strong></span> 
     </span>
    </p>
   </div>
   <div class='ocr_carea' id='block_1_47' title="bbox 727 3017 2303 3095">
    <p class='ocr_par' dir='ltr' id='par_1_47' title="bbox 727 3017 2303 3095">
     <span class='ocr_line' id='line_1_47' title="bbox 727 3017 2303 3095; baseline -0.007 -15"><span class='ocrx_word' id='word_1_333' title='bbox 727 3033 1009 3085; x_wconf 71' lang='lat' dir='ltr'><strong>vinitatem</strong></span> <span class='ocrx_word' id='word_1_334' title='bbox 1046 3043 1114 3083; x_wconf 85' lang='lat' dir='ltr'><strong>ne</strong></span> <span class='ocrx_word' id='word_1_335' title='bbox 1147 3025 1416 3095; x_wconf 83' lang='lat' dir='ltr'><strong>intelligas</strong></span> <span class='ocrx_word' id='word_1_336' title='bbox 1469 3021 1996 3090; x_wconf 83' lang='lat' dir='ltr'><strong>imcompreltensam</strong></span> <span class='ocrx_word' id='word_1_337' title='bbox 2056 3017 2303 3071; x_wconf 77' lang='lat' dir='ltr'><strong>inacces~</strong></span> 
     </span>
    </p>
   </div>
   <div class='ocr_carea' id='block_1_48' title="bbox 727 3110 2299 3193">
    <p class='ocr_par' dir='ltr' id='par_1_48' title="bbox 727 3110 2299 3193">
     <span class='ocr_line' id='line_1_48' title="bbox 727 3110 2299 3193; baseline -0.011 -15"><span class='ocrx_word' id='word_1_338' title='bbox 727 3138 954 3193; x_wconf 79' lang='lat' dir='ltr'><strong>sanique</strong></span> <span class='ocrx_word' id='word_1_339' title='bbox 983 3120 1207 3176; x_wconf 91' lang='lat' dir='ltr'><strong>omnino</strong></span> <span class='ocrx_word' id='word_1_340' title='bbox 1239 3117 1560 3189; x_wconf 86' lang='lat' dir='ltr'><strong>essentiam,</strong></span> <span class='ocrx_word' id='word_1_341' title='bbox 1589 3114 1733 3183; x_wconf 89' lang='lat' dir='ltr'><strong>quod</strong></span> <span class='ocrx_word' id='word_1_342' title='bbox 1767 3112 1870 3182; x_wconf 87' lang='lat' dir='ltr'><strong>ipsi</strong></span> <span class='ocrx_word' id='word_1_343' title='bbox 1905 3110 2055 3166; x_wconf 84' lang='lat' dir='ltr'><strong>clare</strong></span> <span class='ocrx_word' id='word_1_344' title='bbox 2083 3115 2299 3179; x_wconf 72' lang='lat' dir='ltr'><strong>negant,</strong></span> 
     </span>
    </p>
   </div>
   <div class='ocr_carea' id='block_1_49' title="bbox 731 3203 2297 3284">
    <p class='ocr_par' dir='ltr' id='par_1_49' title="bbox 731 3203 2297 3284">
     <span class='ocr_line' id='line_1_49' title="bbox 731 3203 2297 3284; baseline -0.011 -14"><span class='ocrx_word' id='word_1_345' title='bbox 731 3218 824 3271; x_wconf 87' lang='lat' dir='ltr'><strong>sed</strong></span> <span class='ocrx_word' id='word_1_346' title='bbox 857 3215 1022 3284; x_wconf 82' lang='lat' dir='ltr'><strong>hujus</strong></span> <span class='ocrx_word' id='word_1_347' title='bbox 1055 3212 1295 3268; x_wconf 84' lang='lat' dir='ltr'><strong>divinam</strong></span> <span class='ocrx_word' id='word_1_348' title='bbox 1332 3208 1729 3278; x_wconf 86' lang='lat' dir='ltr'><strong>operationem,</strong></span> <span class='ocrx_word' id='word_1_349' title='bbox 1779 3205 1938 3273; x_wconf 89' lang='lat' dir='ltr'><strong>cujus</strong></span> <span class='ocrx_word' id='word_1_350' title='bbox 1989 3203 2297 3272; x_wconf 74' lang='lat' dir='ltr'><strong>intelligen-</strong></span> 
     </span>
    </p>
   </div>
   <div class='ocr_carea' id='block_1_50' title="bbox 727 3293 2301 3368">
    <p class='ocr_par' dir='ltr' id='par_1_50' title="bbox 727 3293 2301 3368">
     <span class='ocr_line' id='line_1_50' title="bbox 727 3293 2301 3368; baseline -0.009 -6"><span class='ocrx_word' id='word_1_351' title='bbox 727 3312 857 3362; x_wconf 88' lang='lat' dir='ltr'><strong>tiam</strong></span> <span class='ocrx_word' id='word_1_352' title='bbox 917 3316 970 3362; x_wconf 92' lang='lat' dir='ltr'><strong>et</strong></span> <span class='ocrx_word' id='word_1_353' title='bbox 1031 3305 1367 3360; x_wconf 88' lang='lat' dir='ltr'><strong>consortium</strong></span> <span class='ocrx_word' id='word_1_354' title='bbox 1417 3300 1594 3360; x_wconf 71' lang='lat' dir='ltr'><strong>troltis.</strong></span> <span class='ocrx_word' id='word_1_355' title='bbox 1629 3313 1728 3368; x_wconf 93' lang='lat' dir='ltr'><strong>pro</strong></span> <span class='ocrx_word' id='word_1_356' title='bbox 1785 3298 1993 3351; x_wconf 88' lang='lat' dir='ltr'><strong>ratione</strong></span> <span class='ocrx_word' id='word_1_357' title='bbox 2048 3293 2301 3364; x_wconf 85' lang='lat' dir='ltr'><strong>puritatis</strong></span> 
     </span>
    </p>
   </div>
   <div class='ocr_carea' id='block_1_51' title="bbox 729 3386 2302 3464">
    <p class='ocr_par' dir='ltr' id='par_1_51' title="bbox 729 3386 2302 3464">
     <span class='ocr_line' id='line_1_51' title="bbox 729 3386 2302 3464; baseline -0.008 -11"><span class='ocrx_word' id='word_1_358' title='bbox 729 3411 949 3464; x_wconf 54' lang='lat' dir='ltr'><strong>nostrae,</strong></span> <span class='ocrx_word' id='word_1_359' title='bbox 992 3396 1374 3453; x_wconf 83' lang='lat' dir='ltr'><strong>distribuentis</strong></span> <span class='ocrx_word' id='word_1_360' title='bbox 1403 3395 1634 3464; x_wconf 66' lang='lat' dir='ltr'><strong>arquitas</strong></span> <span class='ocrx_word' id='word_1_361' title='bbox 1674 3391 1931 3446; x_wconf 86' lang='lat' dir='ltr'><strong>salutaris</strong></span> <span class='ocrx_word' id='word_1_362' title='bbox 1980 3386 2302 3442; x_wconf 75' lang='lat' dir='ltr'><strong>multimodo</strong></span> 
     </span>
    </p>
   </div>
   <div class='ocr_carea' id='block_1_52' title="bbox 729 3480 2301 3559">
    <p class='ocr_par' dir='ltr' id='par_1_52' title="bbox 729 3480 2301 3559">
     <span class='ocr_line' id='line_1_52' title="bbox 729 3480 2301 3559; baseline -0.01 -11"><span class='ocrx_word' id='word_1_363' title='bbox 729 3511 791 3549; x_wconf 79' lang='lat' dir='ltr'><strong>nc</strong></span> <span class='ocrx_word' id='word_1_364' title='bbox 809 3494 957 3547; x_wconf 87' lang='lat' dir='ltr'><strong>varie</strong></span> <span class='ocrx_word' id='word_1_365' title='bbox 977 3491 1315 3559; x_wconf 84' lang='lat' dir='ltr'><strong>dispertitur.</strong></span> <span class='ocrx_word' id='word_1_366' title='bbox 1340 3487 1517 3554; x_wconf 84' lang='lat' dir='ltr'><strong>Quare</strong></span> <span class='ocrx_word' id='word_1_367' title='bbox 1531 3487 1689 3540; x_wconf 89' lang='lat' dir='ltr'><strong>divus</strong></span> <span class='ocrx_word' id='word_1_368' title='bbox 1710 3484 1996 3547; x_wconf 80' lang='lat' dir='ltr'><strong>Maximus,</strong></span> <span class='ocrx_word' id='word_1_369' title='bbox 2019 3481 2108 3535; x_wconf 91' lang='lat' dir='ltr'><strong>ubi</strong></span> <span class='ocrx_word' id='word_1_370' title='bbox 2128 3480 2264 3535; x_wconf 84' lang='lat' dir='ltr'><strong>dixit</strong></span> <span class='ocrx_word' id='word_1_371' title='bbox 2287 3497 2301 3532; x_wconf 92' lang='lat'><strong>:</strong></span> 
     </span>
    </p>
   </div>
   <div class='ocr_carea' id='block_1_53' title="bbox 737 3575 2308 3645">
    <p class='ocr_par' dir='ltr' id='par_1_53' title="bbox 737 3575 2308 3645">
     <span class='ocr_line' id='line_1_53' title="bbox 737 3575 2308 3645; baseline -0.008 -8"><span class='ocrx_word' id='word_1_372' title='bbox 737 3609 749 3636; x_wconf 87' lang='grc'><strong>‹</strong></span> <span class='ocrx_word' id='word_1_373' title='bbox 777 3585 902 3641; x_wconf 85' lang='lat' dir='ltr'><strong>Ideo</strong></span> <span class='ocrx_word' id='word_1_374' title='bbox 921 3599 1020 3638; x_wconf 89' lang='lat' dir='ltr'><strong>nos</strong></span> <span class='ocrx_word' id='word_1_375' title='bbox 1040 3583 1166 3638; x_wconf 81' lang='lat' dir='ltr'><strong>fecit</strong></span> <span class='ocrx_word' id='word_1_376' title='bbox 1199 3583 1362 3645; x_wconf 81' lang='lat' dir='ltr'><strong>Deus,</strong></span> <span class='ocrx_word' id='word_1_377' title='bbox 1389 3590 1444 3632; x_wconf 88' lang='lat' dir='ltr'><strong>ttt</strong></span> <span class='ocrx_word' id='word_1_378' title='bbox 1477 3578 1773 3632; x_wconf 78' lang='lat' dir='ltr'><strong>ciliciamur</strong></span> <span class='ocrx_word' id='word_1_379' title='bbox 1799 3575 1997 3630; x_wconf 75' lang='lat' dir='ltr'><strong>divina:</strong></span> <span class='ocrx_word' id='word_1_380' title='bbox 2023 3580 2308 3628; x_wconf 81' lang='lat' dir='ltr'><strong>consortes</strong></span> 
     </span>
    </p>
   </div>
   <div class='ocr_carea' id='block_1_54' title="bbox 732 3663 2306 3745">
    <p class='ocr_par' dir='ltr' id='par_1_54' title="bbox 732 3663 2306 3745">
     <span class='ocr_line' id='line_1_54' title="bbox 732 3663 2306 3745; baseline -0.011 -12"><span class='ocrx_word' id='word_1_381' title='bbox 732 3691 936 3733; x_wconf 67' lang='lat' dir='ltr'><strong>natura:</strong></span> <span class='ocrx_word' id='word_1_382' title='bbox 960 3677 1190 3745; x_wconf 81' lang='lat' dir='ltr'><strong>eiusque</strong></span> <span class='ocrx_word' id='word_1_383' title='bbox 1217 3671 1539 3729; x_wconf 64' lang='lat' dir='ltr'><strong>aeternitatis</strong></span> <span class='ocrx_word' id='word_1_384' title='bbox 1571 3667 1924 3739; x_wconf 63' lang='lat' dir='ltr'><strong>participes,»</strong></span> <span class='ocrx_word' id='word_1_385' title='bbox 1953 3665 2100 3721; x_wconf 84' lang='lat' dir='ltr'><strong>addit</strong></span> <span class='ocrx_word' id='word_1_386' title='bbox 2122 3683 2165 3717; x_wconf 79' lang='lat' dir='ltr'><strong>:t</strong></span> <span class='ocrx_word' id='word_1_387' title='bbox 2206 3663 2306 3716; x_wconf 85' lang='lat' dir='ltr'><strong>Per</strong></span> 
     </span>
    </p>
   </div>
   <div class='ocr_carea' id='block_1_55' title="bbox 730 3762 2304 3836">
    <p class='ocr_par' dir='ltr' id='par_1_55' title="bbox 730 3762 2304 3836">
     <span class='ocr_line' id='line_1_55' title="bbox 730 3762 2304 3836; baseline -0.01 -11"><span class='ocrx_word' id='word_1_388' title='bbox 730 3772 1126 3826; x_wconf 78' lang='lat' dir='ltr'><strong>deiticationem</strong></span> <span class='ocrx_word' id='word_1_389' title='bbox 1194 3766 1512 3836; x_wconf 80' lang='lat' dir='ltr'><strong>productam</strong></span> <span class='ocrx_word' id='word_1_390' title='bbox 1562 3762 1758 3832; x_wconf 76' lang='lat' dir='ltr'><strong>gratia,</strong></span> <span class='ocrx_word' id='word_1_391' title='bbox 1805 3769 2064 3829; x_wconf 85' lang='lat' dir='ltr'><strong>tanquam</strong></span> <span class='ocrx_word' id='word_1_392' title='bbox 2111 3768 2304 3812; x_wconf 85' lang='lat' dir='ltr'><strong>natura</strong></span> 
     </span>
    </p>
   </div>
   <div class='ocr_carea' id='block_1_56' title="bbox 729 3847 2303 3920">
    <p class='ocr_par' dir='ltr' id='par_1_56' title="bbox 729 3847 2303 3920">
     <span class='ocr_line' id='line_1_56' title="bbox 729 3847 2303 3920; baseline -0.011 -4"><span class='ocrx_word' id='word_1_393' title='bbox 729 3863 930 3916; x_wconf 64' lang='lat' dir='ltr'><strong>enecta:</strong></span> <span class='ocrx_word' id='word_1_394' title='bbox 960 3875 1082 3914; x_wconf 90' lang='lat' dir='ltr'><strong>cum</strong></span> <span class='ocrx_word' id='word_1_395' title='bbox 1117 3857 1226 3911; x_wconf 91' lang='lat' dir='ltr'><strong>Deo</strong></span> <span class='ocrx_word' id='word_1_396' title='bbox 1259 3853 1535 3909; x_wconf 66' lang='lat' dir='ltr'><strong>unionis.»</strong></span> <span class='ocrx_word' id='word_1_397' title='bbox 1573 3850 1756 3920; x_wconf 88' lang='lat' dir='ltr'><strong>Itaque</strong></span> <span class='ocrx_word' id='word_1_398' title='bbox 1792 3849 1917 3904; x_wconf 89' lang='lat' dir='ltr'><strong>alibi</strong></span> <span class='ocrx_word' id='word_1_399' title='bbox 1967 3847 2303 3901; x_wconf 85' lang='lat' dir='ltr'><strong>identitatem</strong></span> 
     </span>
    </p>
   </div>
   <div class='ocr_carea' id='block_1_57' title="bbox 732 3937 2307 4010">
    <p class='ocr_par' dir='ltr' id='par_1_57' title="bbox 732 3937 2307 4010">
     <span class='ocr_line' id='line_1_57' title="bbox 732 3937 2307 4010; baseline -0.013 -1"><span class='ocrx_word' id='word_1_400' title='bbox 732 3964 938 4010; x_wconf 71' lang='lat' dir='ltr'><strong>natura:</strong></span> <span class='ocrx_word' id='word_1_401' title='bbox 980 3965 1102 4005; x_wconf 90' lang='lat' dir='ltr'><strong>cum</strong></span> <span class='ocrx_word' id='word_1_402' title='bbox 1142 3949 1251 4002; x_wconf 86' lang='lat' dir='ltr'><strong>Deo</strong></span> <span class='ocrx_word' id='word_1_403' title='bbox 1279 3945 1579 4002; x_wconf 85' lang='lat' dir='ltr'><strong>secundum</strong></span> <span class='ocrx_word' id='word_1_404' title='bbox 1612 3941 1904 3996; x_wconf 88' lang='lat' dir='ltr'><strong>essentiam</strong></span> <span class='ocrx_word' id='word_1_405' title='bbox 1940 3937 2178 4008; x_wconf 81' lang='lat' dir='ltr'><strong>negavit,</strong></span> <span class='ocrx_word' id='word_1_406' title='bbox 2217 3952 2307 3990; x_wconf 86' lang='lat' dir='ltr'><strong>se-</strong></span> 
     </span>
    </p>
   </div>
   <div class='ocr_carea' id='block_1_58' title="bbox 732 4030 2305 4113">
    <p class='ocr_par' dir='ltr' id='par_1_58' title="bbox 732 4030 2305 4113">
     <span class='ocr_line' id='line_1_58' title="bbox 732 4030 2305 4113; baseline -0.012 -13"><span class='ocrx_word' id='word_1_407' title='bbox 732 4048 965 4102; x_wconf 78' lang='lat' dir='ltr'><strong>cundum</strong></span> <span class='ocrx_word' id='word_1_408' title='bbox 1005 4042 1371 4113; x_wconf 80' lang='lat' dir='ltr'><strong>operationem</strong></span> <span class='ocrx_word' id='word_1_409' title='bbox 1413 4053 1540 4092; x_wconf 82' lang='lat' dir='ltr'><strong>vero</strong></span> <span class='ocrx_word' id='word_1_410' title='bbox 1599 4044 1654 4090; x_wconf 82' lang='lat' dir='ltr'><strong>et</strong></span> <span class='ocrx_word' id='word_1_411' title='bbox 1710 4033 1938 4102; x_wconf 66' lang='lat' dir='ltr'><strong>gratiam</strong></span> <span class='ocrx_word' id='word_1_412' title='bbox 1996 4030 2305 4086; x_wconf 76' lang='lat' dir='ltr'><strong>atlirmavit.</strong></span> 
     </span>
    </p>
   </div>
   <div class='ocr_carea' id='block_1_59' title="bbox 733 4123 2304 4204">
    <p class='ocr_par' dir='ltr' id='par_1_59' title="bbox 733 4123 2304 4204">
     <span class='ocr_line' id='line_1_59' title="bbox 733 4123 2304 4204; baseline -0.014 -11"><span class='ocrx_word' id='word_1_413' title='bbox 733 4141 1036 4193; x_wconf 72' lang='lat' dir='ltr'><strong>Bonitatum</strong></span> <span class='ocrx_word' id='word_1_414' title='bbox 1097 4135 1260 4204; x_wconf 73' lang='lat' dir='ltr'><strong>igitur</strong></span> <span class='ocrx_word' id='word_1_415' title='bbox 1336 4145 1399 4184; x_wconf 85' lang='lat' dir='ltr'><strong>ac</strong></span> <span class='ocrx_word' id='word_1_416' title='bbox 1472 4128 1776 4190; x_wconf 90' lang='lat' dir='ltr'><strong>deitatem,</strong></span> <span class='ocrx_word' id='word_1_417' title='bbox 1851 4139 1972 4194; x_wconf 72' lang='lat' dir='ltr'><strong>qua:</strong></span> <span class='ocrx_word' id='word_1_418' title='bbox 2042 4123 2304 4197; x_wconf 82' lang='lat' dir='ltr'><strong>variatur,</strong></span> 
     </span>
    </p>
   </div>
   <div class='ocr_carea' id='block_1_60' title="bbox 732 4211 2310 4295">
    <p class='ocr_par' dir='ltr' id='par_1_60' title="bbox 732 4211 2310 4295">
     <span class='ocr_line' id='line_1_60' title="bbox 732 4211 2310 4295; baseline -0.013 -12"><span class='ocrx_word' id='word_1_419' title='bbox 732 4230 1015 4293; x_wconf 70' lang='lat' dir='ltr'><strong>dividitur,</strong></span> <span class='ocrx_word' id='word_1_420' title='bbox 1069 4223 1446 4295; x_wconf 84' lang='lat' dir='ltr'><strong>participatur,</strong></span> <span class='ocrx_word' id='word_1_421' title='bbox 1479 4234 1622 4289; x_wconf 57' lang='lat' dir='ltr'><strong>qua»,</strong></span> <span class='ocrx_word' id='word_1_422' title='bbox 1655 4217 1786 4271; x_wconf 90' lang='lat' dir='ltr'><strong>licet</strong></span> <span class='ocrx_word' id='word_1_423' title='bbox 1819 4215 2072 4277; x_wconf 83' lang='lat' dir='ltr'><strong>obscure,</strong></span> <span class='ocrx_word' id='word_1_424' title='bbox 2112 4211 2310 4266; x_wconf 77' lang='lat' dir='ltr'><strong>intelli-</strong></span> 
     </span>
    </p>
   </div>
   <div class='ocr_carea' id='block_1_61' title="bbox 733 4300 2310 4385">
    <p class='ocr_par' dir='ltr' id='par_1_61' title="bbox 733 4300 2310 4385">
     <span class='ocr_line' id='line_1_61' title="bbox 733 4300 2310 4385; baseline -0.011 -15"><span class='ocrx_word' id='word_1_425' title='bbox 733 4321 894 4384; x_wconf 66' lang='lat' dir='ltr'><strong>gitur.</strong></span> <span class='ocrx_word' id='word_1_426' title='bbox 923 4331 1044 4385; x_wconf 66' lang='lat' dir='ltr'><strong>qua:</strong></span> <span class='ocrx_word' id='word_1_427' title='bbox 1087 4312 1306 4382; x_wconf 83' lang='lat' dir='ltr'><strong>proprio</strong></span> <span class='ocrx_word' id='word_1_428' title='bbox 1358 4316 1702 4376; x_wconf 87' lang='lat' dir='ltr'><strong>nuncupatur</strong></span> <span class='ocrx_word' id='word_1_429' title='bbox 1739 4305 1981 4367; x_wconf 86' lang='lat' dir='ltr'><strong>nomine,</strong></span> <span class='ocrx_word' id='word_1_430' title='bbox 2034 4300 2310 4371; x_wconf 87' lang='lat' dir='ltr'><strong>quomodo</strong></span> 
     </span>
    </p>
   </div>
   <div class='ocr_carea' id='block_1_62' title="bbox 734 4392 2301 4476">
    <p class='ocr_par' dir='ltr' id='par_1_62' title="bbox 734 4392 2301 4476">
     <span class='ocr_line' id='line_1_62' title="bbox 734 4392 2301 4476; baseline -0.013 -11"><span class='ocrx_word' id='word_1_431' title='bbox 734 4427 840 4465; x_wconf 86' lang='lat' dir='ltr'><strong>non</strong></span> <span class='ocrx_word' id='word_1_432' title='bbox 869 4405 1314 4476; x_wconf 77' lang='lat' dir='ltr'><strong>supergredi-amr</strong></span> <span class='ocrx_word' id='word_1_433' title='bbox 1367 4400 1453 4463; x_wconf 85' lang='lat' dir='ltr'><strong>illa</strong></span> <span class='ocrx_word' id='word_1_434' title='bbox 1491 4395 1919 4465; x_wconf 86' lang='lat' dir='ltr'><strong>simplicissima,</strong></span> <span class='ocrx_word' id='word_1_435' title='bbox 1953 4401 2007 4446; x_wconf 86' lang='lat' dir='ltr'><strong>et</strong></span> <span class='ocrx_word' id='word_1_436' title='bbox 2041 4392 2301 4453; x_wconf 87' lang='lat' dir='ltr'><strong>indivisa,</strong></span> 
     </span>
    </p>
   </div>
   <div class='ocr_carea' id='block_1_63' title="bbox 729 4481 2301 4558">
    <p class='ocr_par' dir='ltr' id='par_1_63' title="bbox 729 4481 2301 4558">
     <span class='ocr_line' id='line_1_63' title="bbox 729 4481 2301 4558; baseline -0.013 -3"><span class='ocrx_word' id='word_1_437' title='bbox 729 4511 785 4555; x_wconf 87' lang='lat' dir='ltr'><strong>ct</strong></span> <span class='ocrx_word' id='word_1_438' title='bbox 815 4497 965 4554; x_wconf 90' lang='lat' dir='ltr'><strong>omni</strong></span> <span class='ocrx_word' id='word_1_439' title='bbox 1016 4495 1256 4558; x_wconf 86' lang='lat' dir='ltr'><strong>nomine,</strong></span> <span class='ocrx_word' id='word_1_440' title='bbox 1315 4486 1837 4551; x_wconf 82' lang='lat' dir='ltr'><strong>communicatione,</strong></span> <span class='ocrx_word' id='word_1_441' title='bbox 1899 4483 2178 4539; x_wconf 85' lang='lat' dir='ltr'><strong>intellectu</strong></span> <span class='ocrx_word' id='word_1_442' title='bbox 2219 4481 2301 4535; x_wconf 91' lang='lat' dir='ltr'><strong>vel</strong></span> 
     </span>
    </p>
   </div>
   <div class='ocr_carea' id='block_1_64' title="bbox 2401 1999 3976 2081">
    <p class='ocr_par' dir='ltr' id='par_1_64' title="bbox 2401 1999 3976 2081">
     <span class='ocr_line' id='line_1_64' title="bbox 2401 1999 3976 2081; baseline -0.008 -16"><span class='ocrx_word' id='word_1_443' title='bbox 2401 2014 2535 2081; x_wconf 80' lang='grc' dir='ltr'>ἡμῖν</span> <span class='ocrx_word' id='word_1_444' title='bbox 2566 2013 2593 2064; x_wconf 84' lang='grc' dir='ltr'><strong>ό</strong></span> <span class='ocrx_word' id='word_1_445' title='bbox 2626 2011 2784 2079; x_wconf 86' lang='grc' dir='ltr'>λόγος</span> <span class='ocrx_word' id='word_1_446' title='bbox 2829 2007 2947 2061; x_wconf 89' lang='grc' dir='ltr'>νῦν.</span> <span class='ocrx_word' id='word_1_447' title='bbox 2991 2006 3325 2076; x_wconf 79' lang='grc' dir='ltr'>Ἐπειδὴπερ</span> <span class='ocrx_word' id='word_1_448' title='bbox 3357 2004 3534 2056; x_wconf 68' lang='grc' dir='ltr'>ὶκεῖνο</span> <span class='ocrx_word' id='word_1_449' title='bbox 3579 2001 3640 2053; x_wconf 88' lang='grc' dir='ltr'><strong>τὸ</strong></span> <span class='ocrx_word' id='word_1_450' title='bbox 3683 1999 3976 2068; x_wconf 75' lang='grc' dir='ltr'>ἀνώνυμον</span> 
     </span>
    </p>
   </div>
   <div class='ocr_carea' id='block_1_65' title="bbox 2400 2094 3973 2170">
    <p class='ocr_par' dir='ltr' id='par_1_65' title="bbox 2400 2094 3973 2170">
     <span class='ocr_line' id='line_1_65' title="bbox 2400 2094 3973 2170; baseline -0.008 -12"><span class='ocrx_word' id='word_1_451' title='bbox 2400 2106 2500 2158; x_wconf 82' lang='grc' dir='ltr'>οὐκ</span> <span class='ocrx_word' id='word_1_452' title='bbox 2528 2104 2686 2158; x_wconf 78' lang='grc' dir='ltr'>οὐσία</span> <span class='ocrx_word' id='word_1_453' title='bbox 2731 2102 2913 2170; x_wconf 83' lang='grc' dir='ltr'>μόνον,</span> <span class='ocrx_word' id='word_1_454' title='bbox 2943 2101 3077 2154; x_wconf 87' lang='grc' dir='ltr'><strong>ἀλλά</strong></span> <span class='ocrx_word' id='word_1_455' title='bbox 3109 2101 3204 2152; x_wconf 70' lang='grc' dir='ltr'>καὶ</span> <span class='ocrx_word' id='word_1_456' title='bbox 3236 2099 3428 2167; x_wconf 81' lang='grc' dir='ltr'>θεότης</span> <span class='ocrx_word' id='word_1_457' title='bbox 3455 2099 3552 2149; x_wconf 75' lang='grc' dir='ltr'>καὶ</span> <span class='ocrx_word' id='word_1_458' title='bbox 3573 2094 3844 2163; x_wconf 74' lang='grc' dir='ltr'>ἀγαθότης</span> <span class='ocrx_word' id='word_1_459' title='bbox 3873 2094 3973 2146; x_wconf 72' lang='grc' dir='ltr'><strong>καὶ</strong></span> 
     </span>
    </p>
   </div>
   <div class='ocr_carea' id='block_1_66' title="bbox 2405 2186 3974 2266">
    <p class='ocr_par' dir='ltr' id='par_1_66' title="bbox 2405 2186 3974 2266">
     <span class='ocr_line' id='line_1_66' title="bbox 2405 2186 3974 2266; baseline -0.009 -15"><span class='ocrx_word' id='word_1_460' title='bbox 2405 2197 2562 2266; x_wconf 82' lang='grc' dir='ltr'>σοφία</span> <span class='ocrx_word' id='word_1_461' title='bbox 2607 2199 2702 2250; x_wconf 66' lang='grc' dir='ltr'><strong>καλ⁵</strong></span> <span class='ocrx_word' id='word_1_462' title='bbox 2747 2195 2895 2265; x_wconf 76' lang='grc' dir='ltr'>ζωὴ,</span> <span class='ocrx_word' id='word_1_463' title='bbox 2959 2192 3238 2247; x_wconf 77' lang='grc' dir='ltr'>καὶπάνθ’</span> <span class='ocrx_word' id='word_1_464' title='bbox 3274 2190 3484 2253; x_wconf 76' lang='grc' dir='ltr'>ἁπλῶς,</span> <span class='ocrx_word' id='word_1_465' title='bbox 3533 2189 3708 2242; x_wconf 81' lang='grc' dir='ltr'>ὁπόσα</span> <span class='ocrx_word' id='word_1_466' title='bbox 3753 2187 3850 2240; x_wconf 79' lang='grc' dir='ltr'>καὶ</span> <span class='ocrx_word' id='word_1_467' title='bbox 3905 2186 3974 2237; x_wconf 77' lang='grc' dir='ltr'>τὰ</span> 
     </span>
    </p>
   </div>
   <div class='ocr_carea' id='block_1_67' title="bbox 2405 2278 3976 2357">
    <p class='ocr_par' dir='ltr' id='par_1_67' title="bbox 2405 2278 3976 2357">
     <span class='ocr_line' id='line_1_67' title="bbox 2405 2278 3976 2357; baseline -0.008 -17"><span class='ocrx_word' id='word_1_468' title='bbox 2405 2287 2642 2357; x_wconf 86' lang='grc' dir='ltr'>μεθεκτά</span> <span class='ocrx_word' id='word_1_469' title='bbox 2692 2287 2962 2350; x_wconf 77' lang='grc' dir='ltr'>καλεῖται,</span> <span class='ocrx_word' id='word_1_470' title='bbox 3010 2285 3191 2337; x_wconf 70' lang='grc' dir='ltr'>εἴποτε</span> <span class='ocrx_word' id='word_1_471' title='bbox 3227 2285 3355 2350; x_wconf 75' lang='grc' dir='ltr'>περὶ</span> <span class='ocrx_word' id='word_1_472' title='bbox 3406 2280 3540 2334; x_wconf 85' lang='grc' dir='ltr'>Θεοῦ</span> <span class='ocrx_word' id='word_1_473' title='bbox 3586 2278 3843 2340; x_wconf 85' lang='grc' dir='ltr'>ἀκούσεις</span> <span class='ocrx_word' id='word_1_474' title='bbox 3899 2279 3976 2340; x_wconf 80' lang='grc' dir='ltr'>ὠς</span> 
     </span>
    </p>
   </div>
   <div class='ocr_carea' id='block_1_68' title="bbox 2403 2373 3971 2450">
    <p class='ocr_par' dir='ltr' id='par_1_68' title="bbox 2403 2373 3971 2450">
     <span class='ocr_line' id='line_1_68' title="bbox 2403 2373 3971 2450; baseline -0.005 -16"><span class='ocrx_word' id='word_1_475' title='bbox 2403 2382 2592 2435; x_wconf 81' lang='grc' dir='ltr'>οὐσίαν</span> <span class='ocrx_word' id='word_1_476' title='bbox 2612 2380 2725 2450; x_wconf 78' lang='grc' dir='ltr'>ἔχει</span> <span class='ocrx_word' id='word_1_477' title='bbox 2757 2380 2854 2450; x_wconf 81' lang='grc' dir='ltr'>τὴν</span> <span class='ocrx_word' id='word_1_478' title='bbox 2876 2378 3212 2450; x_wconf 84' lang='grc' dir='ltr'>ἀγαθότητα,</span> <span class='ocrx_word' id='word_1_479' title='bbox 3241 2376 3336 2430; x_wconf 77' lang='grc' dir='ltr'>καὶ</span> <span class='ocrx_word' id='word_1_480' title='bbox 3361 2373 3523 2444; x_wconf 87' lang='grc' dir='ltr'>φύσιν</span> <span class='ocrx_word' id='word_1_481' title='bbox 3550 2375 3640 2426; x_wconf 90' lang='grc' dir='ltr'><strong>τὸν</strong></span> <span class='ocrx_word' id='word_1_482' title='bbox 3663 2373 3971 2441; x_wconf 77' lang='grc' dir='ltr'>ἀγιασμὸν,</span> 
     </span>
    </p>
   </div>
   <div class='ocr_carea' id='block_1_69' title="bbox 2403 2465 3978 2543">
    <p class='ocr_par' dir='ltr' id='par_1_69' title="bbox 2403 2465 3978 2543">
     <span class='ocr_line' id='line_1_69' title="bbox 2403 2465 3978 2543; baseline -0.008 -16"><span class='ocrx_word' id='word_1_483' title='bbox 2403 2476 2494 2527; x_wconf 59' lang='grc' dir='ltr'>καὶ</span> <span class='ocrx_word' id='word_1_484' title='bbox 2529 2475 2628 2526; x_wconf 82' lang='grc' dir='ltr'><strong>οὐκ</strong></span> <span class='ocrx_word' id='word_1_485' title='bbox 2656 2474 2792 2543; x_wconf 77' lang='grc' dir='ltr'>ἄλλη</span> <span class='ocrx_word' id='word_1_486' title='bbox 2827 2473 2957 2541; x_wconf 88' lang='grc' dir='ltr'>παρ’</span> <span class='ocrx_word' id='word_1_487' title='bbox 2978 2471 3141 2524; x_wconf 84' lang='grc' dir='ltr'>αὑτὸν</span> <span class='ocrx_word' id='word_1_488' title='bbox 3163 2471 3197 2540; x_wconf 78' lang='grc' dir='ltr'>ἡ</span> <span class='ocrx_word' id='word_1_489' title='bbox 3219 2469 3464 2536; x_wconf 85' lang='grc' dir='ltr'>ἀγιότης,</span> <span class='ocrx_word' id='word_1_490' title='bbox 3495 2467 3586 2520; x_wconf 75' lang='grc' dir='ltr'>καὶ</span> <span class='ocrx_word' id='word_1_491' title='bbox 3615 2467 3691 2527; x_wconf 88' lang='grc' dir='ltr'>ὼς</span> <span class='ocrx_word' id='word_1_492' title='bbox 3719 2466 3751 2535; x_wconf 82' lang='grc' dir='ltr'><strong>ἡ</strong></span> <span class='ocrx_word' id='word_1_493' title='bbox 3781 2465 3978 2534; x_wconf 67' lang='grc' dir='ltr'>θειότης</span> 
     </span>
    </p>
   </div>
   <div class='ocr_carea' id='block_1_70' title="bbox 2402 2559 3978 2637">
    <p class='ocr_par' dir='ltr' id='par_1_70' title="bbox 2402 2559 3978 2637">
     <span class='ocr_line' id='line_1_70' title="bbox 2402 2559 3978 2637; baseline -0.008 -17"><span class='ocrx_word' id='word_1_494' title='bbox 2402 2570 2461 2620; x_wconf 75' lang='grc' dir='ltr'>οὐ</span> <span class='ocrx_word' id='word_1_495' title='bbox 2496 2567 2795 2636; x_wconf 73' lang='grc' dir='ltr'>μερίζεται,</span> <span class='ocrx_word' id='word_1_496' title='bbox 2824 2566 2935 2619; x_wconf 82' lang='grc' dir='ltr'>οὐδ’</span> <span class='ocrx_word' id='word_1_497' title='bbox 2977 2567 3238 2637; x_wconf 70' lang='grc' dir='ltr'>ἐκχεῖται,</span> <span class='ocrx_word' id='word_1_498' title='bbox 3279 2562 3388 2616; x_wconf 80' lang='grc' dir='ltr'>οὐδ’</span> <span class='ocrx_word' id='word_1_499' title='bbox 3429 2560 3851 2618; x_wconf 80' lang='grc' dir='ltr'>ἀποστέλλεται,</span> <span class='ocrx_word' id='word_1_500' title='bbox 3879 2559 3978 2609; x_wconf 80' lang='grc' dir='ltr'>καὶ</span> 
     </span>
    </p>
   </div>
   <div class='ocr_carea' id='block_1_71' title="bbox 2402 2640 3980 2726">
    <p class='ocr_par' dir='ltr' id='par_1_71' title="bbox 2402 2640 3980 2726">
     <span class='ocr_line' id='line_1_71' title="bbox 2402 2640 3980 2726; baseline -0.006 -15"><span class='ocrx_word' id='word_1_501' title='bbox 2402 2659 2567 2712; x_wconf 79' lang='grc' dir='ltr'>τᾶλλα</span> <span class='ocrx_word' id='word_1_502' title='bbox 2599 2659 2700 2711; x_wconf 84' lang='grc' dir='ltr'>ὅσα</span> <span class='ocrx_word' id='word_1_503' title='bbox 2732 2657 2942 2721; x_wconf 75' lang='grc' dir='ltr'>τούτοις</span> <span class='ocrx_word' id='word_1_504' title='bbox 2984 2640 3375 2726; x_wconf 75' lang='grc' dir='ltr'>παραπλήσιαο</span> <span class='ocrx_word' id='word_1_505' title='bbox 3423 2654 3497 2725; x_wconf 74' lang='grc' dir='ltr'>μὴ</span> <span class='ocrx_word' id='word_1_506' title='bbox 3533 2654 3642 2707; x_wconf 83' lang='grc' dir='ltr'><strong>τῶν</strong></span> <span class='ocrx_word' id='word_1_507' title='bbox 3680 2651 3980 2720; x_wconf 71' lang='grc' dir='ltr'>ἐνεργειῶν</span> 
     </span>
    </p>
   </div>
   <div class='ocr_carea' id='block_1_72' title="bbox 2403 2743 3978 2822">
    <p class='ocr_par' dir='ltr' id='par_1_72' title="bbox 2403 2743 3978 2822">
     <span class='ocr_line' id='line_1_72' title="bbox 2403 2743 3978 2822; baseline -0.006 -17"><span class='ocrx_word' id='word_1_508' title='bbox 2403 2753 2641 2822; x_wconf 79' lang='grc' dir='ltr'>ἑκάστην</span> <span class='ocrx_word' id='word_1_509' title='bbox 2665 2750 2818 2805; x_wconf 84' lang='grc' dir='ltr'>θείαν</span> <span class='ocrx_word' id='word_1_510' title='bbox 2845 2750 3127 2821; x_wconf 71' lang='grc' dir='ltr'>ὑπολάϐῃς</span> <span class='ocrx_word' id='word_1_511' title='bbox 3157 2747 3299 2803; x_wconf 74' lang='grc' dir='ltr'>εἶναι</span> <span class='ocrx_word' id='word_1_512' title='bbox 3329 2747 3587 2816; x_wconf 80' lang='grc' dir='ltr'>λέγεσθαι</span> <span class='ocrx_word' id='word_1_513' title='bbox 3613 2745 3826 2807; x_wconf 79' lang='grc' dir='ltr'>οὐσίαν,</span> <span class='ocrx_word' id='word_1_514' title='bbox 3857 2743 3978 2797; x_wconf 77' lang='grc' dir='ltr'>ἀλλ’</span> 
     </span>
    </p>
   </div>
   <div class='ocr_carea' id='block_1_73' title="bbox 2404 2838 3980 2912">
    <p class='ocr_par' dir='ltr' id='par_1_73' title="bbox 2404 2838 3980 2912">
     <span class='ocr_line' id='line_1_73' title="bbox 2404 2838 3980 2912; baseline -0.006 -15"><span class='ocrx_word' id='word_1_515' title='bbox 2404 2845 2511 2897; x_wconf 87' lang='grc' dir='ltr'><strong>άπὸ</strong></span> <span class='ocrx_word' id='word_1_516' title='bbox 2565 2843 2774 2897; x_wconf 85' lang='grc' dir='ltr'>τούτων</span> <span class='ocrx_word' id='word_1_517' title='bbox 2824 2842 3133 2912; x_wconf 76' lang='grc' dir='ltr'>ὁμωνύμως</span> <span class='ocrx_word' id='word_1_518' title='bbox 3177 2848 3277 2911; x_wconf 80' lang='grc' dir='ltr'>τὴν</span> <span class='ocrx_word' id='word_1_519' title='bbox 3332 2839 3695 2911; x_wconf 83' lang='grc' dir='ltr'>ύπερὼνυμον</span> <span class='ocrx_word' id='word_1_520' title='bbox 3756 2838 3980 2906; x_wconf 70' lang='grc' dir='ltr'>εκείνην</span> 
     </span>
    </p>
   </div>
   <div class='ocr_carea' id='block_1_74' title="bbox 2404 2930 3978 3006">
    <p class='ocr_par' dir='ltr' id='par_1_74' title="bbox 2404 2930 3978 3006">
     <span class='ocr_line' id='line_1_74' title="bbox 2404 2930 3978 3006; baseline -0.006 -17"><span class='ocrx_word' id='word_1_521' title='bbox 2404 2936 2817 3006; x_wconf 80' lang='grc' dir='ltr'>ὀνομαζομένην</span> <span class='ocrx_word' id='word_1_522' title='bbox 2853 2934 2984 3000; x_wconf 84' lang='grc' dir='ltr'>ίσθι,</span> <span class='ocrx_word' id='word_1_523' title='bbox 3018 2936 3113 2988; x_wconf 84' lang='grc' dir='ltr'>ἆτε</span> <span class='ocrx_word' id='word_1_524' title='bbox 3154 2931 3402 3002; x_wconf 75' lang='grc' dir='ltr'>φυσικῶς</span> <span class='ocrx_word' id='word_1_525' title='bbox 3447 2931 3583 2999; x_wconf 78' lang='grc' dir='ltr'>αὐτῇ</span> <span class='ocrx_word' id='word_1_526' title='bbox 3637 2930 3978 3000; x_wconf 84' lang='grc' dir='ltr'>προσόντων.</span> 
     </span>
    </p>
   </div>
   <div class='ocr_carea' id='block_1_75' title="bbox 2414 3020 3983 3097">
    <p class='ocr_par' dir='ltr' id='par_1_75' title="bbox 2414 3020 3983 3097">
     <span class='ocr_line' id='line_1_75' title="bbox 2414 3020 3983 3097; baseline -0.006 -16"><span class='ocrx_word' id='word_1_527' title='bbox 2414 3028 2693 3097; x_wconf 84' lang='grc' dir='ltr'>Ὀπηνίκα</span> <span class='ocrx_word' id='word_1_528' title='bbox 2717 3029 2762 3080; x_wconf 83' lang='grc' dir='ltr'>δ’</span> <span class='ocrx_word' id='word_1_529' title='bbox 2809 3025 2963 3088; x_wconf 77' lang='grc' dir='ltr'>αὖθις</span> <span class='ocrx_word' id='word_1_530' title='bbox 3003 3025 3276 3093; x_wconf 85' lang='grc' dir='ltr'>λεγόντων</span> <span class='ocrx_word' id='word_1_531' title='bbox 3319 3023 3429 3075; x_wconf 85' lang='grc' dir='ltr'><strong>τῶν</strong></span> <span class='ocrx_word' id='word_1_532' title='bbox 3467 3020 3736 3086; x_wconf 85' lang='grc' dir='ltr'>θεολόγων</span> <span class='ocrx_word' id='word_1_533' title='bbox 3769 3020 3983 3088; x_wconf 77' lang='grc' dir='ltr'>τυγχά-</span> 
     </span>
    </p>
   </div>
   <div class='ocr_carea' id='block_1_76' title="bbox 2404 3111 3985 3192">
    <p class='ocr_par' dir='ltr' id='par_1_76' title="bbox 2404 3111 3985 3192">
     <span class='ocr_line' id='line_1_76' title="bbox 2404 3111 3985 3192; baseline -0.009 -14"><span class='ocrx_word' id='word_1_534' title='bbox 2404 3140 2516 3188; x_wconf 77' lang='grc' dir='ltr'>νεις</span> <span class='ocrx_word' id='word_1_535' title='bbox 2549 3122 2918 3192; x_wconf 81' lang='grc' dir='ltr'>ἀκροώμενος,</span> <span class='ocrx_word' id='word_1_536' title='bbox 2949 3119 3024 3180; x_wconf 83' lang='grc' dir='ltr'>ὡς</span> <span class='ocrx_word' id='word_1_537' title='bbox 3055 3120 3154 3186; x_wconf 82' lang='grc' dir='ltr'>τὴν</span> <span class='ocrx_word' id='word_1_538' title='bbox 3183 3115 3496 3185; x_wconf 74' lang='grc' dir='ltr'>ἀγαθότητα</span> <span class='ocrx_word' id='word_1_539' title='bbox 3523 3113 3616 3164; x_wconf 85' lang='grc' dir='ltr'><strong>τοῦ</strong></span> <span class='ocrx_word' id='word_1_540' title='bbox 3651 3111 3786 3165; x_wconf 82' lang='grc' dir='ltr'>Θεοῦ</span> <span class='ocrx_word' id='word_1_541' title='bbox 3817 3113 3985 3182; x_wconf 75' lang='grc' dir='ltr'>ἡμῶν</span> 
     </span>
    </p>
   </div>
   <div class='ocr_carea' id='block_1_77' title="bbox 2405 3203 3980 3284">
    <p class='ocr_par' dir='ltr' id='par_1_77' title="bbox 2405 3203 3980 3284">
     <span class='ocr_line' id='line_1_77' title="bbox 2405 3203 3980 3284; baseline -0.011 -15"><span class='ocrx_word' id='word_1_542' title='bbox 2405 3216 2602 3270; x_wconf 82' lang='grc' dir='ltr'>εἰδέναι</span> <span class='ocrx_word' id='word_1_543' title='bbox 2633 3214 2870 3284; x_wconf 80' lang='grc' dir='ltr'>λέγομεν</span> <span class='ocrx_word' id='word_1_544' title='bbox 2909 3211 3002 3263; x_wconf 77' lang='grc' dir='ltr'><strong>καὶ</strong></span> <span class='ocrx_word' id='word_1_545' title='bbox 3033 3211 3132 3277; x_wconf 82' lang='grc' dir='ltr'>τὴν</span> <span class='ocrx_word' id='word_1_546' title='bbox 3158 3207 3373 3276; x_wconf 81' lang='grc' dir='ltr'>σοφίαν,</span> <span class='ocrx_word' id='word_1_547' title='bbox 3396 3205 3512 3258; x_wconf 83' lang='grc' dir='ltr'>ἀλλ’</span> <span class='ocrx_word' id='word_1_548' title='bbox 3545 3205 3608 3257; x_wconf 80' lang='grc' dir='ltr'><strong>οὐ</strong></span> <span class='ocrx_word' id='word_1_549' title='bbox 3639 3203 3738 3272; x_wconf 82' lang='grc' dir='ltr'>τὴν</span> <span class='ocrx_word' id='word_1_550' title='bbox 3762 3204 3980 3266; x_wconf 81' lang='grc' dir='ltr'>οὐσίαν,</span> 
     </span>
    </p>
   </div>
   <div class='ocr_carea' id='block_1_78' title="bbox 2410 3295 3976 3372">
    <p class='ocr_par' dir='ltr' id='par_1_78' title="bbox 2410 3295 3976 3372">
     <span class='ocr_line' id='line_1_78' title="bbox 2410 3295 3976 3372; baseline -0.011 -11"><span class='ocrx_word' id='word_1_551' title='bbox 2410 3308 2506 3361; x_wconf 71' lang='grc' dir='ltr'>καὶ</span> <span class='ocrx_word' id='word_1_552' title='bbox 2533 3306 2606 3369; x_wconf 82' lang='grc' dir='ltr'>ὡς</span> <span class='ocrx_word' id='word_1_553' title='bbox 2633 3305 2746 3358; x_wconf 73' lang='grc' dir='ltr'>θεοὶ</span> <span class='ocrx_word' id='word_1_554' title='bbox 2787 3303 2884 3372; x_wconf 79' lang='grc' dir='ltr'>μὲν</span> <span class='ocrx_word' id='word_1_555' title='bbox 2912 3298 3174 3369; x_wconf 87' lang='grc' dir='ltr'>γινόμεθα</span> <span class='ocrx_word' id='word_1_556' title='bbox 3197 3337 3212 3359; x_wconf 89' lang='grc'><strong>,</strong></span> <span class='ocrx_word' id='word_1_557' title='bbox 3245 3297 3343 3361; x_wconf 81' lang='grc' dir='ltr'>τῆς</span> <span class='ocrx_word' id='word_1_558' title='bbox 3374 3295 3431 3348; x_wconf 85' lang='grc' dir='ltr'>δὲ</span> <span class='ocrx_word' id='word_1_559' title='bbox 3469 3295 3638 3362; x_wconf 77' lang='grc' dir='ltr'>αὐτῆς</span> <span class='ocrx_word' id='word_1_560' title='bbox 3678 3295 3867 3356; x_wconf 80' lang='grc' dir='ltr'>οὐσίας</span> <span class='ocrx_word' id='word_1_561' title='bbox 3893 3309 3976 3360; x_wconf 77' lang='grc' dir='ltr'>γε-</span> 
     </span>
    </p>
   </div>
   <div class='ocr_carea' id='block_1_79' title="bbox 2407 3384 3987 3463">
    <p class='ocr_par' dir='ltr' id='par_1_79' title="bbox 2407 3384 3987 3463">
     <span class='ocr_line' id='line_1_79' title="bbox 2407 3384 3987 3463; baseline -0.008 -12"><span class='ocrx_word' id='word_1_562' title='bbox 2407 3397 2595 3450; x_wconf 74' lang='grc' dir='ltr'>νέσθαι</span> <span class='ocrx_word' id='word_1_563' title='bbox 2626 3396 2685 3450; x_wconf 86' lang='grc' dir='ltr'><strong>οὐ</strong></span> <span class='ocrx_word' id='word_1_564' title='bbox 2732 3392 3029 3463; x_wconf 77' lang='grc' dir='ltr'>δυνάμεθα,</span> <span class='ocrx_word' id='word_1_565' title='bbox 3067 3391 3159 3444; x_wconf 77' lang='grc' dir='ltr'>καὶ</span> <span class='ocrx_word' id='word_1_566' title='bbox 3198 3391 3300 3443; x_wconf 80' lang='grc' dir='ltr'>ὅσα</span> <span class='ocrx_word' id='word_1_567' title='bbox 3332 3387 3543 3449; x_wconf 85' lang='grc' dir='ltr'>τούτοις</span> <span class='ocrx_word' id='word_1_568' title='bbox 3583 3385 3827 3454; x_wconf 75' lang='grc' dir='ltr'>ἐμφερῆ,</span> <span class='ocrx_word' id='word_1_569' title='bbox 3866 3384 3987 3438; x_wconf 81' lang='grc' dir='ltr'><strong>θεό⁴</strong></span> 
     </span>
    </p>
   </div>
   <div class='ocr_carea' id='block_1_80' title="bbox 2406 3478 3988 3558">
    <p class='ocr_par' dir='ltr' id='par_1_80' title="bbox 2406 3478 3988 3558">
     <span class='ocr_line' id='line_1_80' title="bbox 2406 3478 3988 3558; baseline -0.009 -17"><span class='ocrx_word' id='word_1_570' title='bbox 2406 3488 2544 3558; x_wconf 83' lang='grc' dir='ltr'>τητά</span> <span class='ocrx_word' id='word_1_571' title='bbox 2596 3505 2656 3540; x_wconf 86' lang='grc' dir='ltr'><strong>τε</strong></span> <span class='ocrx_word' id='word_1_572' title='bbox 2695 3486 2792 3539; x_wconf 71' lang='grc' dir='ltr'><strong>καὶ</strong></span> <span class='ocrx_word' id='word_1_573' title='bbox 2828 3483 3163 3552; x_wconf 78' lang='grc' dir='ltr'>ἀγαθότητα,</span> <span class='ocrx_word' id='word_1_574' title='bbox 3202 3480 3276 3550; x_wconf 76' lang='grc' dir='ltr'>μὴ</span> <span class='ocrx_word' id='word_1_575' title='bbox 3323 3479 3422 3550; x_wconf 76' lang='grc' dir='ltr'>τὴν</span> <span class='ocrx_word' id='word_1_576' title='bbox 3473 3479 3716 3545; x_wconf 79' lang='grc' dir='ltr'>ἄληπτον</span> <span class='ocrx_word' id='word_1_577' title='bbox 3764 3478 3988 3542; x_wconf 78' lang='grc' dir='ltr'>ἐκείνην</span> 
     </span>
    </p>
   </div>
   <div class='ocr_carea' id='block_1_81' title="bbox 2408 3567 3988 3646">
    <p class='ocr_par' dir='ltr' id='par_1_81' title="bbox 2408 3567 3988 3646">
     <span class='ocr_line' id='line_1_81' title="bbox 2408 3567 3988 3646; baseline -0.008 -14"><span class='ocrx_word' id='word_1_578' title='bbox 2408 3581 2504 3633; x_wconf 74' lang='grc' dir='ltr'><strong>καὶ</strong></span> <span class='ocrx_word' id='word_1_579' title='bbox 2545 3577 2843 3646; x_wconf 79' lang='grc' dir='ltr'>ἀπρόσιτον</span> <span class='ocrx_word' id='word_1_580' title='bbox 2880 3574 3229 3628; x_wconf 80' lang='grc' dir='ltr'>παντάπασιν</span> <span class='ocrx_word' id='word_1_581' title='bbox 3256 3571 3446 3624; x_wconf 75' lang='grc' dir='ltr'>οὐσίαν</span> <span class='ocrx_word' id='word_1_582' title='bbox 3469 3568 3851 3634; x_wconf 78' lang='grc' dir='ltr'>ὐπολάμὸανε,</span> <span class='ocrx_word' id='word_1_583' title='bbox 3888 3567 3988 3619; x_wconf 77' lang='grc' dir='ltr'>καὶ</span> 
     </span>
    </p>
   </div>
   <div class='ocr_carea' id='block_1_82' title="bbox 2409 3654 3989 3733">
    <p class='ocr_par' dir='ltr' id='par_1_82' title="bbox 2409 3654 3989 3733">
     <span class='ocr_line' id='line_1_82' title="bbox 2409 3654 3989 3733; baseline -0.008 -16"><span class='ocrx_word' id='word_1_584' title='bbox 2409 3665 2518 3733; x_wconf 84' lang='grc' dir='ltr'>γὰρ</span> <span class='ocrx_word' id='word_1_585' title='bbox 2549 3663 2706 3717; x_wconf 77' lang='grc' dir='ltr'>αὐτοὶ</span> <span class='ocrx_word' id='word_1_586' title='bbox 2757 3662 2915 3715; x_wconf 86' lang='grc' dir='ltr'>τοῦτο</span> <span class='ocrx_word' id='word_1_587' title='bbox 2963 3660 3150 3730; x_wconf 79' lang='grc' dir='ltr'>σαφῶς</span> <span class='ocrx_word' id='word_1_588' title='bbox 3198 3657 3660 3727; x_wconf 80' lang='grc' dir='ltr'>ἀπαγορεύουσιν,</span> <span class='ocrx_word' id='word_1_589' title='bbox 3707 3656 3846 3709; x_wconf 86' lang='grc' dir='ltr'><strong>ἀλλά</strong></span> <span class='ocrx_word' id='word_1_590' title='bbox 3886 3654 3989 3725; x_wconf 80' lang='grc' dir='ltr'>τὴν</span> 
     </span>
    </p>
   </div>
   <div class='ocr_carea' id='block_1_83' title="bbox 2409 3746 3987 3823">
    <p class='ocr_par' dir='ltr' id='par_1_83' title="bbox 2409 3746 3987 3823">
     <span class='ocr_line' id='line_1_83' title="bbox 2409 3746 3987 3823; baseline -0.004 -14"><span class='ocrx_word' id='word_1_591' title='bbox 2409 3757 2623 3823; x_wconf 76' lang='grc' dir='ltr'>ἐκείνης</span> <span class='ocrx_word' id='word_1_592' title='bbox 2653 3753 2805 3808; x_wconf 84' lang='grc' dir='ltr'>θείαν</span> <span class='ocrx_word' id='word_1_593' title='bbox 2852 3754 3157 3822; x_wconf 71' lang='grc' dir='ltr'>ἐνέργειαν,</span> <span class='ocrx_word' id='word_1_594' title='bbox 3199 3746 3265 3822; x_wconf 73' lang='grc' dir='ltr'>ἧς</span> <span class='ocrx_word' id='word_1_595' title='bbox 3314 3754 3375 3804; x_wconf 83' lang='grc' dir='ltr'>ὲν</span> <span class='ocrx_word' id='word_1_596' title='bbox 3421 3751 3674 3820; x_wconf 76' lang='grc' dir='ltr'>περινοίᾳ</span> <span class='ocrx_word' id='word_1_597' title='bbox 3717 3750 3987 3818; x_wconf 78' lang='grc' dir='ltr'>γινόμεθα</span> 
     </span>
    </p>
   </div>
   <div class='ocr_carea' id='block_1_84' title="bbox 2411 3839 3986 3916">
    <p class='ocr_par' dir='ltr' id='par_1_84' title="bbox 2411 3839 3986 3916">
     <span class='ocr_line' id='line_1_84' title="bbox 2411 3839 3986 3916; baseline -0.006 -16"><span class='ocrx_word' id='word_1_598' title='bbox 2411 3849 2506 3900; x_wconf 81' lang='grc' dir='ltr'>καὶ</span> <span class='ocrx_word' id='word_1_599' title='bbox 2559 3847 2823 3916; x_wconf 75' lang='grc' dir='ltr'>μετουσίᾳ</span> <span class='ocrx_word' id='word_1_600' title='bbox 2873 3846 3014 3899; x_wconf 84' lang='grc' dir='ltr'><strong>κατά</strong></span> <span class='ocrx_word' id='word_1_601' title='bbox 3061 3845 3218 3912; x_wconf 84' lang='grc' dir='ltr'>λόγον</span> <span class='ocrx_word' id='word_1_602' title='bbox 3271 3844 3369 3912; x_wconf 81' lang='grc' dir='ltr'>τῆς</span> <span class='ocrx_word' id='word_1_603' title='bbox 3411 3842 3607 3895; x_wconf 81' lang='grc' dir='ltr'>ἑαυτοῦ</span> <span class='ocrx_word' id='word_1_604' title='bbox 3658 3839 3986 3909; x_wconf 76' lang='grc' dir='ltr'>καθάρσεως</span> 
     </span>
    </p>
   </div>
   <div class='ocr_carea' id='block_1_85' title="bbox 2408 3932 3986 4006">
    <p class='ocr_par' dir='ltr' id='par_1_85' title="bbox 2408 3932 3986 4006">
     <span class='ocr_line' id='line_1_85' title="bbox 2408 3932 3986 4006; baseline -0.006 -14"><span class='ocrx_word' id='word_1_605' title='bbox 2408 3940 2663 4002; x_wconf 71' lang='grc' dir='ltr'>ἕκαστος,</span> <span class='ocrx_word' id='word_1_606' title='bbox 2693 3938 2814 3991; x_wconf 82' lang='grc' dir='ltr'>καθ’</span> <span class='ocrx_word' id='word_1_607' title='bbox 2846 3937 2904 3990; x_wconf 81' lang='grc' dir='ltr'>ὂν</span> <span class='ocrx_word' id='word_1_608' title='bbox 2934 3934 3079 4006; x_wconf 69' lang='grc' dir='ltr'>αὕτη</span> <span class='ocrx_word' id='word_1_609' title='bbox 3115 3934 3475 4004; x_wconf 83' lang='grc' dir='ltr'>πολυτρόπως</span> <span class='ocrx_word' id='word_1_610' title='bbox 3503 3935 3746 4001; x_wconf 80' lang='grc' dir='ltr'>σωστικῇ</span> <span class='ocrx_word' id='word_1_611' title='bbox 3772 3932 3986 3984; x_wconf 77' lang='grc' dir='ltr'>δικαιο-</span> 
     </span>
    </p>
   </div>
   <div class='ocr_carea' id='block_1_86' title="bbox 2411 4023 3991 4102">
    <p class='ocr_par' dir='ltr' id='par_1_86' title="bbox 2411 4023 3991 4102">
     <span class='ocr_line' id='line_1_86' title="bbox 2411 4023 3991 4102; baseline -0.005 -20"><span class='ocrx_word' id='word_1_612' title='bbox 2411 4030 2546 4102; x_wconf 77' lang='grc' dir='ltr'>σύνῃ</span> <span class='ocrx_word' id='word_1_613' title='bbox 2575 4028 2669 4082; x_wconf 88' lang='grc' dir='ltr'><strong>τοῦ</strong></span> <span class='ocrx_word' id='word_1_614' title='bbox 2703 4028 3082 4100; x_wconf 76' lang='grc' dir='ltr'>μεταδιδόντος</span> <span class='ocrx_word' id='word_1_615' title='bbox 3120 4026 3410 4096; x_wconf 77' lang='grc' dir='ltr'>μερίζεται</span> <span class='ocrx_word' id='word_1_616' title='bbox 3451 4043 3511 4078; x_wconf 88' lang='grc' dir='ltr'><strong>τε</strong></span> <span class='ocrx_word' id='word_1_617' title='bbox 3564 4024 3660 4076; x_wconf 77' lang='grc' dir='ltr'>καὶ</span> <span class='ocrx_word' id='word_1_618' title='bbox 3716 4023 3991 4076; x_wconf 72' lang='grc' dir='ltr'><strong>ποικίλλε⁸</strong></span> 
     </span>
    </p>
   </div>
   <div class='ocr_carea' id='block_1_87' title="bbox 2407 4114 3990 4190">
    <p class='ocr_par' dir='ltr' id='par_1_87' title="bbox 2407 4114 3990 4190">
     <span class='ocr_line' id='line_1_87' title="bbox 2407 4114 3990 4190; baseline -0.004 -17"><span class='ocrx_word' id='word_1_619' title='bbox 2407 4137 2523 4175; x_wconf 83' lang='grc' dir='ltr'>ται.</span> <span class='ocrx_word' id='word_1_620' title='bbox 2577 4120 2745 4174; x_wconf 82' lang='grc' dir='ltr'>Ταῦτ’</span> <span class='ocrx_word' id='word_1_621' title='bbox 2798 4119 2906 4190; x_wconf 81' lang='grc' dir='ltr'><strong>ἀρα</strong></span> <span class='ocrx_word' id='word_1_622' title='bbox 2948 4120 3039 4171; x_wconf 76' lang='grc' dir='ltr'>καὶ</span> <span class='ocrx_word' id='word_1_623' title='bbox 3087 4119 3116 4170; x_wconf 86' lang='grc' dir='ltr'><strong>ό</strong></span> <span class='ocrx_word' id='word_1_624' title='bbox 3154 4118 3298 4179; x_wconf 85' lang='grc' dir='ltr'>θεῖος</span> <span class='ocrx_word' id='word_1_625' title='bbox 3328 4115 3585 4184; x_wconf 77' lang='grc' dir='ltr'>Μάξιμος</span> <span class='ocrx_word' id='word_1_626' title='bbox 3615 4116 3811 4177; x_wconf 73' lang='grc' dir='ltr'>εἰπὼν,</span> <span class='ocrx_word' id='word_1_627' title='bbox 3847 4133 3864 4164; x_wconf 81' lang='grc' dir='ltr'><strong>ι</strong></span> <span class='ocrx_word' id='word_1_628' title='bbox 3895 4114 3990 4175; x_wconf 67' lang='lat' dir='ltr'><strong>ll;</strong></span> 
     </span>
    </p>
   </div>
   <div class='ocr_carea' id='block_1_88' title="bbox 2409 4206 3995 4284">
    <p class='ocr_par' dir='ltr' id='par_1_88' title="bbox 2409 4206 3995 4284">
     <span class='ocr_line' id='line_1_88' title="bbox 2409 4206 3995 4284; baseline -0.007 -16"><span class='ocrx_word' id='word_1_629' title='bbox 2409 4215 2570 4268; x_wconf 87' lang='grc' dir='ltr'>τοῦτο</span> <span class='ocrx_word' id='word_1_630' title='bbox 2594 4217 2742 4284; x_wconf 79' lang='grc' dir='ltr'>ἡμᾶς</span> <span class='ocrx_word' id='word_1_631' title='bbox 2782 4214 3086 4282; x_wconf 79' lang='grc' dir='ltr'>πεποῖηκεν</span> <span class='ocrx_word' id='word_1_632' title='bbox 3127 4213 3153 4264; x_wconf 84' lang='grc' dir='ltr'>ὀ</span> <span class='ocrx_word' id='word_1_633' title='bbox 3181 4210 3339 4271; x_wconf 87' lang='grc' dir='ltr'>Θεὸς,</span> <span class='ocrx_word' id='word_1_634' title='bbox 3384 4209 3470 4261; x_wconf 85' lang='grc' dir='ltr'><strong>ἵνα</strong></span> <span class='ocrx_word' id='word_1_635' title='bbox 3503 4207 3790 4278; x_wconf 84' lang='grc' dir='ltr'>γενώμεθα</span> <span class='ocrx_word' id='word_1_636' title='bbox 3838 4206 3995 4269; x_wconf 76' lang='grc' dir='ltr'>θείας</span> 
     </span>
    </p>
   </div>
   <div class='ocr_carea' id='block_1_89' title="bbox 2411 4292 3988 4373">
    <p class='ocr_par' dir='ltr' id='par_1_89' title="bbox 2411 4292 3988 4373">
     <span class='ocr_line' id='line_1_89' title="bbox 2411 4292 3988 4373; baseline -0.01 -11"><span class='ocrx_word' id='word_1_637' title='bbox 2411 4292 2662 4362; x_wconf 74' lang='grc' dir='ltr'>κοινωνοὶ</span> <span class='ocrx_word' id='word_1_638' title='bbox 2686 4306 2899 4373; x_wconf 76' lang='grc' dir='ltr'>φύσεως</span> <span class='ocrx_word' id='word_1_639' title='bbox 2931 4314 3024 4356; x_wconf 67' lang='grc' dir='ltr'>καὶ</span> <span class='ocrx_word' id='word_1_640' title='bbox 3043 4306 3140 4370; x_wconf 82' lang='grc' dir='ltr'>τῆς</span> <span class='ocrx_word' id='word_1_641' title='bbox 3167 4301 3332 4357; x_wconf 82' lang='grc' dir='ltr'>αὑτοῦ</span> <span class='ocrx_word' id='word_1_642' title='bbox 3365 4301 3674 4369; x_wconf 84' lang='grc' dir='ltr'>ἀῖδιότητος</span> <span class='ocrx_word' id='word_1_643' title='bbox 3692 4299 3916 4366; x_wconf 79' lang='grc' dir='ltr'>μέτοχοι</span> <span class='ocrx_word' id='word_1_644' title='bbox 3940 4314 3952 4324; x_wconf 91' lang='grc'><strong>·</strong></span> <span class='ocrx_word' id='word_1_645' title='bbox 3969 4316 3988 4347; x_wconf 75' lang='grc' dir='ltr'><strong>ι</strong></span> 
     </span>
    </p>
   </div>
   <div class='ocr_carea' id='block_1_90' title="bbox 2411 4389 3996 4468">
    <p class='ocr_par' dir='ltr' id='par_1_90' title="bbox 2411 4389 3996 4468">
     <span class='ocr_line' id='line_1_90' title="bbox 2411 4389 3996 4468; baseline -0.008 -18"><span class='ocrx_word' id='word_1_646' title='bbox 2411 4401 2694 4468; x_wconf 76' lang='grc' dir='ltr'>ἐπήγαγε,</span> <span class='ocrx_word' id='word_1_647' title='bbox 2736 4416 2754 4447; x_wconf 76' lang='grc' dir='ltr'><strong>ι</strong></span> <span class='ocrx_word' id='word_1_648' title='bbox 2786 4397 2943 4450; x_wconf 80' lang='grc' dir='ltr'>Κατά</span> <span class='ocrx_word' id='word_1_649' title='bbox 2970 4397 3068 4464; x_wconf 78' lang='grc' dir='ltr'>τὴν</span> <span class='ocrx_word' id='word_1_650' title='bbox 3093 4397 3156 4446; x_wconf 69' lang='grc' dir='ltr'>ἐκ</span> <span class='ocrx_word' id='word_1_651' title='bbox 3187 4394 3408 4463; x_wconf 78' lang='grc' dir='ltr'>χάριτος</span> <span class='ocrx_word' id='word_1_652' title='bbox 3439 4393 3656 4453; x_wconf 80' lang='grc' dir='ltr'>Οέωσιν,</span> <span class='ocrx_word' id='word_1_653' title='bbox 3683 4390 3758 4451; x_wconf 84' lang='grc' dir='ltr'>ὡς</span> <span class='ocrx_word' id='word_1_654' title='bbox 3801 4389 3864 4440; x_wconf 83' lang='grc' dir='ltr'>ὲκ</span> <span class='ocrx_word' id='word_1_655' title='bbox 3895 4390 3996 4456; x_wconf 78' lang='grc' dir='ltr'>τῆς</span> 
     </span>
    </p>
   </div>
   <div class='ocr_carea' id='block_1_91' title="bbox 2412 4478 3990 4558">
    <p class='ocr_par' dir='ltr' id='par_1_91' title="bbox 2412 4478 3990 4558">
     <span class='ocr_line' id='line_1_91' title="bbox 2412 4478 3990 4558; baseline -0.008 -16"><span class='ocrx_word' id='word_1_656' title='bbox 2412 4489 2632 4558; x_wconf 80' lang='grc' dir='ltr'>φύσεως</span> <span class='ocrx_word' id='word_1_657' title='bbox 2656 4489 2751 4555; x_wconf 84' lang='grc' dir='ltr'>τῆς</span> <span class='ocrx_word' id='word_1_658' title='bbox 2771 4487 2907 4556; x_wconf 89' lang='grc' dir='ltr'>πρὸς</span> <span class='ocrx_word' id='word_1_659' title='bbox 2942 4486 3030 4537; x_wconf 86' lang='grc' dir='ltr'><strong>τὸν</strong></span> <span class='ocrx_word' id='word_1_660' title='bbox 3063 4484 3195 4536; x_wconf 78' lang='grc' dir='ltr'>Θεὸν</span> <span class='ocrx_word' id='word_1_661' title='bbox 3226 4481 3620 4548; x_wconf 75' lang='grc' dir='ltr'>ἐκτελουμὲνης</span> <span class='ocrx_word' id='word_1_662' title='bbox 3645 4478 3953 4538; x_wconf 73' lang='grc' dir='ltr'>κοινωνίας.</span> <span class='ocrx_word' id='word_1_663' title='bbox 3972 4497 3990 4529; x_wconf 75' lang='grc' dir='ltr'><strong>ι</strong></span> 
     </span>
    </p>
   </div>
   <div class='ocr_carea' id='block_1_92' title="bbox 733 4570 2335 4659">
    <p class='ocr_par' dir='ltr' id='par_1_92' title="bbox 733 4573 2309 4659">
     <span class='ocr_line' id='line_1_92' title="bbox 733 4573 2309 4659; baseline -0.013 -14"><span class='ocrx_word' id='word_1_664' title='bbox 733 4603 885 4657; x_wconf 73' lang='lat' dir='ltr'><strong>tactu</strong></span> <span class='ocrx_word' id='word_1_665' title='bbox 937 4588 1190 4659; x_wconf 82' lang='lat' dir='ltr'><strong>superior</strong></span> <span class='ocrx_word' id='word_1_666' title='bbox 1234 4585 1454 4640; x_wconf 82' lang='lat' dir='ltr'><strong>bonitas</strong></span> <span class='ocrx_word' id='word_1_667' title='bbox 1497 4597 1562 4642; x_wconf 82' lang='lat' dir='ltr'><strong>ac</strong></span> <span class='ocrx_word' id='word_1_668' title='bbox 1592 4577 1895 4634; x_wconf 78' lang='lat' dir='ltr'><strong>divinitas?</strong></span> <span class='ocrx_word' id='word_1_669' title='bbox 1946 4575 2112 4630; x_wconf 81' lang='lat' dir='ltr'><strong>Recte</strong></span> <span class='ocrx_word' id='word_1_670' title='bbox 2142 4573 2309 4644; x_wconf 74' lang='lat' dir='ltr'><strong>igitur</strong></span> 
     </span>
    </p>
   </div>
   <div class='ocr_carea' id='block_1_93' title="bbox 2419 4570 3996 4659">
    <p class='ocr_par' dir='ltr' id='par_1_93' title="bbox 2419 4570 3996 4650">
     <span class='ocr_line' id='line_1_93' title="bbox 2419 4570 3996 4650; baseline -0.008 -16"><span class='ocrx_word' id='word_1_671' title='bbox 2419 4582 2506 4634; x_wconf 82' lang='grc' dir='ltr'>Διὸ</span> <span class='ocrx_word' id='word_1_672' title='bbox 2552 4581 2646 4633; x_wconf 80' lang='grc' dir='ltr'><strong>καὶ</strong></span> <span class='ocrx_word' id='word_1_673' title='bbox 2691 4580 2925 4650; x_wconf 81' lang='grc' dir='ltr'>ἀλλαχοῦ</span> <span class='ocrx_word' id='word_1_674' title='bbox 2974 4577 3072 4647; x_wconf 79' lang='grc' dir='ltr'>τὴν</span> <span class='ocrx_word' id='word_1_675' title='bbox 3108 4576 3209 4645; x_wconf 78' lang='grc' dir='ltr'><strong>μὲν</strong></span> <span class='ocrx_word' id='word_1_676' title='bbox 3250 4575 3370 4628; x_wconf 82' lang='grc' dir='ltr'>κατ’</span> <span class='ocrx_word' id='word_1_677' title='bbox 3424 4573 3616 4627; x_wconf 79' lang='grc' dir='ltr'>οὐσίαν</span> <span class='ocrx_word' id='word_1_678' title='bbox 3668 4570 3807 4637; x_wconf 85' lang='grc' dir='ltr'>πρὸς</span> <span class='ocrx_word' id='word_1_679' title='bbox 3860 4571 3996 4622; x_wconf 87' lang='grc' dir='ltr'>Θεὸν</span> 
     </span>
    </p>
   </div>
   <div class='ocr_carea' id='block_1_94' title="bbox 732 4667 2308 4748">
    <p class='ocr_par' dir='ltr' id='par_1_94' title="bbox 732 4667 2308 4748">
     <span class='ocr_line' id='line_1_94' title="bbox 732 4667 2308 4748; baseline -0.013 -6"><span class='ocrx_word' id='word_1_680' title='bbox 732 4688 867 4742; x_wconf 75' lang='lat' dir='ltr'><strong>dixit</strong></span> <span class='ocrx_word' id='word_1_681' title='bbox 896 4685 1033 4740; x_wconf 82' lang='lat' dir='ltr'><strong>Caio</strong></span> <span class='ocrx_word' id='word_1_682' title='bbox 1063 4678 1418 4748; x_wconf 76' lang='lat' dir='ltr'><strong>interrOganti</strong></span> <span class='ocrx_word' id='word_1_683' title='bbox 1458 4675 1741 4742; x_wconf 77' lang='lat' dir='ltr'><strong>theologus</strong></span> <span class='ocrx_word' id='word_1_684' title='bbox 1779 4671 1922 4725; x_wconf 89' lang='lat' dir='ltr'><strong>idem</strong></span> <span class='ocrx_word' id='word_1_685' title='bbox 1982 4667 2308 4738; x_wconf 83' lang='lat' dir='ltr'><strong>Dionysius:</strong></span> 
     </span>
    </p>
   </div>
   <div class='ocr_carea' id='block_1_95' title="bbox 742 4762 2309 4841">
    <p class='ocr_par' dir='ltr' id='par_1_95' title="bbox 742 4762 2309 4841">
     <span class='ocr_line' id='line_1_95' title="bbox 742 4762 2309 4841; baseline -0.013 -9"><span class='ocrx_word' id='word_1_686' title='bbox 742 4781 888 4834; x_wconf 72' lang='grc' dir='ltr'>«Νοιι</span> <span class='ocrx_word' id='word_1_687' title='bbox 922 4787 1133 4832; x_wconf 89' lang='lat' dir='ltr'><strong>tantum</strong></span> <span class='ocrx_word' id='word_1_688' title='bbox 1167 4787 1262 4828; x_wconf 84' lang='lat' dir='ltr'><strong>eos</strong></span> <span class='ocrx_word' id='word_1_689' title='bbox 1297 4771 1394 4841; x_wconf 85' lang='lat' dir='ltr'><strong>qui</strong></span> <span class='ocrx_word' id='word_1_690' title='bbox 1422 4779 1551 4824; x_wconf 90' lang='lat' dir='ltr'><strong>sunt</strong></span> <span class='ocrx_word' id='word_1_691' title='bbox 1580 4767 1756 4836; x_wconf 76' lang='lat' dir='ltr'><strong>gratia</strong></span> <span class='ocrx_word' id='word_1_692' title='bbox 1790 4764 1889 4827; x_wconf 88' lang='lat' dir='ltr'><strong>dii,</strong></span> <span class='ocrx_word' id='word_1_693' title='bbox 1932 4762 2026 4817; x_wconf 87' lang='lat' dir='ltr'><strong>sed</strong></span> <span class='ocrx_word' id='word_1_694' title='bbox 2052 4773 2105 4815; x_wconf 91' lang='lat' dir='ltr'><strong>et</strong></span> <span class='ocrx_word' id='word_1_695' title='bbox 2138 4763 2309 4831; x_wconf 87' lang='lat' dir='ltr'><strong>ipsam</strong></span> 
     </span>
    </p>
   </div>
   <div class='ocr_carea' id='block_1_96' title="bbox 735 4851 2310 4938">
    <p class='ocr_par' dir='ltr' id='par_1_96' title="bbox 735 4851 2310 4938">
     <span class='ocr_line' id='line_1_96' title="bbox 735 4851 2310 4938; baseline -0.012 -17"><span class='ocrx_word' id='word_1_696' title='bbox 735 4877 1060 4938; x_wconf 74' lang='lat' dir='ltr'><strong>potestatem</strong></span> <span class='ocrx_word' id='word_1_697' title='bbox 1135 4875 1452 4934; x_wconf 86' lang='lat' dir='ltr'><strong>supremam</strong></span> <span class='ocrx_word' id='word_1_698' title='bbox 1514 4872 1578 4915; x_wconf 88' lang='lat' dir='ltr'><strong>ac</strong></span> <span class='ocrx_word' id='word_1_699' title='bbox 1616 4855 1994 4917; x_wconf 83' lang='lat' dir='ltr'><strong>divinitatem,</strong></span> <span class='ocrx_word' id='word_1_700' title='bbox 2056 4851 2310 4907; x_wconf 78' lang='lat' dir='ltr'><strong>deiﬁcum</strong></span> 
     </span>
    </p>
   </div>
   <div class='ocr_carea' id='block_1_97' title="bbox 731 4946 2312 5030">
    <p class='ocr_par' dir='ltr' id='par_1_97' title="bbox 731 4946 2312 5030">
     <span class='ocr_line' id='line_1_97' title="bbox 731 4946 2312 5030; baseline -0.015 -10"><span class='ocrx_word' id='word_1_701' title='bbox 731 4965 944 5030; x_wconf 73' lang='lat' dir='ltr'><strong>scilicet</strong></span> <span class='ocrx_word' id='word_1_702' title='bbox 991 4961 1190 5014; x_wconf 88' lang='lat' dir='ltr'><strong>donum</strong></span> <span class='ocrx_word' id='word_1_703' title='bbox 1225 4965 1281 5012; x_wconf 88' lang='lat' dir='ltr'><strong>et</strong></span> <span class='ocrx_word' id='word_1_704' title='bbox 1318 4955 1573 5027; x_wconf 74' lang='lat' dir='ltr'><strong>gratiam,</strong></span> <span class='ocrx_word' id='word_1_705' title='bbox 1610 4949 1981 5020; x_wconf 82' lang='lat' dir='ltr'><strong>supereminet</strong></span> <span class='ocrx_word' id='word_1_706' title='bbox 2030 4946 2122 5012; x_wconf 77' lang='lat' dir='ltr'><strong>qui</strong></span> <span class='ocrx_word' id='word_1_707' title='bbox 2151 4958 2312 4998; x_wconf 90' lang='lat' dir='ltr'><strong>omne</strong></span> 
     </span>
    </p>
   </div>
   <div class='ocr_carea' id='block_1_98' title="bbox 734 5037 2310 5121">
    <p class='ocr_par' dir='ltr' id='par_1_98' title="bbox 734 5037 2310 5121">
     <span class='ocr_line' id='line_1_98' title="bbox 734 5037 2310 5121; baseline -0.016 -11"><span class='ocrx_word' id='word_1_708' title='bbox 734 5054 979 5121; x_wconf 70' lang='lat' dir='ltr'><strong>prmcedit</strong></span> <span class='ocrx_word' id='word_1_709' title='bbox 1009 5049 1336 5114; x_wconf 85' lang='lat' dir='ltr'><strong>principium</strong></span> <span class='ocrx_word' id='word_1_710' title='bbox 1366 5044 1561 5099; x_wconf 65' lang='lat' dir='ltr'><strong>Deus.»</strong></span> <span class='ocrx_word' id='word_1_711' title='bbox 1590 5041 1750 5108; x_wconf 84' lang='lat' dir='ltr'><strong>Quod</strong></span> <span class='ocrx_word' id='word_1_712' title='bbox 1771 5040 1838 5102; x_wconf 90' lang='lat' dir='ltr'><strong>si,</strong></span> <span class='ocrx_word' id='word_1_713' title='bbox 1859 5039 2012 5106; x_wconf 71' lang='lat' dir='ltr'><strong>juxta</strong></span> <span class='ocrx_word' id='word_1_714' title='bbox 2036 5037 2310 5097; x_wconf 89' lang='lat' dir='ltr'><strong>eumdem,</strong></span> 
     </span>
    </p>
   </div>
   <div class='ocr_carea' id='block_1_99' title="bbox 725 5127 2308 5216">
    <p class='ocr_par' dir='ltr' id='par_1_99' title="bbox 725 5127 2308 5216">
     <span class='ocr_line' id='line_1_99' title="bbox 725 5127 2308 5216; baseline -0.014 -16"><span class='ocrx_word' id='word_1_715' title='bbox 725 5152 842 5204; x_wconf 72' lang='lat' dir='ltr'><strong>twn</strong></span> <span class='ocrx_word' id='word_1_716' title='bbox 868 5127 1308 5216; x_wconf 81' lang='lat' dir='ltr'><strong>participantium</strong></span> <span class='ocrx_word' id='word_1_717' title='bbox 1327 5140 1617 5196; x_wconf 81' lang='lat' dir='ltr'><strong>duntaxat,</strong></span> <span class='ocrx_word' id='word_1_718' title='bbox 1641 5134 1733 5187; x_wconf 89' lang='lat' dir='ltr'><strong>sed</strong></span> <span class='ocrx_word' id='word_1_719' title='bbox 1755 5141 1808 5186; x_wconf 90' lang='lat' dir='ltr'><strong>et</strong></span> <span class='ocrx_word' id='word_1_720' title='bbox 1835 5127 2308 5200; x_wconf 81' lang='lat' dir='ltr'><strong>participationum</strong></span> 
     </span>
    </p>
   </div>
   <div class='ocr_carea' id='block_1_100' title="bbox 732 5217 2310 5297">
    <p class='ocr_par' dir='ltr' id='par_1_100' title="bbox 732 5217 2310 5297">
     <span class='ocr_line' id='line_1_100' title="bbox 732 5217 2310 5297; baseline -0.016 -2"><span class='ocrx_word' id='word_1_721' title='bbox 732 5254 898 5295; x_wconf 73' lang='lat' dir='ltr'><strong>causa</strong></span> <span class='ocrx_word' id='word_1_722' title='bbox 930 5237 1072 5290; x_wconf 90' lang='lat' dir='ltr'><strong>Dens</strong></span> <span class='ocrx_word' id='word_1_723' title='bbox 1098 5243 1198 5295; x_wconf 79' lang='lat' dir='ltr'><strong>est,</strong></span> <span class='ocrx_word' id='word_1_724' title='bbox 1228 5244 1409 5284; x_wconf 91' lang='lat' dir='ltr'><strong>nonne</strong></span> <span class='ocrx_word' id='word_1_725' title='bbox 1435 5227 1599 5297; x_wconf 74' lang='lat' dir='ltr'><strong>igitur</strong></span> <span class='ocrx_word' id='word_1_726' title='bbox 1625 5225 1794 5295; x_wconf 84' lang='lat' dir='ltr'><strong>major</strong></span> <span class='ocrx_word' id='word_1_727' title='bbox 1824 5231 1908 5277; x_wconf 88' lang='lat' dir='ltr'><strong>est</strong></span> <span class='ocrx_word' id='word_1_728' title='bbox 1935 5221 2020 5276; x_wconf 84' lang='lat' dir='ltr'><strong>Itis</strong></span> <span class='ocrx_word' id='word_1_729' title='bbox 2049 5217 2310 5284; x_wconf 84' lang='lat' dir='ltr'><strong>causatis,</strong></span> 
     </span>
    </p>
   </div>
   <div class='ocr_carea' id='block_1_101' title="bbox 737 5313 2313 5398">
    <p class='ocr_par' dir='ltr' id='par_1_101' title="bbox 737 5313 2313 5398">
     <span class='ocr_line' id='line_1_101' title="bbox 737 5313 2313 5398; baseline -0.013 -15"><span class='ocrx_word' id='word_1_730' title='bbox 737 5341 922 5398; x_wconf 61' lang='lat' dir='ltr'><strong>utpote</strong></span> <span class='ocrx_word' id='word_1_731' title='bbox 947 5327 1155 5383; x_wconf 85' lang='lat' dir='ltr'><strong>causa?</strong></span> <span class='ocrx_word' id='word_1_732' title='bbox 1208 5324 1274 5378; x_wconf 72' lang='lat' dir='ltr'><strong>Si</strong></span> <span class='ocrx_word' id='word_1_733' title='bbox 1297 5331 1478 5376; x_wconf 89' lang='lat' dir='ltr'><strong>autem</strong></span> <span class='ocrx_word' id='word_1_734' title='bbox 1526 5325 1742 5387; x_wconf 78' lang='lat' dir='ltr'><strong>oportet</strong></span> <span class='ocrx_word' id='word_1_735' title='bbox 1778 5330 1871 5384; x_wconf 86' lang='lat' dir='ltr'><strong>per</strong></span> <span class='ocrx_word' id='word_1_736' title='bbox 1903 5330 2004 5368; x_wconf 92' lang='lat' dir='ltr'><strong>nos</strong></span> <span class='ocrx_word' id='word_1_737' title='bbox 2039 5313 2186 5374; x_wconf 80' lang='lat' dir='ltr'><strong>velut</strong></span> <span class='ocrx_word' id='word_1_738' title='bbox 2217 5325 2313 5380; x_wconf 85' lang='lat' dir='ltr'><strong>per</strong></span> 
     </span>
    </p>
   </div>
   <div class='ocr_carea' id='block_1_102' title="bbox 735 5401 2310 5486">
    <p class='ocr_par' dir='ltr' id='par_1_102' title="bbox 735 5401 2310 5486">
     <span class='ocr_line' id='line_1_102' title="bbox 735 5401 2310 5486; baseline -0.016 -8"><span class='ocrx_word' id='word_1_739' title='bbox 735 5424 1024 5486; x_wconf 76' lang='lat' dir='ltr'><strong>obscuram</strong></span> <span class='ocrx_word' id='word_1_740' title='bbox 1058 5418 1147 5471; x_wconf 93' lang='lat' dir='ltr'><strong>Dei</strong></span> <span class='ocrx_word' id='word_1_741' title='bbox 1176 5414 1467 5483; x_wconf 79' lang='lat' dir='ltr'><strong>imaginem</strong></span> <span class='ocrx_word' id='word_1_742' title='bbox 1499 5411 1872 5464; x_wconf 85' lang='lat' dir='ltr'><strong>demonstrare</strong></span> <span class='ocrx_word' id='word_1_743' title='bbox 1902 5420 2022 5474; x_wconf 61' lang='lat' dir='ltr'><strong>qum</strong></span> <span class='ocrx_word' id='word_1_744' title='bbox 2052 5401 2310 5463; x_wconf 82' lang='lat' dir='ltr'><strong>diximus,</strong></span> 
     </span>
    </p>
   </div>
   <div class='ocr_carea' id='block_1_103' title="bbox 741 5494 2314 5571">
    <p class='ocr_par' dir='ltr' id='par_1_103' title="bbox 741 5494 2314 5571">
     <span class='ocr_line' id='line_1_103' title="bbox 741 5494 2314 5571; baseline -0.014 -3"><span class='ocrx_word' id='word_1_745' title='bbox 741 5530 918 5568; x_wconf 71' lang='lat' dir='ltr'><strong>nonne</strong></span> <span class='ocrx_word' id='word_1_746' title='bbox 968 5509 1279 5566; x_wconf 81' lang='lat' dir='ltr'><strong>intellectus</strong></span> <span class='ocrx_word' id='word_1_747' title='bbox 1316 5502 1585 5571; x_wconf 74' lang='lat' dir='ltr'><strong>sapientia</strong></span> <span class='ocrx_word' id='word_1_748' title='bbox 1611 5509 1693 5553; x_wconf 91' lang='lat' dir='ltr'><strong>est</strong></span> <span class='ocrx_word' id='word_1_749' title='bbox 1732 5494 2082 5557; x_wconf 76' lang='lat' dir='ltr'><strong>intellectus?</strong></span> <span class='ocrx_word' id='word_1_750' title='bbox 2134 5507 2314 5548; x_wconf 87' lang='lat' dir='ltr'><strong>nonne</strong></span> 
     </span>
    </p>
   </div>
   <div class='ocr_carea' id='block_1_104' title="bbox 740 5585 2311 5662">
    <p class='ocr_par' dir='ltr' id='par_1_104' title="bbox 740 5585 2311 5662">
     <span class='ocr_line' id='line_1_104' title="bbox 740 5585 2311 5662; baseline -0.015 -1"><span class='ocrx_word' id='word_1_751' title='bbox 740 5610 826 5662; x_wconf 74' lang='lat' dir='ltr'><strong>his</strong></span> <span class='ocrx_word' id='word_1_752' title='bbox 883 5604 1030 5658; x_wconf 83' lang='lat' dir='ltr'><strong>velut</strong></span> <span class='ocrx_word' id='word_1_753' title='bbox 1062 5601 1156 5655; x_wconf 87' lang='lat' dir='ltr'><strong>illa</strong></span> <span class='ocrx_word' id='word_1_754' title='bbox 1213 5597 1502 5656; x_wconf 89' lang='lat' dir='ltr'><strong>dividitur,</strong></span> <span class='ocrx_word' id='word_1_755' title='bbox 1567 5591 2002 5652; x_wconf 83' lang='lat' dir='ltr'><strong>discriminatur,</strong></span> <span class='ocrx_word' id='word_1_756' title='bbox 2044 5585 2311 5656; x_wconf 86' lang='lat' dir='ltr'><strong>procedit,</strong></span> 
     </span>
    </p>
   </div>
   <div class='ocr_carea' id='block_1_105' title="bbox 742 5684 2315 5756">
    <p class='ocr_par' dir='ltr' id='par_1_105' title="bbox 742 5684 2315 5756">
     <span class='ocr_line' id='line_1_105' title="bbox 742 5684 2315 5756; baseline -0.015 -2"><span class='ocrx_word' id='word_1_757' title='bbox 742 5700 1127 5756; x_wconf 87' lang='lat' dir='ltr'><strong>ratiocinatur,</strong></span> <span class='ocrx_word' id='word_1_758' title='bbox 1181 5692 1330 5745; x_wconf 89' lang='lat' dir='ltr'><strong>varie</strong></span> <span class='ocrx_word' id='word_1_759' title='bbox 1365 5689 1551 5743; x_wconf 89' lang='lat' dir='ltr'><strong>unitur</strong></span> <span class='ocrx_word' id='word_1_760' title='bbox 1580 5695 1633 5740; x_wconf 92' lang='lat' dir='ltr'><strong>et</strong></span> <span class='ocrx_word' id='word_1_761' title='bbox 1662 5684 2038 5755; x_wconf 89' lang='lat' dir='ltr'><strong>participatur,</strong></span> <span class='ocrx_word' id='word_1_762' title='bbox 2069 5687 2315 5741; x_wconf 85' lang='lat' dir='ltr'><strong>versatur</strong></span> 
     </span>
    </p>
   </div>
   <div class='ocr_carea' id='block_1_106' title="bbox 737 5774 2312 5853">
    <p class='ocr_par' dir='ltr' id='par_1_106' title="bbox 737 5774 2312 5853">
     <span class='ocr_line' id='line_1_106' title="bbox 737 5774 2312 5853; baseline -0.013 -5"><span class='ocrx_word' id='word_1_763' title='bbox 737 5793 882 5848; x_wconf 89' lang='lat' dir='ltr'><strong>circa</strong></span> <span class='ocrx_word' id='word_1_764' title='bbox 911 5784 1269 5853; x_wconf 81' lang='lat' dir='ltr'><strong>intelligibilia</strong></span> <span class='ocrx_word' id='word_1_765' title='bbox 1292 5792 1344 5837; x_wconf 86' lang='lat' dir='ltr'><strong>ct</strong></span> <span class='ocrx_word' id='word_1_766' title='bbox 1365 5775 1822 5848; x_wconf 74' lang='lat' dir='ltr'><strong>inintelligibilia?</strong></span> <span class='ocrx_word' id='word_1_767' title='bbox 1849 5774 1912 5828; x_wconf 82' lang='lat' dir='ltr'><strong>Et</strong></span> <span class='ocrx_word' id='word_1_768' title='bbox 1943 5774 2189 5843; x_wconf 66' lang='lat' dir='ltr'><strong>quaedam</strong></span> <span class='ocrx_word' id='word_1_769' title='bbox 2213 5776 2312 5831; x_wconf 82' lang='lat' dir='ltr'><strong>sibi</strong></span> 
     </span>
    </p>
   </div>
   <div class='ocr_carea' id='block_1_107' title="bbox 739 5869 2310 5947">
    <p class='ocr_par' dir='ltr' id='par_1_107' title="bbox 739 5869 2310 5947">
     <span class='ocr_line' id='line_1_107' title="bbox 739 5869 2310 5947; baseline -0.011 -4"><span class='ocrx_word' id='word_1_770' title='bbox 739 5883 1032 5947; x_wconf 69' lang='lat' dir='ltr'><strong>assimilat,</strong></span> <span class='ocrx_word' id='word_1_771' title='bbox 1076 5881 1147 5933; x_wconf 86' lang='lat' dir='ltr'><strong>ita</strong></span> <span class='ocrx_word' id='word_1_772' title='bbox 1185 5887 1243 5931; x_wconf 88' lang='lat' dir='ltr'><strong>ut</strong></span> <span class='ocrx_word' id='word_1_773' title='bbox 1297 5874 1600 5934; x_wconf 77' lang='lat' dir='ltr'><strong>secundum</strong></span> <span class='ocrx_word' id='word_1_774' title='bbox 1647 5869 2020 5942; x_wconf 80' lang='lat' dir='ltr'><strong>operationem</strong></span> <span class='ocrx_word' id='word_1_775' title='bbox 2077 5869 2310 5925; x_wconf 85' lang='lat' dir='ltr'><strong>habeant</strong></span> 
     </span>
    </p>
   </div>
   <div class='ocr_carea' id='block_1_108' title="bbox 2414 4663 3995 4741">
    <p class='ocr_par' dir='ltr' id='par_1_108' title="bbox 2414 4663 3995 4741">
     <span class='ocr_line' id='line_1_108' title="bbox 2414 4663 3995 4741; baseline -0.007 -16"><span class='ocrx_word' id='word_1_776' title='bbox 2414 4673 2726 4741; x_wconf 86' lang='grc' dir='ltr'>ταυτότητα</span> <span class='ocrx_word' id='word_1_777' title='bbox 2775 4671 2975 4730; x_wconf 84' lang='grc' dir='ltr'>τελέως</span> <span class='ocrx_word' id='word_1_778' title='bbox 3015 4667 3393 4735; x_wconf 81' lang='grc' dir='ltr'>ἀπηγόρευσε,</span> <span class='ocrx_word' id='word_1_779' title='bbox 3428 4667 3526 4732; x_wconf 75' lang='grc' dir='ltr'><strong>τὴν</strong></span> <span class='ocrx_word' id='word_1_780' title='bbox 3555 4663 3612 4716; x_wconf 78' lang='grc' dir='ltr'>δὲ</span> <span class='ocrx_word' id='word_1_781' title='bbox 3657 4663 3780 4715; x_wconf 79' lang='grc' dir='ltr'>κατ’</span> <span class='ocrx_word' id='word_1_782' title='bbox 3836 4665 3995 4732; x_wconf 77' lang='grc' dir='ltr'><strong>ἐνέρο</strong></span> 
     </span>
    </p>
   </div>
   <div class='ocr_carea' id='block_1_109' title="bbox 2415 4755 3997 4836">
    <p class='ocr_par' dir='ltr' id='par_1_109' title="bbox 2415 4755 3997 4836">
     <span class='ocr_line' id='line_1_109' title="bbox 2415 4755 3997 4836; baseline -0.006 -17"><span class='ocrx_word' id='word_1_783' title='bbox 2415 4784 2572 4836; x_wconf 84' lang='grc' dir='ltr'>γειαν</span> <span class='ocrx_word' id='word_1_784' title='bbox 2597 4767 2690 4818; x_wconf 74' lang='grc' dir='ltr'><strong>καὶ</strong></span> <span class='ocrx_word' id='word_1_785' title='bbox 2717 4765 2875 4836; x_wconf 86' lang='grc' dir='ltr'>χάριν</span> <span class='ocrx_word' id='word_1_786' title='bbox 2923 4761 3255 4832; x_wconf 78' lang='grc' dir='ltr'>ἀνεκήρυξε.</span> <span class='ocrx_word' id='word_1_787' title='bbox 3289 4759 3400 4829; x_wconf 82' lang='grc' dir='ltr'><strong>Τῆς</strong></span> <span class='ocrx_word' id='word_1_788' title='bbox 3436 4755 3528 4811; x_wconf 84' lang='grc' dir='ltr'><strong>οῦν</strong></span> <span class='ocrx_word' id='word_1_789' title='bbox 3563 4756 3906 4826; x_wconf 69' lang='grc' dir='ltr'>ἀγαθότητᾶς</span> <span class='ocrx_word' id='word_1_790' title='bbox 3937 4774 3997 4811; x_wconf 86' lang='grc' dir='ltr'><strong>τε</strong></span> 
     </span>
    </p>
   </div>
   <div class='ocr_carea' id='block_1_110' title="bbox 2415 4848 3998 4927">
    <p class='ocr_par' dir='ltr' id='par_1_110' title="bbox 2415 4848 3998 4927">
     <span class='ocr_line' id='line_1_110' title="bbox 2415 4848 3998 4927; baseline -0.011 -14"><span class='ocrx_word' id='word_1_791' title='bbox 2415 4861 2509 4913; x_wconf 79' lang='grc' dir='ltr'><strong>καὶ</strong></span> <span class='ocrx_word' id='word_1_792' title='bbox 2540 4857 2820 4927; x_wconf 78' lang='grc' dir='ltr'>θεότητος,</span> <span class='ocrx_word' id='word_1_793' title='bbox 2862 4854 2962 4923; x_wconf 79' lang='grc' dir='ltr'>τῆς</span> <span class='ocrx_word' id='word_1_794' title='bbox 2991 4851 3438 4920; x_wconf 80' lang='grc' dir='ltr'>ποικιλλομένης,</span> <span class='ocrx_word' id='word_1_795' title='bbox 3466 4849 3564 4918; x_wconf 78' lang='grc' dir='ltr'>τῆς</span> <span class='ocrx_word' id='word_1_796' title='bbox 3597 4848 3998 4918; x_wconf 78' lang='grc' dir='ltr'>μεριζομένης,</span> 
     </span>
    </p>
   </div>
   <div class='ocr_carea' id='block_1_111' title="bbox 2415 4939 4003 5022">
    <p class='ocr_par' dir='ltr' id='par_1_111' title="bbox 2415 4939 4003 5022">
     <span class='ocr_line' id='line_1_111' title="bbox 2415 4939 4003 5022; baseline -0.01 -18"><span class='ocrx_word' id='word_1_797' title='bbox 2415 4955 2512 5022; x_wconf 78' lang='grc' dir='ltr'>τῆς</span> <span class='ocrx_word' id='word_1_798' title='bbox 2567 4948 2960 5020; x_wconf 73' lang='grc' dir='ltr'>μετεχομένητ,</span> <span class='ocrx_word' id='word_1_799' title='bbox 3012 4946 3109 5015; x_wconf 79' lang='grc' dir='ltr'><strong>τῆς</strong></span> <span class='ocrx_word' id='word_1_800' title='bbox 3158 4940 3732 5012; x_wconf 77' lang='grc' dir='ltr'>καταλαμϐανομένης</span> <span class='ocrx_word' id='word_1_801' title='bbox 3789 4940 3843 4990; x_wconf 81' lang='grc' dir='ltr'>ει</span> <span class='ocrx_word' id='word_1_802' title='bbox 3906 4939 4003 4990; x_wconf 72' lang='grc' dir='ltr'>καὶ</span> 
     </span>
    </p>
   </div>
   <div class='ocr_carea' id='block_1_112' title="bbox 2416 5029 4002 5114">
    <p class='ocr_par' dir='ltr' id='par_1_112' title="bbox 2416 5029 4002 5114">
     <span class='ocr_line' id='line_1_112' title="bbox 2416 5029 4002 5114; baseline -0.011 -17"><span class='ocrx_word' id='word_1_803' title='bbox 2416 5042 2694 5114; x_wconf 86' lang='grc' dir='ltr'>ἀμυδρῶς,</span> <span class='ocrx_word' id='word_1_804' title='bbox 2733 5041 2833 5109; x_wconf 78' lang='grc' dir='ltr'>τῆς</span> <span class='ocrx_word' id='word_1_805' title='bbox 2866 5039 3072 5109; x_wconf 86' lang='grc' dir='ltr'>κυρίως</span> <span class='ocrx_word' id='word_1_806' title='bbox 3102 5033 3536 5105; x_wconf 76' lang='grc' dir='ltr'>ὀνομαζομένης,</span> <span class='ocrx_word' id='word_1_807' title='bbox 3571 5033 3607 5102; x_wconf 76' lang='grc' dir='ltr'><strong>ἠ</strong></span> <span class='ocrx_word' id='word_1_808' title='bbox 3638 5029 4002 5100; x_wconf 83' lang='grc' dir='ltr'>ἁπλουστάτη</span> 
     </span>
    </p>
   </div>
   <div class='ocr_carea' id='block_1_113' title="bbox 2417 5117 4002 5200">
    <p class='ocr_par' dir='ltr' id='par_1_113' title="bbox 2417 5117 4002 5200">
     <span class='ocr_line' id='line_1_113' title="bbox 2417 5117 4002 5200; baseline -0.009 -14"><span class='ocrx_word' id='word_1_809' title='bbox 2417 5132 2512 5186; x_wconf 78' lang='grc' dir='ltr'><strong>καὶ</strong></span> <span class='ocrx_word' id='word_1_810' title='bbox 2548 5131 2849 5200; x_wconf 75' lang='grc' dir='ltr'>ἀμέριστος</span> <span class='ocrx_word' id='word_1_811' title='bbox 2897 5128 2992 5185; x_wconf 78' lang='grc' dir='ltr'>καὶ</span> <span class='ocrx_word' id='word_1_812' title='bbox 3043 5125 3185 5196; x_wconf 77' lang='grc' dir='ltr'>ὑπὲρ</span> <span class='ocrx_word' id='word_1_813' title='bbox 3231 5122 3551 5192; x_wconf 70' lang='grc' dir='ltr'>ἐπωνυμίαν</span> <span class='ocrx_word' id='word_1_814' title='bbox 3603 5121 3784 5174; x_wconf 77' lang='grc' dir='ltr'>πᾶσαν</span> <span class='ocrx_word' id='word_1_815' title='bbox 3838 5117 4002 5182; x_wconf 76' lang='grc' dir='ltr'>οὖσα,</span> 
     </span>
    </p>
   </div>
   <div class='ocr_carea' id='block_1_114' title="bbox 2415 5211 4004 5290">
    <p class='ocr_par' dir='ltr' id='par_1_114' title="bbox 2415 5211 4004 5290">
     <span class='ocr_line' id='line_1_114' title="bbox 2415 5211 4004 5290; baseline -0.008 -16"><span class='ocrx_word' id='word_1_816' title='bbox 2415 5222 2509 5274; x_wconf 71' lang='grc' dir='ltr'>καὶ</span> <span class='ocrx_word' id='word_1_817' title='bbox 2567 5219 2786 5290; x_wconf 78' lang='grc' dir='ltr'>μέθεξιν</span> <span class='ocrx_word' id='word_1_818' title='bbox 2847 5219 2942 5272; x_wconf 70' lang='grc' dir='ltr'><strong>καὶ</strong></span> <span class='ocrx_word' id='word_1_819' title='bbox 3002 5217 3211 5284; x_wconf 85' lang='grc' dir='ltr'>νόησιν,</span> <span class='ocrx_word' id='word_1_820' title='bbox 3277 5217 3370 5267; x_wconf 75' lang='grc' dir='ltr'><strong>καὶ</strong></span> <span class='ocrx_word' id='word_1_821' title='bbox 3429 5211 3692 5264; x_wconf 82' lang='grc' dir='ltr'>παντοίαν</span> <span class='ocrx_word' id='word_1_822' title='bbox 3753 5211 4004 5280; x_wconf 67' lang='grc' dir='ltr'>ἐπαφὴν,</span> 
     </span>
    </p>
   </div>
   <div class='ocr_carea' id='block_1_115' title="bbox 2416 5302 4008 5387">
    <p class='ocr_par' dir='ltr' id='par_1_115' title="bbox 2416 5302 4008 5387">
     <span class='ocr_line' id='line_1_115' title="bbox 2416 5302 4008 5387; baseline -0.009 -23"><span class='ocrx_word' id='word_1_823' title='bbox 2416 5312 2692 5387; x_wconf 74' lang='grc' dir='ltr'>ἀγαθότης</span> <span class='ocrx_word' id='word_1_824' title='bbox 2748 5310 2842 5363; x_wconf 69' lang='grc' dir='ltr'>καὶ</span> <span class='ocrx_word' id='word_1_825' title='bbox 2897 5309 3111 5376; x_wconf 88' lang='grc' dir='ltr'>θεότης,</span> <span class='ocrx_word' id='word_1_826' title='bbox 3163 5305 3280 5368; x_wconf 83' lang='grc' dir='ltr'><strong>πῶς</strong></span> <span class='ocrx_word' id='word_1_827' title='bbox 3335 5306 3435 5358; x_wconf 74' lang='grc' dir='ltr'>οὒκ</span> <span class='ocrx_word' id='word_1_828' title='bbox 3497 5303 3562 5356; x_wconf 77' lang='grc' dir='ltr'><strong>ἂν</strong></span> <span class='ocrx_word' id='word_1_829' title='bbox 3619 5302 4008 5371; x_wconf 62' lang='grc' dir='ltr'>ὑπερκειμένη</span> 
     </span>
    </p>
   </div>
   <div class='ocr_carea' id='block_1_116' title="bbox 2419 5394 4011 5471">
    <p class='ocr_par' dir='ltr' id='par_1_116' title="bbox 2419 5394 4011 5471">
     <span class='ocr_line' id='line_1_116' title="bbox 2419 5394 4011 5471; baseline -0.007 -15"><span class='ocrx_word' id='word_1_830' title='bbox 2419 5403 2536 5470; x_wconf 58' lang='lat' dir='ltr'><strong>sit};</strong></span> <span class='ocrx_word' id='word_1_831' title='bbox 2582 5402 2778 5464; x_wconf 81' lang='grc' dir='ltr'>Καλῶς</span> <span class='ocrx_word' id='word_1_832' title='bbox 2821 5400 2908 5471; x_wconf 84' lang='grc' dir='ltr'>ἀρ’</span> <span class='ocrx_word' id='word_1_833' title='bbox 2936 5395 3055 5452; x_wconf 82' lang='grc' dir='ltr'>εἷπε</span> <span class='ocrx_word' id='word_1_834' title='bbox 3101 5398 3237 5468; x_wconf 74' lang='grc' dir='ltr'>πρὸς</span> <span class='ocrx_word' id='word_1_835' title='bbox 3265 5397 3426 5456; x_wconf 82' lang='grc' dir='ltr'>Γάϊον</span> <span class='ocrx_word' id='word_1_836' title='bbox 3469 5395 3731 5464; x_wconf 76' lang='grc' dir='ltr'>ἐρόμενον</span> <span class='ocrx_word' id='word_1_837' title='bbox 3775 5394 3804 5442; x_wconf 78' lang='grc' dir='ltr'><strong>ὁ</strong></span> <span class='ocrx_word' id='word_1_838' title='bbox 3839 5394 4011 5454; x_wconf 71' lang='grc' dir='ltr'>αὐτὸς</span> 
     </span>
    </p>
   </div>
   <div class='ocr_carea' id='block_1_117' title="bbox 2417 5476 4010 5563">
    <p class='ocr_par' dir='ltr' id='par_1_117' title="bbox 2417 5476 4010 5563">
     <span class='ocr_line' id='line_1_117' title="bbox 2417 5476 4010 5563; baseline -0.009 -14"><span class='ocrx_word' id='word_1_839' title='bbox 2417 5495 2732 5563; x_wconf 82' lang='grc' dir='ltr'>θεοφάντωρ</span> <span class='ocrx_word' id='word_1_840' title='bbox 2751 5493 3050 5556; x_wconf 78' lang='grc' dir='ltr'>Διονύσιος,</span> <span class='ocrx_word' id='word_1_841' title='bbox 3065 5489 3161 5554; x_wconf 77' lang='grc' dir='ltr'>ὡς,</span> <span class='ocrx_word' id='word_1_842' title='bbox 3188 5489 3290 5540; x_wconf 75' lang='grc' dir='ltr'><strong>«οὐ</strong></span> <span class='ocrx_word' id='word_1_843' title='bbox 3313 5488 3489 5555; x_wconf 81' lang='grc' dir='ltr'>μόνων</span> <span class='ocrx_word' id='word_1_844' title='bbox 3508 5487 3615 5541; x_wconf 76' lang='grc' dir='ltr'>τῶν</span> <span class='ocrx_word' id='word_1_845' title='bbox 3633 5485 3818 5554; x_wconf 87' lang='grc' dir='ltr'>χάριτι</span> <span class='ocrx_word' id='word_1_846' title='bbox 3835 5476 4010 5551; x_wconf 80' lang='grc' dir='ltr'>θεῶν,</span> 
     </span>
    </p>
   </div>
   <div class='ocr_carea' id='block_1_118' title="bbox 2422 5577 4014 5658">
    <p class='ocr_par' dir='ltr' id='par_1_118' title="bbox 2422 5577 4014 5658">
     <span class='ocr_line' id='line_1_118' title="bbox 2422 5577 4014 5658; baseline -0.007 -19"><span class='ocrx_word' id='word_1_847' title='bbox 2422 5587 2618 5658; x_wconf 71' lang='grc' dir='ltr'>μικρὸν</span> <span class='ocrx_word' id='word_1_848' title='bbox 2657 5585 2766 5653; x_wconf 89' lang='grc' dir='ltr'><strong>γάρ</strong></span> <span class='ocrx_word' id='word_1_849' title='bbox 2799 5583 2866 5637; x_wconf 71' lang='lat' dir='ltr'><strong>an</strong></span> <span class='ocrx_word' id='word_1_850' title='bbox 2894 5584 2976 5653; x_wconf 85' lang='grc' dir='ltr'><strong>εῐη</strong></span> <span class='ocrx_word' id='word_1_851' title='bbox 3006 5581 3184 5645; x_wconf 82' lang='grc' dir='ltr'>τοῦτο,</span> <span class='ocrx_word' id='word_1_852' title='bbox 3216 5580 3352 5642; x_wconf 80' lang='grc' dir='ltr'>ἀλλὰ</span> <span class='ocrx_word' id='word_1_853' title='bbox 3378 5581 3471 5635; x_wconf 76' lang='grc' dir='ltr'>καὶ</span> <span class='ocrx_word' id='word_1_854' title='bbox 3502 5579 3674 5646; x_wconf 73' lang='grc' dir='ltr'>αὐτῆς</span> <span class='ocrx_word' id='word_1_855' title='bbox 3707 5578 3807 5645; x_wconf 71' lang='grc' dir='ltr'>τῆς</span> <span class='ocrx_word' id='word_1_856' title='bbox 3843 5577 4014 5646; x_wconf 87' lang='grc' dir='ltr'>θεαρ-</span> 
     </span>
    </p>
   </div>
   <div class='ocr_carea' id='block_1_119' title="bbox 2417 5666 4010 5751">
    <p class='ocr_par' dir='ltr' id='par_1_119' title="bbox 2417 5666 4010 5751">
     <span class='ocr_line' id='line_1_119' title="bbox 2417 5666 4010 5751; baseline -0.006 -19"><span class='ocrx_word' id='word_1_857' title='bbox 2417 5681 2543 5751; x_wconf 86' lang='grc' dir='ltr'>χίας</span> <span class='ocrx_word' id='word_1_858' title='bbox 2571 5679 2661 5734; x_wconf 74' lang='grc' dir='ltr'>καὶ</span> <span class='ocrx_word' id='word_1_859' title='bbox 2691 5677 2967 5746; x_wconf 83' lang='grc' dir='ltr'>θεότητος,</span> <span class='ocrx_word' id='word_1_860' title='bbox 2996 5674 3199 5745; x_wconf 80' lang='grc' dir='ltr'>δηλαδὴ</span> <span class='ocrx_word' id='word_1_861' title='bbox 3227 5676 3328 5742; x_wconf 79' lang='grc' dir='ltr'>τῆς</span> <span class='ocrx_word' id='word_1_862' title='bbox 3370 5668 3621 5732; x_wconf 87' lang='grc' dir='ltr'>θεοποιοῦ</span> <span class='ocrx_word' id='word_1_863' title='bbox 3663 5666 3876 5738; x_wconf 78' lang='grc' dir='ltr'>δωρεᾶς</span> <span class='ocrx_word' id='word_1_864' title='bbox 3911 5671 4010 5722; x_wconf 75' lang='grc' dir='ltr'>καὶ</span> 
     </span>
    </p>
   </div>
   <div class='ocr_carea' id='block_1_120' title="bbox 2419 5761 4055 5842">
    <p class='ocr_par' dir='ltr' id='par_1_120' title="bbox 2419 5761 4055 5842">
     <span class='ocr_line' id='line_1_120' title="bbox 2419 5761 4055 5842; baseline -0.007 -18"><span class='ocrx_word' id='word_1_865' title='bbox 2419 5772 2640 5842; x_wconf 78' lang='grc' dir='ltr'>χάριτος</span> <span class='ocrx_word' id='word_1_866' title='bbox 2663 5771 2693 5823; x_wconf 83' lang='grc' dir='ltr'><strong>ὁ</strong></span> <span class='ocrx_word' id='word_1_867' title='bbox 2712 5767 2888 5836; x_wconf 63' lang='grc' dir='ltr'>πάσης</span> <span class='ocrx_word' id='word_1_868' title='bbox 2911 5768 3084 5836; x_wconf 77' lang='grc' dir='ltr'>ἀρχῆς</span> <span class='ocrx_word' id='word_1_869' title='bbox 3107 5767 3440 5836; x_wconf 79' lang='grc' dir='ltr'>ὑπεράρχιος</span> <span class='ocrx_word' id='word_1_870' title='bbox 3456 5763 3588 5827; x_wconf 87' lang='grc' dir='ltr'>Θεὸς</span> <span class='ocrx_word' id='word_1_871' title='bbox 3615 5761 3972 5832; x_wconf 79' lang='grc' dir='ltr'>ὑπέρκειται.</span> <span class='ocrx_word' id='word_1_872' title='bbox 3991 5780 4010 5812; x_wconf 77' lang='grc' dir='ltr'><strong>ι</strong></span> <span class='ocrx_word' id='word_1_873' title='bbox 4051 5774 4055 5775; x_wconf 62' lang='grc'><strong><em>⁷</em></strong></span> 
     </span>
    </p>
   </div>
   <div class='ocr_carea' id='block_1_121' title="bbox 2424 5854 4014 5926">
    <p class='ocr_par' dir='ltr' id='par_1_121' title="bbox 2424 5854 4014 5926">
     <span class='ocr_line' id='line_1_121' title="bbox 2424 5854 4014 5926; baseline -0.008 -8"><span class='ocrx_word' id='word_1_874' title='bbox 2424 5865 2483 5918; x_wconf 78' lang='grc' dir='ltr'><strong>Εἰ</strong></span> <span class='ocrx_word' id='word_1_875' title='bbox 2523 5859 2578 5918; x_wconf 73' lang='grc' dir='ltr'><strong>δὲ</strong></span> <span class='ocrx_word' id='word_1_876' title='bbox 2607 5862 2695 5916; x_wconf 68' lang='grc' dir='ltr'><strong>καὶ</strong></span> <span class='ocrx_word' id='word_1_877' title='bbox 2739 5859 2861 5914; x_wconf 76' lang='grc' dir='ltr'>κατ’</span> <span class='ocrx_word' id='word_1_878' title='bbox 2892 5859 3052 5913; x_wconf 79' lang='grc' dir='ltr'>αὑτὸν</span> <span class='ocrx_word' id='word_1_879' title='bbox 3082 5857 3238 5920; x_wconf 64' lang='grc' dir='ltr'>αὖθις</span> <span class='ocrx_word' id='word_1_880' title='bbox 3273 5858 3336 5911; x_wconf 84' lang='grc' dir='ltr'>οὐ</span> <span class='ocrx_word' id='word_1_881' title='bbox 3384 5858 3495 5910; x_wconf 84' lang='grc' dir='ltr'>τῶν</span> <span class='ocrx_word' id='word_1_882' title='bbox 3534 5856 3882 5926; x_wconf 74' lang='grc' dir='ltr'>μετεχόντων</span> <span class='ocrx_word' id='word_1_883' title='bbox 3910 5854 4014 5923; x_wconf 68' lang='grc' dir='ltr'>μόο</span> 
     </span>
    </p>
   </div>
  </div>
