4274 6452
317 365 425 431 9η

1647 367 1749 424 ΤΠ
1761 360 2060 427 EOPHAN
2072 365 2176 425 ES.

3445 362 3558 424 950

313 493 427 541 νον,
469 475 607 529 am
639 477 732 529 κιιλ⁵
765 477 875 529 τῶν
909 478 1151 548 μετοχῶν
1181 480 1352 540 αἴτιος
1376 479 1402 530 ὀ
1439 477 1567 539 Θεός
1602 479 1736 543 ἐστι,
1767 479 1879 539 πῶς
1911 485 1951 537 Λ

1998 478 2234 530 :umdem
2271 489 2430 544 quam
2470 474 2584 542 ipsc
2627 472 3008 540 intellectum‘;
3049 476 3390 530 sensibilium
3427 492 3557 530 vero

318 568 419 620 οὐκ
446 569 512 620 ἂν
551 570 637 636 εἴη
675 569 878 634 μείζων
912 571 1003 622 καὶ
1037 571 1204 622 τῶνδε
1237 571 1343 622 τῶν
1378 573 1655 634 αἰτιατῶν,
1688 573 1760 632 ὡς
1794 572 1875 624 αῐ-

315 675 436 720 τιος
462 678 475 725 ;
521 661 582 712 Et
608 661 662 712 δὲ
691 661 771 713 δεῖ
811 664 901 714 καὶ
928 663 993 713 δι’
1023 663 1178 731 ἡμῶν
1237 664 1310 722 ὡς
1359 663 1426 713 δι’
1461 663 1709 732 ἀμυδράς
1733 663 1878 715 εἰκό-

315 768 410 818 νος
439 750 534 802 τοῦ
562 750 698 804 Θεοῦ
720 751 828 805 τῶν
853 753 1162 821 είρημὲνων
1195 754 1612 824 ὲμςανεττὲραν
1651 755 1883 818 πορίσαη

317 842 445 892 σθαι
488 843 853 910 παράστασιν,
889 845 1014 913 οὐχὶ
1054 845 1178 906 νοῦς
1216 847 1450 908 ἐστικαὶ
1480 836 1636 913 ἢτοῦ
1681 847 1882 914 cepta;

314 932 438 997 οὐχὶ
478 934 599 984 κατ’
631 933 802 1002 αὐτὴν
833 936 924 986 καὶ
956 934 1238 1003 μερίζεται
1263 935 1357 987 καὶ
1397 936 1758 1000 ποικίλλεται,
1792 938 1886 988 καὶ

316 1026 533 1088 πρύεισι
555 1024 648 1074 καὶ
681 1023 887 1092 σοφίζει
917 1025 1268 1092 πολυτρόπως
1310 1025 1599 1094 ἐνούμενος
1631 1027 1722 1076 καὶ
1752 1042 1886 1094 μετο

315 1114 600 1180 εχόμενος,
631 1113 981 1182 ὲγγινόμενός
1029 1133 1086 1166 τε
1117 1117 1318 1186 νοεροῖς
1346 1117 1438 1168 καὶ
1486 1117 1767 1185 ἀνοήτοις;
1795 1117 1890 1169 καὶ

314 1208 386 1253 τὰ
439 1204 539 1270 μὲν
590 1204 769 1272 ἐαυτῷ
827 1205 1089 1273 ἐξομοιῶν
1123 1207 1198 1266 ὡς
1250 1209 1370 1260 κατ’
1424 1209 1705 1276 ἐνέργειαν
1765 1207 1888 1260 νοῦν

315 1295 467 1362 ἔχειν
499 1295 594 1347 τὸν
630 1296 793 1349 αὑτὸν
827 1298 995 1364 αὐτῷ,
1028 1299 1136 1350 τῶν
1175 1299 1220 1351 δ’
1250 1298 1528 1366 αἰσθητῶν
1559 1317 1616 1352 τε
1657 1302 1746 1352 καὶ
1769 1300 1890 1354 ἀλό-

313 1403 432 1451 γων
466 1387 613 1440 ἐστιν
643 1387 680 1441 ἃ.
713 1390 785 1458 μὴ
820 1389 1080 1461 προάγων
1112 1395 1175 1442 ὲκ
1205 1393 1278 1460 μὴ
1306 1392 1472 1446 ὄντων
1495 1434 1508 1455 ,
1555 1394 1615 1446 οὐ
1658 1393 1768 1463 γὰρ
1793 1393 1890 1445 πέ-

313 1496 458 1546 φυκε
487 1479 644 1545 Θεὸς,
697 1483 1199 1552 μετασχηματίζων
1247 1485 1303 1536 δὲ
1352 1485 1446 1537 καὶ
1502 1486 1597 1554 τῆς
1655 1486 1891 1551 δυνατῆς

311 1568 643 1634 ἐπιμελείας
695 1560 890 1636 ἀξιῶν,
940 1571 1208 1640 εξομοιῶν
1257 1573 1319 1644 δὴ
1376 1575 1597 1644 ἥκιστα,
1644 1576 1739 1627 καὶ
1782 1576 1890 1643 γὰρ

310 1658 647 1714 ἀνεπίδεκτα
678 1663 913 1732 φρενῶν.
945 1664 1079 1716 Κατ’
1104 1665 1291 1717 οὐσίαν
1314 1665 1371 1718 δὲ
1404 1666 1750 1735 άμετάόατός
1775 1670 1892 1735 ἔστι

310 1749 453 1814 «pec
489 1750 792 1804 ὑπόστασιν
834 1753 1053 1821 ἑτέραν,
1104 1755 1405 1824 ἀμέριστός
1438 1772 1498 1807 τε
1551 1758 1646 1810 καὶ
1687 1757 1890 1818 ἁπλοῦς

1987 566 2460 621 et-irratieualium
2496 566 2775 631 nonnulla,
2811 567 3149 621 ltaudeducit
3172 569 3260 635 qui
3288 574 3386 621 leua
3420 585 3447 621 e
3475 570 3558 622 rii-

1983 659 2115 718 ltilo.
2147 673 2253 710 non
2313 658 2454 710 enim
2489 667 2570 712 est
2607 657 2772 722 Deus,
2812 658 2904 711 sed
2947 660 3299 712 translortuat
3331 675 3390 711 :tc
3426 661 3548 713 dili-

1982 759 2170 816 genter
2203 748 2462 812 elaborat,
2498 762 2601 799 non
2637 756 2815 800 tamen
2853 747 3141 808 assimilat,
3175 760 3354 814 utpote
3384 750 3542 800 intel-

1985 837 2217 906 ligentiae
2241 837 2542 904 incapaeia.
2563 836 2870 891 Secundum
2901 839 3192 891 essentiam
3221 855 3349 891 νυΓο
3377 849 3556 898 trans-

1987 926 2067 981 ire
2099 928 2288 996 nequit
2332 928 2396 982 ad
2445 927 2602 980 aliant
2627 929 3014 991 substantiam.
3035 928 3128 1000 sed
3156 942 3235 983 est
3265 930 3556 994 indivisus,

1991 1019 2241 1087 simplex,
2284 1019 2734 1087 participautibus
2795 1020 2935 1072 haud
2990 1021 3286 1074 immistns.
3322 1020 3438 1075 Non
3485 1034 3557 1075 ta-

1992 1126 2113 1164 men
2147 1111 2450 1163 iutellectus
2505 1120 2688 1163 noster
2711 1121 2793 1165 est
2823 1115 2940 1165 sine
2990 1112 3207 1166 nomine
3260 1123 3353 1166 aut
3388 1129 3547 1181 supra

1992 1214 2188 1253 nomen
2227 1215 2326 1254 nec
2363 1201 2616 1256 etnniltus
2665 1202 3258 1270 incomprehensibilis,
3310 1204 3438 1257 licet
3495 1208 3558 1258 ad

1995 1291 2282 1359 imaginem
2342 1292 2431 1346 Dei
2469 1292 2596 1346 facti
2635 1294 2826 1356 simus,
2879 1297 3004 1362 quia
3042 1297 3182 1348 nulla
3210 1306 3292 1349 est
3324 1294 3560 1364 perfecte

1996 1383 2190 1435 similis
2247 1384 2448 1453 imago,
2506 1385 2608 1438 nisi
2679 1385 3053 1438 consimillima
3112 1387 3286 1452 imago
3361 1386 3560 1449 Patris,

1995 1490 2187 1543 nempe
2263 1475 2433 1530 Filius
2527 1478 2617 1530 Dei
2688 1480 3021 1547 unigenitus.
3103 1480 3230 1531 lteut
3301 1480 3540 1548 Spiritus

1997 1566 2089 1620 Dei
2155 1575 2337 1622 tantus
2391 1579 2473 1622 est
2519 1577 2759 1638 quantus
2815 1569 2992 1632 l’ater,
3055 1580 3107 1622 et
3163 1571 3281 1623 ideo
3331 1573 3563 1640 perfecte

1994 1657 2207 1709 easdem
2251 1657 2409 1710 habet
2453 1661 2818 1727 operationes,
2855 1676 2953 1714 nec
2987 1662 3097 1729 ipsv
3132 1672 3336 1727 tamen,
3386 1653 3449 1714 ut
3487 1663 3562 1716 illi

1997 1744 2144 1813 impii
2182 1756 2454 1810 asserunt,
2489 1755 2571 1800 est
2603 1749 2917 1818 hujusmodi
2953 1751 3217 1818 Operatio,
3242 1753 3332 1805 sed
3363 1765 3562 1805 secun-

313 1841 413 1892 καί
467 1845 580 1899 τοῖς
637 1817 990 1898 κοινωνοῦσιν
1041 1846 1268 1914 άμιγής.
1343 1846 1456 1899 Ούκ
1509 1847 1798 1913 ἀνώνυμος
1844 1817 1951 1902 δἸ

1999 1837 2125 1890 dum
2181 1836 2301 1890 illas
2341 1840 2626 1904 creaturis,
2690 1848 2851 1908 prout
2912 1841 3139 1910 singulis
3193 1845 3463 1910 congruit,
3510 1858 3569 1899 se

307 1931 462 1985 ἐστὶν
485 1935 514 1985 6
546 1935 1002 2004 ἡμέτερος-νοῦς.
1055 1936 1164 1990 οὐδ’
1195 1937 1578 2005 ύπερώνυμος,
1608 1937 1719 1990 οὐδ’
1758 1940 1890 1991 ἀπεο

310 2024 568 2095 ρινξητος
606 2029 720 2089 τοῖς
756 2031 944 2089 πᾶσιν,
995 2030 1043 2081 εί
1085 2031 1180 2082 καὶ
1229 2029 1349 2084 κατ’
1379 2031 1568 2084 είκόνα
1609 2032 1701 2086 τοῦ
1755 2032 1890 2085 Θεοῦ

305 2116 646 2186 γεγόναμεν,
683 2119 802 2171 ἐπεὶ
837 2120 959 2190 μηδ’
987 2121 1407 2188 ἀπαράλλακτός
1439 2124 1588 2177 ἐστιν
1630 2124 1820 2185 εἰκὼν,
1848 2127 1879 2193 ἠ

311 2208 506 2276 μέντοι
545 2208 641 2262 τοῦ
675 2211 890 2282 Πατρὸς
926 2213 1347 2280 ἀπαράλλακτος
1375 2215 1542 2267 εἰκὼν
1572 2219 1598 2268 6
1629 2215 1722 2269 τοῦ
1753 2216 1889 2269 Θεοῦ

310 2302 618 2370 μονογενὴς
653 2301 807 2367 Υἱός.
865 2304 956 2365 Ὦς
1000 2305 1046 2358 δ’
1078 2304 1262 2369 αὔτως
1292 2309 1384 2359 καὶ
1422 2307 1484 2359 τὺ
1530 2307 1759 2378 Πνεῦμα
1796 2308 1889 2360 τοῦ

304 2392 448 2444 Θεοῦ
485 2393 650 2446 πάνθ’
696 2395 795 2448 ὅσα
834 2397 862 2447 6
915 2397 1107 2469 Πατήρ
1137 2414 1155 2430 ο
1201 2397 1396 2452 οὐκοῦν
1441 2401 1534 2455 καὶ
1589 2401 1681 2461 τὰς
1723 2402 1894 2463 αύτὶις

304 2486 759 2552 ἀπαραλλάκτως
785 2487 898 2555 ἔχει
936 2490 1240 2559 ἐνεργείας.
1285 2491 1427 2544 Ἀλλ’
1466 2491 1567 2546 ούκ
1603 2493 1787 2560 αύτὸ·,
1815 2493 1889 2552 ὼς

302 2584 333 2631 6
366 2581 476 2634 τῶν
500 2584 862 2652 κακοφρόνων
899 2585 1107 2638 τούτων
1141 2586 1324 2652 λόγος,
1359 2587 1588 2656 τοιαύτη
1635 2589 1890 2656 ἐνέργειά

305 2675 451 2733 ἐστι,
481 2675 619 2727 ἀλλὰ
650 2675 773 2727 κατ’
806 2675 973 2737 αὑτὰς
1020 2677 1114 2728 καὶ
1145 2671 1300 2741 οὗτος
1343 2678 1627 2744 ἀναλόγως
1676 2679 1889 2747 ἑκάστῳ

301 2765 418 2822 τῶν
445 2767 618 2819 ὄντων
645 2771 1010 2836 μετεχόμενος
1032 2771 1149 2822 κατ’
1168 2770 1358 2822 οὐσίαν
1384 2772 1688 2838 ἀμέθεκτός
1717 2773 1884 2825 ἐστιν.

305 2857 375 2909 Ei
413 2856 525 2923 γὰρ
557 2859 584 2909 6
613 2858 955 2926 ἀνθρώπινος
990 2857 1114 2922 νοῦς
1141 2861 1282 2914 κατὰ
1317 2862 1406 2914 τὸν
1439 2862 1704 2933 θεηγόρον
1734 2863 1886 2915 Νύσ-

305 2965 411 3013 σης
434 2950 604 3017 φάναι
643 2947 1068 3020 Γρηγόριονδιὰ
1097 2955 1307 3007 πολλῶν
1337 2955 1658 3025 ἐπιστημῶν
1700 2973 1758 3007 τε
1795 2956 1887 3008 καὶ

303 3041 767 3110 ἐπιτηδευμάτων
798 3046 888 3095 καὶ
916 3045 1200 3114 ὀνομάτων
1239 3047 1366 3100 τῶνι
1380 3050 1508 3114 περὶ
1538 3047 1705 3119 αὐτὴν
1737 3049 1889 3115 λεγο-

303 3133 489 3203 μένων
521 3134 676 3188 οὐδὲν
706 3137 787 3194 εἰς
819 3136 922 3204 τὴν
950 3137 1231 3205 ἁπλότητα
1262 3139 1732 3204 παραϐλάπτεται,
1769 3143 1880 3201 πῶς
1907 3158 1951 3219 C

302 3225 372 3277 ἄν
396 3241 482 3286 τις
528 3225 747 3294 οίηθείη
777 3226 871 3279 τὸν
897 3226 1054 3286 Θεὸν,
1091 3229 1136 3279 εί
1181 3229 1344 3294 σοφὸς
1399 3232 1493 3281 καὶ
1537 3230 1741 3291 δίκαιος
1790 3234 1885 3284 καὶ

301 3315 516 3375 ἀγαθὸς
550 3316 646 3370 καὶ
681 3318 854 3380 ἀΐδιος
885 3318 982 3372 καὶ
1014 3321 1191 3372 πάντα
1219 3320 1285 3371 τὰ
1321 3321 1599 3390 θεοπρεπῆ
1643 3320 1885 3374 καλεῖται

301 3407 577 3472 ὀνόματα.
609 3409 658 3459 εἰ
703 3407 777 3476 μὴ
821 3408 917 3477 μία
970 3411 1102 3462 πᾶσι
1149 3410 1431 3479 νομισθείη
1472 3415 1584 3472 τοῖς
1634 3411 1882 3477 ὀνόμασι,

306 3498 340 3563 ἢ
375 3498 668 3567 πολυμερῆ
702 3498 951 3567 γίνεσθαι
979 3501 1010 3567 ἦ
1048 3503 1112 3553 ὲκ
1146 3503 1435 3569 μετουσίας
1475 3503 1676 3554 τούτων
1707 3504 1762 3554 τὸ
1795 3502 1886 3554 τέ-

303 3589 454 3642 λειον
482 3589 632 3658 αὐτῷ
669 3591 1015 3661 συναγείρειν
1070 3591 1166 3659 τῆς
1221 3591 1474 3657 φύσεως;
1526 3594 1583 3644 Ὀ
1637 3593 1798 3654 αὐτὸς
1833 3591 1888 3644 δὲ

304 3684 407 3732 καὶ
466 3681 664 3749 μικρδν
691 3681 888 3737 ἔπειτα
921 3682 1015 3734 τοῦ
1047 3682 1208 3748 λόγου
1240 3684 1469 3753 προῖὼν,
1538 3702 1557 3736 ε
1590 3685 1774 3738 Πάντα
1810 3684 1887 3746 δὲ,

302 3774 467 3838 φησ“ι,
500 3773 568 3824 τὰ
595 3773 861 3841 ὀνόματα,
893 3767 968 3826 ὧν
997 3776 1029 3841 ἠ
1062 3775 1306 3844 σημασία
1333 3775 1535 3839 escae;
1566 3776 1710 3838 τινός
1741 3778 1889 3828 ἐστιν

301 3863 624 3932 mamma
666 3865 761 3916 καὶ
801 3864 1114 3934 ὑπάρξεως,
1145 3867 1246 3919 ούκ
1281 3867 1452 3934 αὐτῆς
1479 3866 1579 3936 τῆς
1607 3867 1757 3928 θείας
1791 3869 1892 3933 φύ-

302 3973 470 4018 σεως,
499 3957 637 4010 ἀλλὰ
664 3957 774 4009 τῶν
819 3959 943 4026 περὶ
977 3959 1147 4029 αὐτὴν
1181 3959 1425 4022 εὐσεϐῶς
1459 3961 1767 4028 νοουμένων
1792 3962 1891 4030 τὴν

301 4046 535 4111 ἔνδειξιν
568 4047 708 4118 ἔχει.
737 4067 756 4101 ι
792 4048 915 4112 Πῶς
951 4050 1058 4119 ἄρα
1107 4052 1542 4123 κοινωνήσαιμεν
1573 4052 1639 4106 ἂν
1663 4057 1774 4114 τοῖς
1792 4073 1891 4106 κα-

305 4139 595 4208 κοσχόλοις
635 4141 872 4203 τούτοις,
917 4143 1112 4195 κτιστὰ
1143 4141 1404 4211 φρονοῦσι
1443 4144 1535 4196 καὶ
1574 4143 1891 4199 διδάσκουσι

302 4235 497 4288 πάντα
526 4231 596 4284 τὰ
635 4232 766 4303 περὶ
802 4232 956 4295 Θεὸν,
993 4236 1088 4286 καὶ
1137 4235 1239 4296 τὰς
1278 4235 1567 4297 άκτίστους
1609 4241 1702 4288 καί
1743 4237 1892 4298 θείας

300 4321 594 4389 ἐνεργείας
633 4323 695 4376 οὐ
729 4325 914 4386 κοινὰς
947 4321 1088 4377 εἶναι
1139 4327 1250 4388 τοῖς
1288 4328 1436 4394 τρισὶ
1488 4329 1892 4396 προσκυνητοϊς

302 4411 628 4476 προσώποις
677 4413 755 4474 ὠς
786 4413 1171 4485 θεωρουμένας
1205 4416 1334 4484 περὶ
1377 4416 1475 4485 τὴν
1513 4417 1724 4481 οὐσίαν,
1760 4418 1894 4470 ἀλλὰ

1997 1927 2433 1992 cemmunicans,
2470 1929 2766 2003 secundum
2803 1934 3093 1986 essentiam
3127 1935 3562 1988 ittcomutunica-

1995 2018 2121 2072 bilis
2148 2029 2252 2074 est.
2282 2018 2338 2073 Si
2369 2023 2512 2074 enim
2545 2022 2853 2098 intellecLus
2885 2024 3188 2089 humanus,
3216 2033 3366 2096 juxta
3409 2030 3556 2081 thee~

1993 2109 2174 2179 legum
2222 2099 2819 2180 Nyssm‘Gregeriumf
2850 2115 2977 2171 licet
3033 2118 3216 2171 multis
3265 2120 3563 2187 applicetur

1992 2203 2187 2257 studiis
2211 2211 2261 2257 et
2287 2215 2633 2272 nuneupetur
2669 2207 3006 2270 nominibus,
3045 2211 3252 2264 nullum
3293 2213 3560 2281 simplici-

1993 2297 2119 2350 tatis
2167 2297 2370 2364 patitur
2412 2296 2833 2353 detrimentum:
2892 2301 3015 2369 quis
3073 2302 3236 2355 Dt'lltll
3272 2306 3559 2371 putaverit,

1990 2403 2111 2443 cum
2166 2390 2401 2459 sapiens,
2423 2391 2627 2460 justus,
2658 2391 2857 2458 bonus,
2888 2403 3129 2452 aeternus
3162 2406 3215 2448 et
3245 2397 3365 2451 aliis
3400 2400 3566 2450 nomi-

1991 2483 2151 2535 nibus
2184 2483 2292 2536 Dce
2318 2485 2578 2553 congruis
2615 2495 2844 2540 vocatur
2865 2487 2990 2555 (nisi
3017 2501 3121 2542 una
3157 2491 3367 2543 cunctis
3394 2493 3567 2544 nemi-

1991 2574 2151 2627 nilius
2180 2575 2505 2630 attribuatur
2528 2577 2903 2646 signiﬁcatio),
2940 2581 3020 2633 vel
3056 2582 3405 2650 multiplicem
3448 2584 3561 2635 ﬁeri

1993 2669 2071 2720 rel
2107 2682 2170 2720 ex
2195 2682 2386 2721 eorum
2412 2671 2688 2723 consertio
2715 2670 2767 2724 in
2796 2680 3002 2725 natura:
3038 2675 3423 2742 perfectionem
3477 2693 3568 2729 ex-

1990 2769 2238 2810 rrescere
2263 2758 2285 2809 ?
2315 2757 2459 2811 Idem
2496 2760 2656 2826 paulo
2691 2770 2813 2829 post
2842 2762 2893 2814 in
2931 2764 3117 2816 eodem
3156 2780 3407 2819 sermone
3437 2767 3564 2826 sub-

1987 2847 2092 2898 dit:
2160 2867 2177 2897 ι
2219 2847 2414 2904 Omnia
2475 2853 2693 2906 nemina
2750 2853 3144 2908 tleiﬁrationem
3197 2857 3430 2926 aliquam
3516 2870 3569 2911 et

1988 2939 2360 2994 exsistrntiam
2412 2942 2730 3008 indicantia,
2793 2961 2897 3000 non
2957 2947 3126 3016 ipsam
3180 2950 3419 3004 divinam
3476 2965 3567 3005 na-

1987 3039 2186 3094 turcm.
2210 3032 2304 3086 sed
2330 3048 2448 3100 qua:
2472 3034 2618 3088 circa
2638 3051 2756 3090 eam
2779 3037 2861 3105 pie
2879 3041 3206 3107 cogitantur,
3231 3023 3508 3110 designant
3544 3062 3565 3095 ε

1987 3121 2265 3186 Quomodo
2297 3123 2461 3192 igitur
2518 3127 2917 3181 consentiamus
2962 3128 3225 3197 improbis
3283 3133 3422 3194 istis,
3473 3131 3566 3200 qui

1989 3222 2253 3282 putantac
2285 3219 2476 3270 docent
2506 3219 2689 3272 omnia
2715 3219 2779 3271 de
2808 3218 2917 3273 Dee
2950 3221 3090 3275 dicta
3126 3237 3250 3276 esse
3276 3235 3480 3287 errata,
3506 3237 3562 3277 et

1989 3305 2262 3359 increatas
2296 3305 2625 3377 divinasque
2657 3311 3009 3379 operationes
3034 3329 3138 3365 non
3168 3329 3288 3370 esse
3321 3331 3568 3368 commu-

1990 3413 2086 3450 nes
2140 3399 2311 3454 tribus
2364 3400 2662 3457 aderandis
2713 3404 2964 3471 personis
3006 3413 3197 3472 utpote
3228 3408 3278 3461 in
3328 3411 3564 3462 essentia

1990 3491 2384 3556 consideratus,
2419 3495 2510 3548 sed
2534 3511 2659 3564 esse
2694 3496 2891 3550 Filium
2927 3509 2979 3551 et
3006 3499 3268 3568 Spiritum
3292 3504 3566 3554 sanctum?

1992 3582 2313 3652 Quanquam
2351 3587 2491 3641 idem
2527 3588 2835 3659 theologus,
2884 3592 2940 3646 in
2981 3595 3169 3646 eodem
3206 3598 3442 3648 secunde
3472 3595 3568 3648 ad—

1992 3693 2180 3732 versus
2215 3673 2540 3736 Eundmium
2594 3699 2872 3749 sermone,
2925 3686 3056 3738 dicit
3091 3701 3103 3737 :
3147 3705 3162 3736 ι
3201 3685 3568 3755 Quodcunque

1991 3767 2056 3820 de
2088 3771 2195 3824 Dee
2231 3773 2524 3841 cogitatur,
2563 3774 2663 3827 hoc
2707 3785 2835 3828 ante
2886 3776 3073 3828 mundi
3118 3779 3563 3831 constitutionem

1993 3862 2140 3925 erat;
2183 3863 2274 3915 sed
2326 3865 2598 3918 nominari
2641 3867 2843 3921 dicitur
2903 3879 3022 3933 post
3068 3871 3399 3923 creationem
3453 3871 3569 3937 vi“

1993 3953 2081 4018 qui
2123 3954 2388 4022 nominat.
2435 3973 2452 4006 ι
2490 3957 2551 4009 Et
2583 3958 2802 4026 quidem
2833 3958 3024 4012 Filium
3058 3971 3108 4013 et
3151 3959 3413 4027 Spiritum
3469 3961 3565 4014 Dei

1996 4063 2103 4098 non
2134 4061 2256 4101 esse
2291 4049 2493 4101 denum
2524 4059 2578 4104 et
2614 4053 2844 4118 gratiam
2872 4063 2964 4105 aut
2999 4054 3158 4106 aliam
3192 4055 3350 4107 talem
3387 4070 3570 4108 essen-

1995 4138 2033 4190 ti
2054 4156 2083 4187 υ
2119 4139 2510 4204 eperationent,
2545 4142 2785 4196 ostendit
2814 4144 2900 4197 ille
2931 4146 3021 4213 qui
3058 4144 3378 4200 Trinitatem
3417 4162 3574 4202 vocat

1995 4231 2216 4299 optima:
2249 4247 2363 4285 suae
2395 4232 2749 4300 interpretem
2778 4237 3136 4303 providentia:
3162 4277 3176 4298 ,
3224 4255 3286 4292 ac
3316 4239 3474 4294 docet
3505 4244 3570 4296 ad

1996 4337 2114 4375 eam
2157 4323 2411 4387 precibus
2443 4325 2811 4380 accedendum
2845 4329 3002 4383 nobis
3032 4340 3087 4384 et
3129 4332 3573 4400 appropinquan-

1998 4414 2150 4475 dutn,
2170 4414 2292 4481 quia
2316 4416 2372 4466 in
2395 4413 2504 4468 Deo
2531 4415 2941 4471 absconduntur
2965 4421 3170 4485 eptima
3198 4422 3400 4488 qumvis
3433 4421 3571 4475 bona
3650 4447 3661 4462 ι

296 4503 396 4555 τὸν
428 4503 558 4556 Υἰὸν
585 4501 731 4560 εἶναι
764 4507 863 4559 καὶ
887 4506 947 4560 τὸ
981 4507 1206 4576 Πνεῦμα
1244 4507 1306 4560 τὸ
1338 4509 1532 4575 ἂγιονς
1571 4510 1765 4562 Καίτοι
1794 4511 1888 4563 τοῦ
1924 4505 1951 4558 Ιῖ

1998 4518 2160 4571 pones
2186 4505 2334 4559 illam
2359 4507 2670 4564 residentia.
2701 4509 2833 4575 Quis
2857 4513 3000 4564 enim
3029 4522 3206 4565 mente
3235 4529 3400 4568 sanus
3431 4514 3574 4566 dicat

301 4595 479 4648 αὐτοῦ
515 4595 892 4668 ϐεορῤήμονος
917 4599 974 4649 ὲν
1002 4598 1082 4668 τῷ
1113 4598 1264 4668 αὐτῷ
1299 4599 1435 4668 πρὸς
1467 4597 1734 4670 Εὐνόμιον
1773 4600 1892 4653 δευ-

297 4689 450 4757 τέρῳ
479 4687 624 4756 λόγῳ
652 4689 980 4758 φάσκοντος,
1016 4692 1174 4744 indu
1214 4693 1240 4743 6
1263 4693 1315 4743 τί
1347 4691 1453 4758 πέρ
1479 4693 1594 4744 ἐστι
1634 4693 1764 4762 περὶ
1801 4693 1894 4745 τὸν

295 4781 440 4833 Θεὸν
483 4781 800 4851 νοούμενον,
855 4783 1017 4835 τοῦτο
1048 4784 1151 4850 πρὸ
1186 4784 1287 4846 τῆς
1317 4781 1412 4835 τοῦ
1457 4785 1663 4852 κόσμου
1693 4786 1891 4837 συστά-

296 4889 444 4932 σιως
477 4867 586 4942 ἦν’
641 4872 761 4925 ἀλλ’
791 4873 1162 4942 ὀνομάζεσθαι
1202 4873 1363 4926 τοῦτό
1409 4891 1592 4943 φαμεν
1648 4877 1789 4944 μετὰ
1833 4876 1893 4927 τὸ

293 4964 562 5030 γενέσθαι
584 4965 676 5018 τὸν
706 4966 1063 5036 ὀνομάζοντα.
1105 4985 1122 5017 ι
1155 4968 1262 5019 Καὶ
1296 4965 1393 5035 μὲν
1424 4967 1489 5035 δὴ
1518 4967 1590 5026 ὡς
1624 4967 1651 5018 6
1679 4966 1804 5027 Υἱός
1828 4983 1886 5018 τε

293 5057 394 5104 καὶ
425 5055 488 5105 τὸ
520 5055 749 5125 Πνεῦμα
787 5058 882 5110 τοῦ
943 5057 1080 5108 Θεοῦ
1107 5056 1286 5126 δωρεά
1331 5065 1390 5109 τε
1430 5058 1526 5107 καὶ
1577 5056 1755 5126 χάρις,
1795 5057 1890 5108 καὶ

291 5143 527 5214 τοιαύτη
564 5147 818 5218 ἐνέργεια
849 5148 973 5202 κατ’
999 5149 1191 5200 οὐσίαν
1222 5148 1424 5218 ἥκιστά
1449 5150 1584 5210 ἐστι,
1616 5148 1890 5214 δείκνυσιν

287 5240 320 5290 6
361 5237 464 5306 τὴν
501 5241 910 5312 ὲκφαντορικὴν
940 5241 1053 5294 τῶν
1092 5241 1230 5302 ὅλων
1276 5240 1477 5306 ἑαυτῆς
1518 5239 1889 5304 ἁγαθωτάτων

2000 4594 2088 4647 Dei
2123 4598 2519 4664 providentiam
2562 4615 2682 4656 esse
2716 4602 2884 4671 ipsius
2918 4606 3239 4665 essentiam.
3300 4616 3396 4658 aut
3452 4622 3577 4662 esse

1995 4699 2255 4751 creatam,
2271 4692 2394 4758 quia
2415 4706 2522 4744 tten
2539 4704 2618 4746 est
2637 4697 2908 4750 essentia?
2942 4696 3072 4763 Quis
3095 4699 3414 4756 υχοριιιοιιιίςι
3436 4702 3575 4755 bona

1996 4781 2048 4835 iu
2076 4784 2518 4847 ~ttpcrexcellenti
2557 4786 2823 4842 Triuitate
2878 4790 3229 4849 imtuaueutia
3299 4791 3579 4847 existimet

1994 4887 2116 4924 esse
2150 4870 2344 4926 Filium
2390 4883 2480 4927 aut
2527 4873 2785 4944 Spiritum
2834 4877 3144 4932 Patris?vel
3172 4881 3299 4947 quis.
3329 4881 3412 4937 illa
3440 4883 3579 4935 inter

1995 4972 2276 5020 et'eaturas
2311 4967 2572 5030 ast-libat,
2605 4969 2731 5034 quia
2782 4969 2952 5023 Filius
2970 4980 3022 5024 et
3045 4970 3278 5039 Spiritus
3308 4970 3481 5026 Patt'ts
3513 4989 3574 5024 at

1997 5059 2409 5126 supergreditur
2444 5060 2588 5112 ltautl
2653 5078 2812 5115 secus
2842 5078 2904 5114 ac
2941 5063 3125 5123 Pater,
3162 5075 3349 5127 utpote
3409 5080 3582 5124 omne

1999 5163 2194 5200 nomen
2258 5163 2587 5218 omnemque
2651 5166 2918 5218 superans
2952 5151 3458 5220 participationem.
3490 5165 3573 5203 at-

1997 5255 2100 5308 que
2119 5240 2272 5297 dator
2288 5251 2338 5292 et
2357 5242 2476 5294 fons
2503 5245 2942 5311 superuaturaliu
2957 5261 3000 5294 :n
3028 5245 3241 5299 illorum
3264 5245 3578 5303 donet-um?

293 5334 575 5409 προνοιῶν
625 5333 1060 5403 ἐπικαλούμενος
1101 5333 1332 5403 Τριάδα,
1379 5333 1471 5386 καὶ
1512 5331 1709 5401 χρῆναι
1750 5332 2020 5385 δ;δάσκων
2054 5333 2203 5401 ἡμᾶς
2235 5335 2352 5393 ταῖς
2394 5335 2577 5404 εὐχαῖς
2645 5337 2783 5405 αὐτῇ
2839 5336 3215 5405 προσάγεσθαι
3287 5338 3386 5389 καὶ
3446 5332 3575 5415 πλη.

292 5434 538 5497 σιάζειν,
591 5432 668 5495 ὡς
700 5434 759 5482 ἐν
785 5431 963 5498 τούτῳ
1001 5429 1252 5498 μυεῖσθαι
1282 5430 1352 5481 τὰ
1393 5429 1689 5494 πανάγαθα
1736 5429 1885 5497 δῶρα
1922 5427 1992 5480 τὰ
2028 5430 2152 5496 περὶ
2182 5428 2351 5497 αύτὴν
2383 5429 2668 5497 ἱδρυμένα.
2701 5431 2795 5490 Τίς
2822 5431 2930 5500 γὰρ
2967 5433 3029 5484 iv
3093 5432 3201 5490 τῶν
3265 5430 3390 5483 νοῦν
3427 5433 3576 5500 ἐχόν-

287 5546 406 5583 των
442 5525 638 5582 οὐσίαν
676 5508 991 5593 άμέθεκτον
1032 5522 1167 5590 φαίη
1214 5520 1307 5573 τοῦ
1351 5517 1488 5573 Θεοῦ
1569 5519 1668 5590 τὴν
1720 5520 1934 5572 ἐκείνου
2013 5521 2294 5588 πρόνοιαν,
2329 5523 2362 5589 ἢ
2410 5521 2655 5590 κτιστὴν,
2689 5523 2768 5574 ὅτι
2796 5525 2872 5592 μὴ
2912 5524 3064 5574 οὐσία
3093 5540 3106 5587 ;
3138 5524 3234 5585 Τίς
3267 5523 3319 5574 δὲ
3355 5524 3419 5574 τὰ
3451 5528 3575 5599 περὶ

285 5628 395 5696 τὴν
433 5624 790 5692 ὑπεράγαθον
831 5621 1039 5692 Τριάδα
1082 5603 1380 5686 πανάγαθα
1422 5618 1571 5686 δῶρα
1622 5617 1887 5696 ἱδρυμένα
1923 5617 2014 5669 τὸν
2050 5617 2172 5668 Υἱὺν
2209 5614 2348 5668 εἶναι
2384 5617 2626 5682 δοξάσειε
2654 5619 2746 5674 καὶ
2776 5620 2832 5669 τὸ
2868 5619 3090 5686 Πνεῦμα
3151 5620 3244 5672 τοῦ
3317 5621 3570 5693 Harpe“

291 5721 362 5771 Ἥ
407 5718 493 5778 τίς
520 5715 694 5768 ταῦτα
745 5715 863 5776 τοῖς
906 5713 1208 5780 κτίσμασιν
1253 5711 1545 5779 ὲναρίθμια
1584 5711 1885 5779 ποιήσοιεν,
1929 5711 2009 5762 ὅτι
2059 5710 2263 5763 τούτων
2297 5711 2323 5759 6
2364 5710 2500 5775 Υἱός
2548 5727 2604 5762 τε
2640 5712 2732 5765 ra".
2783 5711 2843 5762 τὸ
2910 5711 3132 5779 Πνεῦμα
3191 5711 3282 5763 τοῦ
3361 5713 3574 5783 Πατρὶς

291 5810 648 5875 ὑπέρκειται,
678 5802 823 5856 καθὰ
847 5809 942 5855 καὶ
980 5804 1008 5854 6
1041 5801 1250 5872 Πατὴρ,
1286 5802 1362 5869 ὡς
1390 5803 1533 5871 ὑπὲρ
1579 5802 1686 5854 πᾶν
1715 5801 1885 5868 ὄνομα
1933 5801 2021 5854 καὶ
2051 5801 2227 5858 πᾶσαν
2257 5802 2521 5879 μετοχὴν,
2564 5804 2652 5858 καὶ
2679 5803 2754 5866 ὡς
2783 5803 2946 5872 δοτὴρ
2980 5819 3037 5853 τε
3079 5805 3195 5858 και
3229 5805 3395 5869 αἴτιος
3465 5806 3590 5864 τῶν,

293 5900 603 5973 ὑπερφυῶν
629 5901 839 5955 τούτων
875 5896 1096 5969 δωρεῶν
1129 5915 1140 5963 ;
1618 5909 1620 5913 ’
