4274 6452
716 420 822 484 95.5
846 399 849 401 ’

1937 428 2320 489 GREGORII
2366 427 2689 486 PALAM/E

3871 415 3980 484 956

716 539 835 582 tura
873 529 981 583 vim
1019 530 1182 584 liabet
1231 531 1498 600 creandi),
1557 533 1704 588 illius
1761 544 1940 591 autem
1999 538 2284 606 participa-

2405 535 2658 605 ἐνέργεια
2715 533 2875 597 Θεοῦ,
2933 532 3091 602 φύσει
3126 530 3235 601 γάρ
3295 531 3410 583 ἐστι
3465 530 3863 600 δημιουργικδν
3912 532 3977 585 τὸ

714 622 862 675 tione
894 622 1001 676 sint
1034 624 1544 692 quarumque-facta
1578 642 1704 681 sunt
1730 668 1745 691 ,
1785 645 1915 698 ergo
1950 631 2134 683 omnia
2169 645 2298 698 par-

716 714 940 781 ticipant
973 716 1250 768 naturales
1281 715 1372 770 Dei
1418 720 1690 786 potentias
1724 730 1778 774 et
1805 722 2195 790 operationes?

786 892 1007 959 Tlieoph.
1044 889 1250 946 Revera
1277 908 1382 947 non
1406 895 1576 948 solam
1601 896 1924 950 crcatricem
1962 895 2071 948 lico
2093 903 2298 963 potan-

714 987 867 1047 tiain,
895 985 988 1038 sed
1020 995 1074 1038 et
1106 984 1274 1054 ipsius
1297 985 1697 1054 providentiam
1730 985 1913 1038 omnia
1947 984 2298 1052 participant.

714 1077 990 1132 Profecto.

788 1169 1277 1235 Theot.Quotnodo
1322 1170 1527 1225 etenim
1566 1170 1686 1222 sine
1725 1170 1828 1224 bac
1871 1168 2300 1239 permanerent?

787 1256 1016 1322 Tlteoplt.
1061 1257 1184 1311 Hmc
1219 1258 1385 1327 igitur
1424 1259 1770 1328 providentia
1798 1266 1884 1314 est
1931 1258 2206 1312 naturalis
2247 1267 2301 1311 ct

711 1349 1024 1402 essentialis
1067 1351 1314 1417 operatio
1347 1347 1465 1402 Dei.
1505 1347 1648 1402 Dicit
1692 1350 1836 1402 enim
1868 1364 2099 1416 magnus
2131 1349 2300 1400 Atha-

714 1441 947 1495 nasius:
990 1459 1007 1490 ι
1047 1438 1166 1492 Non
1219 1440 1322 1494 alia
1380 1449 1434 1496 et
1487 1441 1589 1492 alia
1645 1439 1992 1510 providentia
2052 1441 2213 1494 Pater
2245 1450 2300 1492 et

711 1532 882 1585 Filius
941 1532 1072 1600 agit,
1106 1531 1202 1587 sed
1265 1548 1372 1586 una
1425 1541 1480 1586 et
1523 1533 1712 1588 eadem
1772 1533 2076 1587 divinitatis
2108 1547 2301 1603 opera-

709 1628 879 1678 tione.
934 1643 952 1675 ι
1005 1625 1341 1694 Participant
1391 1625 1561 1696 igitur
1609 1626 1793 1681 omnia
1853 1627 2176 1680 creatriccm
2235 1640 2300 1680 ac

711 1716 991 1784 providam
1029 1717 1120 1771 Dei
1162 1719 1484 1786 potentiam,
1515 1718 1612 1772 sed
1651 1719 1811 1772 sicuti
1851 1719 2050 1773 domus
2098 1719 2300 1772 intelli-

708 1807 947 1878 ggutiam
1024 1809 1310 1862 architecti
1377 1820 1430 1862 et
1494 1809 1700 1864 domini
1757 1809 2196 1878 providentiam,
2251 1809 2296 1864 si

709 1903 929 1965 quidem
979 1902 1242 1956 duratura
1295 1902 1389 1956 sit.
1428 1900 1752 1956 Rationales
1794 1909 1975 1956 autem
2031 1910 2298 1956 creatura:

710 1993 920 2045 ratione
976 1990 1158 2046 vident
1199 2007 1264 2045 ex
1317 1993 1591 2046 creaturis
1623 1991 1842 2046 insitam
1892 2002 2100 2045 naturae
2125 1991 2296 2047 Crea-

711 2085 848 2136 toris
904 2083 1201 2137 bonitatem
1259 2093 1313 2137 ct
1384 2083 1724 2152 potentiam,
1783 2084 1887 2138 soli
1936 2098 2066 2137 vero
2123 2084 2298 2137 sancti

710 2176 931 2245 proprie
962 2175 1150 2229 vident
1175 2185 1227 2229 et
1262 2177 1622 2247 participant,
1648 2177 1890 2247 Spiritus
1915 2180 2299 2232 communica-

709 2273 857 2323 ti0ue
934 2268 1142 2323 similes
1193 2270 1302 2323 Deo
1333 2269 1486 2334 facti,
1519 2263 1818 2341 divinaque
1859 2273 2063 2326 virtute
2112 2273 2297 2326 lumen

707 2362 802 2415 Dei
861 2361 1139 2431 videntes:
1176 2370 1230 2416 et
1291 2361 1690 2431 percipientes,
1757 2377 1821 2416 ac
1881 2364 2296 2432 supernaturali

709 2452 899 2520 repleti
932 2451 1249 2522 splendore,
1289 2460 1454 2522 atque
1500 2453 1602 2524 ipsi
1661 2453 1766 2508 hac
1816 2454 2066 2508 claritate
2109 2454 2299 2509 iuetl‘a-

710 2545 888 2601 hiliter
936 2545 1126 2614 fulgidi
1174 2554 1528 2616 apparentes.
1567 2545 1701 2600 Nam
1752 2547 1994 2618 Spiritus
2044 2555 2297 2611 sanctus,

708 2649 767 2689 ut
803 2653 1033 2708 magnus
1066 2638 1144 2691 ait
1177 2637 1440 2705 Basilius,
1471 2648 1670 2693 cuncta
1710 2641 1884 2708 replet
1929 2654 2028 2694 sua
2070 2639 2297 2702 virtute,

706 2731 842 2786 solis
895 2746 1026 2785 vero
1075 2732 1261 2803 dignis
1322 2733 1897 2800 communicatur;et
1938 2747 2047 2787 non
2083 2733 2302 2801 capitur

708 2823 935 2884 mundo,
964 2824 1057 2877 sed
1086 2840 1113 2877 a
1148 2806 1357 2880 sanctis
1388 2835 1596 2879 tantum
1633 2842 1729 2894 per
1755 2827 1940 2881 cordis
1969 2827 2297 2880 munditiam

705 2918 957 2983 \idctur;
987 2925 1041 2971 et
1075 2918 1332 2973 omnibus
1369 2918 1550 2983 adest,
1578 2917 1675 2972 sed
1706 2917 2070 2988 cupiditatum
2102 2932 2302 2987 exper-

707 3011 853 3064 tibus
885 3025 1040 3064 Suam
1091 3009 1408 3064 manifestat
1465 3009 2010 3079 virtutemﬁminime
2069 3025 2202 3064 vero
2233 3010 2301 3065 iis

705 3118 940 3171 quorum
995 3117 1090 3156 cor
1160 3103 1367 3170 peccati
1430 3100 1680 3164 foeditate
1741 3101 1948 3156 sordet.
2016 3100 2085 3158 Ut
2144 3102 2291 3156 enim

2405 626 2572 690 Θεῖον,
2599 629 2664 697 τῇ
2691 626 2748 678 δὲ
2772 625 2976 694 ταύτης
3000 626 3200 694 μετοχῇ
3225 623 3386 675 πάνθ’
3416 623 3518 674 ὅσα
3551 625 3775 690 γέγονεν
3801 623 3974 697 ἐστὶν,

2403 719 2582 771 πάντα
2621 716 2841 785 μετέχει
2872 715 2982 768 τῶν
3015 715 3266 782 φυσικῶν
3305 713 3400 766 τοῦ
3433 712 3570 766 Θεοῦ
3600 712 3888 783 δυνάμεών
3917 731 3978 767 τε

2401 804 2494 857 καὶ
2526 803 2820 870 ἐνεργειῶν
2846 820 2860 867 ;

2475 896 2652 961 8805p.
2685 894 2796 958 Καὶ
2828 894 2938 962 γὰρ
2966 894 3026 945 οὑ
3062 895 3232 964 μόνης
3255 893 3355 962 τῆς
3385 893 3790 964 δημιουργικῆς
3820 895 3981 962 ἐνερ-

2403 985 2558 1049 γείας
2579 983 2674 1037 τοῦ
2709 983 2870 1048 Θεοῦ,
2894 985 3030 1037 ἀλλά
3059 986 3154 1037 καὶ
3173 985 3271 1053 τῆς
3298 983 3463 1037 αὑτοῦ
3488 984 3742 1055 προνοίας
3761 983 3980 1036 ἅπαντα

2406 1076 2645 1144 μετέχει.
2680 1069 2755 1126 Ἦ
2791 1077 2940 1144 γάρς

2475 1169 2641 1222 Θεότ.
2677 1169 2800 1232 Πῶς
2841 1168 2948 1237 γὰρ
2972 1166 3037 1220 ἂν
3073 1170 3166 1220 καὶ
3215 1169 3534 1222 συνίσταντο
3569 1172 3739 1240 χωρὶς
3775 1170 3978 1237 αὐτῆς

2479 1262 2653 1329 Θεοφ.
2699 1261 2764 1312 Ἦ
2795 1261 2975 1313 τοίνυν
3011 1262 3236 1330 πρόνοια
3271 1263 3474 1332 φυσική
3505 1265 3621 1315 ἐστι
3653 1263 3745 1324 καί
3780 1265 3981 1316 οὐσιῶ-

2405 1355 2502 1422 δης
2533 1354 2789 1422 ἐνέργεια
2817 1353 2976 1407 Θεοῦ.
3013 1353 3153 1422 Φησὶ
3184 1336 3294 1422 γὰρ
3345 1354 3374 1405 ό
3408 1353 3585 1423 μέγας
3636 1355 3982 1419 Ἀθανάσιος,

2410 1463 2430 1496 ι
2457 1445 2530 1496 Οὐ
2571 1444 2713 1497 κατὰ
2742 1442 2912 1514 ἄλλην
2941 1443 3037 1496 καὶ
3059 1443 3225 1512 ἀλλην
3254 1445 3513 1513 πρόνοιαν
3549 1447 3575 1495 ὁ
3608 1446 3796 1514 Πατὴρ
3830 1449 3925 1497 καὶ
3955 1449 3984 1497 ό

2404 1535 2530 1596 Υἱὸς
2557 1533 2878 1604 ἐργάζεται,
2907 1533 3044 1586 ἀλλά
3086 1534 3227 1586 κατὰ
3257 1535 3387 1602 μίαν
3421 1534 3518 1587 καὶ
3549 1535 3646 1605 τὴν
3677 1536 3849 1606 αὐτὴν
3885 1537 3980 1588 ού-

2405 1628 2570 1696 σιώδη
2607 1627 2702 1695 τῆς
2746 1627 2999 1696 θεότητος
3026 1626 3332 1697 ἐνέργειαν.
3365 1648 3382 1677 ι
3424 1628 3762 1696 Μετὲχουσιν
3782 1628 3982 1697 ούίκοῦν

2403 1717 2584 1770 πάντα
2633 1717 2728 1786 τῆς
2756 1718 3163 1787 δημιουργικῆς
3209 1734 3269 1770 τε
3307 1719 3401 1771 καί
3455 1721 3826 1789 προνοητικῆς
3885 1721 3982 1772 τοῦ

2403 1810 2538 1860 Θεοῦ
2587 1808 2898 1877 δυνάμεως,
2931 1808 3050 1861 ἀλλ’
3073 1807 3148 1872 ὡς
3175 1809 3205 1877 ἠ
3247 1809 3395 1861 οἰκία
3444 1811 3542 1878 τῆς
3571 1809 3664 1862 τοῦ
3693 1811 3982 1880 οἰκοδόμου

2401 1901 2667 1965 διανοίας,
2718 1901 2815 1953 καὶ
2859 1899 2958 1968 τῆς
2999 1900 3094 1952 τοῦ
3142 1900 3527 1954 οἰκοδεσπότου
3577 1902 3813 1970 δυνατῆς
3849 1919 3984 1970 προ-

2401 1993 2573 2054 νοίας,
2614 1994 2661 2044 εἰ
2703 1993 2812 2060 ἄρα
2845 1991 3032 2060 μέλλει
3067 1991 3416 2046 συνεστάναι.
3455 1994 3536 2046 Τὰ
3565 1993 3622 2045 δὲ
3653 1993 3849 2062 λογικὰ
3884 1997 3983 2046 καὶ

2399 2080 2604 2149 ὁρῶσιν
2632 2085 2691 2132 ἐκ
2719 2081 2826 2130 τῶν
2867 2081 3208 2147 κτισμάτων,
3233 2081 3482 2150 λογισμῷ
3517 2084 3731 2152 μέντοι,
3765 2086 3868 2153 τὴν
3901 2085 3980 2152 τῷ

2402 2176 2599 2246 κτίστῃ
2651 2174 2811 2241 φύσει
2861 2175 3174 2243 προσοῦσαν
3225 2177 3540 2245 ἀγαθότητα
3573 2179 3667 2228 καὶ
3718 2177 3981 2245 δύναμιν.

2400 2268 2569 2320 Μόνοι
2602 2267 2658 2319 δὲ
2692 2269 2785 2319 καὶ
2818 2267 3109 2336 μετέχουσι
3143 2269 3236 2320 καὶ
3273 2269 3472 2336 ἐρῶσιν
3503 2270 3552 2320 οἳ
3580 2268 3728 2336 ᾶ-,ιιοι
3750 2273 3982 2338 κυρΐως,

2399 2360 2489 2413 διὰ
2519 2361 2618 2425 τῆς
2650 2358 2744 2411 τοῦ
2780 2360 3402 2428 Πνεύματοςιμεθέξεως
3447 2361 3703 2424 θεοειδεῖς
3753 2364 3986 2429 γεγοκόο

2401 2469 2515 2515 τες,
2550 2453 2642 2505 καὶ
2669 2452 2898 2505 θεοειδεῐ
2937 2452 3170 2521 δυνάμει
3201 2452 3565 2526 λαμπρότητα
3611 2455 3748 2509 Θεοῦ
3783 2457 3988 2520 ἰδόντες

2402 2547 2496 2598 καὶ
2527 2545 2791 2606 παθόντες
2824 2546 2917 2598 καὶ
2949 2546 3267 2616 ὑπερφυοῦς
3301 2548 3534 2615 ἀγλαΐας
3573 2547 3988 2618 πληρωθέντες,

2402 2641 2495 2691 καί⁵
2523 2641 2678 2692 αὐτοὶ
2706 2638 2959 2707 διἀύτῆς
2982 2640 3312 2710 ἀπορρήτους
3341 2641 3657 2709 αἰγλήεντες
3684 2644 3994 2709 ἀναφανέν-

2402 2750 2514 2794 τες.
2555 2734 2627 2785 Τὸ
2665 2733 2774 2803 γὰρ
2811 2733 3037 2800 Πνεῦμα
3065 2733 3123 2784 τὸ
3156 2733 3336 2799 ἅγιον,
3375 2735 3516 2786 κατὰ
3546 2735 3636 2785 τὸν
3671 2736 3848 2803 μέγαν
3881 2731 3990 2801 φάο

2404 2844 2492 2878 ναι
2521 2827 2818 2890 Βασίλειον,
2855 2827 3032 2878 πάντα
3065 2827 3162 2893 μὲν
3187 2825 3389 2894 πληροῖ
3423 2829 3486 2895 τῇ
3515 2828 3766 2894 δυνάμει,
3803 2829 3991 2895 μόνοις

2405 2919 2460 2970 δέ
2501 2919 2614 2970 ἐστι
2654 2917 2918 2986 μεθεκτὸν
2951 2921 3060 2978 τοῖς
3095 2917 3264 2980 ἀξίοις
3295 2934 3307 2945 ·
3339 2919 3431 2970 καὶ
3461 2917 3746 2988 ὰχὼρητον
3778 2920 3880 2988 μὲν
3913 2921 3994 2985 τῷ

2406 3013 2621 3082 κόσμῳ,
2657 3017 2769 3074 τοῖς
2803 3010 2982 3078 ἁγίοις
3015 3010 3071 3063 δὲ
3119 3011 3303 3078 μόνοις
3334 3011 3422 3064 διὰ
3456 3012 3812 3081 καθαρότητα
3850 3032 3995 3080 καρο

2405 3101 2524 3161 δίας
2557 3099 2831 3170 θεωρητόν
2854 3116 2867 3129 ’
2904 3101 2999 3152 καὶ
3045 3102 3178 3153 πᾶσι
3219 3091 3339 3169 ρμέν
3384 3103 3672 3170 πάρεστιν,
3701 3103 3841 3156 ἀλλὰ
3878 3107 3997 3166 τοῖς

705 3197 888 3248 vultus
916 3192 1127 3264 efﬁgies
1160 3208 1267 3246 non
1301 3194 1356 3246 in
1389 3194 1652 3248 omnibus
1679 3196 2008 3263 exprimitur
2033 3197 2284 3262 materiis1

2408 3193 2508 3261 μέν
2537 3192 2908 3262 καθαρεύουσι
2940 3192 3049 3245 τῶν
3087 3192 3283 3246 παθῶν
3312 3194 3410 3264 τὴν
3441 3193 3580 3279 ἰδίαν
3608 3196 3873 3263 ἐμφαίνει
3904 3197 3998 3248 δύο

703 3287 798 3341 scd
838 3287 905 3342 iis
935 3299 1147 3340 tantum
1175 3303 1296 3353 qua:
1327 3289 1511 3354 aliqua
1548 3287 1771 3342 levitate
1805 3289 2046 3357 prarditaz
2072 3298 2202 3343 sunt
2229 3305 2292 3344 ac

708 3375 1118 3448 pelluciditatat,
1149 3379 1227 3433 sic
1251 3395 1358 3432 non
1409 3383 1459 3431 in
1493 3381 1747 3435 omnibus
1799 3381 2002 3436 animis
2053 3381 2294 3451 Spiritus

704 3467 1189 3541 sancti-operatio,
1226 3473 1321 3526 sed
1359 3473 1409 3524 in
1447 3473 1532 3526 liis
1570 3483 1782 3527 tantum
1816 3490 1939 3543 qua:
1979 3476 2114 3529 nihil
2152 3476 2293 3530 obli-

701 3565 796 3632 qui
859 3564 1056 3619 habent
1095 3564 1178 3616 vel
1213 3563 1416 3631 asperi.
1459 3563 1625 3619 Vides
1659 3566 1826 3634 igitur
1861 3566 2127 3636 Spiritum
2164 3583 2294 3622 san-

701 3666 849 3710 ctum
897 3655 1154 3709 omnibus
1187 3656 1383 3710 adesse
1415 3656 1636 3725 quidem
1681 3659 1952 3719 essentia.
1986 3659 2069 3714 vel
2112 3660 2157 3714 si
2191 3660 2296 3725 vis,

701 3750 903 3801 virtute
928 3756 976 3801 et
1010 3747 1350 3815 operatione.
1379 3748 1778 3802 communicari
1809 3761 1992 3804 autem
2034 3761 2088 3804 et
2119 3751 2297 3804 mani-

701 3838 889 3891 fi-stari
947 3837 1185 3891 essentia
1271 3836 1506 3900 nemini,
1568 3840 1890 3906 operatione
1961 3854 2094 3895 vero
2160 3841 2295 3897 solis

699 3944 993 3998 pravarum
1028 3928 1395 3997 cupiditatum
1445 3929 1611 3983 sorde
1638 3931 1907 4001 purgatis.

2403 3301 2589 3352 ναμιν,
2630 3285 2743 3345 τοῖς
2773 3283 2828 3336 δὲ
2861 3285 2919 3335 τὸ
2958 3284 3287 3353 ἡγεμονικὸν
3329 3271 3740 3355 συγκεχυμένον
3775 3288 3999 3355 ἔχουσιν

2402 3376 2510 3428 ἀπὸ
2550 3376 2657 3427 τῶν
2685 3375 2788 3444 τῆς
2827 3376 3104 3444 ἁμαρτίας
3142 3375 3349 3428 σπίλων
3385 3377 3593 3429 ούκὲτι.
3626 3377 3846 3447 Ὥσπερ
3888 3382 3999 3447 γάρ

2403 3471 2457 3521 αἱ
2517 3469 2624 3520 τῶν
2672 3467 2988 3537 προσώπων
3041 3469 3318 3536 ἐμφάσεις
3373 3469 3473 3520 οὐκ
3524 3471 3582 3520 ἐν
3619 3470 3825 3531 πάσαις
3876 3475 3998 3531 ταῖς

2404 3561 2560 3623 ὕλαις
2587 3563 2851 3627 γίνονται,
2883 3561 3001 3612 ἀλλ’
3026 3563 3083 3613 ἐν
3123 3563 3244 3622 ταῖς
3283 3561 3543 3630 λειότητά
3581 3579 3704 3614 τινα
3754 3563 3847 3613 καὶ
3875 3563 4001 3614 δια-

2404 3655 2632 3723 φάνειαν
2675 3653 3080 3722 κεκτημέναις·
3132 3651 3306 3713 οὕτως
3357 3653 3456 3705 οὐκ
3505 3656 3564 3706 ἐν
3606 3655 3812 3715 πάσαις
3871 3658 3999 3715 ταῖς

2402 3748 2608 3818 ψυχαῖς
2663 3743 2826 3814 ήτοῦ
2883 3743 3202 3812 Πνεύματος
3255 3746 3533 3813 ἐνέργεια.
3589 3745 3706 3798 ἀλλ’
3767 3748 3826 3797 ἐν
3877 3749 4000 3808 ταῖς

2407 3840 2573 3908 μηδὲν
2609 3837 2824 3890 σκολιὸν
2855 3835 3108 3904 ἐχούσαις
3149 3837 3284 3904 μηδὲ
3318 3838 3790 3903 στραγγαλιῶδες.
3830 3838 4003 3907 Ὁρᾷς

2405 3933 2479 3994 ὼς
2521 3933 2656 3984 πᾶσι
2697 3929 2796 3999 μὲν
2828 3930 3067 3996 πάρεστι
3105 3929 3164 3981 τὸ
3190 3929 3349 3994 ἅγιον
3379 3928 3602 3995 Πνεῦμα
3634 3931 3756 3981 κατ’
3783 3930 4000 3996 οὐσίαν⁹

698 4025 839 4077 εἰδὲ
888 4022 1070 4092 βούλει
1113 4023 1381 4075 καὶκατὰ
1436 4022 1668 4112 δύναμίν
1717 4041 1778 4074 τε
1827 4026 1922 4077 καὶ
1971 4025 2283 4096 ἐνέργειαν,
2316 4027 2623 4098 μετέχεται
2655 4024 2710 4075 δὲ
2763 4023 2858 4075 καὶ
2891 4022 3241 4089 ἐπιφαίνεται
3272 4023 3414 4074 κατὰ
3467 4023 3566 4091 μὲν
3629 4025 3732 4092 τὴν
3801 4024 4001 4076 οὐσίαν

696 4119 895 4181 οὐδενὶ,
929 4118 1070 4171 κατὰ
1117 4117 1175 4168 δὲ
1215 4115 1312 4184 τὴν
1363 4118 1649 4185 ἐνέργειαν
1679 4117 1864 4184 μόνοις
1901 4121 2012 4181 τοίς
2055 4120 2147 4173 τὸν
2181 4121 2292 4172 ἀπὸ
2332 4121 2444 4173 τῶν
2477 4117 2732 4184 πονηρῶν
2767 4114 2961 4167 παθῶν
2996 4116 3362 4183 ἀποθεμένοις
3398 4116 3608 4170 σπῖλον.

774 4211 960 4265 ΤΙιεοι.
1003 4208 1139 4264 Vere
1199 4207 1492 4264 fallacibus
1541 4225 1665 4264 sese
1698 4209 1956 4265 irretiunt
1995 4214 2285 4282 argutiolis

698 4307 1015 4375 quicunque
1061 4302 1216 4356 vobis
1244 4301 1624 4356 contradicere
1657 4310 1933 4373 satagunt.
1963 4301 2100 4358 Cum
2135 4305 2282 4359 enim

699 4396 862 4449 ambo
887 4395 944 4448 in
977 4407 1264 4448 sacrorum
1297 4393 1630 4462 scriptorum
1651 4394 1806 4449 libris
1837 4395 1984 4450 clare
2006 4395 2290 4451 afﬁrmen-

700 4499 810 4551 tur,
843 4488 944 4556 ipsi
996 4499 1145 4539 nunc
1205 4485 1531 4539 alterutrum
1584 4485 1854 4540 duntaxat
1907 4487 2056 4542 velut
2109 4488 2286 4543 solum

2472 4210 2638 4265 Θεότ.
2680 4211 2894 4272 Ὄντως
2928 4210 3071 4276 σφᾶς
3103 4208 3304 4271 αὐτοὺς
3332 4207 3789 4278 παρακρούονται
3816 4225 3875 4262 τε
3909 4213 4008 4262 καὶ

2400 4293 2872 4369 κατασοφίζονται
2928 4300 3133 4363 πάντες
3189 4303 3238 4352 οἰ
3295 4302 3606 4368 ἀντιλέγειν
3661 4304 4002 4368 ¹σπεύδοντες

2366 4418 2368 4421 ν
2402 4395 2554 4463 ὑμῖν.
2607 4394 2961 4463 Ἀμφοτέρων
3006 4393 3115 4461 γάρ
3143 4394 3203 4444 ἐν
3228 4395 3347 4454 ταῖς
3378 4393 3745 4463 ἀγιογράφοις
3783 4396 4001 4456 δέλτοις

2405 4486 2594 4555 σαφῶς
2628 4485 3147 4555 ὑπαγορευομένων,
3182 4485 3339 4539 αὐτοὶ
3382 4484 3475 4536 νῦν
3516 4485 3614 4551 μὲν
3641 4485 3738 4537 τοῦ
3773 4487 3899 4548 ἐνὸς
3923 4487 4000 4547 ὡς

699 4579 904 4632 dictum
948 4585 1323 4648 propugnant,
1356 4592 1504 4631 nunc
1542 4571 1883 4633 invehuntur
1911 4589 2106 4635 contra
2147 4582 2284 4636 alte-

2400 4581 2566 4633 αὖτοῦ
2605 4581 2772 4648 μόνου
2801 4579 3101 4650 εἰρημένου
3133 4578 3294 4647 δῆθεν
3325 4578 3868 4647 ύπεραγωνίζονται,
3900 4579 4000 4630 νῦν

701 4671 1028 4740 τιιιιι,(ίιυτιεί
1055 4684 1162 4723 non
1188 4677 1483 4739 utrumque
1509 4669 1769 4725 distincte
1789 4672 2090 4728 diceretur;
2115 4675 2183 4729 Et
2207 4674 2289 4729 sic

701 4766 862 4824 iidem
915 4763 1054 4817 idem
1111 4771 1367 4816 astruunt
1418 4777 1483 4818 ac
1541 4763 1891 4817 destruunt:
1958 4779 2085 4818 cum
2137 4767 2284 4821 enim

699 4853 1094 4910 communicari
1153 4855 1412 4908 omnibus
1467 4855 2056 4921 supersubstantialem
2096 4872 2288 4913 esseu-

698 4953 828 5003 tiaui
862 4949 1224 5011 contendant.
1271 4948 1588 5006 necessario
1629 4948 1941 5004 increatum
1973 4950 2287 5005 communi-

696 5043 809 5095 cari
841 5044 1055 5097 cunctis
1089 5042 1548 5112 participantibus
1580 5041 1859 5106 fatentur;
1913 5054 2040 5095 cum
2095 5048 2282 5098 autem

696 5146 934 5190 creatam
965 5137 1154 5191 dicunt
1183 5137 1440 5205 gratiam,
1474 5135 1781 5190 increatum
1808 5148 1877 5188 ne
1901 5131 2037 5203 ipsis
2061 5135 2282 5206 quidem

696 5230 978 5283 caelitibus
995 5229 1392 5282 communicari
1423 5237 1750 5297 agnoscunt.

770 5320 1000 5388 Tlieoplt.
1031 5318 1470 5389 Oppositionem,
1504 5333 1536 5372 o
1565 5319 1764 5385 amice,
1791 5328 2046 5388 quaerunt
2101 5320 2281 5388 quoad

694 5431 917 5478 nomen,
958 5413 1099 5467 haud
1134 5413 1315 5483 quoad
1349 5428 1460 5467 rem
1517 5413 1741 5467 nomine
1788 5413 2174 5483 significatam.
2213 5413 2284 5467 At

692 5505 735 5557 si
775 5505 839 5557 ad
875 5505 1244 5574 significatum
1296 5504 1586 5557 advertant
1621 5511 1882 5567 mentem,
1925 5519 2033 5558 non
2066 5505 2281 5573 species

691 5598 961 5650 duntaxat
983 5597 1414 5667 significatorum
1439 5596 1764 5662 diviserunt,
1798 5596 1894 5650 sed
1920 5612 1984 5650 eo
2016 5613 2283 5665 pervene-

697 5700 837 5745 runt
859 5701 917 5744 ut
942 5690 1324 5759 discerperent
1353 5705 1464 5744 rem
1494 5689 1668 5759 ipsam
1695 5689 1761 5743 de
1785 5706 1891 5760 qua
1916 5702 1996 5746 est
2025 5693 2281 5761 quaestio.

695 5781 754 5836 In
796 5782 879 5836 his
915 5783 1077 5851 igitur
1108 5782 1326 5836 sibimet
1343 5780 1500 5835 inviti
1527 5781 1949 5845 contradicunt,
1980 5799 2284 5852 eorumque

674 5875 1065 5950 cogitationes
1107 5882 1162 5931 ct
1198 5888 1484 5929 sermones
1515 5874 1658 5930 velut
1695 5875 1750 5929 in
1792 5874 1907 5932 alca
1949 5877 2284 5936 circumvol-

2397 4672 2453 4724 δὲ
2495 4670 2736 4739 χωροῦσι
2783 4671 2928 4722 κατὰ
2963 4668 3059 4724 τοῦ
3092 4670 3316 4738 ἐτέρου,
3339 4668 3416 4731 ὡς
3450 4669 3524 4738 μὴ
3553 4670 3856 4739 εἰρημένου
3891 4673 3992 4724 καὶ

2401 4763 2512 4816 οὐδ’
2545 4764 2812 4833 ἐκατέρου
2847 4761 3172 4832 ὡρισμένως
3195 4778 3210 4794 ο
3249 4761 3326 4824 ὡς
3356 4757 3498 4815 εῖναι
3525 4762 3655 4825 τοὺς
3685 4763 3895 4823 αὐτοὺς
3929 4764 3992 4815 τὸ

2393 4857 2523 4909 αὐτὸ
2577 4854 3094 4918 κατασκευάζοντας
3138 4857 3238 4908 -καί
3280 4854 3666 4924 ἀναιροῦντας.
3699 4855 3839 4908 Ὅτε
3893 4856 4000 4924 μὲν

2395 4949 2504 5014 γὰρ
2541 4948 2817 5018 μεθεκτὴν
2842 4944 3142 5017 ἇπασιτὴν
3171 4947 3614 5018 ὑπερουσιὸτητα
3647 4947 3878 5013 ἐκείνην
3909 4948 4002 4999 λέ-

2393 5060 2606 5111 γουσιν,
2642 5041 2702 5106 ἐξ
2731 5040 2982 5109 ἀνάγκης
3025 5039 3288 5093 ἀκτίστου
3322 5039 3527 5091 διδόασι
3557 5036 3820 5107 μετέχειν
3854 5041 4000 5092 πάνε-

2391 5153 2490 5197 τας
2519 5136 2646 5198 τοὺς
2684 5133 3052 5203 μετέχοντας⁶
3083 5130 3173 5183 ὅτε
3205 5131 3260 5182 δὲ
3290 5131 3516 5200 κτιστὴν
3540 5129 3640 5200 τὴν
3670 5129 3861 5199 χάριν,
3892 5134 4000 5183 οὐκ

2395 5229 2654 5282 ἀκτίστου
2701 5225 2812 5279 οὐδ’
2853 5225 3052 5286 αὐτοὺς
3093 5223 3340 5283 ἐκείνους
3389 5223 3514 5284 τοὺς
3551 5222 3996 5291 ὐπερκοσμίους.

2471 5323 2647 5387 Θεοφ.
2682 5318 2796 5387 Τὴν
2821 5317 2964 5370 κατὰ
2985 5317 3047 5368 τὸ
3073 5316 3248 5386 ὄνομα
3277 5315 3439 5384 μόνον
3467 5313 3772 5378 ἀντίθεσιν,
3797 5307 3845 5366 ὦ
3875 5315 4005 5383 βέλ-

2396 5431 2570 5479 τιο-ε,
2603 5411 2886 5482 ζητοῦσιν,
2937 5411 2997 5463 ού
3043 5409 3142 5481 τὴν
3174 5413 3315 5462 κατά
3343 5408 3403 5462 τὸ
3438 5408 3543 5462 ὑπὸ
3583 5407 3680 5461 τοῦ
3721 5409 4001 5479 ὀνόματος

2396 5505 2751 5576 δηλούμενον.
2785 5502 2848 5555 Εἰ
2898 5501 2954 5554 δέ
3004 5519 3110 5554 που
3151 5502 3246 5555 καὶ
3287 5502 3426 5568 πρὸς
3465 5502 3525 5554 τὸ
3573 5505 4004 5572 σημαινόμενον

2397 5599 2794 5670 ἐπιστρέφουσι
2820 5595 2913 5647 τὸν
2941 5593 3084 5657 νοῦν,
3112 5595 3173 5647 οὐ
3199 5595 3268 5647 τὰ
3289 5591 3537 5662 εἴδητῶν
3561 5597 4005 5666 σημαινομένων

2395 5688 2721 5756 διαιροῦσιν,
2755 5686 2834 5750 ὠς
2883 5685 3258 5748 ἀπολαϐόντες
3310 5683 3558 5755 ἀκριϐῶς
3601 5686 3883 5752 ἐφίκοντο,
3934 5682 4005 5742 οὗ

2397 5784 2564 5836 ἕνεκα
2601 5783 2634 5852 ὴ
2666 5780 2922 5850 ζήτησις.
2967 5776 3135 5829 Ταῦτ’
3170 5777 3279 5846 ἄρα
3323 5779 3417 5829 καὶ
3449 5777 3605 5850 αὐτοὶ.
3637 5778 3861 5853 ἑαυτοῖς
3893 5782 4006 5851 οὔχ

2398 5875 2619 5938 ἑκόντες
2652 5867 2794 5926 εἶναι
2825 5869 3243 5943 περιπίπτουσι,
3280 5869 3534 5942 καθάπερ
3567 5871 3624 5921 ἐν
3658 5872 3857 5941 xum-'5}
3896 5874 4007 5947 τῆ;
