4274 6452
231 413 235 415 ’
260 400 365 464 957

1622 407 2156 471 ΤιιΕοΡΗΑΝΕς.

3385 411 3493 474 958

254 510 495 567 διανοίας
522 511 672 578 σφ’ςι
702 512 793 563 καὶ
827 511 930 563 τῶν
963 513 1137 579 λόγων
1167 515 1603 584 κυλινδουμένων
1641 537 1696 570 τε
1735 520 1826 570 κειί
1862 524 1883 573 Α

1885 531 1900 572 t
1933 528 2156 577 runtur.
2182 518 2459 584 jactantur
2485 517 2707 586 passim,
2740 525 2790 569 et
2829 531 3042 584 semper
3081 515 3348 570 diversam
3373 534 3502 570 cur-

260 602 826 673 μεταρῥιπτονμὲνων
862 605 955 657 καὶ
984 606 1066 657 ἀεὶ
1100 609 1556 674 παραφαινόντων
1587 611 1670 662 Et:
1684 613 1821 678 ροῖα.

257 694 429 744 Τοῦτο
460 695 516 746 δέ
557 713 644 763 μοι
676 694 891 747 δοκοῦσι
925 699 1018 747 καὶ
1046 698 1197 751 αὐτοὶ
1235 700 1536 761 συνιδόντες
1567 701 1616 752 ol
1641 702 1707 754 τὰ
1734 700 1824 753 τοῦ

259 785 527 861 Euphrati
578 785 994 850 ἑπεκδικοῦντες
1049 792 1194 857 σαιρῆ
1249 791 1565 860 προτιθέναι
1619 793 1685 845 τὰ
1735 792 1826 845 ὑπ’

255 875 444 934 αὐτῶν
487 876 579 927 καὶ
633 875 719 928 διὰ
775 878 1118 946 γραμμάτων
1171 882 1574 950 κρατυνόμενα,
1635 881 1827 953 μηκέτ’

255 968 450 1020 ἔπειτα
479 968 702 1036 τολμᾷν.
742 969 815 1019 Οὐ
841 969 948 1036 γὰρ
978 970 1043 1023 ἂν
1081 959 1497 1040 ὑπολογίσαιντο
1536 976 1634 1043 τὴν
1668 993 1825 1027 συνο-

252 1060 412 1126 δίιὴν
462 1062 756 1126 ἀπόφασιν,
791 1061 824 1129 ἢ
863 1062 932 1128 μὴ
979 1065 1090 1121 τοῖς
1135 1065 1409 1130 γράφουσι
1464 1067 1648 1131 μόνον,
1688 1067 1826 1119 ἀλλὰ

255 1153 348 1201 καὶ
395 1153 507 1211 τοῖς
550 1151 801 1216 λέγουσιν
845 1152 1176 1222 ἐπήρτηται,
1211 1149 1538 1208 καὶτούτων
1584 1158 1828 1224 ἀμφοτὲ-

257 1259 336 1306 ρα
349 1259 396 1302 ς,
433 1242 619 1302 αὐτοῖς
649 1244 761 1301 τοῖς
788 1242 997 1294 κινοῦσι
1025 1244 1120 1294 καὶ
1145 1245 1564 1312 κατηγοροῦσιν,
1591 1243 1706 1297 ἀλλ’
1731 1247 1826 1316 οὐχ

254 1334 391 1399 ἡμῖν
422 1334 533 1392 τοῖς
562 1331 875 1398 ἀναγκαίως
910 1333 1045 1400 πρὸς
1079 1333 1375 1400 ἀπολογίαν
1403 1337 1738 1408 ἐρχομένοις.

329 1425 496 1476 Θεότ.
548 1422 690 1475 Ἀλλ’
742 1424 930 1492 ἐπειδὴ
985 1425 1072 1488 σὺ,
1109 1427 1402 1492 Θεόφανες,
1464 1428 1687 1491 δικαίως
1735 1430 1828 1482 καὶ

255 1513 441 1574 καλῶς
472 1515 908 1582 ἀπολογούμενος
954 1515 1013 1567 τὸ
1049 1518 1144 1584 τῆς
1180 1520 1368 1579 οὐσίας
1405 1520 1578 1587 ὄνομα
1612 1521 1826 1583 διεῖλες,

256 1604 467 1669 μᾶλλον
525 1603 582 1655 δὲ
632 1598 923 1667 ἀπέδειξας
982 1604 1174 1666 διττῶς
1231 1609 1381 1677 παρὰ
1441 1610 1539 1677 τῆς
1602 1611 1827 1680 Γραῑφῆς

253 1694 760 1763 ἑκλαμόανόμενον,
808 1696 902 1748 νῦν
935 1698 1036 1765 μὲν
1067 1698 1158 1750 ἐπὶ
1191 1700 1287 1765 τῆς
1320 1701 1629 1769 άμεθέκτου
1659 1703 1828 1772 utrep-

253 1786 582 1855 ουσιότητος
637 1786 879 1856 ἐκείνης,
912 1789 1007 1841 νῦν
1033 1790 1080 1842 δ’
1110 1792 1199 1842 ἐπὶ
1228 1793 1337 1844 τῶν
1370 1793 1618 1861 φυσικῶν
1646 1812 1701 1847 τε
1737 1795 1830 1846 καὶ

250 1877 555 1942 οῦειωδῶν,
601 1879 636 1932 ἃ
688 1879 934 1942 ὲστιτοϊς
982 1881 1159 1948 ἁγίοις
1199 1883 1381 1952 μόνοις
1438 1886 1642 1956 κυρίως
1698 1885 1830 1956 μεθ-

251 1969 417 2027 εκτά,
468 1969 591 2022 κατ’
637 1969 800 2022 αὐτὰ.
843 1971 950 2040 γὰρ
983 1973 1119 2025 Θεοῦ
1154 1973 1253 2025 καὶ
1301 1975 1605 2045 ἀνθρώπων
1639 1978 1833 2041 ’ἐνωσις

251 2060 529 2113 τελεῖται·
559 2056 649 2132 ἆρ’
681 2061 826 2132 ἔχεις
868 2063 1068 2127 αὐτοὺς
1108 2064 1234 2128 τοὺς
1278 2066 1467 2134 ἁγίους
1507 2085 1828 2140 συμμαρτυ-

258 2152 498 2219 ροῦντάς
523 2171 608 2206 σοι
641 2153 721 2222 τῷ
748 2155 890 2223 λόγῳ
913 2155 1105 2222 δεῖξαιἓ
1139 2158 1212 2222 ὡς
1243 2158 1418 2211 αὐτῶν
1451 2161 1556 2212 τῶν
1589 2164 1834 2230 φυσικῶν

249 2246 354 2302 τοῦ
383 2245 521 2298 Θεοῦ
555 2247 1029 2317 μεταλαγχάνουσι
1071 2250 1164 2303 καὶ
1189 2251 1260 2302 δι’
1293 2252 1472 2304 αὐτῶν
1500 2255 1662 2307 αὑτὸν
1696 2257 1836 2326 ὀρῶ-

253 2353 366 2398 σιν,
400 2335 518 2389 ἀλλ’
550 2337 649 2389 οὐκ
687 2338 793 2390 duo
826 2339 932 2389 τῶν
953 2339 1272 2408 κτισμάτων
1311 2343 1495 2412 μόνον,
1524 2345 1598 2403 ὡς
1631 2347 1833 2415 ήμεῖςς

333 2433 513 2499 Θεοφ.
549 2429 659 2483 Καὶ
690 2431 774 2493 τίς
813 2430 879 2484 ἂν
912 2432 1056 2486 τοῦτ’
1105 2433 1283 2487 εἰπεῖν
1318 2435 1589 2504 ἐτόλμησε
1626 2456 1698 2509 μη
1727 2440 1836 2492 τῶν

254 2521 429 2590 πείρα
457 2522 743 2590 μαθόντων
777 2522 1102 2588 ἔξειπόντων
1134 2544 1148 2590 ;
1196 2527 1254 2580 Ὀ
1284 2527 1391 2600 γὰρ
1422 2531 1586 2600 πείρα
1622 2529 1831 2601 μαθὼν,

251 2609 416 2678 οὗτος
449 2611 559 2668 οἶδε
590 2617 750 2685 μόνος
780 2618 875 2680 τὰς
909 2620 1192 2689 ἐνεργείας
1228 2621 1320 2674 τοῦ
1351 2624 1692 2694 Πνεῦματος.

333 2710 500 2762 Θεότ.
533 2710 628 2772 Τίς
665 2709 759 2762 οὖν
792 2710 820 2762 ό
861 2711 1125 2780 ἐξειπών;

333 2803 514 2872 Θεοφ.
544 2801 819 2868 ’Ἅπαντες
859 2805 919 2858 οὐ
944 2805 1122 2873 λόγοις
1155 2808 1335 2876 μόνον,
1371 2809 1505 2863 ἀλλά
1531 2812 1624 2864 καὶ
1655 2813 1837 2875 αὐτοῖς

255 2898 372 2955 τοῖς
423 2895 717 2964 πράγμασι
752 2897 846 2950 καὶ
896 2899 1191 2965 θαύμασιν,
1231 2902 1362 2955 ὅσοι.
1401 2904 1582 2970 μέντοι
1613 2904 1720 2957 τῶν
1749 2905 1835 2957 ὲν-

256 2989 416 3042 οένδε
449 2989 858 3056 μεταστάντων,
891 2990 979 3043 διὰ
1023 2992 1132 3044 τῶν
1169 2993 1614 3062 ὲξενηνεγμένων
1653 2997 1837 3064 σφίσιν

254 3085 468 3140 ινοέων
495 3084 950 3153 συγγραμμάτων
978 3084 1057 3138 ἔτι
1089 3086 1325 3139 σύνεισιν
1347 3090 1501 3154 ἡμῖν,
1527 3090 1646 3142 οὐδὲ
1677 3089 1836 3161 μέχρι

1934 611 2033 658 sint
2078 609 2372 661 ostendunt
2411 607 2623 660 faciem.
2662 607 2788 660 Mihi
2824 617 2999 658 autem
3034 605 3248 659 videtur
3279 623 3373 661 eos
3404 608 3494 673 qui

1930 699 2173 752 Barlaam
2208 699 2529 759 defendunt.
2554 698 2604 751 id
2633 699 2747 767 jam
2780 713 2884 750 non
2915 713 3167 758 ausuros,
3191 698 3316 765 quia
3351 699 3496 752 clare

1931 789 2203 859 divulgata
2256 787 2436 841 vident
2481 802 2600 855 quae
2633 802 2763 840 voce
2805 795 2856 838 et
2906 787 3124 855 scriptis
3169 787 3443 840 stabiliuut
3480 804 3494 840 :

1929 897 2051 934 nam
2101 879 2549 948 parvipeuderent
2602 878 2794 948 synodi
2844 879 3156 939 decretum,
3211 895 3329 947 ane
3392 893 3494 931 non
3566 868 3569 869 ν

1929 973 2297 1028 scribentibus
2340 980 2568 1032 tantum,
2606 971 2700 1024 sed
2756 970 2915 1022 etiam
2947 970 3254 1024 dicentilms
3291 969 3497 1037 impen-

1928 1067 2036 1123 det.
2068 1075 2120 1118 et
2149 1066 2342 1117 horum
2400 1063 2662 1130 utrisque,
2725 1078 2915 1128 nempe
2972 1063 3417 1129 promoveutibus
3443 1072 3496 1112 et

1931 1158 2335 1219 accusantibus.
2396 1173 2500 1210 non
2525 1171 2650 1209 vero
2691 1156 2873 1217 nobis,
2911 1169 3046 1224 quos
3102 1156 3400 1208 necessitas
3430 1155 3494 1206 ad

1933 1246 2303 1301 defensionem
2339 1249 2508 1315 cogit.

2007 1423 2187 1478 Tlteot.
2245 1425 2349 1479 Sed
2389 1425 2516 1494 quia
2574 1435 2650 1485 tu,
2710 1424 3093 1491 Theophanes.
3148 1437 3198 1481 to
3251 1428 3394 1492 juste
3446 1435 3500 1477 et

1931 1516 2071 1570 bene
2115 1517 2434 1578 defendens.
2486 1517 2738 1570 essentirc
2794 1532 2986 1570 nomen
3045 1517 3358 1580 distinxisti,
3416 1517 3497 1568 vel

1933 1607 2115 1676 potius
2147 1607 2435 1661 ostendisti
2471 1609 2670 1675 duplici
2712 1623 2873 1665 sensu
2914 1610 3084 1675 accipi
3119 1610 3170 1661 in
3198 1609 3498 1674 Scriptura,

1937 1715 2081 1753 nunc
2149 1715 2248 1769 pro
2311 1700 2812 1755 incommunicabili
2879 1703 3501 1768 supersnbstautialique

1934 1799 2150 1854 natura,
2189 1806 2333 1844 nunc
2364 1805 2461 1859 pro
2495 1791 2834 1844 naturalibus
2867 1803 2912 1842 et
2951 1792 3352 1849 eSsentialibus.
3386 1807 3506 1858 quze

1937 1889 2059 1934 sunt
2092 1881 2224 1935 solis
2254 1881 2459 1935 sanctis
2488 1882 2706 1949 preprie
2746 1882 3243 1943 communieahilia,
3267 1900 3359 1950 per
3391 1884 3506 1935 haec

1936 1973 2080 2025 enim
2111 1972 2169 2024 iit
2190 1971 2282 2025 Dei
2307 1980 2359 2025 et
2389 1971 2666 2024 hominum
2698 1974 2826 2024 nnio
2853 1991 2865 2024 ε
2894 1976 3506 2040 potesnedemonstrare

1938 2065 2084 2132 ipsos
2122 2075 2342 2118 sanctos
2397 2073 2572 2117 tecum
2630 2067 2793 2118 verbo
2832 2064 3019 2117 tessari
3071 2066 3184 2134 ipsa
3221 2065 3312 2120 Dei
3347 2079 3508 2120 natu-

1939 2155 2068 2208 ralia
2118 2156 2221 2208 sibi
2266 2155 2683 2217 communicari,
2719 2172 2953 2224 eumque
2990 2157 3244 2227 per:th
3276 2174 3303 2209 a
3340 2173 3397 2209 se
3433 2159 3512 2210 vi-

1937 2247 2073 2312 deri,
2099 2263 2204 2300 non
2238 2263 2365 2301 vero
2393 2263 2487 2317 per
2518 2257 2818 2312 creaturas,
2842 2250 2980 2304 sicut
3009 2266 3036 2303 a
3069 2252 3226 2305 nobis
3264 2252 3508 2304 videtur?

2011 2428 2234 2493 Theoph.
2274 2430 2336 2482 Et
2392 2429 2514 2498 quis
2573 2431 2671 2483 hoc
2725 2430 2906 2487 dicere
2967 2414 3192 2487 auderet
3225 2435 3369 2500 quod
3404 2448 3507 2486 non

1939 2522 2242 2574 revelarttnt
2289 2521 2379 2588 qui
2417 2522 2743 2591 experientia
2786 2523 3006 2576 sciunt?
3037 2523 3136 2589 Qui
3173 2526 3314 2577 enim
3346 2540 3512 2593 expe-

1937 2609 2130 2663 rientia
2161 2610 2366 2675 didicit,
2397 2611 2480 2665 hic
2520 2611 2673 2665 solus
2705 2613 3214 2681 uovitoperatioues
3251 2615 3506 2683 Spiritus.

2002 2700 2183 2757 Theot.
2217 2701 2348 2767 Quis
2378 2703 2545 2767 igitur
2571 2704 2860 2757 revelavit?

2011 2793 2238 2862 TheOph.
2289 2794 2488 2849 Omnes
2544 2797 2636 2863 qui
2691 2811 2752 2848 ex
2805 2795 2887 2847 his
2946 2797 3102 2849 terris
3141 2798 3511 2860 transierunt;

1940 2885 2032 2951 qui
2065 2900 2157 2952 per
2187 2900 2282 2937 sua
2318 2885 2519 2952 scripta
2553 2886 2814 2939 divinitus
2838 2887 2978 2939 edita
3015 2888 3299 2944 uobiscum
3331 2889 3512 2943 adhuc

1940 2986 2354 3039 conversantur,
2393 2977 2466 3028 illi
2513 2991 2619 3033 nan
2669 2978 3014 3031 sermonibus
3056 2989 3262 3031 tantum
3316 2981 3406 3032 sed
3460 2989 3514 3034 et
3597 3040 3602 3045 _

1941 3066 2252 3120 actionibus
2281 3076 2333 3119 et
2368 3068 2650 3124 miraculis
2677 3082 2852 3134 neque
2891 3070 3156 3124 hactenus
3207 3071 3511 3132 desierunt,

250 3178 356 3233 νόν
384 3176 620 3244 ἀνῆκαν,
653 3177 763 3230 οὐδ’
794 3179 1098 3245 ἀνήσουσιν
1129 3179 1569 3252 ἀπαγγέλλοντες
1599 3156 1831 3250 τρανῶς.
1863 3180 1883 3241 (

1885 3179 1909 3241 3
1943 3173 2115 3227 neque
2155 3174 2393 3227 unquam
2427 3159 2674 3214 desinent
2707 3161 2754 3211 id
2781 3156 2924 3214 clare
2962 3163 3118 3220 nobis
3142 3163 3512 3218 manifestare.

334 3366 500 3421 Θεότ.
533 3366 693 3435 Τρεῖς
725 3363 913 3434 ἔμοιγε
953 3364 1088 3433 πρὸς
1119 3364 1415 3435 βεϐαίωσιν
1439 3367 1837 3437 άποχρησουσι,

255 3459 536 3524 Θεόφανες
569 3476 584 3490 ο
628 3458 904 3511 ἐπιδείκνυ
946 3462 1126 3512 τοίνυν
1172 3460 1342 3527 μηδὲν
1375 3461 1839 3531 ἀναϐαλλόμενος.

333 3553 512 3618 Θεοφ.
560 3552 826 3620 Δείκνυμι
883 3552 971 3618 δή.
1024 3553 1135 3604 Καὶ
1188 3552 1299 3621 γὰρ
1337 3553 1364 3605 ό
1422 3555 1486 3606 ἐκ
1545 3552 1841 3621 Δαμασκοῦ

261 3643 407 3704 θεῖος
458 3642 711 3710 Ἰωάννης
741 3644 802 3695 τδ
842 3641 1064 3711 λάμψαν
1099 3642 1186 3695 ἐπ’
1217 3642 1379 3712 ὅρους
1403 3643 1510 3696 ἀπὸ
1539 3643 1632 3696 τοῦ
1659 3633 1842 3707 {uni-.-

262 3753 361 3804 ρος
393 3734 528 3802 φῶς.
557 3735 585 3787 ὂ
623 3735 826 3797 ἰδόντες
871 3735 1083 3805 Πέτρος
1117 3734 1212 3789 καὶ
1238 3736 1286 3790 οί
1318 3736 1416 3805 τῆς
1463 3735 1696 3806 βροντῆς
1731 3736 1843 3788 υίοὶ

258 3828 330 3880 τὰ
373 3827 634 3896 προοίμια
663 3828 762 3895 τῆς
796 3827 1102 3896 μελλούσης
1135 3826 1304 3881 αὐτοῦ
1345 3828 1669 3895 παρουσίας,
1701 3828 1845 3880 κατὰ

259 3920 357 3976 τὸν
391 3919 567 3985 μέγαν
608 3918 915 3982 Βασίλειον,
953 3917 1256 3986 ὀφθαλμοῖς
1288 3916 1474 3970 λαϐεῖν
1498 3916 1845 3985 κατηξιώθη-

261 4030 389 4077 σαν,
429 4004 491 4064 οὗ
529 4012 762 4080 πλήρεις
786 4010 1007 4064 ἔσονται
1033 4010 1195 4063 κατὰ
1226 4010 1318 4063 τδν
1352 4009 1526 4078 μέγαν
1568 4007 1846 4062 Διονύσιον

259 4105 473 4164 πάντες
500 4105 548 4155 οί
597 4103 995 4169 Χριστοειδεῐς,
1049 4101 1172 4156 καθ’
1207 4101 1236 4156 ὃ
1273 4102 1366 4154 καὶ
1413 4101 1723 4170 λάμψουσιν
1771 4101 1848 4164 ὡς

255 4197 286 4248 ὁ
317 4196 495 4264 ἥλιος,
532 4193 676 4246 κατὰ
697 4193 790 4245 τὸν
822 4193 999 4260 μέγαν
1023 4190 1178 4256 αὖθις
1210 4192 1511 4255 Βασίλειον,
1543 4191 1601 4254 ὃς
1637 4193 1736 4245 κάν
1770 4191 1849 4259 τῷ

258 4286 497 4352 παρόντι
530 4285 720 4354 ψυχῶν
752 4285 924 4350 ἁγίων
958 4285 1236 4352 φωτισμδν
1268 4285 1637 4353 προσείρηκεν
1673 4282 1807 4337 αὑτό
1832 4321 1846 4337 .

256 4381 425 4436 τοῦτο
455 4380 640 4432 τοίνυν
673 4377 916 4446 φυτικὴν
963 4378 1155 4430 ἀκτῖνα
1187 4377 1284 4444 τῆς
1315 4376 1567 4444 θεότητος
1601 4374 1628 4428 ό
1655 4374 1718 4426 ἐκ
1749 4378 1851 4425 Δα-

264 4473 488 4543 μασκοῦ
516 4472 661 4534 θεῖος
701 4470 957 4537 Ἰωάννης
990 4465 1146 4521 εἶπεν
1166 4485 1178 4497 “
1209 4470 1236 4521 ό
1258 4469 1311 4520 δὲ
1351 4467 1588 4535 μελῳδὸς
1619 4466 1849 4534 Κοσμᾶς

255 4565 497 4633 οὗσιὼδη
530 4562 627 4616 τοῦ
660 4563 835 4630 Λόγου
866 4562 962 4615 τοῦ
989 4560 1123 4613 Θεοῦ
1162 4561 1498 4631 εὐπρέπειαν
1523 4575 1536 4588 ·
1567 4560 1710 4612 κατὰ
1742 4576 1778 4625 φ

224 4676 352 4711 ·σιν
403 4657 462 4709 δὲ
495 4656 651 4708 τοῦτο
703 4655 851 4724 ἔχειν
896 4655 986 4707 τὸν
1037 4654 1170 4707 Θεὸν
1213 4654 1242 4704 ό
1290 4653 1463 4720 μέγας
1505 4650 1845 4711 Ἀθανάσιος.

263 4769 286 4800 ε
313 4745 587 4800 Ἀνελθὼν
614 4745 965 4815 γὰρ,’φησὶν,
992 4748 1022 4797 δ’
1046 4745 1252 4814 Κύριος
1277 4745 1356 4805 είς
1380 4743 1470 4796 τὸν
1486 4741 1715 4812 οὐρανὸν
1732 4741 1850 4812 ἣξει

257 4841 320 4891 ὲν
350 4837 481 4905 δόξῃ
535 4839 742 4904 φυσικῇ
801 4835 897 4889 καὶ
936 4835 1036 4888 οὐκ
1072 4835 1130 4885 ἐν
1188 4834 1399 4904 χάριτι,
1432 4835 1490 4885 ἐν
1540 4834 1605 4901 τῇ
1655 4830 1851 4885 ἑαυτοῦ

259 4930 513 4997 θεότητι,
549 4926 856 4995 ὲκλάμπων
881 4925 946 4978 ἐκ
976 4924 1071 4978 τοῦ
1106 4927 1168 4978 ἐκ
1212 4925 1436 4994 Μαρίας
1471 4923 1722 4992 σώματος
1754 4922 1851 4974 αὖ-

259 5023 364 5080 τοῦ
391 5020 488 5074 τοῦ
521 5019 682 5086 άγίου
713 5017 811 5088 τὴν
842 5016 1005 5082 δόξαν
1029 5018 1499 5086 τὴνάπόῤῥητον,
1519 5014 1592 5077 ὠς
1622 5014 1716 5068 καὶ
1761 5013 1856 5065 ἐπὶ

259 5110 362 5163 τοῦ
397 5109 559 5180 δρους
590 5107 791 5172 ἔδειξεν
822 5106 932 5162 ἀπὸ
967 5107 1218 5176 μέρους.ι
1256 5107 1440 5174 Ἔχεις
1469 5105 1701 5165 ὁπόσους
1722 5103 1856 5156 ἀπο-

259 5201 504 5269 χρήσειν
540 5199 624 5260 είς
651 5197 1000 5268 παράστασιν
1027 5197 1306 5263 ἐνόμισας.
1358 5194 1550 5261 Ἡμεῖς
1583 5195 1629 5246 δ’
1670 5193 1858 5246 ἐπιδα-

259 5288 666 5359 ψιλευσάμενοι
698 5287 826 5350 τοὺς
853 5285 955 5355 τῆς
983 5287 1241 5356 ἀληθείας
1269 5285 1577 5352 αὐξήσομέν
1606 5301 1687 5337 σοι
1725 5287 1860 5356 μάρ-

263 5398 473 5452 τυρας.
529 5381 672 5448 Φησὶ
704 5378 814 5450 γὰρ
840 5381 867 5432 ό
899 5379 1043 5442 θεῖος
1076 5378 1329 5445 Μάξιμος
1357 5393 1371 5407 ο
1405 5396 1424 5430 ι
1461 5378 1642 5430 Πάντα
1685 5379 1787 5429 ὅσα
1834 5377 1861 5429 ό

269 5475 418 5538 Θεὸς
443 5472 538 5526 καὶ
568 5475 595 5526 ό
626 5472 718 5526 διὰ
751 5473 848 5542 τῆς
879 5473 1104 5541 χάριτος
1144 5470 1484 5541 τεθεωμένος
1513 5469 1664 5523 ἔσται
1693 5471 1862 5540 χωρὶς

265 5569 377 5635 τῆς
403 5564 529 5618 κατ’
558 5564 750 5618 οὐσίαν
777 5564 1128 5633 ταυτότητος.
1163 5582 1181 5614 ι
1231 5563 1339 5615 Καὶ
1368 5562 1601 5631 ἀλλαχοῦ
1657 5562 1816 5614 πάλιν
1841 5577 1855 5592 ο

279 5677 302 5711 ε
325 5656 625 5726 Ἐτοίμους
660 5657 688 5708 ό
721 5655 892 5723 Λόγος
918 5653 984 5706 δι’
1023 5654 1238 5716 ἐλπίδος
1261 5642 1562 5722 ’καθίστησι
1595 5655 1659 5721 τῇ
1683 5669 1862 5722 παρα-

273 5751 413 5819 δοχῇ
443 5748 544 5816 τῆς
577 5747 687 5800 τῶν
734 5746 956 5812 ἀγαθῶν
1002 5745 1342 5812 άρχετυπίας
1381 5743 1722 5813 ψυχωθῆναι,
1772 5743 1865 5794 καὶ

279 5841 562 5917 γενέσθαι.
587 5839 767 5904 ζώσας
802 5838 1014 5902 εἰκόνας
1040 5836 1295 5908 Χριστοῦ,
1332 5838 1424 5892 καὶ
1473 5836 1669 5888 ταυτδν
1721 5833 1866 5903 αὑτῷ
1911 5863 1922 5872 ο

2012 3339 2198 3398 Puteal.
2262 3339 2396 3395 Tres
2473 3341 2603 3395 mihi
2665 3341 2731 3394 ad
2789 3341 3156 3408 probationem
3219 3341 3515 3407 sullieient.

1945 3433 2303 3502 ThCOphancs
2341 3451 2354 3486 :
2382 3435 2693 3487 demonstra
2727 3436 2890 3499 igitur
2915 3436 3034 3489 sine
3068 3436 3172 3490 ulla
3212 3450 3385 3490 mura.

2019 3525 2244 3590 Theaplt.
2279 3525 2623 3595 Demonstro.
2667 3526 2830 3580 Divus
2859 3527 3094 3585 Joannes
3125 3529 3515 3590 Damascenus.

1947 3619 2090 3683 quod
2126 3618 2178 3670 in
2211 3629 2396 3670 monte
2454 3618 2664 3673 refulsit
2720 3633 2747 3670 a
2785 3617 3068 3674 Salvatore
3127 3619 3327 3679 lumen,
3371 3621 3518 3686 quod

1948 3710 2190 3765 ridentes
2252 3707 2444 3765 Petrus
2498 3723 2550 3763 et
2603 3713 2823 3765 tonitrui
2869 3712 2959 3764 lilii
3014 3712 3283 3779 primitias
3325 3713 3521 3764 futune

1950 3805 2119 3870 ipsius
2150 3804 2396 3863 visionis,
2423 3805 2574 3874 juxta
2601 3820 2853 3873 magnum
2886 3805 3168 3867 Basilinm,
3192 3805 3368 3857 oculis
3405 3819 3524 3872 per-

1949 3896 2125 3959 cipere
2162 3905 2502 3958 meruerunt,
2526 3912 2631 3965 quo
2659 3906 2820 3950 erunt
2853 3897 3225 3966 repleti,jnxta
3261 3912 3517 3964 magnum

1953 3985 2295 4057 Dionysium,
2324 3988 2636 4057 quicunque
2659 3988 2864 4042 similes
2886 3998 3059 4051 erunt.
3077 3990 3314 4049 Christo.
3337 3999 3386 4042 et
3409 4004 3524 4054 quo

1950 4074 2234 4143 fulgebunt
2274 4077 2415 4130 sient
2461 4078 2562 4141 sol,
2589 4078 2742 4146 juxta
2784 4093 3037 4141 mag-num
3071 4079 3320 4130 eumdem
3370 4077 3522 4130 Basi-

1951 4167 2106 4229 lium,
2129 4167 2284 4237 juxta
2318 4184 2476 4237 quem
2511 4168 2689 4223 adhuc
2723 4179 2804 4224 est
2835 4169 2996 4223 etiam
3035 4171 3086 4222 in
3135 4169 3383 4238 praesenti
3415 4170 3521 4223 viti

1954 4270 2269 4315 sanctarum
2318 4261 2647 4315 illuminatio
2680 4261 2986 4314 animarum
3023 4279 3036 4314 :
3069 4261 3225 4322 illud,
3273 4262 3521 4329 inquam,

1952 4351 2258 4406 naturalem
2323 4367 2467 4408 esse
2518 4351 2824 4406 divinitatis
2894 4352 3109 4406 radium
3171 4351 3308 4406 dixit
3363 4353 3521 4406 dirus

1952 4441 2191 4496 Joannes
2229 4442 2618 4496 Damasreuus.
2658 4443 2722 4496 Et
2777 4454 2934 4513 poeta
2990 4443 3212 4499 Cosmas
3268 4445 3318 4497 id
3362 4454 3520 4500 vocat

1788 4557 1846 4611 ὁ,
1880 4535 2300 4608 Msscntialem
2354 4534 2516 4589 Verbi
2555 4533 2647 4587 Dei
2685 4534 3049 4603 splendorem.
3099 4534 3164 4587 Et
3223 4536 3273 4588 in
3330 4545 3520 4589 natura

1955 4626 2095 4680 istud
2154 4625 2313 4679 habet
2380 4625 2546 4688 Deus,
2603 4635 2661 4680 ut
2721 4627 2797 4680 ait
2856 4642 3086 4695 magnus
3136 4627 3518 4679 Athanasius:

1961 4733 1979 4765 ι
2017 4713 2173 4779 Nam,
2232 4716 2428 4784 inquit,
2461 4717 2551 4784 qui
2589 4716 2833 4770 ascendit
2887 4716 2941 4769 in
3002 4717 3198 4770 etelum
3237 4716 3520 4774 Dominus.

1957 4809 2140 4862 veniet
2187 4809 2238 4862 in
2295 4807 2464 4877 gloria
2505 4811 2735 4862 naturali
2772 4819 2822 4861 et
2855 4825 2962 4862 non
3016 4809 3067 4861 in
3102 4809 3296 4875 gratia,
3332 4823 3526 4876 nempe

1956 4898 2009 4951 in
2065 4914 2161 4954 sua
2214 4898 2538 4958 divinitate.
2591 4913 2890 4951 coruscans
2943 4914 3007 4951 ex
3065 4912 3294 4965 corpore
3347 4911 3446 4950 suo
3494 4911 3523 4947 a

1957 4990 2126 5045 Maria
2158 4998 2377 5060 sumpto
2409 4991 2636 5060 gloriam
2674 4989 3029 5050 ineffabilem.
3059 4991 3201 5042 sicut
3244 4987 3295 5040 in
3344 4999 3526 5040 tuonle

1958 5085 2152 5154 partim
2183 5083 2442 5137 ostendit.
2479 5101 2496 5132 ι
2527 5081 2646 5136 Jam
2692 5089 2771 5135 tot
2818 5081 2982 5134 habes
3012 5089 3146 5149 quot
3173 5076 3421 5132 suiliccre
3458 5078 3523 5128 ad

1959 5177 2481 5232 demonstrationem
2543 5172 2914 5237 existimasti;
2985 5172 3076 5225 sed
3148 5184 3244 5223 nos
3309 5167 3528 5222 abunde

1960 5268 2203 5322 veritatis
2235 5277 2399 5322 testes
2435 5266 2527 5319 tibi
2583 5264 2926 5332 augebimus.
2962 5260 3096 5315 Dicit
3141 5260 3298 5314 divus
3361 5258 3531 5311 Maxi-

1963 5376 2136 5415 mus:
2175 5379 2191 5412 ι
2235 5359 2508 5427 Quidquid
2563 5368 2645 5413 est
2704 5356 2882 5418 Deus,
2939 5354 3043 5409 erit
3098 5363 3149 5407 et
3202 5353 3291 5422 qui
3353 5351 3527 5419 gratia

1964 5455 2329 5515 deiﬁcabitur.
2361 5462 2556 5522 printer
2587 5451 2838 5505 essentia:
2865 5441 3214 5502 idcrititatmn.
3247 5464 3263 5494 ι
3306 5443 3366 5494 Et
3402 5442 3528 5494 alibi

1964 5565 2160 5606 rursus
2204 5566 2216 5602 :
2266 5565 2284 5598 ι
2325 5546 2431 5614 Spe
2478 5543 2715 5599 Verbum
2749 5553 2903 5612 parat
2968 5538 3230 5593 vivificari
3264 5537 3533 5604 impresso

1967 5645 2235 5700 honorum
2289 5639 2610 5708 archetypo,
2641 5643 2695 5690 et
2732 5635 2844 5688 lteri
2887 5633 3035 5686 vivas
3073 5629 3336 5698 imagines
3371 5624 3532 5678 Chri-

1970 5738 2061 5801 sti,
2101 5735 2184 5790 vel
2211 5735 2392 5803 potius
2421 5732 2564 5786 idem
2593 5745 2717 5784 cum
2750 5741 2838 5790 eo,
2863 5726 2942 5782 vel
2970 5725 3159 5780 saltem
3194 5724 3238 5775 ci
3271 5719 3529 5774 similes.»

1973 5831 2036 5884 Et
2069 5829 2121 5884 iu
2145 5825 2464 5897 tltcologicis
2483 5821 2736 5893 capitulis
2759 5822 2905 5875 clare
2934 5818 3098 5874 dicit:
3131 5834 3146 5866 ι
3182 5815 3425 5884 Regnum
3443 5809 3534 5863 Dei
