4274 6452
268 372 373 439 961

1610 368 2191 433 ΡΒΟΒΟΡΟΡΟΞιΑῖ.

3413 368 3526 443 962

267 497 368 547 lem
398 488 681 551 facientes,
716 487 918 554 aurigae
944 484 1358 541 ratiocinantem
1397 502 1409 538 :
1437 486 1658 553 quidam
1684 495 1847 539 vene-
1881 495 1918 545 Λ
1952 487 2165 545 dicendi
2210 505 2405 557 genere
2462 491 2772 557 huiusmodi
2828 492 3165 556 insistentes,
3213 494 3278 545 ad
3306 494 3534 560 judicia.

269 585 376 645 teri
411 584 529 636 viro
559 580 1002 645 t‘atim‘inantt'nt,
1036 596 1176 650 equo
1203 581 1290 635 cui
1342 579 1540 634 insidet
1586 581 1844 648 concupi-

272 685 541 733 scentem,
594 673 717 725 cani
769 672 999 742 adjutori
1061 672 1388 727 irascentem
1422 678 1843 740 comparantes:

266 768 401 833 quin
432 766 596 820 etiam
628 765 870 818 locorum
907 764 1325 819 discriminibus
1360 764 1729 834 sejungentes,
1766 779 1852 816 ra-

269 859 474 910 tionem
518 863 579 910 ut
624 855 927 925 principem
962 856 1015 907 in
1050 854 1297 916 cerebro,
1332 864 1591 923 tanquam
1627 854 1679 906 in
1728 867 1854 905 arce

270 965 515 1013 summa,
551 964 581 1003 e
614 948 926 1018 propinquo
955 946 1109 1015 quasi
1154 946 1414 1001 satellitio
1436 960 1698 1001 sensuum
1729 962 1852 1000 nm-

273 1044 443 1098 nitam
472 1056 537 1095 ac
564 1041 844 1096 defensam
888 1059 901 1094 :
935 1042 1070 1094 iram
1107 1040 1160 1094 in
1187 1041 1373 1102 corde,
1412 1040 1768 1108 cupiditatem
1802 1039 1855 1091 in

273 1134 520 1201 jecinore
556 1134 851 1190 collocant.
885 1133 1110 1188 Eximia:
1143 1150 1274 1189 vero
1301 1133 1586 1203 sapientiae
1615 1132 1854 1202 Aposto-

275 1230 382 1291 lus,
414 1228 725 1283 evidentius
757 1228 923 1290 animi
948 1239 1154 1296 partem
1182 1227 1411 1282 rationis
1440 1226 1757 1295 participem
1791 1225 1860 1279 ab

270 1331 500 1389 experte
552 1320 920 1389 distinguens,
952 1320 1099 1373 illam
1136 1320 1389 1389 spiritum
1443 1327 1496 1373 et
1542 1317 1858 1371 interiorem

279 1413 557 1467 hominem
587 1453 601 1477 ,
635 1412 775 1466 hanc
807 1428 1028 1466 carnem
1074 1420 1127 1465 et
1190 1412 1519 1466 exteriorem
1580 1410 1859 1463 hominem

276 1505 518 1573 appellat
543 1522 558 1569 ;
588 1504 788 1559 deinde
814 1505 1259 1559 contrarietatem
1286 1520 1474 1559 earum
1499 1502 1860 1573 patefaciens,

284 1612 303 1643 s
344 1594 549 1656 Cerno,
596 1590 796 1663 inquit.
831 1594 1056 1647 alteram
1112 1593 1282 1665 legem
1335 1609 1457 1662 quia
1493 1595 1545 1646 in
1600 1593 1864 1647 membris

278 1683 423 1737 meis
458 1692 565 1747 est,
597 1692 993 1756 repugnantem
1043 1684 1146 1753 legi
1196 1685 1393 1738 mentis
1435 1698 1592 1743 atem.
1613 1693 1667 1736 et
1694 1682 1864 1748 capti-

278 1786 500 1831 vantem
534 1791 624 1830 me
655 1776 758 1831 sub
794 1776 965 1845 legem
998 1777 1266 1846 peccati‘.
1302 1797 1321 1830 ι
1354 1774 1646 1831 Orationes
1684 1786 1863 1829 autem

278 1886 422 1938 quas
452 1886 660 1941 corpus
685 1880 739 1925 et
764 1886 920 1926 mens
964 1886 1058 1925 seu
1090 1871 1303 1926 ratione
1352 1879 1531 1931 utens.
1558 1879 1612 1924 et
1650 1869 1865 1938 patiens

279 1962 455 2016 animi
492 1977 641 2031 pars,
684 1962 926 2017 vicissim
960 1962 1293 2024 habuerunt,
1325 1961 1543 2015 exiliter
1572 1959 1868 2016 admodum

279 2057 495 2111 stoicus
545 2055 842 2110 Cleanthes
891 2067 977 2110 est
1008 2064 1378 2112 commentus.
1414 2054 1493 2108 sic
1540 2067 1636 2108 eas
1665 2051 1870 2106 faciens

280 2149 575 2215 loquentes
595 2165 610 2201 :
627 2147 792 2215 Quid,
818 2148 1023 2213 anime,
1040 2149 1123 2202 vis
1150 2147 1353 2201 factum
1375 2145 1491 2208 tibi,
1520 2145 1648 2198 mihi
1669 2145 1868 2199 indica.

280 2241 565 2310 Quidquid
618 2240 758 2305 fieri,
793 2257 825 2295 ο
858 2241 1019 2303 ratio.
1058 2240 1346 2295 desidero:
1379 2240 1431 2293 id
1468 2238 1675 2305 regium
1714 2237 1873 2306 plane

280 2343 392 2385 est.
424 2332 658 2398 Quidam
689 2335 854 2387 etiam
892 2332 1153 2388 Ecclesia:
1198 2333 1505 2402 sapientum
1554 2334 1868 2393 doctorum,

280 2426 598 2480 iamborum
659 2428 922 2496 scriptor,
964 2428 1041 2480 ait
1096 2426 1225 2480 alibi
1259 2444 1273 2480 :
1308 2424 1431 2479 Tibi
1482 2424 1612 2495 quid
1646 2432 1873 2493 exoptas

284 2522 403 2572 ﬁeri
438 2536 454 2577 :
491 2529 726 2573 mentem
791 2535 967 2573 meam
1023 2520 1175 2574 soleo
1235 2533 1427 2589 rogare
1460 2533 1477 2583 ;
1522 2519 1679 2572 visne
1706 2515 1871 2587 Gygis

283 2627 379 2667 res
421 2611 521 2665 has
554 2622 607 2667 et
653 2610 820 2667 illas?
850 2612 962 2667 Nos
989 2627 1117 2667 vero
1162 2611 1216 2666 in
1273 2610 1587 2681 juveniliori
1635 2609 1872 2680 quodam

1954 584 2058 637 lem
2098 583 2325 636 formam
2374 583 2575 651 dialogi
2634 588 2898 637 rationem
2939 586 3341 652 protendiinus.
3390 595 3444 639 et
3480 598 3538 640 ut

1956 677 2028 727 rei
2062 677 2269 743 Species
2313 678 2595 729 honestior
2636 686 2689 727 et
2713 677 2920 743 :eqnior
2951 688 3120 737 esset,
3157 677 3372 743 judiecs
3401 682 3538 732 assi-

1954 770 2144 820 dentes
2177 769 2587 829 constituimus,
2635 782 2697 820 ac
2730 777 2911 834 partes
2945 769 3287 821 accusatoris
3317 769 3538 823 animus

1958 858 2185 912 rationis
2243 859 2534 926 particeps,
2592 857 2899 912 defensoris
2952 875 3153 927 corpus
3208 861 3560 913 tenetzharc'

1957 951 2101 1003 enim
2148 968 2269 1003 eum
2306 952 2428 1003 ticta
2458 953 2706 1019 qnmdam
2761 951 3122 1004 describenda
3159 962 3285 1007 sunt
3315 953 3539 1020 permit-

1961 1049 2171 1093 tuntur.
2202 1037 2312 1093 Nec
2331 1040 2601 1107 quispiam
2640 1040 2899 1094 novitatis
2935 1041 3144 1093 crimen
3183 1040 3379 1093 inferat
3415 1055 3542 1094 ora-

1962 1132 2117 1191 tioni.
2161 1132 2299 1185 haud
2362 1133 2581 1186 IleSt'itts
2632 1150 2742 1201 quo
2788 1145 2967 1202 pacto,
3008 1142 3059 1187 et
3107 1136 3173 1186 ad
3214 1134 3533 1199 imaginum,

1961 1235 2014 1278 et
2049 1224 2111 1277 ad
2139 1240 2495 1292 personarum
2526 1226 2781 1294 ﬁgmenta
2807 1266 2821 1290 ,
2854 1226 3230 1294 sophistarum
3257 1240 3319 1277 ac
3345 1226 3539 1277 deuia-

1965 1318 2228 1371 mantium
2268 1318 2650 1371 meditation-s
2679 1330 2948 1386 provech
2979 1330 3128 1373 sunt.
3172 1317 3326 1384 Quod
3359 1330 3539 1370 autem

1964 1414 2330 1478 assumptivus
2382 1422 2557 1467 status
2616 1414 2711 1476 sit,
2741 1414 2929 1483 agnitu
2980 1429 3088 1467 non
3123 1422 3206 1468 est
3247 1414 3297 1467 ei
3328 1412 3546 1466 dimcile

1965 1505 2137 1571 quiin
2184 1504 2439 1559 civilibus
2492 1506 2893 1573 quaestionibus
2917 1506 3241 1560 exercendis
3282 1514 3335 1558 et
3370 1504 3545 1557 medi-

1969 1598 2149 1651 tandis
2180 1598 2503 1665 aliquandiu
2561 1611 2813 1653 versatus
2842 1609 2954 1662 est;
2994 1599 3176 1665 potius
3234 1597 3547 1664 intelligen-

1970 1695 2095 1743 dum
2147 1699 2406 1753 est,cum
2459 1701 2838 1757 argumentum
2878 1706 3097 1759 gravem
3153 1690 3545 1745 sententiarum

1972 1786 2255 1839 materiam
2311 1788 2681 1853 suppeditaret
2717 1789 2883 1853 μέθυε
2914 1784 3056 1836 cnim
3094 1793 3299 1836 motmn
3333 1797 3547 1835 rerum-

1967 1893 2071 1946 que
2125 1886 2332 1930 natura:
2376 1876 2891 1944 contemplationem
2934 1875 3194 1943 attingit),
3228 1890 3325 1927 nos
3367 1884 3547 1927 tamen

1967 1968 2143 2035 quoad
2183 1968 2359 2027 licuit,
2403 1966 2485 2019 via
2519 1968 2839 2035 rationeque
2893 1965 3207 2028 artiﬁciosa,
3230 1980 3288 2019 re
3315 1966 3380 2017 ad
3412 1965 3551 2017 civi-

1972 2062 2165 2112 liorem
2212 2058 2396 2112 stilum
2451 2069 2701 2111 revocata
2751 2057 3187 2127 adjudicialium
3237 2055 3547 2109 orationum

1971 2155 2206 2220 speciem
2236 2154 2706 2206 accommodasse.
2743 2153 2896 2217 Quod
2932 2153 2975 2206 si
3006 2166 3101 2221 per
3128 2152 3310 2205 omnia
3344 2165 3555 2202 assum-

1977 2245 2107 2315 ptivi
2128 2247 2340 2315 generis
2362 2246 2535 2315 capita
2569 2247 2651 2299 hae
2680 2258 2785 2299 non
2814 2246 3113 2315 procedant
3139 2243 3441 2303 orationes,
3471 2242 3554 2294 ni-

1981 2338 2055 2392 hil
2084 2340 2321 2401 mirum;
2350 2352 2474 2391 nam
2524 2353 2625 2392 nec
2670 2338 2722 2391 in
2756 2336 3011 2393 omnibus
3058 2337 3182 2392 aliis
3218 2334 3557 2405 argumentis

1979 2431 2163 2493 omnia
2205 2430 2452 2485 incidant
2488 2445 2709 2484 necesse
2741 2440 2859 2494 est;
2901 2433 3011 2483 lucc
3035 2446 3157 2496 quze
3188 2427 3560 2498 prtemeditau'i

1978 2523 2235 2593 oportuit,
2270 2524 2372 2579 hoc
2411 2524 2572 2578 modo
2602 2522 2970 2593 pitemedilata
3001 2525 3129 2578 sint.

1372 2949 1752 3013 DECLARA
1768 2950 1911 3012 T10
1986 2948 2400 3013 ASSUMPTI
2415 2947 2528 3011 VA.

370 3135 429 3191 Si
465 3137 609 3207 apud
634 3136 771 3191 alios
800 3138 894 3206 qui
919 3151 1028 3191 non
1058 3137 1421 3205 intelligerent
1444 3148 1698 3191 accurate
1724 3152 1883 3206 quam
1911 3116 1957 3179 (ἶ
1991 3131 2114 3169 ε¹¹¹“³
2141 3118 2206 3171 τλά
2234 3133 2295 3172 Ca
2334 3118 2584 3171 οῖ’θίίοηθ
2636 3118 2961 3187 οιβίῖίὲειηίιει
2996 3131 3120 3184 fl"??-
3170 3118 3573 3207 οοῑιιιιηιοίίαιέ

292 3232 477 3300 patior
510 3230 904 3284 contumeliam
940 3231 1010 3283 ah
1039 3232 1143 3286 hoc
1175 3246 1396 3291 mecum
1428 3233 1723 3299 conjngato
1758 3246 1881 3288 cor-

295 3338 455 3392 pore,
493 3324 595 3375 hoc
638 3338 881 3391 prmscns
908 3333 1184 3379 certamen
1222 3324 1585 3383 instituerem,
1612 3324 1741 3375 mihi
1775 3324 1889 3398 ipse

298 3416 665 3477 facesserem,
703 3415 923 3483 illisque
970 3415 1265 3468 conﬂarem
1331 3416 1545 3484 negotia
1582 3432 1593 3467 :
1632 3416 1887 3469 nimirum

296 3510 367 3563 ad
408 3524 524 3563 rem
564 3509 842 3576 pertinuere
875 3509 1110 3571 ducens,
1141 3510 1186 3562 si
1237 3509 1554 3575 singulatim
1587 3524 1646 3561 ea
1693 3506 1892 3574 quibus

300 3619 390 3655 me
428 3601 590 3655 malis
617 3610 811 3653 onerat
844 3601 961 3654 haec
987 3602 1115 3653 mihi
1145 3600 1562 3656 contubernalis
1588 3600 1892 3662 calamitas,

297 3709 659 3761 exponerem.
706 3694 901 3747 Verum
936 3710 1056 3747 ctum
1108 3695 1250 3758 apud
1288 3708 1405 3757 vos,
1439 3694 1690 3748 omnium
1724 3695 1894 3748 virtu-

301 3796 422 3838 tom
455 3786 722 3844 cultores.
758 3786 893 3840 mihi
948 3798 1211 3853 quantam
1258 3803 1455 3854 passus
1500 3788 1603 3840 sim
1638 3786 1893 3853 injuriam

297 3875 491 3932 divina
546 3874 898 3932 Providentia
960 3887 1017 3930 ut
1063 3878 1110 3931 id
1147 3878 1383 3934 facerem
1436 3892 1760 3931 concessum
1806 3877 1894 3940 sit,

303 3972 403 4038 qui
443 3970 553 4024 hoc
586 3970 709 4036 ipso
744 3969 887 4037 quod
923 3984 1047 4022 cum
1082 3985 1145 4023 eo
1175 3972 1358 4024 luctati
1422 3970 1724 4038 periculum
1766 3968 1898 4022 feci-

308 4064 435 4120 stis.
466 4060 823 4115 manifestum
871 4060 1229 4116 dicemlorum
1270 4071 1653 4131 argumentum
1698 4075 1899 4132 pra-ce-

315 4153 500 4222 pistis,
552 4166 662 4206 non
716 4152 1012 4207 admodum
1067 4152 1198 4203 mihi
1235 4152 1424 4205 videor
1474 4164 1767 4219 Operosum
1809 4158 1901 4203 aut

301 4243 516 4311 alioqui
579 4242 867 4296 molestum
920 4240 1165 4294 futurum
1223 4241 1375 4297 vobis
1440 4242 1545 4295 tale
1623 4252 1901 4298 certamen

303 4347 590 4399 aggressa.
646 4332 793 4387 Satis
838 4332 983 4385 cnim
1014 4342 1101 4385 est
1155 4332 1301 4385 brevi
1366 4334 1596 4399 quadam
1656 4332 1903 4385 oratione

303 4422 682 4493 percurrisse,
710 4429 763 4475 et
794 4422 1057 4475 duntaxat
1086 4422 1139 4475 in
1177 4421 1498 4474 memoriam
1547 4422 1700 4476 vobis
1746 4436 1904 4475 revo-

301 4524 489 4571 casse,
520 4523 673 4577 quas
724 4509 855 4561 mihi
899 4509 1039 4564 solet
1090 4510 1347 4562 vitiorum
1408 4510 1801 4577 impressiones
1846 4519 1903 4565 et

303 4600 641 4657 occasiones
690 4597 976 4663 exhibere,
1013 4600 1245 4668 indeque
1300 4609 1359 4653 ut
1415 4598 1667 4669 sullragia
1714 4598 1906 4654 feratis

305 4693 621 4761 postulare.
653 4692 844 4762 Itaque
877 4693 1160 4763 paululum
1197 4703 1381 4746 vestro
1425 4694 1479 4746 in
1513 4695 1679 4747 rebus
1704 4693 1905 4748 divinis

304 4784 758 4853 contemplandis
815 4785 1137 4840 intermisso
1188 4784 1396 4849 studio,
1439 4784 1625 4839 audite
1678 4799 1785 4848 Ille,
1810 4800 1909 4855 per

309 4886 535 4931 vestros
564 4890 665 4931 vos
699 4876 965 4941 obtestor,
1006 4876 1224 4930 virtutis
1249 4892 1377 4945 ergo
1408 4885 1461 4930 et
1485 4877 1686 4930 multos
1712 4885 1766 4930 et
1793 4892 1911 4930 ma-

311 4982 460 5039 gnus
492 4968 748 5034 sudores,
798 4975 853 5022 et
889 4968 1088 5037 jurene
1142 4984 1325 5022 meum
1378 4982 1578 5037 corpus
1612 4970 1909 5037 reprehen-

308 5060 469 5124 dam,
506 5071 709 5124 necne,
740 5068 801 5111 ut
823 5058 1015 5113 arbitri
1046 5058 1262 5128 judices
1289 5058 1551 5126 judicate,
1586 5074 1653 5112 ne
1685 5059 1913 5128 posthac

310 5152 467 5205 inter
498 5164 604 5205 nos
643 5148 1013 5203 dissideamus
1039 5160 1204 5218 atque
1238 5149 1614 5203 discordenius
1646 5166 1662 5205 :
1693 5147 1790 5203 sed
1834 5149 1921 5201 in-

312 5237 639 5309 telligamus
689 5256 874 5299 utrum
904 5253 1157 5295 nostrum
1191 5241 1427 5295 altermn
1463 5240 1660 5295 alliciat
1688 5241 1912 5308 injuria.

298 5326 487 5396 Nam,
523 5339 673 5403 quod
708 5336 1080 5392 miserabilius
1110 5343 1213 5402 est,
1248 5343 1446 5402 praeter
1488 5334 1739 5387 convicia
1786 5333 1913 5402 qui-

317 5424 433 5484 bus
469 5426 802 5485 insolentius
858 5430 911 5483 in
960 5444 1047 5483 me
1098 5426 1491 5488 debacchatur,
1528 5428 1693 5480 etiam
1724 5440 1914 5478 eorum

313 5534 449 5587 qua:
506 5522 786 5575 immerito
839 5521 1170 5590 indigneque
1222 5521 1422 5588 patior,
1498 5534 1584 5572 me
1637 5528 1917 5572 auctorem

318 5626 672 5683 causamque
708 5613 890 5671 facere
937 5628 1046 5670 non
1077 5621 1317 5669 veretur.
1354 5609 1474 5667 Jam
1512 5625 1639 5665 vero
1670 5622 1921 5679 progres-

408 5822 420 5851 ¹
453 5818 616 5880 Rem.
647 5833 742 5878 vn,
763 5817 853 5877 33.

1987 3220 2175 3265 contra
2204 3222 2291 3262 me
2324 3211 2507 3273 audet,
2556 3211 2687 3264 nihil
2731 3211 3135 3265 incommodius
3192 3211 3400 3269 factura
3438 3204 3570 3270 mihi

1992 3302 2199 3364 videor,
2232 3304 2275 3356 si
2323 3303 2484 3370 paulo
2510 3303 2674 3357 altius
2708 3304 2922 3355 initium
2952 3319 3190 3356 sumam.

2065 3393 2197 3460 Ego,
2240 3394 2337 3445 viri
2374 3395 2700 3459 beatissimi,
2735 3408 2933 3460 genere
2960 3395 3143 3449 divina
3168 3409 3311 3455 sum,
3340 3405 3391 3448 et
3421 3410 3451 3449 e
3481 3410 3570 3447 su-

1994 3498 2158 3553 perna
2206 3486 2294 3540 illa
2346 3486 2513 3537 nobili
2551 3488 2801 3553 prosapia
2862 3486 3129 3552 originem
3173 3487 3327 3549 duxi,
3364 3496 3421 3538 ut
3451 3502 3573 3553 quae

1997 3578 2097 3632 sim
2133 3577 2222 3629 Dei
2252 3578 2587 3647 spiraculum
2616 3587 2667 3631 ct
2699 3579 2875 3646 imago
2902 3577 3181 3646 primaria,
3214 3577 3573 3643 omniumque

1997 3680 2333 3723 terrenorum
2359 3670 2563 3737 regina;
2600 3684 2705 3721 non
2744 3668 2886 3720 enim
2918 3667 2985 3719 de
3022 3682 3106 3720 me
3141 3668 3255 3719 haec
3289 3667 3577 3733 magniﬁce

1999 3760 2291 3828 praedicare
2325 3763 2569 3818 verebor,
2608 3770 2815 3812 tantum
2853 3774 2917 3811 ne
2943 3766 3221 3816 ostentare
3248 3772 3365 3810 mea
3393 3759 3576 3809 videar

1999 3854 2140 3921 apud
2175 3868 2270 3907 vos
2298 3852 2500 3921 alioqui
2546 3854 2913 3920 magniloquo,
2965 3851 3057 3916 qui
3105 3850 3273 3919 probe
3307 3850 3479 3903 nostis
3514 3866 3578 3903 ac

2000 3944 2056 3997 in
2091 3945 2296 3998 honore
2329 3960 2501 3999 meam
2540 3942 2807 3997 habuistis
2844 3944 3211 4010 coluistisque
3241 3942 3573 4012 dignitatum

2002 4038 2432 4104 amplitudinem.
2506 4037 2799 4106 Postquam
2850 4037 2995 4090 enim
3068 4036 3158 4089 illa
3232 4052 3353 4105 qua:
3406 4036 3579 4093 nostri

2002 4130 2322 4198 primarium
2364 4128 2639 4198 exemplar
2678 4139 2760 4182 est
2796 4128 3033 4188 bonitas,
3068 4129 3133 4180 ad
3190 4129 3325 4181 bene
3375 4128 3584 4183 facien-

2004 4220 2129 4273 dum
2157 4236 2256 4273 suo
2288 4221 2507 4288 ingenio
2528 4231 2673 4289 apta,
2702 4223 2965 4276 mundum
2991 4220 3378 4287 intelligentiam
3403 4230 3453 4271 et
3479 4220 3587 4275 sub

2006 4313 2417 4381 intelligentiam
2443 4315 2752 4373 cadentem,
2778 4314 2987 4380 hocque
3012 4314 3208 4367 malum
3239 4313 3581 4367 universum.

2009 4419 2063 4462 et
2091 4422 2324 4476 quorum
2363 4419 2528 4471 capax
2556 4406 2749 4459 malum
2788 4416 2889 4468 est,
2928 4404 3251 4473 proerenvil,
3285 4404 3503 4455 tandem
3533 4402 3583 4452 ii

2008 4497 2388 4568 compendium
2420 4496 2673 4559 contulit,
2736 4495 2787 4549 iu
2824 4508 3097 4560 unamque
3138 4492 3594 4559 temperationeos

2010 4602 2064 4646 et
2104 4591 2443 4645 molitioaem
2491 4580 2637 4641 velut
2687 4588 2739 4639 in
2775 4594 3058 4655 .craterem
3119 4585 3409 4653 quemdam
3455 4598 3587 4639 con-

2014 4685 2177 4738 traxit
2214 4698 2331 4736 rem
2370 4698 2531 4734 unam
2578 4679 2729 4732 ornni
2779 4692 2977 4746 genere
3026 4692 3208 4732 rerum
3257 4676 3497 4735 mistam,
3541 4680 3597 4725 et

2014 4776 2473 4843 multipotentem,
2532 4772 2582 4823 id
2637 4771 2894 4824 nimirum
2947 4771 3091 4837 quod
3153 4778 3205 4821 et
3267 4767 3488 4827 dicitur,
3538 4775 3597 4816 et

2014 4879 2098 4924 est
2131 4870 2313 4923 homo.
2354 4867 2487 4920 llinc
2521 4881 2620 4935 ego
2666 4864 2976 4927 intelligens
3013 4873 3063 4915 et
3093 4862 3435 4926 gimmortalis
3470 4876 3598 4913 cum

2017 4962 2203 5017 sensili
2258 4971 2310 5015 et
2344 4959 2562 5013 mortali
2618 4958 2867 5026 colligata
2904 4970 3048 5017 sum,
3095 4964 3149 5005 et
3199 4953 3439 5006 ecclesiis
3468 4967 3597 5005 cum

2019 5065 2234 5110 terreno
2272 5053 2542 5123 copulata,
2588 5060 2640 5104 et
2668 5064 2789 5102 eum
2821 5046 3017 5100 ancilla
3052 5048 3178 5099 hera
3210 5063 3224 5108 ;
3262 5044 3599 5111 quibusnam

2020 5147 2327 5202 rationibus
2358 5146 2428 5197 ita
2464 5144 2570 5196 Deo
2601 5143 2771 5195 visum
2816 5140 3038 5201 nescio;
3075 5138 3324 5190 fortassis
3352 5146 3409 5189 ut
3438 5138 3604 5193 Illlbo

2021 5241 2186 5299 simul
2224 5242 2414 5292 eodem
2447 5237 2510 5289 ad
2542 5233 2717 5286 ofﬁcia
2756 5232 2969 5284 \irtutis
2996 5229 3295 5283 exercenda
3319 5229 3450 5295 jugo
3488 5229 3599 5279 hae-

2022 5332 2194 5384 rentia
2236 5327 2741 5394 conspirantiaque,
2811 5320 3035 5375 alienius
3096 5322 3328 5373 alterum
3404 5329 3608 5371 natura

2028 5426 2365 5483 fruerentur;
2433 5419 2587 5478 illud.
2642 5429 2697 5469 ut
2728 5413 3125 5484 praestantioris
3194 5411 3611 5477 conspiratiom

2030 5515 2390 5573 nobilitatum,
2418 5522 2469 5563 et
2500 5506 3001 5563 coumiutticatione
3032 5518 3155 5556 cum
3186 5500 3485 5555 immortali
3514 5499 3606 5551 de-

2032 5618 2265 5679 gustat-.1,
2296 5603 2759 5657 immortalitatem
2808 5595 3270 5666 superinducret:
3313 5606 3414 5661 ego
3466 5591 3609 5645 hanc
