4274 6452
237 441 347 511 965

1576 438 2166 500 PROSOPOPtEle.

3385 438 3467 490 na,
3477 441 3492 495 ',

229 554 551 608 usitatarem
582 560 792 620 captati
826 552 982 607 facile
1002 553 1311 614 occasione,
1340 566 1533 618 corpus
1567 553 1628 603 ad
1659 567 1793 618 qtta—
1834 560 1868 607 Α
1905 551 2288 615 profundatttr.
2326 551 2390 600 ad
2435 553 2482 598 td
2520 560 2698 600 autem
2737 555 2879 616 quod
2919 563 3136 600 sensum
3177 561 3488 614 cxnspcrnt.

230 658 354 696 rum
388 643 721 709 voluptatum
760 644 1026 697 licentiam
1063 661 1165 696 non
1209 645 1435 697 clTertur
1467 644 1488 695 ?
1517 644 1799 708 cuiusnam

239 734 505 787 satiandae
545 733 784 787 libidinis
813 737 1076 790 terminos
1135 750 1239 788 non
1289 747 1577 801 exsuperat
1608 733 1803 787 ?Nunc

228 824 634 875 csculentorum
661 823 940 877 satietates
969 825 1156 892 exigit,
1189 839 1331 878 nunc
1359 838 1568 876 rursum
1593 824 1805 879 suavis-

229 914 388 966 simis
421 923 474 966 et
516 929 704 981 magna
733 913 1044 967 dillicultate
1087 915 1419 981 parabilibus
1451 914 1588 968 cibis
1629 913 1805 964 iufar-

229 1016 371 1068 tum,
431 1001 612 1056 facere
682 1005 1146 1072 nonpotestquin
1198 1006 1444 1067 satietur,
1505 1004 1810 1069 iterumque

234 1097 400 1148 rebus
431 1093 632 1162 quibus
674 1094 913 1147 abundat
969 1096 1222 1147 obrutmn
1254 1092 1518 1161 deglntit;
1573 1103 1626 1146 et
1679 1109 1813 1162 prr-

233 1185 411 1238 scntia
457 1184 746 1252 improbat,
806 1185 1052 1237 absentia
1115 1183 1416 1248 desiderat;
1475 1199 1645 1252 neque
1692 1184 1810 1233 vina

233 1289 358 1343 qua?
395 1273 567 1343 patria
611 1274 752 1336 tulit,
786 1274 936 1326 cordi
960 1283 1106 1336 sunt,
1143 1273 1234 1328 Sed
1275 1285 1329 1326 ut
1355 1289 1493 1340 aqua
1533 1288 1654 1341 quae
1681 1273 1806 1323 vici-

237 1381 342 1419 nos
383 1379 546 1434 agros
576 1364 754 1428 alluit,
789 1365 940 1418 nihili
963 1371 1285 1431 aestimatur,
1314 1374 1364 1418 et
1401 1367 1809 1433 peregrinorum

233 1457 362 1508 sitis
385 1456 699 1507 accenditur
730 1471 746 1518 ;
783 1470 957 1520 neque
1006 1455 1330 1508 vestimenta
1356 1470 1472 1522 quae
1497 1453 1562 1506 ad
1623 1463 1815 1506 restium

236 1554 298 1600 et
333 1545 501 1614 frigus
549 1545 844 1598 arcendum
901 1545 1190 1608 suﬂiciant,
1249 1545 1419 1600 solum
1474 1558 1814 1613 quaeruntur,

239 1639 340 1690 sed
362 1652 487 1705 qua:
521 1639 633 1693 sint
661 1651 724 1690 ex
766 1638 991 1690 materia
1022 1639 1107 1688 vix
1134 1636 1384 1706 parabili,
1410 1646 1461 1690 et
1489 1650 1604 1689 arte
1631 1647 1816 1702 supcr-

241 1744 483 1782 vacauea
507 1727 775 1782 curiosius
806 1738 860 1781 et
898 1727 1183 1782 delicatius
1211 1727 1510 1789 elaborata,
1542 1728 1604 1780 ad
1627 1743 1685 1779 ea
1740 1741 1823 1780 me
1851 1739 1860 1748 '

245 1823 294 1875 vi
331 1825 499 1891 cegit,
527 1829 585 1873 ut
610 1836 704 1890 per
758 1820 987 1876 ancillas
1053 1821 1399 1885 cibariorum,
1453 1820 1820 1882 obsoniorum,

1914 640 2244 708 indignetur,
2287 641 2350 692 iis
2394 650 2709 691 exerceatur
2736 639 3114 690 affert'ouibus
3150 655 3269 705 qu:e
3301 655 3361 690 cx
3404 657 3494 689 vo-

1913 733 2118 802 luptnte
2163 743 2214 785 ct
2243 733 2428 784 dolore
2463 743 2778 783 nascuntur.
2813 733 2947 782 lltnc
2969 739 3021 782 et
3048 733 3121 783 ira
3153 735 3291 782 vires
3321 740 3370 781 ct
3402 746 3491 797 po-

1917 829 2136 880 tcntiam
2172 825 2221 876 in
2251 826 2436 883 corde.
2477 825 2526 875 in
2555 824 2908 891 jecinorcque
2948 825 3197 891 voluptas
3235 835 3450 876 exercet
3481 841 3493 874 :

1916 917 2005 985 qui
2050 917 2321 983 principes
2352 915 2580 968 allectus
2626 916 2696 967 ita
2752 916 3008 967 diuturna
3037 915 3498 967 commentation

1919 1012 2368 1070 corroborantur,
2399 1017 2457 1061 ut
2503 1018 2553 1060 et
2606 1008 2708 1059 mei
2764 1016 2972 1074 partem
3007 1007 3234 1058 rationis
3284 1005 3499 1073 partici-

1921 1117 2042 1168 pem
2076 1103 2509 1152 consentientem
2547 1099 2803 1157 habeant,
2851 1098 3235 1163 abducautque
3271 1095 3500 1158 morige-

1923 1207 2059 1251 rum,
2096 1206 2198 1242 una
2231 1190 2461 1255 quadam
2500 1190 2704 1241 ratione
2729 1205 2743 1248 ;
2772 1198 2860 1239 aut
2891 1189 3033 1239 cnim
3072 1187 3216 1247 (loto,
3263 1195 3356 1238 aut
3385 1187 3501 1236 vio-

1927 1281 2086 1334 lcrnia
2117 1285 2357 1332 trahunt.
2397 1280 2440 1332 0
2480 1281 2694 1347 quoties
2728 1279 3136 1346 intelligentiam
3184 1278 3314 1328 mibi
3346 1278 3497 1326 voln—

1928 1381 2046 1440 ptns
2075 1371 2333 1424 suflurata
2361 1371 2458 1422 est!
2493 1370 2727 1438 quoties,
2756 1385 2872 1436 qum
2903 1369 3097 1420 faciam
3131 1384 3229 1434 ego
3255 1382 3356 1417 non
3381 1381 3500 1417 sum

1928 1465 2190 1516 malorum
2233 1463 2441 1525 nescia,
2469 1461 2752 1514 consilimn
2789 1471 2840 1512 at
2869 1461 3039 1512 iratus
3071 1474 3248 1511 meum
3283 1458 3506 1524 impertit

1929 1551 2168 1605 animus.
2199 1552 2538 1604 lracundiam
2569 1568 2786 1620 quoque
2811 1565 2863 1604 et
2887 1560 3216 1618 votuptatcrn
3253 1551 3506 1600 universa

1930 1645 2398 1713 perturbationum
2431 1648 2581 1697 turba
2611 1646 2990 1712 Consequitur.
3040 1641 3298 1708 Equidem
3337 1657 3506 1693 conor

1933 1735 2023 1786 uni
2056 1734 2185 1786 milii
2219 1733 2579 1802 principatum
2622 1734 2863 1786 debitum
2897 1737 3184 1794 aSciscere;
3218 1745 3403 1782 verum
3441 1732 3506 1777 ab

1938 1827 2036 1879 bac
2070 1824 2325 1892 populari
2356 1824 2726 1876 dominatione
2776 1835 3011 1888 avertor,
3063 1825 3316 1890 idemque
3371 1821 3505 1872 mibi

240 1925 298 1966 et
341 1913 614 1965 textilium
644 1911 992 1965 administras
1029 1912 1128 1965 sibi
1168 1911 1461 1980 obsequar,
1485 1921 1538 1964 et
1597 1911 1821 1964 infinitis
1854 1904 1900 1964 Β
1929 1915 2147 1976 accidit,
2186 1925 2243 1967 ut
2273 1915 2314 1968 si
2357 1929 2464 1983 qua
2514 1915 2716 1967 nobilis
2771 1915 2946 1981 puclla
3009 1914 3325 1981 parentibus
3375 1913 3504 1964 Orba

243 2006 361 2058 suis
390 2007 628 2059 serviam
659 2005 983 2060 libidinibus
999 2004 1435 2073 suppeditandis,
1466 2003 1694 2057 etveluti
1727 2002 1821 2054 tri-

242 2096 394 2150 bulis
409 2095 763 2152 conferendis
791 2098 856 2150 iis
896 2110 1015 2164 quae
1049 2105 1242 2164 praeter
1270 2097 1634 2150 necessarium
1669 2110 1822 2148 usum

242 2189 582 2259 exiguntur;
612 2204 715 2242 non
753 2198 810 2240 ut
839 2203 902 2240 ea
935 2187 1153 2252 decore,
1176 2195 1228 2240 et
1260 2187 1311 2240 in
1349 2203 1458 2240 rem
1485 2202 1634 2240 suam
1668 2187 1824 2238 absu-

243 2292 381 2346 mat,
425 2281 520 2336 sed
562 2281 629 2334 ad
677 2280 930 2336 libidines
957 2281 1302 2349 voluptuosas
1349 2294 1588 2351 praeceps
1637 2280 1825 2334 abuta-

243 2383 356 2427 tur.

320 2465 497 2531 Quam
531 2465 696 2536 igitur
726 2481 809 2520 me
831 2467 994 2522 vitam
1035 2469 1249 2523 trahere
1287 2468 1485 2536 putatis
1525 2507 1538 2529 ,
1573 2467 1670 2519 viri
1723 2463 1829 2517 Deo

242 2559 441 2621 dicati,
471 2573 595 2612 cum
622 2573 687 2612 eo
721 2560 791 2611 ita
821 2575 1016 2613 misere
1076 2560 1423 2614 dementante
1487 2560 1830 2610 oberrantem

245 2663 300 2704 et
331 2650 767 2705 subservientem
799 2651 822 2704 ?
858 2661 949 2705 aut
977 2652 1180 2720 quibus
1231 2649 1483 2704 absurdis
1538 2647 1836 2701 sceleribus

246 2740 572 2808 turpissime
615 2756 720 2792 non
754 2740 1186 2810 impingeutem?
1218 2739 1392 2795 istane
1418 2738 1709 2791 mediocria
1763 2737 1836 2788 vi-

243 2832 496 2887 dentur?
525 2843 618 2885 aut
664 2847 766 2900 ego
802 2831 1004 2886 frustra
1062 2844 1370 2901 temereque
1418 2831 1622 2898 alioqui
1698 2828 1839 2880 indi-

248 2923 597 2993 gnor1Nam
629 2926 672 2979 si
711 2926 1052 2994 quotidiana,
1109 2941 1280 2996 eaque
1332 2925 1450 2978 sine
1494 2922 1692 2991 quibus
1734 2935 1839 2972 non

249 3027 554 3085 censtaret,
595 3018 856 3088 exigeret,
890 3035 994 3073 non
1014 3021 1335 3088 quiritarer:
1363 3017 1406 3071 si
1427 3017 1688 3070 nuditatis
1718 3028 1846 3081 ope—

249 3114 552 3166 rimentum
586 3112 749 3165 simul
780 3112 928 3165 etab
959 3112 1100 3166 aeris
1129 3110 1410 3180 immensis
1451 3109 1664 3178 injuriis
1711 3120 1846 3175 prae-

248 3205 453 3260 sidium
483 3203 803 3272 postularet,
835 3203 1009 3256 libens
1026 3203 1276 3271 equidem
1299 3202 1590 3268 praberem
1618 3216 1631 3264 ;
1655 3197 1699 3251 si
1727 3198 1838 3249 vul.

1929 2008 2300 2076 relinquatur:
2329 2022 2449 2074 quae
2472 2021 2588 2060 eum
2623 2006 2914 2058 multarum
2939 2007 3258 2059 ancillarum
3289 2009 3506 2056 domina

1929 2102 2020 2163 sit,
2053 2099 2292 2155 nondum
2342 2108 2525 2151 autem
2562 2101 2831 2166 imperare
2879 2099 3159 2172 dirui-erit,
3207 2101 3510 2151 contemni-

1934 2201 2046 2252 tur,
2075 2201 2168 2244 aut
2203 2190 2364 2244 etiam
2399 2191 2672 2244 colludere
2721 2192 2946 2246 docetur
2979 2209 2990 2244 :
3026 2200 3080 2244 at
3133 2193 3312 2245 serius
3342 2205 3510 2256 agno-

1936 2298 2094 2336 scens
2126 2298 2248 2350 qua:
2283 2283 2610 2351 quibuscum
2663 2296 3074 2352 corrumpatur,
3109 2281 3327 2335 familiae
3353 2292 3518 2346 cape-

1934 2377 2037 2429 scit
2066 2375 2374 2443 imperium,
2410 2383 2459 2427 et
2481 2374 2600 2429 illas
2633 2375 2684 2427 in
2715 2376 2959 2428 ordinem
2998 2377 3246 2428 servilem
3300 2375 3513 2426 reducit

1937 2477 1989 2521 et
2015 2469 2278 2534 castigat;
2305 2466 2409 2518 illa:
2431 2481 2557 2520 vero
2582 2467 2811 2536 pristina
2836 2468 3053 2521 licentia
3084 2467 3238 2520 herili
3265 2467 3514 2521 lascivia-

1937 2576 2041 2628 que
2080 2559 2308 2622 refertae,
2347 2559 2698 2623 erubescunt,
2742 2571 2793 2613 et
2828 2561 2880 2612 in
2911 2561 3094 2612 heram
3122 2561 3426 2629 insurgunt;
3457 2571 3515 2613 ul.

1940 2653 2098 2704 etiam
2123 2652 2339 2718 quidam
2376 2650 2516 2701 servi
2551 2647 2820 2710 feruntur,
2844 2651 2990 2703 beris
3019 2666 3239 2718 peregre
3259 2651 3515 2717 profectas

1944 2741 2410 2807 morantibusque,
2435 2739 2728 2793 etfamiliae
2761 2741 2897 2803 beri,
2917 2749 2970 2794 et
2999 2756 3232 2793 uxorum
3265 2743 3363 2794 viri
3394 2758 3510 2794 suc-

1942 2833 2214 2896 cessisse;
2249 2833 2442 2885 deinde
2472 2832 2524 2885 in
2572 2845 2821 2886 reversos
2854 2833 3012 2885 heros
3071 2833 3435 2887 insurrexisse
3463 2847 3517 2885 et

1945 2922 2113 2973 armis
2169 2919 2478 2974 decertasse
2508 2938 2521 2983 ;
2559 2920 3016 2987 quemadmodum
3051 2921 3178 2974 item
3213 2920 3302 2974 alii
3334 2935 3516 2990 pnslm

1948 3013 2120 3066 Roma
2151 3010 2357 3081 fugitivi
2402 3013 2612 3081 magnis
2665 3013 2865 3080 pra'liis
2895 3028 3016 3066 cum
3060 3016 3517 3082 persequentibus

1947 3116 1999 3159 et
2031 3104 2358 3173 fugitivariis
2377 3103 2726 3156 dimicarunt.
2756 3101 2885 3156 Tale
2915 3105 3186 3171 quoddam
3220 3115 3406 3157 contra
3436 3122 3519 3158 me

1953 3200 2149 3254 servile
2178 3197 2373 3252 bellum
2413 3206 2650 3251 concitat
2700 3207 2891 3250 natura
2943 3198 3071 3251 mihi
3128 3213 3345 3251 servum
3396 3214 3520 3252 Cor-

250 3297 481 3367 garibus
511 3295 851 3358 abuteretur,
884 3294 932 3349 si
975 3294 1150 3347 solum
1184 3293 1448 3346 modicam
1485 3299 1539 3346 et
1581 3289 1841 3358 frugalem
1869 3261 1915 3325 α
1951 3307 2072 3361 pus,
2101 3301 2195 3343 aut
2225 3293 2385 3344 etiam
2421 3289 2622 3352 aCrius,
2657 3290 2799 3356 quod
2833 3290 3045 3342 illorum
3082 3295 3275 3358 partim
3324 3293 3515 3354 armis,

252 3389 424 3440 vitam
459 3398 662 3438 rec-tam
703 3395 973 3448 censeret,
1017 3399 1124 3436 non
1159 3383 1372 3449 injuria:
1404 3382 1524 3436 loco
1563 3382 1842 3445 ducerem,

255 3479 388 3532 talia
430 3477 800 3546 suppeditare,
854 3491 1030 3545 neque
1071 3476 1342 3528 actionem
1367 3473 1714 3542 postularem,
1754 3476 1850 3525 he-

255 3585 367 3638 que
402 3570 547 3621 diem
576 3567 764 3636 judieii
797 3566 1054 3630 dicerem,
1075 3575 1132 3619 ut
1161 3566 1262 3617 boc
1293 3574 1437 3620 certe
1459 3574 1701 3634 tempore
1731 3564 1851 3631 jure

255 3656 426 3719 facio,
459 3656 667 3723 Quippe
699 3654 845 3723 quod
887 3669 1011 3708 cum
1057 3655 1260 3723 impetu
1309 3655 1424 3708 suis
1467 3654 1851 3722 cupioitatibus

257 3757 453 3800 contra
491 3751 806 3799 man-latum
846 3747 1114 3814 Apostoli,
1163 3748 1466 3816 provideat;
1497 3748 1662 3801 semel
1705 3751 1850 3800 enim

257 3853 287 3889 a
326 3835 560 3888 naturali
599 3837 922 3889 necessitate
958 3839 1458 3892 commodissimam
1502 3847 1718 3890 nactum
1763 3852 1852 3889 oc-

256 3931 565 3992 casionem,
595 3943 810 3980 oumeru
850 3943 1144 3998 pervagare
1176 3929 1465 3982 nefandam
1522 3927 1850 3995 voluptatem

261 4037 371 4074 non
414 4018 637 4073 desinit.
673 4017 835 4072 Plane
871 4020 1015 4071 enim
1065 4022 1207 4086 quod
1236 4019 1312 4072 ait
1343 4019 1502 4073 divus
1551 4018 1752 4072 Paulus
1789 4020 1853 4072 de

256 4121 525 4183 peccato:
564 4109 664 4165 Per
698 4114 868 4179 legem
899 4113 1158 4180 scriptam
1203 4111 1404 4180 peperit
1436 4111 1490 4164 in
1527 4126 1610 4164 me
1637 4123 1854 4164 omnem

257 4203 658 4271 cupiditatem;
717 4211 931 4270 captata
982 4204 1126 4254 enim
1165 4217 1256 4270 per
1309 4203 1626 4255 mamlatutn
1676 4215 1850 4255 occa-

257 4295 444 4355 sione,
481 4293 694 4359 decepit
747 4308 853 4357 me,
906 4301 960 4346 et
988 4294 1223 4346 occidit:
1261 4292 1403 4347 idem
1439 4293 1601 4347 etiam
1655 4293 1708 4346 in
1755 4306 1856 4346 nos

257 4386 540 4447 incurrit;
577 4386 794 4436 inventa
828 4385 972 4435 enim
1008 4385 1304 4438 occasione
1331 4400 1398 4440 ex
1445 4388 1557 4453 lege
1595 4384 1854 4450 naturali,

263 4477 320 4528 id
367 4489 480 4538 csr,
521 4475 771 4526 alimenti
824 4483 876 4527 et
922 4474 1173 4528 ferinenti
1219 4491 1342 4539 usu,
1383 4491 1502 4528 mea
1541 4478 1855 4540 Caruncula,

253 4581 480 4620 onmem
514 4567 565 4617 in
615 4581 699 4618 me
749 4566 1008 4620 excitavit
1040 4567 1414 4634 cupiditatem,
1441 4579 1491 4620 et
1525 4579 1740 4636 propter
1771 4584 1852 4623 re-

257 4675 384 4712 rum
437 4658 878 4715 necessariarum
937 4659 1314 4727 indigentiam,
1365 4663 1597 4730 primum
1645 4677 1732 4716 me
1785 4666 1850 4716 ad

251 4765 456 4806 eorum
503 4750 808 4818 legitimum
849 4766 1008 4803 usum
1038 4751 1469 4816 'Itrahitudeinde
1515 4753 1584 4806 ab
1622 4770 1720 4806 usu
1756 4767 1853 4806 na-

257 4841 428 4893 turali
469 4841 534 4892 ad
574 4843 812 4893 alienum
866 4857 916 4894 et
968 4844 1304 4898 contrarium
1364 4855 1569 4898 naturae
1621 4844 1852 4899 abusum

253 4933 556 5001 pecu-abit,
589 4942 701 4985 tum
737 4949 766 4985 a
811 4935 1072 4986 continuo
1100 4947 1154 4987 et
1186 4935 1456 5002 frequenti
1490 4939 1656 4990 abusu
1683 4935 1748 4989 ad
1778 4939 1856 4989 in-

251 5027 576 5097 gurgitaudi
602 5035 656 5079 et
686 5025 975 5080 deliciandi
1012 5029 1254 5080 habitum
1284 5046 1296 5080 :
1328 5031 1542 5082 tandem
1580 5044 1664 5082 me
1698 5045 1855 5099 pror-

251 5135 355 5177 sus
396 5122 680 5190 decipiens
703 5161 718 5185 ,
748 5122 1029 5177 interficit.
1085 5124 1217 5176 Nam
1254 5125 1465 5178 deliciis
1505 5127 1707 5178 irrctita
1740 5129 1856 5182 sive

251 5215 470 5270 fentina
516 5224 606 5267 est
638 5215 754 5267 sive
827 5231 1003 5274 tuens,
1037 5215 1225 5269 vivens
1281 5226 1494 5270 mortua
1548 5227 1682 5282 est;
1738 5232 1853 5270 mea

248 5313 408 5362 enim
443 5322 597 5359 mora
620 5317 725 5369 est,
757 5306 982 5360 oblitam
1020 5309 1363 5376 prepriarum
1394 5309 1525 5361 milii
1552 5313 1852 5370 actionum,

253 5401 312 5451 in
348 5399 630 5466 pecuariis
661 5398 1031 5466 voluptatibus
1057 5399 1304 5466 corporis
1341 5402 1705 5467 percipiendis
1738 5415 1854 5452 ver-

251 5495 373 5545 sari
401 5510 411 5542 :
447 5493 692 5555 quando,
728 5501 785 5544 ut
810 5493 951 5544 alter
984 5491 1265 5560 apostolus
1296 5493 1505 5555 scribit,
1530 5491 1776 5544 attraltor
1799 5505 1854 5548 et

253 5589 486 5637 inescor
517 5601 544 5634 a
580 5583 762 5637 carnis
803 5585 1133 5653 cupiditate;
1169 5583 1438 5652 cupiditas
1488 5594 1668 5636 autem
1720 5598 1852 5636 con-

253 5677 394 5746 cipit
448 5687 502 5730 et
545 5676 715 5745 gignit
754 5686 1061 5745 peccatum,
1095 5689 1380 5746 peccatum
1412 5685 1590 5729 autem
1636 5676 1856 5731 absolu-

251 5782 376 5825 tum
408 5780 660 5834 procreat
695 5782 952 5824 mortem.
1013 5771 1094 5822 Ab
1145 5770 1407 5823 uberibus
1438 5771 1580 5821 enim
1630 5771 1758 5835 ipsis
1803 5773 1857 5821 in

253 5876 416 5920 more
451 5860 690 5927 positum
748 5873 855 5922 est,
900 5872 962 5920 ut
1014 5876 1138 5918 cum
1193 5860 1259 5915 ad
1311 5858 1613 5930 jucundum
1635 5864 1854 5928 qrrtdvis

1951 3397 2260 3451 quanquam
2288 3381 2589 3444 difliculter,
2613 3395 2788 3434 tamen
2809 3383 3108 3448 perierunt,
3137 3398 3239 3437 una
3262 3400 3385 3438 cum
3413 3403 3520 3438 Scr-

1951 3475 2121 3528 vitute
2138 3474 2298 3527 vitam
2323 3489 2540 3543 quoque
2573 3483 2889 3540 posuerunt,
2934 3477 3128 3542 partim
3161 3477 3366 3531 interea
3393 3495 3495 3546 pog

1955 3567 2132 3620 nando
2153 3568 2485 3626 restiterunt.
2509 3569 2635 3619 dum
2664 3568 2823 3622 heros
2856 3568 2998 3622 ferro
3027 3569 3343 3624 dimicantes
3378 3573 3524 3623 vide-.-

1955 3667 2103 3725 runt,
2128 3667 2182 3710 et
2212 3658 2262 3710 in
2291 3658 2572 3725 seipariter
2600 3658 2894 3722 irruentes;
2927 3658 3013 3712 ubi
3040 3670 3218 3712 autem
3251 3659 3324 3712 illi
3355 3662 3521 3728 depo-

1957 3751 2131 3802 nenda
2160 3758 2488 3802 censuerunt
2517 3764 2691 3813 arma,
2720 3759 2774 3803 et
2797 3748 3031 3803 inermes
3064 3750 3228 3820 ﬂagra
3263 3752 3524 3804 duntaxat

1959 3850 2210 3908 tanquam
2273 3845 2444 3894 Servis
2485 3841 2854 3905 incusserunt,
2909 3841 3087 3911 itaque
3121 3854 3442 3897 revocarunt
3473 3846 3522 3894 in

1959 3936 2300 3989 memoriam.
2326 3933 2415 4000 qui
2444 3934 2766 4001 quibuscu-n
2795 3934 3058 3987 auderent
3085 3950 3273 4003 gerere
3302 3934 3523 3999 bellum,

1959 4034 2072 4077 tum
2108 4027 2170 4077 ad
2201 4039 2258 4077 se
2280 4025 2514 4093 denique
2548 4026 2840 4086 redierunt,
2870 4036 2920 4077 et
2961 4027 3246 4094 pristinam
3281 4027 3530 4080 domina~

1958 4116 2158 4169 tionem
2192 4126 2547 4184 agnoverunt.
2572 4115 2683 4168 lloc
2721 4131 2846 4168 vero
2871 4131 3050 4168 meum
3085 4117 3278 4170 servile
3307 4117 3530 4171 hostile-

1958 4221 2062 4276 que
2093 4205 2295 4257 malum
2326 4215 2408 4259 est
2457 4207 2806 4272 indornabile,
2841 4207 3186 4270 seditiosum,
3217 4206 3526 4276 fugitivum,

1958 4298 2100 4366 quod
2151 4298 2298 4350 nullo
2341 4308 2499 4367 pacto
2536 4301 2584 4353 in
2613 4301 2955 4366 ,scrvitntcm
2990 4300 3252 4354 adducas.
3289 4301 3400 4354 Nec
3446 4319 3531 4352 rn-

1959 4389 2160 4443 tionem
2217 4390 2379 4443 ullam
2432 4400 2609 4452 teneo,
2647 4407 2749 4460 qua
2787 4391 3033 4458 superior
3083 4392 3352 4457 cvadam;
3407 4410 3530 4444 nam

1960 4497 2137 4551 neque
2163 4484 2286 4551 jure
2317 4484 2464 4544 belli,
2508 4501 2682 4553 neque
2711 4487 2822 4553 lege
2854 4485 3012 4553 justas
3048 4485 3328 4538 servitutis
3365 4501 3535 4552 expu-

1888 4605 1929 4659 0
1963 4586 2128 4638 guare
2156 4588 2398 4640 possum,
2441 4573 2533 4626 sed
2570 4589 2788 4642 quoquo
2815 4575 2974 4630 modo
3005 4575 3324 4642 congrediar
3359 4576 3532 4628 on.ni-

1965 4661 2062 4713 bus
2097 4662 2397 4728 proverbiis
2431 4665 2665 4716 obnoxia
2737 4674 2944 4732 teneor,
2997 4667 3226 4733 lapidem
3272 4680 3530 4734 coquens,

1961 4765 2138 4805 aerem
2164 4753 2802 4824 verberans,1£tbiopem
2833 4757 3109 4821 dealbans,
3137 4757 3403 4810 flannnarn
3434 4774 3534 4809 ca:-

1961 4843 2117 4909 dens,
2156 4846 2206 4897 in
2273 4847 2426 4914 aquis
2460 4849 2725 4908 scribens,
2771 4864 2831 4902 ex
2888 4865 3054 4902 arena
3083 4849 3382 4904 funiculum
3437 4867 3534 4899 ιιι--

1963 4947 2134 4992 ctens.
2167 4937 2758 4993 Ufactumincredibile
2789 4943 2802 4994 l
2832 4941 3064 4994 duarum
3098 4957 3275 4994 rerum
3311 4942 3536 4994 rationis

1961 5033 2262 5100 expcrtiurn
2302 5045 2540 5102 potestas
2576 5051 2706 5088 mea:
2737 5036 2767 5088 fi
2792 5037 2857 5089 lei
2894 5038 3100 5090 credita
3149 5047 3273 5090 est:
3311 5039 3534 5091 alterius

1963 5143 2177 5182 mecum
2220 5126 2549 5179 intrinsecus
2582 5136 2634 5180 ct
2666 5142 2695 5179 e
2729 5130 3052 5195 propinquo,
3104 5129 3327 5182 alterius
3359 5147 3533 5181 reum-

1965 5223 2072 5274 tius
2105 5230 2155 5271 et
2188 5219 2526 5271 extrinsecus
2558 5218 2882 5284 conjuncta'.
2925 5217 3119 5271 Verum
3160 5223 3271 5272 haec
3297 5223 3534 5272 exterior

1965 5313 2280 5368 servitutem
2309 5327 2464 5378 passa
2498 5323 2581 5365 est
2621 5321 2672 5364 et
2703 5311 3024 5378 subjiciendi
3061 5313 3266 5381 legibus
3317 5316 3534 5378 aequis-—

1965 5403 2070 5466 vit;
2093 5403 2297 5453 nullum
2319 5403 2461 5452 enim
2485 5402 2842 5453 animantium
2868 5402 3077 5455 ratione
3131 5402 3534 5455 destitutorum,

1966 5491 2220 5543 idoneum
2253 5491 2571 5558 obsequium
2605 5500 2860 5556 praestare
2910 5500 3148 5554 recusat,
3199 5490 3292 5544 sed
3348 5489 3534 5558 jupum

1967 5583 2276 5649 impositum
2310 5581 2507 5634 cervici
2559 5582 2654 5634 bos
2711 5583 2869 5645 tollit,
2919 5597 2981 5635 ac
3029 5593 3185 5635 terra:
3221 5585 3539 5634 crassitudz-

1968 5692 2086 5727 nem
2123 5684 2303 5726 aratro
2333 5674 2635 5742 perfringit,
2682 5674 2841 5740 idque
2875 5674 3020 5738 facit,
3069 5674 3377 5728 cervicibus
3414 5689 3537 5728 cor-

1965 5782 2138 5821 nuum
2168 5769 2312 5819 acinis
2340 5767 2492 5834 quasi
2523 5768 2721 5819 alteras
2743 5768 2929 5843 hastas
2968 5778 3264 5835 pra'tcnsus
3293 5771 3534 5831 habens;

1966 5877 2138 5929 neque
2164 5861 2364 5928 levipes
2391 5874 2562 5928 cquus
2589 5861 2946 5914 ministerium
2981 5862 3131 5926 fugit,
3154 5862 3254 5917 sed
3274 5863 3376 5910 eti:
3406 5882 3430 5894 ιι
3465 5865 3509 5912 εις
