4274 6452
696 427 801 489 1‘67

1921 406 2296 466 (ERECOIHI
2345 400 2667 464 PALAM/E

3846 402 3955 467 968

702 549 792 585 uox
832 543 880 584 et
912 527 1182 599 petulans,
1213 540 1305 580 ore
1338 535 1518 577 tantcn
1552 521 1703 575 frena
1750 518 1960 587 recipit,
1999 531 2268 573 sessorem
2303 517 2344 572 Λ
2377 512 2531 575 liceat
2568 511 2795 566 dicenda
2830 509 3199 573 considerare,
3233 522 3471 577 prxceps
3498 507 3560 560 ad
3598 509 3955 565 nuntiandum

700 640 753 678 et
795 637 976 691 pacem
1018 619 1309 687 agitantem
1343 624 1396 667 et
1427 622 1750 683 pugnantem
1780 610 1944 663 vehit.
1980 606 2135 659 l’aret
2171 609 2269 659 asi-

706 730 829 773 nus,
866 712 987 763 licet
1024 719 1213 761 natura
1271 703 1459 757 tardus
1497 702 1590 766 sil,
1652 701 1717 752 ad
1775 715 1915 751 onus
1949 697 2270 766 portanduin

704 816 926 857 vocatus
961 820 973 862 ;
1006 809 1061 854 et
1103 797 1556 868 quemadmodum
1595 792 1875 847 fcrocitate
1912 790 2270 843 exsultantem

700 913 900 963 equum
935 891 1175 952 coercui,
1229 889 1412 942 itidem
1462 885 1834 939 tardissimum
1871 884 2083 936 asinum
2117 882 2272 933 aditi-

705 988 814 1037 bitu
844 985 1021 1053 puello
1048 995 1098 1034 et
1139 982 1279 1034 fuste
1300 978 1617 1031 celeriorem
1650 974 1775 1027 feci.
1809 973 1947 1035 Ouid
1978 973 2090 1023 haec
2122 986 2271 1022 man-

704 1078 941 1129 snel'at-ta
975 1088 1170 1143 pecora
1202 1083 1253 1125 ct
1292 1068 1598 1136 subjugalia
1630 1067 1775 1119 dico?
1804 1064 1919 1117 Non
1953 1079 2129 1125 ursus,
2167 1077 2273 1113 non

706 1168 963 1235 patdalis,
994 1168 1231 1218 ferarum
1270 1159 1673 1221 munitissima},
1708 1173 1815 1208 non
1862 1156 1976 1223 ipse
2018 1154 2274 1221 elepltatt-

706 1271 815 1322 tus,
853 1256 1223 1326 magnitudine
1252 1268 1477 1321 aggeres
1509 1261 1664 1303 terr.e
1715 1263 1999 1316 superans,
2039 1262 2144 1298 non
2170 1246 2271 1306 leo,

707 1366 799 1400 rex
859 1348 1151 1414 agri-stituit
1202 1342 1583 1403 animantium,
1645 1348 1892 1393 nostrum
1972 1338 2276 1389 detrectant

709 1440 1031 1504 iutperittltt:
1070 1436 1164 1489 sed
1195 1444 1248 1486 et
1284 1435 1335 1485 in
1377 1431 1603 1484 urbibus
1640 1446 1733 1499 per
1769 1430 1944 1481 fortun
1979 1436 2029 1480 ct
2066 1428 2273 1478 theatra

705 1531 876 1591 duc-.i,
910 1526 1308 1596 spectatoribus
1326 1524 1514 1577 otiosis
1544 1523 1873 1589 voluptatem
1901 1535 2023 1573 cum
2057 1530 2275 1586 stupore

706 1631 760 1672 et
798 1620 1058 1674 miraculo
1106 1618 1367 1687 praebent.
1414 1613 1599 1681 Neque
1633 1612 1960 1666 sublimibus
1994 1611 2185 1663 avibus
2207 1611 2273 1661 ad

707 1714 888 1779 fugam
926 1712 1065 1765 satis
1099 1710 1199 1762 fuit
1223 1712 1365 1763 aeris
1403 1711 1588 1776 ingens
1621 1704 1849 1759 altitudo
1876 1723 1891 1757 :
1920 1716 1977 1757 ut
1999 1717 2174 1766 neque
2199 1703 2279 1771 pi—

706 1808 893 1859 St'lillls
924 1804 991 1858 ad
1020 1806 1256 1857 latebras
1294 1802 1781 1872 profundissimam
1817 1801 1982 1852 maris
2018 1796 2272 1860 fundum,

709 1915 770 1947 ae
800 1897 902 1949 ltoe
954 1894 1181 1949 rationis
1214 1908 1428 1961 expers,
1469 1891 1704 1945 ferinum
1759 1899 1813 1943 et
1846 1888 2165 1950 belluinunt,
2200 1888 2271 1941 ita

713 1986 1179 2041 mansuefacimus
1224 1994 1283 2038 ut
1316 1998 1403 2037 res
1436 1982 1562 2047 fert,
1587 1990 1641 2036 et
1683 1982 2006 2035 domamus;
2038 1980 2271 2034 alterum

714 2094 841 2133 vero
877 2093 1048 2147 genus
1080 2076 1435 2131 domesticum
1457 2081 1509 2127 et
1541 2073 1629 2127 cui
1664 2073 2007 2127 continenter
2034 2070 2272 2126 insidere

710 2174 866 2224 nobis
914 2170 1285 2239 praescriptum
1336 2174 1424 2221 est
1474 2165 1637 2235 idque
1669 2164 1964 2229 moderari,
2000 2163 2275 2219 nescimus

707 2278 946 2331 quonam
980 2272 1137 2332 pacto
1186 2260 1522 2328 mitigemus.
1573 2269 1625 2312 et
1656 2258 1722 2311 ad
1769 2257 2128 2311 obediendum
2162 2257 2273 2311 cle—

712 2364 924 2407 menter
961 2354 1338 2416 adducamus;
1372 2356 1425 2403 et
1455 2359 1636 2403 tamen
1673 2363 1843 2416 genus
1896 2346 2028 2400 illud
2082 2358 2273 2400 natura

710 2460 933 2513 prorsus
964 2443 1029 2496 ad
1063 2444 1329 2495 rationem
1362 2439 1740 2496 obsurdescit:
1775 2440 1876 2492 ltoc
1902 2439 2198 2500 auscultat,
2226 2449 2274 2491 et

715 2535 876 2587 modo
912 2533 1149 2601 quodam
1182 2530 1248 2583 ad
1282 2545 1400 2584 eam
1449 2529 1809 2593 convertitur,
1867 2536 1922 2580 at
1951 2526 2096 2596 quod
2129 2542 2157 2580 a
2196 2543 2279 2581 ra-

714 2627 859 2678 tione
885 2625 1118 2677 alienum
1144 2631 1226 2676 est
1251 2621 1494 2682 omnino,
1526 2618 1721 2673 rationi
1751 2619 1921 2689 magis
1944 2620 2280 2689 obsequitur,

715 2733 874 2785 quant
907 2716 1050 2782 quod
1086 2723 1275 2765 natura
1314 2710 1603 2780 insignitur
1632 2720 1683 2763 et
1711 2709 1927 2763 ducitur
1952 2711 2181 2765 ratione.
2216 2710 2279 2764 ll-

713 2810 804 2863 lttd
838 2823 1054 2877 quoque
1097 2806 1402 2875 suppeditat
1436 2818 1489 2858 et
1538 2804 1720 2857 labore
1752 2820 1851 2856 suo
1884 2814 2035 2873 parat
2069 2806 2282 2873 corpori

718 2900 1032 2965 profutura;
1064 2910 1263 2963 corpus
1299 2908 1424 2947 vero
1454 2892 1655 2946 auxilio
1680 2893 1813 2946 milii
1842 2894 2025 2946 datum
2066 2895 2129 2945 ad
2181 2897 2280 2950 ob-

716 2996 894 3044 eunda
930 2988 1342 3057 prartlarissitna
1377 2985 1590 3038 virtutis
1610 2988 2281 3049 munera,contratiuntet

714 3078 885 3145 magis
920 3076 1161 3128 renitens
1190 3072 1646 3141 deprehenditur:
1684 3074 1972 3141 potiusque
2006 3082 2063 3125 ιιι
2094 3090 2276 3128 secum

715 3171 960 3220 aberrent
996 3182 1024 3219 a
1058 3167 1287 3227 ratione,
1321 3180 1482 3232 quant
1514 3176 1567 3216 ttt
1606 3177 1815 3219 mecum
1852 3165 2029 3231 ipsum
2062 3180 2165 3218 una
2198 3182 2278 3217 ra—

716 3260 864 3311 tione
899 3267 1099 3319 utatur,
1145 3256 1194 3310 vi
1229 3255 1391 3325 cogit.
1422 3256 1496 3309 Ac
1530 3255 1781 3323 superius
1815 3257 2082 3324 explicata
2116 3273 2277 3310 causa

717 3361 794 3402 ρει
827 3366 840 3400 :
894 3348 1037 3413 quod
1083 3362 1203 3400 cum
1237 3358 1379 3400 esset
1414 3345 1545 3398 tnilti
1591 3346 1922 3399 bonoritieus
1957 3358 2132 3410 ortus,
2173 3363 2276 3399 3.0.:

720 3443 953 3494 intellexi
1014 3441 1272 3508 primum,
1303 3440 1509 3493 scilicet
1534 3454 1654 3493 cum
1683 3438 1827 3490 fatua
1856 3440 2148 3491 caruncula
2175 3456 2279 3491 una

722 3535 1027 3601 invi-uiliter
1085 3532 1378 3599 desipiens,
1427 3530 1539 3582 sive
1572 3545 1696 3584 cum
1736 3530 1974 3583 materia:
2008 3532 2279 3589 sontibus.

721 3636 777 3677 ιιι
802 3624 1178 3678 Chaldaeorum
1205 3623 1382 3676 verbis
1406 3634 1544 3684 tttar,
1576 3634 1630 3674 et
1652 3621 1964 3690 quisquiliis
2004 3624 2163 3675 simul
2189 3627 2279 3676 dc-

719 3732 920 3780 mersa,
957 3724 1011 3769 et
1049 3716 1194 3768 velut
1251 3725 1493 3768 ostreato
1552 3714 1869 3766 indumento
1924 3714 2280 3779 circumdata,

719 3808 1132 3873 comparatione
1179 3804 1644 3871 similitudineque
1691 3804 1926 3872 pecudes
1966 3813 2019 3857 et
2045 3816 2284 3859 amentes

720 3907 941 3950 naturas
986 3898 1181 3956 refero,
1217 3895 1392 3949 serius
1420 3902 1598 3948 tamen
1634 3894 1928 3961 intelligere
1959 3897 2201 3961 demens,
2232 3908 2284 3949 et

719 3989 909 4043 stolida
936 3989 1225 4055 aliquando
1251 4002 1440 4055 sapere
1468 3989 1750 4054 incipiens,
1778 3988 1991 4040 adnitor
2018 3989 2147 4039 tnibi
2180 3990 2283 4055 prf-

724 4081 995 4133 mordium
1056 4078 1386 4131 conveniens
1440 4078 1739 4143 vinditare,
1794 4078 2011 4147 corpori
2056 4080 2284 4147 ejusque

724 4171 987 4223 membris
1025 4170 1293 4238 imperare
1326 4184 1447 4222 eum
1472 4170 1700 4231 ratione,
1735 4178 1788 4221 et
1842 4170 1904 4221 ad
1945 4184 2140 4221 munus
2164 4170 2280 4220 cni-

718 4278 827 4331 que
851 4276 1156 4331 congruens
1186 4276 1457 4315 revocare.
1491 4261 1581 4314 llla
1618 4269 1797 4314 tamen
1832 4262 1944 4328 ipsa
1980 4276 2283 4313 sermonem

722 4356 885 4408 etiant
943 4354 1397 4423 |II‘:CthCUp:llllia,
1452 4354 1608 4421 plane
1663 4352 1819 4406 factis
1884 4356 2288 4421 proclamarunt

721 4466 842 4519 qttte
872 4451 1018 4504 cives
1046 4449 1210 4501 nobili
1246 4450 1378 4507 viro,
1404 4456 1462 4500 ut
1495 4456 1580 4501 est
1606 4448 1656 4500 in
1678 4448 1982 4516 evangelica
2011 4448 2283 4514 paraliola,

2311 3199 2348 3226 ,⁸1

2310 3229 2349 3255 υ

2380 621 2477 656 sua
2516 613 2711 673 sponte.
2746 603 2989 670 pratsilit,
3029 601 3162 654 foris
3192 601 3473 662 elfntiens,
3503 618 3621 669 quae
3660 618 3765 653 uen
3800 620 3959 670 opm-

2380 701 2453 744 tet
2507 709 2519 744 :
2591 692 2801 745 tametsi
2838 701 2915 745 tot
2966 693 3133 758 Septis
3176 701 3384 744 natur-.e
3425 692 3833 748 circumvallata
3866 696 3958 747 sit.

2377 783 2516 846 Quid
2550 798 2679 835 vero
2710 784 2831 851 gula
2862 782 3064 835 canalis
3092 782 3308 850 quidam
3335 781 3578 834 omnium
3608 783 3804 851 capax?
3829 786 3961 852 quid

2379 872 2656 925 insaniens
2680 874 2972 941 furensque
3018 872 3270 940 tangendi
3300 887 3493 927 sensus
3516 873 3539 925 ἲ
3563 873 3834 930 rationine
3860 890 3962 929 au-

2377 963 2615 1014 scultare
2664 964 2832 1026 novit,
2866 973 2921 1015 et
2975 962 3290 1030 appetitioni
3357 962 3574 1015 modum
3604 964 3965 1020 constituere?

2378 1051 2517 1119 Quid
2550 1068 2677 1106 vero
2704 1069 2819 1116 cor,
2855 1068 2978 1107 cum
3042 1052 3413 1109 effervescens
3461 1066 3514 1108 et
3572 1055 3638 1108 ad
3696 1056 3962 1111 ttltionent

2382 1148 2672 1199 iucitatunt
2727 1146 3130 1200 tumultuatur?
3172 1146 3315 1215 quod
3364 1148 3719 1215 quamobrem
3763 1153 3966 1203 canino

2378 1237 2484 1289 ritu
2519 1237 2723 1292 latrans
2776 1238 2992 1291 llontcri
3031 1253 3225 1308 poema
3257 1238 3468 1302 fecerit,
3520 1254 3584 1293 ac
3626 1254 3733 1293 non
3782 1243 3967 1309 potius

2380 1328 2600 1382 leonino
2627 1344 2775 1384 more
2817 1331 3056 1400 rugiens,
3100 1347 3128 1383 a
3156 1332 3376 1397 tutiror;
3408 1342 3683 1401 postremo
3716 1337 3964 1393 animosa

2380 1420 2647 1487 particula
2677 1420 2929 1488 cupiendi
2952 1423 3038 1476 cui
3066 1425 3164 1475 rite
3191 1426 3495 1492 comparari
3512 1427 3720 1494 possit?
3745 1426 3969 1497 Scylla:-

2382 1528 2471 1577 ne,
2512 1514 2804 1567 immortali
2860 1515 3117 1583 perniciei
3143 1556 3157 1579 ,
3193 1531 3260 1569 an
3294 1520 3600 1571 renascenti
3638 1521 3864 1585 ltydrat?
3894 1538 3965 1576 au

2379 1598 2629 1670 Tvpltoni
2657 1603 2926 1672 capitibus
2951 1613 3172 1656 centum
3201 1604 3426 1671 praedito
3450 1604 3472 1657 ξ’
3499 1604 3605 1658 Τυι
3632 1607 3969 1662 instrumen-

2382 1700 2562 1745 torum
2614 1694 2910 1757 baratltris,
2960 1703 3017 1748 et
3062 1703 3280 1747 artuum
3316 1696 3491 1760 vallis,
3545 1698 3788 1766 undique
3845 1717 3967 1754 mea

2382 1793 2641 1852 consepta
2668 1796 2753 1841 est
2782 1786 2945 1841 altius
2984 1787 3285 1840 habitatio:
3320 1788 3374 1840 itt
3410 1789 3608 1854 quibus
3636 1790 3888 1844 absurda:
3917 1805 3972 1845 et

2386 1876 2612 1931 rationis
2662 1889 2911 1947 expertes
2956 1879 3266 1943 facultates,
3312 1884 3460 1935 Vclttl
3513 1884 3817 1937 omnimodi
3855 1900 3972 1937 ser-

2381 1981 2569 2037 pentes
2598 1970 2649 2023 in
2685 1971 2875 2024 ferinis
2900 1970 3082 2042 Libya:
3108 1974 3407 2042 speluncis,
3437 1975 3683 2029 latitant:
3714 1994 3857 2043 quas
3886 1981 3967 2032 ci—

2381 2072 2575 2111 curare
2633 2057 3158 2129 ntansucfacerequc
3190 2060 3478 2129 pollicetur
3509 2062 3597 2114 illa
3629 2062 3852 2127 quidem
3886 2066 3971 2117 di-

2385 2149 2563 2217 gnitas
2620 2148 2925 2218 imaginis;
2986 2160 3042 2203 at
3103 2151 3148 2205 si
3214 2168 3320 2221 qua
3382 2168 3601 2206 sursum
3658 2166 3969 2219 emergunt,

2383 2242 2635 2293 deorsum
2665 2256 2772 2294 una
2799 2242 3218 2307 convolvuntttr,
3242 2262 3363 2298 naut
3392 2246 3478 2297 illa
3496 2247 3668 2314 magis
3695 2248 3971 2302 ferociunt

2380 2348 2631 2402 smpeqtte
2672 2348 2899 2388 numero
2918 2334 3234 2389 efferantur.
3270 2338 3425 2403 Quo-.l
3454 2352 3546 2390 vos
3584 2354 3803 2405 qttopte
3846 2346 3947 2392 sub

2381 2424 2699 2485 sentientes,
2755 2432 2809 2476 et
2845 2439 2911 2477 ne
2967 2425 3097 2493 quid
3150 2426 3276 2479 inde
3318 2428 3442 2479 mali
3495 2427 3651 2480 vobis
3698 2430 3973 2483 accideret

2385 2525 2661 2578 caventes,
2714 2529 2778 2567 ex
2816 2503 3120 2568 'lmmiuunt
3172 2519 3321 2569 omni
3376 2519 3675 2580 consortio,
3728 2519 3972 2572 fetarum

2384 2605 2666 2659 altricibus
2701 2604 2835 2660 lucis
2870 2607 3170 2675 occupatis,
3208 2623 3301 2660 vos
3346 2607 3696 2661 adducendus
3752 2612 3975 2664 censui-

2382 2698 2501 2757 Stis,
2532 2710 2681 2750 antra
2707 2698 2823 2752 suis
2852 2700 3178 2767 tegumentis
3209 2700 3440 2762 munita,
3503 2711 3770 2767 terrarque
3816 2717 3977 2770 pene-

2388 2789 2544 2841 tralia
2577 2790 2707 2843 solis
2742 2790 2910 2844 radiis
2955 2791 3220 2859 impervia
3270 2792 3592 2855 subeuntes,
3626 2808 3721 2860 per
3755 2796 3971 2848 deserta

2389 2891 2537 2933 \‘itala
2574 2881 2674 2933 sub
2710 2881 2801 2933 dio
2838 2882 3067 2950 vagatis,
3101 2894 3157 2933 ιιι
3188 2884 3435 2950 corporis
3464 2884 3721 2938 sensibus
3757 2887 3823 2936 ad
3858 2904 3973 2939 ma-

2388 2976 2563 3025 lorutu
2602 2974 2881 3041 ingressus
2909 2974 3225 3034 obstructis,
3262 2991 3387 3042 pars
3421 2975 3503 3027 illa
3536 2978 3745 3030 ratione
3776 2994 3972 3031 caren-

2387 3066 2453 3115 tis
2482 3065 2646 3116 animi
2683 3066 2967 3127 ferociens,
3004 3067 3277 3119 alimentis
3321 3068 3582 3121 destituta
3618 3071 3892 3137 quiescat.
3918 3087 3967 3124 ct

2386 3160 2608 3207 mutastis
2639 3167 2906 3225 compots
2963 3175 3086 3225 pars
3136 3160 3465 3225 intelligens,
3530 3178 3560 3212 ιι
3613 3178 3795 3213 rerum
3851 3167 3966 3217 sub

2383 3263 2605 3302 Sensum
2644 3251 2952 3301 cadentium
2988 3249 3492 3317 perturlnitiouibus
3539 3268 3763 3315 vacans,
3787 3256 3968 3310 otiosa

2383 3341 2546 3394 rebus
2584 3342 2937 3410 intelligentia
2969 3342 3081 3395 sola
3118 3344 3478 3410 percipiendis
3524 3345 3828 3400 iut'ntuiial.

2532 3442 2585 3485 to
2615 3433 2693 3486 sic
2725 3448 2897 3487 sane:
2938 3433 3189 3502 equidem
3226 3435 3309 3487 bis
3358 3437 3545 3503 paucis
3596 3438 3966 3495 demonstran

2387 3526 2585 3592 palam,
2617 3536 2820 3593 quanta
2851 3525 3047 3580 servile
3074 3542 3273 3594 corpus
3306 3527 3359 3578 itt
3395 3543 3478 3579 tne
3506 3528 3825 3593 juveniliter
3852 3547 3969 3583 mo-

2390 3619 2581 3670 liatur:
2613 3619 2755 3686 quod
2788 3619 3001 3672 tametsi
3040 3620 3226 3671 talitttn
3262 3620 3582 3687 injurtarutn
3618 3635 3809 3673 auctor
3858 3640 3967 3677 ina-

2387 3712 2578 3765 nifeste
2613 3712 2938 3775 revincatur,
2976 3729 3080 3764 tton
3126 3723 3306 3765 tamen
3338 3714 3637 3768 abstinebit
3664 3720 3966 3783 quominus

2386 3814 2571 3853 contra
2600 3804 2901 3855 etiamnum
2954 3804 3120 3865 dicat,
3154 3803 3330 3871 qualia
3369 3820 3748 3872 saqiettutttero
3804 3810 3968 3864 liber-

2394 3896 2527 3946 rime
2560 3894 2812 3957 ιῖἰιιίιιιυ,
2855 3909 2963 3947 non
3008 3896 3292 3949 mutientlo
3322 3896 3427 3948 ritu
3477 3911 3783 3959 servorum.
3818 3901 3970 3955 inso.

2392 3987 2585 4037 lentius
2612 3985 2807 4038 audet:
2835 3986 2904 4037 ita
2936 3987 3191 4038 nimirum
3223 3990 3481 4040 omnibus
3508 3990 3559 4041 in
3591 3993 3775 4054 rebus,
3809 3996 3965 4061 quasi

2392 4087 2582 4130 tatura
2615 4079 2807 4131 hostile
2833 4079 2966 4131 tnilti
2997 4080 3271 4142 renititur,
3305 4080 3463 4133 fartis
3501 4083 3769 4151 dictisque
3802 4102 3963 4155 repn-

2388 4185 2579 4235 gustus,
2611 4180 2661 4223 et
2709 4171 2955 4232 omnino,
3008 4172 3213 4224 nullum
3253 4173 3303 4224 itt
3358 4183 3595 4241 pactum,
3651 4177 3863 4231 nullum
3911 4180 3965 4231 itt

2392 4262 2564 4314 ftetles
2583 4261 2786 4315 coiens.
2808 4262 2993 4330 Itaque
3012 4264 3306 4331 quidquam
3336 4278 3524 4318 eorum
3555 4283 3791 4333 quorum
3820 4285 3967 4325 nunc

2390 4361 2696 4416 accusatur,
2731 4368 2794 4405 ac
2826 4352 2878 4405 in
2931 4354 3119 4421 primis
3161 4356 3281 4407 illos
3311 4357 3561 4409 ciborum
3612 4363 3965 4425 pereuntium

2392 4443 2654 4515 malignos
2681 4454 2942 4511 qumstus,
2982 4453 3035 4498 et
3067 4454 3379 4512 perpetuam
3419 4448 3760 4501 exactionem
3794 4467 3854 4504 se
3884 4455 3966 4507 vel

724 4557 817 4607 per
868 4542 1071 4611 legatos
1116 4556 1253 4609 quos
1304 4540 1545 4601 miserat,
1594 4539 1915 4592 nuntiarunt
1945 4556 1956 4591 :
1994 4537 2286 4591 «Nolumus
2321 4530 2364 4585 Ι)
2392 4549 2551 4603 agere
2586 4537 2665 4589 vel
2704 4538 2808 4603 pati
2852 4544 3171 4604 negaturum
3210 4545 3310 4589 est.
3340 4534 3473 4589 Nam
3505 4552 3628 4591 eunt
3663 4540 3733 4592 sit
3769 4552 3967 4596 natura

722 4642 782 4683 ut
804 4642 857 4683 ιιι
883 4646 1071 4701 regnes
1095 4630 1148 4683 itt
1171 4629 1347 4695 nobis;
1383 4648 1401 4681 ι
1430 4629 1786 4682 dueuntenitn
1811 4628 1970 4681 citius
1995 4644 2154 4696 quam
2185 4628 2284 4680 du-

723 4730 941 4783 cuntur,
971 4723 1383 4788 reuitunturquc
1415 4718 1771 4773 familiaribus
1798 4728 1849 4772 et
1874 4719 2066 4771 amicis
2104 4720 2283 4786 potius

720 4826 882 4878 quam
907 4814 1185 4863 asciscunt
1203 4826 1322 4879 qua:
1349 4821 1475 4863 sunt
1518 4810 1753 4878 optima:
1791 4810 2069 4878 magisque
2111 4821 2285 4862 retra-

723 4903 856 4955 ltnnt
880 4918 1040 4968 quant
1065 4904 1374 4955 trahuntur.
1407 4901 1580 4970 Atque
1605 4901 1734 4954 tttilti
1765 4901 2287 4969 considerate,qu1c—

723 5010 808 5057 so,
828 4994 1060 5061 primum
1074 4996 1238 5047 aures
1255 5004 1308 5046 et
1322 4994 1530 5047 oculos:
1546 4994 1733 5057 illae,ut
1749 4992 2092 5046 Ecelesiasta:
2106 4994 2285 5047 verbis

720 5094 860 5145 utar,
892 5085 1183 5147 audiendo,
1217 5086 1267 5137 bi
1299 5085 1523 5139 videndo
1554 5100 1659 5137 non
1691 5084 1990 5151 satiantur;
2024 5087 2283 5154 quoniam

724 5180 829 5229 illis
870 5192 1082 5245 semper
1117 5177 1425 5245 patentibus
1461 5177 1602 5230 fores
1651 5176 1939 5230 oceludere
1976 5193 2083 5231 non
2123 5178 2282 5243 licet;

726 5268 809 5323 ltis
869 5284 1179 5338 quanquam
1233 5268 1609 5337 palpebrarum
1662 5277 2031 5335 tegumentum
2084 5270 2282 5322 vallum

719 5368 824 5418 est,
852 5366 905 5409 et
926 5357 1161 5419 aversio,
1190 5371 1253 5408 ex
1272 5358 1534 5410 sententia
1569 5356 1748 5425 magni
1779 5354 1900 5421 Job,
1927 5357 2285 5425 dispositione

724 5463 856 5499 vana
886 5449 1117 5511 videant,
1156 5448 1285 5516 quid
1329 5456 1508 5500 tantcu
1543 5449 1654 5500 lnec
1700 5448 1763 5499 ad
1814 5462 2002 5500 eorum
2041 5464 2285 5502 momen-

726 5550 835 5591 tum
876 5540 1341 5607 promptissiutum
1371 5551 1423 5591 et
1453 5541 1795 5592 celerrimum
1846 5555 2007 5608 supra
2043 5542 2282 5601 modum,

724 5642 778 5685 et
819 5632 1195 5699 inexplebilem
1231 5632 1640 5684 curiositatem?
1684 5630 1992 5699 Dcindeque
2024 5633 2280 5698 linguam,

731 5724 1043 5777 mlontabile
1076 5724 1294 5788 malum,
1332 5724 1587 5776 mundum
1620 5723 1938 5792 iniquitatis.
1968 5734 2024 5776 ttt
2048 5722 2281 5777 Jacol‘tls

726 5816 889 5867 linter
923 5814 1008 5866 Ι)ιοὶ
1052 5815 1325 5883 loquitur:
1358 5831 1476 5883 qua:
1510 5815 1669 5867 etiam
1707 5822 1852 5878 ptius
1887 5831 2046 5882 quatit
2087 5816 2277 5868 tatiini

2392 4627 2753 4694 compositum
2789 4638 2844 4679 et
2872 4642 3084 4694 semper
3108 4626 3305 4691 fluens,
3358 4628 3628 4683 nteatibus
3660 4637 3777 4685 tum
3813 4635 3971 4687 abdi-

2394 4719 2483 4780 tis,
2512 4727 2622 4769 tum
2650 4718 2865 4785 apertis,
2900 4721 3207 4771 necessario
3231 4720 3648 4787 respondentem
3676 4722 3970 4780 inanitioni

2397 4807 2754 4875 repletiouem
2789 4808 3040 4874 requirit,
3068 4825 3230 4877 quant
3280 4826 3403 4864 cutn
3453 4830 3557 4867 non
3611 4816 3773 4869 aliter
3804 4835 3968 4887 quam

2394 4914 2491 4967 per
2516 4899 2664 4953 cibos
2693 4908 2746 4951 et
2778 4909 2937 4969 potus
2968 4910 3160 4955 natura
3218 4906 3400 4957 molita
3445 4907 3537 4969 sit,
3585 4908 3795 4961 idcirco
3835 4913 3972 4964 nihil

2394 5006 2451 5043 se
2482 5005 2703 5058 peccare
2730 4990 2896 5055 dicet,
2930 5002 3137 5047 natura
3167 4996 3377 5062 legibus
3404 4998 3719 5066 scquendis,
3746 5011 3804 5055 et
3846 5018 3973 5071 qua:

2392 5093 2591 5137 statum
2628 5094 2946 5136 conservent
2975 5087 3312 5153 appetendis,
3344 5088 3389 5140 si
3430 5089 3495 5142 ad
3540 5098 3756 5157 tempus
3788 5093 3972 5163 legiti-

2394 5189 2540 5227 mum
2579 5174 2847 5241 sufficere,
2876 5190 2973 5229 nee
3000 5177 3373 5233 ntaleltabere.
3399 5195 3557 5247 egere
3581 5182 3821 5246 medico,
3845 5199 3969 5236 om-

2394 5267 2525 5319 nino
2577 5268 2854 5321 defessum
2888 5266 3203 5335 concidere,
3231 5273 3609 5341 jac-tutamque
3646 5289 3841 5328 earum
3878 5292 3969 5330 ae-

2394 5359 2602 5411 tionunt
2659 5360 2837 5415 facere
2889 5377 3025 5430 quas
3099 5364 3295 5415 mentis
3356 5379 3522 5417 causa
3580 5380 3705 5418 cum
3778 5368 3973 5421 labore

2393 5452 2715 5520 susceperit,
2739 5452 2887 5505 velit.
2920 5453 2984 5506 lli
3017 5469 3166 5518 vero,
3196 5453 3271 5513 Iti.
3308 5454 3552 5522 inquam,
3585 5456 3727 5508 beati
3751 5455 3972 5522 judiees

2393 5543 2577 5596 usitati
2608 5543 2819 5611 corpori
2854 5558 2972 5598 meo
2999 5554 3289 5613 prmtextus
3312 5556 3457 5611 sunt,
3491 5546 3535 5599 si
3556 5548 3779 5613 quando
3818 5549 3973 5603 dela-

2392 5634 2526 5687 bens
2578 5645 2671 5685 aut
2728 5635 2940 5688 irruens
2969 5641 3033 5687 ad
3063 5637 3336 5689 lasciviant
3380 5636 3533 5690 freno
3568 5641 3690 5692 vita:
3724 5641 3973 5697 durioris

2396 5741 2662 5777 l'cuK‘t‘ttl.
2717 5725 2785 5779 Ut
2840 5729 2982 5779 enim
3036 5728 3301 5781 lat-tantes
3354 5729 3591 5781 infantes
3644 5746 3673 5781 a
3726 5748 3970 5787 mantn-a

2391 5817 2597 5883 depulsi
2631 5818 2840 5885 ιιῖιιινῖιιιι
2874 5858 2886 5878 ,
2921 5818 3103 5870 itidem
3138 5832 3185 5872 et
3235 5822 3335 5874 ltot‘
3369 5821 3435 5872 ῆι)
3478 5821 3544 5873 iis
3578 5820 3779 5891 quibus
3816 5826 3947 5878 falt':
