4274 6452
278 408 390 476 969

1627 400 1967 463 PROSOPO
1977 396 2209 458 ΡίΕιΑΞ.

3453 387 3565 457 9³10

259 518 470 578 liaritcr
502 530 783 579 assuetum
811 535 952 589 erat,
985 520 1235 577 avulsum
1272 515 1441 592 luget,
1481 528 1534 576 et
1564 520 1852 588 indignans
1881 522 1925 578 Α
1959 515 2282 586 quidquam,
2316 510 2418 564 nisi
2452 510 2577 579 quis
2611 520 2841 563 mortem
2878 507 3144 560 malorum
3174 504 3421 561 omnium
3468 511 3566 562 do.

258 620 623 689 obstupescit,
651 620 874 675 morbos
902 630 954 673 et
989 619 1189 673 vinculi
1220 633 1331 688 quo
1358 618 1501 671 inter
1526 630 1628 669 nos
1644 614 1853 681 colliga.

258 728 387 766 mur
437 714 885 778 dissolutionem,
926 729 1216 769 excessum
1273 728 1303 767 e
1337 712 1445 765 vita
1492 708 1781 779 injustum,
1810 714 1867 759 et

261 808 334 859 ab
365 805 704 875 agendarum
742 821 926 860 rerum
960 807 1161 861 studiis
1194 804 1557 861 cessationem
1591 802 1862 869 cogitans.

261 898 401 952 Nam
437 898 585 968 quod
614 900 726 953 haec
748 898 1043 952 manifesta
1076 898 1273 963 ironia,
1305 894 1730 957 dissimulantia,
1763 907 1869 945 ter-

264 992 569 1063 giversatio
622 1000 675 1044 et
723 998 944 1044 versuta
985 990 1261 1043 recusatio
1312 988 1407 1050 sit.
1453 986 1608 1040 vobis
1646 999 1755 1038 non
1788 991 1871 1037 est

263 1085 513 1153 ignotum
553 1081 646 1151 qui
689 1078 1032 1150 experiundo
1064 1077 1359 1143 didicistis,
1404 1086 1458 1131 et
1486 1076 1663 1131 edocti
1707 1072 1867 1134 estis,

264 1187 524 1230 naturam
569 1173 845 1243 corporis,
881 1172 935 1225 in
984 1171 1150 1225 rebus
1183 1169 1429 1224 honestis
1461 1180 1683 1236 operam
1719 1172 1773 1219 et
1795 1162 1871 1217 la-

264 1269 461 1323 borem
498 1266 886 1337 impendenda,
921 1265 976 1319 in
1006 1273 1259 1319 naturam
1302 1259 1661 1331 impatibilcin
1714 1258 1872 1328 quasi

265 1364 479 1417 ferrum
515 1371 569 1416 et
592 1363 946 1415 adamantem
980 1358 1355 1419 indurescere;
1386 1352 1533 1423 quod
1588 1365 1721 1404 vero
1764 1363 1871 1402 non

263 1470 369 1524 pro
392 1454 605 1509 foribus
636 1454 749 1507 base
780 1450 1059 1504 contentio
1089 1450 1179 1513 sit,
1203 1448 1258 1502 id
1285 1461 1503 1517 qttoque
1524 1443 1872 1512 perspicuum

266 1549 492 1604 tametsi
524 1555 633 1610 est,
667 1545 1012 1615 argumentis
1043 1541 1319 1597 revincam
1343 1539 1767 1610 expositumque
1820 1543 1874 1588 et

267 1641 499 1712 planum
548 1637 772 1692 faciam.
814 1634 933 1689 Non
974 1648 1108 1688 sane
1138 1645 1373 1702 prorsus
1419 1625 1563 1698 quod
1614 1626 1877 1681 nutriaris

268 1748 454 1803 neque
490 1729 636 1800 quod
674 1726 976 1783 nutriendo
1006 1725 1230 1790 lmteris,
1260 1738 1293 1777 o
1322 1720 1602 1790 stupidum
1654 1732 1874 1787 corpus,

264 1822 682 1878 crimiuamur:
741 1828 807 1871 ea
872 1816 1238 1870 criminamur
1294 1813 1496 1882 quibus
1556 1809 1714 1863 malis
1784 1815 1877 1861 aut

275 1913 578 1976 aﬂicimur,
628 1920 723 1965 aut
768 1910 1075 1964 deteriOres
1132 1908 1314 1961 fimus.
1346 1905 1480 1973 Quis
1510 1904 1656 1959 enim
1695 1910 1875 1955 mente

269 2010 566 2082 praeditus,
598 2014 655 2060 et
684 2013 896 2060 naturae
928 2004 1172 2057 rationes
1205 2002 1285 2055 vel
1338 1998 1693 2054 mediocriter
1737 2010 1873 2050 con-

267 2100 592 2169 templatus,
632 2094 937 2149 maledictis
962 2095 1188 2162 impetat
1224 2107 1348 2147 cum
1383 2091 1519 2144 alias
1568 2086 1874 2148 facultates,

267 2203 391 2248 tum
425 2190 663 2244 maxime
692 2186 943 2241 altrices?
971 2184 1230 2239 Alimenti
1263 2184 1497 2237 abusum
1529 2182 1771 2250 exlegem
1821 2178 1875 2233 in

270 2278 491 2333 deliciis
545 2286 598 2331 et
651 2274 1083 2344 inexplebilitate
1115 2272 1593 2347 reprehendimus.
1626 2270 1744 2325 Non
1776 2286 1877 2324 au-

270 2380 381 2426 tem
418 2371 559 2423 idem
591 2378 677 2423 est
714 2368 893 2438 τρυφή
928 2366 1073 2435 quod
1104 2365 1301 2434 τροφή,
1337 2364 1545 2419 delicia:
1596 2364 1740 2432 quod
1775 2362 1873 2414 ali-

270 2471 544 2525 mentum,
578 2459 674 2515 sed
704 2459 933 2511 alterum
965 2456 1034 2509 ab
1058 2457 1230 2509 altero
1263 2454 1606 2524 longioribus
1630 2452 1880 2506 intersti-

273 2552 367 2606 tils
392 2548 751 2618 diﬂertquam
772 2546 1044 2617 Mysorum
1065 2554 1118 2599 et
1143 2546 1418 2615 Phrygum
1444 2544 1578 2599 fines
1599 2542 1879 2607 differunt,

274 2642 504 2698 tametsi
562 2641 845 2695 vicinitate
900 2642 1189 2694 nominum
1224 2654 1287 2694 ea
1320 2635 1711 2709 propemodum
1751 2653 1880 2693 con-

274 2737 544 2802 veniant;
576 2743 629 2787 tu
660 2748 791 2788 vero
821 2732 1192 2803 autstupidis,
1222 2740 1318 2785 aut
1344 2731 1604 2801 malignis
1634 2728 1881 2787 moribus

276 2829 600 2898 praeditum,
636 2827 1047 2881 accusationem
1082 2825 1290 2893 abusus
1325 2824 1393 2877 ad
1427 2823 1697 2877 naturalis
1748 2838 1881 2879 usus

280 2921 627 2977 calumniam
687 2919 1025 2974 traduxisti:
1061 2918 1311 2986 idemque
1364 2924 1458 2970 aut
1489 2916 1739 2979 nescisti,
1789 2924 1882 2969 aut

283 3025 341 3068 te
373 3013 589 3068 nescire
631 3021 845 3065 versute
901 3009 1200 3076 simulasti,
1258 2992 1427 3064 veluti
1476 3023 1578 3063 nos
1628 3008 1880 3063 adulterii

279 3106 371 3161 vel
410 3104 697 3160 ebrietatis
732 3106 1056 3156 accusantes
1097 3099 1431 3170 quempiam,
1463 3097 1882 3153 calumniareris

278 3202 442 3273 quasi
500 3198 770 3255 conviciis
824 3201 1043 3266 nuptias
1102 3195 1331 3264 cupidas
1370 3202 1425 3246 et
1480 3194 1727 3247 sobrium
1768 3192 1881 3245 vini

281 3305 474 3364 potum
507 3291 866 3345 insectemur.
895 3288 1082 3357 Itaque
1110 3301 1285 3355 neque
1310 3293 1384 3350 te,
1417 3299 1450 3339 o
1478 3298 1601 3339 mea
1633 3298 1789 3349 crux,
1822 3283 1875 3337 in

278 3385 557 3453 judicium
592 3398 882 3448 vocamus,
911 3383 981 3437 ob
1009 3397 1190 3437 rerum
1226 3385 1661 3435 necessariarum
1697 3394 1877 3445 usum,

282 3480 383 3534 sed
432 3476 563 3546 quia
612 3487 665 3527 tu
705 3478 844 3527 hanc
891 3480 1111 3527 nactum
1150 3474 1456 3542 speciosam
1510 3474 1878 3537 occasionem,

284 3587 402 3625 non
438 3568 672 3635 desinis,
713 3578 773 3621 ut
804 3568 999 3621 iterum
1027 3567 1157 3620 illud
1190 3568 1556 3636 apostolicum
1594 3580 1878 3635 usurpem,

282 3678 508 3717 omnem
544 3657 601 3714 in
639 3675 725 3714 me
770 3660 1123 3728 cupiditatem
1173 3658 1391 3713 efficere
1424 3676 1438 3712 :
1470 3658 1706 3728 primum
1756 3659 1880 3724 qui-

286 3762 412 3812 dem
448 3767 606 3808 utens
640 3754 901 3807 alimento
932 3751 1082 3806 sicco
1117 3752 1473 3820 humidoque,
1505 3751 1699 3805 deinde
1745 3766 1882 3819 pne-

286 3857 375 3903 ter
404 3857 460 3899 et
487 3854 685 3902 contra
719 3859 882 3912 quam
927 3858 1025 3913 par
1056 3845 1129 3897 sit
1154 3843 1409 3909 abutens,
1441 3856 1508 3898 eo
1536 3844 1878 3906 incumbens,

288 3933 358 3994 ad
389 3939 711 3992 universam
748 3950 1081 4004 omnemque
1110 3936 1408 4005 voluptatis
1442 3938 1753 3992 illecebram
1787 3939 1880 3990 de-

286 4033 478 4085 labens
509 4037 564 4081 et
589 4029 832 4090 irruens,
857 4035 908 4079 et
940 4042 1044 4078 una
1078 4040 1165 4079 me
1185 4025 1513 4093 corripiens,
1542 4035 1594 4079 et
1614 4025 1879 4078 exhibens

289 4122 536 4191 negotia.
569 4119 703 4174 Nam
748 4119 957 4188 duplici
1010 4132 1064 4172 et
1097 4119 1235 4187 gulae
1275 4127 1330 4171 et
1376 4118 1582 4170 ventris
1616 4119 1877 4182 intempe-

291 4216 494 4269 rantia:
521 4200 653 4266 flatu
686 4212 1043 4280 exagitatum,
1068 4212 1151 4262 vel
1185 4211 1367 4277 potius
1395 4209 1590 4278 triplici
1622 4210 1698 4274 (in
1727 4207 1883 4261 satie-

287 4308 495 4361 tatibus
558 4305 731 4365 enim,
784 4302 958 4363 aiunt,
1020 4301 1203 4356 Venus
1260 4312 1364 4365 εει,
1428 4313 1689 4370 praetereo
1737 4302 1879 4354 enim

290 4412 425 4457 tunc
456 4402 651 4454 barum
678 4401 931 4453 comitem
967 4401 1231 4451 malorum
1266 4398 1581 4467 legionem),
1615 4395 1743 4464 quid
1776 4409 1880 4447 non

290 4497 427 4550 mihi
462 4493 850 4548 dilficoltatum
883 4501 937 4544 et
985 4493 1327 4546 miseriarum
1358 4489 1551 4544 infers?
1584 4489 1717 4542 Nam
1753 4488 1880 4541 dum

1970 607 2233 660 niitriceir.
2272 606 2411 659 dicat
2444 621 2459 669 ;
2494 603 2749 655 miserior
2782 615 2911 653 vero
2950 601 3123 653 multo
3177 612 3298 653 sum
3332 597 3563 668 alioqui,

1970 701 2113 770 quod
2155 699 2476 766 imprudens
2542 694 2840 763 nesciaque
2894 703 2945 747 te
2984 694 3184 746 malam
3224 694 3454 747 bestiam
3512 693 3567 745 ili

1971 791 2091 844 sinu
2130 781 2366 850 foveam,
2402 797 2457 842 et
2489 787 2695 856 pullum
2744 786 3073 852 petulantem
3110 798 3232 839 meo
3275 785 3419 839 malo
3446 785 3569 854 pin-

1970 880 2299 950 guefaciam.
2342 878 2530 933 Nonne
2563 876 2831 930 nutritum
2880 884 2932 931 et
2974 875 3147 930 fotum
3200 875 3399 929 malam
3431 875 3580 930 mihi.

1974 976 2206 1042 gratiam
2247 973 2445 1027 refers?
2478 972 2760 1034 muniens,
2794 980 2853 1024 ut
2895 986 3141 1036 serpens,
3184 970 3565 1031 calcitrosum,

1974 1068 2376 1121 contumaciter
2450 1064 2805 1134 ignominiam
2869 1064 3117 1129 inurens,
3176 1078 3277 1118 nec
3335 1063 3569 1130 amplius

1974 1159 2281 1215 domabile:
2334 1175 2441 1211 non
2500 1155 2876 1226 persuasionis
2950 1155 3232 1210 blanditiis
3293 1156 3567 1219 deliniris,

1978 1264 2085 1300 non
2125 1247 2177 1299 vi
2214 1246 2469 1308 frenaris,
2507 1262 2614 1297 non
2655 1242 2943 1313 probitatis
2978 1261 3106 1314 ergo
3138 1246 3357 1299 labores
3399 1249 3571 1301 attin-

1978 1339 2079 1409 gis.
2106 1341 2242 1405 Quid
2277 1342 2386 1403 aio,
2415 1339 2630 1393 labores
2651 1353 2755 1391 non
2787 1334 3034 1409 attingis?
3064 1339 3327 1395 Praeclare
3354 1354 3568 1394 mecum

1979 1445 2251 1503 ageretur,
2278 1433 2321 1489 si
2353 1444 2542 1487 contra
2579 1448 2683 1485 non
2720 1432 3012 1497 nitereris;
3046 1433 3088 1486 si
3134 1433 3199 1485 ad
3257 1432 3349 1485 tibi
3414 1446 3567 1502 grata

1978 1527 2274 1595 charaque,
2300 1526 2430 1579 mihi
2452 1534 2630 1578 autem
2660 1524 3032 1595 ingratissima
3053 1526 3565 1594 inimicissimaun

1981 1638 2090 1677 non
2123 1622 2387 1675 violenter
2438 1632 2617 1675 tecum
2651 1622 2992 1688 corriperes;
3027 1622 3071 1675 si
3108 1636 3283 1674 meam
3325 1622 3567 1688 pulchri—

1981 1716 2227 1769 tudinem
2269 1715 2561 1769 amabilem
2627 1717 2760 1779 luto,
2799 1726 2859 1768 ut
2908 1717 3047 1784 apud
3080 1715 3429 1769 Salomonem
3475 1715 3568 1768 illa

1983 1823 2080 1863 sus
2136 1823 2360 1862 auream
2415 1807 2688 1873 inaurem,
2742 1823 2849 1861 non
2904 1809 3243 1863 obvolveres.
3296 1807 3371 1861 Ne
3410 1808 3565 1875 mihi,

1979 1914 2186 1969 quasso,
2208 1900 2364 1955 beate
2382 1910 2578 1964 cattus,
2599 1902 3001 1962 succcnsearis,
3024 1902 3068 1954 si
3097 1901 3323 1954 invebar
3348 1900 3400 1954 in
3429 1901 3569 1953 hanc

1981 1994 2304 2048 indomitam
2340 1995 2650 2063 malamque
2702 1997 2963 2064 pecudem
3002 2004 3107 2047 tam
3151 1995 3367 2057 acerbe,
3410 1996 3569 2059 cujus

1980 2085 2321 2157 tyrannicam
2365 2086 2741 2150 rebellionem,
2776 2079 2866 2140 ille
2897 2101 3116 2155 quoque
3150 2094 3334 2139 tantus
3363 2083 3567 2141 Paulus

1980 2180 2190 2234 mundo
2227 2181 2548 2246 cruciﬁxus,
2583 2195 2692 2233 non
2738 2181 2850 2248 jam
2907 2181 3115 2243 vivens,
3158 2179 3251 2233 sed
3289 2180 3340 2232 iu
3398 2195 3458 2234 se
3485 2182 3565 2232 vi-

1982 2284 2193 2328 ventem
2226 2283 2280 2328 et
2306 2274 2615 2343 loquentem
2638 2272 2918 2327 Christum
2953 2282 3194 2341 gestans,
3227 2274 3569 2340 circumspe—

1980 2368 2124 2423 ctius
2150 2368 2499 2429 observabat,
2519 2378 2569 2420 et
2593 2367 2878 2435 indignans
2899 2366 3059 2419 veluti
3089 2368 3425 2436 deplorabat,
3461 2372 3569 2422 mi-

1981 2476 2167 2517 serum
2218 2476 2278 2516 se
2332 2476 2534 2515 vocans
2568 2460 2867 2527 hominem,
2904 2473 2955 2516 et
3001 2465 3198 2517 anxius
3252 2480 3501 2535 quaerens
3538 2482 3565 2518 a

1982 2569 2216 2624 corpore
2251 2555 2443 2608 mortis
2482 2553 2642 2621 hujus
2680 2554 3027 2609 liberatorem
3071 2576 3083 2611 :
3129 2558 3181 2611 in
3225 2559 3370 2627 quod
3397 2561 3563 2612 etiam

1983 2657 2244 2716 tanquam
2290 2661 2593 2716 generosus
2638 2646 2865 2709 athleta,
2895 2661 3267 2719 coronamque
3327 2666 3564 2707 merens.

1984 2739 2363 2793 vehementius
2390 2738 2629 2800 irruens,
2664 2752 2771 2791 non
2803 2739 2961 2807 prius
3000 2738 3162 2794 desiit
3209 2741 3373 2797 ferire
3401 2742 3569 2795 calci-

1984 2833 2088 2887 bus
2116 2840 2169 2885 et
2194 2830 2407 2885 crebris
2438 2830 2873 2900 sugillationibus
2913 2842 3121 2895 notare,
3161 2848 3325 2900 quam
3376 2835 3430 2889 in
3460 2852 3569 2890 ser-

1985 2927 2209 2979 vitutem
2239 2924 2548 2986 adduxerit,
2585 2924 3030 2994 morigerumque
3063 2926 3273 2982 fecerit.

2058 3020 2185 3072 Esto
2217 3032 2369 3080 sane,
2400 3017 2598 3086 inquit,
2626 3025 2683 3070 at
2726 3017 2823 3071 tibi
2863 3018 3061 3074 licebat
3099 3032 3299 3076 natura
3335 3024 3556 3078 subdito

1991 3111 2127 3165 mihi
2162 3112 2485 3165 servitutem
2518 3114 2825 3179 imponere,
2851 3128 2972 3181 quae
3004 3122 3163 3168 notas
3198 3115 3419 3170 inurere
3452 3120 3567 3170 vel-

1912 3221 1956 3281 ρ
1991 3204 2092 3264 les,
2129 3203 2493 3273 apostolicam
2528 3215 2717 3259 secuta
2769 3205 3028 3270 formam,
3070 3206 3316 3277 illudque
3349 3209 3568 3278 sapiens

1984 3304 2351 3367 praeceptum:
2386 3295 2556 3349 Asino
2587 3295 2877 3351 fmnumet
2905 3297 3177 3367 baculusj,
3226 3314 3386 3354 servo
3410 3303 3568 3371 panis

1984 3398 2039 3443 et
2068 3387 2258 3457 flagra.
2289 3388 2332 3443 0
2358 3387 2690 3442 ludibrium!
2716 3389 2915 3460 quibus
2934 3406 3019 3443 me
3033 3391 3567 3450 dissimulationibus

1984 3482 2218 3546 deludit,
2251 3498 2398 3536 nunc
2432 3484 2620 3538 fateris
2662 3494 2713 3538 te
2765 3487 2898 3539 mihi
2959 3486 3241 3541 subditum
3288 3503 3412 3542 esse
3468 3505 3569 3544 na-

1986 3585 2108 3629 tura
2142 3592 2155 3629 :
2197 3590 2343 3629 nunc
2370 3576 2502 3628 mihi
2528 3576 2711 3631 verbis
2730 3576 3095 3647 adblandiris,
3117 3581 3261 3649 quod
3290 3581 3566 3652 subjicere

1986 3668 2167 3729 liceat,
2211 3666 2376 3722 factis
2428 3679 2697 3738 perpetuo
2732 3684 3069 3737 repugnans.
3107 3673 3220 3741 Ego
3249 3688 3378 3727 vero
3412 3673 3563 3744 quod

1987 3769 2041 3813 tu
2072 3760 2220 3814 velut
2252 3761 2439 3815 asinus
2488 3762 2765 3830 petulans,
2824 3763 3060 3818 fustibus
3106 3767 3426 3821 caedendum
3466 3770 3566 3835 sis,

1985 3863 2039 3906 et
2082 3863 2140 3906 ut
2172 3854 2347 3906 malus
2387 3866 2605 3918 servus,
2636 3854 2958 3909 verberibus
3000 3855 3377 3923 lacerandum,
3404 3860 3568 3915 intel-

1986 3947 2154 4016 ligere
2180 3946 2295 4013 ipsa
2327 3960 2451 4000 sero
2477 3946 2638 4014 carpi.
2671 3943 2872 3999 Verum
2900 3948 3130 4015 agedum
3163 3951 3297 4003 mihi
3334 3966 3567 4019 percon-

1988 4038 2122 4092 tanti
2152 4037 2459 4106 responde:
2486 4038 2729 4107 quando,
2761 4054 2972 4107 quazso,
2995 4057 3212 4110 quaque
3237 4053 3396 4098 aetate
3431 4048 3565 4102 mibi

1985 4134 2143 4185 datur
2195 4142 2246 4185 te
2277 4133 2604 4203 subjiciendi
2663 4143 2924 4201 potestas,
2966 4151 3090 4189 cum
3116 4153 3398 4208 nunquam
3433 4156 3558 4195 cum

1988 4224 2252 4291 Apostolo
2283 4224 2465 4279 dicere
2495 4226 2699 4293 possis,
2732 4237 2783 4280 te
2806 4227 2905 4297 legi
2934 4228 3027 4283 Dei
3061 4230 3372 4299 subjectum
3402 4235 3567 4289 esse?

1989 4330 2251 4370 utrumne
2276 4316 2471 4385 puerili
2522 4327 2577 4370 et
2614 4318 2843 4372 adulta?
2881 4321 2949 4373 At
3009 4333 3122 4374 tum
3156 4325 3357 4378 mentis
3390 4326 3565 4394 impo-

1991 4411 2155 4462 tentia
2190 4409 2490 4477 desipiens,
2523 4426 2608 4463 me
2636 4412 2750 4478 ipsa
2794 4427 2901 4465 non
2933 4428 3155 4481 possum
3187 4419 3264 4470 uti
3297 4420 3565 4491 intellige-

1991 4514 2156 4568 reque
2207 4512 2412 4569 quanto
2444 4502 2541 4555 tibi
2595 4514 2869 4571 praestem.
2930 4508 3011 4559 An
3042 4523 3170 4561 vero
3200 4510 3452 4578 juvenili,
3493 4529 3562 4566 an

288 4603 349 4641 85
385 4588 573 4650 malle»
610 4584 807 4652 repleri
843 4583 1165 4647 δεδίάυτίιδὲ
1203 4582 1288 4635 Vix
1330 4582 1545 4650 Plellum
1589 4596 1670 4646 εει,
1703 4581 1882 4635 ἀθυυο
1916 4568 1959 4622 D
1992 4595 2131 4646 virili
2157 4594 2179 4647 ?
2201 4596 2269 4647 At
2304 4605 2415 4647 tum
2445 4610 2608 4649 omne
2643 4598 2847 4650 malum
2878 4608 3079 4666 erupit,
3121 4610 3175 4653 et
3200 4568 3331 4656 inde
3362 4604 3565 4661 bellum

291 4680 514 4732 laboras
568 4677 855 4740 inanitate,
917 4689 980 4727 ac
1038 4674 1232 4726 iterum
1286 4675 1533 4742 exquiris
1583 4674 1883 4741 compleri;

288 4786 441 4840 quan
484 4784 517 4822 ο
550 4770 679 4821 item
722 4768 867 4819 fame
900 4767 1200 4831 dii-exaris,
1232 4767 1297 4817 ad
1326 4767 1631 4819 satietatem
1669 4776 1718 4819 te
1748 4766 1886 4819 cibis

288 4864 569 4921 obtectas;
601 4873 727 4910 cum
759 4865 1135 4912 exsaturatum
1168 4869 1248 4916 es,
1283 4849 1574 4921 volitptatis
1604 4856 1888 4911 illecebras

288 4968 535 5024 qua-ris;
571 4952 702 5020 quin
733 4952 938 5019 potius,
970 4959 1025 5002 et
1054 4949 1329 5011 esuriens,
1357 4958 1411 5003 et
1436 4950 1677 5017 plenum,
1710 4965 1889 5018 neque

290 5048 575 5103 satietatis
610 5044 857 5107 modum,
891 5055 1067 5109 neque
1111 5042 1405 5109 voluptatis
1439 5043 1745 5096 satietatem
1789 5058 1886 5097 no-

287 5142 401 5203 sti;
439 5138 494 5189 in
527 5151 638 5203 quo
670 5149 773 5203 ego
823 5133 1023 5186 misera
1078 5148 1221 5198 sum,
1274 5133 1391 5200 pari
1450 5148 1606 5202 pmna
1634 5137 1887 5189 damnata

287 5249 403 5302 qua
438 5231 543 5285 illae
572 5229 835 5284 fabulosa:
868 5228 1163 5291 Danaides,
1194 5238 1252 5281 ut
1278 5230 1329 5279 itt
1356 5228 1644 5283 inﬁnitum.
1682 5240 1738 5282 ut
1764 5231 1886 5294 illae,

293 5322 397 5378 tibi
436 5322 792 5385 exbauriam,
826 5321 977 5376 dolio
1041 5332 1265 5391 pertuso
1299 5340 1315 5382 ι
1348 5332 1435 5375 aut
1477 5326 1641 5378 etiam
1698 5327 1887 5379 eadem

290 5418 514 5486 patiens
536 5430 659 5483 quae
683 5415 904 5468 divinus
926 5415 1014 5469 ille
1045 5414 1230 5476 David,
1262 5416 1387 5469 huic
1410 5415 1681 5485 profundo
1708 5432 1887 5478 cceuo,

292 5514 345 5563 in
380 5524 492 5575 quo
530 5521 805 5575 nusquam
841 5508 1138 5571 subsislas,
1194 5508 1420 5576 illigata,
1451 5510 1515 5559 ad
1554 5511 1721 5561 imum
1765 5525 1888 5577 per-

289 5614 465 5674 petua
504 5603 768 5657 delabens
802 5602 1067 5670 fundique
1102 5604 1369 5663 nescium,
1422 5602 1565 5671 quod
1598 5604 1744 5655 enim
1794 5617 1887 5654 ex-

290 5710 532 5751 tremum
566 5695 894 5763 profundum
922 5705 1137 5749 tuarum
1186 5696 1579 5764 appetitionum
1607 5698 1887 5749 inventum

293 5798 403 5850 est,
437 5788 584 5854 quod
620 5788 835 5843 tandem
897 5796 1231 5855 postremum
1277 5791 1563 5852 subsistat,
1604 5800 1663 5850 et
1686 5800 1777 5843 tuo
1810 5792 1891 5843 ul-

292 5882 475 5935 terius
514 5877 882 5949 progredienii
917 5881 1150 5935 obsistat
1182 5882 1450 5949 impelui?
1485 5898 1587 5933 non
1626 5893 1705 5935 εει
1737 5882 1880 5934 aliud

628 5979 898 6037 l’ATROf..
944 5980 1058 6035 Ga.
1106 5978 1221 6037 CL.

1990 4686 2369 4741 vehementius
2402 4690 2715 4753 inchoatur,
2778 4705 2866 4743 me
2904 4692 3017 4759 jam
3072 4696 3340 4763 meipsam
3391 4714 3564 4767 agno-

1989 4789 2200 4842 scente,
2253 4790 2304 4832 et
2333 4782 2663 4836 conveniens
2722 4782 3089 4851 primordium
3145 4786 3476 4855 asciscente,
3511 4801 3563 4844 et

1990 4876 2097 4928 alio
2149 4877 2272 4929 vitae
2338 4878 2626 4941 victusque
2678 4890 2877 4942 genere
2918 4876 3128 4929 meliori
3190 4878 3479 4942 utendum,
3514 4892 3566 4934 et

1994 4968 2092 5033 legi
2120 4967 2212 5019 Dei
2252 4966 2711 5034 acquiescendum
2752 4980 2873 5020 esse
2906 4978 3163 5022 censente
3195 4986 3210 5023 :
3246 4969 3349 5024 hoc
3378 4984 3561 5027 autem

1993 5076 2099 5114 sea
2132 5072 2281 5129 grata
2310 5070 2363 5111 et
2394 5073 2578 5111 coaeva
2633 5058 3035 5113 consuetudine
3080 5060 3265 5113 divelli
3309 5078 3415 5114 non
3472 5079 3565 5132 pa-

1999 5153 2187 5215 tiente,
2242 5163 2365 5202 cum
2399 5148 2468 5201 ab
2498 5160 2621 5201 ortu
2650 5151 2713 5201 ad
2757 5150 3073 5204 vicesimum
3123 5167 3295 5220 usque
3355 5170 3559 5211 annum

1988 5240 2327 5309 juventutem
2368 5240 2419 5291 in
2453 5242 2600 5292 omni
2626 5240 2876 5295 libertate
2918 5242 3253 5311 licentiaque
3284 5249 3560 5301 contrive-

1993 5336 2084 5395 rit,
2137 5344 2189 5386 et
2221 5334 2428 5387 ventris
2463 5334 2721 5403 ingluviei
2751 5335 3041 5398 studuerit,
3080 5347 3134 5389 et
3164 5337 3336 5391 solam
3366 5338 3562 5409 volup-

1994 5435 2159 5478 tatem
2203 5426 2547 5488 exercuerit;
2603 5439 2704 5477 nec
2756 5425 2962 5478 dictum
3018 5427 3177 5481 facile
3233 5440 3338 5489 est,
3396 5445 3562 5497 quam

1997 5518 2239 5573 robustis
2274 5518 2565 5584 impetibus
2599 5519 2729 5571 mihi
2764 5521 2922 5587 quasi
2954 5536 3039 5573 res
3089 5535 3257 5575 novas
3290 5522 3562 5584 molienti,

1996 5618 2048 5661 et
2075 5617 2268 5676 prmter
2303 5624 2517 5677 aequum
2579 5608 2908 5675 dominanti,
2944 5612 3251 5677 renitatur;
3307 5629 3371 5667 ac
3433 5615 3563 5667 mihi

1994 5701 2309 5752 diuturnam
2384 5702 2864 5764 consuetudinem,
2915 5712 2969 5756 et
3029 5704 3333 5757 naturalem
3393 5706 3562 5775 legem

1993 5791 2149 5858 quasi
2186 5807 2400 5844 murum
2425 5795 2710 5861 quem-dam
2742 5793 2965 5864 objicit;
3001 5796 3162 5865 idque
3193 5800 3566 5863 potissmium.

1994 5886 2121 5951 quia
2151 5899 2343 5939 recens
2384 5887 2593 5939 socium
2629 5888 3013 5954 opitulatorem
3073 5892 3277 5944 ventris
3307 5888 3563 5945 affectum

3129 5988 3197 6045 3i
