4274 6452
686 416 788 480 971

1958 409 2267 473 GREGOR
2285 413 2337 470 il
2376 411 2561 474 PALA
2578 414 2620 468 ii

3834 413 3944 481 912

686 546 755 584 eo
787 542 1032 600 tempore
1064 530 1436 590 vehementem
1463 536 1706 591 nactum,
1748 537 1796 580 et
1834 527 2057 595 insuper
2094 525 2267 579 avari-
2298 531 2339 582 Λ
2370 526 2487 590 Qun
2516 528 2806 598 supplicio,
2845 543 2948 596 qua
2987 543 3147 599 poena
3189 545 3294 587 ron
3325 540 3405 586 est
3457 532 3679 604 dignum
3710 540 3818 590 tam
3852 554 3939 589 γε.

688 621 843 685 tiam,
878 621 1233 675 ambitionem
1267 662 1282 686 ,
1318 631 1371 675 et
1406 620 1450 674 si
1501 618 1630 689 quid
1664 616 1809 670 aliud
1853 617 2046 670 horum
2080 628 2263 669 comes

690 729 815 769 cum
875 713 968 767 tali
1023 722 1282 783 tantoque
1338 723 1481 767 coetu
1538 712 1671 773 coit,
1730 708 1859 763 mihi
1918 710 2262 770 adversatur,

691 806 889 860 astutia
922 806 1116 861 bellica
1167 804 1331 871 fallit,
1383 813 1437 859 et
1488 803 1592 858 sub
1624 802 1829 872 peccati
1880 802 2051 869 legem
2093 798 2266 868 capti-

690 913 811 953 tam
847 898 1088 966 abducit,
1122 898 1524 969 persuadetque
1554 904 1612 951 ut
1669 904 1719 949 et
1758 896 1871 964 ipsa
1904 892 2128 957 faciam,
2187 891 2266 945 fa-

690 991 967 1059 eientique
1001 991 1377 1052 consentiam,
1413 985 1561 1057 quod
1609 1001 1786 1055 neque.
1831 988 2026 1051 probo,
2088 996 2266 1052 neque

691 1083 834 1136 volo.
862 1083 938 1137 lta
969 1098 1160 1152 parcre
1182 1082 1408 1147 didicit;
1467 1082 1542 1134 ita
1584 1081 1730 1149 leges
1784 1078 2073 1133 obediendi
2109 1078 2261 1132 colit.

691 1175 792 1227 llic
850 1188 1029 1243 operae
1060 1174 1293 1243 pretium
1336 1176 1520 1239 fuerit,
1563 1173 1723 1228 amici
1772 1171 1866 1227 Dei
1914 1172 2154 1241 judices,
2204 1179 2266 1227 ut

692 1281 799 1318 non
833 1265 1037 1319 caedam
1097 1266 1352 1328 fustibus,
1389 1274 1447 1319 ιιι
1502 1265 1731 1320 asellum
1769 1279 1934 1335 agaso
1968 1264 2128 1328 solet,
2190 1264 2264 1318 ita

690 1367 886 1423 praster
915 1368 1163 1411 naturam
1194 1357 1539 1426 superbiens,
1567 1365 1620 1410 et
1651 1355 1915 1410 effrenate
1947 1355 2261 1422 lasciviens,

687 1460 739 1500 et
775 1465 882 1502 non
943 1450 1181 1517 amplius
1241 1449 1501 1519 pecuario
1560 1448 1704 1504 fastu
1766 1459 2101 1513 tumescens,
2165 1448 2261 1503 sed

690 1542 926 1595 belluiuo
964 1543 1185 1596 fremitu
1234 1542 1480 1610 rugiens,
1541 1556 1637 1596 nec
1671 1542 1964 1605 rebellans,
2002 1549 2057 1595 et
2084 1540 2263 1595 mani-

690 1631 828 1687 festo
854 1635 1197 1703 tyrannidem
1247 1648 1561 1703 occupans,
1614 1634 1795 1704 flagris
1848 1643 1903 1687 et
1955 1633 2172 1703 pugnis,
2207 1640 2265 1686 ut

694 1724 809 1778 heri
860 1726 1036 1781 solent
1088 1724 1377 1794 mancipia,
1428 1724 1629 1780 fmdcm
1680 1742 1694 1779 :
1750 1722 1847 1778 sed
1899 1724 2067 1791 ferro,
2115 1723 2263 1793 quod

692 1819 863 1884 aiunt,
898 1818 1125 1889 igneque
1182 1819 1641 1883 animadvertam,
1700 1826 1754 1871 et
1802 1817 2034 1871 illustris
2094 1815 2262 1870 semel

2367 632 2491 670 curs
2535 628 2589 671 et
2642 620 2942 687 ingratum,
2979 633 3032 674 et
3089 623 3141 675 in
3188 639 3275 677 me
3327 628 3809 692 contumeliosum,
3867 632 3943 684 ita

2367 712 2685 765 clementem
2719 723 2769 765 et
2799 713 3099 769 miserabili
3136 717 3739 787 eommiseresceutem,
3775 734 3834 776 ut
3876 739 3947 779 ne

2366 801 2660 856 liberorum
2686 805 2902 871 quidem
2927 821 3119 862 amans
3138 820 3311 863 mater
3332 810 3384 863 in
3417 825 3516 865 sua
3543 810 3715 882 ipsius
3734 815 3950 870 viscera

2365 901 2512 948 esset
2542 893 2780 949 affecta?
2827 898 2894 951 At
2930 897 3001 952 ita
3037 913 3170 955 sane
3213 901 3555 969 adolescens,
3594 903 3669 959 ita
3716 906 3950 976 juvene-

2365 998 2526 1040 scens
2554 995 2608 1040 et
2651 987 2861 1042 virilem
2900 1001 3112 1044 atatem
3162 993 3438 1063 attingens
3462 1037 3478 1061 ,
3529 1010 3617 1049 me
3661 1012 3771 1051 non
3809 999 3952 1053 solet

2368 1083 2695 1135 auscultare.
2722 1082 2789 1135 At
2814 1098 3105 1139 senescens
3138 1086 3271 1142 mite
3300 1086 3614 1157 duetileque
3657 1100 3712 1142 et
3742 1099 3950 1145 tracta-

2368 1169 2475 1225 bile
2497 1181 2581 1228 est
2604 1173 2670 1226 ad
2692 1188 2755 1229 ea
2777 1191 2898 1244 quae
2919 1161 3109 1230 decent
3128 1177 3553 1232 instrumentum
3576 1180 3600 1233 ‘l
3624 1178 3950 1237 Undcnam.’

2366 1264 2523 1330 Quod
2552 1276 2701 1321 certe
2743 1264 3110 1323 membrorum
3142 1270 3325 1349 vigore
3363 1288 3616 1342 nexuque
3648 1275 3865 1342 soluto,
3896 1292 3951 1331 et

2369 1357 2614 1424 ingenito
2653 1358 2837 1412 calore
2877 1360 3169 1425 exstincto,
3223 1362 3491 1416 immobili
3535 1372 3752 1433 torpore
3798 1369 3950 1421 tabe-

2365 1448 2567 1503 factum
2594 1451 2758 1505 veluti
2781 1455 3147 1522 compeditum
3166 1464 3269 1519 est,
3293 1467 3347 1508 et
3372 1457 3568 1509 veteris
3585 1458 3797 1512 arboris
3815 1473 3949 1511 exa-

2365 1544 2602 1596 rescenti
2639 1554 2833 1598 trunco
2863 1544 3063 1608 simile,
3089 1546 3290 1600 SCiiln'th
3337 1548 3477 1602 tales
3493 1550 3667 1617 possit
3713 1565 3802 1604 res
3852 1566 3948 1611 ag-

2364 1634 2513 1706 gredi
2542 1635 2712 1689 serias
2737 1644 2790 1688 et
2820 1635 3102 1701 honestas,
3127 1638 3271 1707 quod
3298 1641 3733 1695 sustentantium
3766 1652 3820 1696 et
3858 1658 3948 1697 se-

2365 1726 2613 1781 nescenti
2680 1729 3125 1783 succurrentium
3179 1730 3406 1801 indiget,
3482 1736 3745 1801 praeclare
3814 1751 3945 1791 vero

2365 1833 2581 1873 mecum
2610 1827 2883 1890 ageretur,
2914 1821 3023 1875 nisi
3062 1825 3223 1876 etiam
3261 1840 3392 1880 suas
3430 1827 3562 1881 mihi
3596 1829 3947 1885 calamitates

694 1929 927 1983 pugnam
986 1928 1296 1979 conseram,
1348 1914 1603 1967 cominus
1658 1912 1865 1965 hostem
1903 1925 2178 1979 aggressa,
2205 1905 2335 1966 etB
2366 1910 2628 1978 inureret,
2678 1922 2732 1966 et
2791 1914 2990 1980 quibus
3040 1916 3303 1981 abundat,
3359 1920 3623 1975 senilibus
3662 1923 3820 1977 malis
3856 1940 3946 1979 me

692 2017 787 2059 aut
826 2006 1005 2075 ipsum
1051 2007 1336 2061 honestam
1390 2006 1589 2074 degens
1622 2004 1789 2057 vitam
1821 2003 2133 2065 exhibeam,
2166 2012 2262 2056 aut

694 2096 835 2149 idem
874 2096 1019 2166 quod
1066 2109 1361 2162 generosus
1406 2091 1641 2146 Samson
1698 2090 1896 2144 faciam
1954 2088 2258 2159 patiarque,

692 2187 1025 2251 convallem,
1054 2188 1302 2256 inquam,
1336 2187 1480 2255 quod
1519 2184 1775 2253 injuriam
1810 2181 1973 2236 faciat
2003 2199 2017 2235 :
2046 2190 2099 2235 et
2137 2195 2260 2234 cum

669 2281 851 2337 'hosto
905 2280 1137 2338 eadettte
1184 2279 1305 2335 laeta
1353 2277 1519 2335 simul
1559 2278 1845 2334 excedam.
1878 2275 1939 2331 ln
1974 2290 2059 2331 tne
2095 2273 2263 2344 igitur

689 2371 825 2426 illud
851 2384 1067 2441 quoque
1097 2370 1425 2439 quadrabat,
1460 2367 1605 2439 quod
1625 2366 1913 2435 proverbio
1946 2365 2254 2435 quiritatur.

692 2464 803 2517 Ah!
837 2479 1002 2531 quam
1034 2478 1198 2531 grave
1244 2470 1329 2517 est
1376 2462 1430 2516 id
1486 2461 1800 2515 hominibus
1854 2458 2095 2512 malum?
2132 2472 2259 2513 cum

693 2558 819 2627 quis
852 2557 1011 2611 bonis
1039 2572 1144 2610 non
1202 2556 1374 2608 utitur
1403 2554 1487 2609 bis
1548 2568 1671 2621 quae
1702 2552 1930 2607 noverit.
1982 2549 2117 2604 Nam
2161 2565 2261 2621 ego

689 2657 842 2702 certo
894 2650 1075 2702 sciens
1113 2647 1167 2700 in
1214 2656 1321 2701 tam
1373 2642 1573 2698 rebello
1631 2658 1739 2697 non
1778 2658 1899 2697 esse
1937 2641 2261 2698 verberibus

692 2738 1266 2803 animadvertendum,
1295 2737 1389 2792 sed
1433 2746 1492 2790 ut
1519 2735 1714 2790 hostile
1752 2736 1879 2790 odio
1923 2749 2259 2805 prosequeno

691 2834 845 2892 dum,
876 2845 982 2883 non
1010 2839 1192 2883 tamen
1223 2828 1368 2881 bono
1400 2826 1506 2881 hoc
1535 2827 1701 2879 animi
1738 2826 1974 2880 consilio
2010 2835 2167 2893 utor;
2193 2828 2260 2882 ab

692 2922 994 2979 innumeris
1052 2920 1197 2975 enim
1258 2916 1643 2973 affectionibus
1700 2917 1923 2988 depulsa
1966 2918 2255 2987 impedior.

688 3012 822 3077 Quae
850 3023 979 3066 sunt
1012 3012 1129 3065 hae?
1159 3025 1265 3065 non
1293 3011 1440 3066 enim
1473 3025 1572 3066 vos
1601 3007 1814 3065 celabo.
1847 3008 2030 3063 Pudor
2052 3048 2067 3074 ,
2114 3022 2246 3077 par-

690 3107 851 3170 citas,
908 3104 1279 3159 misericordia
1311 3140 1328 3166 ,
1372 3114 1551 3159 metus
1609 3119 1716 3157 non
1777 3102 2103 3171 intrepidus,
2161 3101 2259 3155 sed

692 3195 929 3251 lethalis.
961 3195 1135 3251 Pudet
1166 3209 1254 3249 me
1290 3194 1479 3263 hujus,
1536 3203 1595 3246 ut
1634 3194 1908 3258 conservi,
1936 3203 1990 3247 et
2047 3203 2106 3247 ut
2158 3193 2258 3245 ali-

690 3290 909 3358 quando
952 3303 1039 3343 me
1076 3286 1406 3356 adjuvantls,
1436 3286 1481 3341 si
1516 3300 1624 3339 non
1678 3286 1780 3338 hoc
1829 3294 2094 3352 tempore,
2145 3282 2257 3337 for-

692 3382 856 3437 tassis
921 3379 975 3432 in
1033 3377 1301 3440 futurum,
1346 3384 1403 3430 et
1470 3385 1529 3429 ut
1590 3374 1819 3440 sodalis,
1872 3374 2058 3439 amici,
2096 3374 2253 3436 socii,

690 3473 1006 3544 coaequalis.
1048 3471 1223 3525 Pareo
1257 3469 1617 3536 abstineoque
1652 3475 1908 3535 tauquam
1960 3466 2028 3520 ab
2056 3481 2254 3520 arum-

692 3581 849 3629 noso,
884 3563 1107 3623 infelici.
1136 3562 1361 3616 misero.
1395 3563 1471 3615 Ac
1512 3575 1599 3613 me
1646 3561 1820 3613 vicem
1867 3559 1988 3628 ejus
2017 3558 2255 3629 graviter

695 3661 950 3721 miseret,
1011 3654 1307 3724 neseloque
1368 3666 1608 3723 quonam
1665 3650 1826 3704 modo
1883 3665 2006 3704 cum
2059 3648 2258 3703 afflicto

692 3747 1037 3809 condolesco,
1093 3761 1216 3800 cum
1266 3755 1530 3814 Oppresso
1586 3755 1693 3794 una
1745 3741 2048 3794 molestiam
2075 3739 2256 3808 capio,

690 3856 814 3894 cum
841 3840 1055 3894 dolente
1081 3837 1414 3893 coltmresco.
1462 3834 1729 3888 l‘rmterea
1765 3847 1930 3887 caveo
1977 3846 2046 3884 ne
2092 3832 2259 3885 offen-

691 3932 938 3986 sionibus
971 3929 1211 3997 acceptis
1254 3926 1572 3995 imprudens
1620 3932 1763 3989 ruat,
1789 3932 1844 3977 et
1875 3922 2007 3976 mihi
2033 3937 2255 3976 causam

691 4039 882 4079 eavutu
913 4036 1094 4076 rerum
1125 4034 1264 4089 quas
1297 4022 1472 4087 ipsum
1517 4015 1868 4070 attentavcrit
1889 4055 1903 4078 ,
1933 4025 2027 4068 aut
2062 4012 2260 4066 vinetis

692 4114 996 4169 custodiam
1027 4110 1455 4181 perfodientibus
1476 4123 1541 4161 ac
1577 4106 1920 4161 elabentibus
1946 4113 2040 4158 aut
2070 4115 2260 4159 servos

696 4206 1175 4274 corrumpentibus
1218 4200 1667 4269 iuquisitionibus
1699 4209 1754 4253 et
1786 4197 2074 4252 tormentis
2102 4198 2263 4250 vehe-

698 4297 1082 4362 mentioribus,
1128 4293 1414 4348 attribuat.
1466 4292 1746 4356 Quantum
1798 4290 1944 4342 enim
1991 4289 2165 4341 audax
2209 4296 2263 4341 et

696 4396 1044 4445 temerarium
1086 4399 1207 4455 est,
1239 4388 1459 4456 quando
1490 4387 1698 4440 lautius
1732 4384 1972 4437 nutritur
1997 4423 2013 4447 ,
2050 4393 2260 4435 tantum

697 4490 764 4540 ab
793 4498 1035 4537 wruuma
1055 4483 1297 4551 qualibet
1320 4489 1641 4534 occurrente
1666 4487 1941 4539 vexatum,
1967 4475 2263 4530 commori-

2365 2004 2669 2069 referciret,
2702 2007 2895 2062 delirio
2937 2009 3181 2076 inquam,
3218 2026 3409 2066 errore
3443 2023 3498 2066 et
3527 2022 3771 2070 veterno.
3803 2018 3943 2072 Nam

2363 2096 2411 2151 si
2434 2114 2621 2152 verum
2657 2110 2759 2165 est,
2791 2110 3026 2156 mentem
3061 2101 3303 2158 Tithono
3328 2121 3746 2173 consenescere,
3770 2122 3823 2164 et
3858 2106 3942 2169 bis

2361 2205 2562 2261 pueros
2598 2206 2756 2247 senes
2814 2196 2953 2257 fieri,
3011 2195 3078 2249 ad
3135 2201 3637 2266 repueraseendum
3692 2202 3850 2272 prole
3888 2214 3943 2259 to

2362 2285 2583 2331 aetatum
2620 2282 2979 2335 conversione
3010 2286 3373 2348 revertimur;
3412 2304 3473 2340 ac
3495 2304 3694 2359 corpus
3718 2294 3939 2361 quidem

2363 2368 2509 2422 videt
2557 2377 2613 2423 et
2664 2370 2777 2424 odit
2827 2372 3115 2439 ohtusius,
3148 2390 3247 2445 ego
3286 2392 3412 2432 vero
3465 2380 3614 2435 senis
3653 2381 3943 2438 delirantis

2364 2456 2687 2528 lippitudine
2721 2462 3074 2532 cmcitateque
3101 2475 3359 2534 tanquam
3393 2468 3631 2525 tenebris
3659 2469 3939 2541 offundor,

2363 2565 2463 2604 nec
2520 2551 2736 2606 acutius
2777 2551 2889 2621 jam
2938 2568 3165 2609 cernere
3206 2571 3453 2625 possum.
3509 2558 3573 2613 Et
3630 2560 3765 2615 illud
3813 2580 3939 2618 cum

2364 2642 2596 2696 aliarum
2632 2658 2817 2697 rerum
2842 2644 3232 2711 obliviscatur,
3257 2649 3500 2703 alimenti
3524 2663 3705 2707 tamen
3733 2656 3787 2707 in
3819 2670 3943 2725 per-

2363 2743 2588 2802 petuum
2620 2736 2888 2799 meminit,
2921 2747 2973 2790 et
2995 2739 3249 2807 genuinis
3281 2755 3388 2793 non
3415 2743 3647 2811 amplius
3680 2746 3941 2803 dentibus

2363 2819 2418 2873 in
2472 2821 2699 2875 alveolis
2746 2823 2947 2888 infixis,
2990 2836 3169 2881 tamen
3218 2830 3457 2884 maxillis
3499 2834 3803 2891 molaribus
3846 2838 3945 2891 de-

2362 2909 2571 2966 stitutis
2637 2912 2792 2967 molit
2854 2923 2915 2969 ut
2968 2925 3163 2983 potest,
3196 2935 3338 2988 quas
3384 2922 3546 2975 etiam
3585 2928 3942 2993 proverbium

2362 3002 2637 3072 quoddam
2683 3013 2742 3059 ut
2770 3014 2823 3059 et
2856 3006 3193 3075 Scipionem,
3217 3010 3333 3065 seni
3379 3011 3644 3081 largitur:
3675 3031 3778 3085 ego
3810 3034 3944 3073 vero

2364 3111 2472 3150 ιιυιι
2498 3095 2612 3166 jam
2644 3098 2929 3168 disciplina
2960 3109 3014 3155 et
3047 3103 3314 3157 memoria
3358 3111 3538 3171 'utens,
3584 3120 3763 3175 neque
3804 3124 3942 3165 sane

2362 3188 2546 3242 denuo
2579 3201 2638 3244 ut
2664 3189 2850 3254 didit-i,
2887 3206 3154 3263 praecepta
3176 3193 3497 3261 recordans,
3526 3197 3705 3251 solum
3743 3200 3940 3265 iugur-

2359 3281 2500 3351 gitor
2550 3282 2843 3337 oblivionis
2873 3285 3086 3354 poculo,
3144 3289 3329 3356 itaque
3362 3289 3622 3357 paulatim
3654 3304 3687 3345 e
3712 3291 3938 3347 sublimi

2361 3372 2429 3426 ad
2495 3375 2756 3443 puerilem
2833 3376 3112 3443 regredior
3168 3388 3408 3432 :etatem.
3473 3378 3718 3436 Tametsi
3787 3385 3937 3437 enim

2361 3468 2846 3535 temperationibus
2865 3468 3108 3523 adversis
3138 3468 3315 3523 affecti
3345 3481 3475 3525 sunt
3504 3480 3560 3526 et
3581 3474 3737 3541 pueri
3767 3486 3824 3529 et
3849 3476 3943 3529 de-

2361 3560 2549 3625 crepiti
2577 3574 2758 3619 senes.
2784 3562 2929 3629 quod
2958 3560 3031 3613 illi
3068 3561 3274 3614 humidi
3301 3562 3412 3616 sint
3432 3572 3488 3616 et
3518 3563 3702 3628 calidi,
3734 3564 3791 3619 bi
3808 3567 3940 3621 sicci

2361 3660 2415 3703 et
2450 3650 2654 3719 frigidi,
2690 3662 2923 3720 utraque
2953 3662 3133 3707 tamen
3177 3662 3312 3708 actas
3359 3656 3643 3724 sapientiae
3678 3674 3841 3714 usum
3875 3676 3940 3715 ac

2363 3744 2664 3810 prudentia:
2717 3745 2845 3798 mihi
2888 3754 3082 3813 negat;
3138 3746 3422 3813 nimirum,
3454 3750 3678 3818 quando
3730 3753 3943 3821 puerile

2361 3846 2564 3899 Corpus
2610 3832 2712 3887 sub
2745 3834 3069 3900 perhumido
3121 3835 3375 3903 sincipttc
3424 3838 3705 3891 cerebrum
3766 3851 3945 3909 gestat

2363 3938 2653 3991 aquosum,
2696 3933 2752 3976 ιιι
2784 3926 2916 3977 nihil
2950 3926 3257 3993 intelligens
3291 3927 3472 3982 infans
3504 3931 3657 3997 sapio
3682 3950 3696 3985 :
3718 3934 3944 4000 quando

2364 4031 2489 4069 vcta
2540 4017 2778 4070 calvaria
2815 4016 2970 4071 senio
3000 4018 3249 4073 eminens
3292 4031 3481 4082 paret.
3532 4022 3665 4074 nihil
3717 4024 3789 4077 ab
3836 4041 3937 4078 uva

2364 4124 2548 4179 passa,
2600 4118 2655 4162 ut
2705 4109 2758 4162 in
2795 4110 3086 4177 proverbio
3129 4120 3236 4175 est,
3268 4111 3559 4177 absimilis,
3609 4128 3830 4167 rursum
3886 4130 3943 4169 ut

2366 4199 2549 4254 infans
2584 4209 2827 4270 reputor.
2876 4199 3200 4255 Aﬂ'eetiones
3250 4202 3397 4255 enim
3444 4213 3844 4271 exsuperantes
3889 4218 3946 4260 et

2364 4308 2655 4362 corporum
2686 4301 2961 4356 naturam,
2998 4306 3101 4347 nec
3143 4291 3330 4346 minus
3365 4291 3469 4346 mei
3514 4302 3726 4360 partem
3767 4297 3941 4349 ratio-

2367 4388 2643 4442 cinantem
2676 4382 3003 4440 labefactare
3047 4383 3401 4439 vehementer
3431 4394 3680 4453 possunt.
3728 4384 3944 4440 Omitto

2371 4480 2580 4548 reliqua
2610 4491 2897 4533 recensere
2931 4489 3054 4544 quae
3090 4475 3191 4530 has
3218 4483 3425 4540 aletes,
3459 4475 3692 4543 primam
3738 4485 3794 4531 et
3841 4468 3945 4547 po—

698 4586 824 4640 tur;
859 4589 966 4628 non
1007 4572 1172 4627 modo
1200 4572 1345 4626 enim
1391 4572 1582 4625 morbo
1625 4569 1903 4633 laborans,
1943 4567 2036 4621 sed
2068 4574 2125 4620 et
2164 4565 2262 4618 fri-
2294 4599 2338 4655 Β
2368 4582 2628 4628 sil-emam
2684 4570 2811 4625 dico
2878 4582 3098 4624 sorores
3163 4582 3455 4637 germanas
3527 4580 3949 4636 consequuntur

696 4681 848 4734 gore,
908 4663 1128 4732 vigiliis,
1175 4660 1379 4724 esurio,
1426 4661 1629 4730 sitique
1677 4658 1967 4713 labascens
2029 4671 2092 4710 ac
2132 4653 2263 4710 deti-

696 4763 847 4811 eiens
876 4754 1027 4809 humi
1057 4752 1417 4823 provolvitur,
1452 4753 1803 4818 coucitatque
1854 4750 1921 4802 ad
1950 4748 2263 4801 misericor-

672 4852 843 4905 ‘diarn
879 4849 1089 4910 hostes,
1131 4843 1329 4899 nedum
1364 4857 1450 4897 me
1484 4840 1745 4896 nascendi
1774 4854 1840 4894 ac
1872 4838 2266 4901 vivisceudi,et

702 4942 947 5015 profecto
985 4935 1307 4995 renascendi
1355 4940 1521 5005 atque
1566 4933 1929 4989 revivisceudi
1962 4932 2166 4986 sociant
2211 4938 2266 4983 et

701 5033 1047 5106 participem.

770 5218 855 5274 Me
878 5216 1175 5273 miseraml
1213 5214 1340 5285 quid
1367 5213 1545 5283 patiar
1581 5218 1678 5265 aut
1720 5208 1941 5274 faciam,
1989 5225 2112 5264 cum
2158 5222 2266 5263 tam

702 5308 1096 5378 multiplicibus
1131 5306 1291 5359 malis
1337 5304 1562 5365 praedito
1610 5302 1763 5356 socio
1799 5302 2085 5365 conjuncta
2113 5340 2128 5365 ,
2176 5304 2266 5355 iis-

703 5405 938 5472 demque
986 5402 1179 5455 alfcrta
1208 5440 1223 5462 .
1281 5415 1407 5453 cum
1463 5410 1571 5466 quo
1618 5411 1643 5446 a
1677 5394 1861 5463 pueris
1902 5394 1955 5446 in
2014 5392 2268 5446 eumdem

705 5500 1061 5568 ignorationis
1097 5496 1320 5551 fundunt
1357 5491 1616 5559 depellar,
1654 5501 1707 5543 et
1756 5502 1879 5540 cum
1920 5500 2027 5553 quo
2056 5485 2267 5551 juveni-

704 5595 829 5649 ἥιρει·
877 5591 943 5645 ad
992 5589 1356 5646 contumelias
1408 5582 1713 5653 prolabenti
1761 5575 2077 5645 corripior?
2142 5592 2266 5638 cum

710 5688 888 5754 ipsum
935 5681 1194 5736 membris
1224 5680 1367 5747 viget
1401 5676 1541 5739 suis,
1582 5674 1837 5741 eqwdeni
1883 5670 2099 5737 indigne
2142 5671 2274 5734 fere,

705 5791 942 5845 cumque
977 5789 1062 5827 me
1094 5774 1158 5824 ad
1193 5773 1419 5824 nefanda
1450 5769 1692 5820 facinora
1719 5762 1857 5830 rapit
1883 5779 1896 5827 ',
1921 5778 2043 5815 cum
2083 5776 2275 5815 rursus

705 5869 963 5938 affligitur
1012 5868 1233 5928 misere,
1262 5860 1831 5923 reflexadistorqueor,
1863 5865 1915 5906 et
1943 5866 2280 5909 mansucsco.

2367 4671 2713 4718 excrementa
2748 4660 3045 4731 superflua,
3097 4658 3310 4713 calvam
3345 4656 3679 4725 depilatam;
3732 4660 3952 4713 accedit

2369 4757 2477 4812 huc
2506 4770 2568 4811 os
2614 4754 2914 4808 salivosutn
2942 4761 2999 4805 et
3040 4749 3384 4813 edentulum,
3424 4749 3717 4818 lacrymosi
3748 4760 3806 4803 et
3842 4750 3947 4804 bu-

2370 4858 2579 4904 meutes
2605 4846 2773 4910 oculi,
2806 4858 2969 4897 nares
2992 4854 3248 4901 mucosa,
3271 4839 3436 4908 pedes
3451 4839 3648 4907 partim
3673 4842 3947 4905 nondum,

2371 4941 2568 5009 partim
2606 4953 2712 4990 non
2759 4933 2995 5003 amplius
3034 4930 3103 4985 ad
3158 4929 3573 4999 ingrediendum
3632 4927 3847 4985 habiles
3890 4939 3950 4987 et

2372 5028 2928 5103 aptiztnetubrorum
2960 5024 3089 5079 item
3142 5021 3376 5076 tremula
3430 5020 3829 5089 inconstantia,
3890 5033 3946 5079 et

2374 5127 2540 5179 totius
2567 5119 2817 5191 corporis
2839 5114 3245 5188 conquassatio.
3277 5111 3383 5176 Sed
3409 5126 3696 5182 quousque
3711 5113 3955 5170 recitare

2376 5212 2648 5268 contendo
2678 5206 2928 5278 corporis
2959 5204 3144 5259 omnia
3194 5204 3372 5258 tristia
3399 5203 3541 5257 mala
3581 5204 3788 5273 quibus
3818 5204 3957 5261 aﬂ‘e.

2376 5314 2546 5367 ctum,
2567 5311 2663 5356 aut
2692 5314 2780 5354 me
2814 5298 3012 5353 misere
3044 5295 3113 5350 ad
3141 5293 3637 5350 condolesceudum
3674 5294 3955 5363 attrahit,

2383 5405 2477 5449 aut
2516 5392 2771 5445 miserius
2804 5390 2867 5443 ad
2902 5387 3284 5442 coilzetandum
3316 5384 3589 5452 corripit?
3625 5382 3962 5453 lgiturmul-

2384 5488 2453 5539 tis
2488 5482 2889 5553 praetermissis,
2923 5495 2986 5534 ac
3022 5479 3343 5531 morborum
3382 5476 3731 5531 examinibus
3762 5490 3962 5549 prate—

2386 5578 2524 5639 iitis,
2575 5590 2605 5628 a
2652 5569 2872 5641 quibus.
2926 5570 3057 5623 dum
3089 5568 3323 5632 fovetur,
3369 5569 3531 5636 riget,
3570 5566 3807 5619 artubus
3845 5575 3964 5620 tor-

2385 5681 2603 5738 quetur,
2647 5676 2720 5730 et,
2756 5676 2809 5726 ut
2840 5665 3028 5732 paucis
3064 5660 3374 5723 absolvam,
3415 5662 3542 5714 dum
3575 5658 3718 5712 male
3768 5659 3964 5722 habet,

2387 5759 2750 5822 eoucrucior;
2790 5754 3109 5811 summatim
3163 5754 3414 5821 colligam
3467 5751 3751 5806 infestiora
3811 5751 3967 5806 mala

2390 5854 2587 5923 quibus
2612 5851 2884 5905 immerito
2907 5844 3138 5901 allicior.
3188 5842 3257 5898 Ut
3295 5842 3634 5899 noturalibus
3669 5838 3965 5895 facultati-
