4274 6452
261 436 380 499 S73

1599 430 2087 494 PROSOPOPtEl
2103 431 2183 495 ΛΞ.

3418 435 3536 501 974

268 554 372 606 bus
430 551 661 604 abusum
725 548 792 601 ad
842 546 1091 601 \ittosam
1152 545 1460 599 satietatem
1509 553 1562 598 ct
1621 543 1853 597 delicias
1885 551 1928 606 Λ
1962 549 2220 618 injuriam
2270 547 2464 617 patiar,
2514 551 2855 618 permittere.
2901 550 2958 603 Si
2994 551 3138 605 enim
3178 551 3530 618 cvangelicus

268 643 455 701 fuerit.
489 638 856 695 demonstravi
883 655 898 691 :
934 649 1099 704 utque
1128 636 1259 690 mihi
1292 636 1512 689 conanti
1539 635 1842 704 providere,

264 749 320 792 et
359 738 424 790 ad
459 732 798 788 moderatius
827 732 954 783 vitze
977 745 1147 798 genus
1171 743 1447 792 revocare,
1481 727 1743 781 restiterit
1793 735 1846 780 ct

266 827 649 888 insmrexcrit,
713 823 940 876 liberam
998 821 1212 873 vivendi
1265 818 1720 873 consuetudinem
1791 827 1847 868 ιιι

266 924 442 989 legem
505 915 838 970 immobilem
900 912 1281 982 pra'tcndens.
1340 921 1394 964 et
1443 920 1501 963 ut
1555 909 1850 962 indomitus

265 1015 540 1082 quispiam
605 1009 835 1071 vitulus,
895 1005 1089 1074 jugum
1144 1003 1429 1057 servitutis
1487 1001 1850 1070 ignominioso

263 1103 582 1171 despiciens
631 1109 684 1152 et
745 1097 1007 1165 iujuriam
1053 1096 1292 1162 spirans,
1332 1104 1385 1146 ct
1434 1093 1655 1146 taurino
1698 1105 1850 1144 more

263 1194 499 1249 saeviens
539 1210 550 1244 :
609 1187 870 1257 quodque
915 1187 1181 1254 gravius,
1245 1191 1304 1236 ut
1353 1192 1561 1236 natura:
1614 1182 1748 1234 lian
1797 1189 1849 1233 et

264 1296 450 1340 certas
493 1285 640 1351 leges
675 1280 976 1333 transiliat.
1018 1277 1154 1330 Nam
1191 1292 1314 1330 cum
1347 1286 1608 1330 statutqu
1663 1276 1752 1337 sit,
1794 1284 1852 1327 ut.

265 1396 355 1434 me
383 1379 604 1435 ducem,
637 1390 759 1442 qua:
793 1371 1023 1425 rationis
1060 1385 1182 1425 sum
1217 1371 1514 1439 particeps,
1557 1378 1609 1421 et
1647 1368 1708 1419 ad
1746 1368 1851 1419 im-

264 1471 571 1540 perandum
607 1466 842 1519 habilior
865 1463 1130 1531 ctaptior,
1162 1471 1444 1529 sequatur,
1468 1462 1640 1527 ipsum
1668 1459 1852 1527 potius

263 1567 541 1633 imperare
575 1559 708 1613 mihi
744 1557 1049 1620 contendit,
1106 1566 1161 1606 ut
1195 1555 1377 1616 velim,
1410 1553 1597 1613 nolim,
1640 1554 1704 1604 ad
1744 1565 1850 1603 una

264 1652 672 1724 suppeditanda
729 1649 1030 1717 voluptatis
1078 1646 1368 1700 efﬁcientia
1423 1646 1744 1714 pertrahar,
1799 1654 1852 1693 et

263 1750 528 1803 indecore
559 1759 644 1797 me
678 1759 804 1796 cum
839 1757 905 1795 eo
929 1756 1138 1810 geram,
1177 1739 1342 1791 veluti
1379 1741 1615 1806 quadam
1646 1735 1848 1802 duplici

263 1845 376 1899 telo
409 1858 571 1896 manu
593 1850 826 1903 armata,
861 1836 1258 1890 violentissima
1288 1835 1635 1902 captivitate,
1669 1843 1720 1883 et
1751 1832 1851 1883 iir-

263 1949 498 2010 postura
527 1935 662 1989 nihil
697 1951 803 1987 non
832 1933 1104 1986 alliciente
1151 1939 1446 1999 pertracta.
1482 1925 1848 1978 Molestiaruui

260 2033 434 2085 etiam
476 2043 615 2098 quas
648 2024 886 2093 aspergit
921 2023 1078 2085 mihi,
1136 2031 1248 2075 tum
1285 2021 1337 2072 in
1404 2016 1758 2086 pucrili,tum
1799 2013 1850 2064 in

261 2133 431 2177 actate
463 2118 652 2181 senili,
703 2116 803 2170 etsi
865 2124 1060 2168 natura
1093 2111 1531 2180 inculpabilium,
1569 2106 1848 2159 miseriam

265 2231 460 2271 tamen
516 2209 1023 2281 multiplicantium,
1075 2203 1397 2270 tragmdiam
1451 2200 1627 2253 obiter
1677 2199 1850 2265 attigi.

261 2310 439 2375 Quasi
476 2307 622 2361 enim
658 2320 765 2356 non
799 2299 1109 2357 sufﬁcerent
1155 2297 1332 2350 aetatis
1365 2294 1597 2363 vigentis
1642 2302 1693 2345 et
1747 2291 1852 2342 fer.

265 2399 544 2456 vescentis
576 2397 644 2450 ad
676 2410 762 2448 res
793 2391 1145 2461 turpissimas
1181 2388 1345 2452 mala,
1380 2390 1545 2439 etiam
1581 2399 1700 2451 qua:
1725 2383 1851 2435 huic

268 2491 621 2561 iuterjacent,
681 2502 811 2541 suas
864 2501 1084 2556 quoque
1127 2481 1467 2536 calamitates
1519 2479 1622 2530 huc
1665 2474 1852 2529 confc-

269 2597 426 2641 runt.
457 2584 520 2637 Et.
544 2583 874 2638 omnibusin
910 2581 1075 2634 rebus
1109 2586 1344 2647 quantas
1374 2575 1697 2645 quotiesque
1719 2571 1849 2623 mihi

267 2676 708 2734 contumeliosas
746 2688 1026 2728 aerumnas
1065 2672 1168 2724 hoc
1199 2669 1319 2723 lene
1357 2682 1556 2735 corpus
1582 2663 1851 2723 infundat,

268 2769 467 2826 leviter
515 2767 726 2834 aperui.
776 2764 854 2818 Nc
924 2763 1155 2833 posthac
1196 2761 1359 2831 igitur
1404 2770 1514 2812 tam
1567 2757 1854 2809 inhoneste

269 2865 456 2930 imago
488 2859 582 2913 Dei
613 2858 682 2912 ab
731 2859 834 2911 hac
877 2857 1023 2909 lutea
1077 2854 1306 2921 conjuge
1346 2858 1617 2920 turpetur,
1665 2857 1718 2901 et
1761 2849 1860 2900 do-

267 2956 421 3010 mina
478 2951 775 3018 mancipati
827 2947 1190 3001 dominationi
1229 2944 1572 3013 subjiciatur,
1611 2951 1852 2995 vestrum

267 3056 358 3100 est
387 3052 443 3098 ct
479 3044 776 3111 reliquum,
810 3040 1050 3108 judiccs,
1103 3037 1356 3107 suffragia
1401 3036 1568 3097 ferre,
1614 3035 1856 3102 injuria-.-

267 3154 380 3207 qne
442 3151 535 3191 reo
580 3149 798 3206 pceuain
854 3133 1214 3195 constituere,
1261 3145 1360 3184 nec
1391 3139 1448 3182 ut
1478 3143 1578 3196 ego
1629 3126 1856 3197 posthac

1863 3341 1927 3349 ...-

1954 646 2043 697 ille
2067 646 2258 714 judex,
2292 661 2468 714 neque
2503 647 2666 700 Deum
2709 647 3031 712 formidans,
3068 663 3246 715 neque
3281 647 3530 700 homines

1954 739 2244 801 reveritus,
2313 741 2736 792 vindicationem
2811 756 3107 811 aggressus
3161 750 3275 800 est.
3324 746 3531 808 quanto

1956 831 2130 896 magis
2186 845 2280 882 vos
2315 831 2665 884 vindicabitis
2693 846 2801 893 me,
2838 831 2929 899 qui
2964 838 3018 882 et
3055 829 3320 897 religione
3352 830 3526 882 sancti

1953 923 2108 985 estis,
2150 930 2204 973 et
2242 937 2418 972 rerum
2459 923 2820 974 humanarum
2870 922 3113 988 providi?
3148 920 3280 974 Nam
3327 921 3375 973 ei
3416 935 3528 972 me-

1956 1016 2063 1067 rito
2100 1028 2166 1065 ne
2195 1020 2476 1082 parcatur,
2504 1017 2548 1066 si
2599 1013 2717 1080 ejus
2755 1024 2963 1067 natum
2993 1016 3138 1082 quod
3185 1025 3268 1067 est
3319 1015 3530 1067 luctuo-

1953 1121 2075 1159 sum
2104 1114 2158 1158 et
2192 1106 2506 1158 miserabile
2549 1114 2904 1159 cenvertatur
2949 1107 3014 1159 ad
3050 1108 3473 1175 supplicandum
3513 1126 3526 1161 ί

1953 1200 2048 1252 sed
2095 1197 2163 1250 ab
2217 1197 2335 1266 ejus
2367 1189 2635 1250 seditione.
2664 1197 3069 1267 manifestaque
3119 1199 3405 1267 tyrannide
3433 1215 3528 1252 vos

1957 1293 2329 1355 abhorrentes,
2379 1305 2408 1343 a
2459 1291 2676 1368 duobus
2731 1293 2960 1345 alterum
3012 1293 3157 1360 juste
3216 1291 3529 1346 faciendum

1957 1385 2210 1438 statuatis
2247 1404 2259 1437 :
2291 1393 2390 1436 aut
2425 1392 2482 1435 ιιι
2531 1385 2661 1436 mihi
2721 1385 2880 1438 detur
2916 1386 2987 1438 ita
3025 1401 3145 1438 meo
3184 1385 3530 1440 tractandum

1956 1477 2207 1536 arbitrio,
2262 1459 2648 1544 torquendum,
2702 1475 2887 1544 flagris
2940 1480 3289 1541 caedendum,
3352 1480 3532 1533 inedia

1957 1566 2361 1631 sulIocandum,
2394 1568 2538 1619 omni
2584 1578 2985 1622 tormentorum
3026 1588 3223 1638 genere
3278 1575 3533 1626 crucian-

1957 1660 2108 1719 dum,
2154 1670 2211 1711 ut
2255 1675 2281 1710 a
2338 1675 2420 1712 me
2460 1668 2735 1726 gestorum
2794 1663 2932 1712 ratio
2995 1664 3141 1714 nulla
3188 1674 3531 1731 reposcatur,

1957 1751 2123 1803 etiam
2181 1751 2224 1803 si
2275 1750 2600 1803 mutilavero
2659 1761 2713 1804 ct
2768 1752 2990 1806 omnino
3036 1752 3381 1807 confecero:
3438 1765 3533 1805 aut

1960 1844 2253 1909 apostolica
2289 1844 2660 1907 mnittlzitioite,
2706 1840 2924 1897 Satanze
2971 1845 3274 1908 communi,
3309 1846 3427 1898 diro
3481 1859 3535 1899 et

1959 1934 2175 2003 publico
2228 1934 2421 1986 tortori
2459 1935 2692 1988 tradam.
2751 1935 2993 2000 Quorum
3040 1936 3185 1989 enim
3243 1951 3370 1990 vasa
3409 1937 3534 1990 ferre

1957 2037 2186 2078 terrena;
2214 2025 2474 2087 incolen',
2505 2035 2561 2078 ut
2590 2036 2673 2079 est
2707 2028 2758 2080 in
2791 2028 3015 2081 oraculo
3049 2027 3321 2099 (incolunt
3351 2039 3530 2083 autem

1956 2116 2460 2184 perturbationibus
2486 2117 2876 2184 incidentibus)
2899 2133 3092 2174 eorum
3119 2131 3172 2174 et
3214 2135 3390 2190 pinnae
3424 2122 3535 2176 sint

1956 2209 2266 2261 mortalium
2307 2209 2701 2263 sull'ocatriccs.
2759 2212 2834 2264 Ita
2890 2213 3260 2277 verberatum,
3309 2213 3535 2268 demens

1958 2309 2191 2352 mentem
2231 2296 2371 2353 feret
2405 2316 2572 2369 seque
2610 2302 2829 2354 tandem
2878 2312 3156 2369 agnoscet,
3187 2313 3235 2355 et
3285 2316 3314 2356 a
3373 2313 3534 2372 petu-

1959 2392 2127 2446 lantia
2150 2393 2410 2455 cessabit,
2443 2409 2507 2447 ex
2561 2411 2735 2464 eoque
2781 2398 2922 2466 quod
2971 2405 3089 2450 erat
3134 2406 3414 2452 armatura
3453 2398 3535 2450 ἱιι-

1952 2481 2208 2550 justitite,
2279 2484 2346 2536 ad
2405 2483 2634 2552 justitia:
2688 2487 3038 2538 commodum
3108 2485 3530 2541 instrmnentum

1956 2584 2328 2628 convertetur.
2365 2573 2552 2644 Itaque
2605 2577 2658 2629 in
2709 2587 2989 2645 posterum
3028 2577 3394 2632 seditionibus
3421 2593 3530 2630 non

1960 2668 2314 2736 agitabimur,
2345 2683 2446 2722 nec
2489 2668 2660 2722 altero
2692 2669 2927 2723 alterum
2971 2671 3103 2740 jugo
3135 2672 3404 2734 nitemur;
3441 2672 3534 2724 scd

1960 2760 2220 2815 concordi
2251 2762 2655 2829 conspiratione
2686 2771 2740 2815 et
2763 2778 3036 2818 consensu
3077 2763 3302 2833 junctas
3334 2778 3535 2833 operas

1964 2853 2017 2905 in
2045 2854 2206 2906 rebus
2253 2853 2496 2907 honestis
2529 2862 2581 2907 et
2606 2856 2767 2908 seriis
2792 2856 3186 2912 collocabimus
3211 2897 3225 2921 ,
3259 2867 3313 2912 et
3345 2859 3535 2925 conju-

1961 2956 2202 3012 gatorem
2233 2953 2477 2997 nostrum
2519 2943 2789 3012 colemus,
2830 2962 2893 3000 ac
2928 2948 3088 3003 nobis
3123 2948 3259 3018 ipsis
3303 2950 3538 3019 promis-

1963 3053 2078 3090 sam
2151 3037 2299 3089 illam
2359 3037 2795 3103 beatitudinem,
2859 3040 3322 3097 intercedentibus
3383 3044 3535 3096 vobis

1961 3128 2182 3181 arbitris
2205 3139 2258 3182 et
2288 3128 2502 3195 legatis,
2534 3131 2901 3199 comparaturi
2934 3146 3150 3186 sumus.

437 3525 776 3589 ALTERA
845 3519 1401 3586 DECLAMATIO
1435 3567 1450 3594 ,
1483 3519 1678 3596 ΩΙ]Δί
1703 3521 1824 3583 ET
1847 3520 2038 3581 [PSA
2090 3522 2260 3582 EST
2300 3523 2826 3588 ASSUMPTIVA
2859 3528 3371 3592 REFUTATIO.

1556 3717 1795 3792 Quibus
1826 3717 2030 3777 verbis
2078 3737 2309 3797 corpus

785 3881 1010 3930 contra
1040 3879 1301 3928 mentem
1341 3870 1404 3928 in
1429 3867 1673 3948 judicio
1705 3870 2079 3932 contendens
2108 3891 2318 3932 coram
2351 3872 2682 3950 judicibus
2714 3878 2810 3938 uti
2838 3883 3057 3954 possit.

351 4051 412 4106 In
449 4064 536 4105 me
561 4057 698 4116 quot
750 4045 1027 4110 convicia,
1068 4053 1199 4112 quot
1238 4042 1616 4102 contunielias,
1665 4053 1866 4111 quanta

273 4147 479 4203 cavilla
521 4150 782 4209 congesta
827 4152 982 4191 mens
1029 4138 1130 4191 ista
1179 4135 1362 4204 gravis
1396 4132 1669 4196 effuderit,
1704 4134 1865 4202 quasi

273 4237 610 4296 comoediam
641 4239 830 4304 ageret
851 4229 904 4283 in
928 4230 1162 4287 theatro,
1199 4243 1303 4280 non
1328 4236 1612 4280 accusaret
1638 4227 1690 4279 in
1722 4227 1864 4290 foro,

275 4331 516 4389 audistis
558 4340 714 4391 sane,
747 4323 1074 4377 divinissiini
1104 4321 1364 4389 judices;
1413 4318 1588 4373 soluta
1626 4319 1772 4372 enim
1815 4327 1870 4371 et

278 4425 456 4480 libera
489 4422 698 4489 lingua,
736 4432 805 4471 ne
827 4415 958 4485 quid
991 4413 1113 4483 plus
1137 4414 1390 4478 dixerim,
1418 4412 1562 4480 large
1591 4410 1868 4479 eﬂuseque

1962 4043 2235 4111 judicium
2262 4045 2646 4114 vilipcndcbat,
2685 4058 2744 4102 ut
2783 4051 2983 4105 alicubi
3041 4056 3156 4122 ipse
3188 4058 3388 4126 inquit;
3442 4081 3540 4120 nec

1968 4135 2212 4203 profecto
2247 4139 2542 4202 mentitur;
2581 4156 2702 4191 nam
2747 4155 2941 4209 prater
2974 4144 3076 4198 alia
3115 4146 3253 4202 tona
3294 4163 3345 4205 ct
3377 4159 3542 4210 hone-

1967 4235 2072 4291 sta,
2126 4228 2290 4280 etiam
2347 4229 2583 4284 hominis
2616 4235 2826 4288 veracis
2881 4238 3254 4294 testimonium
3308 4250 3540 4315 accepit.

1969 4315 2156 4387 Neque
2176 4329 2325 4373 certe
2355 4320 2498 4375 Deus
2527 4320 2594 4374 ab
2630 4323 2748 4391 ipso
2778 4324 2882 4380 Job
2911 4327 2966 4383 in
3000 4330 3267 4397 judicium
3289 4349 3539 4401 vocatus,

1972 4421 2032 4465 ut
2083 4412 2508 4468 conviciatorem
2552 4419 2924 4486 reprehendit.
2966 4423 3207 4490 Quidni?
3249 4431 3340 4496 qui
3398 4434 3541 4500 apud

277 4531 381 4570 usa
405 4524 512 4578 est,
542 4526 652 4564 non
681 4519 942 4577 tanquam
981 4518 1273 4568 conservo,
1301 4514 1416 4569 aut,
1451 4515 1509 4556 ut
1541 4504 1656 4573 ipsa
1688 4502 1864 4571 loqui-
1901 4502 1944 4556 D
1975 4503 2219 4558 divinum
2274 4503 2493 4574 Isaiam,
2533 4527 2552 4560 ι
2595 4506 2807 4579 Venite,
2841 4514 3035 4583 inquit,
3067 4530 3120 4572 et
3171 4520 3541 4590 disceptemus

278 4621 395 4672 tur,
446 4603 741 4673 coujugato
806 4613 1059 4669 parcens,
1120 4600 1215 4652 sed
1272 4604 1334 4650 ut
1415 4596 1468 4650 in
1530 4596 1860 4663 mancipium

278 4710 516 4772 argento
541 4697 886 4763 redemptum
909 4691 1194 4754 invehens,
1212 4698 1266 4744 ct
1291 4697 1499 4741 tantum
1528 4703 1636 4740 non
1656 4700 1867 4756 pugnos

278 4793 515 4848 crebros
575 4787 907 4856 impingens.
975 4780 1087 4851 Ego
1144 4796 1270 4834 vero
1333 4787 1623 4848 postquam
1690 4787 1867 4832 vestra

282 4883 422 4939 mihi
481 4880 715 4948 aequitas
763 4873 976 4930 dicendi
1023 4873 1200 4927 locum
1237 4872 1347 4935 dat,
1383 4871 1519 4925 nihil
1568 4886 1689 4925 sunt
1734 4870 1869 4926 levis

281 4971 552 5031 momenti
577 4967 824 5023 vitiosive
841 4965 1147 5030 dicturum;
1173 4963 1313 5018 bona
1335 4963 1479 5017 enim
1504 4967 1666 5018 verba
1687 4963 1871 5018 dican-

282 5076 381 5120 tur
415 5075 639 5117 necesse
681 5067 787 5122 est,
829 5058 923 5111 sed
973 5070 1096 5126 quae
1121 5054 1353 5110 crimina
1393 5054 1682 5109 intentavit
1711 5053 1868 5117 mihi,

280 5177 349 5216 ea
378 5165 437 5210 ut
466 5163 659 5225 potero
696 5150 1002 5206 dissolvere
1031 5148 1296 5213 conabor,
1328 5147 1498 5202 sciuel
1549 5157 1734 5202 autem
1767 5147 1870 5201 hoc

283 5262 540 5319 tempore
569 5246 700 5301 mihi
730 5258 1000 5300 concessa
1037 5256 1102 5296 ex
1133 5255 1293 5309 aequo
1322 5238 1538 5295 dicendi
1585 5237 1866 5303 facultate,

283 5358 388 5398 vos
418 5340 593 5396 orabo
616 5335 1061 5405 obtestaborque,
1090 5341 1152 5388 ut
1171 5346 1346 5387 meam
1367 5330 1640 5384 dominam
1665 5328 1870 5384 interea

285 5433 577 5502 mitigetis,
615 5427 886 5498 siquidem
936 5424 1157 5494 indigna
1202 5437 1261 5478 se
1293 5421 1402 5490 pati
1435 5435 1685 5485 censetis,
1730 5419 1869 5474 irata

288 5541 470 5579 meam
495 5522 649 5578 audit
699 5520 1027 5580 orationem,
1065 5518 1226 5586 idque
1279 5513 1439 5568 aliain
1484 5512 1868 5565 contumeliam

287 5622 719 5686 interpretatur,
750 5614 895 5681 quod
925 5611 1081 5662 initio
1103 5611 1205 5662 sim
1239 5619 1433 5659 ausum
1458 5603 1866 5659 contradicere:

288 5722 466 5775 mque
489 5704 643 5756 vobis
667 5701 921 5755 veniatin
949 5707 1185 5752 mentem
1212 5693 1672 5766 quemadmodum
1694 5709 1870 5763 neque

285 5801 393 5857 Job
448 5797 540 5850 ille
600 5795 822 5849 divinus
846 5805 1071 5847 suorum
1118 5791 1288 5860 ipsius
1333 5787 1661 5840 famulorum
1713 5785 1780 5839 dc
1813 5801 1872 5839 se

1971 4611 2098 4650 cum
2151 4596 2284 4652 viris
2335 4598 2815 4669 delinquentibus;
2861 4624 2879 4656 ι
2950 4620 3005 4661 et.
3077 4613 3217 4680 apud
3283 4630 3540 4681 magnum

1978 4687 2229 4741 Davidem
2278 4690 2552 4744 inducitur
2609 4693 2967 4762 justifieatus,
3035 4709 3092 4754 et
3147 4703 3367 4759 vincens
3417 4723 3542 4761 cum

1970 4776 2269 4846 iudicatur.
2302 4777 2473 4848 Igitur
2502 4790 2556 4837 et.
2591 4782 2707 4838 haec
2737 4801 2859 4854 quae
2894 4787 2983 4842 Dei
3018 4790 3181 4845 refert
3228 4796 3541 4864 imaginem,

1973 4869 2234 4939 exemplis
2268 4868 2568 4927 bonitatem
2601 4874 2746 4929 illam
2799 4877 3062 4945 imitetur,
3091 4894 3144 4936 et
3173 4899 3370 4955 magno
3403 4904 3546 4957 pra:-

1975 4960 2085 5014 dita
2112 4961 2300 5016 animo
2334 4965 2599 5032 patienter
2623 4966 2763 5022 hanc
2787 4969 2902 5025 sive
2925 4971 3321 5036 iudicationem
3361 4982 3548 5048 appel-

1975 5051 2114 5119 lare,
2148 5053 2265 5109 sive
2293 5054 2457 5109 etiam
2499 5056 2926 5126 disputationem
2955 5072 3192 5130 oportet,
3250 5070 3543 5132 sustineat,

1973 5143 2291 5216 eisdemque
2324 5147 2633 5204 rationibus
2660 5152 2829 5205 animi
2870 5153 3074 5222 quibus
3125 5157 3237 5219 ille,
3273 5159 3547 5217 fortitudi-

1977 5235 2066 5292 nis
2095 5235 2446 5292 adamantina
2475 5253 2752 5309 aureaque
2781 5253 2982 5310 statua,
3034 5246 3330 5304 famulares
3359 5264 3545 5308 contra

1979 5339 2041 5381 se
2068 5325 2209 5396 juris
2239 5327 2479 5383 actiones
2515 5327 2752 5386 ferebat.
2804 5332 3100 5401 Utrumne,
3141 5339 3326 5395 aiebat
3357 5343 3548 5400 beatus

1980 5417 2093 5484 ille,
2147 5433 2254 5473 non
2306 5421 2450 5474 sicut
2505 5432 2559 5474 et
2604 5437 2702 5494 ego
2749 5425 2802 5478 in
2855 5436 3010 5482 utero
3055 5429 3157 5496 fui,
3199 5433 3273 5486 illi
3331 5451 3548 5507 quoque

1983 5508 2219 5565 fuerint?
2251 5509 2404 5575 Quod
2438 5512 2484 5568 si
2509 5511 2651 5567 forte
2677 5517 2897 5583 perinde
2925 5522 3236 5576 ratiocinari
3262 5527 3550 5596 dicereque

1975 5617 2038 5656 ac
2071 5601 2158 5656 ille
2187 5601 2370 5671 justus
2398 5601 2521 5670 Job,
2556 5619 2788 5668 recuset.
2823 5622 2879 5663 ut
2909 5626 3010 5680 ego
3035 5615 3222 5667 saltem
3250 5620 3361 5669 vice
3391 5636 3545 5674 versa

1980 5692 2178 5755 dicam,
2209 5695 2515 5758 concedite,
2563 5713 2875 5768 quanquam
2911 5703 3253 5760 dissimiliter
3300 5711 3494 5762 similia
3529 5729 3544 5765 :

1977 5801 2084 5855 qua
2140 5786 2247 5840 illic
2280 5789 2447 5841 herus
2480 5802 2607 5853 erga
2647 5792 2883 5847 famulos
2911 5797 3165 5865 aequabili
3216 5799 3402 5852 animo
3435 5810 3552 5855 uto-
