4274 6452
699 416 815 482 975

1935 404 2324 469 tillEGURII
2357 404 2443 464 PA
2456 405 2678 466 [.AMIE

3856 400 3966 465 976

702 523 1020 591 batur;hie
1072 537 1199 595 erga
1257 521 1535 577 dominam
1603 536 1703 591 ego
1756 533 1972 574 servum
2036 517 2667 584 tibertateApartiecps
2726 515 2973 584 ejusdem
3040 513 3327 586 dignitatis
3359 528 3485 570 cum
3548 522 3727 570 mente
3788 516 3966 570 conti-

704 624 853 669 utor.
918 614 1171 682 Nunquid
1215 626 1319 665 non
1353 620 1409 665 ct
1460 610 1574 679 ipsa
1620 624 1783 662 manu
1835 608 1924 660 Dei
1957 616 2139 659 creata
2174 613 2275 665 est,

701 716 764 759 ut
798 723 899 773 ego
929 704 1152 759 fictum?
1185 719 1290 756 non
1325 705 1468 756 enim
1511 719 1569 757 se
1626 700 1718 755 Dei
1773 708 2080 754 creaturam
2125 712 2279 765 nega-

701 802 803 864 bit,
841 797 1051 851 tametsi
1089 795 1344 850 fortassis
1394 795 1730 869 figmentum,
1761 804 1817 847 ut
1850 807 1972 862 qua:
2010 791 2189 844 divina
2211 790 2281 844 sit

703 891 997 961 inspiratio
1031 900 1046 945 :
1079 904 1254 957 neque
1287 886 1427 941 male
1456 886 1667 941 feriatis
1703 885 2016 939 hominibus
2051 884 2277 950 decepta

705 983 1050 1053 perSnadebit
1079 997 1342 1048 unquam,
1387 984 1532 1049 quod
1566 979 1819 1033 essentia:
1859 977 2055 1031 divina:
2108 972 2278 1029 deﬂu-

706 1080 851 1131 vium
899 1076 990 1136 sit,
1054 1076 1147 1145 qui
1210 1074 1427 1143 quidem
1485 1080 1748 1141 quantum
1806 1066 2173 1138 magnifacere
2226 1074 2280 1120 et

704 1170 965 1224 extollere
993 1169 1319 1222 studuerunt
1339 1180 1483 1228 eam,
1519 1164 1764 1233 ejusdem
1795 1177 1919 1216 cum
1956 1160 2069 1217 Deo
2111 1168 2271 1213 natu-

705 1280 777 1318 ra:
828 1262 1168 1324 definientes,
1214 1269 1419 1313 tantmn
1493 1256 1863 1324 imprudentes
1883 1253 2129 1308 eamdem
2149 1269 2282 1308 con-

704 1353 860 1407 viciis
892 1351 1216 1415 affecerunt,
1252 1348 1317 1402 ad
1350 1347 1572 1410 bestias,
1610 1346 1836 1399 frutices
1868 1356 1921 1399 ct
1956 1358 2277 1400 cucumeres

704 1441 1098 1510 deprimentes,
1132 1453 1231 1492 nec
1260 1438 1309 1491 ei
1366 1438 1544 1490 solum
1613 1434 1969 1489 immodicum
2012 1434 2275 1488 honorem

704 1549 758 1591 et
788 1537 1095 1599 infamiam,
1137 1534 1229 1588 sed
1275 1542 1331 1586 et
1380 1545 1655 1599 suprema:
1707 1530 1781 1583 illi
1835 1539 2043 1583 natura:
2089 1539 2281 1582 contu—

705 1630 900 1683 melias
936 1630 1333 1695 intorquentes.
1370 1624 1502 1678 Nam
1573 1637 1697 1676 cum
1730 1620 2108 1675 constituisset
2138 1616 2279 1673 Deus

707 1722 983 1775 hominem
1016 1720 1267 1788 effingere
1287 1719 1372 1787 (ad
1402 1716 1617 1769 initium
1644 1714 1790 1769 enim
1827 1710 2107 1782 proprium
2142 1709 2273 1763 milti

707 1814 1017 1868 revocanda
1052 1822 1135 1866 est
1168 1810 1394 1875 oratio),
1438 1823 1545 1861 non
1573 1816 1753 1865 terra}.
1783 1819 1889 1857 non
1911 1803 2069 1872 aquis
2089 1801 2274 1871 jussit,

706 1920 764 1963 nt
796 1907 939 1959 hunc
980 1917 1198 1974 quoque
1228 1901 1373 1956 sicut
1423 1910 1478 1954 et
1527 1898 1632 1953 alia
1686 1897 2045 1952 animantium
2081 1910 2277 1965 genera

707 1998 1094 2067 producerent,
1121 1994 1214 2047 sed
1236 1999 1459 2058 accepto
1482 1990 1704 2059 pulvere
1733 1991 1848 2057 ipse
1874 1986 2239 2041 conformavit
2264 2004 2277 2041 :

706 2104 757 2149 et
785 2101 841 2144 ut
866 2086 1229 2143 conformatio
1261 2082 1498 2137 divinior
1543 2092 1645 2147 est,
1697 2081 1770 2134 ita
1805 2090 1858 2134 et
1908 2093 2028 2132 mea
2069 2076 2282 2147 species

668 2228 671 2231 λ
705 2180 1003 2250 antiquior,
1037 2194 1144 2233 non
1174 2177 1320 2233 enim
1355 2173 1764 2246 quadrupedem
1789 2183 1842 2226 et
1870 2185 2096 2239 pronam
2130 2168 2279 2233 fecit,

707 2289 816 2327 non
848 2273 972 2326 alvo
1000 2271 1287 2341 capiteque
1339 2268 1393 2322 in
1443 2277 1643 2321 terram
1688 2273 2002 2334 protensam
2056 2270 2111 2316 et
2156 2278 2284 2333 pro-

706 2374 931 2421 stratam
966 2368 1204 2432 semper,
1245 2365 1336 2415 sed
1380 2368 1586 2415 rectam
1633 2367 1689 2412 ct
1740 2366 1909 2411 totam
1966 2356 2278 2422 sublimem,

705 2457 890 2528 parvis
939 2456 1160 2523 quidem
1200 2453 1377 2521 iisque
1435 2451 1651 2507 duobus
1694 2449 1999 2519 plantarum
2038 2448 2282 2517 vestigiis

707 2561 909 2604 terram
959 2548 1154 2601 leniter
1208 2544 1591 2612 attingentcm,
1654 2556 1875 2596 sursum
1911 2550 2089 2595 autem
2121 2549 2283 2610 caput

706 2644 1264 2703 attollentem,aerem
1290 2638 1565 2704 puriorem
1606 2635 1926 2703 respirando
1949 2643 2282 2702 carpentem,

709 2746 765 2787 et
820 2734 1075 2786 caelestes
1143 2728 1581 2799 pulchritudines
1636 2725 2094 2791 contemplantem
2156 2740 2170 2777 :
2220 2739 2285 2778 ac

709 2828 910 2881 nativis
941 2825 1159 2894 quidem
1198 2821 1400 2875 nudam
1454 2819 1817 2881 indumentis,
1844 2828 1897 2871 et
1926 2819 1992 2871 ad
2024 2833 2084 2872 se
2115 2829 2279 2871 tuen-

710 2922 834 2972 dam
873 2916 1139 2987 praesidiis
1178 2914 1465 2972 inermem,
1525 2912 1780 2965 manibus
1837 2918 2015 2963 tamen
2043 2924 2286 2963 contmn-

710 3010 903 3072 nitam,
939 3006 1162 3078 proprio
1193 3004 1360 3059 animi
1413 3002 1642 3057 rationis
1694 3001 1998 3071 partieipis,
2037 3012 2091 3055 et
2123 3002 2284 3055 indu-

711 3101 849 3156 strio
904 3110 957 3153 et
1010 3107 1233 3152 versuto
1263 3094 1584 3151 exercendis
1612 3094 1823 3149 artibus
1865 3094 2231 3150 instrumento
2266 3111 2281 3145 :

2306 1854 2354 1914 B

2382 606 2581 670 ciente,
2615 607 2871 672 imaginis
2899 607 3172 676 exemplo,
3200 614 3254 659 ct
3286 606 3641 659 honestarum
3677 604 3967 659 actionum

2382 698 2650 769 adjuvans
2689 714 2853 753 causa
2885 714 3030 753 sum.
3059 696 3256 753 Nixum
3284 700 3429 753 enim
3452 696 3763 766 fretumque
3798 708 3968 751 natu-

2383 806 2456 844 ra:
2484 790 2724 844 hominis
2752 792 2961 846 ratione
2994 800 3158 860 atque
3183 790 3573 859 descriptione,
3600 789 3967 846 confirmave-

2383 884 2508 951 rint,
2548 900 2657 939 non
2695 894 2927 939 mentem
2953 884 3125 939 solam
3159 899 3341 954 neque
3377 897 3579 953 corpus
3633 882 3813 936 solum
3868 882 3968 936 ho-

2383 976 2583 1031 minem
2631 975 2761 1041 dici,
2808 978 2901 1031 sed
2944 985 3234 1045 utrumque
3292 974 3489 1037 simul,
3527 989 3689 1044 quem
3729 974 3795 1026 ad
3828 975 3968 1025 ima-

2381 1069 2557 1134 ginem
2591 1083 2744 1123 suam
2768 1067 2965 1123 fecisse
2998 1067 3141 1123 Deus
3166 1067 3389 1122 dicitur.
3424 1065 3721 1129 Nimirum,
3768 1082 3970 1136 quem-

2380 1159 2672 1215 admodum
2736 1175 2862 1215 cum
2931 1160 3151 1215 homine
3226 1158 3599 1223 communico,
3658 1160 3731 1213 ita
3792 1169 3847 1213 et
3897 1161 3971 1213 ab

2381 1251 2619 1306 humana
2682 1251 2947 1321 dignitate
3007 1251 3296 1322 participo.
3356 1251 3425 1304 At
3480 1250 3586 1304 tale
3646 1265 3773 1303 eum
3834 1252 3971 1314 sim,

2381 1358 2469 1397 me
2503 1352 2685 1397 tamen
2712 1344 2915 1414 optima
2946 1359 3098 1398 mens
3131 1358 3161 1397 e
3191 1342 3441 1412 catalogo
3473 1352 3635 1396 tanta:
3663 1342 3971 1396 nobilitatis

2382 1435 2666 1504 expungit,
2690 1445 2748 1490 et
2778 1436 2941 1489 veluti
2969 1439 3216 1505 spurium
3248 1434 3487 1496 abdicat,
3520 1450 3605 1488 me
3630 1450 3873 1496 servum,
3908 1450 3971 1488 se

2380 1529 2619 1583 divinam
2651 1528 3084 1597 inspirationem,
3115 1526 3359 1596 reginam
3388 1536 3443 1581 et
3473 1541 3649 1580 meam
3678 1527 3961 1579 dominam

2382 1621 2685 1688 appellans.
2718 1620 2795 1673 Ac
2830 1621 3125 1687 potuissem
3157 1619 3413 1689 equidem
3438 1608 3735 1688 Operosius
3765 1628 3816 1673 et
3847 1620 3967 1672 etii—

2380 1712 2567 1765 cacins
2597 1711 2742 1765 hunc
2773 1720 3005 1765 tractare
3031 1709 3234 1776 locum,
3260 1711 3603 1779 suadereque
3633 1727 3699 1765 ne
3728 1712 3969 1780 amplius

2381 1816 2601 1856 servum
2638 1812 2855 1857 vocaret
2891 1817 2976 1857 me
3010 1816 3335 1857 conservum
3369 1810 3424 1858 et
3459 1801 3673 1872 imperii
3707 1818 3964 1864 consors.

2381 1894 2708 1965 virtutisque
2754 1895 3025 1964 particeps
3064 1906 3119 1949 et
3162 1894 3289 1950 vitae
3333 1904 3447 1949 tum
3499 1897 3807 1966 praesentis,
3849 1908 3967 1950 tum

2383 1998 2641 2058 Speratae:
2675 1988 2946 2044 sullieiant
2978 1999 3158 2044 tamen
3198 2005 3321 2059 quae
3351 1990 3464 2045 dixi
3520 1991 3783 2046 hactenus
3819 1994 3969 2062 apud

2384 2096 2503 2144 vos,
2539 2080 2738 2149 quibus
2786 2082 2853 2136 ad
2890 2081 3138 2137 obeunda
3184 2083 3489 2138 certamina
3537 2084 3653 2139 haec
3695 2099 3966 2156 generosa

2383 2188 2613 2242 corpora
2645 2178 2891 2245 exposita
2935 2185 3088 2244 sunt,
3129 2183 3289 2231 utne
3328 2177 3457 2231 dum
3510 2177 3562 2231 in
3616 2179 3719 2232 lmc
3762 2182 3970 2237 sarculo

2385 2265 2726 2335 spiritalibus
2765 2267 2945 2332 donis,
2984 2277 3044 2321 ut
3069 2269 3217 2322 socia
3262 2276 3317 2321 et
3364 2271 3640 2326 consortia
3690 2270 3967 2336 laborum,

2386 2355 2660 2422 fruantur,
2684 2374 2872 2413 verum
2902 2360 3065 2414 etiam
3100 2360 3153 2413 in
3186 2370 3499 2431 exspectata
3530 2365 3970 2432 regeneratione,

2386 2454 2549 2507 simul
2578 2470 2702 2507 cum
2740 2455 2913 2510 beatis
2944 2455 3062 2511 suis
3095 2455 3380 2526 spiritibus
3420 2469 3667 2529 regnent,
3702 2468 3757 2513 et
3790 2468 3851 2512 ut
3882 2460 3968 2513 sol

2386 2543 2713 2598 colluceant.
2741 2543 3007 2598 Caeterum
3042 2560 3151 2599 non
3184 2545 3478 2600 admodum
3512 2549 3612 2601 bac
3645 2548 3713 2601 de
3751 2563 3806 2601 re
3835 2564 3970 2600 con-

2389 2637 2630 2691 tendam.
2663 2636 2910 2706 Appcllet
2945 2638 3137 2692 ut'sibi
3176 2638 3257 2694 fas
3293 2639 3467 2693 visum
3501 2639 3691 2705 fuerit;
3726 2644 3972 2709 potentia

2388 2718 2735 2796 referciatur,
2766 2745 2868 2784 suo
2897 2731 3115 2800 quidvis
3138 2732 3367 2787 arbitrio
3399 2732 3556 2799 ferat,
3588 2745 3745 2803 agat;
3779 2747 3974 2789 utatur

2388 2838 2473 2878 me
2520 2822 2981 2893 quemadmodum
3041 2823 3211 2888 volet,
3260 2824 3524 2878 duntaxat
3566 2842 3631 2879 ne
3666 2826 3799 2880 \‘lliO
3832 2827 3971 2880 mihi

2389 2924 2563 2969 vertat
2611 2915 2856 2990 innoxia,
2908 2930 3085 2985 neque
3140 2931 3227 2971 me
3286 2916 3444 2987 culpa
3505 2933 3704 2973 vacans
3761 2920 3969 2989 culpet.

2389 3009 2633 3063 Audistis
2672 3008 2818 3061 enim
2854 3009 3054 3076 quibus
3091 3008 3158 3062 dc
3207 3008 3370 3062 rebus
3410 3021 3631 3063 accuset
3667 3024 3773 3072 me,
3818 3014 3971 3078 quod

2390 3102 2481 3167 ali,
2525 3102 2669 3171 quod
2718 3102 2886 3156 indui.
2915 3101 3072 3154 velint
3124 3102 3359 3156 animale
3406 3118 3633 3157 mancus
3668 3105 3869 3165 adhuc,
3916 3118 3973 3158 et

712 3208 943 3260 quam"!
986 3204 1145 3259 Oper-'1
1185 3188 1357 3241 ῐυιῖῐιε
1408 3187 1654 3240 ιηιΙυίιιιν
1694 3197 1889 3240 οοηιτθ
1939 3186 2284 3242 ίηοοηιηιοάει
2313 3197 2357 3254 C
2389 3194 2518 3247 dum
2550 3196 2618 3247 ah
2648 3192 2975 3246 animalibus
3002 3191 3353 3247 facultatibus
3396 3195 3692 3262 gubernor,
3737 3196 3975 3250 ltt‘t'tlttln

712 3283 916 3344 omnia,
949 3297 1113 3352 quam
1153 3280 1404 3348 lanigerte
1439 3288 1493 3332 et
1524 3278 1701 3345 longis
1745 3277 1871 3346 pilis
1910 3277 2132 3332 munita:
2165 3278 2286 3332 ani-

714 3384 968 3438 mantes;
1008 3372 1342 3439 rectiusque,
1380 3384 1542 3436 quam
1573 3376 1839 3437 quelquot
1868 3378 1961 3421 aut
1999 3368 2165 3423 coriis
2194 3378 2289 3422 aut

710 3466 960 3534 squarnis
997 3462 1197 3516 nativis
1241 3462 1631 3524 abducuntur;
1664 3468 1719 3511 et
1772 3458 2077 3528 pulchrius,
2120 3473 2290 3529 quam

718 3559 854 3610 bene
880 3555 1036 3608 alata:
1072 3568 1231 3617 aves;
1287 3559 1499 3605 armata
1529 3559 1613 3605 est
1658 3559 1840 3605 autent
1873 3550 2109 3605 validius
2135 3551 2200 3605 ad
2229 3564 2289 3605 se

714 3646 1136 3710 defendendam,
1187 3642 1616 3713 prepugnaculis
1670 3658 1831 3695 manu
1894 3643 2072 3704 factis,
2123 3657 2287 3712 quam

715 3756 792 3793 ea:
832 3740 900 3793 iis
936 3752 1056 3805 qua:
1092 3738 1172 3790 vel
1209 3738 1429 3804 ungulis
1467 3735 1549 3790 vel
1583 3735 1846 3788 cornibus
1883 3742 2169 3803 pugnant,
2196 3742 2287 3788 aut

716 3831 972 3885 dentibus
1000 3838 1056 3882 et
1090 3829 1384 3896 unguibus.
1418 3828 1495 3880 Ita
1529 3841 1659 3880 vero
1685 3827 1817 3878 mibi
1843 3826 2087 3880 studiose
2119 3825 2292 3879 artifi-

717 3924 974 3991 cioseque
998 3922 1253 3985 formato,
1283 3918 1429 3974 Deus
1459 3919 1585 3973 vita:
1612 3918 1944 3988 spiraculum
1982 3917 2288 3986 inspiravit.

718 4026 770 4068 et
803 4015 851 4067 id
890 4031 953 4069 ex
990 4014 1261 4068 ambobus
1298 4021 1690 4079 temperatum,
1736 4011 2009 4065 hominem
2049 4022 2102 4065 et
2135 4024 2289 4065 suam

720 4107 1015 4176 imaginem
1048 4104 1374 4167 nominavit,
1408 4113 1460 4157 et
1497 4111 1555 4157 ut
1585 4102 1953 4172 pedestribus,
1980 4102 2292 4157 natatilibus

720 4207 771 4252 et
830 4197 1142 4250 volatilibus
1193 4197 1519 4263 imperaret,
1576 4193 1853 4263 praecepit,
1913 4204 1967 4247 et
2019 4208 2118 4262 ego
2173 4193 2292 4247 sine

723 4298 904 4342 mente
940 4287 1222 4357 quidpiam
1256 4301 1414 4355 agere
1446 4285 1751 4353 nequirem,
1785 4296 1844 4338 ut
1874 4300 1973 4338 nec
2004 4300 2156 4338 tuens
2176 4284 2295 4339 sine

724 4398 829 4434 me.
865 4380 1059 4434 Statim
1103 4380 1245 4431 enim
1285 4393 1405 4446 qua:
1436 4377 1708 4447 praecipua
1738 4386 1820 4431 est
1852 4375 2108 4446 imaginis
2142 4386 2291 4440 nota,

723 4474 775 4523 in
818 4469 1441 4537 animantesimperium
1484 4483 1775 4531 exercere,
1818 4468 2094 4536 quomodo
2131 4482 2287 4521 mens

722 4578 947 4632 corpore
983 4562 1265 4624 destituta,
1298 4572 1389 4613 aut
1424 4561 1580 4612 initio
1610 4570 1758 4613 recte
1794 4560 1989 4628 potuit,
2012 4568 2107 4611 aut
2141 4559 2191 4611 in
2226 4574 2290 4613 eo
2324 4534 2370 4591 1)

723 4666 907 4723 postea
933 4654 1333 4723 perseveravit?
1357 4669 1461 4722 qua
1503 4652 1713 4705 ratione
1744 4666 2077 4705 eonscensus
2100 4651 2291 4705 fuisset

722 4765 918 4813 equus,
953 4746 1055 4799 nisi
1100 4760 1235 4797 meae
1283 4758 1477 4795 manus
1529 4742 1682 4795 frena
1732 4741 2137 4795 fabricassent:
2183 4756 2288 4808 qua

724 4859 746 4893 r
770 4843 936 4891 itione
963 4840 1060 4891 bos
1089 4836 1370 4891 incidisset
1399 4835 1604 4897 sulcos,
1642 4833 1747 4887 nisi
1801 4832 1989 4885 iisdem
2022 4833 2144 4901 iuga
2174 4848 2294 4883 ara-

725 4942 916 4997 traque
976 4926 1621 4991 contieientibus?Quod
1672 4927 1716 4979 si
1772 4925 1971 4977 mentis
2018 4926 2294 4991 excogita-

724 5026 870 5075 tinne
918 5026 1033 5075 haec
1071 5030 1279 5085 reperta
1313 5027 1463 5080 sunt,
1502 5018 1632 5071 illud
1664 5028 1748 5072 est
1780 5017 1924 5085 quod
1957 5034 2099 5071 nunc
2149 5016 2293 5070 dice-

724 5120 871 5177 bam,
903 5114 1127 5167 alterius
1160 5129 1326 5182 Opera
1352 5128 1509 5181 egere
1549 5110 1822 5175 alterum;
1877 5108 1964 5162 illa
2003 5112 2293 5180 excogitat,

724 5221 824 5271 υμα
862 5206 1007 5273 quod
1042 5214 1129 5257 est
1156 5204 1545 5271 excogitatum,
1598 5202 1865 5257 industria
1898 5217 2014 5254 mea
2052 5205 2292 5271 perficio.

728 5299 843 5367 Ipsa
880 5298 1121 5352 rationes
1152 5296 1481 5350 artificiosas
1516 5297 1660 5349 videt
1711 5303 1764 5348 ct
1797 5297 2070 5364 proponit,
2102 5310 2295 5349 manus

733 5406 863 5442 mea:
897 5389 1178 5443 materiam
1209 5388 1464 5440 duetilem
1500 5394 1553 5440 et
1598 5396 1827 5440 tractatu
1857 5385 2070 5440 facilem
2103 5404 2299 5456 suppe-

729 5481 986 5539 ditantes.
1018 5482 1138 5549 ejus
1171 5479 1314 5548 quod
1342 5480 1522 5533 animo
1554 5476 1906 5533 informatum
1937 5489 2020 5532 est
2058 5480 2296 5547 speciem

726 5573 1025 5628 (Onlicittttt
1054 5590 1068 5635 ς
1097 5582 1147 5624 et
1177 5587 1283 5624 non
1315 5572 1425 5641 jam
1454 5587 1710 5634 servum,
1748 5586 2059 5638 quanquam
2099 5581 2156 5625 ιιι
2187 5586 2300 5625 ser-

739 5680 859 5719 vum
889 5676 981 5719 aut
1040 5666 1471 5719 instrumentum
1512 5665 1627 5720 hinc
1674 5665 2058 5730 suhntinistto,
2096 5666 2186 5720 sed
2242 5679 2299 5721 ut

810 5856 824 5875 ”'
866 5851 1060 5919 *ipltes.
1101 5868 1150 5902 ν.
1180 5851 1270 5903 ‘29.

2389 3287 2442 3341 in
2488 3286 2731 3356 spiritale
2774 3284 3247 3339 transformatum.
3284 3286 3463 3339 Aliam
3499 3288 3647 3339 enim
3685 3288 3852 3341 vitam
3894 3291 3974 3353 id,

2389 3379 2660 3446 aliamque
2676 3380 2849 3430 victus
2870 3376 3158 3439 rationem,
3190 3384 3248 3428 ut
3278 3378 3331 3429 in
3368 3380 3657 3445 proverbio
3683 3386 3789 3443 est,
3823 3380 3974 3432 desi-

2388 3468 2577 3533 derat;
2611 3483 2757 3522 nnnc
2790 3484 2917 3522 vero
2938 3467 3163 3521 fluidunt
3195 3485 3320 3523 cum
3350 3471 3475 3531 sint,
3509 3480 3561 3523 et
3594 3471 3713 3524 sine
3746 3470 3977 3525 faculta-

2389 3562 2536 3615 tibus
2567 3561 2949 3630 appetentibus
2980 3570 3238 3614 constare
3270 3573 3374 3613 non
3411 3563 3640 3628 possim,
3677 3563 3973 3631 quidnam,

2390 3668 2599 3723 quaeso,
2647 3652 2925 3718 delinquo,
2967 3652 3011 3704 si
3059 3660 3267 3705 natura:
3307 3651 3569 3706 instinctu
3618 3654 3865 3708 ciborum
3919 3669 3977 3709 et

2392 3755 2617 3816 potnum
2666 3745 2961 3813 cupiditate
2999 3744 3222 3798 teneor?
3266 3742 3442 3810 Quam
3488 3745 3591 3799 sibi
3630 3749 3979 3804 contumelia:

2393 3846 2577 3890 notam
2620 3850 2774 3889 mens
2810 3835 2998 3901 inurit,
3026 3850 3148 3903 qua:
3182 3835 3296 3889 hzrc
3324 3835 3515 3889 eadem
3549 3838 3683 3890 mihi
3716 3841 3981 3908 suppedi-

2392 3927 2506 3982 tat?
2552 3926 2715 3991 Quasi
2767 3939 2875 3978 non
2933 3923 3167 3979 audierit
3220 3924 3540 3994 Apostolum
3586 3927 3916 3981 clamantem
3960 3949 3975 3983 :

2400 4039 2419 4070 ι
2455 4017 2625 4073 Nemo
2657 4031 2811 4071 suam
2838 4031 3056 4071 carnem
3091 4015 3206 4070 odit
3232 4055 3247 4079 ,
3278 4017 3370 4071 sed
3397 4017 3601 4071 enutrit
3623 4028 3676 4071 et
3708 4017 3918 4073 fuvet'.
3954 4039 3974 4071 ι

2394 4112 2515 4178 Quo
2562 4120 2719 4178 paeto
2748 4108 2893 4162 enim
2929 4117 3023 4159 aut
3072 4107 3228 4161 initio
3258 4109 3616 4173 substitisset,
3653 4119 3750 4164 aut
3784 4126 3979 4180 postea

2392 4205 2749 4268 constitisset,
2773 4200 2875 4257 nisi
2900 4198 3231 4255 sufficienter
3255 4200 3528 4254 aieretur?
3550 4202 3765 4271 Quippe
3787 4206 3977 4258 statim

2394 4311 2460 4351 ac
2490 4296 2543 4349 in
2579 4304 2732 4346 utero
2758 4291 2987 4355 former,
3005 4290 3161 4358 quasi
3184 4289 3366 4358 planta
3389 4290 3472 4344 vel
3497 4292 3636 4344 inter
3653 4292 3897 4361 plantam
3925 4306 3983 4350 et

2394 4382 2596 4440 animal
2616 4382 2856 4437 medium
2877 4379 3030 4449 quid,
3078 4393 3174 4448 per
3202 4394 3299 4434 cas
3326 4382 3595 4435 secundas
3620 4396 3760 4450 quas
3790 4389 3983 4455 appel—

2398 4479 2530 4539 lant,
2554 4475 2668 4530 sive
2695 4487 2788 4543 per
2810 4471 3151 4535 umbilicum,
3176 4470 3291 4523 alor
3321 4472 3588 4541 sanguine
3612 4477 3933 4529 menstruali
3963 4497 3978 4532 :

2398 4566 2547 4621 illinc
2573 4573 2755 4619 autem
2780 4576 3126 4632 progressum
3159 4561 3315 4616 lactis
3344 4562 3521 4616 rivulo
3552 4579 3645 4630 per
3673 4579 3978 4623 mammam

2402 4656 2677 4717 nutricor,
2723 4655 2970 4721 adusque
3009 4651 3251 4706 dentium
3298 4660 3499 4705 ortum.
3542 4650 3643 4707 Ubi
3681 4669 3815 4710 vero
3854 4660 3977 4712 ani-

2400 4747 2577 4802 mandi
2609 4754 2802 4799 natura
2828 4744 3023 4813 cupida
3047 4743 3179 4796 mihi
3202 4742 3458 4798 dentibus
3479 4760 3539 4798 us
3560 4745 3737 4798 aeutis
3764 4758 3820 4800 et
3850 4748 3982 4803 latis

2400 4841 2684 4905 instruxit,
2710 4849 2771 4893 ut
2798 4849 2851 4892 et
2880 4852 3066 4892 secare
3096 4846 3150 4890 et
3180 4836 3450 4892 conficere
3483 4836 3639 4891 facile
3664 4839 3851 4893 cibum
3884 4858 3981 4912 pn.

2399 4932 2617 4996 tucrim,
2651 4938 2763 4983 tum
2792 4927 3028 4996 deniqtte
3065 4941 3309 4980 mensam
3340 4928 3691 4982 solidioribus
3722 4933 3978 4986 esculen-

2400 5024 2467 5077 tis
2495 5020 2790 5084 exslruxit;
2821 5019 2891 5071 ita
2924 5034 3055 5072 sane
3080 5017 3285 5071 naturis
3306 5032 3593 5084 corporum
3618 5020 3975 5088 congcnitunt

2399 5095 2489 5171 est
2505 5114 2844 5175 alimentum,
2865 5124 3039 5178 eaque
3066 5122 3279 5163 natura:
3305 5110 3559 5179 cognatio
3580 5120 3685 5174 cst,
3723 5112 3828 5168 etsi
3866 5128 3975 5167 non

2400 5217 2483 5262 est
2513 5218 2701 5260 eorum
2730 5204 2906 5256 verbis
2935 5202 3064 5255 fides
3107 5201 3379 5261 habenda,
3406 5204 3496 5268 qui
3535 5202 3807 5269 lapidibus
3839 5222 3975 5258 nou-

2401 5299 2580 5354 nullos
2617 5297 2684 5349 ali
2727 5295 2900 5354 aiunt,
2940 5297 3081 5345 tacto
3122 5295 3302 5345 tamelt
3331 5293 3661 5346 credendum
3691 5306 3799 5358 est,
3831 5298 3979 5363 quod

2404 5392 2766 5446 animatorum
2810 5386 3017 5439 uellent
3053 5391 3236 5437 careat
3270 5382 3548 5449 alimento,
3577 5394 3635 5437 ut
3663 5387 3896 5441 arbores
3929 5400 3982 5441 et

2409 5484 2586 5537 herba:
2613 5491 2666 5534 et
2696 5476 2955 5548 tlllltlllllld
2998 5474 3274 5528 radicibus
3319 5474 3510 5529 fultum
3556 5487 3697 5529 terra
3733 5482 3898 5546 parit,
3928 5492 3981 5535 et

2406 5572 2711 5629 omnimodo
2744 5568 3061 5624 animantia.
3108 5568 3189 5620 An
3226 5582 3356 5622 vero
3386 5567 3656 5625 daemones
3695 5582 3753 5625 et
3796 5573 3979 5630 sidera

2406 5664 2717 5723 libamentis
2762 5663 2865 5717 illis
2908 5669 2962 5714 et
2999 5654 3283 5725 odoribus,
3333 5659 3775 5715 exhalatiOnibus
3818 5673 3978 5718 terra:
