4274 6452
240 405 342 464 9T7

1588 398 2075 460 PROSOPOPGZI
2089 401 2170 461 ΞΕ.

3398 401 3513 465 978

239 526 353 577 ha-e
391 519 881 586 enutrianturnid
923 517 1253 571 Gramanicis
1301 530 1365 569 ac
1416 518 1661 584 profanis
1690 533 1821 585 poe-
1858 530 1897 583 Α
1928 527 2035 575 est.
2087 533 2206 585 qua:
2260 517 2324 571 ad
2386 516 2719 586 propositam
2770 515 2925 570 vobis
2988 529 3151 582 quam
3212 514 3521 582 planiorem

240 618 313 668 tis
366 624 419 667 ct
451 610 793 682 philosophis
819 610 1145 673 dicentibus,
1175 610 1315 662 haud
1346 608 1503 663 facile
1532 594 1817 662 assentiar.

240 703 378 757 Nam
415 703 491 757 illi
522 712 725 756 coetum
760 702 1064 753 darmonum
1091 698 1603 766 opinabantur'rsse
1632 713 1824 767 corpo-

237 813 396 852 reum
443 806 497 851 et
526 794 767 849 materia:
818 790 1223 859 voluptatisque
1280 790 1519 850 avidum,
1572 804 1626 843 et
1669 788 1827 843 astris

238 889 456 942 animos
504 884 841 939 tribuebant.
876 882 1062 952 Itaque
1115 896 1239 935 cum
1286 882 1589 934 animatum
1628 896 1828 949 corpus

236 994 404 1035 omne
460 978 534 1033 sit
601 975 1028 1039 alimentarium,
1077 973 1343 1042 quidquid
1396 974 1693 1025 animatum
1744 982 1831 1026 est

240 1080 452 1123 natura:
497 1070 613 1137 lege
659 1067 935 1120 nutriatur
973 1075 1024 1119 ct
1069 1065 1215 1120 vivat
1262 1078 1483 1117 necesse
1531 1063 1828 1132 estzquod

244 1172 431 1217 autent
478 1176 588 1213 non
635 1160 878 1213 nutritur
912 1172 1089 1225 neque
1130 1158 1283 1218 vivit,
1320 1156 1370 1209 id
1414 1170 1481 1208 ne
1525 1154 1826 1208 animatum

240 1254 467 1322 quidem
498 1264 599 1307 est.
632 1251 999 1316 Quamobrem
1031 1248 1291 1303 Servator
1317 1255 1501 1301 uoster
1529 1262 1633 1299 non
1668 1246 1829 1299 modo

240 1362 384 1413 quos
421 1354 672 1398 mortuos
717 1342 784 1396 ad
836 1342 999 1394 vitam
1037 1340 1309 1395 revocavit
1338 1340 1497 1392 edere
1520 1337 1703 1406 jussit.
1734 1336 1829 1389 sed

247 1436 462 1504 et‘ipsc
518 1444 769 1489 mortuus
823 1446 888 1487 ac
936 1434 1049 1503 jam
1114 1432 1445 1485 reviviscens
1490 1429 1730 1483 comedit
1777 1436 1830 1482 et

250 1530 404 1592 bibit,
430 1536 817 1596 argumentum
845 1525 1137 1580 insolubile
1168 1524 1411 1592 repetita:
1438 1522 1560 1575 vita:
1584 1520 1827 1575 alimenti

240 1621 655 1689 perceptionem
691 1634 1030 1689 proponens.
1064 1618 1129 1671 Et
1160 1625 1352 1671 natura
1394 1616 1611 1681 quidem
1643 1628 1831 1669 serva-

240 1713 347 1763 trix
400 1711 473 1763 ita
536 1709 783 1778 corporis
832 1710 1151 1776 sanguinem
1200 1722 1517 1775 procrearis,
1564 1704 1830 1774 sanguine

244 1814 504 1857 materno
553 1801 702 1856 fetus
763 1816 861 1855 ore
921 1803 1160 1854 nondum
1213 1798 1513 1868 praeditos,
1590 1797 1827 1851 infantes

239 1896 566 1959 edentulos,
610 1894 749 1949 lacte
796 1893 1070 1960 perfectos
1102 1900 1155 1945 et
1188 1893 1491 1956 absolutos,
1533 1891 1682 1943 omni
1733 1904 1824 1958 ge-
1866 1870 1906 1925 Β

238 2002 378 2041 nere
418 1986 795 2053 varietathue
827 1985 1073 2036 ciborum
1116 1982 1239 2046 alit;
1281 1996 1403 2042 nec,
1439 1981 1567 2034 dum
1609 1978 1828 2043 crescit,

238 2079 555 2133 nutricatur
581 2086 638 2132 et
673 2075 882 2137 educit,
926 2075 1171 2128 adultum
1213 2088 1341 2127 vero
1376 2084 1430 2128 et
1461 2074 1572 2142 jam
1612 2071 1826 2125 inhabi-

234 2150 350 2228 lem
384 2170 691 2226 crescendo
728 2178 942 2223 aetatem
972 2171 1249 2236 attingens
1277 2166 1603 2235 dereliquit:
1638 2166 1729 2219 sed
1763 2164 1829 2218 ad

236 2273 588 2320 senectutem
632 2270 686 2317 et
727 2261 1062 2327 decrepitam
1095 2244 1528 2327 mtatem'usqne,
1571 2268 1827 2327 tanquam

236 2357 384 2409 bona
421 2355 602 2408 nutrix
643 2354 864 2407 duCcnti
896 2350 1147 2419 spiritum
1184 2350 1355 2414 achI,
1400 2339 1831 2417 nunquam'dis-

237 2447 471 2509 cedens,
533 2459 642 2497 non
708 2453 893 2507 noctu,
944 2456 1051 2495 non
1117 2440 1376 2496 interdiu.
1430 2439 1828 2495 Dormientium

237 2540 447 2593 etenim
500 2554 610 2592 non
660 2535 896 2606 quiescit
945 2533 1107 2588 altrix
1152 2532 1400 2596 facultas,
1435 2533 1529 2587 sed
1568 2533 1832 2588 insomnis

238 2642 293 2684 et
327 2630 558 2700 pervigil
589 2630 746 2683 bona:
782 2626 1015 2681 nutricis
1051 2626 1241 2690 instar,
1292 2625 1577 2691 inspirauti
1631 2632 1831 2695 praesto

242 2732 351 2785 est,
380 2721 627 2789 nunquid
658 2736 763 2773 non
807 2719 946 2773 bona
978 2717 1217 2772 faciens?
1241 2734 1302 2773 ea
1325 2727 1473 2773 certe
1507 2732 1628 2787 (tuae
1653 2733 1749 2786 per
1770 2732 1831 2772 os

245 2813 442 2865 molita
477 2811 531 2863 in
567 2822 811 2864 ventrem
848 2810 1231 2872 demittuntur,
1266 2823 1617 2877 concoquens
1656 2822 1718 2861 ac
1745 2810 1831 2861 di-

245 2917 473 2972 gerens,
526 2900 871 2969 primumque
908 2899 962 2952 in
1010 2913 1205 2953 succos
1248 2908 1594 2964 convertens,
1638 2898 1832 2952 deinde

247 2997 321 3052 ad
342 2998 503 3066 jecur
530 2993 817 3047 attrabeus
848 3001 902 3046 et
932 2992 987 3045 in
1021 2991 1343 3060 sanguinem
1374 3002 1624 3054 mutans;
1658 2990 1833 3042 illinc-

245 3103 359 3157 que
404 3103 497 3153 per
543 3100 713 3139 venas
775 3083 1032 3138 onmihus
1080 3098 1236 3137 suam
1284 3083 1480 3152 cuique
1527 3082 1833 3150 portionem

1931 610 2218 676 agitamus,
2252 609 2688 664 controversiam
2726 624 2834 662 non
2879 608 3136 676 pertinet.
3167 606 3222 659 Si
3245 621 3391 659 -vero
3422 624 3517 659 na-

1931 702 2160 755 turalem
2213 718 2335 771 qua?
2400 702 2695 756 nutriendo
2765 702 3093 770 percipitur,
3148 699 3512 764 voluptatem,

1932 793 2204 846 luxuriam
2240 795 2450 857 definit,
2496 794 2666 847 inulto
2713 794 2863 861 prius
2898 810 3018 859 qua:
3065 794 3116 844 in
3157 790 3513 861 procreandis

1932 885 2117 938 liberis
2144 894 2250 948 est,
2287 884 2610 954 flagitiosam
2655 886 2977 942 nominabit.
3014 886 3084 937 At
3149 899 3324 952 neque
3378 898 3515 951 nup»

1934 976 2101 1041 tialis,
2137 992 2313 1046 neque
2354 978 2521 1031 etiam
2555 978 2713 1032 altrix
2744 976 2992 1044 voluptas
3021 977 3144 1028 ullis
3178 989 3358 1028 mente
3378 992 3517 1043 pra:-

1933 1068 2065 1120 ditis
2118 1067 2337 1120 crimini
2381 1068 2565 1130 datur,
2599 1068 2730 1136 quin
2783 1067 2961 1135 potius
3004 1066 3352 1119 admirationi
3408 1074 3511 1117 est.

1940 1158 2074 1212 Nam
2110 1159 2198 1212 illa
2231 1161 2297 1213 de
2334 1174 2532 1229 genere
2565 1161 2707 1226 quod
2750 1161 2954 1213 sensim
2985 1158 3175 1220 efﬂuit,
3209 1157 3515 1210 successio-

1934 1266 2033 1315 ne;
2069 1252 2181 1304 haec
2228 1252 2479 1321 corporis
2523 1251 2865 1314 inanitatem,
2900 1250 3159 1304 alimento
3205 1247 3414 1317 supplet
3452 1262 3515 1301 ac

1935 1354 2186 1412 reparat;
2240 1344 2425 1414 itaque
2462 1359 2641 1413 neque
2688 1342 2867 1395 divina
2910 1358 3063 1396 meus
3107 1357 3135 1393 a
3178 1356 3275 1394 sua
3316 1340 3517 1394 decidit

1933 1436 2106 1504 ipsius
2138 1435 2422 1503 dignitate,
2459 1449 2638 1503 neque
2675 1449 2901 1503 prorsus
2932 1432 3265 1488 contumelia
3292 1430 3515 1484 divexa-

1934 1536 2043 1589 tur,
2078 1541 2139 1579 ea
2191 1525 2500 1579 concedens
2538 1541 2658 1595 quze
2706 1540 2734 1578 a
2791 1534 2985 1579 natura
3026 1526 3241 1579 decreta
3287 1532 3415 1579 sunt
3462 1532 3515 1577 et

1933 1620 2171 1684 sancita;
2208 1627 2262 1673 et
2302 1633 2522 1688 operam
2559 1617 2870 1682 conferens,
2905 1632 2970 1671 ac
3016 1633 3121 1671 una
3156 1620 3512 1687 suppeditans

1932 1726 1993 1763 ea
2024 1725 2142 1778 qua“:
2176 1720 2305 1765 sunt
2352 1710 2650 1781 praecipua,
2682 1718 2737 1763 et
2781 1710 3015 1764 maxime
3056 1710 3275 1779 corpori
3322 1725 3513 1764 necesc

1910 1803 2103 1867 .saria;
2141 1802 2245 1857 etsi
2279 1804 2344 1857 de
2380 1802 2583 1856 talibus
2612 1802 2726 1855 haec
2752 1813 2935 1856 erecta
2968 1802 3170 1865 fremit,
3207 1803 3517 1870 qoibusque

1936 1893 2262 1949 criminibus
2295 1894 2528 1947 aliorum
2566 1901 2714 1947 taxat
2744 1892 2990 1957 delicias,
3025 1892 3215 1946 iisdem
3252 1892 3366 1961 ipsa
3398 1908 3515 1945 ma-

1936 1985 2018 2053 gis
2057 1984 2323 2041 deliciaus
2350 1986 2670 2040 rcvincitur.
2700 1985 3055 2041 Considerate
3098 1986 3269 2051 enim,
3307 1999 3513 2053 quaeso,

1936 2084 2138 2145 quanta
2166 2077 2364 2146 jactet;
2408 2076 2800 2131 contumeliam
2841 2084 2896 2130 et
2942 2076 3259 2130 servitutem
3291 2074 3513 2144 ignobi-

1936 2170 2199 2225 lissimam
2234 2178 2422 2225 censet
2447 2168 2591 2237 quod
2620 2169 2774 2223 initio
2810 2168 2913 2221 mei
2941 2182 3130 2222 curam
3163 2176 3335 2237 gerat,
3364 2177 3418 2222 et
3447 2168 3513 2222 ad

1937 2262 2222 2316 vivendum
2279 2263 2589 2316 necessuia
2639 2272 2949 2329 comparet;
2991 2278 3056 2315 ac
3099 2261 3516 2315 dissimulanter

1936 2353 2222 2407 cavillatur
2294 2366 2353 2407 se
2418 2352 2895 2422 praastantioribus
2946 2352 3352 2407 adhzcrescendi
3410 2368 3515 2406 non

1934 2460 2056 2500 esse
2080 2454 2408 2514 compotem,
2433 2454 2489 2499 ct
2519 2445 2811 2500 deterioris
2843 2459 3030 2499 curam
3064 2446 3282 2507 habere,
3313 2445 3519 2497 idcirco

1935 2538 2221 2607 cujusdam
2252 2536 2465 2592 ancilla:
2499 2537 2864 2607 opsonatricis
2898 2546 2951 2590 et
2986 2536 3235 2606 pauiticis
3276 2538 3518 2605 speciem

1937 2632 2132 2696 induit,
2164 2647 2285 2701 quae
2310 2631 2512 2699 alioqui
2541 2631 2760 2685 domina
2799 2640 2903 2696 est,
2933 2642 2989 2685 ct
3020 2644 3175 2684 suam
3214 2630 3395 2685 studet
3430 2630 3516 2683 in—

1937 2725 2189 2778 violatam
2232 2723 2552 2777 felicitatem
2593 2738 2944 2777 conservare.

2004 2819 2166 2887 Atqui
2214 2819 2259 2873 si
2315 2818 2429 2872 hac
2487 2818 2627 2887 apud
2684 2818 2821 2872 alios
2868 2817 3122 2871 desidens
3170 2817 3516 2871 sermonibus

1931 2912 2184 2980 jactarct,
2238 2910 2491 2964 fortassis
2538 2909 2623 2963 his
2673 2908 2966 2978 praestigiis
3016 2910 3349 2977 imponeret;
3405 2924 3512 2961 non

1937 3019 2065 3056 vero
2102 3018 2227 3055 cum
2262 3002 2403 3071 apud
2431 3017 2525 3055 vos
2559 3001 2695 3053 nihil
2729 3002 2884 3064 recti,
2926 3001 3058 3053 nihil
3093 3002 3212 3052 sani
3255 3001 3511 3052 dissimu-

1936 3095 2027 3155 let,
2069 3094 2355 3146 manifesto
2390 3091 2643 3145 indecore
2691 3091 2842 3144 facit.
2891 3088 2999 3143 Vos
3048 3091 3247 3143 ctenim
3290 3090 3376 3157 qui
3429 3090 3513 3142 hic

244 3179 613 3241 distribuens,
646 3182 699 3231 et
722 3175 922 3244 cuique
955 3190 1258 3244 cengruunt
1288 3183 1341 3227 ct
1382 3173 1661 3242 proprium
1691 3187 1822 3226 cou-
1855 3208 1899 3265 C

1938 3185 2133 3239 sedetis
2179 3194 2419 3237 tacentes
2446 3226 2458 3248 ,
2496 3184 2979 3251 tergiversationes
3024 3183 3183 3250 hujus
3234 3182 3515 3250 perspicue

243 3275 559 3344 glutinans;
584 3288 647 3325 ac
674 3272 899 3324 multam
929 3271 1159 3339 gratiam
1189 3268 1550 3322 Providentia:
1575 3270 1699 3322 huic
1724 3285 1828 3337 qua

244 3384 349 3421 nos
399 3366 878 3425 administrantur,
914 3363 1202 3424 debemus,
1247 3376 1340 3428 per
1379 3375 1693 3427 quamqua:
1740 3376 1830 3428 pe-

245 3459 391 3529 perit
429 3457 606 3520 initio,
641 3456 831 3508 eadem
865 3463 919 3507 et
953 3458 1004 3506 in
1053 3462 1329 3521 posterum
1370 3452 1637 3505 charitate
1680 3467 1833 3503 com-

249 3553 536 3621 plectitur,
581 3564 682 3602 nec
710 3548 839 3601 sinit
873 3546 1115 3614 disperdi
1146 3545 1536 3613 dissiparique,
1560 3544 1833 3599 alimentis

245 3642 578 3709 excogitatis
607 3654 671 3692 ac
706 3638 933 3707 paratis.

321 3732 390 3785 Et
440 3740 634 3783 natura
680 3729 926 3795 quidem,
976 3737 1032 3778 ut
1081 3726 1287 3779 dictum
1336 3734 1441 3789 est,
1491 3726 1563 3778 ita
1613 3726 1832 3791 format,

249 3822 588 3879 conformat,
618 3824 983 3885 coagmentat.
1015 3814 1165 3868 Mens
1201 3825 1384 3867 autem
1430 3817 1654 3869 rationis
1681 3832 1832 3869 com-

251 3929 376 3981 pos,
415 3919 473 3963 et
524 3924 726 3977 corpus
776 3906 1038 3970 incolens,
1087 3915 1295 3958 natura:
1341 3906 1643 3959 contrarias
1692 3907 1835 3974 leges

248 4006 563 4065 conStituit,
605 4013 664 4055 nt
703 4002 805 4054 alia
854 4001 1122 4067 qttwpiatn
1161 3999 1452 4062 imperiosa
1487 4001 1705 4053 domina
1737 4019 1750 4054 :
1781 4010 1835 4053 et

246 4100 379 4168 quia
441 4095 824 4162 quotidianum
866 4107 1085 4159 semper
1137 4092 1452 4143 alimentum
1507 4106 1714 4160 quaero,
1748 4107 1835 4145 me

246 4191 503 4259 gulosum
540 4195 590 4238 et
641 4182 967 4252 inexplebile
1011 4182 1215 4235 dolium
1265 4199 1278 4235 :
1330 4183 1452 4249 quia
1500 4184 1836 4235 nutrimento

250 4284 425 4343 lictor,
460 4278 806 4331 luxuriosum
846 4284 899 4327 et
942 4274 1326 4342 voluptuosum
1372 4284 1670 4342 nuncupat,
1705 4273 1839 4326 deli-

248 4374 463 4427 ciarum
501 4367 648 4421 enim
682 4366 885 4419 finibus
930 4363 1249 4418 alimentum
1288 4363 1529 4426 metitur,
1581 4363 1723 4428 quod
1772 4364 1838 4417 iis

248 4480 375 4535 qua:
438 4458 783 4514 comedimus
830 4464 886 4511 et
954 4455 1196 4509 bibimus
1244 4464 1437 4507 natura
1496 4454 1835 4509 dulcedinem

1938 3274 2250 3338 rcvincelis,
2306 3274 2399 3341 qui
2458 3273 2757 3326 nobilitatis
2806 3273 3062 3339 imaginis
3102 3272 3268 3333 illius,
3320 3273 3367 3325 si
3418 3273 3512 3341 qui

1937 3365 2025 3417 alii
2085 3366 2278 3418 bonam
2337 3366 2489 3418 vobis
2540 3375 2749 3434 partem
2801 3365 3152 3427 vindicastis,
3198 3375 3251 3418 ct
3308 3368 3515 3433 absque

1938 3455 2446 3521 perturbationibus
2485 3471 2547 3507 ac
2579 3455 2742 3508 Veluti
2784 3454 2916 3507 citra
2954 3455 3193 3508 materia:
3225 3457 3511 3524 contagio-

1941 3562 2060 3600 nem
2094 3548 2145 3599 in
2174 3548 2514 3615 corpusculis
2540 3546 2865 3599 mortalibus
2884 3547 3047 3598 vitam
3076 3547 3298 3617 egistis:
3334 3558 3513 3602 tamen

1940 3649 1992 3692 et
2039 3654 2333 3705 corporum
2384 3656 2447 3691 cx
2516 3650 2667 3708 parte
2713 3654 2898 3692 curam
2943 3640 3162 3707 geritis,
3214 3641 3513 3707 apostolica

1936 3733 2285 3784 aemulatione
2324 3731 2479 3785 vobis
2512 3732 2609 3799 ipsi
2640 3740 3024 3799 comparantes
3049 3742 3101 3785 et
3126 3731 3515 3786 administran-

1939 3834 2018 3876 tes
2049 3822 2274 3887 idonea;
2315 3838 2490 3891 neque
2521 3839 2813 3891 corporum
2845 3825 3006 3877 talem
3032 3825 3370 3879 aversionem
3403 3834 3513 3879 tam

1940 3916 2157 3983 indigne
2205 3916 2428 3977 tulistis,
2468 3932 2628 3983 quam
2676 3916 2983 3969 animorum
3032 3934 3061 3969 a
3111 3926 3253 3969 statu
3304 3918 3514 3971 meliori

1941 4008 2176 4076 lapsum,
2212 4024 2388 4076 neque
2426 4009 2712 4061 verborum
2750 4025 2924 4063 nexus
2971 4019 3025 4063 et
3072 4010 3243 4063 series
3273 4026 3366 4063 vos
3404 4021 3510 4065 tam

1939 4102 2003 4151 ad
2048 4101 2583 4154 commiserationein
2635 4103 2823 4162 trahit,
2870 4118 3033 4171 quatit
3084 4118 3263 4156 aurem
3312 4114 3516 4159 catenae

1947 4191 2207 4244 virtutum
2244 4192 2349 4245 alia
2381 4192 2600 4258 solutio,
2623 4193 2717 4248 sed
2750 4204 2806 4247 ut
2838 4211 2933 4263 per
2963 4196 3143 4248 omnia
3170 4197 3515 4265 justi,juste,

1941 4282 2245 4335 beatissimi
2282 4284 2521 4352 judices,
2556 4294 2611 4338 et
2648 4301 2939 4354 corporum
2982 4288 3108 4354 jura
3144 4288 3327 4341 divino
3374 4305 3511 4358 pra:-

1941 4383 2095 4441 ccpto
2123 4376 2390 4442 persecuti
2424 4378 2580 4441 estis,
2615 4393 2711 4430 nec
2744 4378 2813 4429 ob
2855 4378 2905 4429 id
2942 4394 3037 4431 vos
3069 4380 3367 4435 deteriores
3395 4396 3517 4434 eva-

1943 4466 2079 4518 sisse
2122 4467 2441 4529 censuistis,
2481 4484 2579 4521 nec
2626 4470 2689 4520 ad
2726 4468 3098 4522 conditionem
3133 4486 3429 4539 coquorum
3462 4486 3517 4526 et

244 4552 516 4623 junxerit,
550 4560 607 4603 ut
637 4548 911 4603 suavitate
936 4546 1169 4614 quadam
1204 4546 1269 4597 ad
1309 4546 1515 4613 gratius
1544 4553 1599 4599 et
1628 4546 1836 4601 avidius
1871 4574 1912 4626 ι)
1945 4571 2147 4610 mensa:
2181 4568 2518 4611 structorum
2554 4559 2924 4625 descendisse,
2968 4573 3025 4613 ut
3072 4579 3139 4615 ex
3182 4579 3296 4616 mea
3338 4576 3517 4619 mente

250 4642 669 4714 percipiendum
702 4640 888 4691 cibum
930 4635 1257 4699 alliciamur,
1291 4652 1389 4689 nec
1434 4637 1615 4690 tristes
1654 4638 1835 4704 quoti-

246 4740 433 4792 dianis
466 4732 744 4786 alimentis
779 4730 1115 4783 advehendis
1150 4729 1619 4781 condolescamus.
1654 4728 1833 4782 Novas

249 4830 401 4883 enim
433 4827 606 4894 leges,
652 4837 791 4875 nova
836 4819 1057 4872 nomina
1102 4819 1273 4885 lingit,
1306 4820 1480 4871 aliena
1513 4820 1758 4889 qutedam
1784 4828 1839 4873 et

245 4916 524 4976 absurda,
580 4924 693 4964 tum
761 4911 971 4979 legibus
1030 4907 1299 4972 ferendis,
1354 4919 1464 4962 tum
1531 4911 1840 4965 nominibus

248 5005 602 5077 imponendis
637 5004 960 5064 decernens,
997 5000 1151 5066 quasi
1178 4998 1329 5052 nefas
1358 5000 1448 5062 sit,
1488 5000 1556 5051 ali
1587 5015 1709 5053 cum
1744 5016 1837 5052 vo-

247 5103 482 5167 luptate,
514 5093 662 5163 quod
695 5092 817 5144 talis
849 5089 1027 5159 τροφὴ
1074 5091 1275 5159 τρυφή,
1307 5090 1357 5142 id
1397 5100 1479 5143 est
1522 5092 1840 5143 alimentum

248 5193 469 5246 delicia:
499 5189 629 5240 sint.
659 5184 771 5253 Ego
804 5197 932 5236 vero
968 5183 1112 5249 quod
1145 5191 1334 5234 natura
1365 5192 1680 5251 naturaeque
1706 5183 1837 5251 legi-

256 5289 360 5338 bus
400 5282 699 5351 gubernor,
733 5285 789 5327 ut.
836 5276 950 5327 alar
984 5274 1115 5327 mihi
1155 5274 1335 5335 licere,
1362 5290 1427 5325 cx
1460 5275 1609 5326 omni
1652 5290 1838 5328 neces.

256 5380 423 5433 sitate
458 5367 928 5437 consequentibus
968 5376 1021 5419 et
1064 5365 1231 5419 animi
1272 5366 1541 5419 hilaritate
1585 5375 1639 5419 et
1692 5366 1837 5418 κοίη-

250 5478 422 5541 ριιω,
454 5478 653 5518 censeo
677 5480 691 5515 :
725 5476 825 5514 nec
853 5459 1063 5513 delicia:
1086 5458 1451 5512 criminabiles
1477 5474 1552 5512 eae
1571 5470 1718 5520 sunt,
1744 5459 1835 5512 sed

248 5563 484 5613 charum
534 5553 856 5605 alimentum
890 5559 945 5603 et
986 5558 1193 5603 natura:
1226 5565 1554 5618 congruens.
1590 5550 1745 5615 Quod
1789 5554 1832 5604 si

247 5666 374 5719 quis
427 5659 730 5716 oppressus
783 5658 1041 5703 matrore,
1087 5642 1170 5693 vel
1231 5658 1367 5709 pane
1416 5643 1557 5695 vesci
1612 5660 1835 5710 prorsus

244 5740 453 5794 oblitus
483 5734 665 5796 fuerit,
704 5734 783 5785 vel
812 5734 1053 5785 cinerem
1089 5740 1344 5800 tanquam
1374 5748 1563 5799 panem
1590 5736 1835 5788 comede-

242 5848 340 5899 ιιι,
381 5841 438 5885 et
478 5838 667 5897 potum
713 5843 833 5879 cum
872 5826 999 5879 fletu
1050 5823 1345 5889 miscuerit,
1380 5826 1483 5878 alia
1539 5826 1674 5878 ratio
1724 5828 1835 5881 lucc

1942 4662 2086 4699 nunc
2110 4647 2357 4701 audistis.
2396 4648 2606 4699 Etenim
2638 4649 2916 4716 equidem,
2945 4650 3104 4703 amici
3150 4650 3241 4705 Dei
3276 4652 3511 4719 judices,

1939 4752 2119 4805 neque
2152 4740 2438 4807 conspicio
2482 4756 2728 4805 quaenam
2766 4758 2827 4793 ex
2864 4743 2971 4795 mei
3013 4758 3143 4796 cura
3180 4744 3344 4797 menti
3381 4758 3513 4798 cen-

1942 4828 2179 4882 tumelim
2214 4841 2345 4883 nota
2378 4832 2645 4883 inuratur.
2674 4834 2753 4884 An
2785 4848 2911 4889 vero
2941 4836 3069 4887 hera
3109 4850 3309 4889 curans
3342 4838 3513 4890 ancil-

1941 4920 2044 4981 las,
2077 4919 2179 4973 hac
2214 4921 2424 4972 ratione
2456 4920 2620 4973 fuerit
2666 4923 3066 4989 igneiuiniosa?
3107 4938 3200 4977 aut
3240 4927 3515 4995 guberna-

1942 5014 2026 5060 tor
2070 5024 2259 5063 navem
2296 5012 2596 5064 onerariam
2642 5012 2940 5076 instruens,
2977 5030 3043 5067 ex
3094 5016 3195 5069 hoc
3242 5019 3514 5085 periculo-

1940 5100 2057 5155 sius
2087 5102 2395 5170 navigabit;
2434 5114 2527 5155 aut
2563 5104 2717 5155 miles
2745 5119 2897 5157 arma
2936 5108 3201 5161 recudens
3236 5118 3291 5161 et
3326 5125 3516 5177 repur'

1940 5208 2077 5263 gaus
2126 5208 2189 5246 ac
2254 5194 2570 5247 bellatorem
2631 5196 2778 5248 alens
2826 5212 3051 5264 equum,
3097 5200 3381 5266 imperitia:
3435 5204 3510 5256 rei

1943 5286 2194 5338 militaris
2232 5286 2437 5339 idcirco
2466 5287 2837 5351 damnabitur,
2881 5300 2971 5342 aut
3015 5291 3155 5342 inter
3193 5292 3388 5346 milites
3419 5297 3512 5347 de-

1942 5390 2177 5431 sertores
2225 5378 2673 5430 enumerabieur?
2708 5380 2846 5443 Quid
2900 5395 3004 5431 non
3042 5382 3105 5433 ad
3147 5383 3246 5434 hos
3288 5386 3512 5451 respicis

1939 5468 2032 5535 qui
2074 5469 2126 5521 in
2160 5472 2485 5538 corporibus
2524 5472 2643 5524 sine
2682 5474 2926 5540 corporis
2970 5474 3297 5541 contagione
3344 5477 3509 5529 vitam

1941 5559 2236 5625 duxerunt,
2276 5572 2329 5615 et
2393 5577 2621 5630 corpora
2667 5580 2775 5617 non
2836 5565 3088 5628 oderunt,
3144 5565 3272 5631 quin
3327 5568 3511 5634 potius

1941 5665 2267 5706 accurarunt
2291 5666 2555 5723 quantum
2586 5658 2847 5725 oportuit,
2874 5673 2905 5708 o
2938 5656 3137 5711 frustra
3162 5675 3356 5726 corpus
3377 5674 3509 5711 exo-

1941 5756 2020 5804 sa,
2056 5746 2527 5813 contentionisque
2561 5762 2710 5799 vana:
2751 5762 2814 5800 ac
2856 5748 3070 5803 inutilis
3097 5748 3323 5802 amans?
3365 5749 3511 5811 Quid

1943 5848 2049 5886 non
2085 5836 2262 5905 magni
2314 5837 2452 5890 illius
2488 5841 2789 5892 recordaris
2825 5841 3085 5909 Aposloli,
3127 5857 3214 5909 qut
3252 5842 3303 5892 in
3352 5854 3513 5908 per»
