4274 6452
687 388 796 454 m
829 347 832 357 .

1921 389 2304 452 GREGORII
2342 392 2433 452 PA
2445 389 2666 452 LAKE

3827 379 3962 454 93οῖ

691 503 873 556 uisum
902 513 1076 569 usque
1098 498 1168 554 ad
1197 499 1420 555 tertium
1443 500 1644 555 emtum
1674 508 1869 571 raptus
1890 512 2000 567 est,
2017 509 2072 555 et
2095 501 2262 556 verba
2289 501 2340 560 Α
2363 501 2432 555 lis
2459 510 2514 556 es
2545 501 2787 571 prudens
2811 499 3136 554 administra
3171 499 3409 559 familiae.
3436 509 3495 561 ut
3523 499 3620 554 des
3657 512 3838 553 escam
3875 499 3931 557 in
3968 553 3971 555 _

687 606 812 662 qua
841 605 953 647 non
988 591 1118 646 licet
1150 590 1334 660 eloqui
1382 589 1699 646 hominibus
1728 591 1965 656 audivit;
1992 601 2049 646 et
2073 600 2258 646 tamen

689 696 864 751 usque
895 681 1083 736 denuo
1105 695 1457 750 progressus,
1487 682 1838 736 contumelia
1867 682 1993 737 loco
2019 695 2133 736 non
2164 695 2261 750 pu-

685 765 842 837 tavit,
867 774 982 830 suis
1029 773 1203 843 ipsius
1251 772 1507 828 manibus
1537 772 1845 830 coriaceam
1888 782 2065 829 artem
2106 787 2263 828 eaer-

683 879 832 928 cere,
861 873 919 918 et
947 863 1070 919 suis
1098 878 1163 918 ac
1196 864 1473 918 sociorum
1505 864 1926 920 necessitatibus
1955 864 2260 921 inservien-

683 956 758 1010 do
823 955 1138 1012 subvenire.
1197 956 1460 1013 Oratione
1530 959 2016 1030 supergrediamur
2077 959 2259 1029 ipsum

682 1045 940 1113 Paulum,
970 1057 1025 1101 et
1057 1048 1178 1118 eius
1207 1048 1431 1103 tertium
1463 1049 1696 1114 calum;
1725 1065 1856 1104 num
1893 1049 2039 1105 Deus
2067 1049 2125 1104 in
2156 1063 2262 1104 suo

683 1146 831 1192 statu
858 1153 1074 1208 semper
1097 1139 1412 1195 consistens
1440 1140 1506 1193 ad
1532 1154 1653 1196 sese
1678 1140 1998 1206 reﬂectitur,
2016 1150 2073 1196 et
2092 1155 2258 1210 supra

684 1227 826 1282 hanc
850 1228 1266 1284 universitatem
1298 1239 1519 1287 erectus
1549 1232 1742 1286 sedet?
1775 1230 2052 1287 Utrumne
2073 1246 2258 1286 rerum

681 1331 806 1385 qna:
851 1327 975 1388 post
1023 1334 1150 1374 eum
1179 1319 1466 1390 subiacent
1516 1322 1666 1378 nulla
1713 1337 1866 1389 cura,
1896 1323 2045 1379 nulla
2075 1323 2261 1393 provi-

682 1408 867 1463 dentia
920 1410 1181 1480 tangitur,
1227 1426 1408 1481 neque
1454 1413 1620 1468 etiam
1684 1415 2026 1470 inﬁrmarum
2073 1429 2257 1470 rerum

683 1511 990 1556 nostrarum
1017 1501 1460 1572 procurationem
1485 1505 1696 1561 habet?
1722 1520 1792 1560 an
1825 1521 1964 1562 vero
1990 1519 2258 1562 accuratis

681 1593 1052 1663 providenter,
1086 1595 1154 1650 de
1180 1611 1282 1650 sua
1321 1596 1493 1666 ipsius
1519 1598 1591 1652 ob
1620 1597 1674 1651 id
1714 1597 1978 1665 dignitate
2007 1604 2063 1652 et
2086 1595 2255 1665 gloria

683 1686 977 1756 quidquam
1033 1687 1248 1756 mittit]
1291 1688 1546 1756 Quonam
1599 1691 1767 1760 igitur
1820 1691 1985 1746 modo
2037 1687 2254 1758 corpori

681 1777 968 1846 coniugata
995 1792 1148 1832 mens
1171 1793 1356 1834 curam
1382 1781 1659 1850 congeniti
1681 1781 1950 1852 corporis,
1973 1781 2250 1852 indignum

680 1880 743 1920 se
776 1867 1017 1922 studium
1049 1877 1290 1937 reputat,
1315 1879 1374 1924 et
1413 1872 1558 1926 hanc
1586 1871 1756 1926 rebus
1780 1873 2036 1928 secundis
2073 1871 2256 1942 provi-

683 1959 898 2015 dentem
927 1961 1204 2016 solertiam
1231 1963 1502 2033 repudiat,
1532 1978 1696 2032 supra
1727 1978 1828 2020 vos
1853 1964 2086 2020 elerens
2109 1977 2253 2028 sese,

682 2058 917 2119 quorum
961 2042 1264 2108 etiamnum
1311 2056 1460 2110 humi
1506 2058 1868 2128 gradientium
1911 2057 2258 2114 conversatio

684 2145 743 2196 in
786 2144 942 2199 caelis
980 2144 1104 2199 est?
1137 2161 1300 2215 supra
1343 2147 1457 2215 iam
1501 2148 1699 2203 celum
1735 2149 2058 2218 corporibus
2088 2162 2257 2219 appe-

682 2244 863 2289 tentes
905 2237 1227 2306 apostolos:
1261 2253 1433 2307 supra
1469 2240 1733 2296 bonitatis
1763 2241 1940 2310 ipsius
1979 2240 2254 2310 exemplar

681 2325 834 2389 illud,
865 2327 1012 2394 quod
1049 2328 1201 2383 omni
1244 2329 1399 2384 carni
1441 2330 1673 2401 largitur
1708 2332 2070 2394 aliaientum:
2099 2331 2258 2400 cuius

681 2430 749 2470 ex
775 2417 1134 2474 similitudine
1168 2420 1510 2478 nobilitatem
1552 2423 1840 2493 magniﬁce
1866 2425 2104 2493 iactans,
2144 2438 2254 2478 non

680 2507 1040 2568 similitclad'
1064 2510 1384 2567 inferiorum
1407 2513 1671 2584 dignitate
1697 2517 2091 2584 providentiam
2118 2530 2255 2570 con-

681 2602 1025 2668 vertitur;et
1052 2615 1235 2660 tamen
1261 2620 1538 2664 summum
1568 2607 1699 2661 illud
1733 2608 1934 2665 bonum
1965 2608 2254 2679 plusquam

681 2692 905 2761 plenum
937 2703 991 2746 et
1043 2695 1249 2750 nullius
1286 2698 1514 2751 omnino
1553 2698 1830 2768 indigens,
1875 2700 2080 2755 nullius
2117 2716 2257 2768 opus

681 2793 911 2850 nsquam
960 2782 1127 2839 habet
1160 2800 1351 2844 eorum
1404 2787 1608 2856 quibus
1639 2789 1927 2858 providet:
1970 2789 2083 2845 haec
2127 2803 2256 2844 vero

681 2871 1058 2943 dpenumero
1084 2891 1172 2930 me
1212 2887 1267 2930 et
1311 2890 1369 2933 ut
1405 2879 1770 2936 instrumento
1810 2879 2063 2935 famulari
2110 2891 2252 2951 eget,

683 2973 741 3017 et
771 2973 829 3016 ut
864 2964 1157 3034 adjumnte
1203 2981 1370 3022 causa
1411 2984 1477 3023 ac
1518 2970 1875 3035 adminiculo,
1907 2981 1961 3025 et
2003 2987 2114 3041 quo
2157 2970 2257 3026 ab.

682 3066 834 3108 sente
867 3057 1002 3109 nihil
1031 3073 1352 3126 generosum
1394 3061 1665 3128 inprimis
1697 3061 1960 3131 perﬁciet.

895 3148 1150 3205 fortassis
1193 3150 1260 3204 ab
1300 3152 1384 3204 bis
1415 3152 1716 3207 rationibus
1753 3168 2022 3221 repressa,
2051 3168 2112 3208 se
2142 3169 2252 3210 non
2281 3190 2325 3250 ο

682 3237 940 3305 iniuriam
968 3239 1114 3293 dicet
1158 3255 1225 3294 ex
1261 3243 1700 3297 necessariarum
1737 3243 1873 3297 mihi
1907 3259 2091 3298 rerum
2123 3260 2258 3312 διψ-Δ

680 3328 1012 3396 peditatione
1037 3345 1279 3399 passam,
1315 3333 1410 3386 sed
1449 3335 1595 3403 quod
1626 3334 1786 3404 longe
1819 3349 1980 3404 supra
2011 3337 2254 3390 necessi-

677 3427 849 3474 tatem
878 3432 930 3475 et
957 3437 1115 3476 usum
1147 3425 1344 3491 partim
1379 3424 1674 3478 insatiabili
1704 3426 2020 3494 cupiditate,
2056 3429 2251 3494 partim

679 3512 975 3579 voluptatis
1013 3513 1266 3569 aviditate
1298 3530 1672 3585 progressum,
1710 3519 1848 3571 hanc
1881 3533 2095 3572 mecum
2126 3536 2253 3573 cor-

680 3606 899 3673 ripiam,
925 3616 978 3658 et
1004 3606 1229 3660 invitam
1259 3607 1627 3676 praecipitem;
1655 3609 1759 3663 hoc
1787 3610 1936 3664 enim
1965 3610 2078 3665 fere
2109 3613 2256 3666 dice-

680 3697 792 3758 bat,
824 3698 1046 3765 quando
1077 3713 1136 3752 se
1168 3698 1536 3767 voluptatibus
1568 3701 1822 3755 absurdis
1854 3703 2174 3772 mancipari,
2201 3711 2254 3756 et

680 3787 818 3841 meis
839 3787 1014 3857 decipi
1041 3789 1334 3859 praestigiis
1360 3792 1730 3846 asseverabat.
1761 3791 1818 3845 ld
1853 3807 1983 3847 vero
2013 3793 2254 3848 refutare

677 3893 897 3946 quoque
952 3878 1109 3933 facile
1155 3890 1262 3944 est,
1300 3896 1364 3936 ac
1407 3882 1604 3937 docere
1651 3883 1902 3938 audaxne
1951 3873 2164 3940 facinus
2201 3894 2255 3940 et

677 3971 1027 4025 temerarium
1076 3973 1168 4037 sit,
1223 3972 1297 4027 ita
1343 3973 1462 4028 sive
1512 3973 1682 4039 fastu,
1727 3976 1842 4030 sive
1883 3976 2252 4032 contendendi

678 4064 865 4118 studio
907 4064 1308 4130 incitatam,ea
1359 4067 1432 4119 in-
1457 4082 1544 4121 me
1590 4081 1853 4122 accusare
1905 4083 1966 4124 se
2019 4069 2254 4138 nescire,

676 4171 906 4224 quorum
935 4156 1050 4224 ipsa
1083 4172 1176 4211 rea
1206 4158 1300 4224 sit,
1322 4173 1446 4212 cum
1471 4159 1804 4229 oportuisset
1827 4160 2069 4231 integere
2097 4160 2210 4216 hac
2234 4179 2248 4214 :

677 4247 770 4300 sed
793 4247 1091 4303 infaustum
1118 4250 1255 4303 nihil
1276 4251 1477 4316 dicam,
1497 4252 1857 4308 admiratione
1879 4264 2004 4308 Vero
2025 4254 2250 4322 dignum

675 4349 776 4395 est.
801 4341 894 4409 qui
936 4341 1027 4394 ﬁat
1060 4355 1119 4395 ut
1160 4343 1264 4397 sibi
1303 4345 1581 4398 contraria
1616 4334 1872 4415 loquatur
1905 4345 2247 4415 imprudens.

674 4430 946 4502 Numquid
983 4450 1089 4487 non
1129 4449 1350 4488 sursum
1374 4436 1632 4491 deorsum
1667 4452 1893 4492 versans
1923 4439 2250 4504 orationem,

2365 591 2649 660 tempore?
2667 589 2773 658 Qui
2804 593 2866 646 ﬁt
2895 591 3058 662 igitur
3085 599 3143 645 ut
3168 606 3276 644 non
3297 590 3527 644 liileliter
3551 597 3610 644 et
3638 590 3936 658 prudenter

2359 685 2698 753 assignatum
2737 696 2936 738 munus
2965 681 3340 742 administres.
3375 680 3576 749 desque
3607 690 3853 747 tempore
3880 685 3939 731 et

2361 776 2525 831 mede
2550 774 2758 837 cibum,
2789 784 2844 829 et
2869 782 2929 829 It
2959 773 3133 828 ﬁdelis
3166 773 3417 841 increpes
3448 770 3688 834 inﬁdele,
3720 781 3778 824 ut
3805 784 3936 837 prn-

2359 866 2496 922 dens
2545 866 2779 936 castiges
2823 876 2881 920 et
2928 865 3192 920 emendes
3222 863 3559 932 imprudens,
3603 868 3658 914 et
3706 859 3937 914 omnino

2361 965 2684 1029 potestatem
2719 958 2774 1012 in
2807 956 2908 1011 tibi
2949 955 3153 1012 credita
3185 952 3664 1014 administratione
3705 951 3933 1006 liberam

2359 1063 2638 1110 eaereeas.
2670 1057 2724 1102 et
2770 1061 2934 1103 ornes
2975 1045 3220 1116 optime?
3255 1044 3325 1099 At
3356 1055 3407 1100 te
3436 1044 3636 1113 corripi
3672 1043 3932 1097 violentia

2361 1140 2461 1196 tibi
2508 1139 2714 1196 subditi
2766 1139 2926 1204 diris,
2961 1139 3121 1196 et'ad
3167 1138 3390 1193 easdem
3444 1136 3511 1192 ad
3564 1149 3704 1206 quas
3754 1134 3936 1202 ipsum

2363 1233 2600 1303 ineptias
2631 1241 2683 1287 te
2715 1243 3086 1288 transversam
3119 1231 3230 1299 agi.
3256 1227 3558 1283 Talibusne
3585 1226 3939 1298 praetextibus

2360 1339 2557 1380 censes
2587 1333 2662 1387 te,
2695 1339 2859 1395 quam
2893 1324 3035 1378 male
3079 1336 3240 1377 suum
3271 1335 3475 1376 munus
3503 1319 3728 1375 obeunti
3756 1319 3937 1373 mina-

2359 1421 2448 1467 tus
2489 1425 2573 1468 est
2606 1413 2737 1478 ille,
2769 1413 3136 1470 membrorum
3177 1411 3540 1472 divulsionem
3608 1409 3940 1464 evasuram?

2355 1505 2522 1573 Atqui
2572 1504 2698 1560 talis
2737 1504 2921 1571 opinio
2944 1519 3081 1558 vana
3112 1511 3278 1559 estet
3311 1501 3535 1566 inanis;
3570 1515 3599 1555 a
3623 1498 3936 1569 principatu

2357 1596 2502 1651 enim
2539 1597 2693 1652 omni
2736 1610 2924 1651 eorum
2958 1610 3081 1665 qua:
3113 1594 3320 1655 subditi
3347 1603 3574 1665 peccant
3591 1592 3934 1664 manassi-

2357 1697 2560 1757 guntur
2591 1687 2748 1742 :sive
2806 1687 3212 1758 imperatorem,
3248 1689 3364 1743 sive
3398 1687 3774 1757 paedagogum,
3820 1685 3938 1738 sive

2358 1779 2808 1845 parentem,.sire
2839 1778 3117 1834 doctorem
3158 1777 3336 1840 dicas,
3373 1776 3476 1832 etsi
3515 1775 3719 1844 aIiOQui
3766 1773 3926 1844 probi

2359 1871 2488 1935 sint,
2520 1870 2838 1925 earumdem
2879 1868 3171 1922 criminum
3218 1868 3294 1922 rei
3333 1879 3483 1931 sunt,
3521 1877 3581 1920 ut
3613 1868 3661 1920 si
3712 1867 3796 1919 vel
3834 1866 3941 1919 im-

2358 1967 2576 2026 perator
2618 1972 2742 2012 cum
2793 1957 3035 2012 exercitu
3082 1957 3301 2012 deserat
3332 1957 3527 2022 aciem,
3557 1965 3650 2010 aut
3677 1956 3938 2024 padago-

2357 2062 2458 2116 gus
2489 2062 2613 2103 cum
2646 2063 2818 2117 puero
2862 2048 3122 2113 colludat,
3149 2058 3245 2103 aut
3277 2058 3431 2118 pater
3471 2062 3594 2102 cum
3626 2046 3736 2103 lilio
3769 2047 3937 2103 lasci-

2357 2140 2488 2205 viat,
2535 2149 2628 2196 ant
2682 2156 2806 2200 cum
2851 2141 3124 2210 discipulo
3172 2142 3432 2210 magister
3480 2140 3688 2196 inertiae
3727 2149 3784 2200 et
3822 2140 3938 2199 otio

2357 2231 2652 2301 indulgeat,
2684 2231 2888 2302 duplici
2928 2246 3109 2302 paena,
3153 2247 3372 2298 censeo,
3410 2232 3605 2288 horum
3637 2232 3940 2301 unusquis-

2357 2340 2464 2395 que
2489 2326 2780 2394 punietur:
2811 2324 3001 2389 altera,
3031 2324 3176 2393 quod
3202 2324 3511 2379 clanculum
3534 2302 3658 2378 eum
3684 2338 3934 2378 corrum-

2356 2426 2465 2486 pat,
2504 2432 2666 2486 quem
2705 2417 2890 2486 potius
2930 2430 2990 2471 se
3033 2416 3310 2477 meliorem
3345 2416 3682 2471 redditurum
3710 2415 3937 2485 pollice-

2357 2509 2549 2575 batur;
2595 2508 2769 2562 altera
2817 2507 2961 2577 quod
3006 2509 3322 2563 earumdem
3381 2523 3508 2564 reus
3553 2519 3786 2577 quorum
3841 2507 3936 2563 ille

2356 2598 2840 2669 deprehendatur;
2889 2610 2950 2654 ut
2992 2602 3114 2657 vice
3163 2609 3324 2656 versa
3351 2601 3552 2670 duplici
3599 2601 3752 2656 venia
3781 2601 3935 2670 digni

2356 2692 2558 2746 subditi
2592 2693 2804 2746 censeri
2853 2693 3052 2746 debent
3098 2694 3240 2762 apud
3280 2708 3375 2749 eos
3418 2695 3509 2762 qui
3552 2693 3673 2762 plus
3714 2708 3936 2751 summo

2353 2782 2475 2852 iure
2514 2793 2676 2850 quam
2709 2782 3006 2837 clementer
3047 2798 3161 2837 rem
3195 2783 3536 2852 diiudicant;
3573 2783 3743 2839 altera
3798 2799 3934 2852 pro-

2357 2880 2476 2940 pter
2515 2886 2705 2933 eorum
2740 2882 2993 2930 naturam
3023 2887 3143 2942 qua
3169 2888 3386 2943 semper
3422 2875 3619 2932 ducem
3644 2887 3699 2928 et
3732 2875 3798 2929 ad
3830 2874 3934 2927 ho-

2355 2975 2622 3021 neSIatem
2651 2977 3059 3037 promoventcm
3081 2967 3338 3036 requirit;
3385 2966 3553 3024 altera
3595 2967 3742 3036 quod
3765 2981 3933 3035 quem

2359 3058 2424 3111 ad
2482 3059 2689 3113 bonum
2747 3058 3061 3129 praefectum
3117 3070 3429 3127 acceperat,
3484 3060 3538 3116 in
3590 3061 3932 3113 contrarium

2357 3153 2744 3225 depravantem
2793 3165 2846 3209 et
2901 3163 3288 3224 provocantem
3342 3154 3570 3208 invenit.
3617 3153 3759 3206 Nihil
3800 3167 3934 3208 vero

2362 3255 2473 3302 tam
2514 3246 2582 3300 ad
2619 3249 2872 3301 virtutem
2918 3256 2973 3300 et
3021 3247 3210 3300 vitium
3260 3246 3452 3306 allicit,
3483 3261 3645 3315 quam
3673 3245 3934 3316 princeps

2357 3352 2420 3390 ea
2451 3336 2656 3392 faciens
2680 3353 2802 3406 quae
2827 3338 2890 3390 ad
2916 3338 3240 3392 alterutrum
3268 3339 3647 3404 exhortantur,
3672 3349 3725 3393 et
3747 3355 3932 3395 exem-

2358 3427 2450 3497 plo
2469 3440 2569 3483 suo
2589 3429 2655 3482 ad
2685 3431 2883 3483 similia
2906 3433 3269 3499 perpetranda
3294 3432 3553 3493 trahens;
3576 3433 3955 3501 quemadmov

2356 3518 2486 3572 dum
2520 3526 2572 3572 et
2603 3522 2766 3574 chara
2799 3521 2931 3578 mihi
2976 3535 3129 3576 utens
3167 3521 3410 3590 duplices
3438 3524 3590 3577 dabit
3629 3536 3843 3591 pultas,
3871 3535 3933 3581 ut

2356 3623 2476 3678 qua
2503 3625 2680 3681 neque
2709 3613 2852 3679 quod
2884 3613 2937 3665 in
2975 3613 3192 3666 homine
3225 3613 3387 3666 fuerit
3413 3614 3778 3671 inordinatum
3805 3631 3932 3672 cor-

2357 3703 2517 3769 rexit,
2554 3718 2786 3772 qumque
2813 3695 3079 3759 collatata
3109 3703 3292 3769 fuerit,
3333 3714 3385 3760 et
3420 3708 3708 3777 voluptatis
3741 3708 3926 3769 illaes-

2356 3795 2483 3850 bras
2527 3795 2693 3853 simul
2717 3797 2986 3852 excitarit.
3017 3796 3071 3856 Si
3102 3811 3232 3851 vero
3251 3797 3521 3852 suﬂocant
3545 3814 3722 3869 aquae.
3753 3802 3929 3867 aiunt,

2355 3887 2486 3957 quid
2520 3901 2657 3957 opus
2691 3898 2773 3942 est
2799 3885 3090 3954 adhibere?
3123 3889 3252 3943 Mihi
3277 3900 3458 3944 autem
3493 3892 3743 3950 fortassis
3770 3896 3932 3953 venia

2355 3978 2625 4048 quispiam
2673 3963 2910 4044 dabitur,
2943 3980 3088 4047 quod
3133 3980 3317 4034 heram
3348 3996 3676 4052 consequar.
3706 4001 3830 4052 quae
3873 3997 3934 4042 ut

2356 4070 2460 4124 ista
2499 4069 2814 4140 delinquant
2875 4085 2963 4124 me
3013 4072 3224 4126 doceat.
3283 4072 3470 4139 Qualis
3528 4075 3695 4139 enim,
3751 4079 3932 4145 aiunt,

2357 4162 2512 4227 hera,
2549 4161 2675 4216 talis
2704 4171 2759 4217 et
2801 4162 2976 4216 canis.
3012 4159 3079 4216 Ut
3113 4173 3293 4218 autem
3337 4165 3540 4221 clarius
3582 4166 3935 4224 demonstra-

2355 4262 2469 4311 tum
2503 4254 2597 4320 sit,
2629 4253 2773 4323 quod
2798 4269 2829 4308 a
2861 4269 2948 4308 me
2975 4269 3085 4308 non
3119 4255 3233 4324 ipsa
3265 4257 3591 4326 corripiatur
3619 4257 3684 4325 ad
3723 4261 3934 4329 turpis-

2355 4347 2494 4402 sima
2525 4362 2772 4418 qumque,
2794 4348 2889 4403 sed
2907 4347 3021 4416 ipsa
3043 4348 3216 4418 magis
3236 4347 3303 4403 ad
3329 4348 3634 4418 voluptates
3665 4351 3932 4421 abripiat,

2357 4453 2553 4508 meque
2597 4453 2785 4494 secum
2818 4439 3119 4508 pertrabat,
3174 4453 3262 4496 nis
3317 4454 3507 4509 quaeso
3533 4442 3800 4510 patienter
3828 4459 3934 4498 au-

673 4526 878 4580 Christi
913 4527 1101 4582 famuli
1128 4527 1368 4598 iudices,
1403 4531 1720 4598 primariam
1751 4531 2068 4600 dignitatem
2107 4547 2247 4600 pra-
2273 4521 2329 4582 D
2356 4528 2541 4592 diatis.
2567 4530 2638 4584 ab
2670 4531 2938 4584 orationis
2973 4545 3139 4586 cursu
3172 4531 3393 4600 paulum
3425 4533 3847 4601 digredientem,
3880 4547 3939 4593 et

673 4617 950 4682 tendebat,
979 4621 1120 4686 quod
1159 4621 1336 4691 imago
1378 4622 1564 4676 divina
1613 4632 1780 4692 atque
1825 4623 1994 4677 totius
2036 4624 2252 4679 ratione

684 4710 922 4767 carentis
952 4721 1161 4766 naturae
1204 4715 1386 4782 regina
1415 4723 1583 4782 esset,
1615 4729 1685 4769 ac
1723 4730 1808 4769 me
1861 4714 2150 4780 famulum,
2193 4729 2253 4770 se

690 4803 964 4856 dominam
994 4804 1375 4872 nuncupabat?
1410 4803 1658 4872 Quartam
1707 4807 1874 4875 igitur
1906 4807 2067 4862 modo
2091 4809 2252 4861 dere-

682 4903 840 4966 pente
871 4895 1013 4949 facta
1051 4896 1376 4962 mutatione,
1403 4913 1622 4952 sursum
1651 4915 1843 4954 versus
1871 4899 2095 4955 ﬂumina
2128 4915 2254 4969 pro-

675 4987 875 5039 cedunt
937 4985 1139 5050 fontes,
1194 5001 1257 5041 ac
1311 4987 1599 5042 ostendere
1662 4997 1890 5043 conatur
1948 5004 2036 5044 me
2083 4989 2251 5048 veluti

675 5077 876 5132 dueere
904 5092 967 5132 ac
1011 5077 1422 5134 circumducere
1471 5078 1842 5148 imperiosius,
1885 5094 1946 5134 se
1976 5088 2159 5138 autem
2195 5089 2259 5140 ut

676 5169 1010 5238 mancipium
1046 5169 1149 5238 ag'L
1180 5167 1449 5239 ferrique!
1486 5182 1539 5224 et
1571 5171 1833 5240 quidquid
1855 5171 2102 5228 criminis
2135 5188 2252 5234 am-

676 5259 855 5314 bobus
893 5258 1246 5328 delinquitur,
1275 5260 1328 5314 id
1369 5259 1436 5313 ad
1474 5275 1559 5313 me
1588 5269 1647 5314 ut
1691 5273 1971 5316 auctorem
2017 5263 2250 5332 primum

677 5351 894 5420 reiicit?
935 5349 1090 5416 Quod
1133 5350 1178 5404 si
1214 5352 1331 5420 ipsa
1376 5350 1627 5420 imperat,
1674 5366 1772 5421 ego
1818 5367 2003 5422 pareo,
2033 5361 2256 5422 quanta

675 5441 1026 5512 impudentiae
1065 5453 1149 5497 est
1193 5443 1351 5496 alteri
1381 5444 1466 5496 sui
1515 5442 1700 5496 delicti
1731 5453 1786 5497 et
1826 5444 2032 5510 peccati
2066 5454 2253 5497 natam

675 5536 933 5610 inurere?
972 5536 1205 5602 Roganti
1238 5536 1382 5589 enim
1415 5535 1545 5588 mihi
1579 5534 1869 5602 responde,
1891 5549 1924 5588 ο
1957 5536 2253 5604 reprehen-

673 5629 835 5686 dendi
859 5635 914 5681 et
947 5627 1239 5696 accusandi
1269 5626 1496 5680 libidine
1521 5626 1778 5697 ﬂagrans,
1807 5636 1938 5682 tunc
1969 5642 1998 5680 a
2029 5626 2256 5681 domino

675 5720 971 5776 constituta
995 5734 1057 5775 es
1085 5733 1208 5788 qua:
1249 5732 1517 5772 conservo
1554 5725 1802 5772 mutuum
1840 5727 2067 5787 praestes
2096 5718 2255 5773 obse-

2357 4621 2426 4676 ad
2462 4621 2852 4692 tragmdiarum
2891 4621 3139 4677 omnium
3166 4638 3419 4689 .causam,
3459 4638 3620 4693 quam
3655 4627 3939 4693 explicare

2354 4728 2512 4770 mens
2545 4713 2838 4779 erubescit,
2863 4725 3258 4773 recurrentem.

2424 4802 2544 4860 Non
2579 4804 2873 4870 sinceram,
2909 4805 3010 4858 viri
3036 4805 3272 4875 iudices,
3305 4807 3696 4878 intelligentem
3732 4812 3933 4876 vitam,

2354 4909 2408 4954 et
2437 4912 2469 4954 a
2506 4911 2773 4966 corporeo
2801 4912 2967 4954 sensu
2999 4897 3300 4971 ablegatam
3338 4909 3525 4954 noster
3553 4902 3772 4958 animus
3806 4919 3936 4959 sor-

2355 4987 2488 5043 titus
2518 4999 2622 5051 est,
2657 4988 2752 5044 sed
2793 4989 3009 5057 utrique
3035 4990 3160 5044 vita:
3187 4991 3235 5044 ei
3268 4990 3526 5060 subjecta:
3550 4993 3774 5057 insidet,
3814 5005 3934 5052 tum

2356 5080 2658 5150 plantaria,
2700 5090 2813 5136 tum
2846 5081 3027 5148 vitali,
3068 5096 3097 5136 a
3143 5083 3345 5153 quibus
3375 5084 3696 5140 constitutio
3737 5099 3936 5144 nostra

2354 5185 2622 5242 corporea
2669 5172 2967 5240 gubernata
3018 5181 3395 5229 cotiservatur.
3450 5173 3583 5228 Nam
3632 5175 3826 5231 dolore
3878 5189 3938 5234 et

2355 5262 2627 5330 voluptats
2680 5262 2839 5330 quasi
2882 5262 3252 5330 gubernaculo
3303 5270 3696 5331 temperamur;
3739 5264 3943 5322 dolore

2355 5363 2478 5406 cum
2528 5350 2789 5412 inanitate
2821 5351 3158 5416 laboramus,
3191 5360 3287 5407 aut
3318 5351 3474 5420 aliter
3506 5353 3794 5421 angimur;
3834 5369 3938 5410 vo-

2357 5441 2584 5508 luptate,
2613 5455 2737 5493 cum
2763 5439 3069 5527 explemur,
3093 5447 3150 5497 et
3170 5438 3312 5494 nulla
3340 5439 3748 5507 perturbatione
3771 5456 3944 5495 vesa-

2357 5547 2500 5594 mur,
2535 5545 2602 5587 ex
2651 5530 2862 5600 opificis
2910 5539 3121 5595 natura:
3153 5529 3516 5599 providentia,
3546 5527 3943 5591 affectionibus

2355 5621 2623 5693 eiusmodi
2671 5619 2828 5674 nobis
2877 5617 2946 5674 ad
2990 5619 3223 5676 salutem
3271 5616 3623 5688 ingeneratis.
3669 5615 3729 5671 Si
3778 5622 3938 5674 enim

2355 5715 2483 5770 dum
2523 5711 2813 5767 definimus
2855 5720 2910 5765 et
2955 5709 3381 5780 corrumpimur,
3429 5723 3536 5763 non
3575 5721 3938 5779 angeremur,

673 5810 892 5882 gutum,
925 5808 1068 5880 quod
1092 5817 1174 5865 est
1206 5809 1260 5863 in
1289 5803 1906 5879 evangelica-parabam,
1938 5808 2095 5881 quasi
2123 5809 2262 5866 ﬁde-
2358 5819 2536 5877 neque
2566 5804 2695 5861 dum
2729 5802 2996 5867 satiamur
3022 5801 3350 5872 laetaremur,
3386 5801 3461 5859 ita
3497 5811 3558 5858 ut
3588 5815 3771 5873 neque
3799 5816 3947 5859 eon-
