4274 6452
256 426 358 487 981

1594 424 2081 484 PROSOPUNEI
2108 428 2178 483 Ε.

3400 408 3514 470 982

253 536 521 603 ﬁcientia,
578 552 751 605 neque
800 541 1178 592 conservantia
1232 540 1589 593 sentiremus.
1640 537 1821 589 subito
1852 536 2129 598 Al'ereus,
2169 537 2327 604 quasi
2382 534 2739 602 duipiamus,
2788 538 2957 581 eteus
3018 526 3063 575 vi
3121 521 3509 588 corripi-amns,

252 629 564 694 periremus
596 628 984 695 imprudentia.
1021 631 1176 684 Nunc
1215 645 1341 682 vero
1374 629 1595 696 provida
1635 642 1825 680 natura

246 719 407 784 quasi
465 722 717 776 manibus
774 722 988 777 duabus
1045 730 1234 785 utens,
1297 721 1613 788 fatigatione
1669 729 1829 785 διψιο

248 808 639 874 delectatione,
683 811 771 863 illa
815 827 1081 881 pungens,
1118 813 1219 865 hac
1256 814 1529 871 inescans,
1562 810 1627 863 ad
1662 810 1829 862 eden-

251 900 384 952 dum
433 909 486 953 et
540 901 839 955 bibendum
887 906 1191 958 exsuscitat
1234 902 1506 973 fugientes
1555 900 1831 955 esuriendi

255 989 526 1056 dolorem,
572 1002 627 1047 et
674 994 869 1049 edendi
902 997 1259 1064 voluptatem,
1296 998 1440 1065 quod
1485 1004 1569 1047 est
1604 993 1834 1047 alimen-

253 1093 395 1151 tum,
434 1095 828 1155 persequentes
864 1104 878 1141 :
915 1102 1102 1143 verum
1153 1087 1413 1156 primario
1461 1088 1601 1150 loco,
1641 1095 1698 1138 ut
1742 1085 1834 1152 qui

252 1189 321 1228 ex
359 1177 544 1230 esurie
577 1192 780 1233 mceror
808 1178 1079 1243 nascitur,
1106 1185 1458 1243 amoveatur;
1490 1176 1836 1239 secundario,

258 1276 319 1321 ut
342 1268 627 1323 saturandi
658 1270 879 1325 licentia
916 1271 1097 1325 detur.
1128 1269 1359 1324 Animus
1390 1278 1570 1324 autem
1611 1265 1838 1321 rationis

263 1374 487 1429 compos
534 1362 695 1416 aliter
730 1378 790 1419 se
818 1364 1031 1418 nutrire
1073 1378 1169 1431 per
1197 1377 1255 1416 se
1299 1360 1471 1425 novit,
1498 1368 1549 1414 et
1577 1368 1839 1429 praestan-

262 1451 385 1503 nori
423 1452 663 1521 quadam
708 1452 983 1507 ambrosia
1020 1451 1147 1505 frui.
1184 1450 1389 1505 Verum
1417 1465 1565 1515 cum,
1600 1458 1658 1503 ut
1694 1447 1838 1503 dixi-

258 1558 408 1606 mus,
462 1557 595 1615 erga
650 1544 753 1599 sibi
801 1544 1082 1614 subjectas
1140 1542 1427 1597 facultates
1475 1556 1580 1597 non
1646 1541 1841 1596 intoleo

258 1642 448 1687 ranter
487 1651 585 1690 nec
625 1636 1047 1706 itnplacabiliter
1091 1634 1345 1689 affectum
1398 1634 1512 1696 sit,
1568 1647 1840 1687 consensu

259 1727 499 1796 quodam
546 1729 711 1783 etiam
755 1730 821 1782 iis
857 1728 1195 1797 patientibus
1231 1726 1590 1790 condolescit,
1630 1736 1682 1780 et
1714 1740 1845 1780 sane

258 1832 387 1871 cum
421 1828 700 1889 anguntur
742 1820 906 1873 simul
938 1818 1176 1885 angitur,
1211 1828 1264 1871 et
1298 1832 1418 1871 cum
1454 1818 1707 1870 laetantur
1732 1818 1844 1871 col-

259 1910 483 1964 laatatur
509 1896 532 1963 τ’
559 1910 641 1964 vel
669 1912 873 1979 potius,
905 1911 949 1963 si
982 1924 1093 1963 rem
1131 1910 1444 1965 accuratius
1478 1907 1704 1961 deﬁnire
1732 1910 1846 1977 pla-

258 2012 371 2065 cet,
404 2014 457 2055 et
504 2015 564 2055 ut
609 2004 764 2056 aiunt
814 2004 947 2057 artis
986 2002 1271 2058 medicinae
1316 2001 1567 2064 studiosi,
1611 2002 1845 2071 primum

262 2098 383 2162 ipsa
418 2097 649 2150 rationis
689 2096 1051 2154 consensione
1084 2098 1309 2165 patitur,
1338 2106 1621 2164 propterea
1652 2105 1709 2149 et
1742 2097 1848 2164 pri-

260 2204 351 2240 ma
404 2188 469 2240 ad
514 2187 879 2242 amovendum
930 2188 1175 2242 dolorem
1225 2188 1490 2257 exsurgit,
1537 2188 1618 2241 Siti
1686 2203 1848 2241 causa

262 2283 507 2333 maxime
536 2300 548 2334 :
586 2282 800 2364 deinde,
837 2290 888 2331 ιιι
922 2291 1005 2335 est
1035 2279 1262 2340 dictum,
1291 2281 1629 2333 subditorum
1656 2280 1853 2348 juvan-

255 2375 464 2432 dOrum
500 2374 698 2442 gratia.
744 2372 801 2426 In
844 2388 907 2425 eo
940 2373 1103 2439 igitur
1130 2374 1394 2439 sapientis
1427 2380 1636 2425 natura:
1666 2371 1850 2440 provi-

261 2464 450 2522 dentia
486 2464 607 2527 fuit,
642 2480 708 2518 ne
761 2465 999 2518 maxime
1046 2465 1362 2533 principalis
1404 2466 1643 2527 animus,
1690 2480 1851 2533 supra

266 2558 411 2609 mala
488 2560 702 2627 positus
760 2556 1030 2610 emineret
1092 2557 1431 2624 impatibilis,
1494 2570 1547 2609 et
1603 2558 1855 2612 sensibus

266 2650 456 2703 nullas
515 2649 865 2703 difﬁcultates
910 2666 1031 2719 qua:
1079 2651 1335 2705 secundis
1394 2660 1446 2704 et
1501 2648 1853 2704 inferioribus

266 2741 670 2803 interveniunt,
708 2741 989 2804 hauriret;
1021 2741 1085 2793 ad
1126 2756 1315 2794 eorum
1346 2740 1489 2794 enitn
1528 2740 1671 2793 nulla
1706 2753 1857 2805 pror—

265 2850 367 2889 sus
401 2834 645 2889 curanda
680 2842 1113 2886 converteretur.
1162 2831 1218 2885 Si
1264 2834 1408 2886 enim
1445 2834 1518 2885 ita
1557 2832 1854 2897 stimulata,

264 2925 691 2985 condolescens,
734 2932 786 2976 et
838 2938 1113 2978 consensu
1163 2923 1446 2988 laborans,
1491 2924 1682 2977 videtis
1716 2939 1855 2992 quo-

264 3016 437 3069 modo
491 3015 782 3083 pigrescat,
845 3014 1071 3069 delicias
1122 3014 1318 3079 faciat,
1375 3026 1428 3068 et
1487 3031 1607 3085 quae
1672 3032 1857 3073 revera

261 3108 579 3162 communis
636 3115 721 3160 est
776 3107 1019 3169 fortuna,
1070 3117 1128 3160 ιιι
1178 3107 1535 3161 infortunium
1593 3107 1855 3175 deploret,

1935 631 2171 695 perversi
2220 628 2358 679 servi
2394 624 2657 693 supplicia
2700 618 2976 688 defugiet?
3008 616 3196 668 Nonne
3230 613 3509 679 disct‘rpe-

1936 736 2040 786 tttr,
2069 731 2121 773 et
2152 735 2272 773 sors
2290 717 2347 772 Ei
2375 734 2496 770 cum
2543 712 2841 785 hypOeritis
2876 708 3262 763 constituetur.
3292 714 3349 755 ιιι
3388 717 3511 771 qua!

1934 825 2193 882 tanquam
2245 814 2295 865 in
2334 812 2565 870 theatro,
2605 808 2705 859 liae
2736 806 2866 866 vita,
2898 813 3187 869 personam
3223 796 3507 862 cujusdam

1937 918 2194 960 matronae
2223 911 2421 959 s:mct:e
2453 912 2506 954 et
2527 900 2723 953 divina:
2760 896 2947 947 induta
2980 892 3167 944 fuerit.
3205 897 3261 942 et
3292 902 3510 939 omnem

1940 999 2205 1051 incuriam
2254 1010 2316 1049 ac
2346 992 2677 1049 dementiam
2720 988 2875 1042 initio
2929 981 3307 1041 dissimularit,
3350 979 3515 1031 libere

1938 1103 2068 1141 vero
2117 1086 2371 1140 omnibus
2422 1081 2673 1137 nefandis
2727 1077 3095 1147 voluptatibus
3146 1072 3417 1132 servierit,
3461 1078 3517 1123 et

1941 1190 2000 1236 ut
2024 1180 2394 1247 intemperans
2434 1174 2651 1239 ancilla,
2684 1170 2941 1226 indecore.
2980 1181 3038 1221 se
3068 1164 3297 1234 gesserit
3319 1170 3373 1214 et
3401 1170 3522 1214 tur-

1940 1276 2065 1344 pius
2095 1268 2413 1327 inebriarit?
2438 1266 2583 1338 quod
2612 1276 2765 1334 puto.
2796 1261 2931 1315 Nam
2964 1258 3011 1313 ei
3044 1255 3259 1312 eunetis
3295 1251 3521 1306 faculta-

1943 1364 2091 1419 tibus
2149 1360 2416 1429 praefecte
2472 1358 2587 1410 hate
2650 1370 2776 1409 cura
2824 1350 3146 1406 demandata
3200 1355 3303 1410 est,
3354 1354 3414 1397 ut
3468 1351 3523 1397 et

1944 1455 2212 1525 sagaciter
2254 1448 2557 1505 molestiam
2590 1445 2905 1501 exbibentia
2950 1439 3284 1512 provideret,
3321 1444 3374 1490 et
3408 1434 3521 1487 ido-

1946 1562 2102 1602 neam
2158 1544 2481 1598 medicinam
2535 1539 2839 1601 adhiberet,
2868 1545 2927 1591 ut
2973 1534 3125 1588 illine
3172 1530 3519 1599 perspicuum

1947 1640 2125 1695 cst:si
2155 1635 2376 1707 quando
2401 1635 2545 1689 enim
2580 1646 2735 1686 mens
2762 1631 2815 1684 in
2848 1626 3106 1684 curandis
3136 1624 3297 1678 rebus
3326 1620 3525 1673 divinis

1947 1744 2171 1786 excessu
2215 1727 2408 1785 nimio.
2445 1726 2547 1789 vel,
2578 1737 2665 1777 me
2700 1722 2910 1783 nescio,
2948 1718 3143 1772 morbo
3177 1713 3531 1781 corripiatur,

1950 1824 2041 1894 qui
2092 1820 2443 1891 cogitationis
2492 1832 2599 1870 non
2659 1812 2958 1868 movendas
3006 1808 3242 1863 chordas
3291 1810 3530 1865 moveat,

1950 1930 2049 1970 nec
2080 1913 2298 1973 esuriei,
2330 1925 2429 1965 nec
2471 1906 2736 1971 alimenti,
2780 1919 2877 1958 nec
2910 1903 3049 1957 alius
3088 1897 3380 1967 voluptatis
3414 1908 3530 1947 me-

1952 2023 2071 2059 mor
2100 2008 2190 2067 sir,
2220 2014 2334 2057 tum
2364 2017 2463 2071 ego
2497 2014 2718 2069 quoque
2748 1996 2893 2051 nulla
2930 1996 3123 2050 harum
3166 2004 3349 2045 rerum
3376 2001 3530 2047 cura,

1953 2101 2097 2154 nulla
2121 2096 2488 2153 sollicitudine
2518 2106 2712 2162 tangor
2741 2112 2754 2147 :
2782 2104 3031 2164 quonam
3055 2088 3216 2156 igitur
3244 2082 3405 2136 modo
3433 2081 3535 2149 pri-

1953 2210 2069 2248 mas
2119 2209 2219 2260 ego
2273 2201 2451 2260 partes
2518 2198 2715 2247 teneo,
2769 2192 2823 2238 et
2876 2180 3204 2250 procurandi
3260 2186 3315 2231 et
3371 2171 3535 2227 dandi

1953 2289 2123 2350 cibos,
2159 2294 2205 2339 el
2236 2297 2448 2351 tempus
2486 2295 2675 2333 eorum
2714 2294 2775 2331 ac
2814 2277 3034 2329 modum
3078 2270 3369 2327 deﬁniendi
3414 2284 3538 2320 mtt-

1958 2392 2060 2433 ους
2082 2378 2359 2432 sortientis
2388 2375 2689 2441 voluptates
2717 2368 2995 2439 prmripio,
3016 2367 3319 2434 deindeque
3340 2365 3536 2432 ipsam,

1956 2474 2095 2549 quod
2150 2480 2235 2524 est
2287 2469 2460 2535 magis
2512 2466 2826 2524 ridiculum,
2880 2464 2943 2513 ad
3000 2476 3093 2513 eas
3144 2458 3419 2525 corripio?
3465 2457 3541 2511 Ita

1961 2562 2139 2618 mollis
2176 2562 2289 2627 ipsa
2331 2570 2415 2614 est
2455 2569 2508 2611 et
2534 2556 2791 2619 delicata,
2818 2568 2929 2622 ego
2981 2568 3110 2607 vero
3158 2554 3443 2606 robustum
3478 2565 3542 2603 ac

1959 2656 2275 2708 violentum.

2030 2747 2232 2801 Verum
2267 2746 2546 2797 enimvero
2601 2758 2667 2794 ne
2730 2740 2960 2809 singulis
3005 2738 3252 2807 partibus
3300 2736 3541 2789 renitens

1962 2838 2209 2893 defensio
2242 2835 2578 2889 contentiosa
2618 2833 2865 2885 videatur
2904 2838 2956 2883 et
2990 2830 3261 2897 pertinax,
3288 2838 3379 2880 tua
3413 2841 3539 2897 gra-

1964 2932 2037 2983 tia
2080 2926 2321 2985 concedo
2380 2942 2464 2978 me
2514 2925 2750 2993 primum
2809 2922 3180 2989 voluptatibus
3220 2916 3435 2972 inhiare
3486 2926 3541 2970 et

1963 3021 2490 3090 compleri,insuper
2522 3028 2572 3070 te
2598 3030 2817 3084 quoque
2844 3014 2909 3067 ad
2942 3014 3248 3081 voluptates
3281 3010 3541 3063 frnendas

1965 3137 1992 3173 a
2033 3137 2117 3172 me
2154 3117 2351 3183 corripi
2382 3133 2394 3165 :
2433 3125 2487 3167 ttt
2522 3124 2707 3179 postea
2741 3112 2983 3171 domina,
3021 3119 3074 3163 et
3122 3108 3285 3161 rebus
3338 3106 3539 3159 nostris

270 3202 453 3254 multo
473 3200 657 3254 minus
682 3199 923 3267 profecto
943 3215 1139 3268 corpus
1167 3203 1521 3269 respexisset,
1542 3202 1585 3253 si
1612 3203 1857 3269 corporis
1882 3226 1930 3290 ρ
1964 3213 2235 3279 imperans
2262 3250 2273 3267 ,
2308 3222 2431 3259 eum
2467 3212 2680 3274 oportet
2736 3203 3011 3271 puniendo
3048 3201 3309 3257 cohibere
3331 3242 3343 3261 ,
3376 3210 3427 3253 ει
3461 3202 3543 3252 in-

269 3296 637 3351 adversitates
683 3308 802 3348 eam
852 3304 1065 3347 naturae
1112 3293 1335 3347 decreto
1376 3310 1481 3348 non
1530 3295 1859 3361 attigissent.

269 3385 435 3438 Nunc
470 3398 622 3438 vero.
653 3385 697 3439 si
738 3384 960 3452 quidem
995 3384 1144 3438 aliud
1175 3384 1481 3453 quidpiam,
1514 3397 1563 3438 et
1595 3386 1697 3439 hoc
1723 3403 1863 3455 quo—

272 3491 387 3546 que
425 3477 788 3530 constitutum
822 3484 908 3529 est
941 3476 1168 3544 optime,
1209 3485 1267 3528 ut
1314 3478 1678 3532 consensione
1712 3478 1864 3531 dolo-

268 3583 403 3623 rum
457 3579 675 3637 agatur,
705 3576 758 3622 et
796 3583 861 3621 eo
908 3568 1069 3622 simul
1103 3568 1430 3632 adducatur,
1474 3579 1551 3629 ut,
1601 3571 1864 3637 quemad-

270 3662 501 3721 modum
549 3664 627 3716 ait
670 3663 964 3731 quispiam,
992 3661 1231 3716 viciSsint
1280 3675 1331 3715 et
1363 3678 1425 3715 ex
1468 3672 1619 3731 parte
1652 3663 1865 3717 labores

270 3770 552 3824 capessat,
585 3765 639 3809 et
676 3756 1045 3809 molestiarum
1089 3756 1466 3809 liberationem
1499 3757 1867 3814 communiter

272 3849 597 3918 conquirat.
641 3848 852 3915 Quibus
887 3850 1032 3902 enim
1079 3850 1447 3915 quorumlibet
1492 3847 1868 3901 incommodo-

275 3957 402 3994 rum
466 3942 788 3995 communio
822 3951 926 4005 est,
979 3940 1171 3995 iisdem
1220 3940 1585 3997 communiter
1618 3950 1671 3993 et
1703 3941 1770 3994 ab
1804 3939 1870 3994 iis

271 4034 532 4087 iiberatio
557 4048 704 4086 curae
737 4042 838 4086 est.

347 4125 447 4179 His
497 4127 568 4178 ita
612 4125 1025 4185 demonstratis,
1069 4127 1122 4177 in
1158 4126 1407 4177 entndent
1451 4125 1626 4177 locum
1674 4123 1866 4177 iterum

277 4220 479 4272 recidit
504 4218 719 4271 oratio:
746 4233 809 4270 ac
838 4218 1089 4285 superius
1111 4232 1170 4269 ex
1184 4216 1373 4285 posita:
1402 4229 1672 4268 memores
1695 4224 1869 4268 estote

274 4312 577 4384 parabolae,
636 4312 690 4363 in
737 4326 842 4379 qua
880 4311 1091 4363 fidelem
1130 4322 1180 4363 et
1228 4312 1550 4376 prudentem
1585 4310 1873 4377 dispensa-

274 4419 452 4458 torem
509 4418 669 4455 suum
719 4397 976 4458 dﬁninus
1012 4402 1318 4463 constituit,
1365 4412 1422 4453 ut
1459 4402 1561 4457 sibi
1597 4402 1869 4468 obsequa-

274 4506 389 4555 tur.
452 4494 637 4547 dando
703 4508 803 4545 suo
848 4501 1091 4560 tempore
1136 4493 1279 4554 cibo,
1334 4493 1597 4560 nmnquid
1650 4508 1756 4546 non
1809 4493 1873 4547 ad

1968 3303 2175 3359 fensam
2214 3315 2333 3353 esse
2370 3296 3203 3366 Iigttritiotti.\eltetttt-ntittsqttc
3234 3292 3541 3359 increpare,

1971 3395 2148 3461 potius
2177 3394 2241 3445 ad
2293 3392 2535 3443 eamdem
2594 3387 2985 3455 turpitudinem
3046 3384 3452 3451 suscipiendam
3487 3393 3544 3437 ut

1970 3486 2301 3553 mancipium
2357 3498 2462 3534 una
2516 3479 2853 3548 provolveris
2882 3518 2897 3540 ,
2922 3486 2977 3535 et
3012 3478 3099 3529 illa
3134 3477 3321 3540 gravi,
3356 3482 3545 3528 sancta

1972 3578 2251 3647 rigid-aque
2292 3575 2549 3642 dignitate
2587 3571 2733 3623 ltunt't
2773 3578 3077 3640 preslrata,
3107 3572 3169 3620 de
3207 3583 3311 3635 qua
3349 3567 3549 3635 gloria-

1970 3672 2048 3724 ris
2078 3678 2130 3721 et
2177 3658 2463 3737 magnifice
2516 3664 2718 3727 sentis,
2758 3676 2975 3715 meeum
3025 3660 3288 3727 voluptati
3336 3660 3548 3725 captiva

1975 3776 2244 3830 servaque
2300 3758 2613 3811 voluntaria
2678 3754 3107 3823 constringeris.
3152 3751 3257 3804 Nec
3304 3762 3353 3806 te
3390 3752 3556 3819 pudet

1973 3854 2079 3922 pati
2114 3850 2457 3919 proﬁtentem
2486 3848 2838 3915 eadem,qum
2873 3844 3157 3899 fabulosus
3190 3844 3277 3896 ille
3304 3858 3552 3912 serpens.

1974 3945 2131 4010 cujus
2167 3941 2397 3994 caudam
2440 3941 2507 3993 de
2543 3940 2719 4007 capite
2770 3939 2925 3992 aiunt
2984 3950 3348 4006 conquestatn
3388 3952 3513 3990 esse
3539 3978 3554 3997 ,

1974 4035 2117 4104 quod
2156 4032 2415 4087 motionis
2447 4033 2688 4099 repetita:
2720 4030 2828 4084 dux
2887 4045 3102 4096 semper
3131 4040 3296 4091 esset,
3334 4031 3443 4096 ipsa
3475 4039 3558 4082 to-

1977 4129 2082 4181 tius
2117 4126 2276 4179 molis
2314 4140 2372 4177 se
2428 4123 2806 4177 convolveutis
2862 4123 3233 4176 attralteretur
3278 4133 3556 4175 extrema.
3614 4126 3617 4157 ί

1978 4219 2216 4273 Tandem
2252 4232 2381 4270 vero
2418 4217 2482 4269 ad
2534 4215 2978 4285 persuadendum
3037 4230 3345 4285 aggressam
3372 4254 3383 4275 ,
3412 4224 3469 4267 ut
3500 4216 3555 4267 in

1977 4314 2081 4367 ltoc
2115 4310 2365 4380 serpendi
2414 4324 2641 4363 munere
2694 4309 3035 4377 principatus
3071 4308 3174 4362 sibi
3209 4308 3555 4363 deferretur:

1978 4406 2173 4460 deinde
2202 4418 2297 4473 per
2329 4403 2626 4471 praecipitia
2674 4416 2921 4470 saxaque
2961 4416 3084 4454 eum
3122 4416 3263 4455 caeca
3298 4400 3559 4465 fersetur,

1979 4499 2156 4567 ipsum
2210 4506 2369 4563 caput
2409 4504 2462 4547 et
2496 4496 2765 4564 reliquum
2812 4502 3122 4561 serpentem
3156 4508 3284 4546 cum
3318 4509 3384 4547 eo
3415 4495 3562 4549 labe-

272 4587 443 4641 animi
465 4594 672 4654 partem
695 4583 925 4637 rationis
943 4584 1264 4652 participem
1286 4585 1700 4641 accommodate
1732 4584 1863 4639 ﬁde-
1900 4584 1952 4646 D
1979 4591 2239 4643 fact-attint
2286 4587 2457 4643 fuisse
2489 4629 2498 4638 .
2532 4589 2597 4639 At
2628 4586 3092 4655 quemadmodum
3128 4586 3260 4650 illic,
3290 4586 3558 4654 siquidem

278 4680 385 4734 lem
414 4687 470 4732 et
496 4678 815 4747 prudentem
843 4692 1192 4732 (nconomum
1224 4678 1647 4746 assumpsimus,
1669 4688 1728 4731 ut
1753 4693 1873 4747 quae

278 4769 547 4841 prmelare
594 4768 769 4838 possit
802 4783 865 4821 ex
898 4768 1201 4822 abundanti
1252 4769 1538 4837 prudentia
1567 4770 1873 4838 gubernare

275 4863 565 4934 patibilem
620 4870 675 4915 et
722 4868 998 4915 amentem
1045 4863 1247 4915 vitam?
1289 4878 1448 4931 quam
1492 4865 1655 4917 etiam
1706 4866 1757 4916 in
1810 4878 1874 4916 eo

278 4973 513 5011 munere
556 4954 912 5008 constitutam
958 4955 1214 5008 dominus
1254 4955 1467 5008 beatam
1512 4959 1795 5026 prmdicat,
1828 4959 1873 5011 si

277 5052 578 5121 prudenter
610 5057 665 5101 et
700 5047 929 5100 ﬁdeliter
952 5047 1316 5111 adtninistret,
1367 5064 1431 5102 ac
1457 5050 1606 5116 plura
1642 5066 1699 5106 se
1722 5066 1875 5106 cum-

277 5146 586 5199 missurum
629 5140 750 5209 ejus
787 5140 908 5193 ﬁdei
958 5140 1247 5207 pollicetur
1284 5159 1295 5193 :
1328 5144 1408 5193 sin
1438 5153 1621 5194 autem
1665 5144 1870 5197 domini

276 5250 339 5295 ut
371 5250 585 5292 moram
626 5233 879 5287 facientis
919 5233 1107 5295 oblita,
1142 5249 1436 5286 conservos
1482 5236 1698 5302 pulsare
1738 5252 1869 5290 con-

279 5331 597 5390 tutneliose,
647 5343 758 5381 non
813 5325 1183 5395 providenter,
1216 5328 1466 5395 cmperit,
1514 5338 1789 5390 tetamque
1818 5346 1874 5383 se

275 5422 625 5479 comedenda
659 5434 725 5473 ac
767 5418 1007 5472 bibendo
1037 5415 1285 5470 fruendis
1319 5418 1687 5485 voluptatibus
1713 5420 1875 5474 dede-

277 5516 376 5581 rit,
422 5529 549 5569 cum
577 5512 836 5575 ebriosis,
864 5520 1051 5579 partes
1094 5510 1218 5562 dico
1267 5519 1379 5562 tum
1415 5527 1535 5576 qua:
1563 5512 1725 5572 alere,
1762 5523 1873 5566 tam

275 5623 408 5678 qua:
443 5606 514 5660 ali
558 5613 812 5675 possunt,
846 5619 968 5670 qua:
1016 5604 1362 5656 extrinsecus
1409 5603 1626 5671 allapsis
1661 5605 1879 5657 satieta—

278 5703 437 5757 tibus
474 5714 692 5767 Semper
730 5698 1116 5759 refereiuntur,
1167 5709 1445 5758 utrumne,
1493 5713 1614 5750 cum
1662 5698 1879 5751 redierit

280 5794 566 5856 dominus,
606 5792 788 5860 qualia
844 5806 987 5843 nunc
1032 5807 1215 5843 coram
1266 5792 1440 5854 \OblS,
1490 5800 1766 5857 partem,
1820 5808 1879 5846 ac

280 5888 766 5955 unjusinsolentis
810 5887 1156 5939 εοιιιυιιιριιει
1189 5899 1409 5936 causam
1452 5900 1500 5936 ιιι
1542 5896 1641 5937 ιιοδ
1702 5894 1851 5937 trans

1978 4682 2045 4736 de
2079 4682 2247 4735 cauda
2284 4690 2446 4747 caput
2472 4689 2835 4747 conquestum
2881 4678 3071 4731 fuisset
3096 4718 3109 4739 ,
3136 4693 3257 4731 eam
3291 4692 3563 4733 accusans

1978 4774 2213 4840 injuriae,
2242 4771 2531 4825 ridiculum
2569 4780 2622 4822 et
2651 4771 2907 4823 stolidum
2949 4770 3263 4824 videretur:
3293 4771 3365 4824 ita
3394 4772 3561 4825 etiam

1978 4878 2033 4921 tu
2068 4882 2289 4937 quoque
2321 4865 2372 4917 in
2405 4866 2508 4919 bac
2548 4879 2709 4917 causa
2737 4905 2751 4925 ,
2807 4875 2865 4917 ιιι
2914 4879 3037 4933 qua:
3094 4865 3262 4918 animi
3296 4866 3433 4933 parti
3472 4881 3563 4918 ra-

1982 4962 2147 5015 tionis
2206 4959 2436 5028 experti,
2476 4957 2706 5011 caudam
2762 4957 3000 5010 traltenti
3057 4969 3113 5009 et
3166 4972 3321 5010 caeca:
3390 4963 3562 5025 (nam

1982 5072 2155 5117 mens,
2172 5055 2246 5107 ait
2264 5053 2558 5123 quispiam,
2580 5051 2768 5119 videt),
2786 5051 3043 5104 ductattdi
3068 5050 3231 5103 cedas
3252 5051 3561 5119 imperium.

1986 5156 2039 5200 et
2089 5146 2317 5211 teipsant
2342 5143 2460 5211 ejus
2485 5142 2601 5195 fidei
2627 5143 2963 5206 committas,
2993 5141 3138 5210 quod
3171 5140 3237 5194 ad
3267 5142 3561 5210 perniciem

1982 5240 2292 5307 pettraltat.
2330 5234 2583 5289 Videntes
2636 5234 2779 5287 enim
2842 5250 3111 5287 ozecorum
3138 5275 3152 5296 ,
3187 5249 3291 5286 non
3327 5236 3453 5287 cmci
3490 5233 3565 5283 vi-

1983 5332 2228 5388 dentium
2268 5332 2434 5383 dztces
2485 5341 2611 5381 sunt
2645 5344 2657 5388 ;
2708 5339 2759 5381 et
2793 5327 2891 5380 bos
2929 5342 3184 5389 currum,
3217 5342 3324 5379 non
3366 5328 3560 5378 bovem

1985 5441 2180 5479 currus
2218 5424 2402 5489 traltit,
2428 5435 2482 5477 et
2519 5424 2661 5492 lapis
2697 5424 2762 5476 ad
2798 5421 3271 5491 perpendiculum,
3302 5436 3407 5471 non
3441 5435 3566 5487 per-

1987 5514 2334 5581 pendiculum
2398 5514 2463 5565 ad
2523 5511 2759 5579 lapidem
2813 5509 3375 5578 componitur.Quid
3440 5524 3567 5560 vero

1987 5620 2153 5670 puero
2178 5645 2190 5664 ,
2218 5616 2407 5657 contra
2459 5604 2730 5671 proverbii
2767 5614 3115 5671 prun-cptum.
3144 5602 3388 5671 gladium
3423 5616 3522 5654 con
3546 5630 3558 5639 -

1988 5698 2196 5750 mittis?
2222 5697 2343 5764 quis
2382 5712 2651 5747 venenum
2688 5696 3030 5764 propinatum
3092 5686 3431 5750 combibens,
3456 5710 3566 5746 ma-

1982 5808 2072 5856 jus
2108 5777 2382 5858 quippiam
2422 5792 2487 5840 ad
2524 5805 2581 5841 se
2615 5788 2991 5843 excusandum
3046 5789 3126 5840 vel
3163 5787 3566 5840 defendendum

1994 5888 2217 5949 habuit,
2255 5897 2417 5951 quam
2474 5884 2664 5937 mortis
2722 5883 3206 5950 deprecata-nas"
3240 5883 3317 5934 An
3358 5884 3567 5951 primus
