4274 6452
715 373 824 436 SS3

1951 372 2334 436 GREGORII
2380 373 2707 433 PALAMAS

3872 380 3985 443 984

711 484 877 537 homo
906 497 934 536 a
971 482 1202 536 muliere
1252 483 1427 550 prima
1466 496 1589 551 qua:
1623 483 1691 537 de
1741 484 2051 553 perniciosa
2100 494 2289 550 gusta-
2323 495 2367 548 Α
2398 488 2675 554 compellit
2702 486 2903 554 ?Quod
2941 499 3355 546 monumentum
3390 509 3496 548 uou
3554 499 3795 553 ιιιριιιιπςι
3857 515 3985 567 quae

711 583 867 629 verat
894 580 1111 637 arbore,
1137 574 1406 642 posterior
1435 582 1657 642 accepto
1689 574 1814 628 cibo
1845 574 2137 630 comedens
2159 616 2175 639 ,
2204 590 2292 630 γε·

714 668 861 722 niam
895 668 1038 736 apud
1080 667 1251 719 Deum
1286 668 1515 720 meritus
1546 676 1629 721 est
1657 686 1670 723 :
1710 678 1805 721 aut
1836 679 1894 722 ut
1926 670 1977 721 vi
2004 678 2291 736 correptus

713 767 945 811 mortem
975 756 1203 825 ellugit?
1230 756 1516 825 Cupiditas
1541 758 1686 812 enim
1711 768 1766 813 et
1797 760 1876 813 ira
1910 758 2012 813 sub
2044 761 2288 813 animum

713 850 944 903 rationis
1006 850 1328 920 participem
1395 850 1659 920 subjectae
1718 863 1890 917 sunt;
1939 867 2049 906 non
2105 863 2162 905 ut
2223 853 2289 904 ad

713 943 1006 1013 voluptatis
1065 945 1390 998 suavitatem
1449 945 1539 999 illa
1597 944 1895 1007 delaheus.
1932 960 2119 998 secum
2174 947 2289 1012 ipsa

712 1038 1041 1100 contrahat,
1075 1038 1189 1091 haec
1230 1053 1361 1092 vero
1401 1038 1469 1092 ad
1502 1039 1731 1091 ferinam
1786 1038 2052 1091 sarritiam
2107 1053 2291 1090 erum-

714 1144 883 1200 pens,
938 1144 1125 1185 secum
1160 1131 1433 1196 abducat,
1487 1131 1582 1184 sed
1636 1140 1694 1183 ut
1743 1130 1809 1183 ad
1853 1129 2179 1198 captandam
2239 1137 2294 1182 ct

717 1221 1023 1276 habendam
1079 1222 1417 1277 honestatem
1472 1223 1804 1277 conveniant
1838 1232 1888 1276 et
1929 1223 2289 1291 conspirent:

714 1314 992 1381 cupiditas
1017 1353 1033 1377 ,
1077 1325 1137 1368 ut
1170 1331 1347 1383 equus
1380 1315 1549 1369 frenis
1582 1316 1721 1371 bene
1754 1315 2091 1380 moderatus,
2121 1314 2295 1371 subli-

718 1424 857 1458 mem
891 1406 1123 1461 efferens
1150 1447 1165 1472 ,
1194 1417 1246 1461 et
1275 1408 1340 1461 ad
1380 1424 1504 1462 vere
1535 1406 1922 1464 desiderabilia
1955 1409 2243 1461 concitans
2276 1424 2291 1473 ;

716 1503 818 1564 ira,
839 1501 1000 1553 veluti
1034 1518 1335 1569 generosus
1367 1502 1541 1565 Canis,
1572 1518 1679 1555 una
1719 1517 1816 1567 pro
1849 1501 1915 1556 iis
1944 1514 1998 1555 et
2026 1502 2293 1555 adversus

713 1610 777 1647 ea
810 1610 934 1661 qua:
959 1604 1175 1662 oportet
1201 1596 1527 1663 belligeraus
1555 1604 1608 1647 et
1642 1610 2027 1663 propugnans;
2058 1602 2293 1661 utraque

714 1687 975 1740 nimirum
1020 1702 1048 1739 a
1088 1687 1301 1741 ratione
1330 1704 1425 1755 per
1470 1689 1786 1743 diuturnam
1838 1687 2292 1742 consuetudinem

712 1780 781 1831 ad
831 1779 969 1834 bene
1020 1780 1322 1849 parendum
1351 1790 1408 1835 et
1450 1780 1815 1837 obedientium
1866 1782 2072 1835 domita
2126 1790 2294 1848 atque

2398 586 2529 630 sunt
2585 592 2751 645 super
2813 588 3017 633 terram
3066 581 3405 644 mortilicat,
3444 596 3496 635 et
3556 589 3753 640 aninnr
3813 590 3981 642 vitam

2394 669 2543 721 omni
2573 683 2637 721 ex
2674 678 2826 737 parte
2858 670 3070 722 beatam
3108 670 3359 739 largitur,
3386 674 3480 727 sed
3514 678 3695 742 potius
3733 679 3984 732 viviﬁcat

2392 768 2448 813 et
2479 759 2743 812 adversus
2772 759 3011 815 animam
3038 764 3344 817 exsuscitat
3369 763 3522 818 ?Aut
3552 767 3719 832 igitur
3746 784 3847 835 ego
3877 783 3983 823 ne-

2394 868 2501 923 que
2552 857 2904 921 sepulcrum,
2934 870 3110 923 neque
3156 866 3350 911 catena
3394 874 3553 920 sum,
3583 861 3854 929 siquidem
3912 861 3981 913 ad

2394 944 2617 998 delicias
2660 945 2951 1012 corripior,
2978 957 3033 1000 et
3060 964 3169 1001 una
3198 950 3487 1017 pertrahor
3513 968 3527 1004 :
3570 951 3983 1007 inconsiderate

2394 1046 2448 1089 et
2486 1037 2719 1090 inaniter
2767 1039 2965 1093 talibus
2997 1041 3208 1094 cavillis
3256 1040 3493 1109 illudor;
3523 1053 3615 1097 aut
3649 1060 3983 1099 monumen-

2397 1135 2511 1180 tum
2548 1142 2734 1181 revera
2765 1136 2820 1181 et
2853 1139 3048 1183 catena
3096 1130 3223 1192 sinu,
3255 1146 3321 1186 ae
3355 1148 3564 1201 magnae
3618 1135 3748 1189 hinc
3788 1137 3987 1190 incon-

2399 1219 2644 1273 Iinentia:
2674 1219 2912 1289 seipsam
2947 1236 3102 1275 mens
3134 1238 3283 1277 ream
3320 1223 3469 1291 facit,
3497 1227 3643 1295 quod
3676 1237 3731 1281 et
3772 1228 3985 1295 illigata

2398 1312 2527 1365 mibi
2577 1322 2629 1365 et
2671 1314 2987 1381 consepulta
3020 1315 3325 1377 delicietur,
3341 1328 3393 1371 et
3421 1320 3608 1373 vivens
3642 1332 3854 1374 mortua
3887 1322 3987 1384 sit,

2396 1421 2460 1459 ac
2493 1420 2657 1474 supra
2678 1406 2899 1459 modum
2937 1409 3239 1470 extollitur,
3270 1413 3483 1465 tametsi
3509 1428 3645 1467 crux
3670 1428 3771 1482 ego
3807 1416 3910 1469 sim
3933 1417 3986 1471 ei

2396 1498 2521 1551 data
2551 1517 2567 1557 :
2593 1502 2698 1555 hoc
2722 1501 2864 1554 enim
2897 1503 3121 1556 nomine
3157 1519 3243 1558 me
3276 1519 3499 1574 quoque
3529 1508 3701 1562 libens
3724 1510 3990 1578 appellat,

2399 1593 2649 1645 utetiam
2705 1593 2911 1647 duliqu
2974 1603 3299 1663 pertusum,
3346 1596 3707 1653 dissimulans
3756 1612 3889 1668 quot
3933 1610 3997 1658 et

2398 1696 2736 1757 quantorum
2773 1688 3040 1743 bonorqu
3094 1705 3196 1759 ego
3238 1690 3341 1743 sim
3390 1695 3845 1761 conceptaculum
3870 1740 3885 1760 ,
3926 1706 3996 1751 ut

2400 1798 2506 1836 non
2557 1782 2731 1835 multo
2783 1791 2904 1851 post
2938 1781 3007 1835 de
3057 1782 3244 1836 multis
3293 1799 3466 1853 pauca
3513 1786 3816 1855 degustans
3861 1805 3989 1845 sum

714 1872 961 1925 cicurata
986 1911 999 1924 .
1030 1869 1227 1924 Verum
1268 1888 1422 1926 meus
1458 1874 1662 1941 alioqui
1710 1872 2009 1931 temulenta
2046 1872 2214 1936 facta,
2241 1880 2296 1926 et
2327 1850 2371 1905 Β
2399 1874 2923 1929 demonstraturum.
2955 1874 3012 1928 Si
3054 1890 3185 1930 vero
3237 1886 3524 1945 pertusum
3574 1895 3797 1949 quoque
3825 1896 3949 1935 sum
3976 1924 3994 1949 ,

713 1964 872 2018 valde
898 1979 1011 2019 suae
1038 1967 1381 2024 strenuitatis
1414 1967 1715 2037 negligens,
1759 1966 2108 2023 etIeminatur
2136 1966 2296 2036 quasi

714 2071 927 2119 vecors,
958 2068 1014 2112 et
1059 2059 1366 2127 deteritur,
1397 2078 1460 2115 ac
1495 2074 1761 2130 quantum
1812 2076 1841 2115 a
1876 2058 2150 2114 constanti
2186 2059 2291 2113 im-

716 2150 1013 2220 mobilique
1048 2165 1317 2210 conoeutu
1345 2154 1579 2218 decedit,
1602 2154 1942 2208 tantumdem
1970 2152 2037 2207 ad
2067 2167 2289 2207 currum

716 2242 1194 2307 perturbationum
1227 2245 1436 2299 accedit
1472 2263 1486 2298 :
1522 2254 1898 2313 quantumque
1936 2242 2195 2311 paulatim
2226 2240 2295 2294 ab

716 2336 1038 2404 imperando
1068 2337 1343 2402 desciscit,
1380 2349 1589 2394 tantum
1651 2339 1742 2394 illa
1790 2338 2043 2395 servituti
2081 2334 2292 2390 manci-

717 2440 900 2496 patur.
935 2429 1127 2495 Itaque
1165 2432 1314 2486 nulla
1352 2435 1402 2486 vi
1450 2434 1699 2502 cogitur,
1726 2448 1824 2486 uec
1852 2432 1919 2485 ad
1956 2434 2294 2499 peccandum

714 2528 771 2573 et
804 2520 1233 2590 delinquendum
1258 2523 1425 2577 invita
1462 2523 1801 2592 rapitur,sed
1833 2522 1978 2589 quod
2005 2520 2293 2575 Herculem

718 2628 940 2681 passum
974 2613 1144 2669 fuisse
1194 2615 1495 2685 fecisseque
1550 2616 1723 2670 (ἔτωυὶ
1777 2631 1841 2669 ac
1900 2615 2111 2685 profani
2158 2616 2299 2670 serio

717 2716 903 2775 ptores
953 2716 1222 2763 testantur
1257 2710 1483 2780 (lerunt
1534 2711 1678 2764 enim
1720 2711 1871 2765 illum
1939 2720 2058 2777 post
2093 2711 2302 2764 belluas

718 2808 774 2853 et
807 2800 1105 2855 sceleratos
1130 2804 1380 2859 homines
1412 2805 1769 2873 perdomitus,
1795 2812 1985 2873 postea
2022 2805 2294 2858 volentem

718 2892 883 2963 Lydae
929 2895 1165 2960 femina},
1224 2897 1508 2964 Omphale
1541 2899 1796 2962 nomine,
1829 2897 2129 2967 serviisse),
2159 2899 2297 2952 idem

724 2988 858 3041 mihi
891 2988 1102 3042 videtur
1143 2991 1345 3044 mentis
1393 2992 1533 3045 ratio
1566 2992 1772 3061 perpeti
1804 3030 1821 3045 .
1851 2990 1986 3045 Nam
2018 3007 2140 3059 qum
2172 3000 2303 3045 sunt

725 3083 781 3135 in
841 3082 1061 3137 homine
1117 3084 1376 3138 belluinze
1409 3085 1772 3153 maligmeque
1826 3085 2300 3154 perturbationes,

726 3190 851 3228 eum
910 3190 1005 3231 eas
1056 3176 1161 3229 sub
1202 3191 1357 3230 suam
1413 3186 1739 3245 potestatem
1786 3176 2059 3243 subiicere
2090 3187 2301 3246 posset,

730 3268 909 3323 libens
967 3277 1149 3323 tamen
1213 3269 1477 3340 voluptati
1532 3270 1811 3339 animique
1872 3271 2306 3339 appetitionibus

724 3359 939 3413 servit:
978 3360 1066 3414 vel
1123 3360 1287 3412 etiam
1329 3372 1388 3414 ut
1437 3363 1571 3415 alter
1623 3362 1866 3431 primas,
1926 3375 2156 3430 magnus
2214 3360 2306 3415 ille

726 3451 958 3507 Samson
1009 3456 1077 3507 ab
1113 3453 1450 3508 insidiatriee
1502 3453 1844 3519 muliercula,
1887 3454 2076 3509 eadem
2144 3455 2303 3508 volu-

724 3553 881 3613 ptate
912 3544 1167 3614 decepta,
1203 3560 1363 3599 suum
1400 3561 1657 3615 magnum
1689 3545 1854 3599 robur
1876 3545 2102 3599 ridicule
2127 3547 2310 3612 prodit

724 3640 779 3686 et
812 3631 979 3695 nuda,
1003 3649 1066 3686 ac
1094 3647 1205 3688 non
1251 3634 1363 3703 jam
1400 3636 1577 3702 ipsum
1626 3634 1791 3689 veluti
1826 3650 2038 3689 comam
2067 3636 2306 3703 jactans,

727 3722 894 3779 facile
917 3740 947 3778 a
995 3724 1503 3793 perturbationibus
1536 3727 1865 3796 alienigenis
1898 3729 2111 3798 captiva
2152 3729 2308 3783 doci-

728 3826 837 3881 tur,
867 3824 924 3869 et
956 3827 1268 3873 exczecatur
1298 3819 1476 3874 oculis
1512 3821 1578 3873 ad
1612 3819 1875 3875 honestas
1922 3834 2008 3875 res
2042 3829 2095 3874 et
2140 3821 2311 3875 bonas

730 3912 1159 3981 perspicacihus,
1187 3912 1524 3981 pistrinoque
1551 3912 1817 3982 illigatur,
1840 3921 1895 3967 et
1917 3913 2125 3968 circqu
2158 3928 2314 3966 eunt-

731 4003 855 4058 dem
887 4003 1229 4074 voluptatum
1291 4004 1521 4069 orbem,
1574 4020 1807 4072 quorum
1854 4004 2067 4057 initium
2117 4013 2203 4058 est
2257 4014 2312 4058 et

729 4098 899 4154 veluti
928 4098 1188 4157 stimulus
1219 4099 1428 4156 ventris
1457 4098 1746 4167 ingluvies,
1766 4098 2085 4153 innumeras
2110 4113 2313 4153 ternm-

732 4209 833 4245 nas
876 4191 1188 4261 perpetiens
1230 4190 1580 4245 convolvitur
1604 4230 1619 4254 ,
1655 4200 1709 4245 et
1738 4191 1895 4258 quasi
1926 4190 2150 4246 lascivis
2176 4207 2311 4261 pue-

736 4288 833 4346 ris,
870 4283 1158 4353 cupiditati
1207 4292 1267 4337 et
1298 4280 1595 4336 iracundiae
1632 4280 1870 4335 ludibrio
1899 4290 1983 4337 est
2006 4323 2021 4336 .
2053 4283 2128 4337 lta
2158 4299 2313 4338 mens

733 4390 930 4450 sponte
960 4397 1019 4435 se
1066 4381 1225 4433 malis
1278 4380 1612 4449 immergens
1632 4420 1646 4443 ,
1678 4380 1793 4447 ipsa
1832 4377 1939 4432 sibi
1969 4381 2315 4435 contumeliae

735 4488 909 4543 genus
961 4473 1262 4540 intorquet,
1313 4478 1369 4525 et
1427 4468 1666 4537 undique
1719 4474 1975 4534 cooperta
2037 4465 2313 4532 miseriis,

2400 1977 2457 2022 at
2485 1977 2633 2024 certe
2663 1984 2928 2023 sensuum
2979 1972 3251 2026 meatibus
3302 1973 3533 2027 omnino
3564 1976 3951 2043 specularibus
3973 2016 3993 2039 ,

2403 2062 2647 2116 luciferis
2679 2071 2736 2117 et
2779 2065 2990 2118 nuntiis
3036 2068 3551 2137 comprehensionis
3594 2086 3773 2123 rerum
3797 2110 3811 2133 ,
3844 2078 3907 2124 ut
3938 2071 3996 2125 id

2399 2156 2563 2209 etiam
2596 2158 2779 2210 statim
2815 2160 3124 2228 apparebit,
3177 2162 3321 2229 quod
3359 2176 3456 2231 per
3508 2164 3608 2216 bos
3637 2164 3901 2217 hauriens
3936 2172 3997 2218 et

2404 2264 2525 2304 sese
2580 2250 2881 2306 referciens
2922 2253 2973 2306 in
3016 2268 3103 2307 me
3135 2254 3301 2308 veluti
3361 2256 3697 2313 temulentis:
3744 2256 3993 2323 pristinre

2405 2342 2666 2395 vomitum
2719 2344 2961 2401 cll'undat
2982 2385 2997 2407 ,
3029 2356 3079 2399 et
3114 2348 3430 2415 turpissime
3460 2349 3833 2405 debaccbetur
3857 2390 3871 2402 .
3909 2351 3995 2404 'l‘u

2409 2447 2561 2487 meos
2592 2449 2811 2499 sensus,
2836 2446 2888 2491 et
2919 2452 3110 2492 eorum
3143 2439 3433 2495 facultates
3465 2442 3773 2497 maledictis
3798 2458 3999 2507 vexas,

2406 2523 2697 2591 speluncas
2729 2538 2784 2581 et
2825 2529 2999 2583 lustra
3049 2529 3225 2585 ferina
3278 2535 3714 2603 cognominans,
3748 2548 3996 2602 quorum

2404 2624 2571 2677 Opera
2608 2617 2865 2672 maximis
2892 2618 3086 2674 all‘eeta
3127 2622 3413 2677 beneﬁciis
3445 2625 3519 2677 ita
3562 2628 3779 2693 ingrato
3813 2634 3869 2677 et
3894 2625 4006 2678 im-

2406 2709 2635 2760 memori
2691 2712 2879 2764 animo
2924 2713 3257 2771 es?Nonne
3314 2717 3564 2772 discendi
3606 2719 3818 2771 artibus
3872 2728 4006 2769 tan-

2407 2810 2571 2863 quam
2604 2801 2887 2867 pontibus,
2929 2814 2987 2857 ut
3017 2807 3087 2859 ad
3121 2822 3210 2863 res
3240 2810 3697 2881 contemplandas
3734 2826 3860 2879 qua:
3892 2809 4002 2863 sub

2410 2888 2825 2957 intelligentiam
2867 2897 3141 2955 duntaxat
3166 2904 3374 2955 cadunt
3399 2903 3718 2972 trajiciaris,
3759 2918 3860 2957 usa
3886 2918 3947 2957 es
3973 2904 4003 2956 τ

2410 2982 2661 3045 Quonam
2702 2996 2864 3054 pacto
2899 3004 2995 3044 eas
3034 2991 3194 3047 initio
3222 2994 3344 3048 sine
3379 2996 3520 3050 meis
3551 2994 3810 3050 sensibus
3843 3010 4005 3049 com-

2412 3079 2707 3142 parasses?
2733 3080 3227 3140 Aritlnneticamne
3275 3095 3373 3141 aut
3423 3087 3799 3142 barmonicam
3829 3088 4005 3141 disci-

2411 3168 2943 3233 plinam‘habuisses
2982 3192 3250 3246 unquam,
3298 3179 3406 3234 nisi
3443 3181 3593 3235 auris
3645 3180 4002 3245 exstitisset;

2409 3271 2478 3310 an
2527 3273 2883 3316 numerorum
2921 3268 3330 3335 proportiones,
3368 3281 3463 3325 aut
3494 3271 3883 3341 geometriam,
3906 3280 4007 3324 aut

2410 3351 2765 3421 astrologiam
2789 3393 2805 3419 ,
2856 3358 2960 3413 nisi
3023 3359 3206 3414 lumen
3254 3362 3540 3417 oculorum
3575 3363 3839 3417 elusisset
3863 3362 3889 3416 ἲ
3928 3378 4003 3415 an

2408 3440 2718 3497 doctrinam
2755 3448 2821 3500 de
2852 3448 3105 3516 pulsibus
3136 3459 3193 3505 et
3244 3453 3499 3508 medendi
3532 3454 3818 3509 scientiam
3842 3493 3859 3519 ,
3891 3454 4003 3507 nisi

2409 3537 2663 3603 tangendi
2696 3548 2747 3591 et
2775 3543 3027 3607 gustandi
3068 3558 3268 3600 sensus
3302 3546 3397 3601 tibi
3424 3547 3567 3601 viam
3607 3545 4005 3616 patefecisset!

2410 3625 2542 3682 Meis
2583 3630 2748 3695 igitur
2778 3634 3035 3687 sensibus
3081 3635 3311 3702 ablatis,
3347 3639 3458 3693 tuis
3501 3639 3787 3693 convulsis
3820 3640 4010 3707 ponti-

2410 3720 2548 3784 bus,
2598 3722 2729 3790 quid
2791 3724 2885 3779 tibi
2957 3726 3234 3796 reliquum
3296 3730 3447 3783 aliud
3506 3732 3770 3799 supersit,
3829 3745 4009 3799 quam

2412 3813 2561 3866 humi
2586 3854 2600 3879 ,
2633 3825 2686 3868 et
2718 3815 2862 3869 inter
2898 3833 2986 3873 res
3027 3820 3320 3876 sensibiles
3360 3822 3596 3877 volutari
3621 3862 3635 3884 .
3666 3822 3749 3876 vel
3782 3836 3851 3877 ne
3901 3824 4009 3878 bas

2412 3907 2633 3976 quidem
2687 3908 2740 3961 in
2773 3918 2947 3963 totqu
2986 3912 3279 3982 attingere,
3315 3928 3497 3982 neque
3527 3923 3799 3984 quantum
3836 3924 4009 3969 terra

2414 3999 2781 4054 meditullium
2817 4012 2900 4057 est
2925 4043 2941 4066 ,
2977 4003 3087 4057 vita
3126 4006 3402 4060 sentiendi
3437 4015 3693 4076 compote
3726 4006 3875 4072 frui,
3904 4008 4008 4063 sed

2412 4092 2529 4147 sola
2567 4092 2613 4146 si
2653 4110 2737 4149 res
2773 4094 2846 4147 ita
2907 4094 3085 4161 ferat,
3116 4096 3431 4164 plantaria;
3464 4108 3519 4152 et
3567 4108 3682 4151 tum
3718 4113 3847 4152 vere
3900 4098 4009 4154 sub

2412 4194 2827 4239 monumentum
2856 4200 3241 4258 carceremque
3272 4202 3476 4243 caicum
3499 4187 4008 4253 defossa,materi:e

2414 4278 2675 4333 sordibus
2739 4280 3064 4346 submersa,
3101 4289 3157 4334 et
3218 4281 3507 4350 profunda:
3568 4280 3775 4350 illigata
3844 4280 4009 4348 faeci,

2416 4384 2619 4424 exeam
2672 4370 2831 4439 talpa:
2901 4379 2999 4424 aut
3048 4371 3357 4442 eujnspiam
3418 4372 3782 4442 plautaminis
3831 4374 4011 4427 vitam

2416 4460 2627 4522 trahas.
2675 4476 2764 4516 me
2815 4462 3020 4528 solum,
3078 4473 3135 4516 ut
3184 4465 3303 4531 ipsa
3362 4465 3572 4519 comice
3624 4465 3959 4535 perstringis
3992 4504 4011 4530 ,

740 4565 1000 4617 indecore
1034 4561 1288 4616 Lascivit:
1325 4560 1521 4615 deinde
1564 4559 1636 4613 ob
1667 4559 1769 4613 hoc
1818 4557 2191 4613 voluntarium
2226 4560 2311 4612 in.
2341 4579 2390 4638 ο
2416 4563 2658 4609 ostreato
2730 4553 3053 4609 indumento
3124 4554 3516 4609 circumdata?
3554 4552 3711 4610 Nunc
3781 4572 3916 4611 vero
3958 4566 4012 4611 te

736 4656 1042 4712 fortunium
1083 4655 1150 4710 de
1202 4669 1263 4709 se
1293 4662 1614 4721 conquesta,
1651 4667 1877 4722 sumque
1933 4650 2313 4720 deploratione

736 4749 1066 4806 calamitatis
1096 4746 1374 4811 defuncta,
1399 4744 1531 4800 mihi
1559 4744 1767 4798 crimen
1802 4744 2035 4797 intentat
2066 4752 2119 4796 et
2142 4742 2315 4795 malo-

738 4860 858 4898 rum
895 4856 1114 4896 causam
1146 4840 1414 4903 attribuit,
1443 4848 1519 4902 et,
1546 4846 1605 4891 ut
1641 4836 1859 4900 videtis,
1886 4851 2076 4904 pmnas
2105 4834 2310 4904 exigit;

743 4954 807 4993 ac
857 4934 1124 4990 conviciis
1150 4946 1461 5001 aspergeus,
1483 4928 1613 4999 quid
1643 4945 1750 4983 non
1784 4930 1838 4982 in
1874 4942 1959 4981 me
1984 4927 2275 4982 cavillator
2295 4966 2311 4992 ,

742 5032 872 5102 quid
906 5046 1010 5082 non
1047 5026 1288 5081 irridet?
1318 5024 1645 5092 Sepulcrum
1679 5038 1765 5077 me
1796 5032 1989 5085 vocat,
2024 5030 2313 5082 catenam,

740 5127 931 5182 faecem
963 5125 1149 5184 imam,
1179 5132 1233 5174 et
1263 5134 1329 5173 ex
1361 5118 1675 5174 Chaldaicis
1708 5116 1891 5186 nugis,
1924 5116 2167 5171 materia:
2196 5129 2315 5167 sor-

742 5221 837 5273 des
897 5227 953 5272 et
1010 5215 1378 5286 quisquilias,
1424 5212 1633 5266 dolium
1704 5219 2032 5281 pertusum,
2068 5223 2311 5263 crucem.

739 5312 903 5378 Atqui
949 5312 994 5363 si
1028 5324 1158 5363 vere
1190 5323 1311 5362 sum
1371 5321 1473 5377 ego
1527 5314 1985 5369 monumentum,
2022 5303 2113 5374 qui
2156 5304 2213 5357 lit
2259 5310 2318 5356 ut

744 5421 849 5458 non
884 5404 1013 5457 huic
1059 5401 1417 5470 persuadeam
1451 5399 1517 5455 ad
1576 5399 1666 5453 Dei
1701 5397 2115 5454 similitudinem
2166 5398 2317 5451 ellico

742 5505 852 5550 tam
910 5505 1139 5549 mortem
1188 5492 1434 5547 studiose
1482 5490 1767 5554 meditari,
1798 5489 1893 5543 sed
1938 5490 2005 5543 ad
2055 5488 2315 5552 delicias,

740 5592 885 5659 quod
917 5598 1011 5651 ait,
1032 5588 1341 5656 pertrabam
1365 5586 1387 5635 ?
1413 5585 1456 5639 si
1493 5594 1708 5650 catena,
1724 5586 1816 5653 qui
1851 5584 1907 5636 fit
1940 5592 1996 5635 ut
2030 5597 2137 5635 non
2172 5597 2318 5635 com-

743 5682 986 5750 primens
1040 5696 1066 5731 a
1121 5680 1394 5749 peccando
1446 5676 1882 5743 coliibeam,scd
1918 5676 1983 5728 ad
2026 5675 2315 5729 nefandam

742 5773 953 5828 inerti-.e
984 5773 1255 5827 licentiam
1287 5771 1626 5841 corripiant?
1661 5772 1789 5835 Quae
1813 5779 2003 5823 catena
2034 5782 2142 5822 non
2167 5777 2316 5823 arcet

745 5867 814 5927 ab
843 5866 1043 5937 injuria
1083 5877 1137 5924 ct
1171 5865 1580 5935 maleﬁcio,scd
1614 5880 1679 5923 eo
1708 5863 1951 5921 vinctum
1976 5861 2060 5919 vel
2082 5863 2312 5922 invitum

2421 4656 2572 4702 certe
2610 4649 2989 4703 excutientem
3032 4648 3100 4701 ab
3129 4658 3258 4704 ortu
3282 4650 3349 4703 ad
3382 4649 3829 4717 cognoscendum
3871 4666 4013 4706 ocu-

2420 4740 2587 4794 latam
2630 4738 2759 4803 feci,
2800 4738 2868 4793 ad
2902 4738 3300 4808 philosophiam
3352 4741 3594 4803 admovi,
3628 4749 3683 4794 et
3712 4740 4011 4811 degustato

2422 4833 2651 4898 lumine,
2686 4848 2782 4903 per
2814 4832 2993 4902 ipsum
3034 4841 3092 4885 ut
3143 4842 3302 4887 terra:
3350 4833 3799 4897 concretionem,
3834 4837 4011 4890 maris

2426 4924 2781 4988 refusionem,
2811 4926 2936 4980 C(BIi
2989 4926 3493 4997 conglobationem,
3524 4936 3579 4980 et
3629 4925 3815 4979 omnia
3882 4942 4011 4996 quae

2423 5030 2555 5075 sunt
2616 5020 2669 5074 in
2717 5019 2858 5076 ctelo
2914 5019 3181 5075 miracula
3217 5028 3483 5088 tanquam
3535 5018 3589 5072 in
3645 5019 3878 5089 speculo
3921 5024 4009 5073 in-

2424 5113 2678 5177 tuereris,
2710 5113 2959 5167 concessi
2999 5131 3012 5166 :
3042 5122 3214 5182 utque
3261 5113 3511 5182 partibus
3546 5111 3815 5167 omnibus
3867 5126 4009 5167 con-

2422 5208 2642 5264 cordem
2684 5215 3037 5270 concentum,
3073 5207 3166 5275 qui
3221 5204 3588 5265 ineffabilibus
3626 5204 3787 5259 souis
3838 5204 4009 5274 Opili-

2425 5315 2542 5354 cem
2573 5299 2882 5354 conclamat
2910 5297 3241 5358 exaudieris.
3270 5304 3325 5350 et
3362 5310 3431 5350 ex
3466 5310 3650 5350 rerum
3683 5304 4006 5349 creatarum

2426 5391 2840 5462 magnitudine,
2888 5389 3332 5459 pulchritudine,
3394 5388 3665 5443 concinna
3720 5390 4012 5451 motione,

2426 5500 2654 5541 movens
2701 5485 2833 5539 illud
2889 5482 3216 5548 immobile,
3250 5491 3307 5536 et
3372 5483 3612 5552 primum
3676 5489 3733 5533 et
3792 5480 4015 5549 ipsissi-

2426 5594 2574 5633 mum
2632 5582 2835 5631 bonum
2884 5574 3201 5640 informari,
3241 5582 3292 5627 et
3352 5574 3419 5627 ad
3462 5572 3622 5641 cujus
3661 5572 4012 5641 exemplaris

2426 5670 2669 5739 primarii
2721 5669 3009 5739 imaginem
3051 5668 3190 5723 facta
3232 5666 3422 5731 fueris,
3450 5666 3771 5720 memoriam
3839 5678 4014 5719 reno-

2426 5764 2556 5820 tavi.
2584 5762 2749 5832 Atqui
2792 5764 2896 5816 hoc
2955 5758 3276 5831 praeclarius
3316 5758 3448 5830 quid
3486 5757 3654 5811 menti
3704 5756 3887 5827 possit
3918 5770 4020 5811 ac-

2424 5857 2641 5925 cidere,
2676 5870 2843 5928 quam
2897 5871 2963 5914 ex
2998 5854 3066 5913 iis
3095 5869 3216 5927 qua:
3246 5853 3387 5912 meis
3414 5851 3673 5913 sensibus
3728 5850 4015 5908 hannon-
