4274 6452
266 357 372 420 985

1596 360 2045 426 PllOSOPOPfE
2059 367 2170 426 ΜΞ.

3399 365 3506 428 986

269 481 380 534 “Ir.
446 466 614 525 Deut“
676 473 964 540 reperire?
1039 472 1147 526 Nec
1205 473 1382 527 solum
1456 474 1531 528 ita
1599 490 1695 543 per
1755 480 1910 533 meA
1942 483 2202 548 subjectis
2240 483 2533 536 incudibus
2578 483 3018 551 obstrepentibus
3067 480 3332 534 fabricare
3363 498 3378 534 :
3411 487 3502 534 aut

268 562 506 629 primum
562 562 626 615 ad
700 562 867 616 Deum
927 562 1213 627 ascendit,
1271 563 1365 617 sed
1420 564 1585 617 etiam
1636 579 1670 618 a
1727 564 1836 619 Deo

266 655 547 714 dolabeos,
586 668 652 709 eo
701 670 795 721 per
853 670 938 708 me
974 672 1194 711 rursum
1230 656 1386 711 redit.
1422 655 1557 709 Nam
1608 670 1703 726 per
1753 670 1839 708 me

267 746 566 812 picuitendi
615 757 669 800 et
723 747 935 800 veniam
978 747 1300 815 impetrandi
1353 747 1532 800 locum
1588 745 1835 808 invenit;

267 837 311 888 si
354 837 502 889 enim
558 850 588 888 a
645 850 731 888 me
771 835 1045 903 disjnncta
1086 846 1140 887 ct
1181 845 1333 888 extra
1398 850 1596 904 corpus
1652 832 1838 896 tuerit,

266 941 336 979 ne
398 927 666 994 pmuitcre
720 927 938 995 quidem
1007 926 1212 996 peccati
1270 927 1501 993 primum
1551 926 1834 991 potuerit.

268 1031 320 1069 ut
389 1033 563 1085 neque
639 1017 730 1086 qui
785 1019 1105 1072 deciderunt
1185 1019 1400 1086 angeli;
1484 1031 1628 1069 nunc
1699 1028 1829 1067 vero

267 1124 390 1162 mea
433 1111 743 1179 conjugntio
787 1111 888 1162 hoc
921 1124 1140 1178 quoque
1170 1110 1366 1162 bonum
1407 1109 1456 1161 ei
1499 1108 1688 1176 largita
1724 1114 1826 1160 est.

265 1202 515 1268 Quantas
561 1205 707 1255 enim
741 1213 794 1255 ct
841 1213 1194 1271 quotcunque
1239 1199 1603 1268 turpitudines
1657 1214 1839 1268 asper-

266 1294 440 1357 serit,
480 1309 558 1350 ea:
595 1295 730 1347 meis
787 1294 1080 1348 sudoribus
1111 1294 1400 1357 eluuntur,
1427 1301 1482 1344 et
1537 1293 1656 1344 nive
1713 1307 1839 1344 can-

265 1385 452 1440 didius
485 1386 867 1439 clarifirantur
900 1403 914 1449 ;
951 1400 1075 1439 nam
1125 1400 1288 1452 supra
1342 1384 1563 1437 herbam
1621 1397 1836 1435 clunem

265 1473 629 1535 abluentium,
667 1483 720 1526 et
766 1484 964 1541 prmter
1001 1472 1222 1540 hyssopi
1270 1472 1523 1539 quamvis
1564 1475 1838 1540 aspersio-

267 1579 395 1618 nem
448 1572 628 1617 exstat
683 1580 744 1617 ea
792 1580 915 1632 quae
967 1565 1160 1618 dillluit
1207 1581 1237 1619 e
1273 1565 1442 1625 meis.
1478 1572 1536 1617 ut
1591 1563 1704 1630 ipsa
1759 1564 1839 1616 di-

267 1657 451 1720 xerit,
489 1656 770 1724 speluncis
798 1693 813 1718 ,
850 1667 909 1708 ut
939 1671 1072 1725 ego,
1113 1656 1356 1710 fontibus
1399 1654 1685 1724 pellucidis
1709 1693 1724 1715 ,
1759 1655 1838 1706 la-

267 1765 497 1821 cryma,
555 1750 766 1814 inedia,
825 1750 975 1802 humi
1030 1749 1250 1804 cubitus
1304 1749 1618 1817 praedurus,
1683 1745 1838 1800 ﬂexis

266 1843 500 1912 genibus
551 1842 864 1908 deprecatio
896 1879 912 1904 ,
951 1841 1005 1895 in
1035 1842 1289 1909 precibUs
1325 1839 1501 1894 defixa
1538 1836 1831 1893 immobili-

270 1946 356 1991 ter
411 1943 842 2002 constanterque
886 1932 1152 1996 intentio,
1189 1932 1423 2000 pectoris
1454 1933 1734 2000 percussio
1759 1971 1772 1994 ,
1811 1945 1842 1984 e

268 2032 496 2093 pet-tore
546 2023 806 2092 prodiens
837 2023 1022 2090 gravis
1076 2021 1280 2083 furnus,
1320 2022 1600 2077 interioris
1629 2019 1842 2075 inflam-

269 2116 536 2170 mationis
575 2114 861 2176 iudicium,
894 2114 1111 2183 aliaque
1153 2130 1216 2167 ex
1249 2114 1450 2182 quibus
1492 2113 1842 2182 multipotens

269 2206 578 2277 paenitendi
641 2208 902 2261 miscetur
954 2208 1435 2264 medicamentum.
1468 2206 1572 2260 Tot
1614 2219 1843 2259 numero

269 2299 547 2353 bonorum
604 2299 730 2352 novi
759 2302 1051 2354 recondere
1112 2301 1396 2353 thesauros
1445 2311 1564 2365 ego,
1597 2313 1659 2350 ex
1697 2313 1848 2349 men-

267 2393 343 2446 tis
400 2406 534 2445 mea:
586 2391 862 2445 sententia
927 2398 1325 2460 pertusum,et
1377 2389 1511 2443 nihil
1557 2389 1846 2443 continens

267 2482 503 2538 dolium.

345 2573 453 2628 Sed
487 2573 666 2641 inepte
696 2572 944 2628 fortassis
976 2584 1022 2627 et
1053 2580 1247 2642 prmter
1271 2571 1528 2626 decorum
1579 2569 1719 2639 apud
1752 2583 1848 2623 vos

271 2667 481 2737 quibus
550 2666 677 2719 talia
738 2667 862 2718 trita
917 2677 1080 2729 sunt,
1118 2665 1331 2734 singula
1388 2665 1615 2717 dicendo
1663 2677 1846 2732 perse-

269 2775 464 2830 quor:
498 2758 684 2826 itaque
740 2758 1056 2812 summatim
1097 2765 1153 2810 et
1191 2757 1381 2825 paucis
1419 2756 1843 2815 ostendendum,

272 2851 425 2922 quod
467 2867 591 2921 qua:
621 2849 753 2904 mihi
786 2865 816 2904 a
852 2862 1036 2903 mente
1068 2847 1202 2903 vitio
1238 2855 1546 2911 vertuntur,
1577 2861 1639 2900 ea
1668 2846 1849 2914 potius

273 2958 479 3012 passus
533 2943 637 2996 sim
692 2956 855 3010 quam
890 2941 1114 2995 fecerint
1154 2955 1317 3008 ;qua:
1357 2948 1537 2992 autem
1581 2937 1723 2991 facio
1757 2951 1849 2989 na-

275 3048 402 3090 tura
433 3038 593 3098 duce,
625 3048 858 3102 qua-que
890 3032 1124 3087 couticio
1151 3033 1267 3085 haec
1303 3040 1451 3086 sunt.
1493 3028 1846 3097 Philosophia

1940 574 2168 642 guttulis
2200 591 2228 627 a
2265 585 2408 628 terra
2439 575 2836 630 exsudantibus
2866 574 3106 631 collectis
3125 583 3314 640 stagna
3336 573 3504 624 confl-

1941 678 2101 725 cere,
2128 675 2218 717 aut
2262 674 2452 719 contra
2502 680 2676 719 saevos
2739 675 2930 720 ventos
2955 704 2970 726 ,
3001 664 3248 718 furentes
3308 662 3503 715 fluctus

1940 751 2231 821 obluctari,
2266 771 2654 824 nonnunquam
2714 757 2877 808 etiam
2945 756 2998 807 in
3041 753 3367 822 profundum
3410 753 3505 804 de-

1940 863 2125 902 orsum
2178 861 2336 900 verso
2376 847 2587 915 capite,
2617 855 2814 900 natans
2873 851 3055 904 teror.
3112 851 3164 895 et
3199 843 3506 895 militariter

1940 937 2226 1006 disjectum
2279 946 2347 989 et.
2374 936 2604 990 scissum
2662 934 2867 988 ictibus
2921 934 3176 987 omnibus
3226 933 3405 994 obsto,
3438 946 3504 983 ne

1939 1029 2113 1082 dicant
2154 1029 2220 1080 ad
2258 1042 2392 1095 quas
2430 1026 2762 1079 exercendas
2813 1035 2959 1078 artes
3012 1041 3178 1078 vanas
3224 1034 3280 1078 et
3314 1025 3506 1076 inanes

1941 1121 1989 1172 vi
2048 1129 2293 1174 coactum
2351 1118 2629 1181 institnor,
2664 1133 2785 1169 cum
2835 1117 3322 1185 prmstigiatoribus
3349 1131 3502 1169 exse-

1939 1211 2160 1265 crandis
2199 1211 2475 1278 subjicior,
2507 1212 2808 1275 doceorque
2840 1209 3023 1262 funem
3061 1210 3316 1262 extremis
3352 1205 3500 1274 pedi-

1941 1304 2040 1356 bus
2091 1303 2355 1356 scandere
2402 1312 2456 1354 et
2513 1301 2828 1362 ambulare,
2863 1300 3118 1367 subjectis
3173 1298 3500 1368 pugionibus

1942 1393 2237 1461 tripudiare
2258 1432 2273 1453 ,
2309 1393 2485 1460 capite
2536 1392 2776 1446 demisso
2815 1391 2974 1445 salire
2998 1431 3010 1452 ,
3041 1389 3254 1458 lapillos
3288 1398 3341 1440 et
3371 1388 3498 1440 ferri

1940 1484 2239 1553 particulas
2295 1485 2600 1545 ilev0rare;
2654 1491 2816 1551 atque
2883 1496 3062 1535 rerum
3093 1483 3163 1533 ita
3201 1478 3499 1533 difﬁcilium

1941 1588 2103 1643 atque
2159 1575 2573 1637 miscrabilium,
2601 1582 2654 1627 et
2707 1575 2912 1641 alioqui
2955 1587 3307 1640 operosarum
3338 1584 3507 1638 quam.

1943 1681 2052 1718 non
2108 1681 2138 1718 a
2187 1681 2352 1732 puero
2412 1665 2858 1718 exercitationem
2911 1662 3502 1730 conticio?\’igentem

1942 1757 2214 1825 attingens
2281 1765 2494 1809 :etatcm
2570 1772 2655 1808 me
2721 1756 2970 1824 pertinax
3021 1765 3074 1808 et
3155 1753 3505 1805 ambitiosum

1947 1859 2140 1920 prmstn
2169 1864 2184 1914 ;
2217 1865 2334 1902 eam
2376 1849 2650 1903 excedens
2691 1858 2928 1912 aetatem,
2973 1848 3139 1900 nihilo
3193 1844 3386 1898 minori
3419 1859 3507 1895 co-

1947 1954 2074 1996 natu
2126 1943 2385 2003 elaboro;
2425 1940 2836 1993 corroboratuin
2878 1950 2932 1992 et
2978 1953 3290 1999 senescens,
3355 1936 3510 1988 addi-

1946 2047 2102 2088 scere
2138 2047 2246 2086 non
2280 2046 2434 2086 cesso
2474 2032 2632 2086 etiam
2669 2031 2810 2101 quod
2864 2031 3173 2097 cxcogitatu
3210 2027 3514 2096 sapientius

1946 2126 2191 2193 sitquam
2215 2139 2334 2193 qua:
2353 2123 2582 2192 juvenes
2602 2123 2900 2176 moliuntur
2923 2140 2934 2184 ;
2954 2133 3006 2174 et
3028 2129 3086 2174 ut
3110 2121 3162 2172 in
3189 2119 3505 2172 universum

1947 2217 2148 2277 dicam,
2189 2216 2323 2267 nihil
2354 2223 2436 2268 est
2469 2213 2614 2282 quod
2678 2225 2794 2268 arte
2854 2213 3054 2280 parari,
3088 2211 3233 2278 quod
3265 2209 3512 2263 doctrina

1950 2307 2086 2361 tradi
2134 2307 2338 2374 possit,
2371 2306 2436 2359 ad
2492 2307 2636 2374 quod
2686 2320 2791 2358 non
2841 2304 3083 2357 adducar
3107 2343 3122 2365 ,
3156 2303 3288 2354 nihil
3322 2301 3476 2353 factis
3500 2341 3516 2363 ,

1950 2402 2087 2456 nihil
2150 2402 2312 2455 dictis
2376 2402 2542 2454 menti
2600 2400 2798 2453 volenti
2855 2413 3185 2467 repugnans,
3227 2406 3284 2449 ut
3340 2412 3515 2464 neque

1949 2497 2308 2555 animantium
2341 2496 2707 2564 subjugalium
2749 2506 2802 2549 et
2851 2495 3272 2547 inanimatorum
3307 2491 3516 2542 instru-

1951 2599 2259 2642 mentorum
2299 2587 2796 2654 obsequentissima
2852 2599 3101 2653 qumque.
3135 2583 3212 2635 Au
3253 2582 3414 2634 etiam
3449 2577 3514 2629 ad

1951 2680 2200 2733 obeunda
2267 2677 2480 2730 virtutis
2535 2678 2742 2736 munia,
2797 2677 2904 2728 illis
2954 2676 3111 2741 longe
3160 2671 3512 2741 jttt'Ulllel‘a,

1953 2771 2153 2835 facilia,
2186 2781 2392 2823 natura:
2444 2767 2818 2833 congruentia,
2855 2766 3100 2834 incptutn
3153 2772 3206 2814 et
3258 2763 3517 2814 adversa-

1956 2863 2118 2926 rium,
2149 2871 2202 2914 et
2263 2860 2427 2913 veluti
2500 2873 2829 2926 repugnans,
2865 2856 3212 2916 SClillltlslllll,
3248 2851 3519 2905 hostiliter

1951 2968 2073 3006 sunt
2124 2949 2426 3003 allectum?
2472 2951 2539 3000 At
2581 2949 2633 3001 id
2697 2948 2791 3000 tibi
2824 2944 3022 3000 dicenti
3071 2958 3178 2996 non
3234 2942 3518 2995 crederent

1951 3042 2149 3113 egregii
2187 3041 2419 3093 victores
2454 3040 2530 3092 illi
2563 3047 2828 3108 martyres
2851 3047 2902 3090 et
2933 3037 2988 3089 hi
3011 3035 3222 3103 judices
3254 3033 3514 3085 virtutum

271 3127 436 3181 enim
473 3142 566 3193 per
608 3141 772 3196 quam
832 3126 898 3179 ad
937 3125 1103 3178 Deum
1153 3122 1488 3184 attollimur,
1512 3121 1565 3174 in
1600 3128 1844 3175 contem-
1879 3154 1959 3213 (Γ

1835 3145 1844 3156 '
1879 3154 1924 3213 α
1955 3135 2192 3189 cultores
2218 3171 2232 3194 ,
2263 3133 2353 3200 qui
2393 3147 2682 3200 corporum
2726 3128 3118 3184 certaminibus
3174 3128 3523 3193 incorporeo-

274 3217 579 3285 plationem
615 3225 668 3269 et
711 3214 983 3268 actionem
1046 3222 1230 3276 secta,
1269 3209 1539 3280 siquidem
1595 3217 1841 3263 contem-

275 3307 568 3377 platricem
625 3321 688 3359 ea
736 3306 902 3359 vitam
938 3303 1316 3372 amplexetur,
1354 3315 1588 3370 perone
1630 3309 1844 3352 natura:

276 3410 449 3466 opera
513 3395 808 3464 perspicit,
843 3405 899 3450 et
930 3409 1028 3463 per
1086 3391 1492 3458 disciplinarum
1543 3401 1736 3459 pontes
1781 3387 1850 3441 ad

275 3503 375 3541 eas
408 3501 498 3541 res
529 3500 653 3555 quae
683 3486 894 3539 ratione
944 3483 1319 3554 intelliguntur
1345 3481 1735 3536 transmittitur
1756 3521 1770 3544 ,
1797 3490 1854 3534 et

278 3590 587 3650 postremo,
621 3577 765 3648 quod
797 3577 985 3641 aiunt,
1012 3576 1081 3630 ad
1125 3575 1301 3644 ipsum
1356 3572 1637 3642 theologia:
1686 3573 1850 3627 limen

279 3670 522 3725 volando
561 3669 952 3738 conquiescit:
982 3668 1065 3723 sin
1107 3681 1216 3735 pra:
1263 3663 1663 3732 contemplandi
1717 3678 1852 3728 pon-

281 3766 468 3825 tibus,
501 3762 694 3833 agendi
741 3762 945 3814 scalam
1003 3759 1190 3822 malit,
1230 3758 1316 3811 hic
1349 3757 1510 3810 etiam
1565 3755 1738 3824 magis
1769 3771 1856 3808 me

282 3853 572 3910 laboribus
649 3849 887 3919 propriis
942 3847 1254 3911 aedificans,
1312 3860 1505 3898 omnes
1576 3845 1852 3897 actionum

283 3947 487 4016 gradus
522 3942 754 3997 invenit.
784 3939 994 4004 Dicam,
1025 3937 1173 4009 quod
1222 3935 1476 3990 omnibus
1510 3936 1738 3996 eminet,
1759 3949 1855 4002 per

285 4053 374 4092 me
417 4037 486 4089 ab
521 4034 730 4102 angelis
781 4031 1061 4100 paululum
1105 4030 1412 4083 diminutus
1472 4028 1675 4092 homo,
1718 4027 1858 4080 mul-

286 4142 402 4185 tum
451 4141 616 4196 supra
645 4125 870 4193 angelos
904 4123 1128 4178 excellit
1162 4122 1323 4192 (quis
1361 4120 1508 4174 enim
1540 4120 1854 4190 angelorum

285 4220 464 4287 possit
497 4233 618 4288 quae
660 4215 807 4270 Deus
860 4229 1056 4284 passus
1094 4224 1216 4276 est,
1242 4223 1298 4267 et
1335 4222 1393 4266 ut
1423 4212 1589 4265 homo
1624 4221 1855 4265 mortem

286 4310 499 4366 imitari
552 4308 828 4379 potuit?)
857 4322 952 4377 per
1005 4320 1093 4360 me
1144 4308 1329 4374 utique
1358 4319 1582 4367 erasum,
1620 4311 1856 4364 tortum,

283 4401 554 4456 laniatum
581 4440 596 4464 ,
628 4409 684 4453 et
713 4407 992 4468 postremo
1045 4397 1204 4450 morti
1254 4395 1550 4457 traditum,
1581 4406 1636 4447 et
1670 4392 1858 4446 divino

1959 3235 2077 3273 rum
2138 3227 2364 3272 naturas
2426 3228 2778 3287 exsuperant.
2819 3217 3016 3270 Verum
3069 3226 3280 3283 tempus
3327 3226 3432 3279 εει,
3465 3225 3525 3267 ut

1957 3325 2144 3366 eorum
2180 3325 2302 3377 qua:
2335 3309 2572 3364 diximus
2616 3323 2825 3362 summa
2874 3309 3052 3376 capita
3105 3321 3521 3372 recenseamus,

1958 3413 2014 3456 et
2052 3400 2443 3469 Opportnniora
2473 3402 3008 3468 congruentioraqne
3047 3412 3452 3466 percurramus.

2030 3493 2348 3548 Accusatrix
2387 3505 2504 3544 mea
2562 3506 2716 3544 mens
2771 3493 3019 3545 convicta
3070 3499 3175 3555 est,
3220 3489 3358 3545 nihil
3405 3489 3525 3544 sani

1960 3587 2094 3638 vitio
2128 3595 2360 3645 vertere,
2396 3585 2490 3637 sed
2530 3582 2729 3636 frustra
2779 3585 3064 3650 insurgere
3117 3584 3273 3646 mihi,
3308 3591 3362 3636 et
3405 3596 3528 3649 qua:

1961 3678 2236 3744 inculpata
2295 3685 2422 3729 sunt
2482 3674 2780 3730 accusandi
2830 3674 3010 3727 studio
3059 3682 3110 3728 et
3164 3676 3525 3739 Calumniose,

1963 3783 2194 3836 quaeque
2226 3767 2358 3819 mihi
2396 3765 2788 3833 permittuntur
2813 3780 2842 3816 a
2896 3774 3112 3828 natura,
3142 3763 3380 3830 culpare.
3424 3763 3530 3816 De-

1965 3856 2218 3911 fensione
2277 3869 2394 3908 mea
2452 3853 2830 3922 comprobari,
2861 3852 3062 3906 nullam
3132 3863 3226 3906 aut
3270 3851 3528 3920 injuriam

1963 3958 2057 4002 aut
2086 3946 2473 4002 contumeliam
2501 3960 2586 3999 me
2627 3947 2862 3998 dominre
2894 3944 3177 4009 famulum,
3198 3945 3529 4013 imperatrici

1965 4040 2295 4108 obsequens,
2330 4038 2754 4091 instrumentum
2796 4038 2844 4090 ei
2900 4051 3020 4105 qua:
3052 4051 3151 4090 suo
3191 4051 3276 4088 me
3302 4037 3532 4090 arbitrio

1966 4139 2172 4192 utatur,
2237 4129 2440 4182 inferre
2483 4129 2768 4195 p0tuisse:
2818 4126 2911 4179 sed
2968 4126 3139 4192 ipsam
3197 4125 3379 4192 potius
3429 4141 3528 4180 sua

1966 4218 2216 4275 socordia
2255 4225 2676 4286 torpescentem,
2714 4224 2766 4268 et
2808 4214 3178 4268 imbecillitate
3207 4215 3528 4268 mollescen-

1969 4324 2100 4374 tem,
2130 4310 2327 4363 malam
2356 4309 2584 4361 evadere
2619 4323 2632 4370 ;
2662 4316 2717 4358 et
2743 4322 2864 4360 cum
2901 4308 3235 4374 Oportuissct
3268 4307 3532 4374 integere,

1971 4403 2112 4455 hanc
2141 4399 2303 4452 etiam
2342 4411 2529 4465 pcenas
2574 4396 2808 4464 exigere.
2845 4392 2889 4448 0
2922 4395 3302 4448 calamitosum
3346 4407 3398 4448 et
3428 4397 3530 4446 mi-

280 4493 508 4562 corpori
564 4488 879 4545 Servatoris
920 4488 1326 4543 conformatum
1361 4487 1455 4543 :in
1489 4501 1599 4552 quo
1649 4494 1704 4537 et
1732 4497 1858 4552 pec-
1891 4496 1935 4551 ι)

1841 4511 1858 4520 -
1891 4496 1935 4551 D
1972 4505 2156 4546 serum
2199 4504 2284 4543 me
2315 4489 2327 4540 !
2357 4486 2490 4552 Quis
2533 4495 2735 4555 parcet,
2797 4487 2920 4553 quis
2978 4486 3345 4550 miserebitur,
3406 4502 3529 4538 eum

280 4593 472 4640 catum
521 4581 928 4643 condemnavit,
961 4587 1022 4632 ut
1046 4578 1100 4631 in
1126 4577 1283 4631 nobis
1331 4577 1422 4630 Dei
1451 4575 1662 4645 justitia
1709 4589 1857 4628 com-

284 4676 550 4744 pleretnr.
579 4671 852 4739 Quoniam
887 4680 1068 4726 autem
1103 4677 1160 4724 et
1212 4683 1366 4722 mens
1415 4667 1735 4722 sciscitatur
1790 4679 1858 4718 ex

288 4784 412 4833 me,
453 4764 676 4835 quando
741 4777 960 4833 quaque
1011 4769 1171 4817 :etate
1222 4761 1326 4815 sibi
1379 4761 1686 4830 subjectum
1737 4771 1859 4811 esse

285 4859 525 4931 possim,
553 4873 655 4926 ego
693 4855 830 4911 nihil
891 4862 1209 4909 cunctatum
1257 4855 1332 4906 ita
1384 4851 1704 4919 simpliciter
1771 4863 1862 4902 re-

288 4954 582 5024 spondebo
616 4971 630 5008 :
662 4950 961 5020 Ecquando
1002 4963 1107 5004 non
1144 4961 1365 5016 possum
1387 4987 1401 5008 ,
1436 4961 1653 5015 quaque
1706 4952 1864 4999 aetate

280 5061 414 5102 sum
472 5043 862 5112 inobsequens,
896 5042 1010 5109 ipsa
1045 5039 1162 5094 sive
1209 5038 1411 5092 bonum
1437 5075 1453 5100 ,
1486 5037 1601 5091 sive
1636 5050 1861 5104 pravum

281 5133 382 5196 sit,
413 5145 502 5185 me
550 5129 806 5185 ducendo
867 5138 1023 5183 vocet
1054 5128 1159 5180 ?ut
1196 5142 1264 5181 ex
1316 5127 1526 5180 artibus
1578 5126 1863 5196 perspicue

280 5225 488 5291 liquet.
519 5221 750 5277 Nactum
787 5221 1093 5274 litterarum
1142 5217 1440 5275 studiosam
1497 5227 1550 5271 et
1583 5225 1858 5272 amantem

290 5313 609 5371 honestatis
657 5321 917 5379 mentem,
958 5313 1280 5383 paedagogos
1323 5320 1562 5380 sequor;
1593 5309 1868 5380 magistris

289 5419 508 5478 pareo,
551 5404 606 5458 in
675 5405 883 5459 scholis
935 5413 990 5458 et
1033 5403 1322 5458 auditoriis
1384 5402 1602 5456 assideo
1632 5440 1649 5466 ,
1693 5411 1747 5454 et
1799 5402 1866 5454 de

284 5492 619 5549 liberalibus
647 5493 954 5561 disciplinis
990 5502 1046 5546 et
1075 5491 1340 5546 doctrinis
1374 5492 1502 5560 quid
1539 5491 1864 5545 inculcatum

289 5601 408 5642 non
461 5584 750 5652 exprimo?
780 5583 996 5638 Rursus
1029 5598 1147 5638 sum
1188 5597 1288 5653 ego
1325 5595 1555 5636 mentem
1610 5597 1868 5635 exercen-

285 5679 379 5733 dis
417 5676 635 5730 artibus
691 5675 1050 5730 illiberalibus
1098 5685 1278 5744 aptam
1309 5673 1611 5728 sortitum?
1656 5672 1867 5727 Doceor

287 5772 495 5826 iterum
533 5768 825 5838 aedificare,
855 5776 952 5824 aut
983 5767 1251 5839 lapidibus
1306 5777 1538 5835 Struerc,
1577 5776 1670 5822 aut
1719 5778 1866 5823 stans

1973 4587 2140 4642 etiam
2192 4593 2426 4654 cognata
2486 4597 2641 4637 mens
2695 4591 2749 4636 et
2808 4597 3020 4635 mecum
3085 4580 3376 4650 coujngata
3427 4597 3536 4635 non

1972 4679 2282 4739 miseretur,
2318 4689 2495 4742 neque
2530 4673 2665 4728 meis
2717 4669 3159 4726 alﬂietationibus
3205 4671 3402 4724 referta
3447 4680 3537 4724 sa-

1975 4771 2138 4822 tietur
2163 4767 2186 4819 ?
2214 4765 2306 4820 sed
2337 4772 2533 4834 pra-ter
2567 4779 2629 4816 ea
2666 4778 2788 4830 qua
2829 4776 2972 4815 nunc
3003 4761 3179 4830 patior
3199 4802 3212 4826 ,
3246 4771 3301 4815 et
3325 4762 3375 4815 in
3433 4777 3534 4830 po-

1970 4868 2175 4913 sterum
2208 4855 2382 4926 patiar
2428 4853 2546 4922 ejus
2572 4867 2773 4921 opera,
2804 4852 3029 4921 insuper
3063 4853 3211 4906 aliud
3244 4855 3533 4908 recentius

1970 4950 2274 5017 excogitat,
2326 4946 2744 5014 inquisitiones,
2789 4945 2908 4998 lites
2966 4953 3021 4997 et
3083 4945 3465 5000 contentiones
3516 4964 3534 5012 ;

1971 5039 2289 5103 tribunalia,
2320 5038 2469 5091 diros
2492 5045 2746 5100 tortores,
2770 5036 2927 5105 quasi
2961 5050 3067 5087 non
3112 5051 3179 5088 ea
3212 5052 3333 5104 quae
3368 5038 3532 5091 mise-

1973 5146 2095 5184 rum
2119 5131 2294 5200 patior
2315 5129 2429 5196 ipsa
2455 5136 2712 5196 peccante
2731 5125 3022 5181 sulliciant.
3051 5126 3139 5179 Dei
3165 5127 3532 5195 requalitatem

1974 5222 2214 5276 fastuosa
2250 5219 2580 5289 concupivit,
2610 5227 2664 5272 et
2692 5219 2874 5273 statim
2910 5233 3010 5286 ego
3046 5217 3377 5271 mortalitate
3409 5235 3533 5272 sum

1975 5316 2354 5379 interceptum,
2390 5320 2442 5364 et
2476 5311 2542 5364 ad
2568 5309 2842 5378 pulverem
2875 5319 3100 5362 matrem
3135 5323 3484 5363 reversurqu
3517 5327 3529 5362 :

1977 5420 2043 5457 ne
2083 5418 2203 5469 qum
2234 5401 2424 5454 medim
2459 5398 2827 5454 interveniunt
2860 5399 3200 5453 calamitates
3232 5405 3285 5451 et
3336 5399 3536 5451 obsce-

1977 5497 2173 5548 nitates
2212 5507 2530 5557 memorem,
2564 5491 2888 5554 nuditatem,
2935 5490 3166 5543 ﬁculnea
3206 5489 3536 5550 velamenta,

1975 5597 2029 5641 et
2067 5585 2318 5638 coriacea
2364 5583 2706 5646 indumenta,
2741 5583 3114 5636 aculeatarum
3173 5581 3453 5649 spinarum
3483 5589 3538 5632 ct

1978 5675 2301 5728 tribulorum
2347 5675 2516 5726 acies.
2562 5671 2764 5726 Invidia
2820 5689 3013 5726 rursus
3077 5670 3453 5741 conﬂagravit,
3485 5680 3538 5724 et

1977 5766 2108 5822 mihi
2146 5765 2269 5821 tabe
2305 5763 2633 5833 liquefactus
2713 5764 2892 5819 vultus
2959 5763 3238 5819 concidit:
3273 5763 3362 5818 ubi
3410 5776 3548 5814 vero
