4274 6452
749 375 851 440 987

1981 385 2026 446 G
2043 387 2368 451 REGORII
2413 391 2496 450 ΡΛ
2511 393 2734 452 LAM/‘E

3869 376 3979 468 988

750 495 972 547 fratrem
1020 510 1184 548 exosa
1249 494 1469 549 fratrem
1540 509 1624 552 est
1664 515 1797 555 ausa
1867 505 2165 568 trucidare,
2212 505 2732 574 egoAinbumanis
2790 507 3161 567 dmmouibus,
3217 524 3490 576 οκροηοτ.
3553 507 3757 565 Mecum
3833 513 3981 564 hanc

747 589 925 643 statim
953 588 1239 642 tremulum
1277 599 1331 643 et
1352 591 1754 659 queribundum
1774 609 1838 649 ac
1869 597 2127 665 imposito
2151 597 2310 668 signo

747 688 992 731 notatum
1027 692 1080 732 et
1123 680 1434 735 convictum
1476 685 1732 751 vagabar.
1769 686 2000 757 impegit
2056 702 2210 744 meus
2249 688 2305 742 itt

745 770 1164 836 legislationem.
1192 776 1276 828 vel
1305 775 1668 844 prophetiam,
1702 777 1787 833 vel
1816 779 2110 833 sacerdotii
2133 780 2311 849 digni-

745 872 936 924 tatem.
984 877 1038 917 et
1094 865 1227 919 mihi
1284 869 1679 923 maledicentia:
1749 870 2014 940 supplicia
2082 871 2311 927 ﬁrmiter

744 959 1083 1025 inhibentur,
1118 976 1182 1015 ac
1210 961 1391 1016 statim
1424 964 1697 1032 leprosum
1722 963 1950 1019 efficior.
1977 962 2096 1035 ipsa
2119 964 2311 1032 angelo

746 1048 924 1103 fausta
974 1050 1248 1105 nuntianti
1310 1052 1606 1118 dillidit,et
1667 1070 1786 1110 mea
1849 1056 2031 1126 lingua
2094 1055 2312 1111 silentio

745 1141 1129 1208 compeditur;
1160 1141 1276 1198 haec
1313 1155 1432 1197 astu
1491 1143 1706 1199 feminae
1745 1145 1900 1200 malae
1953 1147 2177 1216 decepta
2206 1154 2309 1212 est,

744 1239 799 1284 et
863 1247 964 1299 ego
1020 1249 1288 1299 exciecor,
1341 1244 1394 1290 et
1450 1235 1504 1290 in
1556 1236 1847 1306 pistrinum
1910 1237 2194 1292 detrtttlor.
2251 1236 2309 1292 ln

741 1338 915 1390 pauca
976 1325 1146 1379 multa
1213 1327 1708 1383 contrahamzaut
1758 1344 1880 1385 sum
1936 1342 2060 1382 cum
2127 1337 2311 1382 mente

739 1414 1051 1483 colligatum
1076 1416 1266 1471 humili
1301 1434 1362 1470 ac
1396 1419 1667 1476 illiberali.
1697 1428 1750 1475 et
1780 1428 1940 1474 nocte
1966 1419 2164 1486 dieque
2191 1433 2313 1474 sus-

742 1505 890 1560 tinco
952 1508 1245 1564 continuos
1300 1509 1541 1574 labores,
1578 1511 1645 1564 ad
1695 1510 2070 1580 quotidianum
2126 1511 2307 1564 cibqu

742 1610 979 1664 cumque
1011 1613 1233 1665 parcum
1286 1609 1340 1652 et
1395 1611 1635 1664 tenuem,
1681 1604 1746 1654 ad
1803 1601 2019 1663 lzenam,
2055 1599 2135 1652 vel
2180 1599 2310 1653 sub-

742 1688 989 1741 strictam
1018 1691 1310 1757 quamdam
1341 1701 1396 1744 et
1420 1691 1636 1745 brevem
1662 1693 1925 1758 tunicam,
1957 1692 2040 1744 vel
2066 1690 2310 1760 tegendis

741 1779 985 1832 humeris
1020 1782 1272 1848 penulam
1317 1782 1740 1849 comparandam
1779 1792 1920 1834 :aut
1961 1798 2086 1836 cum
2138 1781 2307 1834 vitam

2413 597 2674 652 vitiorum
2700 599 3019 668 tragmdiam
3058 609 3178 667 agat
3215 601 3304 654 ille
3335 602 3713 659 vocalissimus
3742 601 3979 677 Aposto-

2412 688 2522 750 lus,
2557 704 2700 756 quae,
2736 701 2918 744 mente
2947 705 3141 744 omnes
3181 692 3423 750 habenas
3477 701 3531 746 et
3557 692 3706 747 frena
3739 694 3981 755 laxante,

2413 780 2470 836 in
2507 795 2593 836 me
2643 780 2920 850 peccando
2966 781 3256 836 conferunt
3307 793 3637 839 scortatores
3688 785 3999 847 immanes.

2412 877 2466 924 et
2499 879 2771 939 quotquot
2805 883 2994 926 contra
3027 873 3301 927 naturales
3333 889 3464 928 usus
3495 875 3889 936 accenduntur,
3920 881 3982 925 ut

2413 976 2503 1016 me
2557 961 2858 1029 ignominia
2913 971 3106 1018 notent
3165 963 3420 1018 insolenti
3471 981 3487 1017 :
3543 979 3758 1031 quoque
3814 963 3982 1014 modo

2411 1051 2646 1120 pessime
2661 1052 3067 1121 corrumpendi.
3089 1067 3172 1107 nte
3196 1054 3456 1122 templum
3479 1052 3572 1106 Dei
3596 1062 3980 1120 corrumpunt,

2413 1155 2643 1210 meaque
2680 1141 2924 1195 membra
2954 1157 3076 1212 quae
3102 1151 3231 1197 sunt
3286 1141 3494 1196 Christi
3526 1143 3791 1204 membra,
3823 1156 3984 1194 scor-

2413 1241 2593 1287 torum
2654 1233 2898 1287 membra
2937 1233 3166 1288 faciunt.
3200 1234 3473 1289 Caeterum
3529 1249 3637 1286 non
3670 1233 3757 1286 his
3825 1247 3987 1285 mrus

2413 1325 2686 1379 nullorum
2728 1341 2836 1381 non
2887 1327 3151 1381 malorum
3197 1342 3406 1381 memor
3457 1334 3710 1380 contenta
3750 1334 3854 1385 est,
3888 1326 3986 1375 sed

2412 1430 2509 1470 vos
2537 1416 2764 1486 supplex
2816 1427 2968 1487 rogat
2993 1427 3050 1471 et
3093 1419 3415 1480 obtestatur,
3450 1429 3511 1471 ut
3552 1417 3654 1471 sibi
3705 1415 3986 1469 licentiam

2411 1507 2551 1563 detis
2604 1509 2789 1563 utendi
2849 1525 2937 1564 me
2990 1524 3094 1564 suo
3144 1510 3406 1574 arbitrio,
3455 1507 3782 1576 torquendi.
3843 1506 3990 1559 fame

2413 1599 2660 1665 necandi,
2697 1599 2749 1653 in
2777 1601 3004 1654 exitium
3039 1599 3256 1655 Satanas
3306 1601 3580 1655 tradendi.
3612 1598 3797 1653 Nescit
3838 1598 3988 1651 enim

2412 1690 2651 1757 sapiens,
2687 1705 2747 1744 se
2783 1692 2940 1760 plane
2969 1691 3329 1762 desipientem
3385 1692 3440 1744 in
3471 1707 3535 1745 ea
3590 1690 3831 1744 incidere
3862 1704 3991 1757 qua:

2415 1791 2538 1834 sunt
2603 1781 2654 1834 in
2715 1783 3004 1851 proverbio
3038 1782 3315 1852 :Capram
3380 1782 3524 1836 ferre
3583 1796 3694 1835 non
3734 1791 3989 1848 possunt,

740 1872 1122 1940 voluptuosam
1189 1875 1576 1942 amplexante,
1630 1883 1684 1925 et
1731 1873 1901 1926 multo
1945 1872 2312 1927 deterioribus
2343 1875 2385 1928 Β
2415 1872 2548 1926 mihi
2578 1873 2768 1927 bovem
2803 1875 3085 1944 imponite.
3137 1874 3273 1928 Nam
3324 1874 3370 1929 si
3419 1888 3541 1941 quae
3591 1873 3644 1926 in
3711 1873 3867 1926 nobis
3919 1889 3988 1925 ex

743 1963 898 2016 malis
942 1964 1172 2032 alﬂigor,
1202 1965 1329 2018 dum
1369 1965 1599 2034 singulis
1633 1965 1783 2018 horis
1829 1965 2232 2033 inexplebiliter
2257 1964 2309 2017 in

738 2062 982 2106 ventrem
1050 2053 1339 2117 iulercior,
1388 2063 1442 2110 et
1474 2055 1780 2110 immodicis
1830 2055 1999 2116 cibis,
2056 2055 2307 2124 potibus,

741 2142 906 2195 rebus
939 2144 1185 2196 venereis
1208 2143 1493 2197 disteudor
1522 2151 1576 2196 et
1610 2159 1835 2213 rumpor
1866 2161 1880 2210 ;
1907 2144 2148 2212 hincque
2180 2152 2312 2212 quot

739 2234 1050 2298 morborwn
1081 2236 1396 2303 agminibus
1429 2235 1680 2289 obluctor
1710 2236 1723 2287 Ξ
1782 2235 1892 2288 Aut
1922 2236 2066 2289 enim
2105 2235 2171 2289 ad
2202 2234 2312 2289 lec-

738 2336 850 2378 tum
912 2326 1273 2390 decumbens,
1320 2339 1414 2381 aut
1474 2337 1533 2382 ut
1572 2329 1802 2382 attonita
1851 2328 2097 2398 quaedam
2154 2328 2310 2381 ruina

738 2418 1056 2486 languesco,
1086 2429 1180 2474 aut
1209 2421 1356 2474 febre
1407 2419 1764 2490 colliquesco,
1794 2433 1890 2474 aut
1921 2419 2309 2474 articularibus

736 2511 941 2564 morbis
975 2512 1168 2578 pedum
1208 2522 1262 2565 et
1313 2528 1574 2567 manuum
1617 2522 1915 2582 torqueor:
1951 2521 2065 2566 tum
2091 2522 2146 2566 et
2182 2526 2308 2566 car-

735 2601 988 2656 nilicibus
1029 2603 1257 2661 medicis
1310 2606 1668 2660 mercenariis
1715 2605 2019 2660 curandum
2069 2604 2309 2659 medica~

735 2691 933 2744 mentis
948 2699 1001 2745 et
1019 2690 1362 2760 laniandum,
1384 2708 1778 2765 nonnunquam
1805 2694 1971 2749 etiam
2004 2694 2308 2748 tortoribus

2411 1963 2727 2018 inordinata
2761 1967 2994 2020 materia
3048 1967 3401 2036 aegritudines
3456 1967 3856 2027 adnascuntur,
3886 1980 3986 2018 eas

2410 2063 2471 2110 ut
2531 2056 2688 2111 decet
2743 2057 3134 2128 philosophum
3191 2073 3300 2114 non
3356 2056 3500 2121 fert,
3544 2057 3893 2125 indignatur,
3935 2067 3992 2108 et

2409 2149 2593 2217 gravia
2621 2163 2680 2204 se
2709 2150 2819 2218 pati
2878 2159 3100 2217 censet,
3144 2150 3276 2218 quid
3327 2166 3432 2204 non
3495 2160 3643 2204 esset
3694 2164 3889 2218 passa,
3938 2149 3991 2204 si

2410 2254 2627 2296 mecum
2664 2241 2742 2294 ira
2777 2241 2960 2295 divina
3013 2242 3354 2296 calamitates
3411 2241 3592 2297 illatas
3637 2240 3949 2313 accepisau
3977 2282 3990 2303 ,

2409 2331 2462 2385 in
2498 2331 2640 2386 fastu
2689 2332 2876 2388 inflata
2913 2335 3179 2402 superbit.
3245 2332 3445 2388 Verum
3501 2335 3616 2390 hac
3673 2348 3739 2389 ex
3804 2343 3993 2385 vestro

2407 2421 2714 2492 dependent
2746 2425 2999 2490 arbitrio,
3025 2435 3078 2479 et
3107 2423 3376 2494 quidquid
3401 2423 3574 2477 visunt
3607 2421 3760 2480 vobis
3795 2421 3994 2483 fuerit,

2406 2513 2462 2568 in
2518 2529 2583 2569 co
2647 2523 2907 2584 tanquam
2971 2517 3025 2570 in
3095 2517 3280 2570 divina
3335 2517 3624 2577 sententia,
3694 2523 3808 2566 tum
3869 2529 3997 2580 quas

2405 2606 2674 2673 facienda,
2711 2615 2826 2663 tum
2858 2625 2980 2678 quae
2999 2625 3105 2662 non
3136 2609 3382 2665 facienda
3409 2611 3518 2665 sint
3540 2606 3863 2666 dcfiuicute,
3891 2620 3997 2662 nos

2411 2713 2633 2768 quoque
2666 2701 3102 2770 acquiescemus.

1885 2949 2265 3014 ,ιυρισοΜ
2315 2921 2843 3017 SENTENTIA.

792 3081 1028 3138 Vestras
1061 3080 1351 3150 utriusque
1381 3079 1623 3139 vicissim
1657 3092 1780 3133 cum
1823 3079 2104 3134 orationes
2133 3077 2296 3132 audi—

734 3178 996 3239 verimus,
1031 3183 1205 3237 tuam,
1239 3190 1396 3229 mens
1434 3174 1669 3228 rationis
1689 3174 1989 3241 particeps,
2026 3172 2172 3242 quod
2205 3173 2302 3230 tibi

635 3329 646 3339 ,
732 3272 1012 3328 subditum
1044 3280 1148 3331 est,
1184 3278 1242 3323 ιιι
1272 3269 1691 3336 intemperatum
1719 3276 1772 3320 et
1795 3266 2117 3321 inobediens
2143 3277 2307 3319 accu-

2414 3083 2719 3150 perantiam
2771 3099 3020 3146 accusas,
3056 3094 3114 3140 ut
3149 3099 3217 3137 ne
3253 3085 3483 3152 teipsam
3515 3079 3676 3151 quasi
3714 3092 3822 3140 Ian
3860 3079 4002 3136 insi-

2413 3176 2629 3244 pienter
2659 3178 2984 3240 modereris,
3011 3178 3104 3232 sed
3134 3178 3326 3231 divino
3354 3177 3450 3230 tibi
3487 3189 3709 3229 munere
3753 3187 3999 3230 coaces-

2413 3282 2537 3321 sum
2584 3268 2974 3323 administrum
3027 3279 3293 3338 perpetuo
3345 3265 3748 3327 criminareris,
3797 3265 4004 3336 culpas

732 3365 907 3420 santis
942 3382 957 3415 :
993 3375 1139 3416 tuam
1174 3377 1391 3426 rursus,
1417 3376 1546 3430 pars
1593 3359 1761 3415 animi
1814 3360 2030 3414 ratione
2087 3374 2304 3421 carens,
2338 3393 2380 3450 ο
2414 3359 2558 3427 quod
2592 3360 2788 3414 merito
2815 3360 3149 3428 culpandum
3181 3376 3290 3416 non
3317 3370 3422 3413 est.
3444 3359 3523 3413 An
3554 3373 3662 3412 non
3697 3357 4004 3422 imperator

734 3456 1079 3513 defendentis
1108 3464 1159 3508 te
1186 3453 1320 3507 nihil
1341 3453 1661 3522 delinquere
1685 3452 1974 3505 utauimus
1996 3451 2310 3519 intelligens

738 3559 941 3600 temere
990 3547 1362 3601 calumniatur
1409 3560 1423 3596 :
1485 3545 1642 3598 nobis
1676 3553 1860 3597 autem
1905 3544 1970 3596 de
2022 3542 2309 3608 utriusque

735 3639 1083 3693 orationibus
1115 3637 1342 3690 arbitria
1384 3634 1631 3688 facienda
1661 3643 1808 3698 sunt,
1831 3641 1884 3686 et
1918 3629 2310 3685 controversiae

733 3731 1007 3792 sedandae,
1030 3745 1096 3784 ne
1124 3729 1323 3783 frustra
1358 3738 1601 3781 nostram
1618 3736 1668 3780 et
1683 3723 2090 3793 contemplandi
2123 3722 2310 3778 studio

733 3823 974 3875 debitam
1020 3823 1184 3874 vitam
1220 3819 1709 3888 interruperimus,
1749 3818 1837 3870 hic.
1867 3818 2144 3877 sedentes,
2194 3813 2307 3881 jam

687 3945 693 3950 ι
730 3916 967 3966 dicimus
999 3927 1119 3981 quze
1150 3927 1214 3964 ex
1245 3911 1423 3977 longis
1479 3910 1874 3979 experimentis
1920 3917 1976 3962 et
2028 3923 2080 3960 a.
2105 3905 2306 3962 divinis

731 4003 1030 4072 Scripturis
1069 4013 1324 4058 accurate
1351 4002 1671 4057 didicimus.
1724 4001 1878 4054 Hanc
1930 4001 2118 4067 itaque
2177 4014 2307 4052 sen-

729 4097 958 4149 tentiam
993 4095 1222 4150 ferimus
1252 4111 1264 4147 :
1297 4094 1356 4149 Si
1382 4098 1566 4149 carnis
1601 4108 1854 4154 sensum,
1880 4106 1912 4144 o
1939 4105 2116 4153 mens,
2139 4105 2308 4146 accu-

729 4199 838 4245 ses,
869 4192 927 4236 ut
964 4183 1129 4236 rebus
1158 4183 1406 4236 boneStis
1439 4195 1503 4235 ac
1557 4180 1744 4234 virtuti
1783 4178 2173 4233 consentaneis
2210 4181 2306 4231 ad-

729 4275 1056 4338 versarium,
1091 4285 1144 4329 et
1173 4274 1272 4329 tibi
1304 4273 1600 4327 obediendi
1630 4271 1917 4339 impotem,
1983 4269 2304 4339 imprudens

730 4371 784 4421 in
823 4367 1252 4421 Mauiclnmorum
1313 4365 1631 4435 opinionem
1664 4363 1974 4428 delaberis;
2028 4362 2308 4417 existima-

728 4468 859 4516 runt
888 4461 1034 4513 enim
1093 4458 1413 4513 exsecratuli
1479 4456 1581 4520 illi,
1615 4454 2018 4523 intelligentem
2052 4453 2302 4506 animum

728 4550 1003 4621 Opificium
1035 4564 1156 4605 esse
1193 4550 1344 4612 boni,
1379 4547 1610 4602 rationis
1648 4555 1952 4613 expertem,
2008 4544 2139 4596 mali
2170 4561 2184 4596 :
2245 4552 2302 4596 et

728 4645 933 4699 idcirco
968 4658 1143 4714 neque
1166 4644 1420 4698 virtutem
1451 4655 1764 4710 capessere,
1785 4647 1878 4693 aut
1908 4648 2062 4706 grata
2101 4645 2155 4689 et
2187 4629 2304 4705 opi-

2411 3446 2626 3510 doctor,
2662 3447 2923 3514 magister
2953 3449 3337 3515 cujuscunque
3359 3447 3404 3500 is
3445 3445 3636 3505 fuerit,
3676 3443 3777 3510 ipsi
3825 3443 4005 3495 ratio-

2413 3553 2538 3590 nem
2570 3539 2824 3603 reddunt,
2853 3547 2907 3591 et
2940 3553 3132 3607 poenas
3158 3540 3316 3593 luunt
3361 3551 3554 3592 eorum
3599 3549 3742 3602 quas,
3777 3534 3874 3602 qui
3931 3533 4011 3587 ab

2413 3630 2546 3699 ipsis
2581 3630 2879 3695 ducuntur,
2915 3632 3309 3701 magistrorum
3348 3630 3557 3684 incuria
3590 3639 3758 3696 atque
3816 3627 4004 3695 negli-

2409 3724 2590 3792 gentia
2625 3724 2893 3790 peccant?
2915 3723 2970 3779 Id
3004 3740 3076 3778 ne
3107 3727 3386 3794 sapientes
3419 3723 3638 3793 quidem
3670 3730 3897 3780 exteros
3922 3722 4008 3772 la—

2411 3815 2515 3869 tuit
2541 3833 2556 3868 :
2582 3817 2853 3895 siquidem
2885 3817 3345 3886 philosophorum
3379 3816 3523 3885 apud
3559 3814 3685 3867 illos
3744 3813 4004 3881 quidam,

2410 3907 2817 3961 adolescentem
2853 3908 3215 3976 conspicatus
3248 3905 3626 3960 lascivientem
3672 3909 3727 3956 et
3763 3901 4012 3970 flagitio—

2411 4014 2556 4061 sum.
2589 3999 2796 4052 nullum
2829 3998 2883 4053 in
2905 4015 3030 4054 eum
3061 3998 3414 4053 maledictum
3438 3997 3695 4059 contulit,
3737 3997 3834 4052 sed
3892 4008 4006 4063 pe-

2410 4093 2681 4161 dagogum
2716 4095 3015 4163 percussit,
3049 4093 3305 4161 inquiens
3333 4109 3348 4145 :
3393 4090 3538 4156 Quid
3572 4090 3720 4142 enim
3747 4087 3884 4142 talia
3906 4089 4010 4140 do-

2409 4183 2545 4236 cns?
2579 4182 2676 4236 Sin
2711 4189 2894 4235 autem
2929 4182 3108 4244 dicas,
3139 4195 3400 4250 maguum
3434 4177 3588 4231 illum
3629 4174 3895 4236 Paulum,
3953 4176 4008 4226 in

2412 4278 2655 4345 Epistola
2690 4293 2856 4345 quam
2889 4276 2956 4330 ad
2989 4275 3270 4332 Romanos
3313 4270 3560 4337 scripsit,
3617 4281 3842 4322 carnem
3909 4280 4007 4320 ao-

2408 4382 2624 4429 cusare,
2651 4367 2774 4422 audi
2810 4367 2942 4435 quid
2969 4367 3116 4429 velit,
3145 4375 3199 4419 et
3238 4365 3304 4418 ad
3337 4363 3468 4428 quid
3528 4360 3647 4414 hinc
3695 4358 4007 4426 Apostolus

2409 4456 2691 4525 loquatur.
2720 4455 2856 4508 Nam
2884 4464 3011 4507 ante
3037 4453 3254 4507 Domini
3288 4452 3590 4506 adventum
3622 4461 3677 4501 et
3709 4461 3864 4503 mors
3895 4453 4014 4496 ter.

2405 4544 2588 4596 ribilis
2619 4551 2761 4604 erat,
2799 4543 3085 4602 terribilis,
3121 4541 3392 4594 etmortis
3415 4536 3711 4605 imperium
3753 4532 4008 4586 habens:

2407 4646 2696 4703 propterea
2723 4643 2777 4685 et
2806 4632 2945 4700 apud
2981 4631 3177 4704 Isaiam
3205 4631 3426 4682 aiebant
3463 4643 3477 4678 :
3510 4645 3539 4677 .ι
3569 4624 3812 4678 Edamus
3835 4633 3897 4675 et
3925 4621 3975 4676 bi

729 4738 854 4793 licio
880 4738 1025 4792 bono
1055 4737 1436 4792 convenientia
1466 4736 1671 4790 sentire
1703 4747 1884 4802 posse.
1919 4730 2013 4782 Siti
2040 4729 2154 4796 ipsa
2191 4729 2294 4782 hoc
2330 4726 2372 4780 D
2401 4723 2616 4784 bamus,
2646 4736 2771 4776 cras
2796 4721 2943 4774 enim
2980 4720 3277 4774 moriemur
3307 4718 3350 4770 ³.
3401 4734 3418 4764 ι

728 4843 838 4888 non
855 4832 959 4896 ais,
992 4831 1083 4887 sed
1115 4831 1373 4886 ellrenem
1405 4837 1460 4884 et
1489 4827 1882 4896 obsequentem
1915 4823 2040 4890 ejus
2094 4822 2294 4876 intent-

805 5004 826 5036 ³
859 5008 965 5062 lsa.
1001 5023 1135 5073 uti,
1174 5007 1256 5062 l3.
