4274 6452
286 318 396 389 989

848 472 1417 482 ,ΜΨ-.-μήθ
1444 469 1857 477 ΨΜ*

934 489 1312 500 ..ρο-...θῄ-

1318 488 1626 497 -ᾑ--η-

1375 324 1550 385 νιτΑ
1594 325 1657 385 S.
1693 321 1927 381 PETRI
1964 316 2401 379 ΑΤΙΙΟΝΙΤι-Ε.

1634 488 1696 494 ...-
1704 486 1947 496 -..ην-

945 673 1406 826 VITA
1505 667 2183 863 SANCTI
2298 667 2870 818 PETRI

1418 983 1855 1034 ANACHORBTE
1898 980 1964 1025 IN
1991 978 2204 1024 MONTE
2221 980 2388 1028 ΔΤΗΟ

650 1152 1193 1249 AUCTOBE
1302 1143 1922 1243 GREGORIO
1994 1142 3141 1255 THESSALONICENSI.

1862 1364 1934 1394 ω

1061 1514 1130 1576 0.
1173 1507 1587 1574 JANNINGI
1614 1498 2305 1568 COMMENTARIUS
2355 1498 2772 1563 PREVIUS.

1355 1674 1497 1738 (Acta
1520 1674 1615 1724 SS.
1645 1665 1870 1721 Boiland.
1894 1663 2051 1723 Junii,
2080 1674 2119 1717 t.
2143 1667 2207 1728 ll,
2229 1668 2311 1718 die
2355 1669 2455 1731 12.)

277 1820 308 1894 ᾗ
348 1819 400 1874 l.
426 1816 818 1894 Cultus_sacer.
862 1812 1149 1894 Pa'ttrstra.
1184 1813 1334 1894 litans
1381 1808 1567 1861 Athos.
1618 1801 1849 1869 Tempus
1879 1794 1928 1855 A
1958 1799 2133 1894 minus
2155 1801 2301 1855 omni
2342 1816 2405 1854 ex
2442 1816 2597 1870 parte
2646 1803 2800 1858 nobis
2826 1806 3045 1875 probari
3079 1808 3213 1861 Acta
3262 1807 3535 1877 Omtphrii

621 1886 677 1937 in
702 1900 761 1937 eo
789 1894 997 1952 pactum.
1034 1880 1147 1935 Iter
1181 1878 1500 1933 Romanum.

347 2002 401 2055 Ι.
434 1999 657 2071 Egimus
697 1998 803 2053 hoc
843 1997 963 2066 ipso
1006 1994 1093 2051 die
1118 1994 1187 2048 l2
1216 1994 1283 2048 de
1316 1999 1509 2049 sancto
1544 1985 1854 2056 Onuphrio,

277 2095 377 2163 qui
436 2094 489 2147 in
527 2092 765 2162 quadam
789 2088 1083 2145 solitudine
1129 2085 1349 2156 Egypti
1399 2086 1568 2138 vitam
1612 2081 1758 2137 solus
1795 2085 1848 2131 et

270 2188 494 2257 ignotus
536 2182 789 2237 omnibus
836 2180 1145 2236 diutissime
1189 2176 1494 2248 protraxit,
1536 2173 1698 2242 paulo
1730 2178 1857 2225 ante

270 2288 509 2337 mortem
555 2289 585 2327 a
628 2290 733 2329 non
774 2272 992 2328 nemine
1021 2270 1278 2325 divinitus
1326 2270 1601 2329 inventus,
1655 2271 1857 2329 etpost

271 2375 506 2423 mortem
539 2366 810 2434 sepultus,
840 2378 965 2419 cum
1007 2362 1275 2417 inventori
1312 2374 1414 2415 suo
1443 2360 1639 2415 seriem
1668 2372 1853 2411 rerum

270 2477 304 2517 a
338 2475 401 2518 se
433 2470 711 2532 gestarum
745 2466 903 2512 antea
928 2455 1225 2511 retulisset.
1244 2451 1507 2525 Typicum
1544 2450 1730 2506 Sancti
1757 2448 1858 2503 Sa-

271 2556 382 2621 liae,
418 2553 665 2609 Venetiis
689 2567 834 2609 anno
866 2550 1010 2606 1602
1043 2551 1394 2619 impressum,
1424 2546 1708 2614 Onuphrio
1731 2559 1860 2598 con-

264 2648 458 2721 jungit
509 2647 701 2702 eodem
757 2644 844 2699 tiie
907 2642 1253 2714 (crediderim
1305 2642 1375 2696 ob
1442 2624 1855 2694 similitudinem

272 2737 707 2803 anachoreseos)
731 2735 978 2800 Petrum,
1006 2749 1034 2787 a
1066 2741 1251 2788 monte
1279 2731 1445 2797 Atho,
1471 2742 1629 2797 quem
1664 2728 1863 2796 longis-

267 2832 417 2887 simo
439 2829 665 2883 incoluit
700 2837 966 2898 tempore,
985 2825 1299 2880 Athonitam
1335 2821 1665 2892 appellatum
1692 2839 1707 2875 :
1732 2834 1862 2873 con—

264 2923 455 2994 jungit
486 2931 666 2975 autem
697 2927 989 2989 utrumque
1021 2918 1109 2973 his
1147 2919 1329 2973 verbis
1359 2933 1373 2970 :
1408 2915 1501 2978 Εἰς
1525 2912 1625 2975 τὰς
1667 2910 1735 2981 ιβ’
1763 2908 1858 2962 τοῦ

266 3014 428 3068 ὁσίου
458 3012 675 3078 Πατρὸς
704 3010 863 3081 ἡμῶν
901 3008 1249 3079 Ὀνουφρίου,
1290 3008 1387 3061 καὶ
1430 3005 1529 3059 τοῦ
1570 3004 1721 3057 ὁσίου
1750 3001 1865 3054 Πα-

264 3104 399 3176 τρδς
449 3104 607 3171 ἡμῶν
659 3104 867 3172 Πέτρου
918 3100 1012 3155 τῡῦ
1074 3097 1390 3155 Ἀθωνίτου.
1429 3095 1529 3152 Die
1574 3094 1638 3149 12
1684 3092 1857 3155 Junii,

264 3197 446 3253 uncti
470 3194 652 3249 Patris
677 3195 844 3255 nostri
868 3192 1127 3261 Onuphrii
1145 3233 1160 3256 ,
1189 3202 1238 3245 et
1271 3192 1441 3244 sancti
1474 3188 1663 3242 Patris
1681 3188 1850 3241 nostri

266 3288 430 3344 Petri
484 3287 780 3341 Atltonita'.
842 3285 1128 3339 Consentit
1178 3281 1528 3351 Horologium
1589 3279 1859 3344 Graecum,

268 3382 421 3451 quod
475 3379 664 3433 eadem
721 3377 951 3432 totidem
1010 3376 1191 3429 verbis
1226 3375 1435 3438 relert;
1486 3384 1541 3427 et
1589 3371 1860 3435 Molanus,

268 3471 473 3526 unicus
526 3469 669 3537 quod
726 3469 894 3522 sciam
936 3467 1080 3534 apud
1137 3464 1363 3521 Latinos
1425 3464 1858 3535 tnartyrologus,

270 3562 368 3630 qui
418 3560 539 3630 ejus
587 3559 922 3614 mentionem
959 3559 1112 3613 facit.
1161 3558 1295 3615 Cum
1319 3568 1497 3613 autem
1543 3558 1631 3611 hic
1670 3556 1858 3610 eadem

268 3654 500 3708 omnino
527 3650 718 3705 Latine
750 3651 1013 3721 proferat,
1040 3667 1159 3720 qua:
1191 3651 1392 3706 Mena'a
1427 3660 1482 3705 et
1511 3649 1859 3719 Horologium

270 3744 489 3805 Graece,
521 3757 584 3797 ex
613 3742 878 3796 alterutro
918 3740 1137 3795 illorum
1173 3757 1270 3796 sua
1329 3740 1684 3795 transtulerit.
1719 3740 1865 3791 Mar-

272 3831 603 3903 tyrologium
643 3845 860 3901 quoque
911 3830 1212 3886 Moscorum
1272 3830 1540 3900 Onuphrii
1601 3829 1761 3885 simul
1810 3836 1864 3881 et

271 3924 423 3979 Petri
489 3924 760 3989 meminit,
812 3923 1114 3993 eodemque
1171 3924 1258 3978 die
1304 3932 1359 3978 et
1408 3924 1460 3978 in
1517 3938 1621 3985 una
1666 3920 1861 3976 tabella

274 4026 580 4087 utrumque
607 4017 886 4086 proponit,
912 4015 1411 4087 ﬁguratumeodeiu
1430 4030 1656 4084 prorsus
1675 4014 1858 4081 modo,

274 4109 333 4165 id
367 4120 453 4164 est
505 4118 692 4164 erecte
742 4118 973 4175 stantes,
1007 4109 1217 4181 capillis
1267 4124 1374 4165 non
1412 4108 1704 4163 admodum
1738 4122 1864 4175 pro-

276 4200 491 4264 missis,
518 4197 692 4253 barba
724 4197 905 4267 ampla
958 4212 1055 4267 per
1100 4208 1293 4269 pectus
1341 4197 1612 4254 deﬂuente
1642 4211 1861 4255 crurum

275 4301 461 4354 tenus,
498 4289 705 4345 circum
730 4288 973 4349 verenda
1013 4287 1297 4343 frondibus
1327 4288 1563 4355 cinctos,
1604 4300 1871 4344 caeterum.

269 4381 459 4440 nudos
485 4398 502 4436 :
532 4383 610 4436 utl
638 4381 825 4435 videre
843 4389 930 4435 est
954 4381 1006 4435 in
1038 4381 1369 4437 Kalendario
1388 4382 1717 4445 Moscorum,
1739 4391 1864 4443 aute

1956 1892 2220 1954 diximus,
2247 1893 2503 1962 pleraque
2525 1892 2614 1947 hic
2652 1909 2757 1948 non
2787 1893 3055 1949 obtinent.
3087 1894 3258 1952 Notus
3282 1900 3533 1954 estenim

1961 1993 2155 2038 auctor
2185 1982 2323 2039 Vitae
2351 1982 2521 2051 Petri,
2558 1973 2649 2039 v‘ir-
2673 1986 2922 2041 eruditus
2948 1997 3113 2056 atque
3161 1992 3534 2060 archiepisco-

1956 2090 2079 2147 pus,
2112 2076 2202 2144 qui
2238 2085 2293 2130 et
2326 2077 2484 2132 aliam
2524 2079 2650 2133 olim
2688 2077 2950 2149 scriptam
2984 2081 3157 2139 Vitam
3187 2093 3422 2138 testatur
3472 2100 3534 2140 se

1957 2169 2157 2223 vidisse
2196 2179 2249 2223 et
2294 2170 2594 2225 habuisse:
2652 2179 2815 2229 notus
2874 2156 3028 2230 locus
3090 2177 3521 2245 anachoreseos,

1959 2274 2117 2314 mons
2147 2262 2342 2326 Athos,
2376 2263 2509 2318 nihil
2554 2266 2605 2318 in
2636 2266 2757 2319 Vita
2791 2266 3052 2325 audacius
3088 2280 3179 2325 aut
3209 2271 3534 2327 insolentius

1958 2352 2162 2408 dictum
2188 2356 2519 2424 scriptumve
2542 2376 2554 2410 :
2579 2356 2711 2411 nihil
2747 2358 3031 2413 insolitum
3064 2371 3160 2415 aut
3184 2364 3534 2421 inauditum:

1959 2440 2093 2499 nihil
2119 2460 2181 2501 ex
2226 2449 2390 2503 variis
2420 2451 2862 2504 consarcinatum
2895 2468 2910 2507 :
2954 2453 3090 2512 nihil
3136 2457 3293 2510 alteri
3323 2466 3546 2512 contra-

1961 2537 2122 2600 rium,
2160 2539 2262 2594 nisi
2295 2537 2435 2593 forte
2477 2540 2531 2593 in
2564 2555 2795 2595 numero
2828 2556 2924 2610 per
2957 2559 3201 2598 errorem
3257 2547 3364 2603 tale
3408 2550 3537 2618 quid

1964 2632 2283 2703 reperiatur.
2332 2632 2600 2687 Convenit
2650 2636 2867 2702 quidem
2921 2634 3046 2690 Vita
3076 2638 3191 2692 haec
3240 2655 3363 2695 cum
3419 2641 3538 2697 Vita

1961 2724 2134 2775 sancti
2170 2721 2454 2790 Onuphrii,
2485 2725 2549 2778 de
2574 2740 2679 2791 quo
2734 2727 2890 2781 modo
2917 2769 2932 2792 ,
2985 2737 3040 2782 et
3085 2744 3289 2787 sancta:
3352 2733 3541 2791 Mariae

1962 2814 2311 2884 .Egyptiacte,
2341 2816 2407 2869 de
2427 2830 2532 2883 qua
2571 2817 2629 2869 ll
2664 2818 2865 2884 Aprilis
2889 2824 3098 2891 egimus
3126 2844 3141 2891 ;
3170 2828 3313 2895 quod
3344 2842 3539 2885 omnes

1965 2908 2210 2961 nitantur
2254 2908 2413 2961 unius
2477 2907 2743 2963 duntaxat
2799 2912 3037 2968 hominis
3096 2919 3425 2974 auctoritate
3476 2937 3541 2975 ac

1964 3000 2249 3057 relatione.
2283 2998 2387 3054 Sed
2446 3000 2799 3070 Onuphriana
2834 3004 2962 3059 aliis
2998 3006 3211 3061 duabus
3248 3008 3353 3064 [ide
3402 3012 3541 3065 mul-

1970 3101 2081 3148 tum
2106 3094 2459 3162 cedit;quod
2515 3097 2780 3151 certiores
2830 3099 3293 3167 circumstantias,
3339 3105 3542 3158 certio-

1966 3198 2160 3253 resque
2190 3195 2439 3239 auctores
2470 3186 2550 3239 hac
2578 3188 2817 3242 habeant
2840 3204 3001 3257 quam
3029 3190 3139 3245 illa.
3176 3192 3331 3263 Quod
3371 3194 3539 3249 Maria

1963 3283 2019 3329 et
2046 3274 2240 3328 Petrus
2280 3275 2361 3328 bis
2408 3276 2613 3333 inventi
2655 3277 2876 3335 iuerint-
2911 3282 3141 3337 diversis
3179 3286 3536 3353 temporibus,

1964 3363 2131 3417 semel
2168 3364 2296 3430 vivi,
2334 3366 2531 3420 iterum
2580 3369 2802 3432 mortui.
2830 3380 2886 3427 et
2932 3374 3128 3429 Petrus
3162 3377 3380 3443 quidem
3428 3380 3539 3449 jam

1964 3464 2209 3510 mortuus
2242 3471 2272 3508 a
2320 3458 2547 3519 testibus
2569 3469 2833 3530 quatuor;
2867 3480 2975 3517 non
3029 3467 3154 3520 item
3206 3469 3539 3539 Onuphrius.

1964 3544 2115 3613 Quod
2152 3546 2359 3601 illorum
2393 3550 2633 3619 reliquiae
2664 3551 2911 3622 legantur
2970 3558 3273 3626 antiquitus
3311 3564 3544 3617 transla-

1967 3647 2052 3705 tae,
2090 3654 2153 3693 ac
2186 3629 2350 3695 certis
2380 3642 2513 3697 locis
2538 3643 2840 3701 honoriﬁce
2876 3650 3541 3722 recomlitmluisscmuod

1965 3730 2031 3784 de
2054 3730 2420 3801 Onuphrianis
2466 3735 2644 3789 minus
2670 3747 2884 3794 constat

2034 3825 2087 3878 5.
2133 3824 2537 3882 Celeberrimns
2575 3830 2783 3884 etolim
2828 3831 2929 3887 fuit
2978 3844 3030 3887 et
3066 3852 3209 3890 nunc
3267 3848 3349 3894 est
3388 3856 3555 3893 mons

1964 3914 2158 3979 Athos,
2189 3918 2439 3984 palaestra
2475 3919 2574 3973 viri
2607 3921 2821 3985 sancti,
2874 3923 2925 3978 in
2960 3926 3169 3981 litiibﬂs
3216 3928 3542 3984 Macedonia:

1921 4041 1926 4047 -
1964 4006 2124 4071 situs,
2158 4008 2247 4063 ubi
2276 4009 2419 4063 inter
2444 4010 2619 4064 sinum
2650 4010 3052 4081 Strymonicum
3085 4019 3152 4071 ad
3206 4021 3539 4088 aquilonem,

1963 4095 2016 4152 ei
2047 4097 2371 4171 Singiticutn
2406 4101 2471 4154 ad
2509 4103 2815 4171 meridiem,
2853 4122 2872 4156 I
2910 4121 3018 4163 non
3052 4114 3445 4179 promontorio,
3485 4121 3559 4167 ut‘

1965 4190 2079 4254 alii,
2121 4206 2307 4244 verum
2349 4201 2494 4252 totus
2525 4205 2724 4260 exstat,
2750 4204 2977 4268 totoque
3022 4199 3179 4270 longe
3222 4202 3384 4256 dorso
3424 4220 3545 4271 pro-

1966 4284 2107 4339 cedit
2139 4286 2189 4340 in
2224 4286 2466 4356 pelagus,
2498 4305 2515 4337 ι
2558 4298 2614 4343 ut
2643 4288 2777 4343 Mela
2814 4290 3073 4360 loquitur,
3103 4308 3404 4362 paucorum
3432 4307 3547 4351 sta-

1968 4375 2177 4433 diorum
2228 4374 2431 4429 istbtno
2488 4378 2792 4445 continenti
2851 4380 3109 4450 junctus;
3165 4398 3271 4451 quo
3300 4387 3463 4439 etiam
3515 4403 3544 4440 a

272 4487 488 4533 tomum
546 4475 783 4544 primum
845 4471 995 4528 Maii.
1052 4472 1227 4541 Adde,
1291 4474 1489 4541 templo
1534 4489 1563 4527 a
1618 4473 1935 4549 ﬁdelibusc
1972 4464 2186 4529 Xerxe,
2245 4465 2442 4519 bellum
2494 4466 2698 4523 Graecis
2754 4468 3039 4535 inferente,
3077 4473 3205 4529 olim
3262 4475 3543 4543 perfosso;

270 4578 492 4626 structo
528 4566 881 4633 honoratum,
912 4580 1098 4620 annuo
1130 4565 1271 4620 festo
1298 4580 1360 4619 ac
1392 4564 1573 4635 populi
1596 4578 1863 4619 concursu

270 4661 640 4722 celebratum,
675 4672 774 4712 nec
799 4672 904 4719 non
944 4656 1223 4711 miraculis
1287 4657 1340 4710 in
1394 4656 1501 4711 vita
1548 4665 1712 4725 atque
1744 4662 1866 4723 post

268 4760 514 4807 mortem
543 4749 751 4802 clarum
785 4748 959 4804 fuisse
991 4747 1212 4803 Petrum
1236 4786 1257 4813 ,
1282 4747 1358 4802 uti
1382 4756 1604 4806 constat
1641 4762 1708 4802 ex
1738 4746 1866 4805 Vita

270 4858 430 4895 num.
472 4840 565 4894 49.

344 4930 402 4984 2.
439 4928 604 4984 Hisce
633 4928 891 4999 permoti,
923 4927 1284 4998 prapouimus
1323 4935 1378 4984 et
1397 4942 1495 4983 nos
1518 4926 1621 4984 hoc
1641 4926 1760 4998 ipso
1779 4926 1867 4985 die

270 5028 527 5087 Petrum,
574 5030 635 5076 et
672 5018 894 5090 quidem
927 5017 1225 5089 Onupbrio
1248 5018 1521 5090 (quamvis
1567 5018 1662 5074 illo
1699 5018 1868 5089 multo

266 5117 467 5189 junior
495 5128 618 5169 esse
639 5112 857 5182 debeat)
883 5111 1130 5182 proxime
1152 5113 1501 5182 conjunctum
1529 5127 1558 5184 p:
1582 5110 1709 5179 quia
1733 5111 1863 5178 dum

272 5208 416 5264 nihil
450 5206 590 5262 certi
637 5207 706 5261 de
739 5213 989 5274 tempore
1016 5218 1125 5273 quo
1151 5203 1374 5270 vixerit,
1414 5202 1570 5258 nobis
1604 5211 1865 5258 constat:

270 5299 365 5355 cui
398 5298 586 5369 potius
646 5311 771 5352 eum
802 5294 1250 5366 ‘conjungamus,
1277 5310 1441 5367 quam
1485 5294 1574 5350 cui
1620 5293 1869 5351 instituto

271 5389 404 5443 vitae
438 5399 707 5457 perquam
730 5384 951 5448 similis,
993 5398 1058 5438 ac
1116 5396 1402 5454 propterea
1435 5386 1535 5443 abs
1583 5388 1869 5453 ritualibus

268 5480 438 5536 libris
478 5478 813 5548 coniunctus
862 5476 1054 5541 etiam,
1093 5486 1152 5543 ut
1194 5475 1450 5543 vidimus,
1483 5477 1620 5533 fuit?
1657 5479 1734 5535 Ex
1765 5479 1869 5540 hac

264 5581 463 5628 tamen
518 5569 884 5626 similitudine
928 5569 1052 5624 vita:
1070 5578 1127 5624 et
1177 5570 1564 5640 conjunctione
1604 5572 1867 5632 Actorum

274 5663 489 5721 nemini
518 5662 767 5734 suspicio
805 5663 966 5717 debet
1006 5661 1165 5728 oriri,
1193 5664 1349 5732 quasi
1393 5679 1497 5735 par
1524 5665 1689 5719 etiam
1731 5664 1869 5723 ﬁdes

271 5757 571 5829 uniusque
600 5755 753 5815 Actis
779 5754 1087 5812 adhibenda
1120 5755 1210 5813 sit.
1254 5756 1390 5815 Nam
1424 5771 1741 5829 argumenta
1768 5775 1866 5815 cur

1972 4557 2262 4627 veliﬁcatus
2308 4558 2492 4626 Athos,
2541 4562 2618 4614 uti
2659 4564 2804 4619 canit
2845 4566 3165 4629 iuvenalis,
3208 4577 3265 4621 et
3292 4585 3449 4623 mons
3480 4587 3542 4629 ex

1971 4651 2280 4720 peninsnla,
2325 4652 2503 4708 insula
2539 4656 2805 4724 tantisper
2840 4656 3014 4712 factus
3050 4658 3172 4715 fuit.
3217 4659 3550 4718 Describitur

1976 4744 2115 4797 idem
2172 4744 2344 4799 Athos
2396 4745 2450 4797 in
2495 4743 2715 4801 Menaeis
2744 4746 2832 4803 die
2863 4749 2897 4801 5
2939 4746 3090 4815 Julii,
3128 4752 3215 4805 ubi
3249 4753 3315 4808 de
3354 4767 3548 4810 sancto

1976 4834 2293 4900 Athanasio,
2320 4836 2488 4907 Ὄρος
2510 4836 2713 4907 ὑψηλόν
2738 4853 2799 4889 τε
2827 4838 2919 4892 καὶ
2952 4840 3247 4911 ἐπίμηκες,
3281 4845 3374 4896 ἐπὶ
3407 4846 3559 4899 πολὺ)

1973 4924 2074 4995 τῆς
2107 4926 2379 4996 θαλάσσης
2408 4927 2619 4998 διῆκον,
2644 4928 2720 4998 ὼς
2745 4929 2919 4999 αὐχήν
2939 4946 3023 4994 τις
3048 4932 3366 4998 ὑπόστενος.
3388 4935 3561 4991 Henr

1975 5016 2118 5074 altus
2149 5030 2197 5072 et
2233 5021 2587 5091 prmgrandis,
2622 5020 2780 5092 longo
2818 5024 2997 5093 spatio
3029 5024 3081 5077 in
3123 5042 3270 5083 masc
3300 5042 3563 5096 επμοηεαι

1975 5120 2113 5176 eius,
2168 5113 2330 5171 veluti
2371 5121 2655 5182 angustum
2696 5112 2916 5179 collum,
2969 5129 3080 5191 qua
3118 5128 3274 5185 parte
3332 5119 3560 5178 scilicesi

1972 5205 2277 5261 continenti
2316 5206 2697 5261 committitur.

2048 5298 2102 5352 ι.
2143 5295 2220 5361 De
2260 5296 2450 5352 eodem
2510 5307 2693 5353 monte
2752 5298 3134 5369 religiosisque
3179 5300 3299 5371 ejus
3350 5302 3564 5361 incolis"

1981 5390 2145 5446 multa
2172 5389 2517 5447 laudabiliter
2545 5398 2807 5445 memorat
2842 5391 2945 5446 sub
2981 5390 3195 5448 initium
3222 5396 3401 5449 saeculi
3445 5409 3559 5453 sur

1976 5483 2323 5539 innocentius
2352 5480 2419 5536 lli
2454 5496 2612 5551 papa,
2640 5480 2884 5539 scribens
2929 5482 2996 5538 ad
3044 5482 3559 5543 Saucii’Athanasiir

1978 5576 2156 5650 (cujus
2181 5574 2415 5635 nominis
2452 5573 2778 5644 praecipuum
2833 5574 2944 5631 illic
2994 5578 3385 5634 monasterium
3439 5582 3565 5647 esu»

1978 5677 2312 5737 canorosque
2340 5666 2563 5721 abbates
2594 5676 2647 5719 et
2677 5667 2972 5723 monachos
3001 5665 3197 5724 Montis
3227 5672 3399 5725 sancti
3432 5667 3549 5727 sive

1980 5762 2130 5829 Athi,
2175 5775 2376 5832 eosque
2416 5759 2517 5815 sub
2565 5758 2709 5815 beati
2754 5756 2900 5815 Petri
2956 5766 3011 5817 et
3065 5775 3161 5816 sua
3210 5763 3549 5832 proiectione
