4246 6464
718 414 816 475 991

1984 408 2365 467 GDEGORII
2412 404 2733 467 PALAMAS

3852 398 3964 463 99?.

705 528 1006 594 suscipiens
1056 541 1119 579 ac
1178 524 1456 594 privilegia
1503 521 1857 575 confirmans.
1900 512 1990 571 Sic
2030 519 2171 570 cnim
2203 521 2273 570 ait
2312 525 2351 577 Α
2387 518 2604 571 nomine
2637 517 2936 571 Turcarum
2981 524 3212 585 tyranno
3258 510 3550 579 quotannis
3577 522 3642 561 ex
3690 509 3887 560 vinetis
3912 520 3968 558 et

708 621 934 688 epistola
989 617 1090 671 168
1144 617 1265 670 libri
1322 631 1407 669 xvt
1454 632 1467 667 :
1510 633 1527 660 1
1580 612 1855 663 1101111101ιο
1911 608 2279 661 1111181111111101

708 725 1028 779 magnorum
1070 710 1307 761 virorum
1336 718 1521 761 nostro
1564 713 1645 759 est
1673 700 1997 771 apostolatui
2030 699 2277 753 declara-

713 816 847 863 111111,
877 801 1021 867 quod
1058 801 1143 853 ille
1174 800 1265 867 qui
1302 809 1383 852 est
1429 810 1585 850 mons
1630 796 1824 848 domus
1870 788 2107 851 Domini,
2139 803 2279 855 pne-

711 901 930 958 paratns
972 892 1022 943 in
1067 889 1270 942 vertice
1316 886 1605 944 montium,
1643 896 1698 936 ut
1743 883 1808 935 ad
1855 895 1975 934 eum
2008 877 2283 933 confluant

708 997 899 1034 1111111ος
954 988 1165 1047 gentes,
1206 978 1440 1032 Sanctus
1491 974 1744 1029 videlicet
1798 982 2138 1032 sanctorum,
2189 967 2279 1037 qui

713 1072 968 1127 Ecclesia:
1014 1070 1365 1123 fundamenta
1409 1068 1463 1119 in
1492 1065 1696 1121 sanctis
1739 1062 2016 1116 montibus
2047 1058 2282 1114 colloca-

708 1164 815 1225 vit;
857 1170 1093 1215 montem
1125 1170 1387 1223 vestrum,
1427 1172 1588 1225 super
1630 1170 1781 1208 mare
1817 1154 2002 1216 situm,
2029 1152 2093 1205 ad
2128 1150 2282 1204 inha-

709 1252 992 1305 bitandum
1022 1254 1134 1305 suis
1184 1252 1431 1304 fidelibus
1455 1248 1752 1318 prmelegit,
1785 1246 1875 1314 qui
1912 1244 2162 1299 ell‘ectum
2193 1244 2278 1296 sui

709 1346 948 1398 nominis
971 1357 1024 1398 et
1043 1346 1283 1397 numinis
1318 1346 1369 1396 in
1396 1357 1455 1397 se
1483 1341 1714 1403 habens,
1753 1341 1878 1392 licet
1906 1338 2093 1391 aridus
2123 1337 2195 1389 sit
2226 1343 2282 1388 et

708 1453 889 1503 asper,
940 1447 991 1490 et
1052 1436 1346 1489 fertilitatis
1382 1434 1554 1504 gratia
1583 1434 1898 1496 destitutus,
1955 1438 2038 1484 est
2101 1440 2279 1482 tamen

710 1526 853 1579 inter
900 1528 1035 1579 alios
1091 1527 1275 1579 mttndi
1340 1535 1551 1579 montes
1612 1523 1847 1577 maxima
1911 1519 2278 1591 spiritualium

707 1616 951 1669 ubertate
982 1616 1300 1670 mirabiliter
1335 1614 1674 1669 fecundatus.
1706 1612 1838 1665 Nam
1870 1626 1992 1664 cum
2027 1608 2281 1664 trecentis

711 1710 1057 1762 tnmiasteriis
1088 1717 1141 1761 et
1175 1708 1403 1776 gloriosa
1463 1707 1837 1774 religiosorum
1874 1705 2113 1756 virorum
2140 1701 2282 1754 mul-

709 1801 961 1864 titudine,
1021 1810 1226 1854 arctam
1284 1812 1336 1854 et
1384 1814 1675 1868 pauperem
1736 1798 1901 1850 vitam
1941 1795 2278 1855 ducentium,

706 1893 1034 1956 decoratur;
1082 1902 1230 1946 tanta
1273 1909 1446 1960 usque
1484 1895 1642 1945 modo
1675 1891 1916 1944 reﬂoruit
1959 1888 2279 1943 excellentia

711 1988 1035 2050 honestatis,
1065 1997 1210 2040 tanta
1242 1986 1515 2056 religionis
1541 1986 1752 2039 eximia:
1779 1984 2023 2038 claritate
2051 1979 2281 2045 refulsit,

708 2086 768 2132 ut
799 2079 864 2131 de
894 2080 1012 2147 ipso
1038 2094 1160 2131 1111111
1191 2076 1358 2131 Jacoh
1410 2088 1554 2132 recte
1591 2078 1757 2145 possit
1812 2077 1930 2143 quis
1973 2076 2155 2128 dicere
2191 2072 2285 2127 ad-

707 2169 959 2222 mirando
984 2208 996 2221 .
1036 2167 1179 2223 Vere
1206 2176 1429 2223 8111101118
1463 2177 1547 2222 081
1578 2167 1680 2220 1810
1708 2166 1877 2228 100118,
1906 2164 2029 2234 quia
2077 2164 2160 2217 hic
2191 2177 2282 2219 081

708 2262 903 2315 domus
940 2263 1051 2323 Dei,
1086 2272 1139 2314 et
1180 2260 1423 2327 quaedam
1468 2256 1865 2328 quodammodo
1907 2262 2059 2326 porta
2119 2253 2279 2314 cmli;

714 2355 803 2407 111111
841 2355 1131 2408 multitudo
1166 2352 1411 2407 1100108118
1441 2353 1736 2412 exercitus,
1761 2358 2015 2416 tanquam
2073 2356 2284 2399 castro-

715 2462 832 2498 runt
888 2446 1034 2501 acies
1092 2446 1339 2499 ordinata
1364 2455 1417 2497 et
1451 2454 1635 2512 parata
1673 2441 1935 2494 suscitare
1965 2437 2283 2499 Leviathan,

708 2541 1001 2593 victoriose
1053 2546 1255 2608 pugnit
1305 2536 1502 2604 iugiter
1566 2548 1689 2586 cum
1744 2534 2003 2594 dracone,
2050 2529 2286 2598 psallens

712 2630 944 2684 Domino
989 2632 1286 2698 sapienter.
1324 2627 1551 2694 Propter
1590 2624 1735 2693 quod
1767 2624 1881 2692 jam
1919 2623 2117 2675 dttdmn
2143 2620 2282 2675 fama

712 2724 873 2777 vestri
917 2723 1172 2781 nominis,
1204 2735 1324 2787 quce
1350 2720 1525 2773 fuerat
1571 2718 1740 2771 effusa
1775 2718 1914 2769 sicut
1950 2717 2128 2768 oleum
2188 2715 2288 2768 cir-

714 2830 1078 2882 cumquaque,
1108 2813 1305 2866 multos
1347 2812 1571 2881 populos
1602 2811 1667 2864 ad
1704 2826 1763 2865 se
1798 2810 2024 2863 traxerit
2060 2808 2114 2861 in
2149 2810 2286 2861 odo-

714 2921 830 2958 rem
872 2916 1270 2975 unguentorum
1302 2915 1626 2964 Vestrorttm,
1657 2903 1802 2969 ipsos
1830 2914 2050 2953 currere
2085 2896 2287 2951 faciens

716 3017 743 3051 11
778 2999 1040 3059 remotis;
1113 2996 1476 3049 Ecclesiarutn
1533 2992 1740 3060 praelati
1812 3001 1863 3043 et
1932 2995 2288 3059 imperatores

716 3088 1305 3157 (Ionstantinopolitaui
1338 3087 1626 3154 pluresque
1658 3084 1933 3153 principes
1968 3083 2284 3145 szeculares,

716 3200 814 3254 per
843 3183 1119 3250 privilegia
1153 3195 1251 3233 sua
1285 3179 1474 3238 nmlta,
1504 3178 1631 3230 olim
1657 3174 2101 3229 tantzelibertatis
2118 3187 2289 3242 prme-

2391 609 2602 663 olivetis
2631 608 2745 661 suis
2785 605 3024 675 pendunt
3076 620 3126 657 vr
3175 603 3338 656 millia
3380 600 3663 654 obolorum
3700 598 3967 651 Tui-cico-

2381 717 2519 755 rum.
2555 699 2705 753 Mons
2733 701 2777 753 is
2796 715 2823 751 a
2850 694 3175 752 Christianis
3200 696 3388 760 Ἅγιοι)
3406 694 3547 760 ὅρος,
3581 692 3681 743 hoc
3705 700 3786 741 est
3809 688 3966 741 Mons

2382 800 2603 847 sanctus
2625 791 2847 852 dicitur,
2876 808 2903 842 a
2932 788 3157 842 Rutenis
3189 786 3389 840 Suvata
3423 780 3655 854 [Sviata]
3688 783 3843 834 hora.
3882 800 3901 831 1

2452 881 2508 935 6.
2540 880 2860 933 Praidictum
2888 893 3085 933 nomen
3119 878 3314 943 ’Ἂγιον
3344 876 3471 945 ὅρος
3498 875 3565 927 1111
3600 874 3689 926 1110
3718 874 3963 925 virorum

2382 974 2756 1043 religiosorum
2787 983 2930 1028 cmtu
2959 983 3009 1025 et
3035 972 3239 1025 sanctis
3261 968 3745 1022 exercitationibus
3781 968 3969 1018 11111110-

2382 1071 2521 1122 81880
2546 1065 2685 1119 Α1110
2730 1074 2883 1133 putat
2932 1063 3238 1125 Bellonins;
3284 1076 3405 1114 cum
3448 1061 3627 1127 potius
3679 1056 3965 1110 sanctitati

2384 1159 2529 1215 Petri
2574 1157 2958 1213 ascribendum
2982 1199 2994 1219 ,
3032 1158 3097 1209 ab
3126 1157 3351 1225 ipsaque
3385 1152 3613 1216 Deipara
3646 1150 3693 1202 ei
3725 1149 3962 1201 inditum

2382 1255 2475 1318 sit,
2508 1254 2581 1306 uti
2619 1269 2767 1305 nmn.
2807 1252 2858 1303 ll
2907 1252 2958 1302 in
3000 1247 3120 1301 Vita
3160 1248 3374 1314 legitur.
3412 1244 3641 1309 Quando
3672 1251 3851 1295 autem
3880 1244 3964 1294 sic

2383 1344 2608 1414 coeperit
2641 1341 2900 1411 appellari
2950 1350 3061 1393 tum
3090 1347 3344 1391 constare
3368 1335 3586 1405 poterit,
3627 1333 3850 1402 quando
3894 1333 3965 1385 de

2382 1446 2647 1505 tempore,
2681 1450 2786 1505 quo
2811 1448 3106 1487 conversus
3144 1442 3225 1484 est
3266 1429 3480 1493 Petrus,
3512 1426 3807 1480 constabit.
3835 1426 3966 1479 Flo-

2387 1530 2491 1582 ruit
2522 1530 2573 1582 in
2607 1543 2674 1583 eo
2705 1537 2912 1588 monte,
2964 1533 3160 1594 pra-ter
3209 1524 3429 1577 Petrum
3486 1530 3753 1581 nostrum,
3800 1525 3965 1572 notus

2386 1622 2542 1675 nobis
2575 1620 2933 1674 sanctimonia
2968 1619 3093 1672 vita:
3128 1615 3463 1670 Athanasius
3493 1611 3737 1682 quidam,
3782 1611 3965 1679 patria

2382 1709 3273 1782 Trapezuntius,Constantinopoli
3299 1707 3494 1761 litteris
3509 1707 3677 1775 probe
3695 1705 3969 1770 eruditus,

2387 1807 2588 1861 montis
2616 1805 2858 1877 Cyminaa
2891 1804 2943 1858 in
2995 1803 3123 1858 Asia
3173 1804 3432 1871 primum,
3471 1798 3665 1854 deinde
3715 1797 3843 1851 Atbi
3908 1798 3967 1850 in

2313 1922 2355 1978 Β
2388 1897 2695 1953 Macedonia
2731 1912 2887 1951 sacer
2920 1905 3166 1951 ascetes:
3194 1895 3288 1965 qui
3325 1894 3378 1948 in
3405 1893 3563 1957 huius
3602 1892 3863 1946 interiora
3896 1905 3970 1944 ex

2387 1989 2564 2041 divina
2616 1988 2943 2042 revelatione
2990 1986 3207 2041 tandem
3263 1985 3509 2051 secessit,
3573 2002 3591 2035 1
3631 1982 3970 2051 ibidemque,

2389 2090 2607 2150 rogatus
2634 2096 2660 2133 a
2699 2079 3005 2149 Nicepltoro
3037 2077 3239 2139 Phoca,
3264 2077 3467 2131 militia:
3492 2077 3692 2146 pariter
3719 2091 3783 2129 ac
3814 2075 3970 2129 domi

2388 2174 2441 2229 in
2498 2174 2702 2243 palatio
2748 2172 3097 2242 imperatoris
3126 2171 3296 2233 claro,
3353 2171 3565 2240 ipsique
3614 2178 3805 2225 sancto
3850 2168 3969 2234 jam

2387 2275 2510 2320 ante
2526 2264 2866 2320 familiariter
2886 2273 3012 2319 noto
3035 2272 3089 2318 et
3120 2264 3374 2316 amicitia:
3408 2262 3622 2315 vinculo
3647 2260 3963 2327 coniuncto.

2387 2358 2481 2413 Dei
2513 2359 2667 2413 Matri
2699 2358 3045 2428 magnificum
3078 2372 3209 2411 sane
3247 2356 3503 2423 templum
3537 2355 3817 2417 condidit,
3851 2355 3968 2408 cel-

2390 2451 2573 2518 lasque
2603 2450 2862 2519 plurimas
2895 2457 2950 2502 et
2982 2448 3249 2502 maximas
3282 2447 3348 2500 ad
3391 2462 3545 2501 usum
3575 2462 3639 2500 ac
3675 2446 3951 2500 habitatio

2390 2556 2508 2595 nem
2533 2540 2760 2594 fratrum
2825 2556 2853 2593 a
2903 2538 3274 2594 fundamentis
3321 2538 3600 2602 excitavit,
3656 2548 3709 2591 et
3754 2537 3972 2591 lauram

2388 2635 2618 2701 denique
2667 2632 2956 2686 multorum
2989 2647 3244 2701 capacem
3299 2631 3540 2691 molitus,
3586 2630 3838 2701 migravit
3897 2633 3971 2684 ad

2388 2723 2697 2791 Dominum,
2739 2744 2756 2775 1
2797 2726 2871 2781 1111
2906 2725 3107 2780 Mensa
3143 2724 3435 2792 loquuntur
3467 2723 3532 2774 ad
3574 2721 3718 2774 diem
3750 2721 3781 2773 5
3809 2720 3970 2775 Julii.

2457 2815 2513 2869 7.
2550 2816 2819 2870 Conllcies
2861 2832 3023 2886 porro
3054 2832 3118 2871 ex
3158 2825 3317 2870 1011110
3363 2813 3655 2882 Nicephori
3697 2815 3972 2882 prredicti,

2388 2920 2531 2961 anno
2556 2906 2661 2961 965
2702 2908 2986 2975 imperium
3029 2924 3187 2961 suum
3228 2908 3364 2971 orsi,
3401 2908 3764 2960 Athanasium
3801 2908 3973 2962 istum

2388 2998 2490 3052 sub
2522 3014 2718 3051 annum
2736 2999 2842 3054 950
2873 2998 3119 3053 ﬂoruisse
3143 2999 3197 3051 in
3232 3008 3412 3052 monte
3438 2999 3612 3062 Atho;
3638 3008 3803 3064 atque
3829 2998 3973 3053 adeo

2386 3088 2495 3158 jam
2536 3100 2694 3145 antea
2753 3092 2951 3144 ibidem
2984 3091 3118 3146 alios
3149 3093 3311 3145 vitam
3358 3091 3580 3145 (luxisse
3637 3091 3971 3153 solitariam,

2391 3198 2515 3237 cum
2537 3193 2591 3237 et
2630 3183 2744 3252 ipse
2777 3182 2982 3253 legatur
3022 3183 3073 3236 in
3114 3182 3330 3238 Menaeis
3366 3184 3484 3238 loco
3516 3184 3683 3237 citato
3709 3223 3723 3246 ,
3760 3185 3974 3238 seniori

716 3248 979 3327 minentia
1008 3248 1103 3323 vos
1133 3271 1406 3328 dotarunt,
1449 3278 1507 3318 ut
1535 3275 1656 3333 post
1688 3264 1874 3327 Deum,
1907 3264 1992 3318 cui
2036 3264 2288 3316 volebant
2311 3248 2358 3311 C
2391 3325 2393 3331 η

2311 3248 2358 3311 C
2391 3278 2744 3331 Anachorctze
2788 3277 2898 3331 lllie
2920 3293 2979 3332 se
3023 3278 3345 3346 discipulum
3397 3277 3708 3330 tradidisse.
3783 3276 3977 3331 Potest

716 3383 813 3419 vos
860 3364 1030 3417 libere
1079 3361 1350 3420 famulari,
1381 3358 1579 3411 nullius
1631 3373 1867 3423 unquam
1899 3356 2095 3409 essetis
2124 3354 2290 3422 juris-

715 3456 944 3510 tlictioni
978 3453 1226 3519 subjecti.
1276 3471 1293 3501 1
1322 3451 1401 3503 1111
1432 3448 1694 3517 pontifex,
1734 3447 1838 3500 alia
1878 3447 2075 3501 deinde
2104 3461 2291 3515 prose-

716 3566 887 3620 quens
923 3550 988 3603 de
1017 3549 1253 3600 violento
1280 3546 1549 3613 praedone,
1574 3542 1677 3610 qui
1712 3542 2107 3595 monachorum
2137 3542 2291 3609 quie—

720 3652 828 3695 tem
855 3638 1112 3702 turbavit,
1135 3636 1390 3704 expilavil
1412 3635 1697 3695 ecclesias,
1713 3634 1975 3701 quosdam
1997 3634 2291 3689 crudeliter

717 3735 879 3787 01111111
900 3731 1172 3785 interemit
1196 3747 1211 3795 ;
1233 3744 1334 3784 nec
1366 3744 1471 3781 non
1499 3727 1804 3795 suscipiens
1830 3737 1940 3778 tum
1972 3728 2289 3793 monachos,

726 3836 837 3878 tum
869 3834 1105 3877 montem
1157 3825 1333 3892 ipsum
1375 3822 1475 3875 sub
1508 3835 1603 3877 sua
1635 3830 1689 3874 et
1739 3819 1916 3874 sancti
1958 3820 2102 3873 Petri
2161 3834 2288 3889 pro-

728 3919 981 3970 lectione.

797 4012 849 4065 5.
882 4011 996 4063 Alia
1058 4000 1287 4063 subinde
1344 4006 1547 4063 montis
1604 4004 1773 4059 facies
1823 4004 2033 4059 exstitit
2089 4007 2291 4061 secutis

721 4102 1091 4169 temporibus,
1145 4099 1603 4153 monasteriorum
1655 4098 1952 4167 praesertim
2021 4113 2288 4164 numero,

725 4195 862 4245 forte
922 4192 975 4244 in
1025 4189 1337 4244 scitismatis
1385 4202 1635 4257 poenam,
1682 4187 2077 4243 incredibiliter
2109 4188 2292 4243 immi-

723 4294 878 4340 nuto.
930 4284 1058 4337 Nam
1086 4285 1177 4352 qui
1198 4283 1397 4337 saeculo
1424 4282 1688 4351 superiori
1727 4291 1966 4337 1110111οι11
2002 4285 2293 4350 perambu-

725 4377 877 4439 lavit,
905 4384 1161 4428 accurate
1183 4374 1418 4427 lustrans
1463 4371 1645 4426 omnia
1678 4371 2031 4440 pluribusque
2080 4372 2291 4427 descri-

723 4468 851 4520 bens
907 4465 1094 4519 Petrus
1146 4463 1440 4528 Bellonius,
1490 4462 1566 4516 ait
1622 4462 1759 4515 libro
1794 4476 1894 4516 suo
1943 4459 1986 4525 Ι,
2034 4475 2154 4530 cap.
2200 4461 2290 4525 11),

725 4558 885 4610 11111111
919 4556 1124 4610 1110111111
1167 4554 1362 4608 itinere
1389 4553 1442 4607 in
1481 4551 1896 4619 longitudinem,
1926 4550 2133 4604 dimidii
2164 4566 2293 4604 vero

723 4651 776 4702 in
824 4647 1163 4701 latitudinem
1227 4654 1448 4713 patere:
1481 4658 1509 4696 a
1561 4644 1690 4696 solis
1743 4642 2021 4710 Calogeris
2051 4640 2197 4711 (sunt
2256 4644 2292 4697 ii

722 4739 975 4794 tuonacbi
1007 4736 1231 4792 caelibes
1261 4738 1401 4804 apud
1454 4733 1694 4803 Graacos)
1727 4733 2019 4787 inhabitari
2047 4748 2061 4787 :
2100 4735 2291 4803 viginti

726 4833 827 4886 tria
861 4830 940 4885 101
961 4841 1193 4900 quatuor
1221 4843 1325 4881 non
1351 4824 1582 4895 amplius
1608 4825 2293 4891 monasteria,variislocis

724 4923 854 4987 sita,
880 4924 1176 4975 numerari.
1210 4919 1533 4973 Monasteria
1562 4918 1676 4986 ipsa
1711 4917 1911 4971 habere
1942 4918 1995 4972 in
2022 4919 2293 4986 adiunctis

725 5016 825 5069 sibi
860 5014 1068 5082 templis
1096 5027 1277 5067 sacras
1308 5012 1587 5079 reliquias,
1618 5010 1683 5064 ad
1727 5025 1929 5078 easque
1954 5009 2292 5081 frequentem

726 5106 842 5159 ﬁeri
872 5101 1453 5171 coucursum.Templa
1485 5116 1701 5171 quoque
1731 5103 1848 5170 ipsa
1868 5103 2081 5171 egregie
2101 5113 2293 5159 ornata

722 5206 777 5250 et
806 5204 1081 5247 exstructa
1123 5208 1281 5259 esse,
1333 5203 1494 5262 atque
1543 5193 1671 5245 inibi
1720 5192 2009 5261 Calogeros
2064 5194 2292 5264 singulis

724 5288 913 5341 dlcblls
948 5286 1191 5353 liturgias
1225 5300 1441 5348 canere,
1473 5286 1654 5338 omnia
1679 5283 1869 5338 Graeco
1897 5300 2146 5342 sermone
2173 5303 2296 5356 pro-

726 5376 984 5430 fert-mes.
1037 5374 1141 5428 Sed
1201 5374 1266 5428 de
1297 5374 1595 5441 Calogeris,
1623 5374 1713 5441 qui
1754 5374 1863 5428 illic
1900 5376 1964 5427 ad
1999 5388 2095 5428 sex
2126 5375 2293 5430 millia

727 5469 985 5520 dicuntur
1016 5465 1232 5530 degere,
1269 5465 1343 5515 uti
1381 5474 1435 5517 et
1481 5466 1544 5516 de
1584 5464 1703 5517 aliis
1739 5467 1843 5517 huc
1882 5468 2290 5532 pertinentibus

726 5557 926 5610 videsis
962 5554 1257 5607 Bellonium
1299 5555 1472 5624 ipsum
1495 5592 1509 5616 ,
1546 5564 1601 5607 01
1656 5568 1775 5623 qum
1807 5555 2045 5611 Joannes
2078 5556 2292 5627 Langus

723 5650 793 5703 ad
827 5649 923 5704 lib.
949 5665 1001 5702 ιι
1025 5647 1341 5714 Nicephori,
1370 5664 1485 5716 cap.
1521 5648 1609 5713 38,
1638 5649 1717 5703 sic
1749 5658 1899 5703 notat.
1931 5665 1946 5703 :
1989 5668 2007 5702 1
2044 5650 2215 5707 1101110
2237 5653 2291 5707 111

728 5738 869 5793 Λ1110
921 5747 1098 5792 monte
1144 5737 1216 5790 22
1266 5737 1491 5807 insignia
1538 5748 1663 5793 811111
1701 5742 2025 5795 monasteria
2080 5741 2292 5797 Grazco-

729 5851 845 5889 tum
879 5832 1265 5889 monachorum
1288 5831 1497 5888 ordinis
1525 5833 1694 5888 sancti
1729 5832 1934 5899 Basilii,
1956 5850 2074 5905 qua:
2107 5837 2291 5893 tributi

2393 3377 2573 3420 tamen
2628 3368 2696 3420 ab
2762 3368 3042 3423 Athanasii
3102 3368 3438 3436 temporibus
3489 3367 3761 3421 celebrior
3797 3366 3981 3423 factus

2390 3468 2447 3513 ct
2474 3460 2643 3529 magis
2666 3459 3037 3528 frequentatus
3060 3461 3224 3515 fuisse
3253 3476 3409 3514 mons
3439 3460 3560 3523 iste,
3602 3471 3711 3514 tum
3747 3472 3980 3530 propter

2391 3552 2733 3606 sanctitatem
2770 3553 2939 3620 ipsius
2973 3552 3291 3617 Athanasii,
3322 3563 3434 3606 tum
3468 3562 3687 3622 propter
3723 3554 3979 3607 auctori-

2393 3652 2556 3698 tatem
2586 3644 2900 3714 Nicepltori,
2934 3645 3031 3699 viri
3063 3645 3322 3714 epulenti,
3356 3647 3549 3700 deinde
3601 3646 3975 3715 imperatoris,

2397 3748 2508 3789 tum
2543 3736 2707 3790 etiam
2752 3747 2970 3806 propter
3007 3738 3399 3791 monasterium
3422 3747 3475 3792 et
3507 3737 3715 3793 lauram
3758 3738 3976 3791 utrius-

2394 3842 2499 3894 que
2555 3842 2659 3896 ope
2718 3838 3113 3883 constructam.
3166 3829 3339 3895 Quam
3409 3829 3616 3882 lauram
3680 3830 3725 3881 si
3779 3829 3977 3882 dixero

2393 3919 2692 3973 etiamnum
2724 3929 2958 3983 exstare,
2976 3920 3331 3989 eamdemque
3356 3935 3479 3974 esse
3502 3933 3664 3989 quam
3697 3918 3979 3975 Bellonius

2394 4007 2677 4070 describit,
2728 4009 2819 4063 lib.
2853 4025 2891 4072 I,
2919 4025 3044 4077 cap.
3074 4009 3141 4064 37
3166 4050 3180 4074 ,
3214 4010 3467 4064 fortassis
3496 4010 3631 4075 erit,
3668 4010 3759 4077 qui
3794 4012 3986 4063 consi-

2393 4095 2598 4151 deratis
2627 4097 2850 4152 Bellonii
2876 4098 3053 4153 verbis
3078 4100 3208 4153 mibi
3244 4100 3593 4155 assentiatnr.
3631 4117 3649 4149 1
3697 4098 3978 4154 Monaste-

2395 4187 2559 4251 rium,
2610 4188 2786 4257 inquit
2833 4189 2949 4254 ille,
2978 4189 3109 4255 Agia
3152 4188 3327 4243 Laura
3385 4199 3782 4257 nuncupatum,
3836 4192 3980 4245 inter

2394 4278 2600 4348 reliqua
2635 4281 2802 4334 totius
2833 4282 3032 4335 montis
3076 4282 3405 4335 monasteria
3435 4282 3591 4337 facile
3608 4283 3980 4351 principatum

2395 4370 2625 4437 obtinet,
2662 4380 2825 4439 atque
2855 4372 2921 4425 ad
2970 4372 3183 4428 radices
3208 4372 3499 4427 celsissitni
3528 4373 3644 4442 jugi
3677 4374 3851 4440 (quod
3880 4390 3981 4429 ve-

2396 4475 2490 4515 rus
2521 4476 2676 4514 mons
2703 4461 2877 4517 Athos
2905 4462 3010 4531 est)
3049 4463 3212 4516 situm
3250 4474 3359 4528 est,
3388 4478 3495 4533 qua
3525 4474 3677 4532 parte
3727 4463 3979 4519 Lemnon

2323 4577 2370 4635 ι)
2399 4562 2625 4621 spectat.
2650 4572 2668 4604 1
2711 4551 2860 4607 Gerit
2882 4555 3028 4607 enim
3051 4557 3437 4610 monasterium
3472 4554 3595 4618 hoc,
3619 4554 3799 4608 solum
3834 4556 3983 4610 inter

2395 4644 2575 4699 omnia
2618 4661 2647 4699 a
2695 4645 2933 4700 Bellonio
2973 4656 3329 4709 enumerata,
3376 4662 3571 4700 nomen
3621 4645 3801 4700 Laura
3838 4663 3856 4701 :
3890 4649 3979 4701 cui

2395 4736 2637 4789 additum
2671 4736 2866 4791 deinde
2914 4746 3091 4805 potest
3122 4735 3289 4791 fuisse
3333 4736 3492 4803 Ἀγία
3522 4752 3620 4790 8011
3656 4748 3871 4799 80110111,
3898 4738 3981 4790 101

2396 4840 2424 4878 11
2456 4825 2758 4879 fundatoris
2788 4826 3069 4880 Athanasii
3128 4827 3419 4881 sanctitate
3442 4868 3456 4890 ,
3488 4826 3569 4879 vel
3611 4841 3640 4877 a
3679 4828 3982 4879 sanctitate

2397 4918 2565 4986 ipsius
2606 4919 2946 4981 monasterii,
2979 4919 3123 4987 quod
3147 4928 3203 4972 et
3237 4920 3344 4972 situ
3388 4915 3705 4986 particulari
3740 4932 3977 4972 tenera-

2398 5010 2559 5062 bilius
2609 5022 2693 5063 est
2720 5010 2859 5072 aliis,
2899 5019 2952 5063 et
3001 5010 3086 5063 cui
3135 5008 3241 5062 alia
3292 5009 3429 5063 forte
3477 5008 3659 5063 omnia
3705 5010 3980 5077 originem

2399 5117 2553 5156 suam
2581 5113 2747 5170 atque
2789 5102 2925 5155 adeo
2971 5103 3133 5155 etiam
3161 5101 3564 5154 venerationem
3604 5099 3863 5155 debeant.
3885 5103 3982 5156 Est

2398 5204 2658 5261 praeterea
2689 5195 3071 5249 monasterium
3111 5195 3231 5258 hoc,
3259 5195 3332 5247 uti
3358 5192 3487 5246 illud
3517 5193 3980 5257 Albanasianum,

2400 5283 2452 5337 in
2481 5284 2676 5337 montis
2724 5294 2877 5351 parte
2917 5283 3163 5336 interiori
3217 5272 3473 5351 0111111818
3508 5282 3612 5333 alta
3642 5298 3808 5350 quam
3854 5284 3980 5337 reli-

2399 5391 2526 5446 qua,
2560 5375 2673 5431 fere
2714 5376 2765 5429 in
2799 5376 3069 5430 littoribus
3098 5375 3215 5429 sita:
3243 5385 3339 5426 aut
3366 5388 3556 5442 parum
3592 5372 3717 5427 inde
3746 5385 3980 5438 remota,

2401 5470 2474 5521 uti
2511 5478 2739 5522 testatur
2761 5467 3052 5522 Bellonius.

2470 5560 2522 5615 8.
2553 5558 2656 5614 Sed
2706 5563 2989 5614 redeamus
3036 5561 3100 5612 ad
3151 5558 3397 5619 Petrum,
3430 5556 3520 5624 qui
3566 5558 3793 5612 omnino
3829 5562 3978 5628 prior

2401 5652 2702 5709 Athanasio
2732 5654 2929 5707 Atbum
2956 5653 3245 5707 incoluisse
3280 5651 3457 5707 debet.
3484 5652 3603 5718 Quo
3641 5653 3789 5707 enim
3822 5667 3978 5723 pacto

2406 5760 2502 5815 per
2548 5760 2720 5800 annos
2764 5745 2876 5799 fere
2918 5745 3329 5817 quinquaginta,
3382 5759 3517 5815 quos
3559 5745 3672 5799 illic
3730 5747 3981 5815 exegisse

2413 5838 2636 5903 dicitur,
2667 5837 2834 5893 latere
2869 5838 3112 5893 omnium
3142 5838 3364 5893 omnino
3395 5836 3579 5893 oculos
3607 5836 3894 5906 potuisset,
3928 5852 3974 5893 st
