4246 6464
257 350 361 419 993

1310 360 1490 419 VlTA
1529 362 1589 421 S.
1635 361 1863 424 PETRI
1899 368 2326 429 ΑΤΗΟΝΙΤΑΞ.

3400 372 3508 435 904

249 488 359 530 tant
397 478 650 548 frequens
682 479 1076 538 habitatoribus
1102 492 1226 539 tunc
1252 484 1440 542 fuisset
1461 495 1639 555 mons,
1666 495 1829 558 quam
1861 500 1904 552 Α
1938 506 2046 550 tam
2075 496 2127 548 in
2158 497 2343 549 Asiam
2374 495 2488 550 vela
2523 495 2787 561 facturos,
2817 514 2835 548 ι
2861 495 2935 551 ιιιί
2958 504 3211 551 narratur
3242 509 3392 552 num.
3417 501 3501 555 lO.

245 584 371 624 esse
414 583 531 637 post
558 572 916 626 Athanasium
946 576 1148 645 coepit?
1180 578 1319 643 Quid
1350 580 1515 633 etiam
1556 583 1657 635 sibi
1688 582 1821 642 vult,

248 664 395 730 quod
424 666 631 731 primus
661 666 860 719 athleta
886 668 994 723 illic
1027 670 1232 739 degerit
1276 671 1466 727 Petrus
1491 716 1505 737 ,
1536 674 1611 726 uti
1640 674 1823 728 Prolo-

244 772 375 823 gus;
400 757 615 824 etquod
650 757 875 827 Deipara
900 756 1076 812 locum
1104 762 1250 814 illum
1274 763 1435 816 Petro
1454 767 1817 829 constituerit,

248 860 307 902 ιιι
348 850 449 903 sibi
503 849 733 902 electum
783 864 881 918 pro
928 852 1180 907 instituto
1227 858 1544 922 tnonastieo,
1579 859 1653 911 uti
1702 857 1822 914 Vita

245 941 365 1007 ipsa
396 957 545 993 ntnn.
577 942 634 994 tl
683 943 910 995 narrat?
952 944 1094 998 Sane
1143 947 1332 1001 isthtcc
1376 960 1559 1016 aperte
1600 950 1819 1015 docent,

243 1032 484 1101 priorem
520 1034 822 1088 Athanasio
844 1037 1043 1089 Album
1076 1037 1369 1094 incoluisse
1389 1040 1607 1095 Petrum
1633 1052 1821 1110 :atque

242 1122 457 1175 utinam
490 1134 702 1190 tempus
731 1140 946 1194 quoque
976 1126 1362 1183 intermedium
1392 1132 1685 1186 docerent!
1716 1132 1819 1187 Sed

242 1209 377 1263 illud
409 1211 534 1266 hinc
550 1214 877 1279 sperandum
906 1230 1010 1270 non
1040 1218 1365 1282 est,nullum
1398 1222 1653 1277 indicium
1688 1239 1823 1291 prm-

241 1302 494 1357 bentibus
535 1304 717 1371 Aetis,
785 1309 927 1360 unde
996 1309 1047 1362 itt
1103 1312 1348 1365 notitiam
1419 1315 1642 1377 saeculi,
1714 1331 1819 1383 quo

241 1392 428 1447 ﬂoruit
481 1395 697 1460 Petrus,
737 1399 907 1451 veniri
940 1401 1129 1467 possit.
1190 1404 1302 1455 lmo
1355 1421 1453 1457 nec
1504 1407 1629 1458 sciri
1687 1408 1820 1461 satis

238 1496 419 1551 certo,
468 1490 707 1553 quandiu
748 1490 801 1542 in
842 1492 988 1543 Atho
1047 1494 1263 1555 vixerit,
1306 1510 1369 1548 ex
1415 1497 1566 1549 Actis
1617 1507 1817 1567 potest,

241 1579 408 1633 aliter
428 1589 591 1647 atque
613 1580 772 1634 aliter
805 1582 1035 1637 subinde
1056 1582 1417 1651 loquentibus.
1451 1586 1579 1640 Nam
1609 1605 1757 1644 nom.
1785 1591 1819 1645 5

237 1672 526 1738 assignant
559 1677 880 1729 anachoresi
909 1679 1027 1745 ejus
1069 1679 1121 1731 itt
1165 1691 1347 1733 monte
1373 1696 1544 1734 annos
1583 1684 1817 1751 amplius

237 1766 661 1836 quinquaginta,
687 1770 775 1835 qui
803 1786 950 1821 num.
966 1770 1035 1823 42
1054 1772 1416 1824 extenduntur
1436 1779 1500 1826 ad
1523 1791 1689 1827 annos
1709 1777 1812 1831 55:

1928 585 1999 639 Ut
2042 589 2326 640 commode
2354 588 2541 641 istbtcc
2566 589 2725 640 verba
2753 589 3144 657 intelligantur,
3168 570 3505 656 separihtdus

1928 679 2013 730 hic
2039 687 2125 731 est
2165 690 2354 747 portus
2388 678 2455 730 ab
2482 679 2637 741 urbe,
2666 694 2728 732 ac
2768 682 3002 746 spatium
3033 680 3173 732 inter
3207 688 3499 748 utrumque
3588 702 3591 707 ·

1927 769 2143 835 aliquod
2213 768 2554 837 interjectum
2599 769 2808 835 concipi
2864 769 3065 822 debet:
3117 770 3260 835 quod
3315 768 3501 822 Roma:
3572 776 3575 779 '

1924 875 2079 914 nova:
2102 875 2197 913 seu
2218 860 2709 927 Constantinopoli,
2733 861 2819 913 ubi
2851 871 3042 928 portus
3077 874 3204 930 pars
3232 860 3379 912 urbis
3398 870 3499 925 est,

1923 951 2216 1004 convenire
2238 966 2340 1003 non
2366 958 2562 1021 potest;
2586 959 2761 1017 potest
2783 960 2960 1003 autem
2990 950 3172 1005 Romae
3197 951 3386 1012 veteri,
3408 964 3501 1003 cu-

1920 1042 2011 1111 jus
2031 1050 2217 1111 portus
2243 1043 2522 1097 duooecim
2553 1042 2665 1098 fere
2688 1043 2837 1095 mille
2860 1055 3057 1109 passus
3077 1043 3144 1095 ab
3169 1043 3300 1097 urbe
3322 1056 3504 1095 semo-

1927 1144 2012 1186 tus
2045 1142 2145 1198 est,
2177 1134 2293 1187 sive
2325 1149 2420 1202 per
2456 1135 2606 1188 illum
2646 1135 2795 1189 Ostia
2831 1134 3110 1199 Tiberina,
3146 1135 3261 1189 sive
3308 1134 3503 1187 Portus

1922 1225 2187 1293 Augusti,
2219 1225 2380 1278 etiam
2415 1225 2688 1280 Romanus
2737 1226 3043 1295 appellatus
3070 1264 3102 1289 ,,
3138 1224 3487 1293 intelligatur.

1922 1317 2181 1379 Rursum,
2221 1320 2345 1372 hinc
2404 1319 2739 1372 solventibus
2764 1319 2815 1369 in
2842 1318 3053 1381 Asiam,
3087 1319 3193 1371 iter
3222 1333 3317 1383 per
3367 1319 3502 1372 Cre-

1926 1419 2034 1463 tam
2084 1410 2291 1462 institui
2352 1420 2502 1463 recta
2562 1418 2920 1475 potest;non
2984 1412 3113 1462 ilent
3158 1409 3500 1462 solventibus

1921 1500 2415 1568 Constantinopoli,
2472 1501 2537 1551 ab
2576 1500 2697 1553 Asia
2744 1500 2857 1553 solo
2920 1498 3160 1567 Bosporo
3228 1497 3501 1553 Thracico

1920 1593 2209 1659 dirempta.
2250 1589 2494 1658 Denique
2522 1607 2673 1645 num.
2710 1591 2796 1655 l5,
2832 1608 2956 1645 cum
2983 1593 3137 1645 navis
3167 1606 3387 1645 cursum
3415 1608 3502 1646 re-

1921 1685 2046 1738 licta
2080 1683 2239 1738 Creta
2268 1694 2692 1754 prosequeretur
2714 1726 2727 1748 ,
2760 1697 2926 1754 atque
2966 1700 3031 1739 ex
3071 1686 3363 1751 improviso
3396 1684 3498 1737 im.

1922 1775 2138 1828 mobilis
2201 1776 2571 1841 consisteret,
2622 1776 2849 1845 jubetur
2919 1776 3293 1830 sinistrorsum
3356 1773 3497 1829 ﬂecti

236 1866 297 1911 at
335 1873 486 1911 nttm.
529 1858 618 1919 56,
658 1859 817 1911 annis
856 1859 927 1913 46
957 1863 1219 1914 duntaxat
1274 1863 1324 1915 io
1371 1880 1557 1918 eremo
1608 1876 1814 1921 transa-
1853 1837 1892 1889 Β
1924 1882 2112 1921 Versus
2149 1869 2350 1921 Athutn
2390 1876 2647 1922 montem.
2684 1867 2777 1921 Est
2823 1879 3000 1921 autem
3033 1869 3208 1922 Athus
3234 1866 3404 1921 Roma
3445 1866 3499 1920 in

236 1947 365 2009 ctis,
397 1948 593 2002 dicitur
632 1949 886 2003 inventus
928 1950 1095 2004 fuisse
1142 1968 1171 2004 a
1225 1964 1501 2018 venatore,
1536 1957 1730 2023 vivus;
1765 1968 1819 2012 et

234 2051 388 2090 anno
441 2047 562 2107 post
621 2054 749 2102 uno,
790 2054 1058 2107 mortuus,
1099 2044 1177 2097 sic
1214 2052 1273 2098 ut
1315 2045 1382 2098 47
1446 2045 1552 2099 illic
1604 2058 1815 2101 tantum

233 2131 564 2199 expleverit.
614 2132 813 2186 Verum
865 2149 986 2187 cum
1037 2138 1144 2188 duo
1188 2138 1396 2204 priores
1447 2141 1653 2191 numeri
1713 2156 1815 2192 non

236 2223 386 2276 male
425 2224 567 2276 inter
598 2240 657 2278 se
686 2228 1019 2279 concordent
1045 2267 1060 2291 ,
1091 2230 1282 2280 cedere
1324 2230 1429 2283 illis
1458 2232 1813 2297 posteriorem

235 2314 463 2366 unicum
502 2330 598 2383 par
626 2325 709 2369 est
741 2357 757 2379 ,
817 2316 1029 2385 dieique
1064 2319 1296 2383 debebit,
1344 2332 1437 2373 aut
1479 2337 1720 2375 errorem
1763 2324 1814 2376 in

234 2420 530 2459 numerum
555 2406 860 2475 irrepsisse,
888 2422 982 2462 aut
1004 2410 1217 2478 longius
1238 2428 1398 2480 quam
1422 2414 1546 2465 anni
1582 2416 1809 2482 spatium

233 2496 409 2564 (quod
455 2510 635 2550 tamen
691 2502 820 2552 Acta
858 2504 1077 2571 negant)
1122 2505 1263 2556 inter
1300 2504 1506 2557 abitum
1548 2507 1817 2559 venatoris

232 2604 266 2641 e
294 2598 479 2643 monte
508 2605 571 2642 ac.
599 2591 830 2644 reditum
851 2592 1145 2648 eﬂluxisse.
1165 2594 1353 2649 Posset
1382 2596 1630 2651 fortassis
1653 2599 1815 2650 etiam

234 2682 534 2744 sustineri,
593 2687 733 2751 quod
790 2684 1024 2740 Sanctus
1076 2702 1246 2742 annos
1325 2688 1392 2741 47
1460 2692 1817 2743 determinate

230 2773 439 2825 vixerit
481 2775 534 2827 in
595 2787 820 2830 monte:
878 2794 969 2831 sex
1029 2795 1176 2844 vero,
1209 2782 1300 2848 qui
1351 2782 1814 2849 snperadduntur,

232 2865 621 2933 intelligendos
648 2882 790 2931 esse,
811 2884 873 2922 ex
913 2881 1091 2923 mente
1123 2872 1280 2939 pritui
1329 2871 1461 2925 Vit-.2
1506 2875 1813 2941 scriptoris,

234 2956 311 3007 de
340 2959 500 3011 annis
554 2958 659 3012 illis
700 2960 790 3026 qui
839 2964 906 3012 ab
954 2962 1109 3015 initio
1176 2966 1545 3018 conversionis
1601 2968 1652 3019 itt
1714 2966 1816 3029 itu,

234 3062 395 3100 mora
457 3051 741 3114 redituque
786 3051 1054 3114 Romano,
1094 3069 1265 3122 usque
1297 3058 1360 3108 ad
1401 3057 1616 3109 initium
1662 3058 1811 3109 habi-

1918 1961 2098 2012 Asiam
2165 1959 2546 2027 navigantibus
2582 1975 2607 2007 a
2659 1970 2812 2027 parte
2853 1960 3098 2022 sinistra,
3127 1974 3248 2011 cum
3312 1959 3500 2011 eodem

1920 2048 2303 2117 navigantibus
2334 2048 2804 2118 Constantinopoli
2828 2050 3139 2103 necessario
3162 2048 3504 2116 relinquatur

1917 2161 1945 2195 ιι
1979 2145 2187 2197 dextra.

1956 2230 1984 2302 ᾗ
2027 2232 2095 2286 ll.
2142 2231 2278 2289 Vita:
2316 2243 2525 2302 auctor,
2568 2236 2840 2295 inventor.
2878 2249 3009 2287 nova
3051 2230 3219 2285 versio
3261 2239 3463 2289 nostra.

1990 2330 2077 2383 ll.
2117 2330 2194 2384 Ex
2234 2347 2299 2386 eo
2330 2331 2472 2399 quod
2503 2330 2729 2384 Romam
2784 2339 3020 2383 veterem
3088 2326 3366 2395 profectus
3424 2326 3497 2381 sit

1920 2422 2136 2487 Petrus,
2166 2424 2241 2477 uti
2281 2426 2533 2487 vidimus,
2570 2425 2753 2490 ibique
2783 2422 3026 2474 habittnn
3057 2420 3327 2487 acceperit
3376 2434 3495 2473 mo-

1922 2517 2207 2580 nasticum,
2242 2517 2386 2572 Omni
2416 2516 2729 2570 schismatts
2759 2514 3088 2578 suspicione,
3115 2528 3275 2580 quam
3306 2511 3500 2578 aliquis

1919 2597 2162 2677 obiicere
2216 2588 2419 2675 posset,
2474 2608 2772 2668 eximitur;
2844 2600 3055 2658 tametsi
3115 2603 3501 2656 schismaticus

1920 2710 2083 2766 atque
2110 2700 2395 2751 haereticus
2431 2699 2590 2751 fuerit
2644 2700 2707 2760 is,
2745 2701 2839 2767 qui
2877 2697 3053 2751 Vitam
3100 2713 3260 2764 quam
3289 2697 3501 2749 edimus

1919 2808 2013 2846 sua
2044 2793 2357 2859 paraphrasi
2386 2792 2615 2859 ornavit.
2652 2789 2945 2844 Estaulem
2992 2792 3034 2843 is
3072 2790 3364 2858 Gregorius
3395 2791 3498 2841 Pa-

1921 2882 2108 2943 lamas,
2143 2883 2581 2950 archiepiscopus
2617 2882 3143 2943 Thessalonicensis,
3196 2882 3495 2946 srriptione

1921 2990 2231 3043 sua,quam
2283 2986 2471 3029 contra
2523 2976 2749 3029 Beccum
2811 2975 3177 3044 patriarcham
3238 2972 3344 3024 (ΣΡ.
3378 2973 3502 3041 Spi-

1886 3056 1889 3057 r
1923 3067 2082 3119 ritum
2115 3074 2361 3118 sanctum
2394 3082 2419 3116 ιι
2445 3064 2605 3118 Patre
2638 3076 2797 3133 atque
2819 3064 2955 3117 Filio
2977 3063 3135 3118 simul
3171 3066 3489 3128 procedere,

236 3144 466 3197 talionis
500 3156 789 3210 montanae,
820 3148 1121 3203 eﬂloxerint
1148 3168 1164 3216 ;
1196 3152 1272 3205 sic
1301 3162 1358 3205 ιιι
1385 3162 1555 3206 totum
1582 3154 1817 3208 melioris
1845 3158 1888 3214 C
1924 3174 2043 3211 eum
2106 3156 2313 3210 Latinis
2390 3156 2605 3210 fortiter
2672 3166 2907 3209 tuentem
2935 3195 2949 3217 ,
3025 3154 3347 3221 pttbliravit,
3399 3170 3498 3208 sa:-

232 3237 368 3288 vita?
397 3239 629 3304 spatium
664 3242 789 3293 anni
828 3242 895 3295 55
918 3246 1229 3297 numerandi
1256 3245 1383 3299 sint.

313 3331 365 3383 9.
408 3329 590 3384 Nihilo
621 3337 855 3389 certiora
891 3337 1044 3387 nobis
1081 3337 1146 3389 de
1174 3335 1320 3390 Petri
1355 3328 1475 3392 loco
1513 3340 1674 3393 natali
1706 3350 1814 3394 tra-

234 3422 379 3474 dunt
412 3421 573 3487 Acta,
607 3439 767 3492 quam
805 3429 870 3479 de
901 3426 1102 3479 saeculo
1127 3442 1231 3495 quo
1255 3427 1469 3482 vixerit.
1503 3428 1664 3485 Num.
1689 3430 1821 3486 618-

236 3517 393 3581 gitur
416 3516 709 3569 excitatum
745 3518 794 3571 in
821 3520 991 3585 patria
1031 3519 1146 3585 ejus
1184 3521 1379 3573 bellum
1420 3521 1584 3575 fuisse
1631 3533 1817 3576 contra

232 3609 451 3662 Arabes
477 3626 490 3673 ;
520 3612 661 3677 quod
699 3612 899 3664 indicio
925 3614 1137 3679 quidem
1162 3629 1277 3666 esse
1309 3615 1497 3682 possit,
1519 3616 1568 3666 in
1605 3615 1817 3668 illorum

234 3699 502 3751 conﬁniis
534 3710 718 3752 natum
764 3702 960 3754 alicubi
984 3702 1153 3756 fuisse
1186 3702 1400 3756 Petrum
1424 3723 1436 3767 ;
1462 3707 1552 3759 sed
1582 3705 1822 3773 quibus?

235 3792 756 3847 Occidentalibusne
815 3808 879 3846 an
939 3797 1491 3863 septentrimtalibus,
1534 3813 1601 3848 an
1655 3796 1820 3849 aliis?

234 3884 341 3938 Est
392 3885 606 3939 Arabia:
635 3888 971 3940 contermina
1006 3888 1286 3940 Palaestina
1323 3906 1336 3940 :
1382 3877 1532 3957 parte
1566 3890 1645 3942 sui
1675 3905 1821 3941 eam-

238 3980 363 4028 detn
399 3976 617 4041 attingit
673 3974 827 4046 Syria
863 3994 876 4029 :
921 3977 1153 4029 Arabum
1196 3978 1533 4031 incursiones
1589 3978 1820 4031 subinde

237 4080 295 4121 ct
320 4069 447 4119 Asia
506 4068 690 4120 minor
722 4069 911 4121 sensit.
960 4069 1310 4136 Suspicemur
1341 4070 1502 4136 igitur
1538 4086 1600 4123 ex
1639 4073 1818 4139 aliqaa

241 4162 475 4211 istarum
516 4164 791 4230 regionum
820 4202 835 4227 ,
878 4177 940 4214 ac
998 4164 1262 4230 pracciptte
1301 4178 1363 4215 ex
1400 4164 1655 4217 allerutra
1686 4168 1821 4218 dua-

242 4268 366 4305 rum
421 4253 746 4319 primarum,
802 4255 1090 4306 oriundum
1140 4252 1305 4306 fuisse
1351 4253 1591 4319 Petrum,
1648 4259 1822 4311 donec

239 4344 468 4396 aliunde
525 4342 724 4396 clarior
781 4343 1015 4397 fortasse
1068 4345 1155 4396 lux
1223 4345 1476 4413 alTulgeat
1512 4346 1818 4414 aliquando.

1927 3250 2051 3304 culo
2082 3266 2169 3304 xiv
2201 3249 2479 3312 famosus;
2524 3263 2622 3302 nec
2652 3263 2753 3300 non
2801 3245 3059 3299 famosior
3094 3247 3203 3306 illa,
3239 3261 3339 3313 qua
3372 3262 3499 3301 con-

1929 3342 2133 3396 futatus
2182 3344 2297 3410 ipse
2347 3351 2537 3410 postea
2598 3341 2697 3392 fuit
2748 3356 2774 3389 ει
2836 3338 3096 3391 cardinali
3157 3338 3499 3399 Bessarione,

1927 3434 2080 3489 Becci
2114 3446 2274 3499 atque
2319 3433 2601 3487 catholicae
2630 3433 2888 3485 doctrinae
2917 3434 2983 3483 de
3036 3428 3271 3496 Spiritus
3324 3431 3500 3483 sancti

1929 3525 2277 3593 processione
2331 3526 2549 3593 egregio
2598 3521 2907 3575 defensore.
2965 3521 3263 3576 lneoluisse
3322 3534 3500 3575 autem

1928 3628 1981 3671 et
2013 3617 2126 3684 ipse
2152 3616 2402 3669 Palamas
2437 3616 2651 3668 videtur
2676 3623 2911 3666 mootem
2936 3613 3159 3678 Album,
3192 3613 3501 3681 priusquam

1931 3708 2375 3773 archiepiscopus
2410 3719 2725 3768 crearczur;
2781 3704 2959 3769 ibique
2987 3700 3167 3755 Vitam
3195 3706 3329 3756 hanc
3364 3704 3500 3756 scri-

1931 3800 2127 3864 psisse,
2158 3808 2211 3849 et
2243 3812 2339 3863 pro
2385 3796 2645 3848 concione
2683 3795 2748 3845 ad
2781 3794 3075 3846 monachos
3111 3792 3306 3845 ibidem
3333 3794 3504 3846 habi-

1933 3899 2109 3943 tantes
2132 3892 2351 3941 dixisse.
2378 3889 2660 3956 Colligitur
2688 3887 2739 3939 id
2768 3901 2831 3939 ex
2871 3885 3122 3952 Prologo,
3152 3887 3238 3937 ubi
3272 3886 3503 3952 Athum,

1930 3982 2139 4035 ltnnCCe
2176 3990 2411 4033 montem
2435 4019 2449 4040 ,
2485 3989 2535 4031 et
2564 3977 2802 4042 Petrum,
2837 3987 3133 4031 nostratem
3170 3986 3333 4045 atque
3365 3980 3506 4031 indi-

1938 4090 2133 4142 genam
2171 4072 2431 4142 appellat,
2459 4072 2546 4138 qui
2586 4071 2667 4123 hic
2694 4080 2980 4132 terrarum,
3014 4083 3207 4135 nempe
3234 4070 3284 4120 in
3316 4079 3503 4125 monte

1931 4168 2031 4222 ltoc
2055 4168 2218 4231 Atlio,
2248 4165 2509 4217 habitavit
2546 4173 2705 4230 atque
2738 4161 2931 4213 ibidem
2982 4162 3212 4229 primum
3243 4171 3501 4229 tropa‘um

1931 4261 1997 4311 de
2030 4258 2173 4310 victo
2204 4258 2446 4307 dtetnone
2480 4255 2671 4307 erexit.
2698 4251 2771 4307 Ut
2825 4266 2952 4303 vero
3008 4252 3178 4318 magis
3231 4253 3505 4305 eximatur

1931 4347 2236 4412 suspicione
2282 4345 2590 4398 schismatis
2626 4343 2839 4405 Petrus,
2869 4342 3163 4393 notandum
3194 4350 3294 4405 cst,
3326 4358 3502 4411 ipsum

239 4432 499 4488 Excitato
534 4434 617 4503 (ut
648 4435 907 4504 diximus)
946 4436 1105 4499 bello,
1158 4436 1209 4489 in
1260 4455 1355 4489 can
1383 4454 1505 4504 puni
1538 4456 1656 4490 euut
1704 4441 1825 4494 aliis
1858 4467 1902 4521 υ
1934 4432 2103 4485 Roma
2141 4434 2464 4500 ιὶΐοῖευιιιηι,
2495 4434 2545 4484 ill
2574 4431 2731 4483 (ἔτει³
2757 4430 3013 4481 mirﬁcum
3048 4442 3327 4497 "tW-Falli!"
3362 4447 3503 4499 €559,

241 4529 523 4597 processit
550 4525 767 4593 Petrus,
809 4539 1105 4595 captusque
1134 4529 1184 4580 in
1221 4530 1474 4582 Arabiam
1511 4530 1819 4595 abducitur,

242 4628 300 4671 et
329 4618 541 4672 carceri
576 4618 943 4687 mancipatur.
978 4617 1105 4671 Inde
1133 4634 1259 4672 vero
1291 4621 1545 4672 divinitus
1578 4633 1817 4687 ereptus,

248 4709 483 4763 Romam
546 4709 648 4762 iter
683 4710 949 4771 instituit;
1000 4724 1229 4777 eamque
1271 4710 1561 4778 ingressus,
1617 4729 1641 4761 a
1687 4727 1822 4780 pon-

244 4805 395 4854 tifice
427 4804 782 4853 ntonasticum
817 4801 1056 4853 induitur
1106 4803 1341 4855 habitum
1381 4813 1431 4855 et
1480 4804 1704 4856 docetur
1743 4806 1825 4855 in-

240 4898 519 4947 stitutum.
601 4892 820 4946 Utinam
886 4893 972 4947 hic
1041 4902 1231 4946 auctor
1292 4894 1563 4961 pontificis
1628 4909 1821 4948 nomen

238 4986 643 5052 expressisset!
671 4983 915 5039 Certiora
956 4985 1079 5037 inde
1128 4986 1384 5051 temporis
1446 4985 1639 5036 indicia
1680 4986 1823 5038 nacti

243 5076 575 5141 fuissemus,
628 5092 691 5130 ac
727 5078 933 5131 certius
977 5075 1460 5134 diatinxissentus,
1530 5076 1826 5130 Romamne

241 5180 471 5225 novant,
508 5180 575 5217 an
621 5172 855 5218 veterem
890 5164 1166 5232 profectus
1205 5163 1366 5215 fuerit
1393 5161 1827 5227 Petrus.Qoam-

244 5260 331 5311 vis
389 5258 509 5310 sine
573 5258 664 5310 illo
709 5258 912 5309 indicio
966 5257 1139 5307 ausim
1172 5268 1439 5313 asserere,
1480 5255 1703 5305 Romam
1743 5256 1828 5306 hic

244 5347 795 5414 intelligendamesse
834 5356 1093 5407 veterem,
1119 5346 1275 5413 idque
1301 5360 1362 5397 ex
1391 5346 1505 5411 ipso
1536 5346 1828 5412 navigatio-

241 5439 335 5493 nis
371 5454 534 5491 cursu
562 5441 810 5491 ostendo.

320 5530 411 5583 10.
454 5528 589 5582 Nam
622 5530 709 5582 ubi
745 5529 914 5581 Roma
954 5529 1250 5585 discessum
1286 5527 1608 5587 meditatur,
1644 5525 1827 5593 inqui-

242 5623 459 5677 siturus
497 5622 701 5683 locum,
739 5623 1016 5689 proposito
1044 5622 1144 5674 sibi
1166 5620 1410 5673 inStituto
1431 5624 1826 5683 opportunum;

250 5733 272 5765 ι
312 5713 509 5767 Incidit
533 5716 583 5766 in
616 5724 832 5777 nautas,
863 5714 970 5778 jam
993 5724 1213 5780 paratos
1257 5711 1540 5767 discedere
1575 5724 1639 5767 ex
1671 5710 1824 5770 urbe,

245 5823 351 5861 nec
386 5805 559 5859 multo
590 5815 773 5874 postoe
814 5816 969 5873 portu
1004 5804 1295 5865 soluturos,
1347 5811 1509 5870 atque
1541 5815 1634 5867 per
1692 5799 1825 5854 Cre-

1933 4537 2031 4575 nec
2078 4538 2199 4576 cum
2232 4522 2343 4573 ullo
2396 4522 2610 4584 exinde,
2646 4528 2843 4587 praeter
2878 4526 3143 4581 vectores,
3176 4519 3501 4572 collocutum

1932 4614 2100 4667 fuisse
2159 4628 2328 4681 usque
2389 4612 2453 4663 ad
2510 4610 2867 4679 pennltintum
2930 4608 3052 4664 vita
3107 4622 3218 4661 sua:
3261 4625 3501 4678 annum;

1931 4710 2169 4775 adeoque
2211 4722 2330 4759 cum
2377 4705 2589 4758 nemine
2630 4705 2823 4771 egisse,
2858 4704 2948 4772 qui
2982 4720 3105 4756 eum
3137 4705 3205 4757 ad
3262 4706 3496 4759 schisma

1930 4799 2241 4866 pertrahere
2290 4797 2543 4865 poluerit.
2582 4796 2653 4851 Ut
2701 4795 2833 4847 nihil
2872 4796 3072 4857 dicam,
3123 4798 3261 4865 quod
3309 4798 3499 4853 incolae

1930 4892 2165 4957 cjnSdem
2201 4888 2403 4943 montis
2436 4888 2704 4951 monachi,
2743 4887 2877 4940 uniti
2916 4888 3113 4940 fuerint
3163 4889 3337 4942 adhuc
3391 4889 3501 4943 Ro-

1933 4998 2102 5035 manae
2133 4981 2383 5035 Ecclesia:
2410 4979 2611 5033 saeculo
2646 4993 2777 5043 xm;
2804 4979 3017 5044 quando
3067 4980 3341 5031 humiliter
3370 4996 3496 5048 sup-

1932 5075 2199 5141 plicarunl
2256 5072 2570 5124 Innocentio
2632 5068 2697 5121 ΙΙΙ
2768 5084 2917 5138 papa:
2973 5079 3032 5122 ut
3083 5071 3358 5123 libertates
3394 5073 3497 5126 sibi

1932 5181 2058 5217 suas
2115 5162 2484 5219 confirmaret,
2534 5174 2697 5227 seque
2752 5159 2853 5212 Sub
2904 5158 3044 5211 beati
3081 5158 3224 5211 Petri
3283 5174 3346 5212 ac
3401 5176 3494 5212 sua

1935 5253 2097 5319 ipsius
2132 5267 2279 5318 ιιτιρειι
2327 5250 2659 5318 protectione
2711 5250 2985 5316 suscipere
3017 5248 3373 5317 dignaretur:
3418 5250 3499 5305 uti

1929 5353 1981 5393 et
2044 5342 2242 5394 factum
2300 5351 2379 5392 est
2410 5355 2502 5407 per
2552 5340 2869 5408 rescriptum
2907 5339 3148 5406 ejusdem
3206 5340 3499 5407 pontiﬁcis,

1932 5430 2293 5498 Epistolarum
2339 5432 2457 5494 ejus
2515 5430 2652 5482 libro
2690 5444 2809 5489 th,
2861 5428 3021 5496 epist.
3076 5427 3173 5480 168
3215 5428 3499 5480 insertum.

1933 5524 2083 5587 Quod
2117 5524 2158 5574 si
2185 5521 2377 5574 deinde
2405 5520 2731 5572 Schismatici
2764 5518 2884 5571 iacti
2937 5531 3060 5571 sunt
3088 5520 3338 5571 monachi
3401 5519 3500 5582 illi,

1934 5616 2008 5667 uti
2064 5614 2161 5665 fuit
2207 5615 2319 5680 ipse
2383 5613 2666 5673 Palamas,
2701 5612 2829 5679 quid
2892 5611 2941 5663 id
2996 5611 3175 5673 faciat,
3220 5621 3277 5663 ut
3338 5612 3498 5663 etiam

1944 5705 2331 5759 scbismaticus
2381 5702 2661 5770 iudicetur
2691 5700 2863 5753 fuisse
2916 5700 3134 5763 Petrus,
3166 5709 3315 5754 tanto
3348 5701 3501 5767 prius

1939 5808 2223 5861 mortuus,
2262 5812 2383 5851 cum
2418 5795 2549 5848 nihil
2583 5795 2803 5847 omnino
2851 5794 2992 5861 quod
3040 5792 3276 5846 schisma
3329 5792 3506 5858 sapiat
