4246 6464
203 406 317 471 997

1274 402 1452 463 VITA
1487 402 1543 463 S.
1591 397 1815 460 PETR!
1858 395 2289 460 ΑΤΗΟΝΙΤᾹΞ.

3359 398 3471 465 998

204 520 723 583 καταπαλαίσαντα,
785 518 880 571 καὶ
932 520 1197 587 τρόπαιον
1249 518 1504 570 ἐνταυθοῖ
1564 516 1783 584 πρῶτον

1832 517 2155 571 {terrarum
2212 509 2584 566 adversarium
2631 509 2977 581 proﬂigavit,
3024 510 3248 582 ejusque
3291 512 3473 569 lurore

203 613 305 681 τῆς
352 612 565 663 ἐκείνου
616 609 737 662 καθ’
799 609 956 678 ἡμῶν
1002 610 1281 678 στήσαντα
1315 608 1532 677 μανίας,
1566 607 1659 659 καὶ
1696 606 1786 657 τὸν

200 704 299 757 τοῦ
342 701 512 759 καλοῦ
562 702 765 770 σπόρον
810 702 890 764 είς
925 701 1119 769 καιρὸν
1164 702 1272 769 ἄρα
1324 698 1783 766 καταδαλόμενον,

200 795 330 845 ἐπεὶ
386 798 480 847 καὶ
537 793 749 859 ἁνείρύη
800 794 897 844 καὶ
945 792 1252 860 τέθραπται
1313 794 1407 844 καὶ
1452 792 1784 858 εὐφόρησεν,

197 886 276 949 ὡς
304 886 402 937 νῦν
438 888 505 937 ἑκ
535 887 646 939 τῶν
679 884 978 953 ὁρωμένων
1001 883 1181 948 ἔξεστι
1208 886 1373 936 παντὶ
1409 883 1673 953 συνορᾷν.

274 1142 343 1212 β’.
387 1142 476 1201 Ὠς
513 1142 611 1210 μὲν
638 1136 733 1193 οὖν
790 1141 883 1193 τὸν
914 1140 1235 1210 τηλικοῦτον
1265 1140 1509 1211 ἀρχηγὸν
1536 1142 1629 1193 καὶ
1654 1141 1787 1209 ἡμῖν

197 1236 341 1303 πρὸς
382 1235 451 1287 τὰ
487 1233 717 1287 τοιαῦτα
771 1233 990 1300 ὁδηγὸν,
1030 1234 1129 1300 τῆς
1175 1233 1240 1286 ὲκ
1278 1234 1386 1285 τῶν
1430 1232 1671 1285 ιπαίνων
1702 1249 1787 1300 γι-

196 1330 474 1395 γνομένης
519 1324 755 1393 ἀμοιϐῆς
788 1324 998 1377 δίκαιόν
1050 1324 1200 1376 ἐστιν
1237 1324 1396 1394 εἴπερ
1426 1324 1548 1376 τινὰ
1584 1323 1786 1391 τυγχά-

197 1436 338 1481 νιιν,
372 1419 574 1477 πάντες
603 1418 668 1469 ἂν
722 1418 995 1484 συμφαῖεν
1021 1432 1033 1445 ⁸
1069 1418 1194 1485 ἐμοὶ
1240 1417 1296 1468 δὲ
1348 1417 1525 1470 πάντα
1557 1434 1616 1468 τε
1652 1416 1787 1479 ἐξει-

186 1509 326 1570 ,τεείν
377 1507 447 1557 τὰ
500 1506 598 1556 τοῦ
646 1505 862 1572 ἀνδρὸς,
923 1512 1019 1558 καὶ
1066 1506 1132 1559 τὰ
1190 1507 1326 1576 πρὸς
1372 1508 1528 1576 ἀξίαν
1574 1508 1787 1575 ἑκάστῳ

194 1598 409 1649 τούτων
463 1596 757 1649 ἀποδοῦναι
895 1595 1064 1664 ἐγγὺς
1120 1597 1229 1649 τῶν
1284 1596 1442 1649 πάντ’
1485 1597 1783 1652 ἀδυνάτων.

206 1689 391 1757 Ἀγὼν
450 1689 559 1758 γὰρ
610 1689 685 1749 ὡς
741 1689 921 1740 ἔοικεν
996 1690 1192 1760 ἐκείνῳ
1243 1690 1473 1758 γέγονε,
1536 1706 1786 1758 προεισε-

192 1782 418 1846 νεγκεῖν
445 1782 566 1841 ταῖς
598 1780 736 1848 πρὸς
766 1779 903 1831 Θεοῦ
933 1782 1043 1842 τοῖς
1090 1779 1319 1843 δικαίοις
1351 1780 1788 1850 ὲπαγγελμέναις

1894 620 2004 673 quo
2037 602 2092 655 in
2126 618 2223 657 nos
2250 601 2614 656 bacchabatur
2651 603 2884 668 lrenato,
2918 605 3150 671 primum
3185 604 3379 664 ibidem
3405 606 3471 657 de

1896 697 1988 751 illo
2028 707 2284 763 trapetum
2331 695 2539 758 erexit,
2576 709 2640 752 ac
2674 697 2932 751 virtutum
2985 698 3191 753 semina
3229 705 3471 766 tempore

1894 798 2201 857 opportuno
2263 795 2422 842 terra:
2474 789 2755 841 mandavit
2813 804 2827 841 :
2910 791 3351 860 quandoquidem
3412 802 3472 848 et

1894 885 2051 931 onata
2088 877 2220 940 sint,
2280 886 2334 931 et
2383 876 2757 942 adoleverint,
2789 889 2843 932 et
2894 879 3089 936 uberes
3143 883 3472 949 protulerint

1896 969 2104 1024 fructus
2127 987 2141 1033 ;
2164 970 2243 1023 uti
2281 984 2424 1023 nunc
2446 969 2622 1025 cuivis
2676 984 2741 1023 ex
2775 970 2841 1024 its
2864 987 2985 1040 qua:
3014 972 3186 1029 oculis
3219 986 3470 1045 usurpat,

1896 1060 2249 1116 manifestum
2278 1072 2383 1115 est.

1962 1152 2019 1206 2.
2051 1152 2417 1219 Quamobrem
2456 1155 2858 1220 consenserint,
2886 1166 3036 1225 puto,
3089 1171 3279 1212 omnes
3311 1168 3367 1213 et
3396 1175 3470 1212 tc-

1896 1259 2063 1313 quum
2108 1245 2432 1314 judicarint,
2481 1258 2539 1300 ut
2568 1259 2752 1303 tantus
2792 1250 2906 1313 vir,
2958 1249 3049 1315 qui
3113 1264 3211 1304 nos
3262 1251 3327 1304 ad
3363 1260 3468 1305 tam

1898 1335 2153 1389 sublimia
2193 1338 2363 1399 ducit,
2393 1340 2675 1407 praemium
2712 1344 2855 1408 quod
2889 1357 2955 1394 ex
3004 1340 3317 1396 laudatione
3348 1359 3473 1411 pro-

1898 1440 2101 1493 manat,
2156 1433 2201 1483 si
2260 1432 2384 1499 quis
2433 1433 2597 1497 alius,
2645 1444 3030 1501 consequatur.
3090 1434 3201 1503 Ego
3258 1447 3385 1488 vero
3417 1444 3477 1488 ut

1896 1530 2093 1571 cuncta
2131 1536 2250 1589 qua:
2282 1523 2454 1590 ipsum
2488 1526 2907 1586 counnetnlant,
2942 1540 3273 1593 prosequar,
3305 1540 3477 1592 eaque

1900 1625 2061 1677 prom
2093 1626 2371 1669 merentur
2406 1617 2615 1687 singula
2656 1623 2926 1686 proferam
2953 1658 2965 1681 ,
3008 1619 3121 1671 ﬁeri
3157 1619 3246 1674 vix
3282 1627 3374 1672 aut
3408 1635 3473 1673 ne

1896 1704 1983 1755 vix
2014 1702 2232 1771 quidem
2283 1706 2476 1774 poterit
2512 1709 2660 1775 (nam
2710 1708 2987 1761 contentio
3026 1708 3146 1775 ejus
3198 1708 3342 1768 illnc,
3398 1706 3475 1760 uti

1900 1810 1997 1864 par
2026 1808 2129 1859 est,
2159 1798 2338 1851 omnis
2392 1803 2641 1851 tendebat
2672 1838 2688 1861 ,
2721 1811 2779 1852 ut
2808 1811 3098 1867 antequam
3149 1800 3473 1867 promissum

192 1874 499 1953 ἀμοιϐαῖς,
549 1869 661 1925 οἷόν
714 1891 838 1926 τινα
892 1873 1008 1943 βίου
1072 1876 1390 1944 σύμμετρον
1448 1874 1783 1944 ὑπερϐολὴν,

1832 1888 2053 1955 Bjnstis
2102 1904 2132 1941 a
2184 1889 2291 1943 Deo
2344 1894 2624 1957 przemintu
2683 1902 3131 1960 consequeretur,
3181 1890 3471 1960 quamdam

193 1969 441 2037 κρείττω
470 1966 673 2038 δηλαδὴ
709 1968 803 2017 καὶ
830 1966 990 2033 λόγου
1038 1966 1134 2018 καὶ
1168 1967 1509 2035 ἀκροάσεως.
1552 1964 1695 2017 Ἀλλ’
1724 1965 1784 2017 οὐ

193 2063 358 2129 παρὰ
402 2036 549 2112 τοῦτ’
606 2059 945 2112 ἀποστατέον
1000 2054 1142 2110 εἷναί
1204 2076 1294 2126 μοι
1346 2059 1517 2120 δοκεῖ,
1574 2056 1788 2126 σιωπὴν

192 2156 295 2205 ἐπὶ
323 2153 545 2204 πάντωι
572 2151 869 2219 ὴσκηκότι.
907 2151 1014 2201 Καὶ
1042 2149 1153 2218 γὰρ
1186 2149 1308 2201 οὐδὲ
1334 2148 1444 2199 τῶν
1473 2150 1570 2216 τῆς
1600 2149 1698 2217 γῆς
1726 2164 1785 2199 τε

194 2247 297 2297 καὶ
336 2243 617 2303 Θαλάττης
660 2244 717 2293 ἐν
749 2236 829 2303 οἷς
863 2241 1037 2293 τελεῖν
1068 2259 1125 2293 τε
1180 2241 1271 2294 καὶ
1324 2240 1563 2310 βαδίζειν
1597 2240 1791 2310 ἔχομεν

190 2334 563 2401 ἀφιστάμεθα
609 2335 817 2403 μερῶν,
853 2334 936 2383 ὅτι
970 2332 1044 2398 μὴ
1098 2332 1346 2400 πλώϊμος
1391 2332 1423 2401 ἢ
1462 2330 1796 2401 πορεύσιμος

191 2429 459 2495 ἐξωτέρω
492 2428 579 2477 διὰ
623 2425 844 2477 πάντων
893 2426 1075 2476 ἐστίν·
1109 2424 1229 2475 οὐέὲ
1274 2426 1383 2485 τοῖς
1443 2425 1569 2489 περὶ
1616 2424 1795 2475 αὐτῶν

196 2523 597 2588 ἱστορηιόσιν,
652 2520 733 2569 ὅτι
800 2517 876 2586 μὴ
941 2518 1117 2568 πάντα
1172 2516 1241 2566 δι’
1300 2517 1589 2584 ἀκριϐείας
1647 2511 1792 2584 εἶχον

193 2616 466 2680 ἐξειπεῖν,
502 2614 721 2665 ἅπαντα
761 2613 1018 2678 παρεῖται
1043 2627 1056 2639 ·
1106 2608 1455 2679 διεξηγητέον
1511 2610 1565 2660 δὲ
1603 2612 1790 2662 κάκεί-

194 2726 318 2771 νοις
396 2707 579 2770 ἓδοξεν
661 2706 928 2767 είκοτως,
987 2705 1086 2755 ὅσα
1150 2720 1207 2753 τε
1275 2703 1480 2757 τούτων
1552 2706 1646 2756 καὶ
1701 2704 1788 2771 ἐφ’

194 2804 329 2854 ὅσον
357 2796 447 2870 ἦν.

1899 1981 2065 2033 veluti
2116 1983 2525 2035 convenientem
2576 1983 2701 2035 vitze
2764 1985 3157 2050 prmstantiam,
3216 1982 3476 2048 illamque

1899 2071 2182 2139 majorem,
2218 2086 2379 2138 quam
2409 2081 2466 2124 ut
2495 2073 2614 2140 quis
2643 2072 2823 2141 eloqui
2866 2074 3043 2128 verbis
3070 2083 3165 2127 ant
3199 2074 3478 2140 percipere

1898 2164 2079 2215 auditu
2120 2164 2324 2231 possit,
2372 2178 2437 2217 eo
2468 2164 2741 2218 conferret
2772 2166 2790 2233 )
2824 2183 2840 2229 ;
2876 2181 2981 2218 non
3010 2166 3272 2219 continuo
3299 2177 3474 2218 tamen

1898 2252 2211 2307 laudatione
2246 2256 2376 2308 mihi
2435 2256 2816 2311 abstinendum
2866 2270 3017 2324 puto,
3056 2268 3149 2312 aut
3184 2259 3366 2310 omnia
3403 2256 3475 2309 si-

1897 2348 2066 2401 lentio
2094 2348 2451 2401 involvenda.
2491 2351 2705 2403 Etenim
2744 2366 2919 2418 neque
2959 2366 3021 2403 ea
3058 2361 3330 2405 terrarum
3363 2364 3470 2402 ma-

1898 2440 2081 2507 risque
2114 2439 2311 2508 spatia,
2352 2441 2404 2493 in
2450 2444 2647 2510 quibus
2680 2443 2983 2497 incedimus
3013 2459 3078 2497 ac
3128 2445 3471 2511 navigamus,

1896 2544 2005 2582 non
2050 2531 2298 2587 adeunda
2350 2544 2628 2601 putamus,
2676 2544 2961 2603 propterea
2996 2538 3140 2603 quod
3180 2546 3323 2588 terra
3366 2552 3471 2591 neu

1895 2623 2092 2689 ubique
2157 2626 2528 2694 permeabilis,
2580 2642 2728 2680 mare
2783 2642 2889 2680 non
2933 2628 3129 2697 ubique
3167 2628 3473 2699 navigabile

1898 2714 2017 2766 sit:
2081 2729 2258 2783 neque
2308 2716 2366 2779 ii,
2420 2717 2513 2783 qni
2574 2717 2701 2770 talia
2758 2718 3070 2772 describere
3102 2721 3477 2785 instituerunt,

1899 2819 2182 2875 propterea
2214 2811 2357 2877 quod
2414 2826 2521 2865 non
2564 2811 2747 2865 omnia
2802 2813 3213 2868 accuratissime
3260 2817 3480 2869 valeant

196 2898 529 2955 edisserere,
585 2894 766 2947 omnia
820 2892 1271 2962 pmtermittunt;
1320 2892 1412 2945 sed
1452 2906 1630 2962 Opera:
1660 2897 1891 2964 pretium
1934 2901 2138 2955 ducunt
2179 2917 2461 2969 enarrare,
2514 2913 2777 2973 quantum
2834 2920 2930 2975 per
2986 2908 3129 2962 vires
3196 2919 3253 2963 et
3318 2911 3475 2979 inge-

196 2993 358 3044 ttiunt
404 2992 642 3046 licuerit.

275 3090 350 3152 γ’.
386 3084 491 3135 Τδν
525 3084 640 3136 ἶσον
702 3085 889 3137 τοίνυν
941 3085 1142 3153 τρόπον
1191 3082 1360 3151 κάμοὶ
1408 3082 1502 3133 νῦν
1534 3083 1793 3151 ἐγχειρη-

194 3178 345 3230 τέον.
402 3176 517 3227 ἀλλ’
570 3179 630 3227 οὐ
686 3177 1134 3240 -ιταροπτέον,ὃτι
1194 3176 1261 3226 τὰ
1319 3176 1418 3242 τῆς
1478 3175 1790 3237 ὑποθέσεως

196 3269 603 3337 ἀνυπέρϐλητα.
655 3268 731 3337 τῷ
781 3270 922 3335 λόγῳ
969 3288 980 3298 -

197 3361 434 3429 προσέτι
482 3361 537 3411 δὲ
584 3362 677 3411 καὶ
713 3362 880 3412 πᾶσιν
925 3362 1072 3421 ὅσοις
1107 3360 1266 3425 λόγου
1320 3360 1573 3427 μέτεστιν
1598 3374 1612 3387 ·
1648 3356 1793 3411 οὓτω

197 3453 317 3519 γὰρ
363 3456 427 3501 ἐκ
475 3449 695 3503 πάντων
741 3450 942 3517 γένοιτ’
980 3451 1045 3501 ἂν
1090 3450 1216 3510 ἴσως
1249 3448 1460 3517 ἔρανος,
1500 3452 1793 3518 προσήκων

196 3544 282 3612 τῷ
317 3543 420 3610 τῆς
457 3541 777 3603 ὑποθέσεως
808 3542 1057 3611 μεγέθει.
1097 3543 1207 3593 Καὶ
1246 3540 1393 3592 τοῦθ’
1434 3540 1606 3601 οὓτως
1648 3541 1792 3609 ἔχον,

197 3639 321 3688 ὅσοι
353 3635 451 3687 τοῦ
497 3636 804 3701 καταλόγου
834 3634 943 3687 τῶν
975 3635 1281 3703 ἐλλογίμων
1325 3635 1416 3684 ἐπὶ
1460 3633 1585 3685 νοῦν
1610 3632 1796 3702 βαλλό-

201 3744 387 3797 μενοι,
425 3724 760 3796 συγγνώμην
792 3726 1082 3791 νεμοῦνται
1109 3726 1352 3795 εὐχερῶς
1389 3727 1511 3794 ὲμοί
1535 3742 1546 3755 ·
1571 3726 1793 3795 δεήσον-

194 3840 296 3873 ται
320 3821 431 3888 γὰρ
462 3820 636 3888 δήπου
672 3821 876 3886 ταύτης
912 3821 1007 3872 καὶ
1036 3820 1212 3883 αὐτοὶ,
1252 3818 1435 3871 κοινοῦ
1466 3819 1557 3871 τοῦ
1590 3820 1793 3888 χρέους

196 3914 383 3976 ὄντος,
422 3912 516 3962 καὶ
548 3914 706 3979 κοινῇ
739 3911 865 3963 καθ’
907 3912 1005 3963 ἕνα
1058 3911 1275 3963 πάντων
1319 3911 1791 3979 ἀπολειπομένων.

211 4004 365 4077 Ἐγὼ
390 4005 457 4067 δ’,
487 3998 533 4057 ὦ
558 4004 789 4073 Θέατρον
831 4004 999 4074 ἱερὸν,
1032 4006 1125 4058 καὶ
1180 4005 1381 4066 παντὸς
1466 4004 1800 4068 οὑτινοσοῦν,

197 4100 301 4150 καὶ
353 4097 454 4167 τὴν
479 4097 536 4161 ἐξ
563 4098 717 4165 ὑμῶν
748 4096 816 4150 δι’
846 4097 1019 4165 εὐχῶν
1047 4097 1365 4167 τεθάρῤηκα
1419 4093 1694 4164 βοήθειαν.
1739 4097 1799 4148 Εἰ

196 4189 319 4257 γὰρ
366 4186 462 4236 xal
500 4186 775 4255 δυσχερὴς
809 4186 835 4235 ὁ
873 4184 1242 4253 προκείμενος
1289 4185 1462 4253 ἁγὼν,
1497 4188 1636 4240 ἀλλά
1676 4190 1798 4249 ταῖς

200 4278 365 4349 ὑμῶν
430 4280 795 4346 ἐπικλήσεσιν
867 4276 1026 4339 ἵλεως
1104 4279 1236 4346 ἡμῖν
1300 4277 1512 4331 ἀνωθεν
1598 4281 1801 4350 ἀρτίως

200 4370 588 4435 ἐποπτεύσας,
628 4370 655 4420 ό
705 4370 801 4420 καὶ
834 4368 913 4437 τῷ
946 4369 1303 4439 προκειμένῳ
1336 4370 1473 4438 πρὸς
1513 4370 1602 4424 τὸν
1637 4372 1800 4439 ὑπερ-

202 4466 322 4533 φυᾶ
359 4462 474 4533 βίον
524 4465 903 4531 συναράμενος
955 4462 1111 4525 Θεὸς,
1149 4463 1259 4514 πᾶν
1308 4463 1517 4515 σκῶλον
1557 4464 1799 4517 ἐκποδὼν

204 4553 589 4621 καταστῆσαι,
618 4554 713 4606 καὶ
736 4550 1094 4605 συῶιαοέντα
1128 4553 1271 4621 λόγῳ
1298 4554 1464 4622 πόρον
1492 4555 1548 4606 ὲν
1577 4555 1800 4623 ἀπόροις

203 4647 408 4707 διδούς.

1043 3268 1135 3319 καὶ
1186 3268 1283 3335 οὐχ
1362 3266 1510 3326 ὅπως
1567 3267 1865 3363 ἔμιθιγε,(1

1978 3083 2033 3136 3.
2062 3081 2179 3136 Pari
2219 3083 2378 3137 modo
2406 3083 2574 3138 hocce
2611 3083 2742 3137 mihi
2770 3099 2914 3139 nunc
2944 3085 3363 3153 aggrediendum
3395 3098 3481 3142 est

1901 3190 2040 3243 opus
2072 3193 2085 3239 ;
2135 3190 2240 3229 non
2279 3189 2458 3230 autem
2493 3177 2720 3230 omnino
2753 3177 3152 3247 negligendum,
3191 3189 3476 3247 propterea

1902 3269 2043 3335 quod
2076 3268 2376 3337 argumenti
2412 3268 2735 3322 excellentia
2760 3305 2778 3334 ,
2812 3284 2918 3322 non
2972 3272 3130 3323 modo
3172 3287 3199 3323 a
3231 3288 3348 3339 me,
3388 3289 3477 3328 ve-

1903 3372 2020 3411 rum
2046 3359 2209 3411 etiant
2259 3374 2286 3410 a
2322 3357 2687 3413 disertissimo
2706 3361 2919 3429 quovis,
2940 3361 3202 3430 explicari
3227 3365 3477 3419 oratione

1899 3464 2006 3503 non
2038 3450 2244 3517 possit:
2285 3450 2359 3503 ita
2393 3451 2539 3506 enim
2586 3449 2843 3506 fortassis
2881 3452 2995 3516 tiet,
3038 3462 3096 3505 ut
3125 3469 3191 3506 ex
3222 3456 3475 3508 omnibus

1896 3543 2145 3597 collectio
2168 3543 2511 3606 conﬁciatur,
2561 3543 2868 3613 argumenti
2916 3546 3482 3618 convenieosmapoi-

1899 3632 2093 3685 tudini.
2143 3631 2235 3685 llis
2272 3633 2457 3701 itaque
2511 3635 2589 3686 sic
2648 3647 2709 3686 se
2810 3628 3158 3695 habentibus.
3211 3648 3477 3706 quotquot

1898 3726 2097 3779 seriem
2128 3722 2384 3791 prxulare
2417 3733 2696 3791 gestorum
2736 3724 2852 3793 ejus
2881 3726 2935 3778 in
2981 3725 3220 3780 animum
3258 3745 3479 3783 revoca-

1900 3814 2101 3875 verint,
2135 3814 2292 3867 facile
2322 3816 2533 3867 veniam
2578 3816 2784 3869 dabunt
2816 3818 3065 3870 tenuitati
3104 3829 3335 3882 nostrae,
3373 3840 3476 3890 qua

1902 3905 2090 3971 utique
2144 3912 2198 3958 et
2231 3904 2330 3973 ipsi
2368 3904 2707 3973 indigerent;
2756 3921 2875 3961 cum
2918 3908 3021 3961 hoc
3067 3924 3355 3965 commune
3402 3918 3477 3970 sit

1901 3998 2161 4059 debitum,
2199 4009 2250 4049 et
2281 3999 2644 4051 communiter
2687 4000 2751 4051 ad
2802 4015 2965 4053 unum
3004 4016 3193 4057 omnes
3229 4005 3314 4058 hic
3341 4009 3476 4059 delt-

1900 4083 2134 4136 ciatntts.
2171 4083 2285 4151 Ego
2315 4099 2443 4138 vero
2469 4122 2485 4148 ,
2520 4101 2552 4138 ο
2580 4087 2722 4139 sacri
2755 4090 3032 4143 auditores
3062 4129 3078 4153 ,
3116 4105 3227 4144 rem
3290 4107 3481 4165 aggre-

1901 4176 2041 4241 dior,
2068 4188 2178 4231 tum
2212 4178 2449 4246 cujusvis
2470 4180 2727 4245 alterius,
2771 4192 2886 4233 tum
2924 4194 3101 4235 vestra
3132 4200 3234 4254 Ope
3264 4201 3328 4240 ac
3353 4203 3479 4243 ora-

1905 4268 2139 4323 tionibus
2163 4269 2356 4323 fretus.
2409 4268 2466 4323 Si
2510 4271 2653 4323 enim
2708 4272 3028 4338 periculosae
3078 4289 3163 4327 tne
3198 4282 3479 4332 cormnito

1904 4360 2165 4429 palmstrte
2196 4400 2211 4424 ,
2247 4365 2443 4416 vestris
2475 4362 2965 4430 supplicationibus
2993 4375 3194 4431 motus,
3233 4369 3343 4436 jam
3382 4386 3477 4422 no-

1908 4452 1991 4506 bis
2021 4468 2051 4507 e
2080 4454 2220 4508 caelo
2250 4455 2510 4523 propitius
2564 4455 2861 4524 respiciens
2886 4456 3057 4521 Deus,
3092 4460 3182 4527 qni
3214 4469 3266 4513 et
3307 4465 3478 4516 virum

1903 4556 2011 4611 quo
2037 4548 2102 4598 de
2132 4560 2355 4613 agetnus
2380 4547 2445 4599 ad
2490 4554 2598 4597 tam
2652 4549 2940 4601 sublimem
2975 4550 3099 4603 vitae
3131 4556 3477 4612 sanctitatem

1832 4658 1874 4711 ο
1904 4637 2175 4705 perduxit,
2216 4652 2377 4691 omne
2428 4638 2871 4706 impedimentum
2947 4646 3131 4710 procul
3187 4652 3477 4717 aniovebt’t,

1908 4739 2072 4784 atoue
2106 4730 2337 4785 orationi
2378 4739 2573 4785 nostra:
2605 4731 2745 4785 viam
2783 4748 2877 4800 per
2909 4734 3051 4788 invia
3083 4741 3303 4804 pandet.

1700 4873 1928 4929 CAPUT

1092 4994 1240 5047 Petri
1268 4998 1469 5062 patria,
1498 4996 1713 5058 militia,
1753 4996 2051 5061 captivitas,
2086 5008 2282 5061 votum,
2309 5001 2573 5052 liberalia.

282 5118 352 5168 δ’.
384 5112 587 5173 Γονέας
625 5111 724 5180 μὲν
767 5105 862 5165 οὖν
916 5114 1009 5163 καὶ
1064 5110 1167 5183 τὴν
1209 5112 1277 5163 ἐκ
1329 5111 1520 5173 παιδὸς
1565 5112 1799 5180 πατρίδα

204 5207 305 5261 τοῦ
336 5205 581 5274 μεγάλου
609 5203 806 5255 τούτου
842 5202 939 5255 καὶ
972 5202 1285 5271 θαυμασίου
1342 5204 1577 5272 Ιιατρὸς,
1612 5203 1707 5255 καὶ
1735 5195 1797 5254 οὗ

204 5299 507 5368 πρέπουσα
552 5296 753 5367 πατρὶς
793 5297 827 5363 ἡ
860 5295 970 5346 τῶν
1001 5295 1349 5365 ἐπουρανίων
1392 5295 1586 5363 σκηνὴ.
1619 5293 1800 5356 καλῶς

211 5389 387 5441 ποιῶν
427 5387 457 5436 ὸ
487 5387 678 5454 χρόνος
716 5383 939 5451 ἀόὐσσῳ
986 5383 1160 5451 λήθης
1207 5383 1551 5452 καθῆκεν.⁶“Α
1591 5385 1699 5450 γὰρ
1721 5383 1799 5434 ἔτι

208 5482 381 5544 ζῶντι
434 5480 513 5546 τῷ
563 5480 799 5547 γενναίῳ
849 5477 1170 5547 παρῶπται,
1204 5479 1277 5537 ὡς
1312 5478 1418 5546 ἄρα
1464 5478 1563 5547 τῆς
1594 5478 1804 5545 οἰκείας

207 5573 421 5642 αρετῆς
455 5571 675 5634 ἀνάξια,
713 5574 918 5622 τούτων
954 5571 1179 5631 εἰκότως
1242 5572 1361 5622 οὐδὲ
1423 5573 1471 5621 οἱ
1500 5572 1596 5638 τὴν
1623 5571 1799 5640 ἀρχὴν

207 5667 279 5717 τὰ
332 5664 459 5715 κατ’
494 5663 659 5713 αὐτὸν
721 5666 1171 5731 συγγεγραφότες
1223 5665 1332 5715 δεῖν
1388 5665 1648 5732 ᾠήθησαν
1696 5679 1797 5732 με·

212 5758 482 5826 μνῆσθαι.
523 5754 613 5821 Εἰς
671 5757 699 5807 ὂ
753 5756 810 5808 δὲ
869 5756 1051 5823 φέρων
1086 5758 1299 5820 ἑαυτὸν,
1342 5756 1542 5824 μᾶλλον
1596 5756 1649 5808 δὲ
1699 5755 1801 5807 ὑπὸ

206 5846 353 5900 θεοῦ
410 5847 718 5915 φερόμενος
766 5847 1132 5917 κατῴκισται,
1187 5852 1276 5902 καὶ
1336 5844 1397 5901 οὗ
1444 5850 1567 5909 τοὺς
1625 5849 1803 5910 Θείους

1977 5111 2031 5166 4.
2067 5112 2213 5177 Quos
2246 5124 2516 5181 parentes,
2549 5132 2709 5185 quam
2745 5119 2973 5185 patriam
3013 5120 3189 5173 infans
3228 5120 3480 5175 habuerit

1910 5221 2142 5275 magnus
2171 5206 2259 5260 ltic
2291 5216 2345 5261 et
2388 5208 2730 5265 admirabilis
2759 5210 2944 5275 Pater,
2974 5214 3060 5266 cui
3091 5224 3317 5280 patriam
3353 5233 3487 5269 (νοπτε-

1908 5297 2156 5351 veniebat
2178 5312 2297 5351 esse
2336 5300 2746 5353 tabernaculum
2781 5304 3023 5365 cmleste,
3058 5306 3165 5357 alta
3201 5307 3486 5360 oblivionis

1910 5389 2105 5459 abysso
2130 5400 2339 5457 tempus
2375 5404 2481 5441 non
2526 5392 2818 5459 incongrue
2866 5393 3136 5460 sepelivit.
3165 5394 3294 5460 Qua:
3332 5398 3477 5448 enim

1913 5483 2096 5535 vivens
2162 5480 2290 5547 ille,
2330 5492 2389 5535 ut
2447 5484 2605 5551 digna
2658 5487 2862 5537 virtute
2917 5500 3056 5549 sua,
3112 5486 3483 5554 despiciebat,

1908 5572 2096 5626 eadem
2165 5588 2339 5640 neque
2400 5575 2875 5627 commemoranda
2924 5574 3024 5626 sibi
3076 5589 3215 5637 esse,
3285 5581 3481 5630 merito

1910 5666 2290 5718 existimarent
2352 5666 2424 5728 ii,
2486 5670 2573 5734 qui
2634 5682 2715 5719 res
2771 5668 2838 5718 ab
2885 5666 2970 5718 illo
3024 5680 3205 5733 gestas
3249 5667 3477 5733 primum

1911 5756 2104 5808 litteris
2136 5768 2547 5810 ntanuatciont.
2584 5760 2647 5808 At
2698 5772 2858 5822 vero,
2891 5759 2944 5811 in
2994 5774 3152 5826 quem
3190 5759 3480 5811 habitatio.

1919 5850 2001 5901 nis
2050 5848 2228 5903 locum
2290 5849 2399 5917 ipse
2444 5850 2715 5915 transivit,
2772 5860 2861 5902 aut
2912 5852 3085 5919 potius
3135 5851 3314 5903 divino
3350 5861 3485 5905 nutu
