4246 6464
751 417 857 481 999

1993 402 2373 469 GREGORII
2415 402 2739 468 ΡΑιΛΜΕ

3863 396 4008 467 1000

752 538 1044 593 translatus
1073 536 1178 603 est,
1205 534 1293 590 ubi
1325 529 1626 589 certamina
1658 544 1754 584 sua
1804 528 1911 582 Deo
1943 526 2103 596 digne
2129 536 2309 579 certa-
2341 529 2386 586 Α

2455 526 2613 587 illeo;
2664 525 2850 592 ἤνυσε,
2886 521 2977 574 καὶ
3021 518 3147 574 ὅθεν
3190 515 3399 586 ἀνέπτη
3435 516 3575 586 πρὸς
3622 516 3878 585 οὐρανὸν,
3911 519 4007 569 τὸν

751 634 853 695 vit,
884 646 947 685 ac
973 630 1117 684 unde
1160 639 1340 685 tamen
1388 628 1441 679 in
1488 624 1660 678 cmlos
1710 621 1987 678 avolavit:
2026 621 2195 679 hunc,
2236 617 2319 670 in-

754 737 941 789 quam,
969 720 1382 776 celeberrimum
1417 715 1894 777 venerandumque
1927 709 2322 773 locum;|mnc.

754 813 1012 865 virtutum
1070 812 1283 875 sedem;
1348 810 1493 863 hunc
1524 808 1704 863 omnis
1754 802 2057 863 honestatis
2103 800 2324 855 domici-

754 904 927 969 lium;
969 904 1132 963 hunc,
1185 901 1486 955 cmlcstlum
1538 898 1737 957 simile,
1792 911 1926 969 non,
1952 893 2322 948 manufactum

760 992 1213 1056 tabernaculum;
1255 993 1418 1055 hunc,
1475 988 1654 1045 omnis
1704 987 1901 1042 celeris
1933 1000 2147 1056 purum.
2177 982 2325 1037 omni

757 1084 1082 1139 exsecrabili
1126 1081 1409 1135 affectione
1433 1081 1595 1136 animi
1614 1079 1968 1148 superiorem,
1996 1092 2022 1129 a
2041 1077 2328 1131 sanctitate

758 1191 855 1227 sua
881 1187 1121 1240 congrue
1155 1171 1855 1241 cognominatumhiontem
1877 1187 1891 1234 ;
1915 1170 2078 1231 hunc,
2098 1168 2151 1219 in
2177 1174 2329 1232 parte

759 1263 950 1332 patriae
1008 1260 1199 1316 habuit
1245 1262 1329 1315 vir
1361 1261 1451 1314 ille
1507 1277 1520 1313 :
1587 1259 1745 1329 cujus
1803 1258 1948 1313 nulla
2002 1257 2212 1312 mentio
2268 1256 2327 1308 lit

758 1355 991 1422 uspiam,
1026 1352 1130 1408 nisi
1161 1362 1218 1407 et
1251 1352 1444 1405 montis
1470 1349 1598 1415 flat;
1643 1349 1787 1405 nulla
1824 1358 1973 1418 gesta
2015 1348 2327 1410 audiuntur,

760 1448 861 1500 nisi
892 1458 948 1501 et
977 1461 1131 1501 mons
1154 1445 1520 1512 intelligatur;
1545 1457 1615 1498 ex
1644 1457 1752 1512 quo
1795 1442 2052 1496 videlicet
2085 1442 2199 1508 ipse
2250 1439 2330 1493 di-

756 1538 1058 1608 gnoscitur,
1089 1537 1172 1600 :ab
1222 1535 1451 1602 aliisque
1489 1534 1730 1602 ejusdem
1758 1532 1995 1587 nominis
2038 1529 2329 1601 distingui-

761 1638 852 1682 tur
887 1668 902 1694 ,
948 1642 1071 1680 cum
1098 1627 1386 1680 Athouites
1419 1625 1611 1679 merito
1637 1623 1958 1694 appellatur.

826 1714 880 1767 5.
923 1714 977 1766 Si
1007 1716 1152 1767 enim
1201 1713 1426 1767 Athenis
1478 1714 1595 1783 lege
1627 1722 1904 1783 receptum
1941 1710 2070 1778 fuit,
2118 1696 2179 1767 ut
2229 1711 2327 1765 ad-

757 1817 909 1856 venae
935 1812 1058 1872 post
1084 1803 1263 1857 Irienii
1305 1818 1539 1866 tuoram,
1588 1817 1685 1873 pro
1726 1803 1898 1871 patria
1938 1817 2035 1857 sua
2068 1803 2332 1857 haberent

757 1896 967 1958 urbem,
997 1896 1050 1949 in
1080 1896 1338 1963 illamque
1389 1895 1607 1964 ascripti
1637 1906 2030 1961 censerentur;
2059 1896 2331 1965 quomodo
2361 1880 2403 1935 Β

756 2000 863 2038 non
894 1985 1083 2039 merito
1118 1986 1260 2039 hunc
1307 1986 1410 2039 sibi
1468 1994 1705 2041 montem
1750 1985 2024 2051 vindicet,
2059 1997 2117 2041 ut
2142 2002 2327 2052 suum,

758 2078 840 2129 vir
870 2088 1115 2140 sanctus,
1148 2078 1235 2129 ubi
1285 2091 1457 2131 annos
1506 2077 1739 2145 amplius
1774 2079 2167 2148 quinquaginta
2208 2093 2337 2134 exe-

759 2171 859 2238 git,
926 2170 1085 2234 idque
1136 2169 1189 2220 in
1243 2178 1387 2223 tanta
1442 2169 1661 2223 virtutis
1712 2171 2060 2242 acquirendte
2104 2179 2335 2226 conten-

762 2260 944 2313 tione?
970 2259 1241 2314 Pruuerea
1278 2262 1321 2315 si
1382 2261 1471 2313 illa
1517 2264 1716 2332 cuique
1751 2265 1922 2333 patria
1952 2263 2197 2318 habenda
2243 2265 2334 2328 sit,

759 2352 849 2406 ubi
890 2352 1098 2406 felicem
1136 2354 1257 2419 quis
1290 2355 1400 2425 agit
1434 2355 1600 2408 vitam
1649 2356 2127 2425 (quemadmodum
2161 2356 2335 2426 genti-

760 2445 889 2497 lium
937 2446 1155 2512 quidam
1209 2448 1425 2513 sapiens
1476 2448 1895 2518 pronuntiavit),
1935 2450 2091 2519 quis,
2122 2463 2335 2519 quaeso,

762 2537 970 2603 uspiam
1004 2545 1093 2589 aut
1126 2535 1342 2591 felicius
1380 2538 1489 2606 egit
1515 2539 1657 2608 aliqu
1673 2539 1826 2601 mdo,
1862 2549 1955 2593 aut
2004 2540 2339 2609 inposterum

761 2636 981 2681 acturus
1010 2636 1092 2679 cst
1124 2642 1288 2695 quam
1319 2628 1405 2681 hic
1442 2628 1526 2681 vir
1561 2629 1615 2682 in
1660 2630 1827 2682 hocce
1852 2639 2034 2683 monte
2057 2630 2080 2682 i
2106 2629 2195 2683 ubi
2213 2645 2337 2685 cum

765 2715 871 2769 Deo
901 2716 1210 2784 frequenter
1239 2717 1579 2783 conferebat,
1614 2734 1677 2773 ac
1703 2720 1886 2773 (iiviua
1912 2721 2125 2776 visione
2148 2721 2341 2791 digna-

763 2808 960 2871 batur;
997 2810 1103 2861 imo
1135 2810 1217 2879 (ut
1249 2821 1419 2863 tntum
1446 2812 1769 2881 compendio
1807 2812 2009 2882 dicam)
2034 2815 2123 2869 ubi
2148 2815 2339 2868 huma-

766 2915 891 2952 nam
923 2910 1267 2969 traugressus
1296 2912 1570 2970 naturam,
1597 2905 1760 2975 inque
1790 2917 1916 2960 vere
1937 2906 2172 2961 divinam
2197 2922 2346 2961 cont-

766 3002 1004 3046 mutatus
1041 2994 1181 3062 (qua:
1211 3009 1339 3047 vero
1365 2995 1687 3063 eloquentiae
1712 2996 1795 3052 vis
1821 3006 2032 3052 tantum
2056 2998 2346 3068 eloquatur

767 3085 1168 3154 miraculum!)
1220 3087 1595 3140 excellentiam
1650 3088 1770 3158 plus
1801 3105 1963 3160 quam
2013 3091 2343 3157 naturalem,

2429 614 2704 686 περιφανῆ
2745 612 2958 666 τουτονὶ
3010 611 3154 679 λέγω
3185 612 3279 662 καὶ
3334 609 3633 677 σεόἀσμιον
3663 609 3871 677 χῶρον,
3903 609 4007 676 τὴν

2430 709 2539 762 τῶν
2588 706 2801 776 ἀρετῶν
2845 704 3052 767 ἑστίαν,
3085 704 3146 756 τὸ
3183 702 3351 772 καλοῦ
3402 701 3605 762 παντὸς
3652 701 4011 769 ἐνδιαίτημα,

2430 800 2529 867 τὴν
2592 798 2699 849 τῶν
2755 795 3099 864 ἐπουρανίων
3152 794 3448 848 ἀντίτυπόν
3507 810 3567 846 τε
3631 794 3723 844 καὶ
3786 794 4014 860 ἀχειρο-

2432 892 2654 961 ποίητον
2703 892 2930 954 σκηνὴν,
2961 888 3018 939 το
3080 886 3281 945 παντδς
3342 886 3510 950 ἄγους
3572 882 3861 952 ἐλεύθερον
3916 884 4014 934 καὶ

2432 982 2631 1044 παντὸς
2660 980 2865 1042 πάοους
2892 976 3120 1044 ἐναγοῦς
3156 975 3447 1045 ἀνώτερον,
3477 976 3537 1027 τδ
3562 975 3659 1043 τῆς
3688 973 4009 1041 ἁγιωσύνης

2434 1073 2769 1145 φερωνύμως
2801 1070 3087 1138 ἐπώνυμον
3116 1068 3241 1138 ὅρος
3265 1084 3279 1100 ο
3310 1066 3471 1119 τοῦτο
3498 1069 3648 1119 ἐστιν
3698 1068 3759 1117 ὲν
3808 1066 4013 1134 πατρί-

2433 1167 2522 1229 δος
2578 1163 2742 1235 μοίρᾳ
2782 1160 2861 1230 τῷ
2893 1160 3260 1230 προκειμένῳ,
3291 1158 3385 1211 καὶ
3432 1158 3611 1227 τούτῳ
3658 1156 4014 1210 συλλαλεῐται

2432 1254 2530 1314 καί¹
2580 1256 2956 1314 συνακούεται,
2990 1239 3288 1306 κάντεῧθεν
3338 1245 3493 1313 οὗτος
3551 1249 4014 1317 ἐπιγινώσκεται,

2435 1351 2531 1404 καὶ
2575 1348 2675 1420 τὴν
2729 1347 2869 1417 πρὸς
2930 1346 3058 1408 τοὺς
3116 1342 3446 1411 ὁμωνύμους
3510 1343 3668 1411 φέρει
3719 1330 4019 1411 διαστολὴν

2448 1442 2743 1511 ’Δθωνίτης
2772 1439 2994 1501 δικαίως
3024 1436 3437 1505 ὠνομασμένος.

2507 1706 2569 1762 ε’.
2607 1706 2669 1760 Εί
2697 1707 2889 1777 γάρξξν
2926 1706 3200 1773 Ἀθήναις,
3234 1706 3375 1773 μετὰ
3408 1704 3599 1774 τριετῆ
3652 1703 4015 1773 προσεδρίαν,

2438 1802 2559 1857 ἀντὶ
2595 1799 2851 1871 πατρίδος
2888 1798 3125 1869 χρῆσθαι
3158 1799 3226 1866 τῇ
3262 1798 3417 1851 πόλει
3469 1799 3596 1859 τοὺς
3637 1797 4019 1865 προσηλύτους

2435 1895 2792 1964 νομιζόμενον
2842 1888 2932 1963 ἦν,
2971 1893 3085 1953 πῶς
3130 1892 3191 1943 οὐ
3227 1893 3452 1953 δικαίως
3499 1891 3872 1942 ἀντιποιεῖται
3920 1890 4020 1943 τώ

2434 1989 2597 2059 ὅρους
2629 1990 2658 2041 ὁ
2696 1988 2872 2055 ἅγιος,
2909 1986 3092 2039 πλεῖον
3123 1987 3155 2055 ἢ
3181 1987 3523 2055 πεντήκοντα
3553 1984 3841 2053 περιόδους
3875 1984 4021 2036 ἑτῶν

2435 2079 2653 2135 ἐνταῦθ’
2678 2080 2908 2145 ἀνύσας,
2940 2081 3033 2131 καὶ
3076 2078 3231 2133 ταῦθ’
3275 2077 3447 2139 οὕτως
3476 2078 3781 2146 ἐναγωνίιιγ
3814 2094 3831 2141 ;
3866 2078 3935 2130 Εί
3961 2078 4020 2129 δὲ

2437 2174 2535 2227 καὶ
2565 2178 2765 2243 πατρὶς
2809 2173 3021 2241 ἑκάστῳ
3053 2171 3175 2224 καθ’
3204 2174 3269 2241 ἣν
3295 2172 3358 2226 ἂν
3388 2189 3471 2234 τις
3502 2172 3702 2242 εὐτυχῇ
3736 2170 4019 2240 (καθάπερ

2438 2281 2520 2326 τις
2546 2264 2656 2316 τῶν
2695 2262 2895 2328 ἔξωθεν
2944 2263 3269 2332 ἀπεφήνατο
3298 2262 3525 2329 σοφῶν),
3563 2262 3647 2324 τίς
3679 2262 3744 2315 ἄν
3773 2278 3877 2313 που
3908 2262 4023 2312 τῶν

2439 2359 2699 2411 ἁπάντων
2734 2356 2945 2426 βέλτιον
2972 2355 3004 2427 ἢ
3033 2355 3321 2423 πράξειεν,
3352 2356 3383 2424 ἢ
3422 2355 3604 2423 μέλλει
3634 2355 3882 2424 πράξειν,
3918 2354 4020 2421 τῆς

2438 2443 2541 2503 ὧδε
2601 2454 2695 2506 τοῦ
2734 2450 2924 2519 ἀνδρὸς
2977 2449 3313 2518 εὐκληρίας’
3356 2443 3416 2501 οὗ
3468 2446 3586 2515 Θεῷ
3633 2446 3870 2514 συνῆλθε
3923 2447 4023 2497 καὶ

2440 2544 2592 2605 θείας
2640 2543 2768 2605 θέας
2820 2542 3075 2611 ἐπέτυχε,
3119 2540 3427 2610 μᾶλλονδὲ,
3461 2540 3547 2593 ἵνα
3596 2542 3656 2591 τὸ
3711 2542 3822 2590 πᾶν
3876 2541 4023 2590 εῐπω

2443 2637 2702 2698 συνελὼν,
2760 2632 2820 2689 οὗ
2874 2637 2975 2707 τὴν
3030 2634 3378 2707 ἀνθρωπείαν
3422 2633 3775 2704 ὑπεραναϐἀς
3828 2630 4020 2698 φύσιν,

2444 2730 2541 2783 καὶ
2590 2729 2691 2799 ’τὴν
2746 2727 2899 2781 θείαν
2954 2728 3125 2790 ὅντως
3176 2726 3546 2797 ἡλλοιωμᾶνος
3586 2726 3875 2777 ἀλλοίωσιν
3917 2727 4028 2793 (τίς

2443 2823 2509 2877 ἂν
2568 2824 2940 2894 ἀποχρήσεται
3004 2821 3160 2887 λόγος
3218 2820 3571 2887 παραστῆσαι
3638 2820 3698 2870 τὸ
3762 2815 4026 2884 θαῦμας)

2445 2916 2582 2984 πρὸς
2616 2914 2676 2965 τὸ
2709 2914 2809 2980 τῆς
2834 2915 2988 2979 ἀξίας
3014 2910 3315 2980 ὑπερφυὲς,
3344 2912 3413 2979 τῇ
3442 2908 3536 2961 τοῦ
3583 2908 3845 2976 Ὑψίστου
3872 2906 4029 2974 δεξιᾷ

2448 3006 2942 3078 μετερῤύθμηταις
3004 3003 3147 3056 Ἀλλ’
3232 3004 3380 3071 ὅμως
3433 3002 3531 3069 τῆς
3586 3000 3846 3069 πατρίδος
3926 2999 4029 3065 μὲι

2444 3098 2718 3167 ὑπερεῖδε,
2752 3096 2830 3165 τῷ
2885 3096 2943 3148 δὲ
3002 3098 3096 3167 τῆς
3150 3094 3262 3147 ἀνω
3310 3094 3559 3163 προξένῳ
3610 3090 3868 3158 πατρίδος
3906 3088 4029 3157 ὄρει

767 3177 1030 3231 Altissimi
1076 3188 1405 3246 cooperante
1469 3180 1719 3245 dextera,
1777 3184 2092 3252 acquisivit.
2149 3183 2403 3267 Spretac

2450 3190 2623 3258 τούτῳ
2674 3188 3077 3257 προσέδραμεν,
3107 3180 3168 3237 οἶδ
3204 3186 3268 3255 δὴ
3309 3187 3404 3236 καὶ
3454 3184 3547 3235 τὸν
3600 3180 3839 3247 πολυετῆ
3888 3179 4031 3246 βίον,

770 3267 935 3335 igitur
965 3271 1139 3337 patria
1168 3285 1288 3334 sua,
1330 3270 1383 3323 in
1421 3272 1568 3325 hunc
1597 3284 1855 3336 montem,
1891 3278 2235 3331 commodqu
2269 3281 2336 3335 ad

2449 3281 2547 3334 καὶ
2573 3282 2673 3349 τὴν
2707 3280 2939 3350 ἀόρατον
2967 3277 3275 3347 ἀνθρώποις
3309 3275 3521 3329 δίαιταν
3550 3275 3740 3344 ἤνυσε.

768 3361 1043 3414 caelestem
1081 3364 1310 3431 patriam
1346 3367 1789 3434 comparandam,
1843 3371 2204 3439 conscendit,
2242 3376 2424 3444 ibique
2454 3390 2506 3428 et
2540 3377 2831 3428 IllllilOl’lllIl
2868 3385 3135 3427 annorum
3205 3382 3420 3425 aetatem
3505 3370 3680 3431 duxit,
3751 3379 3803 3423 et
3875 3369 4037 3424 insti-

773 3464 949 3509 tutum
983 3458 1217 3519 vivendi,
1246 3461 1387 3527 quod
1418 3461 1604 3513 oculos
1635 3460 1904 3516 humanos
1935 3462 2148 3523 lateret.
2183 3475 2403 3520 secutus
2433 3479 2538 3521 est.

844 3548 900 3601 ti.
934 3547 1194 3614 Equidem
1227 3551 1575 3604 considerare
1609 3566 1705 3605 vos
1724 3553 1885 3606 velim
1928 3554 2354 3624 incomprehen-

769 3639 982 3692 sibilcm
1014 3644 1291 3709 Sapzentize
1310 3639 1507 3694 divina:
1535 3646 1931 3712 praestantiam,
1958 3646 2201 3715 ejusdem
2227 3663 2352 3717 erga

775 3732 1023 3786 homines
1066 3734 1421 3800 providentia:
1456 3748 1767 3799 excessum,
1805 3746 1861 3790 et
1903 3738 2134 3792 salutem
2164 3754 2351 3795 eorum

775 3825 1125 3891 promoveudi
1156 3826 1477 3879 desiderium
1512 3827 1840 3883 insatiabile.
1861 3827 2146 3884 Excitatur
2177 3832 2230 3884 in
2257 3846 2354 3899 pa-

774 3914 874 3965 tria
925 3915 1258 3967 admirabilis
1311 3915 1537 3982 hujusce
1589 3915 1767 3971 Patris
1839 3918 2037 3973 bellum
2092 3923 2354 3977 adversus

770 4004 1001 4059 Arabes.
1031 4004 1169 4072 Ipse,
1206 4005 1409 4059 bellica:
1438 4008 1594 4072 artis,
1623 4016 1682 4061 ut
1713 4010 1947 4073 videtur,
1992 4025 2095 4066 non
2125 4014 2347 4069 omnino

768 4097 946 4160 rudis,
998 4110 1122 4149 cum
1181 4098 1296 4151 suis
1343 4097 1639 4166 gentilibus
1693 4099 1743 4152 iu
1777 4116 2025 4170 campum
2059 4106 2349 4172 procedit;

772 4186 985 4251 capitur
1034 4186 1102 4238 ab
1136 4186 1380 4241 hostibus
1411 4227 1428 4253 ,
1462 4199 1516 4241 et
1567 4190 1757 4255 procul
1800 4206 1828 4243 a
1888 4194 2059 4261 patria
2107 4200 2352 4263 captivus

775 4278 1103 4340 abducitur;
1138 4278 1349 4341 alienzc,
1369 4278 1596 4348 ejusque
1618 4280 1832 4337 hostilis
1896 4292 2055 4337 terra:
2091 4285 2353 4340 interiora

775 4378 999 4423 coactus
1026 4369 1161 4433 adit,
1195 4381 1345 4422 arcto
1370 4370 1579 4425 Carceri
1627 4375 1988 4441 mancipatur,
2022 4375 2163 4446 cippi
2198 4379 2350 4447 pedi-

777 4460 878 4515 bus
909 4459 1247 4525 injiciuntur,
1278 4459 1392 4527 ipse
1424 4461 1530 4514 cibi
1568 4462 1744 4516 inedia
1777 4474 2086 4519 maceratur
2108 4506 2124 4531 ,
2155 4468 2350 4523 intole—

2523 3565 2599 3622 ς’.
2636 3554 2748 3612 Καὶ
2793 3559 3046 3609 σκοπεῖτε
3094 3556 3155 3608 τὸ
3185 3555 3280 3624 τῆς
3305 3555 3454 3617 θείας
3503 3555 3695 3623 σοφίας
3725 3557 4036 3625 ἀμήχανον,

2451 3651 2548 3704 καὶ
2602 3654 2702 3720 τὴν
2761 3649 2897 3717 πρὸς
2953 3648 3276 3719 ἀνθρώπους
3332 3647 3424 3700 τοῦ
3497 3646 3637 3699 Θεοῦ
3702 3648 4038 3717 κηδεμονίας

2453 3744 2784 3813 ὑπερὸολὴν,
2828 3745 2922 3796 καὶ
2952 3745 3052 3809 τὴν
3094 3743 3234 3811 ὑπὲρ
3263 3742 3324 3794 τὸ
3377 3730 3573 3806 σώζειν
3607 3742 4036 3812 ἀνυπέρϐλητον

2454 3836 2661 3904 ἔφεσιν.
2710 3829 3156 3907 Ἀναρριπίζεται
3206 3835 3441 3903 πόλεμος,
3478 3837 3544 3905 τῇ
3576 3833 3675 3887 τοῦ
3720 3834 4037 3905 θαυμασίου

2452 3930 2642 3982 τούτου
2692 3929 2904 3997 Πατρὸς
2952 3928 3173 3999 πατρίδι
3229 3917 3363 3998 πρὸς
3397 3928 3685 3997 Ἀρασαςο
3742 3929 3771 3980 ὁ
3824 3927 3905 3993 δὲ,
3945 3946 4047 3981 συ-

2454 4021 2854 4089 στρατιωτικῆς
2913 4020 3026 4087 (ὡς
3087 4019 3300 4087 ἔοικεν)
3360 4018 3462 4071 οὐκ
3527 4020 3868 4088 ἀμελέτητος
3925 4020 4044 4087 ὣν,

2452 4112 2796 4181 συμπολεμεῖ
2845 4116 2957 4173 τοῖς
2998 4098 3327 4180 ὁμοφύλοιςο
3388 4111 3494 4164 ὑπὸ
3544 4111 3655 4166 τῶν
3712 4099 4045 4180 ἀλλοφύλων

2450 4201 2775 4254 ἁλίσκεται·
2845 4202 3038 4273 πόρρω
3111 4200 3211 4270 ’τῆς
3288 4202 3620 4271 ἐνεγκούσης
3678 4204 4045 4273 αἰχμάλωτος

2456 4293 2835 4356 ἀποικίζεται·
2867 4295 2965 4363 τῆς
2995 4293 3286 4363 ἀλλοτρίας
3334 4294 3600 4363 ἐνδοτέρω
3634 4295 3729 4347 καὶ
3770 4297 4049 4366 ⁴τοολεμίιις

2457 4386 2617 4437 ποσὶν
2676 4384 2976 4453 “sihmo;
3035 4386 3363 4456 προϐαίνει·
3420 4387 3703 4456 φρουρίοις
3764 4389 4043 4459 ἀφύκτοις

2458 4476 2887 4545 καθείργνυταιο
2918 4476 2996 4545 τῷ
3045 4476 3167 4528 ποδὶ
3223 4476 3412 4539 πέδαις
3465 4478 3772 4545 δεσμείται,
3824 4484 4044 4551 τροφῆς

783 4551 973 4605 rabilia
1029 4550 1201 4604 multa
1256 4552 1495 4618 patitur,
1540 4552 1837 4622 despondet
1876 4558 2140 4621 animum,
2185 4561 2350 4613 vitam
2387 4563 2403 4617 l

2457 4568 2633 4638 ἐνδείᾳ
2709 4568 2976 4631 πιέζεται,
3029 4567 3200 4619 πολλά
3279 4569 3479 4638 πάσχει
3553 4570 3663 4622 τῶν
3715 4575 4044 4641 ἀφορήτων,

782 4644 1033 4710 desperat
1064 4658 1079 4707 ;
1134 4643 1370 4709 denique
1436 4645 1502 4698 ad
1566 4643 1733 4699 Deum
1771 4649 2034 4717 confugit,
2068 4650 2227 4720 rique
2256 4652 2355 4705 soli

783 4731 1140 4800 ituposterum
1174 4747 1231 4786 se
1254 4734 1521 4788 victurum
1547 4738 1836 4805 promittit,
1867 4740 1909 4792 si
1944 4740 2105 4794 modo
2138 4741 2356 4796 liberio-

783 4836 897 4875 rem
951 4839 1075 4877 aera
1122 4825 1443 4893 conspicere
1507 4827 1821 4896 aliquando,
1861 4846 1921 4884 ac
1972 4835 2106 4885 mala
2157 4825 2360 4901 quibus

781 4915 1047 4982 premitur
1070 4916 1301 4969 evadere
1347 4919 1646 4986 contingat.
1699 4919 1841 4985 Quid
1880 4922 2043 4991 igitur
2079 4924 2185 4982 hic.
2214 4926 2359 4980 celer

783 5004 851 5056 ad
877 5004 1294 5067 exaudiendum,
1330 5017 1383 5058 et
1412 5007 1665 5074 providus
1693 5010 1759 5063 ad
1783 5012 2175 5067 consulendum
2202 5014 2359 5071 rebus

789 5096 1002 5150 miseris
1058 5096 1239 5150 Deus?
1306 5096 1483 5151 Moras
1530 5100 1797 5170 tantisper
1856 5105 2045 5169 nectit,
2102 5112 2157 5159 et
2224 5122 2358 5172 cun.-

787 5189 985 5243 ctando
1017 5188 1265 5243 miserias
1303 5191 1419 5260 ejus
1475 5191 1809 5260 longiuscule
1840 5198 2086 5263 protendi
2130 5200 2359 5267 permit-

791 5284 893 5346 tit;
954 5282 1116 5349 idque
1168 5284 1612 5362 prudentissi‘lnt‘,
1661 5296 1718 5339 ut
1776 5287 2026 5343 videlicet
2056 5290 2137 5345 sic
2189 5293 2359 5362 magis

787 5379 900 5424 tuta
943 5348 1080 5425 foret
1128 5348 1455 5442 supplicanti
1489 5348 1765 5442 ‘libertas;
1814 5380 2255 5450 quandoquidem
2279 5348 2357 5437 ita

783 5476 910 5516 eum
974 5466 1283 5522 hominibus
1322 5480 1699 5535 cotnparatum
1738 5471 1845 5531 sit,
1894 5479 1954 5524 ut
2006 5482 2357 5543 pOSIeaquam

787 5554 997 5609 liberati
1017 5567 1140 5609 sunt
1182 5558 1247 5609 iis
1278 5559 1476 5625 quibus
1510 5560 1895 5625 premebantur
1922 5562 2196 5629 adversis,
2234 5575 2354 5619 vota

790 5648 939 5717 prius
976 5646 1117 5702 faeta
1144 5648 1303 5704 facile
1348 5651 1646 5719 negligant,
1692 5654 1744 5705 ui
1780 5668 1840 5706 ea
1875 5655 2041 5723 probe
2073 5659 2359 5711 confirma-

786 5749 982 5792 verant.

842 5837 913 5892 ‘7.
938 5831 1080 5899 Quid
1114 5838 1321 5908 porro?
1361 5841 1462 5893 Per
1498 5841 1732 5911 quietem
1781 5843 2043 5912 promissa
2088 5846 2204 5914 ejus
2244 5857 2356 5900 rata

2458 4657 2826 4727 ἑξαπορεῖται,
2876 4660 2977 4729 τὴν
3024 4660 3230 4711 οἰκείαν
3283 4659 3432 4729 ζωὴν
3482 4660 3840 4728 ἀπολέγεται,
3889 4663 4047 4726 τέλος

2459 4750 2551 4801 ἐπὶ
2607 4750 2739 4802 Θεὸν
2801 4751 3160 4819 καταφεύγει,
3206 4751 3379 4820 τούτῳ
3440 4753 3586 4822 μόνῳ
3624 4752 3826 4816 ζὼσειν
3870 4758 4051 4823 ἐπαγο

2459 4844 2729 4912 γέλλεται,
2787 4845 2948 4911 μύκον
3008 4846 3057 4895 εἰ
3115 4845 3228 4912 φῶς
3279 4845 3565 4913 ἐλεύθερον
3620 4846 3741 4910 ἱδοι,
3780 4853 3881 4899 καὶ
3936 4852 4046 4901 τῶν

2462 4938 2795 5005 συνεχόντων
2826 4937 3110 5006 ἀπαλλάξῃ
3161 4937 3373 4991 δεινῶν.
3406 4936 3469 4989 Τί
3510 4936 3603 4989 οὖν
3631 4940 3659 4991 ὁ
3688 4939 3863 5007 ταχὺς
3904 4942 4046 5010 ὁμοῦ

2460 5030 2553 5080 καὶ
2588 5022 2880 5098 προμηθὴς
2924 5028 3088 5092 Θεὸ;;
3135 5026 3525 5079 Ἀναὸἀλλεται
3551 5029 3686 5090 ’τέως
3734 5028 3842 5099 τὴν
3878 5032 4051 5097 τιίδύ·

2459 5134 2633 5187 τητα,
2687 5123 2777 5171 καὶ
2832 5118 2909 5187 τῷ
2960 5118 3178 5188 μέλλειν
3251 5119 3349 5182 τὰς
3405 5116 3597 5181 ὀδύνας
3664 5120 4047 5175 ἐπιτείνεσθαι

2462 5212 2772 5279 συγχωρεῖ*
2811 5209 3265 5279 προμηθούμενος
3295 5212 3467 5282 δήπου
3520 5211 3611 5262 τὸν
3639 5212 3837 5281 ἱκέτην
3864 5215 4050 5282 ἀσφα-

2461 5302 2717 5370 λέστερον
2762 5302 2926 5365 ἕξειν,
2974 5302 3160 5371 ἐπειδὴ
3206 5280 3518 5371 πεφύκασιν
3561 5302 3850 5372 ἄνθρωποι
3908 5308 4050 5374 μετά

2440 5391 2561 5463 ¹τὴν
2594 5391 2687 5445 τοῦ
2722 5394 2996 5457 πιέζοντος
3029 5394 3373 5463 ἀπαλλαγὴν,
3408 5393 3521 5446 τῶν
3564 5397 3621 5445 ἑν
3655 5395 3809 5464 σὺτῴ
3847 5398 4049 5465 συνθη-

2464 5483 2574 5535 κῶν
2630 5484 2990 5552 ὑπερφρονεῖν
3042 5485 3260 5556 ῥαδίως,
3293 5487 3362 5538 ἂν
3416 5486 3493 5554 μὴ
3550 5484 3753 5547 ταύτας
3793 5486 4051 5558 ἀκριδῶς

2464 5578 2869 5646 ίσχυρίσωνται.

2536 5844 2599 5911 ζ’.
2644 5845 2707 5898 Τί
2758 5845 2818 5898 τὸ
2868 5844 3151 5910 ἑντεῦἸεν;
3200 5846 3278 5899 Δι’
3335 5846 3561 5917 ὀνείρων
3618 5848 3772 5911 αὐτῶ
3824 5851 3896 5903 τά
3956 5853 4052 5912 τῆς
