4246 6464
231 361 361 423 iam

1336 356 1515 417 VlTA
1548 357 1610 419 S.
1650 356 1877 419 PETRI
1922 357 2343 419 ΑΤΗΟΝΙΤΕ.

3331 356 3465 420 100?.

224 474 573 542 ὑποσχέσεως
626 470 871 542 ἐμπεδοί.
923 472 1013 523 καὶ
1070 468 1229 522 αὑτὸν
1291 468 1422 539 δναρ
1489 470 1796 537 ἐπιπέμπει
1830 474 1901 532 Α“

1830 478 1868 532 Α
1900 472 2059 526 habet
2082 471 2252 535 Deus,
2278 470 2486 540 objecta
2517 468 2755 532 visione,
2788 483 2910 538 qua:
2963 467 3066 538 ipsi
3122 480 3476 536 reprmsentet

221 566 422 635 τούτῳ,
454 566 545 617 τὸν
578 565 752 631 μέγαν
782 565 839 617 ἐν
865 564 1149 633 ἱεραρχαις
1180 563 1273 615 καὶ
1317 563 1593 632 Πατράσιν
1621 564 1798 628 ἁγίοις

224 657 520 717 Νικόλαον,
561 655 619 705 ὃν
650 654 745 705 7.1.1
795 655 955 713 αὐτὸς
985 652 1252 705 ἐπεῦοᾶτο
1280 652 1631 721 θερμότερον,
1668 652 1703 703 ἆ
1742 668 1799 702 τε

222 752 326 820 τῆς
354 751 489 821 πρὸς
522 750 654 800 Θεὶν
686 746 853 800 αὐτοῦ
892 746 1207 817 παρρησίας
1241 745 1674 812 πεπειραμένος,
1713 746 1803 795 καὶ

224 842 317 894 διὰ
364 840 645 909 θαύματος
692 837 852 889 αὐτὸν
900 836 1074 903 ἄγων,
1122 834 1338 895 πολλοῖς
1391 837 1483 885 καὶ
1534 834 1803 905 πρότερον

237 934 586 998 κεχρημένος
645 926 785 994 ὑπὲρ
815 925 980 977 αὐτοῦ
1012 924 1307 993 θαύμασιν.
1351 925 1445 986 Ὃς
1480 924 1543 994 δὴ
1576 926 1668 976 καὶ
1702 941 1802 991 φα-

225 1024 343 1084 νεὶς
376 1022 475 1087 οὐχ
508 1018 675 1082 απαξ,
707 1017 823 1068 ἀλλ’
850 1018 954 1087 ἢδη
985 1018 1080 1070 καὶ
1124 1018 1224 1080 δὶς.
1250 1016 1386 1071 πολὺ
1418 1016 1808 1085 κατεμέμφετο

223 1118 326 1189 τὴν
354 1118 447 1167 τοῦ
476 1115 668 1185 ἁνδρὸς
711 1113 990 1176 ἀδουλίαν,
1032 1111 1286 1176 πολλάκις
1315 1113 1415 1180 μὲν
1446 1110 1511 1181 δὴ
1549 1111 1642 1163 καὶ
1673 1108 1805 1179 πρός

222 1229 385 1279 τερον
418 1209 719 1278 εὐξαμένου
755 1206 855 1276 τὴν
881 1205 988 1258 ἀπὸ
1010 1204 1103 1257 τοῦ
1135 1203 1340 1273 κόσμου
1371 1203 1572 1272 φυγὴν,
1612 1200 1810 1272 ὡρμη-

226 1304 395 1371 μένου
423 1300 479 1351 δὲ
516 1298 640 1367 μηδ’
676 1299 822 1357 ὅπως
857 1294 953 1347 οὖν
982 1296 1130 1364 ἔργῳ
1162 1293 1262 1360 τὴν
1284 1294 1449 1363 εὐχὴν
1488 1290 1806 1344 ἀποδοῦναι.

227 1393 421 1463 Ταύτῃ
473 1408 556 1443 τοι
625 1389 848 1449 δικαίως
900 1390 1105 1458 ἀρτίως
1162 1385 1424 1453 ἔφασκεν,
1478 1383 1592 1437 οὔτ’
1649 1381 1811 1443 αὐτὸς

225 1484 498 1552 εἰσακούῃ
528 1484 686 1549 κάγὼ
729 1480 939 1533 πείθειν
967 1478 1170 1549 ἣκιστα
1205 1476 1464 1546 δύναμαι,
1515 1472 1810 1543 πρεσϐείαν

223 1578 372 1645 ὑπὲρ
443 1575 553 1627 τῶν
618 1591 702 1626 σοι
766 1572 1041 1625 συνοίσειν
1103 1569 1407 1639 μελλόντων
1468 1567 1607 1638 πρὸς
1674 1566 1810 1617 Θεὸν

221 1666 579 1736 ποιούμενος.
627 1664 791 1718 Ἀλλὰ
818 1662 950 1732 γὰρ,
981 1661 1035 1715 εί
1072 1679 1162 1731 μοι
1209 1658 1397 1730 πείθῃ,
1428 1658 1519 1711 καὶ
1558 1656 1716 1709 ἄλλον
1746 1656 1810 1725 δή

220 1777 350 1811 τινα
404 1758 514 1810 τῶν
577 1758 723 1824 μέγα
781 1755 933 1824 παρὰ
966 1754 1085 1824 Θεῷ
1123 1752 1442 1822 δυναμένων
1469 1750 1812 1816 ἐπικέκλησο

1907 579 2158 632 magnum
2186 564 2497 632 episcopum
2531 570 2583 616 et
2616 560 2853 625 Patrem,
2875 570 3120 614 sanctum
3149 559 3430 614 Nicolaum
3459 579 3473 625 ;

1903 668 2065 723 quem
2096 654 2256 706 etiam
2301 652 2572 706 ferventer
2607 651 2931 715 invocabat,
2968 661 3152 722 utpote
3184 654 3298 722 ejus
3336 653 3481 722 apud

1909 743 2075 797 Deum
2108 746 2555 801 intercessionem
2606 757 2906 814 expertus;
2953 748 3311 817 eamdemque
3366 747 3480 817 jam

1907 836 2114 906 pridem
2151 837 2302 906 plura
2366 838 2417 891 in
2477 852 2539 893 se
2585 837 2856 894 mirabilia
2889 850 3193 909 operatum,
3228 840 3479 897 miraculi

1909 930 2027 984 loco
2068 929 2323 982 habebat.
2356 928 2539 999 Neque
2563 945 2691 985 vero
2722 931 2888 986 semel
2913 939 3143 995 tantum,
3180 932 3271 985 sed
3296 942 3348 987 et
3381 935 3482 986 ite-

1913 1036 2030 1072 rum
2064 1034 2121 1072 se
2159 1022 2274 1073 viro
2299 1020 2589 1074 videndum
2619 1022 2852 1089 prmbuit
2879 1033 3120 1087 sanctus,
3144 1022 3368 1077 nmltum
3400 1025 3483 1077 in-

1911 1126 2143 1181 crepans
2181 1112 2543 1166 temeritatem
2588 1114 2725 1182 ejus,
2758 1113 2901 1182 quod
2946 1114 3057 1183 jam
3094 1113 3300 1181 pridem
3335 1130 3481 1184 saepe

1916 1206 2151 1260 vovisset
2183 1205 2364 1275 fugam
2399 1221 2426 1258 a
2456 1208 2674 1269 saeculo,
2699 1215 2751 1261 et
2788 1207 3050 1261 nihildum
3072 1209 3180 1261 voti
3215 1209 3296 1263 sui
3323 1225 3487 1278 opere

1914 1296 2029 1366 ipso
2085 1298 2358 1366 complere
2410 1308 2682 1352 curasset.
2737 1300 3141 1365 Quamobrem,
3187 1301 3485 1369 inquiebat,

1914 1393 2111 1443 merito
2137 1404 2312 1458 neque
2350 1402 2400 1442 tu
2452 1405 2597 1443 nunc
2637 1392 2942 1455 exaudiris,
2997 1407 3171 1461 nequc
3217 1407 3335 1459 ego,
3397 1393 3489 1459 qui

1914 1492 2014 1545 pro
2053 1479 2219 1531 rebus
2278 1477 2371 1531 tibi
2428 1479 2728 1546 profuturis
2775 1483 2915 1548 apud
2958 1482 3120 1535 Deum
3180 1481 3482 1544 intereedo,

1915 1571 2208 1637 impetrare
2246 1586 2406 1641 queo.
2439 1571 2843 1633 Verumtamen,
2888 1575 2932 1628 si
2982 1590 3066 1627 me
3090 1574 3245 1627 audis
3270 1615 3285 1640 ,
3323 1574 3488 1626 alium

1916 1677 2135 1730 quoque
2202 1678 2268 1718 ex
2329 1678 2517 1719 eorum
2582 1680 2840 1727 numero,
2898 1666 2987 1734 qui
3066 1666 3291 1719 multmn
3348 1670 3490 1733 apud

1920 1752 2089 1807 Deum
2119 1753 2322 1817 valent,
2354 1754 2659 1823 adjutorem
2713 1768 2775 1806 ac
2821 1761 3106 1821 patronum
3162 1753 3393 1812 invoca.
3436 1762 3492 1803 ut

222 1849 452 1921 βοηθὸν,
481 1850 622 1904 ὥστε
663 1864 752 1917 μοι
784 1844 1168 1916 συμϐαλέσθαι
1222 1843 1480 1914 σπουδὴν,
1523 1844 1606 1896 ὅτι
1664 1841 1820 1893 πλεξ-
1854 1849 1899 1907 Β

1812 1849 1899 1907 -Β
1926 1843 2019 1897 illo
2052 1859 2274 1913 operam
2325 1860 2479 1901 suam
2523 1862 2652 1900 mea:
2706 1846 3070 1915 adjuugenle,
3119 1845 3346 1914 amplius
3399 1844 3489 1897 tibi

221 1960 367 2014 στην
404 1943 547 2012 ὑπὲρ
576 1940 668 1994 σοῦ
706 1941 1039 2011 ποιουμένῳ.

298 2086 373 2149 η’.
409 2080 617 2147 Πέτρου
647 2078 704 2130 δὲ
730 2076 1256 2144 ἀνθυπενεγκόντος·
1298 2075 1407 2128 Καὶ
1434 2074 1520 2137 τίς
1564 2074 1673 2145 ἄρα
1704 2074 1823 2143 μεῖ-

220 2170 323 2238 ζον
350 2171 384 2240 ἢ
423 2172 487 2223 σὺ
516 2168 771 2235 δύναταις
799 2166 1118 2237 Συμεὼνης,
1150 2166 1241 2219 τὸν
1273 2165 1484 2218 εἰπεῖν’
1522 2162 1821 2233 Συμεώνης

222 2262 468 2323 ἐκεῖνος,
501 2259 559 2321 ὃς
612 2258 673 2312 εὖ
708 2258 853 2328 μάλα
913 2247 1285 2326 πρεσϐυτικὰς
1324 2256 1495 2308 πάλαι
1551 2254 1673 2308 ποθ’
1724 2258 1824 2309 ὑπ·-

223 2352 413 2419 ανῆκε
446 2355 661 2421 χεῖρας,
686 2350 782 2402 καὶ
826 2348 1412 2418 τεσσαρακονθήμερον
1431 2346 1699 2416 ὑπανέσχε
1730 2347 1822 2398 τὸν

225 2446 343 2513 πρὸ
392 2442 499 2495 τῶν
558 2441 865 2512 ἀνθρώπων
912 2440 1067 2493 Θεόν.
1111 2440 1251 2491 Ἀλλ’
1281 2441 1309 2493 ό
1363 2440 1480 2507 μὲν,
1526 2440 1665 2508 μετᾶ
1722 2438 1822 2505 τὴν

224 2540 544 2605 εἰσῇγησιι,
594 2535 772 2587 ἀπιὼν
826 2533 1023 2603 ᾤχετο.
1083 2533 1290 2600 ιιέτρου
1347 2532 1401 2585 δὲ
1451 2531 1708 2599 παραυτὰ
1736 2532 1824 2582 τδν

225 2630 407 2681 ὕπνον
455 2626 921 2695 ἁποσεισαμένου,
959 2626 1128 2687 πολὺς
1176 2626 1265 2676 ἐπὶ
1308 2624 1482 2691 στόμα
1531 2622 1822 2690 Συμεώνης

224 2717 301 2788 ἦν
328 2734 342 2749 ο
378 2719 472 2769 καὶ
512 2718 653 2787 βοῶν
679 2717 780 2769 οὐκ
813 2715 1041 2785 ἀνῆκεν,
1074 2713 1376 2766 ἀντιϐολῶν
1401 2713 1503 2765 οὐκ
1536 2712 1820 2774 ἐνέδωκεν,

232 2813 348 2871 ἕως
408 2810 633 2863 ἔπεισεο
666 2812 731 2878 τῇ
790 2808 898 2876 γὰρ
952 2806 1216 2875 ὑστεραίᾳ
1252 2804 1416 2857 πάλιν
1463 2806 1753 2870 ἐφίσταται
1796 2805 1823 2855 ὁ

227 2901 529 2963 Νικόλαος,
565 2900 659 2952 καὶ
702 2900 987 2951 ἀνατεῖναι
1023 2898 1162 2965 πρὸς
1216 2895 1509 2965 Συμεώνην
1542 2895 1823 2947 ἐπιτάττει

226 2995 336 3055 τὰς
369 2992 547 3062 ὄψεις.
589 2992 651 3044 '0
680 2990 736 3044 δὲ
786 2991 959 3060 ταχὺς
1000 2985 1485 3057 ἐπεστραμμένος,
1532 2986 1825 3056 ἐπιτερπὲς

1916 1937 2221 2007 proficiam.

1992 2073 2046 2130 8.
2080 2071 2399 2144 Opponente
2426 2084 2603 2129 autem
2638 2076 2795 2130 Petro
2827 2093 2839 2127 ε
2873 2073 3070 2142 Ecquis
3092 2109 3106 2135 .
3141 2074 3361 2136 amabo,
3394 2087 3493 2141 po-

1922 2165 2121 2217 tentius
2143 2166 2396 2233 opitulari
2438 2180 2599 2233 quam
2636 2175 2715 2228 tu,
2744 2165 2954 2233 potest?
2986 2164 3232 2227 Simeon,
3261 2164 3334 2215 ait
3367 2178 3494 2217 san—

1921 2268 2062 2311 ctus.
2102 2256 2361 2310 Videlicet
2393 2256 2494 2309 iste
2522 2255 2741 2310 Simeon
2775 2296 2789 2321 ,
2828 2258 2918 2325 qui
2964 2256 3161 2310 seniles
3205 2258 3493 2310 admodum

1922 2350 2157 2405 lacertos
2186 2350 2314 2403 olim
2348 2350 2639 2419 aliquando
2683 2351 2933 2404 submisit
2961 2390 2974 2413 ,
3009 2350 3180 2418 iisque
3210 2350 3325 2404 dies
3356 2366 3495 2420 qua-

1924 2440 2172 2508 draginta
2211 2451 2417 2502 natum,
2450 2442 2733 2506 eumdem,
2768 2442 2859 2508 qui
2893 2450 3019 2493 ante
3052 2443 3295 2496 conditos
3322 2443 3499 2496 homi-

1927 2547 2019 2585 nes
2047 2530 2300 2597 exsistit,
2349 2530 2517 2584 Deum
2559 2538 2821 2600 suscepit.
2878 2533 2939 2587 Et
2991 2534 3245 2589 Nicolaus
3280 2537 3496 2603 quidem

1926 2624 2075 2678 hisce
2123 2625 2284 2678 dictis
2337 2627 2594 2679 recedens
2648 2628 2893 2681 evanuit.
2950 2627 3139 2682 Petrus
3194 2645 3321 2684 vero
3374 2646 3498 2683 mox

1924 2732 2154 2770 excusso
2179 2732 2373 2770 somno
2428 2716 2735 2773 Simeonem
2775 2720 3031 2789 frequens
3074 2737 3167 2775 ore
3222 2724 3498 2785 versabat,

1927 2822 1989 2860 ac
2030 2808 2393 2864 indesinenter
2448 2811 2794 2875 inclamabat,
2849 2829 2945 2866 nec
2994 2814 3196 2866 instare
3247 2819 3497 2875 cessavit.

1926 2900 2102 2952 donec
2157 2903 2297 2968 quod
2334 2903 2553 2970 petebat
2603 2905 2942 2971 impetraret.
2999 2903 3218 2957 Postera
3263 2923 3499 2974 namque

1929 2993 2016 3046 die
2051 2994 2227 3047 demto
2262 2995 2308 3048 ei
2336 3005 2522 3049 astans
2562 2996 2837 3060 NicUlaus,
2872 2998 3151 3051 intendere
3212 3002 3261 3051 in
3297 3002 3503 3053 Sitnen-

227 3088 340 3155 ὁρᾷ
389 3055 571 3151 θέαμα
596 3100 610 3113 ’
646 3055 965 3151 σεμνὸν-δτι
1017 3055 1263 3150 μάλιστα
1296 3080 1391 3132 καὶ
1425 3076 1611 3130 πολιὸν
1634 3055 1825 3146 ἄνδρα,
1852 3055 1899 3116 C

1822 3055 1899 3140 ,Ο
1933 3098 2051 3136 nem
2092 3084 2281 3139 oculos
2322 3085 2498 3152 jubet.
2533 3087 2651 3154 Ipse
2707 3103 2835 3141 vero
2886 3104 3007 3141 mox
3062 3106 3127 3143 en
3178 3107 3499 3157 conversus,

231 3180 383 3232 κατὰ
432 3178 493 3228 τὸ
530 3175 767 3228 παλαιὸν
825 3173 948 3236 ἔθος
1000 3170 1412 3241 ἁρχιερατικῶς
1472 3168 1829 3239 ἐσταλμένον,

231 3268 446 3341 χρυσοῦ
480 3284 539 3319 τε
576 3266 757 3335 ράόδῳ
792 3264 1036 3333 κοσμίως
1070 3262 1520 3332 ἐπερειδόμενον,
1560 3266 1652 3314 καὶ
1693 3261 1831 3331 πρὸς

230 3362 412 3415 αὑτὸν
448 3358 673 3427 ἐπίχαρί
714 3374 768 3409 τι
827 3361 923 3408 καὶ
953 3354 1225 3424 προσηνὲς
1272 3354 1565 3423 ἐνορῶντα,
1600 3354 1692 3405 καὶ
1734 3352 1833 3419 τὴν

231 3456 445 3522 ἄφεσιν
488 3448 1007 3517 εὐαγγελιζόμενον,
1039 3448 1200 3515 εἴπερ
1257 3445 1365 3515 ἄρα
1415 3445 1509 3497 καὶ
1546 3445 1644 3505 τὰς
1697 3442 1831 3513 πρὸς

232 3548 378 3597 Θεὸν
419 3544 700 3612 συνθήκας
731 3544 808 3603 είς
843 3541 1004 3609 ἔργον
1033 3540 1265 3606 ἀγαγεῖν
1307 3537 1694 3608 προθυμεῖται.
1726 3536 1832 3588 Τοῦ

234 3640 297 3691 δὲ
338 3638 549 3706 ΙΙέτρου
602 3634 941 3703 συνθεμένου
996 3631 1325 3701 προθύμως,
1364 3628 1575 3689 ἐκεῖνος
1618 3629 1739 3681 ὅποι
1771 3626 1835 3697 δὴ

238 3731 501 3800 βούλοιτο
560 3727 803 3797 βαδίζειν
852 3725 1027 3787 ἁδέως
1078 3721 1431 3792 ὑπαγορεύει,
1468 3722 1682 3786 ἐξιόντα
1731 3721 1833 3791 τῆς

236 3822 497 3893 εἱρκτῆς.
533 3819 640 3871 Ἰοὗ
686 3819 742 3871 δὲ
788 3817 877 3871 τὸν
914 3816 1198 3887 περιτοῦς
1251 3814 1416 3875 πόδας
1445 3808 1602 3874 αὖθις
1628 3812 1831 3865 ἐπιδει-

238 3916 481 3974 κνύντος
530 3911 753 3979 δεσμὸν,
811 3909 907 3962 καὶ
947 3909 1008 3960 τὸ
1061 3906 1343 3975 ἐπίταγμα
1399 3903 1507 3957 τῶν
1556 3903 1835 3957 ἀδυνάτων

238 4004 394 4059 εἶναι
431 4002 843 4070 διατεινομένου
870 3998 1246 4061 παντάπασιν,
1279 3994 1466 4065 ἡρέμα
1498 3995 1834 4063 μετεωρίσας

236 4102 271 4152 ό
322 4095 610 4162 Θεοδόχος,
671 4092 772 4163 τὴν
824 4090 993 4142 καλὸν
1053 4087 1565 4156 ἀπαστράπτουσαν
1620 4085 1836 4155 ἐκείνην

240 4190 452 4261 ῥάϐδον
482 4189 629 4256 ἄκρᾳ
661 4183 839 4255 ταύτῃ
872 4180 1038 4252 ψαύει
1090 4180 1203 4231 τῶν
1232 4178 1475 4248 δεσμῶν,
1520 4180 1613 4229 καὶ
1653 4176 1835 4247 χρυσῷ

238 4288 345 4336 τὸν
376 4282 599 4351 σίδηρον
642 4278 715 4340 ὡς
749 4275 996 4345 ἀράχνης
1029 4272 1129 4344 (ὥς
1172 4272 1359 4341 φασιν)
1405 4270 1576 4331 ἱστὸν,
1604 4270 1835 4337 ἀπονητὶ⁵

236 4375 568 4438 διατέμνει·
607 4368 703 4421 καὶ
744 4370 773 4420 ὀ
806 4367 1010 4433 Πέτρος
1063 4364 1248 4426 εὐθὺς,
1285 4362 1384 4431 οὐχ
1427 4362 1575 4424 ὅπως
1604 4362 1713 4413 τῶν
1738 4377 1836 4413 πε·
1870 4399 1911 4449 η

238 4467 360 4519 δῶν
404 4462 655 4524 ἐκείνων,
683 4459 821 4512 ἀλλά
855 4459 951 4511 καὶ
990 4455 1194 4513 παντὸς
1221 4456 1382 4517 ἐκτὸς
1414 4453 1836 4523 περιτειχίσμα-

237 4576 340 4621 τος
379 4555 445 4625 (ὣ
494 4554 592 4606 τοῦ
641 4549 983 4619 θαύματοςί)
1022 4548 1081 4600 ἐν
1118 4549 1317 4615 ἀκαρεῖ
1364 4544 1561 4615 χρόνου
1602 4545 1833 4612 γίνεται,

242 4654 351 4704 καὶ
383 4648 656 4702 Νικόλαον
687 4645 854 4716 μόνον
914 4638 1497 4711 συμπαρομαρτῶντὰ
1540 4639 1590 4689 οἱ
1620 4636 1830 4706 βλέπει,

241 4747 352 4797 καὶ
414 4738 679 4792 πείθοντα
741 4732 939 4805 μηκέτ’
987 4732 1150 4801 δναρ,
1179 4731 1295 4785 ἀλλ’
1351 4730 1503 4800 ὕπαρ
1550 4726 1687 4783 εἶναι
1732 4730 1832 4798 τὴν

247 4835 557 4902 δεδομένην
591 4827 945 4897 ἐλευθερίαν·
982 4826 1119 4895 πρδς
1154 4824 1213 4876 δὲ
1258 4826 1355 4876 καὶ
1404 4823 1570 4892 πόρον
1598 4821 1830 4891 ἐφοδίων

241 4925 681 4983 ὑποδεικνύντα,
713 4921 895 4989 κῆπον
937 4918 1001 4987 δή
1054 4933 1177 4970 τινα
1228 4914 1534 4967 πολυειδέσι
1576 4912 1842 4980 τεθηλότα

240 5021 527 5089 δένδροις,
576 5018 672 5070 καὶ
735 5012 956 5074 πολλοῖς
1018 5010 1129 5061 τῶν
1195 5008 1476 5075 ἐδωδίμων
1540 5006 1842 5075 βρίθουσιν.

258 5113 360 5163 Ἐν
386 5109 626 5169 τούτοις.
660 5108 690 5159 ό
743 5106 842 5174 μὲν
892 5101 1059 5170 συλᾷν
1090 5097 1519 5167 εύλαὸούμενος,
1548 5094 1658 5148 οὐδ’
1688 5095 1844 5163 ἄκρῳ

244 5201 534 5270 δακτύλῳ,
563 5200 625 5252 τὸ
674 5196 773 5249 τοῦ
830 5195 1017 5261 λόγου,
1048 5190 1247 5259 ψαύειν
1288 5188 1395 5241 τῶν
1448 5188 1678 5258 καρπῶν
1705 5186 1848 5237 ὲκεί-

250 5312 373 5347 νων
405 5294 681 5361 ὴνεὶχετο.
710 5286 981 5345 Νικόλαος
1023 5282 1079 5335 δέ
1126 5280 1316 5333 τοῦτον
1359 5274 1515 5340 αὖθις
1559 5276 1843 5348 θαρῤύνει,

251 5389 360 5441 καὶ
405 5384 583 5446 ἀδεῶς
632 5379 984 5448 ἑγκελεύεται
1038 5372 1337 5443 δρέπεσθαι
1364 5385 1378 5397 ⁸
1405 5366 1502 5423 εἴτ’
1541 5368 1847 5438 ἐξενεγκὼν

252 5480 357 5531 ἐπὶ
401 5476 504 5546 τὴν
558 5473 723 5542 φίλην
772 5466 1232 5536 όδ)ιπορίαν,καὶ
1283 5463 1391 5517 τῶν
1446 5462 1845 5531 ὑπεσχημένων

252 5568 596 5635 ὑπομνήσας
630 5561 880 5621 ἐκείνων,
913 5559 975 5622 ἐξ
1022 5553 1316 5622 ὀφθαλμῶν
1360 5552 1570 5618 γίνεται
1610 5550 1703 5601 τοῦ
1752 5553 1844 5601 αν-

249 5662 417 5728 δρὸς,
478 5659 574 5709 καὶ
619 5651 910 5707 ἀπολιπὼν
963 5648 1109 5712 ἔδοξε
1164 5644 1374 5710 τοῦτον,
1416 5644 1521 5697 κᾶν
1569 5642 1843 5712 ἀοράτως,

251 5756 352 5806 αεὶ
387 5749 583 5817 συνῆν.

603 5848 872 5903 ιἈτιιυιι.
926 5842 1038 5898 Gn.
1092 5838 1133 5895 C
1148 5836 1185 5894 L
1203 5876 1219 5893 .

1930 3177 2226 3246 jucundum
2262 3181 2610 3247 conspicatur
2664 3183 3028 3248 spectat-nium
3051 3223 3064 3246 ,
3099 3200 3285 3253 nempe
3317 3202 3500 3239 senem

1933 3286 2095 3338 quant
2138 3273 2371 3325 maxime
2404 3276 2773 3327 venerandum
2807 3287 2859 3327 ct
2903 3292 3097 3329 canunt
3124 3318 3137 3338 ,
3171 3278 3343 3330 instar
3376 3294 3505 3345 pon-

1936 3362 2094 3417 tificis
2126 3377 2276 3417 more
2321 3366 2663 3433 antiquorum
2717 3372 3005 3428 vestitum,
3037 3384 3199 3421 aureo
3252 3371 3503 3422 decenter

1936 3456 2259 3510 innitentem
2296 3457 2513 3520 baculo,
2537 3458 2589 3511 in
2625 3458 2917 3528 ipsumque
2951 3461 3191 3529 gratioso
3217 3477 3279 3514 ac
3299 3462 3499 3515 hlaqu

1936 3550 2089 3602 vultu
2128 3550 2448 3612 intuentem,
2476 3568 2538 3605 ac
2591 3554 2928 3605 nuntiantem
2960 3594 2973 3615 ,
3012 3553 3129 3606 fore
3170 3564 3228 3606 ut
3262 3556 3406 3606 brevi
3437 3557 3505 3607 li-

1938 3641 2202 3695 bertatem
2235 3654 2607 3711 consequatur
2631 3684 2645 3707 ,
2681 3644 2973 3697 dummodo
3002 3660 3120 3712 qua:
3148 3644 3256 3697 Deo
3285 3657 3505 3700 voverat

1937 3743 2186 3799 prompto
2215 3732 2397 3785 animo
2428 3732 2613 3785 ell'ecta
2670 3734 2821 3786 daret
2859 3751 2870 3784 :
2907 3744 2960 3786 et
2999 3737 3417 3803 promptissime.
3448 3753 3508 3790 se

1937 3820 2213 3885 daturum,
2252 3824 2515 3874 annuenti
2578 3820 2739 3875 Petro
2793 3824 3032 3876 suaviter
3080 3823 3328 3890 imperat,
3372 3842 3507 3894 quo-

1937 3905 2170 3982 cumque
2202 3913 2350 3972 velit.
2379 3927 2601 3966 earcere
2630 3928 2883 3982 egressus
2912 3914 3090 3967 abeat.
3132 3914 3377 3984 Cutnqne
3419 3918 3508 3971 ille

1939 4007 2140 4065 denuo,
2194 4004 2391 4071 quibus
2446 4004 2662 4056 vinctus
2705 4013 2858 4068 erat,
2910 4015 3130 4057 catenas
3178 4016 3506 4068 nmnstrans,

1939 4096 2082 4163 quod
2136 4094 2431 4162 jubebatur
2463 4096 2578 4149 fieri
2624 4096 2850 4149 omnino
2880 4113 2986 4150 non
3024 4113 3206 4164 posse,
3258 4102 3505 4159 diceret;

1939 4199 2182 4249 sanctus,
2226 4187 2317 4240 Dei
2355 4187 2591 4241 hominis
2643 4197 2963 4256 susceptor,
3011 4186 3268 4253 Simeon,
3318 4191 3509 4243 leniter

1940 4280 2189 4334 attollens
2222 4294 2381 4345 quem
2420 4280 2640 4333 tenebat
2668 4280 2891 4349 pulchre
2917 4281 3210 4333 radiantem
3236 4282 3506 4344 baculum,

1939 4381 2185 4423 extremo
2231 4368 2349 4436 ejus
2406 4368 2670 4436 contingit
2700 4368 2945 4431 vincula;
2993 4378 3044 4423 et
3094 4384 3228 4422 auro
3279 4369 3506 4428 ferrum.

1945 4459 2396 4529 quemadmodum
2428 4460 2611 4512 aranei
2646 4459 2992 4527 tclam,{quod
3024 4459 3128 4512 dici
3154 4460 3330 4523 solet,
3363 4461 3509 4513 nullo

1944 4553 2161 4619 negotio
2206 4551 2483 4604 dissecat:
2531 4560 2584 4605 et
2635 4552 2893 4605 continuo
2940 4551 3169 4609 Petrus.
3210 4568 3310 4605 non
3350 4554 3510 4606 modo

1941 4642 2175 4696 vinculis
2205 4642 2467 4704 solutum,
2500 4643 2592 4695 sed
2624 4642 2785 4695 etiam
2818 4656 2967 4695 extra
3000 4651 3151 4709 septa
3184 4641 3236 4712 (ο
3270 4645 3508 4697 miracu-

1939 4734 2049 4787 lum
2071 4735 2122 4803 ί)
2154 4742 2430 4786 momento
2480 4733 2742 4800 temporis
2774 4733 2930 4799 plane
2973 4732 3225 4784 eductum
3259 4746 3317 4785 se
3344 4732 3513 4783 mira-

1943 4839 2052 4889 tur,
2082 4825 2367 4892 solumque
2405 4824 2548 4877 videt
2577 4822 2862 4875 Nicolaum
2895 4824 2997 4875 sibi
3026 4824 3278 4874 comitem
3299 4826 3510 4885 adesse,

1943 4931 2008 4971 ac
2048 4914 2205 4970 facile
2224 4915 2664 4983 persuadentem,
2688 4930 2791 4966 non
2825 4914 2935 4978 jam
2971 4927 3063 4980 per
3093 4913 3386 4973 somnium,
3411 4916 3508 4967 sed

1945 5004 2119 5072 reipsa
2139 5018 2457 5059 concessam
2482 5017 2602 5057 esse
2629 5002 2956 5055 libertatem.
2992 5002 3069 5052 Ad
3094 5002 3205 5053 lucc
3223 5003 3386 5053 ctiam
3411 5002 3515 5054 iter

1947 5096 1994 5149 ei
2022 5096 2260 5148 ostendit
2306 5103 2709 5163 opportunum,
2766 5091 3067 5161 pomarium
3121 5090 3328 5144 scilicet
3375 5091 3511 5142 varii

1948 5185 2165 5254 generis
2194 5184 2480 5238 arboribus
2508 5222 2521 5244 ,
2560 5183 2814 5250 interque
2852 5196 2945 5233 cas
2986 5181 3207 5244 multis,
3254 5180 3365 5232 esui
3410 5180 3511 5230 hu-

1955 5291 2115 5333 mano
2145 5288 2299 5345 aptos
2323 5275 2527 5329 fructus
2565 5273 2884 5337 ferentibus,
2918 5273 3208 5325 consitum.
3237 5271 3341 5324 Sed
3375 5272 3517 5325 inter

1958 5368 2070 5421 haec
2095 5372 2277 5419 omnia
2324 5364 2514 5419 Petrus
2566 5379 2674 5417 non
2726 5364 2884 5416 modo
2909 5365 3197 5431 decerpere
3243 5360 3519 5430 quidpiam

1956 5460 2172 5513 illorum
2208 5459 2511 5519 verebatur,
2550 5459 2642 5509 sed
2696 5474 2761 5508 ne
2812 5466 3055 5510 extremo
3086 5456 3342 5521 quidem,
3372 5456 3514 5519 quod

1956 5549 2127 5612 aiunt,
2161 5548 2327 5615 digito
2359 5547 2564 5599 fruetus
2597 5548 2715 5599 illos
2742 5546 3055 5613 contingere
3082 5543 3520 5598 audcbat.l\‘ico-

1961 5642 2077 5693 laus
2108 5653 2234 5692 vero
2260 5638 2467 5692 animos
2505 5638 2551 5691 ei
2580 5638 2757 5692 denuo
2781 5640 2983 5690 addens
3028 5637 3204 5706 posito
3241 5648 3381 5689 metu
3404 5648 3526 5686 car-

1965 5747 2091 5799 pere
2124 5730 2332 5786 fructus
2380 5731 2609 5798 imperat
2641 5750 2652 5798 ;
2686 5738 2795 5784 tuin
2846 5732 2908 5785 ad
2942 5731 3302 5784 desideratam
3355 5730 3523 5795 ipsum

3033 5830 3111 5889 32
