  <div class='ocr_page' id='page_1' title='image "/cluster/home/n/w/nwhite01/storage/ocr_20150623/150/nnc1.0022106740/516.png"; bbox 0 0 4246 6464; ppageno 0'>
   <div class='ocr_carea' id='block_1_1' title="bbox 270 410 407 473">
    <p class='ocr_par' dir='ltr' id='par_1_1' title="bbox 270 410 407 473">
     <span class='ocr_line' id='line_1_1' title="bbox 270 410 407 473; baseline 0.029 -4"><span class='ocrx_word' id='word_1_1' title='bbox 270 410 407 473; x_wconf 71' lang='grc' dir='ltr'>Ηῖθυ</span> 
     </span>
    </p>
   </div>
   <div class='ocr_carea' id='block_1_2' title="bbox 1394 427 2388 497">
    <p class='ocr_par' dir='ltr' id='par_1_2' title="bbox 1394 427 2388 497">
     <span class='ocr_line' id='line_1_2' title="bbox 1394 427 2388 497; baseline 0.014 -14"><span class='ocrx_word' id='word_1_2' title='bbox 1394 427 1569 486; x_wconf 68' lang='grc' dir='ltr'>νιΤΑ</span> <span class='ocrx_word' id='word_1_3' title='bbox 1601 430 1659 487; x_wconf 94' lang='lat' dir='ltr'><strong>S.</strong></span> <span class='ocrx_word' id='word_1_4' title='bbox 1701 428 1927 490; x_wconf 78' lang='lat' dir='ltr'><strong>PETRI</strong></span> <span class='ocrx_word' id='word_1_5' title='bbox 1964 433 2388 497; x_wconf 52' lang='lat' dir='ltr'><strong>ATIIONngE.</strong></span> 
     </span>
    </p>
   </div>
   <div class='ocr_carea' id='block_1_3' title="bbox 3381 439 3520 503">
    <p class='ocr_par' dir='ltr' id='par_1_3' title="bbox 3381 439 3520 503">
     <span class='ocr_line' id='line_1_3' title="bbox 3381 439 3520 503; baseline 0.036 -4"><span class='ocrx_word' id='word_1_6' title='bbox 3381 439 3520 503; x_wconf 70' lang='lat'><strong>1030</strong></span> 
     </span>
    </p>
   </div>
   <div class='ocr_carea' id='block_1_4' title="bbox 264 523 1827 616">
    <p class='ocr_par' dir='ltr' id='par_1_4' title="bbox 264 523 1827 602">
     <span class='ocr_line' id='line_1_4' title="bbox 264 523 1827 602; baseline 0.011 -30"><span class='ocrx_word' id='word_1_7' title='bbox 264 523 498 588; x_wconf 65' lang='grc' dir='ltr'>ἑκοντων</span> <span class='ocrx_word' id='word_1_8' title='bbox 533 542 588 575; x_wconf 72' lang='grc' dir='ltr'><strong>τε</strong></span> <span class='ocrx_word' id='word_1_9' title='bbox 626 527 714 577; x_wconf 60' lang='grc' dir='ltr'><strong>καὶ</strong></span> <span class='ocrx_word' id='word_1_10' title='bbox 745 527 1164 594; x_wconf 56' lang='grc' dir='ltr'>διανοουμένων,</span> <span class='ocrx_word' id='word_1_11' title='bbox 1195 531 1255 580; x_wconf 77' lang='grc' dir='ltr'>ἐκ</span> <span class='ocrx_word' id='word_1_12' title='bbox 1291 531 1381 583; x_wconf 80' lang='grc' dir='ltr'>τοῦ</span> <span class='ocrx_word' id='word_1_13' title='bbox 1423 534 1827 602; x_wconf 77' lang='grc' dir='ltr'>ἁπροσδοκήτοι</span> 
     </span>
    </p>
   </div>
   <div class='ocr_carea' id='block_1_5' title="bbox 1844 523 3512 616">
    <p class='ocr_par' dir='ltr' id='par_1_5' title="bbox 1868 542 3512 616">
     <span class='ocr_line' id='line_1_5' title="bbox 1868 542 3512 616; baseline 0.005 -18"><span class='ocrx_word' id='word_1_14' title='bbox 1868 542 1912 598; x_wconf 84' lang='grc' dir='ltr'><strong>Λ</strong></span> <span class='ocrx_word' id='word_1_15' title='bbox 1942 559 2045 610; x_wconf 89' lang='lat' dir='ltr'><strong>que</strong></span> <span class='ocrx_word' id='word_1_16' title='bbox 2076 543 2376 600; x_wconf 70' lang='grc' dir='ltr'>ιιίΠηιιιτιιιιι</span> <span class='ocrx_word' id='word_1_17' title='bbox 2411 548 2638 601; x_wconf 68' lang='lat' dir='ltr'><strong>fidenter</strong></span> <span class='ocrx_word' id='word_1_18' title='bbox 2665 551 2970 616; x_wconf 69' lang='lat' dir='ltr'><strong>sperabant.</strong></span> <span class='ocrx_word' id='word_1_19' title='bbox 3021 548 3208 605; x_wconf 73' lang='lat' dir='ltr'><strong>Verum</strong></span> <span class='ocrx_word' id='word_1_20' title='bbox 3248 553 3419 606; x_wconf 86' lang='lat' dir='ltr'><strong>taliter</strong></span> <span class='ocrx_word' id='word_1_21' title='bbox 3445 554 3512 607; x_wconf 85' lang='lat' dir='ltr'><strong>iis</strong></span> 
     </span>
    </p>
   </div>
   <div class='ocr_carea' id='block_1_6' title="bbox 263 616 1836 697">
    <p class='ocr_par' dir='ltr' id='par_1_6' title="bbox 263 616 1836 697">
     <span class='ocr_line' id='line_1_6' title="bbox 263 616 1836 697; baseline 0.011 -35"><span class='ocrx_word' id='word_1_22' title='bbox 263 616 636 678; x_wconf 71' lang='grc' dir='ltr'>παντάπασιν,</span> <span class='ocrx_word' id='word_1_23' title='bbox 695 618 771 669; x_wconf 71' lang='grc' dir='ltr'><strong>ἔτ’</strong></span> <span class='ocrx_word' id='word_1_24' title='bbox 825 621 976 681; x_wconf 79' lang='grc' dir='ltr'>ὄντος</span> <span class='ocrx_word' id='word_1_25' title='bbox 1040 621 1130 673; x_wconf 62' lang='grc' dir='ltr'>τοῦ</span> <span class='ocrx_word' id='word_1_26' title='bbox 1194 623 1504 691; x_wconf 85' lang='grc' dir='ltr'>πνεύματος</span> <span class='ocrx_word' id='word_1_27' title='bbox 1548 627 1836 697; x_wconf 66' lang='grc' dir='ltr'>ἐπιφέροι),</span> 
     </span>
    </p>
   </div>
   <div class='ocr_carea' id='block_1_7' title="bbox 262 705 1840 784">
    <p class='ocr_par' dir='ltr' id='par_1_7' title="bbox 262 705 1840 784">
     <span class='ocr_line' id='line_1_7' title="bbox 262 705 1840 784; baseline 0.01 -30"><span class='ocrx_word' id='word_1_28' title='bbox 262 705 360 755; x_wconf 74' lang='grc' dir='ltr'>καὶ</span> <span class='ocrx_word' id='word_1_29' title='bbox 404 708 660 776; x_wconf 78' lang='grc' dir='ltr'>λαμπροῦ</span> <span class='ocrx_word' id='word_1_30' title='bbox 710 710 849 761; x_wconf 72' lang='grc' dir='ltr'>κατὰ</span> <span class='ocrx_word' id='word_1_31' title='bbox 916 712 1173 780; x_wconf 84' lang='grc' dir='ltr'>πρύμναν</span> <span class='ocrx_word' id='word_1_32' title='bbox 1223 716 1683 784; x_wconf 81' lang='grc' dir='ltr'>προσϐάλλοντος,</span> <span class='ocrx_word' id='word_1_33' title='bbox 1745 720 1840 770; x_wconf 75' lang='grc' dir='ltr'><strong>τοῦ</strong></span> 
     </span>
    </p>
   </div>
   <div class='ocr_carea' id='block_1_8' title="bbox 259 796 1842 878">
    <p class='ocr_par' dir='ltr' id='par_1_8' title="bbox 259 796 1842 878">
     <span class='ocr_line' id='line_1_8' title="bbox 259 796 1842 878; baseline 0.011 -32"><span class='ocrx_word' id='word_1_34' title='bbox 259 796 452 864; x_wconf 75' lang='grc' dir='ltr'>πρόσω</span> <span class='ocrx_word' id='word_1_35' title='bbox 505 799 823 866; x_wconf 74' lang='grc' dir='ltr'>προϐαἱνειν</span> <span class='ocrx_word' id='word_1_36' title='bbox 877 803 906 870; x_wconf 76' lang='grc' dir='ltr'>ἡ</span> <span class='ocrx_word' id='word_1_37' title='bbox 961 803 1092 864; x_wconf 74' lang='grc' dir='ltr'>ναῦς</span> <span class='ocrx_word' id='word_1_38' title='bbox 1141 807 1382 872; x_wconf 62' lang='grc' dir='ltr'>ἀφεῖται,</span> <span class='ocrx_word' id='word_1_39' title='bbox 1437 813 1532 863; x_wconf 76' lang='grc' dir='ltr'>καὶ</span> <span class='ocrx_word' id='word_1_40' title='bbox 1584 810 1842 878; x_wconf 82' lang='grc' dir='ltr'>ἀκίνητος</span> 
     </span>
    </p>
   </div>
   <div class='ocr_carea' id='block_1_9' title="bbox 258 887 1842 965">
    <p class='ocr_par' dir='ltr' id='par_1_9' title="bbox 258 887 1842 965">
     <span class='ocr_line' id='line_1_9' title="bbox 258 887 1842 965; baseline 0.011 -29"><span class='ocrx_word' id='word_1_41' title='bbox 258 887 444 954; x_wconf 75' lang='grc' dir='ltr'>ἔμενε,</span> <span class='ocrx_word' id='word_1_42' title='bbox 483 890 666 943; x_wconf 71' lang='grc' dir='ltr'>Πάντα</span> <span class='ocrx_word' id='word_1_43' title='bbox 709 893 766 943; x_wconf 87' lang='grc' dir='ltr'>δὲ</span> <span class='ocrx_word' id='word_1_44' title='bbox 801 894 989 945; x_wconf 82' lang='grc' dir='ltr'>κάλων</span> <span class='ocrx_word' id='word_1_45' title='bbox 1026 897 1253 952; x_wconf 76' lang='grc' dir='ltr'>ἐκείνων</span> <span class='ocrx_word' id='word_1_46' title='bbox 1287 901 1603 965; x_wconf 79' lang='grc' dir='ltr'><strong>κινούντων,</strong></span> <span class='ocrx_word' id='word_1_47' title='bbox 1631 903 1705 965; x_wconf 82' lang='grc' dir='ltr'><strong>ὡς</strong></span> <span class='ocrx_word' id='word_1_48' title='bbox 1746 905 1842 956; x_wconf 76' lang='grc' dir='ltr'><strong>καὶ</strong></span> 
     </span>
    </p>
   </div>
   <div class='ocr_carea' id='block_1_10' title="bbox 260 980 1843 1063">
    <p class='ocr_par' dir='ltr' id='par_1_10' title="bbox 260 980 1843 1063">
     <span class='ocr_line' id='line_1_10' title="bbox 260 980 1843 1063; baseline 0.013 -36"><span class='ocrx_word' id='word_1_49' title='bbox 260 980 294 1046; x_wconf 80' lang='grc' dir='ltr'>ἠ</span> <span class='ocrx_word' id='word_1_50' title='bbox 346 983 617 1048; x_wconf 58' lang='lat' dir='ltr'><strong>rapo-pla</strong></span> <span class='ocrx_word' id='word_1_51' title='bbox 655 985 806 1051; x_wconf 67' lang='grc' dir='ltr'>φησὶ,</span> <span class='ocrx_word' id='word_1_52' title='bbox 857 987 923 1038; x_wconf 81' lang='grc' dir='ltr'>τὰ</span> <span class='ocrx_word' id='word_1_53' title='bbox 961 988 1061 1055; x_wconf 85' lang='grc' dir='ltr'><strong>τῆς</strong></span> <span class='ocrx_word' id='word_1_54' title='bbox 1102 990 1388 1058; x_wconf 80' lang='grc' dir='ltr'>ἀκινησίας</span> <span class='ocrx_word' id='word_1_55' title='bbox 1433 994 1683 1063; x_wconf 72' lang='grc' dir='ltr'>οὐδαμῶς</span> <span class='ocrx_word' id='word_1_56' title='bbox 1729 997 1843 1047; x_wconf 77' lang='grc' dir='ltr'>ἐνε-</span> 
     </span>
    </p>
   </div>
   <div class='ocr_carea' id='block_1_11' title="bbox 259 1070 1842 1154">
    <p class='ocr_par' dir='ltr' id='par_1_11' title="bbox 259 1070 1842 1154">
     <span class='ocr_line' id='line_1_11' title="bbox 259 1070 1842 1154; baseline 0.013 -33"><span class='ocrx_word' id='word_1_57' title='bbox 259 1070 429 1124; x_wconf 67' lang='grc' dir='ltr'>δίδου.</span> <span class='ocrx_word' id='word_1_58' title='bbox 475 1074 581 1126; x_wconf 76' lang='grc' dir='ltr'><strong>Καὶ</strong></span> <span class='ocrx_word' id='word_1_59' title='bbox 612 1075 674 1144; x_wconf 80' lang='grc' dir='ltr'>δὴ</span> <span class='ocrx_word' id='word_1_60' title='bbox 715 1076 821 1128; x_wconf 69' lang='grc' dir='ltr'><strong>τῶν</strong></span> <span class='ocrx_word' id='word_1_61' title='bbox 875 1082 1084 1132; x_wconf 79' lang='grc' dir='ltr'>ναυτῶν</span> <span class='ocrx_word' id='word_1_62' title='bbox 1130 1083 1584 1154; x_wconf 75' lang='grc' dir='ltr'>ἐξηπορημένων,</span> <span class='ocrx_word' id='word_1_63' title='bbox 1620 1089 1714 1140; x_wconf 82' lang='grc' dir='ltr'>καὶ</span> <span class='ocrx_word' id='word_1_64' title='bbox 1753 1104 1842 1154; x_wconf 85' lang='grc' dir='ltr'>μι-</span> 
     </span>
    </p>
   </div>
   <div class='ocr_carea' id='block_1_12' title="bbox 260 1163 1841 1248">
    <p class='ocr_par' dir='ltr' id='par_1_12' title="bbox 260 1163 1841 1248">
     <span class='ocr_line' id='line_1_12' title="bbox 260 1163 1841 1248; baseline 0.011 -35"><span class='ocrx_word' id='word_1_65' title='bbox 260 1163 397 1230; x_wconf 74' lang='grc' dir='ltr'>κροῦ</span> <span class='ocrx_word' id='word_1_66' title='bbox 448 1165 548 1232; x_wconf 76' lang='grc' dir='ltr'>τῆς</span> <span class='ocrx_word' id='word_1_67' title='bbox 596 1169 717 1235; x_wconf 76' lang='grc' dir='ltr'>ἴσης</span> <span class='ocrx_word' id='word_1_68' title='bbox 761 1173 1140 1240; x_wconf 76' lang='grc' dir='ltr'>μετασχόντων</span> <span class='ocrx_word' id='word_1_69' title='bbox 1193 1177 1504 1245; x_wconf 85' lang='grc' dir='ltr'>ἀκινησίας,</span> <span class='ocrx_word' id='word_1_70' title='bbox 1540 1178 1698 1231; x_wconf 66' lang='grc' dir='ltr'>τοῦτο</span> <span class='ocrx_word' id='word_1_71' title='bbox 1745 1181 1841 1248; x_wconf 77' lang='grc' dir='ltr'><strong>μὲν</strong></span> 
     </span>
    </p>
   </div>
   <div class='ocr_carea' id='block_1_13' title="bbox 263 1255 1841 1339">
    <p class='ocr_par' dir='ltr' id='par_1_13' title="bbox 263 1255 1841 1339">
     <span class='ocr_line' id='line_1_13' title="bbox 263 1255 1841 1339; baseline 0.008 -33"><span class='ocrx_word' id='word_1_72' title='bbox 263 1255 353 1307; x_wconf 81' lang='grc' dir='ltr'><strong>ὑπ’</strong></span> <span class='ocrx_word' id='word_1_73' title='bbox 403 1258 740 1326; x_wconf 72' lang='grc' dir='ltr'>ἐκπλήξεως,</span> <span class='ocrx_word' id='word_1_74' title='bbox 779 1260 936 1312; x_wconf 84' lang='grc' dir='ltr'>τοῦτο</span> <span class='ocrx_word' id='word_1_75' title='bbox 982 1263 1038 1314; x_wconf 77' lang='grc' dir='ltr'>δὲ</span> <span class='ocrx_word' id='word_1_76' title='bbox 1081 1264 1174 1316; x_wconf 72' lang='grc' dir='ltr'><strong>καὶ</strong></span> <span class='ocrx_word' id='word_1_77' title='bbox 1208 1267 1316 1318; x_wconf 76' lang='grc' dir='ltr'><strong>ἀπὸ</strong></span> <span class='ocrx_word' id='word_1_78' title='bbox 1360 1268 1454 1320; x_wconf 81' lang='grc' dir='ltr'><strong>τοῦ</strong></span> <span class='ocrx_word' id='word_1_79' title='bbox 1493 1269 1661 1338; x_wconf 82' lang='grc' dir='ltr'>μηδὲν</span> <span class='ocrx_word' id='word_1_80' title='bbox 1698 1271 1841 1339; x_wconf 80' lang='grc' dir='ltr'>ἔχειν</span> 
     </span>
    </p>
   </div>
   <div class='ocr_carea' id='block_1_14' title="bbox 262 1347 1841 1429">
    <p class='ocr_par' dir='ltr' id='par_1_14' title="bbox 262 1347 1841 1429">
     <span class='ocr_line' id='line_1_14' title="bbox 262 1347 1841 1429; baseline 0.013 -33"><span class='ocrx_word' id='word_1_81' title='bbox 262 1347 552 1414; x_wconf 79' lang='grc' dir='ltr'>πράττειν.</span> <span class='ocrx_word' id='word_1_82' title='bbox 589 1351 773 1412; x_wconf 81' lang='grc' dir='ltr'>Οὖτως</span> <span class='ocrx_word' id='word_1_83' title='bbox 797 1354 860 1405; x_wconf 74' lang='grc' dir='ltr'>ἐκ</span> <span class='ocrx_word' id='word_1_84' title='bbox 901 1355 1070 1408; x_wconf 84' lang='grc' dir='ltr'>τόπου</span> <span class='ocrx_word' id='word_1_85' title='bbox 1111 1357 1208 1410; x_wconf 80' lang='grc' dir='ltr'>τοῦ</span> <span class='ocrx_word' id='word_1_86' title='bbox 1239 1362 1566 1429; x_wconf 77' lang='grc' dir='ltr'>πράγματος</span> <span class='ocrx_word' id='word_1_87' title='bbox 1610 1362 1780 1427; x_wconf 78' lang='grc' dir='ltr'>ὄντος,</span> <span class='ocrx_word' id='word_1_88' title='bbox 1813 1364 1841 1414; x_wconf 98' lang='lat'><strong>6</strong></span> 
     </span>
    </p>
   </div>
   <div class='ocr_carea' id='block_1_15' title="bbox 261 1436 1840 1518">
    <p class='ocr_par' dir='ltr' id='par_1_15' title="bbox 261 1436 1840 1518">
     <span class='ocr_line' id='line_1_15' title="bbox 261 1436 1840 1518; baseline 0.012 -31"><span class='ocrx_word' id='word_1_89' title='bbox 261 1436 406 1498; x_wconf 81' lang='grc' dir='ltr'>θεῖος</span> <span class='ocrx_word' id='word_1_90' title='bbox 447 1441 649 1510; x_wconf 80' lang='grc' dir='ltr'><strong>Πέτρος</strong></span> <span class='ocrx_word' id='word_1_91' title='bbox 680 1446 777 1512; x_wconf 81' lang='grc' dir='ltr'><strong>τῆς</strong></span> <span class='ocrx_word' id='word_1_92' title='bbox 815 1445 1042 1516; x_wconf 78' lang='grc' dir='ltr'><strong>ἡσυχίου</strong></span> <span class='ocrx_word' id='word_1_93' title='bbox 1085 1448 1356 1518; x_wconf 77' lang='grc' dir='ltr'><strong>καθέδρας</strong></span> <span class='ocrx_word' id='word_1_94' title='bbox 1384 1452 1714 1516; x_wconf 70' lang='grc' dir='ltr'>ἐξαναστὰς,</span> <span class='ocrx_word' id='word_1_95' title='bbox 1747 1455 1840 1506; x_wconf 85' lang='grc' dir='ltr'><strong>καὶ</strong></span> 
     </span>
    </p>
   </div>
   <div class='ocr_carea' id='block_1_16' title="bbox 260 1530 1838 1614">
    <p class='ocr_par' dir='ltr' id='par_1_16' title="bbox 260 1530 1838 1614">
     <span class='ocr_line' id='line_1_16' title="bbox 260 1530 1838 1614; baseline 0.013 -36"><span class='ocrx_word' id='word_1_96' title='bbox 260 1530 758 1600; x_wconf 63' lang='grc' dir='ltr'>περιϐλεψάμενος,</span> <span class='ocrx_word' id='word_1_97' title='bbox 793 1535 853 1586; x_wconf 80' lang='grc' dir='ltr'>τὸ</span> <span class='ocrx_word' id='word_1_98' title='bbox 886 1537 980 1588; x_wconf 82' lang='grc' dir='ltr'>τοῦ</span> <span class='ocrx_word' id='word_1_99' title='bbox 1013 1538 1436 1610; x_wconf 70' lang='grc' dir='ltr'><strong>διαφαινομένου</strong></span> <span class='ocrx_word' id='word_1_100' title='bbox 1479 1543 1638 1614; x_wconf 73' lang='grc' dir='ltr'>ὅρους</span> <span class='ocrx_word' id='word_1_101' title='bbox 1668 1544 1838 1614; x_wconf 75' lang='grc' dir='ltr'>ὄνομα</span> 
     </span>
    </p>
   </div>
   <div class='ocr_carea' id='block_1_17' title="bbox 257 1619 1838 1704">
    <p class='ocr_par' dir='ltr' id='par_1_17' title="bbox 257 1619 1838 1704">
     <span class='ocr_line' id='line_1_17' title="bbox 257 1619 1838 1704; baseline 0.013 -36"><span class='ocrx_word' id='word_1_102' title='bbox 257 1619 477 1691; x_wconf 74' lang='grc' dir='ltr'>ἐρωτᾷο</span> <span class='ocrx_word' id='word_1_103' title='bbox 513 1624 540 1675; x_wconf 93' lang='lat'><strong>6</strong></span> <span class='ocrx_word' id='word_1_104' title='bbox 567 1623 630 1685; x_wconf 80' lang='grc' dir='ltr'>δὴ</span> <span class='ocrx_word' id='word_1_105' title='bbox 662 1625 756 1678; x_wconf 78' lang='grc' dir='ltr'>τὸν</span> <span class='ocrx_word' id='word_1_106' title='bbox 789 1626 938 1692; x_wconf 82' lang='grc' dir='ltr'>Ἀθω</span> <span class='ocrx_word' id='word_1_107' title='bbox 979 1631 1282 1700; x_wconf 81' lang='grc' dir='ltr'>πυθόμενος</span> <span class='ocrx_word' id='word_1_108' title='bbox 1334 1629 1496 1698; x_wconf 74' lang='grc' dir='ltr'>εἶναι,</span> <span class='ocrx_word' id='word_1_109' title='bbox 1532 1635 1732 1704; x_wconf 88' lang='grc' dir='ltr'>συνῆκὲ</span> <span class='ocrx_word' id='word_1_110' title='bbox 1781 1654 1838 1689; x_wconf 88' lang='grc' dir='ltr'><strong>τε</strong></span> 
     </span>
    </p>
   </div>
   <div class='ocr_carea' id='block_1_18' title="bbox 264 1715 1842 1794">
    <p class='ocr_par' dir='ltr' id='par_1_18' title="bbox 264 1715 1842 1794">
     <span class='ocr_line' id='line_1_18' title="bbox 264 1715 1842 1794; baseline 0.011 -33"><span class='ocrx_word' id='word_1_111' title='bbox 264 1715 361 1762; x_wconf 75' lang='grc' dir='ltr'><strong>καὶ</strong></span> <span class='ocrx_word' id='word_1_112' title='bbox 396 1717 739 1782; x_wconf 74' lang='grc' dir='ltr'>ἀπαγγέλλει</span> <span class='ocrx_word' id='word_1_113' title='bbox 788 1717 848 1769; x_wconf 83' lang='grc' dir='ltr'><strong>τὸ</strong></span> <span class='ocrx_word' id='word_1_114' title='bbox 898 1721 1130 1789; x_wconf 83' lang='grc' dir='ltr'>κατέχον</span> <span class='ocrx_word' id='word_1_115' title='bbox 1169 1723 1384 1792; x_wconf 86' lang='grc' dir='ltr'>ἀτρεμῆ</span> <span class='ocrx_word' id='word_1_116' title='bbox 1419 1725 1516 1794; x_wconf 79' lang='grc' dir='ltr'><strong>τὴν</strong></span> <span class='ocrx_word' id='word_1_117' title='bbox 1561 1727 1710 1779; x_wconf 82' lang='grc' dir='ltr'>ναῦν.</span> <span class='ocrx_word' id='word_1_118' title='bbox 1753 1727 1842 1778; x_wconf 84' lang='grc' dir='ltr'>Ἐν</span> 
     </span>
    </p>
   </div>
   <div class='ocr_carea' id='block_1_19' title="bbox 255 1808 1840 1888">
    <p class='ocr_par' dir='ltr' id='par_1_19' title="bbox 255 1808 1840 1888">
     <span class='ocr_line' id='line_1_19' title="bbox 255 1808 1840 1888; baseline 0.01 -32"><span class='ocrx_word' id='word_1_119' title='bbox 255 1808 455 1874; x_wconf 71' lang='grc' dir='ltr'>τούτῳ,</span> <span class='ocrx_word' id='word_1_120' title='bbox 491 1810 678 1877; x_wconf 74' lang='grc' dir='ltr'>φησὶν,</span> <span class='ocrx_word' id='word_1_121' title='bbox 720 1810 800 1864; x_wconf 80' lang='grc' dir='ltr'><strong>ἔνι</strong></span> <span class='ocrx_word' id='word_1_122' title='bbox 827 1812 906 1882; x_wconf 81' lang='grc' dir='ltr'>τῷ</span> <span class='ocrx_word' id='word_1_123' title='bbox 933 1813 1051 1881; x_wconf 85' lang='grc' dir='ltr'>Θεῷ</span> <span class='ocrx_word' id='word_1_124' title='bbox 1081 1815 1413 1888; x_wconf 77' lang='grc' dir='ltr'>βουλομένῳ,</span> <span class='ocrx_word' id='word_1_125' title='bbox 1448 1820 1540 1872; x_wconf 84' lang='grc' dir='ltr'>τὸν</span> <span class='ocrx_word' id='word_1_126' title='bbox 1564 1821 1840 1872; x_wconf 77' lang='grc' dir='ltr'>ὑπόλυπον</span> 
     </span>
    </p>
   </div>
   <div class='ocr_carea' id='block_1_20' title="bbox 255 1898 818 1971">
    <p class='ocr_par' dir='ltr' id='par_1_20' title="bbox 255 1898 818 1971">
     <span class='ocr_line' id='line_1_20' title="bbox 255 1898 818 1971; baseline 0.007 -22"><span class='ocrx_word' id='word_1_127' title='bbox 255 1898 513 1951; x_wconf 70' lang='grc' dir='ltr'>διανῦσαι</span> <span class='ocrx_word' id='word_1_128' title='bbox 557 1919 624 1969; x_wconf 85' lang='grc' dir='ltr'><strong>με</strong></span> <span class='ocrx_word' id='word_1_129' title='bbox 666 1903 818 1971; x_wconf 74' lang='grc' dir='ltr'>βίον·</span> 
     </span>
    </p>
   </div>
   <div class='ocr_carea' id='block_1_21' title="bbox 257 1993 1834 2073">
    <p class='ocr_par' dir='ltr' id='par_1_21' title="bbox 257 1993 1834 2073">
     <span class='ocr_line' id='line_1_21' title="bbox 257 1993 1834 2073; baseline 0.006 -27"><span class='ocrx_word' id='word_1_130' title='bbox 257 1993 432 2061; x_wconf 77' lang='grc' dir='ltr'>μένῳ,</span> <span class='ocrx_word' id='word_1_131' title='bbox 459 1996 556 2062; x_wconf 80' lang='grc' dir='ltr'>τῆς</span> <span class='ocrx_word' id='word_1_132' title='bbox 589 1996 691 2064; x_wconf 81' lang='grc' dir='ltr'>γῆς</span> <span class='ocrx_word' id='word_1_133' title='bbox 728 1997 889 2059; x_wconf 75' lang='grc' dir='ltr'>εὐθὺς</span> <span class='ocrx_word' id='word_1_134' title='bbox 920 2000 1056 2067; x_wconf 81' lang='grc' dir='ltr'>πρὸς</span> <span class='ocrx_word' id='word_1_135' title='bbox 1096 2004 1156 2054; x_wconf 75' lang='grc' dir='ltr'>τὸ</span> <span class='ocrx_word' id='word_1_136' title='bbox 1197 2001 1477 2072; x_wconf 70' lang='grc' dir='ltr'>εὐώνυμον</span> <span class='ocrx_word' id='word_1_137' title='bbox 1510 2004 1685 2056; x_wconf 76' lang='grc' dir='ltr'>ἰοῦναι</span> <span class='ocrx_word' id='word_1_138' title='bbox 1735 2006 1834 2073; x_wconf 83' lang='grc' dir='ltr'><strong>τὴν</strong></span> 
     </span>
    </p>
   </div>
   <div class='ocr_carea' id='block_1_22' title="bbox 252 2083 1837 2163">
    <p class='ocr_par' dir='ltr' id='par_1_22' title="bbox 252 2083 1837 2163">
     <span class='ocr_line' id='line_1_22' title="bbox 252 2083 1837 2163; baseline 0.006 -29"><span class='ocrx_word' id='word_1_139' title='bbox 252 2083 391 2135; x_wconf 82' lang='grc' dir='ltr'>ναῦν</span> <span class='ocrx_word' id='word_1_140' title='bbox 446 2087 830 2154; x_wconf 76' lang='grc' dir='ltr'>ὲγκελεύεται³</span> <span class='ocrx_word' id='word_1_141' title='bbox 865 2089 958 2141; x_wconf 60' lang='grc' dir='ltr'><strong>καὶ¹</strong></span> <span class='ocrx_word' id='word_1_142' title='bbox 1006 2089 1085 2155; x_wconf 86' lang='grc' dir='ltr'>ὃς,</span> <span class='ocrx_word' id='word_1_143' title='bbox 1135 2089 1209 2154; x_wconf 85' lang='grc' dir='ltr'>ὡς</span> <span class='ocrx_word' id='word_1_144' title='bbox 1266 2092 1419 2144; x_wconf 72' lang='grc' dir='ltr'>οὐδὲν</span> <span class='ocrx_word' id='word_1_145' title='bbox 1474 2092 1742 2163; x_wconf 76' lang='grc' dir='ltr'><strong>μελλήσας</strong></span> <span class='ocrx_word' id='word_1_146' title='bbox 1779 2093 1837 2146; x_wconf 71' lang='grc' dir='ltr'><strong>τδ</strong></span> 
     </span>
    </p>
   </div>
   <div class='ocr_carea' id='block_1_23' title="bbox 259 2176 1836 2255">
    <p class='ocr_par' dir='ltr' id='par_1_23' title="bbox 259 2176 1836 2255">
     <span class='ocr_line' id='line_1_23' title="bbox 259 2176 1836 2255; baseline 0.007 -28"><span class='ocrx_word' id='word_1_147' title='bbox 259 2176 559 2230; x_wconf 84' lang='grc' dir='ltr'>κελευσθὲν</span> <span class='ocrx_word' id='word_1_148' title='bbox 591 2181 810 2249; x_wconf 68' lang='grc' dir='ltr'>ἤνυσεν,</span> <span class='ocrx_word' id='word_1_149' title='bbox 848 2183 880 2252; x_wconf 80' lang='grc' dir='ltr'>ὴ</span> <span class='ocrx_word' id='word_1_150' title='bbox 914 2183 1042 2246; x_wconf 79' lang='grc' dir='ltr'>ναῦς</span> <span class='ocrx_word' id='word_1_151' title='bbox 1068 2182 1176 2236; x_wconf 85' lang='grc' dir='ltr'>τῶν</span> <span class='ocrx_word' id='word_1_152' title='bbox 1199 2183 1415 2255; x_wconf 85' lang='grc' dir='ltr'><strong>δεσμῶν</strong></span> <span class='ocrx_word' id='word_1_153' title='bbox 1441 2186 1673 2252; x_wconf 79' lang='grc' dir='ltr'><strong>ἀνεῖται,</strong></span> <span class='ocrx_word' id='word_1_154' title='bbox 1697 2185 1836 2239; x_wconf 72' lang='grc' dir='ltr'><strong>κάπὶ</strong></span> 
     </span>
    </p>
   </div>
   <div class='ocr_carea' id='block_1_24' title="bbox 251 2269 1386 2346">
    <p class='ocr_par' dir='ltr' id='par_1_24' title="bbox 251 2269 1386 2346">
     <span class='ocr_line' id='line_1_24' title="bbox 251 2269 1386 2346; baseline 0.013 -29"><span class='ocrx_word' id='word_1_155' title='bbox 251 2269 312 2318; x_wconf 70' lang='grc' dir='ltr'><strong>τὸ</strong></span> <span class='ocrx_word' id='word_1_156' title='bbox 337 2269 626 2340; x_wconf 67' lang='grc' dir='ltr'>εὺκξνητον</span> <span class='ocrx_word' id='word_1_157' title='bbox 651 2272 854 2337; x_wconf 72' lang='grc' dir='ltr'>εὐθέως</span> <span class='ocrx_word' id='word_1_158' title='bbox 888 2275 1036 2345; x_wconf 85' lang='grc' dir='ltr'>μάλα</span> <span class='ocrx_word' id='word_1_159' title='bbox 1068 2275 1386 2346; x_wconf 87' lang='grc' dir='ltr'>μετέϐαλεν.</span> 
     </span>
    </p>
   </div>
   <div class='ocr_carea' id='block_1_25' title="bbox 327 2447 1836 2525">
    <p class='ocr_par' dir='ltr' id='par_1_25' title="bbox 327 2447 1836 2525">
     <span class='ocr_line' id='line_1_25' title="bbox 327 2447 1836 2525; baseline 0.006 -24"><span class='ocrx_word' id='word_1_160' title='bbox 327 2455 418 2512; x_wconf 91' lang='grc' dir='ltr'>ις’.</span> <span class='ocrx_word' id='word_1_161' title='bbox 458 2447 588 2518; x_wconf 73' lang='lat' dir='ltr'><strong>&#39;Ap&#39;</strong></span> <span class='ocrx_word' id='word_1_162' title='bbox 618 2453 718 2504; x_wconf 66' lang='grc' dir='ltr'>οὒκ</span> <span class='ocrx_word' id='word_1_163' title='bbox 752 2451 1017 2523; x_wconf 79' lang='grc' dir='ltr'>ἔκπληξις</span> <span class='ocrx_word' id='word_1_164' title='bbox 1057 2454 1149 2510; x_wconf 76' lang='grc' dir='ltr'>ἐπὶ</span> <span class='ocrx_word' id='word_1_165' title='bbox 1195 2455 1410 2520; x_wconf 87' lang='grc' dir='ltr'>τούτοις</span> <span class='ocrx_word' id='word_1_166' title='bbox 1463 2458 1631 2512; x_wconf 81' lang='grc' dir='ltr'>πᾶσιν</span> <span class='ocrx_word' id='word_1_167' title='bbox 1685 2457 1836 2525; x_wconf 76' lang='grc' dir='ltr'>ἐγγί-</span> 
     </span>
    </p>
   </div>
   <div class='ocr_carea' id='block_1_26' title="bbox 245 2543 1832 2618">
    <p class='ocr_par' dir='ltr' id='par_1_26' title="bbox 245 2543 1832 2618">
     <span class='ocr_line' id='line_1_26' title="bbox 245 2543 1832 2618; baseline 0.013 -27"><span class='ocrx_word' id='word_1_168' title='bbox 245 2557 433 2604; x_wconf 77' lang='grc' dir='ltr'>νεταις</span> <span class='ocrx_word' id='word_1_169' title='bbox 493 2543 615 2604; x_wconf 86' lang='grc' dir='ltr'><strong>Πῶς</strong></span> <span class='ocrx_word' id='word_1_170' title='bbox 664 2546 693 2612; x_wconf 78' lang='grc' dir='ltr'>ἡ</span> <span class='ocrx_word' id='word_1_171' title='bbox 747 2545 997 2616; x_wconf 83' lang='grc' dir='ltr'>πλώϊμος</span> <span class='ocrx_word' id='word_1_172' title='bbox 1058 2547 1245 2616; x_wconf 78' lang='grc' dir='ltr'>φύσις,</span> <span class='ocrx_word' id='word_1_173' title='bbox 1303 2551 1337 2616; x_wconf 81' lang='grc' dir='ltr'>ἠ</span> <span class='ocrx_word' id='word_1_174' title='bbox 1392 2550 1492 2618; x_wconf 83' lang='grc' dir='ltr'>τῆς</span> <span class='ocrx_word' id='word_1_175' title='bbox 1557 2549 1832 2618; x_wconf 80' lang='grc' dir='ltr'>θαλάττης</span> 
     </span>
    </p>
   </div>
   <div class='ocr_carea' id='block_1_27' title="bbox 243 2633 1830 2710">
    <p class='ocr_par' dir='ltr' id='par_1_27' title="bbox 243 2633 1830 2710">
     <span class='ocr_line' id='line_1_27' title="bbox 243 2633 1830 2710; baseline 0.004 -27"><span class='ocrx_word' id='word_1_176' title='bbox 243 2633 609 2702; x_wconf 60' lang='grc' dir='ltr'>εὶδιάρῤυτος</span> <span class='ocrx_word' id='word_1_177' title='bbox 647 2633 870 2702; x_wconf 74' lang='grc' dir='ltr'>ἰδιότης,</span> <span class='ocrx_word' id='word_1_178' title='bbox 900 2637 994 2687; x_wconf 75' lang='grc' dir='ltr'><strong>ποῖ</strong></span> <span class='ocrx_word' id='word_1_179' title='bbox 1021 2637 1122 2705; x_wconf 81' lang='grc' dir='ltr'><strong>μὲν</strong></span> <span class='ocrx_word' id='word_1_180' title='bbox 1153 2638 1430 2709; x_wconf 78' lang='grc' dir='ltr'>ὑποχωρεῖ</span> <span class='ocrx_word' id='word_1_181' title='bbox 1458 2640 1553 2692; x_wconf 70' lang='grc' dir='ltr'>καὶ</span> <span class='ocrx_word' id='word_1_182' title='bbox 1591 2639 1830 2710; x_wconf 87' lang='grc' dir='ltr'>πάροδον</span> 
     </span>
    </p>
   </div>
   <div class='ocr_carea' id='block_1_28' title="bbox 242 2723 1832 2800">
    <p class='ocr_par' dir='ltr' id='par_1_28' title="bbox 242 2723 1832 2800">
     <span class='ocr_line' id='line_1_28' title="bbox 242 2723 1832 2800; baseline 0.004 -23"><span class='ocrx_word' id='word_1_183' title='bbox 242 2726 431 2777; x_wconf 76' lang='grc' dir='ltr'>δὶδωσι</span> <span class='ocrx_word' id='word_1_184' title='bbox 461 2727 525 2794; x_wconf 79' lang='grc' dir='ltr'>τῇ</span> <span class='ocrx_word' id='word_1_185' title='bbox 553 2723 666 2792; x_wconf 82' lang='grc' dir='ltr'>νηῒ,</span> <span class='ocrx_word' id='word_1_186' title='bbox 695 2728 761 2796; x_wconf 75' lang='grc' dir='ltr'>τῇ</span> <span class='ocrx_word' id='word_1_187' title='bbox 797 2726 1071 2798; x_wconf 82' lang='grc' dir='ltr'>προσϐολῇ</span> <span class='ocrx_word' id='word_1_188' title='bbox 1098 2728 1205 2781; x_wconf 83' lang='grc' dir='ltr'>τῶν</span> <span class='ocrx_word' id='word_1_189' title='bbox 1237 2731 1568 2800; x_wconf 70' lang='grc' dir='ltr'>πνευμάτων</span> <span class='ocrx_word' id='word_1_190' title='bbox 1607 2732 1832 2784; x_wconf 82' lang='grc' dir='ltr'>ἐλαυνο-</span> 
     </span>
    </p>
   </div>
   <div class='ocr_carea' id='block_1_29' title="bbox 242 2817 1842 2892">
    <p class='ocr_par' dir='ltr' id='par_1_29' title="bbox 242 2817 1842 2892">
     <span class='ocr_line' id='line_1_29' title="bbox 242 2817 1842 2892; baseline 0.008 -28"><span class='ocrx_word' id='word_1_191' title='bbox 242 2819 434 2884; x_wconf 75' lang='grc' dir='ltr'><strong>μένῃ’</strong></span> <span class='ocrx_word' id='word_1_192' title='bbox 487 2819 582 2868; x_wconf 85' lang='grc' dir='ltr'><strong>ποῖ</strong></span> <span class='ocrx_word' id='word_1_193' title='bbox 624 2817 669 2867; x_wconf 83' lang='grc' dir='ltr'>δ’</span> <span class='ocrx_word' id='word_1_194' title='bbox 723 2819 1082 2890; x_wconf 79' lang='grc' dir='ltr'>ἀρνησαμένη</span> <span class='ocrx_word' id='word_1_195' title='bbox 1143 2821 1241 2891; x_wconf 76' lang='grc' dir='ltr'><strong>τὴν</strong></span> <span class='ocrx_word' id='word_1_196' title='bbox 1303 2823 1491 2890; x_wconf 83' lang='grc' dir='ltr'>φύσιν,</span> <span class='ocrx_word' id='word_1_197' title='bbox 1538 2822 1635 2892; x_wconf 79' lang='grc' dir='ltr'><strong>τὴν</strong></span> <span class='ocrx_word' id='word_1_198' title='bbox 1685 2824 1842 2876; x_wconf 84' lang='grc' dir='ltr'>άντι-·</span> 
     </span>
    </p>
   </div>
   <div class='ocr_carea' id='block_1_30' title="bbox 245 2904 1829 2982">
    <p class='ocr_par' dir='ltr' id='par_1_30' title="bbox 245 2904 1829 2982">
     <span class='ocr_line' id='line_1_30' title="bbox 245 2904 1829 2982; baseline 0.009 -29"><span class='ocrx_word' id='word_1_199' title='bbox 245 2904 452 2954; x_wconf 61' lang='grc' dir='ltr'>τνπέαν</span> <span class='ocrx_word' id='word_1_200' title='bbox 504 2905 935 2973; x_wconf 78' lang='grc' dir='ltr'>μεταλαμϐάνει,</span> <span class='ocrx_word' id='word_1_201' title='bbox 971 2910 1064 2960; x_wconf 78' lang='grc' dir='ltr'><strong>καὶ</strong></span> <span class='ocrx_word' id='word_1_202' title='bbox 1099 2913 1296 2978; x_wconf 80' lang='grc' dir='ltr'>χέρσου</span> <span class='ocrx_word' id='word_1_203' title='bbox 1344 2911 1501 2979; x_wconf 80' lang='grc' dir='ltr'>δίκην</span> <span class='ocrx_word' id='word_1_204' title='bbox 1530 2913 1619 2964; x_wconf 72' lang='grc' dir='ltr'>ἐπὶ</span> <span class='ocrx_word' id='word_1_205' title='bbox 1645 2912 1829 2982; x_wconf 80' lang='grc' dir='ltr'>χώραν</span> 
     </span>
    </p>
   </div>
   <div class='ocr_carea' id='block_1_31' title="bbox 242 2996 1830 3064">
    <p class='ocr_par' dir='ltr' id='par_1_31' title="bbox 242 2996 1830 3064">
     <span class='ocr_line' id='line_1_31' title="bbox 242 2996 1830 3064; baseline 0.008 -20"><span class='ocrx_word' id='word_1_206' title='bbox 242 2996 632 3063; x_wconf 78' lang='grc' dir='ltr'>παρακατέχει</span> <span class='ocrx_word' id='word_1_207' title='bbox 671 2997 772 3064; x_wconf 83' lang='grc' dir='ltr'><strong>τὴν</strong></span> <span class='ocrx_word' id='word_1_208' title='bbox 807 2997 970 3063; x_wconf 83' lang='grc' dir='ltr'>ναῦν;</span> <span class='ocrx_word' id='word_1_209' title='bbox 1018 3001 1142 3062; x_wconf 82' lang='grc' dir='ltr'><strong>[ιὼς</strong></span> <span class='ocrx_word' id='word_1_210' title='bbox 1191 3001 1247 3053; x_wconf 83' lang='grc' dir='ltr'>δὲ</span> <span class='ocrx_word' id='word_1_211' title='bbox 1301 3002 1395 3054; x_wconf 79' lang='grc' dir='ltr'>καὶ</span> <span class='ocrx_word' id='word_1_212' title='bbox 1432 3003 1494 3054; x_wconf 82' lang='grc' dir='ltr'><strong>τὸ</strong></span> <span class='ocrx_word' id='word_1_213' title='bbox 1540 3007 1631 3056; x_wconf 75' lang='grc' dir='ltr'>τοῦ</span> <span class='ocrx_word' id='word_1_214' title='bbox 1671 3003 1830 3056; x_wconf 84' lang='grc' dir='ltr'>πνεύ-</span> 
     </span>
    </p>
   </div>
   <div class='ocr_carea' id='block_1_32' title="bbox 242 3089 1827 3167">
    <p class='ocr_par' dir='ltr' id='par_1_32' title="bbox 242 3089 1827 3167">
     <span class='ocr_line' id='line_1_32' title="bbox 242 3089 1827 3167; baseline 0.008 -31"><span class='ocrx_word' id='word_1_215' title='bbox 242 3103 422 3155; x_wconf 79' lang='grc' dir='ltr'>ματος</span> <span class='ocrx_word' id='word_1_216' title='bbox 477 3089 796 3157; x_wconf 66' lang='grc' dir='ltr'>εὐδιάχυτον</span> <span class='ocrx_word' id='word_1_217' title='bbox 851 3091 910 3142; x_wconf 79' lang='grc' dir='ltr'>ἐν</span> <span class='ocrx_word' id='word_1_218' title='bbox 970 3093 1130 3162; x_wconf 82' lang='grc' dir='ltr'>μέρει</span> <span class='ocrx_word' id='word_1_219' title='bbox 1188 3094 1556 3157; x_wconf 77' lang='grc' dir='ltr'>συστέλλεται,</span> <span class='ocrx_word' id='word_1_220' title='bbox 1600 3097 1691 3147; x_wconf 74' lang='grc' dir='ltr'><strong>καὶ</strong></span> <span class='ocrx_word' id='word_1_221' title='bbox 1753 3096 1827 3167; x_wconf 82' lang='grc' dir='ltr'>μὴ</span> 
     </span>
    </p>
   </div>
   <div class='ocr_carea' id='block_1_33' title="bbox 239 3178 1752 3257">
    <p class='ocr_par' dir='ltr' id='par_1_33' title="bbox 239 3178 1752 3257">
     <span class='ocr_line' id='line_1_33' title="bbox 239 3178 1752 3257; baseline 0.009 -29"><span class='ocrx_word' id='word_1_222' title='bbox 239 3178 592 3245; x_wconf 73' lang='grc' dir='ltr'>συναρπάζει</span> <span class='ocrx_word' id='word_1_223' title='bbox 666 3181 874 3250; x_wconf 88' lang='grc' dir='ltr'>ταύτην</span> <span class='ocrx_word' id='word_1_224' title='bbox 934 3184 1011 3253; x_wconf 82' lang='grc' dir='ltr'>τῷ</span> <span class='ocrx_word' id='word_1_225' title='bbox 1088 3189 1382 3254; x_wconf 80' lang='grc' dir='ltr'>περιφανεῖ</span> <span class='ocrx_word' id='word_1_226' title='bbox 1446 3188 1542 3256; x_wconf 85' lang='grc' dir='ltr'><strong>τῆς</strong></span> <span class='ocrx_word' id='word_1_227' title='bbox 1609 3189 1752 3257; x_wconf 79' lang='grc' dir='ltr'>ῥύμη</span> 
     </span>
    </p>
   </div>
   <div class='ocr_carea' id='block_1_34' title="bbox 243 3271 1825 3351">
    <p class='ocr_par' dir='ltr' id='par_1_34' title="bbox 243 3271 1825 3351">
     <span class='ocr_line' id='line_1_34' title="bbox 243 3271 1825 3351; baseline 0.011 -36"><span class='ocrx_word' id='word_1_228' title='bbox 243 3271 482 3337; x_wconf 68' lang='grc' dir='ltr'>μηδενὸς</span> <span class='ocrx_word' id='word_1_229' title='bbox 513 3273 942 3342; x_wconf 74' lang='grc' dir='ltr'>ὲπιτειχῐςοντος</span> <span class='ocrx_word' id='word_1_230' title='bbox 998 3277 1363 3346; x_wconf 68' lang='grc' dir='ltr'>σ’ροδροτὲρου</span> <span class='ocrx_word' id='word_1_231' title='bbox 1399 3277 1692 3347; x_wconf 86' lang='grc' dir='ltr'>σώματος;</span> <span class='ocrx_word' id='word_1_232' title='bbox 1737 3281 1825 3351; x_wconf 83' lang='grc' dir='ltr'><strong>Τῷ</strong></span> 
     </span>
    </p>
   </div>
   <div class='ocr_carea' id='block_1_35' title="bbox 247 3363 1821 3439">
    <p class='ocr_par' dir='ltr' id='par_1_35' title="bbox 247 3363 1821 3439">
     <span class='ocr_line' id='line_1_35' title="bbox 247 3363 1821 3439; baseline 0.011 -30"><span class='ocrx_word' id='word_1_233' title='bbox 247 3365 354 3430; x_wconf 66' lang='grc' dir='ltr'>γὰρ</span> <span class='ocrx_word' id='word_1_234' title='bbox 392 3363 661 3431; x_wconf 76' lang='grc' dir='ltr'>εὖκινήτῳ</span> <span class='ocrx_word' id='word_1_235' title='bbox 705 3365 812 3417; x_wconf 84' lang='grc' dir='ltr'><strong>τῶν</strong></span> <span class='ocrx_word' id='word_1_236' title='bbox 861 3366 1072 3418; x_wconf 75' lang='grc' dir='ltr'>ὑδάτων</span> <span class='ocrx_word' id='word_1_237' title='bbox 1123 3370 1182 3418; x_wconf 66' lang='grc' dir='ltr'>τὸ</span> <span class='ocrx_word' id='word_1_238' title='bbox 1233 3371 1452 3439; x_wconf 74' lang='grc' dir='ltr'>πνεῦμα.</span> <span class='ocrx_word' id='word_1_239' title='bbox 1489 3372 1821 3428; x_wconf 80' lang='grc' dir='ltr'>πλεονεκτεῖ.</span> 
     </span>
    </p>
   </div>
   <div class='ocr_carea' id='block_1_36' title="bbox 240 3455 1826 3535">
    <p class='ocr_par' dir='ltr' id='par_1_36' title="bbox 240 3455 1826 3535">
     <span class='ocr_line' id='line_1_36' title="bbox 240 3455 1826 3535; baseline 0.008 -30"><span class='ocrx_word' id='word_1_240' title='bbox 240 3456 355 3505; x_wconf 74' lang='grc' dir='ltr'>Καὶ</span> <span class='ocrx_word' id='word_1_241' title='bbox 386 3455 482 3506; x_wconf 72' lang='grc' dir='ltr'>τοῦ</span> <span class='ocrx_word' id='word_1_242' title='bbox 518 3456 757 3524; x_wconf 70' lang='grc' dir='ltr'>φανῆναι</span> <span class='ocrx_word' id='word_1_243' title='bbox 813 3458 912 3525; x_wconf 78' lang='grc' dir='ltr'><strong>τὴν</strong></span> <span class='ocrx_word' id='word_1_244' title='bbox 955 3460 1013 3510; x_wconf 81' lang='grc' dir='ltr'>ἐν</span> <span class='ocrx_word' id='word_1_245' title='bbox 1043 3458 1120 3527; x_wconf 79' lang='grc' dir='ltr'>τῷ</span> <span class='ocrx_word' id='word_1_246' title='bbox 1155 3459 1393 3529; x_wconf 65' lang='grc' dir='ltr'>πυομέπνι</span> <span class='ocrx_word' id='word_1_247' title='bbox 1425 3461 1522 3531; x_wconf 79' lang='grc' dir='ltr'><strong>τῆς</strong></span> <span class='ocrx_word' id='word_1_248' title='bbox 1554 3464 1826 3535; x_wconf 80' lang='grc' dir='ltr'>Θαλάττης</span> 
     </span>
    </p>
   </div>
   <div class='ocr_carea' id='block_1_37' title="bbox 237 3548 1827 3626">
    <p class='ocr_par' dir='ltr' id='par_1_37' title="bbox 237 3548 1827 3626">
     <span class='ocr_line' id='line_1_37' title="bbox 237 3548 1827 3626; baseline 0.007 -28"><span class='ocrx_word' id='word_1_249' title='bbox 237 3549 478 3616; x_wconf 65' lang='grc' dir='ltr'>ἤπειρον</span> <span class='ocrx_word' id='word_1_250' title='bbox 539 3548 745 3617; x_wconf 77' lang='grc' dir='ltr'>ταύτης</span> <span class='ocrx_word' id='word_1_251' title='bbox 808 3550 1131 3619; x_wconf 78' lang='grc' dir='ltr'>διαστάσης,</span> <span class='ocrx_word' id='word_1_252' title='bbox 1196 3552 1256 3604; x_wconf 73' lang='grc' dir='ltr'>τὸ</span> <span class='ocrx_word' id='word_1_253' title='bbox 1317 3553 1592 3624; x_wconf 82' lang='grc' dir='ltr'>θαλάττης</span> <span class='ocrx_word' id='word_1_254' title='bbox 1658 3557 1827 3626; x_wconf 76' lang='grc' dir='ltr'>ρυτὴν</span> 
     </span>
    </p>
   </div>
   <div class='ocr_carea' id='block_1_38' title="bbox 240 3640 1822 3716">
    <p class='ocr_par' dir='ltr' id='par_1_38' title="bbox 240 3640 1822 3716">
     <span class='ocr_line' id='line_1_38' title="bbox 240 3640 1822 3716; baseline 0.009 -31"><span class='ocrx_word' id='word_1_255' title='bbox 240 3640 596 3704; x_wconf 57' lang='grc' dir='ltr'>ἑπιξάνειαν,</span> <span class='ocrx_word' id='word_1_256' title='bbox 633 3641 953 3711; x_wconf 74' lang='grc' dir='ltr'>στερέμνιον</span> <span class='ocrx_word' id='word_1_257' title='bbox 1004 3644 1103 3696; x_wconf 77' lang='grc' dir='ltr'><strong>ὅσα</strong></span> <span class='ocrx_word' id='word_1_258' title='bbox 1139 3648 1232 3696; x_wconf 82' lang='grc' dir='ltr'>καὶ</span> <span class='ocrx_word' id='word_1_259' title='bbox 1266 3646 1493 3716; x_wconf 68' lang='grc' dir='ltr'>ἤπειρον</span> <span class='ocrx_word' id='word_1_260' title='bbox 1548 3649 1822 3716; x_wconf 81' lang='grc' dir='ltr'>γενέσθαι,</span> 
     </span>
    </p>
   </div>
   <div class='ocr_carea' id='block_1_39' title="bbox 237 3729 1824 3809">
    <p class='ocr_par' dir='ltr' id='par_1_39' title="bbox 237 3729 1824 3809">
     <span class='ocr_line' id='line_1_39' title="bbox 237 3729 1824 3809; baseline 0.009 -29"><span class='ocrx_word' id='word_1_261' title='bbox 237 3729 529 3794; x_wconf 73' lang='grc' dir='ltr'>θαύματος</span> <span class='ocrx_word' id='word_1_262' title='bbox 553 3731 654 3782; x_wconf 73' lang='grc' dir='ltr'><strong>οὐκ</strong></span> <span class='ocrx_word' id='word_1_263' title='bbox 688 3732 896 3784; x_wconf 78' lang='grc' dir='ltr'>ἐλάττω</span> <span class='ocrx_word' id='word_1_264' title='bbox 931 3734 1158 3803; x_wconf 80' lang='grc' dir='ltr'>φέρεται</span> <span class='ocrx_word' id='word_1_265' title='bbox 1191 3736 1346 3800; x_wconf 71' lang='grc' dir='ltr'>δόξαν</span> <span class='ocrx_word' id='word_1_266' title='bbox 1371 3754 1383 3769; x_wconf 89' lang='grc'><strong>·</strong></span> <span class='ocrx_word' id='word_1_267' title='bbox 1414 3739 1613 3790; x_wconf 75' lang='grc' dir='ltr'>οὺκοῦν</span> <span class='ocrx_word' id='word_1_268' title='bbox 1649 3759 1824 3809; x_wconf 83' lang='grc' dir='ltr'>προσ-</span> 
     </span>
    </p>
   </div>
   <div class='ocr_carea' id='block_1_40' title="bbox 237 3821 1826 3898">
    <p class='ocr_par' dir='ltr' id='par_1_40' title="bbox 237 3821 1826 3898">
     <span class='ocr_line' id='line_1_40' title="bbox 237 3821 1826 3898; baseline 0.009 -28"><span class='ocrx_word' id='word_1_269' title='bbox 237 3821 432 3870; x_wconf 74' lang='grc' dir='ltr'>θετέον</span> <span class='ocrx_word' id='word_1_270' title='bbox 482 3821 641 3874; x_wconf 65' lang='grc' dir='ltr'>τοῦτο</span> <span class='ocrx_word' id='word_1_271' title='bbox 693 3825 808 3884; x_wconf 86' lang='grc' dir='ltr'>τοῖς</span> <span class='ocrx_word' id='word_1_272' title='bbox 855 3825 1104 3891; x_wconf 76' lang='grc' dir='ltr'>παλαιοῖς</span> <span class='ocrx_word' id='word_1_273' title='bbox 1164 3828 1529 3898; x_wconf 80' lang='grc' dir='ltr'>θαυμασίοις,</span> <span class='ocrx_word' id='word_1_274' title='bbox 1602 3834 1698 3884; x_wconf 73' lang='grc' dir='ltr'>καὶ</span> <span class='ocrx_word' id='word_1_275' title='bbox 1745 3835 1826 3885; x_wconf 91' lang='grc' dir='ltr'>δι-</span> 
     </span>
    </p>
   </div>
   <div class='ocr_carea' id='block_1_41' title="bbox 237 3910 1826 3996">
    <p class='ocr_par' dir='ltr' id='par_1_41' title="bbox 237 3910 1826 3996">
     <span class='ocr_line' id='line_1_41' title="bbox 237 3910 1826 3996; baseline 0.013 -37"><span class='ocrx_word' id='word_1_276' title='bbox 237 3915 487 3981; x_wconf 62' lang='grc' dir='ltr'>ηγηέέον</span> <span class='ocrx_word' id='word_1_277' title='bbox 515 3915 613 3983; x_wconf 72' lang='grc' dir='ltr'>οὐχ</span> <span class='ocrx_word' id='word_1_278' title='bbox 650 3910 813 3984; x_wconf 82' lang='grc' dir='ltr'>ἦττον</span> <span class='ocrx_word' id='word_1_279' title='bbox 851 3918 1102 3983; x_wconf 80' lang='grc' dir='ltr'>ἐκείνων,</span> <span class='ocrx_word' id='word_1_280' title='bbox 1132 3921 1226 3973; x_wconf 81' lang='grc' dir='ltr'>καὶ</span> <span class='ocrx_word' id='word_1_281' title='bbox 1246 3922 1514 3990; x_wconf 79' lang='grc' dir='ltr'>ὑμνητέον</span> <span class='ocrx_word' id='word_1_282' title='bbox 1536 3925 1627 3986; x_wconf 77' lang='grc' dir='ltr'>ἐπὶ</span> <span class='ocrx_word' id='word_1_283' title='bbox 1654 3925 1826 3996; x_wconf 83' lang='grc' dir='ltr'>τούτῳ</span> 
     </span>
    </p>
   </div>
   <div class='ocr_carea' id='block_1_42' title="bbox 235 3999 1822 4088">
    <p class='ocr_par' dir='ltr' id='par_1_42' title="bbox 235 3999 1822 4088">
     <span class='ocr_line' id='line_1_42' title="bbox 235 3999 1822 4088; baseline 0.008 -32"><span class='ocrx_word' id='word_1_284' title='bbox 235 4008 400 4069; x_wconf 66' lang='grc' dir='ltr'>θεον,</span> <span class='ocrx_word' id='word_1_285' title='bbox 428 3999 472 4072; x_wconf 78' lang='grc' dir='ltr'>ᾧ</span> <span class='ocrx_word' id='word_1_286' title='bbox 526 4007 693 4076; x_wconf 76' lang='grc' dir='ltr'>μηδὲν</span> <span class='ocrx_word' id='word_1_287' title='bbox 740 4001 815 4063; x_wconf 81' lang='grc' dir='ltr'><strong>ὧν</strong></span> <span class='ocrx_word' id='word_1_288' title='bbox 855 4009 923 4063; x_wconf 83' lang='grc' dir='ltr'>ἂν</span> <span class='ocrx_word' id='word_1_289' title='bbox 970 4011 1237 4082; x_wconf 83' lang='grc' dir='ltr'>βούλοιτο,</span> <span class='ocrx_word' id='word_1_290' title='bbox 1272 4013 1334 4066; x_wconf 86' lang='grc' dir='ltr'><strong>τδ</strong></span> <span class='ocrx_word' id='word_1_291' title='bbox 1379 4016 1645 4084; x_wconf 85' lang='grc' dir='ltr'>παράπαν</span> <span class='ocrx_word' id='word_1_292' title='bbox 1691 4019 1822 4088; x_wconf 73' lang='grc' dir='ltr'><strong>ἀνή-</strong></span> 
     </span>
    </p>
   </div>
   <div class='ocr_carea' id='block_1_43' title="bbox 236 4118 426 4152">
    <p class='ocr_par' dir='ltr' id='par_1_43' title="bbox 236 4118 426 4152">
     <span class='ocr_line' id='line_1_43' title="bbox 236 4118 426 4152; baseline 0.011 -2"><span class='ocrx_word' id='word_1_293' title='bbox 236 4118 426 4152; x_wconf 80' lang='grc' dir='ltr'>νυτον.</span> 
     </span>
    </p>
   </div>
   <div class='ocr_carea' id='block_1_44' title="bbox 319 4191 1823 4268">
    <p class='ocr_par' dir='ltr' id='par_1_44' title="bbox 319 4191 1823 4268">
     <span class='ocr_line' id='line_1_44' title="bbox 319 4191 1823 4268; baseline 0.005 -26"><span class='ocrx_word' id='word_1_294' title='bbox 319 4193 405 4253; x_wconf 75' lang='grc' dir='ltr'><strong>ιζ’.</strong></span> <span class='ocrx_word' id='word_1_295' title='bbox 461 4191 601 4243; x_wconf 81' lang='grc' dir='ltr'>Ἀλλ’</span> <span class='ocrx_word' id='word_1_296' title='bbox 629 4191 802 4254; x_wconf 78' lang='grc' dir='ltr'>οὕτως</span> <span class='ocrx_word' id='word_1_297' title='bbox 837 4195 862 4243; x_wconf 84' lang='lat'><strong>6</strong></span> <span class='ocrx_word' id='word_1_298' title='bbox 896 4191 971 4258; x_wconf 74' lang='grc' dir='ltr'>τῷ</span> <span class='ocrx_word' id='word_1_299' title='bbox 1007 4192 1196 4262; x_wconf 79' lang='grc' dir='ltr'>Πέτρῳ</span> <span class='ocrx_word' id='word_1_300' title='bbox 1239 4193 1520 4263; x_wconf 83' lang='grc' dir='ltr'>σύμπλους</span> <span class='ocrx_word' id='word_1_301' title='bbox 1544 4198 1729 4264; x_wconf 79' lang='grc' dir='ltr'>ὅμιλος</span> <span class='ocrx_word' id='word_1_302' title='bbox 1757 4201 1823 4268; x_wconf 80' lang='grc' dir='ltr'>τῇ</span> 
     </span>
    </p>
   </div>
   <div class='ocr_carea' id='block_1_45' title="bbox 235 4282 1825 4354">
    <p class='ocr_par' dir='ltr' id='par_1_45' title="bbox 235 4282 1825 4354">
     <span class='ocr_line' id='line_1_45' title="bbox 235 4282 1825 4354; baseline 0.007 -25"><span class='ocrx_word' id='word_1_303' title='bbox 235 4285 312 4348; x_wconf 83' lang='grc' dir='ltr'>γῇ</span> <span class='ocrx_word' id='word_1_304' title='bbox 351 4282 863 4347; x_wconf 69' lang='grc' dir='ltr'>προσπελάσαντες,</span> <span class='ocrx_word' id='word_1_305' title='bbox 892 4282 1029 4344; x_wconf 75' lang='grc' dir='ltr'>πρὸς</span> <span class='ocrx_word' id='word_1_306' title='bbox 1078 4284 1176 4350; x_wconf 82' lang='grc' dir='ltr'>τὴν</span> <span class='ocrx_word' id='word_1_307' title='bbox 1225 4284 1512 4354; x_wconf 80' lang='grc' dir='ltr'>ὑπώρειαν</span> <span class='ocrx_word' id='word_1_308' title='bbox 1557 4287 1825 4342; x_wconf 78' lang='grc' dir='ltr'>ἀποϐιϐά-</span> 
     </span>
    </p>
   </div>
   <div class='ocr_carea' id='block_1_46' title="bbox 234 4373 1827 4442">
    <p class='ocr_par' dir='ltr' id='par_1_46' title="bbox 234 4373 1827 4442">
     <span class='ocr_line' id='line_1_46' title="bbox 234 4373 1827 4442; baseline 0.006 -18"><span class='ocrx_word' id='word_1_309' title='bbox 234 4376 432 4435; x_wconf 75' lang='grc' dir='ltr'>ζουσιν</span> <span class='ocrx_word' id='word_1_310' title='bbox 466 4375 568 4426; x_wconf 87' lang='grc' dir='ltr'><strong>οὐκ</strong></span> <span class='ocrx_word' id='word_1_311' title='bbox 598 4373 869 4442; x_wconf 77' lang='grc' dir='ltr'>ἀδακρυτὶ</span> <span class='ocrx_word' id='word_1_312' title='bbox 917 4375 1009 4425; x_wconf 73' lang='grc' dir='ltr'><strong>τὸν</strong></span> <span class='ocrx_word' id='word_1_313' title='bbox 1044 4375 1276 4440; x_wconf 75' lang='grc' dir='ltr'>γεννάδα</span> <span class='ocrx_word' id='word_1_314' title='bbox 1298 4394 1310 4406; x_wconf 77' lang='grc'>³</span> <span class='ocrx_word' id='word_1_315' title='bbox 1343 4377 1400 4439; x_wconf 82' lang='grc' dir='ltr'><strong>ὃς</strong></span> <span class='ocrx_word' id='word_1_316' title='bbox 1437 4378 1534 4430; x_wconf 77' lang='grc' dir='ltr'><strong>καὶ</strong></span> <span class='ocrx_word' id='word_1_317' title='bbox 1565 4380 1827 4433; x_wconf 80' lang='grc' dir='ltr'>ἀνέλαϐεν</span> 
     </span>
    </p>
   </div>
   <div class='ocr_carea' id='block_1_47' title="bbox 234 4467 1825 4539">
    <p class='ocr_par' dir='ltr' id='par_1_47' title="bbox 234 4467 1825 4539">
     <span class='ocr_line' id='line_1_47' title="bbox 234 4467 1825 4539; baseline 0.004 -22"><span class='ocrx_word' id='word_1_318' title='bbox 234 4468 342 4535; x_wconf 71' lang='grc' dir='ltr'>ἤδη</span> <span class='ocrx_word' id='word_1_319' title='bbox 389 4467 897 4527; x_wconf 60' lang='grc' dir='ltr'>καταπεπτωκότας</span> <span class='ocrx_word' id='word_1_320' title='bbox 927 4468 1016 4517; x_wconf 79' lang='grc' dir='ltr'>ὑπ’</span> <span class='ocrx_word' id='word_1_321' title='bbox 1061 4468 1251 4530; x_wconf 71' lang='grc' dir='ltr'>ἀνοίας</span> <span class='ocrx_word' id='word_1_322' title='bbox 1288 4469 1509 4534; x_wconf 71' lang='grc' dir='ltr'>αὐτοὺς,</span> <span class='ocrx_word' id='word_1_323' title='bbox 1544 4473 1825 4539; x_wconf 88' lang='grc' dir='ltr'>προειπὼν</span> 
     </span>
    </p>
   </div>
   <div class='ocr_carea' id='block_1_48' title="bbox 1948 637 3510 712">
    <p class='ocr_par' dir='ltr' id='par_1_48' title="bbox 1948 637 3510 712">
     <span class='ocr_line' id='line_1_48' title="bbox 1948 637 3510 712; baseline 0.008 -26"><span class='ocrx_word' id='word_1_324' title='bbox 1948 637 2200 689; x_wconf 73' lang='lat' dir='ltr'><strong>animatis</strong></span> <span class='ocrx_word' id='word_1_325' title='bbox 2255 649 2307 691; x_wconf 72' lang='lat' dir='ltr'><strong>et</strong></span> <span class='ocrx_word' id='word_1_326' title='bbox 2353 641 2750 707; x_wconf 74' lang='lat' dir='ltr'><strong>cogitantibus,</strong></span> <span class='ocrx_word' id='word_1_327' title='bbox 2795 659 2921 696; x_wconf 89' lang='lat' dir='ltr'><strong>cccc</strong></span> <span class='ocrx_word' id='word_1_328' title='bbox 2963 659 3060 696; x_wconf 87' lang='lat' dir='ltr'><strong>nec</strong></span> <span class='ocrx_word' id='word_1_329' title='bbox 3097 642 3317 712; x_wconf 88' lang='lat' dir='ltr'><strong>opinato</strong></span> <span class='ocrx_word' id='word_1_330' title='bbox 3348 644 3510 712; x_wconf 80' lang='lat' dir='ltr'><strong>plane</strong></span> 
     </span>
    </p>
   </div>
   <div class='ocr_carea' id='block_1_49' title="bbox 1946 733 3516 802">
    <p class='ocr_par' dir='ltr' id='par_1_49' title="bbox 1946 733 3516 802">
     <span class='ocr_line' id='line_1_49' title="bbox 1946 733 3516 802; baseline 0.004 -20"><span class='ocrx_word' id='word_1_331' title='bbox 1946 735 2439 793; x_wconf 53' lang='lat' dir='ltr'><strong>eventu,»seeundo</strong></span> <span class='ocrx_word' id='word_1_332' title='bbox 2465 733 2626 786; x_wconf 86' lang='lat' dir='ltr'><strong>etiam</strong></span> <span class='ocrx_word' id='word_1_333' title='bbox 2655 745 3033 802; x_wconf 72' lang='lat' dir='ltr'><strong>perseverante</strong></span> <span class='ocrx_word' id='word_1_334' title='bbox 3073 744 3234 788; x_wconf 86' lang='lat' dir='ltr'><strong>vento</strong></span> <span class='ocrx_word' id='word_1_335' title='bbox 3265 744 3318 789; x_wconf 91' lang='lat' dir='ltr'><strong>et</strong></span> <span class='ocrx_word' id='word_1_336' title='bbox 3353 733 3516 790; x_wconf 87' lang='lat' dir='ltr'><strong>vehe-</strong></span> 
     </span>
    </p>
   </div>
   <div class='ocr_carea' id='block_1_50' title="bbox 1945 824 3510 894">
    <p class='ocr_par' dir='ltr' id='par_1_50' title="bbox 1945 824 3510 894">
     <span class='ocr_line' id='line_1_50' title="bbox 1945 824 3510 894; baseline 0.004 -20"><span class='ocrx_word' id='word_1_337' title='bbox 1945 832 2158 875; x_wconf 74' lang='lat' dir='ltr'><strong>menter</strong></span> <span class='ocrx_word' id='word_1_338' title='bbox 2207 824 2256 875; x_wconf 92' lang='lat' dir='ltr'><strong>in</strong></span> <span class='ocrx_word' id='word_1_339' title='bbox 2319 825 2532 893; x_wconf 82' lang='lat' dir='ltr'><strong>puppim</strong></span> <span class='ocrx_word' id='word_1_340' title='bbox 2599 824 2962 890; x_wconf 74' lang='lat' dir='ltr'><strong>incumbente,</strong></span> <span class='ocrx_word' id='word_1_341' title='bbox 3021 828 3182 882; x_wconf 74' lang='lat' dir='ltr'><strong>desiit</strong></span> <span class='ocrx_word' id='word_1_342' title='bbox 3235 828 3510 894; x_wconf 72' lang='lat' dir='ltr'><strong>navigium</strong></span> 
     </span>
    </p>
   </div>
   <div class='ocr_carea' id='block_1_51' title="bbox 1945 916 3512 986">
    <p class='ocr_par' dir='ltr' id='par_1_51' title="bbox 1945 916 3512 986">
     <span class='ocr_line' id='line_1_51' title="bbox 1945 916 3512 986; baseline 0.007 -24"><span class='ocrx_word' id='word_1_343' title='bbox 1945 927 2109 981; x_wconf 90' lang='lat' dir='ltr'><strong>porro</strong></span> <span class='ocrx_word' id='word_1_344' title='bbox 2167 916 2436 982; x_wconf 74' lang='lat' dir='ltr'><strong>progredi,</strong></span> <span class='ocrx_word' id='word_1_345' title='bbox 2489 925 2545 970; x_wconf 92' lang='lat' dir='ltr'><strong>ct</strong></span> <span class='ocrx_word' id='word_1_346' title='bbox 2592 916 2867 970; x_wconf 78' lang='lat' dir='ltr'><strong>immobile</strong></span> <span class='ocrx_word' id='word_1_347' title='bbox 2915 920 2965 970; x_wconf 89' lang='lat' dir='ltr'><strong>in</strong></span> <span class='ocrx_word' id='word_1_348' title='bbox 3019 919 3139 973; x_wconf 92' lang='lat' dir='ltr'><strong>loco</strong></span> <span class='ocrx_word' id='word_1_349' title='bbox 3179 920 3512 986; x_wconf 81' lang='lat' dir='ltr'><strong>stctit.ipsis</strong></span> 
     </span>
    </p>
   </div>
   <div class='ocr_carea' id='block_1_52' title="bbox 1947 1010 3509 1078">
    <p class='ocr_par' dir='ltr' id='par_1_52' title="bbox 1947 1010 3509 1078">
     <span class='ocr_line' id='line_1_52' title="bbox 1947 1010 3509 1078; baseline 0.004 -20"><span class='ocrx_word' id='word_1_350' title='bbox 1947 1017 2122 1059; x_wconf 73' lang='lat' dir='ltr'><strong>autem</strong></span> <span class='ocrx_word' id='word_1_351' title='bbox 2159 1022 2396 1071; x_wconf 88' lang='lat' dir='ltr'><strong>onmem,</strong></span> <span class='ocrx_word' id='word_1_352' title='bbox 2417 1010 2561 1078; x_wconf 76' lang='lat' dir='ltr'><strong>quoi</strong></span> <span class='ocrx_word' id='word_1_353' title='bbox 2590 1011 2809 1074; x_wconf 90' lang='lat' dir='ltr'><strong>dicitur,</strong></span> <span class='ocrx_word' id='word_1_354' title='bbox 2835 1012 3110 1065; x_wconf 80' lang='lat' dir='ltr'><strong>rudentem</strong></span> <span class='ocrx_word' id='word_1_355' title='bbox 3147 1013 3509 1077; x_wconf 86' lang='lat' dir='ltr'><strong>moventibus,</strong></span> 
     </span>
    </p>
   </div>
   <div class='ocr_carea' id='block_1_53' title="bbox 1945 1098 3510 1167">
    <p class='ocr_par' dir='ltr' id='par_1_53' title="bbox 1945 1098 3510 1167">
     <span class='ocr_line' id='line_1_53' title="bbox 1945 1098 3510 1167; baseline 0.004 -16"><span class='ocrx_word' id='word_1_356' title='bbox 1945 1098 2076 1151; x_wconf 81' lang='lat' dir='ltr'><strong>nihil</strong></span> <span class='ocrx_word' id='word_1_357' title='bbox 2107 1100 2396 1167; x_wconf 79' lang='lat' dir='ltr'><strong>quidquam</strong></span> <span class='ocrx_word' id='word_1_358' title='bbox 2433 1102 2732 1167; x_wconf 64' lang='lat' dir='ltr'><strong>profectum</strong></span> <span class='ocrx_word' id='word_1_359' title='bbox 2766 1113 2885 1164; x_wconf 78' lang='lat' dir='ltr'><strong>cst;</strong></span> <span class='ocrx_word' id='word_1_360' title='bbox 2931 1113 3107 1157; x_wconf 75' lang='lat' dir='ltr'><strong>nantre</strong></span> <span class='ocrx_word' id='word_1_361' title='bbox 3141 1119 3266 1156; x_wconf 87' lang='lat' dir='ltr'><strong>vero</strong></span> <span class='ocrx_word' id='word_1_362' title='bbox 3309 1106 3510 1159; x_wconf 88' lang='lat' dir='ltr'><strong>mentis</strong></span> 
     </span>
    </p>
   </div>
   <div class='ocr_carea' id='block_1_54' title="bbox 1946 1191 3508 1259">
    <p class='ocr_par' dir='ltr' id='par_1_54' title="bbox 1946 1191 3508 1259">
     <span class='ocr_line' id='line_1_54' title="bbox 1946 1191 3508 1259; baseline 0.002 -16"><span class='ocrx_word' id='word_1_363' title='bbox 1946 1191 2153 1258; x_wconf 73' lang='lat' dir='ltr'><strong>inopes,</strong></span> <span class='ocrx_word' id='word_1_364' title='bbox 2186 1193 2299 1258; x_wconf 83' lang='lat' dir='ltr'><strong>pari</strong></span> <span class='ocrx_word' id='word_1_365' title='bbox 2334 1192 2445 1246; x_wconf 82' lang='lat' dir='ltr'><strong>fere</strong></span> <span class='ocrx_word' id='word_1_366' title='bbox 2487 1211 2607 1248; x_wconf 92' lang='lat' dir='ltr'><strong>cum</strong></span> <span class='ocrx_word' id='word_1_367' title='bbox 2645 1196 2766 1248; x_wconf 79' lang='lat' dir='ltr'><strong>navi</strong></span> <span class='ocrx_word' id='word_1_368' title='bbox 2801 1196 3180 1249; x_wconf 84' lang='lat' dir='ltr'><strong>immobilitatc</strong></span> <span class='ocrx_word' id='word_1_369' title='bbox 3215 1196 3508 1259; x_wconf 71' lang='lat' dir='ltr'><strong>hauebant,</strong></span> 
     </span>
    </p>
   </div>
   <div class='ocr_carea' id='block_1_55' title="bbox 1944 1283 3511 1355">
    <p class='ocr_par' dir='ltr' id='par_1_55' title="bbox 1944 1283 3511 1355">
     <span class='ocr_line' id='line_1_55' title="bbox 1944 1283 3511 1355; baseline 0.007 -26"><span class='ocrx_word' id='word_1_370' title='bbox 1944 1283 2138 1347; x_wconf 87' lang='lat' dir='ltr'><strong>partim</strong></span> <span class='ocrx_word' id='word_1_371' title='bbox 2172 1299 2278 1351; x_wconf 67' lang='lat' dir='ltr'><strong>pra’.</strong></span> <span class='ocrx_word' id='word_1_372' title='bbox 2311 1298 2532 1350; x_wconf 90' lang='lat' dir='ltr'><strong>stupore</strong></span> <span class='ocrx_word' id='word_1_373' title='bbox 2563 1286 2726 1338; x_wconf 90' lang='lat' dir='ltr'><strong>animi</strong></span> <span class='ocrx_word' id='word_1_374' title='bbox 2757 1327 2770 1346; x_wconf 90' lang='lat'><strong>,</strong></span> <span class='ocrx_word' id='word_1_375' title='bbox 2831 1287 3026 1354; x_wconf 79' lang='lat' dir='ltr'><strong>partim</strong></span> <span class='ocrx_word' id='word_1_376' title='bbox 3061 1287 3202 1355; x_wconf 91' lang='lat' dir='ltr'><strong>quod</strong></span> <span class='ocrx_word' id='word_1_377' title='bbox 3237 1288 3511 1341; x_wconf 83' lang='lat' dir='ltr'><strong>nescirent</strong></span> 
     </span>
    </p>
   </div>
   <div class='ocr_carea' id='block_1_56' title="bbox 1943 1375 3509 1443">
    <p class='ocr_par' dir='ltr' id='par_1_56' title="bbox 1943 1375 3509 1443">
     <span class='ocr_line' id='line_1_56' title="bbox 1943 1375 3509 1443; baseline 0.005 -20"><span class='ocrx_word' id='word_1_378' title='bbox 1943 1375 2070 1443; x_wconf 86' lang='lat' dir='ltr'><strong>quid</strong></span> <span class='ocrx_word' id='word_1_379' title='bbox 2131 1377 2343 1429; x_wconf 83' lang='lat' dir='ltr'><strong>consilii</strong></span> <span class='ocrx_word' id='word_1_380' title='bbox 2399 1387 2678 1443; x_wconf 76' lang='lat' dir='ltr'><strong>caperent.</strong></span> <span class='ocrx_word' id='word_1_381' title='bbox 2708 1378 2840 1431; x_wconf 84' lang='lat' dir='ltr'><strong>Cum</strong></span> <span class='ocrx_word' id='word_1_382' title='bbox 2901 1379 3018 1432; x_wconf 92' lang='lat' dir='ltr'><strong>loco</strong></span> <span class='ocrx_word' id='word_1_383' title='bbox 3069 1389 3176 1432; x_wconf 87' lang='lat' dir='ltr'><strong>tam</strong></span> <span class='ocrx_word' id='word_1_384' title='bbox 3224 1381 3365 1433; x_wconf 83' lang='lat' dir='ltr'><strong>malo</strong></span> <span class='ocrx_word' id='word_1_385' title='bbox 3420 1394 3509 1432; x_wconf 87' lang='lat' dir='ltr'><strong>res</strong></span> 
     </span>
    </p>
   </div>
   <div class='ocr_carea' id='block_1_57' title="bbox 1943 1466 3557 1547">
    <p class='ocr_par' dir='ltr' id='par_1_57' title="bbox 1943 1466 3557 1547">
     <span class='ocr_line' id='line_1_57' title="bbox 1943 1466 3557 1547; baseline 0.001 -28"><span class='ocrx_word' id='word_1_386' title='bbox 1943 1475 2106 1529; x_wconf 74' lang='lat' dir='ltr'><strong>esset,</strong></span> <span class='ocrx_word' id='word_1_387' title='bbox 2161 1466 2377 1519; x_wconf 77' lang='lat' dir='ltr'><strong>divinus</strong></span> <span class='ocrx_word' id='word_1_388' title='bbox 2436 1467 2632 1521; x_wconf 78' lang='lat' dir='ltr'><strong>l’etrns‘</strong></span> <span class='ocrx_word' id='word_1_389' title='bbox 2680 1483 2708 1520; x_wconf 91' lang='lat' dir='ltr'><strong>e</strong></span> <span class='ocrx_word' id='word_1_390' title='bbox 2743 1469 2868 1521; x_wconf 90' lang='lat' dir='ltr'><strong>sede</strong></span> <span class='ocrx_word' id='word_1_391' title='bbox 2901 1469 2988 1522; x_wconf 83' lang='lat' dir='ltr'><strong>tibi</strong></span> <span class='ocrx_word' id='word_1_392' title='bbox 3041 1470 3357 1538; x_wconf 85' lang='lat' dir='ltr'><strong>quiescebat</strong></span> <span class='ocrx_word' id='word_1_393' title='bbox 3387 1484 3509 1522; x_wconf 78' lang='lat' dir='ltr'><strong>snr-</strong></span> <span class='ocrx_word' id='word_1_394' title='bbox 3549 1537 3557 1547; x_wconf 38' lang='grc'><strong><em>⁸</em></strong></span> 
     </span>
    </p>
   </div>
   <div class='ocr_carea' id='block_1_58' title="bbox 1941 1559 3510 1630">
    <p class='ocr_par' dir='ltr' id='par_1_58' title="bbox 1941 1559 3510 1630">
     <span class='ocr_line' id='line_1_58' title="bbox 1941 1559 3510 1630; baseline 0.001 -18"><span class='ocrx_word' id='word_1_395' title='bbox 1941 1573 2096 1627; x_wconf 75' lang='lat' dir='ltr'><strong>gens,</strong></span> <span class='ocrx_word' id='word_1_396' title='bbox 2151 1559 2440 1630; x_wconf 85' lang='lat' dir='ltr'><strong>oculosque</strong></span> <span class='ocrx_word' id='word_1_397' title='bbox 2500 1559 2924 1625; x_wconf 71' lang='lat' dir='ltr'><strong>circumferens,</strong></span> <span class='ocrx_word' id='word_1_398' title='bbox 2988 1561 3189 1616; x_wconf 90' lang='lat' dir='ltr'><strong>montis</strong></span> <span class='ocrx_word' id='word_1_399' title='bbox 3246 1560 3335 1628; x_wconf 89' lang='lat' dir='ltr'><strong>qui</strong></span> <span class='ocrx_word' id='word_1_400' title='bbox 3375 1559 3510 1614; x_wconf 89' lang='lat' dir='ltr'><strong>forte</strong></span> 
     </span>
    </p>
   </div>
   <div class='ocr_carea' id='block_1_59' title="bbox 1943 1655 3507 1724">
    <p class='ocr_par' dir='ltr' id='par_1_59' title="bbox 1943 1655 3507 1724">
     <span class='ocr_line' id='line_1_59' title="bbox 1943 1655 3507 1724; baseline 0.001 -16"><span class='ocrx_word' id='word_1_401' title='bbox 1943 1656 2042 1708; x_wconf 83' lang='lat' dir='ltr'><strong>sub</strong></span> <span class='ocrx_word' id='word_1_402' title='bbox 2066 1665 2340 1722; x_wconf 75' lang='lat' dir='ltr'><strong>aSIlCCIIIm</strong></span> <span class='ocrx_word' id='word_1_403' title='bbox 2397 1655 2662 1720; x_wconf 78' lang='lat' dir='ltr'><strong>cadebat‘,</strong></span> <span class='ocrx_word' id='word_1_404' title='bbox 2699 1656 3013 1711; x_wconf 88' lang='lat' dir='ltr'><strong>sciscitatur</strong></span> <span class='ocrx_word' id='word_1_405' title='bbox 3061 1671 3254 1710; x_wconf 90' lang='lat' dir='ltr'><strong>nomen</strong></span> <span class='ocrx_word' id='word_1_406' title='bbox 3291 1673 3304 1710; x_wconf 91' lang='lat'><strong>:</strong></span> <span class='ocrx_word' id='word_1_407' title='bbox 3347 1671 3507 1724; x_wconf 86' lang='lat' dir='ltr'><strong>quem</strong></span> 
     </span>
    </p>
   </div>
   <div class='ocr_carea' id='block_1_60' title="bbox 1945 1747 3507 1815">
    <p class='ocr_par' dir='ltr' id='par_1_60' title="bbox 1945 1747 3507 1815">
     <span class='ocr_line' id='line_1_60' title="bbox 1945 1747 3507 1815; baseline 0.001 -16"><span class='ocrx_word' id='word_1_408' title='bbox 1945 1747 2032 1801; x_wconf 82' lang='lat' dir='ltr'><strong>tibi</strong></span> <span class='ocrx_word' id='word_1_409' title='bbox 2075 1748 2276 1800; x_wconf 80' lang='lat' dir='ltr'><strong>Album</strong></span> <span class='ocrx_word' id='word_1_410' title='bbox 2310 1747 2569 1815; x_wconf 83' lang='lat' dir='ltr'><strong>appellari</strong></span> <span class='ocrx_word' id='word_1_411' title='bbox 2606 1749 2820 1809; x_wconf 81' lang='lat' dir='ltr'><strong>didicit,</strong></span> <span class='ocrx_word' id='word_1_412' title='bbox 2854 1749 3012 1801; x_wconf 86' lang='lat' dir='ltr'><strong>simul</strong></span> <span class='ocrx_word' id='word_1_413' title='bbox 3043 1747 3310 1801; x_wconf 78' lang='lat' dir='ltr'><strong>intellexit</strong></span> <span class='ocrx_word' id='word_1_414' title='bbox 3344 1757 3507 1815; x_wconf 87' lang='lat' dir='ltr'><strong>atque</strong></span> 
     </span>
    </p>
   </div>
   <div class='ocr_carea' id='block_1_61' title="bbox 1943 1839 3510 1902">
    <p class='ocr_par' dir='ltr' id='par_1_61' title="bbox 1943 1839 3510 1902">
     <span class='ocr_line' id='line_1_61' title="bbox 1943 1839 3510 1902; baseline -0.001 -11"><span class='ocrx_word' id='word_1_415' title='bbox 1943 1839 2076 1893; x_wconf 84' lang='lat' dir='ltr'><strong>alios</strong></span> <span class='ocrx_word' id='word_1_416' title='bbox 2103 1839 2284 1892; x_wconf 82' lang='lat' dir='ltr'><strong>docuit</strong></span> <span class='ocrx_word' id='word_1_417' title='bbox 2309 1853 2550 1902; x_wconf 80' lang='lat' dir='ltr'><strong>causam,</strong></span> <span class='ocrx_word' id='word_1_418' title='bbox 2581 1855 2679 1892; x_wconf 91' lang='lat' dir='ltr'><strong>cur</strong></span> <span class='ocrx_word' id='word_1_419' title='bbox 2715 1839 2784 1892; x_wconf 86' lang='lat' dir='ltr'><strong>ita</strong></span> <span class='ocrx_word' id='word_1_420' title='bbox 2821 1839 3045 1895; x_wconf 88' lang='lat' dir='ltr'><strong>moveri-</strong></span> <span class='ocrx_word' id='word_1_421' title='bbox 3073 1840 3252 1893; x_wconf 89' lang='lat' dir='ltr'><strong>nescia</strong></span> <span class='ocrx_word' id='word_1_422' title='bbox 3323 1840 3510 1894; x_wconf 87' lang='lat' dir='ltr'><strong>consi-</strong></span> 
     </span>
    </p>
   </div>
   <div class='ocr_carea' id='block_1_62' title="bbox 871 1900 1827 1997">
    <p class='ocr_par' dir='ltr' id='par_1_62' title="bbox 871 1906 1827 1976">
     <span class='ocr_line' id='line_1_62' title="bbox 871 1906 1827 1976; baseline 0.006 -19"><span class='ocrx_word' id='word_1_423' title='bbox 871 1906 966 1957; x_wconf 72' lang='grc' dir='ltr'><strong>καὶ</strong></span> <span class='ocrx_word' id='word_1_424' title='bbox 1012 1906 1090 1976; x_wconf 77' lang='grc' dir='ltr'><strong>τῷ</strong></span> <span class='ocrx_word' id='word_1_425' title='bbox 1142 1907 1249 1961; x_wconf 82' lang='grc' dir='ltr'>τῶν</span> <span class='ocrx_word' id='word_1_426' title='bbox 1278 1910 1481 1962; x_wconf 78' lang='grc' dir='ltr'>οἰάκων</span> <span class='ocrx_word' id='word_1_427' title='bbox 1516 1911 1827 1974; x_wconf 79' lang='grc' dir='ltr'>ἐπικαθεζο-</span> 
     </span>
    </p>
   </div>
   <div class='ocr_carea' id='block_1_63' title="bbox 1844 1900 3512 1997">
    <p class='ocr_par' dir='ltr' id='par_1_63' title="bbox 1871 1900 3512 1997">
     <span class='ocr_line' id='line_1_63' title="bbox 1871 1900 3512 1997; baseline 0.001 -17"><span class='ocrx_word' id='word_1_428' title='bbox 1871 1900 1912 1956; x_wconf 74' lang='lat' dir='ltr'><strong>B</strong></span> <span class='ocrx_word' id='word_1_429' title='bbox 1942 1935 2111 1983; x_wconf 79' lang='lat' dir='ltr'><strong>steret</strong></span> <span class='ocrx_word' id='word_1_430' title='bbox 2172 1926 2346 1980; x_wconf 84' lang='lat' dir='ltr'><strong>navis.</strong></span> <span class='ocrx_word' id='word_1_431' title='bbox 2375 1926 2430 1980; x_wconf 91' lang='lat' dir='ltr'><strong>ln</strong></span> <span class='ocrx_word' id='word_1_432' title='bbox 2481 1926 2667 1992; x_wconf 90' lang='lat' dir='ltr'><strong>hocce,</strong></span> <span class='ocrx_word' id='word_1_433' title='bbox 2708 1927 2909 1997; x_wconf 86' lang='lat' dir='ltr'><strong>inquit,</strong></span> <span class='ocrx_word' id='word_1_434' title='bbox 2947 1935 3128 1981; x_wconf 89' lang='lat' dir='ltr'><strong>monte</strong></span> <span class='ocrx_word' id='word_1_435' title='bbox 3161 1927 3265 1982; x_wconf 91' lang='lat' dir='ltr'><strong>Deo</strong></span> <span class='ocrx_word' id='word_1_436' title='bbox 3295 1928 3512 1982; x_wconf 87' lang='lat' dir='ltr'><strong>volente</strong></span> 
     </span>
    </p>
   </div>
   <div class='ocr_carea' id='block_1_64' title="bbox 1944 2019 3508 2089">
    <p class='ocr_par' dir='ltr' id='par_1_64' title="bbox 1944 2019 3508 2089">
     <span class='ocr_line' id='line_1_64' title="bbox 1944 2019 3508 2089; baseline 0.001 -17"><span class='ocrx_word' id='word_1_437' title='bbox 1944 2020 2211 2089; x_wconf 86' lang='lat' dir='ltr'><strong>reliquum</strong></span> <span class='ocrx_word' id='word_1_438' title='bbox 2246 2035 2378 2073; x_wconf 79' lang='lat' dir='ltr'><strong>mea:</strong></span> <span class='ocrx_word' id='word_1_439' title='bbox 2408 2019 2528 2072; x_wconf 76' lang='lat' dir='ltr'><strong>vitze</strong></span> <span class='ocrx_word' id='word_1_440' title='bbox 2560 2019 2960 2087; x_wconf 79' lang='lat' dir='ltr'><strong>transigendmn</strong></span> <span class='ocrx_word' id='word_1_441' title='bbox 2989 2019 3117 2072; x_wconf 88' lang='lat' dir='ltr'><strong>mihi</strong></span> <span class='ocrx_word' id='word_1_442' title='bbox 3149 2030 3230 2073; x_wconf 89' lang='lat' dir='ltr'><strong>est</strong></span> <span class='ocrx_word' id='word_1_443' title='bbox 3261 2035 3275 2072; x_wconf 92' lang='lat'><strong>:</strong></span> <span class='ocrx_word' id='word_1_444' title='bbox 3311 2029 3364 2073; x_wconf 90' lang='lat' dir='ltr'><strong>et</strong></span> <span class='ocrx_word' id='word_1_445' title='bbox 3390 2020 3508 2073; x_wconf 84' lang='lat' dir='ltr'><strong>cla-</strong></span> 
     </span>
    </p>
   </div>
   <div class='ocr_carea' id='block_1_65' title="bbox 1942 2110 3510 2178">
    <p class='ocr_par' dir='ltr' id='par_1_65' title="bbox 1942 2110 3510 2178">
     <span class='ocr_line' id='line_1_65' title="bbox 1942 2110 3510 2178; baseline 0 -14"><span class='ocrx_word' id='word_1_446' title='bbox 1942 2127 2060 2164; x_wconf 79' lang='lat' dir='ltr'><strong>vum</strong></span> <span class='ocrx_word' id='word_1_447' title='bbox 2090 2110 2293 2164; x_wconf 88' lang='lat' dir='ltr'><strong>tenenti</strong></span> <span class='ocrx_word' id='word_1_448' title='bbox 2326 2112 2573 2178; x_wconf 89' lang='lat' dir='ltr'><strong>imperat,</strong></span> <span class='ocrx_word' id='word_1_449' title='bbox 2595 2121 2650 2164; x_wconf 91' lang='lat' dir='ltr'><strong>ut</strong></span> <span class='ocrx_word' id='word_1_450' title='bbox 2678 2111 3051 2165; x_wconf 85' lang='lat' dir='ltr'><strong>sinistrorsum</strong></span> <span class='ocrx_word' id='word_1_451' title='bbox 3091 2111 3268 2163; x_wconf 87' lang='lat' dir='ltr'><strong>navim</strong></span> <span class='ocrx_word' id='word_1_452' title='bbox 3299 2112 3364 2164; x_wconf 92' lang='lat' dir='ltr'><strong>ad</strong></span> <span class='ocrx_word' id='word_1_453' title='bbox 3400 2119 3510 2166; x_wconf 85' lang='lat' dir='ltr'><strong>ter-</strong></span> 
     </span>
    </p>
   </div>
   <div class='ocr_carea' id='block_1_66' title="bbox 1939 2203 3510 2271">
    <p class='ocr_par' dir='ltr' id='par_1_66' title="bbox 1939 2203 3510 2271">
     <span class='ocr_line' id='line_1_66' title="bbox 1939 2203 3510 2271; baseline -0.001 -13"><span class='ocrx_word' id='word_1_454' title='bbox 1939 2221 2054 2259; x_wconf 91' lang='lat' dir='ltr'><strong>ram</strong></span> <span class='ocrx_word' id='word_1_455' title='bbox 2087 2215 2228 2259; x_wconf 89' lang='lat' dir='ltr'><strong>recta</strong></span> <span class='ocrx_word' id='word_1_456' title='bbox 2263 2204 2461 2270; x_wconf 70' lang='lat' dir='ltr'><strong>dirigat</strong></span> <span class='ocrx_word' id='word_1_457' title='bbox 2499 2222 2512 2258; x_wconf 89' lang='lat'><strong>:</strong></span> <span class='ocrx_word' id='word_1_458' title='bbox 2548 2204 2688 2271; x_wconf 88' lang='lat' dir='ltr'><strong>quod</strong></span> <span class='ocrx_word' id='word_1_459' title='bbox 2719 2204 2806 2258; x_wconf 89' lang='lat' dir='ltr'><strong>ubi</strong></span> <span class='ocrx_word' id='word_1_460' title='bbox 2833 2205 2898 2267; x_wconf 89' lang='lat' dir='ltr'><strong>is,</strong></span> <span class='ocrx_word' id='word_1_461' title='bbox 2934 2203 3064 2256; x_wconf 87' lang='lat' dir='ltr'><strong>nihil</strong></span> <span class='ocrx_word' id='word_1_462' title='bbox 3092 2212 3395 2264; x_wconf 86' lang='lat' dir='ltr'><strong>cunctatus,</strong></span> <span class='ocrx_word' id='word_1_463' title='bbox 3429 2203 3510 2257; x_wconf 77' lang='lat' dir='ltr'><strong>cf-</strong></span> 
     </span>
    </p>
   </div>
   <div class='ocr_carea' id='block_1_67' title="bbox 1938 2293 3508 2358">
    <p class='ocr_par' dir='ltr' id='par_1_67' title="bbox 1938 2293 3508 2358">
     <span class='ocr_line' id='line_1_67' title="bbox 1938 2293 3508 2358; baseline 0.001 -12"><span class='ocrx_word' id='word_1_464' title='bbox 1938 2293 2134 2346; x_wconf 89' lang='lat' dir='ltr'><strong>fectnm</strong></span> <span class='ocrx_word' id='word_1_465' title='bbox 2178 2293 2344 2356; x_wconf 88' lang='lat' dir='ltr'><strong>dedit,</strong></span> <span class='ocrx_word' id='word_1_466' title='bbox 2381 2293 2521 2347; x_wconf 87' lang='lat' dir='ltr'><strong>illico</strong></span> <span class='ocrx_word' id='word_1_467' title='bbox 2556 2295 2705 2346; x_wconf 75' lang='lat' dir='ltr'><strong>navis</strong></span> <span class='ocrx_word' id='word_1_468' title='bbox 2727 2334 2739 2358; x_wconf 89' lang='lat'><strong>,</strong></span> <span class='ocrx_word' id='word_1_469' title='bbox 2771 2293 2964 2348; x_wconf 89' lang='lat' dir='ltr'><strong>solutis</strong></span> <span class='ocrx_word' id='word_1_470' title='bbox 2994 2293 3223 2347; x_wconf 78' lang='lat' dir='ltr'><strong>vinculis</strong></span> <span class='ocrx_word' id='word_1_471' title='bbox 3253 2293 3508 2348; x_wconf 80' lang='lat' dir='ltr'><strong>facillime</strong></span> 
     </span>
    </p>
   </div>
   <div class='ocr_carea' id='block_1_68' title="bbox 1937 2385 2615 2454">
    <p class='ocr_par' dir='ltr' id='par_1_68' title="bbox 1937 2385 2615 2454">
     <span class='ocr_line' id='line_1_68' title="bbox 1937 2385 2615 2454; baseline 0.004 -16"><span class='ocrx_word' id='word_1_472' title='bbox 1937 2394 1994 2438; x_wconf 93' lang='lat' dir='ltr'><strong>ut</strong></span> <span class='ocrx_word' id='word_1_473' title='bbox 2018 2385 2170 2454; x_wconf 80' lang='lat' dir='ltr'><strong>prius</strong></span> <span class='ocrx_word' id='word_1_474' title='bbox 2199 2386 2402 2438; x_wconf 88' lang='lat' dir='ltr'><strong>moveri</strong></span> <span class='ocrx_word' id='word_1_475' title='bbox 2426 2385 2615 2454; x_wconf 72' lang='lat' dir='ltr'><strong>cmpit.</strong></span> 
     </span>
    </p>
   </div>
   <div class='ocr_carea' id='block_1_69' title="bbox 2011 2474 3506 2531">
    <p class='ocr_par' dir='ltr' id='par_1_69' title="bbox 2011 2474 3506 2531">
     <span class='ocr_line' id='line_1_69' title="bbox 2011 2474 3506 2531; baseline 0.002 -3"><span class='ocrx_word' id='word_1_476' title='bbox 2011 2476 2094 2528; x_wconf 75' lang='lat'><strong>16.</strong></span> <span class='ocrx_word' id='word_1_477' title='bbox 2155 2474 2349 2528; x_wconf 87' lang='lat' dir='ltr'><strong>Nonne</strong></span> <span class='ocrx_word' id='word_1_478' title='bbox 2401 2475 2526 2528; x_wconf 92' lang='lat' dir='ltr'><strong>hinc</strong></span> <span class='ocrx_word' id='word_1_479' title='bbox 2575 2475 2865 2529; x_wconf 84' lang='lat' dir='ltr'><strong>admiratio</strong></span> <span class='ocrx_word' id='word_1_480' title='bbox 2919 2474 3130 2529; x_wconf 90' lang='lat' dir='ltr'><strong>cunctis</strong></span> <span class='ocrx_word' id='word_1_481' title='bbox 3191 2475 3506 2531; x_wconf 79' lang='lat' dir='ltr'><strong>vectoribus</strong></span> 
     </span>
    </p>
   </div>
   <div class='ocr_carea' id='block_1_70' title="bbox 1936 2566 3504 2639">
    <p class='ocr_par' dir='ltr' id='par_1_70' title="bbox 1936 2566 3504 2639">
     <span class='ocr_line' id='line_1_70' title="bbox 1936 2566 3504 2639; baseline 0.002 -20"><span class='ocrx_word' id='word_1_482' title='bbox 1936 2567 2152 2620; x_wconf 90' lang='lat' dir='ltr'><strong>snborta</strong></span> <span class='ocrx_word' id='word_1_483' title='bbox 2208 2566 2408 2632; x_wconf 85' lang='lat' dir='ltr'><strong>fuerit;</strong></span> <span class='ocrx_word' id='word_1_484' title='bbox 2443 2582 2548 2636; x_wconf 91' lang='lat' dir='ltr'><strong>quo</strong></span> <span class='ocrx_word' id='word_1_485' title='bbox 2598 2577 2754 2635; x_wconf 86' lang='lat' dir='ltr'><strong>pacto</strong></span> <span class='ocrx_word' id='word_1_486' title='bbox 2800 2568 3102 2639; x_wconf 78' lang='lat' dir='ltr'><strong>navigabile</strong></span> <span class='ocrx_word' id='word_1_487' title='bbox 3155 2569 3504 2631; x_wconf 85' lang='lat' dir='ltr'><strong>elementum,</strong></span> 
     </span>
    </p>
   </div>
   <div class='ocr_carea' id='block_1_71' title="bbox 1937 2658 3508 2729">
    <p class='ocr_par' dir='ltr' id='par_1_71' title="bbox 1937 2658 3508 2729">
     <span class='ocr_line' id='line_1_71' title="bbox 1937 2658 3508 2729; baseline 0.002 -17"><span class='ocrx_word' id='word_1_488' title='bbox 1937 2658 2094 2712; x_wconf 82' lang='lat' dir='ltr'><strong>ﬂuida</strong></span> <span class='ocrx_word' id='word_1_489' title='bbox 2123 2659 2286 2712; x_wconf 89' lang='lat' dir='ltr'><strong>maris</strong></span> <span class='ocrx_word' id='word_1_490' title='bbox 2315 2660 2648 2728; x_wconf 84' lang='lat' dir='ltr'><strong>prOprietas,</strong></span> <span class='ocrx_word' id='word_1_491' title='bbox 2675 2660 2833 2715; x_wconf 85' lang='lat' dir='ltr'><strong>modo</strong></span> <span class='ocrx_word' id='word_1_492' title='bbox 2859 2662 3015 2715; x_wconf 86' lang='lat' dir='ltr'><strong>cedat</strong></span> <span class='ocrx_word' id='word_1_493' title='bbox 3041 2661 3250 2729; x_wconf 85' lang='lat' dir='ltr'><strong>iterque</strong></span> <span class='ocrx_word' id='word_1_494' title='bbox 3273 2662 3508 2728; x_wconf 74' lang='lat' dir='ltr'><strong>prmlieat</strong></span> 
     </span>
    </p>
   </div>
   <div class='ocr_carea' id='block_1_72' title="bbox 1935 2750 3499 2824">
    <p class='ocr_par' dir='ltr' id='par_1_72' title="bbox 1935 2750 3499 2824">
     <span class='ocr_line' id='line_1_72' title="bbox 1935 2750 3499 2824; baseline 0.005 -20"><span class='ocrx_word' id='word_1_495' title='bbox 1935 2750 2079 2814; x_wconf 88' lang='lat' dir='ltr'><strong>navi,</strong></span> <span class='ocrx_word' id='word_1_496' title='bbox 2125 2750 2323 2818; x_wconf 83' lang='lat' dir='ltr'><strong>impetu</strong></span> <span class='ocrx_word' id='word_1_497' title='bbox 2361 2761 2642 2806; x_wconf 83' lang='lat' dir='ltr'><strong>ventorum</strong></span> <span class='ocrx_word' id='word_1_498' title='bbox 2692 2753 2967 2824; x_wconf 62' lang='lat' dir='ltr'><strong>impulse:</strong></span> <span class='ocrx_word' id='word_1_499' title='bbox 3031 2760 3190 2811; x_wconf 85' lang='lat' dir='ltr'><strong>modo</strong></span> <span class='ocrx_word' id='word_1_500' title='bbox 3249 2769 3499 2814; x_wconf 84' lang='lat' dir='ltr'><strong>naturam</strong></span> 
     </span>
    </p>
   </div>
   <div class='ocr_carea' id='block_1_73' title="bbox 1931 2842 3507 2914">
    <p class='ocr_par' dir='ltr' id='par_1_73' title="bbox 1931 2842 3507 2914">
     <span class='ocr_line' id='line_1_73' title="bbox 1931 2842 3507 2914; baseline 0.008 -21"><span class='ocrx_word' id='word_1_501' title='bbox 1931 2842 2332 2910; x_wconf 82' lang='lat' dir='ltr'><strong>quodammodo</strong></span> <span class='ocrx_word' id='word_1_502' title='bbox 2362 2858 2513 2895; x_wconf 79' lang='lat' dir='ltr'><strong>suam</strong></span> <span class='ocrx_word' id='word_1_503' title='bbox 2549 2856 2736 2909; x_wconf 83' lang='lat' dir='ltr'><strong>exuta,</strong></span> <span class='ocrx_word' id='word_1_504' title='bbox 2770 2848 3101 2902; x_wconf 87' lang='lat' dir='ltr'><strong>contrariam</strong></span> <span class='ocrx_word' id='word_1_505' title='bbox 3147 2861 3411 2914; x_wconf 81' lang='lat' dir='ltr'><strong>assumat,</strong></span> <span class='ocrx_word' id='word_1_506' title='bbox 3443 2867 3507 2906; x_wconf 87' lang='lat' dir='ltr'><strong>ac</strong></span> 
     </span>
    </p>
   </div>
   <div class='ocr_carea' id='block_1_74' title="bbox 1934 2934 3507 2998">
    <p class='ocr_par' dir='ltr' id='par_1_74' title="bbox 1934 2934 3507 2998">
     <span class='ocr_line' id='line_1_74' title="bbox 1934 2934 3507 2998; baseline 0.006 -11"><span class='ocrx_word' id='word_1_507' title='bbox 1934 2944 2089 2988; x_wconf 70' lang='lat' dir='ltr'><strong>terra:</strong></span> <span class='ocrx_word' id='word_1_508' title='bbox 2126 2934 2297 2988; x_wconf 89' lang='lat' dir='ltr'><strong>instar</strong></span> <span class='ocrx_word' id='word_1_509' title='bbox 2329 2935 2538 2988; x_wconf 73' lang='lat' dir='ltr'><strong>affixam</strong></span> <span class='ocrx_word' id='word_1_510' title='bbox 2596 2939 2774 2991; x_wconf 86' lang='lat' dir='ltr'><strong>navim</strong></span> <span class='ocrx_word' id='word_1_511' title='bbox 2833 2940 3022 2994; x_wconf 85' lang='lat' dir='ltr'><strong>eodem</strong></span> <span class='ocrx_word' id='word_1_512' title='bbox 3052 2941 3168 2994; x_wconf 92' lang='lat' dir='ltr'><strong>loco</strong></span> <span class='ocrx_word' id='word_1_513' title='bbox 3216 2942 3507 2998; x_wconf 80' lang='lat' dir='ltr'><strong>detineat?</strong></span> 
     </span>
    </p>
   </div>
   <div class='ocr_carea' id='block_1_75' title="bbox 1931 3026 3505 3106">
    <p class='ocr_par' dir='ltr' id='par_1_75' title="bbox 1931 3026 3505 3106">
     <span class='ocr_line' id='line_1_75' title="bbox 1931 3026 3505 3106; baseline 0.01 -29"><span class='ocrx_word' id='word_1_514' title='bbox 1931 3026 2048 3092; x_wconf 84' lang='lat' dir='ltr'><strong>Quo</strong></span> <span class='ocrx_word' id='word_1_515' title='bbox 2078 3038 2234 3096; x_wconf 90' lang='lat' dir='ltr'><strong>pacto</strong></span> <span class='ocrx_word' id='word_1_516' title='bbox 2267 3029 2393 3082; x_wconf 90' lang='lat' dir='ltr'><strong>item</strong></span> <span class='ocrx_word' id='word_1_517' title='bbox 2418 3029 2750 3084; x_wconf 70' lang='grc' dir='ltr'>Πιιίιιῖεείεηαι</span> <span class='ocrx_word' id='word_1_518' title='bbox 2782 3041 2987 3086; x_wconf 73' lang='lat' dir='ltr'><strong>natura:</strong></span> <span class='ocrx_word' id='word_1_519' title='bbox 3021 3046 3214 3088; x_wconf 88' lang='lat' dir='ltr'><strong>ventus</strong></span> <span class='ocrx_word' id='word_1_520' title='bbox 3245 3048 3398 3106; x_wconf 86' lang='lat' dir='ltr'><strong>parte</strong></span> <span class='ocrx_word' id='word_1_521' title='bbox 3422 3039 3505 3092; x_wconf 79' lang='lat' dir='ltr'><strong>Sui</strong></span> 
     </span>
    </p>
   </div>
   <div class='ocr_carea' id='block_1_76' title="bbox 1933 3119 3505 3192">
    <p class='ocr_par' dir='ltr' id='par_1_76' title="bbox 1933 3119 3505 3192">
     <span class='ocr_line' id='line_1_76' title="bbox 1933 3119 3505 3192; baseline 0.006 -20"><span class='ocrx_word' id='word_1_522' title='bbox 1933 3120 2308 3182; x_wconf 84' lang='lat' dir='ltr'><strong>contrahatur,</strong></span> <span class='ocrx_word' id='word_1_523' title='bbox 2343 3133 2405 3173; x_wconf 88' lang='lat' dir='ltr'><strong>ac</strong></span> <span class='ocrx_word' id='word_1_524' title='bbox 2435 3119 2615 3172; x_wconf 89' lang='lat' dir='ltr'><strong>navim</strong></span> <span class='ocrx_word' id='word_1_525' title='bbox 2669 3121 2958 3176; x_wconf 88' lang='lat' dir='ltr'><strong>manifesto</strong></span> <span class='ocrx_word' id='word_1_526' title='bbox 3012 3123 3214 3192; x_wconf 87' lang='lat' dir='ltr'><strong>impetu</strong></span> <span class='ocrx_word' id='word_1_527' title='bbox 3266 3141 3366 3180; x_wconf 90' lang='lat' dir='ltr'><strong>suo</strong></span> <span class='ocrx_word' id='word_1_528' title='bbox 3399 3141 3505 3181; x_wconf 77' lang='lat' dir='ltr'><strong>non</strong></span> 
     </span>
    </p>
   </div>
   <div class='ocr_carea' id='block_1_77' title="bbox 1745 3205 3503 3285">
    <p class='ocr_par' dir='ltr' id='par_1_77' title="bbox 1745 3205 3503 3285">
     <span class='ocr_line' id='line_1_77' title="bbox 1745 3205 3503 3285; baseline 0.006 -22"><span class='ocrx_word' id='word_1_529' title='bbox 1745 3205 1824 3285; x_wconf 55' lang='lat' dir='ltr'><strong>if;</strong></span> <span class='ocrx_word' id='word_1_530' title='bbox 1854 3223 1899 3284; x_wconf 76' lang='grc' dir='ltr'>ο</span> <span class='ocrx_word' id='word_1_531' title='bbox 1931 3211 2186 3280; x_wconf 86' lang='lat' dir='ltr'><strong>abripiat,</strong></span> <span class='ocrx_word' id='word_1_532' title='bbox 2231 3210 2379 3264; x_wconf 90' lang='lat' dir='ltr'><strong>nullo</strong></span> <span class='ocrx_word' id='word_1_533' title='bbox 2426 3210 2530 3280; x_wconf 85' lang='lat' dir='ltr'><strong>ipsi</strong></span> <span class='ocrx_word' id='word_1_534' title='bbox 2579 3211 2841 3267; x_wconf 83' lang='lat' dir='ltr'><strong>validiore</strong></span> <span class='ocrx_word' id='word_1_535' title='bbox 2889 3229 3120 3285; x_wconf 87' lang='lat' dir='ltr'><strong>corpore</strong></span> <span class='ocrx_word' id='word_1_536' title='bbox 3158 3217 3503 3285; x_wconf 79' lang='lat' dir='ltr'><strong>obsistente;</strong></span> 
     </span>
    </p>
   </div>
   <div class='ocr_carea' id='block_1_78' title="bbox 1929 3303 3510 3374">
    <p class='ocr_par' dir='ltr' id='par_1_78' title="bbox 1929 3303 3510 3374">
     <span class='ocr_line' id='line_1_78' title="bbox 1929 3303 3510 3374; baseline 0.006 -18"><span class='ocrx_word' id='word_1_537' title='bbox 1929 3312 2121 3356; x_wconf 78' lang='lat' dir='ltr'><strong>ventus</strong></span> <span class='ocrx_word' id='word_1_538' title='bbox 2149 3303 2292 3356; x_wconf 87' lang='lat' dir='ltr'><strong>cnim</strong></span> <span class='ocrx_word' id='word_1_539' title='bbox 2322 3303 2581 3357; x_wconf 81' lang='lat' dir='ltr'><strong>facilitate</strong></span> <span class='ocrx_word' id='word_1_540' title='bbox 2626 3313 2802 3358; x_wconf 91' lang='lat' dir='ltr'><strong>motus</strong></span> <span class='ocrx_word' id='word_1_541' title='bbox 2825 3320 3021 3374; x_wconf 90' lang='lat' dir='ltr'><strong>aquam</strong></span> <span class='ocrx_word' id='word_1_542' title='bbox 3083 3312 3372 3365; x_wconf 75' lang='lat' dir='ltr'><strong>antecedit.</strong></span> <span class='ocrx_word' id='word_1_543' title='bbox 3408 3309 3510 3365; x_wconf 81' lang='lat' dir='ltr'><strong>Ne-</strong></span> 
     </span>
    </p>
   </div>
   <div class='ocr_carea' id='block_1_79' title="bbox 1926 3393 3506 3470">
    <p class='ocr_par' dir='ltr' id='par_1_79' title="bbox 1926 3393 3506 3470">
     <span class='ocr_line' id='line_1_79' title="bbox 1926 3393 3506 3470; baseline 0.006 -26"><span class='ocrx_word' id='word_1_544' title='bbox 1926 3408 2034 3462; x_wconf 88' lang='lat' dir='ltr'><strong>que</strong></span> <span class='ocrx_word' id='word_1_545' title='bbox 2086 3408 2213 3447; x_wconf 80' lang='lat' dir='ltr'><strong>vero</strong></span> <span class='ocrx_word' id='word_1_546' title='bbox 2276 3394 2500 3445; x_wconf 90' lang='lat' dir='ltr'><strong>minoris</strong></span> <span class='ocrx_word' id='word_1_547' title='bbox 2555 3393 2800 3447; x_wconf 82' lang='lat' dir='ltr'><strong>miraculi</strong></span> <span class='ocrx_word' id='word_1_548' title='bbox 2853 3396 3080 3462; x_wconf 80' lang='lat' dir='ltr'><strong>gloriam</strong></span> <span class='ocrx_word' id='word_1_549' title='bbox 3134 3399 3317 3463; x_wconf 85' lang='lat' dir='ltr'><strong>habet,</strong></span> <span class='ocrx_word' id='word_1_550' title='bbox 3361 3401 3506 3470; x_wconf 79' lang='lat' dir='ltr'><strong>quod</strong></span> 
     </span>
    </p>
   </div>
   <div class='ocr_carea' id='block_1_80' title="bbox 1927 3484 3508 3551">
    <p class='ocr_par' dir='ltr' id='par_1_80' title="bbox 1927 3484 3508 3551">
     <span class='ocr_line' id='line_1_80' title="bbox 1927 3484 3508 3551; baseline 0.004 -12"><span class='ocrx_word' id='word_1_551' title='bbox 1927 3484 2090 3539; x_wconf 80' lang='lat' dir='ltr'><strong>ﬂuida</strong></span> <span class='ocrx_word' id='word_1_552' title='bbox 2117 3486 2282 3538; x_wconf 87' lang='lat' dir='ltr'><strong>maris</strong></span> <span class='ocrx_word' id='word_1_553' title='bbox 2316 3485 2652 3551; x_wconf 76' lang='lat' dir='ltr'><strong>superficies,</strong></span> <span class='ocrx_word' id='word_1_554' title='bbox 2706 3487 2870 3538; x_wconf 85' lang='lat' dir='ltr'><strong>lirma</strong></span> <span class='ocrx_word' id='word_1_555' title='bbox 2900 3487 3145 3542; x_wconf 85' lang='lat' dir='ltr'><strong>adinstar</strong></span> <span class='ocrx_word' id='word_1_556' title='bbox 3176 3491 3508 3546; x_wconf 85' lang='lat' dir='ltr'><strong>continentis</strong></span> 
     </span>
    </p>
   </div>
   <div class='ocr_carea' id='block_1_81' title="bbox 1928 3575 3506 3650">
    <p class='ocr_par' dir='ltr' id='par_1_81' title="bbox 1928 3575 3506 3650">
     <span class='ocr_line' id='line_1_81' title="bbox 1928 3575 3506 3650; baseline 0.004 -20"><span class='ocrx_word' id='word_1_557' title='bbox 1928 3577 2068 3630; x_wconf 84' lang='lat' dir='ltr'><strong>facta</strong></span> <span class='ocrx_word' id='word_1_558' title='bbox 2103 3575 2206 3640; x_wconf 89' lang='lat' dir='ltr'><strong>sit;</strong></span> <span class='ocrx_word' id='word_1_559' title='bbox 2238 3591 2396 3644; x_wconf 81' lang='lat' dir='ltr'><strong>quam</strong></span> <span class='ocrx_word' id='word_1_560' title='bbox 2429 3577 2570 3642; x_wconf 89' lang='lat' dir='ltr'><strong>quod</strong></span> <span class='ocrx_word' id='word_1_561' title='bbox 2602 3577 2794 3629; x_wconf 83' lang='lat' dir='ltr'><strong>divisis</strong></span> <span class='ocrx_word' id='word_1_562' title='bbox 2826 3579 3006 3647; x_wconf 86' lang='lat' dir='ltr'><strong>aquis,</strong></span> <span class='ocrx_word' id='word_1_563' title='bbox 3049 3579 3100 3632; x_wconf 92' lang='lat' dir='ltr'><strong>in</strong></span> <span class='ocrx_word' id='word_1_564' title='bbox 3128 3579 3297 3635; x_wconf 84' lang='lat' dir='ltr'><strong>fundo</strong></span> <span class='ocrx_word' id='word_1_565' title='bbox 3319 3576 3506 3650; x_wconf 50' lang='lat' dir='ltr'><strong>martis,</strong></span> 
     </span>
    </p>
   </div>
   <div class='ocr_carea' id='block_1_82' title="bbox 1928 3669 3509 3738">
    <p class='ocr_par' dir='ltr' id='par_1_82' title="bbox 1928 3669 3509 3738">
     <span class='ocr_line' id='line_1_82' title="bbox 1928 3669 3509 3738; baseline 0.005 -16"><span class='ocrx_word' id='word_1_566' title='bbox 1928 3669 2209 3723; x_wconf 89' lang='lat' dir='ltr'><strong>continens</strong></span> <span class='ocrx_word' id='word_1_567' title='bbox 2246 3671 2557 3737; x_wconf 80' lang='lat' dir='ltr'><strong>apparuerit</strong></span> <span class='ocrx_word' id='word_1_568' title='bbox 2591 3670 2906 3738; x_wconf 88' lang='lat' dir='ltr'><strong>aliquando.</strong></span> <span class='ocrx_word' id='word_1_569' title='bbox 2947 3672 3308 3737; x_wconf 80' lang='lat' dir='ltr'><strong>Quamobrem</strong></span> <span class='ocrx_word' id='word_1_570' title='bbox 3341 3676 3509 3730; x_wconf 84' lang='lat' dir='ltr'><strong>hocce</strong></span> 
     </span>
    </p>
   </div>
   <div class='ocr_carea' id='block_1_83' title="bbox 1928 3761 3512 3833">
    <p class='ocr_par' dir='ltr' id='par_1_83' title="bbox 1928 3761 3512 3833">
     <span class='ocr_line' id='line_1_83' title="bbox 1928 3761 3512 3833; baseline 0.004 -18"><span class='ocrx_word' id='word_1_571' title='bbox 1928 3761 2091 3816; x_wconf 85' lang='lat' dir='ltr'><strong>etiam</strong></span> <span class='ocrx_word' id='word_1_572' title='bbox 2117 3762 2351 3828; x_wconf 89' lang='lat' dir='ltr'><strong>antiquis</strong></span> <span class='ocrx_word' id='word_1_573' title='bbox 2381 3763 2875 3826; x_wconf 86' lang='lat' dir='ltr'><strong>annutneramlum,</strong></span> <span class='ocrx_word' id='word_1_574' title='bbox 2903 3778 3001 3816; x_wconf 86' lang='lat' dir='ltr'><strong>nec</strong></span> <span class='ocrx_word' id='word_1_575' title='bbox 3029 3764 3204 3817; x_wconf 91' lang='lat' dir='ltr'><strong>minus</strong></span> <span class='ocrx_word' id='word_1_576' title='bbox 3235 3782 3398 3833; x_wconf 87' lang='lat' dir='ltr'><strong>quam</strong></span> <span class='ocrx_word' id='word_1_577' title='bbox 3421 3768 3512 3821; x_wconf 72' lang='lat' dir='ltr'><strong>illa</strong></span> 
     </span>
    </p>
   </div>
   <div class='ocr_carea' id='block_1_84' title="bbox 1928 3853 3505 3929">
    <p class='ocr_par' dir='ltr' id='par_1_84' title="bbox 1928 3853 3505 3929">
     <span class='ocr_line' id='line_1_84' title="bbox 1928 3853 3505 3929; baseline 0.004 -21"><span class='ocrx_word' id='word_1_578' title='bbox 1928 3854 2309 3922; x_wconf 76' lang='lat' dir='ltr'><strong>divulgandum</strong></span> <span class='ocrx_word' id='word_1_579' title='bbox 2349 3854 2497 3905; x_wconf 86' lang='lat' dir='ltr'><strong>venit</strong></span> <span class='ocrx_word' id='word_1_580' title='bbox 2536 3853 2895 3908; x_wconf 83' lang='lat' dir='ltr'><strong>miraculum:</strong></span> <span class='ocrx_word' id='word_1_581' title='bbox 2937 3856 2987 3908; x_wconf 91' lang='lat' dir='ltr'><strong>in</strong></span> <span class='ocrx_word' id='word_1_582' title='bbox 3011 3872 3185 3922; x_wconf 88' lang='lat' dir='ltr'><strong>eoque</strong></span> <span class='ocrx_word' id='word_1_583' title='bbox 3217 3858 3379 3922; x_wconf 88' lang='lat' dir='ltr'><strong>Deus,</strong></span> <span class='ocrx_word' id='word_1_584' title='bbox 3414 3863 3505 3929; x_wconf 86' lang='lat' dir='ltr'><strong>qui</strong></span> 
     </span>
    </p>
   </div>
   <div class='ocr_carea' id='block_1_85' title="bbox 1929 3944 3499 4020">
    <p class='ocr_par' dir='ltr' id='par_1_85' title="bbox 1929 3944 3499 4020">
     <span class='ocr_line' id='line_1_85' title="bbox 1929 3944 3499 4020; baseline 0.006 -24"><span class='ocrx_word' id='word_1_585' title='bbox 1929 3945 2191 4014; x_wconf 86' lang='lat' dir='ltr'><strong>quidquid</strong></span> <span class='ocrx_word' id='word_1_586' title='bbox 2220 3945 2439 3998; x_wconf 80' lang='lat' dir='ltr'><strong>libuerit</strong></span> <span class='ocrx_word' id='word_1_587' title='bbox 2466 3953 2575 3997; x_wconf 89' lang='lat' dir='ltr'><strong>tam</strong></span> <span class='ocrx_word' id='word_1_588' title='bbox 2612 3944 2765 4000; x_wconf 82' lang='lat' dir='ltr'><strong>facile</strong></span> <span class='ocrx_word' id='word_1_589' title='bbox 2805 3947 3039 4015; x_wconf 86' lang='lat' dir='ltr'><strong>perlicit,</strong></span> <span class='ocrx_word' id='word_1_590' title='bbox 3067 3947 3275 4004; x_wconf 86' lang='lat' dir='ltr'><strong>laudari</strong></span> <span class='ocrx_word' id='word_1_591' title='bbox 3307 3953 3499 4020; x_wconf 63' lang='lat' dir='ltr'><strong>praeci-</strong></span> 
     </span>
    </p>
   </div>
   <div class='ocr_carea' id='block_1_86' title="bbox 1931 4036 2244 4105">
    <p class='ocr_par' dir='ltr' id='par_1_86' title="bbox 1931 4036 2244 4105">
     <span class='ocr_line' id='line_1_86' title="bbox 1931 4036 2244 4105; baseline 0.01 -17"><span class='ocrx_word' id='word_1_592' title='bbox 1931 4051 2032 4105; x_wconf 86' lang='lat' dir='ltr'><strong>pue</strong></span> <span class='ocrx_word' id='word_1_593' title='bbox 2060 4036 2244 4091; x_wconf 83' lang='lat' dir='ltr'><strong>debet.</strong></span> 
     </span>
    </p>
   </div>
   <div class='ocr_carea' id='block_1_87' title="bbox 2002 4203 3495 4280">
    <p class='ocr_par' dir='ltr' id='par_1_87' title="bbox 2002 4203 3495 4280">
     <span class='ocr_line' id='line_1_87' title="bbox 2002 4203 3495 4280; baseline 0.007 -22"><span class='ocrx_word' id='word_1_594' title='bbox 2002 4205 2088 4258; x_wconf 74' lang='grc'><strong>17.</strong></span> <span class='ocrx_word' id='word_1_595' title='bbox 2123 4203 2303 4274; x_wconf 88' lang='lat' dir='ltr'><strong>ltaqne</strong></span> <span class='ocrx_word' id='word_1_596' title='bbox 2342 4206 2431 4274; x_wconf 90' lang='lat' dir='ltr'><strong>qui</strong></span> <span class='ocrx_word' id='word_1_597' title='bbox 2465 4221 2587 4260; x_wconf 91' lang='lat' dir='ltr'><strong>cum</strong></span> <span class='ocrx_word' id='word_1_598' title='bbox 2639 4207 2799 4262; x_wconf 81' lang='lat' dir='ltr'><strong>Petro</strong></span> <span class='ocrx_word' id='word_1_599' title='bbox 2844 4209 3174 4280; x_wconf 79' lang='lat' dir='ltr'><strong>navigabant</strong></span> <span class='ocrx_word' id='word_1_600' title='bbox 3225 4222 3495 4276; x_wconf 86' lang='lat' dir='ltr'><strong>vectores.</strong></span> 
     </span>
    </p>
   </div>
   <div class='ocr_carea' id='block_1_88' title="bbox 1929 4296 3499 4372">
    <p class='ocr_par' dir='ltr' id='par_1_88' title="bbox 1929 4296 3499 4372">
     <span class='ocr_line' id='line_1_88' title="bbox 1929 4296 3499 4372; baseline 0.004 -21"><span class='ocrx_word' id='word_1_601' title='bbox 1929 4299 2050 4351; x_wconf 86' lang='lat' dir='ltr'><strong>navi</strong></span> <span class='ocrx_word' id='word_1_602' title='bbox 2088 4307 2245 4350; x_wconf 71' lang='lat' dir='ltr'><strong>terrae</strong></span> <span class='ocrx_word' id='word_1_603' title='bbox 2271 4296 2511 4361; x_wconf 89' lang='lat' dir='ltr'><strong>admota,</strong></span> <span class='ocrx_word' id='word_1_604' title='bbox 2546 4298 2610 4351; x_wconf 92' lang='lat' dir='ltr'><strong>ad</strong></span> <span class='ocrx_word' id='word_1_605' title='bbox 2664 4301 2898 4353; x_wconf 89' lang='lat' dir='ltr'><strong>radicem</strong></span> <span class='ocrx_word' id='word_1_606' title='bbox 2944 4302 3149 4356; x_wconf 90' lang='lat' dir='ltr'><strong>montis</strong></span> <span class='ocrx_word' id='word_1_607' title='bbox 3176 4319 3499 4372; x_wconf 82' lang='lat' dir='ltr'><strong>generosum</strong></span> 
     </span>
    </p>
   </div>
   <div class='ocr_carea' id='block_1_89' title="bbox 1930 4391 3501 4464">
    <p class='ocr_par' dir='ltr' id='par_1_89' title="bbox 1930 4391 3501 4464">
     <span class='ocr_line' id='line_1_89' title="bbox 1930 4391 3501 4464; baseline 0.005 -22"><span class='ocrx_word' id='word_1_608' title='bbox 1930 4391 2101 4443; x_wconf 81' lang='lat' dir='ltr'><strong>virum</strong></span> <span class='ocrx_word' id='word_1_609' title='bbox 2139 4405 2244 4442; x_wconf 92' lang='lat' dir='ltr'><strong>non</strong></span> <span class='ocrx_word' id='word_1_610' title='bbox 2291 4391 2409 4442; x_wconf 88' lang='lat' dir='ltr'><strong>sine</strong></span> <span class='ocrx_word' id='word_1_611' title='bbox 2455 4391 2709 4458; x_wconf 86' lang='lat' dir='ltr'><strong>lacrymis</strong></span> <span class='ocrx_word' id='word_1_612' title='bbox 2755 4391 3080 4446; x_wconf 89' lang='lat' dir='ltr'><strong>dimiserunt</strong></span> <span class='ocrx_word' id='word_1_613' title='bbox 3121 4411 3134 4446; x_wconf 95' lang='lat'><strong>:</strong></span> <span class='ocrx_word' id='word_1_614' title='bbox 3178 4410 3314 4461; x_wconf 84' lang='lat' dir='ltr'><strong>quos</strong></span> <span class='ocrx_word' id='word_1_615' title='bbox 3368 4398 3501 4464; x_wconf 86' lang='lat' dir='ltr'><strong>ipse,</strong></span> 
     </span>
    </p>
   </div>
   <div class='ocr_carea' id='block_1_90' title="bbox 1932 4481 3505 4556">
    <p class='ocr_par' dir='ltr' id='par_1_90' title="bbox 1932 4481 3505 4556">
     <span class='ocr_line' id='line_1_90' title="bbox 1932 4481 3505 4556; baseline 0.008 -25"><span class='ocrx_word' id='word_1_616' title='bbox 1932 4497 2041 4552; x_wconf 63' lang='lat' dir='ltr'><strong>prae</strong></span> <span class='ocrx_word' id='word_1_617' title='bbox 2069 4481 2289 4534; x_wconf 91' lang='lat' dir='ltr'><strong>tristitia</strong></span> <span class='ocrx_word' id='word_1_618' title='bbox 2310 4481 2509 4534; x_wconf 91' lang='lat' dir='ltr'><strong>animis</strong></span> <span class='ocrx_word' id='word_1_619' title='bbox 2533 4483 2902 4547; x_wconf 75' lang='lat' dir='ltr'><strong>COIICitit&#39;llleS,</strong></span> <span class='ocrx_word' id='word_1_620' title='bbox 2925 4485 3120 4539; x_wconf 88' lang='lat' dir='ltr'><strong>blande</strong></span> <span class='ocrx_word' id='word_1_621' title='bbox 3141 4490 3315 4542; x_wconf 72' lang='lat' dir='ltr'><strong>erevit</strong></span> <span class='ocrx_word' id='word_1_622' title='bbox 3335 4506 3350 4553; x_wconf 91' lang='lat'><strong>;</strong></span> <span class='ocrx_word' id='word_1_623' title='bbox 3373 4504 3505 4556; x_wconf 70' lang='lat' dir='ltr'><strong>pra:-</strong></span> 
     </span>
    </p>
   </div>
   <div class='ocr_carea' id='block_1_91' title="bbox 234 4557 1827 4648">
    <p class='ocr_par' dir='ltr' id='par_1_91' title="bbox 234 4557 1824 4634">
     <span class='ocr_line' id='line_1_91' title="bbox 234 4557 1824 4634; baseline 0.004 -24"><span class='ocrx_word' id='word_1_624' title='bbox 234 4561 430 4619; x_wconf 74' lang='grc' dir='ltr'>αὐτοῖς</span> <span class='ocrx_word' id='word_1_625' title='bbox 464 4558 555 4608; x_wconf 85' lang='grc' dir='ltr'>τόν</span> <span class='ocrx_word' id='word_1_626' title='bbox 610 4573 668 4609; x_wconf 84' lang='grc' dir='ltr'><strong>τε</strong></span> <span class='ocrx_word' id='word_1_627' title='bbox 706 4557 874 4608; x_wconf 81' lang='grc' dir='ltr'>πλοῦν</span> <span class='ocrx_word' id='word_1_628' title='bbox 928 4559 1236 4622; x_wconf 75' lang='grc' dir='ltr'>ἀκίνδυνον,</span> <span class='ocrx_word' id='word_1_629' title='bbox 1279 4561 1373 4613; x_wconf 79' lang='grc' dir='ltr'><strong>καὶ</strong></span> <span class='ocrx_word' id='word_1_630' title='bbox 1409 4562 1509 4631; x_wconf 77' lang='grc' dir='ltr'><strong>τὴν</strong></span> <span class='ocrx_word' id='word_1_631' title='bbox 1565 4564 1824 4634; x_wconf 83' lang='grc' dir='ltr'>πρόθεσιν</span> 
     </span>
    </p>
   </div>
   <div class='ocr_carea' id='block_1_92' title="bbox 1844 4557 3506 4648">
    <p class='ocr_par' dir='ltr' id='par_1_92' title="bbox 1857 4572 3506 4648">
     <span class='ocr_line' id='line_1_92' title="bbox 1857 4572 3506 4648; baseline 0.005 -22"><span class='ocrx_word' id='word_1_632' title='bbox 1857 4573 1904 4632; x_wconf 89' lang='lat' dir='ltr'><strong>D</strong></span> <span class='ocrx_word' id='word_1_633' title='bbox 1932 4574 2118 4627; x_wconf 74' lang='lat' dir='ltr'><strong>dicens</strong></span> <span class='ocrx_word' id='word_1_634' title='bbox 2159 4572 2272 4627; x_wconf 82' lang='lat' dir='ltr'><strong>fore</strong></span> <span class='ocrx_word' id='word_1_635' title='bbox 2329 4585 2384 4625; x_wconf 95' lang='lat' dir='ltr'><strong>ut</strong></span> <span class='ocrx_word' id='word_1_636' title='bbox 2427 4574 2776 4642; x_wconf 85' lang='lat' dir='ltr'><strong>imposlerum</strong></span> <span class='ocrx_word' id='word_1_637' title='bbox 2810 4591 2999 4631; x_wconf 88' lang='lat' dir='ltr'><strong>secure</strong></span> <span class='ocrx_word' id='word_1_638' title='bbox 3028 4579 3311 4648; x_wconf 77' lang='lat' dir='ltr'><strong>navigant,</strong></span> <span class='ocrx_word' id='word_1_639' title='bbox 3346 4591 3506 4648; x_wconf 88' lang='lat' dir='ltr'><strong>atque</strong></span> 
     </span>
    </p>
   </div>
   <div class='ocr_carea' id='block_1_93' title="bbox 234 4645 1824 4724">
    <p class='ocr_par' dir='ltr' id='par_1_93' title="bbox 234 4645 1824 4724">
     <span class='ocr_line' id='line_1_93' title="bbox 234 4645 1824 4724; baseline 0 -22"><span class='ocrx_word' id='word_1_640' title='bbox 234 4648 513 4715; x_wconf 75' lang='grc' dir='ltr'>ἀνύσιμον</span> <span class='ocrx_word' id='word_1_641' title='bbox 564 4645 731 4712; x_wconf 77' lang='grc' dir='ltr'>ἕξειν.</span> <span class='ocrx_word' id='word_1_642' title='bbox 770 4650 832 4701; x_wconf 79' lang='grc' dir='ltr'><strong>Οἱ</strong></span> <span class='ocrx_word' id='word_1_643' title='bbox 890 4652 987 4719; x_wconf 86' lang='grc' dir='ltr'><strong>μὲν</strong></span> <span class='ocrx_word' id='word_1_644' title='bbox 1036 4650 1131 4704; x_wconf 77' lang='grc' dir='ltr'><strong>οὖν</strong></span> <span class='ocrx_word' id='word_1_645' title='bbox 1169 4652 1485 4706; x_wconf 75' lang='grc' dir='ltr'>ἐστέλλοντο</span> <span class='ocrx_word' id='word_1_646' title='bbox 1519 4657 1638 4723; x_wconf 81' lang='grc' dir='ltr'>μετ’</span> <span class='ocrx_word' id='word_1_647' title='bbox 1680 4659 1824 4724; x_wconf 76' lang='grc' dir='ltr'>ἀγα..</span> 
     </span>
    </p>
   </div>
   <div class='ocr_carea' id='block_1_94' title="bbox 233 4741 1825 4817">
    <p class='ocr_par' dir='ltr' id='par_1_94' title="bbox 233 4741 1825 4817">
     <span class='ocr_line' id='line_1_94' title="bbox 233 4741 1825 4817; baseline 0.004 -22"><span class='ocrx_word' id='word_1_648' title='bbox 233 4743 350 4795; x_wconf 85' lang='grc' dir='ltr'><strong>θῶν</strong></span> <span class='ocrx_word' id='word_1_649' title='bbox 381 4741 493 4792; x_wconf 83' lang='grc' dir='ltr'><strong>τῶν</strong></span> <span class='ocrx_word' id='word_1_650' title='bbox 536 4741 772 4794; x_wconf 79' lang='grc' dir='ltr'>ἐλπίδων</span> <span class='ocrx_word' id='word_1_651' title='bbox 793 4756 807 4770; x_wconf 81' lang='grc'><strong><em>⁸</em></strong></span> <span class='ocrx_word' id='word_1_652' title='bbox 845 4743 871 4793; x_wconf 91' lang='lat'><strong>6</strong></span> <span class='ocrx_word' id='word_1_653' title='bbox 917 4744 972 4795; x_wconf 76' lang='grc' dir='ltr'>δὲ</span> <span class='ocrx_word' id='word_1_654' title='bbox 1026 4743 1119 4814; x_wconf 78' lang='grc' dir='ltr'><strong>βίᾳ</strong></span> <span class='ocrx_word' id='word_1_655' title='bbox 1153 4745 1273 4813; x_wconf 84' lang='grc' dir='ltr'>μὲν,</span> <span class='ocrx_word' id='word_1_656' title='bbox 1303 4746 1564 4799; x_wconf 70' lang='grc' dir='ltr'>ἂπέϐαινε</span> <span class='ocrx_word' id='word_1_657' title='bbox 1594 4748 1648 4800; x_wconf 83' lang='grc' dir='ltr'><strong>δὲ</strong></span> <span class='ocrx_word' id='word_1_658' title='bbox 1677 4750 1825 4817; x_wconf 86' lang='grc' dir='ltr'>ὅμως</span> 
     </span>
    </p>
   </div>
   <div class='ocr_carea' id='block_1_95' title="bbox 231 4833 1824 4906">
    <p class='ocr_par' dir='ltr' id='par_1_95' title="bbox 231 4833 1824 4906">
     <span class='ocr_line' id='line_1_95' title="bbox 231 4833 1824 4906; baseline 0.006 -22"><span class='ocrx_word' id='word_1_659' title='bbox 231 4834 349 4885; x_wconf 84' lang='grc' dir='ltr'>τῶν</span> <span class='ocrx_word' id='word_1_660' title='bbox 406 4833 654 4895; x_wconf 77' lang='grc' dir='ltr'>ἀϐάτων,</span> <span class='ocrx_word' id='word_1_661' title='bbox 689 4838 782 4887; x_wconf 79' lang='grc' dir='ltr'>καὶ</span> <span class='ocrx_word' id='word_1_662' title='bbox 841 4835 1011 4903; x_wconf 80' lang='grc' dir='ltr'>ἀνέϐη</span> <span class='ocrx_word' id='word_1_663' title='bbox 1078 4837 1138 4888; x_wconf 78' lang='grc' dir='ltr'><strong>τὸ</strong></span> <span class='ocrx_word' id='word_1_664' title='bbox 1181 4837 1330 4906; x_wconf 77' lang='grc' dir='ltr'>ὅρος,</span> <span class='ocrx_word' id='word_1_665' title='bbox 1379 4839 1472 4891; x_wconf 72' lang='grc' dir='ltr'>καὶ</span> <span class='ocrx_word' id='word_1_666' title='bbox 1527 4841 1705 4893; x_wconf 81' lang='grc' dir='ltr'>εἰσέδυ</span> <span class='ocrx_word' id='word_1_667' title='bbox 1756 4840 1824 4893; x_wconf 71' lang='grc' dir='ltr'>τὶι</span> 
     </span>
    </p>
   </div>
   <div class='ocr_carea' id='block_1_96' title="bbox 235 4916 1825 5002">
    <p class='ocr_par' dir='ltr' id='par_1_96' title="bbox 235 4916 1825 5002">
     <span class='ocr_line' id='line_1_96' title="bbox 235 4916 1825 5002; baseline 0.003 -20"><span class='ocrx_word' id='word_1_668' title='bbox 235 4929 434 4988; x_wconf 66' lang='grc' dir='ltr'>ἄδυτα,</span> <span class='ocrx_word' id='word_1_669' title='bbox 464 4926 582 4997; x_wconf 81' lang='grc' dir='ltr'>Θεῷ</span> <span class='ocrx_word' id='word_1_670' title='bbox 617 4928 760 4995; x_wconf 83' lang='grc' dir='ltr'>μόνῳ</span> <span class='ocrx_word' id='word_1_671' title='bbox 791 4929 860 4980; x_wconf 72' lang='grc' dir='ltr'><strong>τὰ</strong></span> <span class='ocrx_word' id='word_1_672' title='bbox 890 4927 1016 4980; x_wconf 79' lang='grc' dir='ltr'>καθ’</span> <span class='ocrx_word' id='word_1_673' title='bbox 1056 4929 1251 4983; x_wconf 75' lang='grc' dir='ltr'>ἐτυτδν</span> <span class='ocrx_word' id='word_1_674' title='bbox 1297 4932 1620 5002; x_wconf 70' lang='grc' dir='ltr'>ἐπιτρέψας,</span> <span class='ocrx_word' id='word_1_675' title='bbox 1656 4916 1825 5001; x_wconf 55' lang='grc' dir='ltr'>ᾧῗιαὶ</span> 
     </span>
    </p>
   </div>
   <div class='ocr_carea' id='block_1_97' title="bbox 238 5017 1824 5092">
    <p class='ocr_par' dir='ltr' id='par_1_97' title="bbox 238 5017 1824 5092">
     <span class='ocr_line' id='line_1_97' title="bbox 238 5017 1824 5092; baseline 0.004 -22"><span class='ocrx_word' id='word_1_676' title='bbox 238 5020 390 5088; x_wconf 74' lang='grc' dir='ltr'>μόνῳ</span> <span class='ocrx_word' id='word_1_677' title='bbox 426 5017 789 5087; x_wconf 81' lang='grc' dir='ltr'>προεθυμήθη</span> <span class='ocrx_word' id='word_1_678' title='bbox 820 5035 880 5069; x_wconf 87' lang='grc' dir='ltr'><strong>τε</strong></span> <span class='ocrx_word' id='word_1_679' title='bbox 920 5019 1014 5073; x_wconf 83' lang='grc' dir='ltr'><strong>καὶ</strong></span> <span class='ocrx_word' id='word_1_680' title='bbox 1065 5020 1277 5090; x_wconf 80' lang='grc' dir='ltr'>ὑπέστη</span> <span class='ocrx_word' id='word_1_681' title='bbox 1318 5023 1524 5092; x_wconf 80' lang='grc' dir='ltr'>ζήσειν,</span> <span class='ocrx_word' id='word_1_682' title='bbox 1559 5024 1588 5076; x_wconf 86' lang='grc' dir='ltr'>ὃ</span> <span class='ocrx_word' id='word_1_683' title='bbox 1621 5025 1717 5077; x_wconf 79' lang='grc' dir='ltr'><strong>καὶ</strong></span> <span class='ocrx_word' id='word_1_684' title='bbox 1745 5028 1824 5087; x_wconf 86' lang='grc' dir='ltr'><strong>εἰς</strong></span> 
     </span>
    </p>
   </div>
   <div class='ocr_carea' id='block_1_98' title="bbox 231 5108 1823 5180">
    <p class='ocr_par' dir='ltr' id='par_1_98' title="bbox 231 5108 1823 5180">
     <span class='ocr_line' id='line_1_98' title="bbox 231 5108 1823 5180; baseline 0.005 -20"><span class='ocrx_word' id='word_1_685' title='bbox 231 5110 390 5168; x_wconf 81' lang='grc' dir='ltr'>τέλος</span> <span class='ocrx_word' id='word_1_686' title='bbox 445 5111 675 5175; x_wconf 79' lang='grc' dir='ltr'>ἀγαγεῖν</span> <span class='ocrx_word' id='word_1_687' title='bbox 725 5108 1086 5175; x_wconf 67' lang='grc' dir='ltr'>ἐσπούδασεν,</span> <span class='ocrx_word' id='word_1_688' title='bbox 1121 5112 1181 5164; x_wconf 81' lang='grc' dir='ltr'><strong>οὐ</strong></span> <span class='ocrx_word' id='word_1_689' title='bbox 1242 5113 1403 5180; x_wconf 80' lang='grc' dir='ltr'>μόνον</span> <span class='ocrx_word' id='word_1_690' title='bbox 1457 5116 1716 5178; x_wconf 76' lang='grc' dir='ltr'>ἀπόσιτος</span> <span class='ocrx_word' id='word_1_691' title='bbox 1748 5116 1823 5168; x_wconf 80' lang='grc' dir='ltr'><strong>ὢν</strong></span> 
     </span>
    </p>
   </div>
   <div class='ocr_carea' id='block_1_99' title="bbox 232 5200 1826 5278">
    <p class='ocr_par' dir='ltr' id='par_1_99' title="bbox 232 5200 1826 5278">
     <span class='ocr_line' id='line_1_99' title="bbox 232 5200 1826 5278; baseline 0.005 -25"><span class='ocrx_word' id='word_1_692' title='bbox 232 5203 451 5270; x_wconf 62' lang='grc' dir='ltr'>σχεδὸν,</span> <span class='ocrx_word' id='word_1_693' title='bbox 482 5201 594 5252; x_wconf 76' lang='grc' dir='ltr'><strong>τῶν</strong></span> <span class='ocrx_word' id='word_1_694' title='bbox 641 5203 742 5254; x_wconf 84' lang='grc' dir='ltr'>ὅσα</span> <span class='ocrx_word' id='word_1_695' title='bbox 799 5200 1044 5270; x_wconf 84' lang='grc' dir='ltr'>πέφυκεν</span> <span class='ocrx_word' id='word_1_696' title='bbox 1097 5204 1404 5274; x_wconf 81' lang='grc' dir='ltr'>ἀνθρώπων</span> <span class='ocrx_word' id='word_1_697' title='bbox 1445 5209 1690 5278; x_wconf 81' lang='grc' dir='ltr'>συνέχειν</span> <span class='ocrx_word' id='word_1_698' title='bbox 1727 5209 1826 5278; x_wconf 81' lang='grc' dir='ltr'><strong>φύ-</strong></span> 
     </span>
    </p>
   </div>
   <div class='ocr_carea' id='block_1_100' title="bbox 231 5293 1822 5369">
    <p class='ocr_par' dir='ltr' id='par_1_100' title="bbox 231 5293 1822 5369">
     <span class='ocr_line' id='line_1_100' title="bbox 231 5293 1822 5369; baseline 0.004 -24"><span class='ocrx_word' id='word_1_699' title='bbox 231 5313 362 5358; x_wconf 80' lang='grc' dir='ltr'>σιν,</span> <span class='ocrx_word' id='word_1_700' title='bbox 423 5298 517 5344; x_wconf 81' lang='grc' dir='ltr'><strong>καὶ</strong></span> <span class='ocrx_word' id='word_1_701' title='bbox 575 5293 747 5362; x_wconf 78' lang='grc' dir='ltr'>βραχύ</span> <span class='ocrx_word' id='word_1_702' title='bbox 815 5313 867 5347; x_wconf 87' lang='grc' dir='ltr'><strong>τι</strong></span> <span class='ocrx_word' id='word_1_703' title='bbox 926 5295 1056 5365; x_wconf 86' lang='grc' dir='ltr'>παρ’</span> <span class='ocrx_word' id='word_1_704' title='bbox 1118 5296 1387 5365; x_wconf 81' lang='grc' dir='ltr'>ἀγγέλους</span> <span class='ocrx_word' id='word_1_705' title='bbox 1435 5300 1822 5369; x_wconf 78' lang='grc' dir='ltr'>ἡλαττωμένος</span> 
     </span>
    </p>
   </div>
   <div class='ocr_carea' id='block_1_101' title="bbox 226 5385 1822 5458">
    <p class='ocr_par' dir='ltr' id='par_1_101' title="bbox 226 5385 1822 5458">
     <span class='ocr_line' id='line_1_101' title="bbox 226 5385 1822 5458; baseline 0.007 -21"><span class='ocrx_word' id='word_1_706' title='bbox 226 5389 386 5438; x_wconf 54' lang='grc' dir='ltr'>τουτὶ</span> <span class='ocrx_word' id='word_1_707' title='bbox 414 5386 475 5437; x_wconf 62' lang='grc' dir='ltr'>τ),</span> <span class='ocrx_word' id='word_1_708' title='bbox 519 5387 707 5456; x_wconf 86' lang='grc' dir='ltr'>μέρος,</span> <span class='ocrx_word' id='word_1_709' title='bbox 735 5385 874 5441; x_wconf 84' lang='grc' dir='ltr'>ἀλλὰ</span> <span class='ocrx_word' id='word_1_710' title='bbox 921 5389 1016 5441; x_wconf 78' lang='grc' dir='ltr'>καὶ</span> <span class='ocrx_word' id='word_1_711' title='bbox 1070 5388 1234 5458; x_wconf 74' lang='grc' dir='ltr'>ψύχει</span> <span class='ocrx_word' id='word_1_712' title='bbox 1288 5390 1383 5443; x_wconf 71' lang='grc' dir='ltr'><strong>καὶ</strong></span> <span class='ocrx_word' id='word_1_713' title='bbox 1433 5392 1676 5446; x_wconf 84' lang='grc' dir='ltr'>καύσωνι</span> <span class='ocrx_word' id='word_1_714' title='bbox 1726 5397 1822 5448; x_wconf 73' lang='grc' dir='ltr'><strong>καὶ</strong></span> 
     </span>
    </p>
   </div>
   <div class='ocr_carea' id='block_1_102' title="bbox 226 5479 1821 5552">
    <p class='ocr_par' dir='ltr' id='par_1_102' title="bbox 226 5479 1821 5552">
     <span class='ocr_line' id='line_1_102' title="bbox 226 5479 1821 5552; baseline 0.004 -20"><span class='ocrx_word' id='word_1_715' title='bbox 226 5482 500 5547; x_wconf 80' lang='grc' dir='ltr'>παγετοῖς</span> <span class='ocrx_word' id='word_1_716' title='bbox 559 5479 656 5530; x_wconf 77' lang='grc' dir='ltr'><strong>καὶ</strong></span> <span class='ocrx_word' id='word_1_717' title='bbox 706 5479 853 5549; x_wconf 76' lang='grc' dir='ltr'>χιόσι</span> <span class='ocrx_word' id='word_1_718' title='bbox 903 5482 997 5533; x_wconf 71' lang='grc' dir='ltr'><strong>καὶ</strong></span> <span class='ocrx_word' id='word_1_719' title='bbox 1051 5481 1302 5552; x_wconf 83' lang='grc' dir='ltr'>ὄμϐροις,</span> <span class='ocrx_word' id='word_1_720' title='bbox 1351 5484 1558 5552; x_wconf 87' lang='grc' dir='ltr'>γυμνός</span> <span class='ocrx_word' id='word_1_721' title='bbox 1611 5501 1671 5536; x_wconf 87' lang='grc' dir='ltr'><strong>τε</strong></span> <span class='ocrx_word' id='word_1_722' title='bbox 1730 5489 1821 5538; x_wconf 79' lang='grc' dir='ltr'>καὶ</span> 
     </span>
    </p>
   </div>
   <div class='ocr_carea' id='block_1_103' title="bbox 229 5571 1818 5648">
    <p class='ocr_par' dir='ltr' id='par_1_103' title="bbox 229 5571 1818 5648">
     <span class='ocr_line' id='line_1_103' title="bbox 229 5571 1818 5648; baseline 0.006 -24"><span class='ocrx_word' id='word_1_723' title='bbox 229 5572 540 5641; x_wconf 73' lang='grc' dir='ltr'>ὕπαιθρος,</span> <span class='ocrx_word' id='word_1_724' title='bbox 600 5571 646 5623; x_wconf 83' lang='grc' dir='ltr'><strong>ὣ</strong></span> <span class='ocrx_word' id='word_1_725' title='bbox 709 5574 811 5640; x_wconf 80' lang='grc' dir='ltr'>τῆς</span> <span class='ocrx_word' id='word_1_726' title='bbox 874 5575 1209 5644; x_wconf 71' lang='grc' dir='ltr'>καρτερίαςε</span> <span class='ocrx_word' id='word_1_727' title='bbox 1276 5577 1818 5648; x_wconf 76' lang='grc' dir='ltr'>ταλαιπωρούμενος.</span> 
     </span>
    </p>
   </div>
   <div class='ocr_carea' id='block_1_104' title="bbox 242 5663 1818 5738">
    <p class='ocr_par' dir='ltr' id='par_1_104' title="bbox 242 5663 1818 5738">
     <span class='ocr_line' id='line_1_104' title="bbox 242 5663 1818 5738; baseline 0.003 -21"><span class='ocrx_word' id='word_1_728' title='bbox 242 5663 407 5733; x_wconf 74' lang='grc' dir='ltr'>Ἀνὴρ</span> <span class='ocrx_word' id='word_1_729' title='bbox 433 5666 543 5732; x_wconf 74' lang='grc' dir='ltr'>γὰρ</span> <span class='ocrx_word' id='word_1_730' title='bbox 573 5664 800 5729; x_wconf 80' lang='grc' dir='ltr'>ἐκεῖνος,</span> <span class='ocrx_word' id='word_1_731' title='bbox 839 5666 998 5734; x_wconf 81' lang='grc' dir='ltr'>εἴπερ</span> <span class='ocrx_word' id='word_1_732' title='bbox 1027 5684 1128 5730; x_wconf 90' lang='grc' dir='ltr'>τις,</span> <span class='ocrx_word' id='word_1_733' title='bbox 1158 5668 1282 5719; x_wconf 80' lang='grc' dir='ltr'>νοῦν</span> <span class='ocrx_word' id='word_1_734' title='bbox 1313 5667 1471 5738; x_wconf 78' lang='grc' dir='ltr'>ἔχων,</span> <span class='ocrx_word' id='word_1_735' title='bbox 1517 5671 1610 5721; x_wconf 88' lang='grc' dir='ltr'><strong>καὶ</strong></span> <span class='ocrx_word' id='word_1_736' title='bbox 1641 5675 1818 5733; x_wconf 83' lang='grc' dir='ltr'>συνε“·ς</span> 
     </span>
    </p>
   </div>
   <div class='ocr_carea' id='block_1_105' title="bbox 228 5756 1819 5830">
    <p class='ocr_par' dir='ltr' id='par_1_105' title="bbox 228 5756 1819 5830">
     <span class='ocr_line' id='line_1_105' title="bbox 228 5756 1819 5830; baseline 0.012 -27"><span class='ocrx_word' id='word_1_737' title='bbox 228 5760 332 5818; x_wconf 57' lang='grc' dir='ltr'><strong>τὴν</strong></span> <span class='ocrx_word' id='word_1_738' title='bbox 384 5757 480 5806; x_wconf 76' lang='grc' dir='ltr'>τοῦ</span> <span class='ocrx_word' id='word_1_739' title='bbox 540 5756 702 5824; x_wconf 81' lang='grc' dir='ltr'>γηῒον</span> <span class='ocrx_word' id='word_1_740' title='bbox 725 5757 880 5810; x_wconf 72' lang='grc' dir='ltr'>τοῦδε</span> <span class='ocrx_word' id='word_1_741' title='bbox 931 5763 1310 5830; x_wconf 83' lang='grc' dir='ltr'>συγκρίματος</span> <span class='ocrx_word' id='word_1_742' title='bbox 1366 5763 1548 5830; x_wconf 73' lang='grc' dir='ltr'>φύσιν,</span> <span class='ocrx_word' id='word_1_743' title='bbox 1596 5762 1670 5823; x_wconf 77' lang='grc' dir='ltr'>ὡς</span> <span class='ocrx_word' id='word_1_744' title='bbox 1725 5764 1819 5816; x_wconf 67' lang='grc' dir='ltr'><strong>καὶ</strong></span> 
     </span>
    </p>
   </div>
   <div class='ocr_carea' id='block_1_106' title="bbox 230 5848 1812 5925">
    <p class='ocr_par' dir='ltr' id='par_1_106' title="bbox 230 5848 1812 5925">
     <span class='ocr_line' id='line_1_106' title="bbox 230 5848 1812 5925; baseline 0.003 -22"><span class='ocrx_word' id='word_1_745' title='bbox 230 5848 402 5903; x_wconf 70' lang='grc' dir='ltr'>αὑτὸν</span> <span class='ocrx_word' id='word_1_746' title='bbox 439 5849 615 5920; x_wconf 68' lang='grc' dir='ltr'>βρξοει</span> <span class='ocrx_word' id='word_1_747' title='bbox 663 5851 757 5904; x_wconf 78' lang='grc' dir='ltr'><strong>τὸν</strong></span> <span class='ocrx_word' id='word_1_748' title='bbox 805 5852 951 5917; x_wconf 79' lang='grc' dir='ltr'>νοῦν,</span> <span class='ocrx_word' id='word_1_749' title='bbox 1006 5855 1096 5907; x_wconf 74' lang='grc' dir='ltr'><strong>καὶ</strong></span> <span class='ocrx_word' id='word_1_750' title='bbox 1133 5855 1271 5925; x_wconf 66' lang='grc' dir='ltr'>πρὸς</span> <span class='ocrx_word' id='word_1_751' title='bbox 1316 5855 1419 5924; x_wconf 72' lang='grc' dir='ltr'>γῆν</span> <span class='ocrx_word' id='word_1_752' title='bbox 1453 5855 1812 5925; x_wconf 68' lang='grc' dir='ltr'>κατασπῶειι,</span> 
     </span>
    </p>
   </div>
   <div class='ocr_carea' id='block_1_107' title="bbox 1932 4664 3507 4740">
    <p class='ocr_par' dir='ltr' id='par_1_107' title="bbox 1932 4664 3507 4740">
     <span class='ocr_line' id='line_1_107' title="bbox 1932 4664 3507 4740; baseline 0.005 -22"><span class='ocrx_word' id='word_1_753' title='bbox 1932 4665 1998 4718; x_wconf 84' lang='lat' dir='ltr'><strong>ad</strong></span> <span class='ocrx_word' id='word_1_754' title='bbox 2050 4664 2337 4718; x_wconf 86' lang='lat' dir='ltr'><strong>terminum</strong></span> <span class='ocrx_word' id='word_1_755' title='bbox 2395 4665 2626 4719; x_wconf 85' lang='lat' dir='ltr'><strong>feliciter</strong></span> <span class='ocrx_word' id='word_1_756' title='bbox 2681 4668 3021 4734; x_wconf 87' lang='lat' dir='ltr'><strong>perveniant.</strong></span> <span class='ocrx_word' id='word_1_757' title='bbox 3057 4667 3141 4723; x_wconf 82' lang='lat' dir='ltr'><strong>Illi</strong></span> <span class='ocrx_word' id='word_1_758' title='bbox 3177 4671 3362 4735; x_wconf 79' lang='lat' dir='ltr'><strong>igitur,</strong></span> <span class='ocrx_word' id='word_1_759' title='bbox 3410 4687 3507 4740; x_wconf 79' lang='lat' dir='ltr'><strong>spe</strong></span> 
     </span>
    </p>
   </div>
   <div class='ocr_carea' id='block_1_108' title="bbox 1931 4755 3500 4831">
    <p class='ocr_par' dir='ltr' id='par_1_108' title="bbox 1931 4755 3500 4831">
     <span class='ocr_line' id='line_1_108' title="bbox 1931 4755 3500 4831; baseline 0.004 -23"><span class='ocrx_word' id='word_1_760' title='bbox 1931 4755 2067 4808; x_wconf 86' lang='lat' dir='ltr'><strong>bona</strong></span> <span class='ocrx_word' id='word_1_761' title='bbox 2097 4755 2260 4824; x_wconf 88' lang='lat' dir='ltr'><strong>pleni,</strong></span> <span class='ocrx_word' id='word_1_762' title='bbox 2288 4767 2522 4825; x_wconf 72' lang='lat' dir='ltr'><strong>coeptum</strong></span> <span class='ocrx_word' id='word_1_763' title='bbox 2558 4759 2663 4811; x_wconf 90' lang='lat' dir='ltr'><strong>iter</strong></span> <span class='ocrx_word' id='word_1_764' title='bbox 2710 4769 3113 4827; x_wconf 83' lang='lat' dir='ltr'><strong>prosequuntur</strong></span> <span class='ocrx_word' id='word_1_765' title='bbox 3151 4777 3166 4818; x_wconf 84' lang='lat'><strong>:</strong></span> <span class='ocrx_word' id='word_1_766' title='bbox 3196 4761 3313 4831; x_wconf 88' lang='lat' dir='ltr'><strong>ipse</strong></span> <span class='ocrx_word' id='word_1_767' title='bbox 3349 4777 3500 4829; x_wconf 90' lang='lat' dir='ltr'><strong>vero,</strong></span> 
     </span>
    </p>
   </div>
   <div class='ocr_carea' id='block_1_109' title="bbox 1930 4849 3506 4922">
    <p class='ocr_par' dir='ltr' id='par_1_109' title="bbox 1930 4849 3506 4922">
     <span class='ocr_line' id='line_1_109' title="bbox 1930 4849 3506 4922; baseline 0.006 -24"><span class='ocrx_word' id='word_1_768' title='bbox 1930 4861 2127 4914; x_wconf 76' lang='lat' dir='ltr'><strong>magno</strong></span> <span class='ocrx_word' id='word_1_769' title='bbox 2165 4849 2381 4915; x_wconf 78' lang='lat' dir='ltr'><strong>quidem</strong></span> <span class='ocrx_word' id='word_1_770' title='bbox 2411 4849 2594 4901; x_wconf 87' lang='lat' dir='ltr'><strong>labore</strong></span> <span class='ocrx_word' id='word_1_771' title='bbox 2618 4889 2633 4913; x_wconf 93' lang='lat'><strong>,</strong></span> <span class='ocrx_word' id='word_1_772' title='bbox 2666 4850 2762 4903; x_wconf 79' lang='lat' dir='ltr'><strong>sed</strong></span> <span class='ocrx_word' id='word_1_773' title='bbox 2794 4863 2974 4906; x_wconf 86' lang='lat' dir='ltr'><strong>tamen</strong></span> <span class='ocrx_word' id='word_1_774' title='bbox 3003 4854 3273 4907; x_wconf 87' lang='lat' dir='ltr'><strong>contendit</strong></span> <span class='ocrx_word' id='word_1_775' title='bbox 3300 4869 3395 4922; x_wconf 89' lang='lat' dir='ltr'><strong>per</strong></span> <span class='ocrx_word' id='word_1_776' title='bbox 3422 4854 3506 4908; x_wconf 79' lang='lat' dir='ltr'><strong>in-</strong></span> 
     </span>
    </p>
   </div>
   <div class='ocr_carea' id='block_1_110' title="bbox 1927 4936 3503 5012">
    <p class='ocr_par' dir='ltr' id='par_1_110' title="bbox 1927 4936 3503 5012">
     <span class='ocr_line' id='line_1_110' title="bbox 1927 4936 3503 5012; baseline 0.006 -23"><span class='ocrx_word' id='word_1_777' title='bbox 1927 4936 2013 4990; x_wconf 88' lang='lat' dir='ltr'><strong>via</strong></span> <span class='ocrx_word' id='word_1_778' title='bbox 2045 4936 2285 4991; x_wconf 79' lang='lat' dir='ltr'><strong>locorum</strong></span> <span class='ocrx_word' id='word_1_779' title='bbox 2308 4976 2322 4999; x_wconf 89' lang='lat'><strong>,</strong></span> <span class='ocrx_word' id='word_1_780' title='bbox 2359 4941 2678 4994; x_wconf 79' lang='lat' dir='ltr'><strong>conscendit</strong></span> <span class='ocrx_word' id='word_1_781' title='bbox 2710 4951 2944 4994; x_wconf 90' lang='lat' dir='ltr'><strong>montem</strong></span> <span class='ocrx_word' id='word_1_782' title='bbox 2967 4981 2982 5004; x_wconf 91' lang='lat'><strong>,</strong></span> <span class='ocrx_word' id='word_1_783' title='bbox 3024 4943 3298 5000; x_wconf 84' lang='lat' dir='ltr'><strong>inaccessa</strong></span> <span class='ocrx_word' id='word_1_784' title='bbox 3340 4959 3503 5012; x_wconf 87' lang='lat' dir='ltr'><strong>pene-</strong></span> 
     </span>
    </p>
   </div>
   <div class='ocr_carea' id='block_1_111' title="bbox 1932 5031 3505 5102">
    <p class='ocr_par' dir='ltr' id='par_1_111' title="bbox 1932 5031 3505 5102">
     <span class='ocr_line' id='line_1_111' title="bbox 1932 5031 3505 5102; baseline 0.006 -20"><span class='ocrx_word' id='word_1_785' title='bbox 1932 5038 2059 5091; x_wconf 84' lang='lat' dir='ltr'><strong>tral,</strong></span> <span class='ocrx_word' id='word_1_786' title='bbox 2098 5031 2194 5083; x_wconf 90' lang='lat' dir='ltr'><strong>soli</strong></span> <span class='ocrx_word' id='word_1_787' title='bbox 2248 5032 2353 5084; x_wconf 90' lang='lat' dir='ltr'><strong>Deo</strong></span> <span class='ocrx_word' id='word_1_788' title='bbox 2404 5044 2461 5083; x_wconf 91' lang='lat' dir='ltr'><strong>se</strong></span> <span class='ocrx_word' id='word_1_789' title='bbox 2500 5046 2706 5099; x_wconf 87' lang='lat' dir='ltr'><strong>suaque</strong></span> <span class='ocrx_word' id='word_1_790' title='bbox 2745 5033 3127 5098; x_wconf 81' lang='lat' dir='ltr'><strong>committens;</strong></span> <span class='ocrx_word' id='word_1_791' title='bbox 3161 5038 3244 5089; x_wconf 81' lang='lat' dir='ltr'><strong>cui</strong></span> <span class='ocrx_word' id='word_1_792' title='bbox 3299 5037 3505 5102; x_wconf 85' lang='lat' dir='ltr'><strong>pariter</strong></span> 
     </span>
    </p>
   </div>
   <div class='ocr_carea' id='block_1_112' title="bbox 1928 5120 3503 5196">
    <p class='ocr_par' dir='ltr' id='par_1_112' title="bbox 1928 5120 3503 5196">
     <span class='ocr_line' id='line_1_112' title="bbox 1928 5120 3503 5196; baseline 0.004 -24"><span class='ocrx_word' id='word_1_793' title='bbox 1928 5120 2029 5172; x_wconf 86' lang='lat' dir='ltr'><strong>soli</strong></span> <span class='ocrx_word' id='word_1_794' title='bbox 2055 5121 2232 5174; x_wconf 87' lang='lat' dir='ltr'><strong>vivere</strong></span> <span class='ocrx_word' id='word_1_795' title='bbox 2262 5136 2587 5196; x_wconf 73' lang='lat' dir='ltr'><strong>magnopere</strong></span> <span class='ocrx_word' id='word_1_796' title='bbox 2615 5124 2866 5190; x_wconf 81' lang='lat' dir='ltr'><strong>cupiebat</strong></span> <span class='ocrx_word' id='word_1_797' title='bbox 2893 5163 2908 5190; x_wconf 92' lang='lat'><strong>,</strong></span> <span class='ocrx_word' id='word_1_798' title='bbox 2945 5140 3007 5177; x_wconf 85' lang='lat' dir='ltr'><strong>ac</strong></span> <span class='ocrx_word' id='word_1_799' title='bbox 3046 5126 3312 5177; x_wconf 86' lang='lat' dir='ltr'><strong>victurum</strong></span> <span class='ocrx_word' id='word_1_800' title='bbox 3346 5129 3503 5193; x_wconf 85' lang='lat' dir='ltr'><strong>polli-</strong></span> 
     </span>
    </p>
   </div>
   <div class='ocr_carea' id='block_1_113' title="bbox 1930 5211 3497 5282">
    <p class='ocr_par' dir='ltr' id='par_1_113' title="bbox 1930 5211 3497 5282">
     <span class='ocr_line' id='line_1_113' title="bbox 1930 5211 3497 5282; baseline 0.006 -20"><span class='ocrx_word' id='word_1_801' title='bbox 1930 5212 2070 5264; x_wconf 88' lang='lat' dir='ltr'><strong>citus</strong></span> <span class='ocrx_word' id='word_1_802' title='bbox 2101 5214 2294 5265; x_wconf 82' lang='lat' dir='ltr'><strong>l&#39;netat.</strong></span> <span class='ocrx_word' id='word_1_803' title='bbox 2329 5211 2441 5266; x_wconf 84' lang='lat' dir='ltr'><strong>Hoc</strong></span> <span class='ocrx_word' id='word_1_804' title='bbox 2468 5224 2644 5266; x_wconf 88' lang='lat' dir='ltr'><strong>autem</strong></span> <span class='ocrx_word' id='word_1_805' title='bbox 2685 5215 2854 5282; x_wconf 82' lang='lat' dir='ltr'><strong>ipsum</strong></span> <span class='ocrx_word' id='word_1_806' title='bbox 2886 5215 3126 5271; x_wconf 76' lang='lat' dir='ltr'><strong>studiose</strong></span> <span class='ocrx_word' id='word_1_807' title='bbox 3176 5220 3240 5269; x_wconf 88' lang='lat' dir='ltr'><strong>ad</strong></span> <span class='ocrx_word' id='word_1_808' title='bbox 3293 5219 3497 5272; x_wconf 78' lang='lat' dir='ltr'><strong>exitum</strong></span> 
     </span>
    </p>
   </div>
   <div class='ocr_carea' id='block_1_114' title="bbox 1928 5304 3500 5371">
    <p class='ocr_par' dir='ltr' id='par_1_114' title="bbox 1928 5304 3500 5371">
     <span class='ocr_line' id='line_1_114' title="bbox 1928 5304 3500 5371; baseline 0.006 -17"><span class='ocrx_word' id='word_1_809' title='bbox 1928 5304 2198 5371; x_wconf 79' lang='lat' dir='ltr'><strong>perduxit,</strong></span> <span class='ocrx_word' id='word_1_810' title='bbox 2249 5320 2352 5356; x_wconf 92' lang='lat' dir='ltr'><strong>non</strong></span> <span class='ocrx_word' id='word_1_811' title='bbox 2405 5307 2564 5357; x_wconf 86' lang='lat' dir='ltr'><strong>modo</strong></span> <span class='ocrx_word' id='word_1_812' title='bbox 2621 5305 2902 5359; x_wconf 81' lang='lat' dir='ltr'><strong>abst-incus</strong></span> <span class='ocrx_word' id='word_1_813' title='bbox 2961 5306 3030 5357; x_wconf 87' lang='lat' dir='ltr'><strong>ab</strong></span> <span class='ocrx_word' id='word_1_814' title='bbox 3088 5308 3338 5359; x_wconf 88' lang='lat' dir='ltr'><strong>onmibns</strong></span> <span class='ocrx_word' id='word_1_815' title='bbox 3386 5310 3500 5363; x_wconf 85' lang='lat' dir='ltr'><strong>fere</strong></span> 
     </span>
    </p>
   </div>
   <div class='ocr_carea' id='block_1_115' title="bbox 1926 5395 3501 5465">
    <p class='ocr_par' dir='ltr' id='par_1_115' title="bbox 1926 5395 3501 5465">
     <span class='ocr_line' id='line_1_115' title="bbox 1926 5395 3501 5465; baseline 0.004 -19"><span class='ocrx_word' id='word_1_816' title='bbox 1926 5395 2179 5465; x_wconf 86' lang='lat' dir='ltr'><strong>cibis,qni</strong></span> <span class='ocrx_word' id='word_1_817' title='bbox 2219 5397 2503 5449; x_wconf 82' lang='lat' dir='ltr'><strong>humanam</strong></span> <span class='ocrx_word' id='word_1_818' title='bbox 2536 5406 2844 5452; x_wconf 84' lang='lat' dir='ltr'><strong>sustentare</strong></span> <span class='ocrx_word' id='word_1_819' title='bbox 2902 5407 3151 5453; x_wconf 82' lang='lat' dir='ltr'><strong>naturam</strong></span> <span class='ocrx_word' id='word_1_820' title='bbox 3207 5413 3501 5452; x_wconf 77' lang='lat' dir='ltr'><strong>consueve-</strong></span> 
     </span>
    </p>
   </div>
   <div class='ocr_carea' id='block_1_116' title="bbox 1926 5488 3496 5559">
    <p class='ocr_par' dir='ltr' id='par_1_116' title="bbox 1926 5488 3496 5559">
     <span class='ocr_line' id='line_1_116' title="bbox 1926 5488 3496 5559; baseline 0.003 -19"><span class='ocrx_word' id='word_1_821' title='bbox 1926 5498 2069 5553; x_wconf 91' lang='lat' dir='ltr'><strong>runt,</strong></span> <span class='ocrx_word' id='word_1_822' title='bbox 2097 5488 2273 5543; x_wconf 81' lang='lat' dir='ltr'><strong>factus</strong></span> <span class='ocrx_word' id='word_1_823' title='bbox 2300 5490 2399 5542; x_wconf 84' lang='lat' dir='ltr'><strong>hac</strong></span> <span class='ocrx_word' id='word_1_824' title='bbox 2427 5498 2581 5557; x_wconf 89' lang='lat' dir='ltr'><strong>parte</strong></span> <span class='ocrx_word' id='word_1_825' title='bbox 2610 5489 2768 5558; x_wconf 84' lang='lat' dir='ltr'><strong>paulo</strong></span> <span class='ocrx_word' id='word_1_826' title='bbox 2803 5489 3029 5544; x_wconf 85' lang='lat' dir='ltr'><strong>inferior</strong></span> <span class='ocrx_word' id='word_1_827' title='bbox 3055 5491 3285 5559; x_wconf 79' lang='lat' dir='ltr'><strong>angelis;</strong></span> <span class='ocrx_word' id='word_1_828' title='bbox 3307 5505 3496 5545; x_wconf 89' lang='lat' dir='ltr'><strong>verum</strong></span> 
     </span>
    </p>
   </div>
   <div class='ocr_carea' id='block_1_117' title="bbox 1924 5581 3498 5650">
    <p class='ocr_par' dir='ltr' id='par_1_117' title="bbox 1924 5581 3498 5650">
     <span class='ocr_line' id='line_1_117' title="bbox 1924 5581 3498 5650; baseline 0.002 -18"><span class='ocrx_word' id='word_1_829' title='bbox 1924 5581 2088 5633; x_wconf 77' lang='lat' dir='ltr'><strong>ctiam</strong></span> <span class='ocrx_word' id='word_1_830' title='bbox 2122 5581 2307 5650; x_wconf 77' lang='lat' dir='ltr'><strong>frigus,</strong></span> <span class='ocrx_word' id='word_1_831' title='bbox 2347 5592 2560 5645; x_wconf 80' lang='lat' dir='ltr'><strong>:estum,</strong></span> <span class='ocrx_word' id='word_1_832' title='bbox 2594 5583 2854 5650; x_wconf 77' lang='lat' dir='ltr'><strong>glaciem,</strong></span> <span class='ocrx_word' id='word_1_833' title='bbox 2879 5582 3029 5636; x_wconf 80' lang='lat' dir='ltr'><strong>nives</strong></span> <span class='ocrx_word' id='word_1_834' title='bbox 3067 5600 3127 5636; x_wconf 82' lang='lat' dir='ltr'><strong>ac</strong></span> <span class='ocrx_word' id='word_1_835' title='bbox 3167 5585 3368 5636; x_wconf 86' lang='lat' dir='ltr'><strong>imbres</strong></span> <span class='ocrx_word' id='word_1_836' title='bbox 3397 5599 3498 5635; x_wconf 84' lang='lat' dir='ltr'><strong>nu-</strong></span> 
     </span>
    </p>
   </div>
   <div class='ocr_carea' id='block_1_118' title="bbox 1931 5671 3494 5741">
    <p class='ocr_par' dir='ltr' id='par_1_118' title="bbox 1931 5671 3494 5741">
     <span class='ocr_line' id='line_1_118' title="bbox 1931 5671 3494 5741; baseline 0.003 -19"><span class='ocrx_word' id='word_1_837' title='bbox 1931 5671 2054 5733; x_wconf 81' lang='lat' dir='ltr'><strong>dus,</strong></span> <span class='ocrx_word' id='word_1_838' title='bbox 2097 5671 2198 5723; x_wconf 79' lang='lat' dir='ltr'><strong>sub</strong></span> <span class='ocrx_word' id='word_1_839' title='bbox 2236 5671 2324 5723; x_wconf 87' lang='lat' dir='ltr'><strong>dio</strong></span> <span class='ocrx_word' id='word_1_840' title='bbox 2354 5676 2406 5740; x_wconf 79' lang='grc' dir='ltr'><strong>(ι)</strong></span> <span class='ocrx_word' id='word_1_841' title='bbox 2430 5673 2802 5726; x_wconf 69' lang='lat' dir='ltr'><strong>lolcpantiam!</strong></span> <span class='ocrx_word' id='word_1_842' title='bbox 2833 5674 2850 5741; x_wconf 95' lang='lat'><strong>)</strong></span> <span class='ocrx_word' id='word_1_843' title='bbox 2880 5683 3194 5728; x_wconf 71' lang='lat' dir='ltr'><strong>censtanter</strong></span> <span class='ocrx_word' id='word_1_844' title='bbox 3225 5673 3368 5726; x_wconf 88' lang='lat' dir='ltr'><strong>tulit.</strong></span> <span class='ocrx_word' id='word_1_845' title='bbox 3397 5672 3494 5727; x_wconf 68' lang='lat' dir='ltr'><strong>Vir</strong></span> 
     </span>
    </p>
   </div>
   <div class='ocr_carea' id='block_1_119' title="bbox 1922 5760 3493 5832">
    <p class='ocr_par' dir='ltr' id='par_1_119' title="bbox 1922 5760 3493 5832">
     <span class='ocr_line' id='line_1_119' title="bbox 1922 5760 3493 5832; baseline 0.003 -24"><span class='ocrx_word' id='word_1_846' title='bbox 1922 5760 2119 5828; x_wconf 83' lang='lat' dir='ltr'><strong>quippe</strong></span> <span class='ocrx_word' id='word_1_847' title='bbox 2158 5773 2292 5827; x_wconf 64' lang='lat' dir='ltr'><strong>erat,</strong></span> <span class='ocrx_word' id='word_1_848' title='bbox 2323 5769 2366 5815; x_wconf 83' lang='lat' dir='ltr'><strong>sl</strong></span> <span class='ocrx_word' id='word_1_849' title='bbox 2405 5764 2524 5831; x_wconf 89' lang='lat' dir='ltr'><strong>quis</strong></span> <span class='ocrx_word' id='word_1_850' title='bbox 2561 5765 2698 5818; x_wconf 87' lang='lat' dir='ltr'><strong>alius</strong></span> <span class='ocrx_word' id='word_1_851' title='bbox 2725 5806 2738 5828; x_wconf 91' lang='lat'><strong>,</strong></span> <span class='ocrx_word' id='word_1_852' title='bbox 2791 5768 3114 5832; x_wconf 77' lang='lat' dir='ltr'><strong>perspicax;</strong></span> <span class='ocrx_word' id='word_1_853' title='bbox 3151 5772 3314 5830; x_wconf 86' lang='lat' dir='ltr'><strong>atque</strong></span> <span class='ocrx_word' id='word_1_854' title='bbox 3337 5764 3493 5816; x_wconf 72' lang='lat' dir='ltr'><strong>intel-</strong></span> 
     </span>
    </p>
   </div>
   <div class='ocr_carea' id='block_1_120' title="bbox 1925 5853 3488 5926">
    <p class='ocr_par' dir='ltr' id='par_1_120' title="bbox 1925 5853 3488 5926">
     <span class='ocr_line' id='line_1_120' title="bbox 1925 5853 3488 5926; baseline 0.004 -21"><span class='ocrx_word' id='word_1_855' title='bbox 1925 5853 2140 5924; x_wconf 71' lang='lat' dir='ltr'><strong>Iigcbat,</strong></span> <span class='ocrx_word' id='word_1_856' title='bbox 2193 5858 2462 5922; x_wconf 74' lang='lat' dir='ltr'><strong>quomodo</strong></span> <span class='ocrx_word' id='word_1_857' title='bbox 2501 5868 2727 5911; x_wconf 68' lang='lat' dir='ltr'><strong>terrena:</strong></span> <span class='ocrx_word' id='word_1_858' title='bbox 2777 5857 2934 5926; x_wconf 67' lang='lat' dir='ltr'><strong>hujus.</strong></span> <span class='ocrx_word' id='word_1_859' title='bbox 2980 5854 3347 5912; x_wconf 83' lang='lat' dir='ltr'><strong>cencrctionis</strong></span> <span class='ocrx_word' id='word_1_860' title='bbox 3383 5869 3488 5911; x_wconf 67' lang='grc' dir='ltr'><strong>ηλι-</strong></span> 
     </span>
    </p>
   </div>
  </div>
