4246 6464
266 382 405 450 1825

1394 393 1572 455 VlTA
1613 393 1668 454 S.
1717 393 1945 453 PETRI
1979 395 2407 459 ΑΤΠΟΝΙΤ.·Ε.

3382 398 3514 463 1626

402 501 414 522 ,
520 502 532 516 .
635 502 646 519 ι
746 503 850 522 η..
917 504 929 519 .
1142 503 1166 516 -
1395 506 1417 517 -
1498 508 1519 521 ..
2011 510 2012 522 χ

335 505 435 570 λγ.
467 504 541 554 Ου
586 520 695 572 μην
736 520 833 557 um.
884 522 930 556 ει
980 503 1071 557 καὶ
1108 522 1207 572 της
1257 508 1459 576 ἀρετης
1492 524 1639 559 ακων
1680 507 1833 556 ἐπαιο
1864 506 1912 562 Α
2010 545 2012 555 ι

1864 506 1912 562 A
2010 508 2099 564 53.
2136 506 2330 561 Verum
2365 510 2509 563 enim
2545 525 2671 563 vero
2724 512 2934 565 tametsi
2970 510 3234 567 malorum
3291 516 3484 569 artifex
3510 558 3522 578 ,

260 596 424 664 νέτης
458 591 526 664 ἦν
572 597 599 647 6
644 597 737 662 τῆς
773 598 970 657 κακίας
1012 597 1297 665 σοφιστὴς,
1336 597 1431 648 καὶ
1474 596 1714 658 πιθανῶς
1755 596 1837 647 ὅτι

263 689 505 754 μάλιστα
535 688 747 757 προῆγε
768 689 860 741 τὸν
894 688 1075 755 λόγον,
1110 689 1178 740 ἵν’
1207 688 1383 751 οὕτως
1412 689 1573 750 εἴπω.
1607 688 1743 741 πολὺ
1778 688 1839 741 τὸ

261 779 388 849 μέλι
426 779 508 849 τῷ
558 779 872 851 δηλητηρίῳ
917 782 1290 850 παραμιγνὺς,
1338 782 1431 834 καὶ
1478 784 1705 851 σημεῖον
1758 782 1839 843 είς

259 873 450 924 πίστιν
502 873 813 934 ἐπεδείκνυ,
864 872 963 941 τὴν
1018 873 1156 944 πρὸς
1212 874 1274 927 τὸ
1331 874 1406 943 μὴ
1464 874 1527 929 ὂν
1572 872 1838 926 δοκοῦσαν

260 964 583 1035 ἐκχωρῆσαι
643 968 850 1033 πηγὴν.
923 965 1062 1018 Ἀλλ’
1121 966 1269 1028 ὅστις
1336 961 1429 1034 ἦν,
1484 966 1693 1037 ἥκιστα
1747 964 1838 1018 τδν

264 1056 443 1123 μέγαν
473 1057 798 1119 Eli-101v“;
825 1056 1036 1109 υῦκουν
1056 1074 1070 1086 ’
1104 1057 1223 1110 οὐδὲ
1252 1057 1455 1127 χαλκὸς
1492 1056 1839 1125 χρυσοειδοῦς

261 1149 659 1217 περιτακέντος
691 1148 907 1210 ἄνθους,
953 1146 1071 1202 εἶτα
1107 1153 1173 1218 τῇ
1214 1150 1383 1218 Λυδία
1423 1150 1838 1218 προσαγόμενος

260 1236 423 1305 λήσει
452 1254 465 1267 ο
496 1238 735 1306 βάσανον
784 1239 892 1307 γάρ
926 1239 952 1289 6
993 1237 1137 1298 θεῖος
1193 1239 1397 1305 Πέτρος
1446 1234 1593 1308 εἶχεν
1632 1237 1838 1305 ἀκριϐῆ

258 1329 324 1379 τὸ
363 1329 465 1395 τῆς
494 1329 673 1398 ψυχῆς
700 1328 877 1398 ὄμμα,
903 1333 969 1398 τῇ
1009 1330 1143 1399 πρδς
1178 1329 1312 1382 Θεὸν
1349 1329 1532 1382 νεύσει
1560 1329 1838 1395 κεκαθαρ-

262 1422 452 1490 μένον.
498 1422 609 1474 Καὶ
666 1423 849 1473 τοίνυν
909 1423 1088 1481 συνεὶς
1136 1422 1195 1472 τὸ
1253 1422 1458 1492 δρᾶμα,
1520 1422 1838 1491 μετριότητι

259 1516 354 1567 τὸν
406 1515 719 1583 ἐπηρμένον
769 1518 977 1567 ἐκεῖνον
1025 1516 1218 1567 θᾶττον
1274 1516 1549 1584 καθαιρεῖ,
1595 1515 1690 1569 καὶ
1743 1533 1839 1584 μι-

262 1611 421 1676 κροῖς
481 1608 702 1677 μακρὰν
759 1609 1167 1675 ἀποδιοπομπεί
1226 1608 1315 1660 τὸν
1368 1606 1577 1675 φένακα
1624 1609 1835 1676 λόγοιςο

274 1700 441 1767 ’Δνάξ
466 1702 524 1763 ός
550 1704 687 1770 εἰμι,
724 1701 920 1766 λέγων,
962 1701 1260 1768 ἀγγελικῆς
1291 1700 1418 1761 θέας
1455 1702 1627 1767 ἔγωγε
1654 1715 1668 1730 ·
1722 1703 1840 1764 πῶς

259 1791 308 1842 δ’
339 1790 438 1857 οῦ;
484 1794 667 1859 φησὶν,
706 1790 763 1853 ὃς
799 1791 952 1858 παρά
990 1790 1150 1841 τοῦτο
1204 1790 1299 1842 καὶ
1355 1791 1480 1851 τοὺς
1521 1790 1841 1860 ἀνθρώπους

260 1882 471 1950 ἔφυγόν
502 1900 559 1934 τε
602 1883 696 1935 καὶ
729 1882 1001 1950 φεύξομαι
1035 1882 1123 1934 διὰ
1152 1881 1365 1945 τέλους,
1402 1881 1622 1947 ἀνάξιον
1665 1882 1839 1949 ἐμαυ-

259 1972 357 2025 τὸν
396 1973 562 2039 γνοὺς
590 1974 691 2039 τῆς
722 1973 839 2038 μετ’
870 1972 1051 2025 αὐτῶν
1095 1972 1402 2043 διατριϐῆς,
1430 1974 1504 2037 ὠς
1533 1972 1841 2026 εύτελὲστευ

260 2083 358 2138 ρον
383 2066 416 2137 ἢ
460 2066 581 2120 κατ’
606 2067 805 2131 αύτοὶς
835 2066 982 2133 ὄντα,
1012 2067 1106 2121 καὶ
1134 2068 1195 2120 τὸ
1219 2067 1311 2121 τοῦ
1335 2068 1621 2136 Προφήτου
1651 2068 1839 2135 φάναι,

259 2161 366 2213 οὒκ
398 2161 714 2231 ἄνθρωπον.

332 2340 433 2395 λδ’.
485 2341 544 2394 '0
588 2343 685 2412 μὲν
725 2340 837 2405 οῦν,
895 2340 1189 2395 ίδιαίτατόν
1224 2357 1275 2393 τι
1332 2340 1530 2409 κρῖμα,
1573 2335 1716 2391 κατὰ
1750 2335 1840 2387 τὸν

271 2429 628 2495 Ἀπόστολον,
658 2431 750 2483 τδν
776 2430 946 2500 τύφον
978 2431 1138 2500 ἔχων,
1171 2430 1272 2500 τὴν
1317 2429 1708 2498 έναντιοτάτην
1743 2426 1839 2478 τοῦ

258 2525 424 2592 ἁγίου
461 2527 790 2597 μετριότητα
821 2525 1089 2596 μηδαμῶς
1124 2525 1330 2597 φέρων,
1361 2525 1392 2592 ἦ
1423 2524 1623 2592 τάχους
1670 2520 1837 2590 εἶχεν,

255 2616 548 2688 ἠλλοιοῦτο
592 2619 686 2673 καὶ
718 2619 1082 2690 ἀπεδίδρασκε
1104 2635 1117 2650 ·
1163 2621 1297 2681 Θεὸς
1340 2620 1418 2681 δὲ,
1451 2620 1478 2670 6
1507 2620 1619 2679 τοῖς
1649 2632 1843 2669 ταπειο

256 2714 375 2773 νοῗς
402 2712 578 2771 διδοὺς
614 2712 795 2782 χάριν,
831 2713 1126 2781 ἐπιμέτρει
1168 2713 1245 2780 τῷ
1273 2713 1467 2781 Πέτρῳ
1499 2710 1697 2778 δαψιλῆ
1742 2708 1841 2779 τὴν

259 2803 453 2872 χάριν,
490 2804 590 2855 οὐκ
640 2805 697 2854 ἐν
736 2804 812 2871 τῷ
866 2803 1112 2873 μέλλοντι
1154 2803 1317 2872 μόνον
1356 2802 1527 2871 αὐτὴν
1561 2801 1709 2870 αύτῷ
1745 2816 1841 2853 τα⁸

264 2896 618 2968 μιευόμενος,
654 2895 793 2947 ἀλλά
821 2896 918 2962 τῆς
949 2895 1324 2964 ἀποκειμένης
1352 2893 1618 2962 ἐχέγγυον
1653 2892 1841 2963 ὥσπερ

260 2987 569 3058 ἀρραϐῶνα
618 2988 901 3041 κάνταῦθα
944 2988 1297 3057 προδεικνὺς·
1344 2986 1666 3040 τούντεῦθεν
1710 2986 1839 3054 γὰρ,

260 3080 681 3148 ἀνεπηρέαστος
732 3080 961 3143 δικαίως
1016 3083 1044 3133 6
1100 3082 1273 3148 μέγας
1319 3079 1546 3132 διετέλει
1588 3079 1680 3131 τὸν
1729 3078 1842 3147 βίον

1946 600 2028 651 vel
2062 599 2264 654 invitus
2294 600 2456 654 fuerit
2492 601 2737 656 laudator
2771 604 2986 657 virtutis
3009 645 3022 665 ,
3056 614 3109 656 et
3153 618 3314 669 quam
3347 608 3517 675 aptis-

1942 691 2135 745 simam
2169 692 2233 744 ad
2263 693 2701 758 persuadendum
2725 694 3024 747 orationem
3053 695 3359 763 protulerit,
3380 697 3517 747 mul-

1944 791 2054 835 tam
2086 784 2278 848 mellis,
2312 795 2367 837 ut
2398 787 2466 839 ita
2498 785 2705 850 loquar,
2741 801 2945 840 veneno
2975 788 3208 840 tniSC‘ns
3235 830 3249 851 ,
3295 788 3516 854 insuper

1942 886 1997 930 et
2028 878 2241 943 signum
2275 879 2339 931 ad
2375 878 2532 931 ﬁdem
2563 878 2865 932 faciendam
2897 880 3164 932 addiderit
3187 920 3199 940 .
3229 879 3517 934 alliciendo

1943 979 2000 1022 ut
2050 971 2171 1024 l‘ons
2224 971 2515 1025 evanuisse
2564 971 2634 1024 sit
2687 970 2868 1034 visus;
2903 986 2967 1022 an
3004 971 3141 1036 ideo,
3175 974 3296 1039 quis
3346 984 3514 1033 esset,

1944 1080 2197 1131 magnqu
2256 1064 2432 1116 virum
2488 1063 2693 1116 latuit?
2754 1061 2967 1115 Minime
3022 1079 3184 1125 vero;
3220 1080 3317 1115 nec
3370 1063 3512 1115 enim

1942 1156 2110 1210 latere
2159 1156 2357 1222 poterit
2391 1171 2503 1214 res.
2556 1154 2886 1208 circumfuso
2936 1155 3050 1207 auri
3105 1155 3235 1207 llore
3298 1155 3513 1218 illituum,

1942 1259 2295 1316 posteaquam
2321 1246 2491 1315 LyJin
2520 1247 2680 1313 lapidi
2731 1247 3204 1307 adniotumJuerit
3235 1266 3248 1300 :
3288 1247 3511 1316 Lydium

1945 1357 2175 1406 namque
2208 1340 2435 1405 lapidein
2463 1339 2968 1405 prmstatttissimum
3007 1338 3240 1390 Itahehat
3293 1339 3511 1391 divinus

1943 1430 2136 1483 Petrus
2162 1430 2376 1481 oculum
2412 1429 2627 1483 mo-nlis.
2686 1439 2829 1479 recta
2884 1431 2934 1478 in
2993 1427 3155 1479 Deum
3215 1428 3514 1483 intentione

1942 1530 2249 1587 purgatum.
2282 1518 2537 1571 Fabulam
2566 1519 2744 1583 itaque
2769 1519 3095 1585 intelligens,
3119 1521 3379 1572 modestia
3416 1535 3510 1573 sna

1941 1613 2231 1679 superbum
2267 1611 2416 1663 illum
2450 1610 2630 1663 subito
2661 1612 2939 1663 confundit
2963 1654 2978 1677 ,
3013 1614 3305 1680 pauc'sque
3338 1612 3517 1666 verbis

1945 1704 2296 1769 impostorem
2327 1703 2510 1770 procul
2565 1704 2821 1756 amandat
2864 1720 2877 1755 :
2912 1702 3164 1771 Indignus
3191 1745 3203 1761 .
3244 1704 3513 1769 inquiens,

1943 1810 2042 1856 ego
2075 1812 2195 1850 sum
2230 1796 2473 1863 angelica
2507 1797 2715 1848 visione
2742 1795 2853 1862 (qui
2885 1795 3027 1848 enim
3059 1795 3214 1846 aliter
3249 1795 3360 1848 ﬁeri
3390 1812 3515 1862 pose

1943 1889 2200 1955 sit?)ego
2226 1889 2315 1957 qui
2368 1890 2531 1941 etiam
2582 1886 2859 1939 hominum
2916 1898 3266 1953 conspectum
3318 1886 3425 1955 fugi
3459 1897 3512 1940 et

1943 1980 2129 2044 fugere
2161 1996 2433 2049 nunquam
2470 1980 2707 2031 desinam
2751 1995 2764 2030 :
2806 1993 2928 2032 eum
2988 1992 3072 2029 me
3104 1978 3386 2046 indignum
3421 1994 3514 2033 (‘0-

1942 2086 2197 2138 gnosram
2232 2069 2648 2123 conversatione
2679 2068 2920 2135 ipsorum
2947 2103 2962 2125 ,
2996 2074 3049 2116 ut
3095 2077 3218 2130 pote
3272 2067 3513 2120 viliorem

1940 2164 2249 2217 conditione
2281 2163 2539 2222 humana,
2585 2169 2751 2228 atque
2785 2158 2864 2229 (ut
2893 2157 3073 2212 verbis
3115 2158 3397 2228 Propheta:
3434 2161 3517 2215 lo-

1940 2272 2075 2326 quar
2099 2254 2173 2323 “)
2207 2269 2311 2307 non
2363 2253 2661 2306 hominem.

2011 2348 2101 2403 3-5.
2132 2347 2224 2400 llle
2253 2347 2419 2415 igitur
2442 2387 2456 2408 ,
2492 2346 2580 2410 qui
2625 2345 3058 2413 propriissimum
3096 2344 3311 2411 aliquod
3367 2344 3511 2412 judi-

1945 2442 2184 2503 cium,ut
2228 2438 2518 2508 Apostolus
2565 2438 2664 2499 ait,
2708 2438 3015 2505 superbiam
3059 2437 3220 2491 habet
3250 2478 3263 2500 ,
3298 2450 3516 2490 contra-

1948 2534 2081 2587 riam
2110 2533 2209 2587 sibi
2243 2532 2557 2587 modestiam
2609 2530 2709 2584 viri
2750 2532 2919 2584 sancti
2971 2532 3280 2585 nullatenus
3311 2531 3516 2596 ferens,

1944 2641 2103 2695 quam
2156 2624 2441 2678 celerrime
2493 2624 2689 2690 potuit,
2721 2624 2967 2690 drposita
3025 2624 3168 2676 larva
3217 2626 3394 2693 fugam
3424 2642 3517 2676 ea-

1944 2716 2188 2782 pcssivit.
2224 2716 2365 2769 Deus
2419 2726 2599 2768 autem
2630 2754 2645 2778 ,
2686 2716 2776 2783 qui
2820 2716 3116 2770 humilibus
3144 2717 3230 2768 dat
3258 2718 3515 2783 gratiam.

1945 2810 2163 2862 uberem
2194 2806 2312 2875 ejus
2341 2822 2651 2860 mensuram
2687 2806 2848 2860 etiam
2898 2807 3055 2860 Petro
3100 2810 3360 2871 contulit,
3410 2824 3514 2861 non

1946 2910 2157 2954 tantum
2187 2901 2236 2953 in
2268 2899 2451 2954 futuro
2503 2900 2702 2953 sa-cnlo
2737 2900 3028 2967 repositam
3053 2937 3067 2960 .
3098 2899 3188 2952 sed
3224 2899 3331 2953 illic
3364 2916 3521 2966 repn—

1943 2994 2060 3047 sit:e
2092 2994 2440 3048 securitatem
2468 3032 2483 3054 ,
2522 2991 2665 3045 velut
2710 2992 3072 3045 arrhabouem
3104 2991 3152 3044 ei
3199 2991 3249 3043 in
3284 2991 3385 3044 hoc
3416 3006 3517 3044 sa:-

1943 3086 2060 3139 Culn
2100 3094 2383 3152 prmSIans.
2419 3082 2493 3135 Ex
2531 3082 2621 3135 illo
2654 3097 2883 3151 namque
2909 3093 3151 3150 tempore
3169 3083 3518 3135 contumeliis

255 3174 531 3230 ἀνύττων.
586 3173 675 3233 Ὠς
705 3173 813 3242 γάρ
843 3174 899 3225 αξ
933 3173 1045 3225 τῶν
1078 3173 1432 3243 ὑψηλοτάτων
1455 3171 1628 3240 ὁρέων
1672 3187 1839 3241 κορυ-
1866 3184 1907 3241 ο

1866 3184 1907 3241 c
1941 3178 2222 3231 diabolicis
2252 3175 2391 3229 liber
2418 3217 2433 3239 ,
2467 3175 2610 3244 jnste
2644 3175 2986 3245 perfecthue
3036 3175 3119 3228 vir
3158 3190 3382 3243 magnus
3444 3174 3521 3224 vi-

256 3267 364 3332 tpu't
397 3265 709 3333 πνεύμασιν
732 3262 897 3335 ἦττον
931 3266 1346 3335 περιπνέονται,
1375 3264 1441 3332 τῇ
1474 3263 1567 3315 τοῦ
1601 3261 1837 3331 ούρανοῦ

255 3358 543 3427 περιφορᾷ
589 3360 1023 3425 συγκινουμένου
1086 3355 1183 3409 τοῦ
1252 3356 1384 3427 περὶ
1439 3354 1611 3416 αῦτάς
1653 3355 1835 3423 ἀέρος,

256 3452 292 3518 ἢ
329 3448 491 3518 μέχρι
522 3448 619 3500 καὶ
662 3450 721 3510 ὲς
768 3448 940 3508 αὐτὰς
970 3446 1057 3500 διὰ
1105 3448 1212 3498 τῶν
1263 3444 1509 3513 συνεχῶν
1549 3443 1840 3497 καθικνου-

260 3541 428 3608 μένη,
464 3538 566 3602 τῆς
612 3536 861 3590 κάτωθεν
899 3538 1009 3588 τῶν
1041 3538 1260 3605 ἀνέμων
1307 3536 1483 3604 ὁρμῆς
1512 3549 1573 3585 τε
1614 3534 1710 3585 καὶ
1748 3548 1840 3598 γε-

256 3630 467 3688 νέσεως
533 3628 972 3695 ὲπικρατεττέρα
1031 3627 1348 3678 δεικνύων
1404 3625 1495 3678 τὸν
1556 3624 1722 3677 αὐτὸν
1773 3623 1838 3694 δὴ

254 3721 455 3773 τοῦτον
486 3720 710 3789 τρόπον,
740 3721 833 3772 καὶ
866 3719 959 3771 τοῦ
1000 3719 1206 3787 Πέτρου
1252 3718 1346 3769 νῦν
1384 3718 1477 3770 ἐπὶ
1508 3717 1605 3787 τὴν
1635 3716 1838 3770 άοπτον

255 3809 455 3877 ὥσπερ
495 3806 731 3860 σκοπιάν
768 3807 950 3875 πάσης
984 3807 1207 3877 ἀρετῆς,
1239 3806 1483 3874 δηλονότι
1515 3807 1619 3875 τὴν
1650 3804 1839 3857 ταπεί-

255 3920 430 3957 νωσιν
474 3900 1019 3969 ἀναδεδραμηκύτος,
1066 3900 1160 3951 καὶ
1204 3899 1299 3952 τοῦ
1355 3901 1631 3953 άνωτάτου
1678 3899 1841 3951 πνεύ-

260 4011 435 4062 ματος
472 3992 890 4061 ἐμπνεουμένου
914 4008 971 4043 τε
1006 3994 1104 4046 καὶ
1140 3993 1576 4061 περιπνεομένου
1595 3992 1836 4061 χάρισιν,

257 4086 291 4151 ἡ
349 4082 459 4133 τῶν
511 4080 766 4151 πονηρῶν
839 4082 1173 4149 πνευμάτων
1244 4081 1461 4147 φάλαγξ
1517 4080 1666 4134 κάτω
1734 4096 1838 4131 που

254 4174 523 4241 παρεῖται
577 4172 987 4241 προσηκόντως,
1020 4174 1116 4225 καὶ
1177 4172 1539 4241 ἀπελήλαται,
1574 4172 1682 4224 τῶν
1715 4189 1841 4222 πτε-

257 4264 379 4335 ρῶν
410 4264 619 4325 αὐτοῖς,
647 4263 724 4325 ὡς
766 4264 994 4332 τήκεται
1024 4263 1214 4332 κηρὸς,
1240 4263 1345 4315 ὑπὸ
1375 4262 1468 4314 τοῦ
1496 4262 1639 4315 θείου
1661 4264 1841 4314 διαλυ-

254 4356 468 4410 θέντων
501 4356 698 4423 πυρδς,
740 4354 929 4424 ὥσπερ
973 4355 1108 4423 φασὶ
1136 4358 1233 4408 καὶ
1260 4357 1380 4418 ταῖς
1412 4355 1499 4422 ὑφ’
1532 4353 1684 4424 ἡλίου
1718 4354 1841 4424 θερ-

253 4450 525 4520 μοτέραις
556 4448 909 4518 προσϐολαῖς,
931 4450 1028 4520 τὴν
1055 4449 1198 4501 κατὰ
1226 4449 1355 4511 τοὺς
1388 4448 1593 4519 μύθους
1622 4449 1835 4517 Ἰκάρου

253 4559 435 4613 μηχακ
448 4542 535 4611 ἠν.

328 4632 428 4685 λε’.
467 4632 629 4685 ⁹Λλλά
667 4630 774 4702 γάρ
808 4634 840 4703 ἡ
887 4631 981 4684 τοῦ
1013 4631 1157 4683 θείου
1211 4632 1531 4700 Πνεύματος
1562 4634 1836 4701 ἐπίπνοια,

247 4727 357 4786 τὶς
407 4723 755 4793 κακούργους
810 4724 1155 4794 ἀπωσαμένη
1213 4723 1507 4792 δυνάμεις,
1561 4729 1655 4779 xui.
1711 4729 1838 4791 τοὺς

246 4816 640 4885 ἀγαθουργούς
690 4816 1050 4884 ἀντεπιφέρει
1109 4817 1485 4887 λειτουργοὺς,
1535 4820 1629 4871 καὶ
1688 4820 1838 4890 ἄρτῳ

244 4911 474 4979 τρέφει,
504 4908 598 4961 τὸν
632 4908 727 4960 ἐπὶ
768 4907 874 4976 γῆς
902 4908 1075 4976 αὐτῆς
1111 4910 1209 4976 οὐχ
1246 4910 1393 4978 ἥττω
1438 4909 1546 4962 τῶν
1579 4909 1692 4963 ἀνω
1725 4912 1838 4964 λει-

244 5000 531 5071 τουργῶν,
582 5002 811 5062 τακταῖς
866 4999 1092 5069 ἡμερῶν
1153 5001 1425 5069 περιόδοις
1468 5002 1536 5055 δι’
1600 5003 1833 5071 ἀγγέλου

244 5091 633 5161 κομιζομένῳ.
678 5092 839 5161 Ἠλίᾳ
873 5090 976 5161 μὲν
1026 5092 1137 5162 γὰρ
1188 5092 1361 5160 κόραξ
1402 5092 1464 5145 τὸ
1513 5095 1834 5161 μισότεκνον

242 5183 592 5250 ὑπηρετεῖτο
628 5179 788 5245 ζῶον,
824 5180 1097 5249 σύμϐολόν
1126 5198 1261 5247 φασι
1304 5182 1394 5234 τοῦ
1431 5182 1567 5251 πρὸς
1609 5184 1671 5235 τὸ
1706 5184 1836 5252 ὀμό-

241 5275 422 5345 ιρυὶον
456 5271 817 5341 ἀσυμπαθοῦς
844 5288 857 5302 ·
903 5272 1094 5343 Πέτρῳ
1136 5274 1215 5337 δὲ,
1251 5274 1352 5342 τῆς
1400 5275 1522 5327 κατ’
1568 5276 1833 5342 ἀγγέλους

246 5364 559 5429 πολιτείας,
594 5365 621 5415 ὁ
652 5363 1012 5434 διακομιστὴς
1043 5366 1296 5433 ἄγγελος,
1335 5366 1565 5433 ἄγγελος
1610 5368 1791 5436 σαφής
1816 5383 1830 5397 ο

240 5457 309 5518 ὓς
345 5455 444 5507 καὶ
473 5454 533 5506 τὸ
566 5455 743 5523 μάννα
767 5456 846 5524 τῷ
876 5457 1109 5527 γενναίῳ
1141 5456 1529 5524 ἐπιδείκνυσιν,
1562 5459 1835 5526 αὐτοφυὲς

236 5543 389 5613 ὁμοῦ
417 5560 474 5596 τε
506 5543 603 5595 καὶ
631 5545 910 5606 πολυειδὲς
937 5545 1091 5614 ὄψον,
1132 5546 1225 5600 ἅτε
1258 5550 1323 5617 τῇ
1354 5546 1445 5599 τοῦ
1478 5547 1831 5616 μεταλαμϐά-

240 5651 436 5695 νοντος
471 5635 677 5705 ὀρέξει,
706 5638 804 5708 τὴν
855 5639 1091 5709 γευστὴν
1127 5639 1390 5712 ποιότητα
1440 5640 1827 5711 συμμετεϐάλ-

329 5814 371 5844 ¹¹
409 5812 533 5868 Psl
584 5830 692 5879 ut,
725 5816 775 5871 7.

1942 3279 2049 3321 tam
2086 3266 2788 3337 peregit.Quemadmodum
2822 3267 2967 3319 enim
3001 3281 3336 3319 summorum
3363 3280 3519 3317 mon-

1940 3363 2069 3417 tium
2106 3361 2383 3415 cacumina
2436 3360 2612 3413 veutis
2664 3359 2841 3412 minus
2878 3359 3114 3412 obnoxia
3171 3368 3320 3421 sunt,
3373 3359 3515 3427 quod

1939 3468 2031 3505 aer
2058 3450 2163 3503 illis
2190 3448 2560 3502 circumfusus
2592 3462 2694 3501 una
2724 3462 2843 3501 cum
2877 3448 2997 3501 εωιί
3032 3448 3263 3501 circuitu
3296 3464 3513 3502 movea-

1943 3554 2027 3597 tur
2083 3544 2389 3612 (circuitum
2440 3551 2621 3595 autem
2675 3541 2821 3592 illum
2853 3581 2867 3603 ,
2915 3555 3009 3606 per
3043 3541 3512 3595 mntiuuationem

1941 3649 2107 3702 usque
2151 3634 2219 3688 ad
2255 3634 2367 3700 ipsa
2398 3633 2680 3686 cacumina
2726 3632 3121 3701 pertingentem
3152 3673 3165 3697 ,
3197 3633 3509 3687 validiorem

1939 3741 2080 3786 esse,
2122 3739 2283 3792 quam
2341 3725 2597 3790 impetum
2654 3732 2932 3776 venturum
2988 3723 3195 3777 inferne
3246 3734 3515 3790 ortorum,

1943 3816 2284 3870 manifestum
2327 3816 2467 3884 est);
2498 3815 2687 3869 eodem
2724 3815 2877 3882 plane
2913 3816 3073 3869 modo
3107 3856 3124 3877 ,
3158 3830 3281 3869 cum
3326 3813 3515 3867 Petrus

1936 3908 2045 3976 jam
2073 3911 2124 3962 iu
2158 3909 2485 3963 invisibilem
2520 3908 2763 3961 omnium
2797 3909 3080 3965 virtutum,
3107 3915 3163 3957 ut
3198 3908 3267 3959 ita
3306 3906 3513 3971 loquar,

1943 4003 2239 4066 speculam,
2311 3999 2563 4051 videlicet
2633 3997 3018 4059 humilitatem,
3078 3999 3382 4062 evasisset,
3452 4014 3514 4053 ac

1941 4094 2179 4148 (-uﬂestis
2210 4092 2436 4159 Spiritus
2467 4091 2639 4159 gratia
2690 4090 2905 4143 afﬂatus
2940 4090 3307 4157 perﬂatusque
3333 4100 3510 4154 esset;

1944 4200 2175 4253 nequam
2238 4184 2528 4251 Spirituum
2602 4181 2797 4236 cohon
2850 4182 3043 4235 merito
3099 4182 3150 4234 in
3203 4182 3512 4235 interiorem

1942 4278 2229 4345 quemdam
2277 4277 2453 4328 locum
2493 4276 2713 4327 dimissa
2737 4273 3035 4343 abactaque
3067 4285 3171 4337 est,
3201 4274 3301 4327 alis
3318 4290 3508 4327 eorum

1942 4370 2221 4424 tiiSnOIUiiS
2242 4369 2309 4419 ah
2334 4369 2455 4435 igne
2475 4368 2679 4427 divino.
2700 4382 2804 4419 non
2825 4382 2981 4420 seeos
2999 4383 3061 4420 ac
3082 4384 3203 4419 cera
3226 4368 3476 4435 liquescit
3498 4389 3513 4432 ς

1944 4468 2017 4520 et,
2052 4468 2103 4509 ut
2140 4456 2335 4509 fabulae
2366 4456 2627 4517 referunt,
2665 4454 2939 4508 dissoluta!
2967 4455 3182 4508 luerunt
3214 4455 3346 4523 Icari
3381 4470 3515 4525 pen-

1947 4566 2025 4602 na-
2062 4547 2465 4601 ardentioribus
2493 4546 2622 4599 solis
2657 4547 2839 4598 radiis.

2007 4643 2095 4697 35.
2140 4642 2341 4707 Nempe
2390 4639 2556 4692 divini
2616 4640 2842 4707 spiritus
2875 4640 3045 4704 favos,
3090 4640 3372 4707 spiritibus
3400 4656 3512 4693 ma-

1937 4736 2109 4787 lorqu
2143 4732 2609 4786 machinatoribus
2648 4732 2879 4799 repulsis
2909 4772 2923 4794 ,
2959 4746 3144 4785 eorum
3185 4732 3304 4784 loco
3338 4732 3501 4785 bene-

1937 4826 2067 4880 ﬁcos
2097 4824 2351 4880 submisit
2380 4864 2393 4886 ,
2429 4822 2708 4876 ministros
2735 4840 2750 4888 ;
2780 4837 2843 4877 ac
2864 4822 3062 4885 virum,
3098 4822 3259 4877 etiam
3293 4822 3417 4875 dum
3452 4824 3506 4875 in

1935 4915 2095 4969 terris
2120 4916 2438 4967 versabatur
2473 4914 2739 4967 ministris
2789 4913 3098 4967 cmlestihus
3142 4926 3246 4965 non
3291 4910 3508 4965 inferio-

1936 5021 2045 5058 rem
2083 5006 2251 5058 certis
2296 5004 2503 5057 dierum
2558 5003 2859 5057 intervallis
2899 5001 3161 5055 euutrivit
3190 5043 3205 5067 ,
3255 5017 3391 5073 pane
3444 5002 3510 5051 ab

1931 5098 2120 5163 angelo
2170 5096 2369 5149 delato.
2426 5095 2551 5147 Elim
2612 5095 2829 5162 quidem
2894 5093 3223 5147 ministratit
3286 5108 3506 5154 corvus,

1931 5205 2051 5257 quae
2088 5188 2320 5243 volucris
2369 5188 2543 5253 pullos
2592 5202 2722 5241 suos
2771 5187 2897 5239 odio
2950 5186 3332 5254 prosequitur,
3365 5186 3506 5252 quod

1932 5278 2235 5348 syriibolum
2273 5288 2510 5336 notasse.
2544 5278 2719 5341 aiunt,
2770 5276 3253 5329 immisericordem
3293 5275 3414 5343 ejus
3450 5274 3501 5327 in

1936 5369 2270 5422 contribules
2330 5370 2568 5421 animum
2610 5387 2623 5421 :
2662 5367 2822 5422 Petro
2876 5383 3028 5430 vero,
3083 5365 3339 5433 angelicae
3377 5379 3507 5418 con-

1936 5460 2259 5513 versationis
2296 5460 2430 5524 viro,
2468 5458 2717 5513 minister
2759 5458 2981 5525 angelus
3009 5497 3022 5520 ,
3064 5466 3115 5508 et
3140 5457 3353 5525 quidem
3388 5471 3503 5507 ma-

1934 5552 2125 5606 nifeste
2161 5553 2403 5621 angelus,
2435 5552 2608 5615 adest,
2639 5550 2726 5621 qui
2752 5552 2826 5603 illi
2859 5551 3021 5603 etiam
3047 5565 3243 5603 manna
3262 5548 3502 5615 exhibet,

1931 5654 2121 5711 sponte
2178 5654 2364 5698 natum
2422 5654 2477 5697 et
2528 5642 2661 5695 varii
2694 5643 2905 5711 saporis
2948 5642 3255 5710 opsonium,
3318 5649 3504 5708 utpote
