4246 6464
242 408 382 475 1020

1365 404 1535 462 VITA
1571 402 1628 462 S.
1661 401 1877 461 PETRI
1925 401 2358 461 ATHONITAE.

3353 399 3371 459 1
3385 399 3487 463 030

235 523 592 599 ἀνάγραπτον
624 519 1017 588 ποιησαμένου,
1062 518 1223 589 μέχρι
1252 517 1344 572 καὶ
1377 519 1515 587 np’;
1560 519 1705 587 ἡμᾶς
1754 516 1813 569 εὖ
1845 520 1889 579 Α

1810 541 1813 559 ι
1845 520 1889 579 Α
1920 514 2118 569 litteris
2168 530 2381 584 quoque
2414 515 2687 581 mandata,
2724 530 2827 569 non
2860 514 2980 570 sine
3032 515 3194 569 multa
3258 518 3373 570 utili
3402 531 3487 571 ate

237 615 428 667 ποιοῦν
476 615 575 684 ήδη
608 614 833 681 φθάνει·
880 615 945 682 τῇ
995 629 1052 664 τε
1109 614 1297 681 μνήμῃ
1343 609 1555 674 νεάζον,
1587 609 1813 676 καὶτῆς

233 707 503 777 όνησίμου
537 707 823 774 δυνάμεως
854 706 949 773 οὐχ
978 704 1282 773 ὑφειμένως
1326 704 1485 772 ἔχων,
1518 704 1650 755 πᾶσι
1684 718 1815 753 παν-

236 803 327 861 τὸς
406 798 612 865 ἀγαθοῦ
686 798 1033 866 παράδειγμα
1089 795 1484 866 προκείμενον,
1539 795 1634 846 καὶ
1695 792 1813 862 βίου

233 892 570 961 τοπαράπαν
620 888 896 949 ἀπλανοῦς
944 890 1253 959 ἀρχέτυπος
1290 885 1475 951 εἰκὼν,
1509 886 1603 939 καὶ
1632 886 1814 954 πάσης

232 985 441 1053 ἀρετῆς
476 983 608 1046 ἰδέα,
644 984 826 1050 πάσης
855 983 1051 1043 κακίας
1088 981 1312 1047 ἀμιγὴς.

305 1072 409 1141 λη’.
450 1073 591 1124 Ἀλλ’
620 1076 647 1124 ό
689 1072 789 1141 μὲν
820 1071 975 1137 λόγος
1027 1070 1307 1136 ἐπείγεται
1357 1070 1493 1137 πρὸς
1539 1066 1809 1127 τὸτέλος·

230 1166 346 1231 ἐγὼ
376 1166 419 1217 δ’
452 1164 784 1231 αἰσθάνομαι
830 1162 1001 1215 πολλὰ
1049 1163 1117 1214 τά
1158 1162 1265 1215 τῶν
1315 1160 1633 1227 ἀναγκαίων
1662 1158 1812 1227 εἱρῆ-

232 1255 362 1307 σθαι
392 1252 740 1323 παραλιπὼν,
772 1245 847 1304 ὧν
887 1252 1042 1317 ὀλίγα
1074 1252 1352 1318 προσθεὶς,
1389 1251 1479 1301 καὶ
1506 1249 1676 1302 ταῦτα
1703 1247 1811 1300 τῶν

234 1346 377 1412 μετὰ
442 1346 537 1414 τὴν
595 1344 730 1411 πρὸς
783 1342 918 1394 Θεὸν
978 1340 1249 1410 ἐκδημίαν
1313 1340 1687 1409 ὑπηργμένων
1734 1337 1810 1406 τῷ

232 1438 549 1506 θαυμασίῳ,
600 1436 876 1505 προσῆκον
924 1436 1137 1503 ποιήσω
1186 1434 1262 1501 τῲ
1316 1434 1457 1501 λόγῳ
1500 1432 1673 1492 τέλος.
1708 1432 1811 1485 Μι-

232 1529 368 1597 κρὸν
401 1528 495 1581 οὖν
527 1524 686 1589 αὖθις
737 1527 1097 1594 ἀναληπτέον.
1124 1526 1463 1593 Τεθεαμένος
1514 1525 1621 1593 γὰρ
1648 1527 1675 1577 ό
1704 1542 1805 1576 κυ-

232 1621 473 1689 νηγέτης
524 1622 731 1681 ἐκεῖνος
777 1618 870 1671 τὸν
914 1618 1009 1670 τοῦ
1059 1616 1195 1671 Θεοῦ
1242 1617 1552 1685 ἄνθρωπον,
1594 1618 1686 1668 καὶ
1731 1617 1809 1677 εἰς

227 1711 423 1777 λόγους
459 1712 650 1774 ἐλθὼν,
680 1713 775 1763 καὶ
804 1712 967 1777 γνοὺς
998 1710 1128 1761 αὐτὸ
1159 1710 1307 1761 τοῦθ’
1336 1710 1410 1771 ὼς
1436 1706 1650 1777 ἀληθῶς
1680 1707 1809 1759 ὄντα

228 1802 370 1853 Θεοῦ
422 1802 734 1871 ἄνθρωπον,
770 1802 973 1872 μᾶλλον
1022 1800 1067 1853 δ’
1115 1801 1257 1869 ὑπὲρ
1310 1802 1457 1867 ἡμᾶς
1491 1800 1677 1868 φάναι,
1715 1799 1808 1850 καὶ

226 1893 465 1961 ἄγγελον
514 1868 782 1964 ἀτεχνῶς*
813 1893 971 1959 Θεοῦ,
1002 1895 1095 1945 καὶ
1153 1893 1363 1961 μύστην
1418 1891 1528 1943 τῶν
1578 1892 1690 1945 ἀνω
1719 1888 1811 1942 καὶ
1845 1868 1886 1925 Β

226 1985 441 2055 θεωρὸν
466 2004 479 2017 ο
504 1988 566 2039 ού
597 1987 827 2049 δεκάτας
857 1988 966 2041 ἀπὸ
994 1986 1104 2038 τῶν
1139 1987 1367 2039 ἐνόντων
1411 1984 1605 2047 ὲδίδου,
1635 1984 1809 2036 καθά-

227 2096 342 2149 περ
394 2078 647 2149 Ἀϐραάμ
685 2079 852 2132 πάλαι
899 2079 977 2149 τῷ
1014 2080 1351 2149 Μελχισεδὲκ
1399 2076 1671 2148 ὲντυχώνυ
1700 2076 1810 2129 οὐδ’

225 2172 346 2226 ἀπὸ
376 2172 487 2224 τῶν
540 2172 683 2225 οἴκοι
717 2172 1239 2241 τεθησαυρισμένων
1291 2171 1605 2241 ὑπισχνεῖτο
1648 2169 1811 2239 κομί-

225 2282 367 2330 σειν,
401 2266 433 2335 ἦ
463 2265 524 2319 τὸ
568 2266 741 2336 ἥμισυ
787 2266 895 2319 τῶν
945 2265 1299 2335 ὑπαρχόντων
1332 2265 1565 2331 πτωχοῖς
1610 2262 1811 2315 διδόναι

222 2358 374 2412 κατὰ
435 2359 732 2429 Ζακχαῖον·
791 2359 910 2411 ἀλλ’
960 2359 1083 2411 ὅλον
1139 2359 1333 2411 ἑαυτὸν
1384 2357 1527 2427 Θεῷ,
1585 2356 1679 2408 καὶ
1731 2353 1810 2424 τῷ

223 2451 374 2504 κατά
404 2450 537 2503 Θεὸν
569 2452 726 2520 ἀνδρὶ
772 2452 1035 2521 παρέξειν
1064 2453 1272 2521 ᾑρεῖτο,
1309 2450 1518 2518 ζημίαν
1573 2448 1806 2519 ἡγούμε-

225 2562 321 2605 νος
345 2543 444 2613 τὴν
476 2545 757 2607 ἐπάνοδον,
793 2546 887 2597 καὶ
920 2546 1018 2613 τὴν
1049 2545 1143 2598 ἀπ’
1193 2543 1359 2595 αὐτοῦ
1406 2542 1680 2606 διάζευξιν
1708 2544 1808 2596 οὐκ

221 2636 327 2688 ἐπὶ
379 2636 504 2690 νοῦν
552 2636 717 2706 ἔχων.
781 2636 1085 2702 Ἐντεῦθεν,
1133 2637 1336 2705 ταύτην
1366 2636 1686 2703 ὲπαγγέλλω
1728 2653 1809 2688 σοι

221 2728 417 2799 χάριν,
450 2728 628 2794 ἔλεγε,
679 2728 936 2799 θειοτάτη
986 2746 1077 2799 μοι
1125 2729 1366 2799 κορυφὴ,
1399 2728 1807 2798 παραδέξασθαι

225 2838 337 2891 μου
364 2820 465 2890 τὴν
497 2820 799 2883 συνοικίαν,
838 2820 903 2871 ἶν’
952 2820 1058 2871 ὑπὸ
1092 2820 1175 2871 σοὶ
1204 2820 1512 2887 διδασκάλῳ
1542 2820 1808 2888 ταττόμε-

222 2930 343 2974 νος,
374 2913 435 2964 τδ
458 2911 643 2963 λοιπὸν
674 2913 780 2963 καὶ
803 2911 965 2972 αὐτὸς
1011 2912 1225 2972 ἀσαλῶς
1270 2911 1409 2964 κατά
1440 2912 1570 2963 Θεὸν
1602 2910 1805 2979 βιώσω,

220 3002 486 3071 δυνηθεὶς
520 3002 811 3071 διαδρᾶναι
844 3003 939 3064 τάς
982 3002 1235 3064 ποικίλας
1264 3002 1371 3053 τῶν
1411 3001 1507 3069 τῆς
1542 2999 1807 3067 πονηρίας

225 3094 567 3162 πνευμάτων
618 3092 861 3161 ἐνέδρας,
892 3092 986 3143 καὶ
1030 3091 1167 3156 πρὸς
1205 3092 1367 3143 αύτὶν
1418 3090 1620 3158 φθάσαι
1650 3089 1805 3151 Θεὸν,

1918 608 1982 659 ad
2014 622 2111 662 nos
2152 623 2323 674 usque
2350 608 2596 675 pervenit
2624 628 2637 673 ;
2668 624 2729 661 ac
2760 608 3015 662 memoria
3061 610 3142 663 sui
3191 622 3447 663 renovata
3471 648 3489 673 ,

1918 716 2023 753 non
2056 716 2244 769 parum
2281 701 2496 755 virtutis
2534 700 2789 770 proﬁcum
2814 702 3099 755 continens
3130 742 3143 761 .
3179 701 3488 770 exetnplum

1916 792 2094 847 omnis
2124 793 2248 847 boni
2304 796 2513 847 eunetis
2561 794 2913 863 proponitur.
2951 794 3269 862 principalis
3311 796 3488 862 imago

1918 888 2040 940 Vita!
2074 888 2433 955 nndequaque
2466 888 2791 949 innor‘entis,
2822 888 2995 939 forma
3021 885 3348 940 omninmdse
3379 886 3489 939 vir-

1919 980 2072 1038 tutis.
2106 978 2432 1033 omnimodte
2479 978 2615 1030 labis
2648 993 2865 1046 expers.

1986 1070 2076 1125 58.
2113 1070 2216 1122 Sed
2262 1070 2436 1123 oratio
2483 1080 2661 1123 nostra
2722 1070 2880 1121 liuent
2934 1080 3138 1137 spectat
3178 1087 3191 1122 :
3241 1068 3489 1136 quamvis

1913 1160 2215 1214 existimem
2253 1161 2458 1225 multa,
2495 1177 2613 1227 quae
2657 1160 2763 1211 dit-i
2796 1161 3079 1220 deberent,
3126 1172 3271 1227 ιιι-ενι.
3295 1160 3488 1211 rmissa

1913 1266 2067 1316 esse;
2099 1268 2327 1319 quorum
2363 1270 2555 1321 pauca,
2589 1270 2708 1322 qua}
2736 1267 2854 1321 post
2884 1253 3147 1307 mirabilis
3174 1254 3274 1305 viri
3307 1255 3370 1307 ad
3400 1268 3489 1306 su-

1912 1360 2071 1413 peros
2108 1348 2395 1400 trnnsitum
2425 1348 2790 1413 conligerttttl,
2825 1362 2965 1397 nunc
3004 1347 3267 1407 referens,
3298 1356 3481 1411 aptum

1910 1440 2139 1489 orationi
2176 1440 2333 1489 linem
2393 1439 2686 1507 imponam.
2724 1440 3084 1506 Quamobrem
3138 1439 3296 1505 paulo
3325 1438 3487 1491 altius

1916 1529 2198 1593 repetemla
2241 1529 2369 1581 mibi
2423 1533 2597 1582 oratio
2637 1543 2742 1585 est.
2781 1531 3075 1600 Postquam
3116 1543 3340 1583 venator
3396 1532 3485 1582 ille

1914 1618 2173 1671 fanmlum
2202 1620 2293 1672 [ὶυί
2331 1620 2561 1685 viderat,
2596 1622 2864 1675 allorutus
2902 1622 3097 1680 fuerat,
3140 1639 3201 1674 ae
3236 1638 3356 1674 vere
3392 1636 3485 1673 en-

1912 1722 2193 1777 guuverat,
2228 1710 2500 1764 hominem
2534 1724 2780 1765 sam-tum
2814 1728 2931 1764 esse
2960 1728 2973 1773 ;
3018 1721 3108 1764 aut
3139 1711 3315 1778 potius
3362 1726 3483 1763 ma-

1908 1800 2081 1868 jorem
2115 1803 2442 1861 hominibus.
2505 1804 2752 1872 angelum
2792 1818 2977 1855 revera
3027 1802 3141 1863 Dei,
3206 1801 3483 1856 ctelestem

1913 1894 2349 1959 sacerdotem,ac
2369 1894 2596 1950 Deitatis
2629 1896 3111 1962 contemplatorem
3142 1894 3348 1957 videri,
3380 1909 3484 1947 non

1912 1985 2155 2039 decimas
2195 2004 2378 2042 eorum
2406 2004 2525 2057 quae
2562 1990 2895 2058 possidebat,
2933 1988 3009 2040 uti
3045 1988 3172 2041 olim
3203 1987 3481 2040 Abraham

1913 2077 2300 2134 Melchisedeco
2343 2094 2640 2136 occurrens
2668 2122 2683 2145 ,
2728 2080 2950 2148 largitus
2983 2091 3063 2133 est
3094 2097 3109 2145 ;
3146 2094 3321 2147 neque
3369 2081 3489 2134 tlte-

1912 2184 2102 2225 Sauros
2155 2171 2298 2224 domi
2352 2174 2662 2227 reconditos
2718 2174 3007 2228 allaturum
3038 2210 3054 2235 ,
3086 2182 3176 2224 aut
3205 2171 3484 2225 dimidium

1912 2262 2174 2317 bonorum
2200 2267 2708 2335 suornm,exemplo
2741 2266 2949 2320 Zacbaei
2975 2306 2989 2327 ,
3035 2265 3362 2334 pauperibus
3388 2266 3487 2316 da-

1913 2368 2091 2410 turum
2141 2372 2201 2412 se
2231 2358 2483 2426 promisit
2524 2376 2540 2425 ;
2570 2374 2751 2411 verum
2780 2373 2899 2413 sese
2928 2358 3337 2424 Deudivinoqtte
3370 2357 3490 2410 viro

1913 2460 2086 2504 totum
2120 2452 2374 2506 addicere
2410 2453 2637 2517 statuit,
2675 2452 2906 2505 reditum
2954 2451 3220 2520 supplicio
3256 2453 3356 2505 sibi
3394 2455 3489 2504 dn-

1910 2555 2132 2603 ceus,et
2162 2542 2383 2595 omnino
2414 2544 2660 2611 cogitans
2708 2557 2977 2609 tmnqnam
3018 2558 3074 2595 se
3101 2546 3165 2595 ab
3201 2544 3292 2596 illo
3319 2544 3488 2595 divel-

1912 2634 2149 2687 Iendum.
2180 2634 2294 2701 Qua
2330 2634 2397 2686 de
2431 2651 2593 2688 causa
2624 2636 2762 2687 banc
2788 2651 2817 2687 a
2866 2646 2914 2685 te
2959 2638 3186 2703 gratiam
3235 2646 3378 2703 peto,
3408 2636 3489 2689 in-

1908 2728 2149 2796 quiebat,
2180 2729 2260 2779 vir
2289 2728 2651 2788 sanctissime,
2679 2738 2735 2779 ttt
2779 2730 2830 2779 itt
2870 2730 3184 2781 societatem
3220 2742 3364 2781 tuam
3395 2746 3481 2783 me

1910 2820 2162 2887 recipias,
2193 2836 2299 2889 quo
2335 2832 2384 2874 te
2414 2823 2671 2890 magistro
2713 2823 2976 2890 reliquum
3013 2824 3136 2873 vit-.c
3178 2836 3334 2884 meae,
3384 2839 3477 2873 en-

1909 2925 2089 2965 rarum
2130 2927 2348 2981 expers,
2385 2914 2492 2966 Deo
2520 2914 2824 2981 impendam
2856 2930 2870 2977 ;
2906 2915 3081 2966 varias
3123 2912 3479 2982 malignorum

1909 3002 2198 3068 spirituum
2223 3003 2446 3057 insidias
2468 3018 2722 3068 caveam;
2758 3013 2918 3072 atque
2937 3004 3001 3055 ad
3024 3003 3214 3066 Deum,
3236 3018 3485 3056 commu-

1912 3110 2032 3147 nem
2064 3097 2326 3155 omnium,
2363 3095 2452 3164 qtti
2495 3096 2654 3149 beato
2698 3097 2801 3149 line
2832 3097 2996 3148 vitam
3022 3097 3367 3159 clauserunt,
3402 3111 3489 3149 re-

216 3184 329 3252 τὴν
358 3184 549 3253 κοινὴν
602 3182 714 3235 τῶν
752 3182 813 3235 εὖ
840 3182 1180 3251 βεϐιωκότων
1230 3180 1548 3234 ἀνάπαυλαν
1569 3195 1582 3209 ·
1625 3179 1684 3241 ὃς
1715 3181 1806 3232 καὶ
1834 3214 1876 3270 c

1834 3214 1876 3270 ο
1914 3187 2093 3254 ψιίθιη
2145 3186 2457 3254 perveniam
2493 3204 2508 3251 ;
2568 3184 2765 3250 Deum,
2794 3184 3035 3253 inquam,
3070 3185 3161 3253 qui
3192 3200 3381 3239 omnes
3418 3188 3486 3239 ad

217 3277 606 3348 προσδραμεῖν
648 3277 797 3345 αὐτῷ
825 3276 1035 3339 πάντας
1081 3276 1475 3338 διακελεύεται,
1509 3278 1604 3329 καὶ
1636 3292 1805 3345 προσ-

220 3373 415 3432 ιόντας
481 3371 768 3438 προσίεται
824 3370 1181 3439 φιλοφρόνως,
1249 3370 1342 3422 καὶ
1394 3370 1503 3421 τῶν
1550 3370 1811 3439 μειζόνων

216 3463 257 3534 ἢ
291 3461 417 3515 κατ’
465 3461 690 3524 ἑλπίδας
732 3458 894 3525 ἀξιοῖ.
930 3460 1091 3514 Γενοῦ
1149 3460 1331 3513 τοίνυν
1377 3462 1481 3514 κάν
1510 3461 1686 3529 τούτῳ
1723 3478 1810 3529 μισ

219 3555 411 3626 μητὴς
438 3554 531 3608 τοῦ
560 3555 859 3621 Δεσπότου,
894 3557 990 3608 καὶ
1034 3555 1137 3626 τὴν
1204 3555 1343 3624 ὶμὴν
1397 3554 1663 3625 μηδαμῶς
1700 3555 1811 3605 ἀπ-

215 3646 472 3715 αξιὼσης
521 3645 919 3700 εὐτέλειαν.ού
966 3644 1075 3714 γὰρ
1114 3644 1192 3697 ἔτ’
1245 3646 1513 3715 ἀνέχομαί
1568 3662 1659 3696 σου
1713 3648 1812 3717 τῆς

218 3739 360 3802 θέας
390 3737 752 3807 ἀποσχέσθαι,
782 3737 876 3791 τοῦ
924 3737 1061 3790 Θεοῦ
1104 3736 1357 3806 ἄνθρωπε
1388 3755 1401 3769 ο
1455 3738 1550 3791 σοῦ
1604 3740 1710 3807 γὰρ
1759 3739 1811 3791 εί

214 3832 543 3901 διασταίην,
596 3830 835 3884 ἁόίωτον
886 3832 985 3882 οὐκ
1032 3833 1340 3892 ἀπεικότως
1389 3830 1603 3883 ἑλκύσω
1658 3832 1806 3900 βίον·

216 3925 422 3992 ὥσπερ
454 3926 503 3977 εἰ
529 3922 810 3995 θησαυροῦ
843 3922 1097 3992 μετέχειν
1125 3921 1263 3987 ἐξὸν,
1292 3922 1386 3974 καὶ
1412 3921 1684 3991 θησαυροῦ
1713 3922 1811 3989 τῆς

213 4016 329 4086 γῆς
377 4017 603 4085 ἀπάσης
651 4016 1007 4083 τιμιωτέρου,
1046 4009 1145 4067 εἶτ’
1188 4012 1353 4077 αὐτὸς
1400 4014 1540 4067 ἑκὼν
1573 4013 1810 4082 ἐμαυτὸν

211 4112 543 4179 ἀπήγαγον,
573 4112 847 4180 στερήσας
877 4109 973 4177 τῆς
1007 4110 1177 4177 καλῆς
1207 4108 1524 4175 μετουσίας.

294 4200 399 4255 λθ’.
446 4200 614 4263 ⁹Λλλκ
651 4200 809 4269 Οὐχὶ,
846 4203 1014 4267 φησιν
1041 4203 1066 4252 ό
1100 4201 1196 4252 καὶ
1244 4200 1312 4252 τὰ
1360 4200 1554 4269 πόρρω
1582 4198 1811 4267 προὸλέ-

213 4312 347 4347 πων
394 4294 579 4346 οὑτοσὶ
611 4292 820 4360 Πέτρος
845 4308 858 4322 ’
911 4291 1038 4361 μηδ’
1070 4292 1261 4355 οὕτως,
1296 4284 1341 4343 ὦ
1374 4284 1550 4354 οὗτος,
1606 4291 1809 4359 ἀρτίως

210 4384 464 4439 διανοοῦ.
493 4385 584 4436 Σοὶ
610 4384 722 4453 γάρ
749 4384 813 4452 δὴ
853 4385 947 4435 καὶ
990 4383 1221 4450 σύζυγος
1255 4384 1394 4434 οἶκοι
1431 4384 1688 4451 κάθηται,
1718 4383 1809 4434 καὶ

1913 3296 1971 3333 se
1996 3278 2153 3349 jubet
2188 3281 2392 3341 venire,
2427 3279 2706 3332 venientes
2734 3278 2961 3347 benigne
2996 3278 3199 3345 excipit
3228 3316 3245 3340 ,
3275 3292 3335 3330 ac
3364 3295 3480 3329 ma-

1907 3372 2115 3438 joribus
2169 3388 2328 3440 quam
2390 3383 2740 3440 speraverant
2786 3372 3024 3440 prtemiis
3088 3380 3487 3424 remuneratur.

1913 3462 2020 3516 Fac
2053 3465 2216 3531 igitur
2249 3464 2300 3516 itt
2327 3463 2429 3517 ltoc
2464 3478 2676 3531 quoque
2712 3463 2997 3516 Dominum
3027 3472 3174 3513 tuum
3212 3461 3440 3514 imiteris
3470 3477 3484 3524 ;

1913 3565 2074 3622 atque
2100 3554 2447 3624 exiguitatem
2471 3569 2672 3617 meam,
2704 3562 2908 3621 quaso,
2941 3569 3006 3607 ne
3034 3554 3282 3623 repudies
3312 3567 3326 3608 :
3358 3567 3491 3605 non-

1912 3646 2036 3699 dum
2068 3646 2212 3699 enim
2248 3646 2315 3699 ab
2344 3653 2562 3712 aspectu
2597 3656 2711 3706 tuo,
2745 3646 2828 3697 vir
2860 3644 2948 3699 Dei
2978 3684 2993 3707 ,
3053 3660 3275 3712 possunt
3303 3644 3488 3697 avelli.

1912 3737 2064 3803 Quod
2099 3740 2142 3792 si
2179 3739 2335 3792 avelli
2362 3755 2447 3793 me
2475 3738 2694 3793 omnino
2723 3738 2878 3801 velis,
2916 3738 3279 3791 miserabilem
3308 3736 3487 3805 impu-

1913 3840 2142 3893 sternm,
2177 3847 2276 3884 nec
2307 3831 2527 3901 injuria,
2558 3840 2830 3882 tracturus
2856 3846 2975 3883 sum
3001 3831 3163 3881 vitam
3196 3844 3209 3880 :
3254 3827 3417 3880 veluti
3440 3827 3484 3879 si

1916 3924 2243 3977 thesaurum,
2294 3924 2343 3976 in
2381 3931 2645 3988 potestate
2686 3938 2802 3975 mea
2840 3922 3122 3982 haberem,
3158 3930 3210 3972 ct
3262 3919 3483 3988 quidem

1913 4016 2172 4070 ornnibns
2232 4015 2413 4068 mundi
2458 4015 2659 4068 divitiis
2705 4014 3161 4081 pra~stanti0tem,
3198 4012 3350 4080 t-njus
3387 4026 3489 4080 ego

1913 4107 2256 4176 pos~essione
2292 4122 2375 4160 me
2415 4118 2597 4173 postea
2625 4120 2742 4158 mea
2771 4114 2967 4171 sponte
2995 4118 3271 4156 exuerent.

1984 4201 2071 4253 59.
2090 4197 2205 4251 Non
2240 4198 2341 4263 sic,
2378 4198 2551 4265 inquit
2586 4198 2677 4267 qui
2704 4198 2882 4250 l'utnra
2907 4196 3233 4263 przevidebat
3268 4193 3486 4257 Petrus,

1913 4308 2015 4345 non
2047 4292 2125 4345 sic
2177 4291 2336 4343 modo
2368 4290 2743 4358 cogita,.bnne
2780 4289 2881 4342 vir.
2913 4287 3073 4341 Sedet
3105 4303 3337 4354 namque
3392 4286 3488 4340 tibi

1914 4400 2046 4437 uxor
2074 4385 2239 4449 domi,
2265 4394 2317 4435 et
2351 4382 2639 4452 propinqui
2679 4396 2783 4435 tuae
2814 4397 2957 4435 cura:
3007 4381 3281 4433 commissi
3316 4388 3441 4431 sunt
3472 4397 3485 4434 ;

214 4478 601 4547 προσήκοντες
650 4478 791 4530 κατὰ
835 4478 989 4543 γένος
1037 4477 1499 4544 ἐπιτετράφαται,
1535 4478 1628 4528 καὶ
1680 4492 1815 4545 προ·
1849 4478 1891 4531 ῐ)

1813 4507 1815 4515 ι
1849 4478 1891 4531 ῐ)
1922 4476 2131 4529 accedit
2154 4477 2296 4544 quod
2319 4490 2404 4528 res
2429 4474 2711 4527 familiaris
2746 4474 2837 4526 tibi
2874 4473 3015 4524 lauta
3060 4484 3328 4540 suppetat,
3370 4485 3490 4534 quze

216 4573 343 4623 σέτι
371 4571 665 4637 πρόσεστιν
690 4569 848 4621 οὐσία
878 4568 1073 4637 πολλὴ,
1094 4569 1304 4621 πολλῶν
1325 4570 1577 4639 πενήτων
1606 4568 1811 4637 ἐμπλῆ-

216 4680 319 4715 σαι
358 4660 635 4730 δυναμένη
670 4661 965 4730 γαστέρας.
1002 4661 1138 4729 ’Δγε
1168 4662 1230 4730 δή
1266 4678 1379 4730 μοι,
1411 4660 1563 4728 φίλον
1601 4662 1809 4725 τέκνον,

217 4754 422 4826 βοηθὸς
448 4754 763 4806 ἐπανελθὼν
797 4753 962 4820 γενοῦ
989 4755 1130 4807 κατά
1160 4756 1259 4824 τῆς
1301 4753 1531 4815 ἑνδείας,
1566 4757 1675 4816 τοῖς
1708 4753 1811 4806 ὑπὸ

214 4846 433 4912 ταύτης
471 4844 710 4912 ἀρειδῶς
766 4844 1130 4914 πιεζομένοις,
1160 4847 1253 4897 καὶ
1302 4846 1377 4916 μὴ
1406 4847 1613 4916 ἀνήσῃς
1636 4848 1809 4914 ἐπαρ-

216 4941 342 4991 κεῖν
398 4938 606 5001 αὐτοῖς,
651 4939 780 5007 ἄχρι
816 4939 911 4990 καὶ
966 4939 1161 4991 σαυτὸν
1219 4939 1278 4990 έν
1310 4938 1400 5007 fern
1452 4940 1810 5000 καταστάσεις

220 5032 419 5101 μοῖρα.
454 5030 589 5081 Τότε
628 5030 737 5098 γὰρ
772 5031 901 5090 ῖσως
941 5025 1000 5082 εὖ
1036 5031 1204 5082 πο.ὦν
1242 5031 1332 5081 ἐπὶ
1363 5030 1454 5082 τὸν
1491 5031 1690 5099 αὐχένα
1721 5030 1811 5081 τὸν

217 5120 469 5191 Χριστοῦ
523 5121 686 5186 ζυγὸν
740 5121 1025 5190 άναθήσῃ·
1062 5140 1081 5172 ι
1126 5121 1334 5191 Πτωχοδ.
1383 5120 1513 5191 γὰρ,
1548 5120 1620 5182 ὼς
1650 5122 1813 5181 αὐτὸς

215 5212 419 5277 εἶπεν,
470 5211 954 5279 εὐαγγελίζονταιο
994 5231 1011 5264 ι
1056 5216 1297 5283 προσέχῃ
1356 5213 1412 5265 δὲ
1475 5214 1685 5280 σαυτῷ,
1717 5214 1810 5265 καὶ

212 5308 343 5366 ταῖς
368 5305 589 5373 γηῖναις
618 5304 791 5369 ὁπόση
821 5306 1047 5373 δύναμις
1078 5307 1288 5373 ἡδοναῖς
1315 5321 1371 5357 τε
1398 5306 1489 5356 καὶ
1518 5308 1809 5374 μερίμναις

216 5398 676 5463 ἀποταξάμενος,
712 5399 1029 5467 παράμενον
1060 5402 1243 5467 τηρεῖν
1281 5399 1338 5449 ἐν
1378 5400 1443 5467 τῇ
1499 5400 1566 5466 σῇ
1614 5396 1810 5467 καρδία

214 5492 323 5557 τὴν
361 5488 461 5539 τοῦ
492 5488 629 5541 Θεοῦ
675 5490 919 5558 μνήμην,
957 5489 1056 5557 τὴν
1088 5489 1175 5541 ἐπ’
1204 5490 1430 5557 όνῦματι
1476 5488 1666 5539 τούτου
1712 5505 1808 5556 με-

214 5586 411 5652 λέτην,
444 5585 554 5643 τοῖς
613 5584 669 5633 ὲν
732 5584 962 5651 κρυπτῷ
1010 5583 1108 5651 τῆς
1160 5584 1338 5651 ψυχῆς
1386 5584 1629 5651 ταμείοις
1682 5582 1809 5633 ἀνά.

213 5692 475 5746 γραπτον
528 5674 720 5745 ὥσπερ
771 5675 1090 5745 ινθέμενος·
1128 5677 1294 5739 θείοις
1343 5693 1400 5727 τε
1462 5676 1663 5749 βίὸλοις
1714 5678 1808 5725 καὶ

298 5858 346 5892 ⁸²
375 5857 571 5912 Matth.
605 5871 677 5920 SI,
710 5855 762 5908 5.

1916 4568 2207 4635 plurimum
2263 4581 2559 4635 egenorum
2621 4567 2883 4619 latrantes
2952 4566 3264 4617 stnmat'ltos
3318 4565 3491 4630 possit

1912 4660 2124 4714 sedare.
2156 4660 2269 4727 Age
2307 4658 2492 4727 igitur,
2523 4658 2719 4710 dilecte
2757 4657 2852 4719 lili,
2892 4666 3185 4718 revertere,
3223 4665 3274 4707 et
3311 4656 3489 4722 inopia

1910 4753 2146 4820 graviter
2192 4750 2567 4804 laborantibus
2605 4750 2909 4815 opitulare,
2960 4763 3061 4801 nec
3109 4749 3258 4817 prius
3297 4748 3487 4799 desine

1910 4843 2018 4896 illis
2048 4858 2274 4909 erogare
2304 4857 2421 4907 qua:
2459 4841 2648 4898 habes.
2681 4854 2840 4906 quam
2884 4839 2950 4891 ad
2986 4854 3172 4907 p.‘tl‘t'ln
3223 4839 3289 4892 iis
3331 4838 3491 4895 reda-

1913 4944 2030 4988 ctus
2064 4935 2230 4987 fueris
2261 4933 2651 4988 eondbionem.
2683 4930 2832 4985 Tunc
2873 4933 3017 4984 enim
3068 4930 3301 4983 fortasse
3350 4933 3491 4982 bene

1910 5028 2161 5083 iaciendo
2189 5028 2483 5080 mereberis
2529 5038 2586 5078 ut
2618 5026 2818 5077 Christi
2850 5026 2978 5093 jngo
3012 5027 3210 5078 collum
3246 5026 3483 5078 subdas:

1916 5145 1933 5176 ι
1979 5125 2249 5193 Pauperes
2284 5123 2480 5191 quippe
2506 5163 2519 5185 ,
2558 5133 2611 5173 nt
2644 5122 2755 5188 ipse
2787 5132 2881 5177 att.
2911 5120 3348 5184 evangelizantur
3384 5120 3485 5170 η.»

1908 5221 2141 5273 Attende
2175 5234 2300 5271 vero
2336 5216 2429 5268 tibi
2479 5219 2589 5283 ipse
2621 5232 2634 5278 ;
2688 5214 3057 5281 voluptatibus
3081 5213 3337 5278 curisque
3370 5221 3482 5263 ter-

1909 5310 2057 5363 renis
2092 5310 2338 5362 nnntium
2378 5322 2638 5375 quantum
2692 5308 2805 5359 lleri
2844 5313 3019 5370 potest
3069 5305 3320 5367 remitte;
3368 5317 3493 5370 per-

1910 5417 2124 5472 petuam
2194 5404 2244 5455 itt
2336 5405 2519 5454 animo
2575 5413 2665 5454 tuo
2737 5416 2893 5453 serva
2951 5399 3269 5450 utetuoriam
3353 5396 3488 5459 Dei,

1909 5497 2133 5565 ejusque
2166 5511 2359 5547 uonn-n
2398 5497 2446 5547 in
2478 5500 2691 5551 secreto
2717 5493 2893 5546 cordis
2927 5492 3001 5544 tui
3040 5491 3354 5543 meditando
3392 5502 3492 5542 ve-

1910 5587 2003 5640 luti
2041 5587 2344 5641 inscribens
2367 5628 2380 5648 ,
2412 5602 2597 5641 sxcras
2649 5587 2871 5654 paginas
2905 5594 3067 5655 atque
3096 5585 3309 5652 eloquia
3368 5585 3487 5637 sin-

1910 5680 2047 5748 gnlis
2102 5680 2292 5732 diebus
2371 5682 2629 5747 horisque
2697 5679 2923 5749 singulis
2977 5679 3219 5733 studiose
3278 5676 3487 5733 lectita.
