4246 6464
679 422 826 493 1039

1804 423 1810 429 ’
1894 425 2270 486 GREGORII
2305 427 2631 487 l‘ALAMi‘E

3827 425 3969 496 tcto
4035 397 4039 401 ’

686 538 788 592 sibi
824 534 1239 605 possidendum.
1273 536 1330 592 In
1369 538 1493 594 vita
1540 539 1667 596 olim
1720 551 1816 593 sua
1849 552 2044 594 sensus
2074 538 2271 592 latebat

2384 540 2608 594 πάντων
2641 538 2901 611 αἴσθησιν
2931 537 3111 593 λαθὼν
3159 535 3300 592 κατά
3350 537 3442 592 τὸν
3477 537 3610 608 βίον,
3636 537 3733 591 νῦν
3779 539 3837 602 ἐξ
3874 541 3976 590 ἀν-

686 629 970 694 omnium;
1014 645 1156 684 nunc
1188 630 1294 685 vita
1349 631 1589 697 functus,
1627 647 1820 688 omnes
1856 634 2099 687 omnium
2145 649 2271 687 seu-

610 792 613 795 _
685 736 781 776 sus
808 719 1039 776 delectat
1061 724 1305 791 etjuvat.
1329 723 1467 779 Nam
1501 725 1695 796 linguae
1739 726 2126 794 propemodum
2155 740 2271 778 om-

685 815 833 868 nium
875 828 996 867 cum
1030 815 1390 871 admiratione
1413 817 1480 871 de
1509 817 1627 887 ipso
1656 818 1980 887 loquuntur;
2016 816 2271 872 similiter

685 907 754 962 ad
779 906 1020 961 omnium
1057 906 1226 961 ferme
1262 910 1506 962 auditum
1537 910 1724 964 laudes
1765 911 1883 981 ejus
1915 912 2271 981 perveniunt;

685 999 1009 1069 preponitur
1064 999 1180 1058 ipse
1226 1001 1402 1055 oculis
1448 1003 1818 1069 spectaculum
1872 1002 2174 1069 adorabile,
2214 1013 2272 1058 et

689 1091 1127 1144 contrectatione
1168 1092 1249 1146 sui
1295 1094 1550 1162 perutile.
1589 1092 1776 1163 Neque
1803 1109 1996 1150 sensus
2029 1103 2271 1150 tantum-

688 1183 852 1236 modo
913 1181 1114 1247 aﬂicit,
1155 1200 1343 1239 verum
1382 1187 1549 1240 etiam
1605 1188 1799 1241 animae
1854 1185 2146 1242 facultates
2205 1188 2272 1242 ad

689 1275 950 1328 virtutem
985 1285 1132 1329 recte
1157 1277 1473 1345 componit;
1506 1292 1697 1331 omnes
1729 1277 1853 1332 vita:
1882 1293 1996 1332 sua:
2014 1278 2274 1348 exemplis

694 1367 919 1426 docens.
945 1368 1056 1430 ubi,
1092 1377 1146 1419 et
1178 1383 1285 1436 quo
1331 1369 1513 1433 modo,
1539 1380 1593 1422 et
1623 1379 1885 1439 quantum
1921 1372 2274 1430 facultatibus

691 1456 800 1512 illis
848 1460 1106 1512 utendum
1165 1461 1257 1511 sit.
1317 1460 1493 1528 Atque
1550 1463 1618 1515 ita
1670 1464 1980 1518 omnimmle
2026 1467 2277 1521 omnibus

691 1550 829 1602 bene
889 1549 1121 1615 faciens,
1183 1550 1359 1605 factus
1401 1563 1489 1606 est
1537 1553 1804 1607 bonorum
1836 1555 2082 1608 omnium
2124 1570 2277 1610 com-

691 1642 874 1696 munis
920 1645 1222 1711 apotheca,
1281 1645 1493 1700 virtutis
1555 1646 1854 1716 magister,
1901 1649 2168 1714 expulsor
2198 1649 2278 1703 vi-

693 1737 916 1799 tiorum,
969 1737 1233 1790 boaorum
1292 1739 1473 1792 omnis
1523 1741 1738 1806 generis
1791 1742 2061 1808 provisor,
2105 1741 2281 1797 facilis

693 1831 746 1884 in
778 1831 946 1885 rebus
983 1831 1231 1899 angustis
1253 1830 1666 1900 suppeditator;
1704 1841 1756 1886 ct
1791 1835 1958 1886 verbo
1984 1843 2040 1886 ut
2073 1835 2274 1898 dicam,

2376 633 2612 704 θρώπων
2642 632 2907 701 γεγονὼς,
2944 633 3131 685 πᾶσαν
3165 631 3387 685 πάντων
3419 631 3678 702 αἴσθησιν
3713 628 3808 685 καὶ
3835 629 3937 697 τερ
3963 660 3973 668 ·

2376 743 2468 779 πει
2496 726 2591 780 καὶ
2647 725 2880 796 ὀνίνησι.
2918 725 3110 778 Κεῐται
3172 724 3271 794 μὶν
3321 723 3430 794 γὰρ
3482 723 3663 790 ὀλίγου
3695 723 3834 790 δεῖν,
3872 724 3976 776 ἐπὶ

2377 820 2475 882 τὰς
2513 819 2773 872 ἁπάντων
2808 819 2905 872 σὺν
2951 817 3193 886 θαύματι
3227 817 3497 884 γλώττας,
3539 815 3736 885 φθάνει
3767 816 3825 869 δὲ
3874 834 3970 885 μι-

2379 911 2516 981 κροῦ
2561 912 2994 982 παραπλησίως,
3031 910 3124 963 ἐπὶ
3167 910 3268 972 τὰς
3324 909 3584 964 ἁπάντων
3629 908 3827 974 ἀκοὰς,
3879 913 3980 961 καὶ

2378 1006 2558 1075 θέαμα
2590 1007 2880 1076 πρόκειται
2931 1003 3339 1075 προσκυνητὸν,
3381 1004 3479 1056 καὶ
3512 1002 3577 1055 δι’
3627 1002 3774 1074 ἁφῆς
3821 1002 3980 1055 λυσι-

2377 1097 2706 1151 τελέστατον
2731 1115 2744 1128 ο
2798 1098 2858 1149 οὐ
2903 1097 3064 1167 μόνον
3092 1095 3172 1158 δὲ,
3199 1093 3340 1148 ἀλλὰ
3379 1095 3473 1146 καὶ
3507 1092 3606 1157 τὰς
3651 1095 3751 1163 τῆς
3792 1094 3981 1164 ψυχῆς

2379 1187 2474 1240 ἐπὶ
2531 1186 2593 1238 τὸ
2642 1187 2894 1254 κρεῖττον
2945 1181 3286 1254 μεθαρμόζει
3336 1182 3621 1251 δυνάμεις,
3661 1183 3778 1245 τοῖς
3831 1183 3980 1234 κατὰ

2378 1279 2472 1331 τὸν
2529 1281 2730 1331 οἰκεῖον
2789 1277 2902 1347 βίον
2944 1276 3308 1345 ὑποδείγμασι
3355 1274 3564 1337 πάντας
3603 1273 3970 1338 ἐκδιδάσκων,

2380 1366 2444 1424 οὗ
2473 1371 2555 1423 δεῖ
2598 1372 2847 1433 ταύταις,
2885 1369 2981 1422 καὶ
3034 1369 3207 1431 ὅπως,
3248 1369 3342 1420 καὶ
3388 1365 3477 1436 ἐφ’
3524 1368 3649 1418 ὅσον
3684 1366 3978 1435 χρηστέον.

2381 1464 2494 1518 Καὶ⁸
2545 1463 2690 1516 οὕτω
2748 1462 3021 1524 παντοίως
3077 1461 3290 1522 πάντας
3349 1458 3609 1523 εὑποιῶν,
3646 1457 3745 1510 καὶ
3789 1457 3976 1509 κοινὸν

2380 1555 2744 1626 προκείμενος
2787 1553 3009 1621 ἀγαθῶν
3063 1552 3321 1606 ἁπάντων
3373 1549 3723 1619 πρυτανεῖον,
3762 1546 3973 1618 ἀρετῆς

2382 1647 2644 1720 ἡγεμὼν,
2702 1646 3050 1717 φυγαδευτὴς
3103 1645 3328 1707 κακίας,
3389 1641 3653 1696 ἁπάντων
3711 1641 3980 1700 παντοῖος

2382 1740 2730 1812 προμηθεὺς,
2763 1739 3029 1808 ποριστὴς
3083 1739 3141 1790 ὲν
3194 1734 3452 1804 ἀπορίαις
3485 1733 3816 1803 εὐμήχανος,
3856 1734 3981 1797 καὶ,

2388 1833 2678 1886 συνελόντα
2732 1832 2922 1900 φάναι,
2981 1829 3119 1899 πρὸς
3188 1829 3299 1880 πᾶν
3353 1827 3478 1880 ὅτου
3538 1842 3623 1888 τις
3677 1823 3743 1876 ἂν
3798 1823 3984 1877 δέοιτο

698 1925 753 1977 in
820 1922 1240 1977 necessitatibus
1311 1924 1527 1976 eunetis
1595 1922 1811 1990 adjutor
1874 1924 2271 1986 paratissimus.

2389 1925 2583 1997 βοηθὸς
2622 1926 2995 1994 ἑτοιμότατος,
3031 1922 3234 1992 μᾶλλον
3267 1921 3324 1974 δὲ
3361 1918 3497 1989 πρὸς
3526 1917 3714 1972 πᾶσαν
3745 1915 3982 1986 λογικὴν

699 2015 982 2084 Praecipue
1027 2025 1205 2068 tamen
1241 2031 1367 2086 erga
1411 2016 1708 2082 quamlibet
1760 2019 1968 2072 ritione
1995 2019 2278 2087 prazditam

694 2118 946 2162 naturam
998 2106 1356 2162 conformiter
1424 2108 1533 2163 Deo
1602 2123 1660 2163 se
1745 2109 2010 2178 gerebat,
2066 2110 2283 2182 fugatur

695 2205 1027 2268 dmmonum,
1060 2201 1375 2257 Lcnefactor
1399 2201 1704 2268 hominum,
1742 2204 2151 2260 contubernalis
2180 2219 2283 2258 an-

695 2294 879 2365 geloru
889 2310 960 2349 m.

769 2385 858 2440 52.
893 2386 968 2440 Ita
1011 2386 1100 2441 ille
1135 2385 1355 2456 quidem
1388 2401 1448 2444 se
1493 2385 1672 2456 ipsum
1714 2386 1869 2442 nobis
1901 2387 2130 2457 praebuit
2166 2388 2284 2444 tlte-

696 2493 923 2532 saurum
969 2493 1222 2546 maguum
1295 2493 1358 2534 ac
1401 2480 1795 2545 ,medicinam,
1851 2481 2028 2535 omnis
2071 2482 2286 2549 generis

701 2571 919 2624 morbos
958 2570 1176 2639 egregie
1211 2578 1522 2624 curantem.
1547 2568 1789 2626 Prtebuit
1841 2572 1967 2626 item
2014 2588 2074 2628 se
2105 2575 2281 2630 omni-

701 2664 824 2727 bus,
857 2673 1049 2717 sancte
1074 2663 1241 2717 vitam
1269 2663 1559 2717 instituere
1589 2651 1897 2739 volentibus
1928 2666 2286 2736 philosophiae

700 2753 1027 2808 Cliristianze
1057 2757 1377 2824 exemplar;
1428 2770 1528 2810 nec
1562 2771 1671 2810 non
1706 2758 1772 2812 iis
1815 2758 1907 2827 qui
1941 2758 2156 2813 dicendi
2205 2759 2287 2812 fa-

702 2847 904 2901 cultate
933 2839 1232 2912 excellunt,
1272 2849 1538 2917 optimum
1592 2859 1997 2918 argumentum,
2030 2868 2136 2906 non
2181 2853 2284 2908 mi-

701 2953 807 2991 nus
840 2943 1024 3006 aptum
1056 2938 1123 2993 ad
1149 2941 1677 2995 cmnmendationem
1710 2941 1950 3008 laudati,
1973 2958 2133 3012 quam
2168 2945 2287 2999 lau-

702 3033 886 3086 dantis
935 3033 1124 3098 ipsius.
1178 3031 1436 3086 Nostrum
1496 3047 1626 3088 vero
1651 3034 1896 3088 omnium
1952 3050 2110 3090 nemo
2145 3051 2289 3092 unus

703 3126 881 3196 ipsum
913 3133 1009 3178 aut
1033 3123 1272 3193 perfecte
1301 3124 1529 3191 imitari,
1559 3135 1648 3178 aut
1698 3140 1794 3192 pro
1832 3127 2038 3182 meritis
2067 3127 2290 3184 laudare

703 3217 936 3286 quiverit
969 3235 982 3272 :
1019 3218 1163 3286 quod
1186 3217 1228 3271 si
1263 3217 1384 3285 quis
1419 3228 1598 3272 tamen
1629 3219 1886 3274 facultate
1920 3220 2170 3274 imitandi
2201 3229 2289 3274 al-

705 3326 813 3380 que
875 3311 1132 3364 laudandi
1185 3313 1406 3380 pollcat,
1466 3314 1732 3383 przeclare
1785 3315 2029 3385 profecto
2076 3313 2290 3380 fecerit,

703 3404 1022 3477 glorificans
1059 3418 1153 3473 per
1203 3404 1402 3474 ipsum,
1439 3421 1601 3474 quem
1655 3419 1802 3461 recte
1834 3407 2135 3461 sentientes
2167 3421 2288 3460 cre-

701 3497 886 3552 dimus
924 3497 1125 3550 trinum
1162 3488 1214 3548 iit
1242 3497 1513 3564 personis,
1543 3512 1707 3549 unum
1736 3495 1790 3550 in
1823 3497 2060 3550 essentia
2099 3495 2288 3560 Deum,

2346 2058 2349 2062 -
2388 2019 2573 2090 φύσιν,
2603 2017 2955 2089 ἁρμοζόντως
2990 2015 3178 2069 ἑαυτὸν
3221 2015 3320 2068 σὺν
3346 2013 3470 2083 Θεῷ
3505 2008 3848 2082 μεταποιῶν,
3881 2009 3984 2062 καὶ

2386 2112 2626 2188 διώκτης
2679 2111 2778 2181 μὲν
2839 2109 3139 2180 δαιμόνων,
3181 2107 3480 2179 εὐεργέτης
3533 2105 3591 2158 δὲ
3642 2103 3982 2175 ἀνθρώπων,

2389 2207 2730 2278 συμπολίτης
2760 2205 2817 2258 δὲ
2847 2204 3097 2273 ἀγγέλων
3128 2200 3224 2258 ὢν.

2463 2388 2562 2459 νβ’.
2607 2385 2749 2440 Ἀλλ’
2797 2387 2829 2440 ό
2868 2384 2968 2456 μὲν
3012 2381 3186 2448 οὕτως
3231 2381 3432 2437 ἑαυτὸν
3474 2379 3792 2452 προῦθηκεν
3843 2379 3985 2449 ἡμῖν

2389 2481 2578 2552 χρῆμά
2629 2497 2690 2533 τε
2747 2478 2912 2549 μέγα,
2960 2476 3057 2530 καὶ
3119 2477 3416 2546 φάρμακον
3475 2472 3612 2543 πρὸς
3666 2473 3779 2526 πᾶν
3835 2467 3986 2536 εἶδος

2390 2571 2688 2641 θεραπείας
2731 2568 2976 2640 διαρκὲς,
3013 2567 3326 2637 ὑπόδειγμα
3373 2583 3433 2618 τε
3487 2562 3810 2634 φιλοσοφίας
3841 2563 3987 2633 ἁλη-

2390 2664 2546 2729 θοῦς,
2594 2664 2708 2716 τοῖς
2767 2660 2890 2714 κατ’
2949 2659 3152 2730 ἀρετὴν
3209 2658 3360 2730 βιοῦν
3421 2656 3836 2726 προελομένοις,
3885 2656 3988 2707 καὶ

2389 2759 2501 2820 τοῖς
2535 2755 2666 2827 περὶ
2691 2755 2882 2823 λόγους
2912 2753 3054 2823 μέγα
3081 2753 3404 2821 δυναμένοις
3427 2749 3688 2803 ὑπόθεσιν
3715 2748 3987 2820 ἀρίστην,

2391 2848 2488 2904 καὶ
2520 2850 2749 2918 κοσμεῖν
2797 2847 2953 2899 οὐδὲν
2986 2842 3170 2918 ἦττον,
3207 2843 3240 2914 ἢ
3278 2842 3605 2913 κοσμεῖσθαι
3639 2842 3986 2908 πεφυκυῖαν.

2401 2945 2464 2997 Ἣ
2473 2943 2587 3014 μῶν
2614 2943 2659 2995 δ’
2693 2943 2868 3004 οὐδεὶς
2906 2942 3184 3003 ἁπάντων,
3228 2937 3353 2992 οὔτε
3405 2935 3756 3008 μιμήσασθαι
3785 2932 3988 2986 τοῦτον

2389 3035 2480 3091 διὰ
2503 3035 2711 3099 τέλους,
2744 3031 2868 3085 οὔτε
2919 3031 3056 3101 πρὸς
3087 3030 3246 3095 ἀξίαν
3277 3026 3621 3080 ἐπαινεῖσθαι
3655 3023 3870 3078 δύναιτ’
3891 3023 3986 3077 ἂν.

2391 3130 2456 3185 El
2487 3130 2532 3182 δ’
2562 3129 2708 3191 ὅπως
2751 3124 2818 3179 ἂν
2851 3125 3084 3187 ἕκαστος
3120 3123 3234 3194 ἔχοι
3265 3122 3550 3192 δυνάμεως
3584 3119 3770 3191 ζηλοίη
3799 3133 3861 3173 τε
3889 3118 3990 3171 καὶ

2316 3248 2362 3311 c
2395 3219 2695 3290 εὐφημοίη,
2731 3217 3057 3311 πρεπόντως
3092 3215 3200 3311 ᾲᾶ.ν⁸
3223 3215 3292 3285 δή
3344 3231 3449 3311 που
3495 3211 3648 3311 δριίίη
3675 3225 3690 3243 ·
3735 3209 3992 3311 δοξαζιον

2393 3314 2486 3369 διὰ
2517 3312 2710 3366 τούτου
2752 3310 2845 3364 τὸν
2874 3309 3148 3382 ἔντρισὶν
3181 3305 3550 3362 ὑποστάσεσιν
3591 3303 3690 3357 ἕνα
3722 3301 3850 3356 κατ’
3891 3303 3991 3354 οὺ-

2397 3408 2543 3470 σίαν,
2575 3406 2689 3467 τοῖς
2724 3400 3054 3472 εὐφρονοῦσι
3078 3398 3410 3468 πιστεύομεν
3436 3398 3591 3465 Θεὸν,
3611 3397 3668 3460 ὃς
3696 3396 3818 3449 εστι
3853 3395 3991 3450 θαυ-

2399 3499 2608 3570 μαστὸς
2657 3498 2717 3550 ὲν
2755 3497 2867 3558 τοῖς
2903 3493 3082 3564 ἁγίοις
3126 3492 3314 3558 αὑτοῦ,
3347 3491 3442 3546 νῦν
3488 3490 3585 3544 καὶ
3632 3489 3745 3558 ἀεὶ,
3773 3489 3872 3542 καὶ
3902 3489 3989 3553 είς

707 3590 797 3658 qui
833 3589 1099 3644 mirabilis
1133 3598 1216 3644 est
1243 3588 1298 3642 in
1333 3587 1549 3644 Sanctis
1577 3589 1712 3654 suis,
1748 3605 1893 3644 nunc
1916 3598 1969 3644 et
2001 3603 2217 3658 semper
2238 3602 2266 3642 e

2393 3589 2522 3654 τοὺς
2549 3588 2755 3653 αἰῶνας
2785 3586 2894 3641 τῶν
2923 3586 3160 3640 αἰώνων.
3204 3583 3259 3639 ’Δ
3272 3584 3402 3654 μήν.

709 3680 762 3735 in
786 3681 984 3740 saecula
1016 3684 1360 3741 sareulorum.
1386 3683 1576 3738 Amen.
