4246 6464
671 438 814 502 1055

1935 448 2034 502 till
2052 446 2247 502 EGOR
2267 447 2311 502 .l
2363 446 2544 503 P.\L.\
2563 448 2608 504 Μ
2627 448 2683 504 ,ιε

3717 465 3750 483 οι
3794 441 3931 504 1066
3973 407 3975 409 ’

670 567 860 618 pum,
882 553 1058 605 omnis
1103 555 1409 608 inordinata
1460 556 1660 610 mentis
1691 556 1874 618 elatio,
1901 557 2080 608 omnis
2107 556 2256 606 andi-
2295 566 2330 614 Α

2254 587 2256 592 ι
2295 566 2330 614 Α
2372 563 2652 630 παριόντα,
2717 565 2822 616 πᾶν
2878 564 3043 628 πάθος
3081 566 3257 635 ψυχῆς
3301 583 3359 620 τε
3407 570 3496 620 καὶ
3529 567 3778 638 σώματος
3814 566 3931 635 βδε-

674 657 783 700 tus.
836 645 980 697 visus
1031 655 1085 698 et
1142 661 1323 699 sermo
1376 649 1760 700 detrimentum
1806 648 1999 699 mima:
2051 645 2254 698 inferre

677 738 878 790 valens.
934 735 1046 790 Nisi
1094 739 1215 806 quis
1265 739 1410 792 enim
1459 739 1572 793 haec
1630 739 1946 792 rescindere
1972 749 2022 791 et
2061 739 2256 790 aniuue

675 829 924 880 surculos
968 841 1215 882 resecare
1261 828 1553 898 diligenter
1587 830 1882 892 curaverit,
1921 829 2155 883 fructum
2187 831 2252 882 ad

676 920 838 969 vitam
881 928 1140 971 aeternam
1174 935 1449 986 nunquam
1480 920 1736 986 proferet.

746 1007 1014 1064 Possibile
1053 1020 1229 1062 autem
1264 1020 1377 1075 est,
1416 1013 1479 1064 iis
1537 1014 1698 1065 etiam
1741 1013 1833 1081 qui
1896 1011 1946 1064 in
2005 1011 2256 1080 coniugio

678 1103 886 1163 vivunt,
914 1101 1054 1154 hanc
1083 1103 1366 1169 acquirere
1397 1103 1711 1170 puritatem,
1739 1103 1832 1156 sed
1870 1119 1989 1155 cum
2020 1104 2251 1156 maxima

679 1192 1014 1246 difﬁcultate.
1067 1194 1194 1246 ideo
1277 1195 1585 1262 quicunque
1646 1208 1676 1246 a
1732 1195 2018 1263 juventute
2088 1194 2252 1246 Deum

679 1284 967 1352 propitium
1017 1286 1180 1351 nacti,
1209 1286 1404 1338 acriori
1449 1285 1645 1339 mentis
1676 1285 1833 1339 oculo
1883 1285 2024 1337 illaut
2077 1285 2253 1338 intuiti

681 1387 805 1429 sunt
839 1379 1104 1438 vitam,et
1139 1377 1402 1430 bonorum
1465 1377 1585 1445 ejus
1641 1377 1768 1430 facti
1825 1387 1954 1430 sunt
2003 1377 2252 1444 studiosi,

676 1472 895 1539 nuptias
948 1472 1222 1539 sapienter
1273 1469 1510 1536 fugiunt,
1541 1471 1664 1538 quia
1721 1471 1775 1523 in
1834 1469 2253 1536 resurrectione,

683 1575 738 1613 ut
773 1564 1028 1616 Dominus
1055 1563 1151 1624 ait,
1173 1579 1342 1629 neque
1365 1563 1575 1615 nubunt
1597 1577 1773 1630 neque
1804 1563 2007 1614 ducunt
2032 1574 2252 1624 uxores,

681 1656 773 1708 sed
821 1655 1054 1722 mquales
1101 1655 1305 1722 angelis
1359 1655 1451 1707 Dei
1517 1665 1646 1708 sunt
1686 1657 1750 1708 ".
1779 1654 2037 1722 Quisquis
2088 1653 2254 1723 igitur

666 1748 822 1800 .sicnt
876 1745 1097 1814 angelus
1137 1745 1227 1800 Dei
1283 1747 1398 1799 vult
1434 1761 1575 1808 esse,
1615 1745 1727 1812 jam
1766 1762 1930 1812 nunc,
1962 1755 2019 1799 ut
2054 1749 2128 1801 illi
2161 1763 2251 1802 re-

666 1838 1032 1893 --surrcctionis
1065 1838 1182 1904 filii,
1238 1839 1614 1892 commistione
1668 1853 1958 1907 corporum
2007 1840 2252 1906 superio-

671 1948 794 1983 ειηιιιι
845 1946 904 1986 se
958 1933 1149 1984 merito
1197 1931 1504 1984 constituit.
1556 1930 1902 2000 Caeteroquin
1955 1933 2023 1987 ab
2084 1947 2252 1987 uxore

667 2036 962 2091 ,peecatutn
1011 2038 1229 2076 causam
1283 2027 1741 2093 occasionemque
1780 2033 1835 2079 et
1859 2025 2122 2095 originem
2151 2026 2251 2080 ha-

667 2119 817 2171 .huit.
846 2116 1274 2170 Dissuadeudum
1309 2117 1472 2185 igitur
1495 2117 1801 2185 conjugium
1833 2118 1900 2172 iis
1927 2120 2016 2188 qui
2047 2120 2250 2173 nullam

666 2224 924 2278 umquam
980 2209 1294 2262 adversario
1327 2225 1356 2262 a
1393 2210 1587 2277 seipsis
1628 2211 1761 2264 dare
1804 2227 1990 2264 ansam
2041 2213 2248 2266 volunt.

667 2302 837 2366 'Quod
872 2301 923 2355 si
961 2301 1062 2354 hoc
1093 2315 1292 2369 corpus
1323 2301 1542 2356 ditl‘teile
1593 2303 1919 2370 reprimatur
1947 2315 1998 2358 et
2029 2305 2096 2358 ad
2144 2306 2254 2358 vir-

665 2404 848 2448 .tutem
874 2405 1184 2454 revocetur,
1207 2393 1287 2446 vel
1324 2395 1501 2461 potius
1528 2402 1585 2447 ut
1611 2395 1874 2451 naturalis
1906 2397 2253 2452 adversarius

665 2490 837 2545 mobis
868 2490 1070 2553 obstat,
1110 2489 1241 2556 quid
1293 2490 1598 2544 faciemus?
1630 2500 1685 2546 et
1721 2493 1772 2545 in
1810 2501 2071 2561 quantum
2115 2491 2253 2547 diffi-

663 2586 928 2638 cultatem
955 2584 1021 2637 ad
1067 2583 1263 2637 bonum
1296 2584 1640 2653 augebimus,
1668 2584 1851 2638 multis
1882 2594 1936 2639 et
1969 2585 2134 2638 variis
2177 2584 2254 2637 al-

668 2677 826 2742 ligati
858 2676 1218 2744 corporibus?
1254 2678 1529 2744 quomodo
1572 2675 1873 2730 libertatem
1914 2676 2155 2740 habebit,
2186 2678 2250 2728 ad

666 2783 839 2836 quant
899 2767 1158 2822 festinare
1187 2767 1432 2837 jnbetur,
1473 2769 1664 2822 mulier
1695 2780 1900 2822 natum
1932 2768 2155 2822 nexibus
2184 2768 2251 2821 ad

672 2877 874 2924 -\'II'UIII,
913 2861 978 2914 ad
1015 2861 1234 2926 liberos,
1271 2863 1336 2913 ad
1368 2863 1803 2928 consanguineos
1839 2875 2028 2914 oumes
2058 2861 2250 2913 devin-

666 2953 804 3006 wta?
860 2953 1132 3022 quomodo
1186 2968 1376 3007 secura
1446 2954 1673 3006 Domino
1715 2954 1994 3017 assidebit,
2031 2968 2150 3022 quae
2184 2954 2252 3006 de

677 3058 784 3096 tam
844 3045 1028 3100 multis
1081 3061 1266 3098 curam
1325 3045 1616 3115 suscepit?
1651 3045 1935 3111 Quomodo
1985 3046 2090 3100 erit
2135 3046 2252 3098 sine

677 3136 857 3200 turba,
889 3137 1232 3189 multitudine
1264 3137 1587 3204 impliCata?

743 3227 1038 3297 Propterea
1072 3243 1200 3283 vere
1241 3229 1493 3296 virgo,et
1544 3228 1740 3283 similis
1783 3229 2006 3298 virgini,
2037 3236 2092 3282 et
2141 3227 2248 3281 vir-
2274 3242 2317 3298 ο

673 3324 812 3392 ginis
847 3322 957 3376 lilio
997 3323 1302 3376 animarum
1338 3324 1390 3375 iu
1423 3322 1739 3392 virginitate
1779 3323 2036 3377 decenter
2059 3321 2246 3374 viven-

675 3421 806 3468 tium
854 3430 1074 3485 sponso,
1128 3431 1233 3469 non
1287 3416 1460 3486 solum
1513 3417 1732 3470 carnale
1789 3415 2123 3484 conjugium,
2156 3414 2250 3468 sed

689 3512 854 3561 etiam
894 3509 1152 3562 seculate
1176 3509 1560 3562 commercium
1593 3507 1750 3576 fugit,
1783 3510 2028 3574 cognatis
2077 3508 2251 3560 Omni-

675 3607 775 3654 l'us
804 3599 1132 3662 valediccns,
1165 3600 1234 3652 ita
1276 3611 1331 3651 ut
1369 3599 1899 3667 possitconﬁtlentet‘
1933 3616 2053 3652 cum
2092 3598 2251 3652 Petro

671 3699 856 3750 dicere
907 3693 973 3744 ad
1029 3691 1348 3746 Christum:
1406 3711 1422 3743 ι
1468 3692 1579 3747 Nos
1616 3693 1932 3757 reliquimus
1961 3692 2165 3757 omnia,
2198 3699 2252 3745 et

672 3787 844 3840 secuti
897 3801 1088 3840 sumus
1122 3797 1173 3839 te
1206 3785 1271 3836 ”.
1313 3803 1332 3835 ι
1380 3786 1518 3850 Quid
1550 3799 1676 3854 ergo
1712 3785 1907 3838 mirmu
1959 3783 2148 3850 faciat,
2180 3785 2249 3846 si,

673 3877 1126 3947 quemadmodum
1173 3886 1387 3930 terrena
1421 3893 1616 3945 sponsa
1665 3888 1871 3946 patrem
1925 3887 1979 3930 et
2023 3889 2250 3931 matrem

672 3969 1001 4039 derelinquit
1031 3979 1087 4022 ut
1119 3971 1334 4023 mortali
1368 3986 1568 4038 sponso
1596 3972 1893 4033 adhaereat,
1913 3981 1969 4023 ut
1998 3971 2076 4024 ait
2105 3971 2252 4024 Scri-

669 4073 848 4136 ptura,
881 4064 1007 4114 item
1071 4073 1126 4114 et
1163 4063 1275 4130 ipsa
1332 4077 1462 4138 suos
1515 4078 1609 4130 pro
1659 4064 1870 4116 ccclesti
1929 4063 2168 4116 thalamo
2197 4073 2250 4116 et

671 4169 870 4234 sponso
899 4152 1290 4207 abrenuntiet?
1321 4153 1606 4216 Quomodo
1638 4155 2015 4222 cognationem
2048 4155 2249 4208 habere

670 4245 845 4315 possit
883 4246 934 4297 in
966 4243 1145 4306 terris,
1181 4259 1301 4311 quae
1348 4243 1821 4296 conversationem
1857 4243 2020 4296 habet
2049 4243 2100 4296 in
2135 4259 2249 4299 ca:-

667 4337 776 4397 ls?
811 4336 1116 4402 Quomodo,
1153 4350 1273 4404 qua:
1310 4351 1414 4388 non
1441 4345 1523 4389 est
1559 4334 1668 4388 filia
1715 4339 1921 4398 carnis,
1957 4338 2049 4390 sed
2088 4339 2248 4403 spirio

669 4445 782 4496 tus,
812 4429 1058 4484 carnales
1090 4429 1306 4482 habebit
1338 4441 1569 4496 patrem,
1595 4441 1688 4483 aut
1714 4441 1963 4494 matrem,
1991 4438 2081 4483 aut
2111 4445 2247 4485 con-

663 4522 996 4590 sanguineos
1025 4521 1048 4574 ἲ
1074 4520 1381 4587 Quomodo,
1406 4535 1530 4574 eum
1568 4524 1847 4591 preprium
1877 4539 2074 4588 corpus
2097 4523 2246 4594 fuge-

2366 651 2559 704 λυκτὸν
2593 652 2686 705 καὶ
2718 655 2970 723 πονηρὶν,
3011 657 3182 708 πάντα
3215 657 3304 709 τὸν
3340 659 3397 710 ἐν
3441 657 3802 727 μετεωρισμῷ
3832 657 3932 724 τῆς

2365 741 2600 806 διανοίας
2659 746 2945 814 συρφετὸν,
3001 747 3108 799 πᾶν
3156 746 3442 816 ἄκουσμα,
3477 749 3568 801 καὶ
3602 748 3802 814 θέαμα,
3835 747 3934 801 καὶ

2367 832 2542 884 παντά
2569 833 2745 901 λόγον,
2771 834 2973 903 βλάϐην
3010 836 3374 906 παραπέμψαι
3399 837 3694 906 δυνάμενον
3733 838 3810 899 είς
3831 837 3932 906 τὴν

2364 920 2554 990 ψυχήν.
2605 921 2729 974 Ἐἀν
2763 924 2869 993 γάρ
2903 924 2976 994 μὴ
3010 925 3287 988 ταῦτάκτις
3331 908 3621 978 ὲκῖόπτειν
3652 928 3744 979 καὶ
3774 943 3934 994 περι-

2367 1013 2647 1084 καθαίρειν
2704 1014 2800 1083 τὴν
2853 1015 3084 1087 βλάστην
3134 1018 3230 1084 τῆς
3282 996 3506 1086 καρδίας
3547 1017 3632 1069 διά
3668 1017 3933 1086 μεγίστης

2367 1108 2588 1174 ποιῆται
2628 1107 2724 1174 τῆς
2776 1107 3029 1176 σπουδῆς,
3080 1107 3289 1178 καρπὸν
3324 1109 3402 1171 είς
3453 1109 3596 1177 ζωὴν
3626 1107 3841 1160 αἰώνιον
3870 1108 3931 1160 οὗ

2368 1196 2573 1265 μήποτε
2615 1196 2834 1267 ἐνέγκῃ.
2869 1199 3099 1250 Δυνατὸν
3138 1191 3234 1268 μὲν
3278 1195 3392 1263 οὖν,
3434 1201 3527 1252 καὶ
3555 1203 3663 1261 τοῖς
3685 1202 3742 1252 ἐν
3771 1201 3936 1264 συζυ-

2365 1285 2458 1354 γίᾳ
2505 1285 2659 1349 ζῶσι,
2708 1287 2806 1356 τῆς
2860 1288 3226 1360 καθαρότητος
3283 1290 3673 1344 ἀντιποιεῖσθαι
3701 1289 3932 1360 ταύτης,

2365 1376 2498 1429 ἀλλὰ
2527 1379 2663 1446 μετά
2687 1379 2946 1450 πλείστης
2974 1382 3101 1451 ὅσης
3128 1383 3429 1446 δυσκολίας.
3468 1382 3566 1436 Διά
3601 1381 3758 1435 τοῦτο
3791 1385 3934 1435 πᾶν·

2365 1485 2452 1529 τες
2481 1470 2590 1521 ὅσοι
2647 1471 2712 1522 ἐκ
2769 1472 3015 1541 νεότητος
3064 1474 3191 1528 ἵλεω
3233 1475 3365 1527 Θ-οῦ
3394 1475 3663 1544 τυχόντες,
3694 1474 3935 1543 ὀξυτέρῳ

2364 1560 2602 1623 διανοίας
2623 1561 2829 1631 ὄμματι
2886 1564 3020 1632 «pb;
3077 1566 3291 1635 ἐκείνην
3338 1561 3475 1617 ε’ίδον
3515 1565 3611 1635 τὴν
3640 1564 3802 1634 ζωὴν,
3841 1567 3936 1616 καὶ

2364 1652 2471 1701 τῶν
2506 1653 2623 1705 κατ’
2654 1653 2868 1723 ἐκείνην
2900 1655 3116 1722 ἀγαθῶν
3163 1657 3387 1725 ἐρασταὶ
3413 1657 3688 1723 γεγόνασι,
3720 1657 3812 1708 καὶ
3843 1656 3935 1707 τὸν

2365 1745 2538 1812 γάμον
2566 1746 2948 1816 προσηκόντως
2987 1747 3296 1812 φεύγουσιν,
3345 1748 3463 1799 ἐπεὶ
3494 1750 3582 1798 καὶ
3608 1748 3665 1799 ὲν
3702 1750 3769 1815 τῇ
3801 1749 3936 1798 ἀνα·

2368 1837 2572 1898 στάσει,
2621 1836 2874 1906 καθάπερ
2924 1840 2952 1890 ὁ
2999 1837 3200 1906 Κύριος
3249 1834 3421 1902 εἶπεν,
3472 1837 3594 1891 οὔτε
3641 1837 3933 1906 γαμοῦσιν,

2365 1925 2486 1978 οὔτε
2526 1928 2938 1998 ἑκγαμίζονται,
2968 1928 3080 1982 ἀλλ’
3112 1930 3186 1992 ὡς
3233 1929 3450 1998 ἄγγελοι
3485 1930 3575 1982 τοῦ
3615 1929 3750 1982 Θεοῦ
3773 1933 3936 1982 εἰσιν.

2369 2019 2556 2082 Ὅστις
2595 2019 2685 2072 οὖν
2733 2021 2808 2084 ὡς
2861 2022 3092 2090 ἄγγελος
3138 2017 3275 2074 εἶναι
3320 2022 3568 2092 βούλεται
3599 2022 3754 2083 Θεοῦ,
3805 2024 3932 2074 κάν.

2363 2110 2537 2164 ταῦοα
2575 2112 2715 2166 κατὰ
2775 2113 2900 2176 τοὺς
2956 2116 3104 2177 υἱοὺς
3161 2115 3263 2184 τῆς
3308 2115 3651 2177 ἀναστάσεως
3697 2115 3935 2181 ἐκείνης,

2367 2191 2642 2272 ἐπιμιξίας
2679 2205 2945 2274 σωμάτων
2991 2206 3260 2277 ἀνώτερον
3313 2207 3502 2259 ἑαυτὸν
3544 2207 3766 2268 δικαίως
3805 2207 3938 2258 καο-

2367 2294 2594 2362 ίστησιν.
2639 2295 2847 2359 Ἄλλως
2893 2315 2951 2349 τε
3009 2299 3100 2350 καὶ
3133 2301 3163 2366 ἡ
3200 2299 3466 2369 πρόφασις
3495 2300 3590 2367 τῆς
3633 2299 3935 2367 ἁμαρτίας,

2363 2387 2426 2438 ὲκ
2466 2385 2562 2454 τῆς
2583 2387 2815 2455 συζύγου
2843 2388 2939 2458 τὴν
2969 2389 3139 2460 λαϐὴν
3185 2389 3307 2459 ἔσχε
3359 2392 3458 2458 τὴν
3485 2390 3678 2458 ἀρχήν.
3725 2392 3936 2460 Παραι-

2363 2477 2552 2545 τητέον
2579 2473 2669 2531 οὖν
2691 2478 2790 2548 τὴν
2824 2479 3101 2547 συζυγίαν,
3134 2484 3243 2544 τοῖς
3274 2481 3619 2551 βουλομένοις
3667 2483 3939 2552 μηδεμίαν

2369 2571 2635 2640 μηδέποτε
2662 2570 2740 2641 τῷ
2771 2574 3134 2644 ἀντικειμένῳ
3163 2578 3463 2644 παρασχεῖν
3501 2575 3709 2628 οἴκοθεν
3740 2575 3937 2644 λαϐήν.

2365 2664 2425 2715 Εἰ
2452 2663 2506 2716 δὲ
2538 2664 2718 2717 καὶτὸ
2741 2663 2898 2732 σῶμα
2929 2664 3083 2717 τοῦτο
3124 2666 3372 2734 δυσήνιον
3407 2667 3500 2719 καὶ
3532 2667 3940 2737 δυσανάκλητον

2363 2769 2499 2840 «pb;
2537 2770 2758 2843 ἀρετὴν,
2808 2771 3006 2840 μᾶλλον
3057 2771 3116 2825 δὲ
3155 2772 3247 2824 καὶ
3275 2772 3350 2834 ὡς
3380 2771 3614 2841 ἔμφυτον
3655 2774 3939 2827 ἀντίθετον

2362 2863 2733 2933 περιφέρομεν
2776 2864 2927 2928 αὐτὸ,
2974 2865 3027 2917 τί
3066 2868 3181 2918 ποτ’
3213 2865 3320 2933 ἄρα
3368 2864 3691 2933 πεισόμεθα,
3728 2866 3823 2918 καὶ
3851 2868 3940 2933 ἐφ’

2360 2953 2483 3006 ὅσον
2520 2954 2618 3023 τὴν
2654 2954 2791 3024 πρὸς
2845 2955 3042 3025 ἀρετὴν
3091 2955 3409 3024 δυσχέρειαν
3449 2953 3774 3023 αὑξήσομεν,
3806 2957 3940 3007 πολ-

2360 3046 2470 3107 λοῖς
2509 3047 2603 3099 καὶ
2630 3046 2908 3116 διαφόροις
2944 3047 3282 3109 συνδεθέντες
3307 3048 3552 3116 σώμασις
3588 3048 3707 3110 Πῶς
3746 3047 3790 3098 δ’
3826 3047 3942 3111 ἔξει

2361 3137 2458 3205 τὴν
2487 3136 2822 3206 ἐλευθερίαν,
2885 3137 3021 3205 πρὸς
3069 3138 3134 3207 ἢν
3162 3138 3414 3191 σπεύδειν
3447 3139 3868 3205 ἐπαγγέλλεται,
3909 3141 3942 3209 ἡ

2363 3228 2575 3295 φύσεως
2615 3228 2832 3297 δεσμοῖς
2885 3229 3015 3297 πρὸς
3068 3229 3259 3299 ἄνδρα,
3291 3229 3383 3282 καὶ
3423 3230 3636 3293 παῖδας,
3686 3231 3779 3282 καὶ
3813 3223 3944 3293 τοὺς

2363 3317 2483 3372 καθ’
2519 3312 2659 3389 αἷμα
2679 3319 3012 3388 συνδουμένη
3076 3320 3319 3386 πάνταςς
3364 3321 3486 3384 Πῶς
3517 3321 3574 3373 δὲ
3617 3322 3945 3391 ἀμερίμνως

2363 3409 2751 3480 προσεδρεύσει
2785 3409 2862 3479 τῷ
2915 3409 3123 3478 Κυρίῳ,
3160 3409 3259 3471 τάς
3300 3410 3441 3478 ὑπὲρ
3477 3410 3744 3464 τοσούτων
3774 3429 3945 3480 φρονο

2361 3502 2510 3565 τίδας
2547 3501 2954 3572 ἀναδεξαμένης
3012 3503 3135 3565 Πῶς
3161 3501 3202 3554 δ’
3239 3501 3349 3565 ἕξει
3386 3501 3448 3554 τδ
3491 3502 3776 3572 ἀθόρυὸον,
3805 3504 3947 3573 πλή-

2363 3594 2510 3646 θεσιν
2533 3593 2908 3663 ὲνεσχημένης
2950 3593 3047 3646 Διά
3074 3593 3230 3646 τοῦτο
3255 3595 3288 3664 ἠ
3316 3593 3486 3658 δντως
3519 3595 3808 3664 παρθένος,
3845 3597 3947 3648 καὶ

2362 3687 2766 3755 ἀφωμοιωμένη
2810 3689 2876 3757 τῇ
2937 3687 3191 3756 παρθένῳ
3252 3689 3346 3740 καὶ
3395 3689 3458 3739 ὲκ
3503 3687 3799 3757 παρθένου,
3842 3691 3945 3743 καὶ

2363 3777 2468 3828 τῶν
2502 3779 2559 3830 ὲν
2613 3776 2879 3848 παρθενίᾳ
2908 3777 3135 3839 δεόντως
3167 3778 3449 3847 ζησάντων
3482 3778 3667 3847 ψυχῶν
3692 3783 3943 3850 νυμφίῳ,

2361 3868 2420 3920 οὑ
2463 3867 2562 3937 τὴν
2617 3869 2756 3921 κατά
2811 3869 2989 3937 σάρκα
3038 3867 3297 3936 συζυγίαν
3346 3871 3526 3939 μόνον,
3551 3870 3686 3925 ἀλλά
3711 3874 3806 3924 κα)⁸
3841 3874 3948 3942 τὴν

2361 3958 2502 4010 κατὰ
2532 3959 2734 4028 κόσμον
2776 3959 3017 4011 συνοδίαν
3043 3959 3253 4027 φεύγει,
3288 3961 3575 4028 συγγενέσι
3607 3963 3774 4014 πᾶσιν
3802 3965 3947 4016 ἀποι-

2361 4050 2672 4120 ταξαμένηο
2738 4050 2813 4113 ὡς
2873 4049 2938 4103 ἂν
2989 4038 3085 4120 ἔχῃ
3139 4053 3712 4123 πεπαρῤησιασμένως
3755 4053 3947 4121 λέγειν

2369 4146 2506 4213 μετά
2561 4148 2765 4216 Πέτρου
2821 4147 2957 4216 πρὸς
3004 4147 3272 4216 Χριστόν·
3331 4165 3348 4198 ι
3400 4147 3589 4216 Ἡμεῖς
3643 4149 3950 4220 ἀφήκαμεν

2364 4240 2540 4290 πάντα
2572 4238 2665 4290 καὶ
2692 4238 3141 4307 ἠκολουθήσαμέν
3192 4255 3293 4290 σοι.
3347 4257 3365 4290 ι
3404 4238 3529 4292 Τίδ⁹
3551 4241 3659 4307 ἄρα
3690 4241 3784 4294 καὶ
3812 4260 3947 4294 και-

2362 4331 2634 4400 νοπρεπὲς
2659 4331 2958 4401 ποιήσειεν,
2989 4332 3036 4382 εἰ
3071 4331 3168 4398 τῆς
3205 4330 3449 4398 ἐπιγείου
3481 4331 3698 4401 νύμφης
3724 4336 3950 4403 πατέρα

2361 4422 2454 4474 καὶ
2487 4422 2698 4494 μητέρα
2753 4423 3026 4492 ἀφιείσης,
3073 4423 3234 4474 ἕνεκα
3287 4422 3527 4493 φθαρτοῦ
3564 4426 3820 4492 νυμφίου,
3850 4430 3952 4480 καὶ

2364 4514 2855 4584 προσκολλωμένης
2924 4514 3136 4580 ἐκείνῳ,
3188 4515 3330 4568 κατά
3362 4515 3459 4585 τὴν
3517 4516 3762 4587 Γραφὴν,
3801 4519 3948 4588 αὑτὴ

667 4599 778 4682 tit,
821 4628 873 4672 et
934 4631 1147 4684 semper
1219 4626 1481 4685 quantum
1558 4627 1735 4686 potest
1803 4617 1998 4686 fugiat,
2066 4585 2324 4687 utpoteD

2283 4585 2324 4637 ί)
2360 4606 2518 4659 τοῦτο
2549 4605 2818 4677 δράσειεν,
2860 4606 3231 4678 ὑπερκοσμίου
3265 4608 3552 4676 νυμφῶνος
3579 4610 3672 4660 καὶ
3702 4613 3946 4677 νυμφίου

670 4710 948 4764 t-arnzdem
973 4713 1252 4778 deponens
1279 4711 1463 4772 vitam,
1500 4709 1668 4764 ullum
1697 4710 1916 4763 habebit
1944 4721 2247 4778 respectum

665 4806 736 4867 ad
771 4818 996 4870 corpora
1029 4819 1136 4856 non
1175 4817 1273 4856 sua
1301 4803 1323 4854 ?
1349 4803 1504 4868 Quod
1555 4805 1622 4867 si,
1660 4814 1715 4857 ut
1748 4805 1918 4864 aiunt,
1955 4803 2252 4856 similitudo

665 4907 752 4952 .t-st
785 4894 1048 4961 amicitia,
1073 4905 1126 4950 et
1172 4896 1453 4964 quodlibet
1498 4896 1659 4949 simili
1710 4899 2027 4960 delectatur,
2056 4896 2251 4949 similis

669 4995 761 5049 tiet
819 4990 1034 5044 dilectis
1090 4988 1266 5059 virgo,
1298 4999 1351 5042 et
1402 4989 1452 5041 in
1509 4990 1683 5042 lllOl'bi
1709 5004 1760 5042 ιη
1808 4988 2013 5041 recidet
2051 4989 2252 5041 amoris

668 5081 1084 5151 emculizporro
1120 5097 1138 5132 ι
1174 5079 1415 5133 amicitia
1452 5080 1609 5144 hujus
1659 5083 1842 5132 muudi
1895 5092 1974 5135 est
2033 5081 2247 5133 inimit-a

667 5174 782 5239 Dei,
822 5189 889 5237 ι,
953 5173 1029 5226 ait
1091 5170 1287 5225 Paulus
1344 5172 1422 5238 “,
1497 5172 1855 5239 spiritualium
1944 5174 2250 5241 nuptiarum

669 5267 1104 5342 parauymphus.
1139 5263 1325 5331 Itaque
1358 5278 1463 5317 non
1488 5263 1647 5317 modo
1670 5263 1957 5317 divortium
1987 5264 2254 5326 incurret,

665 5363 756 5415 sed
795 5368 846 5413 et
881 5359 1118 5414 caelestis
1145 5358 1327 5426 sponsi
1364 5357 1723 5412 inimicitiam.

737 5449 923 5519 Neque
975 5451 1190 5503 mireris
1254 5457 1347 5501 aut
1404 5448 1587 5502 doleas
1648 5448 1794 5518 quod
1842 5447 2145 5516 conjugatis
2190 5446 2252 5505 in

665 5543 944 5610 Scriptura
977 5541 1194 5595 crimini
1233 5555 1339 5594 non
1397 5550 1638 5596 vertatur
1673 5555 1851 5595 rerum
1898 5543 2244 5596 saecularium

663 5653 815 5701 t'lll'ﬂ,
847 5636 911 5690 iis
966 5651 1093 5690 vero
1127 5651 1245 5704 quae
1301 5636 1667 5704 virginitatem
1712 5634 1822 5690 Deo
1859 5644 2147 5700 voverunt,
2180 5650 2248 5690 ne

664 5731 904 5791 tit-libare
950 5730 1169 5800 quidem
1197 5729 1475 5783 saecularia
1511 5729 1842 5793 remittatur,
1868 5743 1966 5783 nec
1992 5729 2098 5782 ulla
2123 5729 2247 5783 vita:

746 5889 790 5920 ³⁸
819 5890 945 5953 an.
969 5908 1052 5950 xx.
1081 5891 1166 5945 53$.
1249 5889 1292 5921 "
1320 5885 1506 5943 Matth
1532 5886 1749 5956 tttx,?.7.
1831 5885 1871 5919 "‘
1902 5883 2014 5943 Jac.
2061 5902 2133 5953 tv,
2178 5885 2227 5938 4.

2361 4697 2543 4759 ἕνεκα,
2575 4697 2796 4759 τούτους
2819 4697 3231 4766 καταλείψασας
3268 4699 3388 4761 Πῶς
3421 4699 3476 4751 δὲ
3504 4701 3597 4752 καὶ
3617 4701 3948 4766 συγγένειαν

2363 4789 2480 4852 ἐξὸν
2511 4789 2652 4858 ἔχειν
2708 4789 2799 4841 ἐπὶ
2845 4789 2972 4855 γῆς,
3001 4783 3082 4850 οἷς
3113 4788 3203 4859 [ἐν
3249 4790 3388 4842 ἀλλ.
3415 4784 3506 4859 ἦς]
3537 4792 3597 4842 τὸ
3637 4792 3948 4860 ποὶίτευμα

2362 4885 2418 4934 ἐν
2443 4884 2688 4952 οὐρανοῖς
2702 4899 2730 4950 5
2768 4881 2891 4945 Πῶς
2918 4882 2964 4934 δ’
2989 4882 3020 4952 ή
3059 4881 3133 4953 μὴ
3168 4883 3366 4954 σαρκὸς
3392 4882 3524 4936 οὖσα
3564 4885 3776 4948 τέκνον,
3805 4886 3948 4939 ἀλὶά

2363 4960 2691 5043 πνεύματος,
2733 4975 2994 5043 σαρκικὺν
3023 4974 3135 5040 ἔξει
3169 4975 3454 5044 «art-5pm,?)
3491 4975 3781 5046 μητέρα,ἧ
3815 4978 3950 5040 τοὺς

2364 5067 2486 5120 καθ’
2542 5063 2682 5137 αἷμα
2720 5067 3130 5139 προσήκοντας;
3195 5068 3319 5131 Πῶς
3360 5067 3467 5138 δ’ὴ
3510 5067 3604 5120 καὶ
3631 5068 3692 5120 τδ
3740 5069 3950 5122 οἰκεῖον

2366 5159 2525 5228 σῶμα
2551 5158 2819 5228 φυγοῦσα,
2855 5160 2949 5212 καὶ
2984 5160 3070 5212 ἀεὶ
3111 5159 3387 5227 φεύγουσα
3426 5157 3571 5212 κατά
3596 5158 3659 5211 τὸ
3686 5157 3948 5224 δυνατὸν,

2375 5250 2435 5314 b;
2475 5251 2566 5305 τὸν
2619 5252 2761 5307 κατά
2816 5252 2994 5322 σάρκα
3027 5253 3140 5323 βίον
3167 5250 3558 5321 ἀποτιθεμένη,
3589 5251 3777 5321 σχέσιν
3804 5252 3947 5314 an»;

2355 5363 2465 5425 ’ἐξει
2503 5361 2638 5432 «pb;
2659 5362 2726 5414 τὰ
2767 5379 2841 5430 μη
2868 5362 3045 5413 οἰκεῖα
3097 5360 3362 5428 σώματα;
3396 5358 3457 5410 El
3481 5355 3538 5409 δὲ
3569 5355 3665 5410 καὶ
3693 5356 3726 5425 ἠ
3753 5355 3942 5425 ὁμοιό-

2352 5468 2471 5516 της,
2494 5449 2568 5512 ὥς
2597 5467 2746 5519 φασι,
2778 5450 3018 5519 φιλότης,
3053 5449 3227 5502 καὶτὸ
3253 5449 3435 5518 ὅμοιον
3467 5446 3774 5510 ἀσπάζεται
3800 5447 3935 5506 πᾶν,

2354 5543 2808 5612 ὲξομοιωθήσεται
2883 5544 2992 5604 τοῖς
3053 5540 3398 5608 φιλουμένοις
3458 5537 3801 5608 ἡπαροένος
3840 5537 3938 5589 καὶ

2355 5638 2731 5705 περιπεσεῖται
2784 5637 2848 5706 τῇ
2885 5638 3024 5704 νόσῳ
3066 5634 3164 5704 τῆς
3194 5634 3550 5702 φιλοκοσμίας
3585 5627 3775 5693 αὖθις·
3809 5631 3846 5698 ἡ
3875 5630 3933 5682 δὲ

2356 5729 2505 5796 φιέιία
2536 5729 2626 5782 τοῦ
2683 5727 2910 5796 κόσμου,
2939 5727 3111 5798 ἔχθρα
3159 5729 3238 5790 εἰς
3266 5726 3420 5790 θεὸν,
3458 5723 3590 5792 φησὶ
3635 5721 3873 5782 Παῦλος.
3905 5719 3934 5770 ’5
