4246 6464
262 438 396 502 1057

1364 448 1455 504 DE
1504 450 1849 509 MEXTALl
1898 455 2026 524 QUI
2048 455 2419 517 ETUDINE.

3374 462 3513 526 10.38

259 550 631 615 νυμφοστόλος
656 552 747 606 τοῦ
794 559 1160 627 πνευματικοῦ
1197 561 1500 629 νυμφῶνος.
1526 563 1731 615 Οὐκοῦν
1760 581 1787 615 ο

1938 572 2185 625 remissio
2242 574 2596 627 concedatur.
2656 574 3039 628 Verumtamen
3083 584 3137 630 et
3191 578 3511 647 conjngatns

255 638 577 707 διαζυγῆναι
634 646 967 701 κινδυνεύσει
1005 651 1183 718 μόνον,
1206 652 1340 704 ἀλλὰ
1383 655 1476 705 καὶ
1508 656 1588 715 εἰς
1623 654 1821 723 ἔχθραν

255 731 352 782 τοῦ
383 732 755 803 ὑπερκοσμίου
794 739 1023 807 νυμφίου
1056 744 1410 813 καταστῆναι.
1447 747 1552 798 Καὶ
1583 746 1654 815 μὴ
1690 746 1820 798 θαυ-

256 819 460 888 μάσῃς.
492 822 613 890 μηδ’
666 826 912 897 άνιαθῇς,
955 832 1004 882 εί
1056 834 1175 893 ταῖς
1213 834 1309 901 μὲν
1332 835 1387 886 ὲν
1412 833 1639 902 συζυγίᾳ
1672 836 1821 905 παρὰ

252 907 353 975 τῆς
376 908 598 980 Γραφῆς
626 914 831 983 μέμψις
875 916 935 969 οὐ
979 921 1326 988 προσγίνεται
1361 922 1728 993 μεριμνώσαις
1754 924 1822 976 τὰ

249 996 345 1049 τοῦ
392 999 621 1071 κόσμου,
664 1004 777 1056 ἀλλ’
807 1006 867 1059 οὐ
913 1008 977 1060 τά
1017 1010 1109 1063 τοῦ
1156 1012 1379 1082 Κυρίου.
1434 1015 1565 1077 Ταῖς
1618 1014 1673 1065 δὲ
1726 1014 1820 1083 τὴν

250 1091 554 1160 παρθενίαν
608 1096 1103 1167 ὲπαγγειλαμέναις
1155 1103 1231 1171 τῷ
1278 1104 1417 1174 Θεῷ,
1470 1106 1565 1157 καὶ
1624 1106 1819 1174 ψαύειν

247 1182 387 1245 ὅλως
440 1185 547 1238 τῶν
601 1189 659 1241 ὲν
691 1190 881 1261 κόσμῳ
912 1194 1304 1263 ἀπηγόρευται,
1334 1199 1427 1249 καὶ
1469 1198 1565 1266 ζῇν
1599 1199 1733 1259 ὅλως
1761 1200 1819 1251 ὲν

245 1274 430 1326 ἀνέσει
454 1275 553 1328 οὐκ
574 1278 807 1347 ἐφεῖται.
848 1283 1038 1335 Καίτοι
1071 1286 1290 1347 καὶτοῖς
1314 1288 1370 1338 ἐν
1402 1286 1630 1357 συζυγίᾳ
1654 1304 1819 1355 προσ-

244 1367 418 1431 φωνεῖ
452 1368 694 1432 Παῦλος·
742 1390 762 1421 ι
812 1372 869 1425 Ὀ
904 1375 1091 1443 καιρὸς
1139 1378 1566 1445 συνεσταλμένος
1608 1377 1669 1430 τὺ
1704 1377 1814 1430 λοι-

242 1458 345 1509 πόν
377 1459 548 1522 ἐστιν,
581 1460 667 1514 ἵνα
708 1464 803 1516 καὶ
827 1464 875 1516 oi
898 1463 1113 1534 ἔχοντες
1149 1469 1432 1535 γυναῖκας,
1457 1468 1531 1531 ὡς
1561 1468 1635 1539 μὴ
1663 1468 1815 1538 έχον-

240 1566 333 1612 τες
361 1544 484 1613 ὦσι,
517 1554 609 1604 καὶ
664 1555 713 1606 οί
772 1556 1042 1623 χρώμενοι
1073 1559 1152 1627 τῷ
1188 1560 1375 1629 κόσμῳ
1418 1560 1609 1628 τούτῳ,
1639 1562 1715 1623 ὡς
1742 1560 1814 1631 μὴ

1934 662 2013 715 sic
2041 663 2236 715 affatur
2272 663 2474 719 Paulus
2512 681 2524 719 :
2559 684 2577 716 ι
2627 666 2859 733 Tempus
2893 668 3057 721 breve
3081 678 3201 720 est:
3238 670 3509 737 reliquum

1932 763 2035 816 est,
2067 765 2120 808 ut
2152 766 2208 809 et
2245 756 2334 819 qui
2380 756 2579 809 habent
2614 774 2832 823 uxores,
2867 768 3123 827 tanquam
3160 775 3266 812 non
3309 762 3518 814 habena

1932 854 2014 899 tes
2047 847 2183 908 sint,
2213 857 2267 901 et
2296 850 2387 918 qui
2423 859 2647 903 utuntur
2695 851 2794 903 hoc
2839 846 3058 915 mundo,
3093 862 3347 920 tanquam
3402 868 3513 905 non

1931 949 2155 992 utantur
2212 941 2273 994 ".
2318 960 2337 992 ι
2397 939 2552 1007 Quod
2594 942 2866 998 diﬂicilins
2920 960 3021 1013 ego
3073 944 3308 998 arbitror
3342 960 3503 1012 quant

1929 1044 2152 1085 servare
2194 1033 2583 1099 virginitatem.
2635 1034 2767 1088 Nam
2811 1035 3077 1104 jejunium
3140 1036 3351 1087 facilius
3386 1050 3515 1088 esse

1928 1137 2089 1191 quam
2121 1124 2227 1177 cibi
2273 1134 2538 1195 potusque
2577 1129 2991 1196 temperantiam
3028 1129 3184 1181 docet
3218 1128 3502 1193 esperien-

1928 1210 2026 1263 tia.
2071 1210 2274 1264 Forsan
2330 1214 2527 1281 aliquis
2573 1227 2718 1269 recte
2768 1224 2821 1269 et
2873 1232 3000 1269 vere
3049 1216 3268 1279 dixerit,
3300 1216 3344 1270 si
3382 1216 3511 1282 quis

1927 1299 2061 1354 nolit
2090 1302 2308 1365 salvari,
2332 1305 2535 1361 nullum
2564 1321 2661 1360 nos
2680 1308 2745 1360 ad
2780 1308 2923 1361 hunc
2951 1308 3148 1360 habere
3174 1321 3502 1369 sermonem,

1925 1391 1970 1444 si
2006 1392 2089 1445 cui
2124 1408 2250 1446 vero
2278 1410 2405 1449 cura
2443 1386 2633 1451 estde
2672 1412 2777 1451 sun‘
2803 1401 2996 1463 saluto,
3022 1402 3157 1452 sciat
3187 1400 3270 1451 hic
3303 1408 3501 1451 statum

1925 1483 2252 1552 virginitatis
2281 1489 2545 1556 c0ujttgali
2596 1492 2762 1543 multo
2806 1492 3080 1545 utiliorem
3113 1505 3237 1545 esse
3268 1500 3321 1544 et.
3366 1490 3505 1545 facis

1923 1571 2143 1631 liorem.

240 1632 690 1701 καταχρώμενοι.
732 1650 752 1684 ι
790 1634 855 1686 ’0
884 1632 978 1687 τοῦ
1010 1634 1152 1688 κατὰ
1180 1633 1279 1706 τὴν
1312 1634 1622 1706 παρθενίαν
1654 1637 1863 1705 άγώνος
1898 1639 2366 1709 δυσανυστότερον
2412 1642 2523 1710 ὲγω
2546 1645 2775 1714 νομίζω.
2809 1647 2920 1700 Καὶ
2951 1648 3052 1711 τὴν
3082 1654 3333 1718 νηστείαν
3371 1669 3504 1720 γαρ,

237 1730 339 1797 τῆς
374 1730 503 1799 περὶ
532 1730 744 1799 τρυφὴν
772 1731 866 1783 καὶ
890 1729 1050 1783 πόσιν
1075 1729 1424 1800 ἐγκρατείας,
1453 1730 1849 1800 εὐχερεστέραν
1871 1732 2148 1785 δείκνυσιν
2176 1734 2209 1803 ἠ
2236 1736 2424 1803 πείρα.
2458 1736 2565 1789 Καὶ
2586 1739 2719 1808 φαίη
2750 1740 2814 1794 ἄν
2839 1758 2920 1803 τις
2936 1741 3147 1811 δίκαια,
3181 1749 3271 1797 καὶ
3290 1745 3463 1816 άληθῇ
3492 1764 3503 1775 ·

214 1788 334 1882 iw;
357 1822 408 1872 ει
446 1788 546 1889 im,
566 1788 658 1892 ’μή
680 1788 856 1877 έλοιτό
891 1840 975 1887 τις
1005 1788 1302 1892 σώζεσθαι,
1331 1788 1491 1893 λόγος
1519 1788 1660 1896 ῖιὲῥδς
1684 1788 1847 1879 αὐτὸν
1880 1828 2009 1899 ημῖν
2038 1788 2235 1893 οὐδείς.
2276 1788 2346 1883 Εἰ.
2371 1832 2427 1884 δέ
2473 1788 2778 1902 τινιῐμέλει
2810 1836 2910 1905 τῆς
2958 1788 3169 1900 οίκείανς
3203 1788 3519 1903 σωτηρίας..

237 1914 397 1977 οὗτος
429 1915 565 1969 ἵστω
590 1918 683 1970 τὸν
717 1919 778 1971 ὲν
816 1919 1087 1990 παρθενίᾳ
1118 1920 1235 1990 βίον
1262 1921 1440 1988 πολλῷ
1469 1921 1564 1974 τοῦ
1603 1909 1829 1990 μιγάδος
1861 1926 2275 1995 ἀνυσιμώτερον
2307 1928 2434 1980 ὄντα
2460 1930 2554 1981 καὶ
2579 1930 2945 1998 ἀπονώτερον.

319 2000 481 2053 Ἀλλὰ
506 2004 679 2055 ταῦτα
709 2003 808 2071 μὲν
836 2004 1083 2073 ἀφῶμεν,
1128 2007 1301 2059 ἐκεῖνο
1325 2007 1380 2059 δὲ
1405 2008 1495 2060 ἐπὶ
1522 2008 1647 2062 νοῦν
1675 2009 1804 2063 λάσε

234 2109 351 2161 μοι,
384 2091 641 2163 παρθένε,
676 2094 862 2165 νύμφη
903 2097 1160 2165 Χριστοῦ,
1197 2098 1380 2168 κλῆμα
1417 2099 1516 2169 τῆς
1557 2100 1803 2168 ἀμπέλου

228 2185 332 2253 τῆς
354 2182 522 2253 ζωῆς,
544 2184 682 2253 ὅπερ
702 2186 955 2258 ἀνωτέρω
976 2186 1209 2258 είρηται.
1236 2190 1372 2259 Φησὶ
1395 2190 1501 2261 γὰρ
1531 2191 1559 2242 6
1577 2190 1800 2261 Κύριος·
1833 2183 1847 2206 ⁹

234 2292 253 2325 ι
304 2275 449 2343 Ἑγὼ
474 2276 590 2346 είμι
617 2277 650 2346 ὴ
680 2276 945 2347 ἄμπελος,
982 2279 1137 2348 ὑμεῖς
1162 2280 1230 2333 τὰ
1257 2281 1530 2352 κλήματα,
1557 2282 1585 2333 6
1612 2283 1802 2353 Πατήρ
1824 2275 1835 2297 ⁸

228 2387 338 2439 μου
366 2372 395 2423 6
422 2371 669 2441 γεωργός
696 2374 832 2426 ἐστι.
862 2374 976 2426 Πᾶν
1005 2372 1188 2443 κλῆμα
1224 2377 1281 2427 ὲν
1325 2376 1448 2443 ἐμοὶ
1473 2375 1682 2445 καρπὸν
1709 2376 1801 2445 φέ-

227 2478 344 2531 ρον,
406 2460 664 2533 καθαίρει
718 2463 873 2527 αὐτὸ,
922 2464 1011 2517 ἴνα
1067 2464 1287 2519 πλείονα
1332 2465 1543 2536 καρπὸν
1579 2468 1738 2538 φέρῃ.
1775 2486 1792 2519 ι

222 2556 439 2625 Δεῖγμα
458 2554 639 2608 τοίνυν
668 2555 820 2608 ποιοῦ
844 2556 943 2625 τὴν
976 2558 1103 2627 περὶ
1135 2556 1193 2609 σὲ
1227 2556 1429 2625 ταύτην
1458 2559 1797 2628 ἐπιμέλειαν,

221 2645 321 2699 τοῦ
378 2646 480 2715 τῆς
529 2645 827 2716 παρθενίας
883 2664 976 2700 σου
1030 2648 1263 2717 καρποῦ,
1310 2649 1402 2701 καὶ
1444 2649 1536 2703 τοῦ
1582 2652 1716 2720 πρὸς
1741 2654 1798 2704 σὲ

221 2739 451 2808 φίλτρου
483 2739 577 2792 τοῦ
628 2739 885 2809 νυμφίου.
922 2741 1029 2793 Καὶ
1061 2743 1216 2810 χαῖρε
1252 2742 1472 2810 μᾶλλον,
1504 2744 1598 2796 καὶ
1647 2744 1797 2796 ἀντι-

219 2831 512 2900 φιλοτιμοῦ
561 2831 660 2901 τὴν
710 2831 845 2903 πρὸς
884 2832 1044 2884 αὐτὸν
1072 2833 1398 2887 εὐπείθειαν.
1459 2835 1667 2898 Ἀλλως
1697 2852 1793 2887 τε’

217 2925 315 2976 καὶ
373 2922 573 2993 χρυσὸς
628 2922 726 2991 μὲν
770 2923 999 2992 χαλκοῦν
1055 2938 1107 2975 τι
1168 2926 1440 2995 συμμιγὲς
1482 2925 1791 2996 δεξάμενος,

212 3014 476 3083 κίῦδηλος
527 3014 814 3068 καλεῖται’
880 3016 1078 3085 χαλκὸς
1129 3016 1185 3069 δὲ
1245 3017 1537 3087 περιτακὲν
1600 3017 1794 3088 ψῆγμα

209 3107 512 3178 δεξάμενος
534 3109 761 3179 χρυσοῦ,
786 3108 1163 3181 λαμπρότερος
1213 3112 1408 3164 ἑαυτοῦ
1434 3116 1678 3180 φανεῖται
1704 3118 1795 3167 καὶ

212 3200 600 3270 στιλπνότερος
624 3216 639 3231 ο
680 3200 821 3253 οὕτω
869 3201 927 3253 σὲ
962 3201 1064 3271 μὲν
1096 3202 1192 3255 καὶ
1236 3202 1302 3256 τὰ
1330 3203 1397 3256 σά
1442 3204 1626 3258 ποθεῖν
1655 3205 1793 3257 ἐκεί-

2013 2004 2117 2058 Sed
2163 2005 2278 2059 haec
2335 2011 2728 2078 relinquamus.
2776 2014 2905 2067 lllnd
2942 2025 3121 2069 autem
3173 2022 3223 2071 in
3276 2030 3521 2074 mentem-

1918 2094 2120 2166 .inﬁge,
2143 2098 2292 2167 virgo
2322 2099 2524 2155 Christi
2555 2118 2776 2171 sponsa,
2810 2111 2953 2175 quod
2983 2124 3144 2178 Supra
3176 2112 3378 2164 dictum
3404 2126 3507 2167 est.

1935 2188 2025 2244 Ait
2053 2193 2193 2244 enim
2226 2193 2487 2249 Dominus
2520 2212 2537 2250 ι
2565 2215 2585 2248 ι
2625 2197 2734 2267 Ego
2768 2214 2886 2252 sum
2922 2202 3067 2267 vitis,
3101 2218 3199 2255 vos
3238 2204 3506 2272 palmites,

1935 2287 1989 2332 et
2058 2280 2221 2333 Pater
2257 2297 2410 2337 meus
2436 2285 2674 2354 agricola
2712 2299 2816 2343 est.
2854 2288 3081 2345 Omnem
3140 2293 3418 2361 palmitem
3454 2298 3506 2350 in

1932 2384 2021 2424 me
2076 2372 2337 2427 ferentem
2389 2374 2649 2441 fructum,
2684 2381 2936 2449 purgabit
2984 2398 3130 2447 eum,
3165 2394 3222 2438 ut
3272 2384 3504 2441 fructum

1930 2460 2051 2529 plus
2087 2463 2278 2519 all‘erat
2304 2465 2370 2521 ".
2422 2486 2439 2519 ι
2473 2467 2623 2523 lianc
2662 2475 2727 2524 de
2759 2482 2808 2525 te
2842 2488 3028 2527 curam
3065 2475 3201 2529 habe
3236 2485 3291 2530 ut
3332 2481 3509 2545 specia

1930 2567 2051 2606 tnen
2086 2553 2295 2609 fructus
2329 2566 2434 2611 tum
2468 2560 2813 2631 virginitatis,
2835 2574 2887 2617 et
2911 2568 3093 2632 sponsi
3122 2582 3248 2637 erga
3276 2578 3325 2623 te
3356 2588 3506 2622 anm-

1928 2645 2042 2713 ris;
2074 2657 2125 2702 et
2161 2652 2370 2704 exsulta
2436 2656 2625 2722 magis,
2650 2667 2699 2709 et
2732 2659 2963 2711 retribne
2994 2660 3044 2712 in
3076 2676 3196 2714 enni
3227 2663 3505 2718 conlidens

1928 2736 2075 2791 tiam.
2120 2739 2275 2792 Aliud
2328 2741 2501 2796 dicam
2532 2761 2546 2801 :
2581 2761 2772 2800 aurum
2816 2750 3033 2818 quidem
3067 2767 3171 2805 aere
3208 2756 3377 2807 ascito
3407 2759 3521 2808 mir

1935 2838 2103 2895 stum,
2152 2832 2477 2888 adulterium
2558 2852 2827 2906 vocatur;
2869 2856 2942 2895 aes
2990 2857 3120 2897 vero
3174 2846 3517 2901 (‘iI'Clllllftlsa‘

1922 2916 2117 2972 lamina
2159 2922 2518 2991 bracteatum,
2547 2930 2771 2984 nitidius
2820 2932 2997 3001 seipso
3045 2935 3513 3008 videturetinlgi-'

1919 3010 2065 3066 dius.
2097 3013 2189 3068 Sic
2247 3024 2297 3069 te
2346 3019 2586 3087 quidem.
2618 3021 2790 3091 virgo,
2830 3034 2882 3078 et
2917 3034 3003 3078 tua
3052 3028 3401 3095 desiderare;
3430 3033 3496 3085 iis

1918 3120 2038 3168 qua:
2071 3120 2173 3159 non
2218 3119 2344 3162 sunt
2398 3111 2655 3181 virgines,
2686 3118 2859 3184 gloria
2893 3127 2979 3173 est
3011 3136 3025 3186 ;
3059 3124 3161 3175 bas
3193 3137 3323 3177 vero
3357 3125 3497 3177 desi-

1917 3198 2128 3263 derare,
2159 3200 2252 3254 tibi
2291 3202 2528 3259 dedecus
2552 3206 2747 3263 aﬂert:
2780 3226 2902 3265 nam
2934 3222 2987 3266 te
3033 3215 3359 3269 desiderium
3412 3233 3496 3269 rc-

209 3310 360 3356 ναις,
415 3286 461 3345 ὦ
516 3290 777 3361 παρθένε,
810 3293 929 3354 ταῖς
959 3292 1032 3362 μὴ
1074 3294 1385 3363 παρθένοις,
1421 3295 1577 3360 δόξα·
1622 3299 1703 3349 σοὶ
1739 3299 1789 3350 δὲ

1916 3289 2077 3343 trahit
2106 3294 2172 3345 ad
2228 3296 2512 3361 mundum,
2552 3309 2661 3352 tum
2700 3303 2826 3371 quia
2866 3315 3171 3374 respectum
3223 3308 3391 3364 habes
3427 3312 3491 3362 ad

204 3386 443 3455 ἀτιμίαν
490 3384 645 3455 φέρει
682 3384 866 3437 ποθεῖν
919 3385 1167 3449 ὲκείνας·
1224 3386 1546 3457 ἐπιστρέφει
1580 3390 1687 3459 γάρ
1732 3409 1789 3441 σε

206 3476 380 3530 πάλιν
412 3477 441 3529 6
472 3476 637 3537 πόθος
664 3478 741 3537 είς
773 3476 865 3528 τὸν
898 3477 1130 3547 κόσμον
1192 3478 1347 3532 τοῦτο
1379 3480 1497 3549 μὲν,
1534 3481 1609 3543 ὡς
1658 3483 1793 3551 πρὸς

203 3566 340 3628 τοὺς
370 3552 429 3618 ὲῦ
454 3565 645 3635 κόσμῳ
680 3564 885 3628 ζῶντας
916 3566 1099 3636 σχέσιν
1137 3566 1382 3635 ἔχουσαν,
1412 3570 1503 3621 καὶ
1544 3571 1790 3635 συζῶσαν

203 3656 448 3717 ὲκείνοις
498 3656 598 3724 τὴν
636 3655 716 3725 τῷ
769 3656 960 3726 κόσμῳ
1006 3656 1310 3711 θανοῦσαν·
1363 3660 1522 3715 τοῦτο
1569 3662 1661 3727 δὲ,
1716 3664 1789 3727 ὡς

204 3748 497 3816 προσεῖναι
527 3744 736 3809 τούτοις
766 3746 1117 3818 βουλομένην,
1146 3749 1179 3803 ἃ.
1205 3751 1295 3802 καὶ
1322 3751 1477 3803 αὐτοὶ
1531 3752 1787 3821 βούλοιντ’

198 3836 294 3902 ἂν,
340 3837 575 3898 ἑαυτοῖς,
616 3837 847 3900 καὶτοῖς
883 3840 1202 3907 συγγενέσιν
1248 3842 1452 3895 ἑαυτῶν
1477 3861 1488 3875 ·
1535 3845 1787 3914 εὐθηνίαν

198 3929 481 3983 παντοίων
502 3927 612 3981 τῶν
646 3929 786 3983 κατὰ
818 3930 911 3982 τὸν
964 3930 1098 4000 βίον,
1130 3932 1380 3997 πλοῦτον,
1406 3938 1781 4004 περιφάνειαν,

193 4021 387 4087 δόξαν,
422 4020 515 4073 καὶ
541 4020 639 4091 τὴν
668 4021 761 4073 ἐπὶ
781 4021 992 4085 τούτοις
1023 4023 1315 4093 εὐθυμίανο
1348 4028 1439 4079 καὶ
1477 4026 1618 4080 οὕτω
1649 4046 1783 4099 συμ-

194 4108 435 4178 ϐήσεταί
462 4124 568 4173 σοι,
599 4107 693 4160 τοῦ
730 4108 1067 4181 βουλήματος
1100 4112 1194 4165 τοῦ
1231 4114 1324 4167 σοῦ
1352 4118 1585 4186 νυμφίου
1617 4120 1782 4174 ἐκπε-

193 4198 339 4249 σεῖν.
366 4197 551 4251 Ταῦτα
584 4198 690 4267 γὰρ
718 4197 897 4253 πάντα
944 4200 1157 4269 τρανῶς
1203 4204 1406 4267 ἐκεῖνος
1441 4206 1497 4257 ὲν
1538 4208 1779 4274 Εὐάγγε-

189 4287 334 4350 λίοις
359 4285 659 4351 ταλανίζει,
688 4287 864 4356 λέγων
884 4306 897 4319 ·
934 4307 951 4340 ι
987 4291 1123 4343 Οὐαὶ
1147 4294 1195 4345 οί
1228 4294 1618 4359 πλουτοῦντεςῐ
1660 4300 1779 4351 οὐαὶ

186 4380 243 4432 οἱ
267 4380 539 4447 γελῶντες
564 4381 577 4433 l
612 4379 793 4432 οὐαὶοί
820 4381 1267 4452 ἐμπεπλησμένοι
1286 4386 1297 4437 !
1318 4386 1437 4437 οὐαὶ
1457 4387 1584 4440 ὅταν
1603 4390 1779 4451 καλῶς

186 4473 345 4542 ὑμᾶς
367 4474 564 4526 εῐπωσι
588 4474 791 4536 πάντες
838 4476 887 4526 oi
941 4474 1250 4544 ἄνθρωποιῐ
1285 4496 1303 4528 ι
1340 4479 1461 4541 Πῶς
1489 4480 1581 4533 οῦν
1614 4484 1777 4533 ταλα-

1914 3381 2155 3438 viventes
2196 3386 2247 3439 in
2310 3391 2532 3457 mundo,
2558 3402 2610 3445 et
2644 3410 2765 3447 cum
2798 3395 2879 3451 eis
2926 3399 3084 3459 vivis.
3120 3400 3244 3454 licet
3294 3404 3495 3454 mundo

1910 3482 2162 3540 mortua;
2199 3485 2308 3529 tum
2343 3478 2465 3547 quia
2504 3483 2694 3536 eadem
2734 3484 2813 3539 eis
2847 3495 3022 3555 optas,
3051 3504 3171 3557 qua:
3215 3491 3314 3559 ipsi
3364 3494 3498 3547 εἰω-

1916 3573 2027 3619 inet
2081 3568 2301 3638 suisque
2339 3575 2584 3642 cognatis
2619 3586 2829 3645 optant,
2875 3596 3069 3651 nempe
3126 3584 3492 3639 omnimodani

1910 3656 2033 3709 vita:
2067 3663 2507 3728 prosperitatem,
2549 3666 2794 3730 divitias,
2840 3670 3122 3738 honorem,
3163 3675 3411 3743 gloriam,
3444 3690 3496 3728 et

1908 3748 1961 3799 in
2015 3748 2099 3804 bis
2144 3751 2408 3822 laetitiam,
2442 3767 2496 3810 et
2553 3758 2631 3812 sic
2687 3760 2781 3815 tibi
2842 3763 3051 3816 accidet
3103 3776 3160 3820 ut
3219 3769 3493 3823 voluntate

1905 3845 2089 3908 sponsi
2122 3848 2361 3903 eXcidas.
2388 3848 2513 3904 Haec
2548 3854 2691 3906 enim
2734 3857 2917 3909 omnia
2956 3858 3046 3912 ille
3112 3861 3166 3914 in
3200 3862 3495 3933 Evangelii»

1905 3930 2054 3988 clare
2087 3935 2393 4003 infelicitat,
2426 3942 2616 3996 dicens
2650 3960 2665 3999 ;
2702 3963 2720 3996 ι
2759 3944 2850 4000 vae
2879 3950 3034 4003 vobis
3071 3930 3379 4009 divitibusi
3415 3974 3498 4009 va:

1907 4024 2066 4080 vobis
2102 4027 2193 4095 qui
2229 4030 2426 4085 videtis
2454 4034 2467 4086 l
2506 4051 2583 4088 va:
2613 4036 2768 4091 vobis
2816 4040 2906 4106 qui
2952 4044 3177 4097 saturati
3211 4046 3344 4100 estis
3372 4049 3385 4101 ι
3418 4064 3498 4101 va:

1904 4131 2025 4169 cum
2048 4117 2421 4177 benedixerint
2442 4126 2593 4181 vobis
2618 4144 2804 4185 omnes
2832 4130 3080 4187 homines
3104 4136 3116 4187 !
3151 4153 3168 4185 ι
3202 4134 3492 4202 Quomodo

1906 4210 2067 4277 igitur
2119 4212 2217 4267 hos
2270 4216 2402 4269 dicit
2455 4217 2746 4275 infelices?
2780 4221 2967 4278 Nonne
3010 4236 3265 4296 tanquam
3308 4232 3494 4283 anima

1905 4312 2147 4357 mortuos
2174 4304 2196 4356 ?
2224 4304 2355 4371 Qua:
2396 4309 2559 4377 igitur
2586 4328 2797 4378 sponsae
2831 4318 3179 4386 participatio
3217 4322 3339 4375 vitat
3368 4336 3491 4375 Cum

1905 4396 2185 4449 mortuis?
2221 4398 2323 4450 Aut
2364 4414 2484 4469 quae
2519 4405 2753 4460 societas
2786 4407 2853 4461 ad
2902 4412 3176 4465 contraria
3206 4413 3487 4467 ambulan-

1906 4491 1985 4535 tes
2004 4486 2084 4537 via
2117 4487 2205 4539 "?
2240 4488 2371 4544 Nam
2405 4493 2510 4546 lata
2537 4503 2591 4548 et
2619 4499 2854 4563 spatiosa
2887 4501 2971 4556 via
2995 4513 3077 4556 est
3104 4503 3172 4569 ⁸⁸,
3192 4505 3479 4573 ιιυοίηρρ-

183 4565 333 4628 νίζει
368 4562 630 4629 τούτους;
664 4565 776 4635 Οὐχ
824 4565 899 4628 ὡς
938 4566 1037 4635 τὴν
1082 4567 1259 4638 ψυχὴν
1303 4573 1776 4641 νενεκρωμένουςς

1916 4579 2037 4629 lunt
2070 4595 2086 4644 ;
2120 4590 2172 4633 et
2210 4582 2310 4635 nisi
2373 4586 2559 4652 pedem
2595 4562 2815 4655 sistant,
2851 4602 2907 4647 et
2963 4596 3094 4661 quid
3141 4562 3209 4651 de
3234 4562 3356 4652 ltuis
3383 4602 3490 4653 sibi

182 4654 287 4717 Τίς
339 4649 436 4707 οῦν
483 4656 552 4725 τῇ
602 4654 787 4727 νύμφη
816 4655 915 4726 τῆς
947 4655 1092 4726 ζωῆς
1140 4659 1427 4726 συγγένεια
1478 4662 1615 4732 πρὸς
1654 4663 1776 4726 τοὺς

182 4746 424 4816 νεκρούς
452 4764 465 4811 ;
498 4747 580 4809 τίς
612 4748 879 4817 συνάφεια
906 4750 1019 4811 τοῖς
1064 4751 1162 4812 τὰς
1194 4752 1443 4815 ἐναντίας
1468 4753 1778 4822 βαδίζουσιν

86 4847 88 4851 ⁷
181 4836 382 4903 όὸούς;
419 4837 659 4889 Πλατεῖα
691 4837 799 4906 γὰρ
842 4838 936 4892 καὶ
989 4839 1319 4910 εὐρύχωρος,
1359 4842 1424 4894 δι’
1472 4839 1539 4913 ἦς
1580 4848 1777 4903 ἐκεῖνοι

181 4928 624 5001 φέρονταιοκᾶν
668 4931 742 5000 μὴ
803 4932 1306 5003 παρακατάσχωσιν
1358 4936 1605 5000 ἑαυτοὺς,
1668 4939 1777 4992 τῶν

180 5021 299 5072 σῶν
325 5035 379 5070 τι
416 5017 694 5087 μίξαντες,
725 5020 1083 5074 ἐκπεσοῦνται
1115 5023 1313 5085 τελέως
1350 5027 1427 5087 είς
1457 5025 1731 5079 ἀπώλειαν
1756 5040 1773 5058 ⁶

193 5114 263 5166 σὺ
291 5114 348 5166 δὲ
381 5114 470 5167 διὰ
514 5117 613 5184 τῆς
664 5118 856 5189 στενῆς
904 5123 997 5173 κα)⁸
1051 5121 1420 5194 τεθλιμμένης
1465 5128 1638 5199 πύλης
1689 5129 1785 5183 καί

186 5202 319 5257 ὁδοῦ
350 5204 487 5271 πρὸς
532 5205 631 5275 τὴν
680 5209 826 5278 ζωὴν
877 5212 1121 5282 είσέρχῃ.
1163 5214 1260 5267 Διὰ
1292 5216 1485 5285 στενῆς
1518 5217 1574 5270 δὲ
1614 5218 1786 5286 πύλης

1906 4670 2262 4738 admisceant,
2293 4676 2531 4733 incident
2586 4682 2829 4750 profecto
2881 4684 2933 4738 in
2990 4687 3373 4753 perditionem,
3433 4702 3489 4742 tn

1902 4775 2033 4816 vero
2066 4779 2161 4831 per
2192 4778 2476 4837 angustam
2531 4784 2743 4841 portam
2776 4785 2829 4830 et
2858 4786 3063 4832 arctam
3119 4780 3256 4833 viam
3313 4782 3486 4836 intras

1901 4852 1969 4907 ad
2014 4856 2202 4910 vitam.
2253 4856 2357 4913 Per
2410 4872 2693 4931 angustam
2756 4877 2934 4921 autem
2989 4876 3205 4937 portam
3255 4882 3310 4927 et
3344 4875 3485 4928 viain

1902 4960 2061 5001 nemo
2113 4959 2327 5007 tumens
2366 4953 2559 5022 gloria,
2592 4963 2685 5010 aut
2740 4957 3014 5028 voluptate
3071 4962 3339 5031 ditlluens,
3391 4978 3483 5018 aut

1896 5052 2058 5107 opum
2084 5077 2093 5084 .
2124 5040 2546 5115 divitiarumque
2594 5045 2773 5102 ferens
2811 5062 2968 5115 onus,
2992 5051 3228 5107 transire
3268 5070 3477 5124 posset.

1896 5127 2052 5193 Quod
2090 5140 2269 5187 autem
2307 5133 2414 5189 lata
2452 5136 2668 5192 dicatur
2715 5139 2817 5194 ista
2875 5142 3060 5197 mundi
3112 5146 3220 5210 via,
3251 5161 3357 5199 non
3402 5159 3482 5200 ta-

1896 5234 2018 5276 men
2044 5236 2162 5277 eam
2197 5225 2315 5281 sine
2347 5228 2593 5283 molestia
2646 5245 2767 5287 esse
2821 5244 3040 5301 reputes
3066 5251 3084 5293 :
3113 5254 3236 5292 nam
3292 5244 3482 5295 multis

188 5294 292 5345 καὶ
322 5294 467 5361 ὀδοῦ,
502 5298 602 5349 οὐκ
628 5297 792 5365 ὄγκον
831 5298 1011 5370 δόξης,
1052 5304 1150 5373 οὐχ
1198 5305 1389 5375 ἡδονῆς
1416 5306 1681 5376 διάχυσιν.
1724 5311 1784 5361 οὐ

1916 5320 1946 5367 ξι
1994 5317 2250 5385 gravibus
2300 5319 2457 5389 plena
2519 5333 2601 5378 est
2642 5324 3066 5383 calamitatibus.
3102 5328 3206 5408 Sed
3262 5331 3369 5386 lata
3422 5346 3478 5389 ct

191 5384 403 5452 φόρτον
446 5386 747 5455 χρημάτων
796 5391 890 5443 καὶ
947 5393 1244 5462 κτημάτων
1294 5395 1624 5466 ἀναθέμενός
1678 5417 1781 5463 τις,

186 5476 393 5529 διιέναι
448 5477 650 5533 δύναιτ’
705 5482 807 5537 ἄν’
863 5485 999 5538 ἀλλὰ
1050 5486 1125 5557 μὴ
1176 5488 1438 5543 πλατεῖαν
1482 5491 1781 5554 ἀκούσασα,

186 5570 422 5640 ἐκείνην
443 5571 543 5643 τὴν
580 5573 700 5629 ὁδὸν
731 5575 827 5630 τοῦ
878 5577 1019 5647 βίου,
1063 5579 1265 5635 ἄλυπον
1297 5582 1460 5652 ἡγοῦ’
1511 5584 1785 5654 πολυσυμ-

188 5663 493 5733 φορωτάτη
555 5666 666 5739 γάρ
724 5668 840 5724 ἔστι
902 5672 997 5734 καὶ
1035 5672 1602 5746 βαρυσυμφορωτάτη.
1646 5679 1782 5730 Πλα-

1892 5408 2130 5477 spatiosa
2176 5420 2415 5478 vocatur,
2458 5416 2585 5481 quia
2640 5418 2793 5473 multi
2842 5430 2969 5474 sunt
3001 5422 3093 5489 qui
3136 5421 3342 5478 intrant
3380 5442 3477 5495 per

1891 5511 2033 5564 eam,
2063 5509 2115 5552 et
2148 5502 2377 5572 quisque
2408 5504 2620 5559 illorum
2646 5508 2850 5577 ingenti
2885 5520 3110 5566 onustus
3138 5525 3220 5567 est
3250 5516 3470 5572 caducae

1891 5589 2133 5642 materia:
2166 5604 2383 5647 acervo.
2422 5594 2533 5649 Tua
2568 5607 2771 5664 autem,
2806 5600 2977 5669 virgo,
3012 5602 3319 5659 arctissima
3385 5616 3471 5663 est

1888 5675 1974 5729 via
2007 5693 2020 5731 :
2058 5694 2176 5734 nam
2211 5682 2347 5739 duos
2380 5684 2539 5740 simul
2582 5697 2930 5745 transeuntes
2965 5689 3107 5746 haud
3139 5693 3306 5762 capit.

261 5817 311 5847 ’³
372 5815 388 5868 1
430 5817 556 5872 Cor.
598 5836 715 5885 vui,
750 5821 840 5887 ‘29,
893 5823 983 5878 '51.
1063 5825 1109 5857 "
1142 5823 1301 5881 Joan.
1333 5842 1423 5892 xv,
1452 5827 1501 5895 1,
1531 5827 1585 5893 2,
1611 5828 1662 5885 5.
1738 5833 1783 5862 ⁸⁷

1916 5835 2011 5891 lor.
2042 5852 2113 5901 VI,
2150 5839 2232 5894 14.
2312 5842 2355 5871 ’⁸
2394 5841 2581 5900 Matth.
2610 5862 2706 5913 vri,
2757 5849 2842 5904 13.
