4246 6464
255 440 399 504 106]

1358 441 1457 501 DE
1514 440 1856 500 MENTAL-I
1901 441 2003 513 QU
2018 441 2197 502 [ETU
2212 441 2417 502 DlNE.

3390 432 3532 501 1070

249 565 505 631 σαρκική.
541 563 660 626 Πῶ,
686 564 741 617 δὲ
771 566 940 636 αὐτὴν
966 566 1159 637 τρίτην
1181 565 1275 619 καὶ
1303 566 1541 637 ὑστέραν
1568 567 1822 637 λέγομεν,

1959 551 2307 608 mmtmditia.
2361 552 2471 605 Cur
2493 557 2671 605 autem
2691 562 2808 602 eam
2837 546 3049 603 tertiam
3073 546 3427 615 ultimamque
3445 549 3527 599 di-

248 656 424 707 καίτοι
480 655 721 724 ἔμφυτον
766 658 896 725 ἡμῖν
923 657 1087 710 οὖσαν
1116 656 1172 723 ἐξ
1203 658 1372 727 αὐτῆς
1414 659 1677 725 γενέσεως
1708 676 1722 724 ;
1761 660 1821 711 οὐ

249 748 355 815 γὰρ
397 747 558 816 μόνον
582 746 741 815 αὕτη.
778 748 913 800 ἀλλὰ
940 749 1031 800 καὶ
1054 750 1108 801 αἱ
1134 748 1269 816 πρὸς
1296 751 1643 816 τεκνογονίαν
1670 768 1827 817 φυσι-

248 840 339 888 καὶ
399 840 643 906 κινήσεις
706 840 1165 909 ἐπισημαίνουσιν
1226 841 1551 909 ὑπομαζίοις
1601 837 1825 895 έτόὗσι

256 933 357 988 τοῖς
390 929 563 982 παισί.
604 930 721 991 Πῶς
750 926 841 981 οὖν
865 932 1027 999 ἡμεῖς
1063 930 1297 1000 ὑστέραν
1328 931 1545 1002 τίθεμεν
1576 933 1674 1002 τὴν
1732 933 1827 999 τῆς

251 1022 522 1089 σαρκικῆς
553 1022 850 1090 ἐπιθυμίας
877 1022 1030 1074 νόσον
1056 1039 1071 1083 ;
1106 1023 1407 1094 ἐπειδήπερ
1464 1026 1647 1076 ἐκεῖνα
1671 1024 1829 1092 φύσει

251 1115 543 1182 πρόσεστιν
579 1115 711 1182 ημῖν
730 1131 741 1142 ’
779 1112 1088 1183 ἀνέγκλητα
1115 1113 1169 1165 δὲ
1200 1114 1268 1165 τὰ
1296 1115 1520 1183 φυσικὰ,
1560 1116 1709 1183 παρά
1733 1114 1828 1165 τοῦ

248 1206 457 1270 ἀγαθοῦ
500 1205 636 1260 Θεοῦ
686 1207 1063 1275 πεποιημένα·
1102 1206 1187 1258 ἵνα
1228 1207 1294 1259 δι’
1324 1206 1502 1260 αὐτῶν
1552 1210 1612 1259 ὲν
1647 1207 1832 1278 ἔργοις

246 1296 474 1360 ἀγαθοῖς
514 1296 1001 1364 περιπατήσωμεν.
1052 1296 1352 1365 Τοιγαροῦν
1397 1296 1496 1348 οὐκ
1562 1296 1678 1352 ἔστι
1719 1298 1831 1348 δεί-

247 1405 438 1454 γματα
506 1386 688 1456 ψυχῆς
752 1387 1035 1455 νοσούσης.
1091 1388 1213 1449 Τοῖς
1267 1388 1323 1439 δὲ
1375 1390 1833 1457 παραχρωμένοις

244 1478 471 1529 τοιαῦτα
503 1477 677 1530 ταῦτα
700 1476 930 1545 γίνεται.
964 1479 1070 1529 Καὶ
1101 1478 1283 1529 τοίνυν
1308 1478 1542 1548 ὁπηνίκα
1574 1479 1673 1547 τῆς
1698 1496 1833 1548 σαρ-

246 1571 342 1630 κὸς
386 1570 649 1635 πρόνοιαν
692 1567 996 1637 ποιούμεθα
1048 1568 1182 1637 πρὸς
1229 1568 1327 1631 τὰς
1357 1568 1673 1637 ἐπιθυμίας,
1712 1571 1834 1621 τότε

244 1662 309 1729 δὴ
346 1663 516 1713 κακὸν
554 1662 614 1714 τὸ
646 1660 839 1726 πάθος,
892 1663 985 1715 καὶ
1021 1660 1299 1731 σαρκικῶν
1330 1662 1517 1717 παθῶν
1543 1663 1705 1732 ἀρχὴ.
1740 1664 1836 1716 καὶ

243 1753 432 1822 ψυχῆς
474 1753 628 1817 νόσος
660 1754 692 1821 ἡ
729 1751 1033 1822 φιληδονία,
1071 1752 1213 1805 ὥστε
1263 1752 1356 1804 ἐπὶ
1413 1751 1523 1805 τῶν
1558 1754 1833 1816 τοιούτων,

248 1844 627 1913 πρωτοπαθής
684 1846 834 1896 ἐστιν
861 1845 889 1895 ὁ
922 1840 1066 1907 νοῦς.
1105 1844 1195 1897 Διὸ
1225 1844 1316 1896 καὶ
1342 1843 1449 1895 ἀπὸ
1473 1844 1571 1912 τῆς
1601 1844 1837 1906 διανοίας

248 1905 480 2002 πρώτης
522 1905 864 2005 ὁρμωμένων
911 1905 1314 2004 τῶνήπονηρῶν
1367 1905 1576 1995 παθῶν,
1615 1937 1778 2004 φησὶν
1874 1905 1913 1958 Β

250 2026 483 2095 Κύριος,
523 2026 604 2078 ὅτι
643 2027 707 2077 ἐκ
738 2026 837 2093 τῆς
872 2025 1103 2095 καρδίας
1151 2025 1465 2095 ἐξέρχονται
1499 2025 1837 2095 διαλογισμοὶ

250 2120 507 2187 πονηροὶ,
541 2119 785 2171 κάκεῖνοί
826 2120 966 2172 εἰσιν
1001 2118 1051 2170 oi
1086 2117 1391 2180 κοινοῦντες
1414 2118 1502 2169 τὸν
1532 2117 1833 2187 ἄνθρωπον.

250 2214 362 2265 Καὶ
396 2214 425 2264 ὁ
458 2212 563 2283 πρὸ
592 2213 686 2265 τοῦ
720 2212 1054 2280 Εὐαγγελίου
1111 2212 1274 2281 νόμος
1323 2212 1486 2279 φησί·
1534 2230 1551 2261 t
1600 2212 1837 2281 Πρόσεχε

252 2306 494 2376 σεαυτῷ,
547 2310 758 2375 μήποτε
795 2306 1021 2376 γένηται
1070 2306 1219 2375 ῥῆμα
1250 2305 1490 2376 κρυπτὸν
1516 2306 1573 2359 ὲν
1604 2308 1670 2375 τῇ
1702 2322 1837 2373 καρ-

247 2399 340 2465 δία
378 2415 473 2450 σου
509 2399 790 2467 ἁνόμημα.
826 2415 843 2447 ι
878 2397 942 2451 Εί
977 2394 1086 2466 γὰρ
1109 2396 1202 2448 καὶ
1232 2394 1448 2465 πρῶτος
1478 2397 1506 2448 ὁ
1535 2393 1662 2456 νοῦς
1692 2396 1840 2446 ἐστιν

249 2495 280 2543 ὁ
312 2492 582 2554 διατεθεὶς
606 2490 812 2553 κακῶς,
839 2488 977 2543 ἀλλὰ
1012 2487 1257 2542 κάτωθεν
1277 2488 1363 2541 διὰ
1382 2487 1489 2540 τῶν
1512 2485 1838 2557 αἰσθήσεων,

250 2582 682 2651 ἀιιαμαξὰμενος
715 2583 813 2648 τὴν
856 2580 1160 2648 φαντασίαν
1190 2579 1297 2632 τῶν
1327 2579 1603 2647 αἰσθητῶν
1655 2578 1843 2647 σωμά-

248 2693 385 2738 των,
418 2674 563 2727 οὕτω
593 2675 726 2743 πρὸς
757 2677 938 2726 ἐκεῖνα
968 2672 1178 2742 διετέθη
1202 2689 1213 2701 ·
1246 2674 1343 2725 καὶ
1369 2672 1603 2739 μάλιστα
1626 2671 1712 2723 διὰ
1733 2671 1841 2723 τῶν

249 2765 557 2831 ὀφθαλμῶν
584 2763 1183 2835 πριῖιτων,,δυναμὲνων
1214 2766 1308 2815 καὶ
1334 2761 1616 2832 πόρρωθεν
1650 2761 1710 2813 τὸ
1737 2760 1841 2831 μῦ-

253 2875 349 2918 σος
378 2856 817 2918 ἐπισπάσασθαι,
844 2854 981 2924 πρὸς
1006 2853 1107 2923 τὴν
1136 2855 1489 2923 παράχρησιν
1521 2852 1840 2920 ἐπαίρεται·

250 2946 349 2997 καὶ
392 2947 584 2995 τούτου
623 2943 789 3010 σαφὲς
827 2941 1145 3012 μαρτύριον,
1184 2942 1549 3011 ήπρομήῖωρ
1574 2939 1843 3009 καθέστη-

249 3055 352 3089 κεν
390 3032 521 3088 Εὕα.
550 3036 772 3104 Πρῶτον
798 3034 905 3104 γὰρ
935 3029 1074 3087 εἶδεν
1097 3033 1178 3084 ὃτι
1206 3031 1369 3089 καλὸν
1399 3034 1478 3094 είς
1508 3032 1721 3101 ὅρασιν,
1749 3030 1844 3082 καὶ

249 3130 461 3198 ὡραῖον
489 3128 583 3183 τοῦ
616 3126 974 3194 κατανοῆσαι,
1007 3126 1103 3178 καὶ
1126 3125 1246 3177 τότε
1282 3124 1752 3192 συγκατατεθείσα
1776 3124 1842 3192 τῇ

251 3222 479 3291 καρδία,
512 3222 689 3289 ἥψατο
714 3219 808 3278 καὶ
847 3217 1112 3286 ἐγεύσατο
1146 3217 1241 3277 τοῦ
1270 3216 1719 3287 ἀπηγορευμένον
1750 3213 1843 3278 ξύ-

249 3316 373 3367 λου.
405 3311 601 3373 Καλῶς
630 3310 717 3380 ἄρ’
743 3309 1022 3378 ἐλέγομεν,
1043 3309 1123 3361 ὅτι
1155 3306 1494 3377 προτερεύει,
1532 3306 1627 3357 καὶ
1658 3303 1847 3375 προοί-

253 3406 385 3475 μιόν
411 3407 555 3461 ἐστιν
590 3404 620 3470 ἡ
654 3402 789 3471 πρὸς
822 3403 887 3452 τὰ
919 3400 1089 3469 κάλλη
1115 3399 1223 3452 τῶν
1258 3399 1525 3465 σωμάτων
1553 3391 1691 3468 ἦττα
1736 3395 1845 3448 τῶν

248 3494 509 3562 αἰσχρῶν
538 3491 743 3543 παθῶν.
778 3490 867 3544 Διὸ
898 3490 991 3541 καὶ
1018 3486 1281 3558 πατρικόν
1308 3488 1423 3539 ἐστι
1452 3484 1843 3554 παράγγελμα,

249 3586 459 3645 κάλλος
497 3583 795 3651 ἀλλοτρίων
839 3582 1109 3649 σωμάτων
1146 3579 1221 3648 μὴ
1254 3576 1715 3647 καταμανθάνειν,
1752 3576 1846 3627 καὶ

249 3679 354 3732 ἐπὶ
396 3674 513 3741 ἰδίῳ
551 3673 626 3742 μὴ
666 3670 985 3740 τέρπεσθαι.
1028 3668 1141 3739 Πρὸ
1190 3668 1372 3737 μέντοι
1418 3670 1516 3735 τῆς
1566 3664 1845 3734 ὲμπαθοῦς

249 3768 525 3830 διανοίας,
556 3765 602 3817 εί
641 3764 733 3814 καὶ
761 3759 1006 3832 φυσικῶς
1036 3758 1427 3826 ὲνθεωροῦνται
1456 3757 1567 3815 τοῖς
1604 3756 1759 3811 παισὶ
1782 3755 1847 3806 τὸ.

251 3858 435 3924 πάθη,
488 3855 601 3907 ἀλλ’
647 3853 709 3905 οὐ
742 3852 995 3920 συνεργεῖ
1040 3848 1175 3920 πρὸς
1209 3847 1507 3916 ἁμαρτίαν,
1542 3846 1678 3897 ἀλλά
1710 3847 1845 3917 πρὸς

248 3956 359 4021 τὴν
401 3950 500 4017 τῆς
544 3947 759 4016 φύσεως
796 3943 1053 3995 σύστασιν
1076 3957 1089 3971 ο
1125 3940 1335 4009 διόπερ,
1364 3938 1485 3991 οὐδὲ
1515 3937 1727 4006 πονηρὰ
1752 3953 1847 4005 τη-

250 4042 499 4095 νικαῦτα
550 4040 703 4091 ταῦτ’
752 4035 922 4095 ἐστίν.
969 4032 1109 4091 Ἀλλ’
1142 4031 1331 4100 ἐπειδὴ
1379 4032 1473 4088 καὶ
1501 4030 1567 4087 τά
1610 4031 1846 4097 σαρκικὰ

250 4135 434 4201 παθη,
470 4132 621 4199 παρά
652 4128 745 4182 τοῦ
784 4125 1065 4197 ὲμπαθοῦς
1096 4124 1185 4176 νοῦ
1214 4122 1482 4190 λαμῦἀνει
1521 4121 1617 4192 τὴν
1650 4122 1845 4191 ἀρχὴν,

248 4230 317 4291 ἐξ
349 4224 520 4278 αὑτοῦ
551 4222 670 4275 δέον
701 4219 917 4287 καὶτῆς
946 4217 1242 4286 θεραπείας
1282 4216 1569 4285 ἄρχεσθαι.
1623 4216 1711 4277 Ὠς
1740 4216 1847 4286 γὰρ

246 4320 352 4372 ἐπὶ
393 4314 690 4383 πυρκαϊᾶς,
737 4312 765 4361 ὁ
794 4310 985 4367 σϐέσαι
1038 4307 1246 4375 ταύτην
1286 4307 1756 4377 προθυμούμενος,
1798 4310 1849 4363 ει

245 4414 357 4481 τὴν
413 4408 589 4478 φλόγα
656 4405 933 4473 διατέμνει
989 4402 1220 4465 ἄνωθεν,
1288 4402 1487 4472 ἠνυσεν
1550 4402 1745 4455 οὐδέν·
1799 4405 1847 4455 εί

246 4506 311 4558 δὲ
342 4504 443 4572 τὴν
472 4500 605 4569 ὓλην
631 4497 1004 4552 ἀποσπάσειεν
1035 4494 1146 4566 [tua
1176 4492 1592 4573 ὑποσπάσειεν],
1624 4492 1784 4554 εὐθὺς
1813 4495 1846 4563 ή

252 4593 514 4663 πυρκαῖά
546 4588 935 4660 κατεμαράνθη
959 4603 971 4618 ⁸
1005 4587 1149 4639 οὕτω
1180 4586 1274 4639 καί
1306 4585 1395 4643 ἐπὶ
1429 4584 1538 4636 τῶν
1573 4584 1850 4652 πορνικῶν

250 4688 476 4741 παθῶν.
513 4684 573 4737 ΕΞ
613 4684 689 4753 μὴ
722 4683 820 4751 τὴν
852 4680 1037 4750 πηγὴν
1070 4678 1178 4734 τῶν
1208 4676 1483 4747 λογισμῶν
1514 4677 1659 4731 ἔνδον
1688 4677 1850 4747 ξηραο

246 4781 372 4839 νεῖς
408 4777 474 4828 δι’
504 4776 672 4843 εὐχῆς
708 4775 799 4825 καὶ
829 4768 1235 4831 ταπεινώσεως,
1255 4768 1391 4839 μόνῃ
1415 4769 1471 4819 δὲ
1506 4769 1728 4838 νηστείᾳ
1758 4771 1852 4825 καὶ

247 4866 614 4935 κακοπαθείᾳ
669 4865 922 4933 σώματος
956 4861 1153 4929 ὁπλίζῃ
1198 4861 1321 4914 κατ’
1363 4859 1562 4923 αὐτῶν,
1613 4862 1850 4930 ἀνήνυτα

248 4963 469 5021 πονεῖς·
492 4962 541 5010 εἰ
566 4956 737 5025 δὲτὴν
759 4955 912 5023 ῥίζαν
937 4950 1205 5019 ἀγιάσεις,
1231 4951 1317 5002 διὰ
1340 4949 1730 5012 ταπεινώσεως
1756 4951 1849 5002 καὶ

252 5050 607 5124 προσευχῆς,
645 5049 720 5108 ὡς
757 5046 989 5113 ἔφημεν,
1018 5042 1162 5108 ἕξεις
1186 5043 1278 5094 καὶ.
1304 5042 1415 5097 τοῖς
1450 5040 1553 5105 ἔξω
1574 5042 1663 5093 τὸν
1690 5042 1849 5108 ἅγια.

249 5147 429 5215 σμόν.
460 5144 571 5194 Καὶ
605 5138 764 5191 τοῦτό
796 5153 885 5204 μοι
916 5134 1177 5188 δοκεῖκαὶ
1196 5134 1257 5184 τὸ
1287 5132 1643 5185 ἀποστολικὺν
1674 5134 1849 5186 ἐκεῖνο

248 5231 606 5305 ὑφηγεῖσθαι
666 5229 876 5295 λόγιον,
932 5225 991 5278 τὸ
1033 5224 1213 5291 λέγον,
1281 5222 1710 5293 περιζώννυσθαι
1750 5223 1847 5293 τὴν

244 5330 440 5396 ὀσφὺν
472 5322 629 5391 ἡμῶν
680 5323 737 5373 ἐν
770 5318 997 5388 ἀληθεία
1025 5332 1037 5351 9
1077 5315 1219 5368 καθὰ
1260 5316 1352 5367 καί
1397 5332 1500 5366 τινι
1535 5314 1645 5367 τῶν
1668 5314 1848 5367 Πατέ-

250 5440 377 5496 ρων
404 5416 672 5472 κάλλιστα
699 5411 1153 5488 πεφιλοσόφηται,
1186 5408 1260 5470 ὼς
1281 5406 1373 5459 τοῦ
1406 5406 1739 5476 θεωρητικοῦ
1788 5405 1849 5462 τὸ

258 5517 682 5586 ἐπιθυμητικὸν
723 5515 1203 5584 περισφίγγοντος,
1236 5516 1329 5566 καὶ
1368 5515 1747 5581 συστέλλοντος
1782 5516 1852 5569 τὰ

247 5611 360 5667 ὑπ’
388 5608 566 5674 ὀσφύν
598 5624 655 5658 τε
687 5609 781 5659 καὶ
830 5607 1076 5675 γαστέρα
1110 5593 1276 5675 πᾶθη.
1308 5609 1400 5658 Δεῖ
1432 5608 1611 5677 μέντοι
1647 5610 1741 5661 καὶ
1774 5609 1852 5679 τῷ

248 5704 487 5771 σώματι
521 5697 920 5761 κακοπαθείας,
953 5698 1049 5751 καὶ
1096 5699 1194 5761 τῆς
1224 5701 1537 5770 συμμέτρου
1568 5700 1675 5753 τῶν
1710 5701 1850 5771 βρω-

1940 649 2135 707 cimus,
2166 644 2291 697 licet
2316 642 2469 697 nobis
2518 642 2680 696 insita
2718 642 2789 695 sit
2817 640 2883 695 ab
2919 640 3031 709 ipsa
3058 639 3376 694 natlvitate?
3410 638 3527 697 Non

1939 738 2114 793 solum
2161 739 2305 791 enim
2356 738 2497 807 ipsa,
2524 733 2618 791 sed
2675 736 2837 789 etiam
2886 733 3151 803 genitales
3196 732 3526 785 naturalium

1942 839 2123 883 motus
2155 828 2573 883 manifestantur
2609 827 2661 879 in
2694 825 3027 880 lactentibus
3062 824 3237 877 adhuc
3257 822 3522 893 parvulis.

1940 921 2135 993 Quare
2159 921 2323 988 igitur
2355 933 2454 972 nos
2495 919 2741 971 ultimum
2794 914 3047 986 ponimus
3098 917 3337 970 carnalis
3388 930 3523 969 con-

1942 1012 2293 1079 cupiscentize
2328 1011 2627 1064 morbum?
2658 1010 2791 1075 Quia
2830 1010 2917 1065 illa
2951 1019 3078 1063 sunt
3110 1021 3303 1063 natura
3364 1009 3523 1062 nobis

1940 1106 2106 1157 indita
2135 1121 2148 1168 ;
2187 1119 2273 1156 res
2302 1118 2467 1173 porro
2502 1105 2779 1156 naturales
2805 1118 2909 1156 non
2946 1114 3068 1156 sunt
3098 1102 3420 1172 culpabiles,
3456 1104 3524 1154 ab

1940 1198 2149 1266 optimo
2200 1196 2309 1249 Deo
2356 1196 2546 1259 facta,
2607 1206 2662 1247 ιιι
2709 1211 2800 1263 per
2833 1209 2927 1247 eas
2970 1194 3021 1246 in
3064 1194 3221 1246 bonis
3267 1195 3526 1261 cperil-us

1940 1288 2282 1342 ambulemus
2323 1305 2336 1341 :
2380 1303 2480 1341 nec
2523 1289 2683 1353 igitur
2734 1288 2968 1339 indicant
3007 1295 3357 1353 :cgrotantem
3410 1286 3526 1336 aui-

1943 1396 2110 1444 tnam,
2155 1380 2247 1433 sed
2286 1380 2335 1432 in
2379 1379 2729 1433 abutentibns
2763 1378 3068 1446 hujusmoili
3140 1376 3347 1431 indices
3380 1378 3532 1430 iittnt.

1943 1473 2075 1526 Cum
2112 1473 2279 1540 igitur
2310 1473 2651 1541 prudentiam
2687 1472 2870 1525 carnis
2903 1470 3230 1523 adhibemus
3271 1469 3339 1522 ad
3393 1484 3527 1523 con-

1940 1566 2330 1634 Cttpis‘celttias,
2355 1576 2481 1619 tunc
2507 1563 2643 1617 mala
2674 1564 2873 1631 passio,
2893 1573 2948 1616 et
2994 1562 3292 1617 carnalium
3318 1564 3529 1632 passio-

1943 1676 2069 1713 num
2103 1659 2245 1723 ious,
2280 1668 2334 1713 et
2370 1660 2568 1711 anima:
2607 1658 2829 1711 morbus
2856 1672 3013 1710 amor
3053 1657 3427 1724 voluptatum,
3460 1659 3531 1709 ita

1943 1764 1995 1808 ut
2023 1754 2129 1806 illis
2158 1753 2504 1820 passionihus
2533 1751 2705 1820 prima
2736 1752 2998 1805 :ti'liciatur
3022 1768 3195 1805 mens.
3233 1750 3357 1804 Ideo
3401 1766 3524 1803 enm

1944 1850 2009 1900 ab
2043 1849 2224 1900 animo
2260 1860 2493 1915 primum
2543 1845 2801 1913 incipiant
2833 1858 3009 1907 pravae
3045 1844 3355 1911 passiones,
3399 1842 3533 1893 dicit

1946 1936 2209 1991 Dominus
2244 1938 2310 1989 de
2358 1936 2521 1990 corde
2554 1937 2699 1988 exire
2723 1935 3085 2004 cogitationes
3109 1937 3301 1995 malas,
3340 1942 3394 1989 et
3419 1933 3537 1986 haec

1948 2044 2071 2083 esse
2129 2044 2248 2096 qiue
2303 2029 2661 2095 coinquinant
2721 2029 2998 2083 hominem
3060 2029 3126 2081 ⁸¹.
3163 2028 3229 2081 Ει
3294 2029 3539 2080 anterior

1945 2116 2235 2188 Evangelio
2285 2120 2365 2172 lcx
2434 2119 2536 2173 iert
2570 2136 2586 2175 ι
2632 2138 2649 2169 t
2691 2118 2834 2173 Cave
2870 2133 2937 2171 ne
2968 2118 3109 2174 forte
3138 2110 3398 2185 sr'brcpat
3444 2118 3539 2171 tibi

1947 2212 2087 2266 mala
2123 2212 2378 2278 cogitatio
2412 2222 2465 2264 et
2495 2215 2642 2264 dicas
2675 2214 2725 2263 in
2757 2213 2920 2268 corde
2950 2221 3063 2265 tuo.
3130 2214 3174 2243 ⁸³
3218 2230 3237 2261 ι
3277 2209 3540 2265 Stantem
3630 2222 3651 2233 ν

1949 2308 2166 2363 animus
2198 2305 2405 2374 primus
2442 2317 2525 2357 est
2566 2306 2655 2373 qui
2702 2304 2843 2358 male
2894 2302 3146 2369 amttitur,
3204 2307 3301 2357 hos
3354 2314 3537 2356 tamen

1948 2399 2183 2455 aﬂectus
2208 2398 2373 2453 habet
2395 2401 2462 2451 ah
2492 2398 2656 2461 inira,
2680 2413 2778 2466 per
2808 2414 3002 2451 sensus
3058 2398 3337 2469 impressis
3390 2397 3440 2449 in
3475 2410 3540 2450 eo

1951 2494 2279 2561 imaginibus
2324 2493 2668 2547 sensibilium
2715 2507 3030 2562 corporum,
3083 2502 3138 2545 et
3178 2492 3449 2561 praecipue
3477 2505 3542 2544 ac

1953 2584 2213 2653 primario
2246 2599 2339 2651 per
2373 2584 2585 2648 oculos,
2627 2584 2717 2652 qui
2756 2593 2986 2653 possunt
3006 2584 3140 2638 vela
3186 2585 3343 2653 longe
3387 2585 3542 2641 nefas

1955 2677 2257 2741 attrahere,
2289 2676 2355 2729 ad
2385 2677 2723 2729 abutendum
2757 2678 3046 2729 adducitur
3080 2694 3093 2733 :
3126 2677 3279 2745 cujus
3306 2679 3383 2733 rei
3426 2695 3545 2731 ma-

1958 2772 2218 2829 nifestum
2242 2770 2391 2823 dedit
2427 2769 2797 2823 testimonium
2833 2771 3006 2839 prima
3032 2785 3229 2838 parens
3258 2771 3381 2826 Eva.
3422 2773 3541 2826 Pri-

1957 2878 2105 2921 mum
2129 2864 2273 2916 enim
2308 2864 2438 2915 vidit
2462 2863 2750 2935 pulchrum
2778 2878 2899 2914 esse
2917 2864 3087 2916 oculis
3109 2874 3437 2932 aspectuque
3454 2867 3549 2918 de.

1956 2954 2228 3018 lectahile,
2250 2969 2302 3008 et
2326 2966 2451 3009 tunc
2468 2954 2821 3009 consentiens
2842 2956 3029 3018 corde,
3057 2955 3182 3007 tulit
3219 2966 3270 3009 et
3307 2958 3548 3009 comedit

1957 3048 2194 3101 fructum
2217 3049 2466 3101 vetitum.
2520 3048 2686 3101 [tecte
2734 3046 2898 3113 igitur
2918 3047 3153 3103 diximus
3175 3059 3349 3102 ortum
3370 3073 3400 3103 υ
3426 3067 3547 3104 cor-

1958 3155 2150 3211 porum
2190 3141 2593 3210 pulchritudine
2645 3151 2924 3209 peccatum
2946 3144 3251 3208 pra‘ccilere
3272 3146 3550 3197 etanteito

1962 3234 2210 3302 turpibus
2228 3235 2630 3301 cupiditatibus.
2654 3234 2776 3286 Ideo
2796 3234 2939 3290 Patr.
2961 3249 2986 3287 s
3005 3236 3320 3304 praecipiunt
3342 3254 3407 3291 ne
3430 3246 3553 3307 quis

1962 3326 2193 3380 aliorum
2246 3341 2538 3400 corporum
2582 3327 2833 3380 decorem
2887 3327 3126 3396 indaget,
3178 3344 3276 3384 nec
3328 3336 3552 3401 [κομι-ιι»

1962 3418 2287 3475 delectetur.
2318 3421 2587 3475 Caeterum
2623 3422 2870 3487 quamvis
2903 3421 3221 3477 libidinosas
3262 3427 3552 3490 cogitatio-

1962 3527 2079 3576 nes,
2136 3516 2414 3566 naturales
2472 3528 2770 3567 cernantur
2826 3515 2875 3566 in
2934 3516 3175 3582 parvulis
3236 3520 3550 3587 passionum

1966 3616 2167 3668 motus,
2206 3621 2309 3660 non
2350 3608 2847 3675 tameu'pertiuent
2882 3608 2945 3661 ad
2982 3620 3288 3677 peccatum,
3342 3614 3435 3665 sed
3488 3620 3553 3665 ad

1962 3710 2174 3757 natura:
2233 3700 2708 3763 constitutionem,
2774 3715 2870 3755 nec
2935 3703 3166 3771 proinde
3234 3713 3361 3758 tunc
3429 3706 3557 3760 mali

1962 3807 2109 3852 ευιιι.

2040 3888 2170 3951 Sed,
2200 3901 2320 3939 cum
2354 3884 2606 3939 carnales
2645 3886 2931 3951 passiones
2964 3888 3030 3939 ab
3058 3888 3221 3942 animi
3268 3888 3557 3945 affectibus

1963 3980 2229 4050 originem
2258 3977 2483 4040 ducant,
2510 3981 2577 4031 ab
2598 3979 2697 4033 hoc
2724 3980 2885 4033 etiam
2913 3984 3266 4036 certationem
3313 3985 3557 4054 incipi-rc

1972 4084 2209 4143 oportet.
2235 4071 2387 4125 Sicut
2411 4071 2555 4124 enim
2584 4072 2674 4139 qui
2704 4073 3016 4127 incendium
3038 4075 3387 4146 exstinguere
3422 4077 3560 4144 vult,

1968 4163 2301 4227 siﬂammam
2321 4162 2511 4215 dividit
2531 4164 2783 4230 desuper,
2804 4163 2937 4217 nihil
2956 4166 3203 4231 proliciti,
3228 4167 3272 4221 si
3293 4184 3423 4222 vero
3447 4184 3561 4221 ma-

1968 4256 2159 4312 teriam
2195 4256 2497 4319 subtrahat,
2534 4255 2717 4308 statim
2744 4255 2920 4324 ignem
2954 4257 3235 4312 imtninuit
3292 4275 3306 4317 ;
3336 4260 3460 4312 item
3493 4263 3559 4313 de

1968 4348 2257 4404 immundis
2278 4347 2688 4415 cupiditatibus,
2714 4349 2757 4400 si
2792 4363 2899 4401 non
2924 4347 3133 4405 fontem
3161 4354 3556 4421 cogitationum

1969 4441 2115 4494 intus
2168 4441 2461 4493 siccaveris
2494 4440 2741 4494 oratione
2775 4449 2829 4493 et
2861 4439 3189 4505 humilitate,
3213 4442 3307 4495 sed
3350 4443 3561 4513 jejunio

1970 4542 2175 4585 tantum
2209 4541 2262 4584 et
2304 4533 2673 4586 maceratione
2707 4532 2954 4601 corporis
2981 4541 3171 4588 contra
3208 4534 3331 4589 illas
3356 4551 3564 4605 pugna-

1902 4646 1943 4700 ι)
1976 4625 2144 4691 veris,
2179 4622 2376 4678 frustra
2406 4623 2657 4688 laboras;
2693 4624 2884 4678 sivero
2916 4624 3160 4679 radicem
3186 4630 3561 4683 sanctiticabis

1978 4718 2287 4774 humilitate
2318 4729 2371 4771 et
2403 4718 2673 4784 oratione,
2714 4727 2773 4772 ut
2821 4719 3081 4787 diximus,
3142 4722 3364 4777 habebis
3396 4725 3559 4777 etiam

1977 4812 2219 4867 exterius
2247 4812 2616 4866 sanetitatem.
2643 4813 2818 4880 Atque
2862 4812 2916 4869 id
2952 4812 3083 4867 mihi
3129 4814 3341 4868 videtur
3373 4815 3557 4871 doceri

1976 4904 2200 4961 oraculo
2245 4902 2489 4972 Apostoli
2536 4902 2783 4972 jubentis
2831 4918 2930 4956 nos
2983 4903 3307 4972 succingere
3354 4904 3565 4959 lumbos

1975 5002 2194 5055 nostros
2232 4994 2285 5047 in
2329 4993 2555 5047 veritate
2586 4992 2653 5057 ⁵³,
2690 4994 2834 5062 quod
2867 4994 3084 5063 quidam
3118 4991 3338 5049 Patrum
3366 4997 3444 5050 sic
3485 4998 3564 5049 in-
3648 5001 3653 5063 ἶ

1977 5096 2335 5157 terpretatur,
2367 5097 2427 5140 ut
2457 5087 2845 5157 contemplatio
2870 5088 3369 5157 concupiscentiam
3397 5092 3564 5157 repri-
3650 5081 3654 5087 ’

1976 5187 2109 5247 mat,
2151 5191 2204 5234 et
2236 5189 2548 5250 compescat
2585 5181 2888 5234 lumborum
2914 5192 2969 5235 et
3003 5183 3206 5235 ventris
3261 5186 3563 5250 passiones.

2049 5272 2197 5342 Opus
2248 5284 2333 5327 est
2384 5282 2563 5326 tamen
2601 5269 2819 5342 corp‘ori
2860 5275 3224 5327 maceratione
3273 5286 3326 5327 et
3366 5291 3567 5329 conve-

1976 5366 2148 5422 nienti
2180 5366 2426 5420 ciborum
2459 5369 2843 5436 temperantia,
2880 5382 2947 5420 ne
2978 5366 3250 5421 infrenum
3282 5369 3353 5423 sit
3398 5376 3450 5421 et
3484 5385 3569 5421 ra-

1976 5460 2122 5513 tione
2150 5458 2407 5516 validius.
2446 5458 2660 5513 Etenim
2698 5459 2955 5514 omnibus
2991 5462 3174 5516 carnis
3217 5461 3567 5531 passionibus

1951 5551 2107 5621 gnihil
2158 5552 2302 5606 aliud
2365 5554 2614 5607 medetur
2665 5566 2827 5621 quam
2884 5554 3160 5607 cruciatus
3215 5554 3463 5623 corporis
3518 5566 3570 5607 et

1973 5647 2151 5698 oratio
2204 5661 2271 5699 ex
2335 5642 2642 5701 hurnilitate
2693 5647 2877 5699 cordis
2928 5646 3244 5700 eﬂ‘ervens:
3295 5650 3440 5716 quod
3487 5658 3570 5701 est

1979 5740 2281 5807 spiritualis
2326 5750 2623 5809 paupertas
2655 5754 2818 5811 quam
2866 5741 3081 5795 beatam
3117 5742 3251 5795 dixit
3287 5740 3569 5796 DOminns.

346 5918 389 5948 ¹¹
431 5914 629 5969 Matth.
663 5930 753 5981 xv,
790 5914 875 5977 19,
904 5911 995 5967 20.
1076 5912 1121 5944 δ’
1154 5910 1309 5969 Deut.
1342 5928 1432 5982 xv,
1467 5914 1522 5971 9.
1600 5916 1648 5949 "
1672 5914 1872 5994 Ephes.
1904 5933 1976 5985 vr,
2010 5919 2065 5974 ti.
