4246 6464
761 461 888 527 1075

1978 448 2361 514 GREGURH
2397 449 2722 506 PALAME

3821 431 3968 494 1076

750 589 889 623 ('Itlllt
951 574 1238 640 evang-lim
1303 573 1548 638 prtecepti
1603 569 1935 635 complexus,
1982 575 2040 614 nt
2096 557 2427 622 dictutnAE

2293 557 2379 618 »Α
2408 567 2776 637 ὲξῆπται,κα“ι
2819 568 2924 620 ἀπ’)
2965 563 3163 630 ταύτης
3209 559 3321 627 ἔχει
3365 553 3866 620 συνυπακουόμενον
3902 549 3970 603 τὸ

751 681 851 720 ut,
884 668 1130 730 gratiam,
1171 665 1367 715 flumen
1402 659 1730 727 paupertatis
1780 672 1806 706 a
1858 657 2034 720 seipse
2074 648 2291 709 emittit,

755 773 976 820 I'r'gtlls
1021 757 1318 806 universam
1368 753 1554 803 faciem
1587 759 1743 800 terra:
1816 753 2031 804 nostra,
2065 737 2297 791 exterio-

754 862 861 895 rein
903 845 1147 897 videlicet
1197 844 1490 905 hominem,
1529 851 1582 894 et
1618 838 1758 890 hunc
1788 837 2048 889 virtutum
2085 827 2296 882 faciens

753 937 1072 1000 p.tt‘.t'ii5tltll.

821 1033 1056 1087 Quatuor
1100 1026 1259 1093 igitur
1307 1023 1606 1092 specierum
1641 1015 1939 1080 spiritealis
1969 1007 2297 1080 paupertatis

755 1132 1076 1182 :ttLtlttmqtte
1120 1116 1387 1181 proprium
1427 1119 1643 1178 generat
1695 1109 1922 1166 luctum,
1976 1099 2138 1156 simul
2167 1111 2289 1152 cum

755 1221 981 1271 congrua
1015 1206 1396 1258 consolatione.
1439 1201 1510 1254 Ex
1559 1197 1856 1252 voluntaria
1905 1192 2119 1262 quidem
2171 1202 2295 1242 cor-

755 1298 893 1360 poris
916 1305 1225 1363 paupertate
1246 1304 1298 1348 et
1321 1292 1645 1350 humilitate.
1670 1303 1790 1358 quae
1818 1295 1899 1339 est
1929 1283 2118 1346 fames,
2154 1280 2294 1343 sitis,

756 1387 1040 1447 insomnia,
1091 1395 1138 1437 et
1201 1384 1493 1452 generatim
1567 1379 1810 1448 corporis
1891 1372 2192 1428 iltvaletutlo
2243 1379 2298 1422 et

753 1493 1008 1540 mrumna,
1038 1488 1090 1530 et
1121 1479 1335 1543 insuper
1376 1474 1627 1527 meditata
1678 1481 1931 1523 sensuum
1981 1461 2245 1532 repressio
2280 1475 2294 1516 :

754 1585 816 1621 ex
840 1570 938 1629 his,
969 1571 1204 1634 inquam,
1229 1581 1332 1618 non
1361 1564 1536 1618 luctus
1567 1561 1918 1621 solummodo,
1949 1556 2037 1609 sed
2066 1564 2120 1609 et
2141 1553 2298 1606 lletns

755 1660 1007 1712 nascitur.
1071 1658 1221 1710 Sicut
1277 1657 1418 1708 enim
1478 1653 1763 1719 stupiditas
1824 1648 2198 1711 suiliditasque
2243 1650 2298 1696 et

753 1751 978 1804 durities
1013 1749 1190 1801 cordis
1223 1763 1288 1800 ex
1335 1746 1511 1812 quiete
1550 1743 1926 1809 voluptateque
1980 1752 2042 1789 ac
2091 1733 2299 1790 deliciis

748 1843 873 1894 oriri
921 1841 1115 1902 solent,
1164 1840 1232 1890 ita
1270 1852 1333 1892 ex
1381 1842 1709 1904 temperante
1767 1843 1822 1886 et
1854 1831 2158 1883 abstinente
2187 1827 2294 1878 vita

2402 651 2768 722 πνευματικὸν
2789 652 2882 703 καὶ
2905 647 3171 700 ἑκούσιον.
3205 646 3365 698 Ἀλλὰ
3396 645 3505 714 γάρ
3534 643 3732 712 ῐδωμεν
3753 684 3768 706 ν
3787 643 3902 704 πῶς
3936 645 3972 714 ἡ

2409 740 2722 812 μακαριστὴ
2752 740 2993 808 πτωχεία
3027 738 3087 790 τὸ
3125 737 3396 806 μακάριον
3449 736 3720 804 άπογεννᾷ
3754 735 3975 796 πένθος.

2468 830 2757 902 Τεττάρων
2794 827 2886 884 οὖν
2916 829 3071 882 εἱδῶν
3119 831 3216 898 τῆς
3267 826 3645 895 πνευματικῆς
3695 828 3980 895 πτωχείας

2399 922 2503 974 ὑπὸ
2530 919 2624 974 τοῦ
2653 921 2811 988 λόγου
2871 919 3068 989 μικρὸν
3098 918 3355 987 ἀνωτέρω
3405 917 3752 985 πεφηνότων,
3784 919 3883 985 τῆς
3915 922 3976 969 ἐν

2396 1012 2477 1083 τῷ
2503 1013 2833 1081 φρονήματι,
2878 1011 2976 1078 τῆς
3019 1011 3077 1062 ιν
3113 1009 3190 1078 τῷ
3239 1007 3473 1077 σώματι,
3519 1011 3617 1078 τῆς
3648 1011 3706 1060 ὲν
3734 1013 3800 1080 τῇ
3829 1011 3976 1063 κατὰ

2397 1106 2488 1155 τὸν
2515 1103 2629 1172 βίον
2666 1101 2976 1172 περιουσίᾳ,
3025 1103 3117 1153 καὶ
3142 1102 3240 1168 τῆς
3270 1102 3330 1152 ὲν
3361 1103 3475 1164 τοῖς
3503 1099 3705 1166 ἔξωθεν
3733 1104 3973 1170 ἐπερχοο

2401 1193 2580 1261 μένοις
2633 1195 2980 1261 πειρασμοῖς,
3020 1192 3209 1262 μηδεὶς
3242 1191 3297 1244 δὲ
3333 1188 3488 1260 ὑμῶν
3541 1190 3758 1243 ἀκούων
3797 1208 3976 1260 μεμε-

2396 1283 2665 1355 ρισμένως
2693 1283 2868 1336 ταῦτα
2915 1282 3340 1352 προστιθέντων,
3377 1283 3475 1335 καὶ
3497 1284 3596 1353 τὴν
3626 1285 3765 1337 κατὰ
3799 1286 3978 1337 ταῦτα

2396 1371 2592 1443 πρᾶξιν
2633 1371 3046 1442 μεμερισμένην
3079 1373 3349 1443 ὑπολάϐῃ.
3398 1374 3502 1427 Σὺν
3529 1375 3707 1434 ἄλλοις
3737 1376 3846 1442 γὰρ
3878 1394 3977 1427 πε-

2396 1463 2599 1532 φύκασι
2631 1464 2902 1516 τελεῖσθαι
2922 1480 2936 1494 ⁶
2967 1464 3047 1516 διὸ
3072 1466 3164 1517 καὶ
3194 1465 3531 1535 μακαρισμῷ
3557 1466 3974 1536 περιεκλείσθη-

2395 1571 2495 1608 σαν
2522 1555 2624 1620 ἑνὶ,
2657 1556 2774 1623 ἅμα
2791 1554 3112 1625 θαυμασίως
3136 1556 3498 1622 ὑποδείξαντι,
3527 1559 3619 1611 καὶ
3646 1560 3796 1610 ποῖόν
3822 1560 3974 1609 ἐστιν

2391 1643 2595 1697 ὡσανεὶ
2648 1645 2774 1713 ῥίζα
2825 1649 2918 1697 καὶ
2970 1647 3231 1717 πρόξενον
3268 1648 3378 1701 τῶν
3410 1648 3609 1710 ἄλλων,
3663 1648 3866 1718 δηλαδὴ
3914 1650 3976 1700 τὸ

2393 1736 2608 1805 πνεῦμα
2651 1736 2713 1788 τὺ
2741 1738 3031 1809 ἡμέτερον.
3065 1737 3238 1791 Τοῦτο
3277 1741 3384 1808 γάρ
3412 1740 3511 1808 τὴν
3546 1739 3639 1792 τοῦ
3676 1741 3996 1816 εύαγγελιη

2395 1831 2494 1883 κοῦ
2524 1831 2875 1901 κηρύγματος
2894 1833 3404 1902 ἑγκολπωσάμενον,
3427 1833 3501 1895 ὡς
3523 1835 3759 1902 εἴρηται,
3786 1833 3972 1902 χάριν,

747 1933 1001 1986 contritio
1028 1930 1205 1984 cordis
1243 1937 1297 1983 et
1330 1927 1690 1996 compunctio,
1729 1939 1845 1992 qua:
1879 1935 2090 1976 omnem
2121 1916 2298 1972 aufert
2325 1905 2369 1961 Β
2394 1937 2424 1972 τι

2325 1905 2369 1961 Β
2394 1919 2577 1992 πηγὴν
2605 1924 2876 1990 πτωχείας
2913 1923 3232 1976 ἀναδίδωσιν
3263 1925 3357 1991 ἀφ’
3387 1925 3602 1986 ἑαυτοῦ,
3641 1925 3976 1986 ποτίζουσαν

748 2021 1190 2085 amaritudinem,
1254 2031 1307 2072 et
1374 2018 1655 2072 suavitatis
1718 2014 1874 2067 alTert
1942 2012 2291 2065 hilaritatem.

749 2113 953 2165 Etenim
1011 2113 1212 2180 absque
1254 2108 1489 2163 contrito
1518 2106 1678 2161 corde
1729 2103 2060 2173 impossibile
2103 2112 2206 2163 est,
2238 2110 2296 2154 ut

744 2204 963 2262 dicitur,
1005 2201 1223 2256 liberari
1274 2215 1303 2254 a
1365 2200 1636 2268 nequitia;
1691 2197 1922 2250 conterit
1973 2205 2148 2248 autem
2199 2207 2296 2246 cor

747 2292 929 2359 triplex
980 2289 1333 2358 temperantia
1392 2305 1407 2342 ε
1460 2287 1664 2351 somni,
1717 2285 1845 2350 cibi,
1897 2296 1949 2338 et
1996 2284 2297 2354 c0rporalis

741 2383 959 2450 quietis.
1020 2381 1267 2436 Liberata
1320 2395 1482 2449 porro
1542 2381 1721 2433 anima
1774 2394 1869 2447 per
1917 2379 2059 2432 illam
2095 2377 2298 2431 contri-

744 2479 942 2528 tionem
975 2490 1002 2526 a
1036 2475 1272 2543 nequitia
1325 2483 1378 2526 et
1425 2473 1807 2533 amaritudine,
1853 2471 2074 2527 omnino
2106 2485 2297 2524 conse-

741 2567 924 2634 quitur
969 2567 1304 2636 spiritualem
1341 2564 1684 2628 suavitatem,
1718 2574 1772 2617 et
1814 2565 1925 2617 haec
1974 2572 2058 2617 est
2102 2577 2297 2616 conso-

738 2659 866 2710 latio
889 2667 1106 2724 propter
1123 2671 1280 2725 quam
1307 2657 1500 2710 beatos
1525 2656 1655 2710 dicit
1684 2653 1943 2708 Dominus
1975 2654 2065 2721 qui
2092 2655 2293 2722 lugent.

737 2750 826 2802 Ait
859 2749 1017 2801 etiam
1052 2747 1284 2802 Joannes
1317 2747 1404 2801 ille
1455 2748 1544 2816 qui
1595 2747 1888 2801 Climacem
1921 2747 2079 2800 nobis
2131 2745 2294 2812 spiri-

739 2841 936 2893 tualem
972 2840 1316 2893 sermonibus
1341 2839 1634 2892 aedificavit
1661 2854 1677 2892 ι
1715 2855 1734 2888 ι
1780 2839 1912 2891 Sitis
1943 2849 1998 2891 et
2029 2837 2295 2891 insomnia

735 2940 1024 2983 conterunt
1085 2946 1214 2992 cor,
1266 2931 1432 2983 corde
1492 2943 1674 2984 autem
1762 2930 1996 2983 contrito
2076 2927 2298 2981 cﬂluunt

735 3021 1000 3089 lacrymaz.
1056 3019 1152 3086 Qui
1190 3035 1316 3074 vero
1366 3031 1450 3074 est
1508 3030 1785 3089 expertus,
1843 3022 1893 3075 in
1950 3021 2034 3076 his
2090 3023 2291 3075 videbit

743 3115 905 3164 iisum
927 3111 1133 3165 scilicet
1158 3114 1400 3176 beatum,
1428 3128 1546 3179 qum
1569 3123 1650 3165 est
1678 3113 1978 3166 consolatio
2009 3129 2038 3165 a
2070 3113 2299 3167 Domino

733 3204 1019 3274 promissa.
1063 3223 1079 3254 ι
1121 3204 1196 3256 Ita
1238 3219 1301 3256 ex
1344 3215 1493 3274 grata
1549 3203 1655 3259 Deo
1690 3206 1933 3272 corporis
1987 3216 2299 3274 paupertate

735 3298 885 3346 beata
946 3294 1244 3347 consolatio
1299 3293 1603 3362 lugentibus
1650 3296 1839 3347 oritur.
1876 3293 1950 3346 Ex
1984 3305 2297 3364 paupertate

737 3400 862 3438 vero
887 3386 1082 3438 mentis
1102 3395 1152 3437 et
1182 3385 1364 3438 divina
1399 3386 1596 3439 anima:
1630 3387 1958 3450 humilitate,
1983 3391 2295 3457 quomodo?

806 3474 1171 3529 Humilitatem
1205 3476 1393 3529 anitnte
1447 3479 1734 3530 comitatur
1790 3493 2003 3546 semper
2040 3481 2121 3532 sui
2157 3495 2291 3534 con-

737 3569 1000 3635 temptio:
1039 3568 1151 3620 hazc
1198 3577 1382 3621 autem
1445 3569 1513 3620 ab
1566 3569 1722 3621 initio
1750 3572 1799 3621 in
1845 3585 2019 3638 ptena:
2051 3571 2296 3626 timorem

737 3659 960 3710 multum
999 3659 1328 3724 extenditur,
1361 3660 1538 3712 oculis
1566 3661 1827 3713 exhibens
1861 3664 2297 3717 adversariorum

736 3749 1052 3802 horribilem
1090 3750 1154 3800 ad
1183 3751 1341 3803 unius
1371 3759 1696 3803 tormentum
1731 3755 2216 3820 concertationem,
2243 3766 2299 3810 et

736 3844 910 3895 adhuc
939 3841 1278 3906 formidinem
1310 3860 1510 3911 augens
1530 3862 1591 3898 ex
1619 3860 1682 3897 eo
1719 3847 1860 3914 quod
1897 3849 2031 3901 sciat
2080 3865 2296 3917 poenam

739 3933 884 3986 illam
939 3947 1057 3986 esse
1095 3931 1420 3986 iiieﬂabileiti
1473 3946 1526 3988 et
1580 3935 1726 3989 dicto
1780 3938 2200 4005 terribiliorem;
2245 3950 2299 3992 et

738 4030 958 4094 insuper
986 4024 1102 4093 ejus
1120 4027 1392 4078 aeternitas
1427 4036 1686 4093 quantum
1716 4030 1863 4081 addit
1889 4031 2003 4098 ejus
2047 4035 2252 4085 horrori
2279 4035 2294 4088 ί

736 4117 893 4169 Calor
924 4119 1066 4170 enim
1127 4125 1182 4169 et
1245 4116 1440 4185 frigus,
1494 4118 1667 4184 caligo
1725 4128 1779 4172 et
1820 4121 1982 4189 ignis,
2034 4136 2210 4177 motus
2245 4135 2298 4178 et

742 4207 924 4269 statio,
983 4207 1192 4258 vincula
1221 4217 1272 4259 ct
1319 4208 1591 4271 tet'iicula,
1643 4220 1696 4262 et
1742 4211 1973 4263 ferarum
2023 4213 2300 4265 immorta-

738 4301 862 4350 lium
896 4314 1132 4363 morsus,
1163 4301 1213 4351 in
1255 4315 1420 4352 unum
1461 4313 1726 4370 coguntur
1757 4303 1822 4356 ad
1867 4305 1968 4356 ista
2010 4307 2295 4374 supplicia.

736 4392 802 4443 Et
839 4391 919 4444 sic
959 4405 1022 4443 ne
1053 4391 1404 4443 adninliralur
1430 4397 1642 4461 quidem
1691 4395 1966 4449 horribilis
2000 4398 2084 4450 illa
2113 4413 2296 4466 piens,

734 4501 892 4544 cum,
945 4493 1000 4534 ut
1071 4485 1329 4550 scriptum
1385 4497 1464 4537 est
1505 4487 1572 4547 ⁵⁷,
1616 4507 1632 4536 ι
1669 4486 1774 4539 Nec
1829 4490 1878 4539 in
1925 4507 2017 4541 cor
2069 4491 2299 4544 hominis

2392 2015 2501 2066 πᾶν
2523 2015 2583 2065 τὸ
2606 2015 2898 2083 πρόσωπον
2951 2015 3049 2084 τῆς
3083 2016 3185 2084 γῆς
3224 2015 3377 2084 ἡμῶν
3405 2031 3416 2042 ·
3451 2015 3542 2067 τὸν
3574 2015 3679 2079 ἔξω
3724 2015 3975 2084 δηλονότι

2391 2105 2672 2178 ἄνθρωπον
2695 2122 2706 2134 ·
2737 2107 2830 2158 καὶ
2864 2108 3193 2175 παράδεισον
3223 2108 3436 2178 ἀρετῶν
3471 2107 3753 2160 ἀποτελῶν
3778 2107 3967 2160 αὐτόν.

2391 2198 2682 2271 Τεττάρων
2736 2199 2829 2254 οὖν
2882 2201 3040 2253 εἱδῶν
3095 2202 3196 2269 τῆς
3259 2202 3638 2271 πνευματικῆς
3696 2201 3976 2269 πτωχείας

2392 2287 2765 2357 ὑπαρχόντων,
2826 2289 2920 2359 ἀφ’
2969 2291 3201 2344 ἑκάστου
3254 2291 3459 2344 τούτων
3523 2292 3583 2342 τὸ
3631 2290 3974 2359 κατάλληλον

2390 2381 2646 2446 γεννᾶται
2673 2381 2891 2445 πένθος,
2938 2382 3080 2451 μετὰ
3116 2384 3216 2450 τῆς
3257 2383 3643 2453 προσηκούσης
3677 2382 3972 2452 παρακλή-

2393 2483 2551 2532 σεως,
2600 2469 2837 2522 αὐτίκα·
2886 2471 2973 2523 διὰ
3027 2471 3127 2540 μὲν
3180 2471 3278 2541 τῆς
3328 2473 3580 2526 ἑκουσίου
3645 2472 3974 2541 σωματικῆς

2393 2560 2667 2629 πτωχείας
2727 2564 2821 2614 καὶ
2870 2562 3275 2628 ταπεινώσεως,
3331 2565 3455 2632 ἥτις
3510 2566 3627 2616 ἐστὶ
3663 2568 3843 2628 πεῖνα,
3878 2565 3975 2616 καὶ

2391 2650 2548 2720 δίψα,
2604 2653 2697 2705 καὶ
2750 2656 3074 2722 ἀγρυπνία,
3125 2657 3219 2708 καί¹
3272 2656 3460 2719 ἁπλῶς
3519 2659 3812 2725 κακουχία,
3877 2659 3974 2710 καὶ

2393 2743 2739 2797 κακοπάθεια
2817 2745 3115 2816 σώματος’
3149 2748 3243 2800 καὶ
3312 2747 3447 2816 πρὸς
3497 2747 3712 2810 τούτοις
3773 2751 3807 2817 ἡ
3875 2751 3974 2802 σὺν

2393 2831 2537 2904 λόγῳ
2596 2836 2827 2905 συστολὴ
2870 2836 2980 2888 τῶν
3031 2838 3375 2907 αἰσθήσεων·
3419 2841 3483 2889 ὲκ
3511 2837 3716 2890 τούτων
3765 2837 3972 2900 τοίνυν,

2391 2926 2453 2977 ού
2501 2926 2693 2989 πένθος
2742 2927 2927 2990 ἁπλῶς
2961 2930 3120 2998 μόνον
3146 2968 3160 2992 ,
3209 2928 3344 2981 ἀλλά
3377 2929 3475 2980 καὶ
3513 2929 3725 2998 δάκρυα
3756 2929 3975 2980 τίκτον-

2387 3035 2500 3071 ται.
2552 3018 2820 3090 Καθάπερ
2867 3021 2976 3089 γὰρ
3028 3021 3355 3089 ἁναλγησία,
3400 3021 3494 3072 καί⁷
3556 3021 3838 3088 πώρωσις,
3877 3023 3973 3072 καὶ

2394 3110 2698 3180 σκληρότης
2749 3113 2992 3181 καρδίας,
3048 3113 3106 3176 ἐξ
3158 3114 3428 3176 ἀνέσεως,
3472 3113 3564 3163 καὶ
3602 3113 3837 3182 τρυφῆς,
3876 3115 3976 3165 καὶ

2394 3203 2688 3266 εὐπαθείας
2741 3205 3022 3257 τίκτεσθαι
3071 3205 3406 3273 πεφύκασιν,
3458 3204 3629 3267 οὕτως
3675 3203 3734 3268 ἐξ
3761 3208 3976 3274 ἐγκραο

2391 3292 2520 3354 τοῦς
2549 3296 2644 3347 καὶ⁵
2680 3295 3120 3364 συνεσταλμένης
3150 3297 3330 3367 διαίτη
3347 3316 3384 3359 τ,
3444 3297 3704 3367 συντριϐῇ
3740 3298 3976 3366 καρδίας

2393 3385 2486 3434 καὶ
2542 3385 2868 3450 κατάνυξις,
2926 3388 3154 3456 πικρίας
3207 3391 3386 3457 πάσης
3426 3389 3831 3459 άποτρεπτικὴ,
3878 3391 3975 3444 καὶ

2393 3474 2650 3541 γλυκείας
2683 3476 3000 3547 ίλαρότητος
3033 3481 3366 3549 παρεκτική.
3401 3481 3509 3533 Καὶ
3540 3480 3648 3549 γὰρ
3679 3482 3808 3534 ἄνευ
3842 3498 3975 3533 συν-

2390 3567 2636 3637 τριμμοῦ
2685 3569 2913 3640 καρδίας
2967 3570 3267 3636 ἀδύνατον,
3325 3577 3525 3640 φησὶν,
3587 3573 3975 3643 ἀπαλλαγῆναι

2393 3659 2623 3720 κακίας·
2674 3660 2950 3730 συντρίϐει
2997 3661 3054 3713 δὲ
3093 3662 3322 3730 καρδίαν
3352 3664 3385 3731 ἡ
3432 3664 3704 3733 τριμερὴς
3762 3665 3974 3734 ἐγκρά-

2389 3765 2543 3802 τεια·
2579 3751 2769 3816 ὕπνου,
2818 3753 2910 3803 καὶ
2947 3755 3176 3821 τροφῆς,
3215 3754 3311 3805 καὶ
3345 3754 3666 3822 σωματικῆς
3707 3755 3974 3817 ἀνέσεως.

2405 3839 2804 3907 ’Λπαλλαγεῖσα
2847 3843 2904 3895 δὲ
2951 3844 3098 3913 ψυχὴ
3148 3843 3235 3895 διὰ
3274 3847 3371 3913 τῆς
3425 3846 3716 3913 συντριὸῆς
3767 3847 3976 3914 ταύτης

2392 3933 2586 3992 κακίας
2609 3933 2703 3983 καὶ
2732 3933 2976 4002 πικρίας,
3007 3933 3401 4001 άντιλαμδάνει
3435 3933 3656 3995 πάντως
3677 3935 3776 4004 τὴν
3809 3950 3978 3985 πνευ-

2396 4025 2631 4092 ματικὴν
2667 4024 2934 4094 θυμηδίαν
2959 4040 2972 4053 ·
3003 4030 3093 4076 καὶ
3127 4024 3286 4076 τοῦτό
3329 4027 3479 4077 ἐστιν
3521 4029 3555 4094 ἡ
3591 4025 3974 4095 παράκλησις,

2391 4116 2459 4169 δι’
2488 4117 2555 4186 ἢν
2581 4118 2706 4178 τοὺς
2734 4114 3067 4179 πενθοῦντας
3096 4118 3394 4187 μακαρίζει
3424 4121 3451 4169 ὁ
3484 4118 3710 4188 Κύριος.
3741 4120 3883 4188 Φησὶ
3917 4119 3972 4171 δὲ

2393 4210 2485 4261 καὶ
2542 4207 2793 4276 Ἰωάννης
2830 4211 2859 4262 ό
2890 4208 2989 4278 τὴν
3045 4207 3131 4260 διὰ
3182 4208 3355 4277 λόγων
3397 4211 3778 4279 πνευματικὴν
3840 4214 3977 4280 ἡμῖν

2391 4301 2716 4368 δειμάμενος
2748 4299 3040 4370 Κλίμακα·
3073 4298 3212 4368 Δίψα
3237 4301 3332 4352 καὶ
3365 4301 3643 4370 ἀγρυπνία
3683 4301 3978 4371 ἐξιθλιψαν

2395 4392 2622 4460 καρδίαν
2643 4408 2656 4421 ·
2689 4391 2916 4462 καρδίας
2947 4391 3004 4444 δὲ
3030 4391 3328 4461 θλιδείσης,
3365 4391 3706 4461 ἐξεπήδησαν
3737 4393 3975 4464 δάκρυα.

2403 4485 2463 4536 '0
2493 4484 2550 4536 δὲ
2581 4483 2907 4552 δοκιμάσας,
2976 4485 3131 4553 φησὶ,
3204 4484 3428 4551 γελάσει
3473 4487 3531 4537 ὲν
3566 4485 3782 4546 τούτοις
3812 4527 3827 4550 ,
3884 4488 3979 4540 τὸν

735 4574 975 4625 ascendit
1009 4591 1026 4624 ι
1067 4577 1198 4642 quid
1238 4577 1307 4627 sit
1355 4577 1559 4630 inutilis
1596 4579 2104 4652 inconsolabilisque
2129 4595 2182 4635 et
2213 4586 2292 4635 in-
2326 4592 2369 4647 υ
2397 4585 2412 4646 ε

2326 4592 2369 4647 υ
2397 4578 2666 4646 μακάριον
2695 4577 2939 4646 δηλονότι
2987 4577 3226 4643 γέλωτα,
3257 4577 3659 4647 παρακληθεὶς,
3689 4579 3766 4640 ὡς
3797 4582 3826 4632 ὁ
3863 4581 3978 4646 Κύ-

735 4667 1091 4719 terminabilis
1118 4667 1203 4718 ille
1229 4667 1426 4720 luctus.
1458 4668 1552 4722 llis
1587 4671 1731 4723 enim
1757 4675 1846 4740 qui
1881 4675 1931 4725 iu
1965 4674 2133 4727 Deum
2170 4691 2297 4743 pec-

735 4769 1015 4819 caverunt,
1051 4772 1118 4812 ex
1165 4758 1491 4812 oﬂeusaruin
1546 4766 1733 4816 notitia
1785 4766 1962 4820 lurtus
2001 4769 2292 4822 excitatur.

736 4852 848 4906 Iilis
878 4851 1042 4919 igitur
1082 4852 1346 4918 reprobis,
1390 4852 1531 4906 dulei
1569 4870 1662 4922 spe
1694 4856 1869 4911 ablata
1914 4868 1970 4914 et
2014 4861 2296 4930 desperata

737 4944 931 5004 salute.
990 4943 1215 4997 invitum
1270 4959 1536 5014 quemque
1585 4951 1904 5004 remordena
1968 4955 2298 5009 conscientia

737 5032 885 5085 luctu
919 5034 1158 5100 ingravat
1202 5044 1477 5102 urgentem
1527 5037 1788 5092 dolorem.
1841 5039 1908 5092 Et
1973 5043 2059 5095 hic
2113 5059 2300 5098 rursus

744 5134 801 5178 et
851 5140 1065 5192 semper
1121 5127 1318 5191 luctus,
1382 5136 1563 5195 utpote
1632 5146 1904 5200 nunquam
1963 5147 2298 5204 cessaturus,

739 5217 859 5272 novi
915 5217 1092 5272 luctus
1125 5219 1180 5270 lit
1227 5221 1401 5287 origo,
1432 5232 1486 5274 et
1517 5222 1622 5275 alia
1684 5233 1816 5277 tetra
1850 5227 2044 5296 caligo,
2075 5241 2130 5283 et
2152 5231 2299 5286 calor

741 5311 856 5362 sine
889 5311 1190 5378 relrigerio,
1216 5323 1270 5364 et
1298 5313 1529 5381 abyssns
1574 5316 1965 5384 desperationis
1998 5322 2227 5377 inﬁnita.

812 5401 962 5454 Nunc
1009 5417 1136 5455 vero
1192 5403 1368 5456 luctus
1426 5407 1643 5460 maximi
1698 5420 1779 5461 est
1799 5412 1958 5477 pretii
1993 5426 2007 5465 :
2039 5416 2300 5480 pr0pitius

743 5493 885 5544 enim
920 5495 1139 5546 exaudit
1169 5493 1324 5556 Deus,
1381 5498 1468 5565 qui
1500 5498 1564 5552 ad
1616 5514 1713 5552 nos
1744 5505 2038 5558 visitandos
2069 5506 2300 5560 descem

745 5585 841 5649 ilit,
878 5595 932 5637 et
959 5588 1035 5637 sic
1069 5587 1373 5653 lugentibus
1428 5593 1674 5656 promisit
1712 5596 2158 5662 consolationem,
2195 5603 2302 5653 sci-

746 5675 872 5729 licet
896 5679 1149 5746 seipsum,
1182 5682 1270 5747 qui
1327 5681 1626 5738 Paraclitus
1655 5699 1809 5742 estet
1839 5701 2075 5745 vocatur.
2111 5692 2302 5755 Vidisti

825 5856 866 5886 "
907 5856 1080 5914 lCor.
1125 5879 1180 5930 ιι,
1235 5865 1281 5917 9.

2395 4686 2504 4738 ριος
2533 4670 2916 4737 ἐπηγγείλατο.
2954 4670 3064 4722 Καὶ
3094 4670 3204 4721 άπὸ
3241 4669 3340 4736 μὲν
3364 4670 3462 4738 τῆς
3495 4671 3551 4720 ὲν
3597 4668 3814 4737 σώματι
3854 4672 3979 4724 θεο-

2393 4762 2581 4830 φιλοῦς
2621 4763 2918 4830 πτωχείας,
2951 4763 3012 4814 τὸ
3048 4761 3402 4830 μακαριστῶς
3457 4763 3822 4831 παρακαλοῦν
3850 4767 3979 4828 τοὺς

2393 4855 2766 4926 κεκτημένους
2792 4855 3010 4919 πένθος,
3043 4853 3216 4917 οὕτως
3272 4854 3385 4923 ἔχει
3429 4854 3530 4925 τὴν
3559 4853 3798 4921 γένεσιν.
3846 4857 3982 4910 Ἄπι»

2392 4949 2448 5001 δὲ
2481 4948 2576 5000 τοῦ
2608 4948 3014 5016 κατεπτηχότος
3049 4935 3414 5016 φρονήματος,
3455 4947 3549 4999 καὶ
3583 4946 3680 5015 τῆς
3709 4949 3856 5001 κατά
3885 4951 3982 5017 ψυ-

2394 5047 2493 5116 χὴν
2520 5043 2704 5096 ἐνθέου
2725 5041 3128 5106 ταπεινώσεως,
3167 5041 3320 5106 πῶς;
3355 5041 3421 5093 Ἦ
3456 5041 3812 5111 αὑτομεμψία
3848 5049 3980 5099 σύν-

2395 5155 2546 5190 εστιν
2591 5137 2680 5190 ἀεὶ
2713 5141 2779 5207 τῇ
2836 5135 3170 5189 ταπεινώσει
3206 5136 3303 5204 τῆς
3348 5135 3564 5205 ψυχῆς
3614 5133 3758 5205 αὕτη
3801 5137 3860 5189 δὲ
3887 5139 3981 5191 τὸν

2393 5233 2492 5302 τῆς
2542 5234 2811 5295 κολάσεως
2860 5232 3022 5301 φόϐον
3053 5233 3152 5302 τὴν
3186 5230 3361 5302 ἀρχὴν
3401 5231 3820 5284 ἐπανατείνεται
3855 5249 3984 5300 σφο-

2394 5327 2570 5397 δρῶςο
2608 5327 2714 5396 πρὸ
2774 5324 3069 5394 ὀφθαλμῶν
3139 5306 3412 5388 ποιοῦσα,
3445 5325 3543 5394 τὴν
3600 5324 3658 5390 ἐξ
3714 5325 3981 5378 ἐναντὲων

2397 5419 2634 5486 ἐκείνην,
2656 5421 2734 5478 εἰς
2758 5417 2874 5478 ἐνὸς
2895 5415 3255 5485 κολαστηρίου
3277 5414 3725 5485 φρικωδεστάτην
3752 5414 3982 5485 συνδρο-

2402 5511 2544 5581 μήνο
2599 5511 2692 5562 καὶ
2722 5511 2802 5560 ἐτι
2843 5507 3166 5577 προσθήκην
3213 5505 3308 5558 τοῦ
3339 5507 3495 5568 δέους
3545 5505 3879 5574 ἐμποιοῦσα,
3918 5512 3983 5558 ἐκ

2397 5602 2491 5655 τοῦ
2528 5601 2817 5672 μανθάνειν
2851 5603 3087 5671 ἄρρητον
3123 5601 3342 5666 ἐκείνην
3389 5595 3579 5660 οὖσαν,
3622 5598 3698 5661 ώς
3737 5600 3836 5651 καὶ
3872 5601 3983 5652 τῶν

2401 5692 2706 5761 εἰρημένων
2759 5692 3067 5760 δεινοτέραν
3091 5709 3104 5721 ·
3148 5690 3206 5742 τὸ
3236 5689 3292 5741 δὲ
3327 5685 3698 5759 ’ἀτελεύτητον
3759 5693 3982 5760 ἐκείνης
