4246 6464
322 460 463 521 ἶοττ

1430 474 1526 532 DE
1569 474 1909 534 MENTALI
1958 478 2444 547 QUIETUDINE

3432 491 3561 549 1078

323 593 506 653 alOzg,
542 594 639 660 ὅση
674 592 959 661 προσθήκη
985 592 1094 652 τοῖς
1121 590 1333 651 δεινοῖςῐ
1375 590 1608 646 Καύσων
1642 592 1768 661 γὰρ,
1800 586 1892 640 καὶ
1924 603 1963 651 Α
1996 613 2000 638 4

1881 591 1892 638 ’t
1924 603 1963 651 Α
1996 600 2171 646 ortum
2206 611 2269 648 ex
2303 598 2482 651 anima
2523 598 2805 654 humiliata
2842 600 3065 664 luctum,
3112 612 3159 655 et
3203 603 3475 656 Sttlmrlaltt
3508 608 3558 658 ei

322 684 396 751 eo
417 700 517 750 (ος,
552 685 643 734 καὶ
674 684 884 747 σκότος,
927 684 1020 733 καὶ
1077 681 1209 749 πῦρ,
1239 681 1332 731 καὶ
1362 682 1521 749 φορὰ,
1552 684 1645 734 καὶ
1682 684 1889 745 στάσις,

319 772 501 840 δεσμά
528 789 583 823 τε
614 770 708 824 καὶ
735 772 985 840 δείματα,
1017 771 1106 821 καὶ
1129 768 1331 837 θηρίων
1353 770 1592 833 ἀειζώων
1615 770 1883 839 δήγματα,

320 900 425 933 κατ
465 884 682 953 ἐκείνην
705 888 784 945 εἰς
808 884 865 937 ἓν
894 886 1184 952 συνάγεται
1205 885 1299 955 τὴν
1320 884 1638 953 καταδίκην.
1656 883 1765 936 Καὶ
1784 883 1877 935 οῦδ

316 974 493 1033 οὕτως
550 970 665 1027 οἷον
722 978 900 1029 ἐκεῖνο
950 976 1011 1030 τὸ
1058 976 1230 1029 δεινὸν
1262 978 1615 1045 παρίσταται,
1642 976 1784 1027 κατὰ
1833 983 1892 1028 τὸ

315 1065 728 1133 γεγραμμένον,
746 1066 841 1117 ἐπὶ
870 1065 994 1118 νοῦν
1014 1068 1113 1119 οὐκ
1137 1065 1477 1137 ἀναδεδηκδς
1496 1064 1593 1117 ἀνθ
1604 1063 1811 1134 ρώπου.
1828 1064 1893 1115 Τί

318 1156 385 1224 δὴ
407 1155 467 1206 τὸ
496 1156 757 1224 ἀνόνητον
783 1156 878 1209 καὶ
916 1158 1305 1227 ἀπαράκλητον
1335 1157 1430 1209 καὶ
1461 1157 1695 1224 ἄληκτον
1719 1156 1896 1207 έκεῖνο

317 1242 554 1309 πένθος;
587 1245 714 1307 Τοῖς
747 1244 860 1315 γὰρ
892 1248 970 1309 είς
1004 1246 1138 1299 Θεὸν
1177 1246 1536 1315 ἁμαρτοῦσιν,
1570 1247 1631 1297 ὲκ
1664 1245 1758 1313 τῆς
1786 1243 1894 1295 τῶν

314 1338 700 1407 ἑπταισμένων
756 1339 1106 1406 ἐπιγνώσεως
1166 1341 1399 1390 κινεῖται
1459 1338 1691 1402 πένθος;
1750 1337 1895 1388 Ἐκεῖ

309 1428 493 1480 τοίνυν
543 1428 951 1498 ἑληλεγμένοις,
1004 1430 1230 1498 καὶτῆς
1273 1429 1644 1500 χρηστοτέρας
1678 1428 1890 1490 ὲλπεδος

310 1521 690 1592 ἀνῃρημένης,
716 1522 811 1574 καὶ
840 1522 936 1592 τῆς
967 1520 1238 1591 σωτηρίας
1268 1522 1724 1590 ἀπεγνωσμένης,
1749 1522 1777 1573 ὁ
1798 1520 1891 1572 τοῦ

310 1611 618 1673 συνειδότος
649 1612 757 1664 τότ’
797 1612 1054 1676 ἀκούσιος
1086 1613 1329 1683 ἐλεγχος,
1358 1612 1576 1682 ἑκάστῳ
1606 1612 1890 1664 πολυπλα-

311 1703 492 1765 σιάζει
513 1704 593 1773 τῷ
621 1704 833 1767 πένθει,
858 1704 959 1775 τὴν
992 1705 1352 1774 ἐπικειμένην
1376 1704 1570 1775 ὀδύνην
1589 1722 1602 1735 ·
1632 1707 1726 1757 καὶ
1747 1704 1892 1757 τοῦτ’

306 1789 467 1854 αὖθις
507 1794 600 1846 καὶ
643 1794 732 1846 ἀεὶ
777 1794 843 1847 τὸ
878 1794 1097 1859 πένθος,
1152 1794 1228 1858 ὡς
1270 1794 1469 1866 μηκέτι
1527 1797 1890 1864 παυσόμενον,

306 1886 500 1957 ἑτέρου
550 1886 782 1952 πένθους
832 1887 1055 1957 ἀφορμὴ
1096 1888 1345 1955 γίνεται⁶
1388 1888 1483 1941 καὶ
1536 1888 1725 1950 σκότος
1765 1887 1892 1940 ἄλλο

304 1976 505 2039 δεινὸν,
544 1978 639 2031 καὶ
682 1977 903 2040 καύσων
937 1976 1399 2049 ἀψυχαγώγητος,
1432 1978 1530 2031 καὶ
1558 1978 1729 2049 βυθὸς
1763 1979 1893 2031 ἀθυ-

310 2072 443 2139 μίας
471 2073 776 2143 ἀμήχανος.
826 2058 1096 2127 Ἐνταῦθα
1129 2072 1194 2145 δὴ
1223 2074 1286 2126 τὸ
1318 2074 1517 2141 πένθος
1545 2074 1711 2127 τοῦτο
1735 2074 1889 2128 λυσι-

303 2162 652 2217 τελέστατον.
686 2163 871 2228 Ἴλεως
904 2165 1016 2235 γὰρ
1060 2164 1323 2218 ἐπακούει
1354 2164 1485 2231 Θεός
1509 2182 1523 2196 ·
1558 2166 1633 2228 ὡς
1662 2169 1755 2220 καὶ
1792 2166 1889 2234 μέ-

304 2272 432 2325 χρις
465 2256 624 2325 ἡμῶν
673 2257 945 2327 κατῆλθεν
996 2256 1448 2327 ἐπισκεψόμενος,
1484 2258 1574 2314 καὶ
1604 2262 1716 2323 τοῖς
1749 2258 1891 2312 οὕτω

303 2348 601 2401 πενθοῦσιν
630 2349 1001 2418 ἐπηγγείλατο
1028 2349 1128 2420 τὴν
1158 2350 1537 2420 παράκλησιν
1567 2352 1714 2422 ἤπερ
1743 2353 1889 2404 ἐστὶν

301 2441 466 2504 αὐτὸς
499 2441 861 2511 Παράκλητός
890 2458 948 2494 τε
980 2440 1055 2493 ὢν
1086 2441 1180 2495 καὶ
1230 2440 1586 2511 καλούμενος.
1615 2438 1768 2506 Εἶδες
1795 2446 1889 2496 καὶ

300 2532 365 2584 τὸ
396 2534 549 2603 παρά
600 2534 1081 2603 τεταπεινωμένης
1132 2534 1315 2603 ψυχῆς
1368 2534 1587 2598 πένθος,
1642 2536 1737 2589 καὶ
1790 2538 1890 2605 τὴν

300 2623 701 2693 ἐπιγινομένην
743 2623 1132 2694 παράκλησιν;
1182 2625 1343 2679 Ἀλλά
1376 2626 1485 2693 γὰρ
1531 2626 1625 2680 καὶ⁵
1661 2628 1695 2697 ἡ
1730 2627 1890 2681 αὑτυ·

303 2714 523 2785 μεμψία
558 2715 696 2785 μόνη
724 2715 847 2770 καθ’
873 2715 1066 2786 αὐτὴν,
1099 2715 1291 2785 ῶσπερ
1322 2734 1374 2769 τι
1402 2716 1569 2790 βάρος
1600 2718 1788 2789 νοητὸν
1812 2718 1889 2789 τῷ

300 2810 648 2881 λογιζομένῳ
682 2810 993 2881 τῆςψυχῆς
1042 2812 1358 2865 επιτεθείσα
1410 2813 1508 2865 καὶ
1566 2813 1884 2881 χρονίσασα,

300 2903 586 2974 συντρίϐει
616 2905 710 2955 καὶ
741 2903 941 2969 πιέζει,
973 2903 1070 2957 καὶ
1100 2904 1191 2957 τὸν
1218 2899 1362 2956 οῐνον
1388 2903 1627 2957 ἐκθλίϐει
1661 2905 1754 2958 τὸν
1778 2922 1888 2957 σω-

294 2997 514 3068 τὴριον,
558 2997 652 3050 τὸν
686 2996 1050 3067 εὐφραίνοντα
1098 2996 1327 3067 καρδίαν
1362 2995 1650 3068 ἀνθρώπου
1678 3035 1697 3063 ,
1726 3014 1885 3049 τουτ-

294 3088 418 3141 έστι
470 3088 564 3140 τὸν
595 3088 747 3151 ἐντὸς
796 3086 954 3158 ήμῶν
1000 3086 1309 3157 ἄνθρωπον.
1358 3083 1513 3150 Οἶνος
1542 3086 1600 3140 δὲ
1644 3087 1886 3150 τοιοῦτός

294 3180 449 3231 ἐστιν
475 3180 510 3245 ἡ
544 3178 838 3247 κατάνυξις
866 3195 882 3211 ο
920 3179 1262 3233 συνεκθλίϐει
1296 3178 1406 3249 γὰρ
1454 3178 1533 3249 τῷ
1574 3178 1761 3232 πένθει
1790 3183 1886 3234 καὶ

1996 686 2444 742 Consolationem.
2500 688 2711 742 Etenim
2765 693 2844 744 sui
2896 692 3173 759 despectio
3211 696 3321 747 sola
3355 712 3446 762 per
3478 712 3563 749 se-

1996 771 2189 839 ipsatn,
2226 776 2380 843 quasi
2419 778 2656 832 torcular
2700 782 2984 848 spirituale
3021 785 3315 837 intellectui
3369 788 3563 839 aniuue

1995 862 2202 917 instans
2249 876 2301 919 et
2333 869 2671 931 incumbens,
2702 872 2933 924 conterit
2960 888 3020 927 ac
3053 877 3265 942 premit,
3302 888 3351 929 et
3380 879 3559 929 vinum

1992 955 2245 1020 ειριὶιιιιι
2274 958 2508 1013 salutare
2530 962 2671 1030 quod
2705 962 2940 1016 laetiﬁcat
2967 981 3061 1017 cor
3095 968 3352 1029 hominis,
3384 969 3432 1019 id
3457 978 3558 1031 est,

1996 1048 2311 1102 interiorem
2360 1061 2600 1106 nostrum
2664 1056 2958 1111 hominem.
3010 1058 3120 1113 lloc
3156 1069 3335 1113 autent
3374 1062 3557 1115 vinum

1991 1147 2071 1189 est
2124 1142 2506 1208 compunctio,
2556 1157 2676 1213 qua).
2716 1147 3027 1215 comprimit
3063 1148 3209 1201 luctu
3258 1151 3557 1217 paSsiones.

1993 1242 2043 1282 et
2086 1233 2321 1285 animam
2386 1233 2573 1288 latitia
2627 1237 2798 1305 replet
2846 1238 3026 1301 beata,
3060 1240 3176 1292 diro
3202 1242 3557 1308 cupiditatum

1992 1326 2229 1389 pondere
2284 1325 2591 1380 liberatam.
2642 1327 2930 1395 Propterea
2965 1347 2987 1383 ι
3055 1330 3201 1384 Beati
3235 1335 3323 1400 qui
3361 1335 3559 1402 lugent,

1989 1416 2243 1482 quoniam
2279 1416 2376 1482 ipsi
2415 1416 2863 1474 consolabuntur.
2905 1439 2923 1470 ι

2061 1504 2134 1558 Ex
2169 1507 2348 1575 inopia
2378 1523 2530 1575 vero,
2566 1523 2663 1564 seu
2696 1511 2840 1579 quod
2890 1513 3029 1566 idem
3062 1524 3163 1577 est,
3207 1529 3270 1567 ex
3322 1516 3560 1583 pecunia:

1988 1608 2042 1652 et
2095 1599 2518 1654 snbstantiarum
2571 1614 2926 1671 paupertate,
2985 1622 3101 1672 qua:
3137 1618 3219 1660 est
3272 1609 3560 1675 conjuncta

1990 1691 2292 1756 paupertati
2324 1692 2570 1759 spiritus,
2629 1702 2686 1748 tit
2739 1709 2902 1764 Supra
2952 1697 3206 1761 diximus,
3258 1698 3369 1753 ha-c
3409 1702 3556 1754 enim

1988 1781 2170 1834 omnia
2202 1798 2259 1836 se
2313 1782 2546 1838 invicem
2599 1788 2887 1854 perﬁciunt
2945 1800 2997 1841 et
3051 1792 3336 1844 absolvunt
3373 1799 3428 1845 ut
3455 1794 3563 1846 sint

1991 1872 2100 1926 Deo
2162 1885 2309 1942 grata
2352 1890 2365 1927 :
2404 1890 2469 1930 ex
2543 1877 2633 1931 illa
2703 1881 2865 1949 igitur
2925 1893 3241 1949 paupertate
3293 1891 3560 1951 quomodo

1990 1966 2147 2018 nobis
2183 1980 2503 2021 Innascatttr
2537 1970 2714 2023 luctus
2754 1983 2806 2024 ct
2856 1987 2915 2024 ea
2970 1990 3129 2040 quam
3168 1974 3321 2027 alit-rt
3360 1992 3559 2032 conso—

1988 2055 2138 2123 latio,
2172 2058 2537 2131 intelligenter
2572 2063 2783 2117 audies.
2834 2063 3046 2120 Etenim
3081 2079 3362 2135 postquam
3402 2071 3561 2122 homo

1986 2151 2196 2206 Cttnt'tis
2229 2153 2345 2206 vale
2394 2154 2561 2218 dicto,
2606 2138 2704 2209 res.
2742 2166 2793 2209 et
2823 2172 2952 2227 opes
2986 2163 3388 2214 abrenuntiatas
3414 2163 3562 2230 abje-

1985 2241 2077 2303 cit,
2107 2243 2257 2311 juxta
2314 2257 2670 2314 preceptum,
2710 2264 2896 2303 curam
2953 2254 3016 2305 de
3059 2253 3177 2307 istis
3211 2269 3559 2323 supergressa

1986 2336 2190 2401 anima,
2222 2349 2543 2392 convertere
2576 2355 2634 2395 se
2659 2342 2725 2396 ad
2762 2359 2913 2395 suam
2951 2345 3118 2411 ipsius
3147 2359 3333 2399 curam
3365 2360 3558 2417 potest,

1987 2427 2155 2481 libera
2186 2428 2295 2495 jam
2330 2446 2360 2485 a
2414 2435 2648 2502 negotiis
2700 2434 2873 2505 ipsam
2928 2438 3171 2513 exterius
3216 2442 3563 2496 distrahenti-

1992 2520 2113 2575 bus.
2143 2520 2276 2575 Cum
2311 2534 2491 2578 autem
2520 2528 2665 2579 omni
2716 2543 2868 2581 mens
2910 2510 3151 2583 sensibili
3186 2535 3452 2601 superior,
3487 2536 3561 2589 la-

1987 2611 2191 2667 boriosi
2216 2614 2479 2670 diluvium
2528 2618 2760 2672 turbinis
2794 2620 3044 2689 despicit,
3089 2633 3141 2675 et
3175 2626 3391 2692 respicit
3426 2630 3561 2681 intc-

1986 2705 2183 2759 riorem
2246 2706 2540 2774 hominem,
2594 2711 2770 2779 primo
2816 2715 3032 2780 quidem
3089 2716 3305 2771 intuens
3345 2730 3558 2786 turpem

1985 2796 2190 2850 larvam
2236 2814 2264 2851 a
2312 2799 2513 2854 misero
2542 2800 2695 2871 lapsu
2733 2803 2833 2856 sibi
2867 2806 3224 2873 applicatam,
3260 2810 3402 2863 luctu
3439 2828 3555 2864 eam

1986 2890 2266 2958 detergere
2324 2892 2530 2956 studet,
2586 2894 2779 2949 deinde
2828 2896 2918 2952 ubi
2964 2898 3167 2951 ίωάυιιι
3231 2900 3359 2953 illud
3423 2904 3559 2957 eluit

1985 2985 2405 3049 Operimeutunt,
2433 2994 2560 3040 tunc
2584 2985 2697 3056 jam
2736 3004 2841 3042 non
2880 2991 3044 3044 variis
3078 2991 3350 3047 habilibus
3376 2999 3556 3050 anima

1986 3072 2177 3139 ignave
2209 3073 2495 3142 distracta,
2538 3078 2590 3129 in
2625 3080 2797 3145 ipsum
2845 3082 3121 3146 penetrale
3153 3098 3339 3136 secura
3379 3088 3559 3155 ingre-

1986 3166 2151 3228 ditur,
2176 3175 2230 3219 et
2266 3167 2316 3218 in
2357 3177 2571 3223 secreto
2606 3168 2823 3225 Patrem
2882 3185 3023 3235 orat,
3067 3185 3121 3229 et
3163 3177 3249 3231 hic
3289 3179 3360 3231 illi
3393 3198 3558 3248 capa-

293 3271 367 3324 τὰ
394 3270 541 3340 πάθη
560 3288 573 3301 ο
608 3271 704 3323 καὶ
729 3272 906 3342 χαρᾶς
927 3273 1028 3341 τὴν
1061 3271 1237 3342 ψυχὴν
1269 3270 1470 3342 πληροῖ
1515 3271 1884 3341 μαηριπῆςν
1906 3281 1949 3338 C

1877 3281 1949 3338 ,ο
1989 3270 2105 3310 cem
2182 3260 2480 3327 gratiarum
2566 3266 2830 3331 gratiam,
2912 3282 3097 3334 pacem
3172 3274 3554 3339 cogitationum

281 3362 393 3415 ’τοῦ
434 3364 577 3416 κατά
635 3362 812 3415 ταῦτα
865 3362 1041 3417 δεινοῦ
1097 3363 1295 3433 βάρους
1352 3361 1731 3427 ἀπαλλάξασα.
1786 3365 1884 3417 Διά

290 3455 458 3506 τοῦτο
493 3472 510 3504 ι
549 3455 828 3523 Μακάριοι
851 3456 897 3507 oi
934 3453 1278 3521 πενθοῦντες,
1307 3454 1387 3507 ὅτι
1413 3456 1565 3508 αὐτοὶ
1596 3455 1879 3526 παρακλη-

290 3545 585 3616 θήσονται,
616 3565 634 3597 ι
684 3547 844 3616 Παρά
892 3546 949 3599 δὲ
994 3549 1090 3616 τῆς
1120 3546 1546 3617 ,άκτημοσύνη;,
1598 3551 1798 3601 ταυτὸν
1833 3548 1879 3600 δ’

290 3638 475 3690 εἰπεῖν
511 3639 614 3707 τῆς
663 3637 808 3690 κατά
846 3637 946 3708 τὴν
977 3637 1321 3707 περιουσίαν,
1355 3636 1450 3689 καὶ
1478 3637 1548 3689 τὰ
1578 3640 1707 3707 περὶ
1732 3638 1883 3708 ἡμᾶς

292 3731 621 3801 ὑπάρχοντα
652 3730 928 3799 πτωχείας
949 3746 962 3760 ο
1019 3730 1376 3798 συνημμένης
1413 3730 1597 3797 μέντοι
1625 3733 1690 3799 τῇ
1733 3747 1879 3783 πτω·

288 3824 419 3894 χείᾳ
450 3823 545 3875 τοῦ
579 3823 911 3893 πνεύματος,
945 3822 1019 3885 ὠς
1050 3824 1310 3891 ἀνωτέρω
1339 3821 1569 3891 ἔφημεν.
1610 3821 1882 3891 Συναλλή-

285 3914 403 3975 λοις
455 3913 565 3980 γὰρ
611 3912 766 3967 ταῦθ’
824 3913 1043 3966 ᾶπαντα
1095 3912 1396 3982 τελούμενα
1445 3912 1633 3966 τέλειά
1678 3930 1737 3965 τε
1788 3916 1881 3966 καὶ

285 4007 566 4075 εῦάρεστα
592 4006 733 4075 Θεῷ.
766 4006 923 4075 Παρά
970 4006 1226 4074 τοιαύτης
1258 4005 1548 4077 τοιγαροῦν
1584 4006 1876 4075 πτωχείας,

282 4094 438 4154 ὅπως
468 4095 602 4163 ἡμῖν
655 4094 932 4161 ἐγγίνεται
966 4094 1027 4146 τὸ
1066 4095 1285 4159 πένθος,
1318 4096 1411 4151 καὶ
1441 4096 1474 4165 ὴ
1506 4097 1565 4147 ὲν
1592 4095 1742 4164 αῦτῴ
1772 4113 1879 4147 πα-

288 4187 580 4259 ράκλησις,
617 4190 852 4253 συνετῶς
886 4190 1103 4244 ἀκούων
1134 4189 1279 4262 εἴσῃ.
1321 4192 1432 4244 Καὶ
1461 4192 1569 4260 γὰρ
1604 4191 1823 4246 ὲπειδᾲν
1851 4193 1879 4244 6

283 4279 580 4349 ἄνθρωπος
614 4282 751 4334 πᾶσι
791 4281 1007 4352 χαίρειν
1032 4281 1227 4347 εἰπὼν,
1257 4284 1372 4344 τοῖς
1395 4299 1454 4334 τε
1481 4284 1751 4352 χρήμασι,
1783 4282 1879 4335 καὶ

281 4374 401 4439 τοῖς
439 4374 721 4445 κτήμασιν
767 4374 1136 4445 ἀποτάεηται,
1185 4373 1361 4428 ταῦτα
1398 4378 1561 4445 ῥίψας
1587 4376 1620 4443 ἢ
1650 4374 1875 4443 σκορπί-

284 4482 413 4529 σας,
446 4464 589 4517 κατά
615 4464 715 4535 τὴν
745 4464 998 4535 ἐντολήν·
1034 4468 1136 4536 τῆς
1160 4465 1287 4535 περὶ
1316 4465 1455 4518 αύτά
1487 4466 1758 4536 μερίμνης
1779 4466 1877 4533 τὴν

279 4555 469 4623 ψυχὴν
497 4553 916 4624 ἀπαναστήσας,
967 4554 1345 4625 ἐπεστράφθαι
1381 4554 1511 4623 πρὸς
1550 4554 1646 4622 τὴν
1675 4554 1874 4619 ἑαυτῆς

280 4645 595 4715 ἐπισκοπὴν
650 4645 900 4715 ἐφίησιν,
958 4645 1254 4715 ἐλευθέραν
1313 4646 1423 4698 τῶν
1476 4643 1873 4712 πραγματικῶς
1905 4633 1956 4692 D

1417 4665 1423 4689 ι
1476 4643 1873 4712 πραγματικῶς
1905 4633 2035 4695 Det
2084 4642 2421 4699 conscientia
2483 4646 2982 4714 irreprebensibilis
3037 4654 3094 4706 lit

279 4734 688 4805 περισπώντων
729 4734 929 4799 ἔξωθεν
960 4735 1155 4805 αὐτήν.
1220 4734 1493 4805 Ὀπηνίκα
1522 4733 1567 4785 δ’
1604 4732 1671 4785 ἂν
1700 4733 1732 4786 δ
1751 4731 1875 4795 νοῦς

277 4823 550 4895 αἰσθητοῦ
596 4825 801 4890 παντὸς
847 4827 1160 4893 άπαναστῇ,
1213 4826 1309 4879 καὶ
1360 4823 1453 4876 τοῦ
1484 4821 1873 4893 κατακλυσμοῦ

275 4916 387 4985 τῆς
418 4916 549 4986 περὶ
582 4915 759 4969 ταῦτα
806 4915 1013 4986 τύρϐης
1062 4914 1343 4985 ἀνακύψῃ,
1380 4915 1475 4968 καὶ
1521 4912 1872 4984 κατοπτεύσῃ

275 5011 378 5065 τδν
413 5011 567 5074 ἐντὸς
618 5010 930 5081 ἄνθρωπον,
960 5010 1181 5080 πρῶτον
1211 5008 1311 5077 μὲν
1335 5006 1523 5061 ἐνιδὼν
1552 5007 1611 5060 τὸ
1634 5023 1874 5077 προσγε-

276 5103 590 5173 γενημινον
621 5102 860 5173 είδεχθὲς
908 5102 1252 5172 προσωπεῖον
1279 5101 1345 5153 ὲκ
1384 5099 1485 5169 τῆς
1514 5099 1666 5154 κάτω
1711 5116 1869 5169 περι-

277 5197 629 5266 πλανήσεως,
652 5194 813 5248 τοῦτο
837 5194 927 5247 διά
950 5192 1180 5256 πένθους
1209 5191 1580 5261 ἀπονίψασθαι
1612 5191 1866 5245 σπεύδει·

275 5287 457 5341 ἔπειτ’
490 5287 717 5341 ἐπειδὰν
752 5287 813 5340 τὸ
844 5285 1089 5349 δυσειδὲς
1127 5285 1284 5339 τοῦτο
1315 5283 1545 5360 περιέλῃ
1576 5282 1865 5353 κάλυμμα,

272 5383 403 5435 τότε
437 5380 512 5452 μὴ
545 5380 825 5443 ποικίλαις
860 5378 1078 5450 σχέσεσι
1119 5381 1218 5449 τῆς
1260 5378 1441 5448 ψυχῆς
1472 5377 1714 5447 ἀγεννῶς
1747 5378 1869 5431 δια-

274 5473 602 5542 σπωμένης,
642 5472 775 5524 εῐσω
798 5470 905 5523 τῶν
930 5471 1101 5533 ὅντως
1141 5471 1385 5539 ταμείων
1427 5470 1719 5539 ἀταράχως
1760 5487 1867 5538 χιλ-

272 5567 388 5637 ρεῖ,
427 5564 524 5621 καὶ
554 5562 632 5633 τῷ
654 5565 712 5617 ὲν
731 5561 961 5632 κρυπτῷ
984 5560 1160 5630 Πατρὶ
1195 5559 1563 5630 προσεύχεται
1593 5576 1606 5588 ·
1631 5559 1690 5624 ὃς
1714 5559 1865 5629 αὐτῷ

272 5659 373 5711 καὶ
404 5657 470 5709 τὸ
494 5656 803 5727 χωρητικὸν
843 5656 953 5714 τῶν
983 5656 1342 5725 χαρισμάτων
1383 5653 1576 5724 δῶρον,
1625 5650 1725 5723 τὴν
1754 5653 1865 5706 τῶν

270 5746 561 5816 λογισμῶν
612 5746 838 5815 εἰρήνην
865 5745 931 5799 τὰ
970 5745 1163 5817 πρῶτα
1211 5747 1467 5816 χορηγεῖ⁹
1517 5743 1637 5815 μεθ’
1666 5741 1733 5817 ἧς
1765 5745 1863 5816 τὴν

398 5913 448 5945 ⁸⁸
490 5915 633 5970 i‘sal.
681 5932 734 5972 ι..

1985 3348 2239 3417 largitur,
2268 3367 2373 3419 qua
2412 3362 2668 3421 matrem,
2727 3358 3101 3428 nutricemque
3134 3365 3313 3419 omnis
3344 3367 3559 3422 virtutis

1986 3442 2349 3497 humilitatem
2378 3447 2611 3512 perlicit,
2640 3463 2745 3501 non
2774 3464 2894 3502 eam
2922 3468 3039 3517 qua:
3071 3453 3323 3509 incilibus
3362 3460 3559 3527 cuique

1985 3532 2186 3585 volenti
2212 3532 2393 3589 verbis
2419 3543 2473 3588 et
2503 3534 2783 3591 habilibus
2819 3549 3051 3605 constat,
3083 3546 3173 3597 sed
3194 3561 3355 3616 quam
3384 3550 3556 3604 bonus

1981 3638 2045 3676 ac
2097 3624 2315 3679 divinus
2364 3632 2600 3681 testatur
2645 3629 2892 3697 spiritus,
2927 3639 2983 3687 et
3032 3650 3194 3702 quam
3226 3641 3366 3707 parit
3414 3645 3552 3697 itlcttt

1980 3715 2204 3783 spiritus
2233 3716 2285 3768 in
2334 3717 2637 3774 visceribus
2690 3721 2977 3779 innovatus
3012 3725 3080 3779 ⁸⁸.
3115 3728 3256 3783 Intra
3308 3732 3405 3787 has
3444 3738 3554 3789 vir-

1982 3816 2147 3872 tutes,
2178 3808 2322 3863 velut
2372 3810 2513 3865 intra
2547 3822 2686 3867 tutos
2716 3816 2949 3881 paradisi
2981 3818 3276 3887 spiritualis
3302 3826 3553 3894 parietes,

1984 3912 2121 3952 vera:
2156 3900 2500 3965 perfeCIionis
2533 3908 2693 3959 variae
2743 3906 3004 3975 pullulant
3059 3915 3307 3979 arbores,
3340 3919 3390 3970 in
3436 3921 3554 3988 ipso

1980 4002 2160 4045 autem
2211 3993 2392 4049 medio
2434 4001 2674 4067 assurgit
2719 4015 2874 4056 sacra
2923 4006 3207 4061 charitatis
3253 4012 3419 4080 regia,
3456 4031 3552 4082 pro

1978 4085 2133 4153 cujus
2190 4087 2422 4153 foribus,
2464 4088 2632 4144 futuri
2678 4096 2977 4160 praenuntia
3026 4102 3233 4166 saeculi,
3264 4104 3551 4161 inetl'ahilis

1976 4191 2032 4230 et.
2087 4180 2459 4235 inatttisSlbliiB
2511 4181 2694 4237 laetitia
2746 4184 2922 4240 ﬂoret.
2956 4187 3089 4243 Nam
3147 4193 3325 4262 inopia
3377 4213 3553 4251 mater

1976 4281 2056 4323 est
2088 4272 2431 4337 securitatis,
2462 4277 2728 4331 securitas
2764 4290 2948 4332 autem
2992 4287 3311 4340 attentimiis
3350 4302 3403 4341 et
3430 4308 3552 4343 or..-

1981 4362 2178 4425 tionis;
2219 4364 2298 4417 ha
2356 4379 2505 4431 vero,
2554 4368 2733 4423 luctus
2796 4382 2960 4440 atque
3022 4375 3208 4443 ﬂetus;
3242 4390 3290 4431 et
3334 4382 3382 4434 hi
3416 4399 3553 4449 pne-

1978 4458 2348 4525 sumptionem
2408 4458 2626 4528 delent;
2692 4462 2792 4518 hac
2838 4474 3016 4520 autem
3086 4471 3288 4536 ablata,
3347 4474 3553 4531 facilior

1978 4548 2196 4602 virtutis
2229 4550 2311 4601 via
2341 4549 2598 4615 ellicitur,
2660 4555 2913 4609 obicibus
2969 4560 3036 4613 de
3098 4564 3275 4617 medio
3304 4567 3550 4631 sublatis,

3149 4672 3164 4711 :
3222 4656 3337 4711 lt.ec
3387 4676 3549 4727 porro

1977 4734 2286 4788 scaturinnt
2351 4734 2595 4793 laetitiam
2646 4750 2695 4792 et
2760 4740 2977 4796 beatum
3034 4748 3229 4803 anima:
3262 4752 3451 4808 risum.
3488 4756 3553 4808 lit

1979 4831 2105 4877 tunc
2148 4825 2398 4895 lacrymze
2444 4828 2647 4884 doloris
2682 4830 2736 4884 in
2789 4835 3109 4891 suavitatem
3166 4849 3463 4909 mutantur,
3496 4859 3552 4900 et

1976 4913 2070 4969 Dei
2112 4916 2325 4984 eloquia
2368 4919 2549 4975 dulcia
2619 4925 2828 4990 gutturi
2876 4941 3041 4995 super
3106 4932 3209 4985 mel
3250 4934 3330 4987 ori
3389 4935 3545 5002 ﬁunt,

1974 5017 2027 5059 et
2047 5009 2316 5087 orationis
2342 5010 2659 5081 elllagitatio
2693 5016 2748 5069 in
2780 5019 3077 5084 gratiarum
3109 5027 3380 5080 actionem
3419 5048 3551 5083 con-

1976 5102 2227 5162 vertitur,
2296 5113 2349 5155 et
2403 5106 2683 5161 meditatio
2734 5110 3043 5166 divinorum
3107 5117 3544 5175 testimoniorum

1976 5192 2268 5247 exsultatio
2298 5198 2479 5251 cordis
2502 5211 2609 5265 est,
2630 5216 2748 5253 cum
2772 5216 2867 5271 Spe
2884 5220 3003 5272 qua:
3032 5222 3137 5261 non
3170 5210 3453 5268 confundit
3482 5218 3550 5279 '9,

1976 5292 2030 5335 et
2060 5301 2181 5352 qua:
2232 5287 2341 5341 illis
2380 5290 2534 5357 quasi
2594 5294 2854 5362 praaludio
2920 5298 3103 5352 libatis
3140 5299 3205 5355 'et
3236 5303 3548 5372 huiusmodi

1975 5378 2309 5439 experientia
2344 5385 2690 5447 prmgustatis
2731 5388 3015 5441 adhaerens
3045 5393 3549 5457 superabundantes

1974 5478 2259 5522 soavrtatts
2310 5473 2528 5527 divitias
2574 5476 2770 5544 partim
2820 5478 3003 5545 discit,
3048 5484 3189 5535 sicut
3222 5485 3490 5539 dicitur“
3531 5506 3545 5542 ἒ

1980 5576 1999 5609 ι
2041 5557 2266 5615 Gustate
2312 5573 2365 5616 et
2400 5566 2577 5620 videte
2604 5570 2860 5636 qumtiam
2882 5574 3069 5627 suavis
3094 5588 3176 5632 est
3207 5578 3483 5643 Dominus,
3522 5599 3546 5637 ι

1978 5668 2172 5721 nempe
2205 5658 2468 5712 exultatio
2497 5660 2794 5729 juStorum,
2834 5675 3101 5720 rectorum
3133 5671 3339 5737 laetitia,
3371 5675 3553 5729 humi-

1972 5746 2101 5801 lium
2140 5749 2366 5818 deliciae,
2402 5764 2455 5807 et
2486 5758 2794 5813 consolatio
2843 5761 3121 5817 humiliter
3150 5764 3473 5835 lugentium.
