4246 6464
264 421 409 487 1085

1372 426 1466 486 DE
1514 427 1846 489 \lEN'l‘ALl
1889 428 2395 500 0U.ETUDINE.

3392 426 3528 498 1086

260 543 367 607 τὴν
396 537 504 590 ὑπὸ
531 538 742 592 τούτων
776 538 1200 611 καλυπτομένην
1232 542 1510 612 ἁμαρτίαν
1545 543 1847 597 ἐνυπόστα-
1879 554 1921 610 Α

1879 554 1921 610 Α
1952 547 2043 613 qui
2082 546 2224 598 hanc
2269 559 2375 596 non
2411 542 2714 609 repererit,
2752 542 3030 611 quomodo
3062 550 3258 598 cernet
3295 542 3526 597 inlcrius

261 648 374 690 rw.
402 632 527 700 ἥτις
561 632 681 684 ἐστὶ
710 633 923 695 σκότος,
958 637 1052 685 καὶ
1077 635 1274 704 ὀμίχλη
1305 636 1503 703 ψυχῆς,
1531 636 1589 699 ἐξ
1618 637 1843 688 ἐννοιῶν

1952 634 2154 690 Christi
2186 632 2607 687 habitaculum?

261 726 544 793 πονηρῶν,
578 728 670 778 καὶ
704 726 899 793 λόγων,
936 732 1026 781 καὶ
1068 731 1319 797 πράξεων
1352 732 1710 799 ἐμπεσοῦσα;
1756 732 1814 784 '0
1840 732 1895 784 δέ
1945 732 2151 797 ταύτην
2186 729 2262 797 μη
2310 728 2652 797 θεασάμενος
2680 726 2780 794 τὴν
2810 725 3175 797 περιεκτικὴν
3220 727 3524 795 ἁμαρτίαν,

259 818 396 868 πότε
433 817 648 885 δεηθεὶς
679 819 814 887 περὶ
838 821 1011 887 αὐτῆς
1042 821 1553 892 καθαρισθήσεταις
1586 826 1614 877 6
1642 824 1700 876 δέ
1732 823 1807 893 μὴ
1830 821 2205 893 καταρισθεὶς,
2240 820 2355 883 πῶς
2384 817 2520 889 εὓρῃ
2550 821 2640 871 τὸν
2662 820 2827 872 τόπον
2860 822 2955 891 τῆς
2985 820 3235 888 καθαρᾶς
3269 821 3513 887 φύσεωςς

256 913 285 961 6
324 908 382 961 δὲ
414 909 607 962 τοῦτον
642 911 716 980 μὴ
757 911 955 981 εὑρὼν.
992 914 1110 976 πῶς
1150 915 1232 985 ίδῃ
1273 916 1366 967 τὸν
1393 917 1670 987 ἐνδότερον
1692 913 1840 968 οἷκον
1863 915 1958 968 τοῦ
1990 912 2269 976 Χοιστοῦἷ

338 1000 462 1071 Χρὴ
493 1000 672 1053 τοίνυν
698 1001 928 1070 κροῦσαι
949 1001 1035 1053 διὰ
1068 1007 1375 1073 προσευχῆς
1406 1006 1841 1073 παραμένοντας,

264 1094 363 1145 καὶ
395 1092 629 1161 ζητῆσαι
662 1092 754 1143 τὸν
788 1076 936 1145 οἶκον
969 1092 1178 1156 τοῦτον,
1215 1095 1277 1146 ού
1312 1095 1471 1163 μόνον
1514 1096 1839 1164 κτήσασθαι,

260 1182 403 1235 ἀλλὰ
437 1182 531 1235 καὶ
581 1182 844 1249 φυλάξαι·
880 1184 986 1235 sisi.
1015 1186 1123 1254 γὰρ
1148 1188 1196 1237 οἱ
1226 1187 1319 1238 καὶ
1367 1186 1505 1256 μετὰ
1550 1188 1609 1241 τὸ
1657 1188 1842 1241 λαϐεῖν

259 1272 657 1337 ἀπολέσαντες·
678 1274 842 1344 ψιλὴν
868 1275 975 1344 γάρ
1000 1274 1169 1344 αὐτῆς
1198 1277 1418 1344 γνῶσιν,
1450 1275 1482 1348 ἢ
1503 1279 1841 1349 συμεατικῆν

259 1368 487 1437 πεῖραν,
524 1367 653 1428 ἴσως
676 1366 769 1418 καί
799 1367 1085 1435 ὀψιμαθεῖς
1119 1371 1211 1421 καὶ
1236 1368 1347 1421 νέοι
1388 1369 1675 1440 κατέχουσι
1700 1387 1713 1400 ·
1740 1370 1838 1439 τὴν

254 1459 315 1511 δὲ
343 1459 466 1527 μεθ’
493 1459 768 1526 ὑπομονῆς
820 1460 1134 1529 παράμονον
1180 1461 1464 1529 ἐργασίαν,
1529 1462 1682 1531 μόλις
1729 1468 1837 1515 τῶν

253 1550 532 1619 γερόντων
560 1551 610 1601 οί
654 1548 903 1613 εὐλαϐεῖς
959 1551 1055 1604 καὶ
1083 1550 1433 1621 πολύπειροι·
1466 1551 1675 1614 τούτοις
1707 1552 1835 1620 ὁμό-

252 1640 417 1707 λογος
451 1642 545 1693 καὶ
598 1642 908 1712 Μακάριος,
957 1644 986 1695 6
1031 1642 1129 1709 τὴν
1176 1642 1377 1709 γνῶσιν
1427 1643 1697 1713 οὐράνιος,
1737 1644 1832 1695 καὶ

250 1733 366 1794 πᾶς
425 1732 454 1783 6
493 1733 602 1785 τῶν
658 1732 823 1783 ὁσίων
878 1733 1056 1802 χορός.
1106 1731 1247 1785 Ἀλλ’
1297 1734 1486 1804 ὥσπερ
1537 1735 1600 1787 τὸ
1647 1737 1835 1799 σκότος

247 1822 417 1874 τοῦτο
472 1824 537 1874 ἐκ
582 1822 694 1875 τῶν
770 1822 1232 1894 παραπτωμάτων
1294 1824 1510 1877 πάντων
1567 1824 1833 1893 λαμϐάνει

247 1911 352 1984 τὴν
383 1913 640 1983 ὓπαρξιν,
670 1912 811 1967 οὕτω
833 1916 930 1984 τὴν
952 1915 1094 1968 κατὰ
1114 1915 1318 1987 κόσμον
1345 1916 1520 1984 λύπην
1548 1917 1830 1983 ἐξετάσας,

246 2005 515 2076 εὑρήσεις
547 2006 612 2057 ἐκ
639 2005 747 2057 τῶν
782 2004 972 2058 παθῶν
1013 2009 1255 2071 πάντων,
1305 2009 1401 2061 καὶ
1460 2010 1827 2079 γεννωμένην,

245 2100 348 2151 καὶ
404 2098 836 2169 κρατυνομένην.
889 2098 1099 2152 Οὐκοῦν
1140 2101 1322 2153 εἰκόνα
1351 2099 1526 2169 φέρει,
1579 2102 1675 2154 καὶ
1716 2097 1831 2154 οἷον

244 2190 500 2260 ἀπαρχὴ,
549 2190 642 2241 καὶ
700 2190 1010 2261 προοίμιον,
1074 2193 1169 2243 καὶ
1237 2191 1497 2263 ἀρραϐών
1558 2193 1675 2244 ἐστι
1729 2192 1824 2245 τοῦ

244 2282 727 2352 προσγενήσεσθαι
782 2280 1067 2349 μέλλοντος
1119 2280 1355 2349 ἀλήπτου
1410 2282 1663 2346 πένθους,
1714 2286 1829 2347 τοῖς

240 2376 308 2428 τὸ
344 2374 688 2445 μακαρισθὲν
732 2372 837 2426 ὑπὸ
869 2372 963 2425 τοῦ
1014 2372 1218 2441 Κυρίου
1250 2373 1441 2436 πένθος
1479 2373 1552 2442 μὴ
1598 2374 1827 2443 προελοα

243 2467 473 2536 μένοις·
513 2466 542 2518 6
575 2464 650 2536 μὴ
686 2465 847 2533 μόνον
888 2464 1047 2532 φέρει
1089 2464 1279 2532 κέρδος
1318 2464 1417 2533 τὴν
1459 2463 1823 2532 παράκλησιν,

240 2558 639 2628 καρποφοροῦν
668 2558 760 2610 τὸν
781 2556 1075 2628 ἀρραϐῶνα
1100 2555 1201 2623 τῆς
1224 2555 1441 2608 αἰωνίου
1462 2555 1822 2625 εὐφροσύνης,

2008 1000 2240 1067 Oportet
2304 997 2469 1068 igitur
2516 1000 2734 1054 domum
2774 999 2914 1054 hanc
2987 1002 3235 1057 oratione
3287 1002 3507 1072 pulsare

1934 1099 2292 1155 constanter,
2358 1104 2586 1158 eamque
2652 1091 2842 1145 conari
2925 1091 3067 1146 haud
3142 1095 3320 1148 solum
3388 1096 3506 1148 alli-

1938 1184 2093 1254 pisci,
2145 1184 2237 1236 st-d
2282 1191 2338 1235 et
2390 1184 2643 1237 retinere.
2693 1182 2838 1237 Sunt
2894 1184 3040 1236 enim
3088 1185 3177 1251 qui
3236 1196 3504 1251 repertam

1937 1274 2205 1338 amittunt,
2268 1274 2393 1342 quia
2432 1288 2635 1328 meram
2686 1274 2805 1342 ejus
2844 1274 3207 1343 cognitionem
3245 1284 3510 1341 tempora-

1937 1364 2184 1434 riamque
2205 1364 2617 1434 experientiam,
2642 1365 2797 1433 quasi
2823 1367 2887 1419 ad
2913 1367 3226 1419 discendum
3248 1366 3511 1419 tardiores

1937 1457 2094 1511 simul
2128 1465 2179 1509 et
2230 1456 2497 1524 juniores,
2551 1457 2787 1511 habent:
2819 1458 2913 1510 sed
2958 1459 3012 1510 in
3045 1471 3271 1525 operum
3324 1472 3511 1523 perse-

1941 1550 2191 1602 verantia
2225 1563 2543 1615 permanere
2574 1549 2663 1602 vix
2700 1557 2929 1615 possunt
2970 1551 3245 1602 seniorum
3276 1548 3512 1615 pruden-

1939 1638 2135 1693 tissimi
2160 1649 2211 1692 et
2240 1641 2626 1709 expertissimi.
2644 1658 2661 1691 ι
2686 1639 2797 1695 lllis
2816 1638 3052 1694 calcatis
3069 1639 3294 1693 scientia
3337 1638 3517 1692 “acad

1939 1733 2078 1795 rius,
2108 1748 2317 1787 necnon
2347 1735 2629 1787 universus
2669 1743 2983 1787 sanctorum
3003 1734 3243 1787 concinit
3287 1732 3513 1793 chorus.

2007 1837 2075 1890 At
2128 1850 2238 1889 non
2282 1832 2454 1890 solum
2484 1830 2550 1886 ad
2582 1832 2635 1887 id
2683 1831 2890 1887 confert
2914 1834 3095 1888 luctus
3134 1843 3193 1889 ut
3227 1836 3387 1889 homo
3414 1836 3507 1891 fiat

1938 1927 2055 1982 fere
2078 1924 2371 1980 immobilis
2402 1924 2467 1978 ad
2499 1923 2698 1977 malum
2720 1932 2775 1976 et
2798 1924 2865 1977 ad
2889 1925 3069 1993 priora
3096 1935 3315 1994 peccata
3347 1926 3505 1981 inde-

1937 2017 2229 2081 clinabiiis,
2252 2017 2344 2070 sed
2371 2016 2486 2071 haec
2505 2016 2661 2080 quasi
2690 2030 2795 2069 non
2821 2014 2960 2068 facta
2981 2016 3175 2071 reddit.
3193 2016 3329 2071 Cum
3356 2019 3505 2072 enim

1938 2113 2039 2167 ista
2072 2111 2255 2181 lugere
2287 2110 2449 2178 caapit
2499 2108 2685 2173 homo,
2718 2110 2857 2176 apud
2891 2109 3056 2161 Deum
3105 2119 3361 2179 tanquam
3399 2125 3504 2165 non

1937 2206 2102 2258 volita
2139 2212 2491 2272 reputantur;
2518 2210 2567 2255 at
2596 2216 2697 2255 non
2724 2201 2885 2255 volita
2912 2216 3015 2255 non
3038 2210 3162 2254 sunt
3183 2202 3502 2270 culpabilia.

1938 2294 2095 2358 Nam,
2122 2292 2574 2361 quemadmodum
2631 2293 2695 2343 de
2750 2291 2926 2355 inopia
2978 2289 3187 2354 dolens,
3224 2291 3362 2346 hanc
3405 2292 3506 2346 sibi

1940 2398 2134 2457 praeter
2184 2386 2515 2441 voluntatem
2557 2398 2679 2441 esse
2733 2392 2980 2449 testatur,
3014 2399 3077 2438 ac
3125 2384 3351 2452 proinde
3382 2400 3505 2438 cum

1938 2480 2255 2535 divitiarum
2285 2477 2496 2546 cupidis
2537 2485 2631 2529 aut
2658 2474 2920 2529 divitibus
2966 2476 3017 2527 in
3050 2475 3271 2543 laqueos
3309 2475 3505 2529 diaboli

1940 2573 2160 2631 incidet.
2206 2580 2389 2639 atque,
2434 2570 2477 2624 si
2533 2584 2639 2622 non
2701 2569 3028 2634 resipiscens
3098 2567 3337 2638 effugere
3394 2580 3508 2625 stu-

238 2650 389 2703 άλλά
428 2652 521 2704 καὶ
554 2647 916 2717 ἀσφαλίζεται
944 2647 1040 2717 τὴν
1092 2646 1313 2715 ἀρετὴν,
1342 2646 1611 2714 ἄτρεπτον
1639 2646 1732 2697 ἐπὶ
1760 2646 1825 2699 τὰ
1859 2642 1905 2703 D

1859 2642 1905 2703 θ
1932 2664 2111 2720 duerit
2138 2664 2361 2731 laqueos
2411 2663 2564 2725 istos,
2602 2661 2824 2715 aeternis
2882 2661 3079 2714 inferni
3106 2663 3280 2729 pmnis
3332 2677 3507 2716 reser-

235 2745 419 2815 χείρω
462 2743 563 2813 τὴν
609 2741 788 2810 ψυχὴν
822 2736 1293 2808 ἀπεργαζόμενον.
1332 2737 1664 2806 Πτωχεύσας
1714 2738 1821 2807 γάρ

1927 2756 2169 2811 vabitur:
2209 2755 2288 2807 sic
2326 2762 2379 2806 et
2440 2753 2529 2819 qui
2570 2753 2815 2820 peccavit
2846 2752 2896 2803 in
2931 2750 3123 2814 Deum,
3156 2753 3200 2805 si
3250 2753 3302 2804 in
3359 2753 3502 2806 luctu

233 2855 328 2900 τις
376 2836 472 2890 καὶ
515 2833 898 2894 ταπεινωθεὶς,
950 2831 1045 2883 καὶ
1075 2831 1173 2899 τῆς
1201 2830 1342 2881 κατὰ
1369 2830 1502 2881 Θεὸν
1547 2830 1820 2892 εὐτελείας

1923 2847 2373 2911 ρειεενθτανει-ἰι,
2408 2843 2569 2910 quasi
2635 2856 2740 2894 non
2800 2840 2962 2893 volita
3006 2840 3105 2907 ipsi
3167 2843 3361 2893 merito
3424 2859 3504 2895 re-

236 2926 761 2995 άντιπεποιημένος,
808 2922 874 2975 ἂν
919 2922 994 2991 μὴ
1042 2918 1323 2989 προκόψας
1378 2918 1471 2970 ἐπὶ
1512 2918 1573 2970 τὸ
1615 2917 1822 2987 βέλτιον

235 3019 668 3087 προσ-κτήσηται
711 3015 771 3067 τὸ
815 3011 1029 3073 πένθος,
1069 3009 1495 3079 εὐπερίτρεπτός
1542 3012 1677 3073 ἐστι,
1725 3008 1821 3061 καὶ

234 3111 479 3180 εὐχερὴς
512 3108 646 3176 πρὸς
675 3106 711 3160 ἃ
734 3105 1120 3159 καταλέλοιπεν
1153 3102 1465 3156 ἐπανελθεῖν
1512 3105 1577 3172 τῇ
1602 3102 1817 3174 γνώμη·

234 3203 431 3258 ποθῶν
492 3199 647 3261 αὖθις
683 3197 719 3252 ἃ
768 3196 983 3266 παρῆκε
1031 3194 1129 3265 τὴν
1174 3196 1369 3263 ἀρχὴν,
1425 3195 1519 3247 καὶ
1568 3195 1821 3255 συνιστὰς

233 3294 573 3366 παραϐάτην
599 3288 816 3343 ἑαυτόν.
849 3262 950 3340 ζᾸν
975 3286 1032 3339 δὲ
1062 3262 1395 3357 παραμένων
1427 3284 1517 3336 καὶ
1538 3281 1819 3353 προσέχων
1853 3262 1896 3318 Β

230 3392 303 3457 τῇ
335 3388 474 3456 πρὸς
509 3383 608 3451 τὴν
642 3380 984 3451 μακαριστὴν
1017 3377 1291 3446 πτωχείαν
1316 3376 1572 3438 διαθέσει,
1603 3375 1663 3426 τὸ
1693 3377 1820 3425 πέν-

232 3479 333 3539 θος
364 3476 644 3545 ἐμποιήσῃ
689 3470 887 3538 ἐαυτῷ,
933 3466 1154 3537 ἀκλινὴς
1186 3469 1322 3535 πρὸς
1354 3465 1423 3517 τὰ
1470 3466 1643 3517 ὀπίσω
1673 3464 1817 3529 γίνε-

229 3586 351 3632 ται,
411 3565 488 3635 μὴ
534 3561 916 3632 παλινδρομῶν
964 3559 1170 3621 κακῶς,
1226 3559 1347 3611 ὅθεν
1394 3557 1581 3625 ἔφυγε,
1637 3555 1814 3617 καλῶς

231 3657 435 3711 ποιῶν.
472 3656 534 3707 'H
569 3653 677 3721 γάρ
700 3651 839 3704 κατὰ
861 3650 993 3703 Θεὸν
1026 3650 1190 3719 λύπη,
1225 3649 1365 3702 καθά
1394 3664 1557 3715 φησιν
1590 3649 1617 3699 6
1657 3646 1818 3698 Ἀπό-

233 3748 468 3809 στολος,
522 3742 813 3813 μετάνοιαν
864 3738 1277 3807 ἀμεταμέλητον
1331 3732 1701 3806 ἀπεργάζεται
1746 3738 1811 3803 τῇ

228 3838 383 3905 ψυχῇ
429 3832 567 3903 πρὸς
606 3832 900 3900 σωτηρίαν.
959 3829 1051 3881 Διὸ
1110 3830 1202 3882 καί
1257 3847 1340 3892 τις
1396 3828 1501 3881 τῶν
1556 3827 1811 3897 Πατέρων

230 3926 451 3991 ἔλεγεν,
481 3923 565 3975 ὅτι
616 3920 678 3972 τὸ
723 3920 917 3981 πένθος
948 3918 1237 3988 ἐργάζεται
1280 3917 1369 3970 καὶ
1394 3918 1683 3986 φυλάσσει·
1718 3919 1811 3970 καὶ

228 4014 293 4067 οὐ
328 4013 488 4064 τοῦτο
517 4012 681 4079 μόνον
711 4010 826 4063 ἐστὶ
870 4010 932 4063 τὸ
964 4010 1070 4063 ἀπὸ
1096 4010 1188 4062 τοῦ
1218 4011 1445 4073 πένθους
1482 4011 1693 4080 κέρδος,
1727 4011 1807 4062 ὃτι

227 4113 428 4184 σχεδὸν
457 4114 487 4166 6
512 4112 800 4182 ἄνθρωπος
829 4113 1085 4181 ἀκίνητος
1123 4114 1331 4181 γίνεται
1365 4114 1501 4183 πρὸς
1531 4114 1590 4165 τὸ
1631 4114 1823 4178 κακὸν,

227 4205 330 4257 καὶ
369 4202 507 4273 πρὸς
562 4203 633 4254 τὰ
683 4204 1163 4273 προημαρτημένα
1220 4205 1643 4275 ἀπερίτρεπτος,
1691 4203 1832 4257 ἀλλὰ

227 4297 332 4349 καὶ
386 4296 596 4359 ἐκεῖνα,
642 4294 717 4357 ὡς
755 4294 831 4363 μὴ
875 4295 1140 4362 γεγονότα
1186 4291 1525 4367 διατίθησιν·
1564 4298 1686 4349 ἐπεὶ
1719 4298 1831 4366 γὰρ

226 4387 301 4442 δι’
341 4388 528 4439 ἐκεῖνα
560 4387 661 4454 τὴν
712 4386 890 4457 ἀρχὴν
922 4386 1112 4439 πενθεῖ
1141 4388 1169 4439 6
1198 4386 1506 4457 ἄνθρωπος,
1558 4389 1632 4451 ὡς
1662 4390 1830 4442 ακού-

231 4497 335 4534 σια
394 4480 572 4549 τούτῳ
620 4478 795 4533 ταῦτα
852 4477 1129 4547 λογίζεται
1165 4480 1319 4552 παρὰ
1356 4480 1435 4549 τῷ
1490 4479 1630 4551 Θεῷ,
1676 4480 1743 4534 τὰ
1772 4482 1829 4535 δέ

1931 2941 2257 3009 putabuntur
2288 2944 2531 3003 peccata,
2566 2942 2618 2986 et
2660 2948 2782 2986 cum
2825 2933 2891 2985 iis
2922 2933 3012 3001 qui
3055 2948 3161 2985 non
3196 2935 3265 2985 ita
3320 2948 3508 3000 pecca-

1933 3041 2147 3093 verunt,
2180 3029 2297 3082 sine
2341 3025 2660 3080 offendit-uio
2713 3025 3007 3080 ambulabit
3040 3026 3092 3079 in
3132 3027 3215 3078 via
3275 3030 3507 3081 dilecnle

1933 3123 1997 3180 ad
2027 3122 2189 3175 vitam
2220 3130 2499 3173 aeternam.

1993 3212 2097 3265 Seu
2126 3211 2385 3267 εισυιίιιω
2411 3208 2648 3268 tenebra
2671 3211 2741 3266 ab
2764 3209 3017 3267 omnibus
3044 3211 3282 3280 peccatis
3311 3221 3492 3266 ortum

1925 3304 2151 3367 ducunt,
2208 3304 2302 3365 ita,
2355 3303 2535 3357 seculi
2568 3302 2841 3357 tristitiam
2901 3313 3199 3369 scrutatus,
3257 3304 3498 3372 reperies

1924 3410 2019 3449 eas
2053 3411 2081 3448 a
2135 3397 2352 3449 cunctis
2402 3394 2966 3463 passionibus‘enasci
3006 3405 3061 3449 et
3092 3396 3314 3450 nutriri.
3358 3395 3499 3465 Ergo

1926 3484 2217 3555 imaginem
2246 3484 2351 3539 fert
2391 3496 2444 3538 et
2491 3495 2574 3539 est
2604 3484 2758 3554 quasi
2804 3486 3017 3539 initium
3074 3487 3499 3555 praeludiumqne

1927 3586 1979 3631 et
2010 3580 2202 3646 pignus
2249 3576 2416 3629 futuri
2479 3576 2835 3631 indesinentis
2872 3578 3065 3640 luctus,
3093 3576 3179 3632 bis
3208 3580 3300 3647 qui
3329 3577 3501 3632 beati-

1928 3669 2144 3723 ficatum
2182 3682 2210 3721 a
2243 3666 2473 3721 Domino
2508 3667 2711 3721 luctum
2764 3681 2869 3721 non
2920 3667 3199 3737 elegerint,
3249 3667 3340 3736 qui
3390 3683 3497 3721 non

1925 3763 2100 3816 solum
2133 3759 2410 3814 lucrifacit
2457 3760 2901 3825 consolationem,
2926 3760 3256 3814 fructificans
3284 3769 3502 3814 aaternar

1926 3852 2149 3906 arrham
2204 3849 2425 3912 laetitiae,
2450 3850 2543 3905 sed
2576 3860 2631 3905 et
2658 3852 2913 3906 virtutem
2963 3850 3210 3917 stabilit;
3252 3851 3507 3905 immobi-

1925 3943 2032 3998 lcm
2069 3943 2135 3997 ad
2174 3942 2447 3997 deteriora
2503 3944 2742 3995 animam
2798 3943 3047 3997 reddens.
3094 3939 3304 4008 Pauper
3353 3942 3507 3996 enim.

1925 4036 2213 4105 quisquam
2253 4035 2583 4103 humilisque
2633 4043 2687 4088 et
2736 4043 2864 4089 ante
2910 4032 3079 4089 Deum
3141 4032 3263 4087 vilis
3300 4032 3507 4097 factus,

1928 4126 2028 4178 nisi
2052 4129 2269 4193 insuper
2294 4123 2362 4177 ad
2391 4125 2583 4178 melius
2624 4124 2909 4191 proficiens
2933 4123 3249 4192 acqmsierit
3274 4123 3505 4186 luctum,

1926 4219 2103 4271 adhuc
2147 4216 2403 4287 proclivis
2458 4226 2515 4271 et
2554 4230 2757 4286 pronus
2786 4224 2870 4271 est
2900 4216 2967 4270 ad
2999 4216 3088 4269 illa
3114 4232 3233 4285 qua:
3262 4215 3502 4271 deseruit

1927 4318 2102 4362 mente
2127 4308 2497 4377 repetendum,
2530 4322 2719 4362 rursus
2750 4308 3064 4363 desiderans
3092 4320 3155 4361 ea
3189 4322 3306 4376 quae
3351 4310 3507 4375 prius

1926 4401 2020 4454 reli
2041 4400 2161 4469 luit,
2189 4410 2244 4455 et
2289 4401 2527 4471 seipsum
2592 4399 2823 4455 reddens
2876 4400 3366 4469 prevaricatorem.
3439 4397 3510 4454 Si.

1929 4508 2057 4547 vero
2111 4494 2410 4547 itnmanens
2464 4504 2520 4547 et
2564 4494 2771 4546 irascens
2842 4490 3032 4544 affectu
3064 4493 3234 4545 lienus
3268 4506 3500 4559 panper-

229 4568 477 4624 ἀκούσια
533 4569 632 4637 οὐχ
686 4567 984 4620 ὑπεύθυνα.
1021 4567 1287 4638 Καθάπερ
1335 4569 1441 4637 γὰρ
1468 4569 1494 4619 6
1532 4568 1624 4620 ἐπὶ
1669 4568 1827 4638 πενίᾳ
1855 4590 1897 4645 C

1823 4586 1897 4645 ‘C
1933 4586 2052 4648 tati,
2084 4584 2289 4639 luctum
2324 4584 2428 4639 sibi
2472 4583 2750 4645 indiderit,
2791 4581 3182 4636 indeclinabilis
3223 4582 3280 4635 lit
3316 4585 3381 4636 ad
3416 4598 3500 4635 rc-

229 4659 480 4723 πενθῶν,
503 4660 603 4729 οὐχ
631 4659 881 4711 ἑκούσιον
912 4658 1118 4728 ταύτην
1154 4658 1335 4728 ἐαυτῷ
1390 4661 1826 4729 προσμαρτυρεῖ,

228 4752 317 4805 διὸ
345 4752 443 4803 καὶ
492 4751 632 4819 μετὰ
678 4749 788 4802 τῶν
820 4750 1071 4802 πλουτεῖν
1127 4750 1432 4803 ποθούντων
1464 4749 1495 4819 ἢ
1533 4749 1829 4803 πλουτούν-

230 4860 373 4903 των,
407 4844 527 4903 ταῖς
564 4840 659 4893 τοῦ
692 4841 941 4893 διαὸόλου
974 4842 1197 4909 παγίσιν
1229 4844 1568 4911 ἐμπεσεῖται,
1603 4842 1706 4895 κᾶν
1753 4841 1830 4914 μὴ

235 4931 571 5005 μεταῦαλὼν
621 4933 906 5002 διαδρᾶναι
951 4931 1164 5002 σπεύσῃ
1199 4932 1299 4994 τὰς
1340 4932 1573 5000 παγίδας
1604 4934 1826 4999 ταύτας,

230 5029 302 5096 τῇ
340 5025 551 5095 αἰωνίῳ
583 5025 801 5078 κολάσει
831 5023 1005 5094 τούτῳ
1037 5028 1707 5095 συμπαραπεμφθήσεται·
1736 5026 1827 5080 οὖ-

1936 4686 2189 4741 trorsum,
2219 4692 2321 4729 non
2341 4692 2405 4730 eo
2431 4676 2695 4738 resiliens,
2726 4676 2864 4729 unde
2884 4676 3017 4744 fugit
3048 4678 3245 4729 bonum
3274 4674 3499 4729 faciens.

1940 4786 1960 4821 ι
2005 4769 2134 4836 Quae
2160 4770 2302 4823 enim
2340 4768 2637 4823 secundum
2667 4768 2832 4820 Deum
2862 4768 3083 4821 tristitia
3106 4776 3207 4827 est.
3239 4767 3509 4834 munitet:-

1939 4863 2066 4914 tiam
2119 4861 2184 4915 ad
2219 4860 2446 4915 salutem
2486 4860 2731 4913 stabilem
2777 4870 3053 4926 operatur,
3088 4877 3104 4907 ι
3140 4869 3195 4910 ιιι
3228 4858 3382 4910 divus
3425 4858 3502 4909 ait

1937 4953 2137 5009 Paulus
2165 4951 2231 5004 “.
2261 4949 2326 5003 Et
2375 4958 2679 5019 propterea,
2704 4957 2763 5003 ut
2810 4949 3026 5018 quidam
3075 4948 3296 5002 Patrum
3333 4949 3499 5001 dixit:

1946 5063 1967 5097 ί
2002 5044 2200 5098 ιυοιυς
2230 5050 2485 5109 operatur
2513 5026 2566 5093 et
2598 5048 2905 5094 οοηεετνοι.
2952 5056 2971 5087 ι

221 5129 339 5175 τως
378 5114 408 5165 ό
443 5112 710 5183 ἁμαρτὼν
736 5116 816 5177 είς
848 5117 941 5169 τὸν
972 5118 1129 5184 Θεὸν,
1167 5121 1238 5174 ἂν
1270 5123 1363 5175 ἐπὶ
1385 5125 1497 5185 τοῖς
1531 5125 1897 5193 ἁμαρτήμασι
1920 5123 2137 5193 διατελῇ
2173 5124 2410 5186 πενθῶν,
2437 5125 2511 5184 ὡς
2547 5122 2644 5189 οὐχ
2678 5118 2900 5171 ἑκούσια
2924 5119 3150 5183 δικαίως
3180 5119 3328 5190 αὐτῷ
3364 5121 3515 5187 λογιο

228 5203 509 5272 σθήσεται
534 5207 597 5257 τὰ
625 5206 1024 5279 ἁμαρτήματα,
1056 5215 1151 5266 καὶ
1196 5216 1335 5285 μετὰ
1370 5216 1480 5268 τῶν
1519 5216 1593 5285 μὴ
1626 5217 1890 5280 ὡσαύτως
1925 5218 2288 5287 ἁμαρτόντων
2319 5215 2692 5285 ἁπροσκόπως
2733 5212 3000 5280 βαδιεῖται
3045 5214 3143 5283 τὴν
3182 5215 3319 5281 πρὸς
3365 5214 3514 5281 ζωὴν

227 5301 414 5367 φέρου
424 5317 524 5353 σαν
564 5305 803 5359 αἰώνιον.

307 5426 428 5493 Τῆς
463 5427 564 5495 μὲν
589 5426 685 5481 οὗ)
727 5428 905 5500 ἀρχῆς
949 5432 1044 5484 τοῦ
1076 5431 1330 5496 πένθους,
1358 5434 1479 5503 ἥτις
1520 5433 1828 5493 κατώδννός

2002 5434 2209 5489 Luctus
2236 5436 2397 5503 igitur
2434 5436 2677 5496 initium,
2698 5432 2843 5499 quod
2875 5430 3183 5483 dulnrnsum
3209 5433 3312 5487 est,
3342 5433 3510 5493 upnte

225 5523 424 5581 ἐστιν,
482 5518 559 5582 ὠς
620 5519 720 5573 καὶ
782 5522 873 5575 τὸν
918 5523 1011 5575 τοῦ
1065 5524 1202 5577 Θεοῦ
1257 5525 1421 5593 φόόον
1481 5528 1831 5596 συνημμένον

1827 5544 1831 5567 ι
1931 5524 2180 5579 timorem
2227 5525 2316 5579 Dei
2353 5525 2613 5579 comitem
2663 5522 2893 5585 habens,
2934 5520 3069 5573 illud
3111 5528 3374 5586 operatur
3422 5518 3504 5567 ln-

230 5608 581 5679 κεκτημένη,
623 5609 787 5663 τοῦτό
838 5613 954 5665 ἐστι
1010 5615 1067 5666 τ’)
1097 5615 1308 5685 κέρδος.
1370 5616 1578 5669 Ποιῖῶν
1620 5617 1697 5678 δὲ,
1762 5620 1829 5686 τῇ

1828 5674 1829 5677 η
1931 5633 2107 5672 crum.
2151 5618 2513 5688 Progr-adiens
2560 5626 2775 5680 autem,
2826 5614 2915 5670 Dei
2962 5612 3136 5665 amori
3180 5608 3505 5664 mirabiliter

332 5849 377 5878 “
413 5845 457 5901 ιι
482 5848 609 5903 Cor.
644 5862 762 5911 vm,
805 5848 887 5902 l0.
