4246 6464
714 409 842 475 I087
1961 405 2342 466 CIlEGﬂRlI
2396 405 2715 463 ΡΛΙΛΜΕ
3838 407 3976 469 1088

710 522 1075 587 coniungitur,
1109 523 1163 567 et
1197 515 1410 566 dulcem
1462 526 1523 565 ac
1572 523 1789 563 sacram
1831 509 2120 563 fructificat
2164 522 2296 558 con-
2327 512 2372 564 Α

2327 501 2490 564 Arei:
2548 504 2683 555 Θεοῦ
2750 508 2942 580 ἀγάπῃ
3009 509 3344 577 θαυμαστῶς
3427 514 3820 580 συνάππεται,
3886 519 3980 570 καὶ

709 614 1028 666 sdationcm
1083 608 1308 674 spiritus
1349 605 1663 666 suavitatis,
1691 619 1855 671 quam
1906 611 2086 672 gnstnt
2119 602 2295 654 luctus

2395 601 2496 663 τὴν
2560 602 2834 671 γλυκεράν
2893 604 2984 654 καὶ
3047 605 3198 674 ἱερὰν
3254 606 3606 677 παράκλησιν
3663 609 3982 679 καρποῦται

710 717 956 765 consors,
987 711 1041 754 et
1090 713 1211 768 qua:
1249 712 1356 751 non
1392 697 1635 766 expertis
1668 695 1782 748 fere
1829 692 2294 762 incomprehensi-

2393 693 2494 760 τῆς
2539 691 2634 746 τοῦ
2684 694 3044 764 Παρακλήτου
3079 698 3474 767 χρηστότητος,
3528 702 3829 769 γευομένου
3888 703 3978 755 τοῦ

712 791 834 841 hilis
866 798 971 852 est,
1009 794 1192 855 utpote
1249 784 1655 838 inenarrabilis.
1683 781 1816 836 Nam
1850 783 1893 837 si
1944 783 2288 836 dulcedinem

713 881 886 932 mellis
921 874 1080 930 nemo
1131 876 1383 929 nuntiare
1428 884 1607 945 potest
1641 876 1722 927 his
1765 874 1854 943 qui
1896 889 1998 926 non
2043 883 2290 941 gustave-

714 983 860 1033 runt,
917 973 1037 1040 quis
1090 972 1257 1041 igitur
1300 984 1472 1022 sacrae
1497 984 1562 1022 ex
1607 968 1715 1021 Deo
1747 968 1947 1021 laetitia:
1999 983 2062 1020 ac
2111 966 2295 1034 gra'iae

709 1067 936 1118 dclicias
978 1079 1082 1116 non
1118 1062 1362 1131 expertis
1409 1058 1736 1114 enarrahit?
1782 1060 1952 1112 Nemo
2000 1071 2170 1119 certe,
2201 1057 2294 1110 sed

712 1160 928 1212 ridetur
984 1155 1198 1209 initium
1238 1156 1414 1208 luctus
1466 1166 1588 1208 esse
1623 1153 1776 1221 quasi
1819 1154 2063 1222 quaedam
2103 1151 2298 1218 petitio

711 1249 946 1319 coujttgii
997 1263 1120 1301 cum
1176 1246 1307 1310 Dco,
1342 1246 1485 1314 quod
1527 1244 1638 1298 fere
1671 1245 2008 1299 inaccessum
2044 1243 2294 1297 hahetur.

712 1340 728 1392 I
757 1346 837 1392 lno
869 1341 1025 1409 quasi
1055 1339 1346 1392 institricia
1379 1340 1544 1393 verba
1571 1339 1924 1407 proferuntur
1950 1338 2015 1388 ad
2044 1333 2296 1405 conjungi

715 1433 1041 1487 nescientem
1097 1446 1379 1499 sponsum,
1404 1431 1470 1484 ah
1505 1430 1569 1484 iis
1599 1431 1688 1498 qui
1726 1431 1793 1481 oh
1842 1428 2177 1483 desiderium
2211 1427 2297 1481 Iu-

713 1535 860 1596 gt‘lll,
917 1524 1236 1593 plangentes
1285 1523 1593 1590 seipsos,ct
1638 1536 1763 1576 eum
1802 1520 2103 1590 ploratibus
2145 1519 2300 1574 invo-

713 1631 904 1673 t'attles
943 1627 1000 1670 ut
1055 1633 1159 1671 non
1223 1624 1545 1684 praesentem
1605 1624 1676 1668 et.
1723 1629 1999 1682 nunquam
2065 1615 2299 1668 fortasse

715 1712 1032 1765 astiturum.
1069 1710 1337 1764 PerfeCtio
1401 1709 1634 1775 denique
1689 1708 1864 1760 luctus
1907 1717 1990 1760 est
2041 1722 2300 1760 consum-

719 1817 862 1858 mata
890 1806 1023 1858 casti
1057 1804 1295 1874 u-onjugii
1332 1802 1546 1870 c0pula.
1571 1802 1756 1870 Itaque
1789 1801 2005 1864 Paulus,
2043 1814 2295 1868 magnum

718 1908 1118 1952 sacramentum
1177 1908 1379 1948 vocans
1427 1894 1723 1961 conjngum
1774 1893 1825 1944 in
1882 1906 2041 1944 unam
2079 1904 2300 1943 carnem

719 1992 946 2055 coitum,
985 1988 1242 2042 subdit"
1284 2003 1298 2042 :
1344 2005 1361 2037 ι
1411 1983 1523 2052 Ego
1573 1996 1755 2038 autem
1811 1985 1932 2037 dico
1974 1984 2025 2036 in
2080 1982 2301 2036 Christo

717 2095 770 2134 et
805 2082 857 2135 iu
895 2080 1165 2135 Ecclesia.
1219 2098 1237 2130 ι
1283 2076 1348 2130 Ut
1395 2077 1537 2132 enim
1593 2075 1647 2128 lii
1709 2084 1836 2128 sunt
1889 2089 1994 2128 una
2041 2089 2190 2136 caro,
2219 2073 2302 2129 sic

719 2189 857 2227 unus
888 2189 1008 2227 cum
1044 2173 1152 2226 Deo
1187 2171 1410 2239 Spiritus
1451 2178 1582 2224 sunt
1614 2167 1706 2222 Dei
1739 2167 2014 2238 coniuges,
2038 2169 2301 2234 quemad-

718 2269 936 2321 nodum
969 2268 1108 2319 idem
1139 2265 1268 2319 alibi
1307 2265 1438 2318 dicit
1468 2262 1512 2293 ⁶⁶
1542 2280 1555 2315 :
1591 2281 1607 2313 ι
1650 2260 1749 2326 Qui
1779 2262 2018 2315 adhaeret
2049 2259 2300 2322 Damino,

719 2375 856 2414 unus
886 2369 964 2414 est
1003 2359 1246 2428 spiritus.
1275 2376 1293 2409 ι
1338 2357 1437 2412 Ubi
1471 2365 1595 2410 Sunt
1624 2353 1788 2425 igitur
1819 2355 1908 2423 qui
1941 2353 2299 2415 contendunt,

716 2462 955 2507 ci-catam
992 2467 1116 2507 esse
1166 2452 1393 2520 gratiam
1451 2449 1842 2504 inhabitantem
1898 2447 2100 2500 sanctis
2159 2445 2302 2498 Dei?

716 2545 907 2600 Sciant
961 2559 1020 2599 se
1069 2543 1450 2611 hlasphemare
1505 2538 1774 2594 adversus
1809 2539 1984 2607 ipsum
2025 2538 2299 2605 spiritum,

716 2639 874 2704 cujus
905 2637 1198 2706 participes
1232 2645 1359 2689 sunt
1390 2633 1464 2685 illi
1509 2633 1708 2687 sancti.
2019 2692 2026 2699 ο

788 2725 901 2781 Nos
933 2742 1065 2780 vero
1097 2725 1365 2794 propositi
1397 2724 1540 2776 aliud
1579 2723 1922 2778 manifestius
1962 2721 2303 2792 proferamus

718 2819 1048 2888 exemplum.
1083 2818 1304 2871 Initium
1361 2819 1559 2886 quippe
1593 2817 1772 2870 luctus
1816 2828 1899 2871 est
1957 2817 2134 2871 simile
2173 2830 2306 2869 cono

720 2913 992 2968 versionis
1051 2911 1286 2980 prodigi,
1321 2924 1385 2964 ac
1421 2911 1646 2979 proinde
1694 2926 1818 2963 eum
1867 2911 1957 2980 qui
1996 2910 2076 2964 sic
2134 2909 2301 2978 luget,

719 3008 924 3076 pudore
952 3003 1215 3059 sulIundit
1238 3011 1292 3056 et
1323 3005 1572 3056 hortatur
1600 3002 1666 3055 ad
1689 3003 1851 3056 verba
1887 3003 2000 3056 hrc
2031 3001 2259 3055 dicenda
2285 3017 2300 3055 :

725 3118 742 3148 ι
787 3097 968 3162 Pater,
997 3095 1215 3165 peccavi
1244 3096 1295 3149 in
1329 3095 1529 3149 caelum
1575 3105 1628 3149 et
1670 3110 1855 3150 coram
1913 3107 1986 3158 te,
2028 3095 2140 3163 jam
2195 3108 2303 3146 non

719 3204 840 3242 sum
874 3191 1070 3259 dignus
1119 3188 1303 3242 vocari
1335 3187 1477 3241 filius
1515 3197 1637 3242 tuus
1670 3187 1774 3240 ⁸⁷.»
1816 3185 2086 3242 Pcrfectio
2121 3194 2302 3239 autem

722 3285 868 3336 illius
918 3283 1047 3336 itcm
1098 3281 1297 3335 similis
1345 3290 1429 3334 est
1463 3281 1718 3336 occursui
1749 3289 1803 3335 et
1847 3278 2036 3334 osculo
2063 3277 2305 3346 supremi

721 3375 927 3439 Patris,
960 3372 1116 3442 cujus
1147 3371 1440 3425 inell'ahilis
1502 3370 1891 3424 misericordiae
1922 3369 2138 3422 divitias
2173 3381 2305 3420 con-

721 3477 963 3532 secutus,
993 3477 1044 3518 et
1105 3473 1324 3534 propter
1358 3465 1499 3517 hanc
1556 3464 1725 3517 multa
1759 3461 1942 3515 Iustitia
1998 3472 2052 3514 et
2107 3460 2302 3513 fiducia

725 3561 967 3629 repletus
1024 3557 1187 3620 filius,
1234 3558 1302 3610 ah
1340 3571 1405 3610 eo
1446 3566 1663 3608 amatur
1692 3569 1928 3622 eumque
1963 3551 2229 3615 redamat,
2253 3559 2305 3604 et

723 3670 849 3706 cum
880 3666 945 3705 eo
979 3653 1147 3705 intrat
1178 3661 1231 3706 et
1258 3650 1540 3719 epulatur,
1577 3648 1799 3703 cmleste
1833 3646 2152 3701 combihens
2176 3660 2306 3714 gau-

725 3748 892 3798 dium.

801 3838 893 3890 Eia
927 3851 1058 3905 ergo
1084 3833 1289 3896 venite,
1313 3843 1367 3887 et
1399 3847 1501 3888 nos
1541 3834 1592 3886 in
1627 3832 1781 3887 beata
1825 3841 2142 3902 paupertate
2175 3847 2301 3899 pro-

723 3932 968 3984 cidamus
991 3940 1043 3983 et
1078 3928 1348 3998 ploremus
1380 3941 1563 3980 coram
1597 3924 1822 3979 Domino
1847 3925 1914 3988 “,
1956 3924 2063 3978 Deo
2089 3935 2299 3984 nestro,

731 4036 786 4072 ιιι
828 4030 1014 4075 nostra
1050 4019 1322 4072 diluamus
1355 4030 1600 4086 peccata,
1626 4027 1678 4071 et
1716 4019 1782 4070 ad
1818 4018 2015 4070 malum
2054 4017 2304 4069 immobi-

729 4117 805 4167 les
856 4115 1069 4178 fiamus,
1099 4124 1153 4167 ct
1203 4112 1471 4167 Paracleti
1515 4114 1685 4165 simus
1733 4112 2042 4179 participes,
2077 4113 2302 4180 gloriam

724 4223 774 4260 et
809 4208 1021 4272 dantes,
1055 4221 1180 4260 cum
1229 4205 1472 4273 ingenito
1513 4204 1694 4267 Patre,
1715 4213 1769 4255 et
1805 4203 2094 4272 Unigenilo
2147 4202 2306 4268 Filio,

732 4313 876 4352 nunc
902 4308 958 4352 et
998 4312 1232 4367 semper,
1261 4308 1315 4351 et
1341 4298 1393 4350 in
1437 4296 1629 4350 saecula
1669 4294 2011 4348 smculorum.
2036 4295 2232 4349 Amen.

2394 786 2474 855 τῷ
2531 787 2721 838 πένθει
2769 788 3136 851 ποιωθέντος’
3192 791 3224 859 ἢ
3274 794 3386 853 τοῖς
3439 795 3515 861 μὴ
3563 792 3727 864 [πει
3781 811 3984 863 πειρα-

2393 875 2571 942 μένοις
2603 875 2786 944 σχεδον
2815 877 3145 944 ἁνήκουστός
3177 880 3341 940 ἐστιν,
3378 882 3450 943 ὼς
3483 884 3739 953 ἂρῤητος.
3773 887 3834 940 Et
3860 894 3971 956 γάρ

2389 965 2701 1034 γλυκύτητα
2743 966 2955 1034 μέλιτος
3011 968 3184 1031 οὐδεὶς
3217 971 3508 1037 ἀναγγελεῖ
3556 975 3668 1036 τοῖς
3723 976 3797 1046 μὴ
3837 994 3968 1043 γευι

2392 1057 2666 1124 σαμένοις,
2713 1059 2830 1120 πῶς
2881 1058 2989 1128 ἄρα
3037 1059 3136 1128 τῆς
3171 1063 3319 1130 ἱερᾶς
3364 1065 3426 1114 ἐκ
3457 1064 3590 1117 Θεοῦ
3642 1071 3815 1136 χαρᾶς
3872 1072 3970 1122 καὶ

2389 1152 2608 1221 χάριτος
2646 1151 2742 1220 τὴν
2789 1153 2979 1221 ἡδονὴν
3016 1157 3126 1215 τοῖς
3190 1156 3264 1223 μὴ
3302 1158 3730 1226 πεπειραμένοις
3769 1160 3968 1230 διηγή-

2393 1243 2540 1294 σεταί
2576 1259 2688 1308 τις;
2725 1244 2786 1294 οὐ
2820 1243 2947 1312 μὴν,
2989 1243 3107 1294 ἀλλ’
3129 1245 3359 1316 ἐοικενή
3398 1249 3497 1314 μὲν
3527 1250 3669 1319 ἁρχὴ
3705 1251 3800 1304 τοῦ
3835 1255 3968 1304 πέν-

2391 1333 2533 1396 θους.
2559 1328 2668 1386 οἶόν
2703 1353 2782 1396 τις
2810 1333 2954 1418 ἐἶναι
2995 1336 3130 1390 Θεοῦ
3157 1340 3453 1408 μνηστείας
3489 1342 3740 1410 ζήτησις,
3778 1347 3970 1413 alga?”

2387 1426 2649 1496 δοκούσης
2685 1427 3001 1496 ἀνεφίκτου.
3040 1429 3130 1481 Διὸ
3164 1430 3254 1483 καί
3293 1447 3434 1494 τινες
3463 1427 3574 1484 οἷον
3628 1451 3971 1504 προμνηττι-

2364 1517 2476 1606 ,κοὶ
2515 1518 2787 1573 κινοῦνται
2831 1519 2998 1586 λόγοι,
3044 1523 3195 1594 παρὰ
3234 1523 3340 1576 τῶν
3377 1525 3465 1577 διὰ
3509 1526 3607 1596 τὴν
3636 1528 3970 1598 ἐπιπόθησιν

2391 1613 2750 1678 πενθούντων,
2783 1615 2920 1684 πρὸς
2946 1617 3418 1672 τὺνὰσυνδύαστον
3447 1623 3701 1690 νυμφίον,
3734 1626 3971 1676 xor-.6.-

2389 1721 2496 1756 των
2544 1706 2792 1770 ἑαυτοὺς,
2846 1707 2937 1761 καὶ
2974 1710 3070 1761 σὺν
3118 1711 3345 1781 ὀλολυγῇ
3393 1713 3722 1780 καλούντων,
3777 1716 3854 1776 ὡς
3907 1719 3968 1768 οὐ

2392 1797 2654 1866 παρόντα,
2689 1799 2822 1869 μηδὲ
2855 1801 3230 1871 παρεσόμενον
3249 1804 3397 1866 ἴσως.
3438 1807 3509 1858 Τὸ
3539 1807 3594 1858 δὲ
3617 1807 3708 1859 τοῦ
3738 1809 3970 1871 πένθους

2394 1887 2561 1952 τέλος,
2593 1893 2836 1962 νυμφικῇ
2881 1893 2937 1944 ὲν
2973 1893 3162 1960 ἁγνείᾳ
3210 1897 3476 1963 συνάφεια
3523 1899 3723 1952 τελεία.
3765 1901 3970 1969 Διόπερ

2392 1981 2419 2032 ό
2453 1981 2677 2048 Παῦλος,
2725 1983 2868 2051 μέγα
2924 1987 3220 2057 μυστήριον
3286 1988 3635 2052 ἀποκαλέσας
3680 1989 3779 2061 τὴν
3830 1993 3969 2061 πρὸς

2395 2075 2521 2143 μίαν
2568 2074 2743 2143 σάρκα
2792 2075 2900 2128 τῶν
2949 2078 3232 2147 ὁμοζύγων
3282 2081 3620 2152 συνδρομήν·
3679 2083 3864 2151 «Ἐγὼ
3912 2084 3972 2136 δὲ

2391 2166 2547 2219 τοῦτο
2580 2167 2738 2235 λέγω,
2774 2169 2957 2238 φησιν,
2985 2173 3064 2234 είς
3089 2172 3340 2242 Χριστὸν,
3371 2176 3464 2226 καὶ
3489 2179 3569 2236 είς
3601 2177 3697 2243 τὴν
3734 2177 3972 2249 Ἐκκλη-

2395 2257 2514 2308 σίαν
2542 2274 2553 2286 ·
2597 2279 2613 2308 ι
2647 2259 2720 2321 ὼς
2759 2261 2867 2330 γὰρ
2913 2263 3109 2315 ἐκεῖνοι
3147 2265 3245 2333 μία
3292 2265 3450 2336 σὰρξ,
3485 2266 3627 2319 οὕτω
3658 2268 3878 2338 πνεῦμα
3911 2271 3972 2322 ἒν

2397 2349 2533 2417 μετὰ
2570 2349 2663 2402 τοῦ
2686 2350 2820 2403 Θεοῦ
2867 2354 2917 2404 of
2943 2354 3037 2406 τοῦ
3073 2354 3207 2407 Θεοῦ
3262 2359 3434 2409 εἰσινο
3474 2359 3549 2421 ὡς
3589 2360 3822 2430 ἀλλαχοῦ
3872 2381 3972 2416 σα-

2395 2442 2510 2509 φῶς
2536 2442 2696 2496 πάλιν
2730 2442 2881 2498 εἶπεν
2915 2449 2942 2500 ό
2991 2448 3171 2512 αὐτὸς,
3208 2450 3290 2502 ὃτι
3325 2451 3353 2501 ὁ
3384 2450 3720 2522 κολλώμενος
3749 2454 3828 2524 τῷ
3857 2457 3972 2507 Κυ-

2397 2531 2514 2602 ρίῳ,
2547 2534 2604 2585 ἒν
2630 2535 2845 2605 πνεῦμά
2880 2541 3015 2591 ἐστι.
3056 2539 3163 2591 Ποῦ
3193 2542 3331 2593 εἰσιν
3370 2544 3418 2594 οἱ
3454 2543 3702 2611 λέγοντες
3742 2549 3973 2616 κτιστὴν

2394 2625 2554 2693 χάριν
2585 2626 2681 2696 τὴν
2719 2628 3037 2682 ἐνοικοῦσαν
3069 2633 3180 2694 τοῖς
3208 2632 3384 2697 ἁγίοις
3427 2634 3519 2687 τοῦ
3546 2636 3681 2688 Θεοῦ
3709 2638 3973 2703 ςΓνὼτω-

2395 2730 2493 2765 σαν
2527 2717 2604 2776 είς
2657 2716 2788 2768 αὐτὸ
2835 2719 2894 2769 τὸ
2947 2719 3162 2790 πνεῦμα
3213 2722 3678 2796 βλασφημοῦντες,
3726 2730 3787 2783 τὸ
3829 2735 3974 2800 μετὰ

2392 2805 2501 2856 τῶν
2530 2805 2700 2872 ἁγίων
2728 2808 2784 2860 ὲν
2811 2811 2878 2879 τῇ
2915 2813 3199 2878 μεταδόσει
3247 2818 3491 2883 γεγονός.
3544 2819 3734 2888 Ἡμεῖς
3783 2823 3840 2875 δὲ
3874 2825 3972 2877 τοῦ

2394 2901 2751 2970 προκειμένου
2770 2905 2862 2956 καὶ
2878 2905 2963 2957 ἓτε
2972 2923 3061 2975 ρον
3077 2909 3101 2959 ὲ
3109 2925 3252 2977 μφαν
3261 2908 3599 2985 [τ]ικώτερον
3618 2918 3974 2988 παράδειγμα

2395 2993 2720 3064 προθῶμεν·
2763 2998 2797 3065 ἡ
2850 2998 2949 3067 μὲν
2989 2999 3096 3069 γὰρ
3146 3002 3290 3071 ἁρχὴ
3331 3003 3426 3055 τοῦ
3462 3007 3709 3073 πένθους,
3744 3015 3806 3081 τῇ
3844 3014 3972 3064 ἐπι.-

2395 3089 2601 3155 στροφῇ
2630 3087 2721 3140 τοῦ
2751 3087 2962 3142 ἀσώτου
2989 3090 3132 3144 ἔοικε
3157 3130 3172 3156 ,
3203 3093 3286 3146 διὸ
3320 3096 3414 3147 καὶ
3453 3102 3754 3168 κατηφείας
3794 3106 3972 3172 ἐμπι-

2396 3177 2502 3244 πὶᾷ
2541 3176 2630 3228 τὸν
2664 3179 2903 3248 ἐργάτην
2930 3182 3149 3249 ἑαυτῆς,
3183 3185 3279 3236 καὶ
3325 3188 3452 3250 τοὺς
3485 3189 3676 3256 λόγους
3722 3194 3974 3258 ἐκείνους

2394 3269 2676 3322 ἀναπείθει
2698 3271 2908 3339 λέγειν’
2949 3293 2967 3324 ι
2992 3273 3191 3344 Πάτερ,
3227 3278 3474 3348 ἥμαρτον
3509 3285 3586 3347 εἰς
3617 3284 3709 3336 τὸν
3736 3286 3974 3354 οὐρανὸν

2396 3363 2487 3413 καὶ
2513 3362 2742 3415 ἐνώπιόν
2790 3382 2905 3433 σου,
2942 3369 3033 3419 καὶ
3079 3370 3178 3421 οὐκ
3223 3370 3302 3423 ἔτι
3345 3374 3461 3443 εἰμὶ
3509 3376 3656 3440 ἄξιος
3701 3380 3974 3449 κληθῆναι

2394 3454 2506 3515 υίὸς
2531 3470 2675 3506 σου.»
2717 3455 2790 3507 Τὸ
2823 3455 2878 3508 δὲ
2909 3458 3062 3521 τέλος
3109 3456 3265 3524 αὖθις
3298 3463 3442 3517 ἔοικε
3465 3470 3530 3536 τῇ
3573 3468 3664 3520 τοῦ
3706 3471 3972 3525 ἀνωτάτω

2395 3543 2606 3612 Πατρὸς
2653 3550 3066 3619 προϋπαντήτει
3108 3569 3166 3603 τε
3223 3556 3328 3607 καὶ
3383 3559 3693 3631 συμπλοκῇ,
3743 3558 3974 3635 ἐντῷ

2396 3639 2610 3709 πλούτῳ
2647 3642 2744 3710 τῆς
2779 3644 3103 3699 ἁνεικάστου
3131 3649 3532 3719 εὐσπλαγχνίας
3581 3656 3840 3725 ἐντυχὼν,
3879 3665 3976 3713 καὶ

2396 3732 2598 3802 πολλῆς
2632 3738 2806 3802 χαρᾶς
2859 3738 2948 3788 καὶ
2991 3741 3300 3809 παρρησίας
3336 3743 3404 3795 δι’
3435 3745 3604 3814 αὐτὴν
3636 3750 3664 3799 ὁ
3707 3750 3824 3812 υἱὸς
3854 3753 3975 3803 ἑπι-

2395 3826 2596 3894 τυχὼν,
2630 3828 2865 3894 ὲφιλείτό
2895 3846 2952 3882 τε
2985 3831 3076 3882 καὶ
3117 3832 3416 3900 ἁντεφίλει,
3468 3839 3559 3889 καὶ
3587 3842 3969 3907 συνεισελθὼν,

2399 3922 2738 3973 συνειστιᾶτο
2782 3921 2859 3989 τῷ
2907 3924 3099 3993 Πατρὶ,
3150 3925 3247 3995 τῆς
3297 3928 3548 3996 οὐρανίου
3582 3935 3974 3989 συναπολαύων

2398 4013 2758 4083 εὐφροσύνης.
2799 4015 2960 4069 Ἀλλὰ
3008 4016 3159 4069 δεῦτε
3209 4020 3303 4071 καὶ
3355 4023 3513 4088 ἡμεῖς
3554 4025 3612 4075 ἐν
3657 4035 3973 4098 μακαριστῇ

2399 4105 2684 4173 πτωχείᾳ,
2731 4105 3150 4175 προσπέσωμεν,
3197 4110 3290 4160 καὶ
3346 4110 3670 4167 κλαύσωμεν
3723 4117 3974 4170 ἐναντίω

2351 4228 2369 4242 ι
2401 4201 2607 4271 Κυρίου
2629 4203 2720 4256 τοῦ
2743 4201 2878 4255 Θεοῦ
2909 4201 3088 4270 ἡμῶν,
3125 4201 3213 4254 ῐνα
3253 4202 3347 4254 καὶ
3389 4203 3458 4254 τά
3498 4211 3976 4276 προημαρτημένα

2393 4289 2805 4359 ἀπαλείψωμεν,
2843 4293 2937 4346 καὶ
2986 4292 3123 4361 πρὸς
3150 4293 3250 4362 τὴν
3281 4293 3478 4345 κακίαν
3524 4295 3817 4360 ἀκινήτους
3846 4299 3976 4352 ἑαυκ-

721 4384 847 4444 τοὺς
881 4382 1224 4450 ποιήσωμεν,
1278 4384 1374 4434 καὶ
1405 4379 1498 4434 τοῦ
1531 4381 1890 4450 Παρακλήτου
1920 4380 2291 4450 ὲπιτύχωμεν,
2357 4381 2419 4432 ὲν
2450 4379 2600 4448 αὐτῷ
2632 4379 3145 4449 παρακαλούμενοι,
3195 4378 3288 4432 καὶ
3315 4377 3465 4446 αὖτῷ
3511 4379 3609 4448 τὴν
3653 4381 3820 4446 δόξαν
3864 4384 3991 4435 ἀνα-

724 4480 1058 4545 πέμποντες,
1086 4479 1180 4530 σὺν
1207 4477 1285 4546 τῷ
1308 4477 1530 4547 ἀνάρχῳ
1561 4477 1756 4547 Πατρὶ,
1782 4477 1878 4528 καὶ
1907 4475 1985 4545 τῷ
2016 4477 2297 4543 μονογένει
2332 4477 2465 4546 Υἱῷ,
2498 4477 2613 4541 νῦν,
2653 4477 2746 4530 καὶ
2776 4479 2898 4540 ἀεὶ,
2934 4479 3026 4530 καὶ
3059 4479 3138 4538 είς
3185 4479 3312 4538 τοὺς
3348 4475 3557 4531 αἰῶνας
3603 4477 3715 4528 τῶν
3758 4479 3995 4530 αἰώνων.

736 4574 794 4625 Ἀ
803 4574 874 4641 μή
885 4594 927 4627 ιιι.

795 4733 840 4762 ⁸⁵
877 4731 1068 4800 Ephes.
1134 4744 1207 4793 vn,
1246 4727 1336 4783 52.
1448 4728 1491 4760 ⁸⁸
1524 4728 1539 4780 I
1567 4729 1698 4784 Cor.
1731 4746 1802 4795 vi.
1841 4731 1922 4781 I7.

2034 4731 2079 4758 ⁸⁷
2121 4729 2252 4781 Luc.
2302 4745 2387 4787 xv,
2424 4728 2513 4779 "ll.

2629 4728 2671 4756 ""
2703 4725 2846 4779 I’sal.
2887 4742 3020 4778 κείν.
