4246 6464
1280 435 1622 497 DECAHJG
1638 436 1729 496 US
1764 432 2253 498 CHRISTIANJE
2297 436 2537 498 LEGIS.

1326 594 1333 598 .
1353 593 1469 600 -.—.——.a
1485 594 1595 600 κ..-
1608 586 2262 601 ---...-.-.-..Δ----ο-.-
2276 598 2297 599 κέ
2322 596 2521 601 -ιτα-ν-.--
2538 596 2617 601 κυμη

1394 756 1745 890 ΤΟΥ
1827 754 2425 893 ΑΥΤΟΥ

3399 440 3539 505 1090

2660 596 2679 599 _
2701 596 2730 601 __
2756 595 2809 601 VH
2843 596 2869 600 -—
2888 594 3417 605 ——-.—_.__—.———._._

544 994 1214 1087 ΔΕΚΑΛΟΓΟΣ.
1272 984 1492 1091 ΤΗΣ
1568 999 1868 1087 ΚΑΤΑ
1933 1002 2413 1092 ΧΡΙΣΤΟΝ
2481 1002 3242 1094 ΝΟΜΟΘΕΣΙΑΣ

1472 1346 2350 1505 EJUSDEM

694 1646 1537 1762 DECALOGUS
1616 1646 2542 1764 CHRISTIANKE
2635 1650 3091 1765 LEGIS.

339 2012 541 2082 Κύριος
582 2013 609 2063 ὁ
634 2013 765 2076 Θειῧς
814 2032 907 2067 σου
950 2014 1154 2086 Κύρ;ος
1182 2009 1262 2081 εἷς
1297 2018 1465 2083 ἐστιν,
1501 2019 1527 2071 ὁ
1553 2019 1613 2072 ὲν
1638 2015 1847 2087 “arpi,
1887 2005 1925 2061 Α

256 2106 358 2158 καὶ
397 2107 531 2174 Tir},
584 2109 678 2160 καὶ
729 2109 869 2179 ἁγίῳ
898 2110 1177 2180 Πνεύματι
1207 2114 1603 2183 γνωριζόμενος
1627 2128 1640 2141 °
1676 2097 1850 2183 Πατρὶ

257 2202 571 2270 ἀγεννήτῳ,
627 2202 740 2271 Υἰῷ
791 2205 1057 2274 γεννητῷ,
1112 2206 1392 2275 ἀνάρχως,
1442 2207 1536 2259 καὶ
1582 2207 1848 2275 ἁχρόνως,

260 2297 363 2347 καὶ
420 2294 670 2360 ἀπαθῶς,
701 2298 776 2359 ὼς
828 2298 1023 2366 Λόγῳ·
1054 2298 1114 2362 ὃς
1163 2298 1231 2352 δι’
1274 2300 1465 2353 ἑαυτοῦ
1498 2300 1556 2352 τὸ
1596 2300 1653 2365 ιξ
1692 2299 1850 2368 ἡμῶν

261 2388 465 2456 χρίσας
526 2388 886 2458 πρόσλημμα,
934 2392 1197 2462 κέκληται
1246 2393 1501 2461 Χριστὸς,
1537 2394 1631 2445 καί
1683 2388 1850 2445 [Ινεὺ-

266 2498 405 2549 ματι
435 2480 595 2550 ἁγίῳ,
630 2483 721 2534 καὶ
754 2482 903 2553 αὑτῷ
944 2485 1007 2537 ὲκ
1056 2484 1150 2537 τοῦ
1190 2485 1421 2556 Πατρὸς,
1457 2489 1517 2539 οὑ
1554 2486 1849 2554 γεννητῶς,

258 2574 383 2626 ἀὶλ⁹
434 2576 784 2644 ἐκπορευτῶς
821 2579 1230 2648 προερχομένῳ.
1277 2574 1445 2642 Οὗτος
1490 2580 1648 2648 μόνος
1696 2579 1850 2647 Θεὸς,

262 2668 365 2719 καὶ
426 2662 577 2730 οὗτος
626 2667 758 2731 Θεὸς
792 2670 1061 2739 ἀληθινὸς,
1098 2672 1125 2723 ὁ
1180 2672 1238 2723 ὲν
1287 2672 1475 2739 Τριάδι
1508 2673 1853 2725 ὑποστάσεων

262 2759 477 2828 Κύριος
509 2755 590 2821 εἷς
613 2778 624 2790 ·
665 2760 847 2829 φύσει,
880 2763 971 2813 καὶ
1005 2763 1189 2833 βουλῇ,
1218 2766 1307 2817 καὶ
1336 2765 1483 2835 δόξῃ.
1535 2766 1760 2833 δυνάμει
1793 2782 1851 2817 τε

262 2849 359 2899 καὶ
408 2850 678 2919 ἐνεργείᾳ,
742 2851 835 2902 καὶ
879 2854 1013 2904 πᾶσι
1075 2857 1186 2915 τοῖς
1231 2854 1330 2923 τῆς
1373 2854 1620 2923 Θεότητος
1656 2856 1855 2925 γνωρί-

264 2956 445 3006 σμασι
488 2941 563 3009 μὴ
586 2941 985 3009 διαιρούμενος.
1004 2944 1174 2997 Αὐτὸν
1200 2947 1359 3014 μόνον
1392 2948 1723 3016 ἀγαπήσεις,
1758 2946 1853 2999 καὶ

261 3027 423 3095 αὑτῷ
471 3028 616 3097 μόνῳ
664 3032 981 3100 λατρεύσεις
1053 3034 1111 3097 ἐξ
1152 3034 1280 3098 ὅλης
1319 3035 1414 3101 τῆς
1458 3034 1693 3097 διανοίας
1733 3052 1849 3097 σου,

262 3121 364 3170 καὶ
396 3117 456 3181 ἐξ
489 3119 618 3189 ὅλης
664 3122 763 3191 τῆς
812 3124 1059 3193 καρδίας,
1112 3128 1204 3178 καὶ
1256 3125 1316 3189 ἐξ
1357 3128 1484 3194 ὅλης
1516 3130 1610 3197 τῆς
1671 3128 1853 3196 ἰσχύος

264 3230 387 3273 σου,
425 3214 516 3264 καὶ
555 3214 707 3268 ἔσται
742 3218 810 3269 τά
854 3219 1075 3288 ῥήματα
1120 3221 1285 3274 αὐτοῦ
1332 3224 1424 3274 καὶ
1474 3223 1540 3275 τά
1577 3223 1853 3291 προστάγ-

264 3322 421 3372 ματα
446 3306 609 3359 αὑτοῦ
638 3310 694 3359 ὲν
721 3311 784 3379 τῇ
825 3310 1021 3380 καρδίᾳ
1068 3329 1179 3376 σου,
1214 3316 1293 3376 εἰς
1320 3314 1381 3366 τὸ
1408 3316 1670 3384 πράττειν
1693 3314 1849 3367 αὑτά.

261 3399 365 3448 καὶ
404 3398 659 3467 μελετᾷν,
709 3401 804 3453 καὶ
836 3400 1016 3454 λαλεῖν
1067 3405 1125 3456 ὲν
1182 3405 1387 3471 αὐτοῖς,
1439 3406 1743 3476 καθήμενόν
1793 3421 1852 3458 τε

261 3492 363 3541 καὶ
416 3492 806 3561 ποριυίέμενον,
861 3497 1267 3567 κοιταζόμενον,
1323 3501 1417 3551 καὶ
1474 3499 1852 3567 ἀνιστάμενον.

260 3584 380 3633 Καὶ
419 3584 708 3657 μνησθήσῃ
737 3586 1029 3651 διαπαντὸς
1080 3590 1284 3657 Κυρίου
1313 3590 1406 3642 τοῦ
1434 3590 1569 3643 Θεοῦ
1609 3608 1724 3652 σου,
1762 3592 1855 3643 καὶ

260 3674 560 3745 φοϐηθήση
623 3677 786 3729 αὑτὸν
848 3680 1011 3746 μόνον
1049 3696 1060 3708 ·
1092 3683 1186 3734 καὶ⁵
1241 3682 1339 3734 οὐκ
1381 3682 1618 3753 ἐπιλήσῃ
1665 3679 1855 3749 αὑτοῦ,

258 3766 389 3817 οᾷδὲ
428 3765 537 3818 τῶν
562 3768 793 3819 ἐντολῶν
826 3770 1017 3822 αὐτοῦ’
1065 3771 1215 3823 οὓτω
1244 3772 1350 3841 γάρ
1385 3771 1543 3824 δώσει
1578 3789 1657 3824 σοι
1696 3772 1856 3835 αὐτὸς

265 3859 429 3925 ἰσχὺν
452 3858 546 3910 τοῦ
579 3862 752 3910 ποιεῖν
770 3859 830 3911 τὸ
866 3860 1076 3929 θέλημα
1115 3863 1280 3915 αὑτοῦ
1303 3876 1317 3892 ⁸
1345 3862 1497 3915 οὐδὲν
1522 3862 1630 3931 γὰρ
1671 3863 1857 3932 ἕτερον

262 3949 497 4019 ἐκζητεῖ
515 3950 662 4019 παρὰ
690 3950 805 4013 σοῦ,
826 3952 941 4004 ἀλλ’
963 3952 995 4021 ἢ
1015 3954 1293 4021 φοϐεῖσθαι
1313 3955 1404 4006 καὶ
1426 3956 1643 4024 ἀγαπᾷν
1673 3954 1855 4019 αὑτὸν,

264 4043 369 4093 καὶ
420 4041 756 4111 πορεύεσθαι
788 4045 845 4094 ὲν
892 4044 1093 4107 πάσαις
1126 4049 1246 4108 ταῖς
1286 4046 1423 4108 ὁδοῖς
1456 4045 1643 4099 αὐτοῦ.
1684 4038 1857 4111 Οὗτος

265 4134 541 4202 καύχημά
566 4152 679 4198 σου,
724 4135 816 4188 καὶ
851 4130 1005 4197 οὗτος
1039 4135 1169 4199 Θεός
1206 4153 1319 4190 σου.
1354 4138 1444 4208 Μὴ
1474 4139 1713 4211 ἀκούσῃς
1748 4139 1858 4192 τῶν

265 4226 666 4293 ὑπερκοσμίων
716 4226 964 4293 ἀγγέλων
1009 4228 1071 4280 τὸ
1112 4228 1321 4291 ἀπαθὲς
1362 4230 1453 4281 καλ¹
1480 4230 1729 4300 ἀόρατον,
1767 4231 1859 4283 καὶ

264 4317 365 4368 τοῦ
415 4316 745 4379 ἐκπεσόντος
778 4318 989 4370 ἐκεῖθεν
1020 4320 1081 4371 τὸ
1130 4320 1252 4373 λίαν
1302 4322 1555 4391 πονηρὸν,
1583 4324 1676 4375 καὶ
1722 4324 1859 4391 πρὸς

263 4408 371 4476 τὴν
426 4409 639 4477 πλάνην
674 4412 856 4477 σοφὸν,
905 4411 1003 4463 καὶ
1058 4412 1173 4477 ὀξὺ,
1207 4413 1298 4465 καὶ
1329 4416 1720 4484 παμμὴχανον,
1765 4416 1858 4468 καὶ

264 4500 539 4569 ὁμότιμον
565 4518 614 4553 τι
647 4502 855 4553 τούτων
892 4502 970 4570 τῷ
1015 4504 1134 4572 Θεῷ
1172 4505 1401 4576 δοξάσῃς
1428 4524 1441 4537 ·
1483 4508 1559 4575 μὴ
1613 4508 1727 4578 ἴδῃς
1762 4507 1856 4561 τοῦ

266 4592 507 4661 οὐρανοῦ
560 4593 620 4643 τὸ
668 4593 925 4661 μέγεθος,
963 4596 1059 4647 καὶ
1109 4596 1169 4648 τὸ
1202 4598 1478 4660 πολυειδὲς
1521 4600 1621 4667 τῆς
1664 4599 1857 4653 τούτου

1888 3353 1935 3413 Β

2038 2025 2054 2055 ι
2100 2004 2361 2061 Dominus
2421 2007 2563 2062 Deus
2621 2017 2745 2063 tuus
2801 2010 3064 2067 Dominus
3113 2027 3254 2067 unus
3283 2022 3384 2079 est,
3426 2032 3444 2065 ι
3485 2014 3536 2067 in

1957 2096 2120 2154 Patre
2180 2112 2233 2153 et
2288 2102 2338 2152 in
2408 2102 2542 2155 Filio
2609 2110 2661 2156 et
2712 2104 2764 2155 in
2833 2103 3040 2172 Spiritu
3092 2115 3283 2160 sancto
3347 2108 3536 2176 cogni-

1959 2204 2094 2251 tus:
2160 2194 2212 2247 in
2262 2196 2423 2249 Patre
2472 2199 2741 2267 ingenito;
2784 2201 2836 2253 in
2874 2197 3013 2253 Filio
3061 2201 3266 2269 genito,
3322 2201 3415 2271 qui
3447 2209 3531 2255 ρμι
3626 2178 3633 2185 ’

1958 2287 2080 2340 sine
2127 2287 2413 2353 principio,
2462 2300 2719 2352 aeternus,
2772 2301 2825 2344 et
2880 2292 3250 2359 impassihilis,
3313 2306 3371 2346 ut
3404 2292 3531 2348 Ver-

1960 2381 2108 2445 ltum,
2136 2381 2226 2451 qui
2259 2390 2512 2435 naturam
2551 2393 2796 2438 nostram
2848 2386 2915 2437 de
2969 2386 3148 2453 scipso
3191 2386 3369 2449 unxit,
3398 2391 3540 2440 unde

1960 2484 2184 2529 meatus
2208 2486 2291 2529 est
2323 2475 2601 2543 Christus;
2636 2486 2689 2531 et
2728 2478 2781 2531 in
2815 2476 3021 2547 Spiritu
3070 2488 3279 2545 sancto,
3313 2480 3408 2548 qui
3449 2488 3538 2534 est

1960 2567 2075 2638 ipse
2098 2568 2165 2622 de
2193 2566 2372 2632 Patre,
2402 2584 2506 2623 non
2536 2584 2631 2637 per
2661 2570 3005 2635 liliationem.
3024 2574 3116 2626 sed
3159 2588 3256 2641 per
3283 2572 3542 2639 spiratio-

1961 2676 2081 2715 nem
2120 2661 2385 2729 procedit.
2426 2660 2522 2715 llic
2576 2673 2661 2717 est
2705 2679 2846 2719 unus
2881 2664 3042 2726 Deus.
3074 2674 3129 2719 et
3168 2665 3256 2719 hic
3286 2674 3371 2719 est
3400 2664 3543 2718 Deus

1960 2767 2143 2816 verus,
2170 2762 2229 2808 et
2277 2756 2328 2809 in
2377 2755 2623 2809 trinitate
2659 2770 3013 2825 personarmn
3053 2756 3317 2811 Dominus
3356 2771 3542 2813 unus:

1960 2854 2179 2909 natura,
2237 2844 2534 2910 voluntate,
2569 2846 2761 2915 gloria,
2791 2856 3081 2916 potestate,
3116 2846 3456 2916 operatione,
3487 2857 3542 2899 et

1960 2936 2213 2990 omnibus
2257 2937 2555 2992 divinitatis
2619 2940 3047 3006 proprietatibus
3132 2954 3239 2992 non
3305 2938 3538 2993 divisus.

1963 3027 2112 3080 Illum
2149 3028 2320 3082 solum
2344 3028 2558 3099 diliges,
2582 3030 2728 3083 etilli
2764 3032 2862 3085 soli
2887 3033 3095 3085 servies
3115 3047 3179 3084 ex
3211 3040 3321 3084 tota
3361 3040 3541 3085 mente

1962 3127 2146 3182 tua,et
2177 3130 2373 3174 extoro
2405 3126 2570 3175 corde
2594 3130 2705 3187 tuo,
2730 3130 2784 3174 et
2810 3137 2872 3174 ex
2907 3133 3015 3175 tota
3051 3122 3369 3178 fortitudine
3404 3134 3490 3174 tua
3524 3138 3539 3186 ;

1964 3223 2235 3283 eruntque
2268 3215 2433 3269 verba
2466 3214 2585 3282 ejus
2615 3225 2663 3269 el
2694 3229 2961 3285 praet-pta
2987 3215 3101 3282 ejus
3137 3216 3187 3268 in
3231 3216 3398 3269 corde
3429 3225 3541 3276 llm,

1965 3320 2025 3362 ut
2054 3307 2224 3363 facias
2260 3324 2345 3369 ea,
2384 3317 2440 3362 et
2474 3308 2755 3361 mediteris
2796 3309 2851 3379 in
2899 3309 2979 3362 eis
3017 3311 3214 3362 sedens
3258 3318 3313 3362 et
3347 3307 3544 3361 amhu-

1969 3401 2105 3464 Ians,
2123 3402 2395 3454 dormiens
2418 3410 2577 3469 atque
2598 3415 2937 3467 consurgens
2967 3402 3009 3433 “
3032 3402 3070 3453 ‘.
3106 3399 3169 3453 Et
3208 3399 3500 3454 recordabe
3518 3428 3544 3436 -

1966 3495 2043 3549 ris
2070 3509 2288 3562 semper
2323 3494 2533 3547 Domini
2581 3493 2671 3546 Dei
2706 3494 2806 3557 tui,
2836 3504 2890 3547 et
2931 3494 3143 3546 limchis
3194 3507 3316 3546 eum
3346 3492 3542 3553 solum,

1967 3602 2065 3641 nec
2089 3586 2428 3641 Oblivisceris
2455 3586 2571 3654 ejus
2603 3595 2655 3639 et
2684 3584 3064 3638 mandatorum
3096 3585 3212 3653 ejus
3241 3601 3255 3638 :
3281 3584 3361 3637 sic
3400 3584 3543 3636 enim

1966 3681 2243 3735 dahittibi
2299 3679 2405 3733 vim
2464 3678 2697 3733 faciendi
2754 3678 3089 3731 voluntatem
3144 3678 3346 3746 ipsius;
3409 3676 3541 3729 nihil

1966 3776 2113 3828 enim
2148 3772 2284 3842 petit
2318 3787 2346 3824 a
2398 3781 2472 3836 te,
2510 3772 2611 3824 nisi
2664 3783 2722 3824 ιιι
2756 3771 2948 3824 timeas
2977 3782 3030 3823 et
3081 3770 3272 3839 diligas
3311 3784 3455 3830 eum,
3486 3778 3541 3821 et

1970 3865 2215 3920 ambules
2246 3865 2306 3919 in
2325 3863 2581 3918 omnibus
2613 3863 2715 3917 viis
2744 3862 2863 3928 ejus
2887 3862 2953 3916 “.
2990 3861 3088 3915 llic
3115 3872 3198 3915 est
3230 3860 3394 3928 gloria
3431 3869 3542 3923 tua,

1968 3969 2021 4009 et
2057 3958 2145 4011 hic
2170 3957 2311 4010 Deus
2348 3969 2491 4008 tuus.
2522 3955 2599 4008 Die
2652 3972 2681 4009 a
2703 3957 2894 4008 stimes
2925 3971 3281 4020 supernorum
3320 3955 3540 4023 angelu-

1969 4064 2085 4100 rmu
2124 4045 2635 4116 impassihilitatem,
2682 4054 2736 4098 et
2785 4044 2987 4112 delapsi
3019 4044 3164 4098 illinc
3217 4044 3536 4111 nequitiam.

1968 4140 2076 4192 doli
2112 4139 2340 4205 peritam
2363 4136 2723 4205 callidamque
2746 4144 2801 4188 et
2832 4135 3208 4198 artiﬁciosam,
3240 4149 3340 4188 nec
3380 4133 3543 4187 ullum

1968 4247 2156 4285 eorum
2180 4231 2370 4285 eodem
2410 4245 2519 4297 qun
2551 4228 2720 4281 Deum
2748 4228 2956 4282 honore
2983 4226 3267 4293 glorilices.
3298 4225 3376 4279 Ne
3407 4239 3542 4279 con-

1970 4325 2175 4378 sideres
2203 4323 2325 4377 coeli
2376 4320 2827 4387 magnitudinem,
2881 4318 3241 4372 multiformes
3271 4317 3394 4387 ejus
3425 4332 3542 4369 mo-

1969 4428 2078 4481 tus,
2123 4416 2467 4485 splendorem
2505 4414 2656 4475 solis.
2690 4416 2919 4467 nitorem
2981 4412 3144 4475 quat,
3200 4412 3545 4478 aliorumque

1970 4510 2210 4563 siderum
2238 4504 2520 4574 fulgorem,
2552 4518 2653 4557 nec.
2679 4502 2967 4556 utilitatem
3002 4498 3223 4567 aspirati
3250 4498 3415 4560 acris,
3446 4511 3546 4549 nec

1973 4602 2141 4655 maris
2190 4613 2254 4652 ac
2307 4606 2465 4650 terra:
2522 4594 2940 4657 fecunditatem,
2980 4607 3078 4644 nec
3119 4590 3322 4657 aliquid
3352 4589 3545 4642 horum

269 4687 567 4756 κινήσεως,
591 4688 651 4738 τὸ
679 4688 1025 4759 περιλαμπὲς
1048 4689 1141 4741 τοῦ
1174 4690 1347 4758 ἡλίου,
1379 4692 1477 4759 τὴν
1510 4691 1607 4761 τῆς
1630 4694 1856 4763 σελήνης

1972 4692 2212 4744 deilices.
2251 4686 2385 4741 Nam
2420 4695 2628 4741 cuncta.-
2681 4700 2768 4739 res
2812 4684 2974 4738 unius
3026 4684 3117 4737 Dei
3152 4689 3278 4735 sunt
3333 4678 3547 4732 famula!

268 4778 579 4845 φανότητα,
630 4778 739 4829 τῶν
784 4779 962 4831 ἄλλων
1012 4781 1262 4849 ἀστέρων
1292 4784 1351 4834 τὸ
1400 4783 1637 4850 διαυγὲς,
1688 4786 1749 4838 τὸ
1780 4786 1861 4849 εἰς

266 4872 554 4933 ἀναπνοὰς
600 4871 693 4922 τοῦ
734 4872 895 4940 ἀέρος
937 4871 1259 4941 εῠχρηστον,
1308 4875 1406 4944 τῆς
1445 4876 1720 4945 θαλάσσης
1768 4880 1859 4930 καὶ

268 4962 375 5028 τῆς
398 4962 501 5029 γῆς
530 4962 590 5013 τὸ
622 4964 935 5031 πάμφορον,
968 4966 1059 5015 καὶ
1101 4964 1427 5039 θεοποιήσῃς
1461 4985 1510 5019 τι
1540 4969 1647 5021 τῶν
1681 4970 1859 5021 τοιού-

267 5070 405 5106 των.
466 5054 653 5107 Πάντα
702 5058 815 5123 γάρ
865 5054 959 5107 τοῦ
1017 5056 1181 5124 μόνον
1226 5057 1359 5109 Θεοῦ
1406 5059 1512 5110 εἱσι
1558 5059 1721 5113 δοῦλα
1765 5064 1859 5115 καὶ

271 5144 579 5211 κτίσματα,
612 5145 689 5214 τῷ
739 5146 883 5216 λόγῳ
930 5147 1094 5199 αὑτοῦ
1141 5149 1203 5199 ἐκ
1253 5149 1327 5217 μὴ
1375 5148 1539 5201 ὄντων
1571 5155 1855 5220 γενόμενα.

277 5237 486 5298 «Αὐτὸς
517 5236 626 5304 γὰρ
666 5232 809 5299 εἷπε,
837 5239 931 5290 καὶ
958 5238 1318 5309 ἐγενήθησαν·
1341 5242 1502 5303 αὑτὲς
1536 5244 1858 5311 ἐνετείλατο,

268 5329 369 5378 καὶ
404 5326 789 5395 ἐκτίσϐησαν.»
818 5327 1021 5379 Τοῦτον
1049 5325 1140 5381 οὖν
1171 5332 1331 5399 μόνον
1354 5332 1441 5383 τὸν
1467 5334 1742 5402 Δεσπότην
1768 5334 1859 5386 καὶ

269 5418 625 5487 Δημιουργὸν
665 5416 761 5469 τοῦ
794 5420 995 5482 παντὸς
1026 5421 1099 5484 ὼς
1135 5422 1266 5475 Θεὸν
1297 5424 1562 5489 δοξάσεις,
1601 5427 1693 5479 καὶ
1725 5429 1859 5495 πρὸς

269 5513 445 5563 αὑτὸν
482 5511 549 5563 δι’
598 5514 817 5581 ἀγάπης
854 5513 1165 5587 κολληθήσῃ
1200 5518 1293 5571 καὶ
1324 5519 1471 5589 αὑτῴ
1504 5523 1859 5592 μετανοήσεις

270 5602 497 5672 ἡμέρας
542 5603 638 5654 καὶ
679 5604 893 5667 νυκτὸς,
925 5607 1019 5657 ἐπὶ
1068 5609 1182 5670 τοῖς
1243 5610 1514 5673 ἑκουσίοις
1566 5612 1658 5662 καὶ
1701 5613 1862 5664 ἀκου-

270 5694 418 5753 σίοις
472 5694 917 5762 παραπτώμασιν
944 5714 957 5727 ο
1011 5698 1177 5761 αὐτὸς
1221 5700 1327 5765 γάρ
1368 5700 1514 5751 ἐστιν
1562 5701 1861 5765 οἰκτίρμων

352 5807 473 5929 "'2"
502 5807 667 5863 Marc.
700 5824 793 5873 xu,
824 5806 913 5862 l9.
1015 5810 1062 5842 “
1086 5808 1240 5867 Deut.
1271 5827 1349 5879 vr,
1373 5812 1490 5869 5-7.

289 5896 365 5941 ιτ,
405 5896 459 5931 2.

1973 4800 2037 4838 ac
2072 4790 2355 4843 creaturae,
2391 4779 2555 4832 vcrho
2593 4777 2713 4844 t-jus
2743 4794 2772 4831 e
2801 4778 2971 4831 nihilo
2999 4778 3296 4845 producte.
3345 4792 3361 4823 ι
3403 4772 3547 4836 Quu-

1974 4874 2119 4927 niam
2158 4873 2273 4941 ipse
2329 4872 2487 4932 dixit,
2522 4879 2575 4921 et
2622 4868 2767 4923 facta
2800 4877 2964 4932 sunt;
3018 4868 3128 4934 ipse
3166 4865 3460 4923 mandatit,
3495 4874 3549 4915 et

1968 4978 2153 5020 creata
2203 4976 2325 5018 sunt
2360 4964 2425 5015 ⁸⁷.
2484 4982 2500 5013 ι
2542 4962 2694 5015 Ilunc
2747 4963 2908 5029 igitur
2946 4960 3120 5013 solum
3176 4958 3460 5008 Dominum
3496 4966 3543 5005 et

1970 5059 2286 5113 Creatorem
2323 5058 2705 5109 universorum
2735 5065 2790 5107 ut
2824 5052 2986 5106 Deum
3014 5054 3184 5109 coles,
3218 5052 3375 5118 eique
3412 5050 3544 5101 clza-

1974 5151 2131 5204 ritate
2165 5149 2534 5217 conjuugeris,
2570 5159 2625 5201 et
2680 5146 2748 5200 ah
2776 5161 2842 5200 eo
2884 5147 2974 5197 diu
3009 5155 3279 5211 noctuque
3332 5142 3545 5193 veniam

1971 5254 2123 5308 petes
2182 5242 2509 5295 oﬂ‘ensarum
2562 5249 2754 5309 sponte
2813 5249 2905 5291 aut
2960 5248 3156 5305 praeter
3215 5236 3544 5287 voluntatem

1966 5335 2385 5388 commissarum
2422 5351 2434 5387 :
2472 5335 2583 5401 ipse
2636 5332 2780 5383 enim
2814 5338 2899 5383 est
2960 5330 3247 5381 miseratur
3297 5336 3349 5378 et
3384 5326 3548 5375 mist--

1970 5428 2144 5481 ricors
2172 5428 2236 5490 “,
2274 5427 2487 5493 patiens
2508 5436 2559 5477 et
2590 5424 2771 5476 multa!
2800 5420 3168 5475 miserationis
3202 5418 3267 5478 ".
3294 5426 3347 5469 et
3385 5417 3551 5468 hem--

1968 5519 2142 5573 factor
2198 5519 2604 5586 sempitetnus;
2660 5518 2987 5585 promittens
3018 5522 3071 5564 et
3126 5511 3265 5563 dans
3318 5522 3544 5574 regnum

1970 5608 2194 5664 cmleste
2226 5621 2280 5663 et
2314 5621 2599 5669 aeternum,
2630 5619 2682 5661 et
2715 5608 2879 5658 vitam
2915 5603 3120 5657 doloris
3152 5617 3213 5654 ac
3249 5600 3438 5653 mortis
3464 5597 3549 5649 in-

1970 5702 2136 5755 sciam
2161 5713 2214 5755 et
2232 5702 2367 5755 lucis
2398 5704 2515 5755 sine
2541 5715 2761 5769 vespera
2784 5696 3209 5767 possessionem,
3234 5691 3547 5746 verentibus

1592 5818 1637 5850 “
1658 5818 1813 5875 Deut.
1851 5834 1856 5871 :

1959 5817 2033 5874 12.
2111 5818 2153 5849 θ’
2188 5817 2333 5872 Psal.
2363 5832 2532 5882 xu",
2572 5816 2624 5871 9.
2706 5815 2748 5845 “
2774 5814 2917 5868 Psal.
2964 5808 3277 5877 Luxv,15.
3350 5804 3392 5835 ⁸³
3418 5803 3543 5861 lcu.
