4246 6464
725 444 744 506 1
758 435 851 506 Otii

1983 448 2026 506 G
2039 445 2243 506 REGO
2256 444 2369 504 [ιιι
2413 445 2503 504 ΡΑ
2518 446 2736 505 [AM/1!

3850 427 3996 503 1092

720 561 1130 631 toletttihusqne
1154 577 1217 616 ac
1241 563 1594 629 diligentibus
1650 566 1856 634 ipsum,
1881 577 1934 621 et
1957 565 2303 620 servantibus
2335 567 2377 620 Α

2335 567 2377 620 Α
2415 555 2510 608 καὶ
2531 554 2800 626 ἐλεήμων,
2841 557 3191 628 μακρόθυμος
3233 559 3324 613 καὶ
3361 561 3668 624 πολυέλεος,
3708 565 3801 615 καὶ
3847 566 3997 630 ἀγα-

721 665 987 718 prtecepta
1021 657 1210 718 ipsius.
1248 653 1355 709 Sed
1400 657 1539 710 idem
1578 658 1718 711 Deus
1748 668 1830 712 est
1856 659 2019 713 etiam
2067 659 2291 724 zelotes,

721 754 774 803 et
803 744 976 812 jusms
1004 746 1191 814 jutlex,
1223 757 1278 802 et
1310 752 1632 805 metuendus
1662 752 1821 818 ultor,
1858 752 2166 807 retribuens
2191 768 2295 808 non

723 837 1041 893 timentibus
1070 855 1148 904 se,
1174 850 1226 894 et
1250 842 1350 895 sibi
1379 858 1481 895 non
1515 842 1912 908 obedientibus,
1941 855 1992 898 et
2013 861 2108 898 sua
2141 862 2296 912 sper-

724 931 981 985 nentibus
1048 935 1324 990 mandata.
1388 951 1575 1003 ponas
1633 947 1885 1000 aeternas,
1922 939 2098 1008 ignem
2147 940 2295 993 inex-

726 1023 1118 1092 stinguibilem.
1153 1025 1396 1079 dolorem
1431 1027 1852 1093 indesinentem,
1886 1031 2295 1085 tribulationem

724 1113 842 1166 sine
869 1116 1086 1173 solatio.
1116 1118 1491 1170 indumentum
1525 1128 1676 1172 tetrte
1705 1120 1977 1187 caliginis,
2014 1123 2293 1190 regionem

725 1206 1075 1259 tenebrarum
1097 1219 1144 1260 et
1170 1210 1566 1279 oppressionis,
1596 1211 1885 1266 stridomn
1916 1214 2153 1268 dentium
2181 1215 2297 1269 sine

726 1297 834 1350 ulla
867 1298 1240 1364 miseratione,
1287 1301 1556 1358 veneﬁcos
1586 1313 1639 1355 et
1678 1303 2006 1371 irrequietos
2034 1321 2246 1361 vermes
2278 1323 2297 1361 :

728 1403 848 1455 quur
882 1392 1200 1456 praeparavit
1238 1393 1412 1455 primo
1442 1408 1673 1459 nequam
1711 1404 1996 1461 apostatm,
2033 1406 2088 1451 et
2131 1397 2295 1451 simul

729 1481 984 1533 omnibus
1017 1484 1081 1533 ab
1103 1499 1168 1534 eo
1197 1485 1437 1538 seductis
1470 1488 1626 1552 eique
1651 1489 2031 1552 servientibus,
2064 1502 2300 1560 elsper—

727 1573 978 1627 nentilius
1016 1573 1278 1629 fartorem
1310 1594 1492 1641 suum,
1528 1580 1578 1632 in
1609 1594 1798 1649 opere,
1849 1584 2018 1638 verbo
2061 1595 2115 1639 et
2151 1585 2297 1654 cosi-

726 1663 953 1718 latione.

2415 647 2630 711 θοποιδς
2666 647 2882 711 αἰώνιος
2907 664 2919 677 °
2973 650 3353 721 ὑπεσχημένος
3383 652 3477 704 καὶ
3525 652 3704 716 διδοὺς
3737 654 3997 723 οὐράνιον

2416 738 2714 810 βασιλείαν,
2757 743 2853 795 xui
2894 743 3196 812 ἀδιάδοχον,
3249 747 3342 796 καὶ
3389 744 3504 814 βίον
3552 743 3842 811 ἀνώδυνον,
3895 749 3991 798 xu‘

2414 831 2561 899 ζωὴν
2595 829 2885 896 ἀθάνατον,
2914 833 3008 886 καὶ
3042 835 3156 902 φῶς
3204 836 3288 897 εἰς
3335 836 3634 893 ἀπόλαυσιν
3661 838 3995 902 ἀνέσπερον,

2411 926 2524 986 τοῖς
2575 924 2892 995 σεϐομένοις
2941 927 3037 979 καὶ
3077 928 3474 996 προσκυνοῦσιν
3510 929 3692 992 αὑτὸν,
3724 930 3820 981 xui
3849 931 3995 997 ἀγα-

2414 1015 2580 1081 πῶσι,
2615 1018 2710 1070 καὶ
2739 1019 3074 1086 φυλάσσουσι
3097 1022 3162 1071 τά
3184 1023 3580 1094 προστάγματα
3600 1021 3789 1075 αὑτοῦ.
3831 1021 3998 1074 Ἀλλὰ

2415 1109 2508 1162 xui
2543 1109 2673 1172 Θεὸς
2710 1110 2978 1180 ζηλωτὴς,
3017 1114 3109 1164 καὶ
3131 1114 3335 1176 δίκαιος
3364 1115 3579 1185 κριτὴς,
3633 1117 3722 1168 καὶ
3763 1116 3997 1185 φρικτδς

2414 1201 2706 1270 ὲκδικητὴς
2757 1204 2922 1266 αὐτός
2972 1206 3141 1269 ἐστιν,
3191 1207 3415 1274 ἐπάγων
3448 1209 3559 1270 τοῖς
3591 1206 3882 1260 ἀσεϐοῦσιν
3910 1210 3996 1269 εἰς

2414 1295 2597 1360 αὐτὸν,
2632 1297 2728 1349 καὶ
2756 1298 3072 1351 ἀπειθοῦσιν
3107 1301 3274 1370 αὐτῷ,
3313 1301 3410 1354 καὶ
3440 1301 3692 1354 ἀθετοῦσι
3727 1302 3796 1354 τὰ
3825 1319 3999 1370 προσ-

2415 1389 2672 1457 τάγματα
2725 1389 2916 1456 αύτοῦ,
2974 1393 3195 1444 κόλασιν
3229 1395 3470 1460 αἰώνιον,
3525 1394 3637 1466 πῦρ
3701 1395 3994 1458 ἄσϐεστον,

2420 1475 2613 1539 ὀδύνην
2632 1478 2934 1543 ἄπαυστον,
2963 1480 3140 1549 θλίψιν
3179 1483 3632 1554 ἀπαραμύθητον,
3673 1483 3878 1552 ἔνδυμα
3905 1481 3998 1545 ζό-

2408 1579 2511 1628 φου
2559 1563 2860 1632 ἀφεγγοῦς,
2894 1564 3078 1635 χώραν
3111 1570 3394 1638 σκοτεινὴν
3443 1573 3536 1625 καὶ
3585 1570 3985 1639 τεθλιμμένην,

2406 1654 2651 1726 βρυγμδν
2707 1655 2942 1709 ἐλεεινὸν
3012 1658 3280 1724 ὀδόντων,
3343 1662 3584 1724 ἰοϐόλους
3645 1663 3993 1730 άκοιμήτους

725 1755 1040 1823 σκώληκας,
1070 1753 1104 1804 ἃ.
1139 1754 1406 1823 ἡτοίμασε
1429 1752 1506 1822 τῷ
1537 1753 1736 1821 πρώτῳ
1771 1755 2060 1828 ἀποστάτῃ
2087 1773 2335 1828 πονηρῳ,
2365 1760 2460 1811 xui
2511 1761 2608 1812 σὺν
2639 1757 2791 1829 αύτῷ
2845 1760 2980 1811 πᾶσι
3037 1760 3149 1820 τοῖς
3187 1757 3638 1826 πεπλανημένοις
3669 1759 3761 1811 ὑπ’
3793 1758 3995 1827 αὑτοῦ,

725 1856 821 1905 xui
862 1853 1296 1918 ἀκολουθήσασιν
1323 1850 1491 1920 αύτῷ,
1526 1856 1616 1906 καὶ
1654 1857 1822 1922 ἀθετή
1837 1873 1958 1907 sua:
1985 1856 2076 1907 τὸν
2109 1859 2342 1928 ποιητὴν
2371 1857 2572 1920 αὐτῶν,
2603 1861 2660 1912 tv
2691 1858 2896 1927 ἔργοις,
2920 1858 3017 1913 καὶ
3054 1857 3256 1925 λόγοις,
3298 1859 3392 1909 xui
3431 1857 3820 1927 διανοήμασιν.

811 1964 828 1994 ι
860 1944 974 1996 Νοιι
1010 1945 1175 1999 facies
1211 1963 1426 2000 omnem
1468 1948 1912 2011 similitudinem,
1965 1964 2084 2013 qua:
2120 1959 2201 2001 est
2251 1959 2303 2001 tu

735 2038 874 2090 ('tl‘lt)
907 2039 1160 2106 ἀρμιιριιτ,
1193 2051 1242 2092 et
1276 2057 1393 2108 quae
1426 2042 1477 2093 in
1513 2053 1657 2096 terra
1690 2043 1964 2103 deorsum,
1992 2059 2085 2095 nec
2117 2058 2304 2097 earum

735 2144 852 2193 qum
881 2139 1007 2183 sont
1045 2130 1096 2181 in
1129 2133 1302 2196 aquis,
1345 2135 1408 2183 ad
1443 2135 1779 2187 adorandum
1841 2150 1902 2186 ea
1936 2146 1987 2187 et
2021 2134 2306 2188 colendum

737 2231 793 2272 ιιι
825 2222 951 2275 deos
987 2223 1052 2276 ⁷ο.
1095 2243 1112 2273 ι
1151 2224 1345 2277 Omnia
1378 2227 1522 2280 enim
1554 2239 1679 2281 sunt
1708 2240 1972 2282 creaturae
1998 2229 2156 2284 unius
2193 2229 2308 2294 Dei,

735 2317 826 2382 qui
888 2315 939 2367 in
1001 2317 1314 2372 novissimis
1351 2321 1687 2386 temporibus
1735 2336 1802 2375 ex
1857 2323 2104 2389 virginali
2156 2333 2312 2377 utero

738 2421 906 2459 Carne
932 2421 1231 2476 asSumpta,
1264 2413 1315 2464 itt
1350 2423 1492 2464 terra
1527 2413 1673 2468 visus
1701 2423 1806 2473 est,
1842 2425 1889 2467 et
1920 2430 2043 2468 cum
2076 2415 2311 2470 h0tniui-

736 2502 839 2552 bus
897 2503 1185 2569 habitavit,
1244 2517 1297 2560 et
1349 2523 1446 2573 pro
1483 2508 1657 2562 salute
1694 2507 1972 2561 hominum
2023 2524 2211 2576 passus
2259 2521 2313 2564 et

736 2605 1015 2657 mortuus,
1053 2600 1380 2660 resurrexit.
1414 2610 1468 2654 et
1520 2601 1570 2652 itt
1603 2600 1769 2654 cmlos
1802 2615 1924 2654 cum
1958 2616 2184 2669 corpore
2230 2619 2315 2657 as-

734 2684 940 2747 cendit,
970 2697 1021 2739 et
1055 2689 1186 2741 sedit
1223 2690 1288 2742 ad
1320 2690 1595 2744 dexteram
1623 2692 1926 2755 maiestatis
1973 2691 2025 2744 in
2055 2693 2312 2761 excelsis.

745 2775 798 2826 in
851 2791 961 2844 quo
996 2792 1226 2847 corpore
1261 2790 1523 2834 venturus
1555 2793 1641 2835 est
1678 2799 1800 2836 cum
1849 2783 2022 2850 gloria
2069 2784 2316 2853 judicare

745 2869 897 2921 vivos
917 2878 970 2921 et
1003 2880 1265 2928 mortuos.
1292 2871 1465 2941 llujus
1498 2874 1658 2938 igitur
1683 2876 1772 2944 qui
1797 2886 2012 2944 propter
2035 2892 2131 2931 nos
2155 2879 2317 2932 homo

743 2959 924 3013 factus
960 2972 1081 3022 ,esl,
1119 2962 1407 3028 imaginem
1445 2980 1542 3032 pro
1571 2975 1665 3019 tuo
1696 2980 1820 3034 erga
1853 2981 1974 3019 eum
2003 2981 2185 3021 amore
2218 2965 2315 3020 fa-

743 3052 877 3114 μῆρε,
911 3063 962 3104 et
1000 3070 1095 3120 per
1145 3052 1284 3107 hanc
1320 3055 1466 3108 illius
1513 3056 1910 3117 recordaberis.
1945 3065 2001 3110 et
2034 3051 2131 3124 per
2176 3057 2319 3114 hanc

743 3144 893 3194 illum
957 3146 1233 3209 adorabis,
1267 3155 1319 3198 et
1382 3163 1504 3216 per,
1536 3148 1677 3202 hanc
1730 3149 1970 3202 animum
2018 3150 2224 3205 levabis
2253 3150 2318 3203 ad

2469 1961 2543 2008 Ου
2586 1958 2834 2026 ποιήσεις
2881 1958 2987 2008 πᾶν
3045 1957 3320 2024 ὁμοῖωμα,
3375 1957 3475 2009 ὅσα
3530 1955 3587 2006 ὲν
3638 1951 3715 2020 τῷ
3765 1947 3991 2020 ούρανῷ

2399 2049 2532 2114 ἀνω,
2567 2051 2662 2101 xui
2713 2050 2814 2101 ὅσα
2861 2049 2956 2101 ἐπὶ
2994 2049 3093 2116 τῆς
3139 2050 3241 2118 γῆς
3271 2049 3440 2110 κάτω,
3501 2046 3594 2098 καὶ
3621 2045 3721 2098 ὅσα
3760 2044 3818 2095 tv
3873 2045 3992 2104 τοῖς

2401 2141 2608 2208 ὕδασιν,
2659 2144 2740 2203 εἰς
2786 2141 2846 2194 τὸ
2911 2139 3191 2211 λατρεύειν
3253 2141 3472 2204 αὐτοῖς,
3513 2139 3546 2206 ἢ
3613 2133 3858 2201 δοξάζειν
3912 2132 3991 2195 ὡς

2404 2231 2561 2293 θεούς
2586 2247 2598 2260 ·
2660 2232 2837 2284 πάντα
2878 2233 2987 2302 γάρ
3027 2233 3133 2284 εἰσι
3175 2229 3451 2298 κτίσματα
3504 2228 3599 2281 τοῦ
3634 2227 3795 2298 μόνου
3825 2224 3994 2288 Θεοῦ,

2406 2322 2465 2386 ὃς
2496 2324 2582 2375 ἐπ’
2610 2325 2854 2392 ἐσχάτων
2894 2323 3006 2379 τῶν
3045 2322 3278 2387 αἰώνων,
3334 2324 3398 2374 ὲκ
3431 2318 3768 2392 παρθενικῆς
3797 2316 3999 2386 νηδύος

2409 2419 2588 2488 σάρκα
2610 2417 2813 2481 λαϐὼν,
2853 2415 2946 2468 ἐπὶ
2977 2415 3079 2481 τῆς
3131 2413 3235 2482 γῆς
3269 2413 3450 2482 ὤφθη,
3483 2412 3577 2466 xui
3624 2413 3736 2473 τοῖς
3777 2408 3998 2478 ἀνθρώ·

2407 2526 2530 2571 ποις
2573 2508 3009 2576 συνανεστράφη,
3058 2507 3152 2559 xui
3199 2505 3341 2575 ὑπὲρ
3394 2505 3493 2573 τῆς
3537 2503 3645 2555 τῶν
3684 2501 4001 2572 ἀνθρώπων

2409 2601 2689 2670 σωτηρίας
2740 2597 2950 2662 παθὼν,
3000 2598 3094 2650 xui
3129 2596 3328 2660 θανὼν,
3360 2597 3453 2648 καὶ
3507 2593 3768 2656 ἀναστὰς,
3800 2595 3882 2654 εἰς
3909 2593 4006 2644 ού-

2411 2693 2606 2761 ρανοὺς
2657 2691 2794 2761 μετὰ
2836 2691 3089 2759 σώματος
3132 2690 3354 2759 ἀνῆλθε,
3401 2687 3496 2740 xui
3534 2687 3786 2741 ἐκάθισεν
3826 2689 3882 2736 ὲν
3913 2683 4006 2735 δε-

2412 2784 2500 2856 ξιᾷ
2523 2784 2622 2853 τῆς
2671 2781 3062 2852 μεγαλωσύνης
3091 2783 3149 2832 ὲν
3188 2775 3450 2850 ὑψηλοῖς·
3485 2777 3603 2846 μεθ’
3648 2771 3708 2828 οὗ
3743 2775 4006 2842 σώματος

2411 2875 2575 2931 πάλιν
2607 2874 2890 2926 ἐλεύσεται
2912 2875 2968 2924 ὲν
2991 2871 3142 2942 δόξῃ,
3173 2873 3357 2941 κρῖναι
3385 2867 3594 2936 ζῶντας
3624 2868 3718 2918 καὶ
3747 2863 4007 2935 νεκρούς.

2411 2963 2613 3017 Τούτου
2638 2963 2820 3018 τοίνυν
2856 2962 2950 3022 τοῦ
2979 2962 3046 3014 δι’
3075 2961 3223 3030 ἡμᾶς
3260 2959 3809 3029 ἑνανθρωπήσαντος,
3839 2957 4009 3024 ποιή-

2415 3074 2529 3128 σεις
2574 3055 2672 3126 τὴν
2719 3057 2928 3120 εἰκόνα,
2993 3054 3081 3110 διὰ
3121 3054 3220 3124 τὴν
3271 3054 3351 3118 εἰς
3406 3051 3568 3104 αὑτὸν
3618 3051 3864 3119 ἀγάπην,
3910 3050 4011 3101 καὶ

2420 3147 2706 3219 μνησθήσῃ
2736 3148 2802 3200 δι’
2861 3147 3028 3217 αὐτῆς
3062 3145 3294 3211 ἐκείνου,
3351 3146 3445 3197 xui
3491 3143 3895 3211 προσκυνήσεις
3940 3142 4014 3194 δι’

754 3236 884 3288 illud
948 3239 1228 3292 adorabile
1293 3241 1596 3293 Salvatoris
1681 3255 1885 3309 corpus
1971 3244 2167 3295 sedens
2244 3238 2431 3297 a-lCc

2347 3238 2392 3297 C
2417 3239 2590 3307 αὐτῆς
2616 3242 2844 3302 ἐκεῖνον,
2891 3239 3112 3305 ἀνάγων
3145 3237 3236 3289 τὸν
3282 3234 3406 3287 νοῦν
3468 3251 3561 3286 σου
3598 3234 3664 3286 δι’
3696 3232 3869 3300 αὐτῆς
3913 3233 4011 3282 ἐπὶ

744 3328 1027 3380 dexter-nn
1068 3329 1247 3384 Patris
1313 3331 1365 3383 in
1437 3331 1598 3385 malo.
1653 3331 1784 3385 item
1860 3333 2125 3402 imagines
2189 3350 2322 3387 san-

748 3433 959 3475 ctorum
993 3422 1160 3478 facies
1191 3435 1245 3478 et
1307 3426 1456 3480 coles
1485 3468 1499 3492 ,
1547 3441 1654 3481 non
1710 3437 1769 3480 ut
1825 3427 1981 3490 deos,
2046 3429 2186 3497 quod
2232 3445 2326 3484 vc-

749 3525 914 3577 tatur,
979 3518 1072 3570 sed
1129 3530 1350 3584 propter
1420 3527 1570 3571 tuum
1631 3535 1759 3587 erga
1826 3534 1922 3573 eos
2011 3531 2320 3589 respectum

750 3605 1114 3674 :iﬂ'uctumque
1176 3619 1232 3661 et
1275 3609 1531 3664 eximiam
1593 3611 1978 3675 reverentiam,
2032 3626 2128 3678 per
2183 3612 2323 3664 ima-

749 3702 904 3766 gines
953 3711 1185 3755 mentem
1243 3703 1308 3755 a-I
1365 3717 1462 3755 eos
1506 3703 1742 3764 erigens,
1806 3703 1949 3756 sicut
2001 3714 2050 3755 et
2109 3702 2325 3773 Moyses

751 3794 875 3845 fecit
907 3793 1171 3860 imagines
1199 3792 1493 3845 Cherubin:
1549 3794 1690 3846 intra
1751 3792 1951 3847 Sancta
1988 3803 2326 3856 sanctorum,

751 3885 866 3950 ipsa
893 3895 1068 3937 autem
1091 3895 1277 3938 sancta
1310 3895 1620 3938 sanctorum
1645 3894 1799 3938 erant
1856 3886 2328 3952 supercmlestium

754 3976 949 4042 figura.
1008 3986 1063 4030 et
1093 3987 1366 4037 sanctum,
1404 3978 1493 4030 ubi
1530 3977 1764 4045 populus
1798 3979 2001 4042 stabat,
2040 3979 2328 4049 imaginem

756 4072 979 4136 gerebat
1005 4075 1167 4127 totius
1201 4073 1409 4135 mundi,
1439 4083 1493 4127 et
1519 4074 1604 4126 illa
1630 4073 1842 4143 Moyses
1865 4074 2082 4127 vocavit
2113 4085 2330 4138 sancta,

757 4180 863 4216 non
917 4175 1195 4216 creaturas
1231 4163 1531 4224 honoratis,
1566 4162 1660 4216 sed
1715 4177 1811 4228 per
1871 4177 1963 4214 eas
2016 4161 2332 4216 Creatorem

759 4258 944 4311 tuttndi
981 4258 1168 4310 Deum.
1199 4257 1258 4309 Et
1291 4269 1344 4310 tu
1386 4258 1448 4325 igi
1482 4273 1544 4309 ur
1580 4257 1745 4310 facies
1779 4254 1986 4307 Domini
2020 4253 2147 4310 Jo‘su
2171 4254 2336 4310 Chri—

759 4351 826 4400 sti
863 4358 914 4400 ot
940 4359 1251 4401 sanctorum
1288 4349 1575 4416 imagines,
1622 4348 1715 4400 sed
1745 4362 1839 4414 per
1870 4360 1962 4398 eas
2006 4346 2151 4399 coles
2183 4346 2334 4399 illum

757 4443 895 4511 quia
923 4443 1238 4510 {imaginem
1275 4456 1421 4492 suam
1450 4442 1597 4509 prius
1620 4438 1744 4493 fecit
1771 4439 2169 4500 nos,acdeinde
2197 4439 2338 4494 hanc

760 4552 913 4587 suam
963 4530 1402 4602 imaginem,°sett
1445 4543 1688 4586 naturam
1743 4542 2010 4597 nostram,
2044 4532 2115 4585 ob
2146 4531 2337 4584 ineﬂ‘a-

764 4627 923 4681 bilem
958 4625 1408 4686 misericordiam,
1443 4639 1720 4678 assumere
1742 4625 1995 4690 dignatus
2025 4634 2132 4686 est,
2160 4639 2341 4693 eaque

765 4716 1162 4771 circumscribi.
1197 4714 1306 4769 Nec
1357 4726 1570 4768 tantum
1607 4716 1844 4768 divinam
1884 4714 2175 4782 imaginem
2211 4715 2342 4768 ado-

768 4812 938 4873 rabis,
972 4811 1066 4864 sed
1098 4820 1152 4864 et
1204 4810 1376 4879 ipsius
1403 4810 1588 4862 crucis
1615 4807 1842 4878 ﬁguram
1879 4825 1892 4860 :
1954 4806 2167 4876 signum
2198 4805 2344 4861 enhu

769 4920 1023 4973 magnum
1058 4913 1163 4968 est,
1211 4911 1262 4956 et
1304 4911 1564 4970 tropamm
1600 4901 1806 4957 Citriin
1842 4910 2032 4954 contra
2069 4899 2346 4954 diabolum

765 5007 822 5050 et
855 4998 1164 5051 universam
1195 4995 1635 5049 adversariorum
1693 4994 1994 5047 cohortem.
2035 4992 2222 5062 Itaque
2252 4992 2344 5046 isti

769 5090 1007 5144 fremunt
1036 5100 1087 5142 et
1109 5089 1381 5156 fugantur,
1409 5086 1528 5156 ejus
1555 5086 1842 5157 imaginem
1867 5085 2136 5139 videntes.
2165 5083 2346 5154 Imago

772 5185 909 5243 htrc.
947 5182 1029 5233 vel
1062 5194 1352 5248 antequam
1397 5181 1659 5233 existeret
1706 5187 2049 5248 prototypus,
2111 5178 2347 5230 maxime

772 5279 828 5330 in
878 5276 1157 5344 prophetis
1189 5275 1404 5328 laudata
1433 5284 1536 5340 cst,
1574 5283 1628 5328 et
1655 5273 1887 5325 maxima
1912 5270 2038 5324 fecit
2063 5269 2348 5334 miracula,

777 5387 884 5420 nun
920 5371 968 5421 in
1000 5369 1243 5422 secundo
1269 5372 1502 5419 adventu
1528 5366 1778 5435 suspensi
1805 5365 1857 5417 in
1884 5379 1942 5416 ea
1971 5362 2182 5416 Domini
2218 5359 2349 5414 Jesu

773 5461 998 5521 tihristi.
1028 5463 1247 5528 quando
1278 5459 1459 5512 veuiet
1491 5459 1739 5526 judicare
1787 5457 1936 5510 vivos
1977 5465 2030 5510 et
2084 5465 2351 5518 mortuos,

777 5555 875 5616 ipsi
906 5551 1176 5622 pra-cedet
1204 5565 1459 5620 magnum
1488 5549 1619 5603 illud
1652 5559 1705 5603 et
1740 5548 2084 5603 tremendum
2126 5546 2246 5616 ejus
2277 5547 2355 5600 si-

776 5660 966 5713 gnum,
993 5659 1113 5697 eum
1144 5643 1349 5697 virtute
1369 5652 1422 5694 et
1453 5642 1737 5707 majeSlatc
1770 5641 1963 5693 multa.
2018 5639 2146 5693 Eam
2188 5641 2355 5705 igitur

779 5754 923 5793 nunc
948 5737 1174 5801 honora,
1207 5741 1266 5788 ut
1293 5749 1410 5788 cum
1446 5732 1642 5788 ﬁducia
1665 5743 1791 5788 tunc
1846 5732 1898 5789 iu
1949 5746 2069 5787 eam
2103 5731 2355 5801 aSpicias,

855 5919 903 5950 7°
935 5918 1105 5972 Exod.
1145 5932 1236 5982 xx,
1282 5918 1330 5971 4.

2417 3333 2478 3387 τὸ
2513 3333 2885 3404 προσκυνητὸν
2917 3333 3092 3384 ἐκεῖνο
3128 3330 3286 3398 σῶμα
3335 3327 3428 3381 τοῦ
3463 3327 3738 3397 Σωτῆρος,
3771 3326 3833 3378 τὸ
3867 3325 4012 3378 καθ-

2421 3427 2624 3496 ήμενον
2664 3426 2721 3476 δν
2770 3423 2918 3493 δεξιᾷ
2959 3423 3050 3476 τοῦ
3087 3421 3296 3491 Πατρδς
3347 3421 3406 3473 ὲν
3449 3418 3684 3488 οὐρανῷ.
3730 3416 4016 3477 Ὦσαύτω;

2419 3520 2513 3574 καὶ
2541 3518 2648 3571 τῶν
2680 3517 2850 3585 ἁγίων
2884 3516 3008 3577 τοὺς
3059 3513 3267 3576 τύπους
3299 3512 3392 3564 καὶ
3423 3510 3670 3580 ποιήσεις
3704 3510 3799 3560 xui
3835 3524 4015 3576 προσ-

2421 3612 2701 3681 κυνήσεις,
2756 3609 2854 3678 οὐχ
2905 3607 2979 3669 ὼς
3028 3605 3184 3669 θεοὺς
3237 3601 3412 3674 (τοῦτο
3441 3601 3550 3672 γὰρ
3585 3599 4015 3671 ἀπηγόρευται),

2423 3701 2558 3755 ἀλλά
2582 3700 2670 3752 διὰ
2699 3699 2796 3768 τὴν
2843 3699 2923 3760 εἰς
2957 3697 3201 3758 ἐκείνους
3257 3695 3442 3766 σχέσιν
3482 3693 3576 3746 xui
3609 3689 3875 3754 διάθεσιν,
3915 3691 4018 3741 καὶ

2422 3797 2523 3864 τὴν
2573 3792 3020 3864 ὑπερϐάλλουσαν
3070 3789 3259 3859 τιμὴν,
3309 3785 3721 3858 ἀναφερομένου
3768 3783 3858 3841 διά
3905 3783 4019 3836 τῶν

2426 3885 2651 3942 εἰκόνων
2677 3883 2762 3939 ἐπ’
2785 3881 2979 3943 αὐτοὺς
3014 3879 3107 3932 τοῦ
3141 3878 3233 3932 νοῦ
3259 3894 3272 3907 ·
3306 3878 3559 3946 καθάπερ
3594 3874 3688 3927 καὶ
3713 3877 3740 3926 ὁ
3773 3872 4022 3940 Μωῦσῆς

2425 3980 2649 4047 ὲποίησε
2685 3978 2782 4038 τὰς
2810 3975 2920 4028 τῶν
2944 3972 3225 4046 Χερουϐὶμ
3256 3969 3472 4032 εἰκόνας
3503 3967 3650 4020 ἔνδον
3684 3965 3794 4019 τῶν
3823 3966 4021 4032 ἀγίων,

2427 4069 2524 4127 xui
2548 4070 2687 4122 αὐτά
2714 4067 2770 4119 δὲ
2795 4067 2861 4119 τὰ
2892 4065 3000 4119 τῶν
3040 4064 3212 4132 ἁγίων
3243 4063 3413 4128 Ἀγια
3462 4061 3573 4113 τῶν
3601 4056 4025 4130 ύπερουρανῖιυν

2428 4157 2740 4231 τύπος’ἦν,
2796 4159 2891 4219 xui
2963 4158 3024 4210 τὸ
3069 4156 3227 4224 ἆγιον
3300 4154 3564 4224 κοσμικὴν
3611 4152 3801 4205 εἰκόνα
3858 4150 4024 4223 ἔφερε

2430 4253 2633 4316 παντὸς
2661 4253 2755 4306 τοῦ
2791 4252 3021 4319 κόσμου,
3043 4250 3136 4302 xui
3169 4248 3299 4316 ἆγια
3335 4246 3472 4300 αὐτὰ
3506 4244 3767 4298 ἐκάλεσεν
3801 4245 3830 4295 ό
3857 4243 4028 4296 Mur}-

2433 4345 2553 4415 σῆς,
2582 4345 2643 4395 οὑ
2690 4343 2759 4395 τὰ
2804 4345 3078 4411 κτίσματα
3131 4339 3390 4403 δοξάζων,
3422 4335 3557 4396 ἀλλὰ
3595 4335 3661 4388 δι’
3697 4335 3885 4387 αύτῶν
3936 4335 4027 4384 τὸν

2439 4437 2769 4506 κοσμοποιὺν
2801 4437 2936 4487 Θεὸν
2964 4451 2975 4464 °
3016 4435 3108 4486 xui
3150 4432 3214 4485 σὺ
3249 4433 3426 4483 τοίνυν
3456 4431 3515 4483 οὑ
3551 4428 3899 4495 θεοποιήσεις
3931 4428 4030 4487 τὰς

2436 4530 2651 4591 εἰκόνας
2673 4529 2766 4580 τοῦ
2800 4528 3071 4584 Δεσπὸτου
3107 4523 3369 4594 Χριστοῦ,
3400 4524 3494 4575 καὶ
3536 4522 3642 4574 τῶν
3672 4520 3870 4588 ἁγίων,
3896 4518 4031 4570 ἀλλὰ

2434 4624 2504 4677 δι’
2557 4619 2737 4676 αὐτῶν
2806 4617 3206 4690 προσκυνήσεις
3257 4615 3348 4670 τὸν
3402 4613 3522 4672 κατ’
3579 4611 3768 4664 εἰκόνα
3821 4609 4032 4661 οἰκείαν

2441 4716 2709 4787 πρότερον
2758 4711 3062 4781 ποιήσαντα
3117 4709 3299 4778 ἡμᾶς,
3360 4707 3455 4766 xui
3503 4703 3730 4773 ὕστερον
3770 4700 3873 4772 τὴν
3913 4699 4033 4753 καθ’

2441 4810 2589 4881 ἡμᾶς
2636 4804 2799 4859 αὐτοῦ
2837 4805 3040 4865 εἰκόνα,
3083 4801 3170 4855 διά
3205 4797 3616 4870 φιλανθρωπίαν
3648 4794 3861 4862 ἄφατον
3888 4795 4035 4846 ἀνει-

2442 4901 2670 4971 ληφέναι
2718 4898 3110 4969 εὐδοκήσαντα,
3147 4893 3239 4958 καὶ
3276 4892 3397 4946 κατ’
3435 4891 3605 4958 αὐτὴν
3654 4887 4036 4960 περιγραπτδν

2441 4996 2752 5065 γενόμενον.
2779 4992 2852 5043 Οὑ
2889 4990 3047 5060 μόνον
3088 4987 3142 5040 δὲ
3172 4986 3270 5057 τὴν
3307 4985 3459 5045 θείαν
3495 4982 3680 5035 εἰκόνα
3715 4982 4033 5051 προσκυνή-

2445 5103 2580 5150 σεις,
2605 5084 2738 5141 ἀλλά
2766 5084 2858 5136 καὶ
2883 5080 2974 5134 τοῦ
3012 5077 3247 5150 σταυροῦ
3267 5077 3431 5134 αὑτοῦ
3464 5075 3554 5128 τὸν
3581 5073 3771 5125 τύπον·
3810 5076 4035 5142 σημεῖον

2444 5177 2553 5246 γάρ
2587 5178 2701 5228 ἐστι
2737 5173 3015 5242 μέγιστον,
3043 5170 3134 5222 xui
3176 5168 3437 5238 τρόπαιον
3465 5162 3727 5232 Χριστοῦ,
3758 5164 3908 5216 κατά
3949 5159 4036 5212 to}

2445 5267 2694 5327 διαϐόλου
2745 5265 2842 5326 καὶ
2903 5263 3082 5332 πάσης
3133 5263 3233 5328 τῆς
3287 5258 3671 5326 ἀντικ;ιμένης
3721 5256 4034 5323 φάλαγγος

2447 5362 2528 5416 διὸ
2579 5360 2674 5412 καὶ
2700 5359 2982 5429 φρίττουσι
3032 5355 3122 5407 xui
3156 5351 3574 5424 φυγαδεύονται,
3621 5348 3811 5399 τοῦτον
3841 5346 4039 5399 τυπού-

2457 5470 2616 5525 μενον
2655 5451 2890 5522 ὁρῶντες
2921 5463 2933 5477 '
2972 5443 3126 5508 οὗτος
3160 5447 3188 5497 ὁ
3208 5443 3374 5505 τύπος
3413 5442 3506 5495 xui.
3533 5440 3638 5510 πρὸ
3659 5437 3755 5490 τοῦ
3788 5438 4042 5505 γενέσθαι

2453 5547 2513 5599 τὸ
2539 5544 2896 5615 πρωτότυπον
2920 5580 2936 5605 ,
2979 5538 3230 5609 μεγάλως
3261 5537 3318 5588 ιν
3362 5537 3475 5595 τοῖς
3519 5532 3826 5601 προφήταις
3864 5531 4040 5594 ἐδοξά-

2457 5639 2580 5709 σθη,
2616 5638 2710 5690 xui
2737 5635 2803 5687 τὰ
2857 5633 3091 5704 μέγιστα
3128 5627 3620 5699 ὲτερατούργησεν,
3661 5622 3798 5674 ἀλλὰ
3831 5625 3930 5674 καὶ
3961 5622 4043 5674 ἐπὶ

2454 5735 2553 5798 τῆς
2585 5731 2841 5798 δευτέρας
2881 5727 3188 5798 παρουσίας
3221 5724 3314 5777 τοῦ
3347 5719 3754 5794 κρεμασθέντος
3798 5716 3861 5769 ιν
3901 5717 4044 5782 αὐτῷ
