4246 6464
256 425 386 488 1101

1543 432 1639 491 DE
1680 432 2219 493 HESYCllASTIS.

3366 437 3511 500 110?.

250 540 464 602 γένοιτο
500 536 709 597 πάντας
744 538 891 607 ἡμᾶς
929 540 1229 608 ὲπιτυχεῗν,
1266 542 1453 611 χάριτι
1494 543 1590 596 καὶ
1636 544 1828 612 φιλαν-
1856 552 1903 607 Α

1856 552 1903 607 Α
1933 554 1986 598 οι
2020 546 2218 610 honor,
2249 554 2304 599 et
2336 544 2604 607 adoratio,
2644 562 2770 601 cum
2806 549 3048 617 ingenito
3088 549 3206 617 ejus
3236 548 3413 613 Patre,
3454 565 3506 605 et

250 627 474 696 θρωπίᾳ
520 627 614 681 τοῦ
661 630 892 698 Κυρίου,
924 632 1017 685 καὶ
1052 631 1188 683 Θεοῦ
1239 634 1331 685 καὶ
1382 633 1632 701 Σωτῆρος
1665 635 1822 703 ὴμῶν

261 718 444 785 Ἰησοῦ
466 720 725 789 Χριστοῦ,
745 716 788 789 ᾧ
810 724 1011 793 πρέπει
1034 727 1184 778 πάσα
1202 726 1347 790 δόξα,
1367 727 1526 796 τιμὴ,
1546 728 1641 780 καὶ
1656 744 1823 796 προσ-

1936 636 2302 701 sanctissimo,
2339 639 2548 707 optimo
2579 648 2633 693 et
2671 641 2890 694 vivifico
2944 639 3187 709 Spiritu,
3223 654 3412 701 nunc.
3451 652 3508 693 et

1931 744 2174 796 semper,
2206 739 2258 782 et
2300 731 2352 783 in
2390 731 2587 784 macula
2610 732 2957 787 saeculorum.
2994 733 3192 786 Amen.

256 812 511 883 κύνησις,
544 818 640 869 σὺν
671 818 749 887 τῷ
773 819 995 890 ἀνάρχῳ
1022 821 1189 875 αὐτοῦ
1221 823 1418 892 Πατρὶ,
1456 824 1550 876 καὶ
1597 822 1674 891 τῷ
1704 825 1957 894 παναγίῳ
2000 827 2093 879 καὶ
2128 826 2317 894 ἀγαθῷ
2368 829 2467 880 καὶ
2500 827 2754 898 ζωοποιῷ
2779 830 3081 898 Πνεύματι,
3114 832 3229 895 νῦν,
3255 830 3348 886 καίΙ
3381 830 3491 897 ἀεὶ,

258 907 359 957 καὶ
392 910 473 969 εἰς
499 910 625 972 τοὺς
658 912 857 972 αίῶνας
887 913 997 964 τῶν
1027 912 1260 967 αἰώνων.
1308 915 1500 985 Ἀμήν.

279 1042 550 1066 :5.“—

519 1038 2197 1070 7W

2119 1044 3507 1074 Μ

1752 1181 1844 1233 ΕΚ
1897 1183 2033 1233 ΤΩΝ

1121 1346 1349 1431 ΤΟΥ
1423 1346 1797 1430 ΑΥΤΟΥ
1880 1346 2214 1429 ΑΓΙΟΥ
2293 1346 2663 1430 Α()ΓΩΝ

857 1696 1156 1808 ΤΩΝ
1251 1693 1677 1805 ΙΕΡΩΣ
1750 1693 2923 1810 ΗΣΥΧΑΖΟΝΤΩΝ.

944 2065 1133 2176 EX
1210 2060 1839 2177 EJUSDEM
1934 2059 2838 2177 SERMONIBUS

1798 2287 1861 2329 DE
1909 2287 1979 2325 IIS

708 2442 917 2548 QUI
994 2438 1392 2529 SACRIE
1471 2435 2179 2525 INDULGENT
2270 2439 3058 2540 QUIETUDINI.

687 2756 1005 2820 Ἑρωτησις
1033 2756 1183 2820 πρὸς
1206 2755 1412 2808 αὐτόν.

330 2887 526 2950 Καλῶς
547 2887 829 2958 ἐποίησας,
863 2888 1068 2957 Πάτερ,
1096 2889 1190 2941 καὶ
1214 2891 1340 2951 τοὺς
1377 2890 1485 2941 τῶν
1509 2891 1675 2957 ἁγίων
1704 2893 1833 2960 περὶ

251 2982 353 3034 τοῦ
405 2982 715 3050 ζητήματός
771 2996 859 3049 μοι
911 2980 1101 3047 λόγους
1160 2981 1511 3051 προθέμενος.
1572 2984 1671 3035 Σοῦ
1724 2986 1833 3051 γὰρ

250 3073 474 3127 ἁκούων
495 3072 709 3135 λύοντός
743 3089 833 3139 μοι
864 3070 932 3123 τὰ
964 3072 1361 3142 διηπορημένα,
1399 3072 1708 3143 ἐθαύμαζον
1740 3076 1837 3143 μὲν

254 3166 361 3231 τῆς
395 3163 656 3232 ἀληθείας
712 3163 772 3215 τὸ
807 3164 1047 3231 ἐμφανές
1079 3180 1092 3193 ·
1125 3165 1304 3217 ἐκεῖνο
1330 3165 1388 3218 δέ
1430 3183 1534 3235 μου
1584 3168 1837 3239 ὑπεισῄει

256 3255 332 3321 τῇ
364 3250 595 3320 διανοίᾳ,
629 3251 701 3312 ὡς
726 3250 956 3319 ἐπείπερ
978 3250 1117 3322 λόγῳ
1151 3252 1369 3305 παλαίει
1401 3255 1507 3315 πᾶς
1538 3252 1691 3323 λόγος
1722 3272 1737 3286 ·
1762 3256 1837 3319 ὼς

256 3340 360 3393 καὶ
387 3341 549 3402 αὐτὸς
575 3339 804 3409 εἴρηκας
826 3355 843 3373 ⁶
871 3340 945 3411 μὴ
967 3341 1060 3392 καὶ
1088 3344 1202 3404 τοῖς
1234 3341 1339 3395 ὑπὸ
1370 3343 1464 3394 σοῦ
1494 3342 1832 3413 λεγομένοις,

241 3428 417 3493 αὖθις
439 3433 524 3501 εἴη
555 3450 638 3493 τις
689 3433 972 3500 ἀντιλογία
998 3450 1012 3464 ·
1045 3434 1170 3486 ἐπεὶ
1209 3434 1267 3487 δὲ.
1294 3435 1393 3504 τὴν
1414 3435 1503 3487 διὰ
1527 3437 1633 3489 τῶν
1660 3435 1839 3507 ἔργων

252 3522 570 3591 μαρτυρίαν
623 3522 794 3593 μόνην
842 3524 1014 3591 ἔγνων
1064 3524 1230 3577 οὖσαν
1264 3524 1684 3595 ἀναμφίλεκτον,
1744 3525 1840 3581 καὶ

248 3610 383 3671 τοὺς
407 3611 598 3677 ἁγίους
626 3612 695 3663 τὰ
722 3613 861 3664 αὑτά
900 3630 984 3666 σοι
1016 3614 1272 3681 λέγοντας
1303 3617 1536 3684 ἀκήκοα,
1562 3616 1711 3668 οὐδὲν
1736 3634 1838 3668 τοι-

253 3700 425 3752 οῦτον
477 3702 559 3752 ἔτι
612 3701 868 3755 δέδοικαο
902 3704 931 3755 ὁ
984 3708 1092 3775 γὰρ
1118 3706 1328 3769 τούτοις
1382 3708 1456 3776 μὴ
1496 3708 1834 3776 πειθόμενος,

255 3790 382 3852 πῶς
418 3791 485 3844 ἂν
518 3793 681 3856 αὐτὸς
705 3794 1017 3857 ἀξιόπιστος
1052 3798 1134 3865 εἴη
1159 3814 1172 3862 ;
1199 3798 1316 3859 πῶς
1338 3796 1382 3848 δ’
1416 3798 1515 3849 οὐκ
1535 3797 1600 3849 ἂν
1619 3798 1834 3867 ἁθετοίη

248 3884 350 3934 τὸν
374 3882 485 3934 τῶν
506 3884 679 3951 ἁγίων
709 3885 842 3937 Θεόν
863 3904 876 3950 ;
904 3886 1078 3939 Αύτοῦ
1106 3887 1214 3957 γάρ
1242 3890 1356 3942 ἐστι
1377 3888 1532 3955 λόγος
1554 3889 1689 3959 πρὸς
1713 3892 1837 3951 τοὺς

252 3973 621 4038 ἀποστόλους,
658 3977 753 4026 καὶ
815 3975 882 4028 δι’
916 3976 1096 4027 αὐτῶν
1133 3977 1269 4045 πρὸς
1321 3979 1446 4040 τοὺς
1477 3977 1593 4045 μετ’
1642 3978 1838 4041 αὐτοὺς

251 4064 450 4130 ἁγίους
506 4065 817 4133 εἰρημένος,
866 4066 946 4117 ὅτι
984 4086 1002 4116 ι
1056 4066 1115 4118 Ὀ
1142 4067 1350 4120 ἀθετῶν
1391 4068 1554 4137 ὑμᾶς,
1588 4069 1687 4138 ἐμὲ
1716 4072 1811 4123 aea
1855 4106 1902 4169 C

252 4159 345 4207 τεί
388 4174 401 4185 ’
439 4174 457 4204 ι
493 4157 698 4207 ταυτὸν
751 4157 796 4208 δ’
829 4159 1021 4222 εἰπεῖν,
1052 4159 1221 4228 αὐτὴν
1249 4158 1346 4229 τὴν
1400 4161 1677 4229 ἀλήθειαν.
1712 4164 1833 4227 Πῶς

247 4248 351 4300 οὖν
375 4248 701 4318 ἀποδεχθείη
730 4249 881 4317 παρά
920 4250 1027 4301 τῶν
1070 4252 1375 4319 ζητούντων
1398 4253 1495 4321 τὴν
1524 4252 1779 4323 ἀλήθειαν
1809 4260 1836 4308 ὁ

248 4338 641 4405 ἀντικείμενος
673 4342 737 4408 τῇ
774 4339 1034 4409 ἀληθείας
1059 4342 1149 4392 Διὸ
1180 4342 1485 4410 παρακαλῶ
1516 4359 1598 4404 σε,
1632 4344 1831 4413 Πάτερ,

247 4430 491 4484 ἀκοῦσαί
540 4449 641 4498 μου
677 4432 770 4482 καὶ
817 4430 926 4481 τῶν
958 4430 1133 4483 ἄλλων
1170 4432 1401 4485 ἕκαστον
1428 4433 1734 4499 διεξιόντος,
1762 4430 1835 4488 ὧν

246 4522 411 4591 παρά
431 4520 540 4573 τῶν
568 4520 657 4573 διὰ
685 4519 801 4589 βίου
835 4521 942 4589 τὴν
976 4521 1291 4591 Ἑλληνικὴν
1321 4523 1571 4577 παιδείαν
1624 4527 1835 4594 μετιόν-

246 4632 364 4667 των
419 4613 653 4681 ἀνδρῶν,
694 4614 910 4681 ἀκήκοα
961 4614 1205 4679 ἐκείνων,
1254 4617 1349 4669 καὶ
1386 4619 1560 4669 εἰπεῖν
1609 4620 1707 4687 μέν
1745 4636 1833 4689 μοι

247 4704 350 4757 καί
396 4722 450 4757 τι
503 4705 610 4756 τῶν
650 4704 954 4758 δοκούντων
986 4707 1136 4773 παρά
1163 4707 1389 4760 σεαυτοῦ
1423 4710 1561 4779 πρὸς
1612 4711 1786 4765 ταῦτα
1816 4728 1829 4740 ·

246 4797 572 4865 προσθεῖναι
602 4796 659 4849 δὲ
684 4796 781 4848 καὶ
806 4797 905 4856 τὰς
929 4796 1036 4849 τῶν
1063 4798 1235 4865 ἁγίων
1266 4801 1396 4869 περὶ
1418 4801 1624 4854 τούτων
1654 4803 1830 4868 δόξας.

246 4888 489 4953 Λέγουσι
514 4886 622 4954 γὰρ
642 4889 791 4957 ἡμᾶς
820 4888 1006 4949 κακῶς
1036 4891 1234 4951 ποιεῖν,
1262 4889 1410 4944 ἔνδον
1450 4892 1543 4945 τοῦ
1582 4893 1835 4963 σώματος

247 4979 742 5041 σπεύδοντας,ητὸν
771 4979 1041 5049 ἡμέτερον
1075 4981 1485 5051 ὲμπερικλείειν
1528 4984 1652 5036 νοῦν
1680 5002 1692 5014 ⁵
1730 4985 1835 5050 ἔξω

244 5072 365 5139 γὰρ
398 5070 493 5122 τοῦ
521 5070 798 5139 σώματος,
827 5073 981 5138 φασὶ,
1012 5072 1212 5141 μᾶλλον
1234 5074 1451 5143 χρῆναι,
1472 5078 1635 5152 πριντὶ
1652 5078 1834 5148 τρόπῳ

244 5162 446 5213 τοῦτον
488 5161 709 5224 ἐξωθεῖν
746 5180 761 5192 ·
821 5162 902 5213 διὸ
933 5164 1026 5214 καὶ
1051 5162 1367 5235 διασύρουσι
1432 5167 1637 5236 σφόδρα
1683 5170 1834 5230 τινὰς

242 5255 365 5306 τῶν
392 5253 700 5323 ἡμέτερων,
734 5254 856 5306 κατ’
886 5253 1067 5306 αὐτῶν
1105 5255 1436 5323 γράφοντες,
1465 5258 1539 5319 ὼς
1567 5261 1678 5320 τοῖς
1734 5261 1832 5327 ἀρ-

244 5342 468 5413 χαρέοις
508 5342 909 5413 παραινοῦντας
970 5344 1054 5410 ἐφ’
1088 5344 1314 5406 ἑαυτοὺς
1365 5344 1603 5413 βλέπειν,
1632 5348 1725 5399 καὶ
1745 5348 1832 5400 διὰ

1864 2767 1913 2827 Β

2449 2769 2682 2832 Quwsti’o
2716 2771 2784 2822 ad
2818 2768 2989 2824 illum.

2012 2860 2151 2913 Bene
2171 2858 2369 2922 fecisti,
2393 2860 2573 2923 Pater,
2614 2870 2924 2915 sanctorum
2955 2865 3215 2930 quaerenti
3250 2866 3378 2920 mihi
3401 2882 3512 2922 ser-

1941 2966 2132 3005 mones
2175 2966 2510 3020 proponens.
2549 2951 2682 3004 Nam
2720 2963 2770 3005 te
2804 2953 3030 3006 audiens
3066 2969 3182 3008 mea
3230 2955 3390 3009 dubia
3425 2973 3513 3011 re-

1938 3046 2235 3097 solventein
2260 3085 2274 3106 ,
2312 3044 2550 3097 mirabar
2599 3046 2844 3100 veritatis
2884 3046 3236 3103 evidentiam.
3279 3047 3406 3102 Mihi
3438 3061 3515 3102 ta-

1939 3151 2061 3190 men
2100 3137 2263 3190 timor
2286 3137 2524 3188 animum
2555 3135 2795 3189 subierat
2819 3150 2906 3199 ne,
2932 3140 3054 3206 quia
3094 3140 3258 3193 verbo
3283 3141 3508 3194 verbum

1938 3244 2154 3296 semper
2176 3229 2490 3297 opponitur,
2539 3237 2597 3282 ut
2632 3229 2743 3296 ipse
2788 3230 3072 3284 confessus
3127 3246 3206 3293 es.
3241 3236 3513 3288 sermoni-

1939 3322 2038 3374 bus
2058 3321 2166 3374 tuis
2189 3320 2391 3388 aliquid
2414 3334 2608 3373 rursus
2621 3320 3101 3375 contradiceretur.
3129 3322 3233 3377 Sed
3254 3326 3508 3391 quoniam

1937 3414 2113 3467 solum
2149 3428 2214 3466 ex
2242 3412 2503 3480 operibus
2526 3413 2901 3482 testimonium
2924 3413 3039 3467 seio
3064 3414 3343 3467 indubium
3367 3432 3506 3481 esse,

1937 3513 1993 3559 et
2026 3513 2243 3558 sanctos
2276 3503 2463 3556 eadem
2514 3518 2578 3557 ac
2610 3514 2661 3557 te
2705 3503 2951 3557 dicentes
2999 3506 3202 3569 audivi,
3232 3508 3341 3576 jam
3375 3510 3507 3562 nihil

1939 3592 2244 3661 huiusmodi
2264 3592 2581 3658 metuo.Qui
2601 3593 2741 3645 enim
2762 3594 2863 3648 hos
2884 3610 2987 3646 non
3025 3596 3216 3660 credit,
3236 3599 3509 3665 quomodo

1938 3686 2053 3755 ipse
2108 3686 2301 3753 dignus
2356 3685 2461 3739 lide
2532 3686 2711 3740 esset?
2761 3685 2951 3740 Nonne
3013 3690 3225 3756 spernit
3280 3702 3506 3745 sancto—

1938 3794 2059 3832 rum
2098 3777 2297 3832 Deum?
2360 3779 2461 3832 llic
2523 3780 2668 3832 enim
2722 3781 2787 3832 ad
2839 3782 3133 3844 apostolos,
3189 3791 3243 3837 et
3294 3798 3389 3852 per
3416 3800 3510 3839 eos

1938 3874 2003 3925 ad
2060 3872 2383 3939 posteriores
2433 3874 2511 3925 eis
2550 3881 2769 3926 sanctos
2794 3873 2962 3926 dixit:
3004 3891 3021 3923 ι
3054 3875 3152 3940 Qui
3180 3889 3277 3928 vos
3301 3879 3508 3945 spernit

1938 3978 2025 4018 me
2069 3965 2275 4034 spernit
2298 3964 2399 4028 ”‘,
2441 3982 2459 4015 ι
2519 3964 2623 4027 vel,
2659 3965 2798 4031 quod
2835 3965 2972 4018 idem
3016 3977 3119 4030 est,
3184 3969 3355 4036 ipsam
3414 3984 3504 4023 ve-

1941 4061 2176 4111 ritatem.
2238 4057 2523 4123 Quomodo
2579 4072 2705 4124 ergo
2760 4058 3091 4127 reciperetur
3136 4062 3509 4115 a~veritatem

1935 4151 2299 4219 quaerentibus
2361 4150 2452 4218 qui
2510 4150 2835 4203 contradicit
2894 4151 3160 4203 veritati?
3228 4151 3352 4205 Ideo
3389 4169 3510 4220 pre-

1935 4259 2032 4298 cor
2094 4254 2167 4307 te,
2239 4241 2439 4307 Pater,
2512 4252 2567 4295 ut
2633 4242 2823 4295 audias
2879 4258 2966 4295 me
3023 4245 3235 4311 singula
3283 4257 3506 4312 percur-

1936 4345 2142 4390 rentem
2187 4335 2286 4387 alia
2360 4350 2477 4401 qua:
2525 4336 2704 4389 audivi
2762 4350 2789 4387 a
2842 4336 2973 4389 viris
3005 4336 3108 4390 illis
3136 4338 3224 4405 qui
3256 4338 3419 4391 vitam
3451 4341 3506 4390 in

1934 4428 2150 4482 ethnica
2186 4427 2789 4499 disciplina‘peragunt,
2834 4437 2999 4494 utque
3026 4428 3155 4481 mihi
3188 4430 3339 4484 dicas
3379 4432 3505 4499 quid

1938 4518 2039 4569 ista
2071 4518 2352 4568 videantur
2376 4524 2426 4567 et
2452 4517 2619 4569 addas
2639 4525 2952 4568 sanctorum
2979 4516 3046 4571 de
3069 4518 3152 4570 his
3179 4521 3502 4574 sententias.

1936 4606 2067 4660 Nam
2094 4607 2280 4660 dicunt
2308 4618 2406 4658 nos
2440 4604 2578 4658 male
2610 4603 2787 4658 facere
2835 4606 2977 4657 intra
3014 4620 3210 4673 corpus
3240 4610 3505 4663 studendo

1937 4709 2177 4753 nostram
2203 4696 2477 4751 includere
2498 4705 2732 4749 mentem
2764 4713 2778 4749 :
2804 4695 3072 4765 siquidem
3098 4708 3249 4752 extra
3282 4714 3503 4767 corpus,

1935 4788 2208 4857 inquiunt,
2238 4788 2419 4854 potius
2445 4794 2661 4855 oportet
2687 4801 2806 4839 eam
2835 4787 2982 4839 omni
3018 4788 3179 4840 modo
3209 4790 3504 4854 expellere.

1936 4880 2126 4948 Itaque
2179 4879 2437 4947 quosdam
2496 4888 2808 4930 nostrorum
2866 4880 3066 4932 acriter
3108 4881 3408 4935 dilacemnt
3452 4893 3507 4935 et

1935 4975 2152 5041 scriptis
2185 4980 2418 5039 arguunt
2446 4971 2677 5023 suadere
2702 4971 3083 5038 incipientibus
3119 4982 3177 5024 ut
3214 4974 3264 5025 in
3298 4976 3504 5041 seipsos

1938 5065 2247 5133 inspiciam,
2278 5072 2330 5117 et
2366 5078 2460 5129 per
2494 5062 2905 5129 respirationem
2947 5064 3315 5117 intromittaut
3348 5081 3500 5119 suam

1937 5170 2194 5220 mentem,
2238 5156 2480 5208 dicentes
2521 5168 2625 5206 non
2664 5164 2970 5220 separatam
3009 5171 3130 5207 esse
3167 5168 3399 5209 mentem
3430 5160 3498 5210 ab

1934 5248 2112 5300 anima
2147 5263 2163 5304 ς
2207 5261 2309 5299 non
2340 5253 2641 5313 separatam
2677 5246 2860 5313 igitur,
2894 5247 2986 5299 sed
3022 5250 3336 5310 adunatam,
3372 5266 3505 5313 quo.

1940 5341 2099 5394 modo
2121 5340 2240 5409 quis
2267 5341 2404 5391 intro
2437 5338 2718 5393 mitteret?
2764 5339 2867 5392 Eos
2899 5342 3060 5393 etiam
3090 5350 3352 5393 accusant
3383 5352 3503 5394 tan-

241 5435 354 5499 τῆς
376 5433 655 5499 ἀναπνοῆς
689 5433 822 5485 εἴσω
876 5435 1117 5501 πέμπειν
1158 5433 1248 5485 τὸν
1306 5436 1503 5487 οἰκεῖον
1548 5437 1691 5501 νοῦν,
1726 5439 1830 5505 φά·
1863 5441 1906 5493 Ι)

1821 5468 1830 5477 .
1863 5441 1906 5493 Ι)
1936 5448 2097 5501 quam
2118 5432 2362 5486 dicentes
2388 5431 2626 5485 divinam
2647 5433 2875 5501 gratiam
2900 5448 2993 5500 per
3011 5448 3174 5485 nares
3206 5433 3498 5487 introduci.

246 5537 481 5581 σκοντες
510 5520 584 5589 μὴ
615 5523 1023 5592 κεχωρισμένον
1062 5517 1199 5575 εἶναι
1229 5524 1325 5593 τῆς
1356 5525 1533 5595 ψυχῆς
1563 5529 1652 5579 τὸν
1683 5529 1826 5583 νοῦν.

242 5613 357 5664 Τὸν
386 5610 478 5663 οὖν
507 5614 581 5680 μὴ
618 5615 1048 5682 κεχωρισμένον,
1083 5615 1197 5667 ἀλλ’
1220 5616 1430 5681 ὲνὸντι,
1464 5619 1579 5681 πῶς
1623 5620 1689 5673 ἂν
1730 5620 1828 5674 αὖ·

245 5715 333 5772 Οις
373 5707 502 5759 εἴσω
534 5707 741 5773 πέμποι
767 5724 885 5770 eq;
920 5709 1056 5760 Φασὶ
1095 5708 1171 5775 δὲ,
1208 5710 1300 5761 καὶ
1355 5710 1450 5780 τὴν
1479 5710 1628 5766 θείαν
1670 5715 1830 5783 χάριν

320 5852 395 5882 δ”
430 5848 569 5902 Luc.
607 5843 762 5910 1,16

1936 5523 2041 5579 Sed
2070 5526 2182 5579 scio
2213 5540 2311 5593 ego
2345 5525 2459 5578 haec
2488 5526 2553 5579 ab
2587 5524 2692 5579 illis
2721 5526 3047 5579 calumniose
3079 5528 3244 5579 asseri
3295 5529 3441 5593 (nam
3473 5544 3503 5581 a

1938 5618 2086 5669 nullo
2119 5626 2427 5671 nostrorum
2458 5618 2638 5672 audivi
2674 5618 2846 5685 talia),
2883 5629 2936 5671 et
2966 5620 3192 5685 proinde
3225 5620 3339 5673 hac
3374 5635 3506 5685 qu0~

1938 5721 2041 5775 que
2064 5707 2184 5762 aliis
2215 5708 2448 5779 maligne
2480 5708 2637 5777 adjici
2668 5725 2681 5761 :
2713 5708 2855 5763 idem
2881 5711 3025 5763 enim
3054 5718 3133 5762 est
3166 5725 3227 5763 ea
3256 5724 3376 5778 quae
3398 5727 3504 5765 non
