4246 6464
297 432 438 498 ιιευ

1551 428 1643 484 DE
1716 426 2263 486 llESYCIIASTlS.

3404 423 3459 487 11
3479 424 3538 488 ιι]

272 551 486 616 ενεργεί
530 543 629 612 μὲν
662 543 753 595 κσί
788 543 951 597 τᾶλλα
982 535 1054 595 ὧν
1086 541 1152 594 ἂν
1195 539 1366 592 δέοιτο
1397 543 1746 608 περισκοπεῖν
1769 557 1780 569 ·
1818 544 1845 594 ὃ
1894 540 1938 599 Α

1969 533 2236 594 elevatus,
2271 545 2391 586 cum
2421 532 2537 584 Deo
2591 531 2965 602 conjungitur.
3013 528 3333 600 «Natique,
3374 543 3429 583 ut
3471 542 3544 584 mt

273 649 409 700 φησι
448 631 564 684 κατ’
618 629 832 681 εὐθεῖαν
883 631 1098 697 κίνησιν
1130 631 1222 680 τοῦ
1256 627 1347 680 νοῦ
1376 629 1649 691 Διονύσιος
1689 632 1716 682 ό
1751 633 1847 698 μέ-

271 741 396 789 γας.
441 724 532 784 Εἰς
574 722 764 773 ἑαυτὸν
808 721 854 774 δ’
906 722 1168 785 ἐπάνεισι,
1204 722 1294 774 καὶ
1329 723 1691 792 ἐνεργεῖκαθ’
1726 725 1848 778 ἑαυ-

272 817 390 876 τὸν,
417 815 545 867 ὅταν
577 814 768 866 ἑαυτὸν
802 813 832 864 ό
865 811 983 875 νοῦς
1015 814 1134 884 ὁρᾷ.
1186 813 1356 866 Τοῦτο
1399 813 1442 866 δ’
1479 812 1634 879 αὖθις
1663 819 1848 870 κυκλι-

277 909 381 978 κὴν
420 903 559 961 εἶναι
592 907 806 973 κίνησιν
853 907 882 959 ό
931 905 1091 969 αὐτὸς
1143 904 1306 958 αὐτοῦ
1337 923 1524 974 φησιν.
1574 907 1721 978 Αὕτη
1750 907 1848 978 δ”ὴ

275 999 374 1051 τοῦ
397 998 489 1052 νοῦ
522 1001 674 1050 ἐστιν
712 997 982 1065 ἐνέργεια,
1028 995 1292 1065 κρείττων
1319 998 1411 1050 καὶ
1447 997 1712 1069 ἰδιωτάτη
1737 1013 1752 1028 ⁸
1786 999 1847 1052 δι’

277 1086 346 1160 ἦς
381 1092 471 1143 καὶ
519 1091 658 1159 ὑπὲρ
707 1090 897 1142 ἑαυτὸν
944 1089 1230 1159 γινόμενος
1279 1089 1393 1141 ἔσθ’
1441 1089 1553 1152 ὅτε,
1605 1089 1683 1158 τῷ
1739 1090 1855 1158 Θεῷ

284 1182 628 1250 συγγίνεται.
664 1180 806 1241 Νοῦς
835 1180 962 1250 γὰρ,
997 1181 1131 1249 φησὶ
1161 1182 1188 1232 6
1232 1181 1404 1248 μέγας
1438 1181 1734 1248 Βασίλειοςο
1782 1183 1857 1254 μὴ

284 1272 712 1342 σκεδαννύμενος
747 1273 838 1323 ἐπὶ
852 1273 925 1322 ιτὰ
949 1269 1052 1334 ἔξω
1091 1270 1241 1339 (ὁρᾷς
1270 1271 1350 1323 ὅτι
1384 1270 1620 1335 ἔξεισινς
1671 1270 1860 1336 Ἑξιὼν

283 1363 404 1431 οὖν,
450 1365 713 1418 ἐπανόδου
769 1365 960 1416 δεῖται.
1015 1363 1105 1414 Διό
1160 1363 1368 1430 φησιν),
1426 1363 1672 1415 ἐπάνεισι
1726 1365 1860 1434 πρὸς

287 1458 482 1512 ἑαυτόν
504 1474 516 1486 °
552 1457 618 1509 δι’
657 1454 851 1508 ἑαυτοῦ
888 1455 950 1508 δὲ,
986 1454 1123 1524 πρὸς
1147 1454 1239 1506 τὸν
1282 1454 1434 1519 Θεὸν,
1471 1457 1544 1518 ὼς
1591 1456 1659 1508 δι’
1687 1458 1859 1510 ἁπλα-

289 1549 416 1612 νοῦς
452 1547 734 1601 ἀναϐαίνει
780 1547 874 1614 τῆς
908 1545 1048 1598 ὁδοῦ.
1088 1546 1198 1613 Τὴν
1223 1545 1477 1614 τοιαύτην
1504 1546 1613 1617 γὰρ
1654 1549 1863 1618 κίνησιν

287 1643 386 1696 τοῦ
413 1641 528 1704 νοῦ,
561 1642 654 1692 καὶ
683 1641 712 1690 ὁ
747 1639 854 1689 τῶν
885 1636 1088 1704 νοερῶν
1117 1637 1360 1704 ἀπλανὴς
1385 1637 1626 1706 ἐπόπτης
1659 1641 1863 1702 ἐκεῖνος

290 1735 591 1796 Διονύσιος,
632 1731 891 1784 ἀδύνατον
931 1726 1069 1781 εἷναί
1120 1746 1253 1796 φησι
1287 1729 1461 1800 πλάνῃ
1493 1736 1597 1783 τινί
1642 1749 1866 1801 περιπε-

291 1828 430 1880 σεῖν.
464 1825 682 1891 Ταύτης
729 1819 822 1874 οὖν
852 1822 1083 1887 ἁπάγειν
1106 1825 1132 1873 ὁ
1161 1822 1259 1887 τῆς
1293 1820 1499 1890 πλάνης
1542 1823 1720 1893 πατὴρ
1752 1827 1869 1876 ὲπι-

1969 639 2198 693 magnus
2229 623 2478 685 Basilius,
2519 623 2827 678 intellectus
2851 625 2916 678 ad
2944 625 3214 680 exteriora
3243 625 3540 691 dispersus,

1968 733 1995 769 a
2040 733 2118 780 se,
2156 726 2213 768 ut
2241 717 2410 780 vides,
2438 717 2570 770 exit.
2599 715 2861 784 Egressus
2887 716 3054 785 igitur
3088 715 3267 769 reditu
3313 715 3541 782 indiget.

1969 811 2114 874 Ideo,
2152 809 2350 877 inquit,
2410 810 2710 863 revertitur
2740 811 2806 862 ad
2858 809 3236 876 semetipsum,
3275 818 3328 861 et
3360 822 3454 873 per
3488 822 3547 860 se

1969 903 2034 955 ad
2098 904 2264 956 Deum
2306 902 2731 968 aSccnditquasi
2771 902 2852 955 via
2893 917 2997 954 non
3033 902 3290 954 erratica.
3336 919 3353 951 1
3393 897 3565 951 1111110.

1968 995 2113 1046 enim
2160 993 2357 1048 mentis
2387 1005 2590 1047 motum
2621 1008 2726 1046 non
2757 1009 2916 1062 posse
2951 995 3043 1046 ulli
3079 994 3318 1046 incidere
3347 995 3546 1062 errori,

1969 1085 2100 1137 dicit
2161 1085 2249 1137 ille
2279 1086 2458 1137 adhuc
2507 1101 2610 1138 non
2643 1100 2904 1138 erroneus
2935 1082 3297 1151 spiritualium
3357 1099 3551 1149 specu.

1972 1173 2111 1226 lator
2144 1175 2454 1244 Dionysius.
2493 1176 2574 1228 Ab
2609 1177 2695 1234 illa
2734 1176 2898 1240 igitur
2929 1176 3010 1229 via
3048 1175 3322 1228 hominem
3358 1177 3543 1227 diver-

1972 1277 2087 1321 tere.
2119 1268 2500 1336 patenerroris
2550 1283 2764 1337 semper
2789 1268 3034 1335 cupiens,
3069 1277 3122 1321 et
3186 1268 3442 1321 inducere
3497 1269 3547 1318 in

1973 1364 2112 1412 viain
2145 1361 2420 1415 erroribus
2445 1362 2558 1414 suis
2585 1363 2918 1422 intricatam,
2966 1375 3238 1427 nunquam
3264 1360 3548 1419 hat-tenus,

1971 1466 2230 1520 quantum
2274 1469 2371 1506 nos
2400 1455 2604 1508 scimus
2630 1496 2644 1520 ,
2677 1465 3088 1524 cooperatorem
3125 1453 3405 1505 invenerat
3438 1452 3553 1518 pul-

1971 1549 2118 1599 chris
2144 1547 2488 1600 sermonibus
2512 1555 2798 1600 conantem
2819 1549 2868 1598 in
2891 1545 3036 1598 illam
3063 1534 3364 1597 attrahere.
3397 1543 3551 1596 Nune

1974 1654 2099 1690 vero
2131 1637 2415 1705 adjutores
2448 1640 2673 1706 reperit,
2705 1653 2852 1701 cum,
2884 1647 2941 1689 ut
3005 1639 3121 1705 ipse
3167 1637 3380 1698 dixisti,
3435 1637 3545 1688 sint

1970 1730 2062 1797 qui
2127 1743 2462 1796 componunt
2521 1743 2802 1782 sermones
2868 1729 2933 1780 ad
2969 1729 3070 1781 huc
3137 1720 3424 1790 dttcenics,
3496 1738 3552 1779 et

1976 1819 2320 1873 multitudini
2335 1820 2666 1888 persuadere
2697 1819 2999 1874 moliuntur
3025 1820 3221 1873 melius
3244 1835 3366 1873 esse
3396 1831 3550 1872 extra

294 1917 487 1986 Θυμῶν
517 1917 603 1968 ἀεὶ
655 1915 746 1966 τὸν
782 1913 1087 1982 ἄνθρωπον,
1125 1914 1218 1965 mi.
1270 1913 1403 1982 πρὸς
1453 1913 1552 1981 τὴν
1589 1914 1870 1985 χωροῦσαν
1901 1903 1938 1956 Β

1976 1929 2174 1981 corpus
2208 1923 2440 1966 mentem
2487 1913 2538 1966 in
2568 1913 2816 1967 oratione
2847 1915 3117 1968 contineri
3144 1915 3211 1967 ab
3243 1914 3329 1967 his
3381 1915 3544 1967 etiam

292 2007 463 2064 αὑτοῦ
490 2007 586 2069 τὰς
620 2006 824 2066 πλάνας
854 2006 1030 2072 ἄγειν,
1060 2004 1270 2056 οὐδέπω
1294 2003 1386 2056 καὶ
1416 2005 1672 2074 τήμερον,
1691 2007 1789 2058 ὅσα
1809 2023 1871 2072 γε

297 2104 462 2169 ἡμεῖς
493 2102 677 2167 ἴσμεν,
726 2094 852 2164 εῦρε
891 2096 1149 2164 συνεργὸν
1189 2096 1276 2148 διὰ
1305 2088 1694 2165 χρηστολογίᾶς
1725 2098 1872 2163 ἀγω-

297 2191 582 2257 νιζόμενον
631 2185 1030 2255 ὲφελκύσασθαι
1077 2184 1211 2252 πρὸς
1260 2187 1485 2254 ταύτην.
1539 2185 1651 2238 Νῦν
1698 2185 1743 2236 δ’
1802 2185 1872 2246 ὡς

299 2286 500 2344 ἔοικεν,
531 2275 656 2349 εῦρε
693 2281 819 2341 τοῦς
863 2277 1428 2347 συλλαμϐανομένους,
1459 2278 1637 2347 εἴπερ,
1679 2279 1752 2341 ὡς
1783 2280 1879 2330 αῦ-

305 2377 399 2438 τος
430 2370 612 2436 εἶπας,
649 2374 784 2425 εἰσιν
827 2372 876 2423 οἳ
925 2371 1017 2423 καὶ
1059 2370 1248 2438 λόγους
1281 2371 1619 2423 συντιθέασιν
1661 2372 1881 2438 ἐνάγονο

289 2491 388 2536 τας
412 2473 547 2542 πρὸς
579 2472 749 2525 ταῦτα
773 2487 784 2500 ⁸
814 2473 907 2524 καὶ
934 2472 1059 2536 τοὺς
1089 2472 1314 2536 πολλοὺς
1345 2471 1549 2525 πείθειν
1580 2474 1863 2545 ἐγχειροῦ-

289 2583 399 2628 σιν,
440 2567 513 2628 ὡς
546 2565 765 2617 κάλλιον
803 2564 907 2630 ἔξω
946 2565 1194 2633 κατέχειν
1229 2565 1321 2617 τοῦ
1367 2564 1616 2632 σώματος
1647 2584 1865 2635 προσευ-

289 2659 520 2726 χόμενον
567 2658 659 2709 τὸν
683 2657 828 2720 νοῦν,
877 2656 973 2709 καὶ
1006 2655 1200 2717 αὐτοὺς
1241 2657 1366 2718 τοὺς
1404 2655 1496 2706 τὸν
1528 2655 1865 2723 ὑπεραναὸε-

291 2751 523 2818 ϐηκότα,
559 2750 653 2802 καὶ
675 2750 898 2819 ἡσύχιον
920 2748 1332 2816 ἀσπαζομένους
1366 2747 1510 2815 βίον.
1547 2747 1666 2815 μηδι
1694 2748 1868 2798 ἐκεῖνο

291 2842 656 2904 αἰδεσθέντες,
684 2843 823 2908 ὅπερ
862 2841 1113 2909 Ἰωάννης
1158 2841 1185 2891 ὁ
1216 2840 1313 2908 τὴν
1359 2839 1494 2908 πρὸς
1522 2837 1748 2908 οὐρανὸν
1773 2839 1870 2904 φέ-

297 2950 497 3003 ρουσαν
528 2933 769 3002 κλίμακα
798 2932 885 2984 διὰ
911 2932 1085 3000 λόγων
1132 2932 1534 2999 τεκτηνάμενος
1567 2931 1719 2998 ἡμῖν,
1755 2931 1870 2998 ὁρι-

297 3023 501 3085 ama);
561 3025 653 3075 καὶ
704 3023 1087 3089 ἀποφαπικῶς
1131 3021 1376 3085 ἐξεῖπεν,
1432 3020 1507 3082 ὡς
1556 3021 1866 3089 ήσυχαστής

281 3139 454 3187 ἔστιν.
487 3133 515 3183 ὀ
549 3130 609 3182 τὸ
654 3128 945 3198 ἀσώματον
986 3130 1043 3182 ὲν
1087 3127 1298 3199 σώματι
1328 3129 1657 3198 περιορίζειν
1688 3129 1847 3180 σπεύο

281 3222 409 3273 δων.
442 3215 514 3288 ’ᾫ
537 3243 540 3246 η
563 3219 772 3272 συνωδὰ
805 3221 899 3272 καὶ
942 3221 990 3271 οἱ
1022 3219 1384 3289 πνευματικοὶ
1417 3219 1650 3288 πατέρες
1701 3219 1857 3287 ἡμῶν
1898 3239 1938 3294 C

282 3309 531 3374 ἐδίδαξαν
565 3312 711 3381 ἡμᾶς
744 3310 989 3372 εἰκότως.
1030 3311 1092 3362 El
1118 3312 1226 3379 γὰρ
1267 3311 1339 3379 μὴ
1374 3310 1520 3362 ἔνδον
1547 3313 1641 3362 τοῦ
1674 3311 1858 3378 σώμα-

278 3420 372 3464 τος
410 3404 761 3472 περιορίσειε,
793 3402 908 3463 πῶς
941 3403 1006 3454 ἂν
1026 3402 1083 3453 ὲν
1114 3402 1288 3471 ἑαυτῷ
1318 3404 1408 3453 τὸν
1427 3402 1483 3454 τὸ
1511 3401 1666 3470 σῶμα
1692 3406 1857 3468 ἐνημ-

283 3495 471 3564 μένον,
529 3495 622 3546 καὶ
663 3494 738 3555 ὡς
770 3488 909 3555 εἶδος
953 3494 1180 3560 φυσικὸν
1214 3493 1301 3544 διὰ
1342 3494 1520 3561 πάσης
1576 3493 1854 3561 χωροῦντα

276 3589 378 3655 τῆς
403 3605 465 3654 με
478 3587 842 3656 μορφωμένης
876 3585 1006 3654 ὕλης
1031 3604 1045 3651 ;
1078 3582 1143 3656 ἦς
1165 3587 1224 3638 τὸ
1249 3585 1350 3648 ἔξω
1381 3586 1474 3637 καὶ
1501 3585 1855 3654 διωρισμένον

277 3680 380 3732 οῦκ
409 3681 475 3732 ἂν
507 3679 814 3743 ἐπιδείξαιτο
837 3678 1023 3730 οὐσίαν
1052 3677 1166 3741 νοῦ,
1194 3678 1383 3746 μέχρις
1409 3678 1475 3730 ἂν
1504 3678 1684 3745 ἐκείνη
1717 3677 1851 3745 ζῴη,

279 3770 426 3837 ζωῆς
455 3765 595 3832 εἶδος
614 3770 945 3837 κατάλληλον
968 3772 1034 3839 τῇ
1069 3769 1329 3837 συναφείᾳ
1356 3769 1568 3821 σπῶσα.
1605 3767 1851 3829 Βλέπεις,

277 3862 502 3928 ἁδελφὲ,
532 3861 648 3920 πῶς
703 3861 763 3912 οὐ
800 3859 1184 3927 πνευματικῶς
1221 3859 1409 3925 μόνον,
1457 3857 1591 3910 ἀλλὰ
1642 3858 1736 3908 καὶ
1764 3857 1854 3907 άν-

277 3955 567 4024 θρωπίνως
593 3951 958 4014 ἐξετάζουσιν,
991 3952 1138 4008 ,εἴσω
1173 3950 1266 4002 τοῦ
1315 3949 1561 4017 σώματος
1593 3950 1852 4017 πέμπειν,

275 4053 311 4120 ἦ
351 4051 602 4118 κατέχειν
627 4047 717 4099 τὸν
752 4045 876 4097 νοῦν
903 4043 1248 4111 ἀναπέφηνεν
1277 4039 1700 4107 ἀναγκαιότατον
1727 4041 1852 4100 τοὺς

275 4141 700 4212 προῃρημένους
761 4138 970 4191 ἑαυτῶν
1020 4137 1095 4199 ὡς
1145 4134 1360 4203 ἀληθῶς
1418 4133 1687 4200 γενέσθαι,
1757 4132 1852 4185 καὶ

275 4234 420 4286 κατὰ
472 4232 564 4284 τὸν
596 4231 704 4282 ἔσω
738 4227 1026 4297 ἄνθρωπον
1063 4222 1416 4293 φερωνύμους
1472 4223 1763 4292 μοναχοὺς,
1791 4221 1851 4274 τὸ

272 4327 429 4388 ὃέὶς
476 4322 702 4384 ἑαυτοὺς
736 4320 968 4390 μάλιστα
1023 4317 1148 4378 τοὺς
1198 4317 1583 4384 εἰσαγομένους
1635 4314 1851 4384 βλέπειν

273 4416 636 4484 εἰσηγεῖσθαι,
687 4415 784 4466 καὶ
827 4411 916 4466 διὰ
962 4411 1063 4472 τῆς
1121 4407 1397 4476 ἀναπνοῆς
1433 4407 1562 4459 εῐσω
1612 4405 1851 4477 πέμπειν

277 4522 371 4572 τον
417 4521 616 4570 οἰκεῖον
669 4514 816 4576 νοῦν,
868 4516 968 4565 οὐκ
1018 4511 1126 4564 ἀπὸ
1157 4511 1380 4580 τρόπον.
1426 4511 1528 4563 Τὸν
1551 4515 1658 4578 γὰρ
1691 4513 1856 4582 μήπω

1975 2009 2064 2072 qui
2117 2008 2387 2076 egregiam
2420 2017 2473 2059 et
2505 2007 2743 2073 quietatn
2790 2006 3020 2076 amplexi
3058 2018 3188 2060 sunt
3218 2009 3405 2069 vitatu,
3448 2023 3546 2059 ne~

1975 2117 2078 2168 que
2124 2103 2262 2154 hanc
2299 2112 2560 2155 verentur
2594 2099 2974 2153 deﬁnitionem
3014 2114 3078 2152 ac
3118 2100 3550 2154 demonstratio-

1979 2210 2099 2247 nem
2135 2191 2358 2248 Joannis
2410 2194 2552 2247 illius
2581 2193 2670 2262 qui
2705 2193 2911 2246 scalam
2948 2193 3012 2244 ad
3046 2193 3241 2247 etelum
3275 2192 3542 2245 ferentem

1975 2290 2318 2343 sern‘ionibus
2346 2289 2641 2344 fabricatus
2672 2289 2796 2343 esti
2869 2308 2886 2340 ι
2925 2289 3167 2355 Quietus,
3204 2293 3301 2354 ait,
3341 2291 3426 2341 ille
3471 2302 3555 2341 est

1974 2383 2065 2449 qui
2132 2382 2511 2450 incorporeum
2552 2382 2605 2434 in
2670 2397 2933 2451 corporeo
2968 2383 3251 2435 includere
3283 2393 3484 2437 studet.
3532 2405 3547 2434 1

1974 2476 2072 2529 Cui
2112 2489 2350 2529 consona
2402 2475 2714 2542 spirituales
2756 2476 2931 2529 nostri
2982 2477 3173 2529 l’atres
3212 2478 3407 2530 merito
3450 2494 3547 2530 nos

1975 2569 2298 2620 docuerunt.
2351 2565 2482 2618 Nam
2516 2570 2558 2620 si
2597 2585 2702 2621 non
2762 2568 2911 2622 intus
2947 2569 3217 2636 corporis,
3281 2573 3552 2638 quomodo

1977 2659 2027 2711 in
2061 2659 2217 2712 nobis
2241 2660 2642 2714 inclttderemus
2669 2662 3003 2715 intellectmn
3037 2679 3269 2729 corpore
3301 2665 3545 2716 indutum

1973 2761 2027 2804 et
2059 2753 2204 2805 velut
2236 2750 2464 2805 fortnam
2517 2754 2819 2807 naturalem
2857 2756 2951 2806 toti
2981 2754 3216 2808 infusum
3248 2756 3557 2809 informatio

1975 2844 2257 2897 materia}?
2293 2861 2319 2896 a
2353 2861 2456 2914 qua
2513 2845 2775 2913 quidquid
2808 2858 2953 2900 esset
2987 2857 3308 2901 extraneum
3370 2864 3433 2901 ac
3470 2867 3553 2902 se-~

1975 2948 2248 3002 paratum,
2317 2953 2421 2990 non
2485 2940 2751 3006 reciperet
2806 2939 3172 2993 substantiam
3223 2942 3553 3004 intellectus,

1972 3029 2216 3092 quandin
2275 3031 2363 3083 illa
2423 3030 2573 3096 vivit,
2635 3033 2757 3086 vita:
2804 3047 2977 3100 genus
3024 3034 3392 3100 conjunctioni
3425 3049 3554 3088 con-

1975 3118 2147 3170 l'urme
2180 3121 2405 3174 ducens.

2053 3210 2234 3275 Vides,
2267 3212 2456 3275 frater,
2487 3230 2591 3267 non
2623 3217 2977 3283 spiritualiter
3007 3218 3187 3281 modo,
3220 3219 3314 3273 sed
3354 3231 3409 3274 et
3443 3222 3544 3275 hu-

1977 3320 2136 3358 mane
2190 3305 2580 3375 indagantibus
2645 3312 2802 3364 valde
2849 3314 3216 3366 necessarium
3248 3325 3457 3382 patere,
3491 3329 3547 3368 ιιι

1975 3397 2046 3450 illi
2093 3399 2233 3450 intra
2281 3415 2482 3464 corpus
2518 3401 2722 3455 duCant
2770 3418 2834 3457 ac
2883 3413 3107 3458 teneant
3160 3418 3422 3473 mentem,
3453 3413 3545 3478 qui

1975 3491 2167 3544 volunt
2199 3508 2323 3546 vere
2362 3496 2443 3547 sui
2487 3509 2610 3548 esse
2646 3505 2699 3549 et
2736 3495 2880 3563 digni
2926 3501 3225 3552 secundum
3277 3500 3546 3554 hominem

1974 3584 2291 3637 interiorem
2326 3588 2599 3640 monachi.
2637 3586 2851 3642 Hortari
2893 3598 3096 3655 autem,
3135 3593 3407 3660 praecipue
3435 3596 3545 3648 ele-

1975 3675 2290 3739 mentarius,
2330 3688 2387 3729 ut
2427 3677 2478 3730 in
2513 3690 2686 3732 semet
2709 3680 2998 3748 inspiciunt
3024 3691 3076 3735 et
3103 3698 3199 3749 per
3232 3687 3550 3751 respiratio-

1973 3781 2096 3819 nem
2143 3768 2286 3819 intro
2351 3769 2569 3824 mittant
2618 3772 2978 3836 intellectum,
3047 3790 3154 3827 non
3221 3787 3305 3830 est
3360 3779 3546 3831 incon.

1973 3872 2190 3926 grueus.
2228 3859 2359 3912 Eum
2413 3863 2554 3915 enim
2597 3866 2689 3930 qui
2732 3866 2969 3918 nondum
3014 3867 3113 3920 sibi
3166 3871 3421 3935 attendit,
3480 3875 3547 3923 ah

1974 3951 2157 4006 animo
2207 3955 2272 4006 ad
2310 3969 2367 4007 se
2418 3955 2744 4023 quihusdam
2805 3959 3012 4012 artibus
3060 3962 3388 4014 reducendo.
3429 3980 3550 4031 quts

1973 4042 2112 4095 bene
2163 4059 2331 4098 sanus
2390 4047 2859 4112 averteret?Quia
2909 4051 3073 4119 igitur
3098 4063 3375 4108 certamen
3422 4057 3548 4110 illud

1975 4148 2148 4200 nuper
2177 4135 2460 4204 ingressis,
2496 4154 2648 4193 mens
2682 4141 2765 4194 vel
2797 4143 3086 4197 recollecta
3114 4145 3320 4214 jugiter
3340 4151 3546 4212 exsilit,

1973 4234 2024 4276 et
2048 4227 2250 4295 jugiter
2276 4242 2359 4281 cst
2393 4232 2721 4298 revocanda,
2755 4243 2807 4285 et
2843 4235 3079 4289 nomium
3119 4241 3253 4294 bene
3277 4244 3546 4296 exercitus

1973 4316 2112 4370 fallit
2145 4331 2330 4388 utpote
2374 4321 2688 4378 tliﬂicillima
2739 4327 2856 4380 visu
2909 4338 2964 4380 et
3023 4331 3380 4387 mobilissima
3425 4350 3546 4388 om-

1974 4412 2143 4475 nium,
2190 4414 2327 4466 ideo.
2362 4416 2604 4469 nonnulli
2667 4433 2760 4472 eos
2805 4422 3089 4475 hortantur
3144 4435 3200 4478 ut
3259 4442 3286 4478 a
3345 4430 3543 4481 Crebro

1973 4507 2174 4558 omissa
2209 4517 2263 4559 et
2307 4509 2530 4561 reducta
2595 4513 2957 4579 respiratione
3022 4529 3270 4584 caveant,
3317 4536 3550 4591 eantque

276 4607 614 4676 θεωρητικὸν
647 4603 859 4664 ἑαυτοῦ,
897 4604 1162 4672 μηχαναῖς
1207 4619 1314 4654 τισι
1355 4602 1488 4671 πρὸς
1520 4601 1708 4655 ἑαυτὸν
1738 4604 1858 4654 ἐπι·
1905 4606 1938 4661 D

1975 4599 2313 4664 suspendant
2346 4603 2639 4670 paulisper,
2666 4607 2730 4658 ad
2783 4618 3019 4661 mentem
3045 4625 3167 4664 cum
3200 4628 3261 4666 ea
3295 4615 3547 4667 τυιίιιυιιε-

278 4702 536 4766 συνάγειν
583 4699 676 4750 τὸν
726 4696 870 4758 νοῦν,
912 4695 1010 4746 οὐκ
1041 4693 1364 4763 ἀποτρέψειέ
1412 4712 1494 4755 τις
1530 4693 1587 4744 εῦ
1620 4693 1853 4762 φρονῶν.

285 4792 446 4842 Ἐπεὶ
487 4784 580 4841 οῦν
615 4789 726 4848 τοῖς
751 4787 874 4854 ἄρτι
919 4783 1055 4854 πρὸς
1087 4783 1176 4835 τὸν
1220 4783 1407 4850 ἀγῶνα
1438 4783 1623 4835 τοῦτον
1653 4783 1843 4835 ἀποδυι

275 4883 559 4950 σαμένοις,
609 4879 702 4931 καὶ
755 4876 1122 4944 συναγόμενος
1175 4876 1412 4944 συνεχῶς
1454 4876 1739 4945 ἀποπηδᾷ·
1774 4876 1856 4928 δεῖ

271 4976 331 5024 δὲ
364 4973 460 5024 καὶ
483 4971 724 5038 συνεχῶς
756 4969 953 5030 αὐτοὺς
976 4967 1131 5029 αὖθις
1152 4965 1339 5018 τοῦτον
1369 4967 1665 5034 ἐπανάγειν
1689 4985 1702 4998 ο
1730 4967 1856 5020 λαν-

273 5066 432 5117 θάνει
466 5062 510 5115 δ’
561 5060 940 5130 ἀγυμνάστους
990 5061 1147 5122 ὄντας
1193 5059 1718 5129 δυσοεωρητότατος,
1760 5059 1852 5110 καὶ

274 5153 692 5222 εὐκινητότατος
722 5153 977 5205 ἁπάντων
1001 5149 1073 5202 ὢν
1093 5166 1106 5179 ·
1135 5149 1222 5202 διὰ
1254 5150 1408 5203 τοῦτο
1443 5151 1506 5219 τῇ
1538 5148 1714 5201 πυκνὰ
1736 5148 1850 5200 δια-

273 5247 510 5316 χεομένῃ
557 5246 650 5297 καὶ
705 5243 1091 5312 ὲπαναγομένῃ
1138 5243 1360 5310 είσπνοῇ
1399 5241 1723 5310 προσέχειν,
1772 5240 1849 5290 εί-

275 5345 364 5392 σὶν
398 5339 448 5390 οἳ
497 5336 846 5405 παραινοῦσι,
884 5338 976 5388 καὶ
1024 5336 1240 5405 ἐπέχειν
1277 5351 1327 5386 τι
1375 5333 1589 5403 μικρὸν,
1646 5331 1719 5392 ὡς
1748 5334 1848 5384 κὰ-

272 5437 455 5486 κεῖνον
508 5431 885 5499 συνεπίσχοιεν
913 5429 1205 5502 τηροῦντες
1238 5431 1294 5480 ὲν
1334 5430 1470 5496 αὐτῇ
1495 5444 1506 5456 ·
1543 5429 1733 5496 μέχρις
1762 5428 1847 5491 ἂν,

274 5528 375 5578 σὺν
419 5524 560 5591 Θεῷ,
595 5524 687 5573 ἐπὶ
734 5523 791 5574 τὸ
825 5525 1069 5590 κρεῖττον
1105 5521 1404 5587 προϊόντες,
1429 5519 1686 5586 ἀπρόῐτον
1715 5519 1850 5587 πρὶς

271 5618 342 5667 τὰ
377 5616 502 5682 περὶ
536 5613 716 5674 αὑτὸν,
752 5613 839 5664 καὶ
872 5612 1046 5680 ἀμιγῆ
1071 5612 1161 5662 τὸν
1195 5612 1392 5662 οἰκεῖον
1431 5613 1553 5661 νοῦν
1592 5612 1844 5677 ποιήσαν-

273 5724 385 5767 τες,
419 5705 719 5773 δυνηθῶσιν
745 5703 986 5771 ἀκριϐῶς
1039 5703 1116 5763 εἰς
1165 5701 1368 5769 ἐναλειδῆ
1422 5701 1680 5763 συνέλιξιν
1729 5717 1850 5750 συν-

270 5799 523 5864 αγαγεῖν.
568 5795 737 5847 Τοῦτο
767 5794 809 5845 δ’
845 5793 940 5846 ἴδει
972 5811 1050 5855 τις
1085 5793 1148 5844 ἂν
1173 5793 1263 5844 καὶ
1293 5792 1612 5858 αὐτομάτως
1649 5791 1847 5857 ἐπομε-

271 5909 362 5944 νον
499 5889 736 5957 προτοχῇ
775 5886 862 5937 τοῦ
895 5885 1005 5938 νον).
1046 5884 1377 5953 Ἠρέμαγᾶιρ
1412 5884 1599 5934 ετσεισῖ
1650 5901 1704 5936 τε
1755 5884 1843 5935 κ]ιῖ

1969 4689 2118 4754 dam,
2163 4691 2353 4753 donec,
2392 4693 2686 4761 adjuvante
2727 4697 2854 4763 Deo,
2892 4701 2943 4752 in
2999 4703 3191 4756 melius
3249 4711 3546 4774 progressi,

1965 4780 2074 4846 jam
2115 4797 2218 4834 non
2249 4783 2313 4835 ad
2347 4785 2758 4842 circumstantia
2787 4790 3176 4855 discedentem,
3210 4798 3303 4849 sed
3353 4814 3544 4864 puram

1968 4889 2193 4941 prorsus
2242 4876 2439 4931 laetam
2484 4891 2717 4933 mentem
2767 4899 2922 4938 suam
2982 4889 3193 4955 possint
3224 4891 3461 4960 perfecte
3492 4900 3544 4946 in

1970 4982 2135 5019 uunm
2187 4969 2405 5039 globum
2453 4972 2733 5029 conferre.
2773 4978 2827 5029 ιιι
2873 4989 3078 5044 autem,
3113 4993 3171 5034 ut
3216 4983 3399 5039 videre
3438 4998 3542 5051 est,

1971 5061 2113 5112 ultro
2173 5064 2420 5127 sequitur
2471 5071 2824 5122 attentionem
2888 5074 3107 5126 mentis.
3154 5074 3285 5128 Nam
3342 5076 3533 5130 leniter

1968 5153 2136 5208 intrat
2174 5167 2228 5210 et
2253 5160 2364 5211 exit
2393 5158 2478 5212 hic
2502 5163 2743 5227 spiritus,
2776 5165 2828 5218 in
2861 5168 3008 5219 omni
3042 5169 3282 5224 studiosa
3309 5174 3537 5224 medita-

1969 5245 2140 5310 tione,
2167 5256 2220 5301 et
2256 5249 2523 5318 imprimis
2560 5257 2696 5322 apud
2731 5255 2976 5312 fruentes
3005 5263 3248 5326 corporis
3283 5271 3336 5314 et
3371 5266 3535 5316 animi

1967 5337 2303 5402 quietudine.
2340 5341 2401 5394 lli
2446 5346 2592 5395 enim
2640 5349 2875 5412 spiritali
2924 5353 3220 5421 gaudentes
3262 5357 3535 5409 sabbatis-

1967 5441 2077 5492 mo,
2114 5440 2169 5481 et
2200 5432 2266 5482 ab
2304 5434 2556 5488 onmihus
2583 5439 2698 5492 suis
2733 5442 2969 5504 actibus,
3001 5454 3259 5510 quantum
3290 5461 3535 5515 possunt,

1969 5533 2271 5585 ressantcs,
2343 5530 2682 5593 Stlspttntlllltl
2748 5536 2927 5586 omnia
2980 5535 3289 5590 facultatum
3341 5543 3539 5597 anima:

1965 5626 2123 5679 opera
2179 5617 2376 5681 quibus
2431 5619 2472 5671 it
2531 5623 2752 5689 exitque
2804 5635 2853 5678 et
2912 5627 3056 5680 varia
3123 5635 3427 5700 cognoscit.
3474 5651 3540 5692 ac

1966 5715 2192 5760 cunctas
2243 5723 2498 5764 sensuum
2557 5718 2971 5784 perceptiones,
3021 5733 3181 5790 atque
3223 5727 3540 5782 universam

1967 5812 2190 5863 prorsus
2221 5805 2464 5869 corpmis
2511 5811 2882 5873 (mutationem
2917 5829 3034 5879 qua:
3071 5831 3236 5882 penes
3284 5834 3379 5872 nos
3431 5830 3534 5884 est,

1966 5908 2083 5946 eam
2125 5910 2250 5950 vero
2279 5915 2395 5965 qugr
2431 5916 2531 5952 non
2565 5905 2783 5956 omnin:
2819 5921 2843 5957 ιι
2898 5910 3052 5961 nobis
3089 5917 3301 5975 pendet.
3361 5925 3419 5968 ut
3451 5929 3536 5968 re-
