4246 6464
704 434 845 501 1139

1964 425 2348 486 GREGORII
2387 425 2714 489 PALAMIE

3817 426 3951 497 1140

703 575 769 613 eo
796 558 920 628 ipso
949 563 1095 625 patet
1130 553 1272 607 hunc
1301 564 1423 605 esre
1452 548 1713 603 factorem
1746 556 1944 601 nostrae
1980 547 2277 613 intelligen-

2411 551 2552 619 ηλον,
2580 551 2654 613 ὡς
2679 553 2705 602 ὁ
2744 567 2781 600 π
2817 549 2969 618 ιητὴς
3002 547 3094 599 τοῦ
3124 547 3243 601 καθ’
3281 547 3425 616 ἡμᾶς
3462 561 3671 612 νοερου,
3738 543 3941 601 ἐκεῖνος

702 652 813 715 tim,
840 660 895 703 et
925 649 1166 703 omnium
1196 643 1639 699 intellectualinm
1674 643 1985 694 auctorem?
2012 637 2273 692 Conservi

702 746 867 810 igitur
920 742 1079 795 nobis
1132 746 1259 792 sunt
1324 750 1513 789 omnes
1566 734 1787 801 spiritus
1846 732 1911 782 ad
1982 730 2273 798 imaginem

700 834 978 890 Creatoris
1024 830 1173 890 facti.
1222 830 1436 883 etiamsi
1491 828 1645 881 nobis
1691 827 1796 877 sint
1842 822 2273 883 cxcellentiores,

701 930 823 996 quia
861 936 987 981 sunt
1030 932 1181 977 extra
1220 935 1468 989 covpora,
1499 928 1550 971 ct
1587 920 1838 969 iucrcata-
1864 930 2085 981 prorsus
2113 922 2161 964 et
2198 912 2278 963 iu-

701 1030 896 1072 creata:
927 1027 1132 1071 natum
1163 1014 1460 1083 propiores.
1499 1009 1590 1065 Vel
1626 1009 1829 1077 potius,
1864 1008 1955 1074 qui
1991 1007 2131 1058 inter
2156 1004 2277 1057 illos

702 1128 857 1164 suum
904 1115 1262 1163 servaverunt
1291 1103 1563 1161 ordinem.
1595 1112 1646 1153 et
1694 1100 1822 1152 illud
1873 1099 1937 1151 ad
1970 1096 2111 1163 quod
2149 1093 2277 1148 facti

702 1213 829 1255 sunt
860 1210 1064 1265 amant,
1100 1200 1224 1251 licet
1256 1197 1412 1249 nobis
1440 1192 1709 1255 conservi,
1742 1200 1867 1244 sunt
1899 1199 2075 1242 tamen
2105 1188 2279 1240 hono-

704 1292 933 1357 rabiles,
967 1301 1021 1345 et
1069 1289 1330 1357 dignitate
1376 1285 1531 1339 nobis
1581 1282 1749 1335 multo
1793 1279 2120 1345 superiores.
2172 1275 2274 1340 Qui

702 1400 834 1440 vero
869 1398 1023 1438 suum
1074 1396 1175 1435 non
1208 1387 1560 1430 scrvaverunt
1596 1376 1864 1432 ordinem,
1895 1371 1988 1423 sed
2039 1366 2278 1421 rebellati

704 1478 833 1531 illud
866 1476 1170 1542 rejecerunt
1215 1473 1279 1524 ad
1313 1471 1451 1539 quod
1482 1468 1650 1522 creati
1680 1477 1858 1527 erant,
1890 1465 1957 1517 ab
1985 1459 2276 1532 appmpin-

703 1569 1000 1637 qnantibus
1055 1565 1161 1618 Deo
1230 1571 1571 1617 recesserunt
1618 1575 1779 1627 quam
1833 1558 2179 1624 longissime,
2223 1558 2279 1605 et

702 1664 909 1716 honore
942 1673 1038 1711 suo
1070 1656 1411 1712 exciderunt.
1442 1655 1505 1707 Et
1536 1652 1579 1706 si
1624 1652 1787 1704 etiam
1823 1663 1921 1701 nos
1969 1642 2125 1698 simul
2172 1652 2280 1694 tra-

615 1800 618 1805 .
702 1756 833 1807 here
865 1754 919 1805 in
956 1752 1163 1818 lapsum
1213 1745 1620 1817 aggrediuntur,
1658 1759 1762 1795 non
1802 1739 2022 1792 inutiles
2071 1744 2277 1788 tantum

702 1854 829 1898 sunt
854 1853 1019 1911 atque
1044 1842 1193 1904 viles,
1217 1839 1309 1892 sed
1334 1847 1383 1891 ct
1410 1836 1518 1891 Deo
1540 1834 1734 1888 inlensi
1760 1843 1812 1886 et
1836 1830 2018 1901 generi
2046 1828 2280 1880 humano

706 1936 997 2007 perniciosi
1028 1944 1077 1986 et
1112 1929 1495 1986 inimicissimi.
1628 1928 1629 1931 “

774 2032 867 2084 ’23.
904 2030 1007 2083 Sed
1043 2024 1343 2097 physiologi
1378 2030 1431 2077 et
1479 2016 1797 2076 astronorni.
1830 2030 1978 2078 cum,
2010 2013 2134 2064 licet
2161 2025 2285 2061 om-

706 2128 793 2180 nia
826 2124 923 2177 sibi
958 2133 1083 2176 nota
1115 2119 1435 2191 gloriantes,
1468 2113 1601 2167 nihil
1636 2111 1979 2182 praelatorum
2012 2122 2077 2160 ex
2112 2103 2290 2174 philo-

703 2217 896 2287 sophia
948 2214 1251 2282 intelligere
1300 2218 1539 2279 possent,
1580 2206 1878 2276 principem
1920 2198 2286 2270 spiritualium

706 2313 1049 2366 tenebrarum
1076 2316 1131 2360 et
1154 2314 1378 2359 cunctas
1401 2308 1697 2370 potestates
1720 2313 1785 2352 eo
1810 2297 1944 2350 duce
1974 2292 2287 2349 rebellatas.

707 2415 811 2452 non
842 2397 1154 2467 superiores
1190 2402 1396 2447 tantum
1428 2390 1640 2459 seipsis,
1672 2387 1764 2441 sed
1795 2395 1851 2441 et
1899 2385 2031 2439 deos
2061 2398 2289 2437 vorave-

708 2502 853 2559 runt,
889 2502 943 2545 et
990 2488 1274 2561 coluerunt
1320 2483 1554 2553 templis,
1596 2490 1650 2536 et
1684 2480 1995 2534 obtulerunt
2024 2480 2102 2533 cis
2129 2478 2291 2531 victi-

706 2601 846 2649 mas,
879 2592 934 2637 et
969 2598 1027 2637 se
1056 2580 1407 2649 subjecerunt
1444 2573 1835 2629 funestissimis
1866 2587 2052 2626 eorum
2097 2585 2291 2623 oracu-

706 2680 795 2744 lis,
830 2679 882 2732 in
914 2676 1112 2747 quibus
1146 2673 1342 2728 merito
1373 2671 1698 2741 plerumque
1724 2666 1870 2741 illusi
1898 2673 2025 2720 sunt
2054 2680 2082 2718 a
2113 2679 2294 2718 sacer-

709 2772 926 2824 dotibus
967 2782 1072 2821 uon
1122 2766 1317 2830 sacris,
1352 2760 1879 2828 lustrationibusque
1909 2756 2289 2812 contaminan-

710 2860 861 2913 tibus
908 2865 961 2912 ct
1008 2854 1449 2909 scelestissimam
1506 2848 1904 2918 inspirantibus
1952 2847 2285 2915 superbiam,

707 2926 1201 3019 attinet-prophetis
1246 2960 1310 2997 ac
1363 2940 1726 3012 prophetissis
1777 2939 1846 2991 ab
1898 2939 2011 3008 ipsa
2060 2940 2291 2993 veritate

710 3057 872 3112 quam
914 3038 1233 3108 longissime
1264 3033 1686 3090 removentibus.

2379 643 2472 695 καὶ
2507 642 2700 702 παντὸς
2744 640 2930 708 νοεροῦ
2958 641 3185 709 ποιητής
3224 641 3378 701 sm;
3423 634 3712 694 Σύνδουλος
3747 629 3941 683 οὐκοῦν

2379 737 2509 803 ἡμῖν
2537 736 2684 785 πᾶσα
2709 733 2869 799 νοερὰ
2905 734 3085 799 φύσις,
3111 732 3204 783 καὶ
3242 728 3362 782 κατ’
3391 728 3577 780 εἰκόνα
3600 724 3696 777 τοῦ
3722 724 3944 776 κτίσαν-

2377 844 2466 888 τος
2502 844 2514 855 ·
2544 829 2709 879 altari.
2750 828 2905 895 ἡμῶν
2954 825 3284 895 τιμιώτεροι,
3342 822 3417 886 ώς
3485 822 3751 891 σωμάτων
3795 818 3948 875 ὅντες

2379 910 2555 970 ἐκτὸς,
2588 909 2679 961 καὶ
2710 911 2773 975 τῇ
2804 909 3077 975 ἀσωμάτῳ
3105 906 3420 959 παντάπασι
3451 906 3545 958 καὶ
3569 909 3808 977 ἀκτίστῳ
3839 911 3945 977 φύ-

2378 1014 2460 1048 σει
2493 998 2691 1065 μᾶλλον
2720 994 3031 1063 ἐγγίζοντες
3067 1010 3080 1023 ’
3120 996 3319 1063 μᾶλλον
3344 996 3421 1056 δὲ,
3455 996 3504 1046 οι
3534 996 3631 1063 μὲν
3676 996 3945 1063 φυλάξαν-

2376 1104 2465 1149 τες
2492 1091 2696 1139 τούτων
2716 1087 2814 1154 τὴν
2845 1086 3051 1138 ἑαυτῶν
3076 1086 3249 1149 τάξιν,
3271 1087 3363 1137 καὶ
3381 1086 3441 1136 τὸ
3475 1087 3609 1155 πρὸς
3637 1086 3665 1137 ὅ
3692 1090 3949 1155 γεγόνασι

2379 1179 2714 1247 στέργοντες,
2764 1179 2811 1227 εἰ
2845 1176 2936 1227 καὶ
2969 1177 3268 1243 ὁμόδουλοι,
3298 1176 3413 1228 ἀλλ’
3444 1178 3575 1245 ἡμῖν
3607 1179 3800 1246 τίμιοι,
3857 1178 3952 1230 καὶ

2379 1270 2411 1337 ὴ
2422 1269 2534 1336 μῶν
2560 1270 2624 1336 τῇ
2646 1266 2798 1330 τάξει
2829 1267 3006 1336 πολλῴ
3026 1265 3367 1336 τιμιώτεροι.
3393 1269 3455 1318 (ιι
3487 1267 3544 1319 δὲ
3570 1268 3643 1336 μὴ
3678 1268 3955 1336 φυλάξαν-

2379 1378 2468 1423 τες
2489 1361 2586 1429 τὴν
2615 1360 2820 1411 ἑαυτῶν
2850 1350 3021 1422 τάξιν.
3054 1359 3166 1411 ἀλλ’
3186 1360 3692 1426 ἀποστατήσαντες,
3742 1360 3837 1411 καὶ
3866 1362 3951 1423 τὴ,

2382 1450 2517 1520 πρὸς
2541 1450 2569 1502 ὃ
2604 1449 2908 1516 γεγόνασιν.
2942 1450 3325 1517 ἀθετήσαντες,
3343 1450 3452 1504 τῶν
3487 1449 3811 1517 ἐγγιζόντων
3832 1450 3956 1519 Θεῷ

2381 1542 2664 1609 γεγονότες
2694 1542 2767 1603 ὼς
2803 1543 3158 1611 πορρωτάτω,
3184 1543 3277 1595 καὶ
3298 1543 3396 1610 τῆς
3434 1542 3606 1611 τιμῆς
3662 1542 3955 1594 ἐκπεπτώ-

2381 1650 2564 1687 κασιν.
2625 1633 2686 1684 Εί
2750 1632 2805 1685 δὲ
2860 1632 2955 1685 καὶ
3002 1634 3151 1701 ἡμᾶς
3206 1634 3547 1703 συνεπισπᾷν
3618 1632 3960 1702 ἐπιχειροῦσι

2384 1726 2521 1795 πρὸς
2542 1724 2847 1789 ἔκπτωσιν,
2882 1724 2983 1776 οὐκ
3022 1726 3229 1793 ἀχρεῖοι
3259 1725 3352 1776 καὶ
3383 1723 3573 1795 ἄτιμοι
3593 1725 3773 1795 μόνον,
3823 1720 3962 1776 ἀλλὰ

2385 1818 2477 1870 καὶ
2506 1815 2770 1879 ἀντίθεοι,
2822 1816 2915 1867 καὶ
2968 1815 3121 1884 ἡμῶν
3176 1815 3253 1884 τῷ
3292 1815 3441 1884 γένει
3504 1816 3827 1886 λυμαντικοὶ
3868 1816 3961 1867 καὶ

2320 1901 2361 1953 Β
2390 1906 2799 1973 πολεμιώτατοι.

2455 2004 2562 2066 κη’.
2617 1996 2755 2048 Ἀλλ’
2780 1998 2829 2048 οἱ
2884 1996 3198 2063 φυσιολόγοι
3228 2012 3286 2047 τε
3348 1996 3442 2047 καὶ
3496 1996 3962 2066 ἀστροθεάμονες,

2388 2093 2479 2143 καὶ
2508 2091 2577 2143 τὰ
2604 2091 2786 2143 πάντα
2810 2090 3012 2142 εἰδέναι
3048 2089 3418 2158 καυχώμενοι,
3446 2088 3617 2157 μηδὲν
3640 2089 3748 2139 τῶν
3775 2104 3967 2159 προει-

2391 2200 2455 2254 ρη
2468 2182 2642 2252 μένων
2671 2182 2737 2233 ὲκ
2770 2184 2868 2248 τῆς
2897 2179 3214 2248 φιλοσοφίας
3246 2179 3481 2231 συνιδεῖν
3496 2179 3840 2249 δυνηθέντες,
3867 2178 3968 2230 καὶ

2388 2273 2478 2325 τὸν
2507 2271 2742 2342 ἄρχοντα
2779 2270 2874 2323 τοῦ
2897 2270 3089 2340 νοητοῦ
3119 2270 3361 2332 σκότους,
3398 2268 3495 2320 καὶ
3536 2268 3634 2331 τὰς
3679 2268 3773 2321 ὑπ’
3805 2269 3971 2323 αὐτὸν

2390 2364 2764 2426 ἁποστατικάς
2814 2362 3075 2430 δυνάμεις
3133 2362 3335 2426 πάσας,
3400 2362 3500 2431 οὐχ
3558 2362 3699 2431 ὑπὲρ
3740 2363 3972 2425 ἑαυτοὺς

2394 2460 2574 2527 μῦνον,
2592 2456 2725 2509 ἀλλά
2751 2456 2844 2508 καὶ
2875 2455 3034 2519 θεοὺς
3048 2456 3357 2524 ὠνόμασαν,
3388 2458 3479 2508 καὶ
3503 2458 3649 2518 ναοῖς
3682 2456 3971 2524 ἐτίμησαν,

2392 2549 2486 2601 καὶ
2515 2548 2704 2610 Θυσίας
2737 2548 2921 2609 αὐτοῖς
2959 2548 3364 2617 προσήνεγκαν,
3419 2549 3513 2598 καὶ
3578 2547 3806 2617 ἑαυτοὺς
3869 2548 3973 2598 ὑπ·-

2396 2639 2598 2705 έταξαν
2631 2640 2743 2701 τοῖς
2774 2636 3147 2706 πανωλέθρως
3180 2637 3405 2689 ἐκείνων
3435 2636 3827 2705 θεσπίσμασιν,
3883 2637 3975 2704 ὑφ’

2395 2725 2470 2784 ὧν
2505 2731 2911 2799 ἐνεπαίχθησαν
2943 2729 3170 2791 εἰκότως
3197 2727 3291 2779 ἐπὶ
3321 2727 3479 2791 πολὺ,
3510 2728 3578 2780 δι’
3609 2728 3770 2799 ίερῶν
3822 2729 3975 2781 ἀνιέ-

2400 2842 2526 2895 ρων,
2563 2822 2658 2875 καὶ
2681 2819 2983 2891 καθαρμῶν
3016 2820 3377 2889 μολυνόντων,
3435 2821 3530 2873 καὶ
3574 2821 3976 2890 προστιθέντων

2396 2918 2493 2983 τὴν
2518 2914 2798 2982 ἐξάγιστον
2824 2914 3019 2981 οἴησιν,
3045 2912 3135 2964 καὶ
3162 2910 3453 2980 προφητῶν
3478 2912 3572 2963 καὶ
3599 2912 3973 2981 προφητίδων,

2397 3008 2494 3073 τῆς
2523 3006 2689 3066 ὅντως
2707 3004 2961 3074 ἀληθείας
2983 3003 3495 3057 ἀποϐουκολούντων
3518 3003 3594 3065 ὡς
3620 3004 3977 3074 πορρώτατα.

2468 3097 2569 3150 κθ’.
2607 3096 2682 3149 υύ
2709 3097 2769 3149 τὸ
2803 3097 3002 3149 είδέναι
3032 3096 3194 3164 μόνον
3223 3094 3380 3158 Θεὸν,
3434 3094 3556 3147 οὐδὲ
3589 3093 3650 3146 τὸ
3678 3096 3979 3161 γινώσκειν

780 3186 871 3241 ἳ9.
906 3181 1022 3236 Νοιι
1069 3177 1243 3231 solum
1289 3173 1343 3228 in
1375 3186 1441 3225 eo
1469 3168 1615 3238 quod
1649 3168 1811 3222 homo
1858 3161 2029 3214 Deum
2076 3156 2214 3211 sciat
2240 3165 2277 3207 e'

2411 3190 2489 3240 τὴν
2514 3188 2804 3258 ἄνθρωπον
2834 3156 3047 3249 ἑαυτὸν,
3079 3186 3172 3238 καὶ
3210 3185 3309 3256 τὴν
3368 3156 3573 3239 ⁷ἑαυτοῦ
3623 3156 3777 3251 τὰ-ξεν
3799 3187 3855 3256 (ἃ
3885 3188 3981 3238 καὶ

712 3251 951 3345 seipsnm
987 3283 1254 3339 suumque
1303 3270 1598 3333 cognoscat
1652 3258 1900 3314 ordinem
1951 3249 2117 3320 (quod
2151 3243 2291 3314 apud

715 3339 1056 3425 Christianos
1079 3362 1258 3415 sciunt
1287 3359 1447 3410 etiam
1471 3352 1559 3421 qui
1585 3352 1841 3404 dicuntur
1866 3340 2092 3413 idiota'),
2120 3339 2297 3394 scien-

720 3464 789 3517 tia
845 3460 997 3513 adest
1048 3451 1332 3509 sublimior
1387 3441 1723 3517 physiologia
1773 3450 1825 3493 et
1874 3432 2203 3491 astronomia
2242 3436 2298 3482 et

719 3551 865 3607 otiini
903 3551 968 3603 de
1011 3548 1095 3600 his
1125 3539 1488 3612 philosOpliia,
1525 3535 1619 3589 sed
1650 3533 1816 3587 etiam
1882 3541 2041 3581 nosse
2084 3521 2297 3579 intelle-

724 3658 845 3701 ctus
876 3641 1044 3697 nostri
1077 3634 1532 3693 imbecillitatem,
1559 3639 1614 3681 et
1643 3626 1769 3679 huic
1803 3620 2003 3676 mederi
2034 3630 2298 3688 querere,

720 3750 807 3795 est
855 3728 1359 3801 incomparabiliter
1416 3722 1586 3776 multo
1640 3717 1810 3772 satius
1867 3726 2028 3782 quam
2079 3710 2219 3764 scire
2249 3712 2303 3760 et

722 3825 1052 3903 perscrutari
1107 3821 1344 3875 siderum
1403 3810 1830 3884 magnitudinem
1881 3815 1935 3860 et
1987 3814 2300 3856 naturarunt

725 3889 986 3979 rationes,
1022 3913 1261 3983 origines
1294 3904 1613 3961 inferiorum
1664 3910 1719 3953 ct
1752 3896 2016 3953 circuitus
2063 3889 2304 3958 superio-

728 4028 866 4077 rum,
903 4004 1289 4062 conversiones
1322 4008 1375 4052 et
1406 4006 1580 4060 ortus,
1617 3992 1883 4047 stationes
1920 3995 1973 4039 et
2004 3993 2305 4051 retrogrcs-

723 4076 857 4170 sns,
883 4102 1155 4154 discessus
1183 4102 1233 4147 et
1270 4101 1617 4158 congressus,
1665 4093 1719 4137 et
1774 4076 2073 4148 generatim
2114 4088 2304 4127 OIIIIH‘S

723 4211 912 4253 eorum
948 4200 1123 4243 motus
1158 4185 1339 4237 varios
1366 4195 1421 4235 et
1450 4177 1814 4233 inultit‘ormes
1844 4172 2082 4224 habitus.
2113 4166 2308 4221 Sciens

725 4288 871 4343 enim
909 4296 1061 4335 suam
1094 4273 1495 4330 inﬁrmitatem.
1526 4265 1727 4334 reperit
1761 4278 1865 4331 qua
1900 4261 2046 4312 ineat
2073 4258 2136 4309 ad
2165 4254 2309 4308 Salu-

727 4391 873 4440 tem,
915 4382 971 4427 et
1016 4369 1243 4425 accedat
1277 4364 1346 4418 ad
1398 4362 1583 4416 lumen
1640 4354 1919 4415 scientiae,
1978 4359 2032 4404 et
2082 4348 2311 4414 accipiat

725 4465 1050 4539 sapientiam
1124 4472 1308 4514 veram
1370 4469 1472 4508 nec
1524 4469 1646 4507 cum
1702 4450 1801 4503 hoc
1854 4444 2054 4501 smeulo
2109 4438 2309 4496 dissol-

728 4563 981 4618 vetulam.

796 4652 889 4709 '50.
936 4647 1201 4716 Quaelibet
1237 4640 1525 4698 rationalis
1561 4632 2045 4702 intellectualisque
2089 4636 2306 4687 natura,

727 4749 845 4802 sive
878 4742 1178 4811 angelicam
1208 4736 1416 4792 dixeris
1448 4734 1561 4788 sive
1590 4731 1913 4793 humanam,
1943 4720 2312 4779 essentialiter

732 4842 896 4893 habet
928 4837 1120 4897 vitam,
1155 4846 1253 4900 per
1272 4841 1437 4898 quam
1472 4830 1719 4880 remanet
1739 4817 2056 4874 exsistentia
2088 4816 2310 4867 innnor-

731 4933 855 4985 talis
919 4944 983 4982 ac
1019 4923 1386 4993 corruptionis
1413 4921 1662 4987 incapax.
1698 4914 1768 4968 At
1812 4927 1932 4980 qua:
1978 4910 2131 4964 nobis
2171 4909 2314 4960 inest

735 5018 1118 5079 intellectualis
1146 5025 1204 5071 et
1235 5012 1517 5068 rationalis
1549 5018 1766 5067 natura,
1799 5019 1905 5057 non
1937 5002 2107 5055 solam
2144 4998 2314 5053 habet

734 5116 1104 5173 essentialiler
1147 5112 1341 5175 vitam,
1376 5106 1473 5162 sed
1520 5116 1574 5160 et
1617 5102 2014 5171 Operatiouem.
2064 5093 2315 5150 Vivilicat

734 5213 880 5264 enim
920 5206 1269 5276 coniunctum
1297 5215 1515 5270 corpus,
1564 5198 1705 5251 unde
1741 5194 1901 5263 hujus
1937 5192 2136 5245 dicitur
2180 5188 2310 5240 vita.

737 5305 861 5358 lla-c
907 5314 1068 5370 porro
1099 5300 1204 5349 vita
1237 5294 1439 5348 dicitur
1472 5290 1696 5344 relative
1729 5286 1797 5339 ad
1845 5282 2015 5348 aliud,
2050 5291 2105 5333 et
2135 5295 2197 5334 ea
2230 5285 2317 5333 est

737 5395 1003 5465 operatio.
1038 5390 1192 5457 Quod
1220 5388 1365 5442 enim
1399 5393 1483 5439 est
1512 5383 1577 5436 ad
1616 5381 1785 5445 aliud,
1816 5378 1920 5431 dici
1956 5374 2146 5443 nequit
2192 5372 2318 5427 sub-

738 5493 935 5545 sistere
992 5487 1043 5539 iu
1104 5484 1302 5552 seipse.
1359 5475 1689 5548 Augelorum
1745 5487 1877 5525 vero
1937 5466 2319 5523 intellectualis

742 5596 931 5638 natura
972 5596 1079 5635 non
1111 5578 1191 5632 sic
1235 5587 1292 5630 ut
1320 5574 1696 5642 operationem
1749 5567 1915 5621 habet
1967 5566 2134 5617 vitam
2167 5575 2318 5617 :non

738 5678 883 5735 enim
908 5673 1258 5741 conjunctum
1294 5666 1505 5731 accepit
1532 5677 1561 5716 a
1592 5660 1702 5715 De»
1731 5659 1799 5712 de
1831 5670 1976 5712 terra
2007 5667 2229 5723 corpus,
2253 5650 2321 5706 ad

740 5768 882 5837 quod
937 5764 1206 5819 viviﬁCam
1262 5761 1534 5828 acciperet
1581 5758 1858 5809 virtutem.
1899 5749 2081 5819 Capax
2133 5757 2320 5801 tamen

740 5872 794 5918 et
830 5860 945 5932 ipsa
976 5868 1061 5913 est
1088 5854 1513 5916 contrariorum,
1541 5846 1797 5903 bonitatis
1835 5844 2040 5899 scilicet
2063 5856 2124 5896 ac
2169 5838 2321 5894 ntali-

2410 3284 2509 3343 ..οἷς
2530 3280 2905 3349 νομιζομένοις
2934 3280 3194 3343 ἰδιώταις,
3216 3280 3560 3347 Χριστιανοῖς
3583 3276 3701 3331 οῦσι
3721 3281 3982 3347 πρόσεστι

2410 3372 2538 3441 νῦν),
2561 3370 2874 3441 ὑψηλοτέρα
2899 3370 3101 3438 γνῶσίς
3132 3372 3246 3423 ἔστι
3278 3370 3627 3438 φυσιολογίας
3662 3371 3759 3423 καὶ
3784 3373 3980 3439 ἀστροο

2400 3464 2608 3531 λογίας,
2648 3464 2743 3516 καὶ
2774 3461 3065 3531 πάσηςτῆς
3105 3462 3234 3532 περὶ
3258 3462 3427 3524 αὑτὰς
3481 3461 3818 3531 φιλοσοφίας,
3844 3462 3983 3516 ἀλλὰ

2401 3557 2495 3608 καὶ
2524 3555 2584 3607 τὸ
2605 3553 2925 3607 εἰδέναιτὸν
2949 3552 3072 3606 καθ’
3103 3554 3253 3623 ἡμᾶς
3284 3551 3412 3605 νοῦν
3456 3552 3554 3622 τὴν
3585 3552 3781 3604 ἑαυτοῦ
3816 3552 3983 3604 ἀσθέ-

2401 3664 2573 3707 νειαν,
2605 3646 2697 3699 καὶ
2722 3644 2926 3713 ταύτην
2959 3644 3216 3697 ἰάσασθαι
3272 3643 3477 3712 ζητεῖν,
3513 3642 3695 3711 πολλῷ
3731 3645 3982 3709 κρεῖττον

2401 3736 2748 3807 ἀσυγκρίτως
2778 3733 2844 3787 ἂν
2866 3734 2952 3804 εἴη
2976 3731 3069 3785 τοῦ
3095 3732 3290 3784 εἰδέναι
3326 3732 3421 3784 καὶ
3456 3732 3737 3801 διερευνᾷν
3763 3730 3983 3800 ἄστρων

2405 3828 2636 3899 μεγέθη,
2663 3828 2757 3881 καὶ
2791 3825 3009 3893 φύσεων
3069 3824 3283 3891 λόγους,
3307 3824 3548 3891 γενέσεις
3582 3838 3642 3873 τε
3669 3822 3778 3873 τῶν
3810 3822 3984 3883 κάτω,

2402 3922 2496 3975 καὶ
2534 3919 2816 3990 περιόδους
2841 3917 2951 3971 τῶν
2977 3916 3115 3979 ἀνω,
3174 3916 3384 3984 τροπάς
3445 3930 3505 3965 τε
3559 3913 3654 3966 καὶ
3703 3913 3984 3975 ἐπιτολὰς,

2403 4011 2739 4080 στηριγμοὺς
2800 4008 2896 4061 καὶ.
2955 4005 3378 4075 ἀναποδισμοὺς,
3419 4002 3751 4065 ἀποστάσεις
3791 4019 3851 4054 τε
3894 4000 3993 4054 καὶ

2403 4103 2764 4165 συνελεύσεις.
2802 4102 2897 4155 καὶ
2923 4103 3104 4153 πᾶσαν
3131 4098 3319 4161 ἁπλῶς
3347 4097 3446 4168 τὴν
3491 4100 3555 4148 ὲκ
3595 4095 3991 4159 πολυκινησίας

2407 4200 2519 4248 Ξκεῖ
2553 4194 3012 4261 πολυειδεστάτην
3052 4192 3259 4261 σχέσιν.
3298 4189 3357 4242 '0
3384 4188 3493 4259 γὰρ
3523 4189 3684 4256 γνοὺς
3725 4186 3825 4255 τὴν
3862 4187 3992 4239 ἑαυ-

2404 4289 2497 4341 τοῦ
2537 4288 2827 4341 ἀσθένειαν
2850 4284 3006 4347 νοῦς.
3050 4279 3210 4354 εὗρεν
3258 4281 3385 4335 ὅθεν
3449 4280 3515 4334 ἂν
3568 4277 3790 4347 εἰσέλθῃ
3854 4276 3996 4345 πρὲις

2406 4380 2700 4451 σωτηρίαν,
2736 4378 2830 4431 καὶ
2859 4377 3069 4444 ὲγγίσοι
3115 4373 3194 4445 τῷ
3228 4373 3367 4442 φωτὶ
3418 4372 3515 4437 τῆς
3564 4371 3842 4438 γνώσεως,
3900 4386 3996 4421 και

2402 4472 2542 4543 λάϐῃ
2592 4470 2785 4539 σοφίαν
2811 4466 3009 4537 ἀληθῆ,
3039 4467 3135 4519 καὶ
3163 4464 3242 4537 τῷ
3268 4461 3428 4517 αίῶνι
3498 4459 3676 4534 τούτῳ
3731 4456 3811 4528 μὴ
3863 4473 3995 4524 συγ-

2332 4555 2387 4618 Ῑ)
2407 4562 2836 4631 καταλυομένην.

2475 4654 2539 4707 λ’.
2576 4654 2734 4706 Πᾶσα
2764 4647 2957 4718 λογικὴ
2994 4646 3089 4700 καὶ
3118 4642 3283 4714 νοερὰ
3313 4642 3499 4712 φύσις,
3554 4639 3656 4693 εἴτ’
3686 4637 3998 4706 ἀγγελικὴν

2406 4745 2666 4805 εἴποιτις,
2693 4741 2794 4794 εἴτ’
2832 4735 3203 4808 ἀνθρωπίνην,
3235 4733 3427 4787 οὐσίαν
3466 4726 3584 4799 ἔχει
3632 4727 3803 4798 ζωὴν,
3835 4726 3908 4781 δι’
3933 4729 3999 4792 ἦν

2409 4838 2503 4890 καὶ
2522 4833 2766 4903 διαμένει
2797 4829 2993 4900 ἐπίσης
3018 4825 3142 4881 καθ’
3184 4823 3421 4896 ὓπαρξιν
3447 4822 3621 4876 ἀθάνα
3634 4836 3735 4883 τος.
3768 4819 4000 4887 διαφθο-

2413 4928 2514 4997 ρἀ
2546 4927 2645 4980 οὐκ
2676 4921 3059 4993 ἔπιδεχομένη.
3110 4916 3308 4995 ’Ᾱλλέή
3340 4916 3441 4986 μὲν
3468 4916 3527 4967 ἐν
3555 4914 3692 4984 ἡμῖν
3715 4912 3887 4982 νοερά
3905 4912 4000 4963 καὶ
4066 4948 4069 4949 ν

2409 5017 2601 5087 λογικὴ
2630 5015 2789 5086 φύσις
2821 5014 2883 5066 οὐ
2909 5013 3069 5081 μόνον
3127 5009 3320 5061 οὐσίαν
3339 5006 3453 5075 ἔχει
3486 5003 3584 5073 τὴν
3636 5002 3807 5070 ζωὴν,
3860 5001 4001 5054 ἀλλά

2410 5111 2505 5164 καὶ
2526 5110 2625 5179 τὴν
2657 5107 2958 5175 ἐνέργειαν.
3018 5101 3284 5154 Ζωοποιεῖ
3338 5099 3448 5166 γὰρ
3530 5099 3593 5148 τὸ
3645 5094 4004 5163 συνημμένον

2414 5203 2571 5271 σῶμα
2598 5216 2611 5231 ·
2642 5198 2710 5251 δι’
2739 5196 2767 5250 ὃ
2794 5197 2889 5249 καὶ
2923 5193 3113 5248 τούτου
3166 5191 3390 5260 λέγεται
3424 5188 3562 5259 ζωή.
3618 5188 3764 5259 Πρὸς
3811 5188 4003 5254 ἕτερον

2413 5296 2445 5363 ἡ
2476 5292 2590 5361 ζωὴ
2622 5290 2865 5356 λέγεται,
2904 5285 3002 5339 καὶ
3027 5283 3280 5354 ὶνέργειά
3309 5285 3458 5334 ἐστιν
3493 5280 3682 5348 αὐτῆς.
3718 5279 3865 5347 Πρὸς
3897 5279 4004 5346 γὰρ

2412 5386 2618 5453 ἕτερον,
2647 5379 2888 5433 οὐδέποτ’
2922 5376 2990 5431 ἂν
3012 5376 3225 5443 λέγοιτο
3280 5373 3439 5426 οὐσία
3504 5370 3629 5424 καθ’
3680 5370 3879 5437 αὐτὴν.
3938 5368 4005 5422 Ἦ

2412 5478 2466 5530 δὲ
2490 5475 2597 5528 τῶν
2647 5471 2893 5541 ἀγγέλων
2929 5470 3093 5540 νοερὰ
3146 5468 3330 5535 φύσις.
3394 5464 3516 5534 οὐχὶ
3574 5463 3669 5515 καὶ
3718 5462 4009 5527 ἐνέργειαν

2413 5568 2670 5634 τοιαύτην
2701 5566 2813 5634 ἔχει
2844 5561 2942 5632 τὴν
2962 5562 3110 5629 ζωήν
3141 5574 3155 5588 ⁶
3179 5558 3242 5611 οὗ
3276 5558 3387 5627 γὰρ
3440 5552 3788 5623 συνημμένον
3811 5551 4009 5603 ἔλαϐεν

2415 5664 2478 5714 ἐκ
2504 5661 2607 5730 γῆς
2658 5657 2809 5722 παρᾶ
2838 5654 2973 5707 Θεοῦ
3033 5652 3215 5721 σῶμα,
3263 5650 3356 5703 ἶνα
3413 5647 3506 5701 καὶ
3552 5644 3819 5710 ζωοποιῦν
3866 5643 4006 5713 λάϐῃ

2418 5752 2552 5823 πρὸς
2578 5749 2737 5803 τοῦτο
2760 5746 3013 5816 δύναμιν.
3042 5742 3274 5810 Δεκτικὴ
3307 5742 3491 5812 μέντοι
3535 5738 3631 5791 καὶ
3688 5734 3832 5805 αῦτη
3902 5735 4012 5786 τῶν

2418 5841 2674 5897 ἐναντίων
2705 5839 2842 5905 ἐστὶ,
2876 5835 3074 5898 κακίας
3098 5833 3343 5894 δηλονότι
3378 5832 3472 5886 καὶ
3502 5827 3863 5892 ἀγαθότητος.
3901 5824 4011 5878 Καὶ
