4246 6464
704 403 847 486 ms

1953 426 2340 488 GREGORII
2379 427 2709 488 PALAMIE

3815 411 3952 507 tut

699 539 1014 607 prehendit,
1044 549 1100 596 et
1131 541 1453 612 intetligitur
1487 550 1825 611 vocatur-que
1857 544 2099 596 omnium
2132 557 2279 598 eom~

2353 593 2356 603 ,
2395 541 2854 610 συνειλημμένως,
2887 541 2981 593 καὶ
3007 541 3243 606 ὲνιαίως,
3280 542 3372 594 καὶ
3398 544 3783 606 ἀπλουστάτως
3813 563 3954 614 συμ-

699 634 876 699 plexio
927 632 1214 686 bonorum.
1271 634 1337 688 Et
1387 634 1548 688 simul
1598 641 1652 688 et
1701 635 1987 689 verissime
2037 637 2280 692 continet

695 725 1055 792 quodcunque.
1099 727 1395 793 excogitari
1441 742 1505 780 ac
1537 727 1642 781 dici
1683 738 1860 795 potest
1901 728 1968 782 de
2004 729 2118 798 ipsa
2180 727 2275 780 bo-

697 818 846 871 omn.
887 818 999 872 Nec
1033 820 1082 872 id
1121 829 1326 873 tantum
1365 821 1453 874 illa
1488 833 1568 874 est
1615 821 1876 891 quidquid
1909 837 2035 875 vere
2078 821 2278 892 cogita-

695 919 784 962 tur
813 913 879 962 ab
910 911 1039 977 ipsis
1070 910 1335 979 theologis
1369 912 1564 979 quibus
1590 915 1804 965 animus
1835 913 1974 966 inest
2007 913 2099 966 Dei
2128 929 2279 983 Saga-

693 1001 947 1054 cissimus
991 1013 1039 1054 et
1088 1003 1266 1070 lingua
1320 1005 1512 1069 spirittt
1567 1005 1856 1067 instincta;
1910 1006 2036 1069 sed,
2092 1014 2275 1072 utpote

694 1091 984 1144 ineﬂ'ubilis
1032 1104 1086 1145 et
1132 1095 1720 1159 incomprehensibilis,
1771 1110 1932 1163 supra
1984 1095 2113 1148 illud
2167 1107 2270 1157 est,

694 1197 793 1235 nec
823 1184 890 1236 ab
927 1185 1133 1239 unitate
1163 1201 1224 1238 ac
1259 1188 1659 1254 supernaturali
1691 1188 2036 1255 simplicitate
2068 1189 2271 1252 deficit,

678 1275 784 1328 sed
824 1291 927 1328 una
980 1287 1063 1330 est
1109 1287 1166 1331 et
1217 1280 1652 1346 superexcellcns
1704 1281 1936 1334 bonitas.
1988 1281 2078 1334 Sic
2124 1284 2269 1334 enim

690 1369 954 1421 duntaxat
994 1369 1310 1438 intelligitur
1362 1381 1415 1422 et
1467 1383 1732 1436 vocat-ur,
1787 1383 1840 1425 et
1897 1375 1976 1428 sic
2026 1389 2090 1426 ex
2141 1374 2273 1428 solis

690 1459 1126 1525 competentibus
1181 1461 1447 1513 creationi
1519 1463 1924 1528 Operatiouibus
1991 1463 2165 1531 opifex
2219 1476 2272 1517 et

628 1536 629 1539 V
688 1547 953 1603 Dominus
1008 1553 1301 1610 ert-alimus
1379 1557 1727 1622 cognoscitur
1780 1567 1872 1610 aut
1926 1557 2266 1620 ostenditur,

689 1652 950 1711 tanquam
1000 1644 1212 1697 scilicet
1245 1645 1444 1712 optima
1479 1658 1532 1700 et
1563 1649 1999 1716 superexcellens
2030 1648 2266 1711 bonitas,

686 1735 975 1787 essentiam
1031 1736 1235 1789 habens
1293 1740 1609 1791 bonitatem.
1663 1742 2006 1808 Quapropter
2052 1752 2268 1794 contra-

687 1825 824 1877 rium
864 1826 966 1878 sibi
1019 1827 1156 1879 nihil
1215 1843 1435 1895 prorsus
1486 1847 1724 1898 unquam
1776 1847 1972 1900 capere
2020 1842 2195 1898 potest
2251 1847 2265 1888 :

686 1918 833 1970 nulla
865 1921 1006 1972 enim
1037 1922 1273 1973 essentia
1307 1925 1640 1975 contrarium
1676 1924 1777 1976 sibi
1811 1925 1939 1991 quid
1968 1926 2192 1992 patitur.

755 2184 845 2240 55.
869 2184 1082 2255 Optima
1110 2185 1198 2238 illa
1223 2192 1274 2238 et
1302 2186 1735 2253 superexce'lens
1763 2188 1976 2241 bonitas
1992 2199 2075 2243 est
2099 2189 2260 2245 etiam

682 2279 807 2332 fons
854 2279 1133 2333 boiiitatis.
1164 2278 1410 2348 Namque
1450 2279 1501 2332 id
1529 2291 1612 2333 est
1653 2280 1879 2342 bonum,
1906 2292 1961 2335 et
1993 2283 2259 2338 bonorum

681 2383 978 2434 summum,
1055 2387 1153 2426 nec
1214 2373 1404 2426 deesse
1468 2381 1642 2440 potest
1693 2373 1949 2443 perfecte
2007 2375 2258 2431 bonitati.

681 2466 817 2531 Quia
845 2475 1022 2519 autem
1060 2465 1375 2518 intellectus
1408 2474 1491 2518 cst
1517 2465 1752 2532 perfecta
1777 2477 1829 2518 et
1865 2467 2260 2534 perfectissima

681 2559 917 2633 bonitas,
949 2558 1075 2625 quid
1111 2558 1302 2610 melius
1332 2573 1394 2610 ex
1435 2573 1495 2610 ea
1524 2558 1672 2612 \‘t‘ltll.
1708 2575 1770 2611 ex
1805 2558 1955 2613 futue
1989 2571 2258 2624 "innaret,

679 2663 841 2716 quam
898 2648 1169 2699 verbum?
1199 2648 1494 2715 etquidem
1542 2663 1650 2701 non
1714 2649 1893 2702 simile
1929 2651 2078 2702 verbi
2117 2653 2260 2719 quod

678 2757 782 2796 nos
814 2739 1164 2808 proferimus,
1199 2739 1302 2793 hoc
1330 2742 1478 2794 enim
1517 2756 1622 2794 non
1653 2752 1740 2795 est
1783 2743 2114 2806 intellectus,
2161 2744 2256 2799 sed

677 2834 925 2900 corporis
981 2833 1258 2887 intellectu
1295 2835 1470 2898 moti;
1507 2849 1605 2888 nec
1673 2836 1854 2888 simile
1926 2837 2069 2889 verbi
2109 2839 2256 2905 quod

676 2941 778 2981 nos
811 2928 955 2979 intus
983 2925 1389 2992 componimus,
1423 2926 1524 2979 boc
1550 2928 1694 2980 enim
1721 2943 1907 2980 vocem
1936 2929 2090 2997 quasi
2119 2931 2258 2997 typis

676 3019 730 3073 in
764 3019 918 3073 nobis
947 3015 1194 3070 eﬂ'ormat
1221 3035 1235 3084 ;
1291 3033 1390 3071 nec
1415 3019 1593 3072 simile
1628 3022 1773 3074 verbi
1801 3023 1942 3087 quod
1982 3036 2080 3073 nos
2113 3012 2260 3089 cogi-

678 3126 875 3172 tamus.
937 3113 1064 3164 licet
1103 3113 1227 3165 sine
1259 3127 1388 3166 voce
1414 3114 1483 3168 sit
1518 3129 1579 3166 ac
1629 3116 1864 3167 motibus
1897 3115 2122 3166 omnino
2178 3115 2260 3166 in-

675 3208 956 3275 corporeis
980 3207 1277 3258 t-Xt-izatum
1305 3222 1319 3272 ;
1370 3207 1469 3258 huc
1500 3208 1642 3259 enim
1674 3217 1752 3259 est
1786 3208 1940 3258 nobis
1970 3208 2257 3274 posterius,
2287 3246 2331 3308 Ο

675 3309 730 3351 et
753 3299 1286 3366 requiritintervalla
1310 3308 1363 3352 et
1393 3315 1498 3351 nou
1528 3313 1698 3367 pauca
1725 3307 2034 3367 temporum
2062 3300 2258 3367 spatia,

677 3393 927 3443 discursu
989 3393 1301 3458 procedens
1354 3403 1408 3444 et
1441 3407 1505 3444 ex
1544 3391 1810 3459 principio
1840 3389 2159 3457 imperfecto
2191 3390 2256 3445 ad

675 3484 980 3550 perfectum
1049 3483 1406 3551 progrediens
1450 3486 1848 3537 coosectarium
1888 3499 1902 3547 ;
1937 3484 2030 3536 sed
2083 3484 2263 3536 simile

677 3577 829 3629 verbi
863 3576 1209 3639 naturaliter,
1237 3591 1301 3628 ex
1333 3591 1440 3644 quo
1473 3590 1568 3627 nos
1598 3587 1813 3628 creator
1844 3577 1912 3629 ad
1942 3591 2098 3628 suam
2130 3575 2262 3628 fecit

679 3670 996 3737 imaginem,
1054 3670 1352 3723 intellectui
1389 3683 1576 3724 nostro
1613 3671 1782 3731 insiti,
1841 3683 2036 3736 nempe
2073 3670 2262 3722 imma-

679 3763 854 3816 nentis
897 3778 1113 3830 semper
1161 3764 1285 3816 huic
1321 3765 1665 3833 cognition‘s.
1699 3764 1830 3827 Qum
1894 3763 2129 3815 maxime
2177 3773 2262 3817 est

681 3871 731 3907 in
780 3870 1037 3924 supremo
1080 3855 1356 3909 intellectu
1417 3855 1674 3925 perfecta:
1729 3870 1793 3908 ac
1846 3854 2261 3922 perfectissimae

677 3947 962 4011 bonitatis,
999 3950 1140 4014 apud
1172 3964 1331 4015 quam
1370 3950 1551 4001 Omnia
1579 3947 1802 4000 minime
1844 3957 1968 3999 sunt
1999 3947 2260 4011 imperfe‘-

676 4053 762 4095 t-ta
786 4080 802 4103 ,
834 4051 1065 4109 excepto
1120 4041 1270 4110 quod
1304 4041 1374 4094 ab
1424 4055 1486 4093 ea
1527 4041 1660 4102 sint,
1694 4040 1787 4093 sed
1820 4047 1950 4094 sunt
2002 4039 2259 4092 indiscri-

676 4134 923 4188 minatim
954 4134 1219 4203 quidquid
1259 4134 1372 4203 ipsa
1396 4143 1499 4188 est.
1529 4134 1712 4202 Itaque
1732 4131 1903 4186 Filius
1942 4147 2260 4201 supremum

675 4224 914 4280 Verbum
948 4237 1030 4280 est
1063 4239 1172 4279 eta
1223 4227 1382 4280 nobis
1430 4234 1678 4289 vocatur,
1735 4235 1795 4278 ιιι
1839 4226 2081 4279 sciamus
2131 4239 2257 4279 eum

674 4334 794 4372 esse
851 4318 1178 4388 perfectum,
1213 4322 1266 4372 in
1330 4318 1567 4385 perfecta
1626 4327 1681 4371 et
1741 4319 1961 4387 propria
2005 4329 2258 4385 persona,

672 4414 800 4481 quia
840 4427 906 4466 ea
952 4413 1110 4466 Patre
1142 4420 1246 4472 est,
1304 4420 1360 4464 ct
1421 4410 1615 4463 niliila
1667 4417 1892 4478 paterna
1950 4410 2257 4464 substantia

672 4506 882 4567 ditl'ert,
922 4503 1016 4556 sed
1055 4513 1139 4557 est
1168 4502 1653 4556 indiscriminatim
1682 4501 1827 4554 idem
1864 4515 1928 4554 ac
1960 4501 2097 4569 ipse,
2141 4515 2253 4552 non

2391 633 2706 702 περιϐάλλει
2736 649 2749 663 ’
2793 633 2887 685 καὶ
2940 635 3002 686 ὲκ
3061 634 3278 687 πάντων
3328 639 3527 687 νοεῖται
3569 638 3660 688 καὶ
3708 637 3956 690 καλεῖται

2389 726 2496 778 τῶν
2523 726 2764 792 ἀγαθῶν.
2799 728 2904 778 Καὶ
2939 726 2997 777 ἓν
3021 728 3112 780 καὶ
3130 727 3328 796 ἀληθές
3348 729 3514 792 ἐστιν,
3570 730 3705 799 ὅπερ
3758 730 3824 782 ἀν
3871 747 3956 791 τις

2390 821 2664 889 ὲννοήσειε
2686 819 2780 872 καὶ
2803 818 2934 891 εἴπῃ
2967 820 3095 887 περὶ
3150 820 3317 887 αὐτῆς
3351 820 3574 887 ἀγαθόν.
3638 822 3852 891 Ἑκείνη
3895 821 3954 874 δὲ

2377 914 2436 964 οὑ
2463 913 2621 964 τοῦτό
2646 913 2760 963 ἐστι
2800 912 2979 980 μόνον,
3007 913 3143 980 ὅπερ
3171 911 3385 980 άληθῶς
3412 915 3632 974 νοεῖται,
3687 912 3782 965 καὶ
3816 913 3949 982 παρ’

2374 1002 2554 1053 αὐτῶν
2580 1001 2690 1054 τῶν
2704 1001 2942 1068 Θεοσόφῳ
2958 1001 3032 1066 νῷ
3050 1001 3331 1062 νοούντων,
3349 1001 3438 1052 καὶ
3461 1005 3949 1072 πνευματοκινήτῳ

2373 1091 2592 1161 γλώσσῃ
2671 1092 3098 1156 θεολογούντων·
3167 1093 3280 1144 ἀλλ’
3312 1092 3390 1155 ὠς
3442 1094 3679 1163 ἄρρητός
3721 1111 3780 1145 τε
3855 1097 3954 1146 καὶ

2372 1183 2752 1250 ἁπερινόητος,
2789 1185 2882 1234 καὶ
2917 1183 3056 1252 ὑπὲρ
3087 1184 3258 1236 ταῦτά
3281 1186 3419 1245 ἐστι,
3453 1187 3549 1238 καὶ
3599 1185 3690 1238 τοῦ
3743 1186 3951 1239 ἑνιαίου

2372 1272 2464 1322 καὶ
2487 1271 2584 1339 τῆς
2611 1271 2926 1340 ὑπερφυοῦς
2943 1273 3242 1339 ἁπλότητος
3277 1275 3377 1327 οὐκ
3425 1275 3780 1328 ἀπολείπεται
3809 1294 3822 1305 ·
3853 1278 3953 1345 μία

2370 1355 2506 1411 οὖσα
2539 1361 2853 1426 πανάγαθος
2885 1362 2978 1412 καὶ
3029 1362 3380 1430 ὑπεράγαθος
3438 1364 3747 1434 ἁγαῢότης·
3807 1369 3952 1417 κατα

2370 1451 2530 1504 τοῦτο
2560 1452 2668 1521 γὰρ
2697 1453 2857 1522 μόνον
2885 1454 2979 1504 καὶ
3012 1457 3215 1506 νοεῖται
3253 1457 3345 1508 καὶ
3375 1457 3643 1520 καλεῖται,
3673 1458 3768 1510 καὶ
3807 1461 3952 1510 κατά

2369 1542 2526 1594 τοῦτο
2553 1544 2702 1612 παρά
2747 1545 2923 1611 μόνων
2979 1546 3088 1597 τῶν
3149 1547 3285 1615 πρὸς
3343 1550 3444 1616 τὴν
3499 1549 3676 1600 κτίσιν
3733 1550 3953 1600 οἰκείων

2369 1633 2663 1702 ἐνεργειῶν
2717 1635 2745 1684 ό
2798 1634 3031 1704 Ποιητὴς
3082 1637 3178 1689 καὶ
3229 1639 3509 1706 Δεσπότης
3567 1638 3666 1707 τῆς
3714 1641 3953 1702 κτίσεως

2371 1720 2480 1791 [ῖσ.
2505 1724 2720 1787 λείπει,
2749 1727 3098 1796 γνωρίζεται,
3127 1727 3189 1794 ἢ,
3225 1729 3495 1795 φαίνεται,
3524 1729 3653 1796 ἤτοι
3688 1731 3953 1801 τοιοῦτο]

2368 1815 2449 1867 ὃτι
2486 1814 2602 1868 ἔστι
2630 1817 2966 1883 πανάγαθος,
2991 1821 3082 1871 καὶ
3133 1821 3480 1890 ὑπεράγαοος
3529 1824 3823 1892 ἀγαθότης,
3855 1825 3950 1874 οὺ-

2298 1906 2337 1959 Β
2371 1908 2490 1959 σίαν
2511 1906 2648 1976 ἔχων
2674 1910 2772 1978 τὴν
2807 1911 3139 1981 ἀγαθὸτητα.
3176 1913 3300 1966 Δι’ὃ
3335 1914 3543 1982 καὶτῆς
3591 1917 3726 1984 πρὸς
3778 1918 3950 1984 αὐτὴν

2369 2001 2764 2069 ἐναντιότητος,
2795 2003 2970 2072 πάντη
3009 2021 3068 2056 τε
3123 2006 3214 2057 καὶ
3257 2006 3475 2069 πάντως
3506 2009 3654 2059 ἐστὶν
3701 2009 3952 2062 ἀνεπίδε-

2366 2109 2495 2155 κτος
2517 2108 2529 2121 ⁸
2564 2093 2684 2145 οὐδὲ
2736 2099 2845 2163 γὰρ
2869 2096 3095 2165 οὐδεμιᾷ
3123 2098 3366 2150 ἐναντίον
3407 2099 3562 2169 οὐσίᾳ
3593 2101 3762 2153 ἐστίν.

2432 2183 2530 2237 λε’.
2563 2183 2625 2237 Ἠ
2651 2186 2964 2254 πανάγαθος
2996 2187 3134 2257 αὕτη
3167 2189 3260 2242 καὶ
3287 2191 3633 2260 ὑπεράγαοος
3652 2194 3954 2263 ἀγαοότης,

2364 2275 2458 2328 καὶ
2478 2277 2624 2347 πηγή
2641 2278 2786 2330 ἐστιν
2802 2281 3155 2350 ἀγαθότητος.
3176 2284 3281 2335 Καὶ
3297 2282 3454 2336 τοῦτο
3471 2285 3580 2353 γάρ
3597 2287 3704 2352 ἀγα
3715 2288 3805 2339 Βὸν
3820 2334 3831 2351 ,
3850 2290 3949 2341 καὶ

2362 2367 2582 2433 ἀγαθῶν
2609 2369 2668 2419 τὸ
2701 2370 2999 2440 ἀκρότατον
3018 2388 3032 2401 ο
3053 2374 3147 2425 καὶ
3173 2374 3272 2426 οὐκ
3305 2370 3373 2444 ἦν
3390 2378 3608 2428 ἀπεῖναι
3631 2381 3731 2447 τῆς
3751 2397 3956 2432 παντε-

2361 2458 2486 2522 λοῦς
2520 2460 2876 2531 άγαϐότητος.
2925 2464 3081 2516 Ἐπεὶ
3123 2467 3180 2518 δὲ
3213 2468 3335 2530 νοῦς
3391 2471 3541 2521 ἐστιν
3572 2472 3602 2539 ἡ
3638 2471 3950 2541 ὑπερτελὴς

2367 2551 2463 2603 καὶ
2522 2555 2791 2624 παντελὴς
2849 2556 3145 2626 ἀγαθότης,
3213 2559 3265 2610 τί
3305 2561 3426 2611 ποτ’
3484 2561 3552 2612 ἂν
3609 2561 3800 2630 ἕτερον
3861 2563 3952 2632 εἴη

2361 2643 2420 2694 τλ)
2472 2647 2600 2711 παρ’
2622 2646 2793 2714 αὐτῆς
2848 2648 2920 2711 ὡς
2963 2651 3024 2700 ὲκ
3080 2654 3263 2720 πηγῆς
3321 2653 3594 2723 προῖδν,ἢ
3631 2653 3816 2720 λόγος,
3847 2658 3946 2708 καὶ

2363 2732 2518 2799 λόγος
2548 2735 2607 2786 οὐ
2660 2737 2799 2787 κατά
2835 2737 2924 2788 τὸν
2950 2738 3217 2809 ἡμέτερον
3247 2743 3584 2812 προφορικὸν
3641 2747 3802 2813 λόγον
3829 2765 3845 2814 ;
3875 2749 3954 2800 Οὐ

2363 2826 2454 2878 νοῦ
2504 2826 2612 2895 γὰρ
2633 2822 2805 2889 οὗτος,
2864 2829 2998 2882 ἀλλὰ
3041 2829 3291 2899 σώματος
3343 2833 3419 2901 νῷ
3477 2838 3798 2903 κινουμένου
3829 2856 3844 2869 ·
3890 2843 3953 2893 οὐ

2361 2915 2502 2967 κατὰ
2532 2917 2622 2967 τὸν
2649 2918 2919 2988 ἡμέτερον
2949 2921 3253 2974 ἐνδιάθετον
3285 2923 3445 2990 λόγον
3480 2940 3493 2954 ·
3556 2927 3797 2995 φθόγγον
3843 2932 3956 3000 γὰρ

2361 3002 2527 3055 οἱονεὶ
2558 3003 2751 3065 τύποις
2786 3009 3039 3071 κάκεῖνος
3070 3011 3126 3061 ὲν
3149 3012 3282 3079 ἡμῖν
3299 3012 3672 3083 διατιθέμενος
3703 3018 3950 3084 γίνεται·

2361 3095 2478 3146 ἀλλ’
2504 3095 2626 3147 οὐδὲ
2647 3098 2790 3149 κατὰ
2815 3099 2908 3150 τὸν
2931 3102 3199 3170 ἡμέτερον
3261 3104 3320 3157 ὲν
3353 3105 3563 3176 διανοίᾳ
3622 3108 3806 3176 λόγον,
3847 3112 3956 3164 κᾶν

2363 3187 2532 3255 χωρίς
2555 3188 2808 3257 φθόγγων
2834 3186 2887 3264 ᾗ,
2925 3193 3201 3258 ἐπιϐολαῖς
3221 3197 3536 3265 ἀσωμάτοις
3587 3200 3767 3272 πάντη
3807 3220 3954 3273 συμ-

2361 3281 2800 3350 περαιούμενοςο
2863 3286 3117 3348 κάκεῖνος
3152 3287 3260 3359 γάρ
3309 3290 3430 3358 μεθ’
3474 3293 3620 3361 ἡμᾶς
3653 3295 3794 3358 ἐστι,
3858 3298 3955 3350 καὶ

2361 3370 2771 3442 διαλειμμάτων
2797 3377 2989 3442 δεῖται,
3015 3380 3110 3432 καὶ
3137 3382 3406 3449 χρονικῶν
3431 3385 3532 3438 οὐκ
3571 3386 3772 3454 ὀλίγων
3830 3389 3954 3443 δια-

2364 3480 2460 3534 στη
2471 3465 2675 3534 μάτων,
2707 3468 3014 3533 διεξοδικῶς
3038 3474 3267 3542 προῖὼν,
3299 3475 3393 3528 καὶ
3424 3477 3483 3540 ἐξ
3500 3479 3674 3548 ἀρχῆς
3699 3459 3954 3546 ἀτελοῦς,

2362 3551 2498 3618 πρὸς
2531 3551 2592 3604 τὸ
2623 3555 2837 3618 ἐντελὲς
2903 3563 3278 3630 συμπέρασμα
3341 3567 3720 3636 προαγόμενος
3745 3587 3760 3600 ”
3813 3572 3953 3625 ἀλλὰ

2362 3644 2500 3694 κατὰ
2526 3645 2616 3696 τὸν
2646 3647 2903 3716 ἐμφύτως
2929 3653 3083 3719 ἡμῖν,
3111 3655 3168 3718 ἐξ
3195 3649 3256 3708 οὗ
3279 3659 3590 3728 γεγόναμεν
3649 3661 3800 3731 παρὰ
3852 3664 3950 3717 τοῦ

2363 3736 2651 3800 κτίσαντος
2683 3741 2830 3810 ἡμᾶς
2853 3745 2974 3795 κατ’
3015 3745 3200 3798 είκόνα
3249 3749 3477 3828 οἰκείαν,
3522 3751 3955 3823 ἑναποκείμενον

2359 3827 2436 3895 τῷ
2464 3828 2539 3898 νῷ
2560 3828 2736 3897 λόγον,
2767 3833 2864 3902 τὴν
2887 3836 2974 3887 ἀεὶ
3005 3827 3464 3908 συνυπάρχονσάν
3522 3844 3671 3912 αὐτῷ
3723 3847 3953 3911 γνῶσιν,

2359 3918 2479 3987 ἥτις
2507 3922 2599 3972 καὶ
2625 3923 2860 3988 μάλιστα
2912 3929 3030 3980 ἐκεῖ
3089 3931 3181 3982 ἐπὶ
3228 3931 3322 3983 τοῦ
3381 3933 3642 3987 ἀνωτάτω
3695 3936 3790 3988 νοῦ
3851 3942 3954 4005 τῆς

2361 4013 2658 4076 παντελοῦς
2687 4020 2780 4068 καὶ
2809 4019 3142 4088 ὑπερτελοῦς
3176 4023 3534 4093 ἀγαθότητος,
3560 4028 3692 4094 παρ’
3782 4031 3953 4098 μηδὲν

2359 4101 2569 4166 ἀτελὲς,
2622 4107 2762 4175 πλὴν
2815 4111 2909 4162 τοῦ
2963 4113 3021 4178 ἐξ
3080 4114 3249 4182 αὐτῆς
3313 4113 3475 4179 εῐναι,
3552 4119 3734 4170 πάντα
3799 4125 3952 4173 ἐστὶν

2358 4193 2797 4264 ἀπαραλλάκτως
2819 4202 2918 4255 ὅσα
2947 4204 3153 4274 ἐκείνη.
3179 4208 3258 4258 Δι’
3291 4206 3318 4259 ὃ
3342 4208 3436 4259 καὶ
3481 4208 3607 4271 Υἱὸς
3632 4212 3658 4261 ό
3685 4212 3952 4264 ἀνωτάτω

2360 4287 2531 4353 Λόγος
2559 4287 2673 4342 ἔστι
2706 4309 2764 4343 τε
2789 4295 2881 4345 καὶ
2908 4296 3042 4364 παρ’
3073 4297 3228 4365 ἡμῶν
3248 4299 3514 4351 καλεῖται·
3533 4300 3597 4351 ἵν’
3630 4301 3952 4370 ἐπιγνῶμεν

2359 4378 2522 4430 αὐτὸν
2556 4381 2684 4434 ὄντα
2707 4385 2932 4446 τέλειον,
2970 4390 3027 4439 ὲν
3053 4390 3348 4442 ὑποστάσει
3377 4391 3558 4462 τελείᾳ
3595 4409 3654 4444 τε
3699 4395 3793 4446 καὶ
3816 4395 3950 4465 ἰδία,

2360 4469 2434 4531 ὡς
2458 4472 2520 4522 ἐκ
2554 4473 2648 4525 τοῦ
2686 4476 2901 4546 Πατρός
2919 4478 3067 4541 ὄντα,
3115 4481 3207 4532 καὶ
3248 4478 3389 4532 κατά
3423 4482 3589 4550 μηδὲν
3615 4482 3950 4552 λειπόμενον

675 4609 856 4651 tamen
900 4611 1155 4664 persona,
1209 4610 1333 4664 quae
1381 4594 1543 4648 docet
1579 4595 1741 4647 abeo
1777 4585 2253 4661 divine'genitmn
2288 4586 2298 4640 l

2358 4565 2456 4633 τῆς
2489 4569 2763 4638 πατρικῆς
2785 4571 2995 4635 οὐσίας,
3021 4571 3137 4624 ἀλλ’
3183 4572 3619 4642 ἀπαραλλάκτως
3654 4574 3753 4627 τὸν
3786 4576 3950 4630 αὑτὸν

669 4705 792 4743 esse
825 4687 1086 4742 Verbum.

741 4861 831 4916 56.
864 4861 1088 4915 Bonitas
1118 4876 1184 4915 ex
1220 4860 1477 4915 bonitate
1503 4857 1864 4914 intellectuali
1899 4867 2157 4925 tanquam
2190 4871 2254 4908 ex

677 4955 827 5008 fonte
857 4969 953 5022 per
987 4953 1398 5023 generationem
1437 4965 1690 5012 manans,
1725 4964 1848 5001 cum
1886 4945 2127 5001 Verbum
2158 4947 2251 5009 sit,

669 5047 902 5101 verbum
942 5057 1121 5101 autem
1157 5047 1277 5099 sine
1329 5044 1538 5113 Spiritu
1573 5057 1734 5094 nemo
1764 5041 2101 5093 intellectum
2157 5039 2255 5090 lia-

672 5141 807 5192 bens
828 5139 1124 5206 concipere
1161 5139 1360 5206 possit,
1411 5137 1535 5190 ideo
1570 5145 1627 5189 et
1682 5133 1950 5202 Spiritum
2003 5145 2255 5185 sanctqu

670 5227 817 5280 Deus
849 5226 944 5280 Dei
976 5224 1216 5280 Verbum
1246 5226 1411 5279 habet
1437 5240 1624 5279 secum
1659 5238 1720 5276 ex
1758 5222 1917 5275 Patre
1951 5221 2255 5289 proceden~

671 5331 778 5373 tem
813 5335 828 5374 :
860 5318 1114 5388 Spiritum
1141 5332 1306 5387 porro
1334 5332 1442 5370 non
1473 5315 1710 5370 similem
1733 5314 1959 5382 Spiritus
1986 5310 2258 5365 οόιιιίιιιιιο

669 5415 740 5468 tis
793 5417 1024 5466 verbum
1081 5411 1289 5464 nostris
1324 5409 1485 5463 labiis
1547 5407 1844 5478 prolatum,
1881 5420 1982 5459 nec
2017 5405 2255 5458 similem

668 5505 892 5573 spiritus
928 5504 1009 5558 vel
1039 5501 1400 5568 incorporalis
1426 5500 1707 5570 conjuncti
1744 5498 1910 5552 verbo
1933 5498 2081 5568 quod
2111 5498 2257 5552 intus

667 5598 1049 5666 componimus
1078 5607 1170 5648 aut
1211 5595 1356 5663 quod
1403 5595 1732 5663 cogitamus,
1768 5607 1895 5646 nam
1959 5593 2065 5645 iste
2089 5594 2254 5664 etiam

666 5701 750 5744 est
783 5697 1014 5743 conatus
1039 5687 1260 5754 quidam
1300 5687 1610 5741 intellectus
1662 5700 1788 5739 cum
1842 5683 2013 5737 verbo
2059 5696 2251 5736 nostro

668 5780 1016 5834 collaborans
1037 5779 1437 5849 temporaliter,
1464 5779 1771 5848 iisdemque
1796 5775 2052 5843 indigens
2080 5774 2252 5829 inter-

668 5873 852 5945 vallis,
882 5883 936 5929 et
962 5888 1028 5929 ex
1059 5872 1382 5944 imperfecto
1419 5873 1487 5928 ad
1521 5874 1825 5944 perfectum
1861 5867 2249 5938 progrediens.

2359 4657 2552 4727 ἐκείνῳ
2578 4659 2728 4726 ὄντα,
2749 4663 2796 4716 εἰ
2818 4662 2999 4732 καὶμὴ
3027 4663 3482 4727 καθ’ὑπόστασιν,
3505 4666 3538 4734 ἢ
3568 4666 3630 4717 τὸ
3645 4667 3705 4730 ἐξ
3735 4668 3950 4722 ἐκείνου

2355 4754 2628 4822 γεννητῶς
2660 4751 3145 4823 θεοπρεπῶςέἴναι
3179 4758 3476 4828 παρίστησι
3514 4761 3605 4812 τὸν
3639 4761 3840 4827 Λόγον.

2423 4844 2530 4910 λς’,
2575 4844 2638 4898 'H
2671 4845 2968 4914 ἁγαθότης.
3002 4849 3034 4915 ἡ
3067 4847 3142 4908 ὡς
3169 4847 3352 4918 πηγῆς
3383 4849 3481 4917 τῆς
3519 4851 3713 4918 νοερᾶς
3741 4851 3949 4918 ἀγαθό-

2353 4956 2512 5010 τητος
2541 4937 2806 5007 προϊοῦσα
2841 4937 3136 5007 γεννητῶς,
3167 4938 3290 4990 ἐπεὶ
3344 4939 3499 5008 λόγος
3531 4942 3665 5004 ἐστὶ,
3704 4941 3866 5010 λόγον
3896 4943 3951 4996 δὲ

2355 5034 2667 5102 πνεύματος
2697 5032 2869 5102 χωρὶς
2895 5032 2996 5083 οὐκ
3027 5031 3092 5085 ἀν
3113 5049 3197 5095 τις
3227 5031 3353 5084 νοῦν
3403 5034 3540 5102 ἔχων
3600 5034 3948 5104 ἐννοήσειεν·

2352 5128 2440 5182 διὰ
2469 5126 2627 5179 τοῦτο
2656 5127 2749 5178 καὶ
2775 5125 2836 5176 τό
2874 5123 3096 5193 Πνεῦμα
3125 5125 3187 5176 τὸ
3234 5125 3389 5192 ᾶγιον
3429 5128 3457 5179 ὁ
3503 5126 3566 5178 ἐκ
3611 5124 3749 5177 Θεοῦ
3813 5126 3950 5190 Θεὸς

2355 5220 2526 5287 Λόγος
2559 5216 2863 5286 συμπροῖὸν
2900 5216 2965 5267 ἐκ
3007 5213 3104 5267 τοῦ
3151 5216 3362 5284 Πατρός
3397 5215 3532 5284 ἔχει.
3591 5214 3820 5285 Πνεῦμα
3869 5216 3949 5281 δὲ,

2353 5314 2414 5366 οὑ
2450 5312 2588 5364 κατά
2610 5311 2670 5362 τὸ
2698 5309 2856 5361 συνὸν
2885 5308 2964 5378 τῷ
2993 5309 3248 5378 ἡμετέρῳ
3275 5307 3362 5362 διά
3393 5308 3502 5360 τῶν
3526 5307 3751 5377 χειλέων
3779 5308 3948 5378 λόγῳ,

2353 5404 2466 5458 ἀλλ’
2498 5403 2620 5455 οὐδὲ
2649 5401 2791 5455 κατά
2813 5401 2874 5453 τὸ
2911 5403 3091 5463 συνὸν,
3115 5401 3164 5452 εί
3215 5401 3310 5454 καὶ
3345 5401 3674 5469 ἀσωμάτως,
3710 5399 3789 5468 τῷ
3822 5402 3948 5452 καθ’

2352 5498 2502 5567 ἡμᾶς
2565 5494 2856 5563 ὲνδιαθέτῳ
2924 5493 3019 5546 καὶ
3098 5494 3241 5546 κατά
3299 5493 3540 5547 διάνοιαν
3606 5493 3790 5563 λόγῳο
3852 5494 3951 5545 κάς

2354 5593 2502 5644 κεῖνο
2530 5588 2641 5657 γάρ
2668 5589 2812 5657 ὁρμή
2847 5586 2928 5649 τίς
2962 5589 3077 5639 ἐστι
3105 5586 3203 5639 τοῦ
3238 5585 3354 5649 νοῦ.
3378 5584 3467 5651 ⁹τῷ
3501 5585 3758 5655 ἡμετέρῳ
3802 5585 3950 5655 λόγῳ

2357 5682 2836 5751 συνδιατεινομένη
2877 5678 3170 5750 χρονικῶς,
3237 5680 3333 5732 καὶ
3391 5678 3781 5746 διαστημάτων
3827 5679 3949 5729 620-

2357 5779 2493 5846 μένη
2524 5773 2630 5827 τῶν
2660 5773 2866 5837 αὐτῶν,
2902 5773 2998 5824 καὶ
3028 5771 3088 5835 ἐξ
3116 5770 3341 5831 ἀτελοῦς
3363 5769 3597 5843 πρῖοῦσα
3625 5771 3705 5831 είς
3736 5769 3949 5821 τελείω-

2358 5885 2461 5923 σιν.
2507 5867 2716 5920 Ἐκεῖνο
2735 5866 2790 5918 δὲ
2827 5864 2888 5917 τὸ
2927 5863 3150 5930 Πνεῦμα
3184 5863 3276 5919 τοῦ
3303 5865 3565 5919 ἀνωτάτω
3597 5862 3801 5923 Λόγου,
3835 5857 3946 5914 οἷόν
