4246 6464
293 424 437 488 1145

1208 426 1477 485 (ΖΑΡῘΤΛ
1532 430 1873 502 PlIYSlCA,
1917 433 2425 499 THEOLOGICA.
2458 430 2618 492 ETC.

3412 425 3545 491 1146

296 560 381 602 τις
408 542 545 609 ἔρως
581 539 732 593 ἐστὶ)
751 541 1058 613 ἀπόρρητος
1094 542 1187 595 τοῦ
1222 544 1545 613 Γεννήτορος
1590 542 1723 610 πρὸς
1778 542 1937 601 οὑ-Α
1968 542 1973 594 l

1865 548 1937 601 -Α
1968 542 2058 595 Ille
2076 552 2255 594 autem
2284 540 2510 608 spiritus
2536 538 2776 609 supremi
2802 539 2950 591 verbi
2973 540 3223 594 est'velut
3251 539 3542 593 ineliabilis

297 635 389 688 τὸν
419 632 508 684 τὸν
548 632 876 703 άποῤῥήτως
908 636 1234 704 γεννηθέντα
1262 638 1433 702 Λόγον
1461 652 1473 665 ·
1502 628 1545 700 ᾧ
1589 637 1678 685 καὶ
1708 631 1870 695 αὐτὸς

294 724 323 773 ό
356 720 449 772 τοῦ
473 719 687 789 Πατρδς
719 724 1016 791 ἐπέραστος
1048 724 1202 789 λόγος
1236 726 1329 777 καὶ
1354 726 1475 787 Υἱός
1500 724 1700 793 χρῆται
1733 724 1868 791 πρὶς

292 812 388 865 τον
406 812 715 881 Γεννήτορα
746 829 759 843 ·
791 813 906 865 ἀλλ’
938 814 1012 877 ὡς
1040 816 1103 867 ἐκ
1136 815 1231 867 τοῦ
1266 817 1475 885 Πατρὸς
1520 816 1658 884 ἔχων
1707 814 1867 865 αὑτὸν

294 917 772 984 συμπροελθόντα,
808 920 901 970 καὶ
927 921 1189 986 συμφυῶς
1215 922 1271 971 ἐν
1324 924 1472 991 αὑτῷ
1516 925 1869 994 ἀναπαυόμε-

288 1024 403 1058 νον.
438 1003 653 1073 Παρόῦ
693 1010 871 1073 Λόγου
901 1011 987 1061 διὰ
1049 1012 1246 1078 σαρκός
1308 1015 1668 1081 ὁμιλήσαντος
1716 1019 1867 1084 ἡμῖν,

290 1096 389 1146 aut
410 1096 469 1147 τὸ
498 1097 666 1164 ὄνομα
694 1102 789 1163 τῆς
824 1100 1081 1168 διαφόρου
1118 1102 1269 1170 παρά
1300 1104 1391 1155 τοῦ
1449 1106 1657 1172 Πατρός
1698 1108 1871 1175 ὑπάρ-

288 1188 427 1249 ξεως
466 1187 827 1256 ἐδιδάχθημεν
854 1193 944 1240 τοῦ
984 1192 1296 1258 Πνεύματος
1331 1210 1341 1221 ·
1369 1199 1461 1245 καὶ
1503 1196 1575 1263 μὴ
1606 1196 1699 1247 τοῦ
1764 1199 1869 1248 Πα-

288 1273 419 1341 τρός
452 1272 593 1327 εἶναι
625 1277 784 1328 τοῦτο
812 1279 996 1345 μόνον,
1036 1280 1169 1332 άλλά
1193 1284 1285 1333 καὶ
1307 1282 1491 1334 αὑτοῦ.
1528 1285 1597 1334 Τὸ
1649 1284 1869 1353 Πνεῦμα

287 1366 418 1435 γὰρ,
454 1368 606 1434 φησι,
637 1368 732 1434 τῆς
764 1368 1045 1437 ἀληθείας,
1073 1371 1099 1420 ὃ
1124 1374 1274 1439 παρὰ
1308 1373 1398 1423 τοῦ
1454 1374 1662 1443 Ιῐατρὸς
1702 1376 1865 1425 ἐκπο-

292 1455 536 1523 ρεύεται,
575 1457 653 1507 ἶν’
681 1458 839 1526 ἡμεῖς
870 1459 1182 1526 ὲπιγνῶμεν
1221 1461 1279 1511 οὐ
1322 1462 1494 1527 Λόγον
1530 1462 1709 1529 μόνον,
1736 1462 1868 1512 ἀλλὰ

288 1550 385 1599 καὶ
415 1548 636 1616 Πνεῦμα
682 1550 745 1599 ὲκ
787 1548 879 1599 τοῦ
935 1550 1163 1619 Πατρός,
1224 1552 1283 1601 ού
1341 1552 1694 1619 γεννώμενον,
1753 1552 1865 1603 ἀλλ’

287 1638 752 1707 ἐκπορευόμενον,
805 1638 863 1689 ὃν
898 1638 950 1690 δὲ
982 1638 1074 1689 τοῦ
1124 1640 1273 1702 Υίοῦ,
1300 1642 1447 1708 παρὰ
1510 1641 1600 1692 τοῦ
1635 1642 1865 1710 ,Πατρός

285 1728 433 1779 τοῦτ’
469 1729 704 1796 ἔχοντος,
732 1720 809 1789 ὥς
858 1727 1133 1795 ἀληθείας,
1166 1730 1257 1780 καὶ
1310 1730 1516 1797 σοφίας,
1564 1732 1656 1782 καὶ
1706 1730 1865 1797 λόγου

286 1820 534 1886 Πνεῦμα.
561 1820 734 1887 Λόγος
774 1821 881 1887 γὰρ
910 1821 943 1887 ἡ
974 1821 1195 1889 ἀλήθεια
1220 1819 1312 1871 καὶ
1353 1824 1384 1890 η
1440 1823 1595 1889 σοφία
1626 1822 1701 1890 τῷ
1738 1824 1865 1874 Γεν-

282 1920 474 1990 νήτορι
505 1916 861 1987 κατάλληλος,
899 1919 955 1981 ὂς
990 1918 1066 1987 τῷ
1098 1921 1271 1989 Πατρὶ
1298 1920 1383 1971 ἐπ’
1417 1920 1564 1989 αὐτῷ
1598 1921 1860 1989 χαίροντι,

287 2011 601 2079 συγχαίρει,
635 2010 776 2061 κατά
805 2011 863 2060 τὸ
904 2010 1033 2076 παρ’
1065 2010 1228 2062 αὑτοῦ
1263 2010 1348 2061 διά
1390 2010 1482 2062 τοῦ
1521 2012 1863 2080 Σολομῶντος

284 2101 617 2169 εἰρημένον’
683 2117 701 2149 ι
750 2096 891 2165 Ἐγὼ
952 2101 1118 2169 ἥμην,
1175 2102 1237 2168 ἢ.
1273 2102 1587 2170 συνέχαιρον
1636 2102 1801 2171 αὐτῷ.
1838 2122 1855 2152 ›

281 2194 398 2245 Ούκ
429 2192 672 2260 ἔχαιρον,
705 2191 876 2253 εἶπεν,
915 2191 1049 2242 ἀλλὰ
1102 2193 1448 2261 συνέχαιρον·
1507 2193 1643 2259 αὕτη
1693 2193 1797 2263 γὰρ
1824 2196 1857 2262 ἡ

240 2310 243 2313 η
280 2284 499 2353 Πατρός
522 2299 579 2335 τε
616 2284 712 2336 καὶ
744 2282 873 2335 Υἱοῦ
913 2281 1233 2353 προαιώνιος
1262 2285 1424 2353 χαρὰ,
1452 2284 1509 2337 τὸ
1541 2285 1761 2354 Πνεῦμα
1800 2288 1861 2338 τὸ

278 2378 436 2445 ἆγιόν
470 2380 640 2440 ἐστιν,
680 2378 755 2439 ῶς
778 2378 953 2431 κοινὸν
990 2378 1086 2447 μὲν
1118 2379 1299 2441 αὐτοῖς
1334 2380 1473 2432 κατὰ
1520 2380 1616 2447 τὴν
1666 2382 1860 2449 χρῆσιν

284 2472 377 2535 (δι’
401 2470 429 2521 ὃ
454 2471 583 2539 παρ’
614 2471 942 2538 ἀμφοτέρων
976 2472 1069 2522 καὶ
1106 2474 1239 2541 πρὸς
1266 2473 1389 2534 τοὺς
1425 2472 1608 2536 ἀξίους
1643 2475 1857 2543 πέμπε-

277 2559 416 2629 ται)·
441 2560 601 2630 μόνου
628 2563 684 2614 δὲ
708 2560 801 2613 τοῦ
838 2562 1049 2630 Πατρὸς
1081 2564 1201 2615 καθ’
1232 2563 1466 2639 ὓπαρξιν
1492 2566 1759 2635 ὑπάρχον,
1790 2566 1857 2618 δι’

277 2654 308 2706 ὃ
340 2655 439 2707 καὶ
467 2656 596 2722 παρ’
620 2652 785 2707 αὑτοῦ
830 2654 991 2721 μόνου
1022 2654 1379 2721 ἐκπορεύεται
1440 2654 1559 2707 καθ’
1583 2654 1852 2723 ,ὓπαρξιεπ

350 2744 451 2807 λζ’.
486 2742 689 2795 Τούτου
728 2742 821 2797 τοῦ
855 2744 1113 2795 ἀνωτάτω
1141 2744 1339 2813 ἔρωτος
1374 2746 1471 2814 τὴν
1497 2747 1699 2811 εἰκόνα,
1724 2748 1813 2797 καὶ
1834 2748 1860 2798 ό

276 2839 404 2889 κατ’
430 2838 615 2888 εἰκόνα
633 2836 726 2887 τοῦ
751 2835 885 2887 Θεοῦ
912 2835 1152 2898 κτισθεὶς
1188 2837 1345 2906 ἡμῶν
1376 2838 1487 2906 ἔχει
1537 2838 1678 2901 νοῦς,
1726 2840 1860 2906 πρὸς

275 2931 382 2996 τὴν
410 2929 543 2996 παρ’
577 2928 742 2981 αὑτοῦ
782 2931 872 2980 καὶ
909 2931 965 2979 ὲν
994 2930 1138 2998 αὑτῴ
1192 2931 1454 2999 διηνεκῶς
1512 2932 1859 3003 ὑπάρχουσαν

274 3017 507 3085 γνῶσιν.
536 3019 671 3087 Παρ¹
699 3018 864 3071 αὐτοῦ
893 3020 983 3071 καὶ
1012 3022 1068 3071 ἐν
1118 3021 1264 3089 αὑτῷ
1320 3022 1414 3073 καὶ
1469 3023 1655 3076 τοῦτον
1710 3024 1856 3086 ὄντα,

1302 3112 1326 3125 ι,

275 3110 377 3162 καὶ
446 3110 818 3179 συμπροῖόντα
886 3112 1016 3181 παρ’
1035 3111 1198 3163 αὑτοῦ
1260 3112 1335 3183 τῷ
1393 3114 1655 3184 ὲνδοτάτῳ
1696 3115 1856 3185 λόγῳ.

1966 633 2186 698 quidam
2245 630 2521 685 Genitoris
2554 644 2679 697 erga
2736 629 3086 683 inell'abiliter
3117 631 3358 698 genitum
3411 630 3542 682 illud

1970 725 2202 777 Verbum
2248 737 2422 783 amor,
2466 737 2572 789 quo
2604 722 2781 790 ipsum
2820 720 2996 774 Patris
3033 723 3264 775 amabile
3295 722 3533 774 Verbum

1965 830 2018 870 et
2076 816 2241 869 Filius
2296 816 2593 882 genitorem
2654 814 2921 876 redatnat,
2957 824 3009 866 et
3077 830 3242 881 quem
3281 814 3443 867 liabet
3484 823 3542 869 ut

1968 923 2151 960 secum
2179 923 2241 960 ex
2278 907 2437 960 Patre
2491 909 2875 971 procedentem
2924 914 2976 958 et
3025 908 3213 959 intime
3260 907 3312 958 in
3361 908 3544 974 seipso

1969 1002 2424 1066 requiescentem.
2469 999 2619 1063 Quod
2676 999 2894 1065 quidem
2930 997 3162 1049 Verbum
3244 999 3539 1049 carnaliter

1970 1093 2127 1145 nobis
2153 1102 2528 1145 cniiversatmn
2567 1108 2667 1144 nos
2700 1092 2881 1143 doi‘uit
2916 1106 3110 1142 nomen
3150 1091 3368 1141 alterius
3416 1104 3539 1155 per

1968 1200 2114 1238 sonat
2146 1186 2288 1237 illius
2337 1201 2363 1235 a
2392 1185 2547 1236 Palre
2579 1185 2943 1251 procedentis,
3010 1184 3226 1236 scilicet
3252 1183 3543 1251 ,Spiritus.

1970 1286 2023 1329 et
2053 1278 2192 1328 bnne
2224 1290 2343 1328 esse
2372 1290 2475 1327 non
2513 1276 2689 1327 solum
2722 1274 2920 1335 Patris.
2988 1273 3081 1326 sed
3146 1284 3200 1326 et
3258 1275 3545 1341 suiipsius.

1971 1366 2113 1419 Dicit
2166 1368 2311 1418 enim
2354 1365 2395 1396 "
2434 1384 2445 1418 :
2480 1384 2495 1416 ι
2556 1365 2815 1433 Spiritum
2854 1364 3133 1423 veritatis,
3194 1366 3283 1431 qui
3321 1384 3345 1415 a
3383 1365 3543 1417 Patre

1971 1461 2240 1526 procedit,
2284 1478 2301 1510 ι
2359 1467 2417 1511 ut
2481 1472 2770 1511 IIOSCIIIIIIIS
2828 1473 2933 1510 non
2972 1458 3212 1511 Verbum
3253 1457 3543 1517 duntaxat,

1977 1567 2162 1603 verum
2193 1550 2359 1602 etiam
2390 1550 2678 1617 Spiritum.
2716 1551 2805 1615 qui
2840 1564 2904 1600 ex
2934 1550 3094 1600 Patre
3131 1563 3233 1597 non
3280 1557 3360 1598 est
3390 1548 3546 1614 geni-

1972 1651 2082 1707 tus,
2118 1643 2208 1695 sed
2239 1642 2504 1708 proci-dit,
2560 1649 2613 1693 ct
2643 1641 2733 1708 qui
2765 1648 2845 1693 est
2890 1642 3055 1694 etiam
3113 1638 3255 1700 Filii,
3314 1640 3487 1699 ipsum
3518 1655 3543 1688 ιι

1974 1732 2130 1787 Patre
2166 1733 2437 1796 habentis,
2496 1741 2553 1785 ut
2586 1732 2826 1784 veritatis
2862 1732 3248 1799 sapientizeque
3282 1742 3335 1781 et
3374 1729 3541 1781 Verbi

1972 1821 2259 1888 Spiritum.
2312 1822 2441 1874 Nam
2507 1822 2709 1875 veritas
2748 1822 3120 1890 sapientiaque
3173 1834 3255 1873 est
3308 1820 3542 1872 Verbum

1970 1913 2213 1968 Geuitori
2272 1916 2741 1978 consimillimum,
2777 1916 2920 1981 quod
2970 1913 3116 1967 Patri
3150 1914 3217 1966 de
3255 1918 3372 1980 ipso
3412 1928 3546 1982 gan~

1969 2008 2114 2060 denti
2158 2009 2488 2076 congaudet,
2521 2006 2671 2073 juxta
2712 2006 2845 2059 illttd
2899 2008 2965 2057 ab
3001 2007 3114 2072 ipso
3171 2021 3265 2072 per
3296 2006 3547 2057 Salomo-

1973 2113 2093 2149 nvm
2126 2099 2327 2152 dictum
2361 2115 2374 2150 :
2418 2116 2435 2147 ι
2479 2098 2588 2167 Ego
2630 2114 2775 2150 eram
2806 2113 2925 2167 qua:
2958 2113 3082 2150 cum
3143 2113 3208 2150 eo
3236 2098 3544 2163 congaude-

1971 2193 2114 2243 bam.
2154 2210 2170 2239 ο
2210 2189 2321 2243 Non
2362 2192 2434 2242 ait
2485 2191 2796 2259 gaudebant,
2842 2190 2933 2243 Sed
2969 2193 3355 2259 congaudebam
3390 2203 3408 2251 ς
3444 2188 3546 2239 hoc

1969 2286 2115 2337 enim
2145 2280 2322 2336 Patris
2358 2293 2410 2335 et
2438 2280 2555 2335 Filii
2596 2292 2723 2336 ante
2760 2282 2955 2335 sarcula
2998 2282 3274 2351 gaudium,
3306 2291 3388 2335 est
3425 2281 3547 2348 Spi-

1972 2378 2109 2428 ritus
2142 2382 2384 2437 sanctus,
2411 2389 2517 2440 quo
2553 2374 2625 2427 illi
2655 2374 3021 2428 communiter
3043 2383 3366 2436 contuimur,
3400 2372 3545 2425 unde

1968 2470 2033 2519 ab
2062 2478 2294 2534 utroque
2338 2467 2576 2518 mittitur
2630 2466 2696 2519 ad
2729 2467 2921 2535 dignos
2944 2481 2961 2532 ;
2986 2468 3079 2519 sed
3114 2466 3181 2519 ab
3225 2482 3329 2517 uno
3382 2464 3545 2517 Patre

1968 2556 2236 2625 originem
2294 2556 2465 2622 durit,
2521 2557 2753 2626 ideoque
2814 2557 2884 2609 ab
2938 2572 3004 2611 eo
3040 2557 3157 2609 solo
3186 2556 3547 2625 personaliter

1969 2650 2236 2717 procedit.

2037 2743 2121 2796 3'7.
2162 2740 2309 2795 Illius
2345 2741 2586 2807 supremi
2624 2743 2829 2795 amoris
2877 2741 3167 2810 imaginem
3216 2749 3432 2793 creatus
3478 2738 3546 2792 ad

1969 2833 2259 2902 imaginem
2297 2833 2388 2885 Dei
2428 2833 2734 2887 intellectus
2763 2843 2949 2886 noster
2982 2832 3166 2893 habet.
3195 2848 3325 2899 erga
3360 2833 3547 2900 cogni-

1970 2926 2173 2979 tionem
2200 2940 2227 2978 a
2252 2941 2309 2980 se
2343 2935 2394 2979 et
2422 2928 2471 2979 iu
2496 2942 2553 2979 se
2578 2926 2775 2994 iugiter
2812 2935 3164 2994 conceptam.
3197 2925 3257 2977 Et
3282 2928 3371 2978 hic
3391 2938 3546 2977 amor

1968 3020 2034 3071 ab
2064 3033 2128 3071 eo
2175 3028 2226 3071 et
2261 3018 2313 3071 in
2370 3034 2433 3071 eo
2461 3027 2563 3084 est,
2614 3020 2682 3071 ab
2717 3034 2892 3087 eoque
2944 3019 3188 3087 procedit
3223 3019 3382 3071 simul
3422 3033 3543 3069 cunt

1970 3110 2163 3163 intimo
2198 3110 2387 3163 verbo.
2451 3112 2715 3163 Eumdcm
2764 3110 2911 3163 clare
2968 3109 3289 3163 manifestat
3351 3111 3416 3162 iis
3450 3109 3546 3177 qui

277 3204 394 3257 Καὶ
423 3203 616 3255 τούτου
655 3204 852 3271 δεῖγμα
904 3205 1320 3274 ἐναργέστατον,
1366 3206 1459 3258 καὶ
1484 3209 1612 3274 grai;
1666 3210 1738 3277 μὴ
1795 3210 1858 3261 τὰ
1889 3226 1935 3289 C

1889 3226 1935 3289 ρ
1970 3202 2226 3255 in:eriora
2258 3220 2354 3256 sua
2390 3204 2662 3272 iuSpicere
2694 3213 3009 3272 “nequeunt,
3072 3202 3393 3255 insatiabilis
3444 3201 3544 3253 lto-

276 3296 553 3348 ἐνδοτάτω
581 3296 788 3347 ἑαυτῶν
843 3297 1157 3364 δυναμένοις
1209 3299 1468 3368 καθορᾷ-θ,
1532 3301 1563 3368 ή
1615 3302 1747 3368 πρὸς
1802 3300 1861 3351 τὸ

273 3387 483 3439 εἰδέναι
532 3387 639 3439 τῶν
704 3386 1007 3455 ἀνθρώπων
1061 3389 1355 3456 ἀκόρεστος
1396 3389 1615 3455 ἔφεσις·
1662 3390 1855 3441 ἀλλ’ὲν

269 3477 474 3546 ἐκείνῳ
498 3477 576 3546 τῷ
610 3477 901 3546 ἀρχετύπῳ
931 3494 946 3508 ⁸
973 3480 1029 3529 ἐν
1074 3479 1256 3549 ἐκείνῃ
1308 3483 1371 3547 τῇ
1414 3480 1714 3548 παντελείῳ
1764 3481 1853 3531 καὶ

273 3557 573 3633 ὑπερτελεῖ
598 3566 921 3633 ἀγαθότητι,
976 3567 1107 3636 παρ’
1234 3568 1399 3637 μηδὲν
1447 3568 1635 3630 ἀτελές
1673 3587 1685 3599 ·
1720 3570 1856 3638 πλὴν

266 3658 372 3709 τοῦ
409 3657 469 3720 ἐξ
496 3656 669 3726 αὐτῆς
718 3652 878 3722 εἶναι,
940 3659 1118 3710 πάντα
1168 3658 1319 3710 ἐστὶν
1371 3659 1857 3729 ἀπαραλλάκτωςό

271 3749 423 3811 οεῖος
448 3748 587 3819 ἔρως
616 3750 717 3802 ὅσα
744 3748 925 3816 ἐκείνη
959 3766 972 3779 ·
1012 3749 1080 3802 δι’
1108 3748 1135 3801 ὃ
1195 3750 1287 3802 καὶ
1328 3749 1547 3819 Πνεῦμα
1572 3750 1743 3817 ἆγιον,
1766 3750 1857 3803 καὶ

273 3840 644 3909 Παράκλητος
671 3839 849 3904 ἄλλος,
876 3835 1025 3902 οὗτος
1048 3840 1160 3892 εστι
1192 3858 1248 3892 τε
1289 3842 1383 3893 καὶ
1412 3840 1540 3909 παρ’
1560 3840 1719 3909 ἡμῶν
1764 3858 1860 3892 κα-

268 3931 475 3995 λεῖται,
531 3930 607 3992 ὡς
666 3935 744 3999 τῷ
786 3931 946 3998 Λόγῳ
1014 3933 1530 4001 συμπαρομαρτῶν·
1584 3933 1649 3985 ἵν’
1698 3935 1858 4003 ἡμεῖς

271 4023 602 4091 ὲπιγνῶμεν
642 4024 768 4075 ὂντα
804 4023 1118 4085 τέλειον,ἐν
1153 4024 1447 4077 ὑποστάσει
1484 4025 1664 4095 τελείᾳ
1686 4043 1742 4077 τε
1766 4026 1860 4078 καὶ

270 4118 409 4185 ιδ’ᾳ.
452 4114 593 4167 κατὰ
623 4114 786 4183 μηδὲν
820 4117 912 4165 καὶ
936 4114 1098 4167 αὑτὸν
1121 4115 1441 4183 λειπόμενον
1490 4118 1586 4184 τῆς
1618 4116 1712 4168 τοῦ
1746 4119 1858 4168 Πα-

264 4208 405 4277 ατρὸς
430 4208 619 4268 οὐσίας
645 4224 659 4237 ·
702 4206 816 4259 ἀλλ’
848 4208 1284 4276 ἀπαραλλάκτως
1305 4208 1432 4259 ὄντα.
1469 4210 1560 4260 τὸν
1590 4210 1753 4260 αὑτὸν
1782 4207 1859 4276 τῷ

261 4316 331 4351 τε
366 4297 479 4365 Υιῴ
508 4300 597 4349 καὶ
626 4298 702 4365 τῷ
730 4298 925 4366 Πατρὶ,
976 4301 1023 4349 εἰ
1056 4300 1148 4350 καὶ
1178 4300 1250 4365 μὴ
1301 4298 1423 4349 καθ’
1447 4299 1765 4360 ὑπόστασιν,
1799 4300 1860 4368 ἦ·

262 4403 354 4448 τις
389 4386 456 4438 ὲκ
484 4384 579 4436 τοῦ
610 4384 746 4437 Θεοῦ
773 4385 1090 4454 θεοπρεπῶς
1117 4386 1459 4452 ὲκπορευτῶς
1485 4384 1623 4439 εἶναι
1673 4389 1859 4441 τοῦτον

267 4476 611 4545 παρίστησιν
643 4477 775 4544 ἡμῖν
800 4493 813 4505 ο
844 4476 939 4528 καὶ
971 4476 1256 4545 σεφθῶμεν
1305 4477 1398 4527 ἕνα
1428 4478 1561 4531 Θεὸν
1594 4478 1766 4545 ἀληθὴ
1798 4496 1857 4529 τε

1973 3297 2178 3348 minum
2210 3296 2275 3348 ad
2309 3297 2586 3350 sciendum
2622 3296 2926 3364 appetitus.
2954 3293 3058 3348 Sed
3092 3296 3142 3345 in
3175 3293 3263 3345 illo
3295 3293 3548 3361 archety-

1971 3403 2057 3456 po,
2093 3388 2144 3440 in
2182 3389 2269 3440 illa
2301 3387 2623 3455 perfecta'et
2658 3388 3058 3457 perfectissima
3102 3386 3368 3449 bonitate,
3403 3383 3546 3453 apud

1970 3494 2129 3546 quam
2168 3481 2300 3533 nihil
2334 3480 2732 3548 imperlcctutn,
2792 3488 3019 3547 CXCeplo
3087 3478 3228 3544 quod
3261 3476 3325 3528 ab
3356 3490 3415 3527 ea
3452 3476 3546 3538 sit,

1970 3569 2443 3624 indiscriminatitn
2496 3579 2577 3623 est
2637 3569 2855 3622 divinus
2906 3584 3063 3622 amor
3122 3566 3385 3634 quidquid
3426 3569 3543 3631 ipsa

1970 3665 2068 3707 est.
2135 3655 2431 3725 Propterea
2470 3668 2694 3710 sanctus
2747 3658 2835 3711 hic
2895 3658 3131 3723 Spiritus
3191 3656 3325 3707 alter
3374 3653 3547 3706 Para-

1970 3747 2131 3800 clitus
2149 3759 2231 3800 est
2258 3758 2312 3800 et
2340 3762 2368 3799 a
2404 3749 2557 3801 nobis
2574 3758 2817 3813 vocatur,
2846 3760 3100 3816 tanquam
3138 3745 3300 3800 Verbi
3323 3760 3543 3809 comes;

1971 3849 2028 3893 ut
2058 3854 2154 3891 nos
2184 3841 2420 3893 sciamus
2445 3858 2567 3893 eum
2597 3840 3063 3909 esse,perfectum
3099 3848 3152 3892 et
3196 3838 3249 3891 in
3298 3838 3545 3906 perfecta

1968 3943 2019 3984 et
2048 3932 2265 4000 propria
2327 3947 2580 4000 persona,
2614 3947 2677 3986 ac
2725 3931 2857 3985 nihil
2914 3940 2969 3985 ct
3024 3931 3203 3996 ipsum
3257 3929 3479 3984 dilferre
3511 3947 3541 3983 a

1968 4024 2147 4080 Patris
2181 4025 2510 4087 substantia,
2549 4026 2643 4077 sed
2696 4025 2834 4077 idem
2892 4023 3367 4077 indiscriminatim
3424 4038 3547 4077 esse

1970 4133 2132 4187 quam
2172 4117 2387 4170 Patrem
2455 4128 2508 4168 et
2540 4116 2776 4177 Filium,
2838 4131 2947 4168 non
3007 4124 3185 4167 tamen
3238 4114 3539 4167 serundum

1970 4223 2282 4276 personam,
2311 4225 2429 4277 qua:
2461 4209 2637 4277 ipsum
2672 4224 2699 4260 a
2725 4208 2887 4260 Patre
2938 4207 3232 4275 procedere
3257 4206 3416 4259 nobis
3452 4208 3546 4259 de-

1969 4310 2278 4364 monstrat;
2314 4311 2483 4367 utque
2509 4298 2747 4351 colamus
2764 4313 2928 4349 unum
2965 4298 3128 4348 [leum
3163 4312 3352 4348 verum
3377 4304 3544 4364 atque

1970 4394 2293 4463 perfectum,
2349 4395 2400 4446 in
2440 4394 2617 4446 tribus
2654 4393 2903 4460 personis
2942 4392 3087 4444 veris
3153 4404 3217 4442 ac
3262 4387 3540 4454 perlectis,

1971 4500 2077 4538 non
2109 4485 2397 4551 triplicem,
2430 4482 2590 4544 absit,
2627 4482 2720 4535 sed
2782 4479 3113 4549 simplicem.
3174 4476 3362 4544 Neque
3397 4479 3542 4530 cnim

266 4570 372 4622 καὶ
430 4568 659 4631 τέλειον,
721 4570 777 4619 ἐν
807 4566 987 4635 τρισὶν
1037 4568 1397 4619 ὑποστάσεσιν
1443 4570 1721 4637 ἀληθιναῖς
1768 4571 1859 4621 καὶ
1893 4574 1939 4630 D

1893 4574 1939 4630 Ι)
1972 4579 2161 4647 triplex
2213 4589 2299 4632 cst
2348 4576 2580 4638 bonitas,
2640 4590 2813 4641 neque
2861 4576 2998 4625 trias
3055 4573 3383 4631 bonitatnm,
3447 4573 3542 4624 sed

260 4659 513 4721 τελείαις
545 4674 558 4688 °
612 4660 671 4711 ού
732 4658 1024 4726 τριπλοῦν·
1065 4661 1247 4727 ἄπαγε
1274 4675 1287 4687 °
1322 4660 1438 4712 ἀλλ’
1492 4661 1712 4712 ἁπλοῦν.
1775 4662 1847 4711 Οὐ

262 4752 384 4821 γάρ
412 4750 614 4821 τριπλῆ
646 4750 730 4812 τις
756 4752 961 4820 ἐστινὴ
994 4743 1289 4819 ἀγαθότης,
1320 4751 1443 4803 obde
1496 4754 1652 4819 τριὰς
1712 4754 1849 4818 ἁγαο

263 4846 517 4914 θοτήτων
543 4859 556 4873 ο
593 4841 731 4895 ἀλλά
762 4842 931 4909 Τριάς
962 4843 1092 4908 ἀγία
1123 4842 1218 4893 καὶ
1245 4843 1518 4911 σεδασμία
1566 4845 1657 4895 καὶ
1686 4858 1851 4911 προσ-

264 4937 505 5005 κυνητὴ,
583 4937 617 5005 ἡ
663 4936 926 4988 ἀνωτάτω
968 4934 1243 5002 ἀγαθότης
1306 4936 1475 4999 ἐστὶν,
1531 4936 1588 4997 ἐξ
1655 4934 1849 5001 ἑαυτῆς

262 5031 351 5090 εἰς
405 5028 604 5096 ἑαυτὴν
695 5028 929 5097 χεομένη
1000 5027 1340 5097 ἀρῤεύστως·
1392 5027 1487 5079 καὶ
1538 5026 1622 5096 ἐφ’
1656 5027 1852 5094 ἑαυτῆς

261 5121 492 5173 ἑστῶσα
532 5119 640 5189 πρὸ
676 5120 889 5172 αἰώνων
954 5119 1300 5189 θεοπρεπῶς,
1356 5119 1603 5188 ἀόριστός
1635 5136 1693 5169 τε
1724 5119 1855 5171 οὖσα

1970 4678 2155 4722 sancta
2215 4667 2630 4733 venerandaque
2690 4673 2745 4716 et
2800 4664 3076 4716 adoranda
3130 4662 3373 4718 Trinitas
3454 4674 3541 4717 est

1966 4772 2175 4812 summa
2226 4758 2444 4810 bonitas
2497 4770 2561 4808 ex
2588 4754 2765 4821 seipsa
2804 4754 2854 4805 in
2886 4754 3119 4819 seipsam
3151 4752 3364 4821 .jngiler
3424 4753 3545 4805 illa-

1966 4857 2118 4911 tiens,
2146 4859 2201 4903 et
2233 4850 2284 4901 in
2317 4849 2492 4916 seipsa
2516 4858 2643 4901 ante
2672 4849 2866 4900 saecula
2888 4846 3069 4898 divine
3089 4847 3425 4910 subsistens,
3454 4846 3543 4898 in-

1962 4945 2115 4995 linita
2155 4952 2209 4994 et
2236 4958 2263 4992 a
2293 4954 2351 4994 se
2380 4955 2484 4993 una
2513 4940 2959 5007 circumscripta,
3002 4947 3056 4991 et
3081 4938 3262 4991 omnia
3304 4940 3541 4992 circum-

1968 5052 2043 5086 sci
2064 5036 2241 5097 ibens,
2274 5046 2331 5086 et
2363 5048 2526 5102 super
2556 5033 2815 5087 omnibus
2838 5039 3087 5097 extensa,
3118 5040 3173 5086 et
3230 5031 3366 5085 nihil
3391 5041 3541 5086 extra

1966 5124 2320 5191 semetipsum
2344 5137 2465 5177 esse
2489 5121 2720 5190 patiens.

266 5199 375 5253 καὶ
412 5199 776 5269 παράιμόνης
804 5200 1009 5268 ἑαυτῆς
1038 5198 1351 5272 ὡρισμένη,
1389 5203 1481 5253 καὶ
1506 5212 1573 5253 τα
1607 5204 1786 5255 πάντα
1814 5204 2101 5274 ὁρίζουσα,
2139 5208 2235 5259 καὶ
2275 5204 2498 5258 πάντων
2535 5198 3067 5270 ὑπερεκτεινομένη,
3109 5198 3203 5252 καὶ
3239 5198 3408 5270 μηδὲν
3443 5200 3547 5252 τῶν

261 5289 451 5342 ὄντων
482 5288 639 5349 ἐκτὸς
664 5288 868 5355 ἑαυτῆς
901 5288 1071 5342 ἐῶσα.

344 5372 449 5439 λη’,
479 5370 633 5437 Ἔχει
659 5370 758 5437 μὲν
779 5364 871 5419 οὖν
911 5373 1003 5419 καὶ
1043 5368 1075 5436 ἡ
1134 5367 1241 5419 τῶν
1286 5366 1533 5433 ἀγγέλων
1564 5383 1722 5436 νοερα
1762 5384 1856 5420 και

261 5460 468 5530 λογικῇ
499 5463 662 5529 φύσις
696 5460 819 5511 νοῦν
846 5474 903 5510 τε
936 5460 1029 5510 καὶ
1072 5457 1231 5523 λόγον
1258 5459 1318 5509 ὲκ
1337 5456 1431 5509 τοῦ
1450 5457 1562 5520 νοῦ,
1597 5458 1690 5511 καὶ
1719 5460 1856 5528 πρὸς

262 5554 365 5608 τὸν
397 5553 553 5619 λόγον
584 5551 763 5620 ἔρωτα
814 5549 910 5603 τοῦ
967 5549 1059 5601 νοῦ
1090 5566 1103 5578 ·
1138 5549 1195 5611 ὃς
1250 5550 1343 5601 καὶ
1379 5551 1539 5612 αὑτός
1588 5552 1735 5604 ἐστιν
1791 5555 1855 5605 ἐκ

262 5646 367 5701 τοῦ
404 5643 519 5707 νοῦ,
550 5644 643 5694 καὶ
699 5641 951 5693 σύνεστιν
982 5641 1069 5693 ἀεὶ
1102 5640 1178 5710 τῷ
1207 5658 1264 5693 τε
1316 5641 1456 5711 λόγῳ
1500 5644 1592 5695 καὶ
1648 5642 1725 5711 τῷ
1757 5645 1852 5711 νῷ,

265 5738 371 5791 καὶ
400 5734 621 5802 πνεῦμα
656 5733 722 5785 ἂν
751 5732 989 5797 καλοῖτο,
1030 5732 1104 5795 ὡς
1133 5734 1211 5803 τῷ
1240 5732 1382 5803 λόγῳ
1414 5735 1570 5802 φύσει
1600 5751 1855 5803 συμπαρ-

261 5826 561 5897 ομαρτῶν.
610 5822 765 5876 Ἀλλ’
792 5823 894 5876 οὐκ
951 5824 1190 5893 ἔχεικαὶ
1246 5821 1508 5888 ζωοποιδν
1538 5826 1598 5878 τὸ
1636 5824 1855 5894 πνεῦμα

352 5945 397 5978 ⁸⁸
421 5942 580 6000 Joan.
616 5960 704 6010 xv,
728 5944 820 6001 26.

2030 5364 2116 5418 58.
2147 5363 2321 5420 Habet
2343 5366 2559 5435 quidem
2609 5366 2923 5435 angelorum
2951 5382 3167 5434 quoque
3193 5365 3535 5419 intellectua-

1960 5457 2026 5511 lis
2058 5467 2111 5511 et
2142 5460 2428 5511 rationalis
2464 5468 2659 5511 natura
2690 5460 3051 5523 intellectum,
3088 5467 3226 5513 etex
3258 5457 3536 5512 intellectu

1962 5552 2209 5617 verbum,
2246 5560 2299 5605 et
2335 5552 2641 5605 intellectus
2691 5551 2743 5605 in
2778 5553 3002 5606 verbum
3057 5568 3321 5619 amorem,
3364 5553 3455 5619 qui
3488 5559 3546 5604 et

1962 5643 2076 5711 ipse
2106 5658 2170 5696 ex
2209 5644 2483 5698 intellectu
2554 5654 2661 5710 est,
2700 5655 2754 5699 et
2792 5647 3037 5699 adhaeret
3068 5660 3285 5714 seraper
3332 5644 3543 5698 intelle—

1962 5735 2072 5789 Ctui
2109 5744 2167 5789 et
2211 5736 2399 5800 verbo,
2427 5746 2484 5790 et
2538 5738 2768 5806 spiritus
2816 5739 2999 5792 vocari
3032 5748 3239 5807 posset,
3274 5747 3332 5791 ut
3392 5735 3544 5790 verbi

1964 5827 2284 5883 naturaliter
2308 5843 2515 5885 comes.
2584 5830 2690 5886 Sed
2727 5831 2974 5888 vivillcus
3006 5846 3113 5888 non
3147 5842 3231 5888 est
3254 5831 3341 5887 hic
3376 5830 3548 5903 spiri-
