4246 6464
691 373 818 440 illi]

1916 371 2296 440 GREGOI’JI
2341 375 2669 448 ΡΛιΑΜΑι

3810 394 3948 464 illi!

689 486 828 539 malo
872 480 1065 550 subiici
1111 489 1162 536 rt
1199 479 1267 536 iis
1301 480 1562 536 inservire
1602 494 1829 549 quorum
1869 482 2093 552 imperio
2123 483 2280 555 digna
2310 492 2349 547 Ἀ

2377 497 2462 536 ται
2494 480 2591 552 τὴν
2629 478 2929 536 ἀκούουσαν
2958 498 2969 513 ·
3009 481 3091 535 ἵνα
3130 480 3384 555 γυμνάσῃ
3418 481 3621 556 ταύτην
3654 484 3835 549 ιύὓὶς.
3861 493 3950 541 εν·

689 583 823 638 rrat,
859 580 1043 641 utpote
1072 571 1188 626 sola
1218 585 1280 626 ex
1305 571 1629 626 sensuaiiter
1656 572 1959 627 viventibus
1988 586 2151 627 manu
2182 572 2277 630 Dei

688 662 914 718 i‘ortnata
939 663 1278 734 rationisque
1311 676 1535 733 compos
1588 672 1644 720 et
1689 662 1752 718 ad
1805 662 2094 734 imaginem
2134 664 2274 721 facta

687 754 990 812 Creatoris.
1022 753 1153 809 illud
1180 763 1357 808 autem
1387 753 1810 824 permisitDeus,
1831 762 1890 809 ut
1918 755 2106 810 videns
2139 769 2274 810 ron-

687 849 861 905 silium
880 850 1037 902 homo
1055 846 1241 901 datttm
1261 846 1330 902 ab
1347 846 1604 903 Inferiore
1623 847 1850 917 (ιιιιιιιιιο
1874 849 2015 902 enim
2039 848 2276 901 deterior

689 941 904 996 homine
931 955 1154 1008 serpens
1178 940 1218 1008 ι)
1269 954 1428 1010 quam
1451 939 1772 995 charissime
1792 940 2115 1010 intelligeret
2144 940 2272 996 iilttd

690 1033 994 1087 nullatenus
1012 1048 1155 1095 esse.
1176 1047 1238 1087 ac
1253 1032 1706 1101 dedignareturse
1724 1032 2005 1086 manifeste
2026 1030 2271 1086 inferiori

688 1126 1034 1189 sohmittere,
1065 1135 1118 1180 et
1147 1132 1392 1179 servaret
1433 1124 1588 1180 iidem
1623 1123 1893 1188 Creatori,
1943 1125 2270 1179 custodiens

691 1217 808 1283 ejus
841 1217 1181 1282 mandatum,
1211 1227 1266 1272 et
1295 1217 1453 1271 lat-ile
1487 1217 1731 1272 vinceret
1764 1215 2039 1286 de'apsum
2066 1231 2094 1269 a
2141 1231 2268 1270 vera

689 1311 819 1375 vita,
871 1321 924 1364 ct
964 1309 1187 1364 meritus
1233 1311 1500 1378 acciperet
1532 1307 1744 1363 beatam
1771 1309 2266 1373 Itntnortalitatcnt,

689 1412 854 1471 atque
901 1412 1285 1473 pertuaneuter
1335 1403 1536 1457 viveret
1602 1401 1652 1456 itt
1725 1412 1991 1457 mtet'ttum
2051 1401 2269 1456 deiiica-

767 1765 856 1821 45.
896 1765 1036 1821 Nihil
1076 1766 1147 1819 ita
1173 1773 1255 1819 est
1287 1763 1509 1819 homine
1540 1763 1791 1834 superius
1826 1773 1881 1817 ιιι
1914 1764 1963 1819 oi
1998 1764 2222 1819 causiiie

691 1867 779 1912 tur
814 1867 1191 1928 proponatque
1225 1857 1547 1912 sententiam
1591 1867 1643 1912 et
1675 1857 1800 1911 inde
1843 1857 2000 1912 utilia
2017 1867 2271 1926 sttggerat

695 1962 747 2006 et
778 1959 1059 2022 prorurt-t,
1099 1949 1258 2004 modo
1286 1949 1374 2006 Ille
1405 1964 1560 2005 suum
1593 1959 1771 2005 servet
1792 1949 2055 2016 ordinem,
2077 1960 2124 2002 et
2152 1963 2272 2004 sese

691 2051 1006 2111 cognoscat,
1033 2053 1088 2098 et
1122 2043 1394 2098 custodiat
1435 2059 1554 2114 quze
1581 2060 1608 2098 a
1639 2043 1847 2100 emlosti
1873 2044 2155 2113 superiore
2187 2042 2268 2097 di-

691 2137 844 2199 dicit,
890 2136 941 2191 in
979 2136 1061 2192 his
1091 2151 1218 2195 vero
1253 2151 1370 2207 quae
1405 2136 1641 2191 nomium
1679 2137 1746 2192 ab
1789 2151 1853 2191 co
1888 2136 2097 2203 didit-it,
2128 2134 2272 2205 eius-

693 2229 816 2282 dem
863 2229 1035 2284 solius
1069 2227 1296 2284 consilia
1363 2227 1635 2283 admittat.
1677 2225 1810 2281 Nam
1848 2227 2023 2296 angeli
2057 2241 2272 2298 quoque

694 2321 820 2377 licet
873 2321 1027 2377 nobis
1075 2319 1340 2394 dignitate
1381 2322 1712 2390 superiores,
1741 2329 1867 2374 sunt
1917 2331 1973 2377 et
2005 2321 2104 2388 ipsi
2139 2335 2271 2374 cnn-

696 2413 945 2468 siiiorttm
978 2413 1098 2483 eius
1134 2417 1198 2468 de
1233 2411 1392 2468 nobis
1427 2411 1681 2473 ministri.
1740 2410 1889 2466 mini
1929 2423 2147 2482 propter
2177 2427 2272 2465 eos

691 2505 781 2575 qui
809 2505 1179 2560 haereditatetn
1200 2505 1414 2576 capient
1436 2505 1628 2560 salutis
1647 2505 1688 2537 "
1704 2521 1832 2571 ,nou
1853 2516 2031 2559 tamen
2059 2519 2270 2570 on.m-.s,

692 2596 785 2652 sed
812 2596 901 2667 qui
933 2595 1055 2652 boni
1084 2605 1136 2651 et
1169 2595 1219 2651 in
1253 2595 1445 2652 ordine
1477 2610 1576 2652 suo
1606 2605 1988 2652 remanserunt
2024 2613 2037 2653 :
2073 2596 2273 2652 habent

692 2693 838 2746 enim
872 2689 1082 2760 ipsimet
1110 2702 1137 2743 a
1164 2689 1270 2744 lico
1293 2687 1651 2755 intellectum,
1675 2691 1897 2745 veritum
1921 2700 1970 2746 et
1993 2689 2269 2760 spiritum,

691 2792 746 2837 rt
785 2780 1055 2844 Creatori,
1093 2782 1181 2849 qui
1216 2792 1302 2836 est
1336 2780 1645 2837 intellectus
1674 2780 1902 2836 Verbum
1931 2787 1984 2836 et
2013 2779 2272 2850 Spiritus,

694 2875 894 2931 debent
923 2875 1064 2929 εἰιιιιι
1094 2889 1192 2928 nos
1227 2872 1452 2930 obedire
1496 2889 1509 2929 :
1542 2883 1595 2928 et
1649 2887 1746 2928 nos
1803 2872 1854 2928 in
1888 2873 2072 2928 multis
2124 2883 2274 2929 ante-

693 2966 914 3031 cedunt,
961 2966 1053 3020 sed
1099 2965 1149 3018 ιιι
1176 2963 1505 3033 quibusdam
1537 2963 1693 3018 nobis
1730 2964 1954 3027 cedunt,
1989 2975 2042 3017 ιιι
2065 2962 2272 3034 prtelati

693 3072 885 3114 sumus
934 3069 1097 3129 atque
1126 3057 1392 3121 dicemus,
1426 3057 1689 3127 nempelu
1720 3056 2076 3128 exprimenda
2104 3056 2271 3113 Crea-

694 3151 830 3205 toris
858 3150 1114 3221 imagine,
1139 3151 1260 3220 quia
1298 3162 1391 3203 nos
1411 3147 1580 3219 magis
1608 3163 1768 3219 quam
1803 3148 1877 3202 illi
1911 3148 1976 3203 ad
2009 3147 2099 3203 Dei
2134 3149 2268 3204 ima-

693 3243 871 3312 ginem
904 3242 1029 3298 lacti
1066 3256 1275 3297 sumus.

2374 573 2563 626 τεῦθεν
2614 573 2726 636 τοῖς
2763 572 3001 644 χείροσιν
3061 572 3484 641 ὑποτάσσεσθαι,
3543 577 3636 630 καὶ
3675 576 3951 634 δουλεύειν

2374 665 2624 729 έκείνοις,
2665 656 2740 719 ὧν
2771 661 3073 735 βασιλεύειν
3107 664 3272 730 ἀξίως
3303 664 3515 736 ἔλαχεν,
3545 667 3622 732 ώς
3658 669 3790 741 μόνη
3842 670 3952 724 τῶν

2374 759 2494 814 κατ’
2524 757 2780 828 αἴσθησιν
2807 756 3048 824 ζώντων,
3086 759 3227 828 χειρὶ
3262 757 3398 812 Θεοῦ
3445 761 3538 814 καὶ
3565 761 3706 831 λόγῳ
3729 778 3953 833 τετιμη-

2377 849 2536 920 μένη,
2568 849 2660 903 καὶ
2693 849 2813 903 κατ’
2843 849 3024 902 εἰκόνα
3063 852 3330 921 γινομένη
3359 849 3450 904 τοῦ
3503 852 3807 916 κτίσαντος.
3837 855 3954 908 Ἐν-

2372 939 2554 994 δίδωσι
2581 939 2635 993 δὲ
2667 939 2693 990 ό
2721 939 2872 1003 θεὸς,
2904 939 2969 992 ἵν’
3013 939 3134 992 tam
3158 943 3184 995 ὀ
3219 941 3502 1013 ἄνθρωπος
3530 945 3950 1014 προσαγομένην

2372 1030 2468 1099 τὴν
2505 1028 2898 1098 συμϐουλὴνέκ
2929 1028 3021 1082 τοῦ
3051 1030 3289 1101 χείρονος
3327 1033 3512 1101 (πόσον
3548 1037 3654 1103 γὰρ
3691 1034 3889 1103 χείρων
3922 1037 3951 1090 ό

2372 1119 2492 1190 ligat;
2523 1120 2810 1192 ἀνθρώπου
2834 1120 2895 1191 ι),
2932 1122 3021 1174 καὶ
3046 1122 3194 1188 πόσῳ
3215 1125 3398 1190 σαφῶς
3422 1126 3551 1195 συνῇ
3580 1124 3840 1194 μηδαμῶς
3869 1121 3949 1180 οὖα

2375 1227 2472 1266 σαν
2503 1213 2776 1282 λυσιτελῆ,
2827 1214 2917 1267 καὶ
2949 1213 3358 1285 ἀναξιοπαθήσῃ
3387 1214 3482 1286 τὴν
3514 1217 3650 1290 πρὸς
3693 1218 3751 1270 οδ
3781 1234 3944 1287 φανε-

2375 1303 2482 1374 ρῶς
2513 1305 2689 1374 χεῖρον
2720 1304 3017 1375 ὑποταγὴν,
3052 1305 3145 1358 καὶ
3170 1307 3377 1378 φυλάξῃ
3409 1305 3542 1377 πρὸς
3567 1307 3653 1362 τὸν
3683 1310 3949 1365 κτίσαντα

2374 1396 2576 1462 πίστιν,
2611 1397 2708 1466 τὴν
2742 1397 2955 1452 ἐκείνου
2989 1398 3167 1468 τηρῦν
3192 1398 3411 1468 ἐντολήν
3435 1415 3449 1430 ·
3477 1401 3573 1452 ικαὶ
3593 1400 3821 1471 νικητὴς
3848 1403 3947 1472 ῥα-

2371 1491 2496 1550 δίως
2516 1489 2706 1562 τελέσῃ
2735 1488 2827 1544 τοῦ
2861 1491 3180 1553 ῑκπεσόντος
3205 1492 3301 1561 τῆς
3324 1491 3490 1556 δντως
3519 1483 3790 1561 ζωῆςηὲαὶ
3807 1492 3945 1565 λάϐῃ

2373 1581 2596 1647 δικαίως
2631 1583 2729 1655 τὴν
2783 1582 3059 1654 μακαρίαν
3097 1583 3415 1649 ἀθανασίαν,
3453 1585 3547 1638 καὶ
3579 1584 3810 1657 διαμένῃ
3841 1585 3948 1651 ζῶν

2373 1673 2551 1738 ινθεος
2575 1674 2652 1738 είς
2681 1677 2803 1739 τοὺς
2834 1675 3055 1740 αἰῶνας.

2445 1761 2555 1833 μγ’.
2586 1764 2749 1819 Οὑδὶν
2770 1765 3054 1837 ἀνθρώπου
3083 1771 3349 1838 κρεῖττον,
3371 1768 3511 1823 ὥστε
3540 1768 3943 1839 βουλεύσασθαι

2373 1856 2466 1908 καὶ
2498 1854 2726 1926 γνώμην
2777 1858 3136 1925 είσενεγκεῖν,
3190 1860 3284 1913 καὶ
3310 1859 3377 1912 δι’
3416 1860 3585 1932 αὑτῆς
3612 1860 3814 1928 γνῶναι
3853 1864 3945 1916 καὶ

2371 1946 2707 2018 πορίσασθαι
2743 1946 2802 2002 τὸ
2844 1953 3113 2003 συνοῖσον·
3146 1951 3306 2021 μόνον
3328 1951 3376 2005 εί
3417 1951 3674 2020 φυλάττει
3699 1952 3796 2023 τὴν
3819 1953 3945 2006 lau-

2369 2041 2460 2090 τοὺ
2487 2038 2660 2104 τάξιν,
2689 2041 2781 2094 καὶ
2802 2039 3058 2109 γινώσκει
3090 2041 3302 2104 έαυτδν,
3326 2041 3418 2096 καὶ
3445 2043 3535 2096 τὸν
3558 2043 3717 2112 μόνον
3747 2043 3946 2098 ἑαυτοῦ

2374 2130 2625 2198 κρείττω,
2669 2130 2762 2184 καὶ
2793 2132 2986 2202 τηροίη
3024 2131 3120 2200 μὲν
3166 2131 3200 2187 ἃ
3228 2134 3360 2203 παρ’
3399 2132 3609 2187 ἑκείνου
3648 2134 3810 2205 μάθοι
3851 2134 3950 2189 τοῦ

2370 2220 2701 2291 κρείττονος,
2727 2223 2804 2287 είς
2827 2223 2860 2277 ἀ
2886 2223 2941 2276 δι
2971 2222 3045 2294 μὴ
3076 2225 3205 2295 παρ’
3240 2223 3449 2278 ἑκείνου
3478 2225 3659 2295 μάθοι,
3702 2227 3945 2297 σύμϐουο

2369 2310 2458 2366 λον
2500 2315 2704 2368 ἐκεῖνον
2737 2316 2896 2385 μόνον
2931 2316 3462 2388 συμπαραλαμϐάνοι.
3509 2319 3799 2390 βουλεύων.
3839 2319 3950 2374 Καὶ

2369 2406 2416 2457 oi
2465 2404 2683 2473 ἄγγελοι
2732 2406 2860 2480 γάρ,
2893 2407 2941 2462 εί
3001 2409 3092 2462 καλ⁸
3122 2409 3260 2481 ὑπερ
3289 2411 3437 2481 ἡμᾶς
3498 2411 3606 2464 είσι
3635 2411 3734 2482 την
3765 2412 3945 2477 ἀξίαν,

2369 2494 2482 2549 ἀλλ’
2507 2496 2905 2568 ὑπηρετοῦνται
2935 2499 3027 2552 καὶ
3064 2492 3209 2554 οῦτοι
3242 2503 3351 2562 τοῖς
3392 2501 3530 2571 ὑπὲρ
3553 2502 3710 2572 ἡμῶν
3735 2503 3947 2556 ἐκείνου

2371 2589 2752 2660 βουλεύμασιν,
2806 2589 3266 2662 ἀποστελλόμενοι
3313 2590 3402 2646 διά
3450 2594 3578 2658 τοὺς
3646 2593 3944 2664 μέλλοντας

2369 2683 2724 2754 κληρονομεῖν
2753 2686 3056 2755 σωτηρίαν·
3103 2683 3304 2757 μᾶλλον
3341 2684 3395 2739 δι
3449 2684 3508 2738 οὑ
3537 2686 3761 2750 πάντες,
3806 2686 3947 2740 ἀλλά

2368 2774 2635 2828 κάκείνων
2655 2775 2702 2828 oi
2727 2774 2920 2844 ἀγαθοὶ
2941 2777 3035 2830 καὶ
3058 2774 3391 2846 φυλάξαντες
3412 2776 3510 2848 τὴν
3528 2775 3735 2831 έαυτῶν
3755 2777 3913 2845 τάξιν
3928 2793 3944 2810 ·

2369 2865 2545 2935 έχουσι
2579 2865 2686 2935 γὰρ
2733 2867 2972 2921 κάκεῖνοι
3025 2867 3174 2939 παρά
3220 2868 3357 2923 Θεοῦ
3421 2867 3566 2933 νοῦν,
3611 2868 3794 2939 λόγον,
3854 2871 3948 2924 καὶ

2371 2956 2602 3027 πνεῦμα,
2639 2960 2859 3030 συμφυῆ
2890 2958 2958 3013 τά
2989 2959 3111 3032 τρία
3152 2945 3323 3015 ταῦτα
3345 2976 3360 2992 ·
3399 2962 3494 3016 καὶ
3518 2960 3594 3033 τῷ
3622 2961 3948 3034 δημιουργῷ

2366 3046 2480 3118 Νῴ,
2515 3048 2610 3103 καὶ
2661 3049 2838 3122 Λόγῳ,
2873 3049 2969 3104 καὶ
2997 3050 3276 3122 [ινεὺματι
3333 3052 3458 3107 καθ’
3486 3054 3631 3124 ἡμᾶς
3671 3053 3950 3124 ὀφείλουσι

2366 3137 2688 3193 πείθεσθαι·
2732 3141 2836 3214 καὶ
2866 3140 3250 3196 πλεονεκτοῦσι
3288 3142 3386 3214 μεν
3421 3141 3575 3214 ἡμῶν
3603 3143 3662 3198 έν
3698 3143 3944 3210 πολλοῖς,

2357 3219 2478 3274 εστι
2501 3218 2557 3276 δι
2588 3219 2686 3290 ὑφ’
2720 3213 2795 3278 ὧν
2830 3224 2987 3297 ἡμῶν
3019 3226 3368 3296 ἀποδέουσιν,
3402 3213 3478 3296 di,-
3521 3231 3731 3303 έφημέν
3755 3248 3816 3300 γε
3848 3236 3952 3287 καὶ

696 3326 946 3402 λέξομεν,
982 3328 1119 3404 πρὸς
1150 3329 1211 3386 τδ
1237 3328 1410 3385 τελεῖν
1433 3321 1553 3380 κατ’
1586 3322 1772 3378 είκόνα
1809 3323 1905 3379 τοῦ
1939 3327 2266 3390 κτίσαντος·
2324 3328 2392 3384 δι’
2419 3327 2456 3384 δ.
2482 3328 2576 3383 καὶ
2618 3327 2820 3401 μᾶλλον
2859 3325 3088 3382 ὶκείνων
3147 3327 3309 3398 ἡμεῖς
3357 3327 3479 3383 κατ’
3529 3326 3716 3382 είκόνα
3773 3322 3944 3391 Θεοῦ,

702 3428 1026 3502 γεγόναμεν.
1589 3475 1595 3486 .

761 3509 850 3564 44.
875 3507 1132 3574 Quamvis
1181 3505 1354 3574 angeli
1401 3506 1468 3560 ad
1499 3503 1746 3561 Greateri
1782 3517 1878 3575 Pro
1905 3502 2111 3559 viribus
2160 3503 2266 3559 ml-

691 3601 1034 3656 nistraudum
1093 3597 1378 3654 constituti
1447 3596 1576 3664 sint,
1637 3606 1692 3653 et
1736 3596 2041 3653 obedieudo
2091 3596 2264 3651 solum

695 3688 974 3754 destinati,
1004 3687 1151 3744 haud
1208 3701 1339 3742 vero
1370 3685 1571 3742 addicti
1611 3684 1863 3758 regendis
1913 3686 2266 3742 interioribus

695 3781 830 3844 suis,
860 3778 961 3834 nisi
1001 3779 1065 3834 ad
1103 3779 1220 3834 liOC‘
1259 3778 1599 3833 mitterentur
1629 3775 1698 3832 ab
1729 3776 1974 3832 omnium
2003 3774 2267 3846 Domino;

701 3872 869 3926 Satan
902 3871 1169 3926 dominari
1204 3870 1434 3941 superbe
1464 3867 1736 3925 ali'uctavit
1772 3878 1963 3925 contra
1994 3868 2270 3925 Creatoris

698 3971 995 4026 decretum,
1027 3973 1079 4018 ct
1111 3978 1267 4017 suum
1306 3961 1551 4018 ordinem
1577 3977 1700 4019 cum
1734 3962 1942 4031 angelis
1982 3970 2270 4031 coaposta-

699 4057 768 4110 iis
830 4067 1228 4124 transgressus,
1283 4057 1481 4110 merito
1540 4056 1747 4124 eiectus
1777 4061 1865 4110 est
1918 4067 2116 4107 averte
2148 4053 2270 4106 vita:

700 4163 762 4201 ae
830 4147 962 4200 locis
1015 4151 1192 4210 ionte,
1242 4154 1294 4200 et
1352 4154 1579 4201 mortem
1640 4145 1810 4200 induit
1877 4144 2271 4214 caliginemque

699 4249 976 4292 atternatn.
1051 4239 1183 4302 Quia
1248 4247 1428 4291 autem
1494 4237 1657 4290 homo
1716 4250 1819 4290 non
1881 4236 1948 4289 ad
2012 4236 2270 4291 obedien-

700 4329 1015 4381 dummodo
1051 4335 1282 4383 statutus
1320 4337 1425 4392 est,
1457 4326 1550 4383 sed
1585 4328 1747 4381 etiam
1785 4324 1849 4380 ad
1897 4326 2271 4397 imperandum

701 4420 956 4474 oomihus
1003 4436 1121 4488 qua:
1171 4435 1334 4490 super
1364 4433 1507 4474 terra
1537 4429 1684 4484 sunt,
1721 4419 1919 4473 invidis
1949 4433 2072 4473 cum
2097 4420 2272 4474 oculis

701 4514 1004 4582 suspiciens
1071 4522 1256 4567 auctor
1317 4513 1462 4579 mali,
1530 4527 1744 4568 onmem
1805 4512 2029 4568 adhibet
2094 4521 2270 4568 artem
2306 4496 2349 4552 ι)

707 4615 764 4658 ιιι
818 4619 938 4656 eum
970 4615 1135 4672 regno
1173 4601 1468 4664 detrudat:
1499 4605 1640 4674 quod
1672 4604 1719 4658 vi
1754 4618 1861 4658 non
1895 4603 2103 4674 valens,
2135 4620 2271 4675 qna-

705 4707 864 4750 tenus
911 4694 1197 4763 impeditus
1264 4695 1331 4749 ab
1390 4698 1630 4750 omnium
1673 4694 1922 4760 Domino,
1965 4697 2054 4765 qui
2114 4699 2272 4753 ratioc

706 4787 883 4841 naietn
922 4797 1164 4839 naturam
1195 4787 1392 4840 ereavit
1429 4787 1650 4843 liberam
1692 4795 1744 4841 et
1781 4788 1863 4842 sui
1886 4788 2047 4859 juris,
2083 4788 2272 4846 dolose

707 4876 913 4932 homini
944 4877 1178 4946 suggerit
1208 4878 1427 4932 consilia
1450 4892 1568 4934 eum
1596 4894 1760 4950 regno
1777 4881 2097 4950 spoliatura,
2118 4882 2275 4952 eique

710 4971 893 5025 furtim
949 4970 1141 5025 suadet
1178 4977 1233 5024 ut
1280 4969 1534 5038 negligat,
1574 4981 1626 5025 et
1661 4987 1761 5041 pro
1819 4973 1989 5027 nihilo
2043 4983 2274 5043 reputet,

709 5078 764 5116 et
789 5072 1130 5134 aspernetur,
1194 5076 1291 5117 seu
1325 5063 1502 5132 potius
1559 5063 1887 5120 adversetur
1927 5075 1980 5121 et
2005 5078 2276 5136 oppugnet

711 5161 835 5207 data
876 5166 904 5206 a
937 5153 1219 5223 superiore
1249 5161 1522 5221 praecepta
1574 5163 1625 5206 et
1673 5152 1923 5219 consilia,
1953 5154 2024 5208 ita
2073 5167 2129 5210 ιιι
2157 5157 2274 5225 eius

711 5242 988 5298 rebellioni
1011 5241 1379 5309 consociatus,
1411 5243 1753 5297 consociatur
1779 5243 1943 5299 etiam
1977 5243 2092 5315 ejus
2114 5256 2274 5302 teter-

709 5353 789 5390 me
822 5335 1015 5407 caiigni
1042 5344 1094 5390 et
1128 5336 1304 5390 mut-ii.

776 5600 867 5656 43.
931 5601 1098 5656 I'orio
1154 5603 1390 5658 animam
1424 5603 1742 5660 rationalem
1793 5607 2079 5679 aliquando
2114 5612 2271 5670 mori.

777 5792 818 5826 "
843 5791 1002 5848 Hebr.
1038 5807 1074 5860 t,
1111 5791 1193 5846 Η.

2439 3521 2540 3596 μδ’.
2582 3520 2906 3591 ’Υπηρῑτεῖν
2934 3517 3257 3588 ὡρισμένων
3286 3514 3523 3577 δυνατῶς
3551 3513 3655 3566 τών
3688 3512 3940 3579 ἀγγέλων

2366 3613 2442 3682 τῷ
2473 3614 2748 3678 κτίσαντι,
2795 3610 2890 3665 καλ⁴
2950 3609 3111 3679 μόνον
3161 3608 3426 3678 ἄρχεσθαι
3476 3602 3941 3676 κληρωσαμένων,

2366 3709 2556 3780 ἄρχειν
2584 3707 2641 3761 δι
2667 3707 2776 3760 τῶν
2799 3705 2914 3776 μετ’
2944 3704 3141 3768 αὐτοὺς
3167 3703 3228 3756 οὑ
3266 3687 3594 3773 ταχθέντων,
3639 3699 3688 3752 εί
3720 3699 3796 3768 μὴ
3836 3697 3949 3766 ἄρα

2369 3799 2665 3869 πεμφθεῖεν
2688 3799 2768 3861 είς
2792 3795 2952 3851 τοῦτο
2980 3795 3130 3862 παρά
3155 3792 3248 3847 τοῦ
3274 3791 3601 3862 κρατοῦντος
3627 3790 3737 3843 τῶν
3767 3789 3906 3843 ὅλων
3926 3803 3945 3824 ο

2369 3892 2396 3943 ὁ
2451 3890 2623 3943 Σατᾶν
2695 3891 2883 3958 ἄρχειν
2961 3884 3309 3955 ἐπεθύμησεν
3369 3883 3735 3953 ὑπερηφάνως
3796 3883 3949 3952 παρά

2370 3983 2603 4052 γνώμην
2643 3979 2734 4035 τοῦ
2776 3979 3092 4040 κτίσαντος·
3128 3977 3221 4030 καῖ⁵
3255 3975 3352 4046 τὴν
3389 3973 3587 4029 εαυτοῦ
3615 3973 3771 4037 τάξιν
3811 3972 3952 4041 μετὰ

2371 4075 2479 4127 τῶν
2513 4070 2930 4125 συναπστατῶν
2957 4068 3205 4136 ἀγγέλων
3254 4064 3558 4130 ἀπολιπὼν,
3604 4064 3949 4133 ἑγκαταλιμ-

2375 4168 2604 4220 πάνεται
2628 4163 2851 4226 δικαίως
2888 4166 3038 4232 παρα
3062 4162 3158 4230 τῆς
3187 4160 3356 4224 ὅντως
3384 4159 3622 4228 ζωτικῆς
3649 4161 3743 4212 καὶ
3781 4176 3951 4227 φωτι-

2375 4257 2569 4325 στικῆς
2604 4256 2817 4324 πηγῆς·
2845 4254 2939 4306 καὶ
2960 4252 3186 4306 θάνατον
3214 4250 3478 4314 ἐνδύεται,
3507 4252 3600 4304 καὶ⁸
3635 4251 3799 4318 ζόφον
3822 4253 3954 4304 αἰώ-

2375 4369 2504 4407 νιον.
2555 4351 2705 4402 Ἐπεὶ
2760 4348 2814 4401 δὲ
2873 4348 2900 4401 ό
2933 4346 3238 4416 ἄνθρωπος,
3275 4344 3374 4398 οὑκ
3433 4343 3696 4414 ἄρχεσθαι
3763 4345 3950 4412 μόνον,

2374 4444 2510 4496 ἀλλά
2543 4442 2637 4496 καὶ
2667 4444 2853 4512 ἄρχειν
2911 4437 3170 4492 τέτακται
3227 4436 3338 4489 τῶν
3391 4435 3485 4488 ἰπὶ
3514 4436 3616 4504 γῆς
3651 4436 3949 4488 ἁπάντων·

2377 4535 2667 4608 βασκάνοις
2727 4531 2936 4601 δμμασι
2980 4527 3166 4582 τοῦτον
3224 4525 3493 4597 προσιδὼν
3552 4527 3580 4578 ὸ
3615 4525 3950 4595 ἁρχέκακος,

2376 4630 2522 4696 πάσῃ
2559 4625 2771 4696 μηχανῇ
2806 4624 3025 4694 χρῆται,
3078 4619 3267 4673 τοῦτον
3295 4617 3394 4686 τῆς
3447 4617 3619 4688 ἀρχῆς
3665 4615 3952 4669 καθελεῖν·

2378 4720 2469 4790 βία
2497 4717 2552 4770 δι
2579 4718 2680 4770 οὑκ
2711 4716 2869 4785 ἔχων,
2900 4714 2995 4768 ἆτε
3027 4711 3367 4782 κωλυόμενος
3401 4710 3552 4781 παρά
3603 4706 3698 4760 τοῦ
3735 4711 3955 4762 πάντων

2376 4810 2722 4881 κρατοῦντος,
2740 4807 2794 4870 δς
2819 4806 2912 4877 τὴν
2934 4804 3153 4876 λογικὴν
3177 4801 3334 4872 φύσιν
3355 4798 3785 4869 ὶδημιούργησεν
3806 4799 3955 4852 nsti-

2377 4902 2532 4972 θερόν
2567 4917 2624 4954 τε
2662 4900 2755 4953 καὶ
2788 4895 3155 4960 αὐτεξούσιον,
3194 4897 3290 4949 σὺν
3347 4892 3480 4957 δόλῳ
3535 4893 3807 4961 προσάγει
3857 4893 3954 4960 τὴν

2377 4993 2818 5063 καθαιρήσουσαν
2867 4989 2967 5057 τῆς
2998 4986 3169 5058 ἀρχῆς
3205 4983 3535 5052 συμϐουλὴν,
3579 4983 3671 5034 καὶ
3705 4982 3954 5045 κλέπτει,

2380 5081 2577 5154 μᾶλλον
2607 5082 2660 5133 δὲ
2688 5081 2858 5132 πείθει
2888 5080 3011 5140 τοὺς
3042 5075 3366 5146 ἀνθρώπους
3399 5073 3661 5143 περιιδεῖν
3718 5071 3820 5141 μιν
3861 5076 3956 5125 και

2376 5176 2507 5245 παρ’
2526 5173 2676 5228 οὐδὲν
2712 5172 2897 5226 θέσθαι
2934 5170 3028 5223 καὶ
3058 5168 3342 5237 ἀθετῆσαι,
3373 5165 3572 5236 μᾶλλον
3590 5165 3645 5218 δι
3681 5164 3776 5218 καὶ
3807 5168 3957 5218 ἀντι-

2377 5265 2660 5330 τάξασθαι,
2692 5264 2785 5317 καὶ
2817 5261 3076 5315 τάναντία
3109 5258 3312 5329 πρᾶξαι
3340 5258 3434 5327 τῆς
3470 5259 3620 5327 παρά
3647 5256 3740 5308 τοῦ
3764 5259 3952 5326 κρείτο

2376 5373 2526 5420 τονος
2548 5354 2838 5424 δεδομένης
2871 5351 3088 5420 ιντολῆς
3122 5365 3179 5402 τε
3225 5350 3320 5402 καὶ
3374 5345 3707 5417 συμϐουλῆς,
3753 5348 3850 5399 καὶ
3881 5345 3952 5406 ὡς

2377 5448 2782 5517 κοινωνήσαντα
2829 5442 2927 5514 τῆς
2958 5441 3317 5503 ἀποστασίας,
3344 5424 3680 5508 ’κοινωνῆσαι
3733 5435 3830 5490 καὶ
3866 5431 3952 5489 :26

2380 5541 2500 5596 καθ’
2531 5539 2725 5594 ἑαυτὸν
2749 5538 2967 5594 αίωνίου
3001 5534 3190 5606 ζόφου,
3225 5534 3320 5588 καὶ
3349 5533 3446 5604 τῆς
3480 5529 3828 5603 νεκρώσεως.

2440 5629 2544 5694 με’.
2581 5629 2702 5681 Ὀτι
2737 5626 2793 5680 δι
2829 5628 2920 5680 καὶ
2949 5629 2980 5697 ἡ
3012 5631 3202 5699 λογικῇ
3239 5629 3384 5701 ψυχὴ
3411 5631 3556 5684 ἐστιν
3586 5629 3661 5695 ώς
3722 5632 3946 5706 νεκροῦ-
