4246 6464
286 385 431 456 1153

1210 396 1481 456 CAPI'I'A
1532 395 1873 465 PIIYSICA,
1914 396 2427 465 THEOLOGICA,
2470 401 2631 463 ETC.

3406 404 3541 471 1154

285 503 400 549 ταιο
435 486 608 538 καίτοι
669 486 814 557 ζωὴν
849 486 1044 556 ἔχουσα
1093 492 1152 541 τὸ
1182 490 1342 553 εἶναι,
1380 494 1584 554 Παῦλος
1615 496 1643 545 6
1692 494 1861 562 μέγας

1979 505 2091 558 licet
2138 509 2301 560 vitam
2364 509 2732 563 essentialiter
2788 508 3010 575 habeat,
3076 526 3303 579 magnus
3338 517 3540 572 Paulus

284 579 433 645 ἡμᾶς
470 578 672 643 ἐδίδαξε
704 581 966 649 γράφων·
1015 600 1031 631 ι
1060 582 1119 633 ’ll
1161 584 1487 636 σπαταλῶσα
1525 588 1666 655 χήρα
1716 586 1863 647 ζῶσα

282 668 570 732 τέθνηκεν.
619 687 635 718 ι
685 668 952 737 Εξρῆσθαι
982 670 1079 739 μὲν
1099 667 1192 724 οὖν
1220 674 1412 742 ἐκείνῳ
1442 674 1599 725 τοῦτο
1628 676 1866 743 καὶπερὶ

281 757 377 808 τοῦ
410 760 777 829 προκειμένου
811 762 903 812 νῦν
928 763 1026 829 τῆς
1060 762 1285 833 λογικῆς
1317 765 1556 833 δηλονότι
1581 764 1780 833 ψυχῆς,
1804 766 1862 816 0'3

280 849 466 917 χεῖρον
502 848 566 900 ἂν
601 852 777 901 εἰπεῖν
815 853 935 919 εἴη⁸
992 854 1023 921 ἡ
1060 855 1167 921 γάρ
1192 856 1531 924 ἐστερημένη
1579 855 1672 907 τοῦ
1706 872 1867 907 πνευ-

286 940 523 1007 ματικοῦ
588 943 825 1010 νυμφίου
884 944 1051 1013 ψυχὴ,
1090 947 1137 995 εί
1183 945 1256 1015 μὴ
1305 946 1710 1016 συνεσταλμένη
1774 946 1868 998 καὶ

287 1027 561 1083 πενθοῦσα
595 1035 701 1101 εἴη,
766 1035 859 1085 καὶ
893 1036 984 1085 τὸν
1021 1037 1207 1086 στενὸν
1241 1038 1331 1087 καὶ
1363 1035 1721 1105 τεθλιμμένον
1753 1039 1867 1107 βίον

279 1123 377 1189 τῆς
413 1125 706 1185 μετανοίας
759 1125 1022 1191 ἁνύουσα,
1059 1127 1193 1179 ἀλλά
1237 1128 1584 1198 διαχεομένη,
1628 1133 1721 1182 καὶ
1751 1135 1868 1194 ταῖς

278 1213 501 1281 ἡδοναῖς
534 1215 747 1285 ἑαυτὴν
776 1218 995 1284 ἐφιείσα
1030 1219 1123 1270 καὶ⁵
1158 1220 1489 1272 σπαταλῶσα
1516 1259 1530 1285 ,
1567 1221 1714 1283 ζῶσα
1751 1222 1867 1291 (καὶ

281 1304 393 1373 γὰρ
422 1306 540 1358 κατ’
569 1307 759 1357 οὐσίαν
788 1308 936 1357 ἐστὶν
971 1308 1259 1377 ἀθάνατος)
1293 1312 1520 1379 τεονηκε
1547 1328 1558 1339 ·
1610 1314 1700 1361 καὶ
1758 1311 1868 1379 γάρ

282 1398 406 1445 ἐστι
434 1395 657 1464 δεκτικὴ
689 1398 921 1450 Θανάτου
963 1399 1053 1450 τοῦ
1086 1402 1348 1469 χείρονος,
1379 1403 1567 1471 ὥσπερ
1604 1404 1691 1452 καὶ
1724 1405 1868 1473 ζωῆς

282 1487 383 1555 τῆς
418 1489 721 1554 ἀμείνονος.
757 1492 816 1541 Εἰ
851 1492 1019 1543 δὲκαὶ
1054 1494 1225 1561 χήραν
1262 1494 1410 1561 λέγει
1442 1495 1537 1564 τὴν
1569 1496 1860 1564 ἐστερημέ-

281 1591 384 1642 νην
419 1579 512 1626 τοῦ
569 1580 884 1646 σωματικοῦ
918 1583 1173 1648 νυμφίου,
1227 1583 1557 1634 σπαταλῶσα
1596 1587 1689 1635 καὶ
1719 1587 1869 1645 ζῶσα

282 1668 427 1718 κατά
477 1669 656 1736 σῶμα,
714 1671 929 1733 πάντως
979 1673 1228 1742 τέθνηκε,
1270 1675 1425 1743 φησι,
1478 1680 1616 1729 κατὰ
1668 1678 1866 1746 ψυχήν.

294 1758 450 1809 Ἐπεὶ
485 1761 578 1811 καὶ
610 1760 845 1831 ἀλλαχοῦ
878 1780 1047 1831 φησιν
1077 1768 1103 1816 6
1132 1767 1315 1831 αὐτὸς,
1354 1769 1433 1818 ὅτι
1459 1769 1701 1836 Νεκροὺς
1727 1771 1869 1838 ἡμᾶς

280 1850 445 1912 ὄντας
472 1853 582 1912 τοῖς
603 1854 1039 1923 παραπτώμασι,
1068 1857 1500 1929 συνεζωοποίησε
1528 1862 1601 1929 τῴ
1626 1862 1866 1930 Χριστῷ.
1895 1852 1930 1903 Β

280 1943 347 1993 Τί
383 1944 440 1994 δὲ
493 1944 521 1995 6
554 1944 745 2009 εἰπὼν,
774 1948 957 1998 Ἔστιν
1001 1949 1244 2017 ἁμαρτία
1277 1952 1407 2019 πρὸς
1437 1952 1706 2017 Οάνατονς
1733 1952 1869 2005 ἀλλὰ

282 2035 383 2087 καὶ
413 2037 441 2087 6
477 2038 703 2106 Κύριος,
734 2041 952 2106 ἀφεῖναι
1000 2058 1106 2093 τινι
1156 2044 1461 2112 προστάξας
1489 2046 1613 2106 τοὺς
1642 2048 1868 2115 νεκροὺς

281 2128 512 2181 θάπτειν
565 2132 688 2190 τοὺς
741 2135 993 2204 νεκροὺς,
1048 2136 1173 2197 τοὺς
1204 2139 1569 2203 ἐνταφιαστάς
1632 2139 1870 2202 ἐκείνους

281 2222 427 2271 κατὰ
478 2220 640 2290 σῶμα
672 2221 909 2291 ζῶντας,
962 2228 1189 2299 νεκροὺς
1226 2227 1466 2293 πάντως,
1528 2230 1667 2282 κατὰ
1694 2230 1869 2301 ψυχὴν

281 2311 630 2378 απεφήνατο.

362 2408 481 2469 μς.
521 2403 921 2471 Ἐκστήσαντες
950 2406 1169 2470 ἑκόντες
1226 2410 1447 2471 ἑαυτοὺς
1476 2412 1524 2461 οἱ
1559 2411 1649 2463 τοῦ
1682 2414 1870 2479 γένους

282 2495 637 2562 προπάτορες
669 2496 767 2564 τῆς
797 2496 890 2549 τοῦ
930 2498 1068 2552 Θεοῦ
1104 2502 1323 2571 μνήμης
1360 2506 1453 2555 καὶ
1490 2504 1744 2575 Θεωρίας,
1778 2506 1871 2557 καὶ

280 2586 388 2652 τῆς
422 2588 636 2639 ὲκεῖθεν
662 2589 877 2658 ἐντολῆς
914 2591 1305 2662 ἀλογήσαντες,
1333 2596 1425 2647 καί
1456 2595 1533 2664 τῷ
1573 2597 1750 2664 νεκρῴ
1779 2596 1871 2647 τοῦ

284 2678 469 2730 Σατᾶν
507 2680 911 2750 ὁμονοήσαντες
940 2688 1235 2754 πνεύματι,
1298 2690 1390 2739 καὶ
1432 2688 1524 2739 τοῦ
1560 2692 1868 2757 ἀπηγορευ-

284 2770 456 2837 μένου
491 2769 647 2833 ξᾶλου
670 2775 938 2839 φαγόντες
978 2778 1129 2845 παρὰ
1184 2778 1412 2847 γνώμην
1444 2779 1532 2829 τοῦ
1566 2782 1868 2841 κτίσαντος,

279 2861 670 2929 γυμνωθέντες
705 2865 814 2915 τῶν
864 2868 927 2917 ἐκ
954 2866 1051 2934 τῆς
1104 2868 1311 2920 ἄνωθεν
1357 2870 1547 2937 αἴγλης
1596 2872 1871 2937 φωτεινῶν

283 2956 385 3004 καὶ
418 2954 667 3015 ζωτικῶν
696 2958 1037 3026 ἐνδυμάτων,
1070 2963 1276 3027 νεκροὶ,
1315 2964 1447 3029 φεῦί
1478 2963 1549 3022 ὠς
1602 2967 1627 3016 ὁ
1673 2965 1869 3029 Σατᾶν,

281 3046 384 3097 καὶ
416 3047 570 3099 αὐτοὶ
603 3051 745 3099 κατὰ
777 3050 991 3119 πνεῦμα
1011 3052 1319 3117 γεγόνασιν.
1364 3055 1514 3105 Ἐπεὶ.
1542 3056 1596 3107 δὲ
1621 3058 1647 3107 ὁ
1676 3057 1871 3116 Σατᾶν,

1964 612 2062 650 nos
2112 598 2295 654 docuit
2324 602 2614 655 scribens:
2657 622 2673 653 ι
2720 602 2893 657 Vidua
2951 618 3074 672 quae
3130 604 3181 657 in
3215 605 3427 661 deliciis
3455 622 3538 663 εει

1964 691 2170 755 vivens,
2202 702 2410 745 mortua
2443 703 2526 746 est
2555 694 2618 746 ²⁰.
2656 713 2673 746 ι
2722 694 2777 748 ld
2835 704 3013 748 autem
3046 696 3237 751 abillo
3284 712 3407 753 esse
3458 700 3541 754 di-

1962 795 2111 836 etum
2144 784 2209 835 de
2246 800 2304 838 re
2331 787 2488 840 nobis
2547 802 2694 841 nunc
2724 789 3022 857 proposita,
3070 790 3138 844 de
3185 790 3366 844 anima
3397 792 3542 845 scili-

1962 886 2047 927 cet
2081 877 2351 938 rationali.
2390 894 2492 931 non
2524 878 2661 933 male
2718 892 3060 936 assereretur
3096 897 3111 937 :
3146 882 3362 936 viduata
3394 884 3537 937 enim

1963 968 2234 1033 spirituali
2266 983 2465 1036 sponso
2497 973 2704 1035 anima,
2732 972 2775 1025 si
2812 988 2917 1026 non
2948 975 3108 1027 anxia
3141 974 3214 1028 sit
3243 985 3297 1029 et
3325 977 3540 1039 lugens,

1963 1070 2015 1113 et
2063 1070 2270 1112 arctam
2338 1060 2706 1131 aﬂlictanique
2751 1065 2908 1132 degat
2949 1067 3285 1133 paenitentiae
3347 1070 3539 1132 vitam,

1964 1151 2053 1203 sed
2091 1150 2296 1204 diffluat
2332 1153 2703 1221 voluptatibus
2730 1166 2783 1207 et
2815 1156 3091 1225 indulgeat
3115 1158 3340 1224 deliciis,
3369 1175 3539 1227 quan-

1962 1260 2121 1311 quam
2178 1245 2387 1307 vivens,
2410 1256 2590 1312 utpote
2620 1262 2714 1313 per
2747 1250 3035 1301 essentiam
3066 1259 3148 1303 est
3189 1249 3534 1312 immortalis,

1966 1346 2174 1387 mortua
2211 1346 2389 1389 tamen
2432 1347 2511 1389 est
2542 1355 2556 1392 :
2590 1340 2791 1406 quippe
2844 1354 3013 1406 capax
3046 1351 3128 1393 est
3172 1342 3381 1401 mortis,
3420 1356 3537 1408 qua:

1962 1436 2045 1481 est
2095 1429 2318 1491 malum,
2385 1429 2463 1481 vel
2526 1432 2668 1491 vitro,
2713 1447 2833 1496 qua;
2867 1441 2951 1484 est
2997 1432 3218 1484 bonum.
3266 1431 3322 1485 Si
3358 1442 3540 1485 autem

1965 1520 2052 1572 ille
2107 1521 2345 1589 loquitur
2403 1522 2470 1575 de
2523 1523 2681 1576 vidua
2719 1525 2989 1591 corporali
3045 1524 3275 1593 conjuge
3323 1525 3539 1586 orbata,

1963 1612 2042 1664 sic
2065 1612 2443 1680 intelligendus
2494 1622 2624 1667 est:
2670 1629 2789 1681 quae
2852 1615 2901 1667 in
2938 1614 3150 1669 deliciis
3174 1624 3276 1677 est,
3316 1614 3417 1667 etsi
3462 1615 3541 1666 vi-

1965 1719 2097 1756 vens
2153 1720 2403 1772 corpore,
2464 1721 2689 1773 prorsus
2754 1717 2963 1759 mortua
3023 1718 3107 1761 est
3163 1708 3367 1760 anima.
3406 1706 3537 1760 Nam

1964 1797 2103 1848 idem
2142 1797 2267 1849 alibi
2308 1798 2484 1849 dicit:
2529 1815 2546 1847 ι
2576 1798 2710 1851 Cum
2742 1813 2991 1851 essemus
3036 1800 3226 1851 mortui
3281 1800 3539 1867 peccatis,

1964 1887 2362 1940 convivil‘tcavit
2397 1904 2493 1942 nos
2549 1890 2600 1941 in
2651 1889 2872 1941 Christo
2900 1890 2964 1944 ¹¹.
3012 1908 3031 1941 ι
3066 1889 3191 1942 Item
3224 1891 3314 1955 qtti
3355 1892 3489 1942 dixit
3520 1905 3539 1945 :

1969 1998 1985 2028 ι
2033 1978 2119 2031 Est
2163 1990 2438 2046 peceatum
2488 1981 2552 2031 ad
2602 1992 2828 2035 morteut
2896 1982 2965 2035 “.
3029 2000 3046 2032 ι
3114 1982 3235 2050 Ipse
3281 1982 3544 2035 Dominus

1962 2076 2174 2123 cuidam
2216 2073 2535 2139 praecipiens
2574 2082 2629 2123 ut
2664 2074 2958 2125 dimitteret
3006 2083 3247 2127 mortuos
3305 2072 3540 2140 sepelire

1970 2180 2212 2220 mortuos
2238 2181 2390 2231 suos,
2427 2166 2729 2236 sepultores
2759 2169 2881 2222 illos
2907 2182 3136 2236 corpore
3153 2167 3397 2223 viventes
3419 2181 3542 2223 esse

1968 2274 2189 2326 prorsus
2231 2266 2478 2311 tricirtuos
2508 2257 2691 2310 anima
2720 2255 3133 2311 demonstravit.

2047 2403 2137 2459 46.
2173 2402 2273 2461 Ubi
2339 2405 2482 2457 ultro
2526 2406 2852 2458 destiterunt
2907 2406 3129 2458 latiniani
3171 2407 3386 2473 generis
3434 2420 3556 2471 pro-

1975 2498 2059 2548 avi
2108 2513 2134 2548 a
2192 2496 2280 2550 Dei
2338 2498 2599 2553 memoria
2685 2508 2734 2553 et
2798 2499 3283 2564 contemplatione,
3327 2498 3555 2565 ejusque

1977 2590 2286 2641 mandatum
2320 2602 2664 2657 spreverunt,
2694 2600 2747 2644 el
2790 2602 3003 2645 mortuo
3049 2591 3269 2645 Salaria:
3323 2606 3554 2645 consen-

1975 2690 2167 2733 SeIUnt
2227 2680 2464 2747 spiritui,
2519 2696 2582 2734 ac
2635 2683 2700 2735 de
2744 2682 2922 2735 fructu
2986 2682 3155 2735 vetito
3203 2679 3558 2737 comederunt

1975 2783 2161 2824 contra
2204 2770 2482 2826 Creatoris
2534 2782 2823 2830 statutum.
2881 2774 3065 2827 nudati
3128 2774 3435 2841 splendoris
3463 2788 3557 2827 su-

1976 2864 2142 2929 premi
2184 2864 2375 2917 lucidis
2426 2874 2481 2917 et
2531 2864 2785 2917 vitalibus
2847 2864 3202 2924 indumentis.
3237 2873 3291 2917 et
3340 2860 3557 2917 Satanzn

1978 2955 2147 3007 instar
2199 2966 2253 3007 ct
2310 2956 2432 3022 ipsi,
2486 2955 2620 3008 lien!
2669 2957 2860 3024 spiritu
2896 2957 3092 3009 mortui
3141 2965 3290 3010 sunt.
3326 2958 3397 3007 At
3428 2958 3555 3024 quia

1977 3046 2213 3099 Satanas
2274 3062 2381 3100 non
2434 3059 2679 3100 mortuus
2734 3048 2907 3101 solum
2940 3059 3022 3099 est
3082 3048 3329 3116 spiritus,
3366 3046 3458 3101 sed
3504 3058 3559 3100 et

280 3137 344 3186 οὐ
377 3139 575 3206 νεκρόν
608 3141 725 3189 ἐστι
759 3140 979 3207 πνεῦμα
1008 3143 1190 3209 μόνον,
1220 3144 1357 3194 ἀλλά
1381 3147 1470 3195 καὶ
1502 3146 1729 3214 νεκροῦν
1750 3148 1872 3210 τοὺς

1979 3140 2136 3190 morti
2169 3140 2306 3192 dans
2338 3140 2403 3191 ad
2461 3154 2517 3193 se
2550 3144 2900 3204 accedentes,
2932 3142 3089 3193 iSlitts
3123 3152 3301 3193 autem
3336 3141 3557 3208 partici-

286 3226 635 3293 ἐγγίζοντας,
665 3232 775 3291 τοῖς
809 3230 864 3283 δὲ
903 3233 1235 3300 μετασχοῦσι
1265 3234 1363 3301 τῆς
1426 3235 1631 3287 ἐκείνου
1667 3237 1871 3305 νεκρω-

287 3334 433 3379 σεως
456 3320 547 3370 καὶ
582 3321 740 3387 σῶμα
770 3325 972 3392 παρῆν,
1006 3322 1073 3374 δι’
1099 3320 1159 3377 οὗ
1189 3325 1280 3376 καὶ
1315 3342 1435 3376 συνε
1449 3327 1687 3395 περάνθη
1735 3329 1872 3397 πρὸς

288 3412 459 3481 ἔργον
482 3411 711 3465 ἐλθοῦσα
739 3415 771 3481 ἡ
810 3414 1129 3482 νεκροποιδς
1172 3414 1477 3485 συμϐουλὴ,
1507 3419 1872 3485 μεταδιδόασι,

288 3501 436 3569 φεῦῑ
472 3504 567 3555 κα)⁵
602 3506 712 3565 τοῖς
737 3505 958 3566 οἰκείοις
984 3505 1222 3575 σώμασι,
1264 3510 1333 3558 τὰ
1364 3509 1534 3577 νεκρά
1565 3510 1657 3561 καὶ
1692 3526 1878 3579 νεκρο-

284 3594 426 3645 ποιὰ
455 3595 640 3645 ἐκεῖνα
668 3594 961 3664 πνεύματα
991 3599 1089 3662 τῆς
1131 3600 1472 3669 νεκρώσεως,
1510 3599 1610 3649 κᾶν
1656 3598 1875 3666 διελύθη

285 3686 552 3753 παραυτά
574 3688 709 3755 πρὸς
739 3692 843 3757 γῆν
863 3688 1196 3757 ἐπιστρέψαι)
1214 3688 1337 3740 ὅθεν
1359 3689 1566 3759 ἐλιζφθη
1595 3689 1653 3741 τὸ
1676 3690 1770 3741 ἀνθ
1782 3689 1878 3758 ρώ-

286 3796 451 3831 πινον
483 3778 643 3847 σῶμα
665 3793 680 3808 ⁸
720 3782 768 3832 εἰ
796 3781 871 3848 μὴ
900 3782 1233 3851 προμηθείᾳ,
1272 3783 1365 3833 καὶ
1400 3781 1625 3849 δυνάμει
1656 3780 1876 3850 συνεχό-

286 3888 459 3942 μενον
497 3871 790 3941 κρείττονι,
822 3875 919 3941 τὴν
958 3873 1236 3939 ἀπόφασιν
1266 3873 1584 3942 ἐκαρτέρει·
1631 3871 1724 3923 τοῦ
1782 3872 1877 3941 ῥή-

291 3981 431 4034 ματι
470 3967 618 4034 μόνῳ
666 3965 735 4016 τὰ
765 3967 942 4016 πάντα
980 3963 1269 4032 φέροντος·
1310 3960 1377 4033 ἧς
1401 3964 1569 4033 χωρὶς
1600 3963 1750 4015 οὐδὲν
1784 3966 1877 4015 ἐκ-

283 4058 532 4108 τελείται
563 4056 671 4107 τῶν
699 4055 1057 4124 τελουμένων.
1102 4054 1427 4122 Ἐκφέρεται
1461 4054 1502 4105 δ’
1560 4052 1743 4119 ἐκείνη
1781 4054 1878 4105 σὺν

283 4149 419 4216 δίκῃ
456 4148 715 4204 πάντοτε.
741 4147 959 4209 Δίκαιος
988 4149 1094 4219 γὰρ
1116 4151 1143 4199 ὁ
1182 4148 1407 4213 Κύριος,
1449 4147 1588 4197 κατὰ
1622 4147 1709 4197 τὸν
1735 4146 1877 4197 Οείον

282 4239 603 4306 Ψαλμῳδδν
634 4241 829 4299 εἰπεῖν,
863 4240 957 4290 καὶ
990 4239 1337 4299 δικαιοσύνας
1370 4240 1678 4306 ἠγάπησεν.

370 4326 481 4397 μετ’.
532 4329 591 4379 ’0
620 4330 750 4390 Θεὸς
782 4329 1013 4381 θάνατον
1055 4332 1155 4382 οὑκ
1190 4331 1433 4400 ἐποίησε,
1473 4332 1613 4382 κατά
1666 4331 1728 4381 τὸ
1783 4347 1877 4399 γε·

284 4421 620 4490 γραμμένον
643 4435 655 4448 ⁸
696 4421 833 4472 ἀλλὰ
862 4424 953 4473 καὶ
980 4423 1231 4489 γενέσθαι
1256 4424 1441 4475 τοῦτον
1471 4424 1765 4487 ἐκώλυσεν,
1796 4426 1880 4493 ἐφ’

1981 3230 2137 3298 pibus
2172 3232 2332 3283 etiam
2360 3246 2557 3298 corpus
2590 3233 2761 3284 iuerat
2807 3246 2901 3300 per
2965 3234 3106 3298 quod
3176 3241 3557 3285 consummata

1976 3330 2054 3373 csl
2084 3332 2140 3373 et
2189 3322 2347 3374 ducta
2392 3322 2458 3374 ad
2513 3338 2649 3388 opus
2698 3316 2973 3376 mortifera
3027 3324 3236 3384 suasio,
3302 3333 3553 3387 mortem,

1980 3411 2120 3465 lieni
2153 3413 2401 3477 ipsismet
2439 3414 2759 3481 corporibus
2814 3415 2891 3467 illi
2956 3416 3152 3466 mortui
3187 3424 3242 3469 et
3290 3413 3555 3468 mortiferi

1986 3504 2207 3570 spiritus
2258 3508 2819 3572 communicaverunt,
2878 3516 2929 3558 et
2989 3507 3171 3560 statim
3231 3508 3556 3563 dissolutum

1982 3597 2233 3650 rediissct
2287 3598 2339 3649 in
2409 3608 2607 3650 terram
2662 3599 2803 3650 unde
2866 3610 3199 3666 assumptum
3248 3610 3334 3652 est
3369 3599 3560 3652 huma-

1980 3703 2105 3740 num
2158 3702 2375 3755 corpus.
2398 3687 2442 3740 si
2507 3704 2610 3739 non
2680 3689 3015 3757 providentia
3058 3698 3112 3741 et
3166 3688 3407 3756 potentia
3464 3687 3557 3742 Dei

1977 3780 2164 3847 optimi
2194 3787 2595 3842 conservatum,
2616 3779 2732 3847 ejus
2754 3779 2843 3848 qui
2869 3780 3043 3833 omnia
3060 3796 3165 3834 uno
3191 3781 3353 3835 verbo
3371 3780 3558 3843 saltm,

1982 3875 2307 3927 sententiam
2341 3874 2707 3940 opperiretur,
2753 3874 2874 3925 sine
2930 3888 3033 3942 qua
3072 3873 3206 3926 nihil
3253 3875 3311 3926 lit
3366 3887 3557 3927 eorum

1981 3977 2100 4030 qua:
2155 3966 2309 4023 liunt,
2363 3973 2415 4015 et
2450 3978 2569 4031 quae
2632 3962 2807 4015 fertur
2842 3962 2989 4031 joste
3044 3978 3286 4030 semper,
3322 3977 3558 4030 namque

1977 4055 2127 4123 juxta
2162 4056 2341 4107 divum
2374 4052 2712 4108 Psalmistam
2744 4054 2793 4085 "
2826 4070 2839 4106 :
2887 4071 2906 4104 ι
2944 4052 3128 4107 Justus
3182 4052 3466 4121 Dominus,
3506 4063 3560 4109 ei

1977 4145 2221 4215 justiiias
2256 4144 2465 4198 dilexit.
2511 4164 2529 4195 ι

2053 4328 2143 4380 47.
2178 4325 2316 4378 Deus
2353 4335 2578 4377 mortem
2615 4339 2720 4377 non
2774 4323 2920 4386 fecit,
2971 4334 3026 4376 ut
3058 4325 3324 4391 scriptum
3381 4336 3462 4378 est
3488 4325 3558 4388 ",

1982 4419 2074 4470 sed
2101 4418 2228 4485 quin
2265 4416 2412 4468 lieret
2446 4415 2708 4480 impediit,
2741 4423 3003 4482 quantum
3062 4418 3343 4480 oportebat
3374 4424 3426 4468 et
3474 4416 3561 4479 Iu-

285 4518 425 4566 ὅσον
459 4513 649 4582 ἐχρῆν,
684 4514 777 4564 καὶ
812 4514 949 4581 μετὰ
972 4513 1317 4583 δικαιοσύνης
1347 4515 1471 4583 ἐξῆν
1497 4514 1726 4566 κωλύειν
1758 4514 1881 4578 τοὺς

1984 4510 2133 4563 stitia
2163 4508 2355 4560 licebat
2389 4507 2653 4573 impedire
2695 4506 2890 4558 liberos
2919 4508 2985 4556 ab
3026 4504 3143 4573 ipso
3201 4507 3392 4558 factos.
3425 4504 3561 4558 Nam

287 4603 683 4667 αὑτεξουσίους
742 4606 873 4673 παρ’
919 4604 1085 4656 αὑτοῦ
1137 4607 1449 4672 γεγονότας.
1479 4607 1881 4676 Προεισήνεγκε

286 4699 407 4768 γάρ
442 4697 637 4766 βουλὴν
691 4695 1231 4759 ἀπαθανατίζουσαν,
1262 4698 1354 4747 καὶ
1402 4698 1881 4766 προασφαλιζὸμε-

288 4808 387 4842 so:
441 4788 581 4855 ἄγαν
611 4790 710 4856 τὴν
735 4786 1000 4850 ζωοποιὸν
1026 4788 1357 4857 συμϐουλὴν,
1388 4788 1595 4840 οἰκείαν
1626 4791 1883 4858 ἐποίησεν

286 4882 557 4951 ἐντολήν
591 4884 685 4934 καὶ
730 4882 1106 4949 προηγόρευσε
1149 4882 1401 4949 φανερῶς
1451 4883 1544 4933 καὶ
1596 4881 1882 4953 ἠπείλησε,

289 4975 530 5025 Οάνατον
588 4969 729 5025 εἶναι
762 4974 1170 5039 διατεινάμενος
1214 4972 1313 5040 τῆς
1378 4972 1624 5042 ζωούσης
1665 4974 1885 5042 ἐντολῆς

288 5067 400 5133 τὴν
430 5063 723 5133 ἀθέτησιν·
755 5064 828 5126 ὡς
865 5066 931 5117 ἂν
959 5066 991 5135 ῆ
1025 5067 1195 5136 πόθῳ,
1230 5066 1263 5137 ἦ
1294 5065 1519 5132 γνώσει,
1552 5068 1585 5135 ἥ
1617 5067 1764 5136 φόϐῳ
1784 5071 1885 5137 τὴν

295 5154 395 5208 τοῦ
433 5154 667 5209 θανάτου
700 5160 894 5225 πεῖραν
914 5156 1273 5224 φυλάξωνται.
1300 5158 1373 5209 Τὸ
1399 5160 1507 5227 γὰρ
1528 5160 1758 5211 ἑκάστου
1780 5162 1887 5211 τὼν

294 5248 627 5315 κτισμάτων
655 5249 941 5315 συμφέρον
965 5250 994 5298 6
1019 5247 1151 5311 Θεὸς
1177 5248 1339 5315 φιλεῖ,
1370 5250 1464 5301 καὶ
1490 5251 1769 5316 γινώσκει,
1795 5253 1889 5303 καὶ

288 5341 549 5395 δύναται.
585 5340 647 5391 Εἰ
682 5341 779 5408 μὲν
812 5337 905 5392 οὖν
946 5341 1210 5407 ἐγίνωσκε
1240 5343 1423 5409 μόνον,
1473 5343 1573 5393 οὑκ
1604 5342 1775 5409 ἐφίλει
1806 5343 1886 5406 δὲ,

289 5433 426 5502 τάχ’
487 5431 553 5485 ἂν
604 5434 768 5494 αὐτὸς
826 5434 1048 5503 εἴργων,
1103 5433 1387 5487 ἀτέλεστον
1429 5436 1564 5503 ἡφίη
1618 5437 1676 5486 τὸ
1708 5436 1885 5497 καλῶς

293 5526 715 5595 γινωσκόμενον
743 5542 755 5555 ⁸
791 5529 837 5578 εἰ
862 5528 904 5578 δ’
936 5528 1165 5594 ἀγαπῶν
1198 5530 1297 5579 ουκ
1355 5530 1669 5595 ἐγίνωσκεν,
1706 5529 1737 5597 ἢ
1790 5532 1888 5581 οὐκ

296 5616 557 5681 ἐδύνατο,
590 5618 711 5686 τάχ’
739 5617 805 5669 ἂν
826 5620 919 5669 καὶ
946 5621 1019 5686 μὴ
1047 5618 1237 5671 τούτου
1264 5621 1477 5681 ἑκόντος
1513 5617 1648 5672 εἶναι
1675 5622 1734 5671 τὸ
1761 5624 1888 5689 παρ’

1449 5802 1491 5832 ²²
1517 5802 1532 5855 Ι
1561 5801 1694 5855 Joau
1726 5816 1775 5862 γ,
1815 5802 1896 5857 16.

381 5811 427 5842 ³³
464 5808 482 5863 ι
514 5811 651 5863 Tim,
690 5825 741 5872 ι’,
779 5809 831 5861 6.
911 5808 952 5839 ²¹
985 5805 1180 5875 Epltes.
1223 5820 1281 5869 ll,
1315 5803 1367 5856 5.

1988 4599 2243 4667 primitus
2278 4596 2423 4648 dedit
2451 4594 2740 4647 consilium
2770 4608 2877 4656 quo
2907 4592 3291 4645 immortalitas
3326 4591 3563 4645 conferri

1987 4698 2189 4757 posset,
2220 4696 2272 4739 et
2307 4686 2480 4739 valide
2527 4686 2901 4754 przemuniens
2944 4683 3221 4735 vivificum
3255 4684 3353 4736 hoc
3382 4685 3563 4737 consi-

1988 4780 2122 4832 lium
2156 4820 2169 4841 ,
2224 4778 2500 4845 peculiare
2553 4777 2759 4829 addidit
2796 4777 3138 4837 mandatum,
3191 4786 3245 4828 et
3281 4785 3468 4840 aperte
3493 4778 3566 4829 si-

1984 4876 2261 4941 gnificavit
2329 4883 2489 4941 atque
2543 4874 2784 4925 minatus
2836 4881 2941 4933 est,
2998 4880 3228 4923 mortem
3265 4869 3381 4923 fore
3414 4869 3563 4923 afﬁr-

1988 4984 2141 5021 mans
2183 4966 2505 5019 vivit'icantis
2537 4970 2788 5035 praecepti
2820 4964 3337 5032 transgressionem,
3365 4974 3421 5016 ut
3450 4964 3566 5018 sive

1986 5076 2192 5121 amore,
2224 5063 2340 5113 sive
2377 5060 2632 5122 scientia,
2688 5060 2803 5111 sive
2866 5066 3009 5109 metu
3076 5070 3103 5107 a
3164 5056 3353 5109 mortis
3398 5072 3564 5123 expe-

1988 5152 2182 5206 rientia
2210 5162 2483 5205 caverent.
2522 5150 2653 5203 Nam
2690 5150 3123 5217 uniuscujusque
3178 5157 3563 5201 creaturarum

1986 5244 2332 5298 commodum
2369 5242 2507 5297 Deus
2536 5251 2682 5294 amat
2716 5241 2929 5308 scitque
2960 5250 3013 5294 ει
3052 5250 3247 5310 potest.
3305 5239 3361 5293 Si
3415 5241 3562 5294 enim

1984 5346 2339 5407 cognosceret
2410 5344 2640 5396 tantum,
2686 5333 2826 5386 haud
2859 5347 2989 5385 vero
3034 5333 3303 5402 diligeret.
3336 5331 3562 5385 forsitan

1981 5431 2099 5499 ipse
2156 5429 2468 5497 impediret.
2524 5441 2625 5480 nec
2668 5426 2782 5479 fieri
2846 5427 3050 5480 sineret
3078 5425 3218 5492 quod
3282 5426 3419 5479 bene
3468 5441 3560 5478 co-

1980 5522 2210 5591 gnoscit.
2245 5519 2300 5573 Si
2355 5532 2485 5571 vero
2540 5531 2733 5569 amans
2787 5531 2892 5569 non
2938 5525 3286 5583 cognosceret
3319 5528 3409 5569 aut
3456 5531 3561 5567 non

1979 5624 2182 5684 posset,
2214 5613 2466 5673 fortasse,
2521 5614 2638 5679 ipso
2689 5612 2847 5665 etiam
2900 5610 3086 5673 invito,
3122 5610 3261 5679 quod
3317 5618 3460 5661 amat
3496 5621 3560 5662 ac
3638 5663 3642 5665 .

1986 5799 2030 5829 ’³
2057 5795 2196 5849 i’sal.
2243 5810 2295 5855 κ,
2330 5794 2380 5847 8.
2464 5794 2506 5825 ³⁸
2548 5792 2672 5861 Sap.
2708 5807 2742 5858 ι,
2784 5793 2867 5844 l3.
