4246 6464
339 396 476 493 nos

1256 407 1522 468 ιἊῘἾΤΛ
1567 407 1925 478 PIIYSICA,
1968 409 2492 479 THEOLOGICA,
2534 411 2696 472 ETC.

3470 411 3606 478 illiti

345 522 530 583 μέντοι
565 517 712 587 ψυχὴ
779 516 1073 586 συνέχουσι
1104 516 1163 567 τὸ
1200 516 1358 583 σῶμα
1415 511 1455 578 ιζι
1514 516 1608 566 καὶ
1669 516 1913 580 ἐκτίσθη,
1949 527 1975 580 Α

2025 522 2216 574 Anima
2255 533 2434 576 tamen
2479 524 2765 577 continens
2815 537 3013 591 cerpus
3056 523 3140 578 cui
3171 537 3458 579 concrcaia
3500 539 3603 589 est,

343 611 624 678 πανταχοῦ
675 612 766 662 τοῦ
805 611 1052 677 σιὶιματός
1099 611 1266 669 ἐττιν,
1295 610 1390 675 οὐχ
1420 607 1493 669 ὡς
1525 609 1580 658 ἐν
1609 608 1777 673 τόπῳ,
1808 606 1915 657 οὐδ’

339 703 413 761 ὡς
457 705 847 771 περιεχομένη,
888 703 999 753 αλλ’
1050 703 1123 763 ὡς
1160 701 1457 768 συνέχουσα
1519 716 1577 750 τε
1633 697 1727 749 καὶ
1759 715 1913 766 περι-

347 788 569 854 έχουσα,
608 796 697 842 καὶ
731 790 1069 853 ζωοποιοῦσα
1100 789 1256 841 τοῦτο
1289 789 1404 841 κατ’
1447 791 1629 842 εἰκόνα
1652 787 1746 840 καὶ
1772 787 1913 840 τοῦτ’

340 884 539 947 ἔχουςα
574 883 731 934 Θεοῦ.

545 976 619 1025 (ἒὺ
648 979 785 1028 uti:
819 975 975 1027 τοῦτο
1010 976 1166 1044 μόνον
1213 975 1414 1043 μᾶλλον
1470 975 1578 1026 τῶν
1615 978 1860 1044 ἀγγέλων
1892 979 1916 1028 ὁ

339 1065 624 1131 ᾶ.ορωπος
654 1069 774 1118 κατ’
805 1069 992 1120 εἰκόνα
1026 1069 1318 1135 πεποίηται
1341 1069 1498 1129 Θεοῦ,
1542 1069 1624 1120 ὅτι
1667 1086 1915 1120 συνεκτι-

340 1162 444 1224 κὴν
475 1175 533 1207 τε
559 1160 652 1208 καὶ
673 1159 934 1218 ζωοποιὸν
962 1159 1073 1227 ἔχει
1094 1159 1322 1226 δύναμιν
1353 1161 1408 1211 ὲν
1439 1159 1638 1229 ἐαυτῷ.
1663 1159 1798 1212 ἀλλά
1823 1164 1913 1211 καὶ

342 1252 483 1301 κατά
518 1251 577 1300 τὸ
630 1249 841 1319 ἄρχειν.
878 1252 1034 1302 Ἐστι
1069 1251 1176 1320 γὰρ
1232 1255 1289 1303 ἐν
1335 1255 1400 1320 τῇ
1451 1252 1550 1319 τῆς
1599 1251 1720 1303 καθ’
1771 1254 1914 1321 ἡμᾶς

337 1342 513 1409 ψυχῆς
554 1341 735 1408 φύσει,
764 1344 822 1393 τὺ
851 1343 948 1410 μὲν
991 1343 1319 1411 ἡγεμονικόν
1352 1360 1410 1394 τε
1439 1343 1533 1396 καὶ
1562 1345 1789 1413 ἀρχικόν
1817 1361 1828 1373 ο
1857 1345 1917 1396 τὸ

339 1435 395 1484 δὲ
432 1433 591 1500 φύσει
626 1434 877 1486 δουλεῦόν
909 1452 967 1486 τε
1008 1435 1102 1488 καὶ
1122 1436 1392 1503 ὑπήκοονο
1426 1435 1666 1505 θέλησις,
1720 1437 1917 1506 ὄρεξις.

335 1528 593 1595 αἴσθησις
613 1528 702 1578 καὶ
720 1527 903 1590 ἁπλῶς
925 1528 1026 1580 ὃσα
1045 1527 1182 1598 μετά
1196 1530 1286 1580 τὸν
1308 1528 1451 1591 νοῦν,
1473 1527 1550 1597 τῷ
1567 1528 1640 1598 νῷ
1666 1530 1884 1582 συνεκτῖ
1901 1560 1916 1568 -

337 1620 440 1686 σἾη
488 1621 638 1686 παρα
667 1619 822 1684 Θεοῦ,
858 1619 958 1672 κᾶν
1009 1622 1168 1690 ἡμεῖς
1192 1622 1336 1672 ἔστιν
1365 1620 1450 1689 ἐφ’
1477 1615 1552 1672 ὧν
1577 1622 1915 1690 φιλαμαρτή-

342 1725 468 1775 μονι
495 1709 714 1778 γνώμῃ,
748 1711 832 1779 μπ
846 1710 938 1762 τοῦ
965 1712 1097 1764 Θεοῦ
1132 1715 1225 1764 καὶ
1260 1713 1701 1784 Παντοκρὰτορος
1739 1714 1915 1782 μόνον,

337 1801 473 1852 ἀλλὰ
505 1806 598 1853 καὶ
620 1803 712 1855 τοῦ
749 1807 1046 1874 προσόντος
1072 1808 1200 1874 ἡμῖν
1232 1806 1487 1874 ὲμφῦτως
1513 1808 1914 1878 αὐτοκράτορος

2026 615 2225 681 ubique
2272 617 2524 683 corporis
2551 624 2657 680 est,
2693 631 2794 667 non
2828 617 2972 669 velut
3024 616 3076 668 in
3131 615 3267 677 loco,
3313 630 3410 669 ne"
3461 622 3604 670 velut

2024 715 2448 775 comprehensa,
2492 709 2586 761 sed
2631 718 2687 760 ut
2727 707 2857 762 illud
2897 713 3204 769 continens,
3248 711 3606 778 ceinprebcn-

2024 801 2174 864 dens,
2206 814 2261 853 et
2307 801 2586 856 vivilicans
2623 820 2635 854 :
2668 810 2722 854 et
2751 802 2828 855 sic
2863 803 3024 856 etiam
3061 803 3128 855 ad
3166 801 3455 869 imaginem
3513 802 3604 856 Dei

2022 902 2126 946 est.
3584 962 3586 964 ,

2090 981 2178 1036 62.
2205 982 2320 1035 Non
2347 983 2466 1038 ideo
2491 985 2750 1038 duntaxat
2785 985 2954 1054 magis
2979 1000 3140 1053 quam
3173 986 3400 1054 angelus
3426 986 3591 1037 homo

2021 1075 2086 1123 ad
2121 1073 2210 1127 Dei
2250 1074 2537 1141 imaginem
2589 1075 2764 1127 factus
2811 1085 2933 1138 est,
2982 1076 3107 1142 quia
3142 1078 3604 1130 conservatricem

2019 1176 2069 1215 et
2122 1167 2391 1220 vivilicam
2442 1166 2605 1220 habet
2652 1167 2705 1221 in
2742 1167 2924 1235 seipso
2966 1168 3242 1231 virtutem,
3295 1171 3391 1223 sed
3441 1173 3602 1224 etiam

2019 1261 2140 1324 quia
2198 1260 2451 1327 imperat.
2496 1256 2587 1312 Est
2626 1260 2769 1312 enim
2823 1259 2875 1312 iu
2922 1269 3120 1313 nostrae
3167 1262 3360 1314 animae
3408 1272 3603 1315 natura

2020 1365 2120 1400 nua
2163 1364 2288 1417 pars
2323 1350 2610 1404 dominans
2640 1359 2693 1401 ct
2738 1351 3052 1418 imperans,
3083 1363 3137 1406 et
3172 1353 3338 1407 altera
3381 1365 3606 1409 natura-

2018 1442 2138 1495 liter
2191 1443 2461 1496 famulans
2513 1455 2565 1496 et
2622 1444 2885 1497 olied-iens
2929 1462 2941 1496 :
3000 1445 3250 1499 voluntas
3301 1450 3606 1514 appetitus,

2015 1549 2213 1588 sensus
2247 1544 2302 1587 et
2350 1536 2646 1603 generatim
2691 1551 3033 1606 quaecunque
3070 1538 3206 1591 infra
3273 1539 3604 1592 intellectum

2017 1623 2309 1679 intellectui
2358 1638 2643 1681 concreata
2699 1640 2826 1684 sunt
2881 1645 2909 1681 a
2945 1629 3090 1694 Deo;
3145 1647 3452 1702 quanquam
3505 1649 3606 1686 nos

2015 1718 2328 1786 aliquando,
2384 1723 2590 1788 peccati
2646 1737 2835 1775 amore
2890 1723 3062 1785 ducti,
3122 1740 3225 1777 non
3281 1727 3451 1779 solum
3512 1727 3605 1781 Dei

2011 1811 2422 1878 otmnpotentis,
2459 1815 2554 1866 sed
2588 1819 2643 1901 et
2677 1813 2832 1867 nobis
2878 1813 3036 1868 inditi
3101 1817 3421 1871 naturaliter
3454 1821 3606 1872 ducis

339 1895 373 1945 ἀ
390 1895 745 1963 έηνιάζομεν.
774 1896 832 1948 ’0
867 1897 1052 1966 μέντοι
1085 1898 1215 1960 Θεὸς
1245 1899 1332 1950 διὰ
1356 1900 1415 1950 τὸ
1437 1899 1494 1952 ὲν
1519 1901 1652 1968 ἡμῖν
1668 1901 1914 1970 ἀρχικὸν,
1940 1896 1975 1952 Β

2015 1905 2260 1958 habenas
2290 1895 2680 1960 detrectam'us.
2721 1905 2857 1960 llnic
2900 1917 3080 1961 tamen
3137 1909 3393 1961 insidenti
3447 1910 3603 1966 nobis

337 1988 431 2037 καὶ
465 1986 562 2054 τῆς
583 1987 685 2056 γῆς
718 1986 936 2057 ἁπάσης
971 1991 1211 2059 παρέσχε
1240 1989 1338 2058 τὴν
1369 1990 1686 2059 κυριότητα.
1717 1993 1918 2058 Ἀγγε-

336 2077 418 2128 λοι
462 2078 520 2129 δὲ
572 2079 1000 2149 συνεζευγμένον
1036 2081 1196 2150 σῶμα
1249 2083 1349 2134 οὐκ
1402 2081 1640 2151 ἔχουσιν,
1699 2083 1774 2144 ὡς
1825 2084 1918 2135 καὶ

338 2169 752 2237 ὑπεζευγμένον
792 2171 934 2240 ἔχειν
957 2171 1035 2239 τῷ
1065 2171 1159 2241 νῷ.
1217 2170 1330 2240 Τὴν
1359 2173 1417 2226 δὲ
1449 2173 1643 2242 νοεράν
1679 2171 1918 2240 Θέλησιν,

338 2263 387 2310 ei
431 2263 530 2327 μὲν
560 2262 889 2324 ἐκπεσόντες
923 2262 1188 2331 διηνεκῶς
1216 2265 1514 2332 κέκτηνται
1550 2264 1798 2330 πονηράν
1821 2279 1832 2289 ⁸
1870 2263 1921 2314 οἱ

337 2351 392 2401 δὲ
426 2351 643 2415 ἀγαθοὶ,
670 2352 932 2418 διηνεκῶς
964 2351 1195 2422 ἀγαθὴν,
1230 2353 1324 2404 καὶ
1375 2354 1594 2421 ἡνιόχου
1654 2351 1917 2421 μηδαμῶς

337 2442 624 2511 δ-ο;.ι.ένην.
664 2445 736 2495 Τὸ
757 2444 801 2495 δ’
830 2445 1074 2510 ἐπίγειον
1111 2445 1334 2513 κράτος,
1355 2446 1382 2495 ὁ
1423 2444 1521 2513 μὲν
1560 2443 1794 2512 πονηρὸς
1821 2445 1919 2495 οὐκ

342 2531 512 2601 εἶχεν,
568 2535 680 2587 ἀλλ’
705 2536 972 2605 ἥρπασεν·
1009 2534 1131 2587 ὅθεν
1158 2536 1314 2603 δῆλον
1332 2535 1406 2598 ὡς
1438 2536 1537 2588 οὐκ
1566 2536 1747 2605 ἄρχων
1772 2535 1891 2587 ὲκτι
1909 2566 1928 2573 --

339 2628 439 2694 σῦη
479 2627 574 2692 τῆς
599 2629 720 2695 γῆς.
756 2630 816 2679 Οἱ
872 2628 929 2680 δὲ
972 2628 1168 2694 ἁγαθοὶ
1224 2628 1331 2680 τῶν
1377 2628 1652 2695 ἀγγέλων,
1694 2630 1927 2680 ἐπισκοει

338 2721 461 2769 τεῖν
495 2718 559 2770 τὰ
599 2722 714 2770 κατ’
746 2720 914 2788 αὐτὴν
964 2721 1068 2772 ὑπὸ
1131 2719 1223 2771 τοῦ
1277 2721 1714 2789 Παντοκράτορος
1749 2737 1918 2788 προσ-

344 2823 370 2858 ε
388 2808 682 2874 ταχϐηπαν,
712 2811 847 2876 μετά
871 2809 966 2877 τὴν
993 2808 1148 2878 ἡμῶν
1170 2809 1462 2870 ἔκπτωσιν,
1480 2811 1570 2861 καὶ
1586 2810 1671 2861 διὰ
1693 2809 1915 2877 ταύτην,

335 2900 437 2964 τῆς
473 2899 652 2963 ἀξίας,
705 2902 753 2950 εἰ
811 2901 904 2951 καὶ
961 2899 1034 2969 μὴ
1072 2900 1307 2968 παντελῆ
1363 2900 1449 2952 διὰ
1504 2900 1914 2969 φιλανθρωπίαν

335 2991 676 3057 καθαίρεσιν.
711 2991 789 3042 Τὰ
815 2992 924 3059 γὰρ
954 2992 1076 3059 ὅρια
1107 2989 1215 3040 τῶν
1249 2991 1520 3056 ἀγγέλων,
1567 2991 1639 3053 ὠς
1670 2994 1697 3043 ό
1746 2993 1911 3043 Muri-

339 3081 437 3149 σῆς
476 3081 531 3131 ὲν
556 3083 620 3150 τῇ
648 3081 757 3150 ᾠδῇ
794 3098 984 3148 φησιν,
1041 3081 1264 3148 ἔστησεν
1302 3083 1328 3131 ό
1357 3081 1510 3144 Θεὸς,
1548 3082 1634 3134 ὅτε
1675 3081 1914 3150 διεμέρι-

338 3171 432 3236 ζεν
462 3171 588 3237 ἕΟνη
617 3185 628 3197 ·
672 3174 698 3222 ὁ
733 3171 789 3222 δὲ
837 3171 1198 3241 διαμερισμδς
1249 3164 1426 3236 οὗτος,
1465 3172 1603 3239 μετὰ
1643 3173 1733 3222 τὸν
1779 3173 1913 3222 Κάῖν

335 3265 429 3316 καὶ
458 3263 550 3314 τὸν
580 3263 688 3330 Σὴο
720 3262 992 3328 ἐγεγόνει·
1016 3262 1125 3316 τῶν
1177 3263 1277 3333 μὲν
1313 3265 1375 3315 ὲκ
1404 3263 1498 3316 τοῦ
1533 3263 1671 3315 Κὰῖν
1711 3263 1908 3315 καλου·
1932 3245 1975 3304 c

337 3358 520 3424 μένων
564 3355 889 3423 ἀνθρώπων,
925 3356 1031 3408 τῶν
1055 3356 1110 3408 δὲ
1141 3358 1206 3407 ὲκ
1237 3356 1332 3407 τοῦ
1367 3356 1471 3425 Σὴθ
1499 3356 1907 3423 καταγομένων,

339 3447 472 3499 υἱῶν
525 3447 660 3498 Θεοῦ
715 3445 1069 3515 κεκλημένων
1093 3463 1105 3475 ·
1145 3447 1547 3516 διαμερίζοντος
1586 3445 1908 3514 ἐμοὶδοκεῖν

332 3539 528 3592 ἑιτοτε
574 3538 668 3592 τοῦ
725 3540 1007 3607 όνοματος,
1071 3541 1162 3589 καὶ
1231 3537 1797 3605 προκαταγγέλλοντος
1849 3536 1909 3588 τὸ

329 3631 510 3696 γένος,
566 3629 625 3693 ἐξ
684 3623 745 3680 οὗ
806 3631 983 3700 σάρκα
1014 3627 1281 3698 λήψεσθαι
1311 3629 1537 3696 ἔμελλεν
1574 3631 1602 3680 ὁ
1645 3627 1737 3680 τοῦ
1770 3626 1905 3681 Θεοῦ

333 3720 635 3788 μονογενὴς
672 3720 817 3781 Υἱός.

405 3811 505 3879 ξγκ
544 3813 703 3865 Εῐποι
766 3813 809 3864 δ’
841 3811 906 3863 ἄν
944 3830 1031 3871 τις
1082 3813 1178 3864 σὺν
1211 3811 1423 3874 πολλοῖς
1451 3811 1680 3876 ἑτέροις,
1713 3811 1806 3863 καὶ
1849 3813 1907 3862 τ’)

329 3905 605 3975 τριαδικὺν
655 3909 751 3975 τῆς
782 3907 1055 3977 ἡμετέρας
1088 3904 1361 3972 γνώσεως,
1398 3903 1597 3970 μᾶλλον
1623 3904 1766 3972 ἡμᾶς
1796 3903 1905 3954 τῶν

328 3999 580 4065 ἀγγέλων
602 3997 866 4050 δεικνύειν
887 3999 1009 4050 κατ’
1030 3998 1213 4049 εἰκόνα
1240 3995 1333 4046 τοῦ
1362 3994 1497 4046 Θεοῦ
1521 4012 1532 4022 ·
1561 3995 1620 4047 οὐ
1654 3997 1904 4063 μόνονδτι

327 4089 626 4157 τριαδικὸν,
654 4089 751 4141 ἀλλ
788 4090 868 4141 ὅτι
899 4089 993 4140 καὶ
1023 4085 1451 4156 συμπεριόἁλλει
1485 4084 1735 4151 γνώσεως
1761 4085 1906 4137 ἅπαν

327 4179 488 4243 εἶδος.
549 4183 718 4235 Μόνοι
780 4182 890 4249 γὰρ
924 4182 1086 4249 ἡμεῖς
1117 4179 1226 4230 τῶν
1269 4179 1586 4245 κτισμάτων
1628 4175 1904 4238 ἁπάντων,

326 4277 466 4344 1:90;
499 4274 578 4342 τῷ
608 4272 782 4342 νοερῷ
835 4290 897 4326 τε
951 4272 1048 4325 καὶ
1095 4269 1320 4338 λογικῷ,
1374 4267 1554 4320 καὶτὸ
1589 4267 1905 4335 αἰσοητικῦν

326 4369 566 4435 ἔχομεν’
601 4365 630 4417 ὃ
673 4364 752 4434 τῷ
798 4362 1003 4432 λογικῷ
1055 4361 1398 4431 συνημμένον
1454 4355 1590 4412 εἶναι
1639 4359 1901 4426 πεφυκὸς,

325 4459 532 4528 τεχνῶν
566 4476 623 4510 τε
661 4458 754 4510 καὶ
775 4454 1116 4525 ἐπιστημῶν,
1158 4457 1252 4507 καὶ
1280 4454 1535 4521 γνώσεων
1566 4451 1753 4520 ἐξεῦρε
1803 4469 1901 4503 πο-

2000 4449 2222 4518 junctus
2245 4489 2258 4510 ,

2011 1994 2122 2062 regi
2181 1993 2324 2048 Deus
2378 1996 2648 2050 universae
2715 2007 2878 2051 teme
2944 1999 3162 2051 tradidit
3217 2001 3603 2068 primipatnm.

2009 2086 2198 2155 Angeli
2237 2103 2368 2143 vero
2398 2104 2504 2143 non
2541 2090 2736 2144 habent
2772 2105 2968 2159 corpus
3000 2090 3298 2146 intellectui
3374 2096 3604 2162 conjun-

2009 2193 2154 2236 ctum
2185 2190 2239 2237 et
2269 2183 2637 2251 subjunctum.
2666 2185 3046 2240 Inte'leclualis
3082 2201 3242 2253 porro
3273 2188 3520 2243 voluntas
3548 2190 3603 2246 in

2007 2273 2175 2344 lapsis
2221 2285 2304 2330 est
2351 2291 2564 2343 semper
2596 2279 2757 2342 mala,
2791 2290 2845 2331 et
2881 2280 2933 2330 iu
2987 2279 3139 2330 lzonis
3167 2280 3307 2332 bona
3355 2295 3599 2350 semper,

2010 2383 2107 2421 nec
2138 2369 2325 2438 auriga
2374 2384 2619 2436 unquam
2660 2370 2926 2436 indigens.
2973 2371 3254 2426 Terrestre
3284 2387 3462 2427 autem
3500 2377 3602 2426 im-

2009 2458 2221 2524 perium
2257 2459 2431 2513 malus
2450 2460 2666 2529 quidem
2709 2478 2812 2515 nou
2845 2464 3058 2527 habuit,
3088 2467 3182 2519 sed
3218 2469 3432 2534 rapuit;
3460 2469 3602 2520 unde

2009 2561 2154 2618 patet
2180 2566 2303 2604 eum
2335 2567 2439 2605 non
2470 2563 2716 2608 creatum
2751 2571 2872 2608 esse
2928 2558 3227 2626 principem
3261 2570 3437 2614 terrm.
3467 2561 3599 2613 Boni

2011 2659 2140 2697 vero
2174 2647 2348 2714 angeli
2385 2649 2736 2702 terrestribus
2790 2650 3072 2720 invigilare
3105 2652 3244 2720 jussi
3293 2664 3440 2719 sunt,
3479 2663 3600 2721 pml

2013 2753 2194 2790 rasum
2229 2749 2500 2803 nostrum,
2533 2749 2584 2794 et
2629 2752 2851 2810 propter
2881 2744 3064 2808 istam,
3101 2761 3205 2800 non
3255 2757 3454 2810 tamen,
3490 2747 3598 2802 Deo

2010 2827 2344 2893 miserante,
2398 2831 2707 2884 universam
2769 2833 3052 2900 dignitatis
3103 2845 3302 2889 nostra:
3354 2839 3594 2892 ruinam.

2010 2917 2299 2973 'l‘erminos
2347 2923 2491 2974 enim
2539 2924 2875 2991 angelorum,
2915 2935 2969 2977 ut
3019 2928 3231 2996 Moyses
3287 2931 3338 2983 in
3386 2935 3600 2987 cantico

2010 3011 2141 3063 dicit
2181 3013 2274 3072 η’,
2308 3015 2590 3067 constituit
2636 3013 2796 3079 Deus,
2829 3019 3046 3084 quando
3081 3019 3353 3075 dividebat
3388 3034 3596 3092 gentes.

2015 3102 2138 3157 Ilaec
2188 3115 2364 3158 autem
2417 3106 2610 3160 divisio
2665 3118 2786 3175 post
2819 3109 2950 3163 Cain
2990 3124 3044 3164 et
3102 3113 3230 3168 Sellt
3283 3116 3420 3170 faeta
3468 3129 3597 3174 est:

2014 3213 2137 3247 nam
2175 3195 2306 3248 Cain
2354 3200 2555 3265 posteri
2606 3199 2736 3253 dit-ti
2792 3211 2919 3255 sunt
2970 3204 3065 3256 lilii
3123 3207 3425 3275 hominum,
3466 3210 3596 3265 Setli

2012 3303 2137 3341 vc-ro
2173 3302 2398 3356 nepotes
2441 3292 2533 3343 lilii
2565 3290 2657 3346 Dei
2691 3302 2817 3346 sunt
2850 3298 3022 3350 vocati
3056 3298 3318 3368 "“;quia
3350 3302 3586 3365 nomine,

2010 3388 2067 3431 ut
2106 3379 2235 3432 inibi
2290 3382 2520 3443 videtur,
2551 3385 2662 3452 jam
2709 3394 2837 3440 tunc
2891 3400 3205 3456 separatum
3254 3403 3303 3444 et
3342 3409 3595 3460 prmnuu-

2010 3470 2196 3521 ltalum
2229 3481 2308 3522 est
2341 3487 2527 3537 genus,
2566 3488 2629 3526 ex
2667 3490 2773 3542 quo
2807 3492 3024 3530 carnem
3066 3490 3445 3548 assumpturus
3477 3491 3596 3538 erat

2009 3561 2316 3632 unigenitus
2351 3564 2439 3616 Dei
2477 3565 2660 3620 Filius.

2072 3804 2141 3858 (.3
2201 3799 2407 3855 Forsan
2445 3801 2638 3868 aliquis
2681 3803 2878 3855 dixerit
2913 3817 3034 3855 cum
3079 3803 3267 3856 multis
3299 3803 3444 3864 aliis.
3477 3807 3589 3874 ipsa

2005 3912 2218 3965 quo-pie
2269 3907 2450 3948 nostra
2512 3896 2851 3962 cognitione,
2887 3910 3006 3947 cum
3060 3897 3198 3950 H‘ill-‘l
3255 3899 3344 3960 sit,
3378 3897 3588 3953 ostendi

2007 4004 2104 4041 nos
2155 3986 2326 4056 magis
2359 4000 2521 4053 quam
2576 3984 2796 4054 angelos
2844 3999 2963 4039 esse
3014 3987 3080 4037 ad
3129 3986 3418 4052 imaginem
3457 3988 3587 4051 Dei,

2005 4097 2110 4133 non
2144 4080 2318 4133 solum
2350 4078 2478 4146 quia
2509 4077 2649 4130 trina
2679 4087 2786 4141 est,
2815 4081 2909 4131 sed
2938 4088 2991 4132 et
3018 4080 3147 4146 quia
3176 4080 3590 4146 comprehendit

2005 4186 2167 4222 omne
2221 4167 2552 4238 cognitionis
2599 4183 2788 4236 genus.
2843 4166 2952 4220 Nos
2999 4171 3144 4223 enim
3198 4171 3292 4223 soli
3344 4173 3590 4225 oumium

2009 4271 2412 4325 creaturarum,
2455 4274 2651 4329 praeter
2701 4262 3031 4315 intellectum
3074 4272 3129 4317 et
3163 4266 3453 4329 rationem,
3492 4265 3589 4318 ba-

2009 4357 2199 4410 bemus
2229 4356 2391 4408 ctiam
2423 4368 2644 4407 sensum
2686 4369 2700 4407 :
2740 4354 2831 4423 qui
2874 4353 3173 4408 intellectui
3226 4365 3418 4409 natura
3459 4373 3591 4411 cou-

2331 4447 2526 4498 artinm
2586 4447 3052 4513 scientiarumquc
3115 4458 3167 4501 ct
3218 4449 3588 4517 cognitionum

325 4552 705 4605 λνειδέστατον
759 4547 968 4617 πληθύν
990 4562 1003 4576 ⁸
1042 4545 1310 4614 γεωργεῖν
1357 4560 1415 4594 τε
1452 4545 1547 4594 καὶ
1577 4543 1900 4608 οἰκοδομεῖν,
1937 4541 1975 4593 D

2009 4539 2392 4594 multiformem
2420 4537 2625 4591 invenit
2650 4538 3053 4593 multitudinem
3085 4554 3100 4594 :
3126 4549 3178 4593 et
3203 4555 3363 4606 agros
3386 4543 3587 4609 colere,
3650 4537 3660 4544 ’

325 4646 423 4698 καὶ
463 4644 727 4713 προάγειν
761 4643 825 4692 ὲκ
857 4640 930 4709 μὴ
984 4637 1174 4699 ὄντων,
1222 4637 1269 4687 ει
1304 4637 1396 4687 καὶ
1426 4636 1498 4702 μὴ
1535 4635 1598 4685 ἐκ
1639 4632 1902 4702 μηδαμῶς

323 4740 497 4788 ὄντων
531 4732 712 4802 (τοῦτο
758 4731 866 4801 γὰρ
899 4729 1084 4794 Θεοῦ),
1124 4726 1271 4796 μόνῳ
1297 4725 1535 4794 παρέσχε
1559 4724 1666 4774 τῶν
1691 4722 1902 4793 ἀνθρώ-

324 4843 463 4879 ⁴ιιων.
491 4827 700 4878 Γίνεται
743 4822 853 4893 γάρ
883 4818 1065 4888 σχεδὸν
1093 4817 1244 4869 οὐδὲν
1288 4816 1408 4869 οὐδὲ
1459 4813 1742 4884 φθείρεται
1794 4813 1901 4865 τῶν

323 4917 477 4988 παρὰ
497 4915 634 4969 Θεοῦ
661 4913 1000 4984 τελουμένων
1016 4927 1029 4940 ο
1056 4908 1448 4978 κιρνώμενονδ⁹
1472 4908 1598 4960 ἄλλο
1621 4907 1755 4976 πρὸς
1776 4905 1904 4958 ἄλλο

329 5025 443 5075 τῶν
472 5021 603 5091 παρ’
657 5022 808 5089 ἡμῖν,
846 5020 1060 5088 μορφὴν
1096 5018 1290 5086 ἑτέραν
1331 5016 1691 5087 παρίστησινσ
1740 5017 1820 5071 ἔτι
1845 5034 1904 5071 τι

331 5113 463 5181 μὴν,
492 5112 586 5163 καὶ
627 5111 686 5162 τὸ
710 5109 800 5161 τὸν
833 5108 1065 5177 ἀόρατον
1087 5106 1178 5158 τοῦ
1203 5105 1294 5159 νοῦ
1329 5107 1508 5174 λόγον,
1532 5108 1592 5160 οὐ
1627 5109 1787 5178 μόνον
1813 5111 1902 5161 ὑπ’

329 5201 503 5268 ἁκοῆς
552 5198 806 5268 αῖιοησιν
838 5198 1084 5265 γίνεσθαι
1115 5196 1254 5267 ἀέρα
1283 5197 1612 5267 ἐνημμένον,
1649 5199 1783 5252 ἀλλά
1813 5201 1904 5253 καὶ

329 5289 805 5359 καταγράφεσοαι,
837 5290 931 5340 καὶ
961 5291 1100 5356 μετὰ
1128 5289 1380 5356 σώματος
1411 5291 1503 5340 καὶ
1530 5289 1618 5343 διά
1652 5293 1902 5359 σώματος

323 5382 580 5452 ὁρᾶσθαι,
620 5380 860 5448 παρέσχε
915 5384 1026 5442 τοῖς
1056 5379 1366 5448 ἀνθρώποις
1418 5380 1598 5449 μόνοις
1657 5384 1684 5434 ό
1733 5382 1898 5444 Θεός·

325 5474 466 5542 πρὸς
494 5473 677 5524 πίστιν
710 5472 918 5538 ἐνάγων
947 5471 1145 5539 διαρκῆ
1174 5472 1271 5538 τῆς
1297 5472 1390 5524 τοῦ
1426 5473 1688 5526 ἀνωτάτω
1727 5475 1900 5541 Λόγου

321 5565 414 5617 διὰ
461 5563 660 5633 σαρκὸς
695 5561 986 5630 ἐπιδημίας
1018 5576 1079 5613 τε
1117 5561 1209 5614 καὶ
1252 5563 1550 5632 ἐμφανείας
1573 5581 1586 5595 ο
1621 5557 1695 5618 ὧν
1748 5565 1898 5618 οὐδὲν

321 5654 573 5723 οὐδαμῶς
611 5654 865 5722 μέτεστιν
897 5651 1173 5720 ἀγγέλοις.

388 5820 457 5851 ³’⁴
500 5823 651 5877 Deut.
693 5838 861 5883 χχχιι.
895 5824 947 5877 8.
1027 5823 1114 5854 ³⁹⁶⁰
1158 5821 1292 5876 Gen.
1333 5837 1402 5883 vi,
1449 5819 1505 5873 9.

2009 4632 2278 4686 aediﬁcare
2309 4631 2525 4692 domos,
2560 4640 2611 4684 ct
2649 4645 2733 4683 res
2769 4630 2950 4684 facere
2985 4630 3126 4699 quod
3159 4646 3263 4684 non
3299 4644 3447 4696 sunt,
3484 4649 3589 4688 non

2010 4735 2192 4776 tamen
2243 4736 2329 4772 res
2367 4719 2548 4773 facere
2583 4733 2703 4788 quae
2750 4718 2973 4772 minime
3010 4731 3138 4774 sunt
3165 4721 3289 4788 (hoc
3319 4723 3461 4773 enim
3495 4724 3586 4777 Dei

2010 4815 2136 4881 est),
2168 4811 2298 4865 solis
2331 4811 2588 4879 competit
2633 4809 2966 4862 hominibus.
3000 4808 3133 4862 Nam
3171 4810 3284 4866 fere
3333 4812 3466 4866 nihil
3493 4829 3590 4866 co-

2013 4922 2130 4961 rum
2164 4920 2283 4971 quze
2326 4918 2355 4956 a
2390 4902 2496 4955 Deo
2533 4903 2686 4963 liuut,
2727 4901 2916 4964 incipit
2945 4917 3006 4954 ac
3041 4903 3203 4969 peril,
3240 4903 3332 4955 sed
3367 4908 3590 4957 comini-

2009 5008 2090 5052 sta
2130 4999 2271 5052 inter
2315 5011 2374 5050 se
2425 4994 2653 5049 invicem
2686 5010 2806 5062 qua:
2853 5003 2980 5047 sunt
3017 4994 3158 5061 apud
3205 5010 3325 5060 nos,
3362 4996 3589 5051 formam

2011 5097 2252 5164 praebent
2340 5093 2523 5146 aliain.
2621 5091 2878 5162 Insuper,
2942 5092 3214 5147 invisibile
3291 5091 3591 5146 intellectus

2010 5190 2257 5252 verbum,
2311 5201 2417 5239 non
2472 5186 2648 5240 solum
2700 5188 2918 5240 auditus
2967 5186 3149 5239 sensui
3182 5201 3307 5240 aere
3341 5185 3586 5238 indutum

2004 5282 2293 5347 subjicere,
2325 5281 2417 5335 sed
2451 5281 2694 5335 scribere
2722 5280 2887 5333 etiam
2919 5289 2973 5332 et
3000 5293 3122 5332 cum
3155 5293 3382 5347 corpore
3410 5292 3473 5331 ac
3494 5293 3592 5346 per

2003 5387 2205 5442 corpus
2256 5373 2456 5435 videre,
2492 5372 2620 5425 solis
2655 5370 2969 5425 horninibus
3016 5370 3290 5424 concessit
3340 5369 3498 5434 Deus,
3535 5371 3589 5424 iu

2006 5464 2363 5519 suﬂicientem
2401 5465 2556 5518 tidem
2590 5463 2854 5519 inducens
2886 5463 3124 5518 carnalis
3159 5465 3396 5532 sttpremi
3425 5461 3590 5519 Verbi

2007 5557 2273 5611 adventus
2303 5566 2357 5610 et
2402 5554 2881 5614 manilcstatiouis.
2917 5555 3159 5624 Quorum
3199 5555 3334 5610 nihil
3367 5569 3592 5624 prorsus

2005 5650 2211 5720 angelis
2249 5650 2408 5704 inest.
