4246 6464
683 409 822 475 “‘27

678 622 855 687 ginem
914 631 1074 673 etiam
1131 638 1274 675 rmm-
1325 623 1517 689 simus,
1579 624 1644 677 ad
1697 623 1788 677 Dei
1839 623 2246 677 similitudinem

681 716 850 764 nuilto
882 715 1075 773 minus,
1107 722 1160 766 et
1214 716 1514 781 prazsertim
1544 730 1710 781 nunc,
1740 730 1931 769 smnus
1958 729 2117 782 quam
2150 732 2248 767 an-

676 820 705 869 μ
730 804 780 855 ~li
825 804 974 857 noni.
1010 804 1275 875 Namque,
1307 815 1365 858 ut
1417 815 1612 861 cartera
1647 822 1790 860 nunc
1819 807 2086 873 omittam,
2123 821 2246 874 per-

679 896 815 946 l'r-rta
868 895 958 947 Dei
991 898 1288 952 similitudo
1325 899 1380 951 lit
1412 912 1643 967 superna
1674 899 1765 952 Dei
1805 898 2199 953 illuminatioue
2228 914 2247 957 :

680 1005 780 1050 ιιιιει
820 992 1057 1055 ιη·ἰν.ιιοε
1087 1008 1209 1048 esse
1241 995 1416 1048 malos
1449 996 1689 1065 angelos,
1723 995 1848 1063 quia
1878 996 1977 1049 sub
2009 996 2247 1050 tenebris

679 1090 822 1140 sunt,
866 1082 1128 1136 cumulari
1160 1099 1284 1139 vero
1319 1084 1531 1140 divinos
1561 1088 1783 1154 spiritus
1814 1101 1898 1152 ea,
1936 1102 2055 1156 qua:
2084 1103 2245 1142 voea-

680 1181 764 1220 tur
799 1175 1031 1225 secunda
1066 1176 1152 1228 lux
1201 1187 1252 1229 et
1305 1178 1491 1245 primae
1536 1178 1671 1232 lucis
1702 1179 1996 1245 ellluvlum,
2050 1180 2243 1243 nescit,

681 1274 736 1313 nt
772 1266 1028 1333 arbitror,
1081 1284 1242 1322 nemo
1287 1285 1475 1323 eorum
1520 1270 1613 1339 qui
1662 1281 1916 1325 accurate
1952 1272 2244 1338 percallent

679 1356 941 1423 inspirata
978 1360 1235 1415 divinitus
1281 1362 1514 1428 eloquia.
1563 1361 1774 1416 llabent
1826 1378 1988 1433 porro
2023 1367 2073 1417 in
2126 1364 2247 1418 luce

678 1449 780 1500 hac
821 1450 945 1502 lmni
995 1452 1169 1517 angeli
1215 1453 1377 1505 etiam
1429 1454 1771 1507 sensibilium
1831 1455 2242 1525 cognitionem:

676 1556 850 1605 neque
900 1543 1156 1595 seusitiva
1206 1552 1299 1596 aut
1348 1545 1580 1598 naturali
1619 1545 1874 1599 facultate
1922 1549 2033 1601 haec
2068 1546 2246 1617 perci-

676 1631 849 1695 piunt,
878 1633 970 1684 sed
999 1647 1062 1686 ea
1098 1646 1429 1703 cognoscunt
1456 1637 1634 1692 divina
1669 1641 1892 1704 virtute,
1922 1654 2083 1708 quam
2114 1641 2243 1695 nihil

676 1725 946 1778 ullatenus
987 1728 1355 1795 praesentium,
1393 1732 1857 1800 praeteritornmve
1895 1743 1987 1788 aut
2029 1734 2243 1790 futttro-

679 1831 798 1868 rum
826 1819 993 1870 latere
1023 1830 1221 1887 potest.

744 2090 831 2142 65.
867 2089 1027 2144 Lucis
1070 2091 1233 2160 hujus
1273 2094 1580 2165 participes,
1612 2111 1734 2152 cum
1765 2113 1883 2153 eam
1916 2102 1982 2155 ad
2026 2116 2243 2156 mensu-

678 2197 790 2233 ram
856 2184 1119 2251 habeant,
1175 2185 1299 2238 huic
1366 2202 1631 2243 Incusum!
1690 2205 1983 2261 congruam
2043 2195 2243 2249 habent

673 2275 957 2326 scientiam
997 2290 1197 2327 rerum.
1250 2274 1395 2328 Illam
1433 2292 1593 2345 porro
1623 2280 1830 2348 angelis
1874 2280 2149 2352 all'ulgere,
2188 2293 2242 2337 ct

670 2383 790 2417 esse
822 2369 1135 2430 lllCl't'alalll,
1172 2382 1271 2421 nec
1304 2378 1479 2424 tamen
1507 2385 1630 2425 esse
1664 2372 1897 2428 divinam
1926 2377 2238 2441 essentiam,

670 2461 848 2511 sciunt
903 2461 1218 2527 quicunque
1269 2459 1323 2513 in
1373 2462 1512 2517 divis
1560 2463 1820 2532 apostolis
1870 2481 1933 2520 ac
1974 2468 2242 2540 theologis

671 2555 806 2605 scite
842 2563 1144 2606 versantur.
1194 2552 1297 2608 Sed
1344 2554 1727 2612 dissentientes
1778 2558 2151 2629 blasphemant
2185 2562 2238 2615 iu

669 2646 905 2697 divinant
937 2646 1073 2698 hanc
1094 2645 1290 2709 lucem,
1316 2662 1435 2701 eam
1465 2659 1558 2703 aut
1577 2660 1905 2714 creaturam.
1934 2662 2024 2707 aut
2049 2670 2240 2711 essen-

673 2736 798 2786 tiam
833 2734 923 2789 Dei
961 2752 1083 2792 esse
1111 2739 1520 2794 contendentes.
1548 2738 1681 2793 Cum
1710 2755 1874 2810 porro
1901 2758 2019 2797 eam
2053 2746 2240 2801 dicunt

671 2838 1011 2894 creaturam,
1065 2846 1170 2881 non
1222 2832 1527 2883 concedunt
1581 2846 1700 2885 eam
1751 2847 1874 2888 esse
1919 2838 2237 2904 angelorum

671 2921 867 2973 lucem.
926 2921 1082 2973 Adsit
1142 2938 1282 2974 nune
1335 2923 1656 2993 Areopagita
1720 2925 2023 2995 theologus,
2083 2933 2237 3000 quasi

669 3012 984 3065 summatim
1041 3024 1127 3066 tua
1183 3013 1271 3067 illa
1319 3014 1624 3071 dilucidans
1669 3032 1737 3072 ξι
1783 3018 2121 3085 Circulatitn,
2156 3025 2239 3077 in-

668 3108 805 3171 quit,
837 3105 947 3157 divi
1001 3104 1232 3172 Spiritus
1270 3108 1423 3172 moti,
1460 3110 1717 3163 uniuntur
1746 3111 1865 3166 sine
1897 3116 2159 3183 principio
2187 3129 2240 3172 et

1888 416 1991 475 Cll
2009 416 2275 475 EGﬂllll
2328 418 2411 476 ΡΑ
2427 419 2654 480 ΙιΛΜιΕ

748 530 838 580 (ἱά.
875 526 1091 586 Verum,
1129 528 1251 584 licet
1278 531 1447 599 magis
1479 545 1638 600 qnam
1672 529 1844 599 angeli
1885 534 1950 585 ad
1986 531 2076 585 Dei
2115 532 2243 585 inia-
2278 538 2316 592 Α

3779 425 3925 486 ιιεε

2416 544 2503 609 ξδ’.
2559 541 2680 594 AD.”
2713 544 2759 591 εί
2794 538 2879 592 καὶ
2914 538 2971 591 τὸ
2999 539 3118 590 κατ’
3147 538 3326 589 εἰκόνα
3360 536 3558 606 μᾶλλον
3613 538 3773 607 ἡμεῖς
3796 540 3923 589 εῶν

2345 634 2587 701 ἀγγέλων
2618 632 2810 701 ἔχομεν
2845 631 2933 683 καὶ
2972 630 3137 699 μέχρι
3169 628 3284 690 νῦν,
3315 623 3449 698 πρδς
3481 628 3541 680 τὸ
3562 628 3682 680 καθ’
3715 630 3920 696 ὁμοίως

2345 741 2427 776 σιν
2449 720 2585 776 εἶναι
2608 723 2702 774 τοῦ
2735 720 2894 783 Θεοῦ,
2917 720 3097 789 πολλῷ
3129 718 3520 788 ἐλσττούμεθα,
3551 721 3645 772 καὶ
3677 721 3920 789 μάλιστα

2342 814 2458 877 νῦν,
2506 813 2616 865 τῶν
2650 810 2868 879 ἀγαθῶν
2915 808 3184 877 ἀγγέλων.
3222 810 3340 860 Ἰνα
3388 808 3498 879 γάρ
3527 809 3597 861 τὰ
3654 809 3785 862 ἄλλα
3819 808 3924 861 νῦν

2340 905 2539 975 ἀφῶ,ή
2570 903 2846 965 τελείωσις
2871 900 2962 954 τοῦ
2994 898 3115 954 καθ’
3159 899 3420 969 ὁμοίωσιν
3454 895 3592 953 εῐναι
3618 900 3713 951 τοῦ
3754 899 3921 961 Θεοῦ,

2338 996 2426 1050 διὰ
2446 996 2543 1063 τῆς
2572 996 2636 1046 ἐκ
2664 992 2798 1046 Θεοῦ
2837 991 2987 1054 θείας
3017 989 3331 1059 ἐλλάμψεως
3374 990 3630 1049 τελεῖται,
3661 986 3730 1059 ἧς
3760 992 3922 1042 ὲστε-

2343 1088 2540 1160 ρῆσθαι
2576 1066 2696 1156 ⁴μὲν
2735 1085 2861 1146 τοὺς
2894 1084 3163 1152 πονηροὺς
3214 1082 3505 1149 ἀγγέλους,
3558 1082 3640 1134 διὸ
3672 1083 3766 1134 καὶ
3812 1082 3925 1135 ὑπὸ

2342 1180 2503 1248 ζόφον
2536 1178 2860 1246 γεγενῆσθαι
2881 1192 2894 1206 ⁸
2925 1174 3283 1246 ὲμσορεῖσθαι
3309 1173 3365 1226 δὲ
3390 1176 3513 1235 τοὺς
3538 1174 3715 1237 θείους
3750 1175 3877 1236 νόας
3902 1191 3920 1204 ·

2340 1273 2421 1327 διδ
2454 1272 2549 1326 καὶ
2581 1271 2837 1342 δεύτερον
2882 1268 3162 1324 καλεῖσθαι
3208 1267 3360 1335 φῶς,
3415 1269 3509 1320 καὶ
3549 1267 3642 1320 τοῦ
3698 1268 3924 1339 πρώτου

2344 1366 2518 1435 φωτὸς
2543 1364 2844 1436 ἀπορροὴν,
2869 1362 3059 1416 οὐδένα
3094 1359 3161 1421 ἀν
3188 1354 3343 1430 οἶμαι
3370 1361 3613 1427 ἀγνοεῖν,
3661 1360 3768 1411 τῶν
3793 1360 3922 1411 ἐπι-

2347 1454 2524 1526 μελῶς
2571 1456 2666 1507 καὶ
2710 1453 2849 1527 μετά
2884 1451 3157 1515 συνέσεως
3191 1451 3629 1519 ἐντυγχανόντων
3655 1451 3766 1514 τοῖς
3801 1452 3926 1503 θεοο

2342 1546 2633 1609 πνεύστοις
2660 1545 2882 1612 λογίοις.
2914 1546 3137 1612 Ἔχουσι
3162 1543 3218 1596 δὲ
3240 1543 3490 1597 ἐντεῦθεν
3515 1544 3563 1595 ol
3586 1542 3781 1610 ἀγαθοὶ
3811 1544 3925 1595 τῶν

2344 1636 2593 1705 ἀγγέλων
2616 1636 2710 1688 καὶ
2739 1634 2839 1705 τὴν
2860 1634 2972 1687 τῶν
3004 1633 3279 1702 αἰσθητῶν
3311 1632 3513 1700 γνῶσιν
3539 1648 3552 1662 ο
3587 1633 3649 1685 οὺ
3690 1633 3799 1703 γὰρ
3829 1635 3920 1687 αἰ-

2347 1725 2577 1798 σθητικῇ
2611 1726 2702 1779 καὶ
2757 1727 2961 1793 φυσικῇ
2989 1723 3220 1793 δυνάμει
3259 1722 3466 1776 τούτων
3488 1722 3922 1790 ἀντιλαμϐάνονο

2345 1834 2460 1883 ται,
2485 1818 2622 1871 ἀλλά
2652 1816 2877 1869 θεοειδεῖ
2895 1816 3121 1885 δυνάμει
3139 1813 3498 1883 γινώσκουσιν
3526 1816 3663 1868 αὐτὰ
3682 1831 3695 1844 ·
3722 1808 3789 1886 ἧς
3812 1833 3921 1886 μη-

2346 1910 2437 1963 δὲν
2483 1909 2593 1963 τῶν
2638 1908 2990 1979 ὁπωσδήποτε
3029 1907 3375 1977 παρόντωνῆ
3408 1907 3840 1977 παρῳχηκότων,
3885 1907 3921 1976 ἢ

2350 2000 2654 2071 μελλόντων
2681 1999 3129 2072 ἀποκρύπτεσθαι
3150 2000 3393 2053 δύναται.

2422 2092 2513 2157 ξε’.
2547 2094 2589 2146 Τ
2593 2093 2761 2162 αὐτης
2790 2093 2889 2162 τῆς
2927 2091 3241 2162 ἐλλάμψεως
3292 2094 3341 2145 oi
3376 2092 3712 2162 μετέχοντες,
3738 2094 3926 2163 μέτρῳ

2349 2184 2554 2254 ταύτην
2592 2184 2827 2253 ἔχοντες,
2849 2183 3129 2251 ἀναλόγως
3157 2181 3236 2251 τῷ
3270 2184 3473 2252 μέτρῳ,
3531 2184 3625 2236 καὶ
3648 2184 3746 2252 τὴν
3777 2186 3926 2252 γνῶο

2353 2294 2437 2329 σιν
2470 2276 2652 2347 ἔχουσι
2682 2275 2792 2328 τῶν
2822 2275 3014 2329 όντων.
3048 2275 3171 2327 Ὅτι
3204 2274 3258 2327 δὲ
3291 2274 3381 2325 καὶ
3423 2274 3473 2326 οἱ
3522 2274 3743 2341 ἄγγελοι
3792 2291 3926 2343 μετ’

2361 2370 2580 2439 έχουσιν
2606 2368 2798 2438 αὐτῆς,
2830 2368 2925 2421 καὶ
2950 2368 3031 2419 ὅτι
3064 2367 3315 2428 ἀκτιστός
3354 2368 3599 2431 ἐστι,καὶ
3627 2368 3701 2430 ὡς
3738 2370 3771 2437 ἡ
3802 2366 3925 2420 θεία

2351 2462 2507 2515 οὐσία
2532 2461 2632 2516 οὐκ
2661 2461 2795 2521 ἔστι,
2828 2460 3026 2522 πάντες
3062 2459 3159 2528 μὲν
3190 2458 3368 2510 ἴσασιν
3389 2461 3438 2510 οἱ
3496 2460 3605 2521 τοῖς
3640 2457 3924 2524 θεοσόςροις

2353 2553 2669 2617 ἀποστόλοις
2720 2555 2815 2606 καὶ
2844 2552 3115 2619 θεολόγοις
3166 2550 3423 2620 ἐμμελῶς
3481 2551 3924 2619 ἐντυγχάνοντες.

2356 2648 2515 2701 ’Ἐπεὶ
2553 2646 2609 2699 δὲ
2661 2648 2710 2699 οί
2742 2646 2809 2698 τὰ
2853 2645 3073 2697 ἐναντία
3127 2643 3471 2713 φρονοῦντες,
3510 2642 3927 2713 βλασφημοῦσιν

2353 2742 2433 2802 είς
2465 2739 2563 2811 τὴν
2608 2739 2759 2792 θείαν
2780 2737 2983 2805 ταύτην
3010 2736 3299 2806 ἕλλσιμψιν,
3332 2735 3365 2804 ἢ
3402 2735 3605 2803 κτίσμα
3636 2734 3865 2804 ταύτην,
3886 2736 3924 2805 ἢ

2352 2831 2540 2883 οὐσίαν
2599 2825 2737 2882 εἶναι
2784 2830 2878 2881 τοῦ
2930 2828 3067 2882 Θεοῦ
3098 2825 3487 2892 διατεινόμενοι
3512 2841 3525 2856 ο
3548 2827 3642 2877 καὶ
3664 2826 3831 2893 ἡνίκα
3860 2826 3925 2877 ἂν

2354 2925 2560 2993 κτίσμα
2610 2922 2863 2987 λέγουσιν
2912 2922 3102 2990 αὐτὴν,
3149 2920 3209 2973 οὐ
3251 2918 3624 2987 συγχωροῦσιν
3651 2915 3790 2970 εἶναι
3818 2918 3925 2969 τῶν

2352 3012 2601 3080 ἀγγέλων
2628 3013 2830 3082 ταύτην
2858 3012 2969 3079 φῶς
2988 3026 3004 3043 ’
3029 3011 3240 3079 παρίτω
3263 3005 3360 3060 νῦν
3387 3008 3416 3060 ὁ
3455 3009 3511 3074 ἐξ
3553 3007 3763 3077 Ἀρείου
3823 3010 3927 3059 πᾶν

2353 3120 2450 3171 γου
2487 3102 2830 3172 θεοφάντωρ,
2863 3102 2937 3164 ὡς
2968 3104 3026 3153 ἐν
3046 3103 3239 3170 βραχεί
3265 3102 3359 3154 καὶ
3380 3103 3448 3155 τά
3474 3100 3601 3170 τρία
3627 3101 3785 3153 ταυτὶ
3811 3101 3928 3153 δια-

668 3195 775 3247 liue
812 3195 1294 3249 illuminationibus
1330 3199 1543 3264 pulchri
1572 3209 1625 3252 et
1660 3201 1807 3255 boni.
1844 3220 1862 3254 ι
1894 3204 2055 3260 Divos
2081 3208 2237 3275 Spiri-
2262 3224 2310 3288 ρ

2262 3224 2310 3288 c
2355 3198 2563 3267 σαφῶν.
2621 3196 2910 3259 κυκλικῶς
2937 3196 3066 3266 γάρ,
3102 3195 3289 3264 φησὶν,
3345 3196 3394 3247 oi
3441 3195 3572 3248 θεῖοι
3616 3192 3930 3261 κινούμενοι

670 3297 757 3338 tus
803 3292 1020 3355 angelos
1054 3289 1222 3345 honos
1255 3290 1321 3344 ab
1362 3308 1429 3345 eo
1457 3293 1585 3357 dici,
1616 3295 1865 3352 omnibus
1900 3298 2086 3364 liquet,
2116 3302 2236 3368 plu-

671 3377 857 3430 raliter
900 3393 1026 3433 vero
1071 3379 1493 3436 illumiuationcs
1542 3384 1661 3437 illas
1713 3386 2030 3454 proferens,
2067 3403 2096 3442 a
2145 3389 2235 3445 Dei

666 3468 906 3520 essentia
950 3468 1206 3524 discrevit
1238 3487 1254 3525 :
1287 3474 1399 3526 haec
1430 3474 1573 3528 enim
1625 3491 1726 3529 una
1779 3470 1862 3531 est
1911 3487 1965 3533 et
2013 3482 2236 3536 omnino

670 3562 920 3615 indivisa.
982 3560 1087 3618 Eas
1135 3562 1353 3617 demum
1405 3566 1523 3619 sine
1569 3569 1835 3637 principio
1868 3578 1921 3624 et
1968 3574 2073 3627 line
2118 3590 2237 3627 esse

665 3655 873 3718 dicens,
910 3655 1039 3722 quid
1087 3654 1231 3708 aliud
1274 3671 1437 3725 quam
1476 3661 1741 3714 incrcatas
1778 3663 1932 3716 nobis
1967 3667 2238 3719 ostendit?

2352 3290 2747 3357 νὸες,ἐνοῦνται
2779 3293 2895 3353 ταῖς
2926 3289 3180 3358 ἀνάρχοις
3209 3290 3300 3340 καὶ
3335 3288 3713 3356 ἀτελευτήτοις
3737 3286 3931 3354 ἐλλάμ-

2350 3385 2477 3454 ψεσι
2525 3382 2618 3436 τοῦ
2665 3380 2833 3435 καλοῦ
2876 3381 2973 3434 καὶ
3023 3378 3252 3447 ἀγαθοῦ.
3282 3379 3407 3432 Ὀτι
3456 3378 3556 3447 μὲν
3606 3376 3699 3429 οῦν
3750 3376 3930 3438 θείους

2353 3478 2477 3537 νόας
2500 3476 2627 3538 τοὺς
2657 3474 2891 3541 ἀγαθοὺς
2920 3472 3185 3537 ἀγγέλους
3226 3471 3378 3539 φησὶ,
3409 3472 3523 3531 τοῖς
3570 3470 3705 3521 πᾶσι
3734 3468 3929 3537 δῆλον·

2354 3566 2733 3637 πληθυντικό·ς
2770 3566 2825 3618 δὲ
2859 3564 3061 3626 ταύτας
3088 3564 3186 3627 τὰς
3210 3562 3507 3631 ἐλλάμψεις
3539 3560 3920 3629 προενεγκὼν,

2349 3660 2449 3729 τῆς
2470 3660 2563 3713 τοῦ
2599 3657 2736 3711 Θεοῦ
2765 3656 3055 3709 διέστειλεν
3087 3656 3277 3717 οὐσίας
3297 3672 3309 3684 ’
3349 3655 3447 3723 μία
3478 3653 3587 3723 γὰρ
3618 3652 3801 3719 ἐκείνη
3838 3652 3934 3703 καὶ

679 3743 1030 3796 παντάπασιν
1066 3744 1390 3816 ἀδιαίρετος.
1433 3745 1730 3818 Ἀνάρχους
1761 3749 1820 3803 δὲ
1853 3751 1949 3805 καὶ
1978 3750 2371 3822 ἀτελευτήτους
2408 3756 2752 3822 προσειπὼν,
2779 3758 2831 3810 τί
2865 3758 3048 3827 ἀλλοῆ
3085 3759 3383 3824 ἀκτίστους
3414 3755 3558 3817 εῖναι
3582 3764 3932 3836 παρέστησεν

676 3838 841 3906 ἡμῖνς

761 3930 847 3982 ϋϋ.
886 3928 1077 3982 Divino
1108 3929 1209 3983 hoc
1243 3928 1446 3982 lumine
1475 3939 1529 3983 et
1566 3928 1850 3998 splendore
1896 3938 2109 3984 exutam
2166 3947 2259 3999 per

693 4029 967 4087 pet-catum
999 4029 1241 4074 nostram
1280 4030 1550 4085 naturam,
1582 4032 1867 4089 postquam
1902 4021 2260 4077 deformitatis

691 4116 811 4183 ejus
842 4114 1123 4167 misertum
1175 4114 1270 4167 Dei
1305 4112 1543 4168 Verbum
1585 4128 1679 4182 per
1711 4116 1920 4167 viscera
1954 4116 2263 4170 misericor-

694 4210 793 4260 ilhc
822 4207 1135 4275 assumpsit,
1162 4208 1401 4259 indutam
1434 4205 1685 4275 l'ulgidius
1716 4206 1770 4259 in
1803 4205 2021 4262 Thabor
2051 4209 2265 4264 selectis

694 4300 974 4367 discipulis
1002 4299 1240 4353 ostendit
1267 4314 1285 4354 :
1308 4299 1498 4367 quales
1524 4300 1651 4352 olim
1683 4300 1962 4366 fuerimus,
1995 4313 2050 4356 et
2077 4304 2265 4370 quales

695 4396 748 4447 in
781 4393 957 4446 futuro
987 4392 1183 4447 saeculo
1213 4407 1311 4445 nos
1343 4392 1585 4446 [acturus
1614 4394 1702 4456 sit,
1733 4394 1776 4447 si
1809 4393 1979 4464 ipsius
2010 4411 2107 4465 pro
2136 4397 2265 4449 viri-

696 4486 799 4539 bus
826 4485 1029 4539 similes
1068 4484 1247 4537 vivere
1279 4483 1629 4549 voluerimus,
1662 4484 2066 4555 demonstrans,
2099 4498 2159 4543 ut
2193 4490 2265 4543 ait

697 4576 935 4631 Joannes
978 4576 1421 4645 Chrysostomus.

771 4758 863 4811 67.
899 4757 1045 4811 Illius
1082 4759 1249 4813 divini
1288 4759 1513 4814 luminis
1558 4776 1620 4817 ac
1656 4762 1959 4831 splendoris
1995 4766 2270 4834 particeps

705 4867 829 4908 ante
864 4868 1147 4924 peccatum
1198 4854 1389 4919 Adam,
1422 4863 1605 4923 utpote
1636 4869 1757 4907 vere
1808 4855 1999 4908 stolam
2054 4857 2273 4912 indutus

706 4948 910 5016 gloriae,
946 4963 1051 5001 non
1088 4956 1205 5001 erat
1236 4948 1430 5011 nudus,
1466 4948 1556 5000 sed
1584 4945 1755 4998 multo
1784 4944 2081 5013 pulchrior,
2109 4962 2273 5018 supra

709 5053 871 5107 quam
896 5038 997 5091 dici
1028 5040 1222 5105 possit,
1252 5036 1317 5091 iis
1341 5038 1431 5104 qui
1457 5052 1601 5090 nunc
1632 5035 2048 5106 r-ircuml‘ulgent
2071 5041 2277 5096 ornatis

713 5146 847 5181 auro
913 5129 1078 5181 multo
1136 5137 1189 5181 et
1242 5116 1576 5196 gemmarum
1629 5128 1803 5181 nitore
1858 5130 2275 5187 diadematibus.

714 5221 859 5273 Illam
887 5220 1123 5273 divinam
1150 5218 1564 5273 illustrationem
1589 5228 1642 5273 et
1665 5220 1893 5288 gratiam
1918 5219 2029 5289 ipse
2053 5236 2279 5292 magnus

715 5313 909 5365 Paulus
954 5314 1230 5367 coaleStem
1267 5322 1506 5365 nostram
1554 5312 1945 5367 habitationem
1982 5323 2155 5379 vocat,
2191 5315 2280 5368 di-

713 5420 843 5458 cens
866 5420 881 5460 :
906 5423 923 5455 ι
953 5405 1008 5458 la
1037 5406 1136 5459 hoc
1161 5405 1580 5472 iugemiseimus,
1602 5404 1998 5458 habitationem
2021 5417 2282 5471 nosuam,

2447 3947 2555 4015 Eg’.
2588 3948 2802 4017 Ταύτης
2826 3949 2926 4017 τῆς
2955 3948 3103 4010 θείας
3132 3943 3451 4015 ἐλλάμψεὼς
3476 3961 3537 3995 τε
3586 3943 3678 3995 καὶ
3704 3943 3954 4010 λαμπρό·

2376 4057 2558 4110 τητος,
2601 4039 3035 4109 γεγυμνωμένην
3077 4038 3168 4109 τὴν
3196 4038 3352 4107 ἡμῶν
3393 4035 3555 4104 φύσιν
3602 4035 3665 4085 ἐκ
3711 4036 3958 4104 παραδά-

2379 4152 2538 4198 σεως,
2572 4136 2671 4201 τῆς
2716 4130 3102 4203 ἀσχημοσύνης
3135 4129 3361 4197 ἐλεήσας
3415 4128 3444 4179 ὁ
3472 4124 3562 4178 τοῦ
3593 4123 3729 4177 Θεοῦ
3757 4126 3953 4190 Λόγος.

2381 4223 2472 4276 καὶ
2500 4222 2588 4275 διὰ
2622 4222 2905 4289 σπλάγχνα
2933 4218 3114 4280 ἐλέους
3150 4214 3574 4283 ἀναλαϐόμενος,
3598 4210 3958 4278 ἐνδεδυμένην

2379 4312 2805 4381 ἐπιφανέστερον
2830 4311 2924 4363 ἐπὶ
2956 4308 3051 4362 τοῦ
3078 4305 3384 4374 Θαδωρίου,
3418 4303 3525 4356 τῶν
3557 4302 3817 4371 μαθητῶν
3842 4306 3955 4364 τοῖς

2377 4403 2654 4472 ἐγκρίτοις
2686 4402 2848 4455 πάλιν
2892 4400 3166 4462 ὑπέδειξε,
3198 4398 3383 4450 τίποτε
3429 4390 3571 4465 ἦμεν
3609 4390 3676 4465 ἦν
3707 4395 3799 4447 ὅτε
3820 4410 3833 4422 ’
3863 4397 3957 4445 καὶ

2377 4494 2519 4557 τίνες
2544 4494 2633 4545 ἐπὶ
2656 4492 2747 4545 τοῦ
2783 4490 3067 4561 μέλλοντος
3100 4488 3295 4551 αἰῶνος
3326 4486 3564 4556 ἐσόμεθα
3592 4486 3660 4538 δι’
3691 4483 3887 4545 αὑτοῦ,
3908 4487 3955 4535 εί

2302 4558 2346 4613 θ
2380 4586 2497 4639 κατ’
2511 4585 2669 4639 αὑτὸν
2683 4558 2990 4646 ὡςδυνατδν
3004 4579 3233 4633 ἐνταῦθα
3244 4579 3406 4647 ζῆσαι
3423 4575 3789 4648 προελοίμεθα
3815 4592 3930 4645 παρ
3947 4603 3959 4614 -

2379 4677 2551 4738 ιστάς·
2566 4677 2639 4738 ὡς
2661 4676 2756 4728 καὶ
2772 4676 2798 4727 ὁ
2816 4673 3046 4744 χρυσοῦς
3065 4672 3164 4743 τὴν
3192 4670 3440 4739 γλῶτταν
3461 4668 3712 4735 Ἰωάννης
3731 4665 3920 4735 φησίν.

2455 4767 2552 4833 εἴ.
2586 4768 2802 4838 Ταύτης
2834 4767 2931 4837 τῆς
2963 4765 3114 4828 θείας
3149 4760 3469 4832 ἐλλάμψεώς
3494 4777 3553 4813 τε
3581 4761 3675 4811 καὶ
3701 4758 3957 4826 λαμπρός

2385 4878 2567 4929 τητος,
2591 4860 2685 4913 καὶ
2713 4842 2954 4929 δ’Ὰδάμ
2987 4859 3213 4927 μέτοχος
3236 4854 3498 4924 ὑπάρχων
3526 4852 3628 4921 πρὸ
3648 4850 3748 4917 τῆς
3780 4865 3960 4917 1:19a-

2385 4952 2620 5015 ϐάσεως,
2671 4950 2744 5014 ὡς
2776 4950 2943 5012 ὅντως
2980 4948 3173 5017 στολὴν
3218 4944 3593 5016 ἠμφιεσμένος
3649 4940 3834 5009 δόξης,
3862 4940 3959 5007 οὐχ

2388 5043 2601 5113 ύπῆρχε
2643 5041 2851 5111 γυμνός
2871 5057 2885 5072 ·
2919 5039 3053 5093 ἀλλὰ
3094 5036 3278 5106 πολλῷ
3308 5032 3677 5102 κοσμιώτερος
3703 5030 3813 5082 οὐδ’
3836 5031 3962 5083 ὅσον

2381 5131 2573 5191 εἰπεῖν,
2604 5127 2711 5178 τῶν
2736 5125 2831 5175 νῦν
2862 5120 3263 5192 περικειμένων
3307 5119 3376 5170 τὰ
3420 5118 3606 5187 χρυσῴ
3633 5118 3843 5189 πολλῷ,
3873 5126 3967 5175 καὶ

2371 5220 2618 5287 διαυγέσι
2643 5215 2810 5277 λίθοις
2835 5211 3185 5282 κοσμούμενα
3214 5208 3545 5279 διαδήματα.
3593 5209 3816 5280 Ταύτην
3864 5214 3966 5282 τὴν

2375 5313 2524 5367 θείαν
2549 5310 2811 5377 Ελλαμψιν
2836 5308 2931 5359 καὶ
2961 5306 3148 5375 χάριν,
3179 5299 3271 5356 καῖ
3297 5302 3329 5352 ό
3362 5303 3534 5371 μέγας
3564 5302 3776 5364 Παῦλος
3799 5306 3967 5375 οὖρά-

2378 5423 2489 5459 νιον
2519 5395 3172 5471 οίκητήριονήμῶνκαλεῖ
3190 5394 3385 5461 λέγων,
3416 5412 3434 5445 ι
3464 5393 3744 5463 Ἐντούτῳ
3762 5399 3957 5449 στενά.

718 5513 835 5565 qua:
865 5500 929 5551 de
972 5498 1113 5552 coelo
1144 5508 1245 5560 est,
1282 5496 1593 5565 superindui
1642 5497 1959 5564 cupientes;
2013 5498 2056 5552 si
2108 5506 2287 5552 tamen
2381 5499 2395 5561 ζ

2381 5499 2569 5567 ζομεν,
2594 5494 2653 5546 τὸ
2678 5491 2990 5561 οἰκητήριον
3021 5486 3180 5557 ἡμῶν
3200 5485 3259 5538 τὸ
3280 5485 3338 5550 ἐξ
3373 5484 3607 5553 οὐρανοῦ
3631 5485 3965 5539 ἐνδύσασθαι

717 5590 1039 5653 vestiti,non
1068 5590 1191 5642 nudi
1225 5588 1928 5658 inveniamur“'“Jﬂllius
1958 5588 2151 5643 divinae
2169 5587 2290 5641 illu-
2383 5591 2394 5641 l

2285 5617 2290 5629 ι
2383 5583 2768 5644 ἐπιποθοῦντες
2791 5598 2804 5612 ·
2835 5580 2950 5649 εἴγε
2983 5578 3077 5631 καὶ
3128 5575 3504 5645 ἐνδυσάμενοι,
3538 5576 3600 5627 οὐ
3639 5579 3843 5645 γυμνοὶ
3872 5578 3962 5630 εὑ-

716 5682 1025 5738 tuinationis
1054 5693 1107 5736 et
1138 5681 1432 5737 indumenti
1465 5682 1582 5751 ejus
1621 5686 1839 5735 arrham
1889 5681 2029 5734 idem
2096 5680 2292 5735 Paulus
2386 5705 2393 5750 ι

2281 5697 2292 5735 i
2386 5675 2750 5750 ρεθησόμεθα,
2787 5690 2805 5724 ι
2846 5669 3063 5740 Ταύτης
3091 5668 3189 5738 τῆς
3220 5666 3373 5729 θείας
3405 5667 3729 5737 ἐλλάμψεως
3752 5669 3848 5722 καὶ
3867 5666 3958 5721 τοῦ

788 5866 903 5901 ³⁰⁶²⁸
937 5866 979 5921 ll
1017 5868 1141 5923 (lor.
1185 5882 1237 5931 ν,
1266 5866 1322 5932 ‘2,
1356 5865 1408 5919 5.
