4246 6464
322 351 459 420 “69

1243 350 1513 410 CAPITA
1562 348 1904 419 PHYSICA,
1949 348 2474 416 TIIEULOGICA,
2524 346 2675 409 ETC.

3439 344 3578 412 1170

332 475 453 528 κατ’
504 471 676 540 αὐτὴν
718 468 1014 538 ἐνδύματος
1072 465 1164 517 τὸν
1195 464 1512 535 ἀρραϐῶνα,
1570 465 1665 516 καὶ
1696 465 1855 526 αὐτῦς
1884 466 1910 515 ὀ
1932 473 1976 527 Α
2007 503 2009 512 ι

1899 466 1976 527 ΞΑ
2007 480 2036 515 a
2070 466 2177 518 Deo
2209 469 2440 534 accepit,
2465 477 2588 515 cum
2614 461 2985 532 Hierosolyma
3010 459 3335 514 Damascum
3367 462 3576 526 abiens,

332 567 541 626 Παῦλος
558 564 715 615 ἓλαὸε
752 562 906 629 παρὰ
936 558 1093 623 Θεοῦ,
1138 557 1196 620 ἐξ
1234 556 1592 625 Ἰερουσαλὴμ
1632 558 1767 624 πρὸς
1808 558 1910 607 Λα-

334 661 545 732 μασκδν
576 656 779 717 ἀπιὼν,
820 653 885 705 ἵν’
912 650 1051 704 εἴπω
1080 648 1221 701 κατὰ
1247 646 1339 699 τὸν
1366 646 1644 713 Θεολογίας
1672 646 1912 716 φερωνί.-

334 770 452 823 μως
503 750 796 818 ἐπώνυμον
845 744 1168 816 Γρηγόριον,
1218 741 1348 809 πρὶν
1401 739 1744 809 καθαρθῆναι
1804 738 1913 791 τῶν

330 842 611 910 διωγμῶν,
668 838 746 908 τῷ
775 834 1091 904 διωκομένῳ
1146 830 1578 901 προσομιλήσας,
1624 828 1824 898 μᾶλλον
1857 830 1913 882 δὲ

334 934 569 1004 βραχείᾳ
609 930 701 983 τοῦ
738 928 974 997 μεγάλου
998 925 1172 994 φωτὸς
1196 924 1525 993 λαμπηδόνι.

404 1027 504 1094 ξη’.
526 1026 589 1075 Ἠ
618 1023 715 1091 μὲν
735 1020 855 1072 θεία
878 1017 1267 1088 ὑπερουσιότης
1302 1015 1424 1068 οὐδέ
1454 1032 1584 1069 ποτε
1616 1014 1910 1085 πληθυντι-

332 1117 447 1178 κῶς
473 1114 758 1167 καλεῖται’
783 1114 816 1179 ἡ
838 1111 895 1163 δὲ
923 1110 1019 1162 τοῦ
1052 1107 1186 1161 Θεοῦ
1212 1109 1329 1161 θεία
1348 1110 1439 1160 καὶ
1464 1109 1715 1171 ἇκτιστος
1748 1109 1906 1178 χάρις

336 1208 429 1258 καὶ
450 1205 717 1274 ἐνέργεια.
740 1199 1073 1271 μεριξομένη
1108 1200 1441 1270 ἀμερίστως,
1467 1200 1586 1252 κατ’
1611 1201 1794 1253 εἰκόνα
1815 1201 1914 1273 τῆς

335 1301 569 1368 ἡλιακῆς
606 1300 845 1359 ἀκτῖνος,
872 1297 905 1363 ἣ
952 1295 1044 1345 καὶ
1066 1292 1370 1364 θερμαίνει,
1415 1293 1507 1345 καὶ
1543 1294 1792 1361 φωτίζει,
1824 1296 1917 1345 καὶ

338 1392 623 1454 ζωοποιεῖ,
650 1390 745 1441 καὶ
773 1387 946 1453 αὔξει,
975 1387 1086 1448 τοῖς
1108 1402 1166 1437 τε
1200 1384 1569 1453 λαμπομένοις
1591 1385 1690 1453 τὴν
1710 1384 1917 1436 οἰκείαν

335 1486 514 1554 ἐνίησι
547 1482 931 1551 λαμπρότητα,
962 1480 1054 1532 καὶ
1081 1480 1191 1540 τοῖς
1213 1476 1515 1546 ὀφθαλμοῖς
1534 1476 1643 1529 τῶν
1664 1476 1917 1546 ὁρώντων

336 1578 707 1642 ἐπιφαίνεται.
767 1571 924 1625 Κατὰ
988 1568 1191 1637 ταύτην
1246 1567 1375 1634 γοῦν
1408 1565 1483 1628 ὡς
1514 1567 1632 1620 κατ’
1668 1567 1917 1635 ἀμυδρὰν

338 1670 544 1728 εἰκόνα,
579 1666 725 1733 καὶὴ
755 1663 874 1716 θεία
900 1663 992 1714 τοῦ
1021 1660 1157 1713 Θεοῦ
1205 1660 1477 1729 ἐνέργεια,
1514 1659 1574 1710 οὐ
1602 1660 1701 1727 μία
1734 1658 1916 1727 μόνον,

337 1762 476 1815 ἀλλὰ
505 1761 600 1813 καὶ
632 1756 828 1809 πολλεὶ
856 1755 1145 1809 καλοῦνται
1185 1753 1335 1821 παρὰ
1371 1751 1480 1803 τῶν
1504 1751 1789 1817 θεολόγων,
1843 1750 1919 1811 ὼς

342 1859 435 1906 καὶ
477 1851 754 1909 Βισίλειος
783 1848 811 1898 6
858 1846 1051 1916 μέγας.
1108 1845 1170 1896 Αἰ
1200 1817 1282 1896 δὲ’
1305 1842 1595 1911 ἐνέργειαι,
1630 1844 1783 1911 φησί,
1825 1839 1918 1893 τοῦ
1942 1817 1985 1876 Β

344 1947 660 2013 ιΙνεύματος
712 1943 891 2005 τίνες;
938 1939 1202 2007 Ἀρῤητοι
1263 1936 1360 2005 μὲν
1410 1935 1498 1986 διὰ
1548 1933 1610 1986 τὸ
1667 1933 1919 2002 μέγεθος,

342 2036 767 2110 ἀνεξαρίθμητοι
792 2034 848 2086 δὲ
879 2032 965 2083 διὰ
996 2031 1055 2082 τδ
1090 2027 1314 2097 πλῆθος.
1348 2026 1480 2088 Πῶς
1510 2026 1616 2096 γὰρ
1640 2026 1924 2097 νοήσωμεν

343 2133 413 2183 τὰ
437 2130 548 2183 τῶν
576 2127 789 2182 αἰώνων
823 2125 1116 2185 ὲπέκεινας
1148 2121 1295 2182 τίνες
1327 2116 1466 2190 ἦσαν
1494 2118 1658 2171 αὑτοῦ
1685 2117 1792 2188 πρὸ
1827 2117 1925 2185 τῆς

346 2222 543 2292 νοητῆς
572 2219 803 2279 κτίσεως
841 2219 897 2268 αἱ
946 2215 1257 2285 ἐνέργειαις
1294 2212 1405 2282 Πρὸ
1436 2210 1565 2279 γοῦν
1598 2210 1696 2277 τῆς
1726 2208 1925 2279 νοητῆς

349 2317 581 2377 κτίσεως
631 2313 727 2366 καὶ
760 2310 868 2362 τῶν
912 2309 1125 2363 αἰώνων
1155 2307 1413 2360 ἐπέκεινα
1464 2306 1581 2375 (καὶ
1623 2304 1730 2373 γὰρ
1756 2303 1849 2355 καὶ
1875 2303 1924 2353 οἰ

350 2408 548 2469 αἰῶνες
601 2403 767 2473 νοητὰ
817 2398 1097 2469 κτίσματά
1130 2395 1257 2467 εἰσι)
1322 2396 1541 2450 κτιστὸν
1590 2394 1767 2456 οὐδείς
1805 2391 1924 2445 ποτ’

350 2497 525 2562 εἶπεν,
557 2496 681 2548 οὐδὲ
713 2494 1020 2559 ἐνενόησεν.
1058 2493 1338 2543 Ἀκτιστοι
1392 2487 1680 2557 τοιγαροῦν
1728 2487 1782 2538 αἱ
1831 2482 1925 2535 τοῦ

350 2594 498 2644 θείου
524 2588 841 2658 Πνεῦματος
868 2586 1124 2655 δυνάμεις
1159 2601 1217 2635 τε
1249 2582 1343 2635 καὶ
1390 2582 1659 2649 ἐνέργειαι
1679 2597 1693 2610 ο
1720 2578 1798 2649 τῷ
1835 2578 1931 2630 καὶ

358 2683 551 2735 πολλαὶ
577 2679 962 2748 θεολογεῖσθαι,
990 2676 1301 2745 ἀμερίστως
1333 2674 1433 2743 τῆς
1478 2674 1607 2742 μιᾶς
1653 2672 1753 2723 καὶ
1798 2687 1931 2722 παν-

356 2781 599 2829 τὰπασιν
659 2772 957 2843 ἀμερίστου
1007 2769 1100 2821 τοῦ
1135 2767 1447 2836 Πνεύματος
1475 2763 1661 2825 οὐσίας
1694 2762 1933 2817 διαστελ-

356 2871 603 2936 λόμεναι.

442 2959 540 3021 ξθν.
596 2957 659 3008 ἸΙ
684 2954 777 3007 τοῦ
805 2953 940 3006 Θεοῦ
985 2954 1235 3014 ἄκτιστος
1270 2952 1544 3019 ἐνέργεια,
1600 2945 1931 3018 μεριζομένη

358 3046 695 3115 ἀμερίστως,
731 3045 823 3095 καὶ
870 3040 1251 3111 πληθυντικῶς
1304 3039 1610 3109 προάγεται
1652 3036 1803 3106 παρὰ
1828 3033 1938 3086 τῶν

359 3136 645 3202 θεολόγων,
666 3134 739 3196 ὡς
771 3134 1028 3200 ἀνωτέρω
1056 3132 1149 3183 καὶ
1183 3130 1447 3199 Βασιλείῳ
1471 3128 1548 3198 τῷ
1575 3127 1794 3197 μεγάλῳ
1821 3126 1938 3179 δια⁹

360 3230 720 3298 τετράτωται.
763 3225 915 3276 Ἐπεὶ
961 3224 1140 3276 τοίνυν
1191 3222 1286 3274 καί⁵
1328 3223 1361 3291 ὴ
1402 3221 1519 3273 θεία
1548 3219 1644 3271 καὶ
1693 3217 1936 3279 θεοποιδς

362 3320 629 3386 ἑλλαμψις
676 3316 770 3368 καὶ
802 3316 961 3385 χάρις
1008 3315 1110 3366 οὐκ
1156 3314 1336 3376 οὐσία,
1371 3311 1485 3364 ἀλλ’
1535 3311 1781 3381 ἐνέργειά
1823 3311 1939 3362 ἐστι.

363 3408 524 3473 θεοῦ,
566 3410 654 3461 διὰ
695 3407 853 3459 τοῦτο
886 3406 983 3458 καὶ
1013 3404 1154 3472 αῦτη
1196 3405 1257 3455 οὐ
1290 3402 1555 3472 χρονικῶς
1598 3403 1777 3470 μόνον,
1806 3400 1942 3454 ἀλλὰ

365 3504 461 3555 καὶ
516 3496 900 3569 πληθυντικῶς
956 3496 1297 3565 προάγεται,
1336 3493 1614 3560 ἀναλόγως
1652 3494 1762 3553 τοῖς
1809 3508 1939 3561 μετ·

366 3598 553 3661 έχουσι
591 3588 974 3659 χορηγουμένη
1000 3604 1014 3618 ·
1057 3587 1149 3639 καὶ⁷
1183 3584 1325 3637 κατὰ
1382 3586 1482 3653 τὴν
1526 3584 1941 3653 ἐπιτηδειότητα

366 3686 475 3735 τῶν
507 3681 946 3749 ὑποδεχομένων,
978 3680 1070 3730 ἐπὶ
1094 3679 1291 3747 μᾶλλον
1312 3678 1408 3729 καὶ
1432 3672 1593 3745 ἦττον
1609 3677 1812 3729 ὲνιεῖσα
1843 3676 1942 3745 τὴν

366 3776 618 3829 θεοποιὸν
648 3772 1032 3842 λαμπρότητα.

437 3874 505 3920 0'.
539 3865 757 3926 Ταύτας
788 3865 885 3923 τὰς
937 3862 1241 3930 ἐνεργείας,
1280 3862 1421 3913 ἑπτὰ
1456 3863 1484 3914 ὀ
1526 3860 1751 3921 Ἡσαΐας
1798 3853 1938 3911 εἷπε.

370 3958 577 4012 Πολλὰ
612 3956 669 4009 δὲ
705 3954 835 4023 παρ’
871 3952 1143 4022 Ἑϐραίοις
1176 3950 1430 4020 σημαίνει
1460 3949 1518 4003 τὸ
1548 3948 1706 4002 ἑπτά.
1743 3948 1943 4001 «Ἄνα-

366 4053 598 4120 6ήσεται
622 4048 753 4115 γὰρ,
783 4044 941 4113 φησὶ,
973 4043 1165 4113 ῥάϐδος
1194 4045 1258 4094 ὲκ
1286 4043 1385 4109 τῆς
1410 4040 1565 4112 ῥίζης
1600 4040 1822 4101 Ἰεσσαὶ,
1848 4038 1946 4091 καὶ

368 4141 530 4202 ἄνθος
559 4139 619 4201 ἐξ
646 4136 812 4204 αὐτῆς
845 4134 1178 4203 ἀναϐήσεται
1197 4150 1211 4164 ·
1249 4134 1345 4185 καὶ
1379 4131 1825 4185 ὲπαναπαύσεται
1852 4131 1939 4182 ἐπ’

372 4233 536 4285 αὑτὸν
554 4229 695 4282 ἁπτὰ
713 4228 1021 4295 πνεύματω
1050 4224 1267 4294 πνεῦμα
1287 4225 1502 4293 σοφίας,
1516 4224 1799 4287 συνέσεως,
1815 4223 1949 4291 γνώ-

373 4336 534 4383 σεως,
562 4316 866 4378 εὐσεϐείας,
907 4315 1121 4383 βουλῆς.
1165 4315 1365 4383 ἰσχύος,
1408 4315 1593 4381 φοὸου.
1621 4332 1639 4365 ι
1667 4313 1849 4366 Ταῦτα
1878 4314 1948 4366 τὰ

371 4412 512 4465 ἑπτὰ
532 4408 840 4476 πνεύματα,
863 4406 1057 4458 κτιστὰ
1080 4405 1482 4474 φρενοδλαϐῶς,
1504 4406 1552 4456 οἰ
1572 4408 1639 4456 τὰ
1664 4405 1771 4455 τῶν
1796 4405 1948 4474 αίρε-

2005 566 2064 610 ιιι
2094 557 2269 611 dicam
2307 558 2447 610 sicut
2481 553 2774 621 Gregorius
2809 554 3114 619 Theologus
3161 553 3439 621 aptissime
3486 570 3577 607 vo-

2004 658 2176 714 catus,
2226 649 2571 701 umndandus
2628 662 2748 700 mox
2800 656 3135 715 persecutor.
3185 661 3345 714 quem
3396 661 3580 714 perse-

2004 743 2273 810 quebatur
2318 742 2475 807 vidit,
2523 755 2617 796 seu
2668 743 2845 810 potius
2895 754 3117 809 parvam
3167 753 3374 807 magum
3423 738 3582 791 Lucis

2008 834 2323 888 scintillam.

2076 1021 2166 1078 68.
2205 1020 2392 1073 Divina
2435 1020 2650 1087 quidem
2698 1018 2930 1072 essentia
2979 1030 3255 1084 nunquam
3305 1013 3587 1083 pluraliter

2009 1115 2237 1173 dicitur:
2272 1126 2425 1165 sacra
2461 1127 2587 1163 vero
2627 1120 2681 1164 et
2719 1113 2956 1162 iuereata
2990 1108 3079 1160 Dei
3112 1107 3282 1177 gratia
3319 1119 3371 1158 et
3402 1121 3588 1172 opera-

2012 1206 2105 1270 tio,
2135 1202 2408 1256 individua
2434 1201 2742 1260 distributa.
2770 1202 2834 1250 ad
2869 1199 3163 1266 imaginem
3193 1198 3386 1250 solaris
3423 1196 3583 1257 radii,

2012 1298 2102 1363 qui
2139 1305 2193 1348 et
2226 1293 2495 1357 calefacit,
2528 1302 2580 1345 et
2629 1292 2883 1351 illustrat,
2932 1300 2984 1344 et
3019 1290 3274 1352 viviﬁcnt,
3308 1301 3359 1343 et
3396 1291 3585 1349 nutrit,

2012 1400 2059 1441 et
2100 1387 2416 1441 illtttninatis
2462 1384 2735 1454 propriam
2776 1383 3015 1436 immittit
3061 1383 3259 1445 lucem,
3313 1393 3367 1435 et
3417 1384 3589 1435 ocuiis

2012 1480 2311 1534 videntium
2367 1486 2646 1546 apparet:
2691 1477 2755 1529 ad
2814 1476 2951 1529 hanc
3002 1477 3161 1544 igitur
3217 1474 3585 1526 obscuriorent

2014 1576 2189 1627 adhuc
2222 1573 2533 1641 imaginem,
2568 1581 2752 1624 sancta
2789 1571 2878 1623 Dei
2913 1571 3160 1636 operatio
3196 1585 3301 1621 nou
3338 1586 3441 1620 una
3474 1578 3591 1620 tan-

2016 1673 2153 1726 tum,
2187 1664 2281 1716 sed
2319 1661 2594 1730 multiplex
2628 1671 2852 1713 vocatur
2899 1676 2926 1713 a
2979 1660 3263 1728 theologis,
3300 1670 3354 1710 ut
3389 1660 3462 1711 ait
3494 1660 3592 1709 Ba-

2015 1759 2167 1813 silius
2221 1772 2448 1825 magnus
2496 1773 2509 1809 :
2564 1776 2581 1807 ι
2632 1755 2986 1821 Operatioues
3038 1755 3261 1821 spiritus
3311 1753 3595 1821 qua-nam?

2016 1851 2317 1906 ineﬂ'abiles
2347 1850 2563 1917 quidem
2596 1860 2725 1903 sunt
2762 1849 2830 1903 ob
2861 1848 3309 1915 magnitudinem,
3338 1859 3390 1899 at
3434 1849 3593 1898 inntt—

2016 1944 2303 1998 merabiles
2332 1945 2402 1996 ob
2434 1942 2857 1995 multitudinem.
2898 1940 3179 2005 Quomodo
3210 1942 3352 1994 enim
3395 1940 3593 1994 intelli-

2015 2052 2204 2106 gamus
2230 2051 2349 2103 qua:
2378 2043 2504 2087 sunt
2547 2035 2683 2087 ultra
2736 2034 2969 2087 smcula?
2999 2034 3255 2099 Quantam
3289 2043 3441 2085 erant
3481 2032 3596 2097 ejus

2016 2140 2145 2185 ante
2205 2129 2655 2184 intellectualium
2729 2128 3062 2180 creationem
3142 2126 3519 2194 Operatioues?
3572 2145 3589 2176 ι

2018 2224 2188 2278 Porro
2220 2234 2345 2276 ante
2384 2220 2753 2289 iuteltigibiles
2786 2230 3065 2273 creaturas
3111 2228 3164 2273 et
3212 2220 3347 2271 ultra
3400 2220 3597 2271 san-uia

2024 2317 2248 2385 (etenim
2302 2314 2419 2383 ipsa
2468 2316 2665 2369 smcula
2717 2311 3082 2381 intelligihiles
3139 2323 3401 2366 creatura:
3450 2317 3597 2379 sum)

2026 2423 2185 2462 uento
2220 2407 2349 2476 quid
2398 2416 2637 2460 creatum
2691 2420 2927 2471 unquam
2987 2406 3121 2458 dixit
3177 2416 3272 2458 aut
3321 2404 3596 2474 cogitavit.

2025 2500 2263 2553 Inereata
2300 2500 2461 2568 igitur
2492 2509 2619 2552 sunt
2652 2499 2822 2551 divini
2862 2497 3096 2565 Spiritus
3129 2498 3355 2550 virtutes
3385 2508 3435 2550 et
3470 2513 3602 2565 ope-

2026 2592 2300 2657 rationes;
2337 2592 2428 2644 sed
2466 2591 2589 2658 quia
2629 2592 2808 2643 multa:
2859 2606 2884 2640 a
2925 2589 3184 2657 theologis
3221 2601 3600 2651 utnneraqur,

2030 2684 2306 2737 inditidne
2336 2685 2401 2735 al)
2432 2698 2534 2735 uua
2569 2692 2621 2737 et
2647 2682 2869 2736 omnino
2902 2682 3127 2734 indivisa
3158 2681 3390 2749 Spiritus
3420 2698 3605 2735 esseu-

2028 2781 2098 2831 tia
2136 2778 2559 2832 distribuuntur.

2104 2960 2192 3018 69.
2226 2963 2467 3017 Inereata
2516 2959 2607 3013 Dei
2654 2959 2921 3029 operatio,
2952 2957 3231 3012 individuo
3264 2959 3459 3021 divisa,
3492 2960 3607 3025 plu-

2034 3058 2220 3112 raliter
2266 3070 2293 3108 a
2345 3054 2609 3119 theologis
2696 3053 3018 3119 exhibetur,
3058 3062 3116 3105 ut
3167 3068 3325 3118 supra
3378 3050 3610 3105 Basilius

2042 3164 2273 3219 magnus
2305 3148 2559 3202 ostendit.
2591 3147 2690 3211 Qui
2741 3146 2905 3215 igitur
2933 3147 3110 3198 divina
3161 3156 3215 3199 et
3263 3146 3451 3198 drilica
3490 3147 3611 3198 illu-

2038 3241 2265 3295 minatio
2312 3250 2369 3294 et
2419 3239 2590 3311 gratia
2646 3253 2751 3292 non
2796 3239 3055 3301 essentia,
3090 3241 3183 3293 sed
3232 3241 3476 3306 operatio
3525 3250 3609 3293 est

2035 3333 2150 3395 Dei,
2195 3332 2315 3385 ideo
2345 3343 2398 3386 et
2432 3332 2544 3400 ipsa
2596 3347 2703 3385 non
2754 3331 3125 3397 tetnporaliter
3172 3342 3399 3393 tantum,
3436 3334 3527 3385 sed
3559 3344 3613 3384 et

2028 3424 2323 3493 pluraliter
2355 3433 2677 3487 prtestatur,
2732 3412 3141 3476 accommodate
3191 3424 3352 3486 data,
3409 3435 3461 3477 et
3514 3441 3610 3491 ιιιο

2036 3515 2445 3583 suscipientium
2480 3523 2663 3583 captu,
2702 3516 2959 3585 majorem
3007 3516 3087 3568 vel
3141 3517 3401 3568 minorem
3449 3518 3608 3570 eruit-

2039 3618 2156 3664 teus
2186 3608 2557 3678 splendorem.

2113 3870 2197 3924 70.
2235 3872 2355 3924 illas
2384 3873 2731 3940 Operationes
2779 3882 2983 3938 septem
3038 3871 3203 3924 Isaias
3249 3877 3609 3940 enunmrarit,

2040 3980 2205 4035 porro
2274 3975 2478 4033 septem
2550 3966 2688 4034 apud
2763 3965 3019 4019 llebra'os
3082 3969 3351 4030 signiﬁcat
3422 3971 3611 4021 lltnlltt.

2046 4078 2066 4109 I
2108 4058 2449 4125 Egredietur,
2488 4058 2684 4124 itltlllil,
2717 4060 2865 4126 virga
2899 4059 2965 4111 tit:
3005 4061 3187 4112 radice.
3222 4058 3394 4125 lassa.
3430 4073 3483 4113 (el
3518 4062 3614 4115 ηυξ

2040 4152 2106 4206 de
2139 4152 2226 4205 illa
2265 4151 2535 4205 ascendet.
2584 4149 2647 4203 Et
2684 4151 3030 4219 requ-iescettt
3062 4167 3225 4218 super
3253 4169 3373 4205 eum
3408 4168 3612 4222 septem

2042 4244 2264 4310 spiritus
2301 4263 2314 4296 :
2349 4244 2574 4311 spiritus
2617 4244 2915 4309 sapientiae,
2972 4243 3299 4307 intellectus,
3348 4246 3609 4308 scientia),

2043 4337 2279 4406 pietatis,
2311 4335 2541 4395 consilii,
2581 4333 2936 4397 fortitudinis,
2989 4335 3195 4387 timoris
3224 4337 3291 4389 '9.
3343 4356 3361 4387 ι
3416 4335 3477 4388 ili
3524 4353 3612 4389 se-

2044 4436 2184 4495 ptem
2219 4423 2442 4491 spiritus
2484 4438 2604 4475 esse
2635 4432 2846 4475 creatos
2882 4422 3043 4475 stulte
3076 4426 3407 4475 contendunt
3445 4429 3617 4475 tia-rc-

371 4501 543 4554 τικῶν
578 4496 922 4566 φρονοῦντες,
959 4491 1100 4547 εἶναι
1150 4495 1524 4548 διατείνονται.
1566 4494 1671 4556 Οὓς
1705 4496 1807 4547 κάν
1836 4496 1946 4557 τοῖς
1970 4508 2015 4562 ι)
2045 4533 2048 4568 ι

1939 4508 2015 4562 in
2045 4519 2273 4572 ticorum
2326 4526 2709 4568 assentatores.
2760 4514 2925 4578 Quos,
2964 4517 3137 4580 ampla
3185 4531 3371 4567 eorum
3418 4515 3616 4567 refuta-

370 4593 461 4646 διὰ
478 4591 717 4651 πλάτους
743 4588 881 4657 πρὸς
909 4586 1105 4647 αὐτοὺς
1140 4570 1568 4655 Ἀντιρῤητικοῖς
1599 4585 1947 4654 προσθέντες,

374 4683 613 4752 διαρκῶς
644 4678 1060 4745 ἁπηλέγξαμεν.
1119 4676 1278 4727 Ἀλλὰ
1312 4675 1406 4726 καὶ
1438 4675 1737 4759 Γρηγόριος
1758 4678 1785 4727 ὁ
1823 4675 1953 4727 Θεο-

377 4779 557 4843 λὸγος,
587 4773 695 4825 τῶν
730 4770 894 4823 θείων
929 4770 1135 4820 τούτων
1168 4767 1261 4819 τοῦ
1311 4765 1629 4831 Πνεῦματος
1660 4764 1950 4834 ἐνεργειῶν

381 4866 664 4938 μνησθεὶς,
688 4864 798 4923 Τὰς
817 4860 1123 4929 ἐνεργείας,
1149 4858 1305 4926 φησι,
1327 4855 1420 4908 τοῦ
1441 4854 1578 4907 Πνεύ
1588 4871 1754 4923 ματος
1782 4853 1948 4906 πνεύ-

381 4976 525 5028 ματα
566 4958 718 5024 φίλον
756 4953 834 5020 τῷ
874 4950 1073 5019 Ἡσαΐᾳ
1114 4947 1314 5001 καλεῖν.
1360 4947 1467 4999 Καὶ
1499 4948 1660 5009 αὐτὸς
1700 4948 1756 5000 δὲ
1784 4949 1813 4999 ὁ
1844 4946 1951 4999 τῶν

377 5047 679 5119 προφητῶν
720 5042 1256 5114 μεγαλοφωνότατος,
1293 5040 1351 5090 οὐ
1377 5039 1473 5105 τὴν
1502 5038 1637 5107 πρὸς
1665 5038 1761 5106 τὴν
1801 5038 1948 5089 θείαν

380 5140 544 5207 μόνον
581 5135 769 5187 οὐσίαν
799 5130 1065 5199 διαφορὰν
1104 5127 1349 5197 ἐναργῶς
1382 5126 1549 5192 ἔδειξε
1580 5126 1668 5179 διὰ
1701 5125 1794 5179 τοῦ
1819 5128 1941 5197 ἀρι-

370 5215 533 5286 θμοῦ,
558 5214 695 5267 ἀλλὰ
721 5213 817 5264 καὶ
851 5211 917 5263 τὸ
958 5209 1211 5263 ἄκτιστον
1243 5208 1353 5260 τῶν
1390 5207 1549 5260 θείων
1575 5210 1781 5259 τούτων
1807 5222 1952 5273 παρ-

371 5310 605 5376 έστησεν
636 5302 949 5374 ἐνεργειῶν,
985 5301 1072 5352 διὰ
1097 5300 1198 5367 τῆς
1230 5298 1324 5351 τοῦ
1354 5298 1798 5351 ὲπαναπαύεσθαι
1831 5313 1943 5367 φωρ-

364 5399 489 5466 νῆς.
518 5398 594 5450 Τὸ
620 5396 729 5464 γὰρ
762 5390 1216 5446 ὲπαυαπαύεσθαι
1265 5389 1594 5458 ὑπεροχικοῦ
1634 5389 1946 5456 ἀξιώματός

366 5492 507 5542 ἐστι.
540 5489 623 5541 Τὰ
647 5487 741 5540 οὖν
767 5482 1237 5552 ὲπαναπαυόμενα
1289 5483 1384 5533 ἐπὶ
1419 5483 1479 5533 τὸ
1510 5483 1638 5551 παρ’
1670 5485 1700 5549 ή
1712 5482 1826 5550 μῶν
1854 5484 1949 5532 Δε-

375 5579 639 5631 οποτικδν
660 5580 836 5630 ἐκεῖνο
863 5575 1219 5645 πρόσλημμα,
1253 5573 1367 5636 πῶς
1395 5573 1460 5625 ἂν
1493 5569 1603 5623 εἷεν
1635 5573 1944 5642 κτίσματα;

440 5796 487 5829 ’⁸
518 5797 600 5850 lsa
636 5812 706 5862 ιι,
753 5796 859 5849 1-2.

2048 4613 2253 4663 talione
2286 4609 2464 4661 adhuc
2497 4607 2746 4669 adaucta,
2782 4605 3112 4658 sttmt'ienter
3146 4605 3461 4659 reiellimus.
3511 4605 3614 4658 Sed

2046 4700 2268 4768 insuper
2299 4699 2593 4767 Gregorius
2623 4697 2952 4765 Tlteologus,
2986 4698 3198 4749 divinas
3230 4697 3345 4749 illas
3391 4698 3619 4764 spiritus

2045 4790 2389 4859 operatioues
2426 4805 2731 4843 memorans
2762 4805 2775 4841 :
2811 4806 2828 4839 ι
2868 4789 3105 4855 Spiritus
3140 4793 3506 4856 Operationes,
3540 4793 3621 4843 itt-

2047 4884 2190 4951 quit,
2225 4883 2446 4949 spiritus
2472 4896 2667 4933 vocare
2708 4880 2857 4934 Isaia:
2888 4882 3066 4933 lihuit.
3098 4899 3115 4929 ι
3146 4882 3263 4947 Ipse
3294 4892 3468 4934 autem
3498 4899 3619 4949 pro-

2047 4977 2331 5041 phetarum
2363 4973 2804 5034 sublimissiunrs,
2841 4987 2945 5024 non
2992 4973 3165 5024 solum
3216 4988 3307 5024 eas
3344 4974 3559 5026 diﬂerre
3592 4991 3619 5025 a

2050 5065 2231 5118 divina
2266 5064 2500 5116 essentia
2533 5064 2676 5115 clare
2709 5063 2943 5115 ostendit
2972 5079 3065 5130 per
3100 5079 3410 5124 numerum,
3443 5066 3533 5116 sed
3568 5074 3622 5117 et

2050 5156 2318 5210 increatas
2352 5171 2473 5209 esse
2514 5154 2616 5209 has
2656 5155 2865 5209 divinas
2900 5155 3245 5223 operatioues
3277 5157 3621 5207 demonstra-

2044 5251 2119 5304 vit
2148 5250 2249 5303 hac
2276 5262 2427 5311 voce,
2464 5265 2482 5297 ι
2521 5249 2823 5316 requiescet
2855 5262 3017 5315 super
3041 5262 3183 5301 eum.
3222 5268 3239 5297 ι
3274 5245 3403 5297 Nam
3434 5262 3622 5314 super-

2045 5342 2388 5409 requiescere
2422 5350 2505 5394 est
2554 5340 2929 5394 entineutioris
2964 5339 3261 5407 dignitatis.
3295 5337 3422 5402 Quae
3460 5339 3621 5404 igitur

2046 5434 2393 5502 requiescunt
2449 5448 2614 5502 super
2664 5433 2988 5487 dominicam
3045 5434 3182 5485 hanc
3240 5438 3490 5482 naturam
3548 5444 3619 5483 ex

2045 5524 2201 5579 nobis
2232 5533 2590 5592 assumptam,
2626 5524 2898 5592 quomodo
2940 5531 3122 5577 essent
3152 5521 3376 5575 creata?
