4246 6464
661 430 799 497 H75

1899 428 2277 490 GIiEGORI-l
2330 429 2655 491 PALAMJE

3765 438 3907 501 1176

655 550 738 603 ria
768 562 832 602 ex
863 544 1037 615 primo
1073 542 1302 597 Lumine
1335 540 1587 621 fulgentia
1644 549 1769 595 sunt
1804 542 2033 597 virtutes
2071 540 2230 595 intel-
2260 549 2305 604 Α

2260 549 2305 604 Α
2344 552 2567 624 τουργοὶ
2600 551 2701 621 τῆς
2760 550 2871 605 ἄνω
2921 550 3324 623 λαμπρότητος,
3364 551 3459 605 καὶ
3506 553 3661 620 φῶτα
3698 553 3931 624 δεύτερα

657 639 918 696 lectualcs
973 649 1025 691 et
1085 632 1535 689 adurinistratoril
1589 633 1851 702 Spiritus;
1904 643 1957 686 ct
2008 633 2231 701 angelus

658 735 832 806 prima
876 740 959 785 est
987 729 1165 783 lucida
1200 742 1389 779 ua'ura
1441 737 1565 797 post
1611 728 1836 794 primam
1881 742 1943 779 ex
1976 741 2080 795 qua
2118 740 2231 779 res-

659 828 895 897 plendet,
942 834 995 879 et
1046 821 1275 876 secunda
1333 821 1422 873 lux
1475 834 1539 872 ex
1598 818 1769 885 prima
1818 817 1941 871 luce
2000 818 2228 872 ellluens

655 934 889 987 eamque
934 914 1286 985 participans.
1324 910 1386 962 Et
1441 909 1742 964 circulatim
1784 909 1952 962 divini
1983 907 2229 975 Spiritus

659 1014 814 1076 moti,
870 1007 1121 1077 principii
1192 1005 1422 1071 linisquc
1486 1001 1687 1056 nesciis
1747 1000 2232 1055 illuminationibus

654 1102 865 1173 pulchri
890 1110 944 1154 ct
974 1099 1099 1153 boni
1123 1097 1402 1149 uniuntur.
1429 1090 1562 1145 Nam
1581 1100 1909 1145 mternorum
1944 1090 2059 1157 ipse
2088 1088 2231 1141 Deus

655 1205 738 1248 est
778 1194 893 1258 lux,
917 1201 971 1245 et
996 1205 1099 1242 non
1124 1188 1267 1252 aliud
1309 1200 1324 1241 :
1358 1194 1414 1239 et
1443 1184 1585 1251 quod
1617 1192 1704 1237 est
1743 1181 2092 1237 sensibilibus
2122 1179 2229 1243 sol,

652 1291 760 1343 hoc
800 1262 1252 1353 ittlulligi‘liilibltS,
1286 1281 1450 1343 Deus,
1499 1287 1556 1332 et
1590 1277 1814 1351 ipse‘est
1852 1275 2029 1329 omnis
2064 1273 2232 1327 ratio-

655 1382 795 1434 nalis
845 1391 1050 1432 natura:
1080 1374 1347 1427 lunrimire
1382 1373 1612 1441 primum
1647 1381 1702 1423 ct
1733 1384 1943 1423 summa
1976 1369 2086 1420 lux.
2118 1384 2138 1417 ι
2171 1363 2228 1419 Si

654 1472 965 1535 audiveris,
1030 1468 1106 1519 ait
1164 1467 1588 1536 Chrysostomus
1649 1462 1852 1526 Pater,
1908 1462 2228 1528 prophetam

655 1569 970 1620 dicentem:
1019 1579 1037 1612 ι
1075 1558 1197 1613 Vidi
1248 1558 1535 1611 Dominum
1598 1545 1873 1609 sedentem
1935 1567 2102 1622 super
2140 1566 2230 1607 so-

656 1660 788 1713 lium
821 1658 863 1688 ³⁶
891 1675 941 1719 ι,
971 1669 1077 1708 non
1128 1650 1492 1719 suspicaberis
1534 1649 1702 1702 visam
1754 1649 1821 1701 ah
1853 1662 1917 1701 eo
1949 1647 2117 1703 fuisse
2146 1661 2232 1701 es-

653 1751 907 1812 sentiam,
967 1747 1059 1802 setl
1128 1743 1515 1799 demissionem
1568 1742 1850 1805 divinam,
1907 1749 1961 1793 et
2010 1739 2228 1810 quidem

654 1842 1024 1895 ohscuriorcm
1053 1852 1218 1907 quam
1251 1836 1319 1887 ab
1370 1834 1623 1903 supernis
1672 1833 1883 1887 videtur
1914 1831 2226 1885 virtutibus.

725 2107 814 2161 78.
858 2105 1045 2159 Omnis
1082 2113 1271 2157 natura
1304 2103 1670 2157 remotissima
1701 2112 1756 2158 et
1791 2102 2019 2158 omnino
2050 2103 2229 2159 aliena

654 2213 737 2255 est
771 2216 798 2253 a
839 2209 1030 2253 natura
1073 2196 1189 2251 Dei.
1227 2194 1362 2248 Nam
1416 2196 1459 2249 si
1491 2193 1631 2249 Deus
1678 2204 1873 2248 natura
1898 2202 2003 2259 est,
2034 2204 2231 2249 caetera

658 2312 764 2348 non
803 2302 929 2347 sunt
962 2299 1151 2345 natura
1182 2307 1196 2355 ;
1233 2290 1275 2343 si
1329 2303 1458 2342 vero
1502 2298 1825 2342 caeterorum
1858 2288 2111 2357 quodque
2138 2303 2232 2341 na-

656 2401 772 2441 tura
808 2397 911 2447 cst,
938 2386 1024 2438 ille
1058 2399 1161 2438 non
1191 2394 1268 2437 est
1304 2391 1496 2434 natura
1522 2395 1535 2438 ;
1561 2379 1635 2432 ita
1664 2390 1719 2432 ut
1763 2394 1831 2433 ne
1866 2394 1967 2434 cns
1989 2381 2229 2450 quidem,

671 2484 765 2548 sit,
801 2481 845 2533 si
873 2494 933 2532 ca
955 2488 1064 2531 teza
1100 2478 1198 2530 sint
1231 2474 1415 2528 entia:
1444 2473 1487 2527 si
1517 2487 1643 2526 vero
1665 2482 1743 2527 est
1771 2473 1857 2526 ille
1887 2486 2004 2537 ens,
2035 2484 2231 2528 cietera

656 2591 761 2625 non
810 2574 917 2625 sint
969 2568 1133 2621 entia.
1199 2565 1325 2619 llaec
1379 2566 1444 2619 de
1475 2564 1739 2630 sapientia
1795 2573 1850 2617 ct
1883 2564 2147 2632 bonitate,
2180 2575 2232 2619 et

654 2664 949 2733 generatim
983 2663 1047 2716 de
1081 2661 1335 2714 omnibus
1386 2673 1504 2726 qure
1531 2659 1675 2712 circa
1706 2658 1876 2711 Deum
1914 2662 1993 2714 vel
2023 2659 2092 2713 de
2124 2660 2235 2714 Deo

654 2761 931 2818 dicuntur,
999 2753 1277 2813 sentiens,
1337 2752 1531 2805 bonam
1582 2760 1637 2804 et
1683 2751 1889 2804 sanctis
1935 2764 2233 2804 consonam

656 2847 997 2914 protiteheris
1024 2844 1377 2905 theologiam.
1409 2842 1503 2897 Est
1527 2855 1709 2897 autem
1737 2853 1787 2896 et
1811 2843 2011 2897 dicitur
2040 2852 2236 2898 natura

653 2941 862 2993 rntium
896 2938 1140 2992 omnium
1168 2935 1330 3001 Deus,
1363 2937 1487 3004 quia
1517 2947 1714 2991 cuncta
1745 2952 1868 2991 eum
1889 2937 2232 3005 participant,

661 3044 715 3087 et.
764 3032 1181 3102 participatione
1222 3030 1321 3084 hac
1367 3031 1713 3095 subsistunt;
1768 3045 1876 3083 non
1940 3031 2236 3100 participa—

656 3130 801 3179 tione
832 3125 1052 3194 quidem
1082 3134 1286 3178 naturae
1312 3123 1472 3189 illius,
1501 3122 1669 3176 absit!
1704 3122 1796 3176 sed
1821 3122 2236 3191 participatione

2347 640 2442 694 τοῦ
2470 638 2693 710 πρώτου
2723 641 2897 708 φωτὸς
2930 641 3343 711 ἀπαυγάσματα
3370 642 3425 694 αἱ
3456 643 3641 712 νοεραὶ
3667 643 3932 712 δυνάμεις

2346 733 2440 785 καὶ
2478 733 2548 786 τὰ
2583 732 2934 801 λειτουργικὰ
2980 732 3302 801 πνεύματα’
3335 734 3430 786 καὶ
3470 734 3660 805 πρώτη
3690 736 3931 805 φωτεινὴ

2345 825 2526 893 φύσις,
2560 825 2699 895 μετὰ
2729 824 2829 895 τὴν
2882 824 3128 896 πρώτην,
3175 825 3255 895 τῷ
3301 826 3513 878 ἐκεῖθεν
3553 827 3889 896 αὐγάζεσθαι
3914 846 3930 859 ·

2346 924 2439 973 καὶ
2468 919 2721 991 δεύτερον
2753 919 2868 988 φῶς
2897 922 3148 988 ἄγγελος,
3172 922 3268 974 τοῦ
3298 922 3515 992 «pth-ceu
3546 925 3724 992 φωτὸς
3751 925 3933 995 amp.

2344 1013 2440 1082 ροή
2475 1029 2578 1076 τις,
2621 1012 2654 1082 ἢ
2693 1012 2973 1082 μετουσία.
3019 1012 3130 1065 Καὶ
3169 1015 3445 1079 κυκλικῶς
3476 1019 3524 1069 οἱ
3573 1017 3707 1069 θεῖοι
3741 1018 3932 1070 κινού-

2358 1120 2510 1169 μενοι
2534 1102 2675 1168 νόες,
2710 1103 2956 1156 ἑνοῦνται
2989 1106 3107 1168 ταῖς
3134 1106 3389 1177 ἀνάρχοις
3418 1109 3513 1161 καὶ
3548 1110 3932 1179 ἁτελευτήτοις

2340 1194 2640 1265 ἑλλάμψισι
2676 1194 2773 1250 τοῦ
2824 1197 2990 1251 καλοῦ
3036 1200 3129 1252 καὶ
3170 1199 3399 1267 ἀγαθοῦ.
3436 1202 3562 1263 Τοῖς
3594 1202 3701 1273 γὰρ
3736 1203 3934 1266 ἀϊδίοις

2340 1286 2507 1349 αὐτὸς
2548 1289 2576 1340 ὁ
2615 1287 2747 1350 Θεός
2790 1291 2905 1341 ἐστι
2938 1290 3074 1357 φῶς,
3117 1292 3212 1344 καὶ
3264 1292 3363 1345 οὐκ
3410 1292 3572 1347 ἄλλο’
3616 1295 3708 1348 καὶ
3743 1295 3769 1347 ὅ
3818 1299 3935 1357 τοῖς

2341 1372 2627 1448 αἰσθητοῖς
2652 1379 2822 1448 ἥλιος,
2858 1381 3017 1434 τοῦτο
3052 1385 3166 1446 τοῖς
3204 1387 3414 1451 νοητοῖς
3442 1385 3573 1448 Θεός
3595 1402 3610 1417 ο
3643 1388 3736 1439 καὶ
3763 1389 3933 1452 αὑτός

2338 1468 2456 1518 ἐστι
2488 1466 2549 1519 τὸ
2571 1467 2752 1536 πάσης
2778 1468 2879 1539 τῆς
2912 1470 3138 1540 λογικῆς
3163 1472 3381 1539 φύσεως
3412 1474 3744 1541 φωτιστικδν
3769 1464 3934 1544 ’πρῶ-

2335 1575 2428 1611 τον
2467 1560 2559 1612 καὶ
2595 1560 2896 1631 ἀκρότατον
2922 1562 3061 1632 φῶς.
3105 1583 3123 1613 ι
3146 1564 3268 1618 Κᾶν
3295 1564 3389 1619 τοῦ
3426 1568 3710 1637 προφήτου
3742 1569 3934 1635 λέγον-

2338 1669 2428 1715 τος
2450 1652 2709 1723 ἀκούσῃς,
2731 1655 3169 1726 ὁΧρυσόστομός
3196 1660 3575 1729 φησιῐιατήρ·
3602 1678 3620 1710 ι
3658 1656 3817 1715 Εἶδον
3834 1662 3933 1714 τὸν

2338 1743 2540 1813 Κύριον
2584 1744 2892 1814 καθήμενον
2935 1747 3026 1800 ἐπὶ
3058 1746 3282 1817 θρόνου·
3320 1768 3339 1801 ι
3376 1750 3451 1820 μὴ
3474 1749 3632 1803 τοῦτο
3654 1751 3933 1805 ὑποπτεύ-

2341 1853 2461 1911 οῃς,
2496 1840 2578 1891 ὅτι
2609 1837 2706 1908 τὴν
2743 1838 2932 1892 οὐσίαν
2967 1835 3106 1894 εἶδεν
3131 1842 3369 1910 ἐκείνην,
3407 1842 3544 1895 ἀλλὰ
3577 1844 3678 1913 τὴν
3719 1861 3931 1911 συγκα-

2334 1929 2595 1982 τάϐασιν·
2629 1931 2724 1984 καὶ
2760 1931 2965 2003 ταύτην
3026 1932 3082 1987 δὲ
3135 1934 3506 2007 ἀμυδρότερον
3536 1935 3681 2008 ἢπερ
3725 1939 3782 1990 al
3814 1938 3932 1992 ἄνω

2335 2019 2617 2088 δυνάμεις.

2405 2119 2506 2185 οη’.
2547 2114 2701 2167 Πᾶσα
2731 2113 2892 2182 φύσις
2944 2115 3022 2177 ὡς
3051 2116 3390 2187 πορρωτάτω
3419 2117 3555 2181 ἐστὶ,
3588 2119 3682 2171 καὶ
3714 2119 3929 2173 παντά-

2336 2223 2474 2259 πασι
2503 2206 2626 2277 ξένη
2666 2210 2763 2278 τῆς
2801 2206 2955 2271 θείας
2990 2208 3228 2276 φύσεως.
3274 2211 3335 2262 Ei
3363 2210 3472 2281 γὰρ
3512 2212 3541 2264 ὁ
3571 2212 3706 2275 Θεὸς
3738 2214 3928 2281 φύσις,

2336 2299 2503 2353 τᾶλλα
2524 2302 2624 2353 οὐκ
2654 2300 2768 2354 ἐστι
2796 2301 2958 2370 φύσις
2979 2318 2992 2332 ·
3018 2304 3067 2356 εί
3100 2303 3158 2356 δὲ
3203 2303 3314 2357 τῶν
3354 2305 3534 2360 ἄλλων
3560 2306 3794 2361 ἕκαστον
3820 2309 3927 2376 φύο

2341 2410 2448 2453 σις,
2483 2394 2692 2456 ἐκεῖνος
2735 2393 2835 2446 οὐκ
2888 2393 3005 2447 ἔστι
3051 2394 3244 2463 φύσις
3284 2396 3361 2459 ὡς
3391 2397 3513 2450 οὐδὲ
3558 2399 3619 2451 ὃν
3664 2401 3836 2464 ἐστιν,
3879 2402 3932 2453 εί

2336 2484 2503 2538 τᾶλλα
2537 2484 2667 2540 ὄντα
2699 2486 2868 2540 ἐστίν.
2897 2485 2959 2539 ΕΞ
2988 2487 3032 2539 δ’
3066 2487 3213 2540 ἔστιν
3246 2488 3456 2553 ἐκεῖνος
3491 2490 3586 2557 ὢν,
3620 2493 3790 2547 τᾶλλα
3826 2494 3934 2546 οὐκ

2338 2576 2484 2629 εστιν
2523 2576 2672 2632 ὅντα.
2707 2579 2878 2631 Τοῦτο
2921 2580 3057 2632 κάπὶ
3087 2583 3185 2651 τῆς
3212 2582 3405 2650 σοφίας
3438 2582 3533 2636 καὶ
3582 2586 3679 2653 τῆς
3728 2585 3937 2652 ἀγαθός-

2338 2689 2520 2741 τητος,
2558 2674 2651 2726 καὶ
2679 2674 2870 2738 ἁπλῶς
2902 2674 2995 2728 ἐπὶ
3024 2676 3240 2729 πάντων
3262 2675 3374 2729 τῶν
3398 2678 3529 2746 περὶ
3552 2678 3706 2744 Θεὸν,
3744 2679 3775 2748 ἦ
3798 2681 3937 2749 περὶ

2338 2763 2475 2816 Θεοῦ
2530 2766 2843 2836 λεγομένων
2877 2765 3188 2835 λαμϐάνων,
3234 2766 3417 2831 καλῶς
3450 2769 3545 2821 καὶ
3588 2773 3700 2833 τοῖς
3750 2770 3937 2838 ἁγίοις

2340 2854 2651 2917 ἀκολούθως
2683 2855 3052 2928 θεολογήσεις.
3089 2856 3246 2910 Ἔστι
3276 2858 3333 2911 δὲ
3372 2859 3467 2912 καὶ
3500 2859 3716 2927 λέγεται
3766 2861 3937 2930 φύσις

2338 2947 2448 2999 τῶν
2506 2946 2680 3001 ὅντων
2713 2948 2932 3000 πάντων
2963 2950 2991 2998 ὁ
3031 2948 3183 3013 Θεὸς,
3226 2950 3303 3013 ὡς
3338 2950 3504 3003 αὐτοῦ
3545 2952 3764 3005 πάντων
3803 2971 3939 3023 μετ-

2343 3039 2600 3109 εχόντων,
2635 3040 2730 3093 καὶ
2758 3042 2823 3110 τῇ
2865 3039 3079 3109 μεθέξει
3108 3041 3299 3093 τούτου
3347 3043 3732 3096 συνεστώτων’
3770 3046 3833 3097 οὐ
3864 3049 3935 3117 τῇ

2346 3130 2565 3199 μεθέξει
2593 3133 2695 3201 τῆς
2717 3130 2885 3184 αὐτοῦ
2921 3131 3158 3199 φύσεως,
3189 3133 3406 3199 ᾶπαγεί
3447 3132 3582 3187 ἀλλὰ
3613 3137 3676 3204 τῇ
3714 3136 3938 3203 μεθέξει

653 3222 771 3286 ejus
812 3216 1161 3284 operationis.
1200 3215 1290 3268 Sic
1342 3214 1485 3267 enim
1515 3224 1597 3267 est
1632 3214 1808 3281 ipsum
1844 3227 1966 3268 esse
1998 3213 2230 3277 entium,
2261 3236 2306 3296 ς

2261 3236 2306 3296 c
2341 3224 2441 3291 τῆς
2500 3220 2669 3274 αὐτοῦ
2725 3222 3024 3291 ἐνεργείας.
3062 3222 3220 3275 Οῦτω
3251 3225 3359 3295 γὰρ
3409 3225 3503 3279 καὶ
3545 3226 3770 3295 ὀντὸτης
3816 3228 3938 3279 ἐστὶ

653 3322 703 3361 et
733 3310 904 3361 forma
970 3312 1120 3361 (orm;
1146 3322 1263 3360 rum
1324 3304 1481 3372 QUdSi
1522 3306 1838 3373 archetypa,
1876 3314 1931 3358 et
1962 3304 2230 3374 sapientia

653 3404 1002 3472 bapietttitlltl,
1048 3411 1101 3453 et
1156 3400 1455 3468 generatim
1504 3399 1687 3452 omnia
1742 3400 1795 3451 in
1817 3400 2091 3454 omnibus.
2120 3397 2231 3452 Nec

652 3506 736 3547 est
766 3477 980 3558 natura,
1029 3504 1282 3558 tanquam
1332 3505 1494 3559 supra
1554 3504 1769 3542 onmem
1812 3498 2101 3557 naturam;
2132 3505 2231 3546 nec

652 3602 731 3642 ist
766 3604 885 3648 ens.
941 3599 1196 3655 tanquam
1246 3598 1408 3651 supra
1461 3582 1643 3638 omnia
1689 3582 1876 3645 entia;
1924 3598 2024 3638 nec
2061 3583 2233 3638 forma

655 3694 759 3746 est,
796 3698 899 3734 nec
954 3679 1180 3732 formam
1212 3676 1394 3741 habet,
1431 3686 1681 3743 tanquam
1721 3677 1765 3729 si
1799 3690 1965 3743 supra
1997 3673 2231 3729 formam

655 3787 744 3825 su.
777 3769 1060 3837 Quamodo
1097 3768 1261 3837 igitur
1290 3782 1390 3820 nos
1430 3780 1596 3835 prope
1635 3763 1800 3818 Deum
1833 3765 2062 3820 fiamus?
2092 3765 2233 3819 Num

656 3870 719 3915 ad
758 3876 1001 3915 naturam
1022 3863 1138 3926 ejus
1165 3858 1705 3929 appropinquantes?
1726 3857 1831 3911 Sed
1857 3868 2233 3913 creaturarum

655 3971 720 4007 t-e
751 3970 853 4008 una
881 3953 1094 4021 quidem
1139 3953 1303 4009 ullam
1348 3950 1507 4004 habet
1546 3948 2100 4003 communicationem
2142 3960 2238 4002 aut

657 4046 976 4098 atiinitatem
1032 4058 1154 4096 cum
1187 4055 1443 4107 suprema
1483 4050 1701 4094 natura.
1758 4039 1814 4093 Si
1844 4041 1966 4110 quis
2010 4057 2139 4111 ergo
2168 4043 2235 4096 ad

657 4140 824 4191 Deum
850 4138 1077 4197 accedit,
1107 4134 1426 4204 operatione
1487 4149 1707 4201 prorsus
1740 4134 1788 4188 ei
1814 4135 2235 4205 appropinquat.

655 4233 937 4294 Quomodo
993 4226 1194 4294 igitur?
1231 4225 1297 4281 Ut
1346 4226 1487 4280 hanc
1522 4226 1818 4295 participas
1869 4227 2238 4280 naturaliter?

656 4324 760 4375 Sed
802 4322 853 4374 id
890 4335 1179 4375 commune
1209 4328 1293 4374 est
1323 4320 1575 4374 onmibus
1624 4320 1914 4374 creaturis.
1956 4319 2097 4390 Ergo
2127 4336 2235 4375 non

656 4430 751 4481 prr
780 4414 1103 4467 naturaliter
1126 4412 1310 4478 insita,
1339 4416 1435 4467 sed
1477 4428 1573 4479 per
1607 4413 1777 4467 libere
1814 4415 1956 4467 laeta
2008 4416 2238 4483 propior

657 4508 781 4574 quis
833 4504 940 4559 Deo
971 4505 1052 4558 vel
1095 4506 1162 4557 ab
1216 4521 1280 4559 co
1315 4506 1575 4558 remotior
1612 4505 1709 4571 lit;
1769 4506 2021 4560 libertate
2056 4518 2234 4560 autent

658 4598 941 4650 rationalia
998 4607 1202 4649 tantum
1257 4596 1517 4665 gaudent.
1587 4597 1779 4665 Itaque
1831 4598 1975 4651 inter
2026 4600 2235 4665 omnia,

660 4693 771 4744 hsce
813 4699 1021 4742 tantmn
1051 4700 1137 4741 aut
1170 4689 1355 4758 procul
1390 4699 1483 4741 aut
1517 4704 1678 4757 prope
1724 4690 1852 4743 fiunt
1877 4707 2002 4759 erga
2045 4693 2233 4754 licutn,

659 4799 779 4845 nam
823 4783 1023 4834 virtute
1073 4792 1172 4841 aut
1212 4780 1450 4847 nequitia
1497 4783 1610 4833 sive
1644 4781 1905 4835 accedunt
1938 4784 2056 4836 sive
2087 4798 2239 4836 rece-

660 4874 828 4925 dunt!
878 4870 939 4922 Et
971 4871 1199 4939 proinde
1244 4868 1411 4923 etiam
1447 4869 1561 4923 haec
1595 4881 1801 4923 tantum
1855 4874 2076 4939 capacia
2112 4880 2239 4925 sunt

662 4965 935 5016 ti-tiestatis
997 4972 1091 5016 aut
1120 4962 1480 5017 infelicitatis.
1535 4965 1606 5016 At
1636 4978 1737 5016 nos
1775 4962 2088 5018 felicitatem
2121 4973 2237 5018 stu-

661 5061 886 5109 deamus
925 5057 1204 5124 consequi.

734 5148 821 5201 79.
852 5148 982 5201 Alia:
1009 5148 1073 5201 ab
1100 5148 1220 5199 aliis
1252 5147 1564 5200 differentes
1599 5157 1884 5216 creatur-te,
1929 5151 2010 5203 vel
2046 5160 2237 5204 natura

667 5242 776 5293 lico
802 5238 1008 5300 allines,
1044 5238 1124 5290 vel
1151 5238 1338 5289 alicme
1364 5239 1433 5289 ah
1469 5252 1535 5290 eo
1557 5237 1832 5293 dicuntur.
1860 5240 2058 5295 Allines
2092 5245 2237 5295 enim

663 5329 881 5379 ιιι-ιιςιιὶε
912 5336 1174 5379 vocantur
1206 5336 1409 5393 natume
1456 5327 1851 5383 intellectuales
1880 5338 1934 5382 et
1962 5330 2237 5386 intellectu

666 5422 781 5473 solo
814 5429 1111 5487 perceptze;
1146 5419 1334 5471 alienm
1368 5433 1493 5473 vero
1524 5435 1767 5487 prorsus,
1799 5436 1917 5489 qua:
1942 5434 2069 5476 sunt
2108 5440 2237 5479 sen-

666 5514 886 5575 siinles;
921 5523 974 5563 et
1004 5513 1086 5565 his
1118 5512 1247 5581 ipsis
1297 5514 1475 5566 adlme
1506 5515 1842 5578 remotiores,
1874 5532 1992 5584 quae
2016 5520 2243 5574 omnino

669 5605 979 5656 inanimata:
1016 5612 1071 5655 ct
1124 5602 1428 5657 immobiles
1495 5615 1639 5660 sunt.
1679 5606 2024 5674 Comparate
2074 5610 2242 5678 igitur

666 5696 767 5750 Silii
826 5698 1056 5750 invicem
1116 5708 1405 5762 creatum,
1461 5699 1667 5753 similes
1736 5699 1842 5756 Deo
1900 5713 2117 5768 natura,
2156 5705 2236 5757 vel

816 5884 913 5939 Ιδίὶ.
948 5901 1020 5951 Vt,
1062 5885 1106 5939 Ι.

2342 3314 2451 3367 τῶν
2478 3313 2671 3380 ὄντων,
2700 3315 2796 3367 καὶ
2826 3312 2967 3377 εἶδος
3013 3316 3071 3368 ὲν
3100 3318 3215 3378 τοῖς
3258 3317 3455 3369 εἴδεσιν
3486 3316 3561 3379 ὡς
3614 3318 3936 3388 είδεὰρχης,

2343 3406 2438 3458 καὶ
2477 3405 2643 3474 σοφία
2674 3407 2784 3459 τῶν
2840 3406 3236 3476 σοφιζομένων,
3271 3407 3365 3460 καὶ
3397 3406 3587 3470 ἁπλῶς
3636 3408 3704 3461 τὰ
3755 3410 3941 3463 πάντα

2344 3498 2596 3552 πάντων·
2624 3500 2717 3552 καὶ
2750 3499 2851 3553 οὐκ
2893 3498 2970 3551 ὣν
3010 3499 3193 3568 φύσις,
3225 3500 3301 3563 ὡς
3348 3500 3489 3569 ὑπὲρ
3520 3502 3702 3554 πᾶσαν
3730 3500 3895 3569 φύσιν
3918 3517 3935 3530 ·

2343 3594 2438 3647 καὶ
2462 3594 2564 3646 ούκ
2591 3593 2669 3647 ὢν
2699 3594 2797 3657 ὢν,
2826 3594 2902 3657 ὡς
2934 3594 3077 3662 ὑπὲρ
3110 3594 3291 3647 πάντα
3322 3594 3392 3647 τὰ
3414 3596 3544 3647 ὂντα
3564 3612 3577 3625 ·
3612 3595 3707 3648 καὶ
3735 3595 3838 3649 ούκ
3860 3594 3939 3647 ὢν

2342 3684 2453 3737 οὐδ’
2482 3686 2625 3754 ἔχων
2664 3682 2825 3748 εἶδος.
2849 3684 2926 3747 ὡς
2966 3685 3109 3754 ὑπὲρ
3155 3680 3294 3747 εἶδος
3323 3682 3421 3739 ὧν.
3459 3686 3586 3749 Πῶς
3627 3684 3722 3738 οὖν
3768 3688 3940 3755 ἡμεῖς

2344 3775 2573 3843 πλησίον
2600 3775 2695 3828 τοῦ
2717 3775 2854 3828 Θεοῦ
2883 3774 3172 3844 γενώμεθα
3194 3792 3208 3839 ;
3234 3772 3382 3845 'Apa
3410 3778 3474 3845 τῇ
3508 3775 3667 3843 φύσει
3696 3776 3940 3844 πλησιά-

2346 3868 2530 3931 ζοντες
2562 3868 2762 3934 αύτοῦ;
2803 3868 2918 3920 ἀλλ’
2949 3868 3068 3919 οὐδὲ
3106 3867 3235 3938 μίαν
3280 3868 3391 3937 ἔχει
3422 3868 3453 3937 ἢ
3488 3868 3600 3932 ἔξει
3647 3870 3940 3921 κοινωνίαν

2348 3961 2379 4029 ἢ
2420 3960 2702 4029 ἐγγύτητα
2734 3960 2870 4029 πρὸς
2899 3958 2999 4029 τὴν
3028 3960 3290 4012 ἀνωτάτω
3329 3958 3513 4028 φύσιν,
3550 3960 3660 4013 τῶν
3699 3961 3940 4013 κτιστῶν

2344 4048 2606 4103 ἁπάντων
2638 4049 2759 4101 οὐδὲ
2791 4047 2871 4102 ἒν.
2901 4048 3077 4120 Εἴπερ
3112 4046 3207 4102 οῦν
3242 4066 3325 4112 τις
3349 4049 3542 4119 γέγονε
3579 4050 3809 4118 πλησίον
3839 4050 3938 4103 τοῦ

2347 4138 2505 4202 Θεοῦ,
2533 4141 2599 4209 τῇ
2636 4140 2887 4211 ἐνεργείᾳ
2934 4140 3153 4203 πάντως
3203 4140 3538 4210 ἐπλησίασεν
3571 4141 3762 4196 αὑτοῦ.
3811 4142 3940 4205 Πῶς

2347 4229 2473 4292 οῦν;
2533 4229 2621 4292 Ὠς
2686 4229 2933 4299 μετέχων
2985 4230 3203 4300 ἐκείνης
3248 4229 3529 4297 φυσικῶς;
3588 4229 3724 4282 ἀ).λᾶ
3776 4230 3941 4282 τοῦτο

2348 4322 2526 4373 κοινόν
2554 4321 2669 4373 ἐστι
2707 4318 2927 4372 πάντων
2954 4319 3064 4372 τῶν
3107 4320 3453 4389 κτισμάτων.
3487 4318 3697 4373 Οὐκοῦν
3731 4319 3793 4370 ού
3823 4321 3941 4383 τοῖς

2349 4412 2411 4462 ἐκ
2457 4409 2674 4477 φύσεως
2729 4407 3052 4479 προσοῦσιν,
3093 4409 3230 4463 ἀλλὰ
3266 4410 3379 4472 τοῖς
3428 4410 3495 4462 ὲκ
3560 4408 3939 4479 προαιρέσεως

2351 4507 2833 4577 προσγινομένοις,
2859 4505 3092 4577 πλησίον
3118 4523 3205 4567 τις
3230 4505 3263 4577 ἢ
3293 4505 3515 4575 μακρὰν
3542 4505 3754 4572 γίνεται
3773 4502 3937 4555 Θεοῦο

2349 4597 2670 4667 προαίρεσις
2698 4596 2755 4648 δὲ
2801 4597 2963 4665 μόνον
3003 4596 3112 4647 τῶν
3157 4595 3393 4663 λογικῶν
3422 4598 3568 4648 ἐστι.
3619 4594 3807 4645 Ταῦτα
3846 4588 3940 4645 οὖν

2349 4688 2486 4757 μόνα
2510 4688 2620 4740 τῶν
2645 4688 2822 4742 ἄλλων
2852 4688 3135 4751 ἁπάντων,
3161 4689 3194 4757 ἢ
3229 4687 3447 4757 μακρὰν
3470 4686 3505 4757 ἥ
3532 4686 3701 4752 me;
3728 4685 3940 4751 γίνεται

2346 4778 2483 4832 Θεοῦ
2504 4796 2517 4810 ·
2552 4778 2619 4830 δι’
2649 4779 2853 4849 ἀρετῆς
2883 4779 2917 4849 ἢ
2958 4780 3181 4845 κακίας,
3210 4779 3244 4848 ἢ
3271 4775 3563 4845 ἐγγίζοντα
3590 4778 3626 4850 ἢ
3658 4776 3939 4845 μακρυνόο

2350 4886 2509 4939 μενα.
2560 4869 2747 4924 Ταῦτα
2820 4870 3116 4941 τοιγαροῦν
3172 4870 3313 4940 μόνα
3368 4870 3461 4921 καὶ
3511 4868 3737 4920 δεκτικά
3787 4868 3939 4919 ἐστιν

2349 4959 2665 5029 ἀθλιότητος
2697 4961 2729 5030 ἢ
2768 4960 3198 5030 μακαριότητος.
3238 4959 3381 5011 Ἀλλ’
3419 4960 3584 5029 ἡμεῖς
3609 4958 3941 5029 σπεύσωμεν

2347 5049 2447 5119 τῆς
2480 5051 2884 5120 μακαριότητος
2909 5050 3288 5104 ἐπιλαϐέσθαι.

2421 5137 2521 5195 οθ’.
2568 5140 2732 5193 ’Ἄλλο
2786 5144 2885 5209 μὲν
2929 5143 3066 5212 πρὸς
3116 5141 3246 5195 ἄλλο
3295 5141 3405 5193 τῶν
3444 5140 3762 5209 κτισμάτων
3806 5157 3941 5208 συγ⁴

2349 5232 2695 5302 κρινόμενον,
2731 5234 2930 5286 οἰκεῖον
2963 5233 3101 5285 Θεοῦ
3142 5235 3283 5312 κατὰ
3315 5232 3498 5301 φύσιν,
3533 5232 3565 5301 ἢ
3600 5232 3751 5296 ξένον
3779 5232 3943 5301 λέγει

2348 5343 2459 5380 ται.
2493 5325 2711 5379 Οἰκείον
2754 5325 2855 5393 μὲν
2878 5323 3009 5393 γὰρ,
3035 5325 3190 5394 φησὶ,
3221 5323 3495 5394 θεότητος,
3523 5324 3577 5375 ai
3613 5324 3801 5392 νοεραὶ
3837 5324 3942 5393 φύ-

2351 5435 2493 5483 σεις,
2525 5416 2622 5470 καὶ
2642 5416 2719 5487 νῷ
2744 5416 2892 5486 μόνῳ
2913 5417 3116 5484 ληπταί
3136 5433 3150 5448 ο
3181 5416 3402 5481 ξένονδὲ
3426 5417 3792 5479 παντάπασιν,
3816 5418 3942 5470 ὅσαι

2352 5510 2458 5563 ὑπὸ
2477 5509 2577 5579 τὴν
2601 5508 2856 5577 αἰσθησιν
2874 5524 2888 5538 ·
2914 5510 3009 5561 καί
3032 5507 3238 5562 τούτων
3258 5508 3438 5562 αὐτῶν
3458 5509 3542 5560 ἔτι
3571 5509 3938 5580 πορρωτέρω,

2351 5602 2482 5654 ὅσαι
2522 5599 2803 5662 παντελῶς
2831 5599 3029 5669 ἄψυχοι
3083 5599 3499 5671 καὶβκίνητοι.
3544 5599 3687 5669 Πρὸς
3732 5598 3940 5669 ἄλληλα

2352 5693 2534 5747 τοίνυν
2561 5692 2626 5746 τὰ
2658 5690 2931 5762 κτίσματα
2964 5676 3389 5764 συγκρινόμενα,
3432 5693 3610 5746 οίκεία
3635 5691 3761 5762 Θεῷ
3799 5691 3939 5745 κατὰ
