4246 6464
363 431 498 497 ῙΠἹ

1279 419 1554 480 CAFITA
1597 421 1950 485 PIIYSICA.
1989 422 2506 489 THEOLOGICA,
2549 424 2711 488 ETC.

3484 428 3625 493 1178

344 523 507 587 φύσιν
529 518 561 590 ἢ
584 516 708 582 ξένα
727 517 958 587 λέγεται’
975 522 1113 576 αὐτὰ
1125 524 1180 578 δὲ
1201 528 1318 580 καθ’
1339 532 1478 584 αὐτὰ
1503 533 1661 600 φύσιν
1678 537 1917 596 ἅπαντα.
1965 534 2011 590 Α

1965 534 2011 590 Α
2040 531 2333 585 dissimiles
2364 531 2654 594 dicuntur;
2691 529 2784 583 sed
2817 530 2871 583 in
2905 529 3096 597 seipsis
3125 542 3402 600 spectata,
3432 549 3621 588 omnes

340 615 468 679 ξένα
503 617 622 669 ἐστὶ
644 617 802 672 Θεου.
842 619 1008 673 [Ιλέον
1035 622 1143 691 γάρ
1175 623 1285 676 οὐδ’
1316 626 1439 678 ὅσον
1492 629 1666 684 εἰπεῖν
1693 637 1724 702 ὴ
1763 636 1923 706 νοερά

340 709 504 775 ςύσις
550 712 741 781 πόρρω
772 713 890 765 ἐστὶ
920 713 1080 777 Θεοῦ,
1133 717 1164 785 ἢ
1196 717 1318 769 ὅσον
1351 719 1605 787 αἴσθησίς
1630 741 1688 774 τε
1729 726 1824 779 καὶ
1856 728 1924 780 τὰ

341 800 436 851 ὑπ’
487 801 742 868 αἴσθησιν
792 803 900 856 τῶν
961 806 1164 875 νοερῶν
1223 809 1436 879 ἀπέχει.
1489 813 1758 867 Τοσοῦτον
1829 818 1923 871 οὖν

346 893 649 961 ἀπέχοντες
701 899 764 966 τῇ
819 897 940 949 καθ’
975 900 1123 968 ἡμᾶς
1174 900 1334 970 φύσει
1378 903 1473 954 τοῦ
1505 904 1678 971 Θεοῦ,
1733 909 1922 974 ὅντως,

337 988 463 1038 οὐαὶ
499 991 651 1055 ἡμῖν,
680 992 727 1042 εἰ
770 991 844 1060 μὴ
868 991 1002 1056 γοῦν
1041 994 1105 1045 ἐκ
1151 996 1524 1065 προαιρέσεως
1554 1002 1815 1070 χρηστῆς,
1857 1003 1924 1056 δι’

338 1082 519 1149 ἔργων
551 1083 646 1134 καὶ
667 1084 888 1152 τρόπων
929 1085 1173 1152 ἀγαθῶν,
1215 1090 1382 1154 ἐγγὺς
1417 1090 1578 1142 αὐτοῦ
1610 1094 1921 1161 γενοίμεθα.

277 1231 293 1263 τ
338 1177 485 1263 Ἀπ’.
561 1171 622 1222 Ἠ
679 1171 787 1223 τῶν
837 1173 998 1225 θείων
1054 1174 1333 1243 θεηγόρων
1386 1177 1566 1238 ἔνθεος
1619 1181 1711 1232 καὶ
1771 1184 1923 1252 κοινὴ

337 1261 584 1327 γλῶσσα,
613 1264 974 1332 Δαμασκηνὸς
1008 1265 1037 1315 ὁ
1065 1264 1322 1333 θεοφόρος
1379 1268 1544 1334 φησὶν
1585 1269 1643 1320 ἐν
1688 1269 1924 1344 δευτέρῳ

334 1353 447 1404 τῶν
484 1354 812 1421 θεολογικῶν
858 1355 1021 1408 αὑτοῦ
1064 1357 1376 1424 κεφαλαίων
1407 1373 1420 1386 ·
1452 1379 1469 1410 t
1510 1361 1627 1429 Χρὴ
1674 1363 1764 1414 τὸν
1797 1367 1924 1433 περὶ

336 1445 474 1497 Θεοῦ
503 1464 554 1498 τι
585 1447 765 1513 λέγειν
795 1449 826 1519 ἢ
860 1448 1080 1500 ἀκούειν
1114 1449 1458 1518 βουλόμενον,
1486 1453 1674 1520 σαφῶς
1700 1455 1921 1516 εἰδέναι,

337 1535 412 1598 ὡς
453 1536 575 1587 οὐδὲ
609 1537 787 1588 πάντα
818 1537 1056 1607 ἄρρητα,
1087 1539 1208 1590 οὐδὲ
1246 1541 1424 1593 πάντα
1452 1541 1611 1610 ῥητὰ,
1640 1544 1707 1596 τά
1735 1562 1792 1596 τε
1827 1546 1924 1615 τῆς

337 1628 640 1694 θεολογίας,
685 1629 754 1681 τά
801 1646 860 1680 τε
910 1629 1010 1698 τῆς
1049 1630 1404 1699 οἰκονομίας·
1437 1631 1560 1684 οὔτε
1606 1634 1711 1703 μὴν
1743 1637 1923 1690 πάντα

334 1717 579 1784 γνωστὰ,
622 1717 748 1770 οὐδὲ
780 1719 958 1772 πάντα
987 1718 1264 1786 ἄγνωστα.
1303 1722 1475 1794 ’Υπὲρ
1504 1723 1659 1791 λόγον
1689 1725 1735 1777 δ’
1767 1727 1923 1794 ἴσμεν

335 1810 431 1861 καὶ
475 1810 576 1862 ὅσα
628 1811 812 1878 λέγειν
852 1813 1066 1879 ἐφεῖται
1105 1813 1214 1865 τῶν
1267 1813 1447 1880 θείων,
1478 1815 1553 1878 ὡς
1597 1817 1695 1869 καὶ
1745 1821 1920 1871 ταῦτα

334 1900 458 1952 καθ’
501 1902 844 1971 ὑπερέχοντα
870 1902 1026 1970 λόγον
1056 1903 1138 1972 (οὐ
1179 1905 1288 1973 γὰρ
1336 1905 1439 1971 ἔξω
1477 1905 1638 1973 λόγου
1678 1909 1800 1960 κατ’
1831 1910 1917 1961 ἑλ-

333 1991 532 2060 λειψιν,
567 1992 684 2044 ἀλλ’
720 1995 877 2056 ἐκτὸς
914 1995 1073 2063 λόγου
1104 1997 1198 2048 τοῦ
1240 1998 1358 2050 καθ’
1388 2000 1579 2068 ἡμᾶς),
1613 2001 1670 2052 ὃν
1705 2001 1751 2054 θ’
1788 2004 1919 2072 ἡμῖν

333 2086 519 2146 αὐτοῖς
564 2085 979 2155 ὲνδιαιτώμενον
1046 2086 1275 2157 ἔχομεν,
1331 2091 1423 2141 καὶ
1479 2090 1538 2143 ὃν
1599 2092 1727 2162 παρ’
1761 2093 1918 2163 ἡμῶν

333 2179 516 2231 αὐτῶν
539 2180 620 2241 εἰς
654 2180 830 2246 ἀκοὴν
866 2180 1070 2250 ἑτέρων
1095 2181 1432 2252 προάγομεν.
1456 2181 1595 2236 Ούτε
1625 2185 1734 2254 γὰρ
1764 2181 1918 2248 οὗτος

333 2273 659 2343 ἑρμηνεύων
691 2273 1048 2343 παραστῆσαι
1080 2272 1284 2327 δύναιτ’
1322 2274 1410 2337 ἂν,
1442 2274 1553 2328 οὒτ’
1588 2279 1791 2338 ἐκεῖνος
1822 2296 1920 2330 πο-

334 2365 760 2435 λυπραγμονῶν,
793 2364 1006 2417 οἴκοθεν
1046 2364 1278 2434 ἐφίκοιέ
1323 2367 1410 2421 ἄν.
1451 2386 1469 2417 ι
1508 2368 1622 2420 υὺκ
1667 2369 1755 2438 ἄρ’
1789 2370 1917 2438 ἡμῖν

332 2461 520 2522 αὐτοῖς
552 2458 914 2528 ἐπιτρεπτέον
954 2459 1086 2526 περὶ
1125 2458 1260 2510 Θεοῦ
1285 2477 1338 2511 τι
1376 2461 1586 2527 λέγειν·
1626 2460 1741 2514 ἀλλ’
1771 2463 1916 2530 ἡμᾶς

333 2553 537 2615 αὐτοὺς
571 2553 941 2620 ἐπιτρεπτέον
984 2551 1120 2621 πρὸς
1155 2553 1282 2612 τοὺς
1318 2554 1375 2604 ὲν
1405 2552 1675 2621 πνεύματι
1711 2555 1777 2607 τὰ
1821 2555 1915 2608 τοῦ

335 2645 649 2714 πνεύματος
684 2644 1003 2709 λαλοῦντας,
1035 2645 1130 2698 καί¹
1172 2646 1301 2699 ὅταν
1349 2646 1622 2699 ἀπαιτῶσι
1675 2647 1830 2715 λόγον
1865 2648 1915 2700 ol

331 2735 729 2804 ἀντικείμενοι.

405 2825 524 2881 πα’.
567 2827 736 2879 Φασὶν
776 2829 1184 2897 ἐπιγεγράφθαι
1211 2830 1320 2881 τῶν
1347 2816 1636 2898 προθύρων
1661 2829 1759 2898 τῆς
1790 2847 1917 2899 σχο-

331 2925 434 2991 λῆς
470 2923 565 2975 τοῦ
594 2922 881 2984 Πλάτωνος
899 2939 912 2953 ο
947 2942 964 2972 ι
992 2923 1197 2990 Μηδεὶς
1223 2924 1410 2974 εἰσίτω
1431 2922 1868 2991 ἀγεωρέτρητος.
1891 2941 1908 2972 ι

333 3018 522 3085 Πάντη
555 3018 612 3069 δέ
651 3019 799 3069 ἐστιν
828 3018 1274 3087 ἀγεωμέτρητος,
1299 3016 1325 3067 ὁ
1360 3016 1434 3084 μὴ
1463 3015 1759 3083 δυνάμενος
1789 3014 1914 3082 περὶ

329 3111 440 3162 τῶν
463 3111 788 3179 ἀχωρίστων
813 3109 888 3171 ὼς
917 3109 1343 3178 κεχωρισμένων
1373 3106 1703 3159 διανοεῖσθαί
1731 3123 1786 3157 τε
1820 3105 1914 3158 καὶ

327 3203 698 3270 διαλέγεσθαι.
737 3198 889 3254 Εἶναι
919 3200 1028 3269 γὰρ
1083 3201 1259 3271 πέρας
1305 3200 1473 3269 χωρὶς
1520 3199 1613 3252 τοῦ
1650 3216 1915 3266 περατου-

333 3296 521 3364 μένου,
558 3295 666 3348 τῶν
697 3295 995 3348 ἀδυνάτων.
1024 3295 1343 3361 Γεωμετρεα
1393 3292 1470 3355 δὲ,
1507 3293 1636 3362 περὶ
1673 3292 1778 3343 τῶν
1819 3308 1914 3343 πε-

328 3388 515 3455 ράτων
558 3387 742 3457 σχεδὸν
782 3389 926 3449 ἄπας
957 3389 984 3438 ὁ
1033 3387 1220 3453 λόγος·
1267 3386 1303 3440 ἃ
1348 3387 1443 3438 κα¹ι
1474 3387 1644 3454 χωρὶς
1679 3385 1786 3438 τῶν
1822 3401 1916 3436 πε-

329 3480 708 3549 ρατουμένων,
742 3479 855 3531 ἐσθ’
886 3481 976 3532 ὅτε
1029 3478 1152 3532 καθ’
1184 3478 1354 3531 ἑαυτά
1391 3479 1486 3532 καὶ
1525 3478 1766 3549 ὁρίζεται
1818 3478 1914 3530 καὶ

328 3571 719 3640 προϐάλλεται,
754 3570 850 3623 τοῦ
897 3571 991 3622 νοῦ
1022 3570 1351 3640 χωρίζοντος
1391 3570 1464 3623 τὰ
1507 3570 1807 3642 ἀχώριστα.
1857 3571 1914 3624 Ὀ

326 3661 386 3712 δὲ
412 3661 474 3713 τὸ
508 3662 668 3727 σῶμα
695 3661 806 3713 τῶν
846 3661 976 3731 περὶ
1008 3661 1141 3713 αὐτὸ
1184 3661 1438 3732 χωρίζειν
1470 3660 1546 3730 τῷ
1575 3661 1651 3730 νῷ
1689 3659 1914 3729 μηδέπω

331 3753 556 3820 μαθὼν,
594 3753 710 3815 πῶς
758 3754 983 3806 ἀκούσει
1033 3753 1161 3822 περὶ
1216 3753 1432 3820 φύσεως
1491 3751 1614 3805 καθ’
1668 3753 1912 3820 ὲαυτήνς

327 3847 492 3908 ’Ἠτις
520 3846 581 3897 οὐ
615 3846 772 3914 μόνον
802 3844 1103 3914 ἀχώριστός
1134 3847 1248 3896 ἐστι
1270 3842 1378 3894 τῶν
1405 3842 1651 3910 φυσικῶν
1678 3844 1916 3911 ὲνυπάρ-

326 3956 503 4005 γουσα
543 3939 779 3997 τούτοις,
815 3938 929 3990 ἀλλ’
963 3937 1072 3988 οὐδ’
1115 3932 1255 3988 εἷναί
1303 3953 1432 3987 ποτε
1473 3935 1691 3987 δύναται
1745 3936 1915 4005 χωρὶς

327 4029 535 4081 αὐτῶν.
561 4030 679 4090 Πῶς
700 4029 922 4082 ἀκούσει
951 4029 1082 4098 περὶ
1104 4028 1213 4080 τῶν
1236 4027 1357 4080 καθ’
1381 4028 1503 4080 ὅλου
1525 4029 1600 4090 ὡς
1623 4027 1740 4080 καθ’
1767 4027 1911 4091 ὅλου,

325 4121 476 4190 ἇπερ
511 4122 570 4172 ὲν
592 4123 700 4183 τοῖς
746 4123 992 4189 μερικοῖς
1027 4121 1163 4184 aiat;
1200 4121 1275 4186 νῷ
1310 4119 1404 4173 καὶ
1439 4119 1584 4189 λόγῳ
1615 4121 1758 4188 μόνῳ
1793 4118 1917 4171 τού-

329 4229 449 4262 τωνσ
467 4210 848 4280 διαιρούμενα,
891 4213 985 4264 καὶ
1021 4213 1124 4281 πρὸ
1151 4211 1261 4264 τῶν
1286 4212 1496 4264 πολλῶν
1529 4212 1814 4281 νοούμενα,
1847 4213 1916 4265 τὰ

325 4304 437 4355 τῶν
465 4293 692 4355 ’πολλῶν
728 4303 859 4355 ἄνευ
899 4303 1165 4373 μηδαμῶς
1199 4303 1328 4354 ὄντα
1376 4303 1456 4373 τῷ
1502 4320 1566 4368 γε
1599 4303 1790 4372 ἀληθεῖ
1826 4304 1916 4356 λό-

326 4411 444 4464 γως
481 4395 606 4456 Πῶς
661 4394 888 4447 ἀκούσει
940 4395 1071 4464 ’περὶ¹
1124 4395 1332 4465 νοητῶν
1362 4395 1458 4447 καὶ⁸
1505 4397 1746 4465 νοερῶν;
1795 4396 1912 4458 πῶς

325 4485 556 4538 ἀκούσει
595 4487 690 4540 καὶ
720 4486 846 4539 νοῦν
874 4487 1105 4538 ἕκαστον
1129 4486 1286 4556 ἡμῶν
1319 4485 1464 4554 ἔχειν
1490 4486 1775 4553 λεγόντων,
1820 4488 1912 4539 καὶ

1958 1877 1996 1929 Β

1937 3243 1985 3304 C

2042 633 2235 674 natura
2274 631 2402 676 sttttt
2430 636 2458 674 a
2494 622 2602 675 Deo
2639 624 2852 675 alienae.
2894 623 3084 689 Magis,
3121 637 3286 690 supra
3319 637 3480 683 quam
3510 625 3618 678 dici

2039 723 2237 779 potest,
2269 712 2648 766 intellectualis
2681 724 2871 766 natura
2901 713 3090 782 procul
3117 723 3200 766 est
3227 729 3256 766 a
3295 712 3425 775 Deo,
3451 729 3616 782 quam

2036 817 2232 857 sensus
2292 814 2347 858 et
2392 805 2673 858 sensibilia
2734 806 2802 858 ab
2869 805 3326 860 intellectttalibus
3386 806 3613 860 distant.

2035 892 2267 947 Tantum
2323 895 2488 963 igitur
2522 913 2549 948 a
2582 897 2692 950 Deo
2752 908 2940 949 natura
2999 907 3185 952 nostra
3232 898 3476 960 remotis,
3521 914 3601 951 va:

2037 987 2283 1055 profecto
2314 989 2486 1049 nobis.
2523 991 2566 1043 si
2601 1006 2706 1044 non
2740 991 2879 1044 bona
2925 990 3224 1052 voluntate,
3251 989 3616 1059 operibusque

2034 1097 2097 1130 at:
2122 1079 2361 1133 moribus
2383 1081 2561 1148 bonis,
2597 1083 2661 1134 ad
2690 1098 2811 1134 eum
2837 1083 3184 1136 accedamus.

2105 1170 2193 1223 80.
2231 1171 2500 1224 Divinilus
2529 1181 2579 1225 el
2622 1173 2762 1226 divis
2794 1175 3060 1242 theologis
3095 1190 3337 1230 consone
3365 1179 3612 1246 loquens,

2032 1263 2207 1316 tleifer
2242 1264 2614 1318 Datnascenns
2645 1265 2776 1318 dit-it
2821 1266 2872 1319 itt
2911 1268 3151 1320 secundo
3183 1269 3610 1336 theologicorum

2032 1355 2267 1420 capitum
2305 1372 2318 1410 :
2361 1375 2378 1406 ι
2411 1356 2513 1426 Qui
2548 1355 2613 1408 de
2671 1356 2778 1408 Deo
2832 1357 3040 1424 aliquid
3098 1358 3280 1412 dicere
3316 1359 3395 1413 vel
3422 1361 3612 1413 audire

2034 1447 2162 1510 vult,
2192 1449 2239 1500 ei
2276 1449 2424 1502 clare
2468 1449 2748 1502 sciendum
2779 1453 2936 1503 estin
2967 1452 3074 1504 lleo
3097 1461 3151 1503 et
3175 1451 3228 1503 in
3261 1450 3608 1505 Providentia

2030 1555 2130 1593 nec
2161 1542 2341 1592 enmia
2365 1556 2484 1594 esse
2511 1540 2826 1605 ineffabilia,
2854 1559 2956 1597 nec
2979 1544 3160 1596 omnia
3185 1542 3446 1606 elTabilia,
3469 1546 3611 1597 sicut

2031 1646 2131 1684 nec
2158 1635 2338 1684 omnia
2376 1633 2610 1698 scibilia,
2637 1649 2736 1688 nec
2766 1634 2947 1687 outnia
2983 1635 3286 1689 nescibilia.
3315 1636 3419 1690 Sed
3443 1652 3606 1704 supra

2028 1739 2334 1777 sermonem
2358 1740 2479 1778 eSse
2503 1727 2706 1779 scimus
2751 1742 3092 1795 quaecunque
3113 1729 3178 1781 de
3207 1728 3313 1781 Deo
3335 1728 3606 1794 dicimus;

2025 1817 2225 1885 quippe
2281 1832 2399 1884 quae
2447 1821 2858 1886 supereminent
2912 1835 3219 1874 sermonem
3267 1823 3398 1890 (non
3460 1823 3606 1875 enim

2028 1921 2178 1962 extra
2207 1925 2512 1964 sermonem
2569 1920 2696 1962 sunt
2730 1922 2948 1980 propter
3001 1913 3296 1978 defectum,
3333 1913 3424 1966 sed
3450 1923 3604 1966 extra

2027 2017 2332 2056 sermonem
2395 2002 2684 2072 nostrum),
2751 2018 2910 2070 quem
2964 2005 3122 2059 nobis
3175 2005 3305 2073 ipsis
3358 2006 3605 2059 intimum

2027 2095 2308 2160 habemus,
2343 2104 2394 2149 et
2438 2110 2597 2162 quem
2625 2111 2652 2148 a
2689 2097 2958 2150 nobismet
2991 2099 3054 2149 ad
3086 2098 3318 2151 aliorum
3351 2098 3602 2152 auditum

2025 2188 2374 2258 proferimus.
2430 2187 2564 2242 Nam
2600 2204 2772 2258 neque
2821 2190 2906 2241 hic
2953 2189 3134 2242 divina
3187 2190 3603 2259 interpretando

2024 2281 2318 2349 explanare
2348 2290 2545 2348 potest,
2580 2296 2677 2335 nee
2704 2281 2790 2334 ille
2819 2283 2986 2336 multa
3009 2295 3173 2351 opera
3199 2287 3413 2337 enitens
3447 2281 3602 2335 intel-

2024 2374 2189 2442 ligere
2243 2375 2404 2428 valet.
2450 2393 2467 2424 ι
2503 2372 2620 2428 Νοιι
2675 2375 2836 2442 igitur
2897 2376 3054 2430 nobis
3093 2376 3225 2443 ipsis
3283 2376 3601 2445 permittere

2023 2469 2282 2522 debemus
2315 2479 2373 2522 ιιι
2411 2469 2617 2537 aliquid
2647 2470 2894 2523 dicamus
2924 2468 2993 2522 de
3045 2469 3176 2533 Deo,
3199 2472 3292 2522 sed
3330 2485 3428 2523 nos
3459 2471 3604 2538 ipsos

2024 2561 2338 2628 permittere
2379 2560 2632 2615 debemus
2685 2561 2752 2614 iis
2791 2562 2880 2631 qui
2931 2562 2982 2614 itt
3041 2563 3233 2629 Spiritu
3293 2562 3601 2628 spiritualia

2023 2648 2337 2718 loquuntur,
2371 2650 2536 2706 etiam
2585 2651 2801 2720 quando
2857 2652 3121 2705 rationem
3172 2663 3474 2718 esposcunt
3504 2651 3601 2704 ad-

2022 2743 2273 2796 versarﬁ.

2093 2837 2184 2891 81.
2231 2838 2435 2890 Dicitur
2498 2839 2824 2905 inscriptum
2881 2836 3050 2888 luisse
3081 2837 3132 2887 in
3193 2845 3345 2904 porta
3401 2837 3604 2892 Scitula

2020 2927 2263 2982 Platonis
2307 2945 2322 2984 :
2389 2948 2404 2979 ι
2452 2928 2622 2983 Nemo
2677 2929 2842 2981 intret
2893 2929 3209 2997 geometriae
3267 2930 3511 2996 ignarus.
3577 2947 3595 2980 ι

2018 3020 2253 3074 Omnino
2315 3036 2490 3074 autem
2539 3023 2847 3089 geometria:
2916 3022 3135 3088 ignarus
3199 3033 3301 3083 est,
3357 3021 3446 3086 qui
3495 3036 3600 3074 nou

2020 3118 2197 3177 potest
2225 3108 2290 3162 de
2318 3109 2561 3162 intlivisis
2586 3111 2724 3163 sicut
2747 3111 2935 3164 divisis
2964 3111 3201 3178 cogitare
3225 3120 3278 3163 ct
3305 3111 3596 3164 disserere.

2019 3199 2151 3252 Nam
2183 3201 2471 3253 terminum
2517 3201 2721 3269 absque
2769 3204 3051 3254 terminato
3116 3203 3448 3269 impossibile
3496 3213 3598 3255 est.

2019 3287 2324 3344 Geometria
2357 3291 2619 3345 autcmde
2649 3293 2900 3346 terminis
2926 3290 3036 3344 fere
3063 3307 3278 3361 semper
3307 3293 3546 3360 loquitur
3581 3311 3596 3347 :

2019 3382 2110 3450 qui
2165 3382 2328 3435 etiam
2362 3384 2568 3451 absque
2608 3386 2912 3438 terminalis
2950 3386 3242 3450 aliquando
3295 3388 3346 3437 itt
3405 3386 3600 3453 seipsis

2020 3475 2349 3527 deliuinntur
2401 3484 2454 3526 et
2519 3488 2918 3543 proponuntur,
2971 3477 3250 3530 intellectu
3311 3477 3588 3531 dividente

2021 3566 2390 3620 indivisihilia.
2439 3568 2543 3632 Qui
2590 3579 2769 3620 autettt
2816 3584 3015 3636 corpus
3046 3584 3075 3620 a
3109 3569 3597 3623 circmustantihus

2019 3657 2145 3711 illttd
2175 3661 2343 3711 nescit
2374 3659 2713 3721 abstrahere,
2745 3663 3018 3728 quomodo
3050 3661 3312 3728 intelligat
3346 3669 3594 3713 naturam

2018 3751 2070 3804 in
2103 3751 2280 3820 seipsa
2327 3766 2650 3818 respeetam,
2690 3770 2809 3822 qua:
2840 3753 3059 3820 quidem
3094 3770 3198 3806 non
3232 3754 3408 3807 solum
3438 3772 3597 3822 sepa—

2020 3845 2126 3897 rari
2172 3847 2355 3913 nequit
2387 3860 2416 3897 a
2456 3847 2791 3900 naturalibus
2842 3848 3041 3917 quibus
3097 3857 3309 3902 constat
3348 3851 3597 3917 proprie-

2019 3936 2242 4000 tatibus,
2272 3937 2363 3989 sed
2405 3953 2683 4006 nunquam
2729 3954 2848 3992 esse
2885 3949 3061 4006 potest
3085 3941 3203 3992 sine
3243 3940 3414 4008 ipsis?
3449 3941 3596 4006 Quo-

2017 4028 2178 4078 modo
2248 4028 2509 4098 intelliget
2565 4031 3144 4097 proprietates‘totitts
3198 4045 3320 4084 eSse
3373 4033 3594 4083 easdem

2016 4131 2179 4184 quam
2233 4120 2461 4182 partium
2510 4121 2896 4188 proprietates,
2957 4130 3011 4174 et
3071 4121 3188 4174 solo
3235 4121 3509 4174 intellectu
3541 4131 3597 4175 et

2016 4221 2265 4261 Sermone
2324 4210 2390 4262 ab
2447 4210 2532 4262 his
2590 4210 2887 4278 distingui;
2938 4221 2992 4265 et
3045 4221 3174 4265 ante
3227 4212 3605 4281 pluralitatent

2015 4298 2264 4366 cegitari,
2294 4315 2412 4368 qua:
2456 4304 2575 4354 sine
2607 4302 2918 4369 pluralitate
2953 4319 3231 4371 nunquam
3284 4314 3414 4356 sunt
3461 4321 3596 4358 vero

2015 4391 2299 4445 sermone?
2332 4392 2610 4456 Quomodo
2640 4394 2906 4458 intelliget
2931 4393 3000 4448 de
3050 4394 3498 4462 intelligihilibus
3536 4406 3594 4450 et

2015 4481 2509 4547 intellectttalibus,
2587 4485 2896 4552 quomodo,
2967 4486 3226 4553 inquam,
3291 4487 3591 4555 intelliget,

325 4579 705 4648 διανοήματα,
758 4579 851 4630 καί
892 4577 1001 4631 τῶν
1049 4576 1431 4646 διανοημάτων
1490 4578 1718 4629 ἕκαστον
1754 4578 1912 4647 ὴμῶν
1943 4579 1982 4633 D

1943 4579 1982 4633 l)
2019 4573 2262 4627 dicentes
2319 4576 2516 4643 cuique
2573 4587 2816 4630 nostrum
2883 4576 3069 4632 inesse
3121 4578 3482 4641 intellectum,
3536 4591 3591 4632 et

329 4669 604 4737 ὑπάρχειν
638 4667 756 4731 νῦν,
793 4668 889 4721 καὶ
917 4669 978 4720 οὐ
1013 4668 1380 4735 καταγελάσει
1407 4668 1500 4720 καὶ
1523 4668 1910 4736 ἀνακράξεται,

327 4761 658 4832 κατηγορῶν
695 4761 873 4830 ἡμῶν,
925 4761 1001 4823 ὡς
1044 4761 1138 4813 δύο
1193 4761 1285 4812 καὶ
1329 4760 1557 4821 πολλοὺς
1604 4760 1749 4828 ἔχειν
1790 4759 1914 4821 νοῦς

328 4856 600 4921 λεγόντων
637 4855 870 4907 ἕκαστον
902 4853 1240 4923 ἀνθριίιπων;
1284 4850 1344 4906 Ὀ
1367 4852 1422 4904 δὲ
1467 4855 1556 4903 ἐπὶ
1603 4852 1713 4904 τῶν
1743 4851 1915 4905 τοιού-

328 4965 443 4999 των
476 4947 549 5015 μὴ
577 4946 878 5015 δυνάμενος
911 4927 1135 4996 ἀκούειν
1165 4947 1197 5012 ἢ
1225 4943 1424 5011 λέγειν,
1452 4945 1580 5013 περὶ
1602 4943 1709 4996 τῶν
1739 4944 1914 4996 ἀδιαι-

335 5039 510 5106 ρέτων
542 5037 617 5098 ὡς
655 5036 1025 5106 διῃρημένων,
1057 5034 1174 5097 πῶς
1205 5035 1296 5086 ἐπὶ
1320 5034 1416 5087 τοῦ
1455 5035 1591 5086 Θεοῦ
1626 5035 1914 5105 δυνήσεταί

329 5145 384 5180 τι
411 5127 655 5180 τοιοῦτον
679 5129 712 5197 ἧ
744 5127 926 5194 λέγειν
955 5128 987 5198 ἢ
1038 5125 1424 5192 διδάσκεσθαις
1472 5127 1588 5195 Ἐφ’
1619 5119 1680 5179 οὗ
1723 5127 1913 5178 πολλαὶ

334 5223 438 5290 μὲν
477 5223 583 5273 εἱσι
633 5223 726 5273 καὶ
759 5219 1010 5287 λέγονται
1058 5218 1282 5281 ἑνώσεις
1333 5235 1391 5270 τε
1447 5220 1541 5270 καὶ
1589 5219 1908 5287 διακρίσεις,

331 5313 477 5366 κατὰ
527 5313 654 5374 τοὺς
687 5312 997 5380 θεολόγους·
1043 5312 1159 5364 ἀλλ’
1195 5312 1250 5364 αἱ
1294 5309 1517 5374 ὲνώσεις
1555 5313 1662 5363 τῶν
1705 5309 1911 5380 διακρί-

334 5421 478 5456 σεων
519 5402 900 5472 ἐπικρατοῦσι,
952 5403 1047 5457 καὶ
1085 5403 1562 5474 προκατάρχουσι·
1601 5403 1727 5472 μήτ’
1757 5405 1911 5456 ἀναι⁶

337 5495 530 5566 ροῦσαι
575 5496 800 5558 ταύτας,
843 5495 972 5566 μήτ’
1022 5496 1446 5565 ὲμποδιζὸμεναι
1506 5495 1658 5564 παρὰ
1708 5495 1914 5547 τούτων

333 5581 498 5640 αὗται
544 5587 731 5656 μηδέν.
765 5589 828 5639 Οί
884 5588 1016 5654 γοῦν
1046 5588 1276 5640 ἐναντίοι
1327 5589 1400 5657 μὴ
1431 5588 1734 5656 δεχόμενοι,
1782 5587 1913 5657 μηδὲ

331 5677 629 5746 δυνάμενοι
650 5680 876 5746 γνῶναι,
906 5679 1004 5749 τὴν
1036 5681 1127 5732 ἐπὶ
1156 5680 1248 5732 τοῦ
1279 5679 1414 5732 Θεοῦ
1447 5679 1753 5747 ἀδιαίρετον
1779 5677 1913 5731 διαί-

337 5787 513 5840 ρεσιν,
566 5770 658 5822 καὶ
693 5769 1032 5840 διῃρημένην
1062 5771 1256 5823 ἕνωσιν
1293 5770 1585 5832 ἀκούοντες
1613 5771 1768 5839 ἡμῶν
1821 5769 1906 5821 λε-

333 5867 543 5935 ’ἰόντων
576 5865 884 5940 συμφώνως
927 5868 1035 5930 τοῖς
1075 5867 1268 5935 ἁγίοις,
1307 5867 1387 5919 ὃτι
1423 5867 1514 5920 τοῦ
1549 5867 1682 5921 Θεοῦ
1723 5867 1781 5919 τδ
1813 5871 1912 5938 μέν

2020 4666 2400 4732 cegitationes,
2444 4677 2499 4720 et
2549 4669 2969 4735 cogitationibus
3016 4684 3289 4737 quemque
3347 4680 3593 4723 nostrum

2015 4753 2123 4822 jam
2165 4773 2306 4808 nunc
2341 4757 2655 4825 imperare?
2694 4774 2873 4811 nonne
2904 4760 3152 4813 irridebit
3185 4771 3236 4812 et
3270 4760 3596 4824 clatnitahit,

2018 4848 2356 4913 ettprobrans
2394 4850 2548 4902 nobis
2577 4849 2717 4916 qttod
2755 4853 2861 4903 duo
2892 4851 2972 4904 vel
3009 4853 3191 4918 plures
3219 4853 3465 4907 dicamus
3497 4854 3595 4904 ho-

2015 4938 2144 4989 tnini
2171 4953 2296 4992 esse
2327 4941 2674 4994 intellectus?
2706 4941 2806 5007 Qui
2844 4959 3005 5011 porro
3039 4945 3090 4996 in
3140 4944 3448 5012 Itujusmodi
3483 4960 3595 4998 non

2016 5039 2196 5096 potest
2232 5032 2438 5085 sentire
2465 5044 2558 5085 aut
2589 5035 2731 5102 loqui
2764 5037 2829 5088 de
2862 5036 3115 5090 indivisis
3163 5046 3421 5104 tanquam
3457 5037 3594 5089 divi-

2014 5120 2111 5182 sis,
2145 5123 2419 5186 qttontodo
2473 5123 2524 5177 in
2583 5125 2694 5179 Deo
2759 5125 2962 5194 poterit
3022 5127 3224 5195 aliquid
3263 5130 3366 5180 tale
3403 5130 3586 5182 dicem

2015 5221 2105 5262 aut
2136 5212 2394 5266 discere?
2457 5213 2511 5267 In
2558 5232 2622 5269 eo
2658 5217 2800 5270 enim
2835 5219 3020 5272 multa:
3052 5230 3179 5272 sunt
3227 5229 3281 5272 et
3335 5221 3590 5274 dicuntur

2015 5303 2251 5357 uniones
2283 5315 2337 5357 et
2367 5307 2686 5370 divisiones,
2714 5309 2869 5374 juxta
2906 5310 3214 5379 theologos;
3239 5314 3331 5364 sed
3363 5313 3590 5366 uniones

2015 5393 2381 5448 divisionibus
2437 5408 2697 5464 praestant
2744 5407 2800 5452 et
2838 5400 3194 5464 antecedunt,
3250 5416 3430 5470 neque
3489 5404 3588 5458 has

2016 5487 2284 5553 tollentes,
2336 5505 2514 5558 neque
2549 5492 2616 5544 ab
2651 5492 2737 5544 his
2775 5495 2902 5562 ipsae
2939 5493 3252 5547 nullatenus
3283 5496 3574 5563 impeditae.

2017 5578 2156 5645 Ergo
2217 5579 2557 5647 adversarii,
2617 5584 2707 5651 qtti
2771 5600 2875 5638 non
2933 5594 3162 5652 possum
3234 5600 3334 5637 nec
3389 5586 3570 5638 valent

2016 5673 2394 5739 intelligerein
2433 5676 2539 5729 Deo
2571 5676 2859 5731 indivisam
2901 5678 3218 5732 divisionem
3253 5687 3307 5731 et
3357 5679 3590 5732 divisam

2015 5767 2292 5828 unionem,
2363 5783 2483 5820 cum
2530 5785 2628 5822 nos
2682 5772 2906 5823 audiunt
2933 5786 3176 5826 consone
3222 5773 3428 5824 sanctis
3491 5773 3566 5823 di-

2013 5875 2196 5919 centes
2262 5866 2312 5919 itt
2346 5867 2453 5920 Deo
2483 5867 2621 5922 aliud
2669 5883 2786 5922 esse
2831 5869 3092 5926 tteseibile
3129 5875 3182 5922 et
3205 5867 3346 5922 aliud
3382 5866 3573 5921 scibile
