4246 6464
689 343 824 399 1133

682 539 881 605 signit,
923 550 977 592 et
1032 542 1477 608 participationes
1530 559 1582 599 ct
1634 551 1847 614 quidem
1908 558 2250 610 necessarias

683 631 1125 694 participatioues
1163 643 1338 696 vocat,
1375 645 1425 687 et
1460 652 1618 702 supra
1664 641 1808 691 entia
1837 657 1957 696 esse
1995 643 2249 708 frequen.

682 731 764 773 ter
797 721 846 772 in
881 725 1223 776 sermooibus
1268 731 1525 790 ostendit,
1561 741 1613 782 et
1647 746 1740 784 eas
1770 748 1890 786 esse
1919 739 2248 805 exemplaria

683 828 858 863 rermu
915 813 967 864 iu
1026 815 1132 866 Deo
1184 822 1582 883 praeesistentia
1637 823 1688 875 in
1743 829 2249 893 supersubstantiali

679 905 899 957 unione.
963 908 1244 967 Quomodo
1307 913 1468 974 igitur
1532 914 1644 965 hinc
1703 927 1885 968 essent
1949 923 2251 976 creaturae?

691 997 887 1048 Ileiude
930 999 1056 1064 quid
1101 1000 1209 1051 sint
1269 1001 1352 1051 illa
1401 1005 1728 1072 exemplaria
1780 1007 2004 1074 docens,
2043 1013 2192 1064 addit
2233 1029 2248 1070 :

684 1104 702 1132 ε
750 1085 1086 1151 Exemplaria
1123 1090 1353 1142 dicimus
1387 1107 1505 1145 esse
1539 1094 1589 1143 iu
1631 1094 1738 1146 Deo
1783 1098 2018 1151 rationes
2063 1117 2245 1157 rerum

676 1178 972 1228 ellicietttes
1004 1189 1054 1229 et
1091 1181 1267 1232 uniter
1301 1185 1707 1247 praeexisteules
1745 1204 1759 1243 :
1792 1203 1930 1255 quas
1978 1191 2246 1261 theologia

678 1271 1276 1332 praedeterminationes
1330 1284 1520 1340 vocat,
1571 1287 1626 1329 et
1683 1279 1897 1334 divinas
1953 1297 2017 1336 ac
2080 1285 2250 1340 bonas

681 1361 984 1424 mlitiooes,
1018 1365 1215 1427 quibus
1255 1381 1339 1418 res
1380 1369 1713 1422 deﬁniuntur
1741 1381 1796 1425 et
1827 1372 2161 1438 clliciuntur,
2191 1385 2249 1429 et

678 1454 976 1504 secundum
1003 1470 1138 1521 quas
1165 1459 1704 1522 supersubstantialis
1730 1464 1912 1531 opifex
1945 1481 2029 1519 res
2055 1481 2247 1522 omnes

675 1552 728 1593 rt
761 1545 1047 1606 pra-stituit
1079 1555 1131 1597 et
1162 1549 1430 1612 produxit.
1469 1569 1488 1601 ι
1523 1551 1801 1615 Quomodo
1835 1556 2001 1621 igitur
2033 1559 2245 1624 praede-

685 1634 1092 1688 tt-rmiuatioues
1123 1649 1174 1688 ct
1211 1640 1420 1691 divinas
1452 1642 1759 1696 voluntates
1794 1661 1970 1698 rerum
2003 1647 2247 1700 eﬂicaces

680 1735 866 1777 essent
900 1728 1135 1781 creatas?
1172 1730 1358 1782 Nonne
1405 1732 1566 1797 igitur
1603 1736 1884 1790 evidenter
1925 1738 2014 1791 Dei
2065 1739 2248 1809 provi-

695 1819 936 1870 dentiam
973 1821 1038 1871 ad
1074 1835 1378 1876 creaturam
1412 1826 1719 1892 deprimunt
1759 1830 1848 1896 qui
1887 1830 2003 1883 illas
2038 1845 2249 1898 proces-
2279 1847 2319 1902 Β

2314 1851 2323 1896 ι
2351 1859 2498 1895 νοιαν
2525 1845 2606 1908 είς
2640 1846 2849 1915 κτίσμα
2887 1855 3278 1918 κατασπῶντες
3301 1857 3349 1908 οἱ
3381 1858 3480 1921 τὰς
3509 1877 3604 1928 πρ(

678 1909 860 1962 siones
913 1919 967 1962 et
1021 1916 1369 1978 operatioues
1427 1929 1741 1984 supponunt
1803 1921 2056 1974 creatas?
2112 1921 2244 1976 Nam

677 2004 980 2055 existentim
1021 2008 1251 2073 vitatque
1294 2017 1347 2059 et
1385 2010 1664 2073 sapientia:
1704 2009 1910 2074 eﬂicax,
1942 2020 1995 2064 et
2025 2027 2248 2080 genera-

677 2093 774 2144 tim
824 2109 1004 2147 rcrum
1055 2108 1360 2151 creatarmu
1414 2103 1726 2169 producti-ix
1776 2113 1830 2157 et
1877 2103 2246 2158 conservatrix

679 2189 930 2250 operatio
967 2189 1105 2243 idem
1153 2202 1235 2243 est
1275 2207 1337 2243 ac
1379 2192 1578 2246 divina:
1613 2195 1917 2248 volttntatcs
1949 2196 2248 2264 divinteque

680 2278 784 2330 ilhc
821 2281 1263 2348 participationcs
1307 2294 1361 2338 et
1405 2288 1930 2343 couununicationcs
1966 2289 2246 2354 bonitatis,

677 2387 797 2436 qttzl'
831 2381 915 2425 est
940 2378 1184 2428 omnium
1221 2393 1405 2434 causa.

749 2464 837 2518 88.
879 2466 1143 2522 Aseitatis
1181 2472 1531 2540 participatio
1573 2472 1705 2525 nihil
1738 2473 1845 2526 ullo
1884 2475 2046 2528 modo
2076 2473 2248 2542 parti-

677 2559 844 2625 cipat,
890 2570 949 2613 ut
1000 2578 1223 2630 magnus
1283 2568 1356 2617 ait
1417 2565 1746 2635 Dionysius;
1799 2577 2011 2620 eteterre
2069 2577 2246 2620 autem

683 2652 1144 2718 participationcs,
1199 2667 1469 2721 quau-nus
1525 2667 1650 2710 sunt
1702 2657 2144 2726 participationes
2194 2665 2248 2712 et

683 2743 947 2812 principia
1001 2760 1202 2807 rerum,
1239 2747 1372 2799 nihil
1427 2763 1650 2815 prorsus
1693 2750 2036 2817 participant,
2075 2765 2250 2818 neque

681 2837 827 2886 enim
879 2838 1207 2901 providentia
1260 2841 1677 2906 providentiam,
1723 2856 1895 2909 neque
1934 2843 2042 2894 vita
2082 2843 2248 2896 vitam

680 2925 1007 2992 participat;
1043 2939 1318 2994 quatenus
1351 2946 1476 2983 vero
1512 2931 1710 2984 habent
1747 2949 1887 2995 esse,
1925 2933 2251 3002 participare

679 3020 933 3071 dicuntur
984 3022 1294 3085 ascitatem,
1326 3025 1449 3089 quia
1499 3025 1618 3076 sine
1665 3025 1781 3092 ipso
1829 3041 1934 3078 non
1981 3035 2107 3080 sunt
2151 3040 2251 3080 nec
2315 3027 2321 3033 ’

684 3112 1099 3178 participantur,
1132 3113 1272 3166 sicut
1305 3129 1403 3167 nec
1436 3117 1775 3183 pra'Scicutia
1817 3119 1934 3170 sine
1975 3118 2202 3172 scientia
2232 3133 2250 3173 :

681 3205 826 3258 unde
859 3220 980 3258 cum
1015 3207 1120 3258 sittt
1153 3207 1512 3260 subsistentes
1547 3224 1643 3276 per
1685 3224 1742 3262 se
1785 3210 2245 3277 participationes,
2275 3197 2318 3253 (ἶ

683 3297 908 3351 minime
956 3309 1084 3351 sunt
1132 3311 1349 3353 creatae.
1408 3299 1500 3352 Ha:
1555 3301 1734 3366 igitur,
1791 3313 1851 3354 ut
1899 3301 2030 3355 dicit
2091 3304 2242 3358 divus

679 3388 967 3451 Maximus,
997 3405 1266 3458 nunquam
1298 3406 1417 3444 esse
1443 3402 1747 3460 cmpcrunt,
1768 3403 1822 3446 et
1847 3395 1895 3444 in
1927 3395 2033 3446 Deo
2061 3410 2244 3447 esseu-

679 3484 882 3534 tialiter
928 3484 1369 3548 considerantur,
1420 3499 1520 3538 nec
1570 3487 1672 3538 fuit
1723 3495 1932 3554 tempus
1981 3503 2089 3556 quo
2138 3504 2242 3540 non

680 3576 903 3625 iuerint.
967 3573 1274 3626 Adversarii
1339 3586 1519 3628 autem
1586 3577 1970 3630 subsiSIentcm
2035 3593 2130 3645 per
2187 3595 2243 3632 se

677 3669 869 3726 vitam,
904 3674 956 3717 et
989 3666 1304 3727 bonitatem,
1336 3676 1389 3720 et
1418 3667 1520 3719 alia
1555 3667 1857 3735 bujusutodi
1892 3668 2053 3734 impie
2087 3684 2243 3734 repu-

679 3769 862 3810 tantes
891 3766 1191 3821 creaturas,
1220 3759 1420 3825 quippe
1449 3771 1568 3825 qua}
1595 3758 1919 3825 participant
1956 3774 2244 3813 commune

679 3850 886 3899 cntium
938 3862 1157 3909 nomen,
1201 3862 1304 3900 non
1353 3849 1791 3901 animadvertunt
1841 3849 1952 3911 illa,
1993 3854 2243 3916 quamvis

679 3940 823 3991 Ctttia
869 3940 1143 4002 dicantur,
1183 3953 1306 3992 esse
1346 3949 1524 3992 tamen
1565 3953 1724 4006 supra
1758 3940 1927 4004 entia,
1956 3941 2094 3995 sicut
2127 3942 2244 4010 ipse

677 4032 754 4081 ait
812 4045 1039 4096 magnus
1094 4027 1399 4098 Dionysius.
1449 4027 1665 4094 Facile,
1706 4033 1798 4099 qui
1849 4041 2068 4100 propter
2112 4032 2241 4086 illud

681 4122 1119 4189 participatioues
1165 4136 1259 4188 per
1302 4136 1362 4173 se
1409 4121 1768 4174 subsistentes
1810 4123 2076 4178 creaturis
2113 4139 2244 4179 cou-

679 4223 966 4266 nutnerant
1007 4213 1180 4279 ipsum
1214 4213 1471 4279 Spiritum
1521 4221 1767 4265 sanctum
1799 4213 2078 4268 duxissent
2120 4229 2243 4270 esse

679 4315 960 4366 creatum,
1010 4319 1130 4357 cum
1195 4319 1418 4371 magnus
1469 4303 1704 4360 Basilius
1754 4308 1900 4359 dicat
1944 4321 2066 4359 eum
2121 4322 2244 4362 esse

680 4399 996 4466 participem
1031 4399 1442 4464 congruentium
1483 4396 1590 4450 Deo
1624 4399 1922 4450 nominum.

750 4491 840 4544 89.
883 4488 937 4541 Si
977 4488 1097 4556 quis
1141 4487 1338 4540 dixerit
1391 4488 1561 4540 solam
1609 4489 1992 4543 subsistentem
2044 4504 2138 4558 per
2183 4505 2241 4545 se

686 4579 1045 4633 substantiam
1093 4593 1217 4633 esse
1265 4579 1843 4643 communicationem,
1883 4582 2078 4648 quippe
2127 4596 2244 4649 qua:

682 4672 796 4725 sola
843 4687 948 4724 non
994 4671 1302 4739 participat,
1333 4670 1425 4724 sed
1453 4671 1817 4724 cmnmuuicat
1861 4681 2071 4725 tantum
2099 4677 2244 4738 (nam

682 4768 787 4817 alia
831 4766 1005 4832 ipsam
1052 4761 1424 4830 participant);
1465 4763 1600 4814 sciat
1637 4779 1693 4814 se
1731 4778 1836 4815 non
1889 4764 2249 4832 iutelligcntcr

680 4858 923 4922 cogitare
967 4856 1032 4906 de
1075 4853 1199 4906 aliis
1240 4853 1843 4908 couununicationibus.
1885 4854 2016 4906 Nam
2061 4859 2249 4908 vivcn-

686 4949 756 4996 tia
805 4932 1060 4997 sanctavc
1107 4953 1198 4995 aut
1245 4941 1405 5006 bona,
1443 4957 1548 4995 non
1595 4945 1718 5010 quia
1766 4953 1894 4997 sunt
1933 4943 2252 5010 simpliciter

684 5052 782 5090 ncc
828 5036 952 5103 quia
1003 5036 1356 5087 etsistentetn
1407 5050 1501 5101 pcr
1547 5049 1605 5086 se
1627 5035 1986 5088 substantiam
2034 5035 2251 5102 partici-

686 5137 846 5196 pant,
897 5125 1151 5179 dicuntur
1194 5139 1315 5178 esse
1361 5140 1458 5191 per
1502 5126 1963 5192 participationem
2012 5128 2248 5179 viventia

687 5229 980 5288 sanctaque
1013 5229 1070 5272 ct
1102 5219 1264 5282 bona,
1301 5219 1391 5272 sed
1435 5219 1559 5287 quia
1597 5219 1918 5287 participant
1953 5220 2252 5273 subsisten-

686 5322 796 5366 tem
838 5327 934 5380 per
964 5327 1022 5365 se
1055 5311 1244 5372 vitam,
1276 5321 1330 5362 et
1357 5313 1724 5374 sanctitatem,
1753 5322 1807 5365 et
1837 5313 2152 5365 bonitatem.
2182 5313 2252 5366 At

694 5403 994 5457 subsistens
1029 5417 1123 5468 per
1155 5417 1212 5455 se
1248 5401 1376 5466 vita,
1406 5413 1459 5454 ct
1488 5404 1588 5454 alia
1621 5403 1946 5471 bujustnodi,
1980 5419 2084 5457 non
2114 5405 2250 5459 alius

694 5497 817 5548 vita:
862 5493 1278 5564 participatione
1314 5504 1419 5545 vita
1457 5493 1514 5546 lit
1545 5511 1557 5546 :
1595 5496 1712 5547 ideo
1744 5507 2007 5564 quatenus
2033 5509 2117 5552 est
2156 5514 2252 5568 per

693 5600 753 5638 se
801 5585 930 5646 vita,
976 5592 1059 5635 est
1103 5583 1534 5648 communicatis,
1576 5600 1679 5638 non
1725 5601 1852 5640 vero
1896 5589 2248 5659 participans.

692 5680 843 5740 Quod
877 5687 1055 5729 autem
1089 5676 1251 5727 vitam
1287 5691 1389 5729 IIOu
1432 5677 1737 5745 participat,
1766 5679 1859 5732 sed
1900 5682 2069 5747 ipsum
2101 5697 2251 5736 cout-

693 5772 931 5821 munirat
962 5778 1012 5820 et
1050 5768 1281 5819 traducit
1318 5767 1478 5819 vitam
1511 5769 1837 5831 viventibus,
1865 5774 2080 5838 quando
2109 5784 2251 5829 esset

690 5861 977 5915 creatura?
1008 5863 1134 5919 ltcut
1169 5864 1231 5917 de
1263 5860 1384 5915 aliis
1418 5864 2016 5920 couununicationibus.

1927 350 2029 408 GR
2045 353 2305 411 EtiOiiH
2370 359 2456 416 ΡΑ
2470 363 2555 420 LA
2570 367 2691 424 ΜβΕ

686 451 1030 514 operationes
1079 451 1172 504 Dei
1215 453 1337 507 aliis
1378 456 1690 510 nominibus
1735 461 1842 514 ilco
1878 471 2136 530 Cougruis
2176 470 2258 520 in-

3782 403 3912 463 “‘14

2289 477 2332 530 Α
2372 481 2466 532 καὶ
2497 485 2780 551 ἐνεργείας
2806 485 2899 537 τοῦ
2929 487 3090 553 Θεοῦ,
3130 493 3336 562 ἑτέροις
3363 513 3421 547 τε
3452 495 3675 562 ὀνόμασι
3711 497 3942 546 020m:-

2367 565 2523 614 πέσεν
2553 568 2801 634 ἀνυμνεῖ,
2833 568 2927 620 καὶ
2961 572 3198 640 μετοχὰς
3227 575 3322 625 καὶ
3351 576 3723 645 αὺτομετοχάς
3762 583 3945 642 καλεῖ,

2363 658 2457 706 καὶ
2501 657 2640 726 ὑπὲρ
2670 661 2736 712 τὰ
2788 661 2920 714 ὄντα
2972 657 3115 716 εἶναι
3154 665 3428 735 πολλαχοῦ
3474 668 3582 721 τῶν
3629 670 3803 737 λόγων
3833 672 3932 725 δεί-

2363 762 2542 810 κνυσι,
2572 749 2665 800 καὶ
2733 751 3156 822 παραδείγματα
3200 756 3308 808 τῶν
3345 758 3514 810 ὄντων
3549 756 3690 816 εἶναι
3734 763 3944 826 ταύτας

2360 842 2842 910 προῦφεστηκυίας
2869 846 2928 896 ἐν
2945 844 3062 915 Θεῷ
3085 848 3207 900 καθ’
3228 849 3556 918 ὑπερούσιον
3574 853 3787 908 ἕνωσιν.
3814 857 3945 918 Πῶς

2357 931 2450 982 οὖν
2474 932 2540 984 ἂν
2571 929 2680 985 εἷεν
2705 927 2866 988 αὗται
2889 937 3193 1006 κτίσματα;
3230 940 3462 1011 Ἐφεξῆς
3486 943 3543 996 δὲ
3573 945 3665 998 καὶ
3691 946 3742 998 τί
3763 946 3943 998 ταῦτα

2357 1023 2423 1074 τὰ
2466 1023 2885 1092 παραδείγματα
2931 1028 3203 1084 διδάσκων
3250 1033 3538 1100 ἐπιφέρει·
3607 1055 3624 1085 ι
3665 1037 3942 1104 Παραδεί-

2356 1127 2544 1178 γματα
2583 1115 2638 1166 δέ
2670 1132 2852 1184 φαμεν
2888 1112 3052 1181 εἶναι,
3084 1120 3210 1181 τοὺς
3246 1123 3304 1173 ὲν
3347 1122 3467 1191 Θεῷ
3493 1124 3602 1175 τῶν
3651 1124 3819 1176 ὄντων
3849 1127 3943 1178 of)-

2359 1204 2654 1265 σιοποιοὶις,
2702 1206 2798 1257 καὶ
2836 1207 3054 1270 ὲνιαίως
3098 1211 3526 1278 προῦφεστῶτας
3565 1215 3794 1282 λόγους’
3839 1217 3936 1268 οὓς

2355 1294 2386 1359 ἠ
2431 1293 2683 1363 θεολογία
2729 1303 3106 1370 προορισμοὺς
3136 1303 3313 1368 καλεῖ,
3351 1306 3443 1357 καὶ
3476 1305 3593 1359 θεῖα
3626 1309 3718 1360 καὶ
3751 1310 3934 1376 ἀγαθὲ

2356 1384 2674 1453 θελήματα,
2733 1391 2841 1442 τῶν
2902 1392 3072 1445 ὄντων
3122 1395 3448 1465 ἀφοριστικὰ
3488 1400 3580 1451 καὶ
3641 1403 3932 1467 ποιητικὼ

2357 1476 2476 1527 καθ’
2500 1475 2592 1539 οὓς
2620 1481 2647 1532 ὁ
2682 1481 3010 1552 ὑπερούσιος
3033 1485 3101 1537 τὰ
3131 1487 3260 1538 ὄντα
3304 1489 3483 1542 πάντα
3508 1491 3600 1544 καὶ
3630 1493 3924 1562 προώρισε.

2354 1567 2446 1618 καὶ
2483 1573 2798 1640 παρήγαγε.
2855 1594 2874 1624 ι
2924 1577 3047 1637 Πῶς
3103 1577 3197 1631 οὖν
3247 1580 3295 1632 οἱ
3345 1586 3672 1653 προορισμοὶ
3721 1588 3816 1639 καὶ
3865 1589 3924 1637 τὸ

2355 1661 2615 1728 ποιητικὰ
2663 1664 2772 1715 τῶν
2826 1665 2995 1718 ὄντων
3036 1669 3154 1722 θεῖα
3195 1671 3477 1742 θελήματα
3527 1680 3754 1740 κτιστάς
3814 1679 3936 1740 πῶς

2351 1749 2396 1801 δ’
2429 1753 2488 1802 οὐ
2527 1756 2748 1822 φανεροὶ
2783 1759 3140 1827 τυγχάνουσιν
3180 1763 3332 1825 ὄντες
3361 1767 3460 1834 τὴν
3505 1769 3598 1819 τοῦ
3629 1769 3764 1822 Θεοῦ
3796 1773 3903 1838 πρὸ

3601 1863 3771 1924 ιὸὁους
3798 1865 3934 1916 ταὺ-

2347 1951 2447 1996 τας
2480 1938 2570 1990 καὶ
2603 1941 2883 2010 ἐνεργείας
2918 1944 3191 2014 τιθέμενοι
3233 1951 3492 2016 κτιστάς;
3525 1953 3584 2004 Ἡ
3617 1954 3723 2024 γὰρ
3749 1958 3929 2009 obs-to-

2347 2028 2518 2092 ποιὸς,
2553 2031 2646 2082 καὶ
2694 2033 2979 2100 ζωοποιὸς,
3030 2039 3122 2090 καὶ
3152 2043 3460 2107 σοφοποιὸς,
3514 2046 3608 2098 καὶ
3645 2048 3832 2110 ἁπλῶς

2348 2125 2630 2191 ποιητικὴ,
2671 2127 2765 2178 καὶ
2798 2132 3092 2200 συνεκτικὴ
3147 2132 3256 2184 τῶν
3289 2136 3524 2198 κτιστῶς
3554 2137 3723 2190 ὄντων
3769 2140 3908 2209 ἐνέρ-

2345 2231 2489 2281 γεια,
2509 2214 2624 2268 ἐστι
2658 2217 2724 2270 τὰ
2760 2219 2878 2273 Οεῖα
2904 2221 3206 2290 θελήματα,
3237 2227 3331 2277 καὶ
3361 2228 3415 2279 αἱ
3442 2226 3580 2280 Οεῖαι
3608 2225 3767 2282 αὗται
3797 2249 3926 2300 μετ-

2344 2306 2469 2376 οχαὶ
2507 2310 2598 2361 καὶ
2627 2310 2828 2380 δωρεαὶ
2858 2315 2954 2382 τῆς
2993 2317 3212 2369 πάντων
3242 2320 3422 2383 αἰτίας
3456 2321 3815 2391 ἀγαθὸτητος.

2423 2490 2536 2554 mf.
2583 2485 2647 2537 Ἥ
2684 2485 2784 2556 μὲν
2813 2484 2908 2542 οὖν
2944 2487 3041 2541 τοῦ
3085 2488 3360 2542 αὐτοεῖναι
3395 2493 3619 2559 μετοχὴ,
3679 2490 3803 2543 κατ’
3836 2491 3937 2543 οὐ·-

2351 2574 2479 2628 δένα
2509 2578 2713 2646 τρόπον
2747 2578 2966 2640 οὐδενὸς
3008 2580 3252 2650 μετέχει,
3298 2581 3373 2644 ὡς
3405 2582 3499 2633 καὶ
3529 2584 3556 2634 ὁ
3591 2582 3764 2649 μέγας
3811 2584 3925 2634 Διο-

2351 2667 2533 2730 νύσιός
2556 2686 2740 2738 φησιν’
2763 2673 2819 2722 αἱ
2844 2671 2890 2724 δ’
2916 2672 3074 2726 ἄλλαι
3106 2675 3353 2742 μετοχαὶ,
3446 2673 3547 2743 μέν
3573 2675 3678 2726 εἰσι
3703 2678 3937 2743 μετοχαὶ

2351 2779 2410 2813 τε
2471 2764 2564 2815 καὶ
2615 2765 2785 2833 ἀρχαὶ
2839 2766 2948 2817 τῶν
3004 2767 3206 2833 ὄντων,
3266 2771 3557 2838 μετέχουσι
3602 2770 3936 2839 τοπαράπαν

2350 2853 2558 2917 οὐδενός
2581 2873 2594 2885 ·
2631 2856 2754 2908 οὐδὲ
2801 2857 2909 2926 γὰρ
2939 2859 2971 2926 ἡ
3022 2859 3248 2927 πρόνοια
3293 2860 3573 2929 προνοίας,
3605 2861 3712 2912 οὐδ’
3752 2863 3782 2930 ἡ
3817 2861 3934 2930 ζωὴ

2351 2945 2495 3014 ζωῆς
2527 2948 2847 3016 μετείληχεν
2867 2967 2881 2980 ·
2985 2950 3028 3002 δ’
3059 2949 3242 3019 ἔχουσι
3270 2951 3329 3003 τὸ
3364 2948 3525 3013 εἶναι,
3563 2954 3813 3023 μετέχειν
3844 2955 3937 3005 13'.-

2349 3055 2538 3104 γονται
2596 3038 2689 3090 τοῦ
2741 3041 3050 3093 αὑτοεῖναι’
3089 3045 3164 3105 ὡς
3215 3045 3382 3112 χωρὶς
3428 3045 3595 3097 αὑτοῦ
3644 3045 3718 3115 μὴ
3769 3041 3934 3099 οὖσα.

2354 3130 2487 3197 μηδὲ
2524 3132 2919 3200 μετεχόμεναι·
2959 3133 3212 3203 καθάπερ
3248 3135 3358 3186 οὐδ’
3390 3138 3422 3205 ἠ
3464 3137 3770 3204 πρόγνωσις
3817 3157 3932 3206 χω-

2347 3218 2429 3286 ρὶς
2457 3220 2556 3285 τῆς
2592 3221 2878 3287 γνώσεως·
2909 3222 2989 3275 διὸ
3018 3224 3094 3287 ὡς
3124 3226 3509 3297 αὒτομετοχαὶ,
3537 3228 3793 3297 οὐδαμῶς
3823 3233 3934 3283 εισι

2344 3312 2581 3362 κτισταί.
2619 3313 2786 3364 Ταῦτ’
2825 3313 2935 3381 ἄρα
2990 3316 3086 3368 καὶ
3139 3319 3281 3371 κατὰ
3323 3319 3414 3372 τὸν
3463 3320 3606 3372 θεῖον
3651 3322 3931 3391 Μάξιμον,

2345 3402 2468 3454 οὐδέ
2534 3421 2667 3455 ποτε
2707 3406 2803 3458 τοῦ
2855 3401 2996 3461 εἶναι
3027 3409 3296 3479 ἤρξαντοο
3333 3411 3428 3463 καὶ
3477 3414 3606 3482 περὶ
3653 3414 3747 3466 τὸν
3795 3415 3934 3468 Θεὸν

2345 3494 2618 3558 οὖσιωδῶς
2650 3497 3001 3567 Θεωροῦνται,
3045 3503 3142 3554 καὶ
3185 3503 3284 3555 οὐκ
3311 3497 3380 3573 ἦν
3415 3504 3502 3556 ὅτε
3538 3507 3639 3558 οὐκ
3672 3501 3836 3576 ἦσαν.
3869 3510 3932 3561 Οἱ

2345 3585 2401 3654 δὲ
2429 3588 2684 3652 ἐναντίοι,
2727 3590 2825 3659 τὴν
2861 3592 3164 3662 αὑτοζωὴν,
3193 3595 3289 3646 καὶ
3331 3597 3804 3667 αὐτοαγαοότητα,
3838 3601 3935 3653 καὶ

2340 3675 2661 3730 τὰτοιαῦτα
2691 3679 2968 3743 δυσσεῦῶς
2998 3682 3318 3751 νομίζοντες
3343 3688 3562 3752 κτιστὰ,
3596 3689 3674 3741 ὅτι
3710 3691 3936 3759 μετέχει

2347 3771 2448 3838 τῆς
2483 3773 2592 3825 τῶν
2623 3774 2794 3826 ὄντων
2818 3778 3005 3845 κοινῆς
3040 3779 3378 3846 ἐπωνυμίας,
3408 3782 3468 3832 οὐ
3500 3785 3822 3851 συνορῶσιν,
3853 3786 3932 3847 ὡς

2351 3865 2400 3915 εί
2440 3865 2534 3916 καὶ
2566 3865 2696 3916 ὄντα
2729 3866 2967 3933 λέγεται,
3017 3868 3154 3920 ἀλλὰ
3185 3870 3280 3922 καὶ
3305 3871 3448 3940 ὑπὲρ
3488 3873 3556 3924 τὰ
3589 3874 3716 3925 ὄντα
3773 3875 3928 3927 ἐστί’

2349 3955 2602 4026 καθάπερ
2640 3958 2801 4020 αὑτός
2853 3976 3017 4026 φησιν
3059 3959 3088 4010 ὁ
3136 3961 3310 4030 μέγας
3366 3964 3676 4027 Διονύσιος·
3730 3968 3934 4036 ῥαδίως

2349 4044 2395 4097 δ’
2441 4045 2506 4099 ἂν
2557 4049 2607 4098 οἱ
2651 4047 2740 4101 διὰ
2769 4047 2926 4101 τοῦτο
2961 4050 3060 4113 τὰς
3099 4053 3474 4122 αὑτομετοχὰς
3510 4057 3625 4117 τοῖς
3663 4057 3933 4125 κτίσμασι

2353 4138 2765 4200 συντάττοντες,
2819 4140 2914 4192 καὶ
2963 4142 3023 4192 τὸ
3074 4141 3298 4211 Πνεῦμα
3347 4142 3408 4194 τὸ
3463 4143 3618 4210 ἅγιον
3650 4147 3934 4215 ἡγήσαντο

2351 4229 2594 4281 κτιστύν·
2632 4230 2726 4282 τοῦ
2761 4232 2997 4300 μεγάλου
3036 4233 3317 4285 Βασιλείου
3355 4234 3628 4302 λέγοντος,
3669 4238 3929 4308 μετέχειν

2353 4319 2487 4372 αὐτὸ
2509 4320 2616 4372 τῶν
2644 4321 2962 4389 Θεοπρεπῶν
2989 4323 3289 4392 ὀνομάτων.

2443 4490 2553 4544 πθ’.
2585 4491 2648 4544 Ei
2676 4491 2734 4544 δέ
2771 4508 2858 4555 τις
2891 4492 3027 4562 φαίη
3061 4493 3232 4561 μόνην
3259 4493 3361 4565 τὴν
3396 4493 3769 4568 αὗτοΰπαρξιν
3805 4493 3949 4552 εἶναι

2374 4581 2628 4651 μετοχὴν,
2676 4582 2752 4645 ὡς
2795 4582 2964 4652 μόνην
2993 4583 3068 4653 μὴ
3122 4585 3480 4654 μετέχουσαν,
3526 4587 3662 4640 ἀλλά
3717 4607 3946 4659 μετεχο·

2373 4671 2542 4742 μένην
2571 4674 2730 4741 μόνον
2754 4673 2831 4740 (αἱ
2860 4675 2969 4744 γὰρ
2997 4674 3151 4728 ἄλλαι
3189 4675 3510 4746 μετέχουσιν
3543 4676 3738 4746 αὐτῆς)
3757 4695 3772 4708 ο
3806 4680 3949 4744 γνὼ-

2369 4781 2446 4816 τω
2480 4763 2554 4833 μὴ
2584 4763 2822 4826 συνετῶς
2854 4765 3236 4835 διανοούμενος
3284 4768 3416 4837 περὶ
3459 4767 3568 4820 τῶν
3612 4768 3788 4822 ἄλλων
3818 4786 3948 4835 μετ-

2364 4855 2526 4924 οχῶν.
2559 4856 2640 4908 Τὰ
2690 4857 2798 4926 γὰρ
2837 4855 3035 4922 ζῶντα,
3065 4858 3098 4927 ἢ
3153 4858 3222 4911 τὰ
3257 4859 3412 4926 ἅγια,
3458 4859 3490 4928 ἢ
3525 4858 3595 4912 τὰ
3639 4859 3848 4926 ἀγαθὰ,
3883 4860 3944 4910 οὑ

2361 4947 2449 5000 διὰ
2474 4947 2535 4999 τὸ
2567 4947 2752 5011 ἁπλῶς
2783 4942 2943 5010 εἶναι,
2968 4950 3064 5001 καὶ
3092 4950 3190 5018 τῆς
3214 4948 3636 5018 αὐτοῦπάρξεως
3666 4953 3942 5020 μετέχειν,

2364 5039 2464 5108 ζῇν
2496 5039 2713 5106 λέγεται
2751 5040 2990 5109 μεθέξει,
3035 5039 3130 5093 καὶ
3170 5041 3496 5110 ἀγιάζεσθαι
3542 5042 3639 5094 καὶ
3671 5043 3945 5109 ἀγαθύνε-

2367 5133 2525 5183 σθαιο
2573 5131 2712 5184 ἀλλὰ
2762 5131 2842 5200 τῷ
2871 5134 2972 5200 τῆς
3009 5132 3292 5196 αὑτοζωῆς
3337 5133 3609 5202 μετέχειν,
3655 5135 3752 5186 καὶ
3781 5136 3944 5190 αὐτο-

2365 5223 2678 5290 αγιότητος,
2697 5224 2792 5277 καὶ
2816 5223 3310 5297 αὐτοαγαθότητος.
3339 5223 3404 5276 Ἦ
3429 5225 3483 5276 δὲ
3507 5225 3940 5297 αὐτωγαθὸτης,

2367 5313 2398 5371 ἢ
2425 5314 2519 5363 καὶ
2546 5313 2713 5366 τᾶλλα
2743 5314 2812 5366 τὰ
2833 5311 3080 5378 τοιαῦτα,
3100 5314 3198 5365 οὐκ
3223 5295 3388 5383 ἄλλης
3415 5313 3696 5382 αὑτοζωῆς
3725 5295 3942 5384 μεθέξει

2362 5405 2569 5470 γίνεται
2589 5404 2835 5475 αὖτοζωή
2854 5422 2869 5436 ο
2892 5403 2972 5457 διὸ
3001 5406 3094 5457 καὶ
3120 5404 3256 5456 καθὸ
3277 5405 3545 5473 αὐτοζωὴ,
3575 5404 3685 5456 τῶν
3717 5423 3930 5475 μετεχο-

2366 5494 2563 5560 μένων,
2591 5494 2709 5547 ἀλλ’
2748 5495 2810 5546 οὐ
2837 5495 2944 5546 τῶν
2981 5496 3318 5563 μετεχόντων
3353 5494 3487 5547 ἐστί.
3522 5494 3595 5546 Τὸ
3618 5494 3673 5546 δὲ
3710 5497 3785 5565 μὴ
3815 5514 3941 5565 μετ-

2366 5586 2488 5654 έχον
2513 5585 2680 5655 ζωῆς,
2715 5585 2831 5637 ἀλλ’
2867 5585 2998 5639 αὐτὸ
3032 5585 3388 5655 μετεχόμενον
3415 5585 3509 5637 καὶ
3541 5585 3846 5648 ζωοποιοῦν
3874 5588 3939 5638 τὰ

2364 5676 2566 5738 ζῶντα,
2594 5676 2710 5739 πῶς
2734 5676 2800 5730 ἂν
2824 5676 2911 5746 εἴη
2930 5677 3133 5747 κτίσμα
3156 5693 3171 5743 ;
3194 5671 3347 5730 Κάπὶ
3368 5678 3475 5731 τῶν
3497 5677 3672 5732 ἄλλων
3698 5678 3938 5748 μετοχῶν

2363 5786 2580 5838 ομοίως.
