4246 6464
335 453 480 518 11⁹ε5

325 645 424 715 τὴν
450 651 736 719 ποιητικὴν
759 671 866 702 των
887 652 1056 704 ὅντων
1080 654 1337 723 πρόνοιαν
1360 657 1456 716 τὰς
1481 658 1738 724 προόδους
1762 655 1901 711 εἶναι

323 735 530 798 ταύτας
586 738 682 790 τοῦ
731 739 865 793 Θεοῦ
897 741 1128 812 γράφων
1160 745 1217 796 ἐν
1253 744 1521 814 Σχολίοις’
1569 765 1587 796 c
1627 747 1815 800 Κοιναὶ
1845 747 1902 801 δέ

321 845 435 900 sic:
487 843 587 913 τῆς
640 842 1073 911 τρισυποστάτου
1113 841 1545 911 διακεκριμένης
1590 841 1796 901 ἐνάδος,
1852 839 1909 890 αἱ

325 941 388 1005 δη
402 937 723 1006 μιουργικαὶ
753 935 1001 1004 πρόνοιαξ
1036 951 1092 986 τε
1119 934 1212 985 καὶ
1239 931 1576 1000 ἀγαοὸτητες
1597 949 1610 962 ·
1636 930 1914 982 τουτέστιν

324 1033 379 1080 al
420 1028 726 1088 ούσιώσεις,
760 1028 814 1078 αἱ
855 1024 1116 1089 ζωώσεις,
1150 1025 1206 1076 αί
1251 1025 1652 1091 σοφοποιήσεις.
1688 1021 1778 1090 Τῷ
1818 1022 1914 1089 μὲν

327 1115 424 1172 οὖν
453 1118 652 1179 πολλὰς
687 1117 851 1185 φάναι
882 1115 1083 1176 ταύτας
1119 1115 1214 1166 καὶ
1250 1112 1695 1180 διακεκριμένας,
1745 1111 1912 1172 ἔδειξε

329 1211 404 1277 μὴ
439 1209 539 1278 τὴν
589 1207 779 1260 οὐσίαν
833 1203 998 1267 οῦσας
1053 1204 1254 1266 ταύτας
1297 1202 1390 1256 τοῦ
1429 1201 1603 1255 Θεοῦ·
1663 1201 1757 1270 μία
1805 1201 1913 1268 γὰρ

325 1301 466 1367 αῦτη
517 1300 610 1351 καὶ
665 1299 1014 1351 παντάπασιν
1058 1295 1386 1366 ἀδιαίρετος.
1427 1293 1580 1346 Ἐπεὶ
1625 1294 1679 1346 δὲ
1730 1292 1913 1352 κοινὰς

331 1393 431 1458 Ὲψη
467 1392 567 1456 τῆς
608 1389 1048 1458 τρισυπηστάτου
1080 1386 1507 1456 διακεκριμένης
1555 1384 1760 1442 ἐνάδος.
1791 1383 1911 1435 οὐδὲ

327 1483 421 1534 τὸν
452 1482 584 1533 Υἱῖιν
617 1478 779 1544 εἶναι,
817 1482 912 1532 καὶ
951 1479 1009 1532 τὸ
1040 1479 1264 1545 Πνεῦμα
1296 1476 1356 1528 τὺ
1387 1477 1539 1543 ᾶγιον
1571 1474 1912 1544 παρέστησεν

327 1575 460 1640 ἡμῖν
484 1588 498 1601 ·
533 1572 740 1624 τούτων
770 1572 878 1639 γὰρ
913 1571 1065 1623 οὐδὲν
1101 1570 1210 1620 τῶν
1253 1567 1421 1638 τριῶν
1449 1568 1698 1636 ἐνέργεια
1735 1569 1909 1635 κοινή.

329 1662 420 1731 Τῷ
450 1663 506 1714 δὲ
539 1662 614 1731 μὴ
661 1662 821 1730 μόνον
873 1659 1129 1730 προνοίας
1156 1660 1357 1721 ταύτας
1389 1659 1555 1725 φάναι
1588 1659 1680 1710 καὶ
1715 1657 1911 1725 ἀγαοὸ-

325 1772 518 1821 τητας,
539 1752 674 1807 ἀλλὰ
695 1752 788 1805 καὶ
814 1750 1235 1821 δημιουργικὰς,
1256 1749 1542 1812 ἀκτίστους
1562 1748 1912 1819 ὑπαρχούσας

330 1846 554 1911 ἔδειξεν.
591 1846 650 1896 El
692 1844 802 1914 γὰρ
841 1843 936 1914 μὴ,
971 1841 1504 1913 δεδημιουργημένος)
1547 1842 1700 1894 ἔσται
1735 1840 1794 1891 τὸ
1819 1839 1910 1907 δη-

329 1935 676 2006 μιουργικόν.
711 1934 923 1987 Οὐκοῦν
946 1935 1118 2004 ἑτέρῳ
1145 1931 1662 2004 [δε]δημιουργικῷ·
1691 1930 1909 1982 κάκεῖνο

325 2028 487 2081 πάλιν
519 2027 693 2097 ἑτέρῳ
743 2025 1277 2095 δεδημιουργημένον
1308 2024 1489 2076 ἔσται’
1532 2021 1624 2074 καὶ
1668 2022 1802 2090 πρδς
1847 2019 1909 2072 τὸ

325 2124 406 2184 εἰς
435 2121 667 2190 ἔσχατον
699 2118 846 2171 τοῦτ’
877 2117 1124 2170 ἐλαύνειν
1154 2117 1402 2180 ἀτοπίας,
1431 2116 1537 2168 οὐδ’
1569 2114 1654 2167 ἐπ’
1683 2112 1909 2182 ἄπειρον

325 2215 588 2283 στήσεται
633 2212 871 2282 βαδίζον.
929 2211 993 2263 Al
1052 2209 1146 2263 τοῦ
1203 2207 1339 2263 Θεοῦ
1389 2208 1498 2279 ἄρα
1554 2206 1768 2277 πρόοδοι
1815 2205 1909 2257 καὶ

325 2306 606 2375 ἐνέργειαι
647 2303 892 2356 ᾰκτιστοί
920 2303 978 2356 τέ
1004 2305 1129 2361 εἱσι,
1163 2300 1258 2354 καὶ
1289 2299 1444 2354 οὐσία
1467 2316 1549 2362 τις
1579 2299 1782 2351 τούτων
1810 2297 1911 2349 οὐκ

325 2399 496 2459 ἐστιν,
532 2395 643 2446 ἀλλ’
675 2394 796 2446 οὐδὲ
820 2395 1139 2455 ὑπόστασις.

398 2487 510 2556 ιμ’.
558 2488 711 2541 Ἐπεὶ
761 2486 942 2539 δὲκαὶ
988 2481 1266 2546 πολυειδὲς
1313 2482 1585 2550 ὑπέστησε
1630 2479 1691 2532 τδ
1737 2477 1848 2531 πᾶν
1883 2475 1913 2529 6

325 2581 694 2650 προαγωγείις
732 2579 828 2632 καὶ
861 2577 1158 2645 κοσμήτωρ
1197 2573 1291 2626 τοῦ
1341 2573 1542 2635 παντὸς
1575 2570 1914 2639 ·ἀνεικάστῳ

324 2673 670 2742 ἀγαοότητος
704 2670 1002 2739 ὑπερϐολῇ,
1026 2667 1093 2719 τὰ
1129 2668 1226 2736 μὲν
1256 2662 1395 2718 εἶναι
1441 2665 1599 2733 μόνον
1629 2661 1912 2731 ἐθελήσας,

324 2768 394 2816 τὰ
420 2765 475 2816 δὲ
515 2762 652 2832 πρὸς
683 2762 742 2815 τὸ
771 2757 911 2813 εἷναι
941 2758 1242 2828 κεκτῆσθαι
1275 2759 1369 2809 καὶ
1395 2755 1566 2823 ζωήν·
1600 2755 1694 2806 καὶ
1715 2754 1782 2805 τὰ
1817 2751 1915 2820 μὲν

326 2858 522 2926 νοερᾶς
546 2855 748 2917 ταύτης
769 2854 1069 2923 εύμοιρεῖν,
1116 2850 1257 2903 τὰδὲ
1289 2849 1456 2919 μόνης
1491 2846 1786 2900 ἀπολαύειν
1816 2845 1916 2913 τῆς

326 2950 452 3000 κατ’
489 2946 839 3015 ἀμφοτέρων,
878 2944 995 2996 ἐστι
1048 2942 1094 2994 δ’
1143 2941 1178 2995 ἃ
1217 2941 1308 2994 καὶ
1364 2929 1565 3008 μικτὴν
1604 2938 1809 3006 ταύτην
1857 2935 1917 3001 ἐξ

323 3040 665 3110 ἀμφοτέρων
712 3035 1045 3106 ἐσχηκέναι·
1072 3035 1166 3086 καὶ
1204 3034 1313 3084 τῶν
1341 3031 1564 3097 λογικὴν
1602 3030 1696 3081 καὶ
1725 3026 1920 3093 νοερὰν

323 3133 457 3201 πιρ⁹
486 3127 653 3184 αὑτοῦ
697 3127 973 3179 λαϐόντων
1000 3124 1098 3194 τὴν
1130 3123 1298 3193 ζωὴν,
1322 3125 1388 3191 τῇ
1433 3120 1569 3190 πρὸς
1603 3118 1767 3170 αὑτὸν
1802 3117 1919 3170 ἐθε-

1239 455 1507 520 CAN'T‘A
1577 455 1925 528 l‘HYSICA,
1976 455 2490 526 THEOIDGICA,
2529 459 2687 519 ΕΤΕΙ.

442 556 471 606 ’.
513 556 953 625 Συμφθεγγέσθω
990 560 1080 613 νῦν
1111 563 1241 632 ἡμῖν
1279 565 1371 616 καὶ
1401 563 1653 633 Μάξιμος
1683 570 1708 618 6
1739 567 1899 630 θεῖος,
1939 569 1983 626 Α

3449 461 3587 526 1186

2081 570 2170 621 90.
2213 568 2489 622 Consonet
2539 585 2682 622 nunc
2720 569 2876 622 nobis
2908 569 3064 623 divus
3100 571 3262 624 etiam
3304 571 3592 629 Maximus.-

2009 662 2328 715 creatricem
2374 678 2550 713 rerum
2589 662 2986 730 providentiam
3017 678 3136 715 esse
3175 663 3293 716 illas
3339 665 3429 716 Dei
3467 680 3592 730 pro-

2008 754 2281 805 cessiones
2310 754 2554 805 scribens
2599 754 2651 804 in
2713 751 2949 805 Srlioliis
2985 770 2998 806 :
3039 773 3055 803 ι
3087 755 3418 808 Communes
3459 763 3591 806 sunt

2010 845 2202 896 unitati
2256 843 2430 896 tribus
2479 845 2725 911 personis
2773 843 3077 905 distincta},
3127 846 3362 897 creatrix
3409 846 3588 912 provi-

2009 935 2183 987 dentia
2218 945 2270 987 et
2294 934 2528 998 bonitas,
2566 934 2613 986 id
2651 945 2751 995 est,
2786 935 3117 988 exsistentim
3157 947 3205 987 et
3250 938 3372 989 vita!
3409 948 3463 989 et
3499 929 3588 995 sa:

2010 1027 2220 1092 pientia‘
2255 1026 2556 1094 productio.
2594 1044 2612 1076 ν
2665 1025 2765 1078 Eas
2811 1028 2975 1092 igitur
3015 1031 3350 1081 numerando
3386 1028 3589 1081 multas

2010 1129 2061 1170 et
2084 1119 2388 1176 distinctas.
2421 1120 2656 1170 ostendit
2689 1131 2779 1170 cas
2816 1134 2922 1169 non
2960 1133 3080 1170 esse
3121 1118 3211 1169 Dei
3247 1119 3538 1180 essentiam
3571 1136 3587 1170 :

2011 1209 2123 1264 haec
2170 1210 2311 1263 enim
2355 1224 2458 1262 una
2505 1221 2590 1263 est
2633 1219 2683 1262 et
2717 1209 2940 1260 omnino
2976 1210 3290 1262 indiscreta.
3321 1210 3456 1272 Quia
3495 1225 3590 1260 au-

2012 1315 2117 1355 tem
2171 1317 2265 1355 eas
2314 1317 2631 1356 communes
2683 1303 2817 1353 dixit
2864 1303 3055 1352 unitati
3110 1303 3282 1354 tribus
3340 1304 3592 1370 personis

2009 1393 2298 1458 distincLe,
2318 1410 2413 1446 nec
2438 1393 2629 1446 Filium
2651 1408 2770 1445 esse
2795 1409 2894 1446 nec
2917 1391 3176 1460 Spiritum
3206 1406 3455 1446 sanetum
3496 1410 3588 1445 tto-

2009 1484 2091 1536 bis
2125 1484 2380 1537 indicavit
2414 1501 2426 1536 :
2463 1485 2650 1535 borum
2675 1485 2816 1536 enim
2853 1484 2995 1535 nulla
3024 1485 3270 1551 operatio
3302 1493 3388 1536 est
3416 1483 3591 1534 tribus

2010 1576 2335 1629 Communis.
2376 1577 2552 1643 Atque
2589 1575 2704 1626 illas
2742 1590 2846 1627 non
2878 1576 3052 1627 solum
3096 1574 3492 1641 providentiam
3535 1585 3591 1626 et

2013 1667 2330 1731 bonitatem,
2359 1667 2451 1719 sed
2488 1667 2784 1719 creatrices
2815 1667 2980 1718 etiam
3018 1671 3278 1727 vocando,
3315 1667 3590 1719 increatas

2009 1773 2129 1811 esse
2179 1760 2567 1812 demonstravit
2599 1776 2612 1813 :
2644 1775 2764 1812 nam
2818 1775 2994 1825 secus,
3043 1761 3187 1827 quod
3241 1770 3388 1812 creat
3440 1775 3591 1812 crea-

2014 1858 2126 1901 tum
2165 1859 2331 1914 esset,
2371 1852 2678 1903 necessario
2727 1852 2834 1904 :IllO
2882 1863 3144 1912 creatm-e,
3181 1860 3233 1903 et
3270 1850 3354 1903 hic
3401 1867 3591 1902 rursus

2010 1941 2116 1993 alio
2149 1941 2251 1993 erit
2284 1954 2534 2005 creatus;
2571 1951 2624 1994 ct
2670 1953 2725 1994 ut
2776 1945 2853 1995 sic
2909 1944 3263 2012 perveniatur
3305 1947 3368 1992 ad
3411 1953 3589 1993 extre-

2014 2049 2128 2086 tnos
2182 2033 2536 2087 absurditatis
2585 2035 2805 2099 limites,
2844 2052 2908 2087 ne
2957 2037 3007 2087 iit
3054 2037 3321 2087 inlinitum
3371 2035 3588 2101 quidem

2014 2127 2359 2195 procedendo
2393 2128 2646 2180 stabitur.
2683 2126 2821 2196 Ergo
2858 2127 2946 2180 Dei
2976 2129 3349 2194 processiones
3381 2139 3434 2181 et
3464 2143 3593 2194 ope-

2012 2218 2249 2270 rationes
2298 2228 2423 2271 sunt
2474 2219 2751 2280 increalm,
2783 2228 2836 2270 et
2884 2219 3120 2270 essentia
3169 2217 3346 2284 aliqua
3402 2218 3590 2270 harum

2015 2327 2121 2366 non
2163 2321 2265 2375 cst,
2301 2313 2437 2364 sicut
2479 2327 2574 2362 nec
2617 2311 2944 2363 substantia.

2083 2486 2170 2542 9|.
2215 2486 2348 2552 Quia
2399 2497 2582 2540 autem
2640 2490 2932 2556 prodttctor
2982 2501 3033 2542 «ιι
3087 2500 3308 2542 ornator
3353 2489 3589 2540 omnium

2015 2577 2271 2633 ineﬂ‘abili
2307 2578 2563 2632 bonitatis
2600 2579 2755 2647 copia
2800 2581 3183 2634 multiformem
3225 2583 3400 2634 ell‘ecit
3437 2597 3596 2633 tntttt—

2012 2670 2178 2736 dum,
2231 2672 2684 2739 quiaadattttolctts
2742 2673 3004 2725 exsistere
3053 2684 3298 2736 tantum,
3350 2674 3594 2740 quadam

2013 2779 2140 2817 vero
2167 2772 2358 2830 praeter
2377 2766 2747 2816 exsistentiam
2777 2767 2879 2814 vita
2906 2781 3115 2832 quoque
3134 2767 3386 2832 gaudere.
3413 2777 3457 2816 et
3490 2765 3595 2815 alia

2017 2857 2156 2907 hanc
2187 2853 2609 2907 ititt-lleetttalettt
2649 2855 2853 2916 sortiri,
2887 2855 2990 2906 alia
3026 2869 3152 2906 vero
3188 2869 3292 2905 una
3329 2853 3597 2904 duntaxat

2016 2948 2302 2999 ambarum
2339 2945 2468 3009 frui,
2505 2946 2761 2998 nonnulla
2795 2947 3027 3013 denique
3075 2949 3228 2998 mixta
3262 2947 3492 3012 quadam
3529 2961 3591 2995 ex

2016 3036 2282 3090 ambabus
2309 3036 2493 3103 potiri,
2521 3047 2572 3088 ct
2596 3051 2714 3103 qua:
2743 3036 3059 3089 rationalem
3090 3049 3142 3088 et
3171 3037 3588 3089 intellectualem

2017 3143 2044 3179 a
2075 3143 2131 3180 se
2164 3137 2490 3196 acceperant
2524 3128 2711 3190 vitam,
2753 3128 2923 3181 Lbero
2960 3130 3024 3180 ad
3065 3144 3121 3182 se
3159 3139 3302 3180 motu
3341 3127 3595 3180 unionem

325 3223 423 3274 λου
439 3223 544 3290 σίῳ
579 3219 757 3271 νεύσει
786 3217 883 3284 τῆς
915 3214 1080 3268 αὑτοῦ
1112 3212 1358 3273 ἑνώσεως
1401 3209 1802 3277 ἐπιτυγχάνειν,
1828 3208 1916 3261 καὶ
1940 3255 1981 3310 C

1940 3255 1981 3310 ρ
2017 3235 2221 3283 secum,
2259 3229 2314 3272 et
2343 3219 2555 3271 'exiude
2599 3220 2765 3269 vitam
2816 3221 3072 3285 consequi
3128 3218 3595 3284 superuaturalem

325 3318 430 3382 ζῇν
461 3311 603 3364 οὕτω
631 3309 786 3370 θείως
816 3306 908 3359 καὶ
955 3301 1273 3374 ὑπερφυῶς,
1315 3301 1417 3370 τῆς
1447 3299 1611 3352 αὑτοῦ
1645 3297 1908 3362 κατηξιω-

331 3406 471 3475 μένα
509 3399 772 3470 Θεουργοῦ
821 3399 1064 3467 χάριτος,
1095 3394 1192 3446 καὶ
1238 3393 1540 3461 ἐνεργείας.
1583 3391 1645 3443 Ἦ
1673 3389 1780 3459 γὰρ
1810 3388 1913 3440 αύ-

326 3497 424 3552 τοῦ
453 3497 695 3562 θέλησις,
728 3491 941 3560 γένεσίς
967 3491 1084 3542 ἐστι
1110 3491 1221 3550 τοῖς
1252 3485 1423 3548 οὖσιν,
1459 3484 1491 3554 ἢ
1515 3483 1915 3554 προαγομένοις

327 3595 394 3642 ἐκ
432 3589 508 3659 μὴ
540 3587 733 3648 ὄντων,
760 3584 792 3652 ἥ
833 3579 1233 3652 βελτιουμένοις
1255 3597 1266 3610 ·
1295 3579 1388 3632 καὶ¹
1419 3577 1577 3630 τοῦτο
1618 3576 1913 3644 διαφόρως.

328 3683 432 3736 Διὰ
465 3681 670 3748 ταύτην
720 3677 820 3745 τὴν
872 3677 964 3727 ἐπὶ
997 3674 1065 3726 τὰ
1102 3673 1230 3726 ὄντα
1275 3671 1370 3723 τοῦ
1409 3670 1556 3722 (istoc
1612 3669 1917 3738 θελήματος

329 3774 600 3840 διαφορὰν
709 3769 808 3837 μία
841 3769 1022 3834 ἐκείνη
1051 3766 1275 3835 πρόνοια
1299 3765 1393 3816 καὶ
1426 3760 1699 3828 ἁγαθότης
1731 3760 1918 3829 (ταυτὸ

328 3865 378 3918 δ’
401 3866 600 3926 εἰπεῖν,
629 3863 662 3932 ἡ
690 3862 757 3913 δι’
795 3859 1109 3926 ἀγαοότητα
1141 3857 1281 3927 πρὸς
1305 3856 1373 3908 τὰ
1396 3852 1795 3922 καταδεέστερα
1822 3850 1918 3902 τοῦ

331 3959 474 4013 Θεοῦ
499 3954 854 4026 ἐπιστροφὴ),
875 3953 1065 4006 πολλαὶ
1089 3951 1336 4022 πρόνοιαί
1359 3967 1417 4001 τε
1442 3949 1537 4002 καὶ
1562 3947 1916 4016 ἁγαθότητες,

337 4053 436 4104 καὶ
463 4050 571 4101 εἰσὶ
607 4054 701 4099 καὶ
729 4047 982 4114 λέγονται
1015 4045 1166 4113 παρὰ
1196 4043 1304 4094 τῶν
1327 4040 1600 4106 Θεοσόφων
1633 4037 1917 4105 θεολόγων,

334 4141 657 4211 ἀμερίστως
695 4141 752 4189 ἐν
792 4139 903 4196 τοῖς
959 4136 1232 4206 μεριστοῖς
1286 4133 1638 4202 μεριζόμεναι
1679 4129 1773 4182 καὶ
1804 4145 1923 4179 ποι-

341 4234 688 4300 τιλλόμεναιο
738 4230 814 4290 ὼς
864 4227 960 4297 τὴν
1016 4227 1114 4296 μὲν
1159 4223 1573 4295 προγνωστικὴν
1626 4221 1719 4274 τοῦ
1791 4219 1922 4272 Θεοῦ

332 4325 572 4392 δύναμιν
601 4320 886 4374 καλεῖσθαι
904 4337 917 4351 ’
950 4321 1048 4386 τὴν
1065 4318 1142 4382 δὲ,
1168 4316 1568 4386 δημιουργικὴν
1595 4331 1652 4365 τε
1680 4313 1773 4364 καὶ
1809 4329 1924 4364 συν-

336 4416 569 4484 εκτικήν
592 4431 606 4446 ·
656 4413 863 4465 τούτων
908 4412 952 4464 δ’
987 4406 1075 4473 αὖ,
1125 4410 1265 4461 κατὰ
1297 4408 1389 4460 τὸν
1424 4408 1594 4476 μέγαν
1625 4408 1921 4463 Διονύσιον,

335 4515 437 4571 τὰς
489 4507 590 4575 μὲν
642 4503 948 4563 ούσιώσεις,
995 4501 1093 4562 τὰς
1133 4501 1187 4552 δὲ
1237 4497 1498 4563 ζωὼσεις,
1539 4499 1636 4558 τὰς
1671 4497 1723 4549 δὲ
1767 4512 1924 4563 σοφο-

2016 3314 2172 3379 digna
2206 3311 2387 3365 habita
2421 3311 2606 3363 dvitica
2641 3310 2818 3379 ipsius
2854 3311 3172 3378 operatione
3207 3320 3368 3377 atque
3401 3313 3594 3376 gratia.

2017 3403 2149 3456 Nam
2182 3402 2302 3470 ejus
2336 3403 2584 3455 voluntas
2627 3411 2708 3453 est
2750 3417 2910 3454 causa
2958 3403 3099 3454 entia
3139 3403 3251 3454 sive
3289 3404 3596 3470 producens

2017 3511 2047 3548 e
2073 3494 2236 3547 nihilo
2260 3495 2372 3548 sive
2399 3493 2708 3553 melioratts.
2734 3505 2782 3546 et
2838 3495 2940 3546 Itoe
2965 3495 3343 3546 diversimode.
3373 3495 3598 3560 Propter

2017 3587 2155 3639 lianc
2185 3583 2382 3638 divinat
2412 3599 2538 3653 erga
2573 3585 2716 3636 entia
2752 3583 3049 3636 voluntatis
3079 3584 3447 3637 diversitatem
3491 3598 3596 3634 una

2019 3677 2105 3731 illa
2140 3676 2476 3744 providentia
2519 3688 2570 3728 et
2615 3676 2828 3728 bonitas
2863 3683 2975 3740 (seu
3008 3675 3150 3743 quod
3193 3676 3328 3725 idem
3362 3685 3462 3733 est,
3503 3672 3594 3722 Dt-i

2018 3776 2238 3836 propter
2285 3768 2580 3819 bonitatem
2628 3767 2693 3818 ad
2747 3765 3002 3818 inferiora
3059 3765 3363 3831 conversio)
3415 3764 3599 3814 multa:

2017 3859 2370 3929 providentia:
2398 3872 2460 3910 ac
2489 3858 2757 3909 bonitates
2787 3866 2913 3908 sunt
2944 3866 2994 3908 et
3035 3865 3292 3906 vocantur
3339 3869 3367 3907 a
3413 3854 3594 3907 divina

2018 3950 2354 4018 sapientibus
2401 3946 2699 4013 theologis,
2757 3945 2987 3997 indivise
3043 3943 3093 3995 in
3151 3941 3598 4010 participantilnts

2020 4042 2271 4093 discretae
2307 4048 2360 4090 et
2398 4037 2808 4097 discriminata,
2842 4036 2910 4086 ita
2957 4046 3012 4086 ut
3055 4035 3158 4086 alia
3205 4034 3420 4099 quidem
3461 4048 3598 4099 pra:-

2017 4130 2241 4183 scientia
2277 4129 2369 4180 Dei
2405 4139 2762 4194 nuncupetur,
2789 4126 2894 4178 alia
2926 4134 3108 4177 autent
3144 4125 3326 4177 virtus
3359 4123 3593 4175 creatrix

2017 4232 2070 4273 et
2100 4203 2494 4280 ccitservatrix,
2525 4229 2577 4270 ct
2610 4218 2723 4271 hate
2758 4233 2968 4278 rursus,
2998 4217 3148 4284 juxta
3189 4231 3440 4282 magnum
3473 4216 3593 4266 Dio-

2019 4314 2255 4381 nysium,
2283 4311 2744 4377 subdistinguatur
2777 4309 2828 4361 in
2861 4311 3126 4370 essentitu,
3160 4308 3277 4360 vita:
3306 4316 3358 4357 et
3381 4307 3593 4372 sapien-

2022 4409 2108 4458 tia
2151 4403 2519 4462 elTectricem;
2577 4401 2788 4452 illarum
2834 4409 3012 4451 autem
3065 4412 3399 4466 unaqquue
3448 4412 3596 4449 coin-

2021 4494 2199 4545 munis
2225 4498 2307 4545 est
2335 4490 2477 4543 Patri
2505 4499 2557 4543 et
2583 4490 2721 4543 Filio
2746 4499 2799 4543 et
2825 4488 3050 4555 Spiritui
3079 4497 3286 4549 saneto,
3316 4499 3369 4539 et
3398 4503 3596 4538 secun-

339 4599 614 4666 ποιήσεις.
660 4594 900 4660 Ἐκάστη
933 4592 988 4644 δὲ
1033 4590 1238 4643 τούτων
1267 4590 1418 4658 κοινή
1446 4591 1562 4641 ἐστι
1587 4586 1680 4639 τοῦ
1711 4587 1919 4656 Πατρδς
1945 4588 1992 4646 1)

1945 4588 1992 4646 υ
2018 4586 2146 4638 dum
2188 4586 2355 4649 ipsam
2395 4596 2838 4648 unamquamque
2871 4579 3109 4632 divinam
3144 4595 3268 4648 erga
3312 4595 3413 4633 nos
3444 4579 3599 4631 boni-

339 4692 432 4744 καῖ
468 4689 563 4740 τοῦ
587 4687 716 4739 Υἱοῦ
746 4687 840 4737 καὶ
871 4684 964 4735 τοῦ
995 4684 1149 4748 ἁγίου
1180 4680 1491 4749 Πνεύματος
1511 4695 1529 4709 ⁸
1560 4680 1649 4731 καὶ
1675 4679 1791 4732 κατ’
1821 4679 1918 4730 αὐ-

339 4786 444 4851 τὴν
483 4780 721 4849 ἑκάστην
741 4777 839 4847 τὴν
869 4777 1000 4845 περὶ
1031 4776 1177 4844 ἡμᾶς
1213 4772 1420 4842 ἀγαθὴν
1461 4773 1556 4824 καὶ
1585 4771 1733 4824 Θείαν
1765 4770 1920 4838 ϐέλη-

342 4893 454 4937 σιν,
482 4876 510 4926 6
560 4871 748 4940 Πατὴρ
793 4869 890 4921 καὶ
942 4870 970 4920 ὁ
996 4867 1121 4928 Υἱὸς
1149 4866 1242 4917 καὶ
1293 4865 1352 4916 τὸ
1392 4864 1612 4932 Πνεῦμα
1666 4864 1725 4914 τὸ
1765 4862 1920 4927 ἅγιόν

343 4970 519 5026 ἐστιν,
574 4966 608 5033 ἡ
663 4959 970 5020 ούσιοποιδς
1030 4957 1122 5010 καὶ
1178 4956 1436 5019 ζωοποιδς
1486 4956 1579 5008 καὶ
1638 4954 1922 5021 σοφοποιδς

345 5056 608 5128 ἐνέργειά
659 5071 718 5106 τε
752 5053 846 5104 καὶ
877 5053 1106 5119 δύναμις
1128 5066 1141 5080 ·
1169 5050 1234 5111 ἃς
1283 5052 1377 5100 καὶ
1406 5049 1661 5117 ἀσχέτους
1701 5045 1924 5115 μεταδό-

347 5167 486 5212 σεις,
508 5147 598 5200 καὶ
620 5146 920 5213 ἀμειώτους
945 5141 1295 5210 προσείρηκε·
1324 5139 1431 5191 τῶν
1457 5140 1686 5191 κτιστὼν
1709 5137 1842 5205 ὁμεῦ
1866 5154 1921 5188 τε

347 5243 574 5295 πάντων
606 5235 862 5308 ἐξαίρων,
894 5235 990 5287 καὶ
1023 5230 1269 5303 φυσικῶς
1314 5234 1513 5284 ἐνεῖναι
1551 5229 1817 5284 διδάσκων
1848 5229 1927 5311 τῷ

352 5333 714 5407 μεταδιδόντι.

424 5426 530 5493 ιπβν.
595 5423 805 5490 Ὥσπερ
841 5421 868 5472 ὁ
916 5418 1099 5487 ἣλιος,
1138 5417 1423 5486 ἀμειώτως
1471 5418 1583 5477 τοῖς
1642 5415 1924 5484 μετέχουσι

352 5515 677 5588 μεταδιδοὺς
709 5513 921 5583 θέρμης
955 5514 1046 5564 καὶ
1077 5511 1274 5578 φωτὸς,
1313 5509 1584 5579 ἐμφύτους
1627 5508 1775 5560 ταῦτ’
1813 5507 1923 5575 ἔχει

351 5609 450 5662 καὶ
475 5605 756 5666 οὖσιώδεις
790 5604 1067 5673 ἐνεργείας
1093 5618 1106 5632 ·
1137 5600 1278 5653 οὕτω
1306 5601 1399 5653 καὶ
1425 5601 1479 5652 αἱ
1518 5599 1658 5652 θεῖαι
1700 5598 1924 5667 μεταδό-

353 5719 493 5763 σεις,
531 5695 820 5766 ἀμειώτως
852 5693 1070 5746 ἐνοῦσαι
1098 5693 1174 5760 τῷ
1201 5691 1551 5762 μεταδιδΰντι,
1581 5690 1805 5756 φυσικαὶ
1836 5688 1926 5740 καὶ

350 5790 635 5852 ούσιώδεις
696 5787 968 5856 ἐνέργειαι
1035 5786 1174 5836 εἰσιν
1236 5783 1433 5836 αὐτοῦ·
1491 5779 1779 5848 τοιγαροῦν
1833 5783 1925 5832 καὶ

355 5885 628 5938 ἄκτιστοι.
665 5878 931 5946 Καθάπερ
969 5875 1024 5927 δὲ
1068 5872 1162 5926 τοῦ
1198 5873 1293 5942 μὲν
1330 5870 1556 5941 ἡλιακοῦ
1592 5872 1785 5941 φωτὸς,
1818 5873 1921 5923 025‘

2023 4687 2183 4729 tatem
2239 4687 2293 4730 ct
2345 4676 2697 4739 voluntatem,
2741 4672 2898 4725 I’ater
2944 4681 2997 4723 ct
3051 4669 3219 4723 Filius
3265 4682 3317 4723 et
3362 4672 3602 4737 Spiritus

2020 4777 2238 4820 sanctus
2293 4777 2418 4819 sunt
2465 4766 2735 4827 essentia»,
2781 4775 2902 4816 vita:
2947 4771 3001 4814 et
3037 4762 3312 4829 Sapientia:
3354 4761 3594 4812 eﬂectris

2020 4858 2262 4922 Operatio
2316 4870 2370 4909 et
2419 4857 2629 4917 virtus,
2688 4869 2824 4922 quas
2874 4854 2963 4906 ille
3015 4852 3204 4904 doctor
3258 4851 3597 4903 lieresSarias

2021 4949 2541 5001 communicationes
2580 4956 2634 4998 et
2679 4947 2910 4997 intactas
2949 4944 3174 5005 vocavit,
3214 4957 3308 4993 eas
3346 4941 3510 4994 simul
3545 4952 3598 4992 et

2023 5057 2049 5091 a
2083 5041 2353 5093 creaturis
2383 5039 2634 5090 Ottttlllms
2666 5051 2950 5105 separatis,
2983 5044 3038 5089 et
3070 5035 3386 5087 naturaliter
3419 5032 3600 5086 inesse

2021 5129 2444 5184 eommunicanti
2476 5131 2699 5182 docens.

2095 5400 2192 5458 9‘2.’
2225 5402 2375 5454 Sicut
2402 5399 2482 5453 sol
2505 5399 2620 5452 sine
2646 5398 3039 5451 imminutione
3068 5393 3420 5465 participibus
3451 5408 3600 5447 com-

2028 5497 2309 5545 municatis
2337 5492 2570 5544 calorem
2600 5499 2654 5542 el.
2683 5491 2877 5548 lucem,
2908 5490 3017 5543 haec
3043 5488 3209 5541 habet
3234 5498 3288 5539 ttt
3318 5487 3594 5539 naturales

2027 5588 2456 5653 chentialesque
2510 5585 2893 5653 Operationes;
2949 5583 3020 5636 ita
3077 5581 3600 5636 cuuunuuicationes

2029 5683 2243 5739 divina).
2278 5694 2378 5731 non
2425 5679 2726 5731 minuente-5
2765 5676 3274 5738 couttmtnicantem,
3322 5672 3602 5726 naturales

2028 5772 2454 5837 esst-utialcsque
2499 5781 2622 5822 sunt
2667 5770 2781 5837 ejus
2821 5769 3202 5836 operationcs;
3237 5782 3363 5834 ergo
3405 5775 3459 5817 et
3513 5765 3599 5815 iu-

2030 5871 2220 5919 creata:
2263 5871 2409 5913 sunt.
2446 5859 2906 5924 Questiadmodutu
2939 5869 3113 5912 autem
3150 5859 3341 5912 solaris
3374 5855 3597 5907 luminis
