4246 6464
732 444 865 509 HR?

1988 439 2366 498 GBEGORII
2417 441 2739 502 PALAME

3830 439 3973 502 “88

727 564 791 598 ne
843 547 1125 615 vestigium
1179 550 1395 617 quidem
1439 558 1707 613 remanet,
1745 560 2027 619 postquam
2072 554 2151 605 sul
2204 556 2302 605 suh
2332 557 2404 611 Ai

2283 570 2302 600 ιι
2332 560 2375 611 Δ
2397 554 2542 621 ἴχνος
2567 551 2918 605 ὑπολείπεται
2944 547 3036 601 τοῦ
3078 548 3227 616 ἡλίου
3258 546 3408 605 ὄντος
3440 544 3543 597 ὑπὸ
3566 544 3688 611 γῆν.
3716 542 3807 595 καὶ
3833 545 3960 604 τοὺς

726 648 865 690 terra
924 650 1006 691 est
1069 652 1120 692 et
1170 656 1287 708 quae
1338 656 1503 704 super
1557 649 1700 693 terra
1748 653 1876 694 sunt
1924 646 2158 712 reliquit,
2202 663 2300 699 uec

723 735 897 790 potest
947 730 1227 793 splendore
1286 730 1387 783 hoc
1436 732 1623 784 lruens
1678 731 1869 784 oculus
1916 735 2133 788 misceri
2176 751 2296 788 cum

725 832 812 877 eo,
849 829 900 869 et
936 833 1030 885 per
1060 835 1180 872 eum
1220 822 1361 873 uuiri
1400 838 1519 873 cum
1569 822 1715 875 fonte
1768 824 1924 884 lucis.
1964 826 2082 890 ejus
2116 836 2296 881 tamen

725 909 874 957 color
916 922 967 960 et
1036 911 1348 978 quicunque
1388 913 1545 980 hujus
1582 912 1805 967 enectus
1848 916 1912 965 ad
1963 918 2300 970 sensibilium

728 1000 1129 1062 generationem
1179 1010 1232 1053 et
1281 1003 1679 1056 incrementum
1726 1015 1779 1059 et
1811 1005 1877 1058 ad
1915 1006 2299 1062 multiformem

728 1092 1010 1145 Iunuurum
1037 1103 1089 1144 et
1113 1093 1434 1161 qualitatum
1461 1099 1775 1149 varietatem
1818 1097 2163 1152 conferentes
2194 1116 2297 1152 non

730 1182 819 1233 illa
854 1184 1254 1249 derelinquunt,
1285 1187 1534 1252 quamvis
1561 1201 1665 1238 non
1698 1188 1932 1241 habeant
1961 1204 2058 1258 per
2088 1192 2297 1243 radium

726 1290 847 1326 cum
885 1275 998 1328 sole
1041 1278 1482 1330 communionem
1510 1294 1525 1331 :
1556 1280 1743 1332 eodem
1784 1281 1963 1347 modo,
1995 1284 2060 1336 ad
2103 1283 2300 1336 obscu-

729 1382 841 1418 iam
890 1367 1027 1421 hanc
1074 1368 1147 1422 rei
1202 1370 1477 1423 sensibilis
1528 1371 1843 1440 imaginem,
1884 1374 1917 1427 ii
1961 1384 2165 1430 tantum
2205 1377 2295 1445 qui

724 1461 1125 1528 siipcrnaturali
1180 1478 1243 1514 ac
1284 1462 1634 1516 divinissimaa
1679 1465 1954 1519 adhaerent
2000 1468 2136 1531 luci,
2182 1470 2297 1523 dei-

726 1553 879 1605 licam
932 1562 1153 1619 possunt
1202 1555 1431 1623 gratiam
1486 1560 1695 1612 sincere
1731 1560 2062 1629 participare
2104 1574 2155 1616 et
2201 1577 2297 1631 per

725 1661 842 1696 eam
878 1646 985 1697 Deo
1011 1646 1173 1709 uuiri,
1202 1659 1398 1701 cratera
1431 1663 1559 1702 vero
1588 1651 1767 1703 omnia
1798 1652 2075 1707 creatricis
2101 1669 2295 1722 Opera-

726 1738 890 1789 tionis
927 1738 1157 1791 effectus
1198 1750 1326 1792 sunt
1361 1743 1533 1809 gratia
1570 1743 1813 1809 quidem,
1859 1745 2064 1798 scilicet
2103 1747 2290 1812 gratis,

723 1845 786 1881 ex
828 1831 994 1882 nihilo
1026 1832 1295 1896 producti,
1326 1842 1379 1883 et
1415 1849 1519 1885 non
1562 1834 1811 1889 illustrat:
1840 1837 2031 1906 gratia,
2062 1853 2180 1906 qua:
2208 1848 2293 1892 est

724 1921 1025 1988 splendoris
1059 1922 1147 1975 Dei
1184 1938 1467 1992 agnomen.

790 2097 879 2152 93.
921 2098 1013 2152 llla
1056 2099 1145 2153 Dei
1191 2102 1276 2155 lux
1313 2110 1367 2155 et
1400 2103 1587 2157 deifica
1634 2106 1900 2173 operatio,
1939 2107 2094 2176 cujus
2128 2110 2298 2179 parti-

722 2191 871 2256 cipes
923 2192 1264 2257 deiﬁcantur,
1305 2196 1482 2247 divina
1544 2200 1789 2259 qumdam
1838 2207 1919 2251 est
1959 2201 2155 2268 gratia,
2197 2201 2294 2255 sed

728 2298 832 2333 non
869 2281 957 2333 Dei
985 2293 1174 2336 natura
1201 2302 1215 2349 ;
1251 2302 1354 2339 non
1382 2287 1524 2353 quod
1554 2287 1667 2341 haec
1694 2289 1834 2341 absit
1861 2307 1887 2341 a
1914 2292 2101 2357 gratia:
2132 2292 2295 2359 parti-

725 2373 962 2436 cipibus.
999 2384 1055 2425 ut
1095 2377 1393 2430 adversarii
1446 2378 1726 2433 dementer
1772 2383 2125 2449 mentiuntur,
2170 2400 2293 2438 nam

726 2464 923 2531 ubique
972 2466 1126 2521 adest
1176 2478 1365 2521 natura
1404 2470 1524 2535 Dei;
1565 2473 1657 2524 sed
1694 2473 1817 2542 quia
1861 2490 1965 2527 non
2010 2485 2095 2529 est
2139 2492 2293 2530 com-

725 2558 1088 2622 lttltnicahilis,
1114 2577 1234 2613 cum
1272 2563 1405 2615 nihil
1436 2565 1508 2616 sit
1535 2577 1800 2632 creatum,
1837 2578 1895 2619 ut
1926 2583 2086 2636 supra
2112 2579 2295 2623 osten-

724 2650 926 2714 dimus,
949 2655 1090 2717 quod
1119 2654 1289 2721 possit
1312 2670 1429 2708 eam
1453 2656 1796 2725 participare.
1822 2657 1886 2713 Et
1906 2660 2082 2713 divina
2103 2675 2294 2727 opera-

726 2745 798 2793 tio
833 2754 883 2795 et
928 2745 1100 2811 gratia
1147 2746 1392 2812 Spiritus.
1426 2748 1625 2814 ubique
1658 2763 1895 2817 praesens
1928 2760 1981 2803 et
2014 2752 2082 2803 ab
2116 2764 2179 2802 eo
2212 2751 2293 2802 iu—

727 2835 1081 2901 N'plll'ilbilis,
1134 2836 1199 2889 iis
1232 2838 1322 2903 qui
1381 2837 1451 2891 ob
1506 2837 1902 2894 innuunditiain
1955 2854 2062 2894 non
2111 2839 2289 2893 iilouci

725 2933 851 2976 sunt
880 2928 944 2978 ad
972 2930 1333 2992 consortium,
1362 2930 1889 2987 incommuuicabilis
1920 2944 2003 2985 est
2034 2942 2289 3001 tauquam

723 3018 941 3072 absens.
980 3037 998 3069 ι
1029 3020 1181 3075 Sicut
1212 3022 1382 3084 enim.
1416 3022 1592 3089 inquit
1640 3022 1853 3088 doctor,
1882 3025 2122 3079 vultuum
2156 3026 2291 3078 ima-

721 3112 871 3174 gines
898 3126 1003 3164 non
1043 3113 1093 3164 iu
1123 3114 1374 3167 omnibus
1408 3116 1649 3168 materiis
1678 3116 2074 3183 exprimuntur,
2108 3119 2200 3171 sed
2238 3120 2289 3170 in

723 3202 789 3254 iis
819 3219 939 3271 qua:
973 3204 1262 3259 laevitatem
1306 3207 1509 3259 habent
1552 3214 1607 3261 et
1654 3208 2180 3263 transluciilitatem:
2218 3212 2289 3262 ita

723 3312 819 3346 nec
867 3297 918 3347 in
969 3297 1226 3350 omnibus
1275 3298 1475 3350 animis
1520 3297 1692 3366 gratia
1737 3298 1978 3363 Spiritus,
2012 3299 2105 3351 sed
2142 3299 2193 3351 in
2227 3298 2294 3353 iis

719 3402 840 3449 qua:
869 3386 1000 3441 nihil
1035 3388 1341 3457 ambiguum
1372 3388 1576 3442 habeat
1602 3399 1655 3442 et
1688 3388 1988 3457 obliquum.
2022 3408 2040 3441 ι
2076 3388 2143 3443 Et
2172 3406 2295 3443 rur-

722 3492 813 3529 sus
844 3494 857 3529 :
896 3495 913 3526 ι
945 3475 1208 3533 Omnibus
1236 3479 1452 3545 quidem
1477 3480 1623 3532 adest
1660 3478 1893 3546 Spiritus
1909 3490 2166 3546 sanctus;
2198 3480 2291 3534 sed

723 3569 790 3621 iis
821 3571 909 3634 qui
946 3570 1128 3623 mundi
1159 3581 1287 3624 sunt
1329 3584 1357 3622 a
1408 3570 1778 3639 passionihus.
1810 3572 2079 3637 propriam
2113 3582 2295 3624 Osten-

722 3661 797 3713 dit
834 3662 1109 3725 virtutem,
1143 3663 1207 3715 iis
1236 3678 1366 3717 vero
1397 3664 1488 3731 qui
1524 3674 1757 3714 mentem
1803 3664 2001 3717 habent
2039 3664 2293 3719 sordibus

720 3755 923 3821 peccati
958 3756 1302 3819 maculatam,
1336 3757 1573 3809 nondum
1603 3755 1866 3811 Ostendit.
1912 3773 1933 3806 ι

789 3940 877 3993 94.
906 3938 1055 3991 Sicut
1106 3940 1238 3992 solis
1270 3939 1448 3993 lumen
1484 3954 1512 3992 a
1548 3940 1699 3993 radio
1742 3955 1793 3993 et
1826 3955 1855 3994 a
1912 3940 2096 3995 calore
2128 3956 2289 4009 quem

720 4031 811 4085 hic
843 4031 959 4093 dat,
985 4032 1225 4098 separari
1256 4032 1460 4099 nequit,
1508 4032 1603 4087 sed
1625 4045 1688 4085 ex
1716 4032 1843 4086 illud
1875 4034 2292 4100 suscipientibus

721 4123 755 4173 ii
787 4124 878 4191 qui
940 4123 1127 4178 oculos
1176 4139 1283 4178 non
1325 4124 1546 4187 habent,
1586 4125 1758 4178 lucem
1792 4141 1901 4179 non
1938 4128 2288 4197 participant,

722 4217 815 4268 sed
839 4233 900 4269 ex
931 4218 1082 4270 radio
1107 4218 1279 4269 solum
1310 4218 1583 4286 accipiunt
1615 4218 1877 4282 calorem,
1908 4235 2034 4272 nam
2068 4221 2289 4276 minime

722 4310 899 4363 lucem
949 4311 1273 4379 participare
1308 4321 1535 4378 possunt
1572 4312 1745 4364 oculis
1788 4312 2031 4365 carentia
2063 4328 2079 4364 :
2119 4312 2187 4365 ita
2234 4322 2289 4367 et

720 4402 887 4456 multo
947 4403 1119 4472 magis
1170 4404 1353 4457 divino
1398 4404 1686 4471 splendore
1735 4404 2029 4458 [ruentium
2109 4407 2286 4460 nullus

720 4496 1044 4563 participare
1070 4504 1245 4561 potest
1264 4497 1529 4549 creatoris
1545 4497 1860 4550 essentiam.
1893 4494 2013 4549 Non
2035 4505 2117 4549 est
2140 4500 2284 4550 enim

720 4590 989 4641 ullatenus
1018 4589 1194 4655 aliqua
1227 4597 1598 4642 creaturarum
1631 4602 1753 4657 qua:
1785 4589 1891 4642 vim
1929 4588 2122 4643 habeat
2153 4590 2291 4643 reei-

719 4684 904 4751 piendi
934 4692 1186 4737 naturam
1213 4681 1512 4737 Creatoris.

795 4944 885 4998 95.
937 4942 1036 4998 l-lic
1076 4952 1132 4997 et
1184 4958 1331 4998 nunc
1365 4957 1464 4997 nec
1495 4954 1803 4998 creaturam
1846 4957 1947 4999 nec
1990 4945 2288 5000 essentiam

714 5049 843 5085 «esse
902 5034 992 5088 Dei
1031 5036 1485 5089 communicatam
1521 5036 1756 5090 divinam
1796 5036 2090 5089 essentiam
2134 5037 2291 5091 nobis

720 5137 989 5179 testentur
1017 5127 1177 5179 simul
1220 5127 1424 5180 Christi
1476 5126 1712 5194 Baptista
1751 5124 2009 5191 Joannes,
2042 5136 2093 5179 et
2126 5125 2290 5179 Joan-

721 5235 819 5269 n-.-s
854 5229 977 5271 ante
1012 5218 1149 5272 alios
1184 5218 1479 5285 discipulos
1503 5219 1720 5272 Christo
1751 5219 2002 5281 dilectos,
2047 5228 2097 5272 ct
2126 5219 2290 5272 Joan—

727 5327 819 5362 nes
860 5308 1286 5379 Cbrysostomus
1344 5325 1359 5362 :
1402 5325 1561 5372 unus,
1595 5320 1653 5362 ut
1693 5309 1987 5362 historicus
2023 5312 2286 5373 referens,

720 5402 924 5454 Cit-isti
974 5415 1155 5456 autem
1212 5416 1513 5469 prtecursor
1545 5413 1598 5455 et
1635 5402 1874 5470 Baptista
1902 5402 2088 5457 dicens
2130 5420 2150 5453 ι
2185 5420 2288 5455 nou

722 5512 749 5545 a
776 5501 786 5545 l
827 5509 1130 5548 mensuram
1151 5494 1267 5549 dari
1298 5510 1327 5547 a
1354 5495 1461 5548 Deo
1490 5496 1647 5549 Patre
1694 5495 1960 5563 Spiritqu
1986 5494 2229 5560 Christo,
2265 5514 2283 5546 ι

731 5604 928 5643 auri-us
963 5590 1177 5642 deumm
1214 5604 1310 5643 ore
1342 5590 1615 5656 interpres
1643 5590 1885 5642 scribens
1912 5587 2169 5655 Spiritum
2206 5589 2292 5642 hic

727 5696 760 5731 o
803 5686 1101 5734 orationem
1127 5680 1253 5734 dici.
1293 5701 1311 5732 ι
1353 5682 1555 5734 Omnes
1579 5682 1721 5732 enim
1758 5695 1855 5732 nos
1883 5680 1948 5733 ad
1983 5696 2289 5734 mensuram

728 5774 1100 5838 opinationem
1135 5770 1372 5840 Spiritus
1404 5772 1727 5840 accipimus,
1782 5772 1868 5824 ille
1900 5787 2028 5823 νυνι»
2061 5772 2291 5824 innuen-

730 5881 843 5919 sam
899 5876 951 5919 ct
994 5866 1258 5933 integrant
1313 5864 1476 5919 habet
1533 5881 1746 5920 onmem
1805 5866 2195 5933 operationem.
2235 5864 2290 5917 Si

2397 645 2539 712 ὑπὲρ
2568 644 2672 710 γῆν
2708 642 3069 705 ἐπιλιπόντος,
3099 640 3206 692 οὐδ’
3239 638 3316 689 ἔνι
3352 638 3408 689 τὺ
3432 637 3526 703 τῆς
3551 634 3725 702 αὐγῆς
3758 633 3965 702 ταύτης

2395 734 2665 788 ἀπολαῦον
2693 734 2847 803 ὄμμα
2890 733 2964 803 μὴ
2994 729 3398 799 ἀνακεκρᾶσθαι
3437 728 3572 797 πρὸς
3624 725 3813 795 αὐτὴν.
3865 727 3966 778 καὶ

2391 826 2460 878 δι’
2497 828 2667 893 αὐτῆς
2695 827 2939 896 ἡνῶσθαι
2968 827 3047 896 τῷ
3079 828 3324 897 βλύζοντι
3358 830 3419 881 τὸ
3450 831 3564 897 φῶς
3584 846 3599 861 ·
3626 833 3658 901 ἠ
3687 833 3731 885 δ’
3756 832 3971 887 ἐκεῖθεν

2393 920 2568 989 θέρμη
2622 921 2741 972 καί
2774 921 2875 972 ὅσα
2925 923 2982 985 ἐξ
3027 921 3197 989 αὐτῆς
3252 922 3482 974 τελεῖται
3516 923 3969 993 συμϐαλλομένης

2391 1013 2527 1079 πρὸς
2552 1010 2762 1077 γένεσίν
2792 1028 2850 1063 τε
2895 1014 2988 1064 καὶ
3016 1011 3243 1080 αῦξησιν
3272 1016 3382 1075 τοῖς
3416 1012 3714 1081 αἰσθητοῖς,
3744 1015 3836 1067 καὶ
3866 1016 3968 1084 τὴν

2398 1102 2510 1155 τῶν
2540 1103 2732 1170 χυμῶν
2768 1103 2861 1155 καλ⁵
2914 1105 3214 1172 ποιοτήτων
3257 1104 3511 1172 πολυειδῆ
3547 1104 3833 1175 διαφορὰν,
3863 1109 3967 1159 οῦκ

2390 1195 2661 1248 ἐπιλείπει
2697 1195 2892 1254 ταῦτα,
2926 1195 3031 1246 κᾶν
3087 1194 3160 1265 μὴ
3210 1195 3269 1247 τδ
3324 1197 3558 1262 συναφὲς
3588 1198 3686 1266 ἔχῃ
3740 1197 3827 1250 διὰ
3868 1199 3970 1266 τῆς

2389 1290 2604 1349 ἀκτῖνος
2644 1287 2778 1356 πρὸς
2808 1288 2899 1338 τὸν
2946 1287 3095 1355 ἥλιον
3119 1304 3132 1318 ·
3166 1288 3256 1339 τὸν
3289 1288 3450 1340 αὑτὸν
3478 1290 3679 1356 τρόπον
3727 1289 3801 1351 ὡς
3846 1292 3970 1342 κατ’

2388 1376 2640 1445 ἀμυδρὰν
2674 1379 2731 1428 ὲν
2753 1376 3033 1444 αἰσθητοῖς
3057 1377 3262 1436 εἰκόνα.
3297 1378 3407 1428 τῶν
3433 1378 3831 1430 ἐπιϐαλλόντων
3865 1379 3934 1447 μό
3958 1407 3971 1416 ·

2389 1483 2494 1517 νων
2518 1464 2593 1533 τῷ
2642 1465 2917 1533 ὑπερφυεῖ
2957 1464 3052 1515 καὶ
3091 1463 3355 1533 θειοτάτῳ
3392 1464 3552 1529 φωτὶ,
3584 1467 3683 1531 τῆς
3712 1463 3969 1515 θεοποιοῦ

2388 1555 2609 1625 χάριτος
2642 1554 2951 1624 εἰλικρινῶς
2986 1556 3259 1623 μετέχειν,
3291 1557 3386 1607 καὶ
3417 1555 3481 1607 δι’
3522 1557 3693 1623 αὐτῆς
3723 1554 3971 1624 ἡνῶσθαι

2385 1648 2464 1717 τῷ
2484 1648 2633 1716 Θεῷ·
2667 1647 2737 1699 τὰ
2761 1647 2804 1697 δ’
2832 1646 2967 1699 ἄλλα
3000 1647 3203 1707 πάντα,
3249 1650 3343 1714 τῆς
3379 1646 3779 1715 δημιουργικῆς
3813 1646 3972 1714 ἐνερ-

2386 1735 2541 1803 γείας
2590 1735 2728 1786 εἰσιν
2758 1735 3206 1801 ἀποτελέσματα·
3234 1737 3415 1803 χάριτι
3462 1736 3561 1802 μὲν
3592 1738 3654 1786 ἐκ
3689 1736 3764 1802 μὴ
3794 1735 3971 1786 ὄντων

2386 1824 2732 1895 προηγμένα,
2768 1824 3016 1893 δηλονότι
3049 1825 3260 1893 δωρεάν
3281 1841 3293 1853 ·
3329 1828 3388 1876 οῦ
3425 1824 3878 1894 κατηγλαῖσμένα
3909 1825 3973 1876 δὲ

2325 1908 2453 1991 Bs?)
2482 1919 2667 1987 χάριτι
2693 1932 2707 1947 ⁸
2750 1918 2874 1981 ἥτις
2901 1917 3001 1984 τῆς
3029 1915 3126 1970 τοῦ
3167 1916 3305 1970 Θεοῦ
3334 1916 3722 1987 λαμπρότητος
3757 1916 3941 1969 ἰπώνυ

2388 2010 2489 2080 μόν
2519 2012 2691 2062 ἐστιν.

2404 2126 2407 2131 ·
2455 2100 2564 2169 ιγ’.
2610 2102 2673 2154 Ἢ
2725 2100 2819 2154 τοῦ
2854 2100 2990 2153 θεοῦ
3037 2100 3361 2170 λαμπρότης
3410 2100 3547 2168 αῦτη
3583 2099 3676 2153 καὶ
3722 2099 3971 2161 θεοποιδς

2384 2196 2656 2263 ἐνέργεια,
2705 2190 2773 2264 ἦς
2806 2193 2871 2244 τά
2910 2193 3207 2261 μετέχοντι
3269 2192 3507 2253 θεοῦται,
3542 2190 3662 2243 θεία
3711 2191 3793 2253 τίς
3850 2191 3973 2242 ἐστι

2384 2287 2563 2355 χάρις,
2606 2282 2722 2337 ἀλλ’
2754 2285 2852 2354 οὐχ
2880 2287 2912 2353 ἡ
2960 2285 3123 2353 φύσις
3154 2283 3249 2335 τοῦ
3282 2283 3417 2336 θεοῦ
3438 2301 3450 2311 ’
3494 2285 3591 2351 οὐχ
3644 2284 3717 2344 ὡς
3752 2282 3975 2334 ἀποῦσα

2384 2380 2491 2433 τῶν
2520 2378 2999 2447 κεχαριτωμένων,
3035 2378 3172 2431 κατά
3204 2377 3301 2445 τὴν
3330 2378 3440 2429 τῶν
3472 2377 3728 2431 ἐναντίων
3748 2376 3971 2445 ληρώδη

2387 2473 2752 2539 συκοφαντίαν
2788 2470 3107 2542 (πανταχοῦ
3148 2471 3260 2542 γὰρ
3310 2473 3341 2539 ἡ
3386 2471 3549 2538 φύσις
3604 2468 3699 2522 τοῦ
3754 2468 3930 2531 Θεοῦ)
3958 2487 3973 2499 ·

2385 2567 2503 2619 ἀλλ’
2531 2566 2606 2628 ὡς
2636 2566 2738 2617 οὐκ
2776 2565 2911 2617 οῦσα
2956 2565 3189 2634 μεθεκτή
3211 2580 3225 2593 ·
3273 2565 3500 2632 μηδενὸς
3532 2564 3683 2625 δντος
3720 2562 3973 2622 κτιστοῦ,

2385 2657 2525 2709 καθὰ
2555 2656 3058 2725 προῦποδέδεικται,
3098 2656 3192 2709 τοῦ
3214 2656 3532 2726 δυνηθέντος
3555 2656 3620 2709 ἂν
3646 2655 3979 2724 μεταλαχεῖν

2385 2747 2578 2815 αὐτῆς.
2622 2746 2733 2798 Καὶ
2766 2748 2798 2814 ἡ
2824 2747 2944 2798 θεία
2972 2748 3227 2817 ἐνέργεια
3252 2749 3343 2799 καὶ
3384 2747 3547 2816 χάρις
3573 2745 3670 2799 τοῦ
3712 2746 3977 2815 Πνεῦμα-

2385 2853 2498 2897 τος,
2535 2835 2810 2905 πανταχοῦ
2847 2836 3121 2904 παροῦσα,
3152 2840 3246 2890 καὶ
3267 2837 3571 2909 ἀχώριστος
3600 2835 3763 2889 αὑτοῦ
3792 2836 3980 2889 διατε-

2388 2927 2575 2991 Λοῦσα,
2610 2931 2722 2990 τοῖς
2750 2930 2816 2981 δι’
2842 2929 3186 3000 ἀκαθαρσίαν
3215 2929 3613 3000 ἀνεπιτηδείως
3633 2930 3769 2999 πρὸς
3799 2930 3969 2999 μετά·

2387 3020 2568 3089 ληψιν,
2594 3021 2896 3090 ἀμέϐεκτός
2922 3023 3069 3075 ἐστιν
3091 3022 3281 3091 ὥσπερ
3301 3023 3536 3077 ἀποῦσα.
3565 3022 3811 3090 «Ὠσπερ
3837 3023 3977 3091 γὰρ.

2388 3114 2577 3180 φησιν,
2616 3114 2671 3166 αἱ
2711 3113 2820 3165 τῶν
2858 3113 3167 3183 προσάπτων
3208 3115 3498 3183 ἐμφάσεις,
3536 3116 3635 3167 οῦκ
3677 3115 3737 3165 ὲν
3765 3114 3977 3175 πάσαις

2388 3207 2509 3267 ταῖς
2540 3204 2694 3267 ῦλαις
2718 3206 2982 3273 γίνονται,
3029 3206 3145 3257 ἀλλ’
3174 3207 3233 3258 ὲν
3260 3210 3383 3269 ταῖς
3421 3204 3673 3274 λειότητά
3702 3222 3830 3257 τινα
3875 3207 3977 3257 καὶ

2391 3293 2708 3360 δωφάνειαν
2744 3296 3140 3364 κεκτημέναις·
3190 3296 3365 3358 οῦτως
3393 3297 3494 3351 οὐκ
3528 3298 3587 3348 ὲν
3611 3295 3817 3359 πάσαις
3849 3298 3978 3358 ταῖς

2379 3384 2580 3454 ψυχαῖς
2608 3387 2642 3455 ἡ
2669 3386 2766 3440 τοῦ
2804 3387 2946 3440 Πνεῦ
2958 3406 3124 3458 ματος
3167 3390 3440 3457 ἐνέργεια,
3478 3388 3589 3442 ἀλλ’
3616 3392 3675 3441 ὲν
3707 3391 3831 3450 ταῖς
3865 3406 3975 3456 μηο

2380 3477 2469 3530 δὲν
2515 3477 2729 3551 σκολιὸν
2778 3479 3056 3548 ἐχούσαις,
3110 3479 3245 3548 μηδὲ
3295 3478 3757 3550 στραγγαλιῶδες.
3799 3498 3817 3529 ο
3861 3480 3978 3531 Καὶ

2384 3567 2549 3620 πάλιν
2571 3585 2582 3597 ·
2639 3587 2657 3619 ι
2688 3570 2829 3621 Πᾶσι
2886 3570 2985 3639 μὲν
3015 3570 3251 3637 πάρεστι
3291 3569 3353 3621 τὸ
3413 3568 3635 3637 Πνεῦμα
3674 3568 3736 3621 τὸ
3770 3569 3932 3635 ἀγιον
3957 3587 3971 3598 ·

2382 3660 2519 3713 ἀλλὰ
2557 3661 2669 3723 τοῖς
2720 3661 2822 3728 μὲν
2880 3660 3252 3731 καθαρεύουσι
3285 3660 3394 3712 τῶν
3424 3660 3635 3715 παθῶν.
3680 3662 3781 3729 τὴν
3834 3660 3975 3711 ἰδίαν

2384 3750 2642 3819 ἐμφαίνει
2680 3750 2907 3821 δύναμιν
2938 3768 2953 3783 ο
2989 3754 3102 3814 τοῖς
3131 3750 3188 3805 δὲ
3231 3754 3294 3804 τὸ
3332 3752 3660 3822 ἡγεμονικὸν
3698 3768 3973 3819 συγκεχυ-

2387 3843 2547 3912 μένον
2563 3842 2772 3910 ἕχουσιν
2795 3842 2902 3894 ἀπὸ
2920 3842 3027 3895 τῶν
3042 3844 3138 3912 τῆς
3158 3844 3431 3913 ἁμαρτίας
3453 3844 3681 3903 σπίλων,
3700 3846 3807 3897 οὐκ
3829 3845 3933 3898 ἔτι.
3950 3865 3969 3894 ο

2457 3931 2558 3998 ιβ’.
2596 3934 2866 4002 Καθάπερ
2887 3935 2947 3986 τὸ
2986 3934 3077 3988 τοῦ
3111 3935 3262 4002 ἡλίου
3300 3936 3439 4003 φῶς,
3469 3939 3566 4005 τῆς
3597 3937 3837 3998 ἀκτῖνος,
3875 3939 3972 3988 tu".

2384 4023 2483 4091 τῆς
2540 4024 2608 4076 δι’
2661 4024 2833 4093 αὐτῆς
2891 4026 3304 4095 χορηγουμένης
3368 4028 3607 4097 θέρμης,
3658 4027 3973 4096 ἀχώριστόν

2386 4116 2570 4167 ἐστιν’
2624 4114 2760 4166 ἀλλὰ
2795 4115 2904 4167 τῶν
2949 4117 3333 4169 ἀπολαϐόντων
3364 4120 3493 4180 τοὺς
3535 4118 3851 4188 ὀφθαλμοὺς
3893 4119 3971 4188 μὴ

2391 4206 2770 4274 κεκτημένοις.
2809 4206 3108 4275 ἁμέθεκτόν
3140 4212 3255 4261 ἐστι
3281 4208 3342 4262 τὸ
3372 4209 3489 4277 φῶς
3509 4249 3525 4272 ,
3555 4213 3657 4280 τῆς
3686 4210 3841 4278 παρὰ
3868 4214 3970 4274 τῆς

2387 4297 2604 4358 ἀκτῖνος
2651 4298 2820 4367 μόνης
2862 4298 3423 4368 ἀντιλαμϐανομένοις
3456 4300 3706 4370 θέρμης’
3755 4301 3817 4352 οῦ
3862 4302 3973 4368 γάρ

2389 4390 2537 4442 ἔστιν
2571 4390 2707 4452 ὅλως
2751 4390 3039 4460 ἀντίληψιν
3068 4391 3246 4459 φωτὸς
3293 4392 3548 4457 γενέσθαι
3578 4395 3695 4454 τοῖς
3728 4393 3838 4444 ττῖν
3868 4396 3971 4460 6;;-

2392 4483 2578 4552 μάτων
2604 4482 2925 4551 ἀμοιροῦσιν
2955 4499 2972 4515 ⁶
3001 4482 3147 4536 οὕτω
3179 4485 3271 4537 καὶ
3312 4482 3493 4552 πολλῷ
3532 4485 3757 4553 μᾶλλον,
3784 4487 3971 4537 οὐδενὶ.

2323 4573 2495 4664 ιδτῶν
2543 4576 2642 4641 τῆς
2711 4574 2861 4636 θείας
2915 4574 3112 4643 αῖγλης
3152 4574 3537 4629 ἀπολαυόντων
3601 4576 3759 4628 ἔσται
3832 4578 3967 4646 μέθ-

2383 4668 2498 4735 εξις
2534 4667 2635 4737 τῆς
2654 4667 2845 4729 οὐσίας
2886 4668 2983 4720 τοῦ
3029 4669 3356 4731 κτίσαντος.
3388 4670 3466 4724 Οὐ
3508 4674 3618 4738 γὰρ
3652 4670 3825 4734 ἐστιν,
3868 4672 3969 4723 οὐκ

2385 4762 2501 4813 ἐστι
2534 4760 2643 4813 τῶν
2672 4761 2988 4830 κτισμάτων
3014 4762 3188 4826 οὐδὲν,
3215 4762 3245 4815 ὃ
3272 4762 3507 4831 δύναμιν
3539 4764 3677 4832 ῖσχει
3707 4763 3969 4834 δεκτικὴν

2384 4854 2483 4923 τῆς
2506 4852 2599 4906 τοῦ
2624 4852 2922 4916 κτίσαντος
2954 4853 3187 4920 φύσεως.

2454 4948 2554 5010 ιβ’.
2588 4946 3055 5016 Συμμαρτυρείτω
3074 4947 3131 4999 δὲ
3163 4947 3439 5000 κάνταῦθα
3462 4948 3556 5002 νῦν
3582 4950 3716 5018 ἡμῖν
3739 4949 3802 5001 τὸ
3827 4952 3968 5019 μήτε

2380 5037 2625 5107 κτιστὴν,
2659 5038 2787 5107 μήτ’
2819 5039 3009 5091 οὐσίαν
3050 5034 3190 5091 εἶναι
3239 5040 3334 5093 τοῦ
3362 5041 3495 5094 Θεοῦ
3529 5043 3628 5111 τὴν
3661 5046 3967 5113 μετεχομέ-

2379 5146 2478 5195 νην
2500 5128 2647 5179 Θείαν
2678 5128 2979 5196 ἐνέργειαν,
3030 5132 3122 5183 καὶ
3154 5132 3183 5183 ὁ
3228 5130 3323 5183 τοῦ
3371 5132 3608 5201 Χριστοῦ
3649 5134 3968 5205 Βαπτιστὴς

2393 5219 2664 5287 Ἰωάννης,
2705 5220 2803 5271 σὺν
2840 5221 3061 5293 Ἰωάννῃ
3083 5221 3161 5290 τῷ
3197 5222 3400 5291 μᾶλλον
3426 5224 3535 5275 τῶν
3565 5224 3743 5277 ἀλλων
3797 5243 3962 5289 πεφι-

2380 5311 2599 5381 λημένῳ
2633 5312 2709 5379 τῷ
2765 5313 2986 5381 Χριστῷ
3044 5302 3325 5384 μαθητῶν,
3375 5318 3469 5368 καὶ
3525 5317 3601 5384 τῷ
3638 5318 3832 5387 χρυσῷ
3866 5319 3965 5388 τὴν

2380 5403 2622 5470 γλῶτταν
2665 5404 2883 5473 Ἰωάννῃ
2908 5421 2920 5435 ·
2952 5404 2981 5456 ό
3016 5407 3113 5474 μὲν
3161 5405 3392 5475 ἱστορῶν
3422 5424 3481 5459 τε
3510 5410 3605 5460 καὶ
3637 5412 3962 5479 συγγραφό-

2384 5511 2563 5563 μενος,
2590 5496 2618 5546 ό
2652 5496 2705 5548 δὲ
2733 5496 2825 5548 τοῦ
2863 5497 3097 5566 Χριστοῦ
3152 5499 3462 5568 ΙΙρόδρομος
3505 5500 3599 5551 καὶ
3644 5500 3958 5572 Βαπτιστὴς

2381 5586 2574 5655 λέγων,
2618 5588 2719 5639 οὐκ
2757 5590 2820 5639 ἐκ
2857 5589 3053 5658 μέτρου
3103 5588 3341 5642 δίδοσθαι
3375 5592 3529 5659 παρὰ
3572 5592 3708 5644 Θεοῦ
3748 5594 3962 5662 Πατρδς

2382 5676 2442 5728 τὸ
2471 5675 2690 5742 Πνεῦμα
2722 5677 2795 5745 τῷ
2832 5678 3052 5746 Χριστῷ
3074 5693 3087 5706 ·
3119 5679 3147 5729 ὁ
3186 5678 3243 5730 δὲ
3270 5680 3698 5749 χρυσορρήμων,
3732 5681 3960 5750 ἐξηγοῦ-

2386 5786 2543 5838 μενος
2575 5769 2667 5819 καὶ
2695 5768 2939 5838 γράφων,
2974 5770 3053 5821 ὅτι
3077 5771 3136 5821 τὸ
3164 5769 3384 5839 Πνεῦμα
3419 5770 3651 5823 ἐνταῦθα
3680 5774 3781 5841 τὴν
3806 5775 3958 5842 ὲνέρθ

2383 5879 2535 5927 τειαν
2564 5861 2732 5929 λέγει.
2762 5862 2965 5925 Πάντες
2993 5863 3100 5931 γὰρ
3125 5865 3303 5931 ἡμεῖς,
3340 5864 3522 5933 μέτρῳ
3542 5864 3641 5933 τὴν
3663 5865 3756 5918 τοῦ
3788 5868 3955 5919 Πνεῦο
