4246 6464
331 433 469 496 ΠΒ)

1235 432 1506 492 (ἎῐνῐΤᾹ
1545 433 1887 503 ῑηιγςῑοι,
1931 436 2440 500 ΤΠίζῡΙΟίιιίῖΛ.
2501 440 2650 498 Ιίτίῖ.

3440 435 3576 499 Ηνῐὶ

343 565 511 614 ματος
541 549 820 614 ἐνέργειαν
849 547 1222 616 λαμϐάνομεν,
1255 553 1460 611 ἐκεῖνος
1504 555 1558 605 δὲ
1598 557 1904 623 ἀμέτρητον
1939 557 1979 609 Λ
2007 566 2020 602 ε

1898 557 2184 609 ,Λαιιιιιιιι
2241 553 2501 604 immensa
2549 563 2632 602 est
2689 551 2810 618 ejus
2876 550 3137 616 operatio,
3187 549 3353 601 multo
3403 549 3575 614 magis

338 644 432 690 καὶ
463 640 754 708 ὀλόκληρον
799 643 907 710 ἔχει
962 644 1140 694 πᾶσαν
1184 643 1280 710 τὴν
1333 647 1628 714 ἐνέργειαν.
1673 648 1733 698 Εἰ
1783 648 1837 697 δὲ
1873 649 1904 716 ὴ

337 733 595 801 ἐνέργεια
623 733 788 784 αὐτοῦ
824 734 1156 804 ἀμέτρητος,
1200 734 1380 804 πολλῷ
1413 739 1609 806 μᾶλλον
1649 741 1680 807 ἡ
1721 739 1903 792 οὐσία.

345 814 421 870 Τὸ
460 814 563 885 μὲν
597 817 706 884 γὰρ
741 816 912 868 είπεῖν
937 817 1161 885 Πνεῦμα
1184 820 1281 886 τὴν
1299 820 1599 887 ἐνέργειαν,
1638 821 1836 888 μᾶλλον
1863 824 1920 876 δὲ

344 911 479 962 αὐτὸ
508 909 571 963 τδ
604 907 828 979 Πνεῦμα
853 909 946 961 τοῦ
975 909 1138 972 Θεοῦ,
1169 909 1242 973 ὡς
1271 912 1297 960 6
1322 911 1630 982 Βαπτιστὴς
1653 910 1793 975 εἶπε,
1830 916 1919 967 καὶ

343 1002 424 1067 τῷ
451 1001 760 1072 ἀμέτρητον
794 997 932 1054 εἶναι
953 1002 1177 1069 ταύτην,
1209 1003 1266 1053 τὸ
1297 1002 1553 1055 ἄκτιστον
1575 1005 1744 1073 αὐτῆς
1773 1024 1846 1057 πα
1858 1025 1919 1075 ρ-

344 1095 615 1162 έστησεν·
662 1091 741 1160 τῷ
806 1092 864 1144 δὲ
908 1093 1092 1162 μέτρῳ
1144 1094 1348 1163 ταύτην
1394 1095 1542 1163 ἡμᾶς
1599 1096 1921 1165 λαμϐάνειν,

345 1185 446 1252 τὴν
467 1185 601 1251 πρὸς
623 1184 724 1249 τὴν
747 1185 1000 1236 ἀκτιστον
1023 1183 1212 1237 οὐσίαν
1235 1185 1335 1254 τῆς
1357 1186 1618 1239 ἁκτίστου
1644 1189 1922 1259 ἐνεργείας

344 1274 611 1342 διαφοράν
635 1289 650 1303 ·
683 1274 859 1335 οὐδεὶς
884 1275 991 1344 γὰρ
1022 1275 1276 1328 οὐδέποτε
1305 1276 1404 1348 τὴν
1451 1278 1640 1330 οὐσίαν
1661 1278 1752 1331 τοῦ
1784 1279 1918 1331 Θεοῦ

347 1365 639 1432 λαμϐάνει,
666 1365 782 1417 ἀλλ’
812 1365 931 1417 οὐδὲ
953 1368 1001 1418 εί
1026 1368 1232 1429 πάντας
1255 1367 1391 1436 ὁμοῦ
1423 1368 1703 1421 συλλαϐὼν
1726 1368 1919 1431 εἴποις,

346 1457 444 1508 καὶ
469 1454 642 1508 ταῦτα
680 1455 953 1526 μεριστῶς
982 1456 1124 1510 κατὰ
1154 1458 1311 1524 λόγον
1346 1459 1444 1527 τῆς
1473 1459 1668 1512 ἐαυτοῦ
1706 1460 1916 1530 καθάρ-

347 1565 488 1610 σεως
519 1548 772 1609 ἕκαστος.
804 1551 1014 1617 Προϊὼν
1039 1549 1098 1602 δὲ
1120 1551 1147 1601 6
1177 1551 1563 1620 Χρυσὸστομος
1592 1551 1802 1620 Πατὴρ,
1833 1552 1923 1602 καὶ

347 1640 543 1711 ἑτέραν
569 1641 836 1710 διαφορὰν
863 1642 1106 1695 δείκνυσι
1132 1643 1230 1710 τῆς
1272 1642 1528 1695 ἀκτίστου
1571 1643 1757 1705 οὐσίας
1788 1644 1924 1711 πρὸς

345 1736 448 1800 τὴν
479 1733 735 1786 ἄκτιστον
767 1735 1072 1803 ἐνέργειανο
1096 1735 1156 1786 Εί
1179 1733 1236 1786 δὲ
1264 1737 1296 1803 ἡ
1318 1736 1587 1803 ἐνέργεια,
1617 1736 1672 1788 λέ
1686 1724 1809 1802 γιον,
1831 1736 1924 1788 τοῦ

349 1820 669 1889 Πνεῦματος
695 1820 1028 1891 ἀμέτρητος,
1058 1823 1236 1892 πολλῷ
1274 1823 1475 1891 μᾶλλον
1505 1828 1536 1896 ή
1568 1827 1747 1879 οὐσία.

2008 646 2264 698 e3sentia.
2309 665 2325 696 ι
2368 644 2602 696 Direndn
2627 642 2887 711 Spiritmn
2919 657 3041 696 esse
3079 641 3452 709 operationem
3481 655 3573 691 seu

2009 735 2189 802 potius
2222 734 2398 801 ipsum
2454 733 2718 802 Spiritum
2753 732 2868 794 Dei,
2905 734 3045 785 sicut
3074 731 3312 799 Baptista
3339 728 3574 782 afﬁrma-

2008 830 2106 892 vit,
2139 839 2191 882 et
2225 828 2532 894 adjicienda
2568 827 2711 878 illam
2741 841 2862 878 esse
2906 825 3246 882 immensam.
3277 825 3582 896 incrcatatq

2007 935 2124 973 cam
2152 935 2269 972 esse
2307 919 2538 971 ostendit
2573 934 2587 984 ;
2622 916 2848 971 dicendo
2874 925 3052 968 autem
3082 919 3157 966 ad
3196 928 3495 967 mensuram
3547 928 3574 962 a

2013 1009 2169 1063 nobis
2216 1024 2336 1062 eam
2372 1008 2562 1073 recipi,
2593 1011 2931 1059 demonstrat
2969 1006 3264 1056 increatam
3307 1001 3580 1069 Operatio-

2014 1117 2135 1154 nem
2173 1103 2240 1152 ah
2288 1100 2529 1151 inrrenta
2567 1098 2880 1150 distinctam
2917 1095 3178 1158 essentia,
3231 1107 3390 1146 nemo
3433 1091 3576 1144 enim

2011 1208 2249 1260 unquam
2285 1191 2579 1244 essentiam
2606 1187 2700 1241 Dei
2730 1187 2941 1256 recipit,
2964 1189 3078 1241 sive
3110 1186 3393 1238 universos
3419 1182 3578 1236 simul

2013 1283 2296 1336 collective
2325 1281 2614 1347 intelligas,
2643 1281 2758 1333 sive
2777 1277 3003 1333 seei-sim
3023 1278 3261 1346 singulos
3282 1291 3377 1344 pro
3398 1277 3579 1339 cujus-

2014 1390 2118 1444 qne
2152 1373 2434 1428 munditia.
2469 1374 2708 1442 Pergens
2742 1371 3168 1441 Chrysostomns
3203 1368 3362 1422 Pater
3413 1367 3577 1419 aliam

2015 1466 2357 1519 snhostendit
2386 1465 2787 1518 distinctionem
2818 1463 3071 1518 essentia!
3109 1463 3367 1515 inereatzc
3393 1461 3460 1513 ah
3492 1461 3577 1512 in-

2016 1569 2194 1612 creata
2231 1558 2565 1626 operatione,
2609 1557 2794 1610 dicens
2831 1571 2848 1610 ι
2899 1573 2918 1606 ι
2961 1554 3016 1610 Si
3077 1564 3260 1607 autem
3317 1555 3582 1605 immensa

2017 1660 2098 1705 est
2133 1651 2371 1720 Spiritus
2397 1647 2666 1720 operatio,
2701 1648 2868 1703 multo
2905 1647 3077 1717 magis
3109 1646 3374 1701 essentia.
3416 1661 3436 1695 ι

421 1914 539 1978 ις’.
576 1915 634 1966 El
664 1915 808 1967 κατὰ
836 1917 964 1977 τοὺς
988 1915 1096 1968 τῶν
1133 1917 1393 1969 ἐναντίων
1420 1918 1646 1989 λήρους,
1680 1919 1775 1971 καὶ
1802 1918 1980 1981 τούςιι
2079 1931 2098 1986 ξ

1912 1918 1980 1981 τη
2079 1931 2168 1986 96.
2202 1932 2281 1997 Si,
2315 1940 2374 1986 ut
2403 1932 2635 1986 delirant
2666 1932 2963 1987 adversarii
2999 1945 3302 1999 eorumque
3342 1937 3589 1984 assenta-

351 2005 476 2057 κατ’
503 2007 701 2067 αὐτοὺς
748 2008 1102 2076 φρονοῦντας,
1142 2009 1310 2078 μηδὲν
1356 2011 1600 2080 διαφέρει
1635 2012 1733 2080 τῆς
1777 2011 1925 2074 θείας

347 2098 538 2159 οὐσίας
566 2100 599 2166 ή
633 2099 754 2152 θεία
794 2101 1063 2168 ἐνέργεια,
1092 2101 1184 2153 καὶ
1228 2101 1290 2153 τὸ
1339 2104 1536 2165 ποιεῖν,
1570 2102 1599 2154 ὃ
1624 2103 1724 2172 τῆς
1766 2104 1922 2173 ἐνερ-

349 2190 504 2255 γείας
534 2190 670 2247 ἐστὶ.
699 2191 819 2242 κατ’
849 2191 1003 2242 οὐδὲν
1037 2190 1228 2244 διοίσει
1267 2192 1361 2245 τοῦ
1395 2194 1591 2262 γεννᾷν
1635 2195 1726 2246 καὶ
1761 2195 1926 2247 ἐκπο-

349 2281 554 2346 ρεύειν,
585 2278 620 2332 ἃ.
649 2283 749 2350 τῆς
778 2281 966 2354 οὐσίας
996 2282 1164 2335 ἐστίν.
1196 2283 1256 2335 Et
1287 2282 1343 2335 δὲ
1373 2283 1434 2335 τὸ
1466 2285 1640 2335 ποιεῖν
1673 2283 1766 2336 τοῦ
1795 2301 1924 2350 γεν-

349 2375 445 2442 νᾷν
476 2375 571 2425 καὶ
595 2373 918 2441 ἐκπορεῦειν
965 2375 1025 2427 οὐ
1073 2373 1364 2445 διενήνοχε,
1401 2377 1497 2428 καὶ
1542 2376 1610 2428 τὰ
1647 2378 1927 2445 ποιήματα

345 2469 471 2519 κατ’
505 2465 656 2517 οὐδὲν
694 2465 884 2516 διοίσει
917 2464 1012 2518 τοῦ
1042 2468 1379 2536 γεννήματος
1431 2469 1527 2519 καὶ
1556 2469 1649 2520 τοῦ
1685 2468 1924 2538 προϐλή-

350 2574 523 2625 ματος
548 2573 560 2585 ·
590 2557 638 2608 εἰ
660 2557 716 2608 δὲ
748 2556 894 2608 τοῦθ’
931 2555 1105 2618 οὕτως
1149 2556 1260 2625 ἔχει
1289 2561 1407 2609 κατ’
1440 2561 1654 2621 αὐτοὺς,
1685 2560 1712 2611 ὅ
1741 2577 1799 2612 τε
1830 2561 1922 2612 τοῦ

345 2649 484 2702 Θεοῦ
518 2650 645 2711 Υἱὸς
673 2648 767 2700 καὶ
795 2649 858 2701 τὸ
891 2647 1116 2716 Πνεῦμα
1143 2650 1205 2702 τὸ
1233 2650 1409 2717 ἆγιον,
1445 2651 1567 2704 κατ’
1611 2652 1767 2703 οὐδὲν
1795 2652 1925 2703 διοί-

347 2759 429 2794 σει
453 2741 560 2792 τῶν
591 2740 932 2808 κτισμάτων,
982 2742 1076 2793 καὶ
1125 2741 1193 2794 τὰ
1232 2743 1510 2811 κτίσματα
1568 2743 1742 2795 πάντα
1773 2743 1925 2796 ἔσται

344 2836 441 2889 τοῦ
476 2832 638 2894 Θεοῦ,
685 2838 779 2888 καὶ
835 2834 1052 2904 Πατρος
1091 2835 1410 2902 γεννήματὰ
1459 2852 1518 2887 τε
1556 2835 1649 2886 καὶ
1685 2834 1926 2904 προϐλή-

348 2949 520 3000 ματα,
556 2931 650 2982 καὶ
683 2927 1186 2995 θεοποιηθήσεταιή
1211 2925 1412 2988 κτίσις,
1450 2927 1544 2978 καὶ
1575 2928 1602 2977 ὁ
1627 2926 1756 2984 Θεὸς
1795 2941 1924 2976 συν⁶

344 3023 565 3084 ταξεται
597 3022 708 3081 τοῖς
731 3019 1017 3086 κτίσμασι.
1065 3018 1162 3069 Διὰ
1204 3015 1361 3068 τοῦτο
1412 3017 1441 3068 6
1475 3015 1616 3077 Θεῖος
1661 3015 1924 3084 Κύριλλος

345 3115 444 3182 τὴν
472 3112 738 3181 διαφορὰν
772 3108 1082 3172 ἐπιδεικνὺς
1107 3108 1205 3172 τῆς
1235 3106 1327 3159 τοῦ
1362 3105 1498 3158 Θεοῦ
1529 3106 1717 3166 οὐσίας
1741 3123 1797 3156 τε
1827 3107 1923 3156 καὶ

345 3205 649 3274 ἐνεργείας,
678 3203 778 3271 τῆς
809 3201 908 3270 μὲν
933 3201 1084 3262 θείας
1121 3201 1335 3268 φύσεως
1367 3193 1507 3250 είναί
1547 3213 1682 3266 φησι
1716 3198 1772 3248 τὸ
1798 3214 1920 3261 γενο

345 3301 465 3368 vii-1.
489 3298 550 3350 τὸ
569 3296 623 3348 δὲ
652 3298 821 3347 ποιεῖν
843 3293 1121 3363 τῆςαύτοῦ
1139 3292 1288 3354 θείας
1310 3292 1610 3361 ἐνεργείας,
1634 3291 1728 3343 καὶ
1755 3307 1919 3359 προσ-

345 3391 713 3456 αποφαίνεται
745 3387 933 3454 σαφῶς
965 3386 1138 3454 λέγων
1170 3403 1182 3413 ·
1219 3384 1385 3446 Φύσις
1443 3383 1500 3435 δὲ
1528 3383 1620 3435 καὶ
1670 3382 1922 3452 ἐνέργεια

343 3484 406 3534 οὐ
438 3483 653 3534 ταυτὸν.

416 3574 524 3640 κζ’.
561 3574 620 3625 Ei
654 3572 819 3641 μηδὲν
851 3571 1097 3638 διαφέρει
1131 3569 1229 3638 τῆς
1261 3567 1411 3629 θείας
1441 3568 1719 3636 ἐνεργείας
1753 3565 1927 3633 ήθεία

342 3666 527 3727 οὐσία,
553 3666 648 3718 καὶ
693 3665 752 3715 τὸ
782 3664 978 3732 γεννᾷν
1017 3661 1112 3714 καὶ
1147 3660 1489 3729 ἐκπορεύειν,
1531 3658 1682 3711 οὐδὲν
1737 3656 1928 3708 διοίσει

345 3763 439 3817 τοῦ
478 3766 681 3816 ποιεῖν·
715 3763 858 3812 ποιεῖ
903 3760 959 3812 δὲ
991 3762 1017 3810 6
1049 3759 1178 3819 Θεὸς
1238 3759 1331 3808 καὶ
1379 3757 1569 3822 Πατὴρ
1600 3755 1666 3807 δι’
1705 3753 1832 3805 Υἱοῦ
1869 3755 1926 3803 ἐν

345 3860 490 3927 ἁγίῳ
533 3857 832 3922 Πνεῦματι.
893 3853 1055 3904 ’Ὡστε
1116 3851 1209 3903 καὶ
1265 3851 1427 3918 γεννᾷ
1462 3849 1555 3900 καὶ
1609 3845 1918 3914 ἐκπορεύει,

344 3950 490 4002 κατᾶ
514 3947 613 4015 τὴν
637 3946 745 3998 τῶν
786 3944 1040 3997 ἐναντίων
1077 3941 1236 4006 δόξαν
1266 3944 1359 3994 καὶ
1392 3940 1501 3993 τῶν
1552 3937 1674 3992 κατ’
1704 3936 1924 4000 αὐτοὺς,

343 4043 415 4095 δι’
449 4038 579 4092 Υίοῦ
612 4037 669 4088 ὲν
702 4037 844 4104 ἁγίῳ
875 4033 1176 4103 Πνεῦματι.

417 4131 528 4200 ιη’.
581 4130 643 4183 Εἰ
697 4128 864 4198 μηδὲν
909 4127 1159 4197 διαφέρει
1197 4126 1231 4195 ὴ
1272 4124 1393 4177 θεία
1441 4123 1596 4176 οὐσία
1629 4121 1730 4190 τῆς
1777 4120 1926 4182 θείας

345 4221 659 4291 ἐνεργείας,
693 4218 813 4271 οὐδὲ
846 4217 946 4286 τῆς
975 4214 1252 4285 ϐἐλήσεως
1289 4217 1590 4285 διενήνοχε,
1637 4214 1728 4266 καὶ
1776 4213 1926 4264 ἔσται

344 4317 375 4366 6
403 4315 563 4382 μόνος
592 4314 655 4364 ἐκ
681 4312 778 4380 τῆς
803 4310 991 4372 οὐσίας
1020 4309 1114 4361 τοῦ
1135 4308 1360 4380 -Πατρὺς
1384 4306 1797 4375 γεγεννημένος,
1833 4304 1927 4354 καὶ

343 4411 412 4460 ἐκ
453 4409 555 4474 τῆς
601 4403 876 4473 θελήσεως
924 4402 1046 4455 κατ’
1082 4401 1304 4464 αὐτοὺς,
1353 4400 1430 4462 ὼς
1477 4402 1645 4462 ἔοικε,
1690 4413 1923 4462 πεποιη-

345 4499 532 4568 μένος.

406 4612 512 4680 ψ’.
550 4614 608 4664 ΕΞ
654 4612 822 4681 μηδὲν
846 4609 1093 4678 διαφέρει
1126 4608 1225 4675 τῆς
1257 4605 1408 4666 θείας
1434 4603 1713 4673 ἐνεργείας
1743 4604 1776 4672 ἡ
1820 4601 1913 4653 τοῦ

329 4706 474 4759 Θεοῦ
504 4705 681 4761 οὐσία.
719 4704 1081 4774 μαρτυρεῖται
1109 4699 1165 4752 δὲ
1201 4699 1350 4767 παρὰ
1374 4697 1487 4749 τῶν
1519 4695 1800 4765 Οεοφόρων
1830 4696 1910 4747 ὅτι

331 4800 433 4851 καὶ
463 4796 743 4866 ἐνεργείας
780 4792 981 4854 πολλὰς
1016 4792 1130 4860 ἔχει
1172 4794 1201 4842 6
1228 4789 1383 4850 Θεὸς,
1414 4788 1490 4850 ὡς
1528 4789 1620 4838 καὶ
1655 4786 1916 4856 δημιουρ-

330 4888 499 4952 γικας
535 4882 796 4950 προνοίας
821 4875 961 4932 εἶναι
987 4878 1180 4930 τούτου
1205 4877 1302 4929 καὶ
1338 4876 1704 4942 ἀγαθότητας,
1741 4873 1885 4927 καοά
1904 4908 1916 4916 -

331 4993 445 5045 περ
475 4974 735 5043 ἀνωτέρω
764 4971 1058 5032 δέδεικται,
1109 4971 1204 5021 καὶ
1257 4969 1459 5030 πολλὰς
1513 4967 1700 5021 λοιπὸν
1731 4967 1917 5028 οὐσίας

331 5069 448 5134 ἔχει
476 5068 504 5117 6
533 5065 693 5126 Θεὸς·
721 5063 750 5114 ὃ
789 5062 979 5130 μηδείς
1018 5061 1136 5114 ποτ’
1196 5055 1370 5124 εἶπεν,
1419 5060 1451 5130 ἢ
1501 5059 1770 5130 ἐφρόνησε
1820 5061 1916 5112 τοῦ

330 5157 733 5230 Χριστωνύμου
750 5157 961 5221 γένους.

410 5249 472 5319 ρ’.
507 5251 566 5301 Εί
603 5249 772 5317 μηδὲν
802 5247 1123 5315 διαφέρουσι
1159 5247 1256 5313 τῆς
1305 5245 1456 5306 θεία-ς
1509 5244 1698 5306 οὐσίας
1735 5245 1790 5296 αἱ
1820 5245 1914 5294 τοῦ

329 5338 473 5391 Θεοῦ
511 5339 809 5407 ἐνέργειαι,
839 5336 961 5388 οὐδὲ
1000 5336 1135 5404 πρὸς
1162 5333 1396 5402 ἀλλήλας
1425 5335 1607 5398 ἕξουσι
1631 5335 1916 5402 διαφοράν.

329 5431 549 5487 Οὐκοῦν
578 5433 677 5500 τῆς
715 5429 811 5480 τοῦ
843 5427 980 5479 Θεοῦ
1017 5426 1380 5494 προγνώσεως
1412 5425 1565 5477 οὐδὲν
1610 5426 1918 5494 διενήνοχεν

333 5531 366 5596 ή
393 5526 636 5595 Οέλησις,
669 5523 856 5594 ὣστ’ἧ
892 5522 965 5591 μὴ
996 5523 1175 5574 πάντα
1207 5520 1605 5591 προγινώσκειν
1656 5521 1747 5571 τὸν
1786 5519 1918 5572 Θεὸν

331 5616 480 5688 (οὐδὲ
512 5617 619 5684 γὰρ
651 5615 828 5666 πάντα
860 5612 1002 5664 ῡέλει
1033 5615 1100 5664 τὰ
1118 5613 1425 5680 γινόμενα),
1458 5613 1490 5680 ἢ
1521 5609 1750 5678 Θελητὴν
1777 5605 1915 5662 εἶναι

330 5708 430 5760 καὶ
461 5706 571 5758 τῶν
600 5704 875 5774 πονηρῶν,
916 5704 1104 5772 ἐπειδὴ
1136 5703 1312 5755 πάντα
1379 5702 1765 5772 προγινώσκει,
1821 5702 1914 5753 καὶ

328 5799 363 5867 ἦ
402 5797 476 5865 μὴ
512 5791 648 5848 εἶναι
687 5797 870 5850 πάντα
929 5795 1234 5862 προειδότα,
1271 5793 1467 5846 ταυτὸν
1519 5793 1564 5844 δ’
1595 5794 1767 5846 εἰπεῖν
1793 5793 1913 5845 οὐδὲ

2016 2035 2182 2088 tores.
2210 2026 2429 2080 minime
2467 2025 2725 2079 distincta
2751 2037 2830 2079 est
2855 2041 2881 2076 ιι
2908 2025 3094 2078 divina
3124 2023 3358 2076 essentia
3393 2039 3588 2089 θυρω-

2015 2120 2090 2173 tio
2124 2120 2328 2178 divina.
2363 2118 2591 2177 creatio.
2641 2134 2762 2186 qua:
2803 2119 2868 2170 ad
2926 2117 3295 2186 operationem
3357 2115 3578 2177 attinet.

2014 2215 2234 2267 minime
2263 2212 2479 2267 differet
2516 2227 2544 2265 a
2578 2211 2929 2280 generatione
2971 2221 3019 2264 et
3057 2209 3426 2278 processinne,
3459 2223 3578 2273 (μιν

2014 2307 2080 2361 ad
2111 2305 2407 2359 essentiam
2441 2305 2734 2373 pertinent.
2764 2303 2819 2357 Si
2852 2314 3031 2356 autem
3067 2302 3276 2355 ereatio
3307 2317 3334 2352 a
3366 2314 3589 2363 genera-

2017 2397 2160 2450 tione
2193 2405 2246 2450 et
2287 2395 2644 2464 processione
2675 2409 2781 2447 non
2836 2391 3037 2457 diﬂ‘ert,
3074 2402 3255 2444 creata
3305 2407 3411 2442 non
3439 2388 3586 2440 αισα-

2016 2499 2143 2543 runt
2177 2505 2206 2540 a
2246 2497 2505 2554 generato
2538 2500 2590 2540 et
2623 2502 2652 2538 a
2690 2485 3052 2553 procedente;
3090 2487 3134 2538 si
3197 2494 3375 2535 autem
3411 2481 3481 2533 ita
3532 2497 3588 2533 se

2018 2598 2105 2636 res
2135 2581 2293 2634 halu-t
2318 2578 2466 2647 juxta
2491 2580 2657 2647 ipsos,
2703 2575 2874 2629 Filius
2899 2575 2990 2629 Dei
3014 2585 3070 2628 et
3109 2574 3341 2641 Spiritus
3372 2581 3589 2625 sanctus

2021 2672 2159 2726 nihil
2185 2669 2438 2724 diﬂ‘erent
2461 2685 2488 2721 a
2517 2667 2806 2730 creaturis,
2833 2676 2886 2720 et
2913 2676 3180 2721 creatura!
3213 2679 3404 2716 omnes
3432 2673 3590 2715 erunt

2019 2781 2046 2817 a
2080 2763 2189 2816 Deo
2217 2761 2379 2815 Patre
2431 2771 2698 2828 generatae
2751 2769 2806 2812 et
2865 2757 3239 2826 procedentes,
3266 2765 3313 2808 et
3374 2755 3590 2808 tleiiiea-

2018 2853 2165 2907 bitur
2186 2851 2408 2914 creatio,
2440 2860 2494 2902 et
2524 2849 2665 2903 Dens
2689 2847 2956 2902 creaturis
2984 2847 3308 2900 aseribetur.
3338 2844 3578 2912 Propter-

2021 2961 2084 2999 ea
2128 2945 2282 2998 divus
2327 2941 2568 3013 Cyrillns
2641 2940 3002 2994 diﬂerentiam
3039 2940 3281 2992 ostendit
3344 2935 3592 2990 essentia!

2020 3038 2115 3091 Dei
2153 3037 2221 3090 ab
2253 3036 2595 3104 operatione,
2629 3042 2838 3085 natura:
2865 3031 3062 3084 divina;
3093 3029 3337 3083 tribuens
3363 3041 3592 3096 genera-

2022 3132 2245 3191 tionem,
2275 3129 2605 3182 creationem
2634 3141 2762 3179 vero
2791 3123 2991 3177 divinae
3020 3121 3320 3189 operationi
3344 3137 3360 3183 ς
3387 3128 3440 3172 et
3461 3119 3592 3170 illud

2023 3225 2165 3276 clare
2193 3221 2530 3275 demonstrat
2563 3219 2749 3272 dicens
2773 3224 2817 3292 :z~
2849 3235 2869 3270 ι
2910 3213 3115 3272 Natura
3146 3222 3332 3268 autem
3383 3221 3438 3264 et
3465 3224 3592 3278 ope-

2031 3316 2169 3370 ratio
2204 3329 2310 3368 non
2339 3319 2468 3369 sunt
2493 3311 2660 3366 idem.
2697 3327 2716 3360 ι

2098 3559 2189 3613 97.
2226 3557 2283 3610 Si
2323 3555 2542 3610 minime
2585 3554 2842 3606 tlistint-ta
2875 3552 2943 3602 sit
2977 3565 3004 3603 a
3039 3550 3225 3602 divina
3283 3559 3528 3614 operatio
3569 3559 3594 3594 e

2028 3655 2208 3707 divina
2236 3648 2500 3712 essentia,
2533 3646 2811 3716 generatio
2851 3656 2904 3696 et
2943 3635 3168 3711 spiratio
3205 3655 3311 3692 non
3343 3636 3595 3690 dilIet-unt

2029 3762 2056 3800 a
2090 3747 2386 3800 creatione.
2419 3741 2577 3809 Atqui
2615 3749 2763 3792 creat
2801 3736 2941 3791 Deus
2995 3734 3156 3788 Pater
3180 3747 3274 3801 per
3314 3729 3512 3784 Filium
3545 3731 3595 3782 in

2029 3847 2220 3890 sancto
2251 3833 2480 3903 Spiritu.
2546 3831 2689 3899 Ergo
2742 3830 2932 3888 etiam,
2974 3825 3025 3878 in
3080 3823 3514 3877 adversariorum
3547 3829 3595 3873 et

2028 3927 2357 3984 asseclarum
2400 3922 2693 3986 sententia,
2728 3927 2948 3991 generat
2977 3925 3033 3970 et
3058 3916 3230 3985 spirat
3273 3931 3364 3982 per
3401 3911 3596 3967 Filium

2030 4019 2084 4073 in
2108 4027 2299 4071 sancto
2325 4015 2555 4083 Spiritu.

2099 4130 2188 4187 98.
2225 4130 2282 4184 Si
2317 4129 2450 4182 nihil
2491 4127 2742 4182 distincta
2769 4127 2838 4180 sit
2869 4124 3052 4178 divina
3084 4123 3323 4177 esisentia
3359 4139 3385 4174 a
3417 4123 3594 4175 divina

2029 4223 2368 4292 operatione,
2400 4236 2506 4274 non
2538 4220 2716 4274 dill'ert
2751 4219 2912 4270 etiam
2963 4233 2990 4270 a
3034 4217 3333 4275 voluntate.
3361 4225 3415 4268 et
3457 4217 3594 4268 idem

2028 4312 2154 4377 erit,
2187 4312 2339 4380 juxta
2385 4311 2549 4378 ipsos,
2603 4317 2660 4361 ut
2719 4307 2951 4369 videtur,
3001 4306 3066 4356 ah
3116 4304 3355 4357 essentia
3417 4302 3593 4357 Patris

2033 4412 2321 4473 generatus
2349 4412 2514 4468 atque
2542 4416 2569 4451 ιι
2597 4401 2873 4453 voluntate
2905 4397 3103 4448 factus.

2102 4603 2193 4657 99.
2225 4602 2280 4656 Si
2317 4602 2449 4654 nihil
2482 4601 2736 4654 distincta
2770 4601 2839 4651 sit
2868 4612 2896 4649 a
2933 4597 3115 4649 divina
3154 4598 3471 4664 Operatione
3505 4597 3595 4649 Dei

2033 4697 2293 4758 essentia,
2374 4709 2497 4747 enm
2569 4701 2828 4744 testentur
2907 4689 3140 4756 theologi
3228 4691 3422 4742 multas
3490 4687 3595 4742 Deo

2034 4789 2210 4842 inesse
2243 4788 2607 4855 operationes,
2630 4797 2728 4841 nec
2764 4797 2869 4835 non
2903 4781 3196 4836 creatrices
3228 4780 3595 4848 providentius

2032 4893 2081 4934 et
2124 4882 2420 4942 honitates,
2446 4887 2506 4931 ut
2538 4891 2700 4943 supra
2722 4885 3000 4929 ostensum
3023 4882 3129 4938 est,
3159 4889 3288 4941 ergo
3321 4881 3376 4926 et
3403 4873 3594 4924 multas

2035 4974 2198 5026 habet
2231 4971 2374 5025 Deus
2420 4971 2682 5022 es~eutias
2718 4982 2732 5022 :
2763 4966 2906 5034 quod
2962 4980 3122 5020 nemo
3168 4980 3406 5034 unquam
3461 4964 3599 5018 dixit

2032 5073 2125 5116 aut
2149 5063 2318 5118 sensit
2344 5063 2396 5115 in
2421 5060 2734 5115 Christiano
2769 5072 2989 5127 genere.

2106 5259 2226 5312 100.
2255 5257 2309 5311 Si
2360 5258 2580 5310 minime
2607 5254 2871 5306 distincta
2920 5253 3028 5306 sint
3054 5267 3081 5304 a
3117 5253 3294 5304 divina
3351 5251 3596 5304 essentia

2035 5351 2125 5403 Dei
2162 5349 2524 5418 nperationes,
2557 5361 2651 5398 nec
2683 5363 2709 5396 ιι
2743 5360 2802 5399 se
2833 5347 3062 5396 invicem
3099 5343 3369 5396 distinctre
3401 5351 3588 5398 erunt.

2033 5444 2173 5511 Ergo
2202 5459 2230 5494 a
2264 5440 2595 5509 prxscientia
2623 5438 2710 5491 Dei
2739 5437 2990 5490 distincta
3018 5453 3120 5490 non
3155 5437 3258 5489 erit
3321 5437 3590 5488 voluntas.

2035 5536 2099 5590 Et
2130 5537 2210 5588 sic
2246 5551 2351 5588 non
2381 5534 2554 5585 omnia
2588 5531 2865 5598 praesciret
2893 5529 3054 5591 Dens,
3090 5543 3190 5581 nec
3227 5529 3371 5581 enim
3406 5529 3587 5579 omnia

2034 5631 2144 5681 vult
2186 5643 2304 5697 qua:
2337 5626 2505 5692 ﬁunt;
2535 5623 2615 5676 vel
2664 5623 2803 5676 mala
2838 5621 2999 5675 etiam
3033 5620 3215 5684 vellet,
3248 5622 3373 5687 quia
3404 5618 3586 5672 omnia

2035 5722 2278 5790 prmsrit;
2321 5736 2373 5773 et
2422 5719 2662 5783 insuper,
2699 5715 2782 5769 vel
2826 5729 2930 5766 non
2983 5723 3130 5767 esset
3168 5712 3409 5764 omnium
3451 5724 3576 5778 pra:-

2032 5816 2196 5875 St'ilts,
2229 5829 2322 5866 nec
2353 5810 2574 5875 proinde
2603 5808 2761 5869 Deus.
2796 5807 2878 5859 vel
2910 5822 3012 5860 non
3038 5815 3179 5861 esset
3202 5804 3399 5864 bonus.
3439 5803 3586 5856 ideo-
