4246 6464
691 389 819 457 Ηθὶ

1932 398 2037 454 GR
2053 395 2320 454 EGORH
2385 396 2709 454 PALAMxE

3805 408 3944 472 1192

685 520 792 572 que
825 519 922 557 nec
955 505 1119 559 Deus.
1150 503 1290 574 Ergo
1320 505 1572 559 distincta
1600 517 1681 559 est
1715 521 1747 558 a
1771 505 1953 558 divina
1981 507 2257 559 voluntate
2291 513 2329 564 Α

2291 513 2329 564 Α
2362 512 2585 582 Θεον,ἢ
2649 514 2724 584 μὴ
2797 511 2933 568 εἶναι
2988 515 3211 584 ἀγαθὸν,
3263 517 3460 570 ταυτὸν
3506 519 3551 570 δ’
3601 520 3775 574 είπεῖν
3816 525 3938 576 οὐδὲ

685 598 1049 664 praescientia,
1087 613 1218 667 ergo
1249 607 1305 654 et
1342 609 1569 668 utraque
1596 615 1625 652 a
1668 601 1850 653 divina
1887 601 2151 654 essentia.

759 866 880 918 lOl.
924 866 978 918 Si
1037 867 1240 920 nullam
1280 867 1424 920 inter
1452 883 1513 922 se
1564 868 1801 924 habeant
1857 871 2255 925 distinctionem

686 960 883 1012 divinae
909 961 1276 1026 operationes,
1304 962 1512 1015 crcatio
1539 962 1703 1030 igitur
1725 978 1754 1014 a
1778 964 2115 1029 praescientia
2149 981 2254 1018 non

683 1055 786 1106 crit
815 1056 1094 1107 distincta.
1135 1056 1211 1107 Ac
1243 1055 1470 1120 proinde
1503 1057 1628 1124 quia
1668 1057 1807 1110 Deus
1839 1059 2002 1125 cmpit
2045 1073 2253 1124 creare,

678 1159 808 1211 ergo
839 1153 894 1198 et
937 1149 1186 1212 praescire
1218 1145 1400 1214 coepit.
1430 1146 1495 1198 Et
1544 1148 1817 1214 quomodo
1851 1148 1990 1201 Deus
2031 1160 2136 1212 est,
2164 1149 2252 1218 qui

679 1254 785 1289 non
819 1239 998 1289 onmia
1035 1251 1160 1291 ante
1192 1240 1387 1292 saecnla
1412 1239 1721 1307 prmscivit!

752 1329 874 1380 102.
912 1328 966 1380 Si
997 1331 1131 1382 nihil
1164 1331 1418 1384 distincta
1477 1332 1547 1384 sit
1586 1346 1613 1383 a
1666 1331 1852 1386 divina
1913 1337 2252 1404 praescientia

677 1422 910 1473 creatrix
937 1421 1025 1474 Dei
1051 1427 1312 1490 operatio,
1346 1427 1659 1486 prrescienti
1705 1441 1901 1479 cozevze
1922 1439 2084 1480 erunt
2104 1444 2256 1482 crea-

682 1519 840 1574 turae,
878 1512 945 1562 ab
977 1521 1181 1566 αξιοι-ιιο
1211 1525 1409 1566 creatae
1437 1530 1451 1578 ;
1487 1531 1610 1568 nam
1648 1515 1737 1569 ille
1761 1519 1828 1570 ab
1855 1527 2060 1569 aeterno
2092 1534 2254 1570 crea-

679 1613 776 1663 ret,
810 1603 934 1670 quia
973 1615 1026 1656 et
1055 1606 1166 1672 ipse
1199 1605 1266 1658 ab
1321 1617 1524 1660 aeterno
1579 1609 1815 1675 praescit,
1849 1620 1903 1664 et
1956 1613 2207 1677 praescita
2233 1652 2249 1678 ,

678 1695 746 1746 ab
782 1704 984 1750 mtcrno
1013 1697 1386 1764 prazsciuntur.
1404 1700 1471 1750 At
1489 1702 1758 1766 quomodo
1779 1712 1921 1755 esset
1949 1700 2110 1769 Deus,
2131 1719 2252 1758 cum

677 1786 794 1855 ejus
835 1803 998 1857 opera
1033 1790 1146 1858 ipso
1181 1793 1478 1859 posteriora
1512 1808 1619 1846 non
1650 1793 1880 1848 essent?
2169 1783 2174 1789 ’

755 2062 876 2118 105.
931 2063 986 2116 Si
1024 2065 1251 2120 minime
1281 2066 1542 2121 distincta
1592 2070 1663 2122 sit
1706 2084 1735 2122 a
1769 2068 1862 2124 Dei
1912 2074 2252 2142 praescieiitia

680 2159 914 2210 creatrix
966 2159 1234 2226 operatio,
1273 2162 1479 2215 creatio
1527 2178 1634 2216 non
1682 2164 1926 2234 subjacet
1957 2165 2249 2233 voluntati,

674 2261 800 2298 cum
837 2247 909 2300 sit
941 2248 1171 2316 ipsumet
1227 2253 1609 2319 praescientia;
1646 2268 1745 2306 nec
1796 2255 2072 2311 voluntate
2103 2266 2252 2311 creat

674 2341 836 2403 Deus,
876 2341 967 2396 sed
1016 2344 1130 2396 sola
1161 2352 1378 2397 natura.
1413 2343 1479 2397 Et
1508 2347 1781 2414 quomodo
1807 2347 1971 2417 Deus,
2010 2352 2103 2420 qui
2130 2355 2250 2409 sine

674 2435 951 2486 voluntate
990 2435 1248 2489 crearet?

742 2526 866 2579 104.
906 2526 1046 2578 Deus
1068 2537 1151 2583 est
1184 2533 1298 2598 ipse
1339 2532 1390 2583 in
1434 2531 1640 2601 seipso,
1671 2532 1799 2600 quia
1844 2543 1955 2588 tres
2002 2549 2248 2604 personae

670 2619 1051 2674 counaturales
1091 2631 1143 2673 et
1179 2632 1465 2676 coaaternae
1511 2625 1613 2678 sibi
1651 2625 1878 2679 invicem
1911 2637 2058 2691 sunt,
2092 2637 2144 2681 et
2190 2642 2249 2682 se

672 2709 902 2762 invii-em
932 2712 1047 2764 sine
1081 2714 1462 2768 conuuistione
1520 2727 1949 2784 compenetrant.
1987 2717 2043 2770 lu
2071 2720 2250 2772 omni-

671 2802 768 2853 bus
801 2813 979 2854 autem
1015 2813 1098 2856 est
1129 2803 1289 2869 Deus,
1319 2816 1375 2858 et
1425 2807 1613 2860 omnia
1647 2808 1700 2860 in
1736 2822 1826 2871 eo,
1864 2809 1980 2876 ipse
2014 2810 2239 2876 quidem

2360 601 2515 655 Θεόν.
2547 605 2803 675 Διαφέρει
2859 607 3151 676 τοιγαροῦν
3208 609 3306 677 τῆς
3367 607 3518 671 θείας
3568 609 3843 677 θελήσεως
3903 616 3936 683 ἡ

2361 695 2694 764 πρόγνωσις,
2746 697 2944 753 οὐκοῦν
2983 701 3076 752 καὶ
3115 700 3214 770 τῆς
3263 699 3415 764 θείας
3453 700 3644 765 οὐσίας
3699 703 3936 775 ἑκατέρα

2357 786 2582 846 τούτων.

2428 875 2531 942 ρα’.
2564 879 2626 932 El
2659 881 2736 950 μὴ
2767 882 2902 950 πρὸς
2931 885 3162 954 ἀλλήλας
3202 885 3384 955 έχουσι
3412 887 3674 958 διαφορὰν
3699 891 3754 944 αι
3786 889 3931 949 θεῖαι

2355 965 2625 1034 ἐνέργειαι
2642 1007 2657 1031 ,
2677 969 2771 1020 καὶ
2792 970 2852 1022 τὸ
2864 971 3196 1040 δημιουργὸν
3217 975 3399 1027 λοιπὸν
3421 976 3515 1028 τοῦ
3535 981 3935 1047 προγινώσκειν

2354 1056 2414 1106 οὑ
2444 1056 2767 1128 διενήνοχεν·
2803 1063 2925 1114 ἐπεὶ
2945 1059 3039 1117 οὖν
3069 1064 3272 1134 ἦρξατό
3299 1083 3430 1119 ποτε
3465 1067 3493 1119 6
3512 1067 3644 1132 Θεὸς
3673 1070 3935 1142 δημιουρά

2354 1149 2470 1212 γεῖν
2525 1150 2619 1200 καὶ
2689 1151 3107 1218 προγινώσκειν,
3161 1156 3367 1225 ἧρξατυ
3412 1157 3619 1214 λοιπόν.
3654 1161 3764 1213 Καὶ
3816 1163 3934 1225 πῶς

2353 1237 2506 1300 Θεὸς,
2541 1239 2568 1289 6
2596 1239 2669 1309 μὴ
2701 1241 2806 1308 πρὸ
2843 1241 3054 1295 αἰώνων
3087 1245 3156 1297 τὰ
3187 1246 3364 1298 πάντα
3390 1248 3654 1317 προειδώς
3683 1266 3699 1318 ;

2425 1329 2526 1401 ρβ’.
2567 1332 2629 1384 El
2663 1333 2826 1402 μηδὲν
2875 1336 3125 1406 διαφέρει
3159 1337 3261 1406 τῆς
3296 1339 3448 1400 θείας
3492 1340 3857 1409 προγνώσεως
3899 1345 3932 1409 ἡ

2351 1423 2446 1475 τοῦ
2478 1422 2612 1475 Θεοῦ
2640 1424 3010 1497 δημιουργικὴ
3061 1427 3335 1497 ἐνέργεια,
3374 1433 3442 1499 τῇ
3497 1431 3808 1499 προγνώσει
3838 1432 3934 1486 τοῦ

2352 1514 2490 1566 Θεοῦ
2521 1513 2796 1585 σύνδρομα
2825 1517 2976 1570 ἔσται
3023 1518 3091 1570 τὰ
3140 1518 3624 1590 δημιουργήματα,
3669 1522 3935 1593 δημιουρ-

2353 1604 2596 1673 γούμενα
2625 1604 2900 1675 ἀνάρχως,
2931 1607 3007 1669 ώς
3037 1607 3292 1678 ἀνάρχως
3325 1611 3492 1663 αὑτοῦ
3532 1612 3934 1681 δημιουργοῦνο

2352 1712 2460 1761 τος,
2492 1698 2613 1750 ἐπεὶ
2638 1699 2730 1750 καὶ
2754 1699 3005 1768 ἁνάρχως
3032 1699 3197 1762 αὑτός
3225 1717 3282 1752 τε
3315 1701 3707 1770 προγινώσκει,
3741 1705 3835 1758 καὶ
3868 1704 3936 1757 τὰ

2355 1791 2843 1859 προγινωσκόμενα
2877 1791 3128 1860 ἁνάρχως
3167 1792 3627 1860 προγινώσκεται.
3671 1796 3783 1848 Καὶ
3815 1797 3933 1858 πῶς

2288 1846 2328 1899 Β
2353 1846 2504 1944 Θεὸς,
2566 1881 2676 1932 τῶν
2705 1846 2717 1859 ι
2742 1846 3073 1951 ,ποιημάτων
3109 1846 3326 1936 ,αὐτοῦ
3356 1846 3626 1955 μηδαμῶς

2352 1971 2520 2024 ὅντων
2545 1988 2561 2036 ;

2427 2060 2530 2133 ΡΥὀ
2563 2064 2623 2115 El
2655 2064 2821 2134 μηδὲν
2846 2064 3090 2135 διαφέρει
3125 2066 3224 2135 τῆς
3255 2065 3351 2118 τοῦ
3387 2065 3523 2119 Θεοῦ
3571 2065 3936 2135 προγνώσεως

2353 2157 2385 2224 ἡ
2420 2155 2784 2227 δημιουργικὴ
2819 2157 3093 2227 ἐνέργεια,
3135 2159 3257 2211 οὐδὲ
3300 2158 3362 2212 τὸ
3411 2159 3767 2229 δημιουργεῖν
3801 2161 3936 2210 ὑπό-

2354 2262 2530 2297 κειται
2576 2245 2836 2315 θελήσει·
2869 2248 2993 2299 ἐπεὶ
3042 2247 3098 2299 δὲ
3138 2249 3171 2318 ὴ
3204 2248 3534 2318 πρόγνωσις,
3574 2250 3694 2301 οὐδὲ
3734 2249 3813 2318 τῷ
3843 2250 3935 2300 θέο

2353 2339 2466 2391 λειν
2508 2339 2835 2409 δημιουργεῖ
2860 2339 3013 2405 Θεὸς,
3075 2340 3212 2394 ἀλλὰ
3261 2342 3323 2393 τὸ
3374 2342 3683 2408 πεφυκέναι
3731 2343 3932 2411 μόνον·

2353 2431 2447 2484 καὶ
2481 2430 2599 2493 πῶς
2628 2429 2780 2494 Θεὸς,
2806 2433 2833 2483 6
2855 2430 3125 2500 θελήσεως
3153 2431 3506 2502 δημιουργῶν
3541 2433 3710 2502 χωρίς
3737 2452 3753 2495 ;

2426 2520 2615 2593 ρδ’.’⁹0
2650 2521 2780 2583 Θεὸς
2813 2521 2973 2584 αὐτὸς
3033 2522 3134 2590 μέν
3171 2524 3320 2574 ἐστιν
3365 2523 3424 2574 ὲν
3472 2515 3669 2591 ἑαυτῷ,
3714 2524 3790 2585 ώς
3827 2524 3940 2575 τῶν

2350 2615 2520 2685 τριῶν
2553 2613 2710 2667 θείων
2735 2613 3114 2679 ὑποστάσεων,
3151 2613 3417 2684 συμφυῶς
3473 2615 3569 2667 καὶ
3597 2615 3784 2677 ἀῐδίως
3813 2617 3937 2684 ἐχορ

2353 2710 2531 2778 μένων
2558 2709 2826 2778 ἀλλήλων,
2856 2708 2952 2762 καὶ
2983 2707 3242 2777 ἀφύρτως
3272 2707 3702 2778 περιχωρουσῶν
3733 2709 3815 2769 είς
3837 2708 3938 2760 ἀλ-

2352 2801 2517 2870 λήλας
2540 2815 2555 2830 ⁸
2597 2801 2654 2852 ὲν
2679 2800 2756 2869 τῷ
2783 2800 2947 2852 παντὶ
2968 2799 3025 2852 δέ
3052 2801 3200 2851 ἐστιν
3236 2801 3263 2854 ό
3314 2799 3472 2863 Θεὸς,
3505 2801 3596 2851 καὶ
3626 2800 3687 2851 τὸ
3717 2801 3826 2852 πᾶν
3879 2802 3940 2851 ἐν

671 2907 728 2946 ιιι
768 2911 1123 2971 conservans,
1161 2899 1275 2952 haec
1297 2914 1427 2952 vero
1451 2909 1510 2951 ut
1542 2911 1863 2954 conservata
1905 2917 1920 2958 :
1956 2917 2091 2968 ergo
2112 2918 2244 2957 con-

2348 2893 2428 2962 τῷ
2455 2892 2594 2962 Θεῷ,
2625 2894 2652 2945 6
2685 2891 2782 2961 μὲν
2808 2892 2885 2955 ὼς
2909 2891 3173 2962 συνέχων,
3199 2891 3262 2944 τὸ
3286 2892 3342 2944 δὲ
3370 2891 3445 2954 ὼς
3477 2891 3568 2944 ὑπ’
3594 2892 3760 2944 αὑτοῦ
3805 2910 3937 2944 συν-

670 2990 1022 3041 servatricem
1089 2989 1179 3041 Dei
1238 2994 1648 3058 operationem,
1697 3001 1751 3046 et
1800 3010 1904 3048 nou
1951 2995 2244 3049 essentiam

2349 2985 2648 3054 εχόμενον·
2688 2984 2886 3038 οὐκοῦν
2925 2985 3022 3039 καὶ
3084 2986 3180 3054 τῆς
3241 2986 3569 3052 συνεκτικῆς
3617 2987 3931 3053 ἐνεργείας,

668 3080 848 3130 omnia
876 3081 1228 3148 participant.
1260 3082 1446 3150 Itaque
1469 3083 1707 3153 theologi
1743 3087 2115 3152 operationem
2147 3085 2241 3140 Dei

2349 3075 2464 3130 ἀλλ’
2497 3076 2619 3144 οὐχὶ
2672 3076 2773 3144 τῆς
2817 3076 3004 3139 οὐσίας
3043 3077 3111 3130 τὰ
3148 3076 3328 3129 πάντα
3387 3078 3602 3145 μετέχει
3633 3076 3725 3128 τοῦ
3775 3077 3937 3130 Θεοῦ.

669 3180 866 3224 vocant
905 3173 1074 3241 ipsam
1108 3175 1228 3242 ejus
1270 3176 1472 3244 ubique
1509 3180 1882 3245 praesentiant.
2270 3190 2314 3247 (ζ,

2270 3190 2314 3247 c
2350 3167 2513 3222 Ταῦτ’
2554 3170 2662 3239 ἄρα
2714 3169 2810 3222 καὶ
2863 3171 2912 3222 oi
2983 3169 3224 3235 θεολόγοι
3284 3169 3566 3239 ένέργειάν
3622 3185 3754 3236 φασι
3802 3168 3939 3221 Θεοῦ

2350 3256 2512 3323 εἶναι,
2545 3261 2603 3313 τὸ
2641 3257 2782 3312 εἶναι
2809 3260 2998 3312 τοῦτον
3027 3260 3326 3330 πανταχοῦ.

2421 3356 2518 3420 ρξ’.
2556 3352 2662 3404 Καὶ
2691 3353 2738 3403 οἱ
2764 3352 2842 3421 τῷ
2874 3351 2994 3419 Θεῷ
3023 3352 3522 3423 εὐαρεστήσαντες.
3554 3351 3646 3404 καὶ
3679 3351 3775 3404 τοῦ
3799 3351 3869 3404 δι’
3907 3351 3936 3404 ὅ

2351 3444 2613 3510 γεγόνασι
2665 3443 3045 3511 ἐπιτυχόντες,
3081 3443 3327 3494 τουτέστι
3360 3442 3461 3510 τῆς
3516 3439 3793 3504 θεώσεως.
3841 3443 3939 3505 Et;

2354 3533 2513 3588 τοῦτο
2537 3535 2668 3603 γὰρ,
2708 3535 2861 3602 φασὶ,
2910 3534 3214 3601 πεποίηκεν
3262 3534 3411 3602 ἡμᾶς
3450 3533 3479 3584 6
3515 3532 3669 3596 Θεὸς,
3701 3533 3790 3583 ἴνα
3823 3549 3946 3583 κοι-

740 3350 861 3404 105.
905 3340 1174 3405 Praeterea
1203 3353 1298 3419 qui
1349 3351 1459 3406 Deo
1489 3354 1707 3421 placent
1743 3367 1799 3409 et
1839 3355 1968 3409 illud
1998 3357 2064 3409 ad
2098 3359 2243 3426 quod

675 3439 799 3493 lacti
848 3450 976 3493 sunt
1015 3442 1317 3509 possident,
1374 3444 1424 3496 id
1479 3455 1583 3508 est,
1635 3429 2055 3511 deiﬁcationem,
2091 3449 2244 3515 juxta

667 3533 842 3586 Patris
876 3534 1133 3598 etlatum;
1174 3553 1191 3584 ι
1229 3533 1309 3588 Ad
1350 3536 1451 3588 hoc
1505 3538 1614 3589 nos'
1650 3536 1781 3591 fecit
1816 3539 1977 3602 Deus,
2021 3551 2080 3592 ut
2113 3556 2247 3594 con-

666 3637 842 3679 sortes
896 3627 1097 3679 laceret
1133 3627 1368 3695 propria:
1420 3629 1762 3696 divinitatis;
1806 3647 1823 3679 ι
1867 3624 1942 3686 illi
1978 3631 2138 3702 igitur
2190 3635 2242 3685 in

667 3720 774 3771 Dco
804 3726 930 3770 sunt
957 3729 1012 3771 ιιι
1038 3719 1108 3772 ab
1141 3733 1206 3771 eo
1237 3721 1494 3781 dcilicati,
1518 3730 1572 3773 et
1621 3721 1769 3776 Deus
1801 3736 1884 3778 est
1934 3725 1986 3778 in
2027 3727 2157 3792 ipsis
2186 3736 2243 3779 ut

666 3827 760 3864 eos
787 3812 1066 3866 deilicans.
1117 3811 1263 3881 Ergo
1289 3823 1345 3866 et
1401 3816 1503 3883 ipsi
1546 3815 1788 3870 divinam
1837 3820 2241 3887 operationem,

666 3906 791 3958 licet
826 3906 931 3958 alio
966 3906 1146 3965 modo.
1175 3908 1270 3960 sed
1297 3922 1401 3960 non
1435 3912 1733 3965 essentiam
1774 3914 1863 3966 Dei
1891 3914 2240 3982 participant.

668 3995 854 4062 Itaque
878 3997 1113 4066 theologi
1151 3998 1491 4053 divinitatem
1524 4015 1649 4055 esse
1680 4004 1877 4058 divina:
1908 4006 2242 4074 operationis

667 4105 861 4144 nomen
888 4091 1092 4144 dicunt.

2349 3625 2548 3687 νωνοὺς
2581 3626 2784 3696 ποιήσῃ
2813 3624 2912 3693 τῆς
2933 3623 3144 3686 οἰκείας
3168 3623 3446 3691 θεότητος,
3476 3626 3569 3676 καὶ
3625 3623 3676 3674 οί
3701 3623 3944 3674 τοιοῦτοι

2348 3715 2528 3767 τοίνυν
2561 3715 2616 3767 ὲν
2650 3714 2726 3783 τῷ
2748 3713 2866 3783 Θεῷ
2887 3717 3026 3766 εἰσιν
3058 3716 3135 3776 ώς
3157 3713 3250 3767 ὑπ’
3294 3713 3461 3766 αὐτοῦ
3497 3713 3940 3782 θεοποιούμενοι,

2347 3806 2443 3858 καὶ
2474 3806 2501 3857 6
2530 3805 2662 3868 Θεὸς
2711 3805 2770 3858 ἐν
2800 3807 3003 3869 αὐτοῖς,
3035 3807 3110 3869 ώς
3163 3806 3430 3858 θεοποιῶν
3484 3805 3684 3869 αὐτούς
3755 3807 3934 3860 ἐστιν.

2349 3895 2557 3947 Οὐκοῦν
2587 3895 2870 3947 ambulato}.
2907 3896 3006 3965 τῆς
3049 3895 3203 3956 θείας
3237 3895 3543 3965 ἐνεργείας,
3581 3897 3628 3946 εί
3675 3895 3772 3948 καὶ
3804 3898 3937 3964 τρό-

2347 4003 2447 4040 πον
2477 3987 2685 4057 ἒτερον,
2732 3988 2849 4041 ἀλλ’
2885 3988 3006 4058 οὐχὶ
3058 3987 3157 4056 τῆς
3221 3987 3418 4046 οὐσίαξ
3466 3986 3563 4039 τοῦ
3609 3987 3747 4038 Θεοῦ
3801 4006 3940 4055 μετ-

2349 4079 2551 4150 έχουσι.
2599 4079 2692 4132 Διὸ
2755 4079 2849 4133 καὶ
2896 4079 2947 4132 οῑ
3001 4078 3242 4146 θεολόγοι
3295 4079 3392 4148 τῆς
3441 4077 3593 4142 θείας
3655 4080 3942 4146 ἒιεργείας

2346 4166 2487 4226 εἶναι
2517 4172 2687 4242 ὄνομα
2711 4171 2810 4244 τὴν
2843 4171 3075 4240 θεότητά
3100 4186 3287 4238 φασιν.

737 4275 862 4328 106.
915 4273 1140 4328 Omnem
1176 4276 1593 4344 sirpereminens
1626 4281 1920 4335 essentiam
1964 4283 2244 4353 vitamque

2424 4284 2536 4355 ρς·’.
2582 4285 2644 4338 Ἡ
2677 4283 3024 4354 ὑπεροῦσιος,
3057 4283 3153 4336 καὶ
3185 4280 3496 4353 ὕπέρζωος,
3527 4280 3624 4334 καὶ
3646 4281 3941 4350 ὑπέρθεος,

667 4379 722 4420 ct
749 4368 1087 4420 divinitatem
1131 4379 1294 4436 atque
1345 4369 1642 4424 bonitatem
1695 4384 1913 4438 natura,
1967 4387 2240 4442 quatenus
2332 4418 2336 4423 .

2332 4381 2444 4434 -καὶ
2476 4377 2822 4449 ὑπεράγαθος
2851 4377 3034 4446 φύσις,
3128 4374 3478 4446 ὺπεράγαθός
3503 4376 3620 4426 ἑστι
3651 4374 3749 4424 καὶ
3770 4371 3948 4439 ὑπὲρ·

671 4462 968 4514 lmnitatem
997 4477 1059 4514 ac
1082 4462 1419 4515 divinitatem
1449 4472 1504 4516 et
1525 4465 1628 4516 alia
1651 4465 1964 4535 hujusutodi
1994 4479 2239 4536 superat,

2350 4473 2470 4534 θεος
2526 4473 2622 4526 καὶ
2668 4470 2738 4523 τὰ
2781 4471 3029 4534 τοιαῦτα,
3087 4467 3214 4521 οῦτε
3251 4467 3496 4534 λέγεται,
3531 4463 3658 4516 οὔτε
3709 4464 3945 4523 νοεῖται,

668 4569 782 4613 ηερ,
824 4554 1154 4619 nominatur,
1210 4568 1310 4608 nec
1363 4554 1704 4622 intelligitur,
1761 4573 1862 4612 nec
1918 4560 2030 4612 ullo
2076 4563 2239 4616 modo
2273 4564 2316 4619 D

2273 4564 2316 4619 D
2348 4564 2472 4618 οὔτε
2497 4565 2635 4626 ὅλως
2659 4579 2777 4625 πως
2801 4561 3113 4631 θεωρεῖται,
3133 4559 3222 4612 διὰ
3247 4558 3331 4622 τὸ,
3359 4559 3578 4610 πάντων
3598 4555 3945 4624 ἐξῃρημένη,

667 4647 933 4709 cernitur,
966 4647 1095 4713 quia
1138 4646 1395 4700 omnibus
1455 4647 1615 4716 longe
1647 4660 1912 4716 praestans
1942 4663 1997 4706 et
2057 4655 2240 4721 iguOta

2349 4658 2446 4710 καὶ
2503 4654 2928 4726 ὑπεράγνωστος
2983 4647 3146 4714 εἶναι,
3206 4651 3303 4703 καὶ⁵
3359 4649 3471 4704 τῶν
3522 4647 3946 4715 ὑπερουρανίων

669 4747 774 4800 est,
811 4748 865 4790 et
917 4738 1047 4806 ipsis
1092 4738 1408 4791 cmlestibus
1439 4739 1720 4807 spiritibus
1751 4746 2113 4813 supersedens
2155 4746 2240 4799 in-

2348 4749 2483 4802 νόων
2513 4744 2922 4816 ὑπεριδρυμένη
2957 4743 3322 4812 ἀπεριλήπτῳ
3369 4740 3624 4808 δυνάμει,
3674 4738 3772 4790 καὶ
3802 4738 3945 4788 πᾶσι

668 4831 1139 4900 comprehensibili
1199 4831 1465 4900 potentia,
1495 4841 1550 4885 et
1583 4834 1835 4889 omnibus
1883 4839 2105 4890 omnino
2155 4841 2241 4892 in-

2348 4842 2524 4910 πάντη
2548 4838 2788 4908 ἄληπτός
2805 4855 2865 4890 τε
2888 4838 2982 4889 καὶ
3013 4835 3256 4906 ἄρῤητος
3294 4832 3404 4884 αίεί
3431 4848 3444 4862 ·
3479 4829 3600 4883 οὐδὲ
3628 4828 3741 4897 γὰρ
3767 4827 3947 4894 ὅνομᾶ

668 4924 1021 4992 intelligibilis
1073 4934 1127 4979 et
1172 4923 1462 4977 inellabilis
1512 4939 1748 4993 semper.
1804 4928 2045 4996 Namque
2099 4930 2242 4984 illius

668 4997 884 5069 ..ουἐςι
942 5030 1136 5070 nomen
1194 5017 1245 5069 io
1285 5016 1541 5085 praesenti
1600 5018 1798 5071 seculo
1829 5020 1911 5073 vel
1960 5021 2014 5074 in
2057 5020 2241 5092 futuro

670 5111 1032 5174 nominatum,
1078 5124 1176 5164 nec
1219 5123 1403 5176 sermo
1457 5109 1511 5161 in
1563 5111 1738 5162 anima
1798 5122 2098 5182 conceptus
2155 5113 2241 5167 vel

670 5205 849 5272 lingua
881 5206 1147 5270 prolatus.
1185 5216 1285 5254 nec
1319 5210 1497 5254 tactus
1537 5211 1626 5253 aut
1658 5204 1932 5270 perceptio
1967 5205 2240 5259 sensualis

672 5297 749 5345 vel
778 5295 1184 5359 intellectualis,
1221 5295 1330 5344 imo
1367 5307 1464 5345 nec
1505 5291 1612 5345 ulla
1666 5294 2009 5357 imaginatio.
2048 5296 2241 5366 Itaque

672 5388 906 5452 theologi
936 5385 1124 5439 dicunt
1157 5384 1369 5437 aﬂinius
1400 5399 1522 5437 eam
1560 5387 1741 5438 vocari
1772 5389 2235 5455 propositionibus

671 5478 1062 5547 perfectissime
1085 5476 1717 5545 incomprehensibilem,
1744 5481 1868 5546 quia
1890 5482 2070 5534 omnia
2094 5497 2240 5549 (μιαι-

671 5588 878 5643 cunque
933 5583 1061 5626 sunt
1084 5572 1432 5639 aliquatenus
1465 5580 1592 5625 sunt
1620 5572 1703 5625 vel
1735 5573 1987 5630 dicuntur
2016 5590 2239 5642 supere-

670 5669 940 5720 tninenter
980 5664 1211 5730 excedit,
1255 5666 1327 5717 ita
1380 5672 1440 5716 ut
1468 5661 1618 5715 illam
1655 5678 1722 5718 ne
1753 5666 1899 5732 justo
1931 5667 2148 5735 quidem
2185 5676 2240 5723 et

670 5761 886 5828 proprio
924 5759 1145 5812 nomine
1178 5760 1474 5812 essentiam
1506 5769 1561 5810 et
1593 5766 1839 5810 naturam
1883 5775 2239 5828 nuncupave-

671 5854 742 5911 rit
782 5856 1096 5921 quicunque
1152 5850 1397 5906 veritatis
1449 5851 1674 5904 veritate
1746 5850 1890 5903 omni
1948 5852 2240 5920 superioris

2344 5024 2503 5076 λοντα
2536 5020 2962 5091 ὀνομαζόμενον,
2995 5019 3056 5071 οὗ
3114 5017 3274 5084 λόγος
3310 5017 3369 5068 έν
3411 5015 3559 5084 ψυχῇ
3603 5012 3947 5080 συνιστάμε-

2343 5132 2451 5178 νος,
2493 5115 2525 5185 ἢ
2573 5114 2660 5166 διὰ
2713 5111 2962 5181 γλώττης
2995 5108 3430 5179 προφερόμενος.
3482 5106 3581 5157 οὐκ
3615 5104 3804 5171 ἐπαφὴ
3859 5120 3947 5165 τις

2341 5207 2436 5259 καὶ
2459 5205 2680 5276 μέθεξις
2711 5201 2966 5273 αἰσθητὴ,
3006 5201 3039 5271 ἢ
3077 5201 3262 5270 νοερὰ,
3304 5197 3422 5250 ἀλλ’
3472 5196 3595 5249 οὐδὲ
3659 5196 3949 5262 φαντασία

2342 5300 2499 5362 ὅλως.
2531 5298 2623 5350 Διὸ
2652 5298 2701 5350 οί
2733 5295 2974 5362 θεολόγοι
3004 5291 3391 5362 πλησιωτὲραν
3432 5289 3572 5358 αὑτῇ
3613 5284 3818 5356 μᾶλλον
3853 5287 3945 5337 τίς

2342 5393 2546 5450 θενται.
2585 5389 2685 5457 τὴν
2731 5387 2802 5439 δι’
2850 5385 3183 5454 ἀποφάσεων
3245 5380 3594 5448 τελεωτάτην
3654 5376 3944 5443 ἀκαταληο

2338 5484 2489 5554 ψίαν,
2525 5482 2601 5544 ώς
2657 5479 2838 5533 πάντα
2863 5479 2964 5530 ὅσα
3025 5476 3195 5539 ἐστὶν,
3231 5474 3265 5544 ἢ
3311 5473 3450 5534 ὅλως
3485 5470 3730 5537 λέγεται,
3767 5468 3947 5537 ὑπερ.

2337 5574 2536 5645 οχικῶς
2563 5570 2998 5641 ἀφαιρουμένην’
3025 5567 3118 5620 καὶ
3139 5567 3344 5631 τοίνυν,
3370 5563 3481 5628 οὐδ’
3513 5560 3707 5616 οὐσίαν
3735 5561 3939 5630 αὐτὴν,

2339 5667 2373 5738 ἢ
2409 5666 2592 5734 φύσιν,
2622 5662 2894 5732 ὀνομάσαι
2923 5660 3165 5727 θεμιτὸν,
3199 5655 3542 5726 ὀνομάζοντα
3567 5653 3808 5724 κυρίως,
3847 5652 3945 5704 ὅα-

2338 5776 2423 5822 τις
2450 5759 2588 5827 ὑπὲρ
2611 5757 2797 5809 πᾶσαν
2815 5755 3076 5824 ἀλήθειαν
3097 5751 3362 5821 ἀληθείας
3381 5746 3740 5817 ἐπιγνώμων.
3780 5745 3946 5797 Ἐπεὶ

2338 5853 2381 5905 δ’
2413 5849 2566 5911 αὖθις
2595 5849 2815 5902 πάντων
2848 5847 2996 5901 ἐστὶν
3019 5845 3188 5907 αἰτία,
3227 5844 3322 5897 καὶ
3352 5843 3480 5910 περὶ
3516 5840 3688 5907 αὐτὴν
3732 5839 3942 5900 πάντα,

2347 4933 2495 4984 ὲστιν
2533 4930 2706 4997 αὐτῆς
2745 4928 2890 4980 κατὰ
2913 4926 3005 4979 τὸν
3035 4924 3132 4979 νῦν
3181 4923 3379 4986 αἰῶνα,
3415 4922 3448 4992 ἢ
3481 4920 3625 4973 κατὰ
3669 4919 3764 4971 τὸν
3805 4918 3947 4986 μέλ·
4033 4929 4036 4932 ’
