4224 6464
266 412 405 474 1107

324 511 449 582 ρια’.
493 513 610 564 Ἔτι
642 514 700 564 τό
743 530 886 574 τινος
941 514 1190 582 μετέχειν
1217 521 1336 566 κατ’
1385 514 1595 576 οὐσίαν,
1647 512 1829 582 κοινὴν
1858 520 1901 574 Α

245 607 464 674 ἀνάγκη
499 607 638 673 μετά
672 606 762 658 τοῦ
805 607 1170 674 μετεχομένου
1195 606 1293 675 τὴν
1322 605 1512 658 οὐσίαν
1541 605 1704 674 ἔχειν,
1738 606 1829 657 καὶ

246 699 393 748 κατᾶ
422 714 473 749 τι
501 699 600 766 τὴν
627 697 817 766 αὑτήν.
853 698 947 760 Τίς
978 693 1072 750 οὖν
1097 699 1215 750 ποτ’
1245 699 1444 768 ἢκουσε
1505 697 1634 765 μίαν
1685 689 1826 747 εἶναι

250 789 347 840 τοῦ
377 789 511 840 Θεοῦ
571 791 663 840 καὶ
690 789 844 856 ἡμῶν
899 791 1038 842 κατά
1065 807 1115 841 τι
1149 791 1247 860 τὴν
1275 789 1500 852 οὖσίανς
1532 788 1625 840 καὶ
1658 787 1827 840 ταῦτα

253 882 350 932 τοῦ
387 881 626 947 μεγάλου
660 881 938 933 Βασιλείου
970 883 1218 948 λέγοντος
1247 898 1259 911 ·
1314 883 1378 933 Ai
1412 881 1510 949 μὲν
1555 881 1828 949 ἐνέργειαι

251 973 347 1023 τοῦ
373 972 508 1024 Θεοῦ
541 971 676 1038 πρὸς
708 973 850 1041 ἡμᾶς
882 973 1317 1034 καταϐαίνουσιν,
1345 973 1450 1042 ἡδὲ
1475 971 1634 1025 οὐσία
1667 971 1830 1024 αὐτοῦ

256 1069 414 1133 μένει
444 1065 738 1134 ἀπρόσιτος
761 1080 774 1094 ·
808 1067 902 1118 καὶ
929 1065 1022 1118 τοῦ
1054 1067 1198 1119 θείου
1221 1066 1472 1134 Μαξίμου
1497 1065 1796 1135 φάσκοντος
1815 1080 1829 1094 ⁸

250 1157 462 1218 Πάντα,
510 1157 607 1208 ὅσα
635 1158 662 1208 6
681 1156 838 1218 Θεὸς,
872 1157 964 1208 καὶ
994 1159 1021 1208 6
1049 1157 1137 1209 διὰ
1160 1157 1259 1225 τῆς
1287 1156 1509 1226 χάριτος
1557 1155 1833 1225 τεθεωμέ-

240 1276 336 1321 νος
378 1257 551 1318 ἔσται,
589 1260 758 1327 χωρ“ις
811 1258 912 1325 τῆς
944 1260 1063 1312 κατ’
1113 1259 1302 1312 οὐσίαν
1327 1276 1674 1330 τσυτοτητος.
1713 1265 1827 1317 Οὐκ

243 1354 355 1421 ἄρα
410 1351 510 1419 τῆς
544 1351 692 1412 θείας
745 1351 930 1412 οὐσίας
967 1351 1140 1404 ἔνεστι
1191 1353 1457 1421 μετέχειν,
1488 1355 1598 1407 οὐδ’
1634 1356 1829 1418 αὐτοὺς

244 1445 374 1505 τοὺς
409 1443 497 1495 διὰ
542 1444 641 1513 τῆς
674 1443 825 1507 Θείας
887 1444 1108 1514 χάριτος
1153 1444 1562 1512 τεθεωμένουςο
1607 1447 1719 1517 Tr};
1773 1449 1827 1500 δὲ

247 1536 401 1597 θείας
429 1534 708 1604 ἐνεργείας
741 1535 915 1588 ἔνεστι
964 1537 1234 1605 μετέχειν.
1282 1538 1374 1598 El;
1406 1537 1562 1590 τοῦτο
1616 1541 1722 1609 γάρ
1764 1555 1830 1608 με

247 1631 412 1698 φέρει
443 1629 502 1680 τὸ
531 1630 749 1704 μέτριον
777 1629 1008 1682 ἐνταίθα
1037 1630 1236 1698 φέγγος
1255 1630 1355 1699 τῆς
1386 1630 1662 1700 ἀληθείας,
1691 1631 1832 1700 λαμ-

248 1722 500 1790 πρὸτητα
526 1721 660 1773 Θεοῦ
702 1721 831 1774 ἰδεῖν
876 1724 970 1774 καὶ
1007 1722 1216 1786 παθεῖν,
1275 1725 1440 1792 φησὶν
1493 1727 1520 1775 ὁ
1570 1723 1829 1790 Θεολόγος

245 1814 552 1884 Γρηγόριος
582 1830 593 1844 ·
625 1815 717 1865 καὶ
760 1815 791 1881 ὴ
843 1814 1161 1883 λαμπρότης
1228 1815 1320 1867 τοῦ
1365 1813 1500 1866 Θεοῦ
1562 1814 1718 1883 ἡμῶν
1747 1815 1829 1882 ἐφ’
1865 1858 1910 1916 Β

243 1907 398 1974 ἡμᾶς
427 1907 567 1957 κατὰ
597 1906 685 1956 τὸν
717 1904 1009 1972 ψαλμῳδδν
1040 1906 1329 1974 προφήτην
1353 1921 1366 1935 ⁸
1401 1906 1493 1958 καὶ
1528 1907 1660 1975 μίαν
1692 1902 1831 1959 εἶναι

248 1997 347 2050 τοῦ
387 1996 524 2050 Θεοῦ
556 1999 651 2049 καὶ
693 1997 800 2048 τῶν
832 1997 1003 2062 ἁγίων
1066 1999 1163 2065 τὴν
1206 1998 1511 2066 ἐνέργειαν,
1549 1998 1576 2049 6
1626 1997 1835 2061 τούτοις

246 2088 568 2158 ἐναρίθμιος
615 2087 863 2157 Μάξιμος
911 2089 1111 2157 γράφει
1149 2088 1465 2159 διαρρήδην,
1502 2090 1594 2142 καὶ
1653 2089 1830 2154 ζώσας

245 2183 466 2243 εἰκόνας
499 2177 644 2232 εἶναι
702 2179 924 2241 τούτους
949 2179 1223 2250 Χριστοῦ,
1283 2181 1377 2233 καὶ
1429 2181 1594 2234 ταυτὸ
1639 2181 1837 2252 μᾶλλον

247 2273 403 2342 αὐτῷ
431 2273 576 2326 κατά
612 2272 708 2341 τὴν
744 2272 924 2341 χάριν,
960 2271 991 2336 ἢ
1023 2272 1376 2341 ἀφομοίωμα.

325 2368 450 2437 ριβ’.
497 2367 554 2420 ’0
609 2366 741 2429 Θεὸς
769 2366 930 2427 αὐτός
987 2365 1136 2418 ἐστιν
1184 2367 1242 2418 ἐν
1289 2363 1487 2434 ἐαυτῷ,
1529 2365 1639 2418 τῶν
1663 2364 1835 2435 τριῶν

249 2461 416 2512 θείων
464 2457 818 2512 ὑποστάσεων
876 2456 1140 2525 φυσικῶς,
1200 2457 1416 2522 ὑλικῶς,
1476 2458 1679 2521 ἀῖδίως,
1743 2457 1836 2508 καὶ

247 2551 680 2618 ἁνεκφοιτήτως,
716 2549 832 2618 ἅμα
855 2549 907 2600 δὲ
938 2549 1030 2601 καὶ
1058 2547 1334 2617 ἀφύρτως,
1371 2550 1465 2600 καὶ
1512 2547 1834 2615 ἁσυγχύτως

249 2641 530 2710 ἐχομένων
569 2640 835 2709 ἀλλήλων,
882 2639 1422 2710 καὶπεριχωρουσῶν
1474 2639 1550 2700 εἱς
1579 2639 1834 2708 ἀλλήλας,

247 2735 324 2796 ὼς
368 2734 497 2803 μίαν
544 2727 682 2784 εἶναι
717 2732 922 2784 τούτων
950 2734 1041 2784 καὶ
1078 2731 1175 2801 τὴν
1202 2732 1505 2801 ἐνέργειαν.
1536 2733 1714 2800 Ὅπερ
1749 2713 1837 2783 ἐπ’

248 2824 466 2886 οὐδενὸς
492 2823 556 2876 ἄν
602 2840 685 2885 τις
716 2821 866 2891 εὖροι
894 2822 999 2874 τῶν
1041 2821 1298 2874 κτιστῶν.
1334 2822 1557 2890 (Ὁμοία
1600 2823 1696 2891 μὲν
1731 2823 1839 2889 γὰρ

249 2917 309 2966 ἐν
348 2917 460 2978 τοῖς
498 2915 840 2984 ὁμογενέσιν,
877 2915 990 2968 ἀλλ’
1040 2915 1275 2985 ἑκάστης
1307 2915 1662 2977 ὑποστάσεως
1717 2914 1838 2967 καθ’

251 3007 456 3076 ἑαυτὴν
490 3005 841 3076 ἐνεργούσης,
899 3007 1002 3057 ἰδία
1035 3009 1126 3058 καὶ
1155 3010 1187 3076 ἡ
1228 3007 1524 3075 ἐνέργεια.)
1579 3005 1692 3057 Οὐκ
1723 3004 1834 3072 ἔχει

247 3093 304 3144 δὲ
330 3092 504 3154 οὕτως
538 3095 633 3145 ἐπὶ
660 3093 767 3144 τῶν
796 3093 962 3162 τριῶν
991 3093 1215 3147 ἐκείνων
1269 3094 1429 3147 θείων
1461 3096 1553 3147 καὶ
1596 3111 1835 3164 προσκυ-

1171 407 1437 465 (ἶΑΡΙΤΑ
1481 398 1832 466 ΡΞΙῩΞΙΟΑ,
1872 395 2390 462 THEOLOGICA,
2435 395 2593 454 ETC.

3381 393 3515 457 1198

2007 510 2126 563 ΙΙΙ.
2160 510 2400 579 Insuper,
2437 510 2579 579 quod
2615 509 2902 579 participat
2953 507 3155 578 aliquid
3218 512 3514 563 secundum

1936 603 2249 667 essentiam,
2280 617 2629 656 communem
2681 602 2880 658 habere
2911 603 3070 657 debet
3124 617 3246 657 cum
3301 602 3520 670 partici-

1938 703 2062 762 pato
2115 694 2438 754 essentiam,
2497 705 2548 746 et
2609 693 3008 762 quodammodo
3054 695 3326 750 eamdem.
3388 693 3520 759 Quis

1938 797 2116 840 autem
2177 803 2415 855 unquam
2471 787 2678 841 audivit
2727 802 2889 840 unam
2916 801 3036 842 esse
3089 787 3198 842 Deo
3249 795 3305 842 et
3361 787 3518 840 nobis

1936 880 2339 947 quodammodo
2394 880 2685 932 essentiam
2717 881 2887 933 Ycum
2929 879 3228 948 praesertim
3289 894 3547 948 magnus-

1936 971 2080 1025 dicat
2112 969 2391 1024 Basilius:
2432 989 2449 1020 ι
2484 972 2838 1040 Operationes
2884 973 3102 1039 quidem
3151 969 3245 1026 Dei
3291 973 3356 1023 ad
3421 985 3518 1023 nos

1936 1062 2294 1126 descendunt,
2330 1063 2565 1117 essentia
2621 1077 2755 1117 vero
2783 1062 2901 1132 ejus
2929 1063 3410 1117 manetinaccessa
3445 1081 3464 1113 I
3502 1078 3516 1127 ;

1936 1163 1988 1208 et
2049 1154 2203 1207 divus
2262 1153 2568 1209 Maximus:
2609 1173 2626 1206 ι
2668 1154 2843 1209 Omne
2895 1155 3153 1222 quidquid
3213 1154 3376 1222 Deus,
3416 1153 3521 1207 erit

1937 1247 2048 1313 ipse
2071 1246 2243 1314 gratia
2275 1242 2560 1299 deiﬁcatus
2585 1253 2783 1313 preter
2804 1245 3063 1300 essentia:
3090 1243 3455 1297 identitatem.
3496 1259 3513 1290 ι

1936 1336 2051 1391 Νοη
2108 1337 2274 1406 igitur
2324 1337 2560 1389 divinam
2602 1338 2896 1391 essentiam
2953 1338 3114 1390 datur
3169 1335 3515 1404 participare,

1937 1447 2002 1484 ne
2043 1432 2173 1499 ipsis
2202 1431 2417 1499 quidem
2466 1430 2648 1482 divina
2705 1430 2878 1499 gratia
2917 1430 3201 1484 deillcatis.
3253 1428 3500 1482 Divinam

1936 1537 2062 1577 vero
2103 1523 2396 1576 essentiam
2436 1521 2563 1575 licet
2621 1524 2987 1592 participare:
3029 1540 3046 1572 ι
3093 1521 3159 1574 ad
3215 1520 3321 1575 hoc
3369 1521 3515 1574 enim

1936 1631 2020 1668 me
2043 1629 2186 1668 nunc
2214 1616 2362 1669 ducit
2394 1617 2636 1670 veritatis
2665 1616 2852 1682 iubar.
2881 1625 2933 1668 ut
2973 1616 3146 1670 lucem
3180 1615 3275 1669 Dei
3311 1615 3518 1668 videam

1936 1719 1988 1760 et
2036 1707 2302 1775 experiar,
2344 1709 2421 1762 ait
2469 1709 2766 1778 Gregorius
2800 1709 3129 1779 Theologus,
3178 1727 3196 1759 ι
3229 1706 3294 1760 Et
3336 1706 3516 1760 lumen

1941 1799 2029 1853 Dei
2065 1815 2230 1869 super
2267 1817 2385 1863 nos,
2422 1801 2574 1871 juxta
2621 1800 2966 1854 Psalmistam
3006 1800 3347 1870 prophetam.
3385 1815 3403 1848 ι
3449 1798 3516 1850 Ει

1941 1907 2101 1943 unam
2136 1907 2254 1945 esse
2276 1891 2368 1945 Dei
2397 1903 2447 1946 et
2479 1902 2792 1947 sanctorum
2820 1895 3208 1960 operationem,
3237 1890 3512 1944 ascriben-

1940 1983 2048 2035 dus
2104 1983 2168 2036 ad
2210 1984 2307 2035 hos
2361 1981 2628 2036 Maximus
2678 1982 2889 2051 precise
2944 1981 3152 2046 scribit,
3182 1981 3367 2035 ethos
3398 1995 3517 2035 esse

1938 2075 2087 2127 vivas
2118 2073 2375 2142 imagines
2402 2073 2628 2134 Christi,
2662 2083 2716 2126 et
2749 2073 2888 2128 idem
2932 2073 3111 2141 potius
3139 2086 3259 2126 cum
3296 2084 3362 2125 eo
3396 2085 3517 2124 esse

1941 2181 2033 2234 per
2063 2169 2249 2238 gratia:
2285 2167 2757 2220 assimilationem.

2014 2345 2134 2397 112.
2165 2343 2304 2396 Deus
2339 2354 2419 2397 est
2454 2344 2584 2414 lipse
2631 2344 2685 2397 in
2738 2343 2934 2412 seipso,
2971 2343 3095 2412 quia
3132 2354 3243 2397 tres
3275 2357 3519 2412 persona:

1942 2451 2215 2506 nunquam
2251 2453 2277 2488 a
2314 2452 2372 2490 se
2406 2437 2636 2489 invicem
2672 2445 2958 2500 exeuntes,
3005 2435 3327 2489 naturaliter
3380 2436 3508 2488 inte-

1940 2545 2032 2601 gre
2077 2540 2132 2585 et
2180 2540 2402 2594 aaterne,
2447 2530 2563 2584 sine
2616 2529 2719 2582 ulla
2785 2538 2964 2583 tamen
3018 2529 3404 2584 commistione
3455 2546 3517 2582 ac

1940 2623 2253 2678 confusione
2283 2639 2340 2676 se
2381 2622 2609 2676 invicem
2656 2631 3084 2690 compenetrant,
3120 2624 3191 2675 ita
3244 2633 3301 2675 ιιι
3351 2638 3512 2675 unam

1944 2717 2174 2769 habeant
2214 2718 2602 2783 operationem.
2651 2715 2805 2780 Quod
2864 2716 2913 2768 in
2954 2715 3098 2768 nulla
3136 2726 3512 2769 creaturarum

1943 2810 2176 2877 reperiri
2199 2819 2394 2878 potest.
2416 2807 2548 2860 Nam
2573 2809 2766 2861 similis
2786 2808 3001 2876 quidem
3026 2809 3079 2862 in
3104 2811 3516 2877 congenerihus.

1944 2911 1996 2955 at
2044 2903 2168 2969 quia
2220 2916 2497 2968 unumque
2553 2901 2888 2969 suppositum
2930 2915 3082 2954 more
3132 2901 3231 2954 sibi
3279 2916 3520 2970 congruo

1945 2994 2072 3063 agit,
2099 2994 2318 3063 propria
2355 2993 2515 3047 simul
2568 2995 2705 3046 inest
2754 2994 3020 3062 operatio.
3053 2993 3166 3045 Non
3207 2994 3333 3046 item
3389 3009 3519 3046 vero

1944 3087 2010 3137 de
2047 3087 2221 3140 tribus
2276 3086 2381 3140 illis
2446 3084 2646 3139 divinis
2707 3086 3113 3153 adorandisque
3153 3087 3426 3152 personis,
3466 3084 3516 3137 in

250 3181 431 3250 νητῶν
467 3182 842 3234 ύποστάσεωνο
878 3181 953 3244 ὡς
1003 3181 1217 3250 ἀληθῶς
1248 3183 1355 3251 γὰρ
1390 3183 1486 3250 μία
1539 3184 1653 3234 ἐκεῖ
1684 3181 1776 3234 καὶ
1807 3183 1837 3250 ἡ

1949 3180 2141 3246 quibus
2173 3194 2272 3230 una
2313 3191 2366 3231 et
2403 3182 2589 3232 eadem
2639 3179 2882 3246 Operatio
2912 3187 3032 3231 est:
3074 3194 3213 3232 unus
3255 3180 3398 3231 enim
3437 3187 3518 3230 est

249 3275 392 3342 αὖτὴ
425 3274 540 3324 ἐστι
575 3289 588 3303 ο
626 3272 724 3341 μία
749 3273 857 3344 γὰρ
887 3277 918 3342 ὴ
944 3273 1034 3326 τοῦ
1059 3274 1206 3326 θείου
1238 3274 1574 3343 βουλήματος
1604 3275 1837 3342 κίνησις,

251 3370 314 3417 ἐκ
346 3364 793 3434 προκαταρτικοῦ
833 3364 1007 3417 αἰτίου
1033 3365 1124 3417 τοῦ
1160 3365 1371 3435 Πατρὸς
1403 3366 1721 3433 ὁρμωμένη,
1746 3364 1839 3416 καὶ

249 3458 339 3509 διὰ
383 3456 478 3507 τοῦ
518 3455 647 3507 Υἱοῦ
703 3456 988 3525 προϊοῦσα,
1021 3457 1113 3507 καὶ
1147 3458 1203 3507 ὲν
1259 3456 1335 3525 τῷ
1389 3455 1527 3524 ἁγίῳ
1565 3456 1839 3522 Πνεύματι

253 3547 692 3617 προφαινομένη.
726 3549 832 3600 Καὶ
866 3548 1022 3599 τοῦτο
1052 3548 1208 3614 δῆλον
1237 3550 1298 3600 ἐκ
1324 3549 1429 3600 τῶν
1463 3546 1839 3614 ἀποτελεσμά-

250 3660 364 3695 των
382 3660 396 3672 ·
423 3641 672 3693 ἐντεῦθεν
699 3641 805 3709 γὰρ
833 3643 980 3694 πᾶσα
1010 3641 1215 3710 φυσικὴ
1238 3641 1490 3708 ἐνέργεια
1521 3638 1840 3691 καθίσταται

255 3733 564 3801 γνώριμος.
595 3732 704 3784 Καὶ
727 3733 907 3784 τοίνυν
935 3734 1030 3801 οὐχ
1062 3732 1252 3802 ῶσπερ
1274 3733 1434 3800 ὁμοία
1469 3732 1587 3801 μὲν,
1622 3731 1753 3799 ἄλλη
1785 3731 1839 3781 δὲ

256 3828 387 3899 παρ’
412 3828 579 3895 ἄλλης
595 3825 860 3894 χελιδόνος
883 3825 1182 3877 ὲκτελεῖται
1211 3824 1373 3876 κα).ιά
1391 3840 1403 3851 ·
1431 3824 1521 3875 καὶ
1545 3823 1680 3890 ἄλλη
1708 3824 1835 3888 παρ’

254 3918 421 3972 ἄλλου
457 3916 713 3986 γραφέως
740 3917 1156 3986 καταγράφεται
1189 3915 1354 3976 σελὶς,
1396 3912 1495 3966 κᾶν
1518 3915 1580 3964 ἐκ
1610 3913 1716 3964 τῶν
1749 3914 1836 3964 αὑ·

255 4011 367 4063 τῶν
397 4009 679 4078 στοιχείων
719 4006 774 4081 ᾖ,
831 4008 974 4060 οὕτω
1003 4011 1097 4061 καὶ
1145 4010 1234 4059 ἐπὶ
1275 4006 1507 4075 Πατρὸς,
1548 4006 1642 4057 καὶ¹
1685 4005 1836 4064 Υίοῦ,

257 4103 351 4154 καὶ
397 4101 559 4168 ἁγίου
611 4100 946 4168 Πνεύματος,
996 4100 1124 4151 ῖδιον
1161 4098 1506 4165 ἀποτέλεσμα
1538 4096 1667 4165 παρ’
1710 4095 1838 4148 ὲκάο

259 4211 392 4262 στης
419 4194 615 4261 ὁρᾶται
649 4191 757 4242 τῶν
805 4191 1155 4243 ὑποστάσεων
1183 4206 1195 4218 ·
1225 4188 1360 4242 ἀλλά
1390 4189 1540 4242 πᾶσα
1567 4188 1597 4256 ή
1644 4186 1839 4247 κτίσις,

257 4287 368 4338 τῶν
401 4285 569 4353 τριῶν
591 4286 737 4335 ἐστιν
767 4283 925 4353 ἔργον
963 4283 1040 4335 ἓν.
1071 4282 1180 4333 Καὶ
1207 4282 1312 4332 ἀπὸ
1342 4279 1545 4349 ταύτης
1591 4279 1719 4345 μίαν
1750 4279 1843 4330 καὶ

258 4377 432 4444 αὐτὴν
464 4375 571 4428 τῶν
605 4375 769 4444 τριῶν
803 4372 1192 4442 προσκυνητῶν
1237 4371 1565 4439 προσώπων,
1596 4369 1709 4421 ἀλλ’
1743 4369 1841 4421 οὐκ

261 4468 714 4534 ἀποτεταγμένην
762 4465 977 4533 ἑκάστῳ
1031 4464 1124 4515 καὶ
1183 4462 1373 4530 ὁμοίαν
1408 4465 1546 4512 νοεῖν
1601 4458 1704 4512 ὑπὸ
1734 4456 1841 4510 τῶν

261 4557 524 4626 Πατέρων
556 4556 888 4626 μεμυήμεθα
923 4556 1020 4625 τὴν
1045 4556 1193 4607 θείαν
1224 4555 1518 4623 ἐνέργειαν.

334 4656 462 4720 ριγ’,
500 4650 654 4702 Ἐπεὶ
677 4651 734 4701 ὲν
761 4649 1008 4717 ἀλλήλοις
1029 4647 1347 4716 ἀσυγχύτως
1378 4664 1436 4696 τε
1465 4655 1556 4696 καὶ
1591 4645 1842 4712 ἀφύρτως

259 4745 284 4791 6
325 4738 514 4808 Πατὴρ
541 4739 634 4790 καὶ
663 4739 690 4789 6
717 4738 840 4800 Υἱὸς
880 4738 974 4789 καὶ
1029 4736 1088 4788 τὸ
1125 4736 1344 4803 Πνεῦμα
1396 4736 1455 4787 τὸ
1495 4733 1650 4801 ἅγιόν
1683 4735 1840 4796 είσιν,

258 4832 385 4884 ὃθεν
426 4829 584 4898 ῐσμεν
610 4829 739 4898 μίαν
764 4825 902 4881 εἶναι
951 4827 1156 4880 τούτων
1213 4827 1455 4897 ἀκριϐῶς
1488 4826 1585 4894 τὴν
1633 4825 1844 4885 κίνησιν

259 4925 358 4976 καὶ
384 4921 483 4991 τὴν
525 4921 828 4990 ἐνέργειαν,
866 4922 931 4989 ἢν
967 4919 1080 4988 ἔχει
1109 4921 1136 4971 6
1175 4919 1358 4988 Πατὴρ
1397 4922 1455 4971 ἐν
1493 4916 1669 4985 ἐαυτῷ
1701 4915 1844 4985 ζωὴν

259 5015 292 5083 ἢ
329 5011 582 5080 δύναμιν,
619 5012 717 5079 οὐχ
750 5009 936 5078 ἕτερον
978 5012 1091 5061 ἐστι
1148 5008 1293 5076 παρὰ
1329 5009 1418 5059 τὸν
1448 5007 1596 5069 Υίὸν,
1631 5007 1706 5068 ὼς
1747 5005 1842 5073 τὴν

259 5103 435 5171 αὐτὴν
472 5104 665 5170 ἐκείνῳ
725 5103 817 5154 καὶ
857 5100 999 5170 ζωὴν
1061 5101 1154 5151 καὶ
1181 5099 1411 5168 δύναμιν
1450 5099 1662 5166 έχοντα,
1704 5097 1845 5149 οὓτω

259 5199 327 5265 δὴ
359 5196 453 5247 καὶ
483 5195 509 5246 6
535 5195 679 5256 Υἱὸς,
704 5194 796 5246 καὶ
847 5193 908 5244 τὸ
942 5192 1163 5260 Πνεῦμα
1207 5191 1267 5243 τὸ
1309 5191 1484 5258 ἆγιον.
1515 5192 1576 5241 υἱ
1603 5189 1658 5241 δὲ
1694 5190 1842 5257 νομί-

264 5289 454 5352 ζοντες
482 5286 649 5356 μηδὲν
683 5285 962 5354 διαφέρειν
1009 5284 1104 5353 τῆς
1144 5282 1294 5346 θείας
1315 5282 1503 5345 οὐσίας
1550 5284 1648 5351 τὴν
1697 5281 1844 5333 θείαν

266 5381 574 5449 ἐνέργειαν,
608 5380 906 5448 ἐπειδήπερ
935 5379 1032 5429 οὐκ
1084 5377 1261 5439 ἄλλος,
1305 5375 1420 5430 ἀλλ’
1450 5375 1608 5438 αὐτός
1642 5376 1789 5426 ἐστιν
1814 5373 1841 5424 6

263 5472 402 5532 Θεὸς
439 5471 473 5538 ἡ
498 5471 610 5539 ζωὴ
643 5470 818 5538 ἡμῶν,
852 5470 944 5521 καὶ
998 5468 1156 5529 αὐτός
1206 5469 1353 5519 ἐστιν
1387 5470 1414 5519 6
1447 5468 1520 5536 μὴ
1561 5467 1695 5534 πρὸς
1729 5467 1845 5518 ἓτε-

268 5582 388 5632 ρον,
443 5562 578 5615 ἀλλᾶ
607 5562 728 5616 καθ’
776 5561 968 5614 ἑαυτὸν
1022 5559 1347 5629 προαιώνιος
1398 5559 1510 5628 ζωὴ
1562 5560 1845 5628 ὑπάρχων,

264 5656 552 5717 δυσσεϐεῖς
584 5655 644 5707 τέ
686 5657 792 5707 εἰσι
834 5656 930 5706 καὶ
969 5652 1240 5723 ἀμαθεῖς·
1291 5653 1524 5720 ἀμαθεῖς
1557 5650 1675 5719 μὲν,
1725 5653 1846 5704 ἐπεὶ

271 5748 441 5814 μήπω
494 5745 870 5815 ἐδιδάχθησαν,
918 5745 997 5796 ὅτι
1052 5744 1207 5810 καὶὴ
1261 5743 1520 5795 ἀνωτάτω
1553 5742 1722 5809 Τριὰς
1751 5745 1846 5812 ούχ

267 5838 484 5904 ἕτερος,
519 5835 630 5887 ἀλλ’
658 5837 816 5898 αὐτὸς
843 5840 986 5888 ἐστιν
1021 5837 1047 5886 6
1081 5834 1232 5896 Θεὸς,
1271 5835 1362 5886 καὶ
1390 5834 1543 5886 οὐδὲν
1569 5834 1845 5899 ἐμποδίζει

1944 3271 2138 3323 divina:
2166 3271 2453 3323 voluntatis
2489 3281 2694 3336 motus,
2727 3271 3043 3338 apritaario
3072 3271 3336 3339 principio
3362 3269 3519 3326 l’atre

1943 3364 2229 3428 excitatus,
2260 3374 2311 3416 et
2366 3379 2458 3431 per
2520 3363 2710 3416 Filium
2767 3365 3086 3430 procedens,
3123 3373 3174 3416 et
3216 3365 3266 3416 in
3316 3363 3516 3430 Spiritu

1944 3464 2130 3508 sancto
2186 3455 2586 3509 manifestatum
2643 3456 2706 3507 Et
2764 3456 2866 3508 hoc
2933 3465 3076 3522 patet
3128 3472 3190 3508 ex
3240 3459 3516 3525 operibus,

1943 3550 2134 3602 exinde
2172 3550 2308 3601 enim
2348 3552 2525 3601 omnis
2553 3549 2814 3601 naturalis
2845 3552 3091 3618 operatio
3120 3551 3170 3601 lit
3205 3562 3348 3602 nota.
3380 3551 3517 3619 Ergo

1946 3657 2046 3693 non
2080 3641 2215 3693 sicut
2252 3641 2444 3693 similis
2473 3642 2711 3708 quidem,
2749 3641 2840 3693 sed
2887 3641 3026 3693 alius
3061 3641 3127 3694 ab
3177 3643 3279 3693 alia
3324 3643 3515 3694 hirun-

1946 3736 2066 3787 dine
2098 3737 2378 3789 conlicitur
2409 3738 2587 3798 nidus,
2615 3748 2711 3787 nec
2759 3735 2901 3789 sicut
2936 3735 3039 3787 alia
3084 3737 3148 3786 ab
3181 3735 3284 3786 alio
3336 3737 3515 3790 setiba

1946 3826 2270 3880 describitur
2300 3827 2514 3894 pagina,
2555 3826 2768 3878 etiamsi
2822 3840 2886 3879 ex
2934 3826 3125 3878 iisdem
3161 3826 3353 3880 litteris
3389 3841 3519 3880 con-

1946 3927 2067 3981 stet,
2104 3919 2173 3969 ita
2209 3931 2263 3970 et
2294 3918 2342 3969 in
2374 3918 2532 3971 Patre
2561 3928 2611 3971 et
2637 3916 2775 3969 Filio
2806 3925 2859 3971 et
2895 3916 3098 3986 Spiritu
3151 3927 3341 3972 sancto
3392 3934 3518 3987 pru-

1948 4009 2121 4076 prium
2158 4024 2290 4073 opus
2319 4009 2384 4061 ab
2425 4023 2741 4077 unaquaque
2767 4009 2822 4061 ﬁt
2855 4023 3105 4075 persona.
3139 4010 3231 4063 sed
3261 4012 3516 4066 universa

1946 4101 2150 4155 creatio
2183 4102 2342 4154 trium
2377 4110 2458 4154 est
2512 4115 2649 4168 opus
2700 4116 2885 4153 unum.
2936 4100 3003 4154 Et
3050 4102 3242 4155 exinde
3272 4118 3433 4156 unam
3466 4115 3520 4158 et

1947 4189 2189 4241 eamdem
2224 4189 2398 4243 tribus
2426 4189 2716 4244 aderandis
2745 4192 3010 4257 personis.
3032 4201 3214 4245 etnon
3245 4195 3514 4260 propriam

1948 4281 2143 4347 cuique
2194 4291 2244 4332 et
2299 4282 2528 4334 similem
2590 4282 2830 4337 tribuere
2864 4299 2889 4336 a
2931 4283 3182 4338 Patrihus
3229 4285 3518 4341 didicimus

1948 4372 2184 4424 divinam
2221 4373 2610 4440 operationem.

2030 4643 2148 4696 115.
2171 4644 2302 4708 Quia
2339 4646 2387 4697 in
2425 4661 2481 4698 se
2514 4647 2741 4700 Invicem
2770 4647 2886 4702 sine
2935 4648 3252 4706 confusioiie
3282 4667 3345 4706 ac
3376 4668 3521 4706 com-

1955 4735 2203 4788 mistione
2234 4735 2392 4789 Pater
2420 4746 2472 4788 et
2505 4735 2672 4790 Filius
2713 4744 2767 4789 ct
2809 4736 3040 4807 Spiritus
3073 4750 3294 4794 sanctus
3341 4745 3524 4795 coexi-

1954 4837 2120 4891 stunt,
2156 4828 2296 4880 unde
2329 4828 2532 4881 scimus
2573 4843 2732 4881 unam
2762 4844 2883 4883 esse
2929 4832 3118 4883 horum
3151 4831 3390 4898 profecto
3433 4849 3521 4884 ae-

1956 4920 2155 4973 tionem
2184 4929 2236 4972 et
2269 4921 2638 4988 operationem
2667 4936 2680 4973 :
2723 4922 2841 4974 ideo
2872 4936 3036 4990 quam
3071 4922 3233 4976 habet
3277 4923 3436 4976 Pater
3470 4925 3522 4976 in

1953 5013 2131 5080 seipso
2160 5013 2325 5065 vitam
2361 5022 2450 5066 aut
2485 5015 2797 5079 potentiam,
2837 5015 2949 5069 haec
2983 5029 3090 5067 non
3123 5015 3226 5068 alia
3268 5025 3352 5069 est
3381 5018 3522 5084 apud

1953 5104 2171 5169 Filium,
2206 5106 2406 5174 quippe
2434 5106 2524 5171 qui
2559 5108 2802 5159 eamdem
2851 5121 2912 5157 ac
2945 5106 3034 5159 ille
3084 5108 3243 5160 habet
3272 5107 3436 5160 vitam
3467 5117 3519 5161 et

1954 5194 2289 5261 potentiam;
2328 5202 2382 5245 ut
2435 5202 2614 5248 autem
2656 5193 2841 5258 Filius,
2874 5197 2951 5250 sic
3006 5208 3059 5250 et.
3110 5198 3344 5264 Spiritus
3395 5215 3522 5252 sau-

1955 5298 2094 5341 ctus.
2122 5286 2222 5351 Qui
2259 5301 2387 5340 vero
2426 5288 2762 5341 arbitrantur
2795 5288 3017 5342 minime
3063 5289 3373 5342 distinctam
3405 5305 3524 5344 esse

1954 5392 1984 5430 a
2018 5378 2196 5431 divina
2250 5378 2482 5431 essentia
2531 5378 2769 5432 divinam
2820 5379 3208 5446 Operationem,
3256 5378 3382 5445 quia
3418 5396 3521 5432 non

1954 5470 2113 5532 alius.
2139 5472 2230 5524 sed
2267 5471 2379 5539 ipse
2405 5479 2488 5524 est
2523 5469 2660 5525 Deus
2693 5470 2796 5524 vita
2829 5480 3032 5535 nostra,
3069 5478 3121 5523 et
3157 5471 3272 5538 ipse
3303 5487 3406 5524 non
3444 5486 3523 5523 re-

1953 5560 2114 5615 lative
2145 5563 2209 5614 ad
2243 5561 2412 5626 aliud,
2453 5562 2544 5616 sed
2594 5562 2645 5614 in
2694 5563 2872 5630 seipse
2919 5572 3126 5615 aeterna
3158 5563 3266 5616 vita
3306 5573 3406 5621 est.
3447 5563 3522 5616 illi

1955 5662 2081 5704 sunt
2111 5652 2255 5719 impii
2287 5661 2338 5705 et
2387 5653 2555 5720 ignari
2587 5669 2601 5708 :
2639 5652 2813 5722 ignari
2841 5653 3083 5722 quidem,
3113 5667 3234 5706 cum
3285 5653 3521 5706 nondum

1954 5743 2240 5796 didicerint
2273 5759 2538 5797 summam
2586 5745 2901 5799 Trinitatem
2955 5761 3062 5800 nou
3095 5747 3282 5805 alium,
3307 5744 3399 5800 sed
3447 5745 3523 5812 ip-

1955 5851 2073 5889 sum
2129 5851 2248 5890 esse
2311 5836 2499 5903 Deum,
2537 5853 2708 5907 neque
2765 5838 2815 5892 id
2868 5849 3050 5894 tamen
3092 5839 3349 5907 impedire
3395 5838 3522 5906 quin
