  <div class='ocr_page' id='page_1' title='image "/cluster/home/n/w/nwhite01/storage/ocr_20150623/150/nnc1.0022106740/611.png"; bbox 0 0 4224 6464; ppageno 0'>
   <div class='ocr_carea' id='block_1_1' title="bbox 733 413 874 478">
    <p class='ocr_par' dir='ltr' id='par_1_1' title="bbox 733 413 874 478">
     <span class='ocr_line' id='line_1_1' title="bbox 733 413 874 478; baseline -0.021 -3"><span class='ocrx_word' id='word_1_1' title='bbox 733 413 874 478; x_wconf 81' lang='grc'><strong>1199</strong></span> 
     </span>
    </p>
   </div>
   <div class='ocr_carea' id='block_1_2' title="bbox 1997 405 2743 468">
    <p class='ocr_par' dir='ltr' id='par_1_2' title="bbox 1997 405 2743 468">
     <span class='ocr_line' id='line_1_2' title="bbox 1997 405 2743 468; baseline 0.005 -4"><span class='ocrx_word' id='word_1_2' title='bbox 1997 405 2378 465; x_wconf 77' lang='lat' dir='ltr'><strong>GREGORII</strong></span> <span class='ocrx_word' id='word_1_3' title='bbox 2420 409 2743 468; x_wconf 62' lang='lat' dir='ltr'><strong>PALAME</strong></span> 
     </span>
    </p>
   </div>
   <div class='ocr_carea' id='block_1_3' title="bbox 3843 414 3981 478">
    <p class='ocr_par' dir='ltr' id='par_1_3' title="bbox 3843 414 3981 478">
     <span class='ocr_line' id='line_1_3' title="bbox 3843 414 3981 478; baseline -0.029 0"><span class='ocrx_word' id='word_1_4' title='bbox 3843 414 3981 478; x_wconf 76' lang='lat'><strong>1200</strong></span> 
     </span>
    </p>
   </div>
   <div class='ocr_carea' id='block_1_4' title="bbox 729 516 2319 593">
    <p class='ocr_par' dir='ltr' id='par_1_4' title="bbox 729 516 2296 585">
     <span class='ocr_line' id='line_1_4' title="bbox 729 516 2296 585; baseline -0.004 -9"><span class='ocrx_word' id='word_1_5' title='bbox 729 524 983 577; x_wconf 85' lang='lat' dir='ltr'><strong>distincta</strong></span> <span class='ocrx_word' id='word_1_6' title='bbox 1039 521 1109 573; x_wconf 90' lang='lat' dir='ltr'><strong>sit</strong></span> <span class='ocrx_word' id='word_1_7' title='bbox 1145 535 1172 572; x_wconf 88' lang='lat' dir='ltr'><strong>a</strong></span> <span class='ocrx_word' id='word_1_8' title='bbox 1213 517 1478 574; x_wconf 86' lang='lat' dir='ltr'><strong>Trinitate</strong></span> <span class='ocrx_word' id='word_1_9' title='bbox 1532 517 1758 582; x_wconf 81' lang='lat' dir='ltr'><strong>unitas;</strong></span> <span class='ocrx_word' id='word_1_10' title='bbox 1796 516 1942 585; x_wconf 79' lang='lat' dir='ltr'><strong>impii</strong></span> <span class='ocrx_word' id='word_1_11' title='bbox 1985 531 2132 582; x_wconf 89' lang='lat' dir='ltr'><strong>vero,</strong></span> <span class='ocrx_word' id='word_1_12' title='bbox 2172 519 2296 585; x_wconf 82' lang='lat' dir='ltr'><strong>quia</strong></span> 
     </span>
    </p>
   </div>
   <div class='ocr_carea' id='block_1_5' title="bbox 2404 516 3990 593">
    <p class='ocr_par' dir='ltr' id='par_1_5' title="bbox 2422 517 3990 593">
     <span class='ocr_line' id='line_1_5' title="bbox 2422 517 3990 593; baseline 0.001 -24"><span class='ocrx_word' id='word_1_13' title='bbox 2422 517 2559 588; x_wconf 73' lang='grc' dir='ltr'>πρὸς</span> <span class='ocrx_word' id='word_1_14' title='bbox 2613 519 2789 583; x_wconf 89' lang='grc' dir='ltr'>τοῦτο,</span> <span class='ocrx_word' id='word_1_15' title='bbox 2839 519 2974 588; x_wconf 82' lang='grc' dir='ltr'>πρὸς</span> <span class='ocrx_word' id='word_1_16' title='bbox 3032 522 3092 572; x_wconf 74' lang='grc' dir='ltr'>τὸ</span> <span class='ocrx_word' id='word_1_17' title='bbox 3135 521 3410 593; x_wconf 76' lang='grc' dir='ltr'><strong>διαφέρειν</strong></span> <span class='ocrx_word' id='word_1_18' title='bbox 3462 520 3562 590; x_wconf 81' lang='grc' dir='ltr'><strong>τῆς</strong></span> <span class='ocrx_word' id='word_1_19' title='bbox 3614 522 3845 591; x_wconf 87' lang='grc' dir='ltr'>Τριάδος</span> <span class='ocrx_word' id='word_1_20' title='bbox 3889 526 3990 590; x_wconf 76' lang='grc' dir='ltr'><strong>τὴν</strong></span> 
     </span>
    </p>
   </div>
   <div class='ocr_carea' id='block_1_6' title="bbox 727 609 2308 675">
    <p class='ocr_par' dir='ltr' id='par_1_6' title="bbox 727 609 2308 675">
     <span class='ocr_line' id='line_1_6' title="bbox 727 609 2308 675; baseline -0.004 -7"><span class='ocrx_word' id='word_1_21' title='bbox 727 615 986 668; x_wconf 88' lang='lat' dir='ltr'><strong>alterutra</strong></span> <span class='ocrx_word' id='word_1_22' title='bbox 1025 613 1246 665; x_wconf 75' lang='lat' dir='ltr'><strong>alteram</strong></span> <span class='ocrx_word' id='word_1_23' title='bbox 1287 612 1572 664; x_wconf 89' lang='lat' dir='ltr'><strong>destruunt</strong></span> <span class='ocrx_word' id='word_1_24' title='bbox 1617 609 1906 662; x_wconf 74' lang='lat' dir='ltr'><strong>essentiam</strong></span> <span class='ocrx_word' id='word_1_25' title='bbox 1941 620 1996 662; x_wconf 92' lang='lat' dir='ltr'><strong>et</strong></span> <span class='ocrx_word' id='word_1_26' title='bbox 2028 612 2308 675; x_wconf 70' lang='lat' dir='ltr'><strong>operatio-</strong></span> 
     </span>
    </p>
   </div>
   <div class='ocr_carea' id='block_1_7' title="bbox 728 700 2305 770">
    <p class='ocr_par' dir='ltr' id='par_1_7' title="bbox 728 700 2305 770">
     <span class='ocr_line' id='line_1_7' title="bbox 728 700 2305 770; baseline -0.003 -13"><span class='ocrx_word' id='word_1_27' title='bbox 728 721 868 759; x_wconf 87' lang='lat' dir='ltr'><strong>nem.</strong></span> <span class='ocrx_word' id='word_1_28' title='bbox 903 704 1034 757; x_wconf 85' lang='lat' dir='ltr'><strong>Nam</strong></span> <span class='ocrx_word' id='word_1_29' title='bbox 1083 702 1220 770; x_wconf 90' lang='lat' dir='ltr'><strong>quod</strong></span> <span class='ocrx_word' id='word_1_30' title='bbox 1265 712 1346 756; x_wconf 83' lang='lat' dir='ltr'><strong>est</strong></span> <span class='ocrx_word' id='word_1_31' title='bbox 1384 701 1450 755; x_wconf 89' lang='lat' dir='ltr'><strong>ad</strong></span> <span class='ocrx_word' id='word_1_32' title='bbox 1499 700 1662 764; x_wconf 83' lang='lat' dir='ltr'><strong>aliud,</strong></span> <span class='ocrx_word' id='word_1_33' title='bbox 1709 715 1812 753; x_wconf 94' lang='lat' dir='ltr'><strong>non</strong></span> <span class='ocrx_word' id='word_1_34' title='bbox 1873 701 2174 754; x_wconf 74' lang='lat' dir='ltr'><strong>substantia</strong></span> <span class='ocrx_word' id='word_1_35' title='bbox 2204 718 2222 765; x_wconf 85' lang='lat'><strong><em>;</em></strong></span> <span class='ocrx_word' id='word_1_36' title='bbox 2250 708 2305 754; x_wconf 90' lang='lat' dir='ltr'><strong>et</strong></span> 
     </span>
    </p>
   </div>
   <div class='ocr_carea' id='block_1_8' title="bbox 723 787 2307 864">
    <p class='ocr_par' dir='ltr' id='par_1_8' title="bbox 723 787 2307 864">
     <span class='ocr_line' id='line_1_8' title="bbox 723 787 2307 864; baseline 0.001 -21"><span class='ocrx_word' id='word_1_37' title='bbox 723 796 865 864; x_wconf 83' lang='lat' dir='ltr'><strong>quod</strong></span> <span class='ocrx_word' id='word_1_38' title='bbox 914 797 964 846; x_wconf 83' lang='lat' dir='ltr'><strong>in</strong></span> <span class='ocrx_word' id='word_1_39' title='bbox 998 794 1176 859; x_wconf 80' lang='lat' dir='ltr'><strong>seipso</strong></span> <span class='ocrx_word' id='word_1_40' title='bbox 1203 793 1471 854; x_wconf 83' lang='lat' dir='ltr'><strong>subsistit,</strong></span> <span class='ocrx_word' id='word_1_41' title='bbox 1496 790 1562 844; x_wconf 90' lang='lat' dir='ltr'><strong>ad</strong></span> <span class='ocrx_word' id='word_1_42' title='bbox 1593 791 1736 843; x_wconf 88' lang='lat' dir='ltr'><strong>aliud</strong></span> <span class='ocrx_word' id='word_1_43' title='bbox 1776 804 1882 843; x_wconf 92' lang='lat' dir='ltr'><strong>non</strong></span> <span class='ocrx_word' id='word_1_44' title='bbox 1927 801 2030 845; x_wconf 85' lang='lat' dir='ltr'><strong>est.</strong></span> <span class='ocrx_word' id='word_1_45' title='bbox 2071 787 2127 842; x_wconf 85' lang='lat' dir='ltr'><strong>Si</strong></span> <span class='ocrx_word' id='word_1_46' title='bbox 2178 803 2307 859; x_wconf 83' lang='lat' dir='ltr'><strong>ergo</strong></span> 
     </span>
    </p>
   </div>
   <div class='ocr_carea' id='block_1_9' title="bbox 729 882 2304 946">
    <p class='ocr_par' dir='ltr' id='par_1_9' title="bbox 729 882 2304 946">
     <span class='ocr_line' id='line_1_9' title="bbox 729 882 2304 946; baseline -0.003 -6"><span class='ocrx_word' id='word_1_47' title='bbox 729 889 828 942; x_wconf 64' lang='lat' dir='ltr'><strong>illa:</strong></span> <span class='ocrx_word' id='word_1_48' title='bbox 870 888 1004 940; x_wconf 91' lang='lat' dir='ltr'><strong>nihil</strong></span> <span class='ocrx_word' id='word_1_49' title='bbox 1055 902 1082 938; x_wconf 91' lang='lat' dir='ltr'><strong>a</strong></span> <span class='ocrx_word' id='word_1_50' title='bbox 1122 901 1180 939; x_wconf 84' lang='lat' dir='ltr'><strong>se</strong></span> <span class='ocrx_word' id='word_1_51' title='bbox 1219 886 1444 938; x_wconf 80' lang='lat' dir='ltr'><strong>invicem</strong></span> <span class='ocrx_word' id='word_1_52' title='bbox 1500 884 1766 937; x_wconf 79' lang='lat' dir='ltr'><strong>distincta:</strong></span> <span class='ocrx_word' id='word_1_53' title='bbox 1797 884 1932 946; x_wconf 83' lang='lat' dir='ltr'><strong>sint,</strong></span> <span class='ocrx_word' id='word_1_54' title='bbox 1962 899 2019 936; x_wconf 87' lang='lat' dir='ltr'><strong>se</strong></span> <span class='ocrx_word' id='word_1_55' title='bbox 2071 882 2304 936; x_wconf 81' lang='lat' dir='ltr'><strong>invicem</strong></span> 
     </span>
    </p>
   </div>
   <div class='ocr_carea' id='block_1_10' title="bbox 726 975 2302 1048">
    <p class='ocr_par' dir='ltr' id='par_1_10' title="bbox 726 975 2302 1048">
     <span class='ocr_line' id='line_1_10' title="bbox 726 975 2302 1048; baseline -0.001 -20"><span class='ocrx_word' id='word_1_56' title='bbox 726 980 1020 1048; x_wconf 78' lang='lat' dir='ltr'><strong>perimunt,</strong></span> <span class='ocrx_word' id='word_1_57' title='bbox 1053 979 1135 1030; x_wconf 76' lang='lat' dir='ltr'><strong>vel</strong></span> <span class='ocrx_word' id='word_1_58' title='bbox 1177 977 1356 1046; x_wconf 78' lang='lat' dir='ltr'><strong>potius</strong></span> <span class='ocrx_word' id='word_1_59' title='bbox 1387 989 1481 1029; x_wconf 87' lang='lat' dir='ltr'><strong>eos</strong></span> <span class='ocrx_word' id='word_1_60' title='bbox 1530 975 1620 1044; x_wconf 91' lang='lat' dir='ltr'><strong>qui</strong></span> <span class='ocrx_word' id='word_1_61' title='bbox 1671 984 1867 1039; x_wconf 81' lang='lat' dir='ltr'><strong>negant</strong></span> <span class='ocrx_word' id='word_1_62' title='bbox 1897 975 2038 1043; x_wconf 91' lang='lat' dir='ltr'><strong>ipsas</strong></span> <span class='ocrx_word' id='word_1_63' title='bbox 2067 987 2191 1029; x_wconf 77' lang='lat' dir='ltr'><strong>esse</strong></span> <span class='ocrx_word' id='word_1_64' title='bbox 2220 975 2302 1026; x_wconf 84' lang='lat' dir='ltr'><strong>di-</strong></span> 
     </span>
    </p>
   </div>
   <div class='ocr_carea' id='block_1_11' title="bbox 725 1066 1849 1139">
    <p class='ocr_par' dir='ltr' id='par_1_11' title="bbox 725 1066 1849 1139">
     <span class='ocr_line' id='line_1_11' title="bbox 725 1066 1849 1139; baseline -0.007 -14"><span class='ocrx_word' id='word_1_65' title='bbox 725 1074 978 1134; x_wconf 83' lang='lat' dir='ltr'><strong>stinctas,</strong></span> <span class='ocrx_word' id='word_1_66' title='bbox 1002 1086 1064 1122; x_wconf 78' lang='lat' dir='ltr'><strong>ex</strong></span> <span class='ocrx_word' id='word_1_67' title='bbox 1096 1071 1306 1139; x_wconf 87' lang='lat' dir='ltr'><strong>piorum</strong></span> <span class='ocrx_word' id='word_1_68' title='bbox 1335 1082 1558 1121; x_wconf 89' lang='lat' dir='ltr'><strong>numero</strong></span> <span class='ocrx_word' id='word_1_69' title='bbox 1590 1066 1849 1119; x_wconf 73' lang='lat' dir='ltr'><strong>eximunt.</strong></span> 
     </span>
    </p>
   </div>
   <div class='ocr_carea' id='block_1_12' title="bbox 801 1245 2300 1308">
    <p class='ocr_par' dir='ltr' id='par_1_12' title="bbox 801 1245 2300 1308">
     <span class='ocr_line' id='line_1_12' title="bbox 801 1245 2300 1308; baseline -0.008 0"><span class='ocrx_word' id='word_1_70' title='bbox 801 1256 922 1308; x_wconf 68' lang='lat' dir='ltr'><strong>H4.</strong></span> <span class='ocrx_word' id='word_1_71' title='bbox 969 1255 1038 1308; x_wconf 79' lang='lat' dir='ltr'><strong>At</strong></span> <span class='ocrx_word' id='word_1_72' title='bbox 1076 1267 1176 1307; x_wconf 91' lang='lat' dir='ltr'><strong>nos</strong></span> <span class='ocrx_word' id='word_1_73' title='bbox 1221 1251 1416 1305; x_wconf 86' lang='lat' dir='ltr'><strong>Filium</strong></span> <span class='ocrx_word' id='word_1_74' title='bbox 1459 1247 1551 1302; x_wconf 86' lang='lat' dir='ltr'><strong>Dei</strong></span> <span class='ocrx_word' id='word_1_75' title='bbox 1599 1247 1924 1302; x_wconf 81' lang='lat' dir='ltr'><strong>conﬁtentur</strong></span> <span class='ocrx_word' id='word_1_76' title='bbox 1966 1260 2086 1301; x_wconf 84' lang='lat' dir='ltr'><strong>esse</strong></span> <span class='ocrx_word' id='word_1_77' title='bbox 2137 1245 2300 1299; x_wconf 83' lang='lat' dir='ltr'><strong>vitam</strong></span> 
     </span>
    </p>
   </div>
   <div class='ocr_carea' id='block_1_13' title="bbox 724 1340 2302 1412">
    <p class='ocr_par' dir='ltr' id='par_1_13' title="bbox 724 1340 2302 1412">
     <span class='ocr_line' id='line_1_13' title="bbox 724 1340 2302 1412; baseline -0.006 -15"><span class='ocrx_word' id='word_1_78' title='bbox 724 1355 990 1407; x_wconf 84' lang='lat' dir='ltr'><strong>nostram,</strong></span> <span class='ocrx_word' id='word_1_79' title='bbox 1014 1353 1278 1412; x_wconf 80' lang='lat' dir='ltr'><strong>quatenus</strong></span> <span class='ocrx_word' id='word_1_80' title='bbox 1311 1357 1427 1393; x_wconf 86' lang='lat' dir='ltr'><strong>eam</strong></span> <span class='ocrx_word' id='word_1_81' title='bbox 1461 1340 1710 1402; x_wconf 73' lang='lat' dir='ltr'><strong>producit</strong></span> <span class='ocrx_word' id='word_1_82' title='bbox 1741 1347 1793 1390; x_wconf 93' lang='lat' dir='ltr'><strong>et</strong></span> <span class='ocrx_word' id='word_1_83' title='bbox 1822 1347 2106 1405; x_wconf 76' lang='lat' dir='ltr'><strong>aperatur,</strong></span> <span class='ocrx_word' id='word_1_84' title='bbox 2151 1351 2302 1389; x_wconf 90' lang='lat' dir='ltr'><strong>eum-</strong></span> 
     </span>
    </p>
   </div>
   <div class='ocr_carea' id='block_1_14' title="bbox 722 1427 2307 1505">
    <p class='ocr_par' dir='ltr' id='par_1_14' title="bbox 722 1427 2307 1505">
     <span class='ocr_line' id='line_1_14' title="bbox 722 1427 2307 1505; baseline -0.003 -21"><span class='ocrx_word' id='word_1_85' title='bbox 722 1453 826 1505; x_wconf 81' lang='lat' dir='ltr'><strong>que</strong></span> <span class='ocrx_word' id='word_1_86' title='bbox 859 1451 980 1488; x_wconf 86' lang='lat' dir='ltr'><strong>esse</strong></span> <span class='ocrx_word' id='word_1_87' title='bbox 1027 1436 1078 1488; x_wconf 92' lang='lat' dir='ltr'><strong>in</strong></span> <span class='ocrx_word' id='word_1_88' title='bbox 1111 1435 1286 1501; x_wconf 78' lang='lat' dir='ltr'><strong>seipso</strong></span> <span class='ocrx_word' id='word_1_89' title='bbox 1321 1435 1505 1496; x_wconf 85' lang='lat' dir='ltr'><strong>vitam,</strong></span> <span class='ocrx_word' id='word_1_90' title='bbox 1531 1441 1583 1484; x_wconf 92' lang='lat' dir='ltr'><strong>et</strong></span> <span class='ocrx_word' id='word_1_91' title='bbox 1629 1431 1872 1482; x_wconf 78' lang='lat' dir='ltr'><strong>absolute</strong></span> <span class='ocrx_word' id='word_1_92' title='bbox 1897 1443 1956 1484; x_wconf 87' lang='lat' dir='ltr'><strong>ac</strong></span> <span class='ocrx_word' id='word_1_93' title='bbox 1986 1427 2307 1496; x_wconf 82' lang='lat' dir='ltr'><strong>simpliciter</strong></span> 
     </span>
    </p>
   </div>
   <div class='ocr_carea' id='block_1_15' title="bbox 724 1519 2310 1598">
    <p class='ocr_par' dir='ltr' id='par_1_15' title="bbox 724 1519 2310 1598">
     <span class='ocr_line' id='line_1_15' title="bbox 724 1519 2310 1598; baseline -0.005 -20"><span class='ocrx_word' id='word_1_94' title='bbox 724 1541 943 1598; x_wconf 85' lang='lat' dir='ltr'><strong>prorsus</strong></span> <span class='ocrx_word' id='word_1_95' title='bbox 987 1534 1040 1580; x_wconf 89' lang='lat' dir='ltr'><strong>et</strong></span> <span class='ocrx_word' id='word_1_96' title='bbox 1077 1526 1313 1577; x_wconf 83' lang='lat' dir='ltr'><strong>increate</strong></span> <span class='ocrx_word' id='word_1_97' title='bbox 1363 1526 1534 1590; x_wconf 88' lang='lat' dir='ltr'><strong>ipsum</strong></span> <span class='ocrx_word' id='word_1_98' title='bbox 1559 1536 1680 1575; x_wconf 86' lang='lat' dir='ltr'><strong>esse</strong></span> <span class='ocrx_word' id='word_1_99' title='bbox 1714 1533 2002 1588; x_wconf 86' lang='lat' dir='ltr'><strong>utrumque</strong></span> <span class='ocrx_word' id='word_1_100' title='bbox 2033 1521 2132 1572; x_wconf 91' lang='lat' dir='ltr'><strong>hoc</strong></span> <span class='ocrx_word' id='word_1_101' title='bbox 2173 1519 2310 1571; x_wconf 78' lang='lat' dir='ltr'><strong>dit-i-</strong></span> 
     </span>
    </p>
   </div>
   <div class='ocr_carea' id='block_1_16' title="bbox 725 1607 2309 1680">
    <p class='ocr_par' dir='ltr' id='par_1_16' title="bbox 725 1607 2309 1680">
     <span class='ocr_line' id='line_1_16' title="bbox 725 1607 2309 1680; baseline -0.006 -12"><span class='ocrx_word' id='word_1_102' title='bbox 725 1632 865 1678; x_wconf 84' lang='lat' dir='ltr'><strong>ntus,</strong></span> <span class='ocrx_word' id='word_1_103' title='bbox 900 1616 1135 1680; x_wconf 87' lang='lat' dir='ltr'><strong>itemque</strong></span> <span class='ocrx_word' id='word_1_104' title='bbox 1177 1611 1389 1664; x_wconf 78' lang='lat' dir='ltr'><strong>Patrem</strong></span> <span class='ocrx_word' id='word_1_105' title='bbox 1437 1621 1490 1662; x_wconf 89' lang='lat' dir='ltr'><strong>et</strong></span> <span class='ocrx_word' id='word_1_106' title='bbox 1541 1609 1799 1676; x_wconf 86' lang='lat' dir='ltr'><strong>Spiritum</strong></span> <span class='ocrx_word' id='word_1_107' title='bbox 1859 1621 2128 1662; x_wconf 89' lang='lat' dir='ltr'><strong>sanctum.</strong></span> <span class='ocrx_word' id='word_1_108' title='bbox 2166 1607 2309 1675; x_wconf 80' lang='lat' dir='ltr'><strong>Ergo</strong></span> 
     </span>
    </p>
   </div>
   <div class='ocr_carea' id='block_1_17' title="bbox 721 1697 2308 1768">
    <p class='ocr_par' dir='ltr' id='par_1_17' title="bbox 721 1697 2308 1768">
     <span class='ocr_line' id='line_1_17' title="bbox 721 1697 2308 1768; baseline -0.007 -11"><span class='ocrx_word' id='word_1_109' title='bbox 721 1712 837 1759; x_wconf 81' lang='lat' dir='ltr'><strong>inec</strong></span> <span class='ocrx_word' id='word_1_110' title='bbox 869 1707 974 1757; x_wconf 86' lang='lat' dir='ltr'><strong>vita</strong></span> <span class='ocrx_word' id='word_1_111' title='bbox 1005 1713 1206 1764; x_wconf 85' lang='lat' dir='ltr'><strong>nostra,</strong></span> <span class='ocrx_word' id='word_1_112' title='bbox 1233 1716 1336 1768; x_wconf 84' lang='lat' dir='ltr'><strong>qua</strong></span> <span class='ocrx_word' id='word_1_113' title='bbox 1369 1699 1511 1752; x_wconf 90' lang='lat' dir='ltr'><strong>velut</strong></span> <span class='ocrx_word' id='word_1_114' title='bbox 1543 1713 1704 1751; x_wconf 83' lang='lat' dir='ltr'><strong>causa</strong></span> <span class='ocrx_word' id='word_1_115' title='bbox 1739 1697 2031 1748; x_wconf 79' lang='lat' dir='ltr'><strong>viventium</strong></span> <span class='ocrx_word' id='word_1_116' title='bbox 2066 1697 2308 1748; x_wconf 78' lang='lat' dir='ltr'><strong>vivitica-</strong></span> 
     </span>
    </p>
   </div>
   <div class='ocr_carea' id='block_1_18' title="bbox 726 1787 2294 1861">
    <p class='ocr_par' dir='ltr' id='par_1_18' title="bbox 726 1787 2294 1861">
     <span class='ocr_line' id='line_1_18' title="bbox 726 1787 2294 1861; baseline -0.006 -11"><span class='ocrx_word' id='word_1_117' title='bbox 726 1815 867 1861; x_wconf 71' lang='lat' dir='ltr'><strong>niur,</strong></span> <span class='ocrx_word' id='word_1_118' title='bbox 899 1797 1027 1848; x_wconf 82' lang='lat' dir='ltr'><strong>nihil</strong></span> <span class='ocrx_word' id='word_1_119' title='bbox 1064 1795 1206 1846; x_wconf 87' lang='lat' dir='ltr'><strong>aliud</strong></span> <span class='ocrx_word' id='word_1_120' title='bbox 1251 1801 1513 1860; x_wconf 83' lang='lat' dir='ltr'><strong>estquam</strong></span> <span class='ocrx_word' id='word_1_121' title='bbox 1539 1791 1701 1843; x_wconf 86' lang='lat' dir='ltr'><strong>Pater</strong></span> <span class='ocrx_word' id='word_1_122' title='bbox 1719 1799 1770 1842; x_wconf 90' lang='lat' dir='ltr'><strong>et</strong></span> <span class='ocrx_word' id='word_1_123' title='bbox 1796 1787 1964 1840; x_wconf 81' lang='lat' dir='ltr'><strong>Filius</strong></span> <span class='ocrx_word' id='word_1_124' title='bbox 1988 1800 2038 1839; x_wconf 92' lang='lat' dir='ltr'><strong>et</strong></span> <span class='ocrx_word' id='word_1_125' title='bbox 2061 1788 2294 1853; x_wconf 85' lang='lat' dir='ltr'><strong>Spiritus</strong></span> 
     </span>
    </p>
   </div>
   <div class='ocr_carea' id='block_1_19' title="bbox 731 1870 2377 1949">
    <p class='ocr_par' dir='ltr' id='par_1_19' title="bbox 731 1870 2377 1949">
     <span class='ocr_line' id='line_1_19' title="bbox 731 1870 2377 1949; baseline -0.009 -6"><span class='ocrx_word' id='word_1_126' title='bbox 731 1900 974 1943; x_wconf 82' lang='lat' dir='ltr'><strong>sanctus.</strong></span> <span class='ocrx_word' id='word_1_127' title='bbox 1025 1888 1156 1940; x_wconf 75' lang='lat' dir='ltr'><strong>Nam</strong></span> <span class='ocrx_word' id='word_1_128' title='bbox 1220 1886 1394 1936; x_wconf 88' lang='lat' dir='ltr'><strong>trintts</strong></span> <span class='ocrx_word' id='word_1_129' title='bbox 1446 1881 1692 1949; x_wconf 80' lang='lat' dir='ltr'><strong>personis</strong></span> <span class='ocrx_word' id='word_1_130' title='bbox 1757 1880 1898 1933; x_wconf 92' lang='lat' dir='ltr'><strong>Deus</strong></span> <span class='ocrx_word' id='word_1_131' title='bbox 1948 1880 2056 1931; x_wconf 91' lang='lat' dir='ltr'><strong>vita</strong></span> <span class='ocrx_word' id='word_1_132' title='bbox 2119 1890 2299 1934; x_wconf 73' lang='lat' dir='ltr'><strong>nostra</strong></span> <span class='ocrx_word' id='word_1_133' title='bbox 2333 1870 2377 1929; x_wconf 76' lang='grc' dir='ltr'><strong><em>Β</em></strong></span> 
     </span>
    </p>
   </div>
   <div class='ocr_carea' id='block_1_20' title="bbox 725 1973 2297 2046">
    <p class='ocr_par' dir='ltr' id='par_1_20' title="bbox 725 1973 2297 2046">
     <span class='ocr_line' id='line_1_20' title="bbox 725 1973 2297 2046; baseline -0.009 -12"><span class='ocrx_word' id='word_1_134' title='bbox 725 1984 943 2041; x_wconf 66' lang='lat' dir='ltr'><strong>dicitur,</strong></span> <span class='ocrx_word' id='word_1_135' title='bbox 967 1979 1089 2046; x_wconf 74' lang='lat' dir='ltr'><strong>quia</strong></span> <span class='ocrx_word' id='word_1_136' title='bbox 1125 1977 1286 2044; x_wconf 69' lang='lat' dir='ltr'><strong>huius</strong></span> <span class='ocrx_word' id='word_1_137' title='bbox 1344 1988 1506 2027; x_wconf 86' lang='lat' dir='ltr'><strong>causa</strong></span> <span class='ocrx_word' id='word_1_138' title='bbox 1539 1982 1644 2035; x_wconf 88' lang='lat' dir='ltr'><strong>est,</strong></span> <span class='ocrx_word' id='word_1_139' title='bbox 1671 1973 1918 2041; x_wconf 81' lang='lat' dir='ltr'><strong>quamvis</strong></span> <span class='ocrx_word' id='word_1_140' title='bbox 1956 1986 2060 2023; x_wconf 75' lang='lat' dir='ltr'><strong>nin</strong></span> <span class='ocrx_word' id='word_1_141' title='bbox 2102 1987 2297 2024; x_wconf 73' lang='lat' dir='ltr'><strong>causa-</strong></span> 
     </span>
    </p>
   </div>
   <div class='ocr_carea' id='block_1_21' title="bbox 727 2064 2301 2135">
    <p class='ocr_par' dir='ltr' id='par_1_21' title="bbox 727 2064 2301 2135">
     <span class='ocr_line' id='line_1_21' title="bbox 727 2064 2301 2135; baseline -0.005 -11"><span class='ocrx_word' id='word_1_142' title='bbox 727 2076 867 2135; x_wconf 85' lang='lat' dir='ltr'><strong>liter,</strong></span> <span class='ocrx_word' id='word_1_143' title='bbox 907 2088 1004 2126; x_wconf 90' lang='lat' dir='ltr'><strong>nec</strong></span> <span class='ocrx_word' id='word_1_144' title='bbox 1047 2072 1268 2123; x_wconf 75' lang='lat' dir='ltr'><strong>relative</strong></span> <span class='ocrx_word' id='word_1_145' title='bbox 1333 2067 1398 2120; x_wconf 88' lang='lat' dir='ltr'><strong>ad</strong></span> <span class='ocrx_word' id='word_1_146' title='bbox 1447 2067 1612 2130; x_wconf 84' lang='lat' dir='ltr'><strong>aliud,</strong></span> <span class='ocrx_word' id='word_1_147' title='bbox 1647 2068 1739 2118; x_wconf 88' lang='lat' dir='ltr'><strong>sed</strong></span> <span class='ocrx_word' id='word_1_148' title='bbox 1782 2064 2028 2116; x_wconf 60' lang='lat' dir='ltr'><strong>absolute</strong></span> <span class='ocrx_word' id='word_1_149' title='bbox 2056 2073 2107 2116; x_wconf 92' lang='lat' dir='ltr'><strong>et</strong></span> <span class='ocrx_word' id='word_1_150' title='bbox 2142 2064 2192 2116; x_wconf 90' lang='lat' dir='ltr'><strong>in</strong></span> <span class='ocrx_word' id='word_1_151' title='bbox 2221 2079 2301 2116; x_wconf 59' lang='lat' dir='ltr'><strong>se-</strong></span> 
     </span>
    </p>
   </div>
   <div class='ocr_carea' id='block_1_22' title="bbox 726 2159 2297 2236">
    <p class='ocr_par' dir='ltr' id='par_1_22' title="bbox 726 2159 2297 2236">
     <span class='ocr_line' id='line_1_22' title="bbox 726 2159 2297 2236; baseline -0.01 -15"><span class='ocrx_word' id='word_1_152' title='bbox 726 2170 838 2236; x_wconf 73' lang='lat' dir='ltr'><strong>ipszi</strong></span> <span class='ocrx_word' id='word_1_153' title='bbox 888 2167 1184 2218; x_wconf 75' lang='lat' dir='ltr'><strong>Sulisistens</strong></span> <span class='ocrx_word' id='word_1_154' title='bbox 1218 2180 1245 2214; x_wconf 88' lang='lat' dir='ltr'><strong>a</strong></span> <span class='ocrx_word' id='word_1_155' title='bbox 1285 2163 1543 2226; x_wconf 79' lang='lat' dir='ltr'><strong>theologis</strong></span> <span class='ocrx_word' id='word_1_156' title='bbox 1595 2160 1917 2226; x_wconf 76' lang='lat' dir='ltr'><strong>prazdicetur</strong></span> <span class='ocrx_word' id='word_1_157' title='bbox 1963 2159 2140 2210; x_wconf 88' lang='lat' dir='ltr'><strong>divina</strong></span> <span class='ocrx_word' id='word_1_158' title='bbox 2169 2159 2297 2220; x_wconf 80' lang='lat' dir='ltr'><strong>vita,</strong></span> 
     </span>
    </p>
   </div>
   <div class='ocr_carea' id='block_1_23' title="bbox 728 2250 2295 2325">
    <p class='ocr_par' dir='ltr' id='par_1_23' title="bbox 728 2250 2295 2325">
     <span class='ocr_line' id='line_1_23' title="bbox 728 2250 2295 2325; baseline -0.008 -12"><span class='ocrx_word' id='word_1_159' title='bbox 728 2279 823 2313; x_wconf 83' lang='lat' dir='ltr'><strong>nec</strong></span> <span class='ocrx_word' id='word_1_160' title='bbox 854 2261 997 2310; x_wconf 83' lang='lat' dir='ltr'><strong>aliud</strong></span> <span class='ocrx_word' id='word_1_161' title='bbox 1034 2260 1101 2311; x_wconf 83' lang='lat' dir='ltr'><strong>sit</strong></span> <span class='ocrx_word' id='word_1_162' title='bbox 1137 2271 1297 2325; x_wconf 77' lang='lat' dir='ltr'><strong>quam</strong></span> <span class='ocrx_word' id='word_1_163' title='bbox 1334 2253 1488 2307; x_wconf 81' lang='lat' dir='ltr'><strong>Pater</strong></span> <span class='ocrx_word' id='word_1_164' title='bbox 1517 2263 1569 2305; x_wconf 86' lang='lat' dir='ltr'><strong>et</strong></span> <span class='ocrx_word' id='word_1_165' title='bbox 1617 2250 1786 2304; x_wconf 78' lang='lat' dir='ltr'><strong>Filius</strong></span> <span class='ocrx_word' id='word_1_166' title='bbox 1820 2261 1870 2300; x_wconf 82' lang='lat' dir='ltr'><strong>et</strong></span> <span class='ocrx_word' id='word_1_167' title='bbox 1903 2250 2137 2319; x_wconf 81' lang='lat' dir='ltr'><strong>Spiritus</strong></span> <span class='ocrx_word' id='word_1_168' title='bbox 2167 2264 2295 2302; x_wconf 86' lang='lat' dir='ltr'><strong>san-</strong></span> 
     </span>
    </p>
   </div>
   <div class='ocr_carea' id='block_1_24' title="bbox 727 2341 2294 2410">
    <p class='ocr_par' dir='ltr' id='par_1_24' title="bbox 727 2341 2294 2410">
     <span class='ocr_line' id='line_1_24' title="bbox 727 2341 2294 2410; baseline -0.008 -6"><span class='ocrx_word' id='word_1_169' title='bbox 727 2367 868 2404; x_wconf 76' lang='lat' dir='ltr'><strong>ctus.</strong></span> <span class='ocrx_word' id='word_1_170' title='bbox 911 2351 1104 2404; x_wconf 74' lang='lat' dir='ltr'><strong>Verum</strong></span> <span class='ocrx_word' id='word_1_171' title='bbox 1165 2356 1274 2402; x_wconf 64' lang='lat' dir='ltr'><strong>huic</strong></span> <span class='ocrx_word' id='word_1_172' title='bbox 1325 2346 1454 2398; x_wconf 84' lang='lat' dir='ltr'><strong>nulli</strong></span> <span class='ocrx_word' id='word_1_173' title='bbox 1491 2351 1616 2397; x_wconf 87' lang='lat' dir='ltr'><strong>sunt</strong></span> <span class='ocrx_word' id='word_1_174' title='bbox 1652 2344 2041 2410; x_wconf 87' lang='lat' dir='ltr'><strong>itupedimento</strong></span> <span class='ocrx_word' id='word_1_175' title='bbox 2093 2344 2158 2396; x_wconf 85' lang='lat' dir='ltr'><strong>iis</strong></span> <span class='ocrx_word' id='word_1_176' title='bbox 2204 2341 2294 2410; x_wconf 93' lang='lat' dir='ltr'><strong>qui</strong></span> 
     </span>
    </p>
   </div>
   <div class='ocr_carea' id='block_1_25' title="bbox 728 2435 2299 2508">
    <p class='ocr_par' dir='ltr' id='par_1_25' title="bbox 728 2435 2299 2508">
     <span class='ocr_line' id='line_1_25' title="bbox 728 2435 2299 2508; baseline -0.006 -12"><span class='ocrx_word' id='word_1_177' title='bbox 728 2445 1021 2497; x_wconf 75' lang='lat' dir='ltr'><strong>increatuni</strong></span> <span class='ocrx_word' id='word_1_178' title='bbox 1051 2457 1168 2494; x_wconf 90' lang='lat' dir='ltr'><strong>esse</strong></span> <span class='ocrx_word' id='word_1_179' title='bbox 1205 2448 1505 2508; x_wconf 81' lang='lat' dir='ltr'><strong>agnoscunt</strong></span> <span class='ocrx_word' id='word_1_180' title='bbox 1535 2438 1721 2500; x_wconf 90' lang='lat' dir='ltr'><strong>Deum,</strong></span> <span class='ocrx_word' id='word_1_181' title='bbox 1748 2436 1892 2488; x_wconf 78' lang='lat' dir='ltr'><strong>haud</strong></span> <span class='ocrx_word' id='word_1_182' title='bbox 1918 2435 2076 2488; x_wconf 89' lang='lat' dir='ltr'><strong>modo</strong></span> <span class='ocrx_word' id='word_1_183' title='bbox 2109 2450 2299 2488; x_wconf 83' lang='lat' dir='ltr'><strong>secon-</strong></span> 
     </span>
    </p>
   </div>
   <div class='ocr_carea' id='block_1_26' title="bbox 725 2531 2297 2600">
    <p class='ocr_par' dir='ltr' id='par_1_26' title="bbox 725 2531 2297 2600">
     <span class='ocr_line' id='line_1_26' title="bbox 725 2531 2297 2600; baseline -0.006 -14"><span class='ocrx_word' id='word_1_184' title='bbox 725 2544 850 2587; x_wconf 83' lang='lat' dir='ltr'><strong>dunt</strong></span> <span class='ocrx_word' id='word_1_185' title='bbox 887 2537 1176 2587; x_wconf 81' lang='lat' dir='ltr'><strong>essentiam</strong></span> <span class='ocrx_word' id='word_1_186' title='bbox 1220 2543 1272 2585; x_wconf 91' lang='lat' dir='ltr'><strong>et</strong></span> <span class='ocrx_word' id='word_1_187' title='bbox 1323 2531 1722 2600; x_wconf 88' lang='lat' dir='ltr'><strong>personas,sed</strong></span> <span class='ocrx_word' id='word_1_188' title='bbox 1773 2539 1826 2582; x_wconf 91' lang='lat' dir='ltr'><strong>et</strong></span> <span class='ocrx_word' id='word_1_189' title='bbox 1871 2531 2172 2583; x_wconf 83' lang='lat' dir='ltr'><strong>secundum</strong></span> <span class='ocrx_word' id='word_1_190' title='bbox 2213 2541 2297 2578; x_wconf 75' lang='lat' dir='ltr'><strong>es-</strong></span> 
     </span>
    </p>
   </div>
   <div class='ocr_carea' id='block_1_27' title="bbox 726 2622 2297 2692">
    <p class='ocr_par' dir='ltr' id='par_1_27' title="bbox 726 2622 2297 2692">
     <span class='ocr_line' id='line_1_27' title="bbox 726 2622 2297 2692; baseline -0.006 -12"><span class='ocrx_word' id='word_1_191' title='bbox 726 2632 951 2680; x_wconf 78' lang='lat' dir='ltr'><strong>sentiam</strong></span> <span class='ocrx_word' id='word_1_192' title='bbox 993 2639 1038 2676; x_wconf 78' lang='lat' dir='ltr'><strong>et</strong></span> <span class='ocrx_word' id='word_1_193' title='bbox 1075 2639 1352 2692; x_wconf 83' lang='lat' dir='ltr'><strong>personas,</strong></span> <span class='ocrx_word' id='word_1_194' title='bbox 1387 2624 1480 2676; x_wconf 86' lang='lat' dir='ltr'><strong>sed</strong></span> <span class='ocrx_word' id='word_1_195' title='bbox 1515 2632 1567 2674; x_wconf 87' lang='lat' dir='ltr'><strong>et</strong></span> <span class='ocrx_word' id='word_1_196' title='bbox 1602 2622 1894 2674; x_wconf 82' lang='lat' dir='ltr'><strong>secundum</strong></span> <span class='ocrx_word' id='word_1_197' title='bbox 1955 2633 2297 2673; x_wconf 73' lang='lat' dir='ltr'><strong>communem</strong></span> 
     </span>
    </p>
   </div>
   <div class='ocr_carea' id='block_1_28' title="bbox 730 2713 2296 2784">
    <p class='ocr_par' dir='ltr' id='par_1_28' title="bbox 730 2713 2296 2784">
     <span class='ocr_line' id='line_1_28' title="bbox 730 2713 2296 2784; baseline -0.004 -11"><span class='ocrx_word' id='word_1_198' title='bbox 730 2722 900 2773; x_wconf 75' lang='lat' dir='ltr'><strong>tribus</strong></span> <span class='ocrx_word' id='word_1_199' title='bbox 946 2721 1182 2770; x_wconf 81' lang='lat' dir='ltr'><strong>divinant</strong></span> <span class='ocrx_word' id='word_1_200' title='bbox 1220 2718 1608 2784; x_wconf 79' lang='lat' dir='ltr'><strong>operationem.</strong></span> <span class='ocrx_word' id='word_1_201' title='bbox 1643 2714 1818 2768; x_wconf 84' lang='lat' dir='ltr'><strong>Unum</strong></span> <span class='ocrx_word' id='word_1_202' title='bbox 1855 2715 1996 2766; x_wconf 86' lang='lat' dir='ltr'><strong>enim</strong></span> <span class='ocrx_word' id='word_1_203' title='bbox 2040 2713 2206 2766; x_wconf 84' lang='lat' dir='ltr'><strong>Deum</strong></span> <span class='ocrx_word' id='word_1_204' title='bbox 2245 2714 2296 2766; x_wconf 93' lang='lat' dir='ltr'><strong>in</strong></span> 
     </span>
    </p>
   </div>
   <div class='ocr_carea' id='block_1_29' title="bbox 730 2807 2297 2876">
    <p class='ocr_par' dir='ltr' id='par_1_29' title="bbox 730 2807 2297 2876">
     <span class='ocr_line' id='line_1_29' title="bbox 730 2807 2297 2876; baseline -0.004 -13"><span class='ocrx_word' id='word_1_205' title='bbox 730 2816 903 2863; x_wconf 82' lang='lat' dir='ltr'><strong>tribus</strong></span> <span class='ocrx_word' id='word_1_206' title='bbox 931 2812 1172 2876; x_wconf 83' lang='lat' dir='ltr'><strong>personis</strong></span> <span class='ocrx_word' id='word_1_207' title='bbox 1218 2808 1562 2868; x_wconf 71' lang='lat' dir='ltr'><strong>confitemur,</strong></span> <span class='ocrx_word' id='word_1_208' title='bbox 1589 2820 1746 2857; x_wconf 88' lang='lat' dir='ltr'><strong>unam</strong></span> <span class='ocrx_word' id='word_1_209' title='bbox 1785 2807 2068 2857; x_wconf 84' lang='lat' dir='ltr'><strong>habentem</strong></span> <span class='ocrx_word' id='word_1_210' title='bbox 2110 2818 2297 2856; x_wconf 79' lang='lat' dir='ltr'><strong>essen-</strong></span> 
     </span>
    </p>
   </div>
   <div class='ocr_carea' id='block_1_30' title="bbox 733 2895 2297 2968">
    <p class='ocr_par' dir='ltr' id='par_1_30' title="bbox 733 2895 2297 2968">
     <span class='ocr_line' id='line_1_30' title="bbox 733 2895 2297 2968; baseline -0.004 -16"><span class='ocrx_word' id='word_1_211' title='bbox 733 2913 880 2965; x_wconf 71' lang='lat' dir='ltr'><strong>l&#39;aut,</strong></span> <span class='ocrx_word' id='word_1_212' title='bbox 913 2912 961 2952; x_wconf 87' lang='lat' dir='ltr'><strong>et</strong></span> <span class='ocrx_word' id='word_1_213' title='bbox 1001 2904 1315 2968; x_wconf 80' lang='lat' dir='ltr'><strong>potentiam,</strong></span> <span class='ocrx_word' id='word_1_214' title='bbox 1364 2909 1419 2950; x_wconf 89' lang='lat' dir='ltr'><strong>et</strong></span> <span class='ocrx_word' id='word_1_215' title='bbox 1477 2899 1873 2964; x_wconf 81' lang='lat' dir='ltr'><strong>Operationetn,</strong></span> <span class='ocrx_word' id='word_1_216' title='bbox 1916 2904 1970 2948; x_wconf 93' lang='lat' dir='ltr'><strong>et</strong></span> <span class='ocrx_word' id='word_1_217' title='bbox 2027 2895 2297 2962; x_wconf 66' lang='lat' dir='ltr'><strong>quaslibet</strong></span> 
     </span>
    </p>
   </div>
   <div class='ocr_carea' id='block_1_31' title="bbox 731 2989 2294 3060">
    <p class='ocr_par' dir='ltr' id='par_1_31' title="bbox 731 2989 2294 3060">
     <span class='ocr_line' id='line_1_31' title="bbox 731 2989 2294 3060; baseline -0.004 -13"><span class='ocrx_word' id='word_1_218' title='bbox 731 2997 862 3047; x_wconf 70' lang='lat' dir='ltr'><strong>altas</strong></span> <span class='ocrx_word' id='word_1_219' title='bbox 921 2995 1165 3048; x_wconf 76' lang='lat' dir='ltr'><strong>essentia:</strong></span> <span class='ocrx_word' id='word_1_220' title='bbox 1216 2994 1596 3060; x_wconf 80' lang='lat' dir='ltr'><strong>praprictates,</strong></span> <span class='ocrx_word' id='word_1_221' title='bbox 1631 3004 1750 3058; x_wconf 70' lang='lat' dir='ltr'><strong>quae</strong></span> <span class='ocrx_word' id='word_1_222' title='bbox 1789 2989 2071 3056; x_wconf 81' lang='lat' dir='ltr'><strong>congeries</strong></span> <span class='ocrx_word' id='word_1_223' title='bbox 2103 2999 2156 3042; x_wconf 93' lang='lat' dir='ltr'><strong>et</strong></span> <span class='ocrx_word' id='word_1_224' title='bbox 2187 2989 2294 3056; x_wconf 84' lang='lat' dir='ltr'><strong>plc-</strong></span> 
     </span>
    </p>
   </div>
   <div class='ocr_carea' id='block_1_32' title="bbox 730 3083 2294 3151">
    <p class='ocr_par' dir='ltr' id='par_1_32' title="bbox 730 3083 2294 3151">
     <span class='ocr_line' id='line_1_32' title="bbox 730 3083 2294 3151; baseline -0.006 -9"><span class='ocrx_word' id='word_1_225' title='bbox 730 3091 916 3142; x_wconf 80' lang='lat' dir='ltr'><strong>nttudo</strong></span> <span class='ocrx_word' id='word_1_226' title='bbox 949 3085 1252 3138; x_wconf 80' lang='lat' dir='ltr'><strong>divinitatis</strong></span> <span class='ocrx_word' id='word_1_227' title='bbox 1271 3086 1521 3137; x_wconf 88' lang='lat' dir='ltr'><strong>dicuntur</strong></span> <span class='ocrx_word' id='word_1_228' title='bbox 1549 3085 1601 3136; x_wconf 91' lang='lat' dir='ltr'><strong>in</strong></span> <span class='ocrx_word' id='word_1_229' title='bbox 1629 3083 1933 3151; x_wconf 74' lang='lat' dir='ltr'><strong>Scriptura,</strong></span> <span class='ocrx_word' id='word_1_230' title='bbox 1964 3083 2017 3134; x_wconf 92' lang='lat' dir='ltr'><strong>in</strong></span> <span class='ocrx_word' id='word_1_231' title='bbox 2051 3097 2294 3150; x_wconf 88' lang='lat' dir='ltr'><strong>unaqua-</strong></span> 
     </span>
    </p>
   </div>
   <div class='ocr_carea' id='block_1_33' title="bbox 733 3173 2291 3248">
    <p class='ocr_par' dir='ltr' id='par_1_33' title="bbox 733 3173 2291 3248">
     <span class='ocr_line' id='line_1_33' title="bbox 733 3173 2291 3248; baseline -0.003 -20"><span class='ocrx_word' id='word_1_232' title='bbox 733 3195 834 3248; x_wconf 82' lang='lat' dir='ltr'><strong>qne</strong></span> <span class='ocrx_word' id='word_1_233' title='bbox 865 3189 1065 3233; x_wconf 73' lang='lat' dir='ltr'><strong>saneta:</strong></span> <span class='ocrx_word' id='word_1_234' title='bbox 1101 3177 1386 3230; x_wconf 72' lang='lat' dir='ltr'><strong>Trinitatis</strong></span> <span class='ocrx_word' id='word_1_235' title='bbox 1441 3189 1797 3244; x_wconf 82' lang='lat' dir='ltr'><strong>personarum</strong></span> <span class='ocrx_word' id='word_1_236' title='bbox 1853 3173 2133 3241; x_wconf 67' lang='lat' dir='ltr'><strong>aeqUaliter</strong></span> <span class='ocrx_word' id='word_1_237' title='bbox 2176 3189 2291 3242; x_wconf 76' lang='lat' dir='ltr'><strong>spe-</strong></span> 
     </span>
    </p>
   </div>
   <div class='ocr_carea' id='block_1_34' title="bbox 739 3268 1662 3338">
    <p class='ocr_par' dir='ltr' id='par_1_34' title="bbox 739 3268 1662 3338">
     <span class='ocr_line' id='line_1_34' title="bbox 739 3268 1662 3338; baseline -0.008 -11"><span class='ocrx_word' id='word_1_238' title='bbox 739 3284 887 3328; x_wconf 76' lang='lat' dir='ltr'><strong>ctata:</strong></span> <span class='ocrx_word' id='word_1_239' title='bbox 919 3281 971 3324; x_wconf 87' lang='lat' dir='ltr'><strong>et</strong></span> <span class='ocrx_word' id='word_1_240' title='bbox 1003 3285 1033 3323; x_wconf 93' lang='lat' dir='ltr'><strong>a</strong></span> <span class='ocrx_word' id='word_1_241' title='bbox 1064 3269 1323 3338; x_wconf 76' lang='lat' dir='ltr'><strong>theologis</strong></span> <span class='ocrx_word' id='word_1_242' title='bbox 1348 3268 1662 3322; x_wconf 71' lang='lat' dir='ltr'><strong>celebratae.</strong></span> 
     </span>
    </p>
   </div>
   <div class='ocr_carea' id='block_1_35' title="bbox 807 3359 2298 3429">
    <p class='ocr_par' dir='ltr' id='par_1_35' title="bbox 807 3359 2298 3429">
     <span class='ocr_line' id='line_1_35' title="bbox 807 3359 2298 3429; baseline -0.003 -14"><span class='ocrx_word' id='word_1_243' title='bbox 807 3366 928 3421; x_wconf 79' lang='lat' dir='ltr'><strong>H5.</strong></span> <span class='ocrx_word' id='word_1_244' title='bbox 955 3364 1054 3429; x_wconf 90' lang='lat' dir='ltr'><strong>Qui</strong></span> <span class='ocrx_word' id='word_1_245' title='bbox 1093 3364 1325 3416; x_wconf 85' lang='lat' dir='ltr'><strong>divinam</strong></span> <span class='ocrx_word' id='word_1_246' title='bbox 1355 3361 1491 3412; x_wconf 87' lang='lat' dir='ltr'><strong>lianc</strong></span> <span class='ocrx_word' id='word_1_247' title='bbox 1517 3360 1694 3413; x_wconf 85' lang='lat' dir='ltr'><strong>delent</strong></span> <span class='ocrx_word' id='word_1_248' title='bbox 1715 3359 2109 3427; x_wconf 86' lang='lat' dir='ltr'><strong>operationem,</strong></span> <span class='ocrx_word' id='word_1_249' title='bbox 2138 3363 2298 3411; x_wconf 88' lang='lat' dir='ltr'><strong>modo</strong></span> 
     </span>
    </p>
   </div>
   <div class='ocr_carea' id='block_1_36' title="bbox 737 3451 2300 3517">
    <p class='ocr_par' dir='ltr' id='par_1_36' title="bbox 737 3451 2300 3517">
     <span class='ocr_line' id='line_1_36' title="bbox 737 3451 2300 3517; baseline -0.004 -6"><span class='ocrx_word' id='word_1_250' title='bbox 737 3474 850 3511; x_wconf 85' lang='lat' dir='ltr'><strong>eam</strong></span> <span class='ocrx_word' id='word_1_251' title='bbox 885 3473 1003 3510; x_wconf 81' lang='lat' dir='ltr'><strong>esse</strong></span> <span class='ocrx_word' id='word_1_252' title='bbox 1030 3465 1288 3517; x_wconf 85' lang='lat' dir='ltr'><strong>creatam,</strong></span> <span class='ocrx_word' id='word_1_253' title='bbox 1321 3453 1477 3505; x_wconf 89' lang='lat' dir='ltr'><strong>modo</strong></span> <span class='ocrx_word' id='word_1_254' title='bbox 1510 3467 1538 3504; x_wconf 89' lang='lat' dir='ltr'><strong>a</strong></span> <span class='ocrx_word' id='word_1_255' title='bbox 1571 3453 1752 3504; x_wconf 86' lang='lat' dir='ltr'><strong>divina</strong></span> <span class='ocrx_word' id='word_1_256' title='bbox 1803 3451 2036 3504; x_wconf 77' lang='lat' dir='ltr'><strong>essentia</strong></span> <span class='ocrx_word' id='word_1_257' title='bbox 2078 3451 2300 3504; x_wconf 91' lang='lat' dir='ltr'><strong>minimo</strong></span> 
     </span>
    </p>
   </div>
   <div class='ocr_carea' id='block_1_37' title="bbox 733 3543 2300 3608">
    <p class='ocr_par' dir='ltr' id='par_1_37' title="bbox 733 3543 2300 3608">
     <span class='ocr_line' id='line_1_37' title="bbox 733 3543 2300 3608; baseline -0.001 -9"><span class='ocrx_word' id='word_1_258' title='bbox 733 3554 1044 3604; x_wconf 80' lang='lat' dir='ltr'><strong>distinctam</strong></span> <span class='ocrx_word' id='word_1_259' title='bbox 1086 3549 1345 3608; x_wconf 85' lang='lat' dir='ltr'><strong>dicentes,</strong></span> <span class='ocrx_word' id='word_1_260' title='bbox 1381 3545 1517 3597; x_wconf 89' lang='lat' dir='ltr'><strong>alias</strong></span> <span class='ocrx_word' id='word_1_261' title='bbox 1569 3543 1731 3595; x_wconf 80' lang='lat' dir='ltr'><strong>aliam</strong></span> <span class='ocrx_word' id='word_1_262' title='bbox 1791 3557 1981 3596; x_wconf 87' lang='lat' dir='ltr'><strong>rursus</strong></span> <span class='ocrx_word' id='word_1_263' title='bbox 2039 3543 2300 3598; x_wconf 82' lang='lat' dir='ltr'><strong>innovant</strong></span> 
     </span>
    </p>
   </div>
   <div class='ocr_carea' id='block_1_38' title="bbox 739 3634 2302 3710">
    <p class='ocr_par' dir='ltr' id='par_1_38' title="bbox 739 3634 2302 3710">
     <span class='ocr_line' id='line_1_38' title="bbox 739 3634 2302 3710; baseline -0.007 -16"><span class='ocrx_word' id='word_1_264' title='bbox 739 3642 1092 3710; x_wconf 75' lang='lat' dir='ltr'><strong>impietatem,</strong></span> <span class='ocrx_word' id='word_1_265' title='bbox 1124 3636 1364 3691; x_wconf 79' lang='lat' dir='ltr'><strong>docendo</strong></span> <span class='ocrx_word' id='word_1_266' title='bbox 1413 3650 1572 3688; x_wconf 83' lang='lat' dir='ltr'><strong>unam</strong></span> <span class='ocrx_word' id='word_1_267' title='bbox 1624 3648 1742 3688; x_wconf 86' lang='lat' dir='ltr'><strong>esse</strong></span> <span class='ocrx_word' id='word_1_268' title='bbox 1789 3634 2082 3686; x_wconf 87' lang='lat' dir='ltr'><strong>increatant</strong></span> <span class='ocrx_word' id='word_1_269' title='bbox 2110 3649 2302 3701; x_wconf 78' lang='lat' dir='ltr'><strong>opera-</strong></span> 
     </span>
    </p>
   </div>
   <div class='ocr_carea' id='block_1_39' title="bbox 736 3724 2301 3797">
    <p class='ocr_par' dir='ltr' id='par_1_39' title="bbox 736 3724 2301 3797">
     <span class='ocr_line' id='line_1_39' title="bbox 736 3724 2301 3797; baseline -0.005 -11"><span class='ocrx_word' id='word_1_270' title='bbox 736 3739 964 3794; x_wconf 82' lang='lat' dir='ltr'><strong>tionem,</strong></span> <span class='ocrx_word' id='word_1_271' title='bbox 994 3743 1182 3797; x_wconf 82' lang='lat' dir='ltr'><strong>nempe</strong></span> <span class='ocrx_word' id='word_1_272' title='bbox 1242 3727 1572 3796; x_wconf 78' lang='lat' dir='ltr'><strong>unigenitum</strong></span> <span class='ocrx_word' id='word_1_273' title='bbox 1608 3725 1784 3779; x_wconf 85' lang='lat' dir='ltr'><strong>Patris</strong></span> <span class='ocrx_word' id='word_1_274' title='bbox 1818 3724 2049 3790; x_wconf 81' lang='lat' dir='ltr'><strong>Filium;</strong></span> <span class='ocrx_word' id='word_1_275' title='bbox 2074 3735 2120 3777; x_wconf 88' lang='lat' dir='ltr'><strong>et</strong></span> <span class='ocrx_word' id='word_1_276' title='bbox 2166 3729 2301 3778; x_wconf 89' lang='lat' dir='ltr'><strong>hanc</strong></span> 
     </span>
    </p>
   </div>
   <div class='ocr_carea' id='block_1_40' title="bbox 740 3817 2301 3884">
    <p class='ocr_par' dir='ltr' id='par_1_40' title="bbox 740 3817 2301 3884">
     <span class='ocr_line' id='line_1_40' title="bbox 740 3817 2301 3884; baseline -0.004 -8"><span class='ocrx_word' id='word_1_277' title='bbox 740 3825 979 3877; x_wconf 80' lang='lat' dir='ltr'><strong>volentes</strong></span> <span class='ocrx_word' id='word_1_278' title='bbox 1007 3821 1331 3875; x_wconf 82' lang='lat' dir='ltr'><strong>Sententiatn</strong></span> <span class='ocrx_word' id='word_1_279' title='bbox 1374 3819 1722 3878; x_wconf 76' lang='lat' dir='ltr'><strong>conﬁrmare,</strong></span> <span class='ocrx_word' id='word_1_280' title='bbox 1746 3817 1863 3871; x_wconf 68' lang='lat' dir='ltr'><strong>haec</strong></span> <span class='ocrx_word' id='word_1_281' title='bbox 1903 3817 2180 3884; x_wconf 83' lang='lat' dir='ltr'><strong>proleruut</strong></span> <span class='ocrx_word' id='word_1_282' title='bbox 2212 3832 2301 3869; x_wconf 79' lang='lat' dir='ltr'><strong>ve-</strong></span> 
     </span>
    </p>
   </div>
   <div class='ocr_carea' id='block_1_41' title="bbox 739 3909 2303 3983">
    <p class='ocr_par' dir='ltr' id='par_1_41' title="bbox 739 3909 2303 3983">
     <span class='ocr_line' id='line_1_41' title="bbox 739 3909 2303 3983; baseline -0.005 -13"><span class='ocrx_word' id='word_1_283' title='bbox 739 3917 992 3970; x_wconf 79' lang='lat' dir='ltr'><strong>nerabilis</strong></span> <span class='ocrx_word' id='word_1_284' title='bbox 1023 3914 1204 3983; x_wconf 80' lang='lat' dir='ltr'><strong>Cyrilli</strong></span> <span class='ocrx_word' id='word_1_285' title='bbox 1257 3911 1462 3966; x_wconf 84' lang='lat' dir='ltr'><strong>verba:</strong></span> <span class='ocrx_word' id='word_1_286' title='bbox 1503 3929 1520 3961; x_wconf 80' lang='grc' dir='ltr'><strong>ι</strong></span> <span class='ocrx_word' id='word_1_287' title='bbox 1569 3909 1688 3964; x_wconf 84' lang='lat' dir='ltr'><strong>Vita</strong></span> <span class='ocrx_word' id='word_1_288' title='bbox 1737 3925 1896 3978; x_wconf 88' lang='lat' dir='ltr'><strong>quam</strong></span> <span class='ocrx_word' id='word_1_289' title='bbox 1948 3909 2106 3963; x_wconf 84' lang='lat' dir='ltr'><strong>liabet</strong></span> <span class='ocrx_word' id='word_1_290' title='bbox 2150 3910 2303 3964; x_wconf 80' lang='lat' dir='ltr'><strong>Pater</strong></span> 
     </span>
    </p>
   </div>
   <div class='ocr_carea' id='block_1_42' title="bbox 738 4002 2301 4074">
    <p class='ocr_par' dir='ltr' id='par_1_42' title="bbox 738 4002 2301 4074">
     <span class='ocr_line' id='line_1_42' title="bbox 738 4002 2301 4074; baseline -0.005 -12"><span class='ocrx_word' id='word_1_291' title='bbox 738 4012 788 4063; x_wconf 91' lang='lat' dir='ltr'><strong>in</strong></span> <span class='ocrx_word' id='word_1_292' title='bbox 829 4010 1145 4074; x_wconf 77' lang='lat' dir='ltr'><strong>Sclltctipso,</strong></span> <span class='ocrx_word' id='word_1_293' title='bbox 1177 4021 1282 4059; x_wconf 92' lang='lat' dir='ltr'><strong>non</strong></span> <span class='ocrx_word' id='word_1_294' title='bbox 1337 4005 1481 4057; x_wconf 94' lang='lat' dir='ltr'><strong>aliud</strong></span> <span class='ocrx_word' id='word_1_295' title='bbox 1520 4013 1605 4057; x_wconf 90' lang='lat' dir='ltr'><strong>est</strong></span> <span class='ocrx_word' id='word_1_296' title='bbox 1652 4017 1814 4072; x_wconf 89' lang='lat' dir='ltr'><strong>quam</strong></span> <span class='ocrx_word' id='word_1_297' title='bbox 1868 4002 2156 4066; x_wconf 82' lang='lat' dir='ltr'><strong>Filius;et</strong></span> <span class='ocrx_word' id='word_1_298' title='bbox 2195 4004 2301 4056; x_wconf 91' lang='lat' dir='ltr'><strong>vita</strong></span> 
     </span>
    </p>
   </div>
   <div class='ocr_carea' id='block_1_43' title="bbox 738 4095 2301 4168">
    <p class='ocr_par' dir='ltr' id='par_1_43' title="bbox 738 4095 2301 4168">
     <span class='ocr_line' id='line_1_43' title="bbox 738 4095 2301 4168; baseline -0.001 -18"><span class='ocrx_word' id='word_1_299' title='bbox 738 4117 856 4168; x_wconf 84' lang='lat' dir='ltr'><strong>quae</strong></span> <span class='ocrx_word' id='word_1_300' title='bbox 885 4112 965 4152; x_wconf 86' lang='lat' dir='ltr'><strong>est</strong></span> <span class='ocrx_word' id='word_1_301' title='bbox 993 4101 1044 4150; x_wconf 93' lang='lat' dir='ltr'><strong>in</strong></span> <span class='ocrx_word' id='word_1_302' title='bbox 1078 4097 1236 4160; x_wconf 84' lang='lat' dir='ltr'><strong>Filio,</strong></span> <span class='ocrx_word' id='word_1_303' title='bbox 1259 4112 1367 4150; x_wconf 85' lang='lat' dir='ltr'><strong>non</strong></span> <span class='ocrx_word' id='word_1_304' title='bbox 1408 4096 1552 4148; x_wconf 88' lang='lat' dir='ltr'><strong>aliud</strong></span> <span class='ocrx_word' id='word_1_305' title='bbox 1608 4111 1771 4162; x_wconf 86' lang='lat' dir='ltr'><strong>quam</strong></span> <span class='ocrx_word' id='word_1_306' title='bbox 1818 4096 1981 4148; x_wconf 89' lang='lat' dir='ltr'><strong>Pater</strong></span> <span class='ocrx_word' id='word_1_307' title='bbox 2009 4108 2112 4149; x_wconf 87' lang='lat' dir='ltr'><strong>est.</strong></span> <span class='ocrx_word' id='word_1_308' title='bbox 2149 4095 2301 4159; x_wconf 78' lang='lat' dir='ltr'><strong>Quod</strong></span> 
     </span>
    </p>
   </div>
   <div class='ocr_carea' id='block_1_44' title="bbox 741 4184 2296 4259">
    <p class='ocr_par' dir='ltr' id='par_1_44' title="bbox 741 4184 2296 4259">
     <span class='ocr_line' id='line_1_44' title="bbox 741 4184 2296 4259; baseline -0.003 -19"><span class='ocrx_word' id='word_1_309' title='bbox 741 4195 928 4259; x_wconf 86' lang='lat' dir='ltr'><strong>probat</strong></span> <span class='ocrx_word' id='word_1_310' title='bbox 961 4191 1050 4257; x_wconf 79' lang='lat' dir='ltr'><strong>qui</strong></span> <span class='ocrx_word' id='word_1_311' title='bbox 1079 4191 1249 4242; x_wconf 80' lang='lat' dir='ltr'><strong>dicit:</strong></span> <span class='ocrx_word' id='word_1_312' title='bbox 1288 4205 1304 4237; x_wconf 79' lang='grc' dir='ltr'><strong>ι</strong></span> <span class='ocrx_word' id='word_1_313' title='bbox 1353 4185 1464 4254; x_wconf 73' lang='lat' dir='ltr'><strong>Ego</strong></span> <span class='ocrx_word' id='word_1_314' title='bbox 1497 4187 1547 4238; x_wconf 88' lang='lat' dir='ltr'><strong>itt</strong></span> <span class='ocrx_word' id='word_1_315' title='bbox 1572 4185 1753 4248; x_wconf 81' lang='lat' dir='ltr'><strong>Patre,</strong></span> <span class='ocrx_word' id='word_1_316' title='bbox 1777 4195 1830 4238; x_wconf 90' lang='lat' dir='ltr'><strong>et</strong></span> <span class='ocrx_word' id='word_1_317' title='bbox 1861 4184 2018 4238; x_wconf 86' lang='lat' dir='ltr'><strong>Pater</strong></span> <span class='ocrx_word' id='word_1_318' title='bbox 2057 4187 2108 4240; x_wconf 93' lang='lat' dir='ltr'><strong>in</strong></span> <span class='ocrx_word' id='word_1_319' title='bbox 2142 4202 2245 4240; x_wconf 89' lang='lat' dir='ltr'><strong>tne.</strong></span> <span class='ocrx_word' id='word_1_320' title='bbox 2277 4204 2296 4236; x_wconf 72' lang='grc' dir='ltr'><strong>ι</strong></span> 
     </span>
    </p>
   </div>
   <div class='ocr_carea' id='block_1_45' title="bbox 736 4277 2302 4345">
    <p class='ocr_par' dir='ltr' id='par_1_45' title="bbox 736 4277 2302 4345">
     <span class='ocr_line' id='line_1_45' title="bbox 736 4277 2302 4345; baseline -0.004 -10"><span class='ocrx_word' id='word_1_321' title='bbox 736 4288 806 4335; x_wconf 74' lang='lat' dir='ltr'><strong>At</strong></span> <span class='ocrx_word' id='word_1_322' title='bbox 847 4298 941 4333; x_wconf 83' lang='lat' dir='ltr'><strong>nos</strong></span> <span class='ocrx_word' id='word_1_323' title='bbox 995 4282 1139 4332; x_wconf 82' lang='lat' dir='ltr'><strong>velut</strong></span> <span class='ocrx_word' id='word_1_324' title='bbox 1193 4282 1246 4331; x_wconf 90' lang='lat' dir='ltr'><strong>in</strong></span> <span class='ocrx_word' id='word_1_325' title='bbox 1293 4277 1633 4345; x_wconf 81' lang='lat' dir='ltr'><strong>compendio,</strong></span> <span class='ocrx_word' id='word_1_326' title='bbox 1661 4287 1925 4344; x_wconf 88' lang='lat' dir='ltr'><strong>quantum</strong></span> <span class='ocrx_word' id='word_1_327' title='bbox 1984 4279 2302 4344; x_wconf 80' lang='lat' dir='ltr'><strong>poterimus,</strong></span> 
     </span>
    </p>
   </div>
   <div class='ocr_carea' id='block_1_46' title="bbox 739 4370 2307 4433">
    <p class='ocr_par' dir='ltr' id='par_1_46' title="bbox 739 4370 2307 4433">
     <span class='ocr_line' id='line_1_46' title="bbox 739 4370 2307 4433; baseline -0.003 -7"><span class='ocrx_word' id='word_1_328' title='bbox 739 4377 1083 4426; x_wconf 69' lang='lat' dir='ltr'><strong>ostendemus</strong></span> <span class='ocrx_word' id='word_1_329' title='bbox 1117 4373 1310 4424; x_wconf 88' lang='lat' dir='ltr'><strong>horum</strong></span> <span class='ocrx_word' id='word_1_330' title='bbox 1342 4370 1516 4422; x_wconf 89' lang='lat' dir='ltr'><strong>sancti</strong></span> <span class='ocrx_word' id='word_1_331' title='bbox 1551 4371 1846 4422; x_wconf 83' lang='lat' dir='ltr'><strong>verborum</strong></span> <span class='ocrx_word' id='word_1_332' title='bbox 1883 4371 2307 4433; x_wconf 85' lang='lat' dir='ltr'><strong>sententiani,et</strong></span> 
     </span>
    </p>
   </div>
   <div class='ocr_carea' id='block_1_47' title="bbox 739 4460 2309 4532">
    <p class='ocr_par' dir='ltr' id='par_1_47' title="bbox 739 4460 2309 4532">
     <span class='ocr_line' id='line_1_47' title="bbox 739 4460 2309 4532; baseline -0.002 -15"><span class='ocrx_word' id='word_1_333' title='bbox 739 4481 923 4519; x_wconf 88' lang='lat' dir='ltr'><strong>eorum</strong></span> <span class='ocrx_word' id='word_1_334' title='bbox 953 4464 1041 4532; x_wconf 87' lang='lat' dir='ltr'><strong>qui</strong></span> <span class='ocrx_word' id='word_1_335' title='bbox 1072 4462 1389 4514; x_wconf 78' lang='lat' dir='ltr'><strong>densissima</strong></span> <span class='ocrx_word' id='word_1_336' title='bbox 1433 4460 1604 4526; x_wconf 87' lang='lat' dir='ltr'><strong>operti</strong></span> <span class='ocrx_word' id='word_1_337' title='bbox 1639 4461 1866 4527; x_wconf 76' lang='lat' dir='ltr'><strong>caligine</strong></span> <span class='ocrx_word' id='word_1_338' title='bbox 1906 4462 2059 4515; x_wconf 76' lang='lat' dir='ltr'><strong>nobis</strong></span> <span class='ocrx_word' id='word_1_339' title='bbox 2094 4471 2309 4515; x_wconf 81' lang='lat' dir='ltr'><strong>contra-</strong></span> 
     </span>
    </p>
   </div>
   <div class='ocr_carea' id='block_1_48' title="bbox 2426 611 3986 684">
    <p class='ocr_par' dir='ltr' id='par_1_48' title="bbox 2426 611 3986 684">
     <span class='ocr_line' id='line_1_48' title="bbox 2426 611 3986 684; baseline -0.001 -20"><span class='ocrx_word' id='word_1_340' title='bbox 2426 611 2647 678; x_wconf 82' lang='grc' dir='ltr'><strong>μονάδα·</strong></span> <span class='ocrx_word' id='word_1_341' title='bbox 2672 611 2951 674; x_wconf 84' lang='grc' dir='ltr'>δυσσεϐεῖς</span> <span class='ocrx_word' id='word_1_342' title='bbox 2989 613 3068 677; x_wconf 85' lang='grc' dir='ltr'>δὲ,</span> <span class='ocrx_word' id='word_1_343' title='bbox 3105 616 3185 665; x_wconf 85' lang='grc' dir='ltr'>ὅτι</span> <span class='ocrx_word' id='word_1_344' title='bbox 3215 614 3284 665; x_wconf 79' lang='grc' dir='ltr'>δι’</span> <span class='ocrx_word' id='word_1_345' title='bbox 3312 614 3558 682; x_wconf 79' lang='grc' dir='ltr'>ἀλλήλων</span> <span class='ocrx_word' id='word_1_346' title='bbox 3581 613 3862 684; x_wconf 85' lang='grc' dir='ltr'>ἀναιροῦσι</span> <span class='ocrx_word' id='word_1_347' title='bbox 3897 616 3986 666; x_wconf 59' lang='grc' dir='ltr'>καῖ</span> 
     </span>
    </p>
   </div>
   <div class='ocr_carea' id='block_1_49' title="bbox 2422 704 3989 779">
    <p class='ocr_par' dir='ltr' id='par_1_49' title="bbox 2422 704 3989 779">
     <span class='ocr_line' id='line_1_49' title="bbox 2422 704 3989 779; baseline 0.001 -22"><span class='ocrx_word' id='word_1_348' title='bbox 2422 704 2522 773; x_wconf 84' lang='grc' dir='ltr'>τὴν</span> <span class='ocrx_word' id='word_1_349' title='bbox 2555 706 2747 759; x_wconf 83' lang='grc' dir='ltr'>οὐσίαν</span> <span class='ocrx_word' id='word_1_350' title='bbox 2776 706 2870 760; x_wconf 79' lang='grc' dir='ltr'><strong>καὶ</strong></span> <span class='ocrx_word' id='word_1_351' title='bbox 2889 707 2987 777; x_wconf 71' lang='grc' dir='ltr'>τὴν</span> <span class='ocrx_word' id='word_1_352' title='bbox 3018 709 3320 776; x_wconf 82' lang='grc' dir='ltr'>ἐνέργειαν.</span> <span class='ocrx_word' id='word_1_353' title='bbox 3360 707 3431 761; x_wconf 84' lang='grc' dir='ltr'>Τὸ</span> <span class='ocrx_word' id='word_1_354' title='bbox 3459 709 3568 779; x_wconf 88' lang='grc' dir='ltr'><strong>γάρ</strong></span> <span class='ocrx_word' id='word_1_355' title='bbox 3604 711 3740 776; x_wconf 76' lang='grc' dir='ltr'><strong>πρὸς</strong></span> <span class='ocrx_word' id='word_1_356' title='bbox 3781 709 3989 776; x_wconf 75' lang='grc' dir='ltr'>ἕτερον,</span> 
     </span>
    </p>
   </div>
   <div class='ocr_carea' id='block_1_50' title="bbox 2419 799 3987 870">
    <p class='ocr_par' dir='ltr' id='par_1_50' title="bbox 2419 799 3987 870">
     <span class='ocr_line' id='line_1_50' title="bbox 2419 799 3987 870; baseline -0.001 -19"><span class='ocrx_word' id='word_1_357' title='bbox 2419 801 2523 853; x_wconf 83' lang='grc' dir='ltr'><strong>οὐκ</strong></span> <span class='ocrx_word' id='word_1_358' title='bbox 2551 800 2697 851; x_wconf 74' lang='grc' dir='ltr'>ἐστιν</span> <span class='ocrx_word' id='word_1_359' title='bbox 2726 799 2902 862; x_wconf 82' lang='grc' dir='ltr'>οὐσία,</span> <span class='ocrx_word' id='word_1_360' title='bbox 2933 800 3025 852; x_wconf 76' lang='grc' dir='ltr'><strong>καὶ</strong></span> <span class='ocrx_word' id='word_1_361' title='bbox 3051 801 3112 853; x_wconf 83' lang='grc' dir='ltr'>τὸ</span> <span class='ocrx_word' id='word_1_362' title='bbox 3142 801 3265 852; x_wconf 82' lang='grc' dir='ltr'>καθ’</span> <span class='ocrx_word' id='word_1_363' title='bbox 3293 801 3476 862; x_wconf 84' lang='grc' dir='ltr'>ἑαυτὸ,</span> <span class='ocrx_word' id='word_1_364' title='bbox 3517 802 3656 870; x_wconf 81' lang='grc' dir='ltr'>πρὸς</span> <span class='ocrx_word' id='word_1_365' title='bbox 3687 801 3872 869; x_wconf 76' lang='grc' dir='ltr'>ἕτερον</span> <span class='ocrx_word' id='word_1_366' title='bbox 3893 801 3987 852; x_wconf 72' lang='grc' dir='ltr'>οὖν</span> 
     </span>
    </p>
   </div>
   <div class='ocr_carea' id='block_1_51' title="bbox 2421 891 3995 964">
    <p class='ocr_par' dir='ltr' id='par_1_51' title="bbox 2421 891 3995 964">
     <span class='ocr_line' id='line_1_51' title="bbox 2421 891 3995 964; baseline 0.001 -20"><span class='ocrx_word' id='word_1_367' title='bbox 2421 891 2588 945; x_wconf 77' lang='grc' dir='ltr'>ἐστιν.</span> <span class='ocrx_word' id='word_1_368' title='bbox 2621 893 2681 945; x_wconf 80' lang='lat' dir='ltr'><strong>El</strong></span> <span class='ocrx_word' id='word_1_369' title='bbox 2711 891 2839 959; x_wconf 89' lang='grc' dir='ltr'>γοῦν</span> <span class='ocrx_word' id='word_1_370' title='bbox 2869 892 3041 946; x_wconf 90' lang='grc' dir='ltr'>ταῦτα</span> <span class='ocrx_word' id='word_1_371' title='bbox 3073 894 3238 963; x_wconf 79' lang='grc' dir='ltr'>μηδὲν</span> <span class='ocrx_word' id='word_1_372' title='bbox 3259 894 3606 964; x_wconf 73' lang='grc' dir='ltr'><strong>διαφέρουσιν</strong></span> <span class='ocrx_word' id='word_1_373' title='bbox 3632 894 3899 963; x_wconf 72' lang='grc' dir='ltr'>ἀλλήλων,</span> <span class='ocrx_word' id='word_1_374' title='bbox 3929 894 3995 945; x_wconf 82' lang='grc' dir='ltr'>δι’</span> 
     </span>
    </p>
   </div>
   <div class='ocr_carea' id='block_1_52' title="bbox 2421 983 3981 1054">
    <p class='ocr_par' dir='ltr' id='par_1_52' title="bbox 2421 983 3981 1054">
     <span class='ocr_line' id='line_1_52' title="bbox 2421 983 3981 1054; baseline -0.002 -16"><span class='ocrx_word' id='word_1_375' title='bbox 2421 983 2665 1054; x_wconf 84' lang='grc' dir='ltr'>ἀλλήλων</span> <span class='ocrx_word' id='word_1_376' title='bbox 2699 984 3048 1053; x_wconf 70' lang='grc' dir='ltr'><strong>ἀναιροῦνται</strong></span> <span class='ocrx_word' id='word_1_377' title='bbox 3076 1003 3090 1016; x_wconf 75' lang='grc' dir='ltr'>ο</span> <span class='ocrx_word' id='word_1_378' title='bbox 3122 987 3317 1053; x_wconf 78' lang='grc' dir='ltr'>μᾶλλον</span> <span class='ocrx_word' id='word_1_379' title='bbox 3349 987 3405 1038; x_wconf 81' lang='grc' dir='ltr'><strong>δέ</strong></span> <span class='ocrx_word' id='word_1_380' title='bbox 3433 987 3558 1048; x_wconf 79' lang='grc' dir='ltr'>τοὺς</span> <span class='ocrx_word' id='word_1_381' title='bbox 3607 986 3771 1054; x_wconf 79' lang='grc' dir='ltr'>μηδὲν</span> <span class='ocrx_word' id='word_1_382' title='bbox 3811 985 3981 1050; x_wconf 78' lang='grc' dir='ltr'>διαιρέ-</span> 
     </span>
    </p>
   </div>
   <div class='ocr_carea' id='block_1_53' title="bbox 2425 1073 3994 1144">
    <p class='ocr_par' dir='ltr' id='par_1_53' title="bbox 2425 1073 3994 1144">
     <span class='ocr_line' id='line_1_53' title="bbox 2425 1073 3994 1144; baseline 0 -18"><span class='ocrx_word' id='word_1_383' title='bbox 2425 1089 2536 1142; x_wconf 82' lang='grc' dir='ltr'>ρειν</span> <span class='ocrx_word' id='word_1_384' title='bbox 2568 1073 2741 1128; x_wconf 90' lang='grc' dir='ltr'>ταῦτα</span> <span class='ocrx_word' id='word_1_385' title='bbox 2767 1075 3042 1143; x_wconf 81' lang='grc' dir='ltr'>λέγοντας,</span> <span class='ocrx_word' id='word_1_386' title='bbox 3066 1075 3157 1129; x_wconf 86' lang='grc' dir='ltr'><strong>τοῦ</strong></span> <span class='ocrx_word' id='word_1_387' title='bbox 3203 1077 3508 1144; x_wconf 80' lang='grc' dir='ltr'>καταλόγου</span> <span class='ocrx_word' id='word_1_388' title='bbox 3561 1077 3672 1128; x_wconf 85' lang='grc' dir='ltr'><strong>τῶν</strong></span> <span class='ocrx_word' id='word_1_389' title='bbox 3725 1075 3994 1127; x_wconf 70' lang='grc' dir='ltr'>θεοσεϐῶν</span> 
     </span>
    </p>
   </div>
   <div class='ocr_carea' id='block_1_54' title="bbox 2423 1166 2744 1238">
    <p class='ocr_par' dir='ltr' id='par_1_54' title="bbox 2423 1166 2744 1238">
     <span class='ocr_line' id='line_1_54' title="bbox 2423 1166 2744 1238; baseline 0 -17"><span class='ocrx_word' id='word_1_390' title='bbox 2423 1166 2744 1238; x_wconf 77' lang='grc' dir='ltr'>ἐξαίρουσιν.</span> 
     </span>
    </p>
   </div>
   <div class='ocr_carea' id='block_1_55' title="bbox 2479 1282 3983 1354">
    <p class='ocr_par' dir='ltr' id='par_1_55' title="bbox 2479 1282 3983 1354">
     <span class='ocr_line' id='line_1_55' title="bbox 2479 1282 3983 1354; baseline 0 -18"><span class='ocrx_word' id='word_1_391' title='bbox 2479 1282 2593 1354; x_wconf 87' lang='grc' dir='ltr'>ριδ¹.</span> <span class='ocrx_word' id='word_1_392' title='bbox 2639 1283 2778 1337; x_wconf 76' lang='grc' dir='ltr'><strong>Ἀλλ’</strong></span> <span class='ocrx_word' id='word_1_393' title='bbox 2806 1285 2967 1354; x_wconf 74' lang='grc' dir='ltr'>ἡμετς</span> <span class='ocrx_word' id='word_1_394' title='bbox 3012 1284 3106 1336; x_wconf 76' lang='grc' dir='ltr'><strong>καὶ</strong></span> <span class='ocrx_word' id='word_1_395' title='bbox 3142 1283 3287 1352; x_wconf 58' lang='grc' dir='ltr'><strong>ζωὴν</strong></span> <span class='ocrx_word' id='word_1_396' title='bbox 3327 1284 3486 1353; x_wconf 81' lang='grc' dir='ltr'>ἡμῶν</span> <span class='ocrx_word' id='word_1_397' title='bbox 3531 1283 3650 1336; x_wconf 82' lang='grc' dir='ltr'>κατ’</span> <span class='ocrx_word' id='word_1_398' title='bbox 3704 1283 3884 1336; x_wconf 76' lang='grc' dir='ltr'>αἰτίαν</span> <span class='ocrx_word' id='word_1_399' title='bbox 3923 1301 3983 1338; x_wconf 87' lang='grc' dir='ltr'>τε</span> 
     </span>
    </p>
   </div>
   <div class='ocr_carea' id='block_1_56' title="bbox 2404 1370 3983 1445">
    <p class='ocr_par' dir='ltr' id='par_1_56' title="bbox 2404 1370 3983 1445">
     <span class='ocr_line' id='line_1_56' title="bbox 2404 1370 3983 1445; baseline -0.003 -18"><span class='ocrx_word' id='word_1_400' title='bbox 2404 1376 2498 1428; x_wconf 77' lang='grc' dir='ltr'><strong>καὶ</strong></span> <span class='ocrx_word' id='word_1_401' title='bbox 2526 1376 2831 1444; x_wconf 84' lang='grc' dir='ltr'>ἐνέργειαν,</span> <span class='ocrx_word' id='word_1_402' title='bbox 2859 1374 3230 1445; x_wconf 80' lang='grc' dir='ltr'>ὁμολογοῦμεν</span> <span class='ocrx_word' id='word_1_403' title='bbox 3261 1370 3398 1427; x_wconf 79' lang='grc' dir='ltr'>εἶναι</span> <span class='ocrx_word' id='word_1_404' title='bbox 3429 1373 3520 1426; x_wconf 80' lang='grc' dir='ltr'>τὸν</span> <span class='ocrx_word' id='word_1_405' title='bbox 3543 1373 3636 1426; x_wconf 80' lang='grc' dir='ltr'>τοῦ</span> <span class='ocrx_word' id='word_1_406' title='bbox 3667 1372 3803 1425; x_wconf 89' lang='grc' dir='ltr'>Θεοῦ</span> <span class='ocrx_word' id='word_1_407' title='bbox 3835 1374 3983 1436; x_wconf 77' lang='grc' dir='ltr'>Υἱδν,</span> 
     </span>
    </p>
   </div>
   <div class='ocr_carea' id='block_1_57' title="bbox 2405 1461 3986 1536">
    <p class='ocr_par' dir='ltr' id='par_1_57' title="bbox 2405 1461 3986 1536">
     <span class='ocr_line' id='line_1_57' title="bbox 2405 1461 3986 1536; baseline -0.002 -19"><span class='ocrx_word' id='word_1_408' title='bbox 2405 1465 2498 1517; x_wconf 79' lang='grc' dir='ltr'><strong>καὶ</strong></span> <span class='ocrx_word' id='word_1_409' title='bbox 2533 1465 2678 1536; x_wconf 75' lang='grc' dir='ltr'>ζωὴν</span> <span class='ocrx_word' id='word_1_410' title='bbox 2707 1461 2846 1518; x_wconf 74' lang='grc' dir='ltr'>εἶναι</span> <span class='ocrx_word' id='word_1_411' title='bbox 2873 1465 3062 1517; x_wconf 84' lang='grc' dir='ltr'>τοῦτον</span> <span class='ocrx_word' id='word_1_412' title='bbox 3118 1465 3281 1517; x_wconf 75' lang='grc' dir='ltr'>αὐτὸν</span> <span class='ocrx_word' id='word_1_413' title='bbox 3325 1465 3445 1517; x_wconf 78' lang='grc' dir='ltr'>καθ’</span> <span class='ocrx_word' id='word_1_414' title='bbox 3491 1465 3706 1524; x_wconf 74' lang='grc' dir='ltr'>ἐαυτὸν,</span> <span class='ocrx_word' id='word_1_415' title='bbox 3739 1463 3986 1532; x_wconf 79' lang='grc' dir='ltr'><strong>ἀσχέτως</strong></span> 
     </span>
    </p>
   </div>
   <div class='ocr_carea' id='block_1_58' title="bbox 2401 1554 3984 1625">
    <p class='ocr_par' dir='ltr' id='par_1_58' title="bbox 2401 1554 3984 1625">
     <span class='ocr_line' id='line_1_58' title="bbox 2401 1554 3984 1625; baseline -0.003 -15"><span class='ocrx_word' id='word_1_416' title='bbox 2401 1572 2462 1610; x_wconf 83' lang='grc' dir='ltr'><strong>τε</strong></span> <span class='ocrx_word' id='word_1_417' title='bbox 2492 1557 2586 1610; x_wconf 69' lang='grc' dir='ltr'><strong>καὶ</strong></span> <span class='ocrx_word' id='word_1_418' title='bbox 2619 1556 3034 1625; x_wconf 84' lang='grc' dir='ltr'>ἀπολελυμένως</span> <span class='ocrx_word' id='word_1_419' title='bbox 3065 1558 3264 1623; x_wconf 72' lang='grc' dir='ltr'><strong>πάντη,</strong></span> <span class='ocrx_word' id='word_1_420' title='bbox 3288 1557 3381 1608; x_wconf 77' lang='grc' dir='ltr'>καὶ</span> <span class='ocrx_word' id='word_1_421' title='bbox 3406 1557 3672 1614; x_wconf 80' lang='grc' dir='ltr'>ἀκτίστως</span> <span class='ocrx_word' id='word_1_422' title='bbox 3698 1555 3843 1623; x_wconf 83' lang='grc' dir='ltr'>ἐχειν</span> <span class='ocrx_word' id='word_1_423' title='bbox 3871 1554 3984 1606; x_wconf 51' lang='grc' dir='ltr'>τοῦ.</span> 
     </span>
    </p>
   </div>
   <div class='ocr_carea' id='block_1_59' title="bbox 2400 1647 3984 1718">
    <p class='ocr_par' dir='ltr' id='par_1_59' title="bbox 2400 1647 3984 1718">
     <span class='ocr_line' id='line_1_59' title="bbox 2400 1647 3984 1718; baseline -0.003 -18"><span class='ocrx_word' id='word_1_424' title='bbox 2400 1664 2493 1700; x_wconf 90' lang='grc' dir='ltr'><strong>τον</strong></span> <span class='ocrx_word' id='word_1_425' title='bbox 2522 1647 2812 1718; x_wconf 86' lang='grc' dir='ltr'>ἀμφότερά</span> <span class='ocrx_word' id='word_1_426' title='bbox 2854 1665 3052 1717; x_wconf 73' lang='grc' dir='ltr'>φαμενο</span> <span class='ocrx_word' id='word_1_427' title='bbox 3083 1649 3345 1710; x_wconf 76' lang='grc' dir='ltr'><strong>ὡσαύτως</strong></span> <span class='ocrx_word' id='word_1_428' title='bbox 3381 1649 3473 1699; x_wconf 66' lang='grc' dir='ltr'>καὶ</span> <span class='ocrx_word' id='word_1_429' title='bbox 3504 1649 3594 1698; x_wconf 63' lang='grc' dir='ltr'><strong>τὶν</strong></span> <span class='ocrx_word' id='word_1_430' title='bbox 3636 1649 3856 1717; x_wconf 81' lang='grc' dir='ltr'>Πατέρα</span> <span class='ocrx_word' id='word_1_431' title='bbox 3893 1650 3984 1698; x_wconf 49' lang='grc' dir='ltr'><strong>καί</strong></span> 
     </span>
    </p>
   </div>
   <div class='ocr_carea' id='block_1_60' title="bbox 2399 1739 3984 1810">
    <p class='ocr_par' dir='ltr' id='par_1_60' title="bbox 2399 1739 3984 1810">
     <span class='ocr_line' id='line_1_60' title="bbox 2399 1739 3984 1810; baseline 0 -18"><span class='ocrx_word' id='word_1_432' title='bbox 2399 1741 2460 1793; x_wconf 84' lang='grc' dir='ltr'>τὸ</span> <span class='ocrx_word' id='word_1_433' title='bbox 2484 1739 2705 1810; x_wconf 84' lang='grc' dir='ltr'>Πνεῦμα</span> <span class='ocrx_word' id='word_1_434' title='bbox 2734 1741 2795 1793; x_wconf 83' lang='grc' dir='ltr'>τὸ</span> <span class='ocrx_word' id='word_1_435' title='bbox 2827 1742 3001 1808; x_wconf 76' lang='grc' dir='ltr'>ἅγιον.</span> <span class='ocrx_word' id='word_1_436' title='bbox 3031 1741 3240 1793; x_wconf 84' lang='grc' dir='ltr'>Οὐκοῦν</span> <span class='ocrx_word' id='word_1_437' title='bbox 3266 1743 3358 1792; x_wconf 73' lang='grc' dir='ltr'>καὶ</span> <span class='ocrx_word' id='word_1_438' title='bbox 3407 1745 3437 1809; x_wconf 80' lang='grc' dir='ltr'>ἡ</span> <span class='ocrx_word' id='word_1_439' title='bbox 3476 1742 3586 1808; x_wconf 66' lang='grc' dir='ltr'><strong>ζωὴ</strong></span> <span class='ocrx_word' id='word_1_440' title='bbox 3626 1742 3784 1810; x_wconf 74' lang='grc' dir='ltr'>ἡμῶν</span> <span class='ocrx_word' id='word_1_441' title='bbox 3820 1739 3984 1807; x_wconf 65' lang='grc' dir='ltr'>αῦτη,</span> 
     </span>
    </p>
   </div>
   <div class='ocr_carea' id='block_1_61' title="bbox 2405 1829 3985 1903">
    <p class='ocr_par' dir='ltr' id='par_1_61' title="bbox 2405 1829 3985 1903">
     <span class='ocr_line' id='line_1_61' title="bbox 2405 1829 3985 1903; baseline -0.003 -19"><span class='ocrx_word' id='word_1_442' title='bbox 2405 1834 2537 1902; x_wconf 83' lang='grc' dir='ltr'>παρ’</span> <span class='ocrx_word' id='word_1_443' title='bbox 2576 1829 2642 1903; x_wconf 82' lang='grc' dir='ltr'><strong>ἦς</strong></span> <span class='ocrx_word' id='word_1_444' title='bbox 2669 1833 2742 1896; x_wconf 83' lang='grc' dir='ltr'>ὡς</span> <span class='ocrx_word' id='word_1_445' title='bbox 2772 1834 2949 1894; x_wconf 81' lang='grc' dir='ltr'>αίτίας</span> <span class='ocrx_word' id='word_1_446' title='bbox 2976 1834 3084 1885; x_wconf 91' lang='grc' dir='ltr'><strong>τῶν</strong></span> <span class='ocrx_word' id='word_1_447' title='bbox 3119 1833 3338 1897; x_wconf 83' lang='grc' dir='ltr'><strong>ζώντων</strong></span> <span class='ocrx_word' id='word_1_448' title='bbox 3370 1832 3805 1901; x_wconf 78' lang='grc' dir='ltr'>ζωοποιούμεθα,</span> <span class='ocrx_word' id='word_1_449' title='bbox 3832 1833 3985 1883; x_wconf 72' lang='grc' dir='ltr'>οὐδὲν</span> 
     </span>
    </p>
   </div>
   <div class='ocr_carea' id='block_1_62' title="bbox 2404 1918 3988 1990">
    <p class='ocr_par' dir='ltr' id='par_1_62' title="bbox 2404 1918 3988 1990">
     <span class='ocr_line' id='line_1_62' title="bbox 2404 1918 3988 1990; baseline -0.003 -15"><span class='ocrx_word' id='word_1_450' title='bbox 2404 1920 2532 1975; x_wconf 72' lang='grc' dir='ltr'>ἄλλο</span> <span class='ocrx_word' id='word_1_451' title='bbox 2558 1921 2710 1990; x_wconf 84' lang='grc' dir='ltr'><strong>παρά</strong></span> <span class='ocrx_word' id='word_1_452' title='bbox 2749 1922 2841 1972; x_wconf 80' lang='grc' dir='ltr'>τὸν</span> <span class='ocrx_word' id='word_1_453' title='bbox 2871 1921 3088 1989; x_wconf 80' lang='grc' dir='ltr'><strong>Πατέρα</strong></span> <span class='ocrx_word' id='word_1_454' title='bbox 3123 1921 3217 1972; x_wconf 76' lang='grc' dir='ltr'><strong>καὶ</strong></span> <span class='ocrx_word' id='word_1_455' title='bbox 3252 1922 3342 1972; x_wconf 73' lang='grc' dir='ltr'>τὸν</span> <span class='ocrx_word' id='word_1_456' title='bbox 3372 1921 3500 1972; x_wconf 75' lang='grc' dir='ltr'>Υἱὸν</span> <span class='ocrx_word' id='word_1_457' title='bbox 3533 1920 3626 1971; x_wconf 71' lang='grc' dir='ltr'><strong>καὶ</strong></span> <span class='ocrx_word' id='word_1_458' title='bbox 3672 1921 3732 1970; x_wconf 72' lang='grc' dir='ltr'>τὸ</span> <span class='ocrx_word' id='word_1_459' title='bbox 3761 1918 3988 1986; x_wconf 83' lang='grc' dir='ltr'>Πνεῦμα</span> 
     </span>
    </p>
   </div>
   <div class='ocr_carea' id='block_1_63' title="bbox 2405 2011 3990 2082">
    <p class='ocr_par' dir='ltr' id='par_1_63' title="bbox 2405 2011 3990 2082">
     <span class='ocr_line' id='line_1_63' title="bbox 2405 2011 3990 2082; baseline -0.003 -17"><span class='ocrx_word' id='word_1_460' title='bbox 2405 2012 2466 2065; x_wconf 79' lang='grc' dir='ltr'>τὸ</span> <span class='ocrx_word' id='word_1_461' title='bbox 2521 2013 2674 2080; x_wconf 78' lang='grc' dir='ltr'>ἅγιόν</span> <span class='ocrx_word' id='word_1_462' title='bbox 2726 2013 2879 2064; x_wconf 89' lang='grc' dir='ltr'>ἐστι·</span> <span class='ocrx_word' id='word_1_463' title='bbox 2929 2013 3050 2065; x_wconf 83' lang='grc' dir='ltr'>κατ’</span> <span class='ocrx_word' id='word_1_464' title='bbox 3107 2013 3290 2064; x_wconf 70' lang='grc' dir='ltr'>αἰτίαν</span> <span class='ocrx_word' id='word_1_465' title='bbox 3337 2012 3446 2079; x_wconf 77' lang='grc' dir='ltr'>γὰρ</span> <span class='ocrx_word' id='word_1_466' title='bbox 3496 2014 3523 2064; x_wconf 98' lang='lat'><strong>6</strong></span> <span class='ocrx_word' id='word_1_467' title='bbox 3562 2011 3990 2082; x_wconf 78' lang='grc' dir='ltr'>τρισυπόστατος</span> 
     </span>
    </p>
   </div>
   <div class='ocr_carea' id='block_1_64' title="bbox 2407 2103 3988 2174">
    <p class='ocr_par' dir='ltr' id='par_1_64' title="bbox 2407 2103 3988 2174">
     <span class='ocr_line' id='line_1_64' title="bbox 2407 2103 3988 2174; baseline -0.002 -18"><span class='ocrx_word' id='word_1_468' title='bbox 2407 2103 2564 2174; x_wconf 78' lang='grc' dir='ltr'>ἡμῶν</span> <span class='ocrx_word' id='word_1_469' title='bbox 2589 2103 2744 2168; x_wconf 74' lang='grc' dir='ltr'>Θεὸς,</span> <span class='ocrx_word' id='word_1_470' title='bbox 2776 2104 2932 2174; x_wconf 80' lang='grc' dir='ltr'>ἡμῶν</span> <span class='ocrx_word' id='word_1_471' title='bbox 2978 2104 3194 2172; x_wconf 83' lang='grc' dir='ltr'>λέγεται</span> <span class='ocrx_word' id='word_1_472' title='bbox 3226 2105 3360 2174; x_wconf 74' lang='grc' dir='ltr'><strong>ζωὴ.</strong></span> <span class='ocrx_word' id='word_1_473' title='bbox 3403 2104 3497 2157; x_wconf 68' lang='grc' dir='ltr'><strong>καὶ</strong></span> <span class='ocrx_word' id='word_1_474' title='bbox 3555 2107 3616 2156; x_wconf 57' lang='grc' dir='ltr'>εἰρ</span> <span class='ocrx_word' id='word_1_475' title='bbox 3643 2105 3717 2172; x_wconf 75' lang='grc' dir='ltr'>μὴ</span> <span class='ocrx_word' id='word_1_476' title='bbox 3751 2105 3875 2154; x_wconf 81' lang='grc' dir='ltr'>κατ’</span> <span class='ocrx_word' id='word_1_477' title='bbox 3902 2105 3988 2154; x_wconf 71' lang='grc' dir='ltr'><strong>αἱ·</strong></span> 
     </span>
    </p>
   </div>
   <div class='ocr_carea' id='block_1_65' title="bbox 2406 2192 3989 2264">
    <p class='ocr_par' dir='ltr' id='par_1_65' title="bbox 2406 2192 3989 2264">
     <span class='ocr_line' id='line_1_65' title="bbox 2406 2192 3989 2264; baseline -0.001 -20"><span class='ocrx_word' id='word_1_478' title='bbox 2406 2193 2549 2256; x_wconf 87' lang='grc' dir='ltr'>τίαν,</span> <span class='ocrx_word' id='word_1_479' title='bbox 2588 2194 2722 2262; x_wconf 86' lang='grc' dir='ltr'>μηδέ</span> <span class='ocrx_word' id='word_1_480' title='bbox 2765 2193 2900 2264; x_wconf 85' lang='grc' dir='ltr'>πρός</span> <span class='ocrx_word' id='word_1_481' title='bbox 2926 2194 3133 2264; x_wconf 75' lang='grc' dir='ltr'>ἕτερον,</span> <span class='ocrx_word' id='word_1_482' title='bbox 3167 2195 3281 2246; x_wconf 80' lang='grc' dir='ltr'>ἀλλ’</span> <span class='ocrx_word' id='word_1_483' title='bbox 3308 2195 3552 2261; x_wconf 79' lang='grc' dir='ltr'><strong>ἀσχέτως</strong></span> <span class='ocrx_word' id='word_1_484' title='bbox 3588 2194 3680 2245; x_wconf 67' lang='grc' dir='ltr'><strong>καὶ</strong></span> <span class='ocrx_word' id='word_1_485' title='bbox 3705 2192 3828 2246; x_wconf 81' lang='grc' dir='ltr'>καθ’</span> <span class='ocrx_word' id='word_1_486' title='bbox 3857 2194 3989 2244; x_wconf 75' lang='grc' dir='ltr'>ἐαυο</span> 
     </span>
    </p>
   </div>
   <div class='ocr_carea' id='block_1_66' title="bbox 2406 2284 3990 2355">
    <p class='ocr_par' dir='ltr' id='par_1_66' title="bbox 2406 2284 3990 2355">
     <span class='ocr_line' id='line_1_66' title="bbox 2406 2284 3990 2355; baseline -0.001 -19"><span class='ocrx_word' id='word_1_487' title='bbox 2406 2284 2503 2353; x_wconf 83' lang='grc' dir='ltr'>τὴν</span> <span class='ocrx_word' id='word_1_488' title='bbox 2530 2284 2923 2355; x_wconf 80' lang='grc' dir='ltr'>θεολογουμένη</span> <span class='ocrx_word' id='word_1_489' title='bbox 2959 2285 3128 2354; x_wconf 82' lang='grc' dir='ltr'>ἠθεία</span> <span class='ocrx_word' id='word_1_490' title='bbox 3159 2286 3294 2354; x_wconf 76' lang='grc' dir='ltr'><strong>ζωὴ,</strong></span> <span class='ocrx_word' id='word_1_491' title='bbox 3321 2287 3473 2339; x_wconf 79' lang='grc' dir='ltr'>οὐδὲν</span> <span class='ocrx_word' id='word_1_492' title='bbox 3501 2287 3688 2354; x_wconf 77' lang='grc' dir='ltr'>ἕτερον</span> <span class='ocrx_word' id='word_1_493' title='bbox 3717 2285 3869 2354; x_wconf 72' lang='grc' dir='ltr'>παρὰ</span> <span class='ocrx_word' id='word_1_494' title='bbox 3897 2286 3990 2336; x_wconf 71' lang='grc' dir='ltr'>τὸν</span> 
     </span>
    </p>
   </div>
   <div class='ocr_carea' id='block_1_67' title="bbox 2407 2375 3991 2447">
    <p class='ocr_par' dir='ltr' id='par_1_67' title="bbox 2407 2375 3991 2447">
     <span class='ocr_line' id='line_1_67' title="bbox 2407 2375 3991 2447; baseline -0.003 -18"><span class='ocrx_word' id='word_1_495' title='bbox 2407 2375 2646 2445; x_wconf 80' lang='grc' dir='ltr'><strong>Πατέρα,</strong></span> <span class='ocrx_word' id='word_1_496' title='bbox 2688 2377 2823 2430; x_wconf 84' lang='grc' dir='ltr'><strong>ἀλλά</strong></span> <span class='ocrx_word' id='word_1_497' title='bbox 2853 2377 2916 2447; x_wconf 82' lang='grc' dir='ltr'>δὴ</span> <span class='ocrx_word' id='word_1_498' title='bbox 2967 2377 3060 2430; x_wconf 76' lang='grc' dir='ltr'><strong>καὶ</strong></span> <span class='ocrx_word' id='word_1_499' title='bbox 3097 2378 3188 2428; x_wconf 82' lang='grc' dir='ltr'>τὸν</span> <span class='ocrx_word' id='word_1_500' title='bbox 3221 2378 3366 2439; x_wconf 76' lang='grc' dir='ltr'>Υἱὸν,</span> <span class='ocrx_word' id='word_1_501' title='bbox 3412 2380 3508 2430; x_wconf 74' lang='grc' dir='ltr'>καὶ</span> <span class='ocrx_word' id='word_1_502' title='bbox 3560 2378 3622 2430; x_wconf 78' lang='grc' dir='ltr'><strong>τὸ</strong></span> <span class='ocrx_word' id='word_1_503' title='bbox 3675 2377 3899 2444; x_wconf 78' lang='grc' dir='ltr'><strong>Πνεῦμα</strong></span> <span class='ocrx_word' id='word_1_504' title='bbox 3931 2375 3991 2426; x_wconf 71' lang='grc' dir='ltr'><strong>τὸ</strong></span> 
     </span>
    </p>
   </div>
   <div class='ocr_carea' id='block_1_68' title="bbox 2408 2468 3990 2537">
    <p class='ocr_par' dir='ltr' id='par_1_68' title="bbox 2408 2468 3990 2537">
     <span class='ocr_line' id='line_1_68' title="bbox 2408 2468 3990 2537; baseline -0.002 -17"><span class='ocrx_word' id='word_1_505' title='bbox 2408 2468 2562 2536; x_wconf 73' lang='grc' dir='ltr'>ἅγιόν</span> <span class='ocrx_word' id='word_1_506' title='bbox 2601 2469 2767 2521; x_wconf 90' lang='grc' dir='ltr'>ἐστιν.</span> <span class='ocrx_word' id='word_1_507' title='bbox 2799 2469 3063 2537; x_wconf 78' lang='grc' dir='ltr'><strong>Οὐδαμῶς</strong></span> <span class='ocrx_word' id='word_1_508' title='bbox 3117 2470 3173 2522; x_wconf 80' lang='grc' dir='ltr'>δὲ</span> <span class='ocrx_word' id='word_1_509' title='bbox 3224 2471 3289 2521; x_wconf 70' lang='grc' dir='ltr'>τὰ</span> <span class='ocrx_word' id='word_1_510' title='bbox 3341 2470 3564 2522; x_wconf 84' lang='grc' dir='ltr'>τοιαῦτα</span> <span class='ocrx_word' id='word_1_511' title='bbox 3603 2469 3990 2537; x_wconf 84' lang='grc' dir='ltr'>προσίσταται,</span> 
     </span>
    </p>
   </div>
   <div class='ocr_carea' id='block_1_69' title="bbox 2409 2556 3991 2628">
    <p class='ocr_par' dir='ltr' id='par_1_69' title="bbox 2409 2556 3991 2628">
     <span class='ocr_line' id='line_1_69' title="bbox 2409 2556 3991 2628; baseline -0.002 -18"><span class='ocrx_word' id='word_1_512' title='bbox 2409 2561 2520 2618; x_wconf 75' lang='grc' dir='ltr'>τοῖς</span> <span class='ocrx_word' id='word_1_513' title='bbox 2546 2559 2796 2611; x_wconf 81' lang='grc' dir='ltr'>ἄκτιστον</span> <span class='ocrx_word' id='word_1_514' title='bbox 2817 2556 2951 2609; x_wconf 82' lang='grc' dir='ltr'>εἶναι</span> <span class='ocrx_word' id='word_1_515' title='bbox 2986 2558 3073 2610; x_wconf 83' lang='grc' dir='ltr'><strong>τὸν</strong></span> <span class='ocrx_word' id='word_1_516' title='bbox 3095 2559 3228 2611; x_wconf 85' lang='grc' dir='ltr'><strong>Θεὸν</strong></span> <span class='ocrx_word' id='word_1_517' title='bbox 3254 2559 3558 2624; x_wconf 77' lang='grc' dir='ltr'><strong>δοξάζουσι,</strong></span> <span class='ocrx_word' id='word_1_518' title='bbox 3599 2559 3671 2628; x_wconf 79' lang='grc' dir='ltr'>μὴ</span> <span class='ocrx_word' id='word_1_519' title='bbox 3710 2558 3852 2610; x_wconf 79' lang='grc' dir='ltr'>κατά</span> <span class='ocrx_word' id='word_1_520' title='bbox 3889 2557 3991 2624; x_wconf 78' lang='grc' dir='ltr'><strong>τὴν</strong></span> 
     </span>
    </p>
   </div>
   <div class='ocr_carea' id='block_1_70' title="bbox 2407 2648 3993 2717">
    <p class='ocr_par' dir='ltr' id='par_1_70' title="bbox 2407 2648 3993 2717">
     <span class='ocr_line' id='line_1_70' title="bbox 2407 2648 3993 2717; baseline -0.001 -17"><span class='ocrx_word' id='word_1_521' title='bbox 2407 2648 2594 2700; x_wconf 82' lang='grc' dir='ltr'>οὐσίαν</span> <span class='ocrx_word' id='word_1_522' title='bbox 2644 2649 2801 2717; x_wconf 86' lang='grc' dir='ltr'>μόνον</span> <span class='ocrx_word' id='word_1_523' title='bbox 2853 2652 2943 2701; x_wconf 69' lang='grc' dir='ltr'><strong>καὶ</strong></span> <span class='ocrx_word' id='word_1_524' title='bbox 2979 2651 3076 2712; x_wconf 83' lang='grc' dir='ltr'><strong>τάς</strong></span> <span class='ocrx_word' id='word_1_525' title='bbox 3130 2652 3483 2713; x_wconf 78' lang='grc' dir='ltr'>ὑποστάσεις,</span> <span class='ocrx_word' id='word_1_526' title='bbox 3532 2651 3668 2702; x_wconf 77' lang='grc' dir='ltr'><strong>ἀλλά</strong></span> <span class='ocrx_word' id='word_1_527' title='bbox 3714 2651 3805 2701; x_wconf 77' lang='grc' dir='ltr'><strong>καὶ</strong></span> <span class='ocrx_word' id='word_1_528' title='bbox 3848 2648 3993 2700; x_wconf 66' lang='grc' dir='ltr'>κατὰ</span> 
     </span>
    </p>
   </div>
   <div class='ocr_carea' id='block_1_71' title="bbox 2406 2739 3992 2810">
    <p class='ocr_par' dir='ltr' id='par_1_71' title="bbox 2406 2739 3992 2810">
     <span class='ocr_line' id='line_1_71' title="bbox 2406 2739 3992 2810; baseline -0.001 -20"><span class='ocrx_word' id='word_1_529' title='bbox 2406 2741 2504 2806; x_wconf 76' lang='grc' dir='ltr'>τὴν</span> <span class='ocrx_word' id='word_1_530' title='bbox 2535 2741 2716 2806; x_wconf 80' lang='grc' dir='ltr'><strong>κοινὴν</strong></span> <span class='ocrx_word' id='word_1_531' title='bbox 2754 2741 2859 2791; x_wconf 85' lang='grc' dir='ltr'>τῶν</span> <span class='ocrx_word' id='word_1_532' title='bbox 2902 2742 3066 2810; x_wconf 85' lang='grc' dir='ltr'>τριῶν</span> <span class='ocrx_word' id='word_1_533' title='bbox 3119 2741 3268 2794; x_wconf 87' lang='grc' dir='ltr'>θείαν</span> <span class='ocrx_word' id='word_1_534' title='bbox 3328 2742 3628 2809; x_wconf 85' lang='grc' dir='ltr'>ἐνέργειαν.</span> <span class='ocrx_word' id='word_1_535' title='bbox 3691 2741 3830 2792; x_wconf 82' lang='grc' dir='ltr'><strong>Ἕνα</strong></span> <span class='ocrx_word' id='word_1_536' title='bbox 3881 2739 3992 2806; x_wconf 74' lang='grc' dir='ltr'>γὰρ</span> 
     </span>
    </p>
   </div>
   <div class='ocr_carea' id='block_1_72' title="bbox 2407 2831 3990 2902">
    <p class='ocr_par' dir='ltr' id='par_1_72' title="bbox 2407 2831 3990 2902">
     <span class='ocr_line' id='line_1_72' title="bbox 2407 2831 3990 2902; baseline 0 -20"><span class='ocrx_word' id='word_1_537' title='bbox 2407 2831 2538 2882; x_wconf 66' lang='grc' dir='ltr'>Θεὸν</span> <span class='ocrx_word' id='word_1_538' title='bbox 2571 2834 2626 2882; x_wconf 81' lang='grc' dir='ltr'><strong>ὲν</strong></span> <span class='ocrx_word' id='word_1_539' title='bbox 2657 2834 2833 2902; x_wconf 71' lang='grc' dir='ltr'>τρισὶν</span> <span class='ocrx_word' id='word_1_540' title='bbox 2864 2833 3195 2885; x_wconf 69' lang='grc' dir='ltr'><strong>ὑποστάσεσι</strong></span> <span class='ocrx_word' id='word_1_541' title='bbox 3226 2832 3604 2901; x_wconf 76' lang='grc' dir='ltr'>θεολογοῦμεν,</span> <span class='ocrx_word' id='word_1_542' title='bbox 3639 2833 3765 2900; x_wconf 84' lang='grc' dir='ltr'>μίαν</span> <span class='ocrx_word' id='word_1_543' title='bbox 3796 2831 3990 2900; x_wconf 79' lang='grc' dir='ltr'>ἔχοντα</span> 
     </span>
    </p>
   </div>
   <div class='ocr_carea' id='block_1_73' title="bbox 2409 2922 3989 2992">
    <p class='ocr_par' dir='ltr' id='par_1_73' title="bbox 2409 2922 3989 2992">
     <span class='ocr_line' id='line_1_73' title="bbox 2409 2922 3989 2992; baseline -0.001 -20"><span class='ocrx_word' id='word_1_544' title='bbox 2409 2922 2509 2991; x_wconf 83' lang='grc' dir='ltr'>τὴν</span> <span class='ocrx_word' id='word_1_545' title='bbox 2543 2923 2752 2984; x_wconf 77' lang='grc' dir='ltr'>οὐσίαν,</span> <span class='ocrx_word' id='word_1_546' title='bbox 2805 2924 2899 2975; x_wconf 73' lang='grc' dir='ltr'><strong>καὶ</strong></span> <span class='ocrx_word' id='word_1_547' title='bbox 2959 2924 3056 2991; x_wconf 78' lang='grc' dir='ltr'>τὴν</span> <span class='ocrx_word' id='word_1_548' title='bbox 3109 2923 3362 2992; x_wconf 76' lang='grc' dir='ltr'>δύναμιν,</span> <span class='ocrx_word' id='word_1_549' title='bbox 3406 2927 3499 2975; x_wconf 78' lang='grc' dir='ltr'><strong>καὶ</strong></span> <span class='ocrx_word' id='word_1_550' title='bbox 3543 2923 3642 2991; x_wconf 80' lang='grc' dir='ltr'>τὴν</span> <span class='ocrx_word' id='word_1_551' title='bbox 3684 2922 3989 2990; x_wconf 85' lang='grc' dir='ltr'>ἐνέργειαν,</span> 
     </span>
    </p>
   </div>
   <div class='ocr_carea' id='block_1_74' title="bbox 2408 3012 3994 3084">
    <p class='ocr_par' dir='ltr' id='par_1_74' title="bbox 2408 3012 3994 3084">
     <span class='ocr_line' id='line_1_74' title="bbox 2408 3012 3994 3084; baseline -0.001 -21"><span class='ocrx_word' id='word_1_552' title='bbox 2408 3015 2501 3064; x_wconf 70' lang='grc' dir='ltr'><strong>καὶ</strong></span> <span class='ocrx_word' id='word_1_553' title='bbox 2549 3014 2646 3065; x_wconf 88' lang='grc' dir='ltr'>ὃσα</span> <span class='ocrx_word' id='word_1_554' title='bbox 2699 3014 2832 3066; x_wconf 80' lang='grc' dir='ltr'><strong>ἄλλα</strong></span> <span class='ocrx_word' id='word_1_555' title='bbox 2887 3016 3014 3084; x_wconf 77' lang='grc' dir='ltr'>περὶ</span> <span class='ocrx_word' id='word_1_556' title='bbox 3057 3016 3154 3082; x_wconf 76' lang='grc' dir='ltr'>τὴν</span> <span class='ocrx_word' id='word_1_557' title='bbox 3211 3016 3398 3068; x_wconf 65' lang='grc' dir='ltr'>οὐσίαν</span> <span class='ocrx_word' id='word_1_558' title='bbox 3451 3015 3755 3083; x_wconf 82' lang='grc' dir='ltr'><strong>θεωρεῖται,</strong></span> <span class='ocrx_word' id='word_1_559' title='bbox 3813 3013 3847 3066; x_wconf 76' lang='grc' dir='ltr'><strong>ἃ</strong></span> <span class='ocrx_word' id='word_1_560' title='bbox 3897 3012 3994 3064; x_wconf 67' lang='grc' dir='ltr'><strong>καὶ</strong></span> 
     </span>
    </p>
   </div>
   <div class='ocr_carea' id='block_1_75' title="bbox 2407 3104 3995 3176">
    <p class='ocr_par' dir='ltr' id='par_1_75' title="bbox 2407 3104 3995 3176">
     <span class='ocr_line' id='line_1_75' title="bbox 2407 3104 3995 3176; baseline -0.003 -18"><span class='ocrx_word' id='word_1_561' title='bbox 2407 3104 2676 3173; x_wconf 81' lang='grc' dir='ltr'>ἄθροισμα</span> <span class='ocrx_word' id='word_1_562' title='bbox 2726 3106 2819 3158; x_wconf 81' lang='grc' dir='ltr'>καὶ</span> <span class='ocrx_word' id='word_1_563' title='bbox 2853 3107 3131 3176; x_wconf 75' lang='grc' dir='ltr'>πλήρωμα</span> <span class='ocrx_word' id='word_1_564' title='bbox 3168 3107 3385 3174; x_wconf 82' lang='grc' dir='ltr'>λέγεται</span> <span class='ocrx_word' id='word_1_565' title='bbox 3411 3108 3662 3175; x_wconf 77' lang='grc' dir='ltr'><strong>θεότητος</strong></span> <span class='ocrx_word' id='word_1_566' title='bbox 3720 3105 3856 3157; x_wconf 68' lang='grc' dir='ltr'>κατα</span> <span class='ocrx_word' id='word_1_567' title='bbox 3893 3105 3995 3172; x_wconf 77' lang='grc' dir='ltr'>τὴν</span> 
     </span>
    </p>
   </div>
   <div class='ocr_carea' id='block_1_76' title="bbox 2326 3197 3995 3282">
    <p class='ocr_par' dir='ltr' id='par_1_76' title="bbox 2326 3197 3995 3282">
     <span class='ocr_line' id='line_1_76' title="bbox 2326 3197 3995 3282; baseline 0 -34"><span class='ocrx_word' id='word_1_568' title='bbox 2326 3227 2366 3282; x_wconf 76' lang='lat' dir='ltr'><strong>C</strong></span> <span class='ocrx_word' id='word_1_569' title='bbox 2408 3198 2648 3266; x_wconf 73' lang='grc' dir='ltr'>Γραφὴν,</span> <span class='ocrx_word' id='word_1_570' title='bbox 2685 3197 2808 3250; x_wconf 82' lang='grc' dir='ltr'>καθ’</span> <span class='ocrx_word' id='word_1_571' title='bbox 2841 3200 3076 3269; x_wconf 79' lang='grc' dir='ltr'>ἑκάστην</span> <span class='ocrx_word' id='word_1_572' title='bbox 3109 3199 3214 3250; x_wconf 90' lang='grc' dir='ltr'><strong>τῶν</strong></span> <span class='ocrx_word' id='word_1_573' title='bbox 3234 3200 3405 3265; x_wconf 88' lang='grc' dir='ltr'>ἀγίων</span> <span class='ocrx_word' id='word_1_574' title='bbox 3435 3197 3602 3268; x_wconf 84' lang='grc' dir='ltr'>τριῶν</span> <span class='ocrx_word' id='word_1_575' title='bbox 3636 3197 3995 3250; x_wconf 82' lang='grc' dir='ltr'>ὑποστάσεων</span> 
     </span>
    </p>
   </div>
   <div class='ocr_carea' id='block_1_77' title="bbox 2406 3289 3558 3360">
    <p class='ocr_par' dir='ltr' id='par_1_77' title="bbox 2406 3289 3558 3360">
     <span class='ocr_line' id='line_1_77' title="bbox 2406 3289 3558 3360; baseline 0.003 -20"><span class='ocrx_word' id='word_1_576' title='bbox 2406 3289 2604 3359; x_wconf 84' lang='grc' dir='ltr'><strong>ἐπίσης</strong></span> <span class='ocrx_word' id='word_1_577' title='bbox 2632 3289 2982 3360; x_wconf 83' lang='grc' dir='ltr'>θεωρούμενα</span> <span class='ocrx_word' id='word_1_578' title='bbox 3010 3292 3103 3343; x_wconf 75' lang='grc' dir='ltr'><strong>καὶ</strong></span> <span class='ocrx_word' id='word_1_579' title='bbox 3139 3291 3558 3358; x_wconf 71' lang='grc' dir='ltr'>θεολογοῦμενα.</span> 
     </span>
    </p>
   </div>
   <div class='ocr_carea' id='block_1_78' title="bbox 2480 3381 3992 3452">
    <p class='ocr_par' dir='ltr' id='par_1_78' title="bbox 2480 3381 3992 3452">
     <span class='ocr_line' id='line_1_78' title="bbox 2480 3381 3992 3452; baseline -0.001 -20"><span class='ocrx_word' id='word_1_580' title='bbox 2480 3388 2596 3450; x_wconf 85' lang='grc' dir='ltr'>ριε’.</span> <span class='ocrx_word' id='word_1_581' title='bbox 2637 3383 2700 3434; x_wconf 83' lang='grc' dir='ltr'>Οί</span> <span class='ocrx_word' id='word_1_582' title='bbox 2733 3383 2831 3452; x_wconf 75' lang='grc' dir='ltr'>τὴν</span> <span class='ocrx_word' id='word_1_583' title='bbox 2874 3381 3024 3434; x_wconf 81' lang='grc' dir='ltr'><strong>θείαν</strong></span> <span class='ocrx_word' id='word_1_584' title='bbox 3057 3383 3262 3452; x_wconf 84' lang='grc' dir='ltr'>ταύτην</span> <span class='ocrx_word' id='word_1_585' title='bbox 3322 3382 3640 3443; x_wconf 83' lang='grc' dir='ltr'><strong>ἀθετοῦντες</strong></span> <span class='ocrx_word' id='word_1_586' title='bbox 3681 3381 3992 3448; x_wconf 76' lang='grc' dir='ltr'>ἐνέργειαν,</span> 
     </span>
    </p>
   </div>
   <div class='ocr_carea' id='block_1_79' title="bbox 2407 3469 3992 3543">
    <p class='ocr_par' dir='ltr' id='par_1_79' title="bbox 2407 3469 3992 3543">
     <span class='ocr_line' id='line_1_79' title="bbox 2407 3469 3992 3543; baseline -0.002 -18"><span class='ocrx_word' id='word_1_587' title='bbox 2407 3474 2500 3525; x_wconf 68' lang='grc' dir='ltr'><strong>καὶ</strong></span> <span class='ocrx_word' id='word_1_588' title='bbox 2531 3473 2623 3525; x_wconf 91' lang='grc' dir='ltr'><strong>νῦν</strong></span> <span class='ocrx_word' id='word_1_589' title='bbox 2651 3474 2747 3541; x_wconf 83' lang='grc' dir='ltr'>μὲν</span> <span class='ocrx_word' id='word_1_590' title='bbox 2777 3473 3002 3543; x_wconf 73' lang='grc' dir='ltr'>κτιστὴν</span> <span class='ocrx_word' id='word_1_591' title='bbox 3032 3469 3172 3526; x_wconf 69' lang='grc' dir='ltr'>εἶναι</span> <span class='ocrx_word' id='word_1_592' title='bbox 3193 3474 3466 3542; x_wconf 82' lang='grc' dir='ltr'>λέγοντες,</span> <span class='ocrx_word' id='word_1_593' title='bbox 3496 3472 3591 3524; x_wconf 90' lang='grc' dir='ltr'>νῦν</span> <span class='ocrx_word' id='word_1_594' title='bbox 3623 3473 3678 3524; x_wconf 88' lang='grc' dir='ltr'><strong>δέ</strong></span> <span class='ocrx_word' id='word_1_595' title='bbox 3706 3474 3803 3540; x_wconf 80' lang='grc' dir='ltr'><strong>τῆς</strong></span> <span class='ocrx_word' id='word_1_596' title='bbox 3837 3472 3992 3531; x_wconf 73' lang='grc' dir='ltr'>θείας</span> 
     </span>
    </p>
   </div>
   <div class='ocr_carea' id='block_1_80' title="bbox 2405 3560 3995 3634">
    <p class='ocr_par' dir='ltr' id='par_1_80' title="bbox 2405 3560 3995 3634">
     <span class='ocr_line' id='line_1_80' title="bbox 2405 3560 3995 3634; baseline -0.005 -17"><span class='ocrx_word' id='word_1_597' title='bbox 2405 3566 2590 3626; x_wconf 74' lang='grc' dir='ltr'>οὐσίας</span> <span class='ocrx_word' id='word_1_598' title='bbox 2629 3565 2895 3634; x_wconf 75' lang='grc' dir='ltr'>μηδαμῶς</span> <span class='ocrx_word' id='word_1_599' title='bbox 2941 3565 3329 3632; x_wconf 77' lang='grc' dir='ltr'>διαφέρουσαν,</span> <span class='ocrx_word' id='word_1_600' title='bbox 3361 3564 3539 3618; x_wconf 72' lang='grc' dir='ltr'>ἄλλοτ’</span> <span class='ocrx_word' id='word_1_601' title='bbox 3589 3562 3740 3623; x_wconf 65' lang='grc' dir='ltr'>αὖθις</span> <span class='ocrx_word' id='word_1_602' title='bbox 3793 3560 3995 3629; x_wconf 77' lang='grc' dir='ltr'>ἑτέραν</span> 
     </span>
    </p>
   </div>
   <div class='ocr_carea' id='block_1_81' title="bbox 2406 3652 3999 3723">
    <p class='ocr_par' dir='ltr' id='par_1_81' title="bbox 2406 3652 3999 3723">
     <span class='ocr_line' id='line_1_81' title="bbox 2406 3652 3999 3723; baseline -0.004 -16"><span class='ocrx_word' id='word_1_603' title='bbox 2406 3656 2850 3723; x_wconf 81' lang='grc' dir='ltr'>καινοτομοῦντες</span> <span class='ocrx_word' id='word_1_604' title='bbox 2911 3654 3251 3716; x_wconf 88' lang='grc' dir='ltr'>δυσσέϐειαν,</span> <span class='ocrx_word' id='word_1_605' title='bbox 3321 3655 3486 3723; x_wconf 75' lang='grc' dir='ltr'>μόνην</span> <span class='ocrx_word' id='word_1_606' title='bbox 3549 3654 3802 3706; x_wconf 78' lang='grc' dir='ltr'>ἀκτιστον</span> <span class='ocrx_word' id='word_1_607' title='bbox 3842 3652 3999 3720; x_wconf 81' lang='grc' dir='ltr'>ἐνέρ·</span> 
     </span>
    </p>
   </div>
   <div class='ocr_carea' id='block_1_82' title="bbox 2407 3743 3995 3818">
    <p class='ocr_par' dir='ltr' id='par_1_82' title="bbox 2407 3743 3995 3818">
     <span class='ocr_line' id='line_1_82' title="bbox 2407 3743 3995 3818; baseline -0.003 -20"><span class='ocrx_word' id='word_1_608' title='bbox 2407 3761 2582 3812; x_wconf 84' lang='grc' dir='ltr'>γειαν,</span> <span class='ocrx_word' id='word_1_609' title='bbox 2631 3746 2721 3798; x_wconf 65' lang='grc' dir='ltr'>τὸν</span> <span class='ocrx_word' id='word_1_610' title='bbox 2749 3745 2842 3798; x_wconf 88' lang='grc' dir='ltr'><strong>τοῦ</strong></span> <span class='ocrx_word' id='word_1_611' title='bbox 2879 3747 3090 3818; x_wconf 86' lang='grc' dir='ltr'>Πατρὸς</span> <span class='ocrx_word' id='word_1_612' title='bbox 3119 3747 3400 3814; x_wconf 79' lang='grc' dir='ltr'>Μονογενῆ</span> <span class='ocrx_word' id='word_1_613' title='bbox 3433 3743 3849 3814; x_wconf 74' lang='grc' dir='ltr'>δογματίζουσι,</span> <span class='ocrx_word' id='word_1_614' title='bbox 3897 3745 3995 3795; x_wconf 70' lang='grc' dir='ltr'><strong>καὶ</strong></span> 
     </span>
    </p>
   </div>
   <div class='ocr_carea' id='block_1_83' title="bbox 2406 3835 3998 3905">
    <p class='ocr_par' dir='ltr' id='par_1_83' title="bbox 2406 3835 3998 3905">
     <span class='ocr_line' id='line_1_83' title="bbox 2406 3835 3998 3905; baseline 0 -19"><span class='ocrx_word' id='word_1_615' title='bbox 2406 3835 2610 3905; x_wconf 82' lang='grc' dir='ltr'>ταύτην</span> <span class='ocrx_word' id='word_1_616' title='bbox 2640 3835 2702 3902; x_wconf 82' lang='grc' dir='ltr'>δὴ</span> <span class='ocrx_word' id='word_1_617' title='bbox 2755 3835 3069 3904; x_wconf 80' lang='grc' dir='ltr'>βουλόμενοι</span> <span class='ocrx_word' id='word_1_618' title='bbox 3115 3837 3213 3905; x_wconf 80' lang='grc' dir='ltr'>τὴν</span> <span class='ocrx_word' id='word_1_619' title='bbox 3257 3835 3415 3901; x_wconf 77' lang='grc' dir='ltr'>δόξαν</span> <span class='ocrx_word' id='word_1_620' title='bbox 3450 3837 3728 3904; x_wconf 81' lang='grc' dir='ltr'>συνιστᾷν,</span> <span class='ocrx_word' id='word_1_621' title='bbox 3764 3835 3998 3886; x_wconf 69' lang='grc' dir='ltr'>κάκεῖνα</span> 
     </span>
    </p>
   </div>
   <div class='ocr_carea' id='block_1_84' title="bbox 2407 3924 3996 3996">
    <p class='ocr_par' dir='ltr' id='par_1_84' title="bbox 2407 3924 3996 3996">
     <span class='ocr_line' id='line_1_84' title="bbox 2407 3924 3996 3996; baseline 0 -20"><span class='ocrx_word' id='word_1_622' title='bbox 2407 3924 2496 3977; x_wconf 90' lang='grc' dir='ltr'><strong>τοῦ</strong></span> <span class='ocrx_word' id='word_1_623' title='bbox 2531 3925 2729 3978; x_wconf 88' lang='grc' dir='ltr'>σεπτοῦ</span> <span class='ocrx_word' id='word_1_624' title='bbox 2759 3927 3028 3996; x_wconf 76' lang='grc' dir='ltr'>Κυρίλλου</span> <span class='ocrx_word' id='word_1_625' title='bbox 3056 3927 3470 3996; x_wconf 64' lang='grc' dir='ltr'>προϐᾶλλονταν</span> <span class='ocrx_word' id='word_1_626' title='bbox 3498 3927 3616 3994; x_wconf 82' lang='grc' dir='ltr'><strong>Ζωὴ</strong></span> <span class='ocrx_word' id='word_1_627' title='bbox 3643 3925 3710 3994; x_wconf 78' lang='grc' dir='ltr'><strong>ἢν</strong></span> <span class='ocrx_word' id='word_1_628' title='bbox 3742 3927 3770 3976; x_wconf 91' lang='lat'><strong>6</strong></span> <span class='ocrx_word' id='word_1_629' title='bbox 3802 3926 3996 3992; x_wconf 72' lang='grc' dir='ltr'>Πατὴρ</span> 
     </span>
    </p>
   </div>
   <div class='ocr_carea' id='block_1_85' title="bbox 2405 4016 3996 4089">
    <p class='ocr_par' dir='ltr' id='par_1_85' title="bbox 2405 4016 3996 4089">
     <span class='ocr_line' id='line_1_85' title="bbox 2405 4016 3996 4089; baseline -0.001 -21"><span class='ocrx_word' id='word_1_630' title='bbox 2405 4016 2518 4087; x_wconf 69' lang='grc' dir='ltr'>ἔχει</span> <span class='ocrx_word' id='word_1_631' title='bbox 2552 4017 2610 4069; x_wconf 87' lang='grc' dir='ltr'>ἐν</span> <span class='ocrx_word' id='word_1_632' title='bbox 2643 4019 2842 4089; x_wconf 84' lang='grc' dir='ltr'>ἐαυτῷ,</span> <span class='ocrx_word' id='word_1_633' title='bbox 2869 4018 2967 4087; x_wconf 84' lang='grc' dir='ltr'><strong>οὐχ</strong></span> <span class='ocrx_word' id='word_1_634' title='bbox 2999 4018 3163 4089; x_wconf 82' lang='grc' dir='ltr'>ἐτέρα</span> <span class='ocrx_word' id='word_1_635' title='bbox 3202 4019 3286 4080; x_wconf 86' lang='grc' dir='ltr'><strong>τίς</strong></span> <span class='ocrx_word' id='word_1_636' title='bbox 3334 4020 3450 4070; x_wconf 89' lang='grc' dir='ltr'>ἐστι</span> <span class='ocrx_word' id='word_1_637' title='bbox 3513 4017 3662 4087; x_wconf 84' lang='grc' dir='ltr'>παρά</span> <span class='ocrx_word' id='word_1_638' title='bbox 3694 4018 3784 4069; x_wconf 71' lang='grc' dir='ltr'>τὸν</span> <span class='ocrx_word' id='word_1_639' title='bbox 3839 4016 3996 4076; x_wconf 70' lang='grc' dir='ltr'>Υίδν,</span> 
     </span>
    </p>
   </div>
   <div class='ocr_carea' id='block_1_86' title="bbox 2407 4107 3994 4178">
    <p class='ocr_par' dir='ltr' id='par_1_86' title="bbox 2407 4107 3994 4178">
     <span class='ocr_line' id='line_1_86' title="bbox 2407 4107 3994 4178; baseline -0.002 -18"><span class='ocrx_word' id='word_1_640' title='bbox 2407 4109 2501 4160; x_wconf 72' lang='grc' dir='ltr'><strong>καὶ</strong></span> <span class='ocrx_word' id='word_1_641' title='bbox 2528 4109 2610 4161; x_wconf 85' lang='grc' dir='ltr'><strong>ὅτι</strong></span> <span class='ocrx_word' id='word_1_642' title='bbox 2641 4110 2673 4177; x_wconf 76' lang='grc' dir='ltr'>ἡ</span> <span class='ocrx_word' id='word_1_643' title='bbox 2703 4111 2758 4160; x_wconf 92' lang='grc' dir='ltr'><strong>ἐν</strong></span> <span class='ocrx_word' id='word_1_644' title='bbox 2791 4108 2904 4178; x_wconf 85' lang='grc' dir='ltr'><strong>Υίῷ</strong></span> <span class='ocrx_word' id='word_1_645' title='bbox 2933 4109 3067 4178; x_wconf 78' lang='grc' dir='ltr'><strong>ζωὴ,</strong></span> <span class='ocrx_word' id='word_1_646' title='bbox 3107 4109 3204 4177; x_wconf 76' lang='grc' dir='ltr'><strong>οὐχ</strong></span> <span class='ocrx_word' id='word_1_647' title='bbox 3237 4107 3397 4177; x_wconf 82' lang='grc' dir='ltr'>ἑτέρα</span> <span class='ocrx_word' id='word_1_648' title='bbox 3442 4108 3524 4169; x_wconf 90' lang='grc' dir='ltr'><strong>τίς</strong></span> <span class='ocrx_word' id='word_1_649' title='bbox 3558 4108 3674 4160; x_wconf 83' lang='grc' dir='ltr'>ἐστι</span> <span class='ocrx_word' id='word_1_650' title='bbox 3719 4107 3871 4175; x_wconf 85' lang='grc' dir='ltr'><strong>παρά</strong></span> <span class='ocrx_word' id='word_1_651' title='bbox 3900 4107 3994 4158; x_wconf 72' lang='grc' dir='ltr'><strong>τὸν</strong></span> 
     </span>
    </p>
   </div>
   <div class='ocr_carea' id='block_1_87' title="bbox 2409 4197 3992 4270">
    <p class='ocr_par' dir='ltr' id='par_1_87' title="bbox 2409 4197 3992 4270">
     <span class='ocr_line' id='line_1_87' title="bbox 2409 4197 3992 4270; baseline -0.003 -17"><span class='ocrx_word' id='word_1_652' title='bbox 2409 4200 2648 4270; x_wconf 80' lang='grc' dir='ltr'><strong>Πατέρα.</strong></span> <span class='ocrx_word' id='word_1_653' title='bbox 2681 4201 2791 4253; x_wconf 73' lang='grc' dir='ltr'><strong>Καὶ</strong></span> <span class='ocrx_word' id='word_1_654' title='bbox 2808 4199 3065 4270; x_wconf 80' lang='grc' dir='ltr'><strong>ἀληθεύει</strong></span> <span class='ocrx_word' id='word_1_655' title='bbox 3092 4202 3120 4253; x_wconf 88' lang='grc' dir='ltr'><strong>ό</strong></span> <span class='ocrx_word' id='word_1_656' title='bbox 3139 4199 3337 4267; x_wconf 78' lang='grc' dir='ltr'>λέγων,</span> <span class='ocrx_word' id='word_1_657' title='bbox 3375 4218 3394 4250; x_wconf 77' lang='lat' dir='ltr'><strong>r</strong></span> <span class='ocrx_word' id='word_1_658' title='bbox 3434 4200 3575 4265; x_wconf 85' lang='grc' dir='ltr'><strong>Ἐγὼ</strong></span> <span class='ocrx_word' id='word_1_659' title='bbox 3601 4200 3658 4250; x_wconf 86' lang='grc' dir='ltr'><strong>ἐν</strong></span> <span class='ocrx_word' id='word_1_660' title='bbox 3689 4197 3767 4268; x_wconf 84' lang='grc' dir='ltr'>τῷ</span> <span class='ocrx_word' id='word_1_661' title='bbox 3790 4199 3992 4268; x_wconf 55' lang='grc' dir='ltr'>Πατρῒ,</span> 
     </span>
    </p>
   </div>
   <div class='ocr_carea' id='block_1_88' title="bbox 2409 4290 3997 4362">
    <p class='ocr_par' dir='ltr' id='par_1_88' title="bbox 2409 4290 3997 4362">
     <span class='ocr_line' id='line_1_88' title="bbox 2409 4290 3997 4362; baseline -0.002 -18"><span class='ocrx_word' id='word_1_662' title='bbox 2409 4295 2504 4344; x_wconf 78' lang='grc' dir='ltr'><strong>καὶ</strong></span> <span class='ocrx_word' id='word_1_663' title='bbox 2559 4295 2588 4345; x_wconf 91' lang='lat'><strong>6</strong></span> <span class='ocrx_word' id='word_1_664' title='bbox 2617 4293 2804 4362; x_wconf 83' lang='grc' dir='ltr'>Πατὴρ</span> <span class='ocrx_word' id='word_1_665' title='bbox 2845 4295 2904 4344; x_wconf 91' lang='grc' dir='ltr'><strong>ἐν</strong></span> <span class='ocrx_word' id='word_1_666' title='bbox 2962 4293 3102 4361; x_wconf 81' lang='grc' dir='ltr'>ἐμοί.</span> <span class='ocrx_word' id='word_1_667' title='bbox 3136 4310 3156 4343; x_wconf 75' lang='grc' dir='ltr'><strong>ι</strong></span> <span class='ocrx_word' id='word_1_668' title='bbox 3215 4291 3409 4360; x_wconf 74' lang='grc' dir='ltr'>Ἡμεῖς</span> <span class='ocrx_word' id='word_1_669' title='bbox 3455 4291 3597 4352; x_wconf 81' lang='grc' dir='ltr'><strong>δ’ὡς</strong></span> <span class='ocrx_word' id='word_1_670' title='bbox 3629 4292 3685 4342; x_wconf 92' lang='grc' dir='ltr'><strong>ἐν</strong></span> <span class='ocrx_word' id='word_1_671' title='bbox 3725 4290 3997 4358; x_wconf 83' lang='grc' dir='ltr'>ἐπιτόμῳ,</span> 
     </span>
    </p>
   </div>
   <div class='ocr_carea' id='block_1_89' title="bbox 2408 4383 3996 4452">
    <p class='ocr_par' dir='ltr' id='par_1_89' title="bbox 2408 4383 3996 4452">
     <span class='ocr_line' id='line_1_89' title="bbox 2408 4383 3996 4452; baseline -0.002 -16"><span class='ocrx_word' id='word_1_672' title='bbox 2408 4383 2550 4436; x_wconf 82' lang='grc' dir='ltr'><strong>κατά</strong></span> <span class='ocrx_word' id='word_1_673' title='bbox 2583 4383 2645 4435; x_wconf 82' lang='grc' dir='ltr'><strong>τδ</strong></span> <span class='ocrx_word' id='word_1_674' title='bbox 2677 4383 2976 4452; x_wconf 85' lang='grc' dir='ltr'>ἐγχωροῦν,</span> <span class='ocrx_word' id='word_1_675' title='bbox 3009 4383 3361 4452; x_wconf 83' lang='grc' dir='ltr'>ὑποδείξομεν</span> <span class='ocrx_word' id='word_1_676' title='bbox 3391 4383 3488 4451; x_wconf 73' lang='grc' dir='ltr'>τὴν</span> <span class='ocrx_word' id='word_1_677' title='bbox 3543 4385 3603 4433; x_wconf 81' lang='grc' dir='ltr'><strong>ἐν</strong></span> <span class='ocrx_word' id='word_1_678' title='bbox 3637 4384 3752 4444; x_wconf 77' lang='grc' dir='ltr'>τοῖς</span> <span class='ocrx_word' id='word_1_679' title='bbox 3807 4385 3996 4452; x_wconf 80' lang='grc' dir='ltr'><strong>ῥητοῖς</strong></span> 
     </span>
    </p>
   </div>
   <div class='ocr_carea' id='block_1_90' title="bbox 2408 4473 3992 4541">
    <p class='ocr_par' dir='ltr' id='par_1_90' title="bbox 2408 4473 3992 4541">
     <span class='ocr_line' id='line_1_90' title="bbox 2408 4473 3992 4541; baseline -0.001 -15"><span class='ocrx_word' id='word_1_680' title='bbox 2408 4476 2616 4536; x_wconf 78' lang='grc' dir='ltr'>τούτοις</span> <span class='ocrx_word' id='word_1_681' title='bbox 2643 4473 2737 4527; x_wconf 92' lang='grc' dir='ltr'><strong>τοῦ</strong></span> <span class='ocrx_word' id='word_1_682' title='bbox 2778 4476 2935 4541; x_wconf 84' lang='grc' dir='ltr'>ἁγίου</span> <span class='ocrx_word' id='word_1_683' title='bbox 2974 4473 3237 4537; x_wconf 84' lang='grc' dir='ltr'>διάνοιαν,</span> <span class='ocrx_word' id='word_1_684' title='bbox 3275 4474 3371 4525; x_wconf 71' lang='grc' dir='ltr'><strong>καὶ</strong></span> <span class='ocrx_word' id='word_1_685' title='bbox 3391 4473 3455 4524; x_wconf 74' lang='grc' dir='ltr'>τὸ</span> <span class='ocrx_word' id='word_1_686' title='bbox 3491 4473 3752 4533; x_wconf 75' lang='grc' dir='ltr'>δυσσεϐὲς</span> <span class='ocrx_word' id='word_1_687' title='bbox 3795 4473 3906 4524; x_wconf 88' lang='grc' dir='ltr'><strong>τῶν</strong></span> <span class='ocrx_word' id='word_1_688' title='bbox 3936 4473 3992 4536; x_wconf 77' lang='grc' dir='ltr'>ἐξ</span> 
     </span>
    </p>
   </div>
   <div class='ocr_carea' id='block_1_91' title="bbox 742 4550 2319 4638">
    <p class='ocr_par' dir='ltr' id='par_1_91' title="bbox 742 4550 2304 4621">
     <span class='ocr_line' id='line_1_91' title="bbox 742 4550 2304 4621; baseline -0.003 -13"><span class='ocrx_word' id='word_1_689' title='bbox 742 4559 944 4618; x_wconf 82' lang='lat' dir='ltr'><strong>dicunt,</strong></span> <span class='ocrx_word' id='word_1_690' title='bbox 994 4555 1319 4621; x_wconf 87' lang='lat' dir='ltr'><strong>impietatem</strong></span> <span class='ocrx_word' id='word_1_691' title='bbox 1363 4563 1690 4620; x_wconf 72' lang='lat' dir='ltr'><strong>retegemus.</strong></span> <span class='ocrx_word' id='word_1_692' title='bbox 1746 4551 1871 4605; x_wconf 86' lang='lat' dir='ltr'><strong>Illos</strong></span> <span class='ocrx_word' id='word_1_693' title='bbox 1927 4552 2020 4620; x_wconf 88' lang='lat' dir='ltr'><strong>qui</strong></span> <span class='ocrx_word' id='word_1_694' title='bbox 2086 4550 2304 4621; x_wconf 85' lang='lat' dir='ltr'><strong>Filium,</strong></span> 
     </span>
    </p>
   </div>
   <div class='ocr_carea' id='block_1_92' title="bbox 2404 4550 3998 4638">
    <p class='ocr_par' dir='ltr' id='par_1_92' title="bbox 2409 4564 3998 4638">
     <span class='ocr_line' id='line_1_92' title="bbox 2409 4564 3998 4638; baseline -0.003 -19"><span class='ocrx_word' id='word_1_695' title='bbox 2409 4566 2720 4638; x_wconf 84' lang='grc' dir='ltr'>ἀδιακρίτου</span> <span class='ocrx_word' id='word_1_696' title='bbox 2754 4567 2919 4634; x_wconf 71' lang='grc' dir='ltr'>ζόφου</span> <span class='ocrx_word' id='word_1_697' title='bbox 2973 4567 3110 4637; x_wconf 73' lang='grc' dir='ltr'>πρὸς</span> <span class='ocrx_word' id='word_1_698' title='bbox 3144 4567 3293 4635; x_wconf 78' lang='grc' dir='ltr'>ἡμᾶς</span> <span class='ocrx_word' id='word_1_699' title='bbox 3329 4565 3724 4632; x_wconf 74' lang='grc' dir='ltr'>ἀντιλεγόντων</span> <span class='ocrx_word' id='word_1_700' title='bbox 3756 4564 3998 4631; x_wconf 77' lang='grc' dir='ltr'>ἀπελέγο</span> 
     </span>
    </p>
   </div>
   <div class='ocr_carea' id='block_1_93' title="bbox 744 4640 2308 4705">
    <p class='ocr_par' dir='ltr' id='par_1_93' title="bbox 744 4640 2308 4705">
     <span class='ocr_line' id='line_1_93' title="bbox 744 4640 2308 4705; baseline -0.001 -6"><span class='ocrx_word' id='word_1_701' title='bbox 744 4665 845 4699; x_wconf 87' lang='lat' dir='ltr'><strong>nott</strong></span> <span class='ocrx_word' id='word_1_702' title='bbox 880 4645 1036 4697; x_wconf 79' lang='lat' dir='ltr'><strong>modo</strong></span> <span class='ocrx_word' id='word_1_703' title='bbox 1062 4643 1382 4696; x_wconf 74' lang='lat' dir='ltr'><strong>dissimilem</strong></span> <span class='ocrx_word' id='word_1_704' title='bbox 1403 4641 1598 4705; x_wconf 80' lang='lat' dir='ltr'><strong>l&#39;attis,</strong></span> <span class='ocrx_word' id='word_1_705' title='bbox 1621 4640 1716 4696; x_wconf 82' lang='lat' dir='ltr'><strong>sed</strong></span> <span class='ocrx_word' id='word_1_706' title='bbox 1739 4653 1790 4694; x_wconf 86' lang='lat' dir='ltr'><strong>et</strong></span> <span class='ocrx_word' id='word_1_707' title='bbox 1812 4644 1972 4694; x_wconf 79' lang='lat' dir='ltr'><strong>Patre</strong></span> <span class='ocrx_word' id='word_1_708' title='bbox 1995 4642 2308 4698; x_wconf 82' lang='lat' dir='ltr'><strong>inferiorem</strong></span> 
     </span>
    </p>
   </div>
   <div class='ocr_carea' id='block_1_94' title="bbox 746 4734 2313 4799">
    <p class='ocr_par' dir='ltr' id='par_1_94' title="bbox 746 4734 2313 4799">
     <span class='ocr_line' id='line_1_94' title="bbox 746 4734 2313 4799; baseline 0.001 -11"><span class='ocrx_word' id='word_1_709' title='bbox 746 4738 881 4789; x_wconf 84' lang='lat' dir='ltr'><strong>male</strong></span> <span class='ocrx_word' id='word_1_710' title='bbox 937 4735 1211 4799; x_wconf 85' lang='lat' dir='ltr'><strong>dicebant,</strong></span> <span class='ocrx_word' id='word_1_711' title='bbox 1244 4743 1497 4799; x_wconf 85' lang='lat' dir='ltr'><strong>tanquam</strong></span> <span class='ocrx_word' id='word_1_712' title='bbox 1547 4734 1590 4784; x_wconf 91' lang='lat' dir='ltr'><strong>si</strong></span> <span class='ocrx_word' id='word_1_713' title='bbox 1647 4747 1753 4784; x_wconf 92' lang='lat' dir='ltr'><strong>non</strong></span> <span class='ocrx_word' id='word_1_714' title='bbox 1799 4735 2184 4797; x_wconf 79' lang='lat' dir='ltr'><strong>essentialiter,</strong></span> <span class='ocrx_word' id='word_1_715' title='bbox 2217 4738 2313 4789; x_wconf 88' lang='lat' dir='ltr'><strong>sed</strong></span> 
     </span>
    </p>
   </div>
   <div class='ocr_carea' id='block_1_95' title="bbox 745 4822 2314 4891">
    <p class='ocr_par' dir='ltr' id='par_1_95' title="bbox 745 4822 2314 4891">
     <span class='ocr_line' id='line_1_95' title="bbox 745 4822 2314 4891; baseline -0.001 -11"><span class='ocrx_word' id='word_1_716' title='bbox 745 4827 1039 4881; x_wconf 83' lang='lat' dir='ltr'><strong>adventitie</strong></span> <span class='ocrx_word' id='word_1_717' title='bbox 1070 4835 1122 4878; x_wconf 90' lang='lat' dir='ltr'><strong>et</strong></span> <span class='ocrx_word' id='word_1_718' title='bbox 1180 4840 1274 4891; x_wconf 89' lang='lat' dir='ltr'><strong>per</strong></span> <span class='ocrx_word' id='word_1_719' title='bbox 1335 4822 1804 4891; x_wconf 81' lang='lat' dir='ltr'><strong>participationem</strong></span> <span class='ocrx_word' id='word_1_720' title='bbox 1869 4833 1922 4876; x_wconf 89' lang='lat' dir='ltr'><strong>et</strong></span> <span class='ocrx_word' id='word_1_721' title='bbox 1979 4825 2314 4879; x_wconf 80' lang='lat' dir='ltr'><strong>additionem</strong></span> 
     </span>
    </p>
   </div>
   <div class='ocr_carea' id='block_1_96' title="bbox 741 4915 2313 4983">
    <p class='ocr_par' dir='ltr' id='par_1_96' title="bbox 741 4915 2313 4983">
     <span class='ocr_line' id='line_1_96' title="bbox 741 4915 2313 4983; baseline -0.003 -9"><span class='ocrx_word' id='word_1_722' title='bbox 741 4923 964 4974; x_wconf 82' lang='lat' dir='ltr'><strong>haberet</strong></span> <span class='ocrx_word' id='word_1_723' title='bbox 995 4921 1171 4971; x_wconf 82' lang='lat' dir='ltr'><strong>vivere</strong></span> <span class='ocrx_word' id='word_1_724' title='bbox 1194 4928 1248 4970; x_wconf 89' lang='lat' dir='ltr'><strong>et</strong></span> <span class='ocrx_word' id='word_1_725' title='bbox 1273 4919 1478 4980; x_wconf 88' lang='lat' dir='ltr'><strong>vitam;</strong></span> <span class='ocrx_word' id='word_1_726' title='bbox 1513 4933 1533 4967; x_wconf 73' lang='grc' dir='ltr'><strong>ι</strong></span> <span class='ocrx_word' id='word_1_727' title='bbox 1560 4925 1613 4968; x_wconf 93' lang='lat' dir='ltr'><strong>et</strong></span> <span class='ocrx_word' id='word_1_728' title='bbox 1663 4915 1820 4983; x_wconf 89' lang='lat' dir='ltr'><strong>quasi</strong></span> <span class='ocrx_word' id='word_1_729' title='bbox 1876 4915 2143 4983; x_wconf 83' lang='lat' dir='ltr'><strong>recipiens</strong></span> <span class='ocrx_word' id='word_1_730' title='bbox 2191 4931 2313 4970; x_wconf 90' lang='lat' dir='ltr'><strong>eam</strong></span> 
     </span>
    </p>
   </div>
   <div class='ocr_carea' id='block_1_97' title="bbox 743 5007 2316 5077">
    <p class='ocr_par' dir='ltr' id='par_1_97' title="bbox 743 5007 2316 5077">
     <span class='ocr_line' id='line_1_97' title="bbox 743 5007 2316 5077; baseline -0.004 -9"><span class='ocrx_word' id='word_1_731' title='bbox 743 5017 1049 5068; x_wconf 76' lang='lat' dir='ltr'><strong>destitueret</strong></span> <span class='ocrx_word' id='word_1_732' title='bbox 1077 5027 1110 5064; x_wconf 83' lang='lat' dir='ltr'><strong>a</strong></span> <span class='ocrx_word' id='word_1_733' title='bbox 1145 5010 1325 5074; x_wconf 82' lang='lat' dir='ltr'><strong>Patre,</strong></span> <span class='ocrx_word' id='word_1_734' title='bbox 1367 5017 1526 5077; x_wconf 85' lang='lat' dir='ltr'><strong>prout</strong></span> <span class='ocrx_word' id='word_1_735' title='bbox 1563 5011 1822 5075; x_wconf 86' lang='lat' dir='ltr'><strong>scriptum</strong></span> <span class='ocrx_word' id='word_1_736' title='bbox 1859 5019 1952 5060; x_wconf 83' lang='lat' dir='ltr'><strong>est</strong></span> <span class='ocrx_word' id='word_1_737' title='bbox 1987 5008 2072 5058; x_wconf 69' lang='lat'><strong>:‘°</strong></span> <span class='ocrx_word' id='word_1_738' title='bbox 2111 5026 2128 5058; x_wconf 80' lang='grc' dir='ltr'><strong>ι</strong></span> <span class='ocrx_word' id='word_1_739' title='bbox 2165 5007 2316 5062; x_wconf 88' lang='lat' dir='ltr'><strong>Sicut</strong></span> 
     </span>
    </p>
   </div>
   <div class='ocr_carea' id='block_1_98' title="bbox 742 5101 2314 5172">
    <p class='ocr_par' dir='ltr' id='par_1_98' title="bbox 742 5101 2314 5172">
     <span class='ocr_line' id='line_1_98' title="bbox 742 5101 2314 5172; baseline -0.005 -7"><span class='ocrx_word' id='word_1_740' title='bbox 742 5113 903 5166; x_wconf 73' lang='lat' dir='ltr'><strong>Pater</strong></span> <span class='ocrx_word' id='word_1_741' title='bbox 935 5113 1092 5164; x_wconf 86' lang='lat' dir='ltr'><strong>habet</strong></span> <span class='ocrx_word' id='word_1_742' title='bbox 1124 5111 1285 5160; x_wconf 86' lang='lat' dir='ltr'><strong>vitam</strong></span> <span class='ocrx_word' id='word_1_743' title='bbox 1315 5108 1365 5159; x_wconf 93' lang='lat' dir='ltr'><strong>in</strong></span> <span class='ocrx_word' id='word_1_744' title='bbox 1415 5106 1727 5172; x_wconf 86' lang='lat' dir='ltr'><strong>semetipso,</strong></span> <span class='ocrx_word' id='word_1_745' title='bbox 1761 5104 1841 5156; x_wconf 82' lang='lat' dir='ltr'><strong>sic</strong></span> <span class='ocrx_word' id='word_1_746' title='bbox 1903 5103 2050 5156; x_wconf 88' lang='lat' dir='ltr'><strong>dedit</strong></span> <span class='ocrx_word' id='word_1_747' title='bbox 2078 5113 2133 5157; x_wconf 93' lang='lat' dir='ltr'><strong>et</strong></span> <span class='ocrx_word' id='word_1_748' title='bbox 2175 5101 2314 5157; x_wconf 76' lang='lat' dir='ltr'><strong>Filio</strong></span> 
     </span>
    </p>
   </div>
   <div class='ocr_carea' id='block_1_99' title="bbox 744 5193 2318 5264">
    <p class='ocr_par' dir='ltr' id='par_1_99' title="bbox 744 5193 2318 5264">
     <span class='ocr_line' id='line_1_99' title="bbox 744 5193 2318 5264; baseline -0.005 -9"><span class='ocrx_word' id='word_1_749' title='bbox 744 5203 1117 5255; x_wconf 78' lang='lat' dir='ltr'><strong>baberevitam</strong></span> <span class='ocrx_word' id='word_1_750' title='bbox 1151 5199 1202 5250; x_wconf 93' lang='lat' dir='ltr'><strong>in</strong></span> <span class='ocrx_word' id='word_1_751' title='bbox 1233 5204 1617 5264; x_wconf 80' lang='lat' dir='ltr'><strong>semetipsum;</strong></span> <span class='ocrx_word' id='word_1_752' title='bbox 1649 5211 1667 5244; x_wconf 69' lang='grc' dir='ltr'><strong>ι</strong></span> <span class='ocrx_word' id='word_1_753' title='bbox 1693 5193 1810 5246; x_wconf 85' lang='lat' dir='ltr'><strong>illos</strong></span> <span class='ocrx_word' id='word_1_754' title='bbox 1838 5193 2001 5261; x_wconf 78' lang='lat' dir='ltr'><strong>igitur</strong></span> <span class='ocrx_word' id='word_1_755' title='bbox 2033 5195 2123 5262; x_wconf 89' lang='lat' dir='ltr'><strong>qui</strong></span> <span class='ocrx_word' id='word_1_756' title='bbox 2149 5209 2318 5247; x_wconf 79' lang='lat' dir='ltr'><strong>evan-</strong></span> 
     </span>
    </p>
   </div>
   <div class='ocr_carea' id='block_1_100' title="bbox 743 5287 2318 5361">
    <p class='ocr_par' dir='ltr' id='par_1_100' title="bbox 743 5287 2318 5361">
     <span class='ocr_line' id='line_1_100' title="bbox 743 5287 2318 5361; baseline -0.003 -16"><span class='ocrx_word' id='word_1_757' title='bbox 743 5297 968 5361; x_wconf 85' lang='lat' dir='ltr'><strong>getieutu</strong></span> <span class='ocrx_word' id='word_1_758' title='bbox 1010 5292 1113 5345; x_wconf 88' lang='lat' dir='ltr'><strong>hoc</strong></span> <span class='ocrx_word' id='word_1_759' title='bbox 1159 5289 1376 5341; x_wconf 62' lang='lat' dir='ltr'><strong>effatum</strong></span> <span class='ocrx_word' id='word_1_760' title='bbox 1439 5299 1546 5341; x_wconf 86' lang='lat' dir='ltr'><strong>tant</strong></span> <span class='ocrx_word' id='word_1_761' title='bbox 1600 5287 1766 5354; x_wconf 88' lang='lat' dir='ltr'><strong>impie</strong></span> <span class='ocrx_word' id='word_1_762' title='bbox 1807 5289 2200 5356; x_wconf 63' lang='lat' dir='ltr'><strong>intelligi-bant;</strong></span> <span class='ocrx_word' id='word_1_763' title='bbox 2235 5304 2318 5340; x_wconf 86' lang='lat' dir='ltr'><strong>re-</strong></span> 
     </span>
    </p>
   </div>
   <div class='ocr_carea' id='block_1_101' title="bbox 747 5379 2316 5450">
    <p class='ocr_par' dir='ltr' id='par_1_101' title="bbox 747 5379 2316 5450">
     <span class='ocr_line' id='line_1_101' title="bbox 747 5379 2316 5450; baseline -0.004 -11"><span class='ocrx_word' id='word_1_764' title='bbox 747 5389 932 5440; x_wconf 85' lang='lat' dir='ltr'><strong>l&#39;ellens</strong></span> <span class='ocrx_word' id='word_1_765' title='bbox 957 5388 1113 5436; x_wconf 84' lang='lat' dir='ltr'><strong>divus</strong></span> <span class='ocrx_word' id='word_1_766' title='bbox 1152 5381 1390 5450; x_wconf 81' lang='lat' dir='ltr'><strong>.Cyrillus</strong></span> <span class='ocrx_word' id='word_1_767' title='bbox 1422 5382 1496 5433; x_wconf 86' lang='lat' dir='ltr'><strong>ait</strong></span> <span class='ocrx_word' id='word_1_768' title='bbox 1522 5395 1542 5434; x_wconf 65' lang='grc' dir='ltr'><strong>ι</strong></span> <span class='ocrx_word' id='word_1_769' title='bbox 1583 5398 1600 5431; x_wconf 81' lang='grc' dir='ltr'><strong>ι</strong></span> <span class='ocrx_word' id='word_1_770' title='bbox 1635 5380 1772 5444; x_wconf 80' lang='lat' dir='ltr'><strong>Quia</strong></span> <span class='ocrx_word' id='word_1_771' title='bbox 1800 5381 1908 5432; x_wconf 89' lang='lat' dir='ltr'><strong>vita</strong></span> <span class='ocrx_word' id='word_1_772' title='bbox 1943 5379 2086 5432; x_wconf 80' lang='lat' dir='ltr'><strong>Deus</strong></span> <span class='ocrx_word' id='word_1_773' title='bbox 2115 5380 2316 5433; x_wconf 88' lang='lat' dir='ltr'><strong>dicitur</strong></span> 
     </span>
    </p>
   </div>
   <div class='ocr_carea' id='block_1_102' title="bbox 744 5472 2317 5542">
    <p class='ocr_par' dir='ltr' id='par_1_102' title="bbox 744 5472 2317 5542">
     <span class='ocr_line' id='line_1_102' title="bbox 744 5472 2317 5542; baseline -0.003 -11"><span class='ocrx_word' id='word_1_774' title='bbox 744 5479 1044 5532; x_wconf 76' lang='lat' dir='ltr'><strong>secundum</strong></span> <span class='ocrx_word' id='word_1_775' title='bbox 1079 5477 1474 5542; x_wconf 84' lang='lat' dir='ltr'><strong>operationem,</strong></span> <span class='ocrx_word' id='word_1_776' title='bbox 1502 5486 1562 5526; x_wconf 92' lang='lat' dir='ltr'><strong>ut</strong></span> <span class='ocrx_word' id='word_1_777' title='bbox 1612 5472 1886 5526; x_wconf 77' lang='lat' dir='ltr'><strong>viviﬁcaris</strong></span> <span class='ocrx_word' id='word_1_778' title='bbox 1914 5474 2168 5539; x_wconf 83' lang='lat' dir='ltr'><strong>viventia,</strong></span> <span class='ocrx_word' id='word_1_779' title='bbox 2203 5476 2317 5542; x_wconf 85' lang='lat' dir='ltr'><strong>ipse</strong></span> 
     </span>
    </p>
   </div>
   <div class='ocr_carea' id='block_1_103' title="bbox 740 5566 2315 5631">
    <p class='ocr_par' dir='ltr' id='par_1_103' title="bbox 740 5566 2315 5631">
     <span class='ocr_line' id='line_1_103' title="bbox 740 5566 2315 5631; baseline -0.003 -9"><span class='ocrx_word' id='word_1_780' title='bbox 740 5573 888 5623; x_wconf 89' lang='lat' dir='ltr'><strong>enim</strong></span> <span class='ocrx_word' id='word_1_781' title='bbox 950 5578 1033 5621; x_wconf 69' lang='lat' dir='ltr'><strong>est</strong></span> <span class='ocrx_word' id='word_1_782' title='bbox 1093 5568 1203 5619; x_wconf 80' lang='lat' dir='ltr'><strong>vita</strong></span> <span class='ocrx_word' id='word_1_783' title='bbox 1255 5567 1578 5618; x_wconf 81' lang='lat' dir='ltr'><strong>naturaliter</strong></span> <span class='ocrx_word' id='word_1_784' title='bbox 1642 5566 1962 5631; x_wconf 84' lang='lat' dir='ltr'><strong>viventium,</strong></span> <span class='ocrx_word' id='word_1_785' title='bbox 2002 5575 2058 5617; x_wconf 93' lang='lat' dir='ltr'><strong>ut</strong></span> <span class='ocrx_word' id='word_1_786' title='bbox 2103 5577 2315 5618; x_wconf 63' lang='lat' dir='ltr'><strong>natura</strong></span> 
     </span>
    </p>
   </div>
   <div class='ocr_carea' id='block_1_104' title="bbox 743 5659 2312 5728">
    <p class='ocr_par' dir='ltr' id='par_1_104' title="bbox 743 5659 2312 5728">
     <span class='ocr_line' id='line_1_104' title="bbox 743 5659 2312 5728; baseline -0.004 -12"><span class='ocrx_word' id='word_1_787' title='bbox 743 5672 980 5725; x_wconf 82' lang='lat' dir='ltr'><strong>creator,</strong></span> <span class='ocrx_word' id='word_1_788' title='bbox 1017 5665 1122 5711; x_wconf 82' lang='lat' dir='ltr'><strong>itno</strong></span> <span class='ocrx_word' id='word_1_789' title='bbox 1151 5669 1205 5711; x_wconf 89' lang='lat' dir='ltr'><strong>et</strong></span> <span class='ocrx_word' id='word_1_790' title='bbox 1242 5660 1422 5712; x_wconf 83' lang='lat' dir='ltr'><strong>divine</strong></span> <span class='ocrx_word' id='word_1_791' title='bbox 1452 5661 1764 5725; x_wconf 84' lang='lat' dir='ltr'><strong>vtventium,</strong></span> <span class='ocrx_word' id='word_1_792' title='bbox 1805 5667 1862 5712; x_wconf 91' lang='lat' dir='ltr'><strong>ut</strong></span> <span class='ocrx_word' id='word_1_793' title='bbox 1889 5659 2075 5728; x_wconf 67' lang='lat' dir='ltr'><strong>gratia:</strong></span> <span class='ocrx_word' id='word_1_794' title='bbox 2117 5661 2312 5725; x_wconf 86' lang='lat' dir='ltr'><strong>dator;</strong></span> 
     </span>
    </p>
   </div>
   <div class='ocr_carea' id='block_1_105' title="bbox 813 5829 1277 5896">
    <p class='ocr_par' dir='ltr' id='par_1_105' title="bbox 813 5829 1277 5896">
     <span class='ocr_line' id='line_1_105' title="bbox 813 5829 1277 5896; baseline 0.004 -12"><span class='ocrx_word' id='word_1_795' title='bbox 813 5832 862 5864; x_wconf 72' lang='lat'>“</span> <span class='ocrx_word' id='word_1_796' title='bbox 889 5829 1051 5884; x_wconf 84' lang='lat' dir='ltr'><strong>Joan.</strong></span> <span class='ocrx_word' id='word_1_797' title='bbox 1095 5848 1148 5896; x_wconf 70' lang='grc' dir='ltr'>ν,</span> <span class='ocrx_word' id='word_1_798' title='bbox 1169 5831 1236 5884; x_wconf 71' lang='lat'><strong>‘25</strong></span> <span class='ocrx_word' id='word_1_799' title='bbox 1258 5871 1277 5886; x_wconf 81' lang='lat'><strong><em>.</em></strong></span> 
     </span>
    </p>
   </div>
   <div class='ocr_carea' id='block_1_106' title="bbox 2409 4657 3998 4728">
    <p class='ocr_par' dir='ltr' id='par_1_106' title="bbox 2409 4657 3998 4728">
     <span class='ocr_line' id='line_1_106' title="bbox 2409 4657 3998 4728; baseline -0.001 -20"><span class='ocrx_word' id='word_1_800' title='bbox 2409 4657 2587 4725; x_wconf 81' lang='grc' dir='ltr'>ξομεν.</span> <span class='ocrx_word' id='word_1_801' title='bbox 2641 4657 2768 4719; x_wconf 83' lang='grc' dir='ltr'><strong>Τοῖς</strong></span> <span class='ocrx_word' id='word_1_802' title='bbox 2828 4658 2938 4728; x_wconf 80' lang='grc' dir='ltr'>γὰρ</span> <span class='ocrx_word' id='word_1_803' title='bbox 2981 4659 3073 4711; x_wconf 83' lang='grc' dir='ltr'>τὸν</span> <span class='ocrx_word' id='word_1_804' title='bbox 3125 4659 3252 4710; x_wconf 82' lang='grc' dir='ltr'>Υίὸν</span> <span class='ocrx_word' id='word_1_805' title='bbox 3287 4658 3387 4709; x_wconf 85' lang='grc' dir='ltr'><strong>οὐκ</strong></span> <span class='ocrx_word' id='word_1_806' title='bbox 3429 4659 3682 4724; x_wconf 83' lang='grc' dir='ltr'>ἀνόμοιον</span> <span class='ocrx_word' id='word_1_807' title='bbox 3720 4657 3883 4726; x_wconf 83' lang='grc' dir='ltr'>μόνον</span> <span class='ocrx_word' id='word_1_808' title='bbox 3919 4657 3998 4726; x_wconf 80' lang='grc' dir='ltr'><strong>τῷ</strong></span> 
     </span>
    </p>
   </div>
   <div class='ocr_carea' id='block_1_107' title="bbox 2409 4747 3999 4819">
    <p class='ocr_par' dir='ltr' id='par_1_107' title="bbox 2409 4747 3999 4819">
     <span class='ocr_line' id='line_1_107' title="bbox 2409 4747 3999 4819; baseline -0.002 -18"><span class='ocrx_word' id='word_1_809' title='bbox 2409 4747 2605 4818; x_wconf 73' lang='grc' dir='ltr'>Πατρὶ,</span> <span class='ocrx_word' id='word_1_810' title='bbox 2635 4748 2768 4800; x_wconf 85' lang='grc' dir='ltr'>ἀλλά</span> <span class='ocrx_word' id='word_1_811' title='bbox 2791 4751 2881 4800; x_wconf 76' lang='grc' dir='ltr'><strong>καὶ</strong></span> <span class='ocrx_word' id='word_1_812' title='bbox 2909 4751 3045 4819; x_wconf 85' lang='grc' dir='ltr'><strong>μετά</strong></span> <span class='ocrx_word' id='word_1_813' title='bbox 3077 4749 3167 4800; x_wconf 77' lang='grc' dir='ltr'>τὸν</span> <span class='ocrx_word' id='word_1_814' title='bbox 3189 4748 3412 4816; x_wconf 83' lang='grc' dir='ltr'>Πατέρα</span> <span class='ocrx_word' id='word_1_815' title='bbox 3438 4748 3659 4816; x_wconf 80' lang='grc' dir='ltr'>λέγουσι</span> <span class='ocrx_word' id='word_1_816' title='bbox 3686 4748 3896 4808; x_wconf 74' lang='grc' dir='ltr'>κακῶς,</span> <span class='ocrx_word' id='word_1_817' title='bbox 3926 4750 3999 4810; x_wconf 82' lang='grc' dir='ltr'>ὡς</span> 
     </span>
    </p>
   </div>
   <div class='ocr_carea' id='block_1_108' title="bbox 2407 4839 3998 4908">
    <p class='ocr_par' dir='ltr' id='par_1_108' title="bbox 2407 4839 3998 4908">
     <span class='ocr_line' id='line_1_108' title="bbox 2407 4839 3998 4908; baseline -0.003 -16"><span class='ocrx_word' id='word_1_818' title='bbox 2407 4839 2469 4892; x_wconf 78' lang='grc' dir='ltr'><strong>οὐ</strong></span> <span class='ocrx_word' id='word_1_819' title='bbox 2517 4841 2656 4893; x_wconf 82' lang='grc' dir='ltr'><strong>κατά</strong></span> <span class='ocrx_word' id='word_1_820' title='bbox 2703 4842 2888 4906; x_wconf 88' lang='grc' dir='ltr'>φύσιν,</span> <span class='ocrx_word' id='word_1_821' title='bbox 2921 4839 3036 4891; x_wconf 84' lang='grc' dir='ltr'>ἀλλ’</span> <span class='ocrx_word' id='word_1_822' title='bbox 3067 4840 3396 4892; x_wconf 79' lang='grc' dir='ltr'>ἐπείσακτον</span> <span class='ocrx_word' id='word_1_823' title='bbox 3449 4841 3541 4891; x_wconf 75' lang='grc' dir='ltr'><strong>καὶ</strong></span> <span class='ocrx_word' id='word_1_824' title='bbox 3578 4840 3718 4891; x_wconf 81' lang='grc' dir='ltr'>κατά</span> <span class='ocrx_word' id='word_1_825' title='bbox 3757 4840 3998 4908; x_wconf 73' lang='grc' dir='ltr'>μετοχὴν</span> 
     </span>
    </p>
   </div>
   <div class='ocr_carea' id='block_1_109' title="bbox 2408 4931 3996 5002">
    <p class='ocr_par' dir='ltr' id='par_1_109' title="bbox 2408 4931 3996 5002">
     <span class='ocr_line' id='line_1_109' title="bbox 2408 4931 3996 5002; baseline -0.001 -19"><span class='ocrx_word' id='word_1_826' title='bbox 2408 4932 2502 4984; x_wconf 72' lang='grc' dir='ltr'><strong>καὶ</strong></span> <span class='ocrx_word' id='word_1_827' title='bbox 2525 4932 2846 5002; x_wconf 81' lang='grc' dir='ltr'>προσθήκην</span> <span class='ocrx_word' id='word_1_828' title='bbox 2882 4933 3073 5001; x_wconf 73' lang='grc' dir='ltr'>ἔχοντα</span> <span class='ocrx_word' id='word_1_829' title='bbox 3100 4932 3160 4984; x_wconf 82' lang='grc' dir='ltr'><strong>τὸ</strong></span> <span class='ocrx_word' id='word_1_830' title='bbox 3207 4931 3307 5002; x_wconf 78' lang='grc' dir='ltr'>ζῇν</span> <span class='ocrx_word' id='word_1_831' title='bbox 3337 4933 3429 4984; x_wconf 54' lang='grc' dir='ltr'>και</span> <span class='ocrx_word' id='word_1_832' title='bbox 3461 4931 3557 5000; x_wconf 82' lang='grc' dir='ltr'>τὴν</span> <span class='ocrx_word' id='word_1_833' title='bbox 3593 4931 3760 4998; x_wconf 75' lang='grc' dir='ltr'>ζωὴν,</span> <span class='ocrx_word' id='word_1_834' title='bbox 3799 4931 3894 4981; x_wconf 71' lang='grc' dir='ltr'><strong>καὶ</strong></span> <span class='ocrx_word' id='word_1_835' title='bbox 3922 4931 3996 4993; x_wconf 76' lang='grc' dir='ltr'>ὡς</span> 
     </span>
    </p>
   </div>
   <div class='ocr_carea' id='block_1_110' title="bbox 2412 5022 3998 5094">
    <p class='ocr_par' dir='ltr' id='par_1_110' title="bbox 2412 5022 3998 5094">
     <span class='ocr_line' id='line_1_110' title="bbox 2412 5022 3998 5094; baseline -0.001 -20"><span class='ocrx_word' id='word_1_836' title='bbox 2412 5023 2758 5092; x_wconf 75' lang='grc' dir='ltr'>λαμϐάνοντα</span> <span class='ocrx_word' id='word_1_837' title='bbox 2812 5025 3107 5094; x_wconf 85' lang='grc' dir='ltr'>δεχόμενον</span> <span class='ocrx_word' id='word_1_838' title='bbox 3169 5024 3375 5094; x_wconf 80' lang='grc' dir='ltr'>ταύτην</span> <span class='ocrx_word' id='word_1_839' title='bbox 3423 5024 3574 5090; x_wconf 82' lang='grc' dir='ltr'><strong>παρά</strong></span> <span class='ocrx_word' id='word_1_840' title='bbox 3618 5025 3712 5074; x_wconf 89' lang='grc' dir='ltr'><strong>τοῦ</strong></span> <span class='ocrx_word' id='word_1_841' title='bbox 3761 5022 3998 5091; x_wconf 77' lang='grc' dir='ltr'>Πατρδς,</span> 
     </span>
    </p>
   </div>
   <div class='ocr_carea' id='block_1_111' title="bbox 2415 5113 3998 5186">
    <p class='ocr_par' dir='ltr' id='par_1_111' title="bbox 2415 5113 3998 5186">
     <span class='ocr_line' id='line_1_111' title="bbox 2415 5113 3998 5186; baseline -0.001 -20"><span class='ocrx_word' id='word_1_842' title='bbox 2415 5115 2636 5166; x_wconf 73' lang='grc' dir='ltr'>κατὰτὸ</span> <span class='ocrx_word' id='word_1_843' title='bbox 2669 5117 3075 5186; x_wconf 86' lang='grc' dir='ltr'>γεγραμμένον,</span> <span class='ocrx_word' id='word_1_844' title='bbox 3112 5135 3130 5166; x_wconf 75' lang='grc' dir='ltr'><strong>ι</strong></span> <span class='ocrx_word' id='word_1_845' title='bbox 3169 5116 3382 5185; x_wconf 77' lang='grc' dir='ltr'>Ὠσπερ</span> <span class='ocrx_word' id='word_1_846' title='bbox 3416 5117 3444 5166; x_wconf 84' lang='lat'><strong>6</strong></span> <span class='ocrx_word' id='word_1_847' title='bbox 3481 5113 3670 5182; x_wconf 77' lang='grc' dir='ltr'>Πατὴρ</span> <span class='ocrx_word' id='word_1_848' title='bbox 3706 5115 3820 5182; x_wconf 76' lang='grc' dir='ltr'>ἔχει</span> <span class='ocrx_word' id='word_1_849' title='bbox 3851 5115 3998 5183; x_wconf 72' lang='grc' dir='ltr'>ζωὴν</span> 
     </span>
    </p>
   </div>
   <div class='ocr_carea' id='block_1_112' title="bbox 2415 5205 3999 5275">
    <p class='ocr_par' dir='ltr' id='par_1_112' title="bbox 2415 5205 3999 5275">
     <span class='ocr_line' id='line_1_112' title="bbox 2415 5205 3999 5275; baseline -0.001 -18"><span class='ocrx_word' id='word_1_850' title='bbox 2415 5209 2474 5258; x_wconf 89' lang='grc' dir='ltr'><strong>ἐν</strong></span> <span class='ocrx_word' id='word_1_851' title='bbox 2513 5207 2713 5275; x_wconf 83' lang='grc' dir='ltr'>ἐαυτῷ,</span> <span class='ocrx_word' id='word_1_852' title='bbox 2747 5207 2919 5269; x_wconf 78' lang='grc' dir='ltr'>οὕτως</span> <span class='ocrx_word' id='word_1_853' title='bbox 2953 5208 3119 5259; x_wconf 78' lang='grc' dir='ltr'>ἔδωκε</span> <span class='ocrx_word' id='word_1_854' title='bbox 3153 5207 3247 5259; x_wconf 79' lang='grc' dir='ltr'><strong>καὶ</strong></span> <span class='ocrx_word' id='word_1_855' title='bbox 3291 5207 3369 5275; x_wconf 84' lang='grc' dir='ltr'>τῷ</span> <span class='ocrx_word' id='word_1_856' title='bbox 3400 5207 3514 5275; x_wconf 82' lang='grc' dir='ltr'>Υίῴ</span> <span class='ocrx_word' id='word_1_857' title='bbox 3565 5205 3708 5274; x_wconf 80' lang='grc' dir='ltr'><strong>ζωὴν</strong></span> <span class='ocrx_word' id='word_1_858' title='bbox 3757 5207 3907 5274; x_wconf 76' lang='grc' dir='ltr'>ἔχειν</span> <span class='ocrx_word' id='word_1_859' title='bbox 3944 5209 3999 5258; x_wconf 87' lang='grc' dir='ltr'><strong>ἐν</strong></span> 
     </span>
    </p>
   </div>
   <div class='ocr_carea' id='block_1_113' title="bbox 2414 5289 3999 5365">
    <p class='ocr_par' dir='ltr' id='par_1_113' title="bbox 2414 5289 3999 5365">
     <span class='ocr_line' id='line_1_113' title="bbox 2414 5289 3999 5365; baseline -0.002 -15"><span class='ocrx_word' id='word_1_860' title='bbox 2414 5297 2633 5365; x_wconf 76' lang='grc' dir='ltr'>ἐαυτῷο</span> <span class='ocrx_word' id='word_1_861' title='bbox 2689 5317 2705 5349; x_wconf 73' lang='grc' dir='ltr'><strong>ι</strong></span> <span class='ocrx_word' id='word_1_862' title='bbox 2753 5301 2864 5361; x_wconf 83' lang='grc' dir='ltr'>τοῖς</span> <span class='ocrx_word' id='word_1_863' title='bbox 2914 5295 3006 5351; x_wconf 84' lang='grc' dir='ltr'><strong>οὖν</strong></span> <span class='ocrx_word' id='word_1_864' title='bbox 3055 5299 3116 5349; x_wconf 76' lang='grc' dir='ltr'><strong>τὸ</strong></span> <span class='ocrx_word' id='word_1_865' title='bbox 3167 5289 3524 5364; x_wconf 63' lang='grc' dir='ltr'>εὐαγγελικὸν</span> <span class='ocrx_word' id='word_1_866' title='bbox 3573 5297 3732 5349; x_wconf 86' lang='grc' dir='ltr'>τοῦτο</span> <span class='ocrx_word' id='word_1_867' title='bbox 3782 5297 3999 5348; x_wconf 79' lang='grc' dir='ltr'>νοοῦσιν</span> 
     </span>
    </p>
   </div>
   <div class='ocr_carea' id='block_1_114' title="bbox 2410 5385 3998 5454">
    <p class='ocr_par' dir='ltr' id='par_1_114' title="bbox 2410 5385 3998 5454">
     <span class='ocr_line' id='line_1_114' title="bbox 2410 5385 3998 5454; baseline -0.002 -16"><span class='ocrx_word' id='word_1_868' title='bbox 2410 5385 2554 5438; x_wconf 86' lang='grc' dir='ltr'>οῦτω</span> <span class='ocrx_word' id='word_1_869' title='bbox 2582 5386 2879 5452; x_wconf 84' lang='grc' dir='ltr'>δυσσεϐῶς,</span> <span class='ocrx_word' id='word_1_870' title='bbox 2912 5388 3210 5454; x_wconf 79' lang='grc' dir='ltr'>ἀντιλέγων</span> <span class='ocrx_word' id='word_1_871' title='bbox 3244 5390 3273 5439; x_wconf 90' lang='grc' dir='ltr'>ὁ</span> <span class='ocrx_word' id='word_1_872' title='bbox 3313 5386 3454 5447; x_wconf 81' lang='grc' dir='ltr'>θεῖος</span> <span class='ocrx_word' id='word_1_873' title='bbox 3496 5385 3796 5453; x_wconf 69' lang='grc' dir='ltr'><strong>Κύριὶλος·</strong></span> <span class='ocrx_word' id='word_1_874' title='bbox 3842 5386 3998 5438; x_wconf 66' lang='grc' dir='ltr'><strong>Ἐπεὶ</strong></span> 
     </span>
    </p>
   </div>
   <div class='ocr_carea' id='block_1_115' title="bbox 2409 5477 3996 5548">
    <p class='ocr_par' dir='ltr' id='par_1_115' title="bbox 2409 5477 3996 5548">
     <span class='ocr_line' id='line_1_115' title="bbox 2409 5477 3996 5548; baseline 0 -18"><span class='ocrx_word' id='word_1_875' title='bbox 2409 5477 2521 5546; x_wconf 81' lang='grc' dir='ltr'><strong>ζωὴ</strong></span> <span class='ocrx_word' id='word_1_876' title='bbox 2552 5478 2650 5546; x_wconf 83' lang='grc' dir='ltr'><strong>μὲν</strong></span> <span class='ocrx_word' id='word_1_877' title='bbox 2675 5480 2701 5529; x_wconf 90' lang='lat'><strong>6</strong></span> <span class='ocrx_word' id='word_1_878' title='bbox 2731 5479 2862 5540; x_wconf 80' lang='grc' dir='ltr'>Θεὸς</span> <span class='ocrx_word' id='word_1_879' title='bbox 2895 5479 3152 5531; x_wconf 70' lang='grc' dir='ltr'><strong>καὶκατὰ</strong></span> <span class='ocrx_word' id='word_1_880' title='bbox 3179 5479 3278 5546; x_wconf 82' lang='grc' dir='ltr'><strong>τὴν</strong></span> <span class='ocrx_word' id='word_1_881' title='bbox 3320 5479 3604 5548; x_wconf 78' lang='grc' dir='ltr'>ἐνέργειαν</span> <span class='ocrx_word' id='word_1_882' title='bbox 3637 5477 3883 5544; x_wconf 84' lang='grc' dir='ltr'>λέγεται,</span> <span class='ocrx_word' id='word_1_883' title='bbox 3922 5479 3996 5537; x_wconf 81' lang='grc' dir='ltr'><strong>ὡς</strong></span> 
     </span>
    </p>
   </div>
   <div class='ocr_carea' id='block_1_116' title="bbox 2410 5570 3992 5640">
    <p class='ocr_par' dir='ltr' id='par_1_116' title="bbox 2410 5570 3992 5640">
     <span class='ocr_line' id='line_1_116' title="bbox 2410 5570 3992 5640; baseline -0.001 -18"><span class='ocrx_word' id='word_1_884' title='bbox 2410 5570 2688 5634; x_wconf 76' lang='grc' dir='ltr'>ζωοποιῶν</span> <span class='ocrx_word' id='word_1_885' title='bbox 2714 5573 2780 5622; x_wconf 77' lang='grc' dir='ltr'>τα</span> <span class='ocrx_word' id='word_1_886' title='bbox 2833 5571 3049 5634; x_wconf 81' lang='grc' dir='ltr'>ζῶντα·</span> <span class='ocrx_word' id='word_1_887' title='bbox 3086 5572 3253 5632; x_wconf 73' lang='grc' dir='ltr'>αὐτὸς</span> <span class='ocrx_word' id='word_1_888' title='bbox 3291 5571 3399 5640; x_wconf 75' lang='grc' dir='ltr'>γάρ</span> <span class='ocrx_word' id='word_1_889' title='bbox 3449 5573 3600 5622; x_wconf 82' lang='grc' dir='ltr'>ἐστιν</span> <span class='ocrx_word' id='word_1_890' title='bbox 3646 5573 3678 5639; x_wconf 82' lang='grc' dir='ltr'>ἡ</span> <span class='ocrx_word' id='word_1_891' title='bbox 3727 5570 3844 5638; x_wconf 76' lang='grc' dir='ltr'><strong>ζωὴ</strong></span> <span class='ocrx_word' id='word_1_892' title='bbox 3889 5571 3992 5622; x_wconf 60' lang='grc' dir='ltr'>τῶτι</span> 
     </span>
    </p>
   </div>
   <div class='ocr_carea' id='block_1_117' title="bbox 2412 5661 3990 5732">
    <p class='ocr_par' dir='ltr' id='par_1_117' title="bbox 2412 5661 3990 5732">
     <span class='ocr_line' id='line_1_117' title="bbox 2412 5661 3990 5732; baseline 0 -17"><span class='ocrx_word' id='word_1_893' title='bbox 2412 5663 2552 5716; x_wconf 80' lang='grc' dir='ltr'>κατὰ</span> <span class='ocrx_word' id='word_1_894' title='bbox 2583 5663 2741 5731; x_wconf 68' lang='grc' dir='ltr'>φύσιν</span> <span class='ocrx_word' id='word_1_895' title='bbox 2773 5664 3011 5730; x_wconf 75' lang='grc' dir='ltr'>ζώντων,</span> <span class='ocrx_word' id='word_1_896' title='bbox 3045 5663 3118 5725; x_wconf 84' lang='grc' dir='ltr'><strong>ὼς</strong></span> <span class='ocrx_word' id='word_1_897' title='bbox 3152 5663 3250 5732; x_wconf 81' lang='grc' dir='ltr'><strong>τῆς</strong></span> <span class='ocrx_word' id='word_1_898' title='bbox 3284 5661 3499 5730; x_wconf 83' lang='grc' dir='ltr'>φύσεως</span> <span class='ocrx_word' id='word_1_899' title='bbox 3551 5663 3802 5731; x_wconf 79' lang='grc' dir='ltr'>κτίστης,</span> <span class='ocrx_word' id='word_1_900' title='bbox 3861 5662 3990 5716; x_wconf 67' lang='grc' dir='ltr'>ἀλλᾰ</span> 
     </span>
    </p>
   </div>
  </div>
