4224 6464
266 437 411 508 1205

1176 433 1452 494 (ἉΡΙΤΑ
1497 427 1845 498 ΙἮΥΞΙΕᾹ,
1886 432 2397 502 Τι-ιΕΟιΟοιοΑ,
2442 435 2599 492 ETC.

3389 432 3521 496 1206

257 557 316 606 ὲν
344 551 421 621 τῷ
457 551 653 619 “arpi,
706 555 800 602 καὶ
837 551 864 601 6
912 550 1097 616 Πατὴρ
1132 550 1189 599 ὲν
1222 549 1364 616 ἐμοί.
1423 566 1440 594 ι
1484 544 1564 596 Τὰ
1609 540 1835 594 τοιαῦτα

1939 545 2099 612 igitur
2127 546 2284 599 divus
2314 543 2549 614 Cyrillus
2569 541 2807 598 ostendit
2839 541 2999 596 aliam
3039 543 3439 612 quodammodo
3467 555 3522 598 et

257 644 434 694 τοίνυν
465 644 492 694 6
517 642 659 704 θεῖος
687 640 974 709 Κύριλλος.
1004 639 1191 707 ἕτερον
1236 656 1351 699 πως
1402 639 1494 689 καὶ
1523 639 1620 708 οὐχ
1650 638 1838 706 ἕτερον

256 735 475 795 δεικνὺς
500 734 650 803 παρὰ
685 732 769 784 τὸν
796 733 1012 801 Πατέρα
1046 731 1144 800 τὴν
1184 731 1240 781 ὲν
1279 730 1428 798 αὐτῴ
1472 728 1636 798 ζωὴν,
1673 731 1839 799 ἠγουν

256 828 350 878 τὸν
379 826 530 879 Υἱὸν.
586 827 651 878 Οἱ
688 825 733 877 δ’
777 825 852 888 ὠς
888 824 1149 894 μηδαμῶς
1179 823 1366 890 ἕτερον
1408 822 1540 876 ὄντα.
1581 821 1708 891 παρ’
1739 821 1841 873 αὺ-

257 921 371 980 τὸν,
405 919 501 970 καὶ
534 917 634 987 τὴν
665 917 832 987 αὐτὴν
866 917 1007 970 κατᾶ
1043 918 1218 970 πάντα
1253 915 1328 984 τῷ
1365 916 1540 985 Πατρὶ
1585 915 1839 980 λέγοντες

257 1009 357 1080 τὴν
391 1011 448 1062 ὲν
473 1009 622 1078 αὐτῷ
644 1008 810 1080 ζωὴν,
831 1008 906 1071 ὡς
935 1008 1099 1078 μηδὲν
1122 1008 1506 1076 διαφέρουσαν,
1529 1008 1595 1060 τὰ
1619 1006 1848 1059 τοιαῦτα

260 1100 718 1171 προϐαλλόμενοι,
779 1101 872 1153 καὶ
934 1101 1146 1170 ταύτην
1197 1097 1338 1152 εἶναι
1380 1099 1846 1168 διαϐεϐαιούμενοι

258 1193 354 1245 τὸν
383 1191 481 1244 τοῦ
518 1192 735 1261 Πατρὸς
763 1193 1067 1260 Μονογενῆ,
1099 1194 1159 1244 οὐ
1210 1195 1322 1254 τοῖς
1359 1193 1452 1245 τοῦ
1490 1188 1688 1244 σεπτοῦ
1727 1192 1840 1244 Κυ-

262 1287 472 1356 ρίλλου,
497 1285 631 1338 ἀλλὰ
659 1289 768 1347 τοῖς
795 1285 903 1337 τοῦ
933 1285 1222 1338 Σαϐελλίου
1271 1287 1411 1338 κατὰ
1459 1288 1636 1338 πᾶσαν
1669 1287 1838 1354 ἀνάγ·-

269 1395 374 1446 κην
406 1377 755 1428 συνίστανται
779 1376 1065 1443 δόγμασιν.

345 1475 487 1538 ρκα’.
531 1468 691 1521 Ἀλλὰ
721 1469 815 1520 καὶ
855 1469 946 1520 τὸν
986 1467 1128 1518 θεῖον
1180 1465 1446 1536 Κύριλλον
1494 1466 1613 1519 καθ’
1651 1465 1846 1518 ἑαυτοῦ

271 1557 540 1628 προάγειν
567 1558 695 1618 τοὺς
733 1556 874 1609 κατὰ
913 1557 1019 1609 τῶν
1045 1556 1327 1621 ἐναντίων,
1357 1555 1473 1619 πῶς
1501 1556 1561 1608 οὐ
1612 1554 1714 1625 τῆς
1749 1573 1851 1626 με-

273 1648 472 1715 γίστης
505 1646 808 1716 καταδίκης
834 1648 1016 1710 αὐτοῖς
1054 1645 1314 1717 πρόξενον
1341 1663 1355 1711 ;
1391 1645 1452 1698 τὸ
1476 1646 1586 1717 γὰρ
1618 1643 1713 1698 νῦν
1748 1645 1844 1716 μὲν

269 1739 452 1803 τοῦτο,
489 1741 584 1792 νῦν
609 1741 653 1794 δ’
684 1744 860 1795 ἐκεῖνο
887 1747 1098 1810 λέγειν,
1129 1749 1461 1817 ἀμφοτέρων
1506 1749 1676 1804 ὄντων
1715 1752 1844 1823 ἀλη-

269 1829 402 1890 θῶν,
437 1831 640 1892 παντός
663 1834 778 1884 ἐστι
804 1833 1176 1900 Οεολογοῦντος
1203 1839 1459 1903 εὐσεϐῶς,
1483 1841 1561 1909 τῷ
1580 1841 1635 1894 δὲ
1655 1846 1848 1896 τάναν-

1934 651 2041 688 non
2073 636 2232 688 aliam
2268 652 2430 705 quam
2465 634 2678 688 Patrem
2709 650 2832 688 esse
2862 636 3026 688 vitam
3058 649 3178 704 qum
3198 635 3250 688 in
3273 636 3389 703 ipso
3420 647 3522 697 est.

1933 727 2141 780 scilicet
2177 727 2390 780 Filium.
2425 727 2527 793 Qui
2563 741 2693 781 vero
2727 727 2927 781 dicunt'
2963 729 3108 782 bunc
3158 728 3306 781 nullo
3363 726 3525 780 modo

1937 821 2103 872 alium
2139 834 2262 873 esse
2319 834 2483 887 quam
2520 819 2697 884 illum,
2726 828 2781 872 et
2810 821 3056 874 eamdem
3103 819 3326 874 omnino
3360 834 3521 888 quam

1941 912 2158 966 Patrem
2186 925 2310 966 esse
2334 911 2490 964 vitam
2523 926 2642 982 qua:
2681 911 2733 964 in
2765 909 2883 981 ipso
2917 922 3021 974 est,
3051 921 3110 966 ut
3140 912 3361 965 minime
3415 910 3525 964 dis-

1941 1004 2168 1057 tinctam
2203 1021 2219 1067 ;
2249 1003 2340 1069 qui
2366 1003 2530 1072 igitur
2562 1005 2689 1057 talia
2719 1005 3082 1069 contendunt,
3121 1013 3176 1058 et
3203 1005 3342 1059 banc
3371 1018 3525 1059 asse-

1936 1105 2063 1149 runt
2092 1111 2211 1151 esse
2242 1096 2421 1151 Patris
2479 1097 2830 1168 Unigenitmn
2868 1116 2882 1164 ;
2924 1099 2997 1153 illi
3046 1113 3153 1152 non
3201 1096 3527 1151 venerabilis

1937 1185 2146 1256 Cyrilli,
2179 1187 2274 1242 sed
2299 1186 2519 1242 Sabellii
2554 1189 2809 1243 doctrina!
2840 1204 3064 1258 prorsus
3097 1187 3410 1244 necessario
3431 1189 3525 1242 ad-

1945 1281 2167 1332 haerent.

2014 1458 2136 1510 lﬁl.
2180 1459 2288 1511 Sed
2324 1461 2504 1512 divum
2535 1457 2790 1530 Cyrillum
2816 1472 3003 1517 contra
3029 1463 3270 1531 seipsum
3299 1461 3526 1516 afferen-

1940 1559 2021 1604 tcs
2073 1553 2402 1615 adversarii,
2467 1567 2647 1606 nonne
2729 1553 3023 1607 maximam
3075 1566 3263 1609 contra
3317 1557 3525 1624 seipsos

1939 1641 2179 1696 inferunt
2203 1644 2603 1696 damnationem
2635 1644 2658 1697 ἲ
2688 1642 2821 1697 Nam
2860 1647 3036 1699 dicere
3087 1646 3306 1715 quidem
3363 1650 3521 1699 modo

1941 1748 2128 1798 unum,
2183 1736 2340 1787 modo
2392 1736 2646 1799 alterum,
2705 1739 2925 1806 quando
2983 1750 3272 1810 utrumque
3333 1757 3518 1795 verum

1947 1833 2051 1885 est,
2081 1831 2336 1891 competit
2373 1829 2460 1894 pio
2498 1830 2719 1883 cuilibet
2743 1831 2992 1898 tlieologo
3031 1849 3046 1898 ;
3083 1835 3174 1886 sed
3215 1834 3395 1886 dicere
3445 1836 3522 1888 si-

267 1920 360 1972 τία
399 1920 578 1988 λέγειν
630 1924 831 1993 ἐαυτῷ,
864 1927 1076 1988 οὐδενὸς
1129 1929 1239 1982 τῶν
1269 1930 1392 1982 νοῦν
1420 1934 1671 2001 ἐχόντων.
1723 1937 1840 1998 Πῶς

1941 1917 2104 1971 bimet
2155 1924 2451 1986 contraria,
2515 1923 2714 1976 nullius
2772 1936 2855 1978 est
2916 1927 3203 1992 sapientis.
3240 1925 3522 1991 Quomodo

267 2011 364 2065 οῦν
395 2014 423 2065 6
456 2014 637 2078 καλῶς
683 2016 855 2069 εἰπὼν
903 2019 1001 2090 τὴν
1029 2020 1174 2090 ζωὴν
1202 2022 1345 2092 ἔχειν
1388 2027 1528 2079 κατὰ
1563 2026 1724 2094 φύσιν
1754 2030 1846 2082 τὸν

268 2101 399 2155 Υἰὸν
428 2103 494 2173 ἢν
523 2104 705 2158 δίδωσι
744 2109 854 2172 τοῖς
889 2111 968 2172 εἰς
1010 2111 1172 2164 αὑτὸν
1218 2114 1570 2179 πιστεύουσι,
1616 2117 1847 2170 κάντεῦ-

267 2192 361 2242 Οεν
391 2193 569 2258 δείξας
604 2197 684 2247 ὅτι
735 2199 809 2266 μὴ
840 2201 1001 2268 μόνον
1035 2203 1067 2272 ἡ
1097 2204 1253 2255 οὐσία
1285 2205 1374 2257 τοῦ
1397 2207 1552 2274 Θεοῦ,
1580 2211 1647 2278 ἣν
1673 2210 1845 2272 οὐδεὶς

262 2282 559 2353 λαμϐάνει,
593 2288 730 2342 ἀλλὰ
779 2293 932 2361 καὶὴ
974 2295 1113 2346 κατὰ
1166 2297 1328 2364 φύσιν
1374 2299 1622 2368 ἐνέργεια
1654 2303 1845 2353 τούτου

263 2376 485 2443 λέγεται
511 2379 650 2450 ζωὴ,
683 2384 748 2452 ἠν
783 2386 924 2438 κατὰ
951 2389 1110 2456 χάριν
1139 2391 1328 2443 ἔλαϐον
1358 2394 1404 2443 oi
1430 2393 1571 2446 οὕτω
1599 2398 1729 2464 παρ’
1750 2397 1845 2447 αύ-

264 2469 363 2520 τοῦ
395 2470 842 2541 ζωοποιηθέντες,
871 2481 946 2540 ῶς
976 2483 1068 2532 καὶ
1101 2480 1292 2546 σώζειν
1319 2483 1384 2536 δι’
1410 2485 1615 2537 ἑαυτῶν
1636 2527 1650 2550 ,
1686 2488 1847 2539 ταυτὸ

265 2556 324 2608 δὲ
352 2559 530 2610 εἰπεῖν
553 2563 646 2613 καὶ
688 2564 1118 2632 ἀπαθανατίζειν
1151 2571 1290 2624 κατὰ
1341 2573 1577 2643 πνεῦμα,
1605 2577 1727 2636 τοὺς
1772 2577 1844 2646 μὴ

265 2650 412 2701 κατὰ
465 2650 685 2722 πνεῦμα
743 2655 953 2721 ζῶντας
1008 2660 1315 2732 πρότερον;
1353 2663 1508 2716 Ἐστι
1544 2666 1587 2716 δ’
1628 2666 1718 2727 οὓς
1753 2668 1848 2721 καὶ

261 2740 372 2792 τῶν
398 2743 537 2795 κατά
566 2762 618 2797 τι
651 2747 834 2815 μέλος.
876 2751 907 2817 ἢ
957 2752 1050 2804 καὶ
1094 2756 1232 2808 κατὰ
1271 2759 1377 2808 πᾶν
1432 2760 1592 2826 σῶμα
1640 2760 1848 2830 νεκρῶν

260 2835 571 2901 γεγονότων
599 2839 843 2910 ἀνιστᾷν.
879 2842 1000 2905 [Ιῶς
1033 2843 1099 2896 ἂν
1122 2841 1218 2898 οῦν
1251 2849 1278 2898 6
1332 2848 1509 2912 καλῶς
1546 2850 1721 2903 ταῦτα
1756 2856 1848 2905 καὶ

263 2923 457 2991 σαφῶς
510 2925 712 2990 δείξας,
771 2929 908 2998 πρὸς
955 2932 1237 3002 ἀναίρεσιν
1297 2934 1486 2989 ἔπειτα
1544 2939 1642 3006 τῆς
1697 2939 1846 3004 Θείας

259 3013 470 3086 ταύτης
496 3018 801 3088 ἐνεργείας,
841 3023 900 3073 τὸ
926 3022 1069 3092 ζωὴν
1101 3025 1383 3079 καλεῖσθαι
1408 3029 1507 3099 τὴν
1541 3030 1729 3082 οὐσίαν
1752 3031 1844 3084 τοῦ

259 3103 401 3156 Θεοῦ
440 3108 786 3176 προήνεγκε;
817 3109 1070 3182 καθάπερ
1108 3115 1155 3166 οἱ
1195 3114 1287 3167 νῦν
1328 3117 1396 3168 τὰ
1426 3118 1619 3170 τούτου
1660 3119 1843 3188 βιαζό-

262 3212 439 3264 μενοι,
490 3198 694 3266 μᾶλλον
742 3200 798 3252 δὲ
854 3204 1316 3270 συκοφαντοῦντες
1350 3209 1593 3277 ἀνοήτως
1635 3213 1842 3281 ἰσχυρί-

258 3287 466 3349 ζο-νται.

335 3378 476 3448 φιβ’.
518 3381 630 3451 Οὐχ
667 3384 695 3435 6
722 3384 816 3436 τοῦ
846 3385 980 3439 Θεοῦ
1008 3390 1321 3460 Μονογενὴς
1377 3395 1556 3462 μόνον,
1587 3395 1722 3447 ἀλλὰ
1753 3398 1844 3448 καὶ

258 3470 320 3522 τὸ
385 3472 608 3542 Πνεῦμα
657 3475 717 3526 τὸ
771 3476 923 3542 ἅγιον
997 3481 1243 3534 καλεῖται
1301 3485 1448 3552 παρὰ
1514 3484 1620 3536 τῶν
1676 3486 1844 3554 ἁγίων

266 3563 526 3631 ἐνέργειά
562 3581 620 3615 τε
658 3569 747 3617 καὶ
776 3567 1002 3635 δύναμις
1031 3587 1045 3600 ο
1078 3570 1193 3623 ἀλλ’
1221 3573 1294 3634 ὼς
1325 3575 1422 3636 τὰς
1459 3575 1630 3638 αὑτὰς
1663 3578 1814 3646 ἁπαρ

257 3653 542 3717 αλλάκτως
573 3658 649 3724 τῷ
687 3658 861 3729 Πατρὶ
901 3661 1163 3730 δυνάμεις
1189 3662 1379 3733 ἔχοντα
1417 3666 1509 3717 καὶ
1540 3667 1839 3737 ἐνεργείας,

257 3746 384 3796 ἐπεὶ
421 3747 514 3797 καὶ
544 3747 774 3814 δύναμις
837 3753 861 3801 ὁ
896 3750 1026 3809 Θεὸς
1084 3752 1300 3820 λέγεται
1341 3756 1480 3807 κατὰ
1528 3757 1616 3809 τὸν
1671 3760 1843 3827 μέγαν

254 3837 559 3902 Διονύσιον,
595 3840 668 3899 ὡς
721 3845 900 3894 πᾶσαν
933 3843 1159 3912 δύναμιν
1182 3847 1234 3896 ἐν
1259 3847 1434 3915 ἑαυτῴ
1468 3848 1717 3918 προέχων
1752 3852 1843 3902 καὶ

257 3931 568 3999 ὑπερέχων.
594 3934 684 3983 Διὸ
714 3936 804 3984 καὶ
831 3939 1362 4006 συνυπακουόμενον,
1391 3939 1423 4007 ἢ
1451 3941 1543 3992 καὶ
1569 3958 1845 4008 συνεκφω-

257 4022 523 4090 νούμενον
552 4024 665 4093 ἔχει
687 4025 1187 4099 τούτωιιὲκάτερον,
1221 4032 1349 4083 ὅταν
1377 4032 1658 4103 δύναμις-Υ]
1689 4035 1841 4102 ἐνὲρς

256 4131 383 4179 γεια
416 4115 662 4167 καλεῖται
701 4118 759 4169 τὸ
817 4121 1174 4174 ἑννπόατατον
1198 4140 1210 4152 ·
1275 4123 1525 4194 καθάπερ
1561 4127 1654 4178 καὶ
1711 4129 1737 4177 6
1773 4129 1841 4178 τὰ

258 4205 439 4256 πάντα
473 4205 646 4272 μέγας
682 4207 985 4274 Βασίλειος,
1039 4211 1299 4282 Δύναμις,
1332 4217 1515 4283 φησὶν,
1544 4220 1838 4288 ἁγιαστικὴ

254 4295 318 4343 τὸ
356 4295 582 4366 Πνεῦμα
619 4307 677 4350 τὸ
701 4300 878 4366 ἅγιον.
917 4303 1186 4365 ἀνούσιος,
1230 4305 1589 4376 ἐνύπαρκτοξ,
1644 4311 1840 4363 ἑνυπό-

257 4401 475 4448 στατος.
514 4387 625 4450 Τὰς
655 4389 699 4440 δ’
733 4394 796 4442 ὲκ
830 4393 923 4443 τοῦ
954 4393 1132 4454 πάσας
1162 4396 1442 4465 ἐνεργείας
1489 4400 1588 4450 οὐκ
1645 4401 1840 4454 ἐνυπο-

258 4481 495 4545 στάτους
533 4483 806 4554 ὑπάρχειν
870 4489 974 4540 κᾶν
1027 4492 1141 4550 τοῖς
1196 4494 1325 4562 περὶ
1369 4493 1464 4544 τοῦ
1530 4495 1842 4565 Πνεύματος

1941 2007 2213 2079 igiturqni
2241 2021 2386 2065 recte
2410 2015 2546 2066 dixit
2570 2015 2765 2069 Filium
2789 2017 3110 2070 naturaliter
3139 2018 3302 2070 vitam
3326 2018 3525 2072 habere

1940 2114 2102 2168 quam
2126 2104 2217 2152 dat
2245 2104 2599 2158 credentibus
2632 2107 2683 2158 in
2713 2109 2976 2176 scipsum,
3005 2119 3059 2161 et
3085 2110 3523 2165 cxindedemon-

1939 2196 2131 2248 stravit
2166 2212 2268 2250 non
2299 2201 2473 2252 solum
2503 2200 2796 2254 essentiam
2851 2201 2964 2264 Dei,
3015 2217 3178 2270 quam
3232 2219 3392 2256 nemo
3442 2219 3524 2258 re-

1940 2288 2091 2355 cipit,
2124 2288 2218 2343 sed
2253 2291 2415 2344 etiam
2463 2292 2767 2346 naturalem
2800 2294 2956 2363 hujus
2992 2299 3362 2364 Operationem
3416 2298 3521 2350 dici

1941 2382 2130 2444 vitam,
2163 2397 2325 2450 quam
2364 2384 2540 2453 gratia
2575 2385 2850 2453 recipiunt
2897 2390 2996 2442 viri
3034 2391 3113 2444 sic
3144 2407 3173 2443 a
3211 2390 3320 2444 Deo
3355 2392 3526 2443 viviti-

1939 2473 2162 2533 Cali,ut
2211 2488 2309 2540 per
2348 2477 2563 2544 seipsos
2611 2480 2838 2545 salvenl,
2900 2497 3012 2544 seu,
3045 2485 3188 2553 quod
3217 2484 3354 2536 idem
3415 2497 3523 2550 εει,

1942 2562 2279 2616 inunortales
2305 2565 2662 2632 spiritualiter
2690 2568 2889 2621 faciant
2914 2584 3005 2623 eos
3023 2571 3112 2638 qui
3143 2587 3246 2623 non
3274 2572 3528 2638 spiritua-

1941 2652 2067 2705 liter
2099 2655 2248 2721 prius
2270 2658 2536 2718 vixerant,
2571 2667 2624 2708 et
2660 2659 2950 2713 nonnullos
2979 2674 3163 2711 eorum
3201 2663 3291 2730 qui
3341 2662 3525 2731 aliquo

1944 2749 2184 2800 membro
2209 2748 2288 2800 vel
2321 2757 2430 2799 toto
2458 2763 2686 2816 corpore
2717 2761 2872 2804 erant
2907 2752 3128 2812 mortui,
3165 2757 3524 2824 resuscitent;

1943 2836 2219 2902 quomodo
2252 2838 2420 2906 igitur
2452 2843 2540 2908 qui
2571 2851 2715 2895 recte
2748 2841 2835 2894 illa
2859 2851 2913 2893 et
2943 2841 3085 2895 clare
3112 2847 3526 2908 demonstravit,

1942 2928 2031 2982 ille
2092 2939 2280 2997 postea
2336 2932 2572 2984 divinam
2610 2933 2747 2986 hanc
2804 2935 3178 3001 Operationem
3216 2937 3526 2998 destructis,

1940 3023 2083 3087 quod
2123 3023 2228 3074 vita
2262 3033 2482 3075 vocatur
2515 3038 2616 3090 pro
2664 3025 2755 3078 Dei
2788 3031 3026 3081 essentia
3084 3030 3427 3097 protulisset,
3470 3041 3528 3082 nt

1942 3127 2084 3164 nunc
2110 3115 2271 3167 Verba
2294 3115 2411 3182 ejus
2460 3116 2845 3186 detorquentcs
2874 3135 2968 3173 scu
2996 3124 3174 3189 potius
3193 3124 3528 3176 calumnian—

1945 3215 2026 3258 tes
2061 3201 2230 3260 Stulte
2284 3207 2554 3262 allirmant
2585 3211 2608 3262 ?

2023 3381 2144 3433 ΗΞ.
2200 3379 2314 3435 Non
2375 3381 2699 3451 Unigenitus
2749 3385 2843 3441 Dei
2883 3396 3116 3454 tantum,
3156 3399 3207 3444 at
3255 3393 3417 3446 etiam
3472 3401 3528 3447 et

1944 3471 2180 3538 Spiritus
2197 3481 2418 3526 sanctus
2444 3488 2667 3529 vocatur
2690 3493 2717 3528 a
2748 3480 2954 3533 sanetis
2983 3482 3226 3548 operatio
3244 3493 3298 3536 et
3319 3487 3526 3549 virtus;

1943 3564 2037 3613 sed
2067 3563 2142 3614 ita
2183 3570 2237 3614 ut
2271 3561 2749 3619 indiseriminatim
2793 3572 3011 3622 easdem
3057 3572 3250 3625 habeat
3275 3589 3337 3626 ac
3370 3573 3528 3628 Pater

1942 3654 2168 3707 virtutes
2196 3665 2249 3707 et
2272 3655 2637 3721 Operatioues,
2659 3659 2781 3725 quia
2802 3658 2941 3714 Dens
2964 3663 3077 3732 ipse
3101 3665 3272 3718 virtus
3302 3665 3523 3729 dicitur,

1942 3745 2086 3807 iuxta
2115 3762 2366 3816 magnum
2421 3749 2764 3820 Dionysium,
2798 3765 2981 3823 utpote
3008 3771 3222 3811 Omnem
3259 3759 3310 3811 in
3343 3775 3402 3812 se
3433 3761 3528 3813 ba-

1944 3838 2077 3891 bens
2099 3851 2151 3890 et
2175 3842 2476 3894 eminenter
2499 3845 2780 3898 includens
2802 3847 3074 3901 virtutem.
3092 3849 3219 3902 ldeo
3239 3862 3526 3922 utrumque

1943 3930 2158 3986 illorum
2192 3934 2352 3987 simul
2408 3935 2727 4006 intelligitur
2776 3948 2830 3992 et
2869 3939 3120 4004 edicitur,
3163 3947 3380 4012 quando
3413 3948 3526 4002 vir-

1944 4031 2086 4077 tutes
2126 4035 2218 4078 aut
2275 4028 2520 4094 Operatio
2573 4044 2796 4085 vocatur
2824 4037 2966 4102 quod
2995 4046 3078 4089 est
3135 4039 3522 4108 substantiale,

1945 4116 2088 4170 sicut
2111 4118 2238 4171 dicit
2270 4135 2497 4188 itiagnus
2518 4124 2740 4179 omnino
2782 4125 3012 4182 Basilius
3044 4144 3057 4180 :
3085 4147 3101 4179 ι
3137 4129 3369 4198 Spiritus
3395 4148 3524 4188 san-

1945 4219 2064 4262 ctus
2093 4220 2146 4264 et
2203 4213 2376 4269 virtus
2429 4217 2842 4284 sanctiﬁcatrix,
2872 4225 3196 4284 essentialis,
3226 4227 3521 4290 inhaerens,

1943 4303 2339 4362 substantialis.
2392 4325 2410 4358 ι
2447 4306 2574 4363 lnde
2619 4314 2962 4379 opt-rationes
3003 4331 3104 4368 non
3163 4332 3354 4372 omnes
3401 4334 3522 4374 esse

1941 4395 2325 4451 substantiales
2349 4414 2442 4468 per
2472 4404 2573 4455 boc
2603 4406 2742 4470 quod
2773 4405 2902 4458 dicit
2924 4406 2991 4459 de
3041 4406 3243 4474 Spiritu
3300 4413 3521 4465 demon-

1939 4487 2151 4550 stravit,
2173 4503 2268 4556 per
2295 4491 2435 4557 quod
2461 4493 2623 4545 etiam
2649 4506 2796 4562 patet
2825 4512 2917 4551 eas
2952 4514 2980 4551 a
3015 4503 3283 4555 creaturis
3309 4503 3520 4556 dist-er-

255 4573 604 4643 ἀπεφήνατο,
639 4575 710 4628 δι’
739 4570 800 4628 οὗ
846 4579 937 4630 καὶ
988 4580 1096 4632 τῶν
1132 4585 1447 4651 κτισμάτων
1482 4582 1636 4647 αὖθις
1685 4587 1840 4654 δῆλός

1943 4595 2074 4633 nens
2107 4583 2522 4642 ;sub:tantialia
2547 4589 2691 4640 enim
2716 4601 2844 4642 sunt
2869 4607 2989 4659 qua:
3011 4604 3214 4646 suntex
3244 4597 3514 4664 spiritum

255 4667 377 4717 ἐστι
403 4664 608 4729 ταύτας
643 4667 953 4732 διαστείλας
990 4687 1004 4703 ο
1041 4673 1385 4726 ἐνυπόστατα
1418 4676 1527 4746 γὰρ
1555 4679 1624 4730 τὰ
1655 4680 1718 4731 ὲκ
1746 4679 1840 4731 τοῦ

259 4757 573 4826 πνεύματος
599 4758 677 4821 ὡς
705 4760 981 4829 κτίσματα
1013 4779 1024 4792 ·
1061 4768 1446 4835 πεποιωμένας
1472 4769 1579 4838 γὰρ
1607 4769 1794 4831 οὐσίας
1815 4771 1841 4820 6

252 4847 392 4908 Θεὸς
422 4847 876 4917 ἐδημιούργησεν.

330 4937 472 5008 ρκγ’.
520 4941 583 4992 Ἠ
635 4943 952 5014 ἀποφατικὴ
1021 4944 1268 5014 ϐεολογὶα
1321 4949 1420 5001 οὐκ
1479 4952 1837 5015 ἐναντιοῦται,

249 5030 379 5082 οὐδὲ
435 5031 649 5100 ἀναιρεῖ
689 5034 789 5103 τὴν
853 5038 1256 5107 καταφατικὴν,
1306 5040 1440 5092 ἀλλὰ
1495 5042 1734 5096 δείκνυσι
1776 5046 1841 5096 τὰ

251 5123 649 5189 καταφατικῶς
690 5125 780 5176 ἐπὶ
808 5126 942 5177 Θεοῦ
972 5127 1259 5195 λεγόμενα,
1319 5131 1493 5200 ἀληθῆ
1537 5136 1636 5200 μὲν
1693 5133 1837 5188 εἶναι

251 5216 350 5266 καὶ
381 5215 619 5276 εὐσεϐῶς
653 5219 742 5268 ἐπὶ
771 5218 928 5277 Θεοῦ.
957 5223 1016 5273 οὐ
1059 5224 1181 5272 καὶΓ
1211 5227 1356 5293 ἡμᾶς
1392 5229 1448 5278 δὲ
1496 5229 1650 5280 ταῦτ’
1696 5230 1839 5298 ἔχειν

248 5307 348 5358 τὸν
379 5305 538 5362 Θεόν,
566 5303 694 5361 Οἷον
719 5309 832 5379 ἔχει
869 5312 899 5364 6
950 5313 1080 5376 Θεὸς
1116 5316 1215 5384 τὴν
1251 5319 1454 5385 γνῶσιν
1487 5321 1597 5372 τῶν
1638 5323 1832 5386 ὄντων,

250 5403 454 5468 ἔχομεν
494 5402 587 5452 καὶ
618 5403 778 5471 ἡμεῖς
805 5403 953 5456 ἔστιν
983 5399 1081 5469 ὧν,
1119 5409 1231 5460 ἀλλ’
1275 5411 1434 5479 ἡμεῖς
1493 5413 1591 5480 μὲν
1643 5415 1716 5475 ὡς
1750 5414 1836 5465 ὅν-

249 5507 365 5541 των
392 5505 453 5540 τε
501 5493 596 5543 καὶ
630 5497 958 5562 γενομένων,
998 5501 1024 5547 ο
1077 5497 1131 5549 δὲ
1161 5499 1314 5563 Θεὸς,
1359 5504 1455 5571 οὐχ
1486 5504 1560 5566 ῶς
1598 5505 1766 5558 ὅντων
1803 5507 1833 5575 ἢ

248 5584 587 5650 γενομένων⁹
613 5585 876 5652 ἐγίνωσκε
900 5589 1008 5658 γὰρ
1042 5591 1188 5643 ταῦτ’
1216 5595 1369 5646 οὐδὲν
1394 5590 1553 5664 ἦττον
1589 5602 1680 5651 καὶ
1708 5603 1835 5669 πρὶν

248 5671 519 5739 γενέςεως
547 5675 746 5726 αὐτῶν.
821 5678 878 5729 Ὀ
908 5679 1036 5744 γοῦν
1090 5683 1261 5732 εἰπὼν
1313 5690 1440 5753 περὶ
1483 5687 1619 5739 Θεοῦ
1665 5691 1744 5741 ὅτι
1775 5693 1834 5743 ού

248 5763 513 5831 γινώσκει
543 5765 611 5817 τὰ
655 5762 849 5839 ὄνταῇ
903 5768 1051 5832 ὄντα,
1108 5773 1206 5824 οὐκ
1242 5778 1576 5830 ἐναντιοῦται
1630 5781 1704 5850 τῷ
1751 5782 1835 5834 λέ-

252 5858 505 5924 γοντιὸτι
532 5857 788 5924 γινώδκει
837 5861 862 5911 6
891 5863 1020 5923 θεὸς
1061 5864 1126 5914 τὰ
1174 5866 1322 5927 ὄντα,
1365 5870 1456 5920 καί
1502 5870 1630 5922 ὃνῑα
1675 5873 1834 5936 γινώ-

1942 4685 2199 4726 creatum.-
2233 4693 2243 4726 :
2288 4680 2455 4732 laetas
2489 4685 2629 4733 enim
2674 4684 2938 4736 essentias
2977 4684 3116 4740 Deus
3148 4691 3372 4741 creavit.

2016 4946 2134 4998 £25.
2164 4945 2420 5015 Negativa
2486 4950 2578 5003 Dei
2614 4954 2870 5007 attributa
2898 4956 3228 5011 .Jlirmativis
3250 4977 3354 5014 nou
3385 4972 3511 5017 sunt

1940 5040 2238 5100 contraria,
2305 5056 2401 5092 nec
2453 5057 2512 5094 ea
2573 5046 2910 5112 destruunt;
2965 5051 3056 5102 sed
3112 5057 3404 5109 ostendunt
3450 5073 3513 5111 ea

1939 5147 2061 5198 qua:
2103 5130 2415 5188 alIirtnative
2451 5137 2517 5188 de
2556 5137 2662 5189 Deo
2700 5139 2970 5206 dicuntur,
3025 5159 3148 5196 vere
3188 5147 3402 5211 quidem
3462 5162 3516 5201 et

1942 5237 2025 5288 pte
2043 5225 2149 5276 Deo
2170 5226 2409 5289 attribui,
2441 5244 2544 5280 non
2576 5248 2692 5280 esse
2728 5247 2853 5281 vero
2880 5234 2930 5283 in
2963 5233 3068 5285 Deo
3090 5236 3230 5289 sicut
3252 5237 3305 5290 iu
3335 5241 3510 5293 nobis.

1945 5313 2102 5369 Verbi
2124 5318 2316 5384 gratia,
2355 5319 2517 5373 habet
2544 5319 2682 5374 Deus
2705 5323 2987 5378 scientiam
3019 5343 3221 5395 rerum,
3254 5330 3516 5388 habemus

1939 5419 1994 5462 et
2023 5425 2120 5463 nos
2155 5416 2512 5478 quorumdam
2569 5417 2849 5469 scientiam
2890 5436 2904 5483 ;
2941 5420 3034 5473 sed
3067 5436 3162 5471 nos
3213 5438 3274 5474 ea
3310 5439 3515 5492 cogno—

1939 5507 2138 5555 scimus
2159 5513 2214 5557 ui
2237 5505 2550 5560 exsisfeut‘a
2573 5522 2621 5560 et
2654 5510 2815 5574 facta,
2845 5511 2984 5563 Deus
3012 5528 3138 5564 vero
3170 5530 3274 5567 non
3295 5527 3356 5568 ut
3377 5517 3519 5570 exsi-

1940 5598 2138 5649 stentia
2173 5607 2225 5652 et
2257 5596 2396 5652 facta
2431 5641 2444 5663 ,
2473 5615 2594 5652 narn
2646 5617 2706 5654 ca
2763 5621 2864 5654 lltlll
2916 5607 3092 5658 minus
3152 5610 3513 5675 cognmcebat

1942 5700 2227 5758 antequam
2259 5695 2600 5746 exsisterent.
2645 5696 2742 5759 Qui
2777 5711 2905 5765 ergo
2935 5698 3067 5750 dicit
3102 5698 3265 5762 Deum
3302 5715 3405 5752 non
3425 5717 3515 5753 co—

1939 5801 2198 5854 gnoscere
2250 5788 2395 5837 entia
2455 5799 2723 5851 quatenus
2781 5790 2924 5842 entia
2963 5831 2976 5853 ,
3021 5805 3126 5843 non
3193 5795 3514 5847 contradicit

1939 5878 2139 5930 dlCL'llll
2176 5877 2342 5930 Deum
2395 5895 2716 5945 cognoscere
2749 5881 2913 5947 entia,
2952 5893 3004 5937 ct
3045 5898 3368 5952 cognoscere
3397 5887 3513 5952 ipsa
