4224 6464
649 408 789 474 1207

1896 411 2267 469 GREGORII
2330 409 2660 471 PALAMM

3758 419 3898 483 1208

645 531 704 573 ut
766 530 931 573 entia.
968 518 1081 573 lmo
1142 528 1223 573 est
1268 520 1512 587 quaedam
1573 517 1891 571 aﬂlrmativa
1948 520 2256 589 theolog’ai

2352 528 2469 564 σκει
2500 515 2656 568 αὐτά.
2679 517 2833 571 Ἔστι
2864 518 2920 572 δὲ
2944 524 3035 574 καὶ
3070 530 3419 601 καταφατικὴ
3466 530 3735 602 θεολογία,
3760 537 3922 590 δύνα-

646 609 906 678 ιιιτοιίνειι
959 608 1243 677 theologia:
1292 608 1397 661 vim
1464 607 1668 662 habens
1705 624 1719 673 ;
1758 608 1901 662 sicut
1934 624 2057 663 cum
2098 610 2230 664 dicit

644 700 885 766 aliquis:
916 699 1102 753 Omnis
1167 698 1391 753 scientia
1433 699 1499 753 de
1534 698 1718 768 aliquo
1764 698 1974 766 objecta
2009 699 2226 764 dicitur,

645 792 856 847 scilicet
893 793 959 845 de
991 805 1056 845 eo
1085 792 1229 860 quod
1252 793 1595 861 cognobcitur
1625 792 1895 859 ;seientia
1921 800 2099 845 autem
2132 791 2224 846 Dei

646 888 789 939 circa
862 883 1068 937 nullum
1110 882 1382 950 objectum
1426 883 1645 936 dicitur.
1680 883 1859 952 Ipsum
1910 884 2053 937 enim
2096 883 2226 938 illud

646 978 779 1030 dicit
807 976 976 1029 Deum
1040 992 1146 1029 non
1191 989 1517 1045 cognoscere
1546 976 1689 1029 entia
1747 985 2016 1044 quatenus
2051 976 2224 1039 entia,

652 1077 707 1120 et
747 1066 1034 1121 scientiam
1080 1081 1258 1119 rerum
1291 1079 1395 1119 non
1420 1065 1639 1129 habere,
1673 1064 1813 1119 sicut
1839 1079 1940 1118 nos
1958 1062 2224 1117 videlicet.

646 1160 842 1213 Eodem
883 1174 980 1226 per
1018 1157 1344 1228 hyberbolen
1401 1157 1557 1211 modo
1603 1154 1804 1209 dicitur
1851 1157 2015 1209 etiam
2054 1154 2225 1208 Deum

647 1268 753 1305 non
789 1266 926 1305 esse.
963 1250 1065 1316 Qui
1097 1261 1273 1303 autem
1307 1251 1409 1304 hoc
1435 1246 2083 1317 dicitadsigniﬁcandum
2119 1259 2224 1298 non

651 1347 787 1398 bene
822 1326 1013 1397 dicere
1032 1358 1123 1398 eos
1154 1343 1243 1411 qui
1280 1341 1465 1394 dicunt
1508 1353 1628 1395 esse
1674 1338 1861 1403 Deum,
1889 1346 2035 1407 patet
2083 1338 2224 1391 enim

646 1450 752 1488 non
796 1451 888 1503 per
946 1434 1296 1505 hyperbolem
1354 1433 1431 1487 uti
1478 1433 1723 1502 negativa
1782 1430 2075 1499 theologia,
2130 1430 2223 1485 sed

647 1543 745 1595 per
790 1526 1042 1595 ellipsiin,
1075 1525 1295 1595 perinde
1318 1540 1382 1579 ac
1430 1525 1474 1577 si
1497 1523 1678 1578 nullus
1731 1522 1838 1576 ullo
1872 1520 2031 1576 modo
2082 1530 2227 1576 esset

647 1618 787 1672 Deus
824 1634 840 1675 :
875 1620 1017 1688 quod
1072 1627 1155 1672 est
1205 1616 1499 1685 impietatis
1548 1614 1892 1685 hyperbola;
1947 1624 1999 1668 et
2062 1616 2224 1691 quod,

646 1712 784 1761 eheu
818 1709 832 1762 l
866 1706 1077 1760 faciunt
1106 1705 1198 1775 qui
1234 1707 1478 1775 negativa
1517 1701 1787 1771 theologia
1847 1700 2074 1754 iuiiciari
2116 1715 2224 1789 ὀο-

644 1809 845 1853 nantur
881 1800 1182 1852 increatam
1224 1797 1399 1851 inesse
1438 1794 1548 1849 Deo
1588 1804 1699 1847 tum
1760 1789 2078 1856 essentiam,
2113 1801 2251 1843 tum-

653 1894 1048 1961 operationem.
1080 1888 1192 1943 Nos
1224 1903 1350 1944 vero
1379 1903 1485 1943 non
1547 1886 1863 1940 alterutram
1912 1884 2083 1939 altera
2133 1884 2224 1938 de-

647 1994 949 2049 struentes,
990 1983 1171 2051 potius
1202 1982 1263 2035 de
1300 1990 1531 2050 utraque
1550 1981 1692 2049 piam
1728 1978 1956 2031 ﬁrmiter
1982 1986 2223 2031 tenemus

645 2077 967 2132 doctrinam.

720 2258 845 2312 124.
879 2258 958 2312 ΑιΙ
998 2268 1221 2311 cunctas
1259 2255 1691 2310 adversariorum
1725 2253 2102 2305 cavillationes
2135 2252 2218 2303 di-

647 2352 898 2405 luendum
931 2358 984 2402 et
1032 2349 1266 2416 amplam
1302 2345 1648 2417 relegandum
1694 2343 2040 2403 dementiam.
2077 2343 2225 2397 stilli-

645 2444 795 2499 ciens
826 2450 953 2511 puto
988 2440 1150 2495 breve
1180 2440 1282 2493 hoc
1317 2437 1491 2493 Patris
1518 2436 1740 2491 citatum
1777 2452 1791 2491 :
1832 2452 1848 2485 ι
1892 2434 2020 2489 Sine
2073 2434 2223 2503 prin-

647 2537 789 2605 cipio
834 2542 935 2599 est,
1000 2532 1255 2601 inquit,et
1296 2530 1645 2600 principium,
1673 2539 1726 2583 et
1780 2529 1925 2596 quod
1970 2536 2054 2582 est
2092 2541 2216 2581 cum

652 2629 937 2700 principio.
985 2625 1133 2681 Unus
1154 2627 1297 2681 Deus
1327 2642 1342 2690 ;
1378 2626 1470 2679 sed
1516 2623 1861 2694 principium,
1892 2635 1956 2675 eo
1984 2620 2128 2691 quod
2154 2620 2226 2674 sit

654 2724 1009 2792 principium,
1040 2735 1145 2773 non
1185 2720 1303 2773 ideo
1337 2728 1623 2786 separatur
1644 2716 1711 2769 ah
1736 2729 1802 2769 eo
1825 2714 1967 2783 quod
2000 2722 2081 2765 est
2106 2711 2224 2765 sine

652 2817 935 2886 principio.
969 2814 1091 2867 Non
1115 2814 1259 2866 enim
1292 2821 1480 2864 natura
1516 2810 1592 2863 illi
1619 2818 1701 2862 est
1730 2821 1849 2861 esse
1878 2806 2223 2875 principium,

648 2911 791 2963 sicut
826 2922 923 2961 nec
960 2907 1085 2959 huic
1114 2919 1237 2959 esse
1283 2904 1403 2958 sine
1436 2901 1723 2972 principio.
1767 2900 1891 2954 llaec
1923 2898 2066 2952 enim
2097 2908 2225 2952 sunt

647 3005 793 3055 circa
861 3008 1134 3059 naturam,
1176 3012 1278 3049 non
1334 3010 1466 3048 vero
1515 3003 1726 3046 natura.
1764 3010 1782 3042 ι
1817 2990 1961 3057 Quid
2008 2990 2225 3060 igitur?

648 3094 784 3147 Num
818 3090 943 3160 quia
976 3105 1083 3144 non
1111 3099 1326 3149 natura,
1357 3087 1451 3141 sed
1487 3086 1628 3138 circa
1662 3094 1915 3137 naturam
1948 3092 2075 3134 sunt
2100 3096 2223 3135 esse

651 3184 972 3254 principium
1004 3190 1056 3237 et
1089 3194 1212 3235 esse
1241 3180 1360 3233 sine
1412 3177 1699 3247 principio,
1739 3184 1921 3231 creata
1946 3175 2065 3228 ideo
2108 3176 2220 3228 haec

653 3278 848 3346 aliquis
878 3274 1099 3338 dixerit,
1138 3273 1243 3326 nisi
1277 3272 1467 3327 deliret
1499 3269 1521 3323 ?
1558 3270 1694 3335 Quia
1725 3280 1904 3322 autem
1959 3269 2070 3321 ha-c
2100 3275 2227 3320 sunt

652 3371 891 3423 increata
935 3377 986 3420 et
1024 3368 1075 3420 in
1119 3375 1310 3417 natura
1344 3363 1438 3416 Dei
1474 3363 1681 3425 insunt,
1711 3360 2111 3429 compositusne
2143 3357 2222 3411 id-

650 3466 799 3517 circo
862 3462 1007 3515 Deus
1058 3459 1503 3526 ‘INequaquam:
1545 3470 1723 3509 nonne
1775 3456 1915 3509 enim
1972 3453 2225 3507 distincta

651 3560 779 3606 sunt
812 3567 839 3604 a
872 3561 1060 3605 natura
1093 3550 1334 3604 ?Verum
1365 3546 1411 3601 si
1457 3556 1678 3600 econtra
1705 3546 1845 3599 idem
1871 3553 2011 3598 esset
2034 3551 2222 3594 natura

651 3660 812 3711 quam
833 3644 1096 3696 naturalia
1127 3642 1220 3695 Dei
1247 3642 1522 3703 attributa,
1549 3642 1907 3706 compositum
1953 3646 2080 3689 tunc
2107 3646 2225 3687 esse

654 3736 820 3789 Deum
857 3746 1050 3803 prseter
1080 3735 1215 3791 alios
1251 3735 1442 3789 Patres
1469 3732 1654 3786 multis
1674 3730 1853 3783 verbis
1881 3741 2107 3797 magnus
2136 3728 2224 3778 de-

657 3837 927 3883 monstrat
961 3826 1218 3897 Cyrillus.
1251 3827 1329 3880 Tu
1370 3840 1497 3880 vero
1539 3838 1791 3893 percurre
1823 3836 2029 3875 meeum
2087 3820 2221 3873 scri-

654 3933 740 3993 pta
776 3924 954 3992 magni
999 3921 1181 3975 Basilii
1243 3930 1298 3975 et
1328 3920 1567 3990 germani
1632 3918 1750 3987 ejus
1786 3929 2040 3981 germana
2102 3928 2225 3969 sen-

656 4017 838 4071 tientis
875 4027 1064 4071 contra
1088 4014 1434 4068 Euuomium.
1463 4013 1539 4067 lbi
1564 4012 1709 4067 enim
1743 4011 1976 4079 reperies
2005 4010 2224 4065 eviden-

656 4122 735 4167 ter
762 4126 885 4167 cum
952 4108 1215 4163 Eunomia
1246 4106 1532 4162 concinere
1565 4104 1927 4166 adversarios,
1996 4111 2051 4156 et
2075 4101 2225 4156 sulli-

655 4204 884 4256 cientem
920 4215 1107 4255 eorum
1147 4197 1370 4253 habebis
1393 4193 1834 4251 confutationetn.

729 4471 851 4525 ηδ.
896 4472 1120 4539 Propter
1168 4470 1534 4523 Eunomianos
1569 4468 1896 4521 arbitrantes
1932 4481 2037 4519 non
2080 4481 2224 4521 eam-

656 4565 775 4618 dem
803 4578 923 4618 esse
951 4561 1129 4618 Patris
1152 4572 1205 4615 et
1232 4562 1352 4615 Filii
1383 4561 1697 4626 essentiam,
1728 4561 1855 4627 quia
1888 4574 2052 4612 omne
2076 4560 2220 4629 quod
2257 4555 2299 4607 D

656 4659 719 4712 de
741 4658 848 4711 Deo
869 4657 1088 4720 dicitur,
1116 4656 1409 4710 secundum
1431 4657 1721 4709 essentiam
1744 4653 1851 4707 dici
1880 4652 2216 4731 existimant,

656 4762 705 4800 et
740 4749 967 4817 probare
989 4758 1277 4809 conantur,
1313 4760 1378 4799 eo
1410 4745 1555 4814 quod
1596 4758 1860 4814 generare
1890 4753 1943 4796 et
1968 4734 2245 4812 generati,

657 4840 763 4890 sint
811 4838 1045 4904 diversa,
1086 4837 1203 4891 ideo
1256 4847 1308 4889 et
1362 4838 1631 4891 esset-tias
1662 4848 1784 4889 esse
1835 4835 2112 4897 diversas;
2168 4842 2223 4885 et

658 4944 875 5000 prepter
912 4946 1004 4985 eos
1036 4930 1129 4999 qui
1181 4946 1369 4985 centra
1422 4930 1749 4989 dicuntnmt
1804 4927 2054 4982 eumdem
2101 4940 2223 4980 esse

658 5026 821 5095 Deum
878 5024 997 5092 qui
1031 5022 1192 5075 habet
1238 5022 1477 5074 divinant
1534 5020 1827 5072 essentiam
1876 5028 1933 5071 et
1985 5018 2221 5071 divinant

654 5118 1049 5185 operationem,
1112 5115 1234 5181 quia
1286 5128 1445 5167 omne
1503 5114 1647 5182 quod
1709 5111 1778 5165 de
1830 5112 1941 5164 Deo
2003 5111 2220 5175 dicitur,

655 5209 947 5261 essentiam
974 5220 1091 5261 esse
1121 5215 1335 5274 putant,
1357 5215 1405 5256 et
1428 5204 1658 5273 probare
1676 5214 1967 5267 conantur,
1996 5218 2058 5256 eo
2080 5202 2222 5271 quod

657 5302 834 5369 aliqua
860 5304 930 5353 sit
964 5299 1245 5353 distinctio
1275 5298 1525 5351 essentia
1558 5306 1609 5349 et
1635 5280 1966 5364 Operationis
1998 5296 2216 5358 divinae,

660 5392 856 5444 multos
905 5391 1026 5444 ideo
1060 5405 1125 5443 ae
1157 5388 1402 5442 diversos
1434 5403 1556 5441 esse
1581 5389 1710 5440 deos
1744 5403 1760 5443 ;
1787 5388 2095 5440 ostenditur
2118 5403 2221 5441 non

659 5499 817 5535 omne
859 5482 998 5550 quod
1051 5482 1115 5534 de
1156 5482 1263 5534 Deo
1320 5480 1538 5541 dicitur,
1599 5481 1895 5533 secundum
1927 5479 2222 5533 essentiam

660 5576 785 5638 dici,
812 5577 903 5627 sed
923 5576 1023 5626 dici
1061 5576 1220 5627 etiam
1261 5576 1502 5636 relative,
1534 5573 1584 5626 id
1626 5582 1709 5627 est
1738 5581 1984 5638 respectu
2018 5571 2082 5625 ad
2127 5572 2226 5624 ali-

656 5669 785 5733 quid
817 5670 956 5734 quod
990 5667 1103 5733 ipse
1130 5682 1236 5718 non
1277 5677 1381 5727 est,
1428 5668 1572 5718 verbi
1611 5667 1789 5736 gratia
1820 5665 1982 5718 Pater
2028 5665 2227 5717 dicitur

658 5757 881 5809 relative
932 5757 993 5808 ad
1034 5755 1253 5819 l’ilimn,
1306 5773 1428 5808 nam
1466 5756 1625 5809 Pater
1657 5772 1762 5809 non
1800 5767 1883 5809 est
1910 5754 2116 5818 Filius;
2173 5767 2227 5809 et

660 5846 917 5902 Dominus
950 5862 1243 5915 t'espccttve
1276 5848 1338 5900 :td
1376 5847 1672 5901 servientes
1706 5858 2001 5905 creaturas,
2038 5846 2210 5899 domi-

2353 621 2444 672 μιν
2496 607 2844 675 ἀποφατικῆς
2906 613 3184 683 θεολογίας
3216 620 3413 690 ἔχουσα
3443 641 3457 655 ο
3505 625 3581 688 ὡς
3609 627 3738 681 ὅταν
3787 633 3921 702 ετπῃ

2349 714 2432 760 τις
2461 718 2472 728 ·
2509 702 2661 754 Πᾶσα
2700 705 2899 772 γνῶσις
2928 709 3069 761 κατά
3099 728 3243 775 τινος
3284 716 3645 787 ὑποκειμένου
3674 690 3915 790 λέγεταιί

2346 789 2585 861 δηλονότι
2615 795 2709 849 τοῦ
2742 801 3168 868 γινωσκομένου.
3212 806 3277 857 Ἦ
3307 807 3364 859 δὲ
3398 808 3492 861 τοῦ
3550 810 3683 864 Θεοῦ
3710 789 3918 881 γνῶσις

2346 884 2465 934 κατ’
2496 885 2708 948 οὐδενὸς
2754 890 3117 962 ὑποκειμένου
3146 896 3385 964 λέγεται.
3420 902 3559 955 Αὐτὸ
3584 906 3692 973 γὰρ
3740 910 3918 961 ἐκεῖνό

2347 992 2530 1066 φησιν,
2564 978 2637 1041 ὼς
2664 981 2692 1031 0
2729 980 2860 1043 Θεὸς
2898 985 2958 1035 οὐ
2989 986 3249 1051 γινώσκει
3283 990 3352 1043 τὰ
3380 992 3510 1045 ὄντα
3618 997 3750 1049 ὄντα
3772 1016 3785 1029 ·
3820 1000 3917 1050 καὶ

2346 1065 2442 1135 τὴν
2470 1068 2576 1121 τῶν
2600 1069 2768 1123 ὄντων
2795 1075 2995 1139 γνῶσιν
3024 1079 3123 1131 οὐκ
3173 1081 3309 1150 ἔχει,
3352 1082 3428 1145 ὡς
3454 1065 3616 1154 ὴμείς
3647 1088 3913 1157 δηλονότι.

2346 1156 2388 1207 Τ
2391 1157 2545 1210 οῦῖον
2571 1160 2679 1231 γὰρ
2724 1162 2813 1214 τὸν
2852 1166 3075 1233 τρόπον,
3128 1171 3221 1221 καὶ
3268 1173 3332 1224 τὸ
3366 1173 3440 1243 μὴ
3473 1172 3614 1228 εἶναι
3649 1156 3737 1229 τδν
3781 1180 3917 1231 Θεὸν

2347 1248 2467 1300 καθ’
2502 1251 2774 1325 ὑπεροχὴν
2798 1255 3041 1323 λέγεται.
3118 1260 3176 1314 Ὀ
3210 1263 3266 1315 δὲ
3310 1265 3469 1318 τοῦτο
3514 1266 3706 1334 λέγων,
3742 1273 3823 1333 εἰς
3852 1273 3916 1324 τὸ

2343 1337 2511 1403 δεῖξαι
2572 1344 2644 1414 μὴ
2700 1347 2878 1411 καλῶς
2923 1349 3100 1418 λέγειν
3149 1355 3276 1417 τοὺς
3335 1356 3591 1423 λέγοντας
3638 1355 3778 1413 εἶναι
3818 1363 3913 1414 τὸν

2342 1428 2496 1522 Θεὸν,
2527 1436 2755 1503 φανερός
2781 1437 2895 1490 ἐστι
2928 1438 3003 1509 μὴ
3050 1440 3171 1493 καθ’
3206 1442 3481 1515 ὑπεροχὴν
3533 1448 3813 1518 χρώμενος
3844 1455 3913 1522 τῇ

2341 1520 2649 1593 ἀποφατικῇ
2684 1525 2948 1599 θεολογίᾳ.
2979 1531 3116 1584 ἀλλά
3142 1535 3263 1585 κατ’
3291 1533 3552 1605 ἔλλειψιν,
3582 1539 3656 1602 ὡς
3685 1520 3915 1612 μηδαμῆ

2341 1614 2603 1690 μηδαμῶς
2638 1617 2791 1682 ὄντος
2815 1620 2909 1673 τοῦ
2966 1621 3123 1679 Θεοῦ.
3157 1625 3329 1679 Τοῦτο
3366 1629 3423 1682 δὲ
3458 1631 3714 1694 ἀσεϐείας
3761 1638 3915 1688 ἐστὶν

2285 1738 2307 1793 .ν
2339 1709 2632 1788 ᾧπερϐοὶαέλ.
2656 1710 2742 1774 '0,
2772 1709 2903 1777 φεῦῑ
2933 1711 3233 1781 πάσχουσιν
3258 1713 3411 1767 οἱδιὰ
3431 1716 3532 1785 τῆς
3561 1719 3915 1788 ἀποφατικῆς

2331 1802 2608 1869 θεολογίας
2648 1802 3385 1874 ἑπιχειροῦνςὲςᾜναιρεῖν,
3426 1808 3499 1869 ὡς
3557 1809 3670 1879 ἔχει
3715 1813 3743 1864 0
3774 1813 3910 1876 Θεὸς

2330 1893 2421 1945 καὶ
2450 1892 2637 1946 οὐσίαν
2667 1896 2759 1945 καὶ
2785 1895 3067 1964 ἐνέργειαν
3097 1886 3373 1951 ἄκτιστονξ
3417 1899 3611 1967 Ἡμεῖς
3637 1902 3682 1954 δ’
3715 1903 3793 1966 ὠς
3828 1906 3905 1975 μὴ

2327 1983 2419 2037 ὐπ’
2450 1983 2694 2054 ἀλλήλων
2737 1986 3162 2055 ἀναιρουμένας.
3201 1989 3519 2060 ἀμφοτέρας
3566 1993 3907 2064 στέργομεν·

2327 2073 2701 2144 βεϐαιούμενοι
2731 2076 2933 2145 μᾶλλον
2991 2077 3080 2144 ὑφ’
3123 2079 3392 2151 ἑκατέρας
3433 2083 3515 2144 είς
3564 2083 3665 2154 τὴν
3698 2086 3905 2156 εὐσεῦῆ

2316 2163 2581 2219 ’διὰνοιαν.

2406 2256 2535 2324 ρκδ’.
2564 2259 2674 2321 Τάς
2704 2258 2811 2312 τῶν
2839 2260 3094 2314 ἐναντίων
3124 2263 3437 2333 ἔρεσχελίας
3474 2265 3676 2331 πάσας,
3711 2267 3913 2328 τελέως

2329 2350 2599 2415 καθελεῖν,
2658 2351 2752 2403 καὶ
2808 2350 3017 2405 πλατὺν
3073 2353 3238 2424 λῆρον
3290 2356 3593 2422 ἀποδεῖξαι,
3650 2360 3913 2429 ἀποχρῶν

2324 2435 2461 2495 εἶναι
2511 2444 2735 2513 νομίζω,
2774 2444 2867 2496 καὶ
2897 2444 3071 2514 βραχὺ
3115 2448 3267 2515 ῥῆμα
3306 2448 3600 2518 Πατρικόν.
3640 2451 3914 2521 Ἀναρχον

2328 2536 2460 2604 γὰρ,
2498 2536 2651 2605 φησι,
2688 2537 2783 2589 καὶ
2839 2536 3001 2607 ἀρχὴ.
3045 2537 3140 2590 καὶ
3177 2540 3237 2591 τὸ
3278 2539 3417 2608 μετά
3455 2541 3556 2609 τῆς
3586 2543 3779 2610 ἀρχῆς.
3816 2539 3912 2608 Εἷς

2325 2626 2457 2687 Θεός
2487 2644 2499 2656 ·
2532 2627 2647 2679 ἀλλ’
2688 2628 2787 2696 οὐχ
2808 2629 2843 2697 ἠ
2886 2629 3050 2699 ἀρχὴ,
3076 2628 3153 2698 τῷ
3191 2631 3332 2699 ἀρχὴ
3364 2626 3505 2685 εἶναι
3540 2632 3634 2685 τοῦ
3668 2636 3910 2705 ἀναρχου

2326 2716 2646 2785 διείργεται.
2687 2720 2760 2770 Οὐ
2795 2719 2904 2789 γὰρ
2931 2719 3091 2787 φυσις
3123 2722 3272 2791 αὐτῷ
3301 2724 3334 2794 ἡ
3364 2725 3506 2793 ἀρχή
3536 2740 3547 2753 ·
3581 2725 3772 2796 ὥσπερ
3798 2727 3912 2781 οὐδ’

2326 2808 2519 2878 ἐκείνῳ
2548 2809 2608 2860 τὸ
2647 2810 2901 2880 ἄναρχον.
2949 2812 3083 2880 Περὶ
3118 2813 3228 2881 γὰρ
3276 2813 3375 2884 τὴν
3426 2816 3605 2884 φύσιν,
3645 2819 3708 2870 οὐ
3738 2820 3913 2873 ταῦτα

2327 2901 2506 2966 φύσις.
2538 2900 2601 2951 Τί
2632 2897 2725 2953 οὖν
2750 2918 2767 2966 ;
2802 2902 2883 2954 ὅτι
2920 2902 2993 2971 μὴ
3020 2904 3207 2970 φύσις,
3234 2904 3368 2956 ἀλλὰ
3395 2908 3522 2975 περὶ
3564 2908 3662 2979 τὴν
3691 2910 3909 2981 φύσινὴ

2330 2990 2493 3060 ἁρχὴ,
2528 2992 2621 3044 καὶ
2647 2993 2711 3045 τὸ
2753 2993 3007 3064 ἄναρχον,
3050 2998 3244 3049 κτιστά
3281 2998 3431 3049 ταῦτ’
3461 3001 3579 3070 ὲ.ρεῖ
3613 3018 3715 3064 τις.
3750 3004 3801 3055 εί
3836 3006 3913 3075 μὴ

2333 3084 2579 3151 μαίνοιτο
2608 3102 2623 3150 ς
2654 3085 2859 3138 τούτων
2883 3087 2938 3139 δὲ
2970 3088 3243 3141 ἀκτίστων
3271 3091 3461 3155 ὄντων,
3512 3093 3606 3145 καὶ
3644 3098 3710 3163 τῇ
3746 3096 3911 3161 φύσει

2328 3175 2423 3226 τοῦ
2456 3174 2591 3227 Θεοῦ
2632 3178 2965 3247 προσόντων,
2999 3180 3253 3243 σύνθετος
3283 3183 3437 3252 παρὰ
3469 3185 3627 3236 τοῦτο
3669 3187 3697 3237 0
3728 3185 3861 3249 Θεός
3892 3205 3907 3249 ς

2330 3269 2598 3339 Οὐδαμῶς
2632 3286 2645 3300 ’
2669 3272 2729 3323 οὐ
2762 3272 2872 3341 γὰρ
2904 3274 3177 3345 διενήνοχε
3210 3277 3307 3346 τῆς
3329 3277 3478 3340 θείας
3503 3280 3718 3345 φύσεως
3745 3296 3760 3309 ’
3793 3279 3893 3331 ἀλλ

2328 3363 2377 3413 εί
2407 3362 2567 3430 φύσις
2606 3364 2807 3431 μᾶλλον
2839 3366 2923 3434 εἴη
2967 3367 3034 3419 τὰ
3088 3369 3331 3436 φυσικῶς
3362 3371 3631 3438 προσόντα
3660 3371 3735 3441 τῷ
3766 3372 3912 3443 Θεῷ,

2333 3452 2588 3507 σύνθετον
2619 3451 2757 3509 εἶναι
2792 3456 2856 3510 ἰδ
2890 3457 3046 3510 Θεῖον
3082 3459 3217 3528 πρὸς
3266 3464 3378 3523 τοῖς
3411 3462 3591 3526 ἄλλοις
3634 3464 3911 3533 Πατρὰσι,

2331 3546 2422 3597 καὶ
2451 3548 2479 3598 0
2536 3546 2710 3614 μέγας
2759 3547 2862 3600 δια
2889 3550 3106 3608 ,πολλῶν
3151 3552 3396 3604 διδάσκει
3432 3552 3715 3621 Κύριλλος.
3752 3555 3825 3605 Σὺ
3854 3555 3915 3606 δέ

2334 3655 2423 3705 μοι
2460 3638 2635 3692 δίελθε
2680 3640 2751 3693 τὰ
2810 3641 2903 3692 τοῦ
2961 3642 3195 3709 μεγάλου
3248 3643 3551 3707 Βασιλείου,
3592 3646 3685 3697 καὶ
3716 3648 3783 3696 τὰ
3815 3645 3915 3697 τοῦ

2331 3729 2558 3797 ἀδελφοῦ
2593 3731 2686 3783 καὶ
2716 3731 2921 3798 ἀδελφά
2969 3733 3295 3803 φρονοῦντος
3347 3735 3523 3804 τούτῳ
3584 3736 3719 3805 πρὸς
3748 3736 3913 3787 Εὐνό-

2335 3838 2476 3888 μιον.
2514 3823 2660 3875 Ἐκεῖ
2680 3824 2787 3893 γὰρ
2813 3826 3072 3895 εὑρήσεις
3098 3826 3345 3897 ἐναργῶς
3376 3828 3624 3897 Εὐνομίῳ
3658 3830 3907 3900 συνᾴδον-

2330 3927 2427 3972 τας
2453 3914 2579 3975 τοὺς
2612 3915 2753 3967 κατά
2774 3915 2881 3967 τῶν
2919 3917 3179 3969 ἐναντίων
3209 3958 3224 3983 ,
3262 3920 3351 3970 καὶ
3384 3918 3495 3970 τῶν
3536 3919 3670 3989 πρὸς
3716 3921 3917 3984 αὐτοὺς

2333 4005 2704 4074 ἀντιρῤήσεων
2742 4006 2882 4070 ἕξεις
2914 4007 3149 4078 διαρκῶς

2399 4470 2528 4541 ρκε’.
2550 4470 2649 4522 Διά
2668 4470 2792 4531 τοὺς
2822 4467 3210 4535 Εὐνομιανούς,
3240 4462 3531 4525 δοκοῦντας
3573 4458 3648 4529 μὴ
3676 4458 3778 4526 τὴν
3808 4457 3910 4510 αὐ-

2327 4562 2424 4631 τὴν
2481 4562 2694 4631 Πατρὸς
2745 4557 2885 4613 εἶναι
2926 4560 3023 4613 καὶ
3050 4556 3182 4610 Υἱοῦ
3212 4556 3423 4617 οὐσίαν,
3465 4551 3657 4620 ἐπειδὴ
3693 4552 3803 4602 πᾶν
3850 4549 3917 4601 τὸ

2325 4656 2453 4725 περὶ
2477 4654 2611 4707 Θεοῦ
2645 4654 2958 4723 λεγόμενον,
3005 4648 3127 4703 κατ’
3158 4648 3347 4701 οὐσίαν
3373 4644 3631 4713 λέγεσθαι
3684 4643 3913 4703 οἴονται,

2326 4748 2420 4800 καὶ
2448 4744 2867 4815 φιλονεικοῦσιν,
2897 4744 2971 4805 ὡς
3004 4743 3126 4797 ἐπεὶ
3162 4743 3224 4793 τὸ
3261 4741 3459 4809 γεννᾷν
3492 4737 3588 4791 καὶ
3616 4733 3916 4803 γεννᾶσθαι

2325 4837 2555 4906 διάφορά
2596 4839 2737 4899 ἐστι,
2771 4834 2860 4886 διὰ
2889 4832 3047 4885 τοῦτο
3085 4832 3179 4885 καὶ⁸
3200 4831 3386 4894 οὐσίας
3418 4828 3709 4896 διαφόρους
3748 4820 3916 4884 εἶναι,

2327 4930 2420 4981 καὶ
2444 4928 2531 4981 διὰ
2565 4928 2691 4988 τούς
2725 4925 3110 4991 ἀντιλέγοντας
3155 4922 3229 4993 μὴ
3260 4922 3351 4974 τὸν
3384 4921 3543 4973 αὐτὸν
3574 4919 3708 4970 Θεὸν
3746 4912 3919 4976 εἶναι,

2326 5022 2417 5071 τὸν
2446 5020 2637 5087 ἔχοντα
2672 5019 2767 5070 καὶ
2797 5021 2902 5086 τὴν
2941 5016 3090 5067 θείαν
3150 5014 3338 5067 οὐσίαν
3391 5013 3482 5064 καὶ
3523 5011 3620 5079 τὴν
3649 5008 3803 5061 θείαν
3835 5010 3925 5059 ὲν-

2330 5113 2547 5178 ἐργειαν
2577 5126 2590 5139 ·
2625 5106 2815 5177 ἐπειδὴ
2846 5109 2953 5161 πᾶν
2984 5107 3045 5159 τὸ
3078 5106 3208 5173 περὶ
3242 5104 3380 5156 Θεοῦ
3411 5103 3702 5171 λεγόμενον
3724 5099 3921 5151 οὐσίαν

2330 5198 2468 5253 εἶναι
2491 5201 2715 5264 οἴονται,
2747 5201 2842 5252 καὶ
2866 5196 3266 5266 φιλονεικοῦσιν
3286 5194 3360 5255 ὡς
3390 5191 3624 5262 διαφορά
3654 5191 3735 5251 τίς
3770 5191 3926 5242 ἐστιν

2332 5294 2522 5355 οὐσίας
2555 5292 2650 5345 καὶ
2695 5281 2977 5359 ἐνεργείας
3020 5288 3193 5352 θείας,
3237 5285 3469 5347 πολλοὺς
3500 5284 3593 5336 καὶ
3626 5280 3927 5351 διαφόρους

2333 5379 2473 5435 εἶναι
2517 5382 2670 5443 θεούς
2698 5382 2713 5412 δ
2768 5381 3048 5433 δείκνυται
3097 5379 3171 5446 μὴ
3206 5393 3314 5431 παν
3340 5377 3399 5428 τὸ
3425 5376 3553 5442 περὶ
3587 5372 3723 5424 Θεοῦ
3768 5372 3927 5437 λεγὸο

2340 5492 2499 5546 μενον
2524 5473 2643 5526 κατ’
2670 5472 2859 5525 οὐσίαν
2881 5470 3138 5539 λέγεσθαι
3162 5487 3176 5500 ·
3202 5468 3340 5522 ἀλλά
3376 5466 3631 5533 λέγεσθαι
3655 5464 3750 5516 καὶ
3788 5464 3928 5515 ἀνα-

2338 5567 2580 5635 φορικῶς
2611 5585 2622 5599 ·
2662 5567 2910 5617 τουτέστι
2942 5562 3078 5633 πρός
3110 5578 3184 5622 τι,
3216 5562 3355 5630 ὅπερ
3393 5557 3555 5618 αὐτὸς
3586 5556 3689 5607 οὐκ
3725 5556 3875 5607 ἐστιν
3910 5570 3926 5584 ο

2337 5662 2523 5728 ὥσπερ
2552 5661 2579 5711 0
2609 5658 2796 5727 Πατὴρ
2838 5656 3055 5722 λέγεται
3092 5654 3226 5725 πρὸς
3259 5653 3356 5705 ’τὸν
3381 5651 3529 5703 Υίόν.
3564 5648 3637 5700 Οὐ
3670 5648 3780 5716 γάρ
3812 5652 3932 5699 ἐστι

2340 5754 2529 5821 Πατὴρ
2557 5753 2583 5803 0
2622 5751 2753 5814 Υἱός
2785 5766 2799 5781 ·
2840 5750 2931 5801 καὶ
2983 5747 3185 5816 Κύριος
3238 5746 3374 5814 πρὸς
3426 5743 3526 5813 τὴν
3571 5739 3935 5793 δουλεύουσαν

2343 5848 2519 5901 κτίσιν
2556 5861 2566 5872 ·
2603 5843 2846 5911 κυριεύει
2886 5843 2993 5911 γὰρ
3042 5845 3069 5894 0
3098 5840 3229 5910 Θεὸς
3258 5840 3367 5891 τῶν
3418 5838 3475 5889 ὲν
3513 5836 3692 5907 χρόνῳ
3739 5834 3834 5886 καὶ
3876 5835 3937 5882 ἐν
