4224 6464
273 432 415 500 πως

1181 447 1450 505 (ἊΡΠἌ
1498 447 1840 516 PHYSICA,
1876 447 2390 520 THEOLOGICA,
2432 451 2590 512 ETC.

3374 456 3514 519 1210

256 566 436 625 αἰῶνι,
476 564 567 615 καὶ
627 565 807 617 αὐτῶν
853 565 962 618 τῶν
1010 567 1260 619 αἰώνων·
1309 566 1369 620 τὸ
1426 567 1482 620 δὲ
1537 568 1828 637 κυριεύειν,

1943 576 2103 618 natur
2146 569 2289 622 enim
2346 567 2486 620 Dens
2545 569 2594 620 in
2649 567 2962 636 temporalia
3016 576 3067 618 et
3113 576 3309 621 aeterna
3360 583 3411 621 et
3457 572 3506 621 in

255 655 511 716 ἇκτιστός
538 656 690 707 ἐστιν
720 659 965 726 ἐνέργεια
990 658 1122 710 Θεοῦ
1147 659 1475 728 διαφέρουσα
1506 662 1601 728 τῆς
1627 661 1832 723 ούσίας,

251 745 326 808 ὠς
361 747 496 817 πρὸς
528 748 716 818 ἕτερόν
744 769 794 802 τι
838 752 1129 821 λεγομένη,
1184 753 1319 822 ὅπερ
1350 754 1508 812 αὐτὸς
1539 754 1636 804 οὐκ
1664 753 1832 806 ἐστιν.

331 931 479 999 ρκς¹.
515 935 576 985 Οί
612 935 954 1005 Εὐνομιανοὶ,
991 939 1099 989 πᾶν
1137 938 1272 1007 ὅπερ
1303 937 1394 988 ἐπὶ
1419 937 1552 990 Θεοῦ
1599 936 1836 1004 λέγεται,

255 1023 447 1074 οὐσίαν
501 1020 640 1076 εἶναι
675 1025 946 1092 λέγουσιν,
1003 1030 1087 1080 ἵνα
1144 1032 1243 1094 τὴν
1280 1031 1601 1099 ἀγεννησίαν
1653 1032 1839 1082 ούσίαν

256 1111 398 1164 εἶναι
427 1115 796 1184 δογματίσωσι
827 1136 841 1150 ο
901 1122 994 1171 καὶ
1036 1121 1126 1172 τὸν
1179 1121 1305 1173 Υῐὺν
1363 1122 1610 1174 ἐντεῦθεν
1643 1123 1715 1185 ὡς
1744 1122 1838 1174 τοῦ

259 1207 472 1274 Πατρὸς
508 1210 855 1278 διαφέροντα,
912 1215 990 1274 είς
1055 1213 1280 1282 κτίσμα,
1333 1215 1392 1266 τό
1425 1231 1486 1282 γε
1533 1216 1610 1274 εἰς
1645 1215 1838 1277 αὐτοὺς

255 1289 414 1362 ἧκον,
457 1301 872 1352 κατασπάσωσι.
911 1303 1083 1372 Καὶή
1147 1304 1420 1373 πρόφασις
1468 1306 1668 1367 αὐτοῖς,
1726 1308 1834 1368 ἵνα,

257 1389 411 1452 φασὶ,
472 1389 545 1457 μὴ
581 1390 672 1442 δύο
727 1393 967 1458 γένοιντο
995 1395 1140 1446 θεοί·
1171 1397 1198 1448 ὃ
1238 1415 1295 1449 τε
1352 1397 1566 1467 πρῶτος
1613 1400 1640 1450 ὁ
1682 1401 1839 1467 ἀγέν-

255 1493 439 1543 νητος,
477 1480 568 1531 καὶ
602 1483 627 1532 ὁ
669 1482 1003 1552 δευτερεύων
1057 1486 1246 1538 τούτου
1294 1489 1367 1550 ὼς
1418 1493 1676 1560 γεννητὸς
1731 1494 1836 1543 ύπ-

255 1566 464 1636 άρχων.
500 1572 654 1623 Κατὰ
692 1575 926 1643 μίμησιν
961 1577 1166 1630 τούτων
1201 1582 1291 1633 καὶ
1343 1583 1391 1633 οί
1442 1583 1694 1647 ἐναντίοι,
1731 1587 1836 1638 πᾶν

253 1661 392 1729 ὅπερ
422 1662 512 1712 ἐπὶ
537 1662 673 1716 Θεοῦ
718 1666 954 1732 λέγεται,
1007 1672 1195 1722 ούσίαν
1250 1667 1390 1728 εἶναι
1428 1675 1675 1743 λέγουσιν
1704 1693 1718 1707 ·
1752 1678 1836 1730 ἵνα

253 1754 354 1821 τὴν
401 1756 475 1824 μὴ
532 1758 930 1828 χωριζομένην,
991 1763 1355 1833 διαφέρουσαν
1412 1767 1468 1818 δὲ
1518 1767 1617 1835 τῆς
1649 1769 1836 1831 οὐσίας

260 1843 353 1896 τοῦ
379 1844 514 1896 Θεοῦ
548 1849 828 1916 ἐνέργειαν
849 1852 923 1913 ὡς
947 1854 1003 1918 ἐξ
1028 1855 1241 1924 ἐκείνης
1262 1853 1445 1923 οὖσαν,
1471 1861 1835 1930 μετεχομένην

265 1935 450 2000 μέντοι
513 1939 663 2006 παρὰ
712 1941 817 1992 τῶν
875 1945 1193 2012 ποιημάτων
1232 1948 1454 2018 (Πάντα
1503 1952 1630 2022 γὰρ,
1680 1957 1831 2022 φησι,

263 2029 484 2095 μετέχει
519 2031 780 2099 προνοίας
813 2037 874 2086 ἐκ
905 2039 1000 2105 τῆς
1036 2040 1317 2092 παναιτίου
1363 2041 1612 2112 Θεότητος
1643 2045 1834 2098 ὲκϐλυ·

262 2117 548 2188 ζομένης),
577 2121 854 2188 δυσσεϐῶς
900 2131 977 2187 είς
1009 2132 1210 2199 κτίσμα
1259 2136 1668 2190 κατασπάσωσι.
1726 2139 1834 2192 Καὶ

257 2221 284 2290 ἢ
320 2221 594 2289 πρόφασις
629 2221 833 2281 αὐτοῖς,
863 2220 970 2282 ἵνα,
1005 2223 1158 2288 φασὶ,
1194 2223 1265 2291 μὴ
1302 2223 1394 2276 δύο
1433 2226 1673 2292 γένοιντο
1708 2232 1827 2285 θεό-

247 2329 432 2383 τητες·
463 2313 496 2380 ἦ
531 2330 588 2364 τε
642 2313 779 2380 ὑπὲρ
829 2313 1164 2382 ἐπωνυμίαν,
1200 2316 1290 2366 καὶ
1328 2317 1526 2381 αἰτίαν,
1569 2323 1661 2374 καὶ
1699 2325 1826 2393 μέθ-

245 2405 362 2471 εξιν
393 2406 828 2474 τρισυττόστατος
863 2406 1039 2468 ούσία,
1081 2409 1173 2458 καὶ
1203 2409 1233 2476 ή
1266 2409 1323 2472 ἐξ
1359 2410 1528 2478 αὐτῆς
1565 2430 1830 2487 προερχο-

247 2499 412 2568 μένη,
439 2498 776 2566 μετεχομένη
819 2497 873 2549 δὲ
920 2498 1016 2549 καὶ
1047 2499 1418 2570 ὀνομαζομένη
1445 2503 1536 2555 τοῦ
1571 2505 1704 2557 Θεοῦ
1743 2509 1829 2559 έν-

247 2593 465 2658 ἐργεια.
513 2592 622 2640 Καὶ
655 2590 760 2656 γὰρ
802 2591 860 2652 ού
918 2593 1214 2658 συνορῶσιν
1253 2593 1332 2644 ὅτι
1364 2595 1611 2664 καθάπερ
1641 2600 1666 2649 ο
1701 2598 1830 2661 Θεδς

245 2681 578 2755 καὶ-Πατὴρ,
612 2680 800 2750 Πατὴρ
846 2680 1060 2747 λέγεται
1093 2683 1228 2752 πρὸς
1271 2685 1361 2735 τὸν
1399 2685 1527 2737 ίδιον
1559 2675 1706 2750 Υίὶν,
1741 2693 1830 2741 καὶ

245 2765 519 2843 ἀκτίστως
573 2772 686 2840 ἔχει
718 2775 779 2835 τὸ,
809 2763 1009 2838 Πατήρ
1057 2771 1217 2837 εἶναι,
1273 2778 1320 2827 εί
1369 2779 1462 2828 καὶ
1516 2779 1590 2847 μὴ
1642 2781 1830 2832 οὐσίαν

249 2865 512 2931 σημαίνει
553 2866 611 2914 τὸ
644 2864 832 2933 Πατήρ
864 2880 875 2891 ·
930 2863 1070 2916 οὕτω
1107 2867 1200 2918 καὶ
1233 2867 1330 2935 τὴν
1366 2871 1645 2938 ἐνέργειαν
1681 2873 1830 2924 ἀκτί-

246 2972 390 3016 στως
426 2954 540 3023 ἔχει
591 2958 617 3006 ὁ
665 2955 834 3016 Θεὸς,
888 2958 934 3007 εἰ
975 2957 1066 3007 καὶ
1120 2958 1368 3028 διαφέρει
1426 2961 1520 3026 τῆς
1569 2962 1757 3024 οὐσίας
1797 2965 1828 3032 η

245 3046 521 3116 ἐνέργεια.
561 3049 667 3099 Καὶ
711 3049 797 3098 ὅτε
833 3048 958 3116 μίαν
1014 3049 1244 3118 Θεότητά
1294 3068 1493 3118 φαμεν,
1532 3053 1706 3106 πάντα
1734 3057 1830 3107 ὅσα

247 3140 396 3188 ἐστὶν
428 3140 456 3190 ὀ
487 3137 623 3198 Θεὸς
667 3156 868 3207 φαμεν,
918 3139 1012 3190 καὶ
1067 3139 1164 3209 τὴν
1214 3141 1401 3194 ούσίαν
1435 3145 1527 3194 καὶ
1556 3144 1651 3212 τὴν
1681 3147 1830 3215 ἐνέρ-

1941 659 2112 724 ipsam
2153 661 2513 712 natet-nitatem
2553 677 2566 712 :
2597 660 2898 712 dominatio
2926 671 3109 712 autem
3144 669 3228 712 est
3266 662 3504 713 increata

1940 751 2031 803 Dei
2084 752 2356 817 operatio,
2408 752 2664 804 distincta
2719 753 2784 803 ab
2834 753 3094 815 essentia,
3133 760 3316 820 utpote
3364 752 3507 805 dicta

1937 842 2169 895 relative
2205 843 2270 895 ad
2302 844 2445 896 aliud
2474 844 2613 911 quod
2651 844 2764 911 ipse
2799 856 3027 896 nonest.

2005 931 2128 984 I26.
2182 933 2504 986 Eunomiani
2565 934 2932 1001 quodcunque
3003 935 3070 988 de
3126 934 3233 986 Deo
3286 935 3507 993 dicitur,

1931 1025 2222 1077 essentiam
2254 1039 2376 1078 esse
2410 1025 2621 1089 dicunt,
2651 1034 2707 1077 ut
2739 1025 3032 1093 ingenitam
3065 1027 3354 1078 essentiam
3387 1040 3507 1076 esse

1931 1119 2182 1177 doceant,
2221 1129 2273 1169 et
2300 1119 2424 1170 inde
2449 1117 2642 1170 Filium
2667 1126 2919 1186 tanquam
2952 1133 2979 1170 a
3005 1118 3161 1170 Patre
3187 1117 3504 1169 distinctum

1931 1205 1994 1256 ad
2021 1215 2351 1270 creaturam,
2395 1217 2453 1260 ut
2499 1207 2601 1260 sibi
2664 1207 2860 1274 placet,
2896 1207 3224 1273 deprimant.
3266 1205 3330 1258 Et
3370 1220 3509 1273 prae-

1931 1302 2112 1349 textus
2139 1298 2218 1349 eis
2251 1306 2334 1351 est
2366 1312 2450 1359 ne,
2488 1300 2661 1363 aiunt,
2697 1299 2804 1352 duo
2828 1301 2936 1351 sint
2961 1300 3052 1359 dii,
3082 1313 3270 1366 nempe
3299 1298 3506 1365 primus

1928 1388 2015 1451 qui
2057 1386 2126 1440 sit
2159 1389 2455 1454 ingenitus,
2488 1399 2542 1442 et
2589 1394 2860 1444 secundus
2902 1389 2992 1458 qui
3045 1391 3143 1442 hoc
3178 1391 3247 1442 sit
3281 1388 3507 1440 inferior

1932 1487 2118 1546 utpote
2166 1482 2403 1548 genitus.
2476 1482 2611 1535 Istos
2655 1483 2933 1536 imitantes
2983 1482 3304 1541 adversarii.
3337 1480 3510 1549 quod-

1931 1584 2144 1639 cunque
2166 1573 2232 1625 de
2287 1572 2395 1626 Deo
2438 1573 2660 1638 dicitur,
2722 1576 3007 1628 essentiam
3040 1589 3160 1628 esse
3190 1574 3398 1634 dicunt,
3453 1573 3510 1623 ul

1929 1660 2093 1728 impie
2126 1663 2190 1715 ad
2225 1675 2502 1718 creaturas
2535 1665 2843 1734 deprimant
2878 1681 2984 1718 non
3037 1675 3362 1733 separatam,
3412 1665 3509 1716 sed

1930 1755 2248 1808 distinetam
2305 1759 2370 1808 ab
2409 1760 2642 1810 essentia
2695 1758 2785 1810 Dei
2831 1759 3224 1825 operationem,
3276 1773 3394 1824 qua:
3441 1772 3506 1809 ex

1938 1845 2052 1898 Deo
2083 1857 2186 1909 εει,
2221 1851 2579 1916 participatur
2637 1860 2816 1901 autem
2850 1865 2877 1900 a
2906 1850 3172 1902 creaturis
3213 1868 3224 1900 :
3261 1867 3278 1898 ι
3310 1846 3504 1900 Omnia

1926 1937 2092 1998 enim,
2124 1939 2346 2000 dicitur,
2401 1941 2725 2008 participant
2760 1940 3162 2008 providentiam
3211 1956 3240 1992 e
3290 1954 3507 1991 summo

1923 2027 2191 2096 principio
2231 2043 2563 2086 manantem.
2623 2050 2641 2081 ι
2706 2033 2769 2084 Et
2823 2040 3114 2099 prietextus
3155 2032 3234 2085 eis
3284 2039 3367 2083 est
3415 2044 3504 2092 ne,

1925 2120 2098 2182 aiunt,
2151 2121 2256 2174 duo
2309 2124 2420 2176 sint
2477 2122 2810 2188 divinitates,
2881 2138 3072 2190 nempe
3113 2124 3250 2176 elata
3316 2135 3508 2187 supra,

1922 2226 2118 2262 nomen
2169 2213 2652 2282 causalitatemque
2689 2223 2741 2266 et
2773 2214 3324 2266 coinmunieationem
3362 2213 3501 2265 trina

1920 2303 2172 2368 personis
2203 2305 2461 2369 essentia,
2513 2314 2566 2357 et
2606 2306 2911 2374 procedens
2945 2323 3010 2360 ex
3072 2311 3172 2360 hac
3205 2310 3507 2374 participa-

1925 2403 2086 2460 taque
2112 2402 2166 2447 et
2203 2395 2478 2447 nominata
2511 2395 2604 2449 Dei
2637 2399 2905 2464 operatio.
2937 2399 3150 2451 Etenim
3180 2415 3284 2452 non
3313 2402 3512 2457 adver-

1924 2493 2066 2548 tunt,
2105 2486 2246 2540 sicut
2298 2485 2439 2541 Deus
2495 2487 2659 2542 Pater
2719 2490 2919 2544 dicitur
2957 2492 3122 2543 Pater
3160 2493 3384 2549 relative
3433 2497 3501 2549 ad

1923 2577 2197 2645 proprium
2243 2579 2460 2644 Filium,
2508 2591 2561 2634 et
2616 2583 2856 2636 increata
2895 2593 2978 2636 est
3013 2585 3340 2651 paternitas.
3381 2585 3509 2640 licet

1921 2684 2028 2721 non
2071 2673 2361 2723 essentiam
2395 2673 2663 2741 signiﬁcet
2697 2689 2797 2727 vox
2841 2673 3022 2737 Pater,
3061 2677 3130 2727 ita
3163 2678 3328 2728 etiam
3366 2693 3500 2746 ope-

1921 2761 2184 2815 rationem
2236 2765 2534 2817 increatant
2575 2765 2684 2818 Deo
2735 2767 2936 2829 inesse,
2975 2768 3104 2820 licet
3135 2769 3388 2822 distincta
3431 2771 3506 2824 sit

1919 2855 1985 2904 ab
2041 2857 2275 2907 essentia
2325 2859 2591 2919 operatio.
2656 2858 2719 2910 Et
2771 2874 2892 2911 cum
2945 2875 3107 2912 unam
3167 2861 3506 2915 divinitatem

1918 2931 2171 3008 dicimus,
2238 2949 2418 3000 omnia
2477 2950 2710 3003 dicimus
2764 2966 2883 3016 quae
2942 2951 3083 3006 Deus
3147 2965 3253 3015 est,
3311 2970 3504 3022 nempe

1917 3040 2212 3092 essentiam
2244 3050 2296 3092 et
2331 3043 2723 3109 operationem.
2757 3043 2836 3095 Illi
2873 3044 3040 3108 igitur
3071 3046 3308 3110 suntqui
3346 3047 3508 3113 impie

1921 3131 2223 3199 bipartiunt
2284 3148 2444 3185 unam
2508 3134 2597 3186 Dei
2658 3134 2997 3189 divinitatem
3048 3138 3102 3189 in
3159 3151 3398 3191 creatam
3453 3148 3509 3192 et

249 3245 430 3295 γειαν.
504 3229 734 3282 Ἐκεῖνοι
788 3229 1080 3299 τοιγαροῦν
1131 3232 1267 3282 εἰσιν
1315 3234 1362 3284 οί
1419 3234 1894 3307 διχοτομοῦντεςε
1929 3227 2246 3281 Ῐιιοτθυιαῐῐιι

245 3322 524 3386 δυσσεϐῶς
555 3324 654 3392 τὴν
692 3324 820 3393 μίαν
844 3325 938 3377 τοῦ
972 3325 1108 3378 Θεοῦ
1141 3327 1370 3396 ϐιότητα
1402 3330 1480 3391 εἰς
1517 3333 1709 3382 κτιστὰ
1739 3335 1829 3384 καὶ

245 3413 501 3466 ἄκτιστα.

321 3504 462 3574 ρκζ’.
502 3504 856 3572 Συμϐεϐηκὸς
885 3507 1000 3560 ἐστι
1035 3507 1094 3559 τὸ
1132 3522 1415 3577 γινομενον
1453 3511 1544 3561 καὶ
1577 3513 1828 3578 ἀπογινό-

248 3610 433 3662 μενονο
460 3594 553 3663 ἀφ’
585 3589 645 3647 οῦ
673 3599 764 3647 καί
786 3598 851 3648 τὰ
881 3599 1159 3666 ἀχώριστα
1189 3600 1571 3668 συμϐεϐηκότα
1601 3606 1831 3671 συνορῶ-

246 3702 372 3758 μεν.
409 3686 563 3738 Ἐστι
618 3687 675 3738 δέ
733 3706 847 3750 πως
907 3689 1272 3758 συμϐεϐηκὸς,
1323 3693 1418 3742 καὶ
1467 3693 1526 3743 τὸ
1586 3697 1830 3760 φυσικῶς

246 3783 476 3850 προσὸν,
506 3782 579 3843 ὼς
610 3783 910 3852 αὐξόμενον
949 3802 1006 3836 τε
1058 3789 1151 3835 καὶ
1183 3785 1499 3854 μειούμενον
1532 3803 1544 3816 ’
1585 3790 1831 3858 καθάπερ

244 3871 303 3921 ἐν
355 3873 423 3940 τῇ
467 3871 660 3939 λογικῇ
690 3871 835 3942 ψυχῇ
870 3875 901 3941 ἡ
933 3873 1151 3938 γνῶσις.
1200 3874 1337 3925 Ἀλλ’
1391 3876 1542 3926 οὐδὲν
1591 3879 1830 3931 τοιοῦτον

243 3962 302 4010 ἐν
325 3961 401 4026 τῷ
445 3961 584 4029 Θεῷ,
618 3964 699 4013 ὅτι
750 3963 812 4031 δη
850 3963 1197 4014 παντάπασιν
1233 3965 1608 4033 ἀμετάϐλητος
1640 3969 1786 4034 μένει
1816 3985 1825 3995 ·

243 4050 312 4101 δι’
345 4052 411 4119 ἣν
449 4052 651 4116 αἰτίαν,
691 4052 841 4103 οὐδὲν
889 4051 1035 4121 αύτῷ
1075 4055 1216 4104 κατὰ
1257 4054 1601 4123 συμϐεϐηκὸς
1634 4057 1827 4123 λέγοιτ’

243 4143 334 4195 ἄν.
367 4144 442 4194 Ού
474 4146 583 4211 μὴν
632 4147 738 4194 πᾶν
780 4145 918 4213 ὅπερ
953 4145 1046 4195 ἐπὶ
1087 4144 1222 4196 Θεοῦ
1255 4147 1485 4212 λέγεται,
1518 4149 1703 4200 ούσίαν
1736 4166 1831 4218 ση-

247 4237 433 4305 μαίνει
465 4253 478 4266 °
508 4237 731 4304 λέγεται
765 4236 872 4305 γὰρ
923 4236 1015 4287 καὶ
1056 4237 1116 4288 τὺ
1165 4239 1300 4307 πρός
1331 4256 1382 4289 τι
1418 4255 1430 4266 ·
1463 4241 1599 4309 ὅπερ
1631 4245 1825 4308 ἀναφο-

247 4329 400 4396 ρικόν
429 4331 566 4390 ἐστι,
602 4329 694 4379 καὶ
724 4330 1002 4396 ἀναφορᾶς
1041 4329 1173 4398 πρὸς
1206 4329 1408 4398 ἕτερον,
1444 4330 1556 4381 ἀλλ’
1593 4334 1689 4381 οὐκ
1737 4334 1826 4382 ούο

247 4416 369 4476 σίας
396 4416 714 4484 δηλωτικόν.
776 4417 1026 4468 Τοιοῦτόν
1081 4420 1194 4468 ἐστι
1248 4419 1398 4486 καὶὴ
1437 4420 1554 4472 0;ία
1585 4423 1827 4489 ἐνέργεια

242 4507 340 4556 ἐπὶ
367 4505 501 4556 Θεοῦ
537 4521 550 4534 ⁶
583 4506 705 4557 οὗτε
732 4507 839 4576 γὰρ
870 4508 1025 4557 οὐσία
1066 4508 1233 4570 ἐστὶν,
1279 4509 1399 4560 ούτε
1444 4511 1782 4580 συμϐεϐηκός
1808 4529 1821 4541 ο

2001 3493 2122 3546 127.
2171 3493 2437 3547 Accidens
2485 3503 2567 3547 est
2620 3495 2761 3562 quod
2798 3495 3020 3548 advenit
3056 3505 3109 3549 et
3167 3497 3300 3557 abit.
3360 3498 3504 3551 unde

1930 3585 2316 3652 inseparabilia
2381 3585 2542 3638 etiam
2609 3587 2915 3640 accidentia
2970 3588 3352 3654 intelligimus.
3413 3589 3506 3641 Est

1932 3678 2095 3729 etiam
2153 3682 2387 3746 quodam
2445 3679 2603 3731 modo
2664 3680 2919 3733 accidens
2975 3683 3120 3748 quod
3180 3681 3506 3734 nalnraliter

1930 3770 2092 3832 inest,
2142 3772 2268 3839 quia
2325 3782 2551 3840 augetur
2604 3781 2660 3824 et
2711 3773 2973 3825 minuitur
3019 3773 3208 3826 :sicut
3241 3774 3290 3824 in
3325 3774 3504 3827 anima

1930 3861 2176 3913 rationali
2231 3863 2478 3915 scientia.
2540 3861 2643 3915 Sed
2682 3879 2789 3915 non
2828 3865 2957 3917 item
3017 3875 3098 3916 est
3140 3864 3190 3915 in
3246 3864 3378 3924 Deo,
3413 3864 3504 3931 qui

1928 3952 2146 4006 omnino
2198 3954 2548 4008 immutabilis
2597 3966 2874 4023 permanet
2927 3971 2940 4009 :
2979 3970 3140 4022 quam
3177 3958 3244 4005 oh
3280 3970 3502 4007 oausam

1930 4047 2060 4099 nihil
2112 4047 2164 4099 in
2197 4062 2261 4100 eo
2292 4049 2546 4102 accidens
2582 4049 2684 4101 dici
2722 4057 2917 4115 potest.
2958 4047 3072 4100 Non
3115 4057 3293 4099 tamen
3333 4047 3503 4112 Quoti-

1928 4152 2145 4203 cunque
2197 4138 2260 4190 de
2297 4138 2404 4190 Deo
2451 4138 2672 4199 dicitur,
2703 4138 3001 4191 essentiam
3062 4138 3344 4201 designat;
3382 4153 3501 4188 nam

1927 4228 2120 4279 dicitur
2149 4228 2310 4280 etiam
2346 4228 2488 4292 quod
2516 4238 2599 4280 est
2631 4229 2696 4279 ad
2728 4227 2950 4294 aliquid,
2995 4238 3048 4278 et
3100 4228 3242 4293 quod
3279 4227 3503 4293 proinde

1931 4320 2211 4372 relativum
2272 4330 2375 4384 est,
2433 4331 2485 4372 et
2534 4320 2851 4372 relationem
2911 4320 2974 4370 ad
3023 4319 3189 4381 aliud,
3229 4334 3332 4370 non
3377 4335 3503 4370 vero

1926 4410 2219 4463 essentiam
2271 4411 2491 4464 indicat.
2540 4411 2860 4479 Hujusmodi
2913 4421 2996 4463 est
3059 4413 3108 4462 in
3166 4410 3274 4463 Deo
3321 4412 3501 4462 divina

1925 4502 2202 4568 operatio;
2249 4517 2370 4553 nam
2406 4518 2580 4570 neque
2603 4502 2840 4554 essentia
2878 4511 2980 4561 est,
3017 4517 3189 4570 neque
3223 4504 3500 4562 accidens,

242 4597 291 4647 εἰ
320 4597 414 4648 καὶ
451 4597 796 4666 συμϐεϐηκός
835 4597 954 4658 πώς
990 4601 1102 4649 ἐστι
1141 4600 1270 4668 παρ’
1310 4595 1382 4651 ὧν
1418 4604 1678 4664 καλεῖται,
1714 4604 1823 4654 0&0-

1923 4594 2171 4660 quamvis
2188 4593 2586 4659 quodammodo
2618 4593 2874 4644 accidens
2892 4608 2919 4643 a
2937 4593 3259 4659 quibusdam
3278 4605 3423 4644 vocet
3438 4608 3504 4643 ttr

241 4689 419 4755 λόγων
447 4687 772 4741 δεικνύντων
800 4693 955 4742 τοῦτο
987 4691 1166 4760 μόνον,
1201 4693 1282 4743 ὅτι
1322 4695 1468 4757 ἐστιν
1498 4697 1552 4746 ἐν
1583 4698 1657 4763 τῷ
1683 4695 1821 4764 Θεῷ,

242 4782 339 4832 καὶ
367 4780 525 4830 ούσία
547 4781 648 4831 οὐκ
680 4781 848 4834 ἐστιν.

316 4877 463 4941 ρκην.
524 4872 642 4923 Ἔτι
700 4873 733 4941 ὴ
790 4873 910 4924 Θεία
961 4875 1230 4942 ἐνέργεια,
1274 4876 1320 4926 εί
1358 4875 1447 4926 καὶ
1486 4877 1826 4948 συμϐεϐηκός

240 4965 394 5014 ἐστιν
436 4964 581 5024 ὃπως
618 4962 856 5029 λέγεται,
909 4964 1022 5017 ἀλλ’
1068 4965 1411 5034 ὲνθεωρείται
1452 4968 1528 5036 τῷ
1563 4972 1699 5032 Θεῳ,
1733 4971 1826 5021 καὶ

242 5053 498 5105 σύνθεσιν
532 5054 631 5103 ούκ
664 5056 901 5122 ἐμποιεῖ.
945 5056 1050 5106 Καὶ
1087 5055 1382 5126 Γρηγόριος
1437 5061 1463 5108 ὸ
1514 5061 1610 5128 τῆς
1659 5061 1826 5112 Θεολο-

240 5144 370 5209 γίας
413 5141 721 5210 ἐπώνυμος,
767 5145 994 5212 γράφων
1043 5146 1170 5214 περὶ
1205 5145 1297 5196 τοῦ
1327 5147 1479 5212 ἁγίου
1514 5148 1825 5217 Πνεύματος

242 5236 393 5304 ἡμᾶς
425 5233 711 5284 διδάσκει·
763 5235 834 5285 Τὸ
882 5235 1105 5303 Πνεῦμα
1150 5238 1276 5306 γὰρ,
1339 5239 1491 5306 φησὶ,
1545 5241 1603 5292 τὸ
1651 5242 1822 5307 ἆγιον,

241 5326 274 5394 ἢ
300 5323 410 5375 τῶν
435 5324 555 5376 καῦ⁹
578 5325 739 5376 ἑαυτὸ
771 5326 1152 5394 ὑφεστηκότων
1191 5329 1356 5390 ἐστὶν,
1389 5330 1419 5399 ἢ
1446 5330 1550 5381 τῶν
1573 5333 1630 5382 ἐν
1658 5333 1826 5401 ἑτέρῳ

241 5415 643 5482 Θεωρουμένων
669 5431 680 5444 ·
716 5408 789 5466 ὧν
826 5416 884 5466 τὸ
915 5415 1011 5483 μὲν
1045 5416 1229 5466 οὐσίαν
1282 5417 1537 5468 καλοῦσιν
1591 5420 1638 5469 οί
1699 5421 1825 5486 περὶ

240 5505 419 5556 ταῦτα
451 5504 634 5566 δεινοὶ,
661 5505 720 5554 τὸ
741 5505 796 5556 δὲ
825 5505 1190 5572 συμϐεϐηκός.
1218 5506 1275 5557 Εἰ
1299 5506 1426 5572 γοῦν
1459 5509 1822 5576 συμϐέϐηκεν,

239 5597 499 5664 ἐνέργεια
535 5597 680 5647 τοῦτ’
711 5597 775 5649 ἂν
821 5598 907 5664 εἰή
959 5598 1049 5648 τοῦ
1101 5598 1272 5649 Θεοῦ·
1308 5600 1357 5649 τί
1391 5602 1498 5667 γὰρ
1532 5601 1750 5670 ἕτερον;
1792 5602 1823 5671 ἢ

239 5691 388 5748 τίνος
427 5708 439 5754 ;
477 5689 647 5740 Τοῦτο
685 5693 789 5759 γάρ
819 5707 935 5752 πως
977 5690 1067 5742 καὶ
1117 5692 1306 5759 φεύγει
1349 5692 1593 5744 σύνθεσιν
1625 5711 1635 5722 ·
1671 5695 1824 5745 τοῦτο

239 5782 420 5846 λέγων
453 5781 720 5850 φανερῶς,
767 5784 838 5843 ὡς
870 5787 915 5833 εί
951 5783 1058 5833 τῶν
1090 5786 1145 5834 ὲν
1177 5783 1251 5851 τῷ
1282 5784 1398 5852 Θεῴ
1439 5785 1824 5853 Οεωρουμένων

241 5876 402 5926 ἐστι·
448 5873 527 5925 διὸ
581 5875 672 5925 καὶ
708 5877 806 5928 οὐκ
863 5874 1038 5946 οὐσία,
1098 5875 1232 5927 ἀλλὰ
1288 5876 1628 5946 συμϐεϐηκός
1686 5881 1818 5937 ἐστι,

1929 4683 2212 4749 theologis,
2263 4684 2673 4737 ostendentibus
2708 4683 2811 4735 hoe
2869 4693 3100 4748 tantum,
3147 4699 3335 4752 nempe
3382 4697 3502 4736 eam

1929 4773 1978 4824 in
2015 4774 2120 4827 Deo
2147 4789 2287 4836 esse,
2314 4791 2411 4830 nec
2433 4792 2553 4829 esse
2585 4779 2904 4830 essentiam.

2001 4867 2120 4920 1‘28.
2175 4869 2404 4936 Insuper
2450 4870 2632 4921 divina
2670 4871 2936 4937 operatio,
2972 4871 3220 4939 quamvis
3253 4869 3504 4920 accidens

1927 4958 2326 5025 quodammodo
2370 4961 2589 5024 dicitur,
2647 4959 2992 5014 considerata
3055 4971 3232 5011 tamen
3298 4959 3349 5011 in
3398 4958 3503 5009 Deo

1927 5051 2376 5117 (Ὂιιινυὸἰιὶοιιιιιιι
2426 5067 2528 5104 non
2571 5053 2719 5105 facit.
2757 5053 2810 5105 Id
2844 5053 3140 5120 Gregorius
3178 5055 3502 5120 cognomine

1929 5140 2232 5209 Tlieulogus
2269 5143 2334 5195 de
2359 5141 2563 5208 Spiritu
2615 5151 2806 5196 sancto
2851 5145 3097 5197 scribens
3147 5160 3242 5195 nos
3297 5147 3498 5195 docet:

1933 5253 1948 5284 ι
1993 5233 2230 5301 Spiritus
2281 5245 2523 5298 sanctus,
2585 5236 2779 5302 inquit,
2837 5235 2917 5288 vel
2967 5247 3050 5288 est
3085 5252 3180 5289 ens
3228 5237 3278 5287 in
3324 5237 3502 5302 seipso

1927 5325 2254 5391 subsistens,
2283 5330 2362 5380 vel
2397 5344 2495 5381 ens
2524 5330 2572 5379 in
2609 5329 2716 5381 alio
2747 5331 2992 5383 residens
3029 5345 3043 5384 :
3079 5345 3304 5396 quntum
3336 5345 3498 5379 nnunt

1927 5423 2254 5486 substantia,
2294 5422 2524 5474 alterum
2563 5438 2693 5476 vero
2751 5424 3003 5475 accidens
3051 5439 3077 5475 a
3118 5424 3385 5490 theologis
3416 5423 3501 5474 di-

1927 5514 2090 5566 citur.
2157 5513 2211 5566 Si
2269 5529 2396 5578 ergo
2453 5517 2541 5568 ille
2585 5517 2650 5567 sit
2696 5517 2823 5583 quid
2884 5517 3164 5578 accidens,
3216 5517 3316 5567 hoc
3357 5525 3501 5567 esset

1925 5606 2170 5670 operatio
2225 5604 2314 5658 Dci
2368 5623 2379 5658 :
2424 5608 2550 5674 quid
2604 5609 2746 5661 enim
2791 5608 2932 5660 aliud
2991 5622 3134 5661 esset
3185 5620 3277 5660 ant
3344 5610 3498 5676 cujus

1928 5696 2109 5749 foret?
2142 5696 2252 5751 Iloc
2305 5700 2448 5752 enim
2501 5702 2898 5766 quodammodo
2959 5702 3091 5769 fugit
3145 5703 3498 5769 compositio;

1929 5805 2070 5842 nem.
2137 5810 2153 5840 ι
2205 5792 2369 5859 quue
2412 5793 2557 5845 clare
2612 5792 2743 5846 dicit
2795 5808 2858 5847 ιι
2913 5794 2970 5849 Si
3010 5796 3242 5860 qualitas
3281 5797 3328 5846 in
3390 5796 3499 5849 Deo

1929 5882 2166 5937 residens
2205 5885 2292 5948 sit,
2348 5884 2463 5938 ideo
2501 5900 2597 5939 nec
2636 5885 2703 5940 sit
2736 5885 3062 5950 substantia,
3099 5891 3189 5943 sed
3221 5889 3497 5950 accidens,
