4224 6464
702 376 827 443 1211

1939 382 1982 439 Ο
1999 380 2319 441 llEGORlI
2372 380 2698 441 ΡΑιΑΜΑι

3818 387 3950 449 1212

693 505 782 570 qui
828 503 1050 571 spiritus
1095 510 1337 565 vocatur,
1386 499 1525 553 nihil
1562 500 1704 552 aliud
1731 512 1852 553 esse
1883 506 2060 567 potest
2094 514 2253 566 quam

2354 503 2447 556 καὶ
2476 502 2697 572 Πνεῦμα
2726 502 3074 571 ὀνομάζεται,
3115 505 3268 558 οὐδὲν
3311 507 3499 577 ἕτερον
3534 510 3672 560 εἶναι
3698 508 3923 561 δυνατὸν

696 597 790 647 Dei
832 595 1097 662 operatio.
1139 611 1156 643 ι
1195 591 1311 645 Hoc
1328 592 1471 646 enim
1514 592 1752 647 ostendit
1780 592 1969 645 dicens
2006 608 2022 644 :
2067 609 2084 642 t
2117 590 2253 656 Quid

689 688 833 739 enim
866 687 1006 740 aliud
1047 686 1229 739 esset?
1258 684 1519 754 auteujus
1547 684 1725 740 esset?
1760 704 1778 735 ι
1811 685 1876 738 Et
1910 684 2260 751 praestituens

692 777 963 845 quomodo
1005 777 1139 829 nihil
1178 775 1349 842 aliud,
1391 793 1497 831 non
1533 777 1788 843 qualitas,
1821 791 1919 830 ncc
1954 777 2255 844 quantitas,

691 886 790 924 nec
822 873 1023 936 aliquid
1062 870 1367 939 liujusmodi
1416 872 1653 925 residere
1686 871 1737 924 in
1779 872 1884 923 Deo
1924 869 2117 938 possit,
2164 868 2259 922 sed

690 964 934 1032 operatio
965 973 1192 1027 tantum,
1223 962 1405 1018 subdit
1436 979 1451 1018 :
1482 980 1499 1013 ι
1538 963 1652 1018 Hoc
1679 964 1822 1017 enim
1857 960 2259 1031 quodammodo

694 1056 827 1125 fugit
874 1059 1345 1126 compositionem.
1406 1076 1425 1109 ι
1474 1057 1757 1125 Quomodo
1802 1068 1982 1110 autent
2014 1057 2260 1124 operatio

696 1149 744 1200 in
784 1146 890 1200 Deo
933 1159 1170 1215 spectata
1215 1147 1349 1214 fugit
1397 1145 1883 1212 compositionem?
1921 1144 2057 1210 Quia
2106 1144 2259 1198 solus

691 1240 911 1291 'mniuo
939 1236 1325 1304 impassibilem
1356 1237 1518 1291 liabet
1542 1236 1938 1304 operationem,
1973 1240 2029 1287 et
2063 1247 2259 1287 secun-

690 1328 817 1379 dum
849 1345 967 1383 eam
997 1339 1253 1397 operatur
1281 1339 1511 1395 tantum,
1535 1328 1629 1384 sed
1658 1344 1764 1381 non
1793 1326 2012 1397 patitur,
2046 1340 2143 1380 nec
2177 1326 2258 1390 lit,

692 1437 789 1476 nec
825 1432 1085 1475 mutatur.

762 1516 883 1570 1‘29.
941 1517 1237 1570 Increatain
1296 1527 1481 1570 autem
1535 1517 1880 1569 innotescere
1941 1513 2047 1567 sibi
2106 1512 2252 1566 illam

691 1608 1058 1676 operationem
1094 1607 1399 1677 Tlteologus
1429 1608 1589 1675 paulo
1623 1611 1877 1675 superius
1919 1608 2033 1675 ipse
2076 1607 2254 1670 docet,

691 1716 807 1751 eam
841 1713 868 1750 a
919 1708 1168 1752 creatura
1223 1700 1564 1769 distinguens
1601 1718 1614 1754 :
1652 1718 1671 1751 ι
1734 1700 2055 1753 Nostrorum
2088 1700 2253 1761 enim,

693 1792 887 1859 inquit,
938 1792 1221 1846 doctorum
1263 1792 1354 1845 alii
1405 1791 1665 1860 Spiritum
1699 1798 2027 1860 putaverunt
2064 1804 2258 1855 cpera-

2350 598 2397 646 εἰ
2425 595 2499 666 μὴ
2521 596 2800 665 ἐνέργειαν
2848 594 3003 648 Θεοῦ.
3061 596 3231 649 Τοῦτο
3276 599 3383 668 γὰρ
3415 598 3680 667 ἐδήλωσεν
3702 597 3875 651 είπὼν
3907 615 3920 627 ·

2352 687 2416 738 ΤΞ
2444 690 2551 757 γὰρ
2582 688 2769 757 ἓτερον
2801 703 2816 751 ;
2848 687 2880 757 ἢ
2925 687 3103 755 τίνος;
3135 690 3667 759 προκατασκευὰζων
3697 691 3778 757 δέ,
3811 692 3927 752 πῶς

2349 777 2501 829 οὐδὲν
2545 777 2752 845 ἕτερον,
2798 778 2858 829 οὺ
2892 779 3170 845 ποιότητα,
3206 778 3238 849 ἢ
3278 780 3576 848 ποσότητα,
3628 781 3662 851 ἡ
3714 798 3765 833 τι
3818 782 3927 832 τῶν

2352 867 2609 922 τοιούτων
2626 869 3009 937 ἐνθεωρεῖσθαι
3025 869 3101 939 τῷ
3118 870 3235 941 Θεῷ
3255 871 3500 938 δυνατὸν,
3513 872 3626 925 ἀλλ’
3646 872 3929 942 ἐνέργειαν

2354 959 2543 1027 μόνην,
2577 959 2828 1028 ἐπιφέρει
2852 976 2863 988 ·
2902 958 3073 1012 Τοῦτο
3100 960 3208 1030 γάρ
3248 978 3363 1023 πως
3396 964 3489 1015 καὶ
3520 961 3709 1030 φεύγει
3736 962 3929 1014 σύνθε-

2352 1066 2457 1102 σιν.
2486 1050 2605 1111 Πῶς
2633 1049 2740 1118 δέἡ
2773 1051 3023 1121 ἐνέργεια
3051 1052 3455 1122 ἐνθεωρουμένη
3487 1052 3564 1122 τῷ
3590 1052 3709 1124 Θεῷ
3733 1052 3927 1121 φεύγει

2348 1139 2449 1209 τὴν
2479 1138 2725 1192 σύνθεσιν
2760 1156 2775 1205 ;
2819 1138 3037 1211 Ἐπειδὴ
3072 1140 3231 1209 μόνος
3266 1141 3653 1211 ἀπαθεστάτην
3691 1144 3804 1212 ἔχει
3829 1145 3927 1213 τὴν

2352 1230 2655 1297 ἐνέργειαν,
2715 1230 2952 1298 ἐνεργῶν
2989 1232 3170 1301 μόνον,
3228 1231 3345 1284 ἀλλ’
3397 1232 3521 1302 οὐχ).
3558 1234 3653 1285 καὶ
3699 1235 3929 1303 πάσχων

2351 1320 2474 1376 κατ’
2504 1321 2695 1390 αὐτὴν,
2724 1320 2845 1376 οὐδὲ
2887 1323 3191 1391 γινόμενος,
3226 1323 3347 1376 οὐδὲ
3384 1322 3788 1393 ἁλλοιοὺμενος.

2430 1520 2563 1591 ρκθ’.
2622 1519 2743 1573 Ὀτι
2778 1517 2835 1571 δὲ
2870 1519 2964 1571 καὶ
3018 1518 3273 1572 ἄκτιστον
3325 1516 3491 1570 οὖσαν
3554 1509 3662 1567 οἶδε
3715 1512 3926 1582 ταύτην

2352 1614 2449 1683 τὴν
2482 1612 2762 1681 ἐνέργειαν
2801 1612 2829 1662 6
2876 1608 3157 1677 Θεολόγος,
3212 1608 3468 1678 ἀνωτέρω
3519 1607 3713 1676 μικρὸν
3769 1605 3933 1665 αὐτὸς

2353 1707 2541 1773 ἔδειξα,
2585 1706 2720 1775 πρὸς
2763 1704 2825 1757 τὸ
2855 1704 3060 1773 κτίσμα
3090 1702 3293 1771 ταύτην
3329 1700 3775 1760 ἀντιδιαστεὶλας.
3810 1698 3933 1779 ’ζῶν

2355 1799 2475 1853 καθ’
2509 1799 2656 1867 ἡμᾶς
2684 1796 2813 1865 γὰρ,
2849 1797 3003 1864 φησὶ.
3063 1793 3262 1861 σοφῶν,
3320 1794 3369 1845 οί
3427 1790 3525 1861 μὲν
3568 1791 3850 1859 ἐνέργειαν
3874 1789 3935 1838 τὸ

691 1885 1366 1952 tionem,aliicreaturam,
1400 1884 1490 1937 alii
1524 1884 1712 1937 Deum.
1755 1902 1773 1933 ›
1808 1883 1975 1938 Deum
2008 1883 2096 1937 hic
2129 1898 2251 1952 per-

2358 1861 2575 1957 Πνεῦμα
2609 1861 2985 1949 saansaan
3040 1885 3096 1937 δὲ
3147 1884 3371 1955 κτίσμα,
3419 1886 3469 1936 οἱ
3514 1884 3570 1935 δέ
3606 1884 3758 1934 θεόν.
3794 1881 3930 1932 Θεὸν

688 1993 876 2030 sonam
922 1980 1097 2048 ipsum
1143 1977 1293 2031 dicit.
1336 1976 1381 2031 A
1428 1985 1675 2030 creatura
1732 1985 1910 2028 autem
1941 1974 2253 2028 distinctam

686 2073 979 2126 ostendens
1028 2070 1420 2141 operationem,
1455 2072 1592 2124 lianc
1641 2084 1744 2123 non
1778 2084 1901 2124 esse
1949 2079 2251 2123 creaturam

654 2167 828 2219 .elare
852 2166 1216 2220 subostendit.
1250 2163 1355 2218 Sed
1394 2173 1449 2217 et
1504 2164 1665 2231 paulo
1719 2173 1863 2232 post,
1922 2174 2126 2216 metum
2159 2160 2253 2215 Dei

685 2268 841 2311 vocat
872 2258 1017 2312 illam
1069 2258 1441 2326 Operationetn
1477 2274 1492 2311 :
1544 2275 1562 2307 ι
1601 2254 1797 2311 Nonne
1848 2256 2127 2311 increatus
2167 2267 2252 2309 est

684 2349 775 2405 Dei
832 2350 1047 2403 motus?
1083 2368 1102 2401 ι
1161 2349 1236 2405 De
1288 2365 1392 2417 qua
1422 2350 1588 2404 etiam
1633 2350 2000 2403 Damasccnus
2055 2349 2249 2411 deifer,

682 2444 733 2496 in
766 2445 1217 2513 quinquagesimo
1247 2458 1389 2498 nono
1412 2443 1648 2512 capitulo
1676 2444 1865 2497 scribit
1898 2461 1911 2496 :
1945 2460 1963 2493 ι
1995 2443 2250 2511 Operatio

678 2546 761 2589 est
793 2537 1005 2590 activus
1036 2545 1089 2589 et
1116 2536 1426 2591 essentialis
1473 2546 1681 2589 natura:
1733 2548 1948 2600 metus;
1998 2537 2251 2591 activitas

682 2636 864 2681 autem
895 2636 979 2681 est
1011 2635 1226 2693 natura,
1251 2641 1317 2681 ex
1346 2641 1451 2695 qua
1488 2627 1735 2696 operatio
1772 2629 2054 2697 procedit;
2113 2643 2249 2697 Opus

676 2735 805 2774 vero
849 2728 933 2773 est
975 2718 1309 2788 operationis
1355 2720 1612 2784 eﬂ'ectus;
1673 2735 1841 2789 agens
1895 2722 2112 2775 dentum
2166 2730 2248 2773 est

676 2814 769 2882 qui
805 2815 972 2866 utitur
1013 2815 1357 2883 operatione,
1390 2814 1602 2869 scilicet
1643 2828 1897 2883 persenti.

746 3001 871 3056 150.
892 3000 1225 3069 Adversarii,
1253 3017 1319 3056 ex
1345 3018 1410 3056 eo
1436 3006 1579 3070 quod
1604 3002 1909 3069 Tlieologus
1941 3002 2027 3056 hic
2052 3002 2196 3057 dicat
2226 3019 2241 3059 :

680 3111 698 3144 ι
741 3093 796 3148 Si
825 3103 1012 3154 autem
1052 3095 1124 3148 sit
1181 3094 1450 3163 operatio,
1507 3106 1718 3166 agetur,
1750 3106 1805 3152 at
1855 3113 1963 3151 non
1996 3105 2139 3166 aget,
2187 3106 2242 3150 et

2360 1979 2458 2050 μὲν
2489 1978 2581 2031 οῦν
2634 1977 2865 2031 ἐνταῦθα
2916 1977 3012 2047 τὴν
3041 1976 3335 2029 ὑπόστασιν
3361 1975 3531 2046 αὐτὴν
3553 1974 3725 2044 λέγει.
3789 1976 3931 2041 [ἶρδς

2357 2071 2412 2123 δέ
2440 2069 2500 2121 τὸ
2523 2070 2725 2138 κτίσμα
2774 2069 3241 2138 ἀντιδιῃρημένην
3283 2066 3462 2133 δείξας
3495 2068 3592 2133 τὴν
3624 2066 3931 2133 ἐνέργειαν,

2367 2160 2440 2229 μὴ
2471 2154 2608 2212 εἶναι
2640 2158 2845 2228 κτίσμα
2876 2158 3059 2226 σαφῶς
3092 2157 3391 2222 ὑπέδειξεν.
3430 2157 3591 2210 Ἀ).λὰ
3612 2156 3704 2207 καὶ
3732 2155 3933 2220 pug-3v

2348 2253 2573 2323 προῖὼν,
2628 2256 2843 2327 κίνησιν
2881 2258 3017 2312 Θεοῦ
3066 2262 3271 2330 ταύτην
3317 2257 3437 2314 εἷπε
3472 2263 3571 2331 τὴν
3616 2263 3930 2332 ἐνέργειαν.

2348 2346 2469 2408 Πῶς
2507 2347 2601 2401 οῦν
2629 2350 2729 2402 οὐκ
2768 2350 3021 2413 ἄκτιστος
3074 2352 3106 2421 ἠ
3152 2353 3247 2406 τοῦ
3298 2353 3433 2406 Θεοῦ
3484 2354 3742 2424 κίνησις;
3805 2359 3935 2427 περὶ

2345 2430 2415 2505 ἦς
2447 2439 2541 2492 καὶ
2573 2442 2933 2513 Δαμασκηνὸς
2989 2445 3016 2496 6
3066 2443 3348 2514 θεοφόρος,
3399 2449 3458 2499 ἐν
3510 2447 3586 2498 νϐ’
3645 2447 3933 2517 κεφαλαίῳ

2345 2528 2572 2596 γράφων
2603 2572 2619 2595 ,
2666 2532 2943 2603 Ἐνέργεια
3001 2534 3100 2603 μέν
3153 2536 3290 2597 ἐστι,
3343 2537 3528 2605 φησὶν,
3575 2537 3606 2605 ἡ
3664 2536 3933 2606 δραστικὴ

2344 2619 2437 2669 καὶ
2474 2620 2736 2691 οῦσιώδης
2786 2625 2884 2692 τῆς
2936 2624 3149 2690 φύσεως
3187 2625 3399 2691 κίνησις
3432 2643 3445 2656 ·
3484 2627 3837 2695 ἐνεργητικὸν
3871 2629 3926 2676 δὲ

2344 2710 2376 2777 ἡ
2408 2709 2590 2777 φύσις,
2644 2713 2701 2778 ἐξ
2734 2708 2799 2780 ἧς
2839 2716 2870 2782 ἠ
2922 2715 3173 2785 ἐνέργεια
3224 2717 3473 2785 πρόεισιν
3501 2733 3513 2745 ·
3551 2718 3838 2784 ἐνέργημα
3874 2716 3930 2767 δὲ

2341 2801 2403 2851 τὸ
2432 2800 2531 2868 τῆς
2553 2804 2835 2869 ἐνεργείας
2858 2805 3203 2872 ἀποτέλεσμα
3229 2824 3243 2837 ο
3278 2806 3516 2875 ἐνεργῶν
3552 2806 3628 2869 δὲ,
3662 2807 3690 2857 6
3723 2823 3929 2875 κεχρη-

2346 2891 2511 2959 μένος
2542 2896 2607 2964 τῇ
2644 2896 2911 2965 ἐνεργείᾳ,
2949 2896 3121 2965 ἡτοιή
3156 2897 3474 2959 ὑπόστασις.

2415 2984 2513 3053 ρ).’.
2533 2989 2591 3037 C—i
2617 2988 2867 3048 ἐναντίοι,
2899 2990 2962 3039 ἐκ
2984 2988 3075 3039 τοῦ
3095 2990 3183 3039 τὸν
3208 2988 3467 3055 Θεολόγον
3485 2987 3718 3040 ἐνταῦθα
3738 2990 3933 3055 cpiunt,

2344 3074 2403 3126 Ei
2458 3074 2515 3126 δέ
2583 3076 2833 3145 ἐνέργεια
2868 3076 3291 3146 ἐνεργηθήσεται
3338 3080 3431 3128 καὶ
3487 3079 3584 3128 οὐκ
3618 3078 3931 3147 ἐνεργήσει,

674 3186 834 3240 simul
896 3188 980 3258 agi
1029 3187 1266 3253 desinet,
1308 3207 1326 3240 ι
1362 3163 1604 3244 creatam
1664 3190 1788 3244 inde
1824 3163 2155 3259 putaverunt
2188 3199 2242 3243 et

2343 3164 2434 3213 καὶ
2462 3163 2599 3231 ὁμοῦ
2634 3164 2694 3215 τὸ
2726 3164 3088 3235 ἐνεργηθῆναι
3146 3166 3437 3233 παύσεται,
3484 3166 3707 3236 χτιστὴν
3742 3168 3933 3219 ἐντεῦ-

669 3281 973 3335 docuerunt
1006 3282 1243 3336 divinam
1282 3283 1426 3336 illam
1466 3284 1862 3352 Operationem.
1917 3281 2242 3338 Nescierunt
2280 3324 2281 3327 η

674 3378 819 3432 enitn
849 3380 1012 3432 etiam
1047 3378 1285 3433 increata
1313 3380 1420 3433 dici
1445 3395 1628 3448 opera,
1654 3379 2073 3448 proutostendit
2098 3376 2238 3431 idem

672 3471 979 3543 Tlieologtts
1011 3471 1139 3525 alibi
1190 3471 1435 3526 scribens
1465 3477 1479 3526 :'
1531 3489 1549 3523 t
1589 3470 1646 3525 Si
1690 3483 1867 3525 autem
1902 3469 2066 3525 Pater
2097 3481 2243 3525 esset

674 3578 868 3617 nomen
924 3564 1279 3631 operationis,
1335 3564 1451 3618 ltaae
1498 3575 1815 3627 oneraretur
1875 3564 2238 3618 consubstan-

673 3657 823 3709 tiale.
880 3673 900 3707 ι
954 3655 1095 3710 Dicit
1126 3670 1343 3725 quoque
1381 3655 1747 3713 Damascenus
1794 3657 1965 3709 deifer
2018 3671 2033 3711 :
2091 3675 2109 3706 ι
2155 3655 2237 3710 Ad

673 3748 948 3801 dexteram
1005 3745 1179 3801 Patris
1230 3747 1481 3802 Christus
1534 3748 1712 3811 sedet,
1770 3748 1951 3802 divine
2004 3763 2239 3816 operans

667 3836 1043 3892 universorum
1073 3838 1488 3907 providentiam,
1513 3856 1611 3894 nec
1639 3839 1726 3892 illa
1744 3855 1841 3892 vos
1869 3859 1885 3889 ι
1924 3842 2229 3907 requievit,»

672 3933 801 3995 quin
863 3933 1102 3982 iucreata
1155 3930 1226 3983 sit
1274 3932 1521 3998 operatio
1576 3931 1822 3998 impedit.
1871 3930 2004 3984 Nam
2046 3946 2234 3986 creare

668 4023 812 4078 Deus
872 4023 1062 4090 incipit
1125 4037 1189 4076 ac
1254 4024 1477 4087 desinit,
1537 4022 1679 4077 sicut
1744 4023 1878 4078 dicit
1942 4022 2155 4095 Moyses
2214 4043 2229 4079 :

669 4133 693 4167 ε
742 4112 1024 4182 Requievit
1072 4113 1211 4168 Deus
1250 4118 1318 4170 at»
1369 4115 1622 4171 universo
1673 4130 1840 4184 opere
1883 4117 2026 4185 quod
2057 4116 2235 4171 facere

666 4210 949 4277 inceperat
999 4208 1064 4261 “.
1121 4227 1139 4259 ι
1188 4206 1407 4262 Creatio
1467 4215 1648 4262 tamen
1706 4208 1797 4263 illa
1834 4224 1995 4279 quam
2041 4209 2233 4279 incipit

666 4304 805 4356 Deus
834 4313 889 4357 et
921 4301 1174 4367 absolvit,
1202 4310 1285 4356 est
1318 4302 1579 4357 naturalis
1607 4312 1664 4357 et
1690 4302 1932 4357 iucreata
1966 4302 2061 4357 Dei
2098 4318 2231 4373 Ope-

666 4396 830 4450 ratio.
856 4414 875 4447 ι

733 4508 858 4562 151.
891 4505 1056 4561 Divus
1102 4516 1299 4560 Iterum
1333 4504 1721 4570 Damascenus,
1772 4513 2058 4575 postquam
2092 4504 2230 4557 dixit

663 4604 1034 4671 operationem
1073 4614 1200 4653 esse
1244 4600 1479 4652 activum
1536 4608 1587 4651 et
1633 4599 2231 4652 essentialenmiatura:

668 4708 895 4757 motum,
928 4692 1221 4745 ostendere
1244 4693 1431 4744 volens
1460 4689 1792 4760 Tlteologum
1816 4690 2015 4743 dixisse
2043 4688 2235 4756 hujus-

669 4786 809 4838 tnodi
849 4785 1215 4851 Operationem
1254 4783 1338 4852 agi
1362 4789 1419 4835 et
1439 4782 1665 4845 absolvi,
1696 4780 1899 4833 addidit
1935 4797 1949 4833 :
1989 4797 2007 4830 ι
2044 4778 2232 4832 Scieti-

667 4881 795 4930 dum
829 4885 913 4930 est
964 4876 1330 4945 operationem
1381 4889 1502 4929 esse
1542 4884 1771 4935 motmn,
1818 4881 1869 4925 et
1924 4872 2007 4942 agi
2059 4871 2235 4935 potius

668 4983 828 5034 quam
853 4980 1034 5035 agere,
1066 4979 1119 5019 ut
1150 4966 1227 5020 ait
1256 4964 1561 5035 Tlieologus
1583 4964 1875 5035 Gregorius
1899 4964 1952 5017 in
1986 4978 2236 5016 sermone

669 5065 736 5113 de
770 5060 973 5128 Spiritu
1010 5070 1237 5111 sancto:
1282 5077 1299 5109 ι
1335 5057 1389 5111 Si
1421 5068 1598 5111 autem
1633 5057 1881 5125 operatio
1916 5055 2007 5118 sit,
2044 5062 2237 5123 agetur

668 5152 896 5213 scilicet,
954 5161 1008 5203 at
1071 5167 1175 5202 non
1237 5160 1379 5219 aget,
1444 5159 1499 5203 et
1545 5149 1707 5202 simul
1762 5149 1846 5216 egi
1908 5148 2140 5200 desinet.
2213 5164 2230 5196 ι

672 5241 952 5296 Μιιιιζΐιοειε
986 5243 1146 5306 igitur
1190 5242 1489 5295 adversarii
1531 5254 1771 5295 creatam
1808 5256 1928 5293 esse
1977 5239 2238 5291 docentes

671 5354 833 5401 quam
861 5337 945 5389 hic.
988 5336 1280 5402 Gt'eg0.itts
1310 5334 1619 5403 Tlteologus
1672 5334 1805 5387 dicit
1836 5335 2235 5401 opt-rationem,

672 5430 843 5492 ipsum
881 5430 1175 5479 naturalem
1226 5438 1280 5479 et
1312 5427 1655 5481 cssenlialem
1713 5424 1803 5479 Dei
1860 5426 2233 5493 operationem

670 5519 950 5568 dementer
998 5518 1062 5569 ad
1115 5530 1391 5571 creaturas
1449 5519 1760 5585 deprimunt
1813 5535 1826 5570 :
1873 5531 2033 5585 quam
2081 5531 2236 5568 sacer

676 5612 1045 5663 llamascettus
1092 5628 1195 5663 ttnu
1257 5622 1429 5663 aetum
1479 5617 1671 5676 Suilllll,
1730 5612 1819 5666 sed
1881 5620 1937 5665 ct
1988 5622 2235 5679 :tgt'tttt‘m

742 5792 787 5823 ⁸³
806 5794 942 5848 Gen.
966 5796 1100 5856 “.2.

2344 3255 2435 3307 Οεν
2481 3256 2789 3325 ὑπενόησαν
2822 3256 2915 3310 καὶ
2967 3257 3316 3326 ἀπεφήναντο
3378 3258 3477 3327 τὴν
3517 3257 3669 3310 Θείαν
3724 3260 3933 3328 ταύτην

2340 3346 2644 3415 ἐνέργειαν.
2713 3348 3016 3417 Ἡγνόησαν
3065 3350 3174 3417 γὰρ
3201 3350 3281 3402 ὅτι
3319 3350 3381 3402 τὸ
3437 3350 3782 3423 ἐνεργεῖσθαι
3838 3352 3932 3405 καὶ

2342 3438 2433 3487 ἐπὶ
2460 3436 2568 3488 τῶν
2597 3438 2870 3489 ἀκτίστων
2899 3439 3145 3507 λέγεται,
3189 3440 3262 3503 ὠς
3303 3442 3399 3494 καὶ
3426 3444 3453 3494 6
3483 3442 3749 3507 Θεολόγος
3775 3438 3933 3505 οὗτος

2341 3523 2611 3577 δείκνυσιν
2642 3526 2879 3593 ἀλλαχοῦ
2922 3528 3148 3598 γράφων
3177 3545 3189 3558 ’
3228 3530 3289 3581 Εἰ
3338 3529 3393 3582 δέ
3424 3532 3703 3600 ἐνεργείας
3758 3533 3931 3601 διομα

2340 3616 2599 3685 ὁ11ατὴρ,
2636 3617 2793 3669 τοῦτο
2839 3620 3143 3689 ἐνηργηκὸς
3176 3620 3240 3673 ἂν
3267 3620 3353 3690 εἴη
3377 3621 3439 3673 τὸ
3470 3625 3933 3691 ὀμοούσιονΑήσὶ

2339 3707 2393 3758 δὲ
2428 3708 2521 3759 καὶ
2549 3708 2576 3758 6
2606 3710 2961 3779 Δαμασκηνὸς
2990 3713 3018 3762 6
3039 3711 3297 3782 θεοφόρος
3332 3729 3346 3742 ·
3397 3714 3486 3765 Ἐν
3511 3713 3659 3784 δεξιᾷ
3688 3714 3782 3765 τοῦ
3815 3717 3931 3766 11³-

2346 3797 2473 3867 τρὸς
2506 3800 2534 3850 ὁ
2576 3800 2811 3869 Χριστὸς
2872 3802 3114 3865 ἐκάθισε,
3177 3802 3375 3865 οεῖκῶς
3426 3805 3665 3873 ἐνεργῶν
3694 3807 3792 3872 τὴν
3820 3806 3933 3856 τῶν

2337 3888 2474 3941 ὅλων
2496 3891 2771 3958 πρόνοιαν.
2792 3892 2930 3944 Ἀλλ’
2956 3894 3075 3946 οῦδέ
3100 3894 3181 3957 τὸ,
3220 3895 3554 3958 κατέπαυσε,
3585 3895 3661 3963 τῷ
3683 3895 3933 3963 ﬁniam

2338 3978 2437 4047 τῆς
2467 3980 2747 4049 ἐνεργείας
2779 3983 3161 4050 προσίσταται.
3194 3985 3350 4038 Κατὰ
3380 3986 3488 4055 γὰρ
3521 3985 3579 4035 τὸ
3604 3985 3931 4054 δημιιιυγείν

2337 4069 2563 4139 ἄρχεται
2606 4074 2634 4122 6
2682 4072 2813 4135 Θεὸς
2866 4074 2961 4126 καὶ
3011 4071 3282 4126 παύεται·
3338 4075 3413 4137 ὡς
3466 4076 3563 4127 καὶ
3611 4076 3639 4125 ό
3686 4078 3931 4142 Μωῦσῆς

2337 4176 2525 4229 φησιν,
2556 4162 2636 4214 ὅτι
2682 4181 2698 4212 ι
2729 4164 3086 4219 Κατέπαυσεν
3110 4168 3137 4218 6
3156 4166 3287 4229 Θεὸς
3309 4167 3418 4219 ἀπὸ
3448 4169 3664 4220 πάντων
3700 4169 3806 4219 τῶν
3829 4169 3929 4239 ἔρ-

2336 4265 2448 4317 γων
2498 4243 2571 4302 ὧν
2600 4250 2804 4319 ἤρξατο
2851 4253 3097 4321 ποιῆσαι.
3148 4272 3165 4303 ι
3208 4253 3282 4305 Τὸ
3338 4256 3519 4323 μέντοι
3570 4256 3931 4324 δημιουργεῖν

2334 4339 2491 4392 τοῦτο
2536 4341 2657 4394 καθ’
2688 4343 2715 4393 ὃ
2746 4343 2975 4411 ἄρχεται
3001 4345 3029 4394 6
3062 4344 3195 4406 Θεὸς
3252 4346 3349 4396 καὶ
3399 4344 3655 4407 παύεται,
3718 4346 3931 4416 φυσικὴ

2335 4433 2429 4485 καὶ
2450 4432 2709 4495 ἄκτιστός
2749 4436 2898 4486 ἐστιν
2934 4435 3183 4505 ἐνέργεια
3213 4436 3373 4489 Θεοῦ.

2408 4523 2539 4592 ρλα’.
2586 4523 2642 4576 Ὀ
2668 4526 2807 4587 θεῖος
2845 4524 3003 4589 αὖθις
3052 4527 3434 4596 Δαμασκηνὸς,
3466 4527 3604 4596 μετά
3633 4528 3691 4578 τὸ
3747 4528 3927 4579 εἰπεῖν

2332 4616 2414 4667 ὅτι
2461 4614 2715 4684 ἐνέργειά
2761 4618 2910 4668 ἐστιν
2957 4618 2990 4686 ἡ
3045 4617 3313 4687 δραστικὴ
3370 4618 3465 4670 καὶ
3513 4616 3779 4687 οῦσιώδης
3824 4618 3927 4687 τῆς

2334 4706 2551 4775 φύσεως
2609 4708 2846 4778 κίνησις,
2902 4708 3071 4761 θέλων
3124 4709 3318 4775 δεῖξαι,
3376 4709 3452 4772 ὼς
3511 4710 3609 4781 τὴν
3661 4712 3926 4781 τοιαύτην

2342 4798 2628 4869 ἐνέργειαν
2649 4801 2676 4851 6
2705 4800 2963 4866 Θεοὶόγος
2989 4797 3141 4851 εἶπεν
3177 4801 3519 4871 ἐνεργεῖσῦαί
3537 4819 3595 4853 τε
3629 4803 3723 4854 καὶ
3746 4803 3922 4853 παύει

2342 4891 2484 4952 σθαι,
2528 4891 2972 4961 προσεπήνεγκεν
3007 4908 3019 4921 δ
3067 4892 3285 4955 ’1στέον,
3337 4891 3412 4954 ὡς
3463 4894 3497 4963 ἡ
3552 4893 3802 4961 ἐνέργεια
3835 4895 3925 4945 κί-

2340 4981 2493 5049 νησίς
2530 4982 2667 5046 ἐστι,
2695 4982 2789 5032 καὶ
2816 4983 3120 5051 ἐνεργεῖται
3149 4983 3349 5051 μᾶλλον
3379 4983 3412 5053 ἢ
3443 4986 3696 5054 ἐνεργεῖ,
3735 4985 3927 5048 καθὼς

2340 5088 2502 5138 φησιν
2538 5074 2566 5123 6
2596 5072 2852 5139 Θεολόγος
2890 5073 3211 5143 Γρηγόριος,
3257 5075 3314 5127 ἐν
3358 5074 3437 5145 τῷ
3471 5076 3719 5145 περὶτοῦ
3758 5078 3925 5143 ἁγίου

2342 5162 2653 5231 Πνεῦματος
2693 5162 2856 5232 λόγῳ.
2907 5165 2969 5216 Εἰ
3003 5164 3056 5216 δὲ
3111 5165 3361 5235 ἐνέργειά
3409 5168 3576 5227 ἐστιν,
3610 5170 3925 5238 ἐνεργηθή-

2341 5271 2489 5305 σεται
2555 5253 2795 5323 δηλονότι
2856 5258 2948 5308 καὶ
3000 5258 3102 5309 οὐκ
3165 5241 3470 5329 ἐνεργήσει,
3526 5259 3620 5310 καὶ
3665 5259 3807 5329 ὁμοῦ
3862 5262 3923 5315 τὸ

2339 5346 2697 5413 ἐνεργηυῆναι
2741 5347 3030 5403 παύσεται.
3081 5350 3317 5419 Φανερὸν
3363 5346 3456 5402 οὖν
3487 5350 3560 5414 ὡς
3590 5352 3638 5402 οί
3691 5355 3759 5405 τὰ
3811 5354 3925 5407 τῶν

2340 5439 2599 5489 ἐναντίων
2662 5440 3010 5508 φρονοῦντες,
3044 5443 3265 5513 κτιστὴν
3316 5437 3455 5495 εἶναι
3496 5444 3923 5512 δογματίζοντες

2338 5529 2402 5598 ἣν
2429 5529 2661 5581 ἐνταῦθα
2694 5530 2989 5600 Γρηγόριος
3014 5536 3040 5585 6
3063 5534 3321 5603 Θεολόγος
3356 5534 3579 5605 εἴρηκεν
3606 5539 3922 5607 ἐνέργειαν,

2338 5622 2504 5690 αὐτὴν
2532 5622 2630 5693 τὴν
2664 5624 2897 5695 φυσικὴν
2926 5627 3017 5678 καὶ
3048 5620 3278 5698 οὖςιὼδὴ
3315 5628 3407 5681 τοῦ
3436 5629 3569 5682 Θεοῦ
3606 5632 3924 5700 ἐνέργειαν,
