4224 6464
306 439 440 505 1217

1216 440 1489 497 CANTA
1548 438 1896 509 PHYSICA,
1934 436 2439 503 THEOLOGICA,
2484 438 2647 498 ETC.

3422 435 3555 500 1213

297 551 362 601 οὑ
394 549 706 612 διανοεῖται,
735 548 795 601 οὑ
831 546 1065 615 δοξάζει,
1094 548 1191 618 οὑχ
1218 550 1340 619 δρᾷ,
1372 550 1471 600 οὐκ
1508 548 1877 620 ὁσφραίνεται,
1910 556 1951 608 Α

1910 556 1951 608 Α
1986 559 2085 613 tat,
2121 566 2227 604 non
2301 552 2579 617 opinatur,
2610 566 2717 605 non
2749 550 2917 616 videt,
2968 564 3075 604 non
3132 550 3413 616 odoratur,
3445 566 3552 603 non

296 639 361 690 οὐ
384 638 557 698 λαλεῖ,
599 639 699 691 οὐκ
750 638 964 699 ἀκούει,
1015 640 1076 691 οὑ
1111 640 1427 707 περιπατεῖ,
1481 639 1579 691 οὐκ
1630 639 1881 701 ἀναπνεῖ,

297 730 401 780 οὐκ
438 728 630 792 ἐσθίει,
670 729 762 781 καὶ
809 730 995 791 ἁπλῶς
1047 730 1243 794 είπεῖν,
1292 730 1393 781 οὑκ
1449 728 1560 797 ἔχει
1604 728 1883 797 ἐνέργειαν

295 820 666 889 διαφέρουσαν
693 822 790 889 τῆς
822 821 1027 886 οὐσίας,
1070 822 1163 873 καὶ
1215 821 1501 874 δεικνῦσαν
1554 820 1638 873 ὅτι
1662 821 1719 873 ἐν
1748 821 1884 874 ὑπο-

300 912 490 962 στάσει
544 910 659 962 ἐστί
694 926 707 939 ο
748 912 827 963 διὸ
860 912 953 963 καὶ
1000 912 1198 975 τελέως
1245 912 1614 975 ἀνυπόστατός
1663 913 1811 965 ἐστιν
1853 914 1881 964 ὁ

294 1003 531 1055 καθόλου
558 1003 867 1073 ἅνθρωπος.
921 1004 981 1056 '0
1011 1004 1067 1057 δέ
1114 1005 1396 1075 ἐνέργειαν
1453 1006 1691 1074 ἔμφυτον
1742 1004 1880 1074 ἔχων

292 1095 661 1163 διαφέρουσαν
690 1098 790 1164 τῆς
816 1090 1025 1161 οὐσίας,
1058 1095 1365 1165 ἄνθρωπος,
1401 1097 1551 1164 μίαν,
1577 1097 1607 1165 ἢ
1640 1095 1878 1159 πλείους,

293 1186 327 1256 ἢ
363 1187 548 1247 πάσας
591 1187 828 1255 οἵασπερ
867 1186 1098 1257 ἔφημεν,
1134 1187 1193 1252 ἐξ
1221 1188 1397 1241 αὐτῶν
1428 1188 1755 1257 γνωρίζεται
1799 1188 1880 1240 ὅτι

291 1278 351 1327 ἐν
377 1277 675 1331 ὑποστάσει
710 1279 847 1339 ἐστὶ,
879 1281 973 1332 καὶ
1025 1281 1124 1333 οὐκ
1154 1282 1528 1344 ἀνυπόστατός
1555 1283 1701 1333 ἐστιν
1732 1283 1760 1333 ὀ
1784 1281 1881 1333 ἄν·

293 1366 535 1436 Θρωπος.
555 1369 708 1420 Ἐπεὶ
730 1369 784 1421 δέ
813 1370 869 1421 αἱ
895 1371 1138 1424 τοιαῦται
1168 1373 1461 1441 ἐνέργειαι,
1492 1373 1591 1425 οὐκ
1631 1371 1717 1439 ἐφ’
1742 1372 1877 1434 ἐνὸς,

1982 646 2244 713 loquitur,
2280 662 2384 699 non
2439 646 2614 711 audit,
2654 662 2758 700 non
2822 646 3086 708 ambulat,
3136 660 3240 699 non
3295 646 3551 716 respirat,

1983 753 2085 791 non
2114 739 2372 801 comedit,
2406 748 2457 791 et
2498 756 2607 793 uno
2636 740 2820 804 verbo,
2842 755 2947 794 non
2983 740 3145 794 habet
3179 740 3552 807 operationem

1984 833 2047 883 ab
2090 832 2323 886 essentia
2356 832 2691 896 distinctam,
2728 848 2833 899 qua
2864 834 3132 887 indicetur
3177 833 3315 887 hanc
3342 846 3461 887 esse
3500 832 3552 883 in

1980 924 2327 976 subsistentia
2363 941 2374 975 :
2417 925 2537 978 ideo
2571 924 2793 977 minime
2824 924 3125 977 subsistens
3152 931 3236 978 est
3293 924 3453 976 homo
3496 920 3553 975 ίη

1989 1032 2190 1085 genere.
2231 1014 2333 1069 Sed
2383 1016 2544 1068 homo
2584 1016 2885 1069 naturalem
2933 1014 3139 1068 habens
3179 1014 3549 1082 operationem

1981 1111 2047 1161 ab
2076 1110 2311 1163 essentia
2346 1108 2678 1168 distinctam,
2701 1108 2815 1161 sive
2844 1122 3033 1167 unam,
3067 1106 3183 1159 sive
3214 1104 3417 1174 plures,
3436 1105 3551 1158 sive

1980 1215 2169 1254 omnes
2218 1215 2569 1270 quascunque
2622 1202 2878 1263 diximus,
2935 1216 3000 1254 ex
3059 1199 3147 1253 his
3207 1198 3553 1267 cognoscitur

1980 1304 2103 1344 esse
2134 1291 2185 1343 in
2225 1292 2567 1353 exsistentia,
2595 1307 2694 1345 nec
2737 1305 2857 1344 esse
2887 1290 3051 1343 homo
3087 1304 3190 1343 non
3227 1290 3550 1343 subsistens.

1980 1381 2115 1446 Quia
2150 1393 2327 1437 autem
2374 1383 2682 1452 huiusmodi
2715 1383 3081 1451 operationes,
3114 1397 3221 1435 non
3249 1396 3404 1444 luna,
3440 1396 3549 1433 non

292 1460 323 1527 ἢ
360 1460 478 1523 δύο,
514 1460 546 1528 ἢ
580 1461 767 1529 τριῶν,
801 1462 915 1515 ἀλλ’
962 1465 1055 1516 ἐπὶ
1083 1464 1343 1516 πλειόνων
1376 1466 1455 1535 τῷ
1492 1465 1712 1535 ἀριθμῷ
1749 1466 1883 1519 θεω-

294 1550 538 1618 ροῦνται,
578 1553 855 1607 δείκνυται
908 1553 1049 1611 εἶναι
1098 1558 1190 1611 τὸν
1238 1557 1522 1627 ἄνθρωπον
1558 1561 1614 1611 ἐν
1644 1559 1882 1612 ὑποστά-

292 1664 410 1699 σεσι
448 1647 689 1718 μυρίαις.

369 1739 504 1809 ρλζ’.
552 1740 611 1792 ὐ
642 1742 773 1804 Θεὸς
819 1742 958 1795 κατὰ
1004 1745 1103 1811 τὴν
1153 1744 1241 1796 διὰ
1290 1746 1389 1815 τῆς
1442 1745 1604 1798 αὑτοῦ
1658 1745 1881 1816 χάριτος

2055 1748 2179 1801 157.
2222 1762 2380 1813 deus,
2410 1750 2563 1816 juxta
2608 1750 2750 1817 piam
2782 1750 3083 1802 doctrinam
3117 1748 3287 1817 gratia
3327 1762 3423 1800 sua
3455 1760 3550 1798 no-

294 1833 601 1901 ὴμετέραν,
660 1835 759 1903 τῆς
790 1836 955 1887 αὐτοῦ
987 1836 1129 1904 λέγω
1195 1839 1522 1909 Ἐκκλησίας
1576 1836 1878 1903 εὐσεϐείας,
1908 1901 1949 1909 _

1908 1901 1949 1909 _
1980 1838 2083 1901 bis,
2118 1839 2169 1893 id
2196 1850 2275 1894 est
2320 1855 2429 1893 suae
2450 1836 2701 1893 Ecclesia:
2747 1840 2950 1903 datam,
2978 1840 3348 1909 operationem
3390 1849 3550 1890 natu-

298 1926 587 1993 ἐνέργειαν
621 1901 864 1996 εμῴυτυν
894 1929 1032 1998 ἔχων
1053 1901 1328 2000 δεικτικὴν
1357 1901 1572 1994 ἐαυτοῦ,
1613 1930 1708 1982 καὶ
1740 1901 1882 1982 κατά
1906 1901 1953 1961 Β

1906 1901 1953 1961 Β
1986 1932 2155 1984 ralem
2208 1931 2409 1987 habens
2465 1948 2575 1985 suae
2624 1933 2959 1987 exsistentiae
2993 1932 3222 1985 indicem
3260 1930 3487 1998 ideoque
3522 1943 3551 1982 a

294 2017 459 2071 τοῦτο
493 2019 859 2091 διαφέρουσαν
899 2022 997 2091 τῆς
1030 2024 1216 2086 οὐσίας
1250 2022 1435 2077 αὐτοῦ.
1462 2024 1570 2076 Καὶ
1600 2022 1709 2093 γάρ
1740 2041 1879 2093 προ-

1986 2036 2083 2077 sua
2118 2023 2353 2077 essentia
2386 2025 2697 2079 distinctam
2731 2024 2952 2092 (etenim
2983 2023 3198 2093 praescit
3230 2032 3283 2076 et
3310 2021 3553 2092 providet

294 2109 560 2177 γινώσκει
600 2129 657 2165 τε
702 2114 799 2166 καί
827 2118 1132 2185 προνοεῖται
1174 2117 1282 2168 τῶν
1315 2117 1742 2188 ὑποδεεστέρων,
1786 2116 1878 2170 καὶ

1981 2113 2261 2180 inferiora,
2302 2124 2358 2169 et
2400 2114 2554 2179 facit,
2586 2125 2641 2169 et
2679 2125 2987 2182 conservat,
3019 2126 3073 2169 et
3103 2114 3262 2183 regit,
3296 2124 3349 2167 et
3379 2123 3553 2166 mutat

295 2202 628 2275 δημιουργεῖ
656 2207 853 2271 ταῦτα,
891 2208 983 2260 καὶ
1031 2212 1304 2279 συντηρεῇ
1354 2210 1450 2263 καὶ
1483 2210 1753 2274 δεσπόζει,
1786 2208 1880 2262 καὶ

1979 2206 2044 2259 ad
2082 2208 2358 2275 proprium
2394 2216 2581 2260 nutum
2631 2217 2689 2261 ut
2713 2207 2815 2261 sibi
2866 2207 3125 2278 videtur),
3161 2206 3284 2260 inde
3316 2206 3556 2260 ostendi-

299 2295 700 2362 μετασκευάζει
733 2298 854 2351 κατ’
892 2300 1102 2353 οίκείαν
1137 2300 1388 2371 βούλησιν
1415 2302 1491 2364 ὡς
1517 2299 1655 2355 οἶδεν
1694 2306 1875 2364 αυτὸς,

1980 2307 2070 2353 tur
2090 2311 2210 2352 esse
2238 2298 2289 2351 in
2324 2298 2649 2366 substantia,
2687 2300 2830 2354 haud
2871 2315 2996 2354 vero
3028 2299 3260 2354 essentia
3294 2314 3394 2351 non
3432 2298 3554 2349 sub-

293 2388 353 2439 ἐν
375 2387 677 2443 ὑποστάσει
701 2391 976 2445 δείκνυται
993 2392 1089 2458 ὢν,
1110 2394 1225 2448 ἀλλ’
1245 2397 1347 2449 οὐκ
1377 2395 1534 2448 οὐσία
1556 2396 1715 2464 μόνον
1747 2396 1877 2447 dw-

1980 2388 2197 2444 sistens.
2230 2390 2393 2460 Atqui
2422 2404 2611 2445 omnes
2640 2391 2947 2460 huiusmodi
2974 2391 3339 2459 Operationes,
3370 2404 3472 2442 non
3502 2404 3551 2439 ιιι

293 2481 587 2543 πόστατος.
624 2482 780 2536 Ἐπεὶ
811 2483 868 2536 δέ
894 2486 949 2538 αί
984 2486 1227 2538 τοιαῦται
1256 2488 1427 2540 πᾶσαι
1469 2488 1879 2557 ἐνέργειαι.οὑκ

1980 2493 2108 2544 una,
2158 2480 2248 2534 sed
2296 2480 2348 2534 in
2382 2482 2557 2536 tribus
2595 2482 2959 2537 subsistentiis
2985 2482 3193 2536 habens
3231 2482 3371 2536 Deus
3402 2481 3555 2534 nobis

293 2567 386 2637 ἐφ’
413 2567 557 2632 ἐνὸς,
586 2567 704 2621 ἀλλ’
731 2567 790 2619 ἐν
813 2566 995 2638 τρισὶν
1021 2566 1387 2619 ὑποστάσεσιν
1411 2566 1669 2635 ὑπάρχων
1701 2567 1728 2617 ὁ
1753 2565 1884 2629 Θεὸς

1980 2572 2292 2628 innotescit.
2338 2574 2647 2629 Adversarii
2706 2590 2836 2630 vero
2890 2576 3132 2629 dicentes
3184 2589 3290 2627 non
3352 2573 3555 2626 habere

293 2659 430 2727 ἡμῖν
464 2658 819 2728 γνωρίζεται.
874 2658 938 2709 Ol
984 2656 1041 2710 δὲ
1103 2657 1490 2726 ἀντικείμενοι,
1525 2655 1772 2722 λέγοντες
1806 2655 1882 2724 μὴ

1980 2665 2147 2719 Deum
2180 2668 2550 2735 Operationem
2585 2669 2885 2722 naturalem
2923 2683 3033 2721 suae
3054 2667 3385 2721 exsistentiae
3417 2666 3554 2717 indi-

294 2752 442 2820 ελειν
472 2751 566 2805 τὸν
594 2750 727 2803 Θεὸν
758 2750 1041 2820 ἐνέργειαν
1066 2749 1306 2819 ἔμφυτον
1341 2746 1617 2817 δεικτικὴν
1659 2744 1881 2809 ἑαυτοῦ,

1980 2772 2121 2823 cem,
2158 2758 2385 2827 ideoque
2414 2777 2441 2812 a
2468 2775 2565 2814 sua
2600 2761 2839 2815 essentia
2898 2760 3235 2823 distinctam,
3264 2760 3315 2811 in
3370 2758 3550 2812 subsi-

293 2844 563 2895 καὶκατὰ
590 2842 751 2895 τοῦτο
776 2842 1146 2912 διαφέρουσαν
1193 2842 1293 2910 τῆς
1326 2841 1512 2902 οὐσίας
1560 2838 1750 2902 αὐτοῦ,
1784 2840 1883 2891 οὑκ

1984 2853 2181 2905 stentia
2202 2866 2323 2906 esse
2359 2852 2525 2906 Deum
2560 2862 2797 2922 negant;
2832 2863 2883 2907 et
2912 2852 3138 2905 minime
3171 2850 3551 2905 subsistentem

294 2936 356 2987 ἐν
380 2935 682 2987 ὑποστάσει
703 2933 956 3000 λέγουσιν
989 2928 1128 2986 εἶναι
1153 2932 1247 2985 τὸν
1277 2931 1430 2993 Θεὸν,
1466 2930 1556 2983 καὶ
1579 2929 1880 2983 ἀνυπόστα-

1980 2947 2317 3001 contendunt
2368 2950 2570 3000 trinum
2636 2945 3002 3000 subsistentiis
3070 2944 3376 3005 Dominum,
3405 2952 3553 2996 tanto

292 3043 389 3079 τον
413 3026 616 3089 τεὶέως
648 3025 864 3077 ποιοῦσι
892 3025 984 3077 τὸν
1018 3024 1448 3095 τρισυπόστατον
1486 3021 1689 3091 Κύριον
1715 3038 1729 3052 ο
1753 3036 1882 3073 τοσ-

1880 3050 1882 3059 λ
1979 3045 2301 3104 superantes
2353 3051 2517 3105 prava
2576 3037 2822 3092 doctrina
2878 3036 3134 3106 Libycum
3200 3033 3495 3087 Sabellium
3530 3071 3548 3101 ,

292 3116 453 3169 οῦτον
504 3114 940 3184 ὑπερϐάλλοντες
985 3112 1276 3182 κακοδοξίᾳ
1335 3111 1425 3163 τὸν
1470 3110 1638 3163 Λίϐυν
1684 3109 1884 3163 Σαϐέλ-

1589 3128 1638 3161 δν
1684 3109 1884 3163 δαίθ’
1979 3139 2185 3197 quanto
2217 3131 2445 3198 nequior
2468 3137 2551 3185 est
2584 3129 2721 3183 mala
2756 3128 2959 3196 pietate
2992 3128 3257 3195 impietas.

292 3208 433 3271 λιον,
466 3209 592 3261 ὅσον
619 3208 779 3260 πλέον
810 3209 890 3269 είς
938 3206 1135 3259 κακίαν
1193 3205 1307 3275 ἔχει
1365 3206 1464 3274 τῆς
1505 3202 1872 3269 δυσσεϐείαςὴ
1900 3248 1945 3304 c

290 3300 542 3354 ἀσέϐεια.

368 3391 506 3461 ρλη’.
535 3390 656 3443 Τῶν
714 3390 881 3462 τριῶν
935 3389 1095 3442 θείων
1151 3388 1523 3453 ὑποστάσεων,
1558 3388 1617 3439 οὑ
1676 3386 1775 3456 μία
1804 3386 1880 3447 ὡς

288 3485 454 3553 ὁμοία
492 3485 525 3553 ἡ
583 3484 855 3551 ἐνέργεια,
918 3482 1172 3551 καθάπερ
1226 3483 1311 3550 ἐφ’
1360 3480 1535 3550 ἡμῶν,
1584 3479 1721 3532 ἀλλὰ
1780 3479 1877 3547 μία

288 3574 461 3636 ὅντως
492 3574 690 3644 καὶτῷ
744 3573 984 3644 ἀριθμῷ.
1040 3574 1217 3643 Ὅπερ
1270 3575 1317 3625 οἰ
1373 3574 1441 3624 τά
1479 3571 1588 3624 τῶν
1625 3572 1881 3623 ἐναντίων

288 3667 616 3737 φρονοῦντες
678 3667 862 3733 λέγειν
925 3667 987 3720 οὐ
1042 3666 1338 3719 δύνανται’
1410 3664 1535 3717 ἐπεὶ
1581 3665 1655 3735 μὴ
1695 3665 1880 3732 κοινὴν

287 3760 431 3813 εἶναι
461 3760 573 3811 τῶν
598 3758 767 3828 τριῶν
807 3760 1064 3812 άκτιστον
1088 3759 1372 3827 ἐνέργειάν
1404 3774 1592 3825 φασιν,
1622 3756 1755 3809 ἀλλά
1783 3755 1879 3808 καὶ

284 3854 535 3923 ἀλλήλων
559 3852 657 3915 τὰς
681 3853 1007 3915 ὑποστάσεις
1035 3853 1317 3923 ἐνεργείας
1341 3848 1480 3905 εῐναι
1506 3852 1774 3919 λέγουσιν,
1801 3853 1876 3914 ὠς

287 3946 365 4016 μὴ
399 3945 588 4015 κοινῆς
618 3944 787 4015 οῠσης
817 3946 935 3997 κατ’
968 3943 1167 4007 αὐτοὺς
1201 3944 1350 4007 θείας
1376 3944 1656 4013 ἐνεργείας
1690 3960 1704 3975 ⁶
1737 3944 1877 3996 ὥστε

283 4038 397 4090 οὐδ’
433 4037 608 4099 οὕτως
637 4037 823 4107 ἔχουσι
847 4036 1024 4104 λέγειν
1054 4037 1183 4106 μίαν
1215 4036 1322 4089 τῶν
1356 4037 1522 4107 τριῶν
1555 4039 1867 4109 ἐνέργειανο

281 4128 421 4181 ἀλλὰ
464 4129 561 4179 καὶ
594 4127 784 4181 ἄλλοτε
823 4126 991 4193 ἄλλην
1038 4126 1213 4186 οὓτως
1262 4126 1631 4197 ἀναιροῦντες,
1671 4128 1876 4180 ἀνυπό-

283 4236 480 4272 στατον
514 4218 810 4271 κάντεῦθεν
832 4217 1047 4271 ποιοῦσι
1074 4219 1169 4270 τὸν
1193 4219 1620 4289 τρισυπὸστατον
1649 4219 1802 4274 Θεόν.

358 4308 491 4379 ρλθ’.
526 4310 587 4363 Oi
626 4310 723 4379 τὴν
760 4308 1053 4373 κακόδοξον
1092 4308 1300 4379 πλάνην
1337 4311 1475 4364 κατὰ
1514 4310 1692 4380 ψυχὴν
1730 4328 1877 4364 νενο-

1872 4341 1877 4353 ι
2046 4318 2171 4374 159.
2219 4317 2426 4385 Quibus
2488 4314 2745 4367 liaaretico
2797 4328 2984 4366 errore
3031 4311 3206 4364 anima
3276 4319 3540 4381 aegrotat,

281 4403 541 4471 σηκότες,
575 4402 804 4470 κτιστὴν
846 4402 1098 4471 λέγοντες
1125 4405 1224 4474 τὴν
1261 4404 1625 4475 διαφέρουσαν
1653 4408 1753 4476 τῆς
1780 4406 1874 4460 τοῦ

1970 4421 2210 4466 creatam
2244 4410 2319 4463 illi
2344 4410 2593 4463 dicentes
2616 4406 2927 4459 distinctam
2960 4419 2987 4456 a
3023 4404 3113 4457 Dei
3146 4404 3384 4456 essentia
3414 4418 3544 4469 ope-

279 4495 421 4549 Θεοῦ
453 4496 644 4559 οὐσίας
670 4496 976 4567 ἐνέργειαν,
1036 4498 1273 4559 κτιστῶς
1319 4497 1465 4567 ἔχειν
1495 4498 1588 4551 καὶ
1616 4497 1676 4549 τὺ
1709 4498 1873 4567 δημι-

1970 4503 2262 4567 rationem,
2289 4511 2531 4557 creatum
2561 4514 2774 4568 quoque
2811 4499 2862 4549 in
2906 4496 3015 4548 Deo
3048 4504 3333 4549 autumant
3364 4504 3541 4548 actum

276 4589 503 4656 ουργεῖν
539 4586 633 4638 τὸν
661 4586 794 4638 Θεὸν
822 4586 1125 4653 δοξάζουσι,
1164 4589 1334 4641 ταυτδ
1369 4588 1414 4641 δ’
1450 4590 1622 4641 εἰπεῖν
1654 4589 1752 4658 τὴν
1780 4590 1874 4659 δη·
1903 4587 1944 4641 D

1872 4587 1947 4641 ιι)
1972 4594 2219 4655 creandi,
2252 4608 2348 4649 seu
2402 4591 2543 4662 quod
2592 4591 2733 4644 idem
2774 4600 2875 4651 est,
2920 4589 3240 4642 creatricem
3280 4585 3399 4655 ejus
3446 4603 3540 4653 po-

282 4676 620 4747 μιουργικὴν
645 4675 878 4747 δύναμιν
931 4676 1098 4730 αὐτοῦ
1126 4694 1139 4709 ο
1183 4680 1244 4730 οὐ
1292 4679 1399 4750 γὰρ
1450 4680 1599 4733 ἐστιν
1628 4682 1872 4751 ἐνεργεῖν

1867 4698 1872 4724 ι
1972 4684 2199 4738 tentiam
2230 4701 2243 4738 :
2271 4697 2379 4736 non
2411 4681 2555 4736 enim
2585 4680 2803 4749 operari
2828 4685 2923 4731 aut
2957 4692 3147 4732 creare
3179 4678 3386 4746 absque
3411 4693 3535 4746 ope-

278 4767 379 4821 καὶ
403 4768 767 4839 δημιουργεῖν
811 4770 983 4841 χωρὶς
1012 4771 1291 4840 ἐνεργείας
1317 4788 1330 4802 ·
1377 4772 1565 4842 ὥσπερ
1599 4773 1719 4826 οὐδὲ
1768 4775 1871 4826 ὑπ-

1969 4774 2181 4827 ratione
2217 4780 2412 4842 potest,
2437 4772 2579 4826 sicut
2616 4784 2717 4825 nec
2750 4770 3013 4823 exsistere
3047 4767 3248 4835 absque
3276 4766 3543 4821 exsisten-

278 4860 474 4929 άρχειν
529 4861 698 4931 χωρὶς
743 4862 1051 4928 ὑπάρξεως.
1118 4862 1208 4926 Ὠς
1262 4862 1354 4915 οὖν
1403 4865 1501 4916 οὐκ
1553 4865 1631 4917 ἐνι
1662 4866 1753 4918 τὸν
1784 4865 1871 4919 λέ-

1972 4864 2064 4914 tia.
2100 4862 2172 4916 Ut
2209 4863 2383 4929 igitur
2419 4860 2507 4928 qui
2543 4868 2783 4915 creatam
2841 4858 2972 4912 dicit
3019 4855 3111 4909 Dei
3145 4857 3540 4922 exsistentiam,

275 4968 449 5020 γοντα
488 4952 588 5021 τὴν
646 4955 741 5005 τοῦ
798 4953 933 5006 Θεοῦ
996 4953 1229 5024 ὓπαρξιν
1287 4956 1532 5025 κτιστὴν,
1597 4958 1869 5019 άκτίστως

1970 4965 2161 5021 putare
2220 4953 2410 5020 nequit
2464 4952 2765 5005 increatum
2803 4950 2854 5002 in
2895 4964 2958 5003 eo
2998 4965 3114 5003 esse
3153 4958 3331 5003 actum
3395 4948 3542 5003 exsi-

1981 1477 2110 1541 duo,
2142 1492 2244 1530 non
2281 1486 2410 1541 tres,
2445 1479 2538 1531 sed
2575 1477 2818 1545 plurimae
2848 1484 3225 1536 numerantur,
3261 1473 3384 1527 inde
3407 1480 3553 1541 patet

1982 1569 2250 1623 hominem
2289 1569 2343 1623 in
2379 1569 2836 1625 numerosissimis
2866 1567 3128 1622 exsistere
3156 1564 3550 1621 subsistentiis.

2053 3403 2177 3457 158.
2207 3402 2392 3455 Trium
2426 3400 2730 3454 divinarum
2770 3412 3129 3469 personarum
3167 3396 3410 3464 operatio
3445 3409 3549 3448 una

1977 3506 2083 3561 εει,
2114 3496 2254 3549 haud
2273 3494 2488 3562 quidem
2523 3493 2739 3556 similis,
2767 3502 2820 3544 ut
2862 3480 2999 3559 apud
3037 3506 3154 3554 nos,
3178 3491 3269 3541 sed
3298 3503 3420 3541 vere
3444 3503 3546 3539 nua

1976 3602 2224 3641 numero.
2257 3585 2409 3651 Quod
2448 3583 2742 3637 adversarii
2785 3585 2964 3635 dicere
2999 3596 3102 3633 non
3137 3588 3383 3648 possunt,
3421 3580 3547 3647 quia

1978 3680 2151 3734 tribus
2176 3692 2521 3732 communem
2551 3690 2673 3730 esse
2700 3676 2999 3728 increatam
3035 3674 3406 3742 operationem
3450 3684 3548 3725 ue-

1972 3778 2123 3841 gant,
2148 3777 2202 3823 et
2242 3781 2507 3836 personae,
2548 3766 2699 3835 juxta
2731 3780 2844 3827 eos,
2880 3775 3003 3819 sunt
3036 3763 3120 3814 sui
3162 3763 3387 3815 invicem
3424 3775 3548 3829 ope-

1974 3860 2234 3919 rationes,
2267 3856 2409 3910 haud
2444 3870 2573 3910 vero
2604 3854 2914 3909 communis
2947 3860 3034 3907 est
3063 3852 3243 3905 divina
3279 3851 3545 3919 operatio;

1973 3959 2027 4004 et
2061 3950 2133 4003 ita
2167 3949 2349 4002 dicere
2394 3955 2665 4015 nequeunt
2698 3961 2859 3997 unam
2902 3960 3025 3997 esse
3078 3944 3239 3996 trium
3275 3943 3545 4010 Operatio-

1984 4057 2133 4105 nem,
2165 4040 2258 4094 sed
2287 4039 2446 4093 aliam
2496 4038 2599 4091 alia
2635 4038 2712 4091 sic
2736 4038 3095 4097 destruentes,
3128 4034 3253 4088 inde
3285 4049 3388 4087 non
3419 4031 3545 4088 sub-

1974 4132 2256 4187 sistentem
2300 4131 2505 4185 iaciunt
2538 4131 2739 4184 trinum
2763 4127 3133 4182 subsistentiis
3158 4125 3348 4178 Deum.

275 5040 430 5112 ἔχειν
453 5044 618 5094 αὑτὸν
646 5043 706 5094 τὸ
741 5039 879 5096 εἶναι
910 5044 1140 5105 οἴεσθαι,
1170 5042 1339 5107 οὕτως
1366 5045 1465 5097 οὐκ
1493 5046 1607 5097 ἐστι
1641 5046 1733 5098 τὸν
1782 5046 1869 5099 λέ-

276 5150 448 5203 γοντα
473 5133 572 5202 τὴν
612 5133 707 5187 τοῦ
747 5134 890 5187 Θεοῦ
929 5135 1209 5205 ἐνέργειαν
1251 5136 1495 5206 κτιστὴν,
1536 5136 1596 5188 τὸ
1627 5139 1867 5207 ἐνεργεῖν

274 5243 339 5279 τε
370 5227 465 5278 καὶ
506 5227 862 5296 δημιουργεῖν
896 5229 1060 5280 αὐτὸν
1096 5228 1367 5286 άκτίστως
1393 5228 1539 5297 ἐχειν
1568 5231 1788 5282 οἴεσθαι.

358 5326 469 5389 ρμ’.
529 5320 819 5389 Κτίσματα
857 5320 950 5372 τοῦ
984 5320 1118 5372 Θεοῦ
1168 5321 1262 5371 καὶ
1313 5322 1419 5371 είσὶ
1469 5323 1564 5373 καὶ
1622 5322 1870 5389 λέγονται

280 5412 438 5479 παρά
461 5410 569 5463 τῶν
593 5411 835 5475 εὐσεϐῶς
860 5412 1221 5483 φρονούντων,
1246 5414 1345 5481 οὐχ
1374 5415 1405 5480 ὴ
1431 5413 1525 5466 τοῦ
1552 5414 1688 5467 Θεοῦ
1718 5417 1870 5486 ἐνέρ-

276 5519 409 5571 γεια
471 5504 615 5555 κατὰ
652 5505 780 5565 τοὺς
835 5504 944 5556 τῶν
984 5507 1243 5558 ἐναντίων
1294 5506 1513 5575 λήρους,
1554 5506 1735 5575 ἄπαγε
1774 5509 1872 5576 τῆς

279 5593 584 5657 ἀσεϐείαςί
625 5595 762 5647 ἀλλὰ
789 5595 887 5665 τῆς
938 5596 1085 5656 θείας
1140 5595 1419 5666 ἐνεργείας
1457 5597 1875 5665 άποτελέσματά

274 5688 396 5740 ἐστι
432 5691 500 5739 τά
524 5688 825 5757 κτίσματα.
888 5686 951 5740 El
981 5688 1090 5772 γάρ
1124 5689 1193 5741 τά
1234 5688 1506 5758 κτίσματα
1534 5690 1565 5756 ή
1596 5688 1868 5759 ἐνέργεια,

275 5778 310 5849 ἤ
340 5778 573 5832 άκτιστα
610 5778 784 5834 ταῦτά
825 5780 975 5834 ἐστιν
1030 5778 1095 5850 (ὢ
1138 5781 1232 5849 τῆς
1260 5780 1558 5849 παρανοίας
1578 5780 1640 5850 ί),
1670 5781 1745 5843 ὼς
1775 5785 1869 5835 καὶ

275 5874 412 5943 πρὶν
441 5872 731 5941 κτισθῆναι
763 5874 912 5937 δντα,
951 5874 984 5943 ἢ
1017 5875 1124 5943 πρὸ
1172 5873 1282 5926 τῶν
1325 5874 1639 5943 κτισμάτων
1674 5874 1738 5945 (ὦ
1766 5878 1864 5945 τῆς

1969 5041 2149 5098 sténdi
2193 5046 2495 5108 exsistere;
2533 5044 2605 5096 ita
2630 5045 2724 5112 qui
2760 5050 3024 5095 cretatam
3051 5042 3181 5094 dicit
3221 5041 3311 5094 Dei
3348 5055 3544 5108 Opera-

1968 5136 2191 5199 tionem,
2222 5144 2411 5202 putare
2445 5136 2631 5205 nequit
2665 5135 2963 5188 increatam
2994 5135 3044 5186 in
3085 5148 3151 5187 eo
3196 5147 3318 5187 esse
3357 5143 3538 5187 actum

1966 5229 2232 5299 Operandi
2272 5239 2325 5281 et
2346 5229 2592 5283 creandi.

2039 5322 2161 5376 140.
2194 5321 2472 5376 Creatura:
2510 5323 2601 5377 Dei
2643 5336 2745 5375 nec
2784 5333 2909 5375 sunt
2940 5335 3039 5375 nec
3086 5320 3343 5373 dicuntur
3385 5332 3413 5371 a
3451 5316 3543 5388 pie

1964 5415 2355 5478 sentientibus,
2393 5416 2637 5483 operatio
2666 5415 2786 5474 Dei.
2826 5425 2883 5467 ut
2939 5412 3234 5467 adversarii
3287 5411 3543 5472 delirant,

1974 5508 2110 5573 proli
2154 5506 2435 5575 impietas!
2460 5506 2554 5560 sed
2578 5507 2773 5559 divinae
2797 5505 3135 5574 Operationis
3163 5503 3391 5557 eﬂ‘ectus
3418 5511 3544 5556 sunt

1968 5607 2255 5651 creaturae.
2289 5596 2344 5650 Si
2377 5597 2520 5651 enim
2548 5608 2807 5652 creatum
2837 5606 3023 5651 essent
3050 5596 3312 5663 operatio,
3346 5593 3427 5647 vel
3466 5596 3540 5646 in-

1964 5700 2160 5742 creata:
2214 5699 2401 5745 essent
2438 5693 2457 5759 (
2488 5705 2521 5744 o
2561 5690 2961 5754 absurditasl),
3007 5691 3078 5743 ita
3138 5698 3198 5742 nt
3245 5697 3539 5757 antequam

1962 5791 2284 5837 crearentur
2316 5785 2695 5848 exstitissent;
2722 5782 2804 5837 vel
2830 5794 2954 5837 ante
2979 5783 3308 5837 creationem
3340 5782 3393 5849 (o
3430 5781 3533 5832 im-

1964 5870 2194 5940 pietas!)
2232 5888 2337 5925 non
2377 5873 2650 5927 habuisset
2699 5871 2836 5926 Deus
2886 5868 3407 5942 operationem,qni
3449 5880 3537 5924 ta-
