4224 6464
652 413 785 476 12219

1885 411 2271 474 GREGORII
2332 409 2656 471 PALMLE

3763 397 3905 461 129.0

651 546 773 581 tuen
806 536 891 583 est
922 526 990 580 ab
1006 535 1212 581 :eterno
1234 540 1401 597 agens
1428 534 1479 579 et
1502 525 1869 591 omnipotens.
1908 526 2024 581 Non
2055 527 2220 595 igitur
2250 530 2292 586 Α

2250 530 2292 586 Α
2323 524 2641 586 δυσσεϐείας
2664 522 2711 592 l)
2740 521 2842 575 οὐκ
2872 515 3019 589 εῖχεν
3052 517 3080 570 6
3100 515 3233 578 Θεὸς
3256 514 3563 582 ἐνέργειαν.
3606 513 3770 565 Ἀλλὰ
3797 516 3906 581 μὴν

650 634 777 674 sttnt
801 630 1067 675 creatura:
1110 622 1353 687 Operatio
1387 620 1500 684 Dei,
1555 619 1650 674 sed
1677 634 1840 687 Opera
1876 630 1929 673 et
1968 619 2217 683 enectus,

649 730 972 784 quocunque
1002 716 1219 769 nomine
1272 726 1557 771 vocentur.
1596 713 1849 781 Operatio
1908 723 2089 765 autem
2130 711 2218 765 Dei

649 808 888 859 ἐμοῖς-σία
923 819 1005 860 est
1032 820 1085 862 et
1116 817 1387 862 comterna
1422 806 1553 871 Deo,
1581 806 1737 875 juxta
1777 804 2078 873 theologos.

2326 616 2385 681 ἐξ
2410 615 2579 668 ἀϊδίου
2611 615 2848 683 ἐνεργής
2874 614 2992 665 ἔστι
3028 613 3120 663 καὶ
3171 608 3604 678 παποδύναμος,
3642 606 3840 659 οῦκουν
3870 608 3906 673 ἡ

2324 709 2419 761 τοῦ
2446 707 2583 759 Θεοῦ
2612 707 2695 758 ὲνέ
2707 721 2885 773 ργεια,
2920 703 3058 756 ἀλλὰ
3083 704 3150 756 τὰ
3176 702 3566 769 ὲνεργηθέντα,
3596 701 3689 752 καὶ
3707 700 3911 751 ἀποτε-

2328 800 2613 860 λεσθέντα,
2648 800 2797 858 ὅπως
2849 796 2916 849 ἂν
2960 796 3057 848 καὶ
3087 794 3469 863 ὀνομάζοιντο,
3519 790 3639 844 εστι
3664 792 3734 843 τὰ
3785 793 3909 843 κτί-

649 920 849 974 σματα.
898 904 959 956 Ἡ
994 905 1049 957 δὲ
1092 905 1185 958 τοῦ
1213 904 1350 957 Θεοῦ
1382 905 1635 970 ἐνέργεια
1666 904 1927 966 sxum;
1954 904 2071 953 ἔστι
2095 901 2187 952 καὶ
2222 900 2493 959 συναῖδιος
2520 895 2664 959 Θεῷ.
2688 897 2830 949 κατὰ
2854 896 2979 957 τοὺς
3008 894 3186 957 θεολόγ
3201 909 3313 952 ους.

730 983 851 1036 HI.
880 982 997 1035 Non
1028 996 1091 1032 ex
1121 979 1356 1032 essentia
1381 978 1653 1048 operatio,
1684 978 1778 1033 sed
1801 994 1866 1032 ex
1899 977 2220 1045 operatione

669 1074 903 1125 essentia
937 1072 1275 1139 dignoscitur
1304 1086 1448 1135 Ertit‘,
1478 1086 1583 1121 non
1618 1082 1797 1122 tamen
1833 1070 1960 1137 quid
2004 1070 2094 1123 sit.
2128 1066 2232 1121 ita-

657 1182 762 1232 que
789 1166 932 1217 Deus
969 1180 1074 1216 non
1111 1178 1174 1214 ex
1218 1178 1314 1215 sua
1368 1171 1629 1223 essentia,
1664 1160 1758 1212 sed
1802 1176 1866 1212 ex
1911 1175 2005 1212 sua
2048 1158 2232 1227 provi-

664 1258 868 1317 dentia,
940 1255 1091 1323 juxta
1144 1255 1422 1322 theologos
1454 1292 1467 1315 ,
1516 1252 1861 1321 εοςιιοηςίιιιι·
1919 1266 2060 1304 esse.
2110 1251 2231 1304 Ideo

664 1350 831 1401 etiam
870 1348 1127 1401 distincta
1159 1357 1241 1401 est
1275 1348 1342 1399 ab
1366 1346 1597 1398 essentia
1633 1345 1900 1414 operatio,
1923 1345 2049 1411 quia
2087 1343 2228 1411 quod

662 1442 860 1494 indicat
924 1450 1003 1493 est
1046 1440 1315 1507 operatio.
1343 1439 1485 1505 quod
1543 1454 1672 1491 vero
1713 1454 1774 1490 ea
1835 1438 2235 1497 iudicatur.est

660 1534 920 1587 essentia.
960 1537 1029 1586 At
1077 1533 1345 1586 haeretica!
1393 1531 1689 1599 impietatis
1740 1530 1955 1600 patroni
2010 1530 2237 1583 suadere

664 1627 943 1677 studentes
1004 1642 1109 1677 non
1165 1626 1478 1677 distinctam
1531 1639 1649 1676 esse
1684 1638 1713 1675 a
1758 1623 1936 1675 divina
1994 1622 2236 1675 essentia

672 1719 908 1771 divinam
955 1720 1348 1784 operationem,
1377 1717 1632 1770 indicium
1685 1715 1777 1768 Dei
1823 1714 2120 1767 auferendo
2158 1715 2238 1765 itt-

666 1811 863 1861 dneere
912 1825 1009 1861 nos
1044 1810 1235 1862 volunt
1271 1822 1328 1861 ut
1360 1826 1463 1861 non
1490 1822 1886 1876 cognoscamus
1909 1804 2073 1859 Deum
2097 1818 2234 1857 esse.

2408 981 2553 1048 ρμα’.
2580 974 2694 1029 Οὐκ
2725 976 2788 1027 ἑκ
2817 976 2916 1046 τῆς
2940 974 3131 1036 οὐσίας
3187 976 3221 1046 ἡ
3270 977 3551 1046 ἐνέργεια,
3582 974 3698 1029 ἀλλ’
3726 975 3792 1028 ὲκ
3819 976 3921 1043 τῆς

2333 1066 2615 1137 ὲνεργείας
2661 1069 2694 1136 ἡ
2739 1066 2893 1119 οὐσία
2922 1067 3251 1139 γνωρίζεται
3297 1068 3379 1121 ὅτι
3420 1067 3560 1130 ἐστι,
3596 1067 3712 1121 ἀλλ’
3760 1068 3823 1119 οὐ
3868 1067 3925 1118 τί

2332 1161 2470 1211 ἐστι.
2504 1160 2593 1211 Διὸ
2622 1160 2716 1212 καὶ
2746 1160 2774 1211 6
2806 1159 2960 1222 Θεὸς,
2990 1162 3093 1211 οὐκ
3115 1162 3177 1212 ἐκ
3202 1160 3301 1229 τῆς
3328 1160 3536 1223 οὐσίας,
3573 1160 3689 1213 ἀλλ’
3730 1160 3793 1212 ὲκ
3821 1162 3923 1228 τῆς

2333 1252 2589 1321 προνοίας
2652 1251 2817 1303 αὐτοῦ
2875 1251 3228 1319 γινώσκεται,
3285 1254 3426 1305 κατὰ
3450 1253 3577 1316 τοὺς
3613 1252 3922 1320 θεολόγους,

2332 1344 2414 1395 ὅτι
2443 1343 2583 1395 ἐστι.
2618 1344 2875 1414 Διαφέρει
2922 1345 2979 1397 δὲ
3030 1347 3124 1397 καὶ
3159 1345 3299 1397 κατὰ
3345 1345 3504 1397 τοῦτο
3537 1346 3634 1411 τῆς
3663 1346 3851 1406 οὐσίας
3884 1348 3921 1414 ή

2334 1432 2602 1501 ἐνέργεια,
2654 1434 2735 1485 ὃτι
2783 1435 2842 1486 τὸ
2897 1435 2997 1504 μὲν
3034 1437 3301 1505 γνωρίζον
3345 1438 3493 1489 ἐστὶν
3539 1438 3572 1506 ἡ
3625 1436 3877 1504 ἐνέργεια
3906 1452 3921 1465 '

2334 1526 2393 1577 τὸ
2431 1525 2488 1577 δὲ
2520 1525 2588 1578 δι’
2644 1527 2813 1595 αὐτῆς
2858 1528 3260 1599 γνωριζόμενον
3316 1530 3399 1581 ὅτι
3451 1530 3621 1592 ἐστιν,
3678 1530 3704 1599 ἡ
3761 1530 3925 1581 οὐσία

2335 1617 2504 1670 ὲστίι.
2548 1617 2611 1667 Oi.
2668 1617 2725 1669 δὲ
2779 1618 2881 1687 τῆς
2934 1619 3228 1685 κακοδόξου
3273 1620 3592 1682 δυσσεϐείας
3631 1623 3926 1691 συνήγοροι

2339 1708 2657 1769 σπεύδοντες
2682 1710 2892 1761 πείθειν
2923 1711 3087 1781 μηδὲν
3120 1712 3401 1781 διαφέρειν
3430 1713 3529 1782 τῆς
3552 1712 3701 1774 Θείας
3733 1713 3926 1775 οὐσίας

2335 1806 2434 1867 τὴν
2484 1798 2634 1851 θείαν
2668 1801 2969 1870 ἐνέργειαν,
3002 1803 3162 1857 τοῦτο
3198 1805 3519 1858 σπεύδουσιν
3550 1806 3696 1875 ἡμᾶς
3745 1822 3926 1857 κατα-

668 1901 766 1964 Qui
797 1910 974 1953 autem
1018 1901 1118 1953 boe
1165 1901 1360 1962 nesrit,
1392 1901 1628 1954 maxime
1668 1901 1906 1951 omnium
1950 1898 2143 1952 atltens
2183 1906 2239 1950 et
2270 1870 2313 1930 Β

2270 1870 2313 1930 Β
2342 1894 2522 1941 πεῖσαι
2549 1891 2608 1942 τὸ
2633 1894 2992 1960 γνωριστικδν
3011 1896 3383 1966 ἀναιροῦντες,
3420 1896 3495 1967 μὴ
3524 1896 3816 1964 γινώσκειν
3843 1897 3926 1948 ὅτι

669 1992 896 2045 insanus
925 2001 1029 2045 est.

2338 1983 2482 2033 ἔστιν
2504 1985 2531 2035 ὁ
2569 1983 2701 2045 Θεὸς
2734 2001 2747 2013 ·
2782 1984 2857 2045 ώς
2890 1987 3022 2054 μηδὲ
3062 1990 3257 2051 ἐκεῖνοι
3287 1992 3506 2053 πάντως
3533 1988 3920 2058 γινώσκοντες.

678 2074 733 2123 'U
772 2073 827 2126 δὲ
873 2072 947 2146 μὴ
981 2076 1140 2131 τοῦτο
1163 2074 1466 2143 γινώσκων,
1504 2072 1810 2132 ἀθεώτατός
1842 2086 1900 2121 τε
1926 2071 2021 2120 καὶ
2045 2065 2450 2136 ἀφρονέστατος
2473 2068 2692 2122 πάντων
2731 2068 2798 2121 ἂν
2828 2068 2935 2139 εἴη.

756 2167 877 2222 ΜΞ.
909 2168 1041 2221 Cum
1087 2181 1268 2224 autem
1322 2172 1507 2225 dicunt
1535 2172 1623 2226 isti
1663 2172 1770 2227 Deo
1822 2173 2000 2227 inesse
2028 2172 2245 2241 quidem

680 2262 1079 2329 operationem,
1116 2266 1209 2317 sed
1242 2264 1309 2317 ab
1355 2265 1591 2318 essentia
1647 2266 1867 2319 minime
1909 2265 2244 2330 distinctam,

680 2354 1024 2408 dissimulare
1051 2369 1319 2411 enitantur
1355 2374 1507 2413 suam
1544 2358 1900 2425 impietatem,
1928 2365 1981 2413 et
2006 2358 2249 2425 captiose

679 2446 955 2499 auditores
1025 2449 1274 2517 decipere
1328 2462 1381 2504 et
1433 2450 1643 2505 fallere.
1677 2451 1766 2504 Sic
1822 2452 1981 2504 etiam
2017 2449 2250 2519 Libycus

681 2538 768 2592 ille
804 2540 1069 2594 Sabellius
1098 2542 1304 2596 dicebat
1336 2544 1528 2596 Filium
1567 2558 1691 2597 esse
1718 2559 1745 2595 a
1770 2543 1877 2597 Deo
1896 2543 2055 2597 Patre
2074 2544 2250 2596 nntia-

684 2642 839 2687 tenns
914 2636 1255 2689 distinctum.
1330 2634 1397 2690 Ut
1468 2638 1634 2704 igitur
1682 2638 1769 2690 ille
1824 2638 2250 2691 convincebatur

681 2727 901 2778 Patrem
965 2727 1144 2781 dicere
1221 2728 1337 2783 sine
1400 2728 1537 2783 Filio
1600 2730 1935 2798 personalem
1970 2731 2252 2796 utriusque

679 2818 1085 2871 distinctionem
1136 2822 1381 2888 negando
1409 2841 1423 2885 ;
1458 2823 1527 2874 ita
1578 2822 1664 2874 isti
1698 2838 1859 2885 nune,
1886 2823 2105 2875 minime
2139 2824 2249 2875 dis-

680 2912 901 2965 tinctam
935 2913 1229 2966 aSserendo
1263 2930 1289 2965 a
1333 2914 1512 2967 divina
1555 2919 1794 2969 essentia
1847 2916 2083 2969 divinam
2124 2930 2252 2982 ope-

683 3005 969 3068 ratiOnem,
998 3006 1199 3059 nullam
1234 3004 1342 3059 Deo
1367 3010 1734 3075 operationem
1769 3009 2065 3061 attrilntere
2122 3023 2250 3061 con-

688 3098 999 3149 vincuntur.
1028 3097 1082 3149 Si
1125 3097 1268 3150 enim
1303 3100 1383 3152 line
1416 3115 1518 3151 non
1549 3100 1658 3153 sint
1681 3101 1970 3166 distinctae,
2015 3115 2173 3171 agere
2199 3111 2252 3154 et

2424 2174 2571 2244 ρμβη
2604 2175 2772 2227 Ὅταν
2796 2175 2851 2226 δὲ
2897 2174 3132 2241 λέγωσιν
3177 2170 3321 2229 οῦτοι
3353 2176 3426 2238 ὼς
3457 2158 3573 2246 Eiet
3608 2177 3705 2247 μὲν
3737 2180 3765 2228 6
3800 2178 3935 2239 Re";

2352 2268 2657 2330 ὲνδργειαν,
2707 2268 2839 2320 ἀλλά
2888 2268 2981 2335 τῆξ
3039 2268 3225 2329 οὐσίας
3276 2270 3541 2336 μηδαμῶς
3589 2271 3728 2320 κατὰ
3766 2271 3935 2334 μηδὲν

2354 2359 2740 2430 διαφέρουσαν,
2794 2356 3110 2421 συσκιάζειν
3158 2357 3457 2428 πειρῶνται
3512 2356 3610 2409 καὶ
3664 2353 3811 2408 οὔτω
3840 2354 3943 2425 τὴν

2354 2455 2561 2505 οἰκείαν
2590 2451 2927 2515 δυσσέῦειαν,
2958 2451 3053 2505 καὶ
3095 2451 3422 2519 σοφιστικῶς
3472 2450 3599 2512 τούς
3635 2449 3941 2509 ἀκούοντας

2356 2544 2799 2616 παρακρούεσθαι
2825 2547 2917 2597 καὶ
2955 2546 3194 2615 ἀπατᾷν.
3233 2543 3393 2599 Οῦτω
3447 2542 3553 2612 γὰρ
3580 2544 3674 2594 καὶ
3707 2544 3735 2594 6
3767 2542 3941 2603 Λίτλυς

2353 2639 2557 2699 ἐκεῖνος
2586 2636 2870 2699 Σαϐέλλιος
2905 2636 3058 2702 ἔλεγε
3104 2636 3197 2688 καὶ
3227 2635 3355 2687 Υίδν
3396 2634 3541 2703 ἔχειν
3593 2632 3685 2685 τὸν
3718 2633 3940 2699 Πατέρα

2355 2732 2448 2783 καὶ
2483 2730 2634 2793 Θεὸν,
2671 2730 2836 2799 μηδὲν
2868 2728 3033 2782 αὐτοῦ
3080 2729 3429 2798 διαφέροντα.
3483 2726 3571 2788 Ὠς
3606 2726 3700 2779 οὖν
3729 2729 3941 2787 ὲκεινος

2355 2824 2617 2891 ἠλέγχετο
2648 2823 2866 2890 Πατέρα
2907 2821 3079 2888 λέγων
3115 2822 3243 2874 Υίοῦ
3280 2820 3473 2889 χωρὶς,
3515 2820 3612 2886 τὴν
3643 2816 3763 2869 καθ’
3802 2815 3937 2866 ὑπό-

2357 2933 2544 2968 στασιν
2588 2916 2765 2969 αὐτῶν
2820 2914 3081 2983 διαφορὰν
3131 2914 3461 2983 ἀρνούμενος
3491 2930 3506 2943 ⁸
3565 2911 3739 2971 οὕτως
3790 2902 3939 2961 οὗτοι

2357 3008 2473 3069 νῦν,
2515 3008 2633 3061 κατ’
2667 3009 2821 3061 οὐδὲν
2854 3008 3134 3076 διαφέρειν
3162 3008 3413 3073 λέγοντες
3439 3005 3539 3074 τῆς
3567 3004 3720 3067 θείας
3748 3004 3942 3066 οὐσίας

2355 3103 2453 3168 τὴν
2487 3099 2635 3152 θείαν
2669 3099 2973 3167 ἐνέργειαν,
3010 3099 3110 3149 οὐκ
3141 3097 3285 3166 ἔχειν
3320 3099 3455 3159 ὅλως
3498 3098 3586 3149 τὸν
3615 3095 3747 3147 Θεὸν
3784 3095 3943 3163 ἐνέρι-

686 3189 899 3256 operari
932 3191 1115 3258 nequit
1159 3189 1299 3244 Deus
1325 3208 1339 3249 ;
1370 3207 1472 3244 non
1501 3192 1643 3245 enim
1681 3203 1861 3258 potest
1893 3192 2104 3261 operari
2133 3192 2251 3244 sine
2274 3222 2323 3285 Ω

2274 3222 2323 3285 C
2356 3211 2508 3261 γειαν
2537 3194 2931 3261 ἁπελέγχονται
2966 3190 3312 3261 φρονοῦντες.
3343 3189 3402 3241 Εἰ
3430 3190 3538 3285 γαρ
3568 3188 3734 3257 μηδὲν
3766 3188 3942 3239 ταῦτα

682 3282 1019 3346 operatione,
1044 3280 1195 3347 juxta
1242 3284 1537 3351 theologos,
1572 3286 1711 3338 sicut
1760 3301 1883 3349 nec,
1910 3285 2066 3352 juxta
2122 3300 2251 3339 eos-

685 3373 829 3439 dem,
887 3375 1151 3427 exsistere
1197 3374 1315 3428 sine
1340 3376 1685 3429 exsistentia.
1748 3376 1974 3444 Insuper
2016 3380 2253 3435 divinam

691 3467 1063 3534 operationem
1120 3465 1432 3518 distinctam
1498 3481 1620 3521 esse
1669 3481 1697 3518 a
1769 3468 1949 3521 divina
1991 3472 2251 3537 essentia,

684 3562 881 3612 abhinc
947 3560 1108 3611 etiam
1162 3570 1304 3627 patet
1370 3560 1505 3611 bene
1561 3561 1944 3615 sentientibus.
1998 3563 2257 3629 Operatio

683 3650 825 3701 aliud
879 3658 1139 3717 operatur
1186 3648 1326 3715 quod
1388 3648 1507 3717 ipse
1566 3664 1804 3718 operans
1862 3668 1966 3705 non
2022 3666 2125 3707 εει.
2165 3656 2258 3709 Sic

692 3752 949 3810 operatur
972 3749 1024 3792 et
1071 3740 1197 3792 facit
1233 3738 1373 3793 Dens
1397 3750 1697 3805 creaturas,
1725 3744 1837 3810 ipse
1876 3758 2001 3797 vero
2042 3746 2257 3800 increa-

686 3844 773 3885 tus
796 3842 893 3885 est.
938 3833 997 3884 Et
1024 3833 1213 3886 relatio
1270 3849 1483 3901 semper
1522 3834 1587 3886 ad
1636 3834 1783 3889 aliud
1829 3836 2062 3893 dicitur:
2090 3837 2258 3892 Filius

681 3928 827 3978 enim
860 3926 1056 3977 dicitur
1091 3926 1155 3979 ad
1188 3928 1441 3990 Patrem;
1472 3936 1621 3993 pater
1652 3939 1832 3982 autem
1882 3946 2153 3999 nunquam
2173 3941 2259 3986 est

688 4019 857 4085 patris
899 4018 1081 4081 lilins;
1115 4017 1256 4071 sicut
1308 4019 1474 4088 igitur
1515 4019 1981 4083 impossibileest
2036 4024 2258 4076 relatio-

687 4126 807 4163 nem
840 4126 942 4162 nou
980 4113 1285 4165 distinctam
1318 4127 1439 4166 esse
1472 4114 1539 4167 ab
1600 4115 1858 4179 essentia,
1888 4124 1945 4168 et
2001 4130 2105 4167 non
2139 4131 2260 4169 esse

686 4204 905 4254 modum
962 4202 1306 4267 subsutttlitc,
1363 4205 1457 4258 sed
1526 4194 1699 4273 ipsam
1751 4207 2148 4272 substantiam;
2186 4210 2257 4261 ila

689 4293 912 4346 minime
959 4294 1215 4358 possibile
1245 4306 1324 4348 est
1360 4298 1730 4363 operationent
1773 4312 1881 4350 non
1914 4312 2036 4353 esse
2077 4298 2145 4351 ab
2170 4314 2259 4353 es-

687 4384 857 4434 sentia
901 4382 1234 4448 distinctam,
1270 4387 1361 4439 sed
1386 4388 1677 4441 essentiam
1710 4402 1855 4455 esse,
1892 4390 2018 4444 licet
2049 4389 2260 4444 dissen-

688 4476 827 4529 tiant
858 4477 1181 4531 adversarii.

765 4657 888 4709 H5.
922 4655 1146 4726 Magnos
1175 4657 1406 4712 Basilius
1435 4661 1488 4712 in
1530 4660 1880 4729 syllogistieis
1906 4662 2178 4731 capitibus
2198 4664 2260 4717 de

693 4743 802 4797 Deo
836 4762 1143 4800 sermonem
1197 4748 1401 4802 fat-iens
1446 4752 1579 4805 (ἥς-Π
1625 4752 1977 4821 ιιΟρετιδιίο
2022 4771 2128 4809 non
2179 4767 2261 4811 est

690 4848 964 4906 operator,
1002 4856 1100 4896 nec
1132 4856 1310 4907 opus;
1351 4860 1454 4895 non
1486 4844 1649 4912 igitur
1690 4846 1759 4899 ab
1807 4849 2051 4902 essentia
2092 4850 2262 4902 indis-

695 4945 846 4983 «τι-ιιι
890 4944 974 4987 est
1026 4934 1296 5003 operatio.
1323 4955 1341 4986 ι
1373 4934 1437 4988 Ει
1488 4937 1643 4991 divus
1687 4938 1941 5008 Cyrillns,
1970 4943 2033 4994 de
2071 4939 2177 4995 Deo
2208 4952 2263 4993 et

693 5024 815 5090 ipse
870 5024 1166 5089 disserens,
1200 5027 1252 5078 id
1312 5027 1532 5082 docet:
1594 5029 1845 5084 «Facere
1906 5031 2120 5099 quidem
2180 5042 2261 5087 est

690 5116 1023 5183 Operationis
1053 5134 1066 5181 ;
1106 5128 1309 5173 naturze
1338 5134 1491 5185 vero,
1528 5136 1785 5189 generare
1816 5142 1829 5186 ;
1857 5132 2045 5176 natura
2080 5132 2260 5177 autem

689 5217 744 5256 et
792 5208 1035 5275 operatio
1069 5224 1175 5263 non
1196 5221 1323 5263 sunt
1350 5211 1511 5265 ident.
1540 5232 1556 5263 ι
1589 5210 1653 5265 Ει
1679 5213 1850 5267 deiter
1876 5214 2258 5271 Damascenns;

698 5314 716 5345 ι
743 5295 891 5365 Opus
918 5300 1123 5354 divina:
1150 5302 1464 5365 voluntatis,
1502 5307 1725 5359 creatio.
1761 5325 1778 5356 ι
1813 5304 1876 5357 Ει
1907 5306 2033 5359 alibi
2071 5322 2261 5361 surStzs

702 5388 845 5442 idem
873 5391 1016 5444 clare
1050 5394 1185 5447 dicit
1224 5410 1241 5450 :
1290 5414 1307 5445 ι
1334 5395 1489 5449 Aliud
1526 5406 1605 5450 est
1647 5398 1892 5467 operatio
1935 5414 2093 5467 quam
2132 5414 2261 5467 ope-

700 5496 846 5535 rans.
875 5483 1130 5551 Operatio
1159 5488 1300 5539 enim
1336 5497 1418 5541 est
1452 5490 1756 5545 essentialis
1790 5500 1997 5542 natura:
2041 5500 2257 5554 motus;

696 5589 928 5642 operans
961 5592 1109 5639 vero,
1150 5590 1358 5640 natura.
1390 5596 1455 5633 ex
1502 5596 1605 5649 qua
1653 5582 1894 5649 operatio
1949 5583 2208 5651 procedit.
2238 5602 2256 5634 ι

699 5663 1069 5734 Mttllipliciter
1094 5668 1257 5736 igitur
1290 5672 1545 5725 distincta
1578 5681 1657 5726 est
1696 5671 1763 5725 ab
1811 5671 2044 5727 essentia
2078 5671 2259 5725 divina

694 5757 963 5824 operatio,
993 5757 1147 5827 juxta
1187 5758 1483 5814 deiiurmes
1508 5769 1711 5827 patres.

2354 3286 2680 3355 διενήνοχεν,
2712 3287 2832 3338 οὐδὲ
2861 3287 3033 3337 ποιεῖν
3061 3286 3154 3337 καὶ
3194 3286 3436 3351 ἐνεργεῖν
3477 3282 3591 3351 ἔχει
3621 3285 3647 3333 6
3674 3284 3829 3344 Θεὸς.
3863 3288 3940 3337 Οὐ

2356 3377 2463 3445 γὰρ
2498 3378 2643 3429 ἔστιν
2675 3380 2914 3446 ἐνεργεῖν
2956 3376 3123 3445 χωρὶς
3159 3375 3462 3444 ἐνεργείας.
3496 3375 3638 3428 κατὰ
3662 3379 3792 3439 τοὺς
3823 3376 3947 3429 θεο-

2356 3470 2546 3537 λογους
2580 3485 2593 3499 ·
2623 3470 2833 3539 ὥσπερ,
2879 3469 2999 3521 κατ’
3054 3469 3273 3531 αὐτοὺς,
3332 3463 3488 3529 αὖθις
3515 3467 3635 3520 οὐδὲ
3668 3467 3941 3536 ὑπάρχειν

2357 3564 2523 3631 χωρὶς
2558 3560 2865 3630 ὑπάρξεως.
2901 3562 3023 3613 Ὅτι
3058 3560 3115 3612 δὲ
3152 3563 3185 3631 ἡ
3225 3560 3342 3611 θεία
3375 3560 3629 3628 ἐνέργεια
3658 3561 3756 3628 τῆς
3788 3560 3945 3624 θείας

2359 3655 2545 3717 οὐσίας
2578 3654 2842 3724 διαφέρει,
2872 3653 3030 3723 δῆλον
3055 3654 3119 3705 ἂν
3144 3654 3228 3721 εἴη
3250 3651 3546 3705 κάντεῦθεν
3570 3655 3682 3714 τοῖς
3710 3648 3770 3705 εῦ
3805 3670 3943 3721 φροο

2360 3750 2542 3802 νοῦσιν
2571 3765 2583 3778 ·
2623 3751 2655 3817 ὴ
2690 3747 2744 3799 δὲ
2774 3747 3027 3815 ἐνέργεια
3052 3746 3241 3814 ἕτερον
3272 3746 3507 3813 ἐνεργεῖ,
3540 3746 3678 3813 ὅπερ
3722 3747 3749 3796 ὁ
3789 3746 3944 3813 ἐνερ-

2358 3840 2470 3906 γῶν
2498 3840 2597 3891 οὐκ
2625 3840 2793 3891 ἒττιν.
2833 3839 3079 3906 Ἐνεργεῖ
3106 3838 3215 3907 γὰρ
3268 3839 3359 3889 καὶ
3407 3840 3551 3889 ποιεῖ
3602 3839 3630 3889 6
3688 3838 3821 3897 Θεὸς
3870 3838 3945 3889 τὰ

2358 3932 2654 4001 κτίσματα,
2683 3933 2843 3991 αὐτδς
2887 3931 2941 3983 δὲ
2994 3930 3246 3991 ἄκτιστὸς
3284 3932 3420 3981 ἐστι.
3462 3930 3571 3981 Καὶ
3610 3928 3670 3980 τὸ
3714 3927 3851 3997 πρός
3889 3946 3945 3983 τι

2358 4018 2435 4082 δὲ,
2464 4021 2598 4088 πρὶς
2627 4023 2815 4089 ἕτερον
2848 4022 2935 4071 ἀεὶ
2970 4020 3207 4086 λέγεται.
3246 4018 3375 4081 Υἱὸς
3414 4020 3521 4089 γὰρ
3553 4018 3772 4085 λέγεται
3805 4021 3945 4087 τρῖς

2356 4113 2446 4165 τὸν
2469 4114 2706 4182 Πατέρα.
2748 4113 2935 4181 Πατὴρ
2990 4112 3046 4164 δὲ
3067 4111 3161 4163 τοῦ
3204 4112 3416 4181 Πατρός
3440 4113 3593 4161 ἐστιν
3630 4111 3758 4170 Υἱὸς
3791 4112 3947 4163 οὐδέ-

2358 4222 2509 4257 ποτε.
2555 4205 2641 4266 Ὡς
2688 4201 2780 4257 οῦν
2811 4205 2873 4257 τὸ
2906 4205 3040 4274 πρός
3071 4222 3124 4257 τι
3166 4203 3278 4256 τῶν
3316 4203 3592 4255 ἀδυνάτων
3628 4202 3796 4272 μηδὲν
3826 4202 3946 4256 δια-

2358 4300 2545 4368 φέρειν
2577 4300 2673 4363 τῆς
2715 4299 2925 4361 οὐσίας,
2996 4296 3127 4367 μηδὲ
3184 4295 3578 4365 ὲνθεωρεῖσθαι
3637 4297 3704 4363 τῇ
3759 4295 3945 4364 οὐσίᾳ,

2359 4391 2474 4443 ἀλλ’
2512 4391 2702 4443 οὐσίαν
2748 4386 2909 4449 εἶναι,
2947 4388 3119 4451 οὕτως
3158 4388 3281 4441 οὐδὲ
3334 4386 3433 4457 τὴν
3479 4387 3762 4458 ἐνέργειαν
3804 4385 3949 4447 ὅλως

2360 4482 2478 4535 ἐστὶ
2506 4481 2734 4535 δυνατὸν
2769 4481 2843 4551 μὴ
2891 4480 3172 4550 διαφέρειν
3218 4479 3320 4548 τῆς
3355 4479 3568 4542 οὐσίας,
3600 4477 3715 4531 ἀλλ’
3752 4478 3947 4529 οὐσίαν

2292 4568 2333 4622 Π
2358 4570 2517 4636 εἶναι,
2549 4576 2651 4626 κᾶν
2686 4574 2734 4626 οἱ
2771 4572 3000 4625 ἐναντίοι
3030 4572 3477 4641 ἀπαρέσκωνται.

2431 4668 2578 4740 ρμγ’.
2627 4668 2685 4721 Ὀ
2722 4668 2897 4735 μέγας
2929 4667 3207 4728 Βασίλειος
3246 4666 3305 4717 ἐν
3350 4666 3464 4726 τοῖς
3513 4662 3949 4731 συλλογιστικοῖς

2359 4763 2524 4816 αὐτοῦ
2555 4759 2872 4829 κεφαλαίοις
2911 4758 3038 4826 περὶ
3073 4756 3209 4809 Θεοῦ
3256 4757 3349 4808 τὸν
3380 4756 3539 4823 λόγον
3587 4754 3942 4825 ποιούμενος,

2359 4855 2546 4925 φησιν,
2579 4856 2653 4915 ὡς
2690 4855 2721 4918 ἡ
2755 4852 3007 4920 ἐνέργεια
3056 4848 3177 4900 οὐτε
3216 4850 3245 4900 6
3279 4849 3520 4917 ἐνεργῶν
3547 4850 3699 4901 ἐστιν
3725 4846 3848 4899 οὐτε
3884 4846 3952 4899 τὸ

2358 4942 2651 5012 ἑνεργηθέν
2682 4956 2695 4969 ⁸
2728 4942 2827 4993 οὐκ
2856 4941 2963 5006 ἄρα
3022 4937 3119 5004 τῆς
3169 4937 3357 4997 οὐσίας
3401 4935 3692 5003 ἀδιάφορος
3723 4935 3875 4986 ἐστιν
3912 4936 3949 5004 ὴ

2360 5038 2631 5105 ἐνέργεια.
2676 5035 2731 5085 '0
2752 5033 2809 5085 δὲ
2835 5033 2976 5093 θεῖος
3015 5030 3303 5100 Κύριλλος,
3337 5028 3467 5098 περὶ
3495 5028 3631 5080 Θεοῦ
3663 5027 3757 5079 καὶ
3779 5027 3954 5091 αὐτὸς

2357 5134 2445 5184 τὸν
2475 5132 2632 5199 λόγον
2679 5129 3019 5197 ποιούμενος,
3046 5126 3118 5178 T6
3154 5126 3252 5194 μὲν
3282 5127 3453 5177 ποιεῖν
3481 5122 3763 5193 ἐνεργείας
3794 5124 3950 5189 ἐστὶ,

2360 5226 2631 5288 θεολογεῖ·
2666 5222 2880 5291 φύσεως
2919 5220 2975 5271 δὲ
3032 5219 3093 5271 τὸ
3148 5219 3344 5287 γεννᾷν
3372 5235 3386 5247 ·
3434 5217 3597 5284 φύσις
3629 5216 3683 5268 δὲ
3731 5218 3825 5266 καὶ
3860 5217 3958 5266 ὲν-

2362 5319 2551 5383 ἐργεια
2602 5315 2661 5366 οὐ
2698 5314 2915 5366 ταύτόν.
2948 5311 3304 5378 Δαμασκηνὸς
3341 5310 3370 5362 6
3408 5310 3687 5379 θεοφόρος,
3738 5309 3961 5377 Ἔργον

2365 5413 2463 5478 μὲν
2486 5407 2629 5468 θείας
2661 5406 2953 5476 θελήσεως,
2980 5406 3012 5475 ή
3049 5404 3244 5466 κτίσις.
3273 5404 3382 5456 Καὶ
3405 5401 3638 5471 ἀλλαχοῦ
3672 5401 3728 5454 δὲ
3754 5403 3963 5469 σαφῶς

2366 5502 2526 5553 πάλιν
2571 5500 2598 5549 6
2637 5499 2820 5562 αὐτὸς,
2865 5496 3054 5559 Ἀλλο,
3102 5497 3287 5564 φησὶν,
3325 5496 3473 5547 ἐστὶν
3528 5494 3798 5563 ἐνέργεια,
3854 5500 3966 5550 καὶ

2360 5594 2489 5647 ἄλλο
2512 5590 2884 5661 ἐνεργητικόν.
2934 5589 3219 5659 Ἐνέργεια
3277 5587 3376 5658 μὲν
3426 5588 3536 5658 γάρ
3585 5589 3731 5640 ἐστιν
3782 5588 3965 5655 ἡού-

2358 5686 2555 5754 σιώὸης
2574 5684 2673 5753 τῆς
2708 5682 2923 5747 φύσεως
2958 5682 3190 5751 κίνησις,
3226 5682 3581 5751 ἐνεργητικὸν
3606 5680 3668 5733 δὲ
3697 5683 3728 5748 ὴ
3757 5681 3963 5749 φύσις,

2359 5777 2416 5840 ἐξ
2450 5770 2514 5843 ἧς
2549 5776 2581 5841 ἡ
2617 5774 2870 5843 ἐνέργεια
2915 5772 3150 5841 πρόεισι.
3202 5771 3493 5841 Πολλαχῶς
3526 5773 3632 5840 ἄρα
3667 5771 3763 5837 τῆς
3792 5771 3964 5837 θείας

2360 5865 2548 5926 οὐςίας
2597 5865 2629 5932 ἡ
2692 5863 2942 5932 ἐνέργεια
3002 5862 3270 5933 διαφέρῖι,
3328 5864 3468 5916 κατᾶ
3506 5862 3631 5924 τοὺς
3691 5861 3967 5928 θεοειδεῖς

2366 5958 2630 6021 Ματέρας.
