4224 6464
248 418 373 487 1221

1152 421 1424 481 CAPITA
1467 422 1808 487 PHYSICA,
1848 421 2363 489 THEOLOGICA,
2408 422 2567 481 ETC.

3350 421 3484 486 1272

301 533 445 604 ρμδ’.
495 534 560 587 ’11
595 534 753 586 ούσία
786 532 879 585 τοῦ
919 532 1055 586 Θεοῦ
1111 535 1458 588 παντάπασίν
1495 538 1643 588 ἐστιν
1668 536 1807 587 ἁνὼ-
1838 536 1888 593 Λ

1838 536 1888 593 Α
1986 533 2109 587 ιιι.
2143 534 2389 587 Essentia
2433 532 2527 587 Dei
2575 534 2884 587 nullatenus
2934 535 3235 600 nuncupari
3282 549 3478 604 p0leat,

227 646 287 679 νυ
296 644 417 697 μος,
450 628 572 679 ἐπεὶ
595 626 688 679 καὶ
714 628 893 696 πάντη
918 626 1065 678 ἐστὶν
1086 626 1458 697 ἁπερινόητοςο
1488 628 1810 697 ὀνομάζεται

223 716 317 772 οὖν
358 722 422 771 ὲκ
460 717 651 771 πασῶν
690 717 800 770 τῶν
829 717 1049 770 οἰκείων
1086 719 1403 788 ἐνεργειῶν,
1445 721 1671 789 μηδενὸς
1698 724 1813 774 ἐκεῖ

222 812 332 864 τῶν
357 812 643 880 ὀνομάτων
676 810 812 881 πρὸς
838 810 1025 880 ἕτερον
1056 811 1200 865 κατὰ
1235 813 1334 883 τὴν
1380 809 1655 883 σημασίαν
1698 816 1811 868 δια-

223 908 506 975 φέροντος.
546 906 637 968 Ἐξ
660 905 895 958 ἑκάστου
918 905 1025 973 γὰρ
1051 906 1144 959 καὶ
1173 892 1390 959 πάντων
1419 908 1570 960 οὐδὲν
1601 910 1684 960 ἒτε
1697 927 1807 976 ρον,

220 999 251 1067 ἢ
298 999 359 1049 τὸ
420 997 653 1066 κρύφιον
708 999 885 1051 ἐκεῖνο
944 998 1210 1067 μηδαμῶς
1268 1001 1727 1069 γινωσκόμενονό
1759 1003 1809 1054 τί

222 1090 356 1142 ποτέ
390 1091 509 1141 ὲστι
552 1088 801 1140 καλεῖται
845 1090 936 1141 ἐπὶ
978 1089 1034 1141 δὲ
1083 1090 1190 1141 τῶν
1230 1092 1545 1161 ἐνεργειῶν,
1581 1093 1808 1148 ἕκαστον

222 1184 327 1234 τῶν
361 1184 644 1251 ὀνομάτων
677 1182 936 1251 διάφορον
975 1182 1087 1251 ἔχει
1117 1185 1412 1253 σημασίαν.
1449 1186 1546 1249 Τίς
1578 1188 1684 1257 γὰρ
1705 1189 1805 1241 οὐκ

216 1268 361 1325 οἶδεν
386 1274 469 1327 ὅτι
504 1274 879 1343 διενηνόχασιν
903 1275 1147 1346 ἀλλήλων
1174 1280 1234 1330 τὸ
1266 1280 1491 1343 κτίζειν,
1520 1281 1578 1333 τὸ
1607 1282 1801 1335 δεσπό-

215 1360 359 1423 ζειν,
390 1363 452 1414 τὸ
489 1364 718 1432 κρίνειν,
756 1365 815 1414 τὸ
847 1366 1215 1433 προνοεῖσθαι,
1250 1368 1309 1421 τὸ
1338 1369 1424 1421 διὰ
1462 1370 1559 1440 τῆς
1596 1374 1802 1438 οἰκείας

214 1455 441 1522 χάριτος
469 1454 561 1506 τὸν
589 1454 723 1506 Θεὸν
751 1457 897 1523 ἡμᾶς
919 1458 1211 1523 υἰοθετεῖν;
1241 1462 1303 1511 Oi
1325 1457 1417 1513 οὗν
1439 1464 1534 1523 τὰς
1566 1466 1801 1530 φυσικὰς

213 1546 371 1607 θείας
431 1546 635 1608 ταύτας
672 1548 973 1616 ἐνεργείας,
1015 1549 1089 1611 ὡς
1148 1551 1393 1621 ἀλλήλων
1443 1570 1503 1605 τε
1557 1558 1652 1607 καὶ
1702 1556 1802 1624 τῆς

212 1640 369 1701 θείας
432 1640 647 1708 φύσεως
698 1642 1059 1709 διαφερούσας
1124 1645 1374 1712 λέγοντες
1435 1650 1692 1713 κτιστὰς,
1748 1652 1799 1703 τί

210 1731 414 1798 ἀλλοῆ
466 1732 559 1783 τὸν
610 1732 744 1783 Θεὸν
793 1736 870 1795 εἰς
928 1735 1131 1804 κτίσμα
1164 1740 1485 1791 κατασπῶσι
1516 1758 1528 1804 ;
1562 1742 1643 1793 Τὰ
1690 1742 1799 1811 γὰρ

210 1824 541 1891 κτιξόμενα,
598 1827 666 1877 τὰ
727 1825 1122 1896 δεσποζόμενα,
1192 1830 1260 1881 τὰ
1325 1833 1649 1901 κρινόμενα,
1706 1836 1797 1887 καὶ

209 1918 404 1979 ἁπλῶς
440 1917 620 1969 πάντα
655 1918 723 1969 τὰ
758 1919 1005 1986 τοιαῦτα,
1070 1920 1184 1973 ἐστι
1230 1923 1297 1977 τὰ
1350 1925 1642 1994 κτίσματα,
1683 1927 1797 1981 ἀλλ’

207 2010 312 2077 οὐχ
340 2011 367 2059 ὁ
405 2010 669 2079 Κτίστης,
708 2010 802 2061 καὶ
834 2013 861 2063 ό
913 2014 1209 2082 Δεσπότης,
1265 2019 1358 2068 καὶ
1413 2019 1605 2087 κριτής
1631 2036 1644 2050 ο
1690 2020 1798 2071 οὐδ’

209 2101 349 2153 αὐτὸ
396 2102 455 2153 τὸ
510 2104 740 2170 κρίνειν,
795 2106 889 2156 καὶ
916 2104 1221 2167 δεσπόζειν,
1282 2108 1375 2161 καὶ
1426 2110 1795 2180 δημιουργεῖν,

208 2193 359 2262 ἅπερ
403 2212 651 2263 φυσικῶς
680 2197 1026 2265 ὲνθεωρεῖται
1058 2199 1249 2267 τούτῳ.

290 2290 434 2354 ρμέ.
502 2283 565 2335 Ἡ
621 2286 780 2337 οὐσία
829 2288 922 2340 τοῦ
985 2289 1155 2356 Θεοῦ,
1224 2293 1474 2366 καθάπερ
1525 2297 1805 2368 ἀνώνυμός

210 2378 337 2429 ἔστι
388 2377 760 2443 παντάπασιν,
806 2378 882 2442 ὡς
914 2380 1270 2453 ὺπερώνυμος
1303 2387 1443 2439 κατὰ
1498 2390 1626 2451 τοὺς
1686 2391 1805 2443 θεο-

210 2470 439 2536 λόγους,
492 2468 665 2529 οὕτως
697 2472 791 2523 καὶ
819 2473 1122 2540 ἁμέθεκτος
1174 2476 1248 2538 ὡς
1280 2477 1419 2549 ὑπὲρ
1456 2480 1675 2549 μέθεξιν
1701 2483 1804 2536 ὑπ-

208 2563 375 2630 άρχει
433 2563 555 2613 κατ’
587 2562 825 2624 αὐτούς·
865 2564 913 2616 οἰ
971 2560 1063 2617 οὖν
1112 2565 1462 2631 ἀπειθοῦντες
1511 2564 1660 2622 οὗτοι
1713 2572 1807 2624 νῦν

207 2658 280 2723 τῇ
320 2656 410 2707 διὰ
444 2654 555 2707 τῶν
582 2656 754 2723 ἁγίων
806 2657 962 2726 ὴμῶν
1023 2659 1283 2729 Πατέρων
1338 2662 1431 2713 τοῦ
1490 2663 1806 2733 Πνεύματος

203 2748 562 2817 διδασκαλίᾳ,
625 2750 718 2802 καὶ
794 2749 1166 2821 λοιδοροῦντες
1230 2755 1379 2822 ἡμᾶς
1429 2756 1556 2818 τοὺς
1620 2756 1805 2819 αὐτοῖς

203 2838 640 2907 ὁμολογοῦντας,
676 2840 905 2902 πολλοὺς
952 2841 1198 2908 γίνεσθαί
1242 2861 1372 2910 φασι
1413 2846 1586 2908 θεοὺς,
1620 2848 1651 2913 ἢ
1686 2847 1806 2899 σύν-

205 2932 370 2983 θετον
430 2932 523 2984 τὸν
574 2932 693 2997 ἕνα,
743 2934 902 3002 εἰπερ
1034 2934 1153 2988 θεία
1210 2939 1457 3006 ἐνέργεια
1512 2939 1609 3009 τῆς
1659 2941 1803 3003 θείας

202 3024 402 3085 ούσίας
456 3024 727 3095 διαφέρει,
782 3024 878 3077 καὶ
949 3028 997 3078 εἰ
1049 3027 1184 3090 ὅλως
1237 3029 1583 3099 ὲνθεωρεῖταί
1639 3050 1692 3083 τι
1738 3034 1803 3100 τῇ

200 3114 306 3167 τοῦ
337 3115 475 3166 Θεοῦ
523 3116 704 3185 οὐσίᾳ.
754 3117 1037 3183 Ἀγνοοῦσι
1064 3120 1195 3189 γὰρ,
1222 3120 1292 3181 ὡς
1324 3121 1445 3190 οὐχὶ
1479 3121 1538 3173 τὸ
1564 3123 1803 3192 ἐνεργεῖν

1913 642 2035 681 cum
2075 627 2148 681 sit
2195 627 2419 680 omnino
2449 624 2924 695 incomprehensa.
2959 626 3283 681 Nominatur
3320 632 3484 695 igitur

1911 734 1973 771 ex
2014 719 2267 772 omnibus
2303 718 2419 772 suis
2452 718 2862 785 operationibus
2889 735 2905 785 ;
2930 730 2982 773 et
3021 721 3223 773 nullum
3270 721 3340 773 ibi
3383 738 3481 773 no-

1914 812 2117 864 minum
2153 811 2222 863 ab
2246 810 2353 863 alio
2377 810 2773 881 signiﬁcatione
2806 810 3010 865 dill'ert.
3070 812 3310 881 Singulis
3336 814 3478 866 enim

1911 910 1965 955 et
1996 902 2252 955 omnibus
2289 902 2424 956 nihil
2455 902 2599 955 aliud
2634 912 2856 954 vocatur
2906 918 3066 969 quam
3098 902 3479 957 absconditum

1910 992 2042 1046 illud
2072 992 2293 1046 minime
2322 1002 2505 1046 notum
2530 994 2655 1059 quid
2685 998 2773 1047 sit.
2813 994 2885 1047 De
2914 995 3316 1061 operationibus
3350 1012 3482 1049 vero

1910 1084 2130 1137 nomina
2175 1084 2387 1151 singula
2428 1084 2695 1137 diversam
2736 1084 2933 1137 habent
2974 1085 3425 1155 signiﬁcationem
3463 1106 3477 1147 ;

1910 1174 2031 1242 quis
2080 1176 2221 1228 enim
2253 1175 2427 1229 nescit
2456 1190 2483 1227 a
2507 1189 2566 1229 se
2613 1176 2845 1229 invicem
2877 1177 3133 1231 distincta
3168 1192 3288 1231 esse
3322 1194 3479 1231 crea-

1911 1267 2132 1330 tionem,
2210 1267 2536 1328 dominium,
2579 1266 2866 1333 judicium,
2941 1268 3361 1337 providentiam,
3427 1280 3481 1322 et

1910 1367 2146 1410 nostram
2182 1372 2243 1409 ex
2271 1359 2441 1427 gratia
2481 1358 2573 1412 Dei
2604 1360 2989 1428 adoptionem?
3022 1361 3123 1425 Qui
3155 1376 3284 1429 ergo
3318 1371 3480 1414 natu-

1909 1447 2048 1500 rales
2084 1448 2203 1500 illas
2254 1450 2343 1500 Dei
2372 1452 2740 1518 operationes,
2772 1459 2956 1518 utpote
2988 1454 3054 1507 ab
3084 1453 3317 1508 invicem
3359 1465 3412 1506 et
3449 1469 3477 1505 a

1917 1553 2107 1595 natura
2176 1543 2354 1594 divina
2406 1543 2714 1606 distinctas,
2767 1545 2955 1597 dicunt
3021 1554 3257 1607 creatas,
3296 1561 3479 1598 nonne

1907 1635 2074 1689 Deum
2123 1635 2187 1688 ad
2246 1645 2555 1689 creaturam
2610 1637 2964 1705 deprimunt?
3004 1634 3137 1690 Nam
3190 1648 3394 1699 creata,
3425 1648 3476 1690 et

1907 1726 2229 1792 gubernata,
2264 1736 2319 1780 et
2363 1726 2626 1793 judicala,
2658 1737 2711 1781 et
2744 1728 3043 1795 generatim
3080 1729 3260 1781 omnia
3295 1730 3478 1797 hujus-

1908 1815 2047 1867 modi
2100 1824 2227 1868 sum
2292 1825 2595 1881 creaturae;
2643 1833 2745 1870 non
2798 1832 2924 1871 vero
2976 1818 3089 1884 ipse
3112 1818 3370 1883 ,Creator,
3419 1827 3476 1873 et

1908 1909 2186 1973 Dominus,
2230 1920 2282 1964 et
2310 1908 2505 1975 Judex,
2533 1925 2629 1963 nec
2672 1910 2848 1979 ipsum
2878 1910 3164 1981 judicium,
3195 1923 3247 1965 et
3295 1914 3474 1965 duini-

1903 2001 2072 2071 nium,
2106 2011 2158 2055 et
2186 2001 2412 2068 crcatio,
2433 2019 2553 2071 qua:
2578 2012 2703 2056 sunt
2726 2002 2999 2057 naturales
3031 2003 3201 2072 ipsius
3229 2003 3396 2057 modi.

1977 2268 2095 2321 145.
2132 2268 2379 2322 Essentia
2422 2267 2536 2333 Dei,
2585 2270 2727 2323 sicut
2786 2272 3083 2339 nuncupari
3137 2288 3245 2325 non
3301 2282 3474 2341 potest

1900 2362 2027 2429 quia
2054 2368 2136 2415 est
2172 2375 2339 2429 supra
2379 2375 2572 2413 nomen
2603 2362 2754 2427 juxta
2793 2362 3092 2429 theologos,
3122 2364 3195 2416 ita
3229 2379 3328 2417 nec
3355 2380 3475 2432 par-

1902 2454 2143 2523 ticipari,
2220 2454 2348 2520 quia
2422 2462 2505 2506 est
2565 2466 2727 2521 supra
2798 2454 3266 2523 participationem
3320 2458 3471 2526 juxta

1897 2547 2139 2599 eosdem.
2200 2545 2279 2597 llli
2331 2559 2458 2612 ergo
2514 2546 2604 2612 qui
2650 2561 2789 2599 nunc
2830 2545 3146 2601 inobedinnt
3182 2548 3394 2601 trudiun
3443 2564 3471 2601 a

1902 2637 2106 2690 sanctis
2129 2636 2384 2690 Patribus
2427 2638 2629 2690 nostris
2666 2637 2901 2706 Spiritus
2933 2640 3215 2703 doctrinae,
3264 2656 3474 2708 nosque

1900 2726 1985 2781 bis
2019 2736 2413 2781 consentaneus
2474 2728 2805 2794 οἰητοοιοιιι,
2840 2730 3031 2783 dicunt
3083 2732 3282 2784 multos
3350 2732 3462 2785 lieri

1903 2818 2055 2880 deos,
2087 2820 2171 2870 νυΙ
2205 2835 2370 2871 unum
2399 2822 2781 2887 compositum,
2814 2822 3060 2876 sidivina
3094 2825 3336 2892 operatio
3362 2826 3472 2879 dis-

1901 2915 2064 2965 tincta
2100 2913 2172 2965 sit
2232 2926 2259 2963 a
2296 2912 2475 2964 divina
2504 2913 2762 2975 essentia,
2799 2922 2854 2967 et
2905 2914 2948 2966 si
3002 2915 3127 2983 quis
3176 2917 3367 2969 modus
3421 2916 3473 2969 in

1899 3006 2201 3057 substantia
2242 3002 2329 3057 Dei
2364 3005 2620 3059 resideat.
2655 3006 2909 3073 Ignorant
2938 3008 3080 3061 enim
3112 3026 3213 3061 non
3249 3011 3303 3062 in
3349 3025 3476 3077 ope-

1900 3100 2072 3149 rando
2110 3107 2160 3150 et
2196 3100 2248 3149 in
2286 3098 2627 3165 operatione,
2669 3098 2762 3150 sed
2800 3100 2850 3149 in
2891 3100 3147 3166 patiendo
3177 3111 3230 3153 et
3263 3103 3314 3155 in
3350 3118 3474 3171 pas-

204 3207 308 3259 καὶ
368 3208 400 3275 ἡ
454 3206 729 3278 ἐνέργεια,
766 3209 901 3261 ἀλλὰ
942 3212 1000 3262 τὸ
1031 3214 1258 3281 πάσχειν
1290 3189 1396 3264 καί
1436 3212 1605 3275 πάθος
1655 3189 1865 3293 ποιεῖς

1824 3237 1865 3293 C
1904 3194 2060 3243 sione
2093 3190 2207 3242 lieri
2246 3189 2721 3255 compositionem.
2760 3190 2827 3243 At
2862 3189 3004 3245 Deus
3043 3203 3323 3260 operatur,
3367 3209 3471 3245 non

197 3299 309 3369 τὴν
338 3297 611 3352 σύνθεσιν.
648 3301 706 3350 '0
737 3299 790 3351 δὲ
822 3301 953 3365 Θεὸς
1007 3304 1239 3371 ἐνεργεῖ,
1294 3304 1461 3373 μηδὲν
1509 3304 1669 3366 αὐτὸς
1704 3306 1805 3357 πά-

200 3409 380 3459 σχων,
417 3391 553 3460 μηδὲ
596 3392 983 3461 ἀλλοιούμενος
1019 3409 1030 3422 ⁸
1074 3395 1173 3446 οὐκ
1215 3396 1324 3464 ἄρα
1365 3395 1613 3456 σύνθετος
1650 3396 1801 3449 ἔσται

194 3485 297 3537 διὰ
328 3487 430 3552 τὴν
468 3485 775 3553 ἐνέργειαν.
808 3487 917 3537 Καὶ
947 3487 1007 3538 τὸ
1060 3488 1192 3555 πρὸς
1235 3488 1289 3538 τί
1331 3488 1386 3540 δὲ
1441 3492 1467 3539 ὁ
1518 3488 1647 3551 Θεὸς
1706 3490 1799 3540 καί

199 3577 346 3646 πρὸς
380 3576 480 3645 τὴν
520 3579 697 3628 κτίσιν
749 3577 883 3647 ἔχει,
935 3578 1011 3641 ὡς
1076 3580 1218 3649 ἁρχὴ
1263 3582 1360 3632 καὶ
1414 3584 1689 3651 Δεσπότης
1726 3580 1801 3634 ῶν

194 3670 402 3737 αὐτῆς,
474 3667 591 3721 ἀλλ’
640 3668 702 3720 οὐ
761 3671 1178 3741 συναριθμεῖται
1232 3676 1344 3735 τοῖς
1370 3676 1618 3742 γεγονόσι
1652 3675 1802 3745 παρὰ

191 3761 387 3815 τοῦτο.
441 3761 638 3812 Πολλοὶ
696 3761 753 3813 δὲ
810 3763 974 3816 πάλιν
1024 3762 1142 3825 πῶς
1194 3763 1404 3817 ἔσονται
1460 3766 1572 3819 θεοὶ
1609 3766 1697 3818 διὰ
1741 3767 1802 3820 τὸ

190 3855 351 3923 ἔχειν
400 3852 493 3904 τὸν
546 3852 679 3904 Θεὸν
718 3854 1021 3923 ἐνέργειαν,
1072 3856 1230 3923 εἰπερ
1289 3856 1405 3917 ἑνός
1460 3858 1577 3909 ἐστι
1637 3856 1795 3921 Θεοῦ,

193 3945 416 4012 μᾶλλον
476 3942 531 3993 δὲ
586 3945 616 3995 ὁ
659 3944 820 4005 αὑτός
847 3947 966 3996 ἐστι
996 3945 1151 4007 Θεὸς,
1186 3948 1219 4015 ἡ
1250 3947 1369 3998 θεία
1406 3949 1583 4011 οὐσία,
1626 3950 1718 4001 καὶ
1767 3950 1799 4018 ὴ

190 4037 329 4088 θεία
369 4034 642 4103 ἐνέργεια.
688 4035 872 4103 Σαφὴς
922 4036 1015 4088 οὖν
1064 4038 1232 4100 ὅντως
1288 4038 1445 4091 τοῦτο
1490 4040 1651 4111 λῆρος
1701 4042 1795 4111 τῆς

185 4122 391 4174 αὐτῶν
424 4121 873 4191 φρενοϐλαϐείας.

274 4214 440 4286 ρμς’.
474 4215 659 4268 Εἰπὼν
682 4219 710 4267 ὀ
732 4216 932 4285 Κύριος
961 4217 1095 4287 πρὸς
1116 4218 1240 4280 τοὺς
1267 4216 1501 4281 οἰκείους
1529 4220 1796 4290 μαθητὰς,

182 4309 281 4359 ὅτι
317 4326 335 4357 ι
372 4307 496 4357 Εἰσί
527 4323 672 4367 τινες
700 4307 811 4359 τῶν
842 4300 943 4360 ὧδε
980 4307 1312 4374 ἑστηκότων,
1367 4309 1417 4361 οἳ
1461 4311 1521 4360 ού
1556 4310 1628 4378 μὴ
1670 4311 1797 4377 γεύ-

185 4411 411 4447 σωνται
446 4395 701 4458 θανάτου,
742 4394 845 4457 ἓως
911 4395 977 4448 ἂν
1033 4395 1183 4447 ίδωσι
1239 4397 1336 4466 τὴν
1392 4398 1667 4465 βασιλείαν
1704 4400 1796 4453 τοῦ

181 4484 341 4537 Θεοῦ
414 4484 737 4552 ἐληλυθυῖαν
797 4487 853 4537 ὲν
906 4487 1155 4557 δυνάμει,
1193 4508 1210 4539 ι
1280 4490 1399 4558 μεθ’
1458 4492 1667 4561 ἡμέρας
1715 4492 1793 4558 ἒξ,

1907 3283 2021 3351 ipse
2053 3282 2287 3348 patiens,
2321 3296 2421 3333 nec
2478 3292 2713 3335 mutatus
2748 3298 2765 3337 ξ
2793 3299 2896 3335 non
2948 3283 3109 3352 igitur
3138 3285 3474 3351 compositus

1902 3375 2005 3423 erit
2030 3378 2250 3438 propter
2274 3371 2670 3437 operationem.
2697 3371 2763 3424 Et
2798 3373 3117 3426 relationem
3144 3374 3302 3426 habet
3332 3375 3474 3428 Deus

1902 3463 1967 3514 ad
2004 3471 2332 3527 creaturam,
2386 3472 2571 3529 utpote
2617 3463 2774 3531 hujus
2822 3464 3145 3533 principium
3196 3474 3249 3517 et
3297 3465 3473 3519 Domi-

1901 3566 2020 3613 nus,
2056 3551 2148 3603 sed
2186 3566 2292 3604 non
2352 3553 2474 3604 ideo
2504 3554 2768 3605 creaturis
2805 3567 3218 3608 annumeralur.
3256 3557 3468 3619 Adhuc,

1899 3645 2171 3713 quomodo
2205 3645 2357 3697 multi
2390 3656 2548 3698 erunt
2575 3645 2649 3698 dii
2704 3662 2769 3698 ex
2813 3660 2879 3698 eo
2923 3648 3066 3714 quod
3120 3648 3279 3701 habet
3330 3650 3470 3701 Deus

1898 3738 2293 3804 operationem,
2330 3737 2591 3804 siquidem
2630 3738 2790 3790 unius
2830 3745 2958 3789 sunt
3002 3738 3114 3798 Dei.
3157 3754 3252 3793 seu
3287 3742 3471 3808 potius

1899 3844 2039 3882 unus
2067 3840 2193 3881 sunt
2222 3828 2383 3890 Deus,
2408 3829 2592 3881 divina
2622 3830 2856 3882 essentia
2890 3838 2943 3882 et
2965 3829 3141 3882 divina
3188 3834 3473 3899 operatio?

1894 3923 2211 3979 Clarissime
2240 3923 2405 3993 igitur
2433 3923 2484 3976 in
2520 3923 2622 3977 hoc
2655 3921 2889 3975 delirant
2918 3923 3004 3975 isti
3038 3923 3335 3979 dementes.

1968 4201 2093 4257 116.
2122 4202 2417 4272 Postquam
2451 4204 2665 4257 dixerat
2694 4202 2953 4257 Dominus
2987 4205 3100 4259 suis
3137 4205 3417 4277 discipulis
3452 4222 3468 4262 :

1901 4313 1917 4343 ι
1954 4295 2092 4349 Sunt
2116 4296 2335 4364 quidam
2371 4298 2437 4349 de
2469 4296 2557 4349 hic
2588 4296 2881 4359 stantibus,
2915 4297 3005 4365 qui
3034 4313 3140 4351 non
3175 4300 3469 4368 gustabunt

1896 4403 2145 4451 mortem,
2187 4392 2360 4443 donec
2385 4390 2605 4444 videant
2634 4404 2857 4457 regnum
2900 4389 2993 4443 Dei
3020 4392 3245 4445 veniens
3279 4393 3330 4445 in
3360 4393 3465 4445 vir-

1896 4493 2006 4536 tute
2022 4482 2093 4547 l"';
2122 4493 2241 4552 post
2267 4482 2383 4536 dies
2402 4497 2493 4536 sex
2515 4497 2797 4536 assumens
2820 4480 3057 4543 Petrum,
3088 4494 3139 4535 et
3168 4481 3455 4547 Joannem,

184 4573 549 4644 παραλαϐὼν
569 4575 663 4626 τὸν
692 4576 921 4646 Πέτρον,
952 4580 1047 4629 καὶ
1096 4579 1374 4643 Ἰάκωϐον,
1410 4582 1503 4632 καὶ
1544 4583 1796 4653 Ἰωάννην
1819 4593 1852 4646 ι]

1794 4593 1862 4646 ιο
1890 4587 1943 4631 ct
1976 4576 2277 4631 ascendens
2314 4578 2365 4629 in
2400 4588 2636 4630 montem
2670 4576 2907 4640 Thabor,
2947 4577 3279 4643 resplenduit
3316 4577 3462 4630 sicut

182 4667 296 4717 καὶ
331 4667 415 4726 είς
459 4666 518 4716 τὸ
563 4666 849 4737 Θαόώριον
894 4666 1017 4737 ὅρος
1066 4669 1306 4722 ἀνελθὼν
1356 4671 1596 4741 ἔλαμψεν
1656 4674 1729 4737 ῶς
1766 4675 1795 4725 ὁ

1891 4670 1995 4732 sul,
2052 4678 2104 4721 et
2160 4669 2481 4721 vestimenta
2528 4668 2649 4735 ejus
2690 4664 2829 4721 facta
2870 4678 2999 4721 sunt
3046 4671 3273 4721 candida
3326 4670 3468 4723 sicut

175 4758 355 4824 ἥλιος
388 4772 400 4783 ·
437 4757 532 4808 καὶ
570 4757 640 4809 τὰ
692 4758 883 4824 ἱμάτια
928 4759 1092 4810 αὑτοῦ
1147 4761 1364 4826 ἐγένετο
1420 4762 1587 4814 λευκὰ
1626 4763 1700 4826 ὼς
1735 4766 1795 4817 τὸ

1890 4762 2023 4825 lux;
2082 4768 2137 4811 et
2192 4776 2296 4813 non
2356 4768 2606 4828 poterant
2661 4759 2751 4812 ille
2786 4760 3057 4828 respicere
3090 4760 3341 4829 amplius,
3374 4764 3466 4813 sed

176 4849 318 4914 φῶς
355 4865 367 4875 ·
421 4848 483 4898 οὐ
549 4850 660 4917 γὰρ
716 4848 979 4917 ἠδύναντο
1046 4853 1243 4904 ἐκεῖνοι
1306 4853 1525 4922 βλέπειν
1590 4855 1789 4907 πλέον·

1892 4855 2070 4920 potius
2114 4852 2295 4905 lumen
2340 4852 2469 4905 illud
2514 4866 2621 4905 non
2667 4853 2904 4905 valentes
2943 4853 3166 4917 intueri,
3207 4854 3360 4922 proni
3415 4857 3466 4906 in

1892 4956 2091 4998 terram
2111 4946 2449 4997 ceciderunt.
2486 4944 2656 4996 Simul
2686 4944 2956 5005 viderunt,
2976 4944 3126 5013 juxta
3155 4944 3467 5012 promissio-

1893 5052 2017 5088 nem
2055 5034 2375 5097 Salvatoris,
2413 5050 2637 5104 regnum
2664 5034 2781 5098 Dei,
2808 5036 3050 5088 divinum
3085 5051 3279 5104 nempe
3334 5036 3463 5088 illud

1894 5142 1944 5183 et
1982 5127 2251 5181 ineffabile
2279 5129 2477 5192 lumen,
2514 5129 2658 5195 quod
2693 5131 2868 5197 magni
2903 5129 3199 5198 Gregorius
3230 5137 3283 5182 et
3320 5128 3466 5181 Basi-

1896 5222 1997 5274 'ius
2028 5222 2364 5274 divinitatem
2401 5220 2696 5287 appellant,
2728 5220 2973 5273 dicentes
3004 5239 3016 5274 :
3058 5239 3077 5271 ι
3118 5221 3318 5273 Lumen
3374 5232 3457 5273 est

1893 5314 2147 5367 divinitas
2166 5312 2450 5381 discipulis
2477 5313 2529 5365 in
2560 5322 2743 5367 monte
2767 5312 3129 5376 manifestata,
3149 5324 3200 5366 et
3223 5312 3461 5381 pulchri-

1892 5410 2021 5460 tudo
2074 5405 2495 5473 Omnipotentis,
2546 5405 2898 5475 intelligibilis
2957 5406 3077 5474 ejus
3127 5405 3462 5472 visibilisqne

1888 5498 2168 5552 divinitas.
2210 5515 2226 5547 ι
2262 5496 2488 5566 Magnus
2515 5498 2658 5550 enim
2692 5497 2923 5552 Basilius
2952 5502 3125 5551 lucem
3181 5497 3326 5549 illam
3376 5495 3455 5549 di-

1890 5591 1966 5643 cit
1990 5605 2112 5644 esse
2152 5590 2607 5658 pulchritudinem
2643 5592 2759 5655 Dei,
2789 5592 2921 5645 solis
2960 5592 3163 5645 sanctis
3194 5590 3457 5643 visibilem

1892 5684 1946 5737 in
1979 5684 2177 5735 virtute
2216 5681 2383 5734 divini
2414 5680 2667 5750 Spiritus.
2699 5683 2876 5751 Itaque
2927 5685 3111 5738 subdit
3164 5698 3179 5739 :
3216 5700 3235 5734 ι
3302 5681 3430 5734 Vide

178 4944 415 5013 μᾶλλον
444 4941 499 4992 δὲ
528 4943 622 4994 καί¹
652 4944 789 5013 πρὸς
824 4945 920 5015 τὴν
960 4945 1167 5015 λάμψιν
1216 4950 1419 5019 ταύτην
1452 4953 1552 5004 ουκ
1584 4954 1794 5022 ἰσχύον·

174 5054 281 5098 τίς
329 5034 627 5098 ἀτενίξειν,
660 5041 887 5106 πρηνεῖς
942 5039 1020 5097 εἰς
1072 5038 1176 5107 γῆν
1224 5043 1543 5097 κατέπεσον.
1604 5046 1791 5114 Ὀμως

172 5130 372 5193 εἶδον,
416 5130 557 5180 κατὰ
596 5130 695 5199 τὴν
728 5131 1063 5197 ἐπαγγελίαν
1095 5132 1189 5184 τοῦ
1240 5134 1507 5205 Σωτῆρος,
1556 5137 1653 5207 τὴν
1707 5138 1797 5207 βα-

172 5224 417 5278 σιλείαν
442 5222 536 5274 τοῦ
568 5223 726 5289 Θεοῦ,
783 5226 842 5276 τὸ
901 5226 1080 5277 θεῖκὸν
1137 5228 1311 5278 ἐκεῖνο
1366 5232 1457 5281 καὶ
1486 5231 1795 5302 ἀπόρρητον

171 5318 312 5386 φῶς
347 5332 361 5344 ·
420 5312 448 5364 ὃ
500 5314 797 5384 Γρηγόριος
854 5317 952 5384 μὲν
984 5318 1077 5370 καὶ
1118 5318 1399 5380 Βασίλειος
1454 5322 1501 5372 οἱ
1546 5324 1792 5391 μεγάλοι,

169 5411 442 5474 θεότητα
509 5407 1006 5475 προσαγορεύουσι,
1060 5408 1206 5475 Φῶς,
1233 5410 1500 5477 λέγοντες,
1546 5414 1577 5482 η
1614 5431 1795 5483 παρα..

165 5501 488 5571 δειχθεῖσα
520 5499 709 5570 θεότης
754 5504 845 5551 ἐπὶ
885 5500 979 5553 τοῦ
1022 5502 1180 5571 ὅρους
1218 5508 1327 5567 τοῖς
1366 5506 1664 5576 μαθηταῖς,
1705 5510 1794 5560 καὶ

169 5596 403 5653 κάλλος
436 5591 529 5643 τοῦ
565 5592 735 5654 ὅντως
768 5593 1017 5659 δυνατοῦ,
1055 5597 1085 5665 ἡ
1138 5598 1302 5665 νοητὴ
1331 5598 1492 5650 αὑτοῦ
1528 5601 1620 5651 καὶ
1661 5600 1792 5651 θεω-

167 5688 347 5763 ρητὴ
381 5685 599 5752 θεότηςο
639 5686 699 5737 ὐ
746 5687 857 5756 γὰρ
906 5688 1080 5756 μέγας
1128 5688 1401 5752 Βασίλειος
1451 5694 1543 5743 καὶ
1600 5692 1794 5754 κάλλος

242 5889 298 5920 ⁸⁷
340 5885 517 5938 Marc.
555 5900 668 5937 \‘lll.
714 5886 797 5937 ὅθ.
838 5903 853 5932 r
