4224 6464
698 429 840 495 1923
1947 417 2336 480 GREGORII
2400 418 2726 478 PALAME
3832 411 3968 477 19,24

696 549 823 594 runt
843 547 1023 590 autem
1053 534 1170 603 ejus
1196 533 1657 600 pulchritudinem
1690 531 1888 587 Petrus
1913 541 1968 585 et
1998 532 2094 584 lilii
2125 531 2266 584 toni-
2295 530 2342 586 Α

2295 530 2342 586 Α
2376 526 2516 580 εἰναι
2568 527 2660 579 τοῦ
2719 523 2854 578 Θεοῦ
2908 541 3040 595 φησι
3071 524 3133 576 τὸ
3179 523 3290 592 φῶς
3345 524 3543 587 ἐκεῖνο,
3607 522 3789 592 μόνοις
3849 528 3957 587 τοῖς

696 630 800 682 trui
839 630 888 681 in
930 637 1136 689 monte,
1167 632 1354 692 supra‘
1385 625 1516 677 solis
1563 623 1724 691 juhar
1775 621 2168 689 Splendentcm,
2216 627 2272 671 et

2377 619 2552 686 ἁγίοις
2584 619 2860 688 θεωρητόν
2886 619 2942 668 ὲν
2974 619 3039 685 τῇ
3072 617 3296 685 δυνάμει
3331 615 3423 666 τοῦ
3449 613 3594 666 θείου
3623 614 3957 683 Πνεύματος.

696 720 965 790 primitias
995 720 1112 784 ejus
1141 715 1447 784 pril'SCllli'd:
1477 715 1650 766 oculis
1677 725 2007 781 praesumere
2057 724 2272 762 merue—

2377 711 2467 760 Διὸ
2524 709 2614 762 καί
2672 725 2806 776 φησι
2870 709 3031 760 πάλιν
3066 722 3079 734 ⁸
3118 705 3271 758 Εἰδον
3329 706 3385 758 δὲ
3440 707 3606 758 αὐτοῦ
3659 708 3719 758 τὸ
3771 707 3962 768 κάλλος

698 823 848 866 runt.
908 829 926 861 ι
980 809 1045 863 Ει
1095 808 1466 861 Damascenus
1527 807 1828 872 theologus,
1887 818 2009 858 cum
2065 800 2276 855 Joanne

2380 799 2584 870 Πέτρος
2616 802 2708 851 καί
2737 799 2785 850 0i
2838 799 2943 849 υἰοί
2991 797 3087 865 τῆς
3145 796 3373 866 βροντῆς
3426 799 3482 848 ὲν
3513 797 3591 866 τῷ
3620 798 3758 864 δρει,
3793 800 3958 867 ὑπερ-

701 907 1114 975 Chrysostomo,
1145 901 1451 954 naturalem
1495 898 1798 950 divinitatis
1831 892 2040 948 radium
2093 893 2274 946 lumen

2378 891 2591 960 λάμπον
2613 895 2710 958 τὴν
2732 891 2825 941 τοῦ
2848 890 2999 956 ἡλίου
3031 888 3391 958 λαμπρότητα
3417 906 3430 919 ο
3458 890 3552 940 καὶ
3584 893 3650 940 τὰ
3703 881 3963 958 προοίμια

702 1000 830 1050 illud
863 1004 1214 1049 vocaverunt.
1257 993 1411 1046 Prior
1439 991 1588 1045 enim
1617 989 1814 1043 scribit
1841 1006 1854 1040 :
1894 1007 1911 1039 t
1956 988 2039 1040 Ah
2071 995 2278 1040 aeterno

2380 985 2479 1053 τῆς
2513 983 2680 1036 αὑτοῦ
2711 982 3008 1052 παρουσίας
3067 983 3367 1049 ὀφθαλμοῖς
3399 981 3586 1033 λαϐεῖν
3615 983 3961 1050 κατηξιώθη-

701 1089 869 1142 Filius
900 1103 962 1140 es
1000 1087 1160 1141 Patre
1192 1087 1426 1154 genitus,
1469 1083 1768 1136 naturalem
1812 1081 1880 1134 ah
1919 1090 2126 1133 aeterno
2180 1079 2280 1131 ha-

2384 1077 2576 1129 01v.'0
2599 1076 2652 1126 δὲ
2684 1073 3320 1143 Δαμασκηνὸςθεολόγος,
3347 1074 3486 1140 μετά
3514 1072 3606 1124 τοῦ
3633 1076 3840 1142 χρυσοῦ
3865 1073 3962 1141 τὴν

704 1183 787 1232 Ιιιει
824 1180 1034 1232 radium
1072 1177 1370 1231 divinitatis
1400 1192 1413 1241 ;
1444 1186 1499 1229 et
1525 1173 1827 1228 divinitatis
1859 1173 2050 1247 gloria,
2107 1171 2279 1237 gloria

2382 1168 2627 1236 γλῶτταν
2667 1170 2935 1232 Ἰωάννου,
2983 1166 3217 1234 φυσικὴν
3267 1167 3462 1217 ἀκτῖνα
3504 1165 3599 1234 τῆς
3625 1165 3880 1236 θεότητος
3909 1167 3967 1218 τὺ

702 1274 953 1339 corporis
991 1270 1069 1322 ﬁt.
1105 1289 1122 1320 ι
1159 1269 1222 1320 Et
1250 1271 1430 1337 lingua
1462 1282 1628 1320 aurea
1666 1284 1678 1319 :
1719 1285 1736 1315 ι
1772 1264 2050 1333 Fulgidior
2075 1264 2278 1328 seipso,

704 1363 906 1432 inquit,
977 1362 1241 1416 Dominus
1307 1362 1359 1414 in
1398 1371 1581 1414 monte
1645 1358 1918 1428 apparuit,
2001 1355 2285 1411 divinitate

707 1459 890 1511 radios
919 1471 1046 1510 suos
1069 1455 1468 1508 mattil‘estante.
1511 1472 1530 1505 ι

2385 1263 2500 1330 φῶς
2533 1263 2710 1312 έκεῖνο
2740 1259 3192 1329 προσηγόρευσαν
3227 1273 3240 1286 ·
3296 1259 3324 1308 ὁ
3381 1257 3479 1325 μὲν
3531 1257 3756 1326 γράφων
3784 1271 3798 1286 '
3850 1257 3970 1309 'Av-

2387 1355 2568 1424 άρχως
2624 1354 2652 1404 ό
2687 1353 2812 1413 Υἱὸς
2873 1354 2937 1403 ὲκ
2989 1349 3081 1401 τοῦ
3111 1347 3324 1418 Πατρός
3377 1349 3682 1417 γεννηθεὶς,
3735 1349 3837 1418 τὴν
3871 1366 3971 1416 φυ-

2389 1449 2549 1516 σικὴν
2577 1448 2771 1500 ἀκτῖνα
2805 1445 3040 1514 ἄναρχον
3088 1442 3350 1511 κέκτηται
3405 1441 3504 1509 τῆς
3553 1443 3807 1510 θεότητος
3837 1459 3850 1472 ·
3880 1443 3976 1493 καὶ

712 1545 744 1614 ἠ
780 1544 878 1612 τῆς
908 1544 1158 1610 θεότητος
1191 1542 1343 1607 δόξα,
1383 1543 1515 1606 δόξα
1560 1545 1655 1597 τοῦ
1697 1545 1948 1612 σώματος
1979 1544 2225 1612 γίνεται·
2271 1565 2298 1596 ο
2327 1543 2382 1596 δὲ
2421 1541 2853 1613 χρυσορρἡων,
2889 1538 3317 1606 Λαμπρότερος,
3368 1533 3560 1601 φησὶν,
3588 1532 3786 1585 ἑαυτοῦ
3823 1532 3983 1600 ἐφαί-

712 1657 835 1692 νετο
866 1641 889 1690 ὁ
920 1637 1124 1706 Κύριος
1158 1641 1253 1692 ἐπὶ
1279 1639 1372 1692 τοῦ
1401 1640 1584 1710 ὅρους,
1609 1645 1707 1709 τῆς
1735 1641 1988 1710 θεότητος
2025 1640 2439 1712 παμδειξάσης
2469 1640 2570 1703 τὰς
2600 1641 2827 1701 ἀκτῖνας
2847 1635 3037 1704 αὐτῆς.

794 1723 916 1774 147.
946 1721 1074 1772 Illud
1101 1722 1344 1771 diiinutn
1383 1731 1436 1771 et
1471 1719 1743 1770 inilIahtle
1775 1720 1978 1775 lumen.
2022 1716 2111 1767 Det
2165 1716 2302 1766 dii-i-

722 1813 950 1863 nitatem
985 1820 1037 1861 et
1070 1826 1318 1877 regnum,
1355 1809 1814 1876 pulchritudinem
1846 1819 1901 1860 et
1957 1805 2298 1875 splendorem

718 1902 917 1953 divinae
966 1914 1194 1964 ElJlUl‘il’,
1255 1910 1568 1954 sanctorum
1633 1899 1686 1951 itt
1754 1896 2293 1966 incompt'eltensibili

719 1995 1025 2046 aeternitate
1054 1996 1318 2046 visionem
1352 2005 1405 2045 et
1447 1992 1784 2055 felicitatem,
1821 1989 2121 2044 naturalem
2158 1990 2297 2043 divi-

721 2089 904 2139 uitatis
941 2090 1149 2139 radium
1176 2098 1228 2140 et
1253 2087 1502 2155 gloriam,
1541 2087 1860 2154 phantasma
1898 2093 1952 2136 et
1983 2094 2294 2137 creaturam

718 2196 839 2231 esse
875 2182 1143 2232 blaterant
1177 2180 1436 2242 haeretici,
1473 2188 1525 2230 et
1558 2194 1648 2230 eos
1671 2178 1762 2244 qui
1820 2175 2061 2244 ipsorum
2124 2176 2298 2228 instar

721 2270 773 2322 in
800 2270 1036 2321 divinant
1070 2272 1240 2321 lucem
1272 2271 1349 2322 sic
1373 2268 1754 2336 blasphemare
1778 2282 1885 2319 non
1913 2266 2054 2328 ausi,
2090 2267 2301 2318 increa—

721 2369 805 2414 tas
838 2363 1108 2414 aestimant
1147 2359 1236 2414 Dei
1271 2345 1556 2414 esseniiam
1610 2370 1663 2413 et
1701 2360 2096 2428 operationem,
2147 2357 2297 2426 poly-

723 2457 880 2523 theos
913 2457 1244 2509 calumniose
1281 2454 1780 2508 circumclamitant
1823 2469 1837 2517 ;
1874 2467 2061 2505 verum
2101 2451 2298 2504 erube-

722 2560 896 2602 scant.
927 2549 1184 2614 Quamvis
1216 2549 1359 2601 enim
1391 2548 1630 2601 increata
1659 2547 1731 2600 sit
1769 2546 1946 2598 divina
2002 2545 2113 2608 lux,
2163 2558 2300 2596 unus

727 2639 882 2695 nobis
909 2651 990 2692 est
1019 2638 1160 2692 Dens
1190 2640 1240 2690 in
1277 2655 1380 2692 una
1412 2639 1719 2700 divinitate.
1753 2639 1899 2705 quia,
1944 2643 2002 2689 ut
2050 2649 2301 2704 superus

723 2733 915 2785 crehro
935 2735 1362 2785 demonstratum
1387 2743 1489 2793 est,
1510 2733 1667 2785 unius
1689 2729 1784 2784 Dei
1805 2739 1952 2795 sunt,
1978 2740 2034 2783 et
2058 2729 2297 2782 increata

727 2827 986 2887 essentia,
1015 2834 1068 2877 et
1101 2827 1336 2879 increata
1363 2825 1633 2892 Operatio,
1660 2824 1840 2877 divina
1875 2823 2088 2876 scilicet
2130 2820 2302 2888 gratia

727 2930 778 2968 et
809 2919 894 2970 lux
927 2919 1037 2972 illa.

804 3184 925 3238 “8.
957 3183 1155 3238 Nefarii
1185 3199 1313 3253 ergo
1349 3182 1613 3245 haeretici,
1645 3181 1735 3251 qui
1764 3189 1886 3250 post
1916 3181 2184 3250 synodum
2204 3197 2300 3233 au-
2333 3222 2378 3278 ϐ

733 3283 920 3332 daeter
953 3282 1206 3330 dixerunt
1235 3277 1478 3330 divinum
1507 3275 1638 3328 illud
1668 3275 1851 3329 lumen
1879 3291 1906 3328 a
1943 3275 2226 3330 Salvatore
2255 3279 2308 3330 iu

733 3372 951 3425 Thahor
979 3370 1238 3424 emissqu
1275 3383 1372 3438 pro
1402 3369 1785 3437 phantasmate
1815 3382 1879 3421 ac
1906 3377 2156 3421 creatura
2207 3368 2308 3421 ha-

735 3468 966 3519 hcndutn
1005 3480 1148 3527 esse,
1181 3472 1237 3516 et
1267 3465 1316 3516 id
1345 3462 1591 3515 stabilire
1627 3461 1805 3514 conati
1845 3469 1992 3522 sunt.
2032 3468 2086 3516 et
2113 3474 2140 3513 a
2169 3461 2308 3512 mul-

745 3563 812 3612 tis
861 3558 1081 3611 refutati
1122 3557 1266 3610 haud
1316 3565 1664 3610 mutaverunt
1703 3555 2054 3617 sententiam,
2118 3552 2310 3608 deﬁni-

736 3654 884 3706 tione
922 3656 1121 3719 scripta
1156 3661 1213 3704 et
1249 3653 1597 3704 anathemate
1633 3651 1880 3718 percussi
1915 3657 2064 3702 sunt.
2090 3647 2225 3702 Nam
2257 3649 2310 3701 in

736 3745 1160 3798 itlt'al‘ttalimleill
1191 3745 1282 3798 Dei
1315 3744 1720 3811 ltlaspltemanl,
1753 3752 2067 3797 etcreatam
2115 3741 2309 3796 insane

739 3839 927 3892 dicunt
961 3838 1048 3890 Dei
1079 3838 1440 3900 divinitatem,
1486 3845 1540 3888 et
1576 3835 1642 3888 ad
1670 3847 2004 3896 creaturam,
2042 3844 2308 3901 quantum

737 3939 986 3993 possunt,
1014 3932 1184 3997 ipsum
1209 3929 1526 3997 deprimunt
1552 3927 1765 3979 Patrem
1791 3937 1844 3980 et
1870 3924 2064 3979 Filium
2097 3933 2153 3977 et
2185 3923 2308 3990 Spi-

742 4040 902 4077 mum
933 4035 1200 4078 sanetum.
1239 4021 1355 4077 Una
1391 4020 1535 4076 enim
1566 4033 1620 4074 et
1648 4020 1837 4074 eadem
1865 4029 1949 4072 est
1976 4019 2146 4072 tribus
2176 4019 2311 4072 divi-

742 4119 901 4170 nitas.
937 4116 992 4169 Si
1019 4127 1196 4169 antem
1228 4118 1522 4168 increatani
1558 4115 1645 4167 isti
1673 4124 1728 4167 et
1765 4111 2093 4165 adorandam
2123 4112 2312 4164 dicunt

740 4208 1098 4271 divinitatem,
1129 4207 1265 4260 duas
1295 4207 1580 4259 manifeste
1602 4212 1912 4274 agnoscunt
1936 4203 2031 4257 Dei
2060 4201 2314 4256 divinita-

743 4310 847 4364 tes,
881 4316 1041 4354 unam
1075 4311 1335 4364 creatam,
1375 4309 1429 4353 et
1461 4298 1687 4350 alteram
1724 4297 2043 4350 increatain.
2077 4293 2168 4349 Sic
2223 4308 2314 4348 sa-

743 4404 932 4461 tagttttl
961 4402 1185 4448 cunctos
1215 4402 1426 4446 veteres
1459 4389 1744 4446 haereticos
1797 4389 2078 4456 impietate
2125 4401 2314 4456 super-

742 4489 911 4558 gredi.

818 4750 938 4803 H9.
978 4748 1126 4800 Alias
1152 4745 1398 4799 haeresim
1453 4759 1606 4798 suam
1670 4743 1852 4796 velare
1910 4747 2200 4805 conantes,
2261 4749 2316 4793 et

755 4844 1054 4897 increatani
1091 4842 1274 4893 dicunt
1321 4839 1490 4892 lucem
1521 4839 1569 4890 in
1626 4835 1846 4889 Thabor
1886 4834 2314 4893 inanil'estatam.

747 4950 802 4991 et
840 4937 1129 5000 essentiam
1157 4949 1276 4987 esse
1305 4933 1416 4995 Dei,
1452 4931 1818 4999 multipliciter
1842 4939 1896 4982 et
1924 4931 1976 4982 in
2029 4928 2130 4981 hoc
2167 4928 2312 4982 blas-

755 5031 1089 5098 phemantes.
1120 5027 1254 5092 Quia
1291 5025 1434 5077 enim
1477 5025 1543 5076 ab
1588 5022 1850 5091 apostolis
1901 5023 2078 5073 visum
2135 5030 2216 5074 est
2241 5021 2321 5073 lu-

755 5139 875 5176 inen
907 5123 1060 5185 illud,
1105 5121 1370 5173 visibilem
1431 5126 1827 5187 consequenter
1874 5131 1994 5170 esse.
2037 5124 2320 5168 autumant

753 5216 841 5268 Dei
865 5215 1179 5270 essentiam.
1237 5211 1432 5264 Verum
1471 5211 1695 5262 audiant
1734 5209 2000 5261 dicentem
2035 5221 2048 5255 :
2092 5223 2109 5255 ι
2150 5203 2322 5257 Nemo

754 5310 903 5362 stetit
936 5309 988 5360 in
1019 5306 1392 5367 subsistentia,
1461 5301 1553 5370 qui
1613 5298 1906 5354 essentiam
1973 5295 2064 5349 Dei
2121 5307 2175 5349 et
2227 5295 2322 5349 Dei

759 5415 1002 5454 naturam
1042 5409 1132 5453 aut
1159 5399 1358 5452 viderit
1413 5406 1508 5448 aut
1573 5392 1933 5447 etiarrarerit.
1995 5388 2105 5442 Nec
2148 5388 2321 5441 solum

756 5495 930 5547 nullus
975 5495 1269 5556 hominum,
1331 5491 1425 5543 sed
1460 5502 1558 5541 nec
1614 5485 1949 5555 angelorum.
2025 5482 2139 5548 lpsa
2179 5481 2324 5533 enim

760 5603 850 5640 sex
885 5588 985 5638 alis
1015 5600 1200 5638 ornata
1259 5584 1531 5652 seraphiui
1581 5581 1652 5634 ob
1709 5592 1994 5633 excessum
2039 5575 2329 5629 enticantis

760 5695 824 5732 ex
853 5696 913 5732 ea
939 5678 1356 5740 cornscationis,
1390 5675 1580 5728 faciem
1613 5673 1807 5740 pennis
1838 5669 2262 5735 circuintegunt.
2302 5682 2321 5716 ι

760 5773 896 5835 Quia
933 5773 1100 5837 igitur
1135 5770 1261 5821 nulli
1297 5783 1537 5836 unquam
1572 5766 1682 5819 visa
1709 5772 1792 5817 est
1840 5757 2330 5830 snpersuhslantia-

761 5865 827 5918 lis
857 5864 1087 5919 essentia
1151 5861 1265 5926 Dei,
1327 5861 1542 5929 quando
1600 5859 1738 5912 hanc
1786 5869 1909 5909 esse
1955 5852 2140 5905 lumen
2197 5847 2328 5900 illud

2496 1717 2637 1786 ρμζ.
2675 1717 2844 1766 Ἰὀῦτο
2876 1717 2938 1766 τὸ
2994 1714 3174 1767 θεῖκδν
3231 1731 3324 1766 κα.
3381 1715 3696 1784 ἀπόρρητον
3727 1717 3865 1784 φῶς,
3909 1721 4006 1789 τὴν

2416 1807 2511 1860 τοῦ
2543 1806 2675 1859 Θεοῦ
2707 1807 2934 1874 θεότητα
2972 1807 3066 1858 καὶ
3113 1805 3415 1874 βασιλείαν,
3456 1807 3516 1857 τὸ
3547 1808 3740 1866 κάλλος
3774 1812 3872 1860 καὶ
3907 1814 4006 1876 τὴν

2419 1901 2776 1970 λαμπρότητα
2806 1899 2905 1967 τῆς
2935 1899 3085 1960 θείας
3112 1898 3349 1967 φύσεως,
3389 1897 3487 1968 τὴν
3525 1899 3583 1951 ἐν
3612 1899 3690 1969 τῷ
3717 1903 4000 1972 ἀκαταλήο

2421 2009 2538 2061 πτῳ
2564 1993 2721 2045 αἰῶνι
2751 1991 2858 2043 τῶν
2913 1992 3082 2058 ἁγίων
3137 1991 3330 2059 ὅρασιν
3379 1992 3472 2042 καὶ
3523 1992 3849 2059 ἀπόλαυσιν,
3901 1998 3999 2064 τὴν

2418 2084 2652 2153 φυσικὴν
2710 2086 2903 2138 ἀκτῖνα
2947 2087 3039 2136 καὶ
3087 2084 3245 2149 δόξαν
3291 2084 3388 2153 τῆς
3448 2083 3734 2152 θεότητος,
3803 2088 3998 2157 φάσμα

2419 2179 2511 2231 καὶ
2561 2179 2767 2246 κτίσμα
2815 2179 2864 2230 οἱ
2922 2177 3398 2245 γλωσσαλγοῦντες
3456 2179 3724 2244 αἰρετικοὶ
3777 2179 4000 2246 λέγουσι

2418 2268 2510 2320 καὶ
2565 2265 2689 2328 τοὺς
2726 2265 2799 2335 μὴ
2839 2263 3203 2332 ἀνεχομένους
3253 2263 3374 2314 κατ’
3425 2263 3621 2324 αὐτοὺς
3667 2265 3746 2325 εἰς
3769 2263 3829 2315 τὸ
3859 2265 4002 2316 θεῖον

2417 2359 2532 2426 φῶς
2585 2358 2742 2411 τοῦτο
2789 2357 3150 2426 βλασφημεῖν,
3189 2355 3304 2407 ἀλλ’
3356 2355 3612 2413 ἄκτιστον
3664 2354 3806 2408 εἶναι
3869 2373 4003 2425 φρο-

2417 2450 2641 2512 νοῦντας
2700 2449 2790 2502 τὸν
2841 2447 2974 2498 Θεδν
3003 2445 3124 2499 κατ’
3150 2445 3360 2507 οὐσίαν,
3396 2446 3492 2498 καὶ
3521 2447 3640 2497 κατ’
3697 2448 4002 2515 ἐνέργειαν,

2416 2542 2497 2594 ὃτι
2526 2539 2708 2602 θεῖτας
2759 2535 2897 2590 εἰναι
2939 2537 3405 2605 συκοφαντοῦντες
3477 2538 3997 2607 περιαγγέλλουσιν.

2430 2633 2569 2685 Ἀλλ’
2623 2630 3089 2700 αἰσχυνέσθωσαν.
3130 2630 3410 2683 Ἀκτίστου
3435 2629 3544 2700 γὰρ
3589 2632 3683 2683 καὶ
3727 2631 3828 2685 τοῦ
3857 2631 4003 2684 θείου

2417 2725 2592 2792 φωτὸς
2624 2723 2796 2784 ὄντος,
2857 2717 2939 2782 εἷς
2981 2724 3112 2790 ἡμῖν
3143 2721 3274 2784 Θεός
3324 2725 3471 2773 ἐστιν
3509 2723 3566 2774 ὲν
3610 2724 3710 2792 μιᾷ
3741 2722 3960 2792 θεότητι
3989 2741 4004 2755 ο

2417 2819 2492 2879 ῶς
2526 2815 2642 2877 ἐνὸς
2673 2814 2829 2876 Θεοῦ,
2859 2814 3112 2882 καθάπερ
3135 2815 3392 2884 ἀνωτέρω
3412 2814 3692 2884 πολλαχῶς
3710 2816 4005 2881 δέδεικται,

2419 2905 2510 2958 καὶ
2557 2907 2654 2974 τῆς
2712 2905 2967 2957 ἁκτίστου
3007 2905 3193 2966 οὐσίας
3220 2905 3408 2974 οὔσης,
3443 2907 3536 2958 καί
3587 2909 3688 2976 τῆς
3743 2909 4007 2961 ἀκτίστου

2417 3002 2500 3050 sv:
2515 3000 2701 3068 ργείας
2736 3014 2749 3027 ·
2792 2998 2879 3066 δη)
2893 2998 2991 3066 αδὴ
3018 3000 3116 3067 τῆς
3141 2998 3290 3060 θείας
3315 2999 3537 3069 χάριτος
3563 2999 3657 3052 καὶ
3682 3000 4011 3071 eampo/em;

2417 3091 2639 3160 ταύτης.

2492 3180 2638 3251 ρμη’.
2670 3182 2866 3250 Φάσμα
2909 3181 3199 3250 τοιγαροῦν
3231 3181 3326 3234 καὶ
3382 3183 3588 3252 κτίσμα
3639 3185 3860 3253 φρονεῖν
3916 3187 4010 3239 ἐπὶ

2417 3276 2516 3343 τῆς
2548 3274 2766 3325 συνόδου
2799 3273 3088 3345 τολμηρῶς
3115 3274 3386 3335 εἰπόντες,
3438 3277 3533 3328 καὶ
3570 3279 4012 3342 κατασκευάζειν

2419 3363 2772 3433 πειραθέντες
2799 3365 2846 3415 οἰ
2873 3364 3213 3432 κακόφρονες
3248 3367 3536 3435 αἱρετικοὶ,
3570 3368 3629 3418 τὸ
3655 3367 3881 3437 λάμψαν
3905 3373 4013 3422 ἀπὸ

2419 3453 2512 3504 τοῦ
2547 3453 2802 3522 Σωτῆρος
2824 3456 2881 3506 ὲν
2916 3454 3114 3526 Θαδὼρ
3150 3456 3331 3509 θεῖκδν
3361 3458 3536 3509 ἐκεῖνο
3583 3460 3718 3526 φῶς,
3780 3462 3874 3514 καὶ
3925 3465 4015 3516 διὰ

2421 3545 2631 3596 πολλῶν
2656 3546 3088 3614 ἐξελεγχθέντες,
3125 3548 3220 3600 καὶ
3246 3549 3320 3618 μὴ
3363 3551 3848 3618 μεταπεισθέντες,
3905 3556 4015 3623 ἀφ-

2420 3638 2636 3708 ορισμῷ
2693 3639 2954 3708 ἐγγράφῳ
3003 3641 3096 3693 καὶ
3134 3640 3438 3710 ἀναθέματι
3491 3643 4010 3715 καθυπεὸλήθησαν.

2423 3730 2519 3791 Εἷς
2550 3747 2608 3782 τε
2637 3731 2745 3800 γὰρ
2780 3731 2878 3800 τὴν
2907 3731 2995 3784 διά
3027 3736 3228 3802 σαρκὸς
3258 3735 3574 3803 οἰκονομίαν
3627 3735 4015 3805 βλασφημοῦσι

2419 3820 2514 3872 τοῦ
2555 3819 2713 3882 Θεοῦ,
2763 3824 2857 3873 καὶ
2913 3823 3144 3892 κτιστὴν
3190 3819 3327 3876 εἶναι
3369 3827 3754 3896 φρενοϐλαεῶς
3791 3829 4014 3898 λέγουσι

2419 3914 2518 3981 τὴν
2565 3912 2660 3963 τοῦ
2711 3912 2846 3965 Θεοῦ
2901 3911 3153 3983 θεότητα,
3189 3917 3283 3968 καί
3308 3918 3387 3979 είς
3421 3919 3651 3986 κτίσμα,
3705 3921 3765 3972 τό
3813 3939 3878 3988 γε
3932 3926 4016 3988 εἰς

2421 4004 2620 4066 αὐτοὺς
2641 3998 2797 4074 ἧκον,
2843 4006 3224 4071 κατασπῶσιν,
3281 4009 3446 4060 αὑτὸν
3484 4011 3576 4061 τὸν
3637 4011 3882 4080 Πατέρα,
3918 4018 4016 4068 καὶ

2420 4095 2508 4147 τὸν
2555 4097 2702 4160 Υἰὸν,
2755 4096 2848 4149 καί
2904 4098 2965 4149 τὸ
3007 4098 3228 4166 Πνεῦμα
3263 4099 3322 4151 τὸ
3377 4100 3553 4167 ἆγιον.
3604 4102 3716 4154 Μία
3764 4106 3872 4175 γὰρ
3919 4108 4016 4158 καὶ

2422 4190 2456 4257 ὴ
2489 4189 2626 4257 αὐτή
2659 4192 2807 4241 ἐστιν
2849 4189 3097 4258 ὴοεότης
3122 4190 3232 4243 τῶν
3266 4192 3456 4262 τριῶν.
3502 4193 3564 4246 Εἰ
3610 4194 3667 4246 δὲ
3713 4197 3808 4248 καὶ
3858 4198 4016 4251 ἄκτι-

2424 4296 2547 4331 στον
2580 4275 2730 4333 οῦτοι
2784 4281 2965 4334 σέϐειν
3023 4281 3240 4350 λέγουσι
3299 4281 3549 4352 θεότητα,
3615 4283 3708 4337 δύο
3760 4290 4016 4358 φανερᾶς

2425 4372 2608 4424 λοιπὸν
2671 4367 2819 4426 οῦτοι
2873 4372 3122 4441 λέγουσιν
3188 4368 3328 4426 εῖναι
3383 4374 3478 4427 τοῦ
3527 4374 3663 4427 Θεοῦ
3721 4377 4014 4450 θεότητας,

2427 4467 2555 4533 μίαν
2582 4467 2825 4536 κτιστὴν,
2863 4467 2956 4518 καὶ
3007 4466 3176 4534 ἄλλην
3229 4468 3510 4521 ἄκτιστον.
3567 4470 3724 4524 Οῦτω
3778 4471 4019 4538 φιλονει-

2347 4577 2391 4629 D
2425 4556 2579 4606 κοῦσι
2621 4557 2830 4618 πάντας
2877 4558 3003 4618 τοὺς
3044 4557 3107 4609 ὲκ
3165 4557 3400 4610 παλαιοῦ
3453 4559 3782 4626 κακοδόξους
3839 4563 4014 4635 ὑπερ-

2422 4645 2584 4715 ϐῆναι
2621 4650 2685 4716 τῇ
2719 4648 3024 4719 δυσσεόείᾳ.

2495 4738 2638 4809 ρμθ’.
2675 4741 2895 4793 Ἀλλοτε
2957 4741 3012 4794 δὲ
3059 4741 3158 4811 τὴν
3192 4741 3398 4794 οἰκείαν
3431 4745 3757 4811 κακοδοξίαν
3786 4753 4019 4804 συσκιά-

2423 4829 2535 4894 ζειν
2567 4833 2970 4903 μηχανώμενοι,
2995 4834 3089 4886 καὶ
3114 4835 3372 4888 ἄκτιστον
3406 4835 3624 4904 λέγουσι
3645 4840 3705 4891 τὸ
3733 4841 3793 4892 ὲν
3823 4841 4020 4896 816w-

2425 4923 2527 4993 ρίῳ
2554 4924 2778 4993 λάμψαν
2808 4926 2945 4992 φῶς,
2981 4927 3075 4978 καὶ
3133 4926 3323 4978 οὐσίαν
3375 4922 3516 4980 εἶναι
3567 4928 3662 4982 τοῦ
3687 4930 3848 4995 Θεοῦ,
3885 4935 4020 4987 πολ-

2421 5015 2641 5078 λαπλῶς
2686 5017 2794 5069 κάν
2836 5016 3011 5086 τούτῳ
3049 5016 3518 5086 βλασφημοῦντες.
3564 5019 3715 5072 Ἐπεὶ
3765 5022 3878 5093 γὰρ
3914 5027 4021 5079 ὑπὸ

2422 5109 2532 5160 τῶν
2591 5109 2904 5161 ἀποστόλων
2959 5111 3200 5179 ἑώραται
3254 5110 3316 5162 τὸ
3371 5111 3488 5178 φῶς
3541 5113 3738 5176 ἐκεῖνο,
3808 5117 4020 5188 όρατὴν

2425 5200 2611 5253 λοιπὸν
2635 5197 2773 5254 εἶναι
2818 5200 3004 5264 κακῶς
3036 5201 3293 5271 φρονοῦσι
3344 5203 3444 5271 τὴν
3486 5204 3676 5258 οὐσίαν
3705 5207 3802 5259 τοῦ
3831 5209 3971 5262 Θεοῦ
4001 5251 4019 5264 .

2439 5293 2579 5344 Ἀλλ’
2615 5293 2965 5346 ἀκουέτωσαν
2995 5294 3090 5346 τοῦ
3118 5282 3391 5361 λέγοντοςο
3417 5297 3606 5360 Οὐδεὶς
3632 5298 3762 5369 ἔστη
3793 5302 3851 5352 ὲν
3884 5303 4022 5357 ὑπο-

2416 5385 2687 5452 στήματι,
2725 5385 2821 5437 καί
2848 5385 3035 5437 οὐσίαν
3089 5385 3247 5451 Θεοῦ,
3278 5388 3374 5439 καὶ
3415 5387 3551 5441 Θεοῦ
3583 5389 3744 5457 φύσιν
3780 5393 3812 5463 ἢ
3849 5389 4018 5461 εἶδεν,

2429 5475 2461 5541 ἢ
2514 5475 2895 5544 ἐξηγόρευσεν.
2955 5476 3066 5529 Καὶ
3123 5480 3199 5546 μὴ
3241 5480 3404 5547 μόνον
3459 5482 3636 5545 οὐδεὶς
3683 5484 4018 5555 ἀνθρώπων,

2430 5567 2543 5620 ἀλλ’
2561 5567 2681 5620 οὐδὲ
2710 5569 2814 5620 τῶν
2836 5567 3084 5636 ἀγγέλων
3104 5584 3117 5597 ⁸
3144 5572 3236 5621 καὶ
3259 5571 3400 5623 αὐτὰ
3428 5573 3536 5643 γὰρ
3570 5574 3637 5625 τὰ
3668 5575 4020 5647 ἑξαπτέρυγα

2431 5659 2701 5730 Σεραφὶμ,
2759 5661 2852 5712 καὶ
2897 5661 3033 5730 πρὸς
3077 5661 3248 5731 αὐτὴν
3277 5663 3378 5733 τὴν
3400 5665 3703 5736 ὑπερϐολὴν
3738 5672 3840 5739 τῆς
3873 5674 4020 5724 ἐκεῖ·

2431 5751 2524 5805 θεν
2599 5753 3023 5823 ὲκπεμπομένης
3078 5754 3421 5824 ὲλλάμψεως,
3464 5761 3583 5821 ταῖς
3638 5760 3867 5829 πτέρυξι
3921 5781 4021 5814 πε-

2435 5843 2755 5918 ρικαλύπτει
2783 5845 2880 5909 τὰς
2905 5844 3076 5907 δὼεις.
3129 5845 3282 5898 Ἐπεὶ
3323 5846 3451 5913 γοῦν
3488 5849 3699 5903 οὐδέσιν
3735 5853 3857 5906 οὺδέ
3889 5873 4020 5908 ποτε
