4224 6464
692 370 824 433 ιερτ
1917 362 2305 423 οιιεοοιιιι
2353 362 2683 426 PALAMIF.
3791 359 3924 428 1-223

686 498 863 540 autem
901 484 1035 535 bona
1064 482 1116 535 in
1145 495 1259 535 ενι)
1292 479 1497 542 iuturo,
1530 487 1656 532 sunt
1707 481 1961 551 mysteria
2017 494 2251 547 cvange-
2280 482 2327 536 Α

2371 479 2539 547 μόνοις
2564 478 2619 527 ἐν
2651 470 2926 541 Ιινεύματι
2955 467 3338 539 προορώμενα.
3375 467 3454 518 Τὰ
3486 467 3531 518 δ’
3555 467 3930 534 ἐπηγγελμένα

690 577 807 627 line
841 575 981 633 vilic,
1010 572 1092 624 his
1114 585 1251 638 quos
1286 570 1512 638 spiritus
1546 571 1749 622 visione
1779 571 2052 640 dignatur,
2084 578 2137 622 et
2166 568 2252 621 his

2371 573 2468 631 τοῖς
2510 567 2690 635 ἁγίοις
2732 563 2913 632 ἀγαθὰ
2960 561 3102 615 κατὰ
3147 561 3237 612 τὸν
3291 562 3464 612 αἰῶνα
3514 560 3605 612 τὸν
3655 561 3932 628 μέλλοντα.

685 666 753 718 ad
787 677 1119 726 mensuram,
1152 660 1307 729 quasi
1361 661 1415 713 in
1472 660 1717 729 pignoris
1791 669 1966 729 parte.
2017 658 2140 714 data
2197 669 2253 712 et

2371 661 2455 729 τῆς
2482 659 2623 711 κατὰ
2651 657 2710 709 τὸ
2756 653 3088 722 Εὐαγγὲλιον
3135 652 3413 712 πολιτείας
3467 653 3582 703 ἐστὶ
3633 655 3934 721 μυστήρια,

685 757 930 823 praivisa.
957 752 1538 821 Seil.queiiiadinodum
1565 753 1609 806 si
1631 751 1753 813 quis
1773 761 1896 805 tunc
1919 751 2248 815 Juilaaoriiin,

2371 755 2467 814 τοῖς
2498 749 2586 803 διὰ
2615 747 2706 800 τοῦ
2730 745 3048 815 Πνεῦματος
3080 745 3212 814 δρᾷν
3242 743 3698 813 ἠξιωμένοις,κα“ι
3729 745 3936 806 τούτοις

685 857 790 895 non
822 859 941 896 cum
971 843 1266 910 gratiarum
1301 841 1514 895 actione
1539 841 1769 896 audiens
1793 842 2087 911 prophetas
2116 856 2247 908 pro-

2371 843 2617 913 tttplwc,
2647 841 2722 904 ὡς
2753 842 2809 892 ἐν
2847 836 3168 909 ἀρραϐὦνος
3207 835 3390 906 μέρει,
3448 835 3701 905 διδόμενά
3743 853 3802 886 τε
3846 838 3935 887 καὶ

683 933 860 987 {antes
897 933 1128 986 Verbum
1154 942 1207 985 et
1231 931 1494 1001 Spiritum
1525 933 1615 986 Dei
1658 944 1974 1001 retentaque
1999 948 2062 984 ac
2107 947 2249 986 sem-

2371 932 2736 1006 τιροορώμενα.
2790 929 2928 983 Ἀλλ’
2959 926 3149 998 ὥσπερ
3173 929 3225 979 ei
3243 943 3326 989 τις
3359 928 3478 980 τότε
3505 929 3613 981 τῶν
3641 928 3938 992 Ἰουδαίων,

683 1026 916 1094 pitcriia,
946 1037 1114 1076 aures
1143 1022 1506 1088 cohibuisset,
1549 1023 1735 1077 audire
1761 1027 1909 1077 visus
1939 1038 2094 1078 voces
2125 1023 2241 1091 pie-

2371 1029 2434 1096 μὴ
2469 1025 2586 1096 μετ’
2625 1021 2973 1094 εὐχαριστίας
3013 1021 3228 1074 ἁκούων
3267 1019 3378 1071 τῶν
3416 1019 3715 1089 προφητῶν
3748 1018 3939 1084 λεγόν-

683 1117 776 1168 taii
806 1117 1017 1179 vetitas,
1047 1123 1099 1166 et
1134 1115 1250 1168 voci
1286 1130 1312 1165 a
1341 1114 1440 1184 piis
1472 1117 1723 1168 admissa:
1768 1115 2094 1181 contrarias,
2128 1115 2245 1168 voci

2371 1136 2464 1172 των
2492 1117 2672 1186 λόγον,
2690 1118 2783 1170 καὶ
2807 1114 3026 1184 Πνεῦμα
3051 1111 3210 1177 Θεοῦ,
3229 1111 3478 1164 συναῖδιά
3497 1129 3554 1164 τε
3579 1112 3673 1163 καὶ
3700 1112 3936 1182 προαιὼ-

683 1221 878 1275 nempe
939 1205 1191 1259 dicenti:
1237 1223 1254 1256 i
1294 1203 1552 1258 Dominus
1611 1203 1752 1258 Deus
1810 1215 1934 1259 tuus
1989 1204 2250 1260 Dominus

2371 1227 2464 1275 ita,
2506 1208 2768 1277 συνέσχεν
2799 1205 2865 1260 ἂν
2930 1206 2998 1258 τὰ
3048 1199 3184 1266 ὦτα,
3240 1202 3413 1256 δοκῶν
3457 1204 3939 1272 ἀπηγορευμένων

682 1313 821 1350 unus
847 1309 928 1350 est
959 1297 1006 1328 ⁸⁸
1049 1316 1067 1348 ι
1125 1298 1262 1351 idem
1298 1297 1476 1350 forsan
1529 1309 1582 1353 et
1613 1314 1752 1352 iitiiic
1784 1299 1831 1352 ei
1869 1298 2138 1352 accideret
2159 1297 2247 1368 qui

2371 1301 2578 1357 ixozittv
2610 1304 2675 1372 τῆ
2710 1298 2966 1368 εὐσεϐείᾳ
2995 1298 3211 1367 φωνῶν,
3251 1297 3343 1349 καὶ
3370 1296 3468 1366 τῆς
3511 1295 3941 1364 ἀνωμολογημέ-

682 1402 785 1438 ιιοιι
815 1402 935 1438 cum
973 1390 1169 1455 pietate
1197 1388 1411 1440 audiret
1441 1399 1564 1440 nota
1594 1389 1722 1442 solis
1771 1389 1972 1444 virtute
2029 1391 2250 1445 mundis

2371 1412 2452 1465 mc
2484 1394 2597 1455 τοῖς
2619 1391 2872 1443 εὐσεϐέσι
2906 1389 3086 1458 φωνῆς
3116 1386 3374 1438 ἐναντίων
3404 1401 3419 1417 ο
3455 1385 3703 1453 δηλονότι
3725 1388 3826 1454 τῆς
3852 1385 3940 1434 λε-

682 1479 937 1547 mysteria
969 1480 1221 1547 Spiritus.
1289 1479 1356 1533 Et
1405 1483 1551 1535 sicut
1611 1482 1787 1536 adhuc
1841 1482 2248 1551 praedictionum

2371 1484 2566 1554 γοὺσης
2589 1501 2602 1513 ·
2643 1502 2660 1534 ι
2688 1481 2890 1553 Κύριος
2945 1481 2974 1532 ὁ
3001 1479 3132 1540 Θεός
3169 1495 3285 1539 σου,
3330 1475 3534 1545 Κύριος
3570 1469 3650 1537 εἷς
3697 1475 3845 1527 ἐστιν
3873 1491 3885 1503 ·
3919 1496 3938 1526 θ

683 1571 892 1624 illarum
915 1575 1094 1626 exitus
1123 1589 1359 1626 consona
1400 1575 1685 1628 evidentiae
1717 1574 2088 1629 manifestavit
2150 1591 2248 1628 an-

2371 1577 2500 1632 ιῦτω
2529 1577 2621 1628 καὶ
2653 1574 2746 1627 νῦν
2781 1575 2921 1642 τάχα
2950 1570 3016 1625 ἂν
3054 1570 3197 1640 πάθῃ
3238 1586 3341 1631 τις,
3394 1569 3470 1638 μὴ
3501 1567 3620 1636 μετ’
3655 1567 3942 1629 εὐλαϐείας

683 1663 828 1731 tiqua
865 1665 1146 1731 mysteria,
1179 1675 1233 1718 et
1299 1667 1570 1719 credimus
1616 1680 1760 1719 nunc
1818 1667 1869 1719 in
1924 1664 2139 1719 Patrem
2195 1675 2250 1719 et

2371 1669 2572 1724 ὶκούων
2611 1668 2720 1721 τῶν
2771 1667 2953 1736 μόνοις
2982 1663 3348 1731 ἐγνωσμένων
3384 1663 3495 1722 τοῖς
3518 1659 3588 1713 δι’
3615 1659 3819 1730 ἀρετὴν
3850 1677 3942 1712 xs-

681 1755 872 1809 Filium
899 1767 952 1810 et
980 1757 1238 1827 Spiritum
1263 1768 1532 1824 sanctum,
1589 1759 1927 1812 divinitatem
2002 1759 2249 1828 personis
2285 1820 2323 1833 λ

2371 1761 2726 1833 καθαρμένοις
2767 1756 3080 1827 μυστηρίων
3103 1753 3195 1806 τοῦ
3224 1751 3562 1822 Πνεῦματος.
3600 1750 3944 1820 Ἀλλ’ὥσπερ

683 1849 900 1912 trinam,
935 1863 1099 1902 unam
1134 1859 1187 1903 et
1209 1851 1509 1917 simplicem
1534 1861 1782 1902 naturain
1814 1850 2248 1918 incompositam,
2286 1843 2324 1874 ⁰

2371 1850 2512 1918 ιῦθις
2542 1856 2575 1923 ἡ
2611 1854 2718 1905 τῶν
2751 1849 3108 1921 προρρήσεων
3136 1845 3362 1898 ἐκείνων
3392 1844 3639 1907 ἔκϐασις,
3672 1843 3944 1913 σύμφωνα

688 1940 1012 2002 ini-reatam,
1071 1943 1420 2009 iiivisiliilem,
1495 1942 2142 2012 int-omprelieiisibileiii;
2176 1943 2247 1994 ita

2371 1950 2469 2009 τοῖς
2532 1945 2786 2016 φανεροῖς
2816 1939 3050 2003 ἀνέδειξε
3093 1938 3161 1990 τὰ
3189 1939 3310 1990 τότε
3367 1937 3668 2006 μυστήρια,
3708 1937 3804 1988 καὶ
3849 1951 3942 1985 me

682 2042 737 2084 et
769 2034 932 2085 lttturi
968 2033 1150 2086 saeculi
1206 2034 1482 2102 mysteria,
1553 2034 1603 2086 in
1663 2033 1892 2104 propriis
1922 2034 2251 2100 temporibus

2371 2039 2624 2108 στεύομεν
2664 2037 2760 2089 νῦν
2790 2038 2868 2096 εἰς
2895 2033 3136 2102 Πατέρα,
3161 2033 3254 2083 καὶ
3277 2029 3425 2093 Υίὸν,
3458 2030 3552 2080 καὶ
3587 2027 3743 2095 ἆγιον
3771 2024 3944 2078 Πνεῦ-

685 2125 1046 2187 manifestata,
1077 2142 1169 2194 per
1197 2125 1523 2180 iiietiabilein
1543 2127 1702 2179 unius
1728 2125 1821 2179 Dei
1851 2127 1904 2179 in
1925 2128 2098 2181 tribus
2122 2141 2249 2195 per-

2371 2151 2456 2202 μα,
2485 2132 2725 2200 Θεότητα
2742 2127 3196 2200 τρισυπόστατον,
3224 2123 3353 2195 μίαν
3368 2123 3531 2191 φύσιν
3551 2122 3748 2192 ἁπλῆν,
3775 2120 3943 2173 ἀσύν-

683 2219 832 2270 sonis
886 2217 1141 2285 perfectis
1207 2219 1615 2282 revelationem,
1650 2233 1887 2273 conscita
1928 2220 2074 2272 omni
2137 2221 2251 2273 evi-

2371 2224 2530 2286 θετον,
2563 2223 2838 2286 ἄκτιστον,
2859 2219 3112 2290 ἀόρατον,
3132 2216 3518 2286 ἀπερινόητον·
3548 2212 3692 2268 οὕτω
3717 2213 3813 2266 καὶ
3844 2212 3942 2266 τοῦ

686 2310 883 2364 deiitize
913 2311 1290 2366 ostendentur.
1323 2311 1552 2378 Uportet
1584 2320 1764 2364 tamen
1793 2311 1844 2364 id
1877 2311 2041 2371 etiam
2068 2320 2248 2366 atten-

2371 2316 2645 2383 μέλλοντος
2675 2313 2893 2376 αἰῶνος,
2925 2314 2982 2365 ἐν
3009 2311 3219 2380 καιροῖς
3251 2308 3401 2371 ἰδίοις
3431 2305 3936 2375 ἀποκαλυφθέντος,

683 2404 814 2454 dere
843 2417 856 2452 ι
892 2413 968 2467 ιιι,
996 2404 1249 2470 quamvis
1277 2403 1574 2458 novissime
1603 2403 1851 2458 terminis
1885 2411 2044 2457 terra:
2099 2419 2254 2459 reve-

2371 2406 2502 2461 κατὰ
2554 2405 2653 2472 τὴν
2705 2404 2984 2474 ἄφραστον
3017 2400 3283 2468 έκφανσιν
3313 2397 3408 2450 τοῦ
3443 2399 3499 2449 ἐν
3532 2398 3682 2467 τρισὶ
3706 2395 3943 2457 τελείαις

685 2491 788 2542 lata
805 2490 877 2542 sit
894 2490 1196 2543 divinarum
1218 2506 1569 2558 personarum
1590 2491 1832 2548 Trinitas
1855 2493 2062 2547 ratione
2123 2491 2256 2548 Uni-

2371 2497 2718 2553 δποστάσεσιν
2749 2497 2867 2558 ἐνὸς
2898 2493 3058 2560 Θεοῦ,
3097 2492 3366 2562 σύμφωνα
3404 2493 3517 2553 τοῖς
3571 2492 3736 2542 πᾶσιν
3769 2492 3943 2559 ἐκφαο

687 2586 810 2634 tatis
838 2583 1059 2635 minime
1079 2583 1378 2645 destructa,
1397 2585 1675 2653 prophetis
1700 2595 1875 2639 tamen
1923 2587 2028 2640 illis
2089 2589 2255 2641 etiam

2371 2593 2579 2661 μήσεται
2607 2590 2718 2650 τοῖς
2758 2588 3012 2656 φανεροῖς
3039 2584 3105 2637 τὰ
3137 2585 3433 2654 μυστήρια.
3473 2585 3563 2634 Δεῖ
3609 2582 3794 2652 μέντοι
3839 2584 3942 2633 κά-

685 2681 810 2727 atite
831 2690 1009 2727 rerum
1036 2687 1290 2728 eventum
1313 2676 1553 2743 perfecte
1583 2681 2014 2746 cognoscebatur
2037 2679 2256 2734 iisdem-

2371 2684 2506 2735 icsi.o
2527 2680 2750 2732 σκοπεῖν
2774 2693 2788 2704 ·
2817 2676 2891 2739 ὼς
2921 2677 2969 2726 εἰ
3007 2676 3100 2726 καὶ
3138 2675 3248 2736 τοῖς
3284 2673 3488 2742 πέρασι
3535 2673 3632 2740 τῆς
3658 2672 3761 2738 γῆς
3788 2670 3938 2722 ῦστε⁸

684 2780 788 2830 que
805 2765 1152 2819 credentibus
1175 2768 1285 2834 jam
1309 2777 1437 2819 tunc
1449 2769 1885 2836 acceptissimum
1907 2778 2046 2835 erat,
2067 2772 2255 2825 eodem

2371 2791 2454 2843 ρον
2511 2769 2746 2838 ἐξεφάνη
2788 2767 2852 2819 τὸ
2897 2764 3329 2834 τρισυπόστατον
3385 2762 3488 2830 τῆς
3532 2762 3822 2831 Θεότηῖος,
3869 2761 3946 2828 τῷ

688 2859 843 2910 modo
868 2861 1029 2910 etiam
1059 2875 1200 2911 nunc
1225 2859 1432 2912 scimiis
1481 2871 1534 2912 et
1593 2863 1920 2914 ceiiiitemur
1974 2878 2255 2917 sermones

2371 2865 2505 2933 λόγῳ
2533 2865 2631 2930 τῆς
2660 2859 2982 2930 μοναρχίας,
3015 2855 3286 2926 μηδαμῶς
3334 2854 3766 2924 λυμαινόμενον,
3812 2852 3948 2904 ἀλλὰ

686 2965 801 3002 sive
824 2959 1010 3017 aperte
1034 2949 1359 3018 prasdiCatos
1382 2952 1802 3021 niysticedigiiis
1831 2954 1882 3005 iii
1912 2954 2102 3021 spiritu
2125 2970 2256 3022 pra:-

2371 2960 2472 3018 τοῖς
2507 2954 2816 3023 προφήταις
2851 2951 3104 3011 ἐκείνοις,
3135 2949 3230 3000 καὶ
3259 2947 3367 3017 πρὸ
3395 2950 3493 3016 τῆς
3533 2945 3814 3008 ἐκϐάσεως
3837 2946 3948 2998 τῶν

689 3051 1020 3096 monstratos
1051 3060 1063 3094 :
1097 3043 1186 3096 alii
1228 3043 1443 3112 quidem
1493 3047 1826 3111 experientia
1880 3046 2078 3111 edocti,
2133 3049 2255 3114 qni-

2371 3046 2724 3119 πραγμάτοιν,
2777 3041 3024 3112 ἀκριϐῶς
3063 3038 3418 3107 ἐγινώσκετο,
3457 3037 3552 3090 καὶ
3594 3039 3708 3100 τοῖς
3760 3039 3947 3099 αὐτοῖς

703 3151 918 3201 iiiiique
957 3151 1132 3187 rerum
1173 3136 1497 3201 possessioni
1555 3137 1943 3205 hominumque
1987 3138 2174 3207 gloriae
2200 3149 2254 3194 et
2280 3175 2327 3235 ο

2371 3135 2659 3206 τηνικαῦτα
2703 3133 3070 3202 πειθομένοις,
3102 3128 3518 3199 εὐπαράδεκτον
3545 3123 3647 3197 ἦν’
3686 3128 3780 3179 τὸν
3836 3129 3949 3179 ἴσον

691 3224 848 3278 iuedzs
881 3228 1124 3294 corporis
1148 3226 1518 3294 voluptatibus
1545 3227 1610 3280 ad
1642 3231 2253 3296 aiiiplecteiidaiiievan-
2282 3219 2327 3235 ’⁸

2371 3234 2469 3300 ιρι
2494 3229 2720 3301 τρόπον,
2761 3225 2881 3279 οὐδὲ
2940 3223 3036 3277 νῦν
3084 3223 3212 3286 τοὺς
3264 3221 3459 3289 λόγους
3506 3219 3606 3290 τῆς
3654 3219 3951 3291 ὁμολογίας

690 3321 912 3385 gelicani
938 3318 1100 3370 vitam
1125 3334 1226 3370 non
1274 3318 1447 3372 solum
1476 3318 1946 3384 renuntiaverunt,
1973 3323 2065 3372 sed
2091 3322 2254 3373 etiam

2371 3319 2808 3390 ἀγνοοῦμεν,τῶν
2830 3334 2888 3371 τε
2912 3315 3198 3386 παρρησίᾳ.
3232 3316 3681 3384 κηρυττομὲνων,
3712 3314 3810 3365 καὶ
3843 3313 3951 3364 τῶν

689 3410 832 3464 hanc
862 3411 1388 3462 iihrentintiatiouein
1406 3409 1712 3464 obedientia
1739 3413 2030 3465 coaitaiieis
2053 3412 2257 3467 Christi

692 3500 1172 3562 conﬁrmaverunt,
1202 3501 1304 3553 sibi
1337 3499 1482 3552 enim
1512 3510 1567 3552 et
1603 3499 1707 3555 Deo
1745 3516 1842 3569 per
1871 3503 2108 3571 quietem
2140 3503 2258 3556 sine

693 3594 1358 3654 sollicitudinevacantes,
1390 3603 1444 3644 et
1507 3592 1619 3660 iugi
1671 3596 1923 3648 oratione
1975 3611 2137 3663 supra
2199 3611 2259 3650 se

694 3683 1132 3747 asceiidentes,et
1167 3686 1442 3754 conjuncti
1476 3685 1583 3739 Deo
1605 3701 1699 3754 per
1717 3687 1999 3756 mysticam
2030 3699 2086 3742 ct
2116 3689 2259 3743 iniu-

696 3776 1030 3843 tclligibilein
1095 3793 1218 3830 cum
1277 3794 1342 3831 en
1403 3781 1682 3843 unionem,
1747 3795 1865 3848 quze
1909 3793 2038 3836 sunt
2093 3800 2257 3854 supra

698 3882 935 3923 tuentem
983 3872 1123 3925 docti
1184 3881 1350 3939 sunt;
1396 3872 1486 3925 alii
1545 3888 1670 3926 vero
1729 3874 1921 3928 initiati
1980 3885 2105 3929 sunt
2165 3892 2262 3931 sua

695 3977 822 4031 erga
852 3964 949 4014 lios
978 3962 1344 4027 veneratione,
1380 3964 1485 4016 llde
1515 3979 1579 4017 ac
1603 3967 1919 4021 dilectione.
1981 3969 2072 4022 Sic
2099 3969 2263 4037 igitur

697 4065 750 4105 et
783 4070 903 4118 nos,
941 4054 1220 4109 audientes
1248 4069 1500 4123 magnum
1543 4055 1857 4128 Dionysium
1913 4058 1968 4112 in
2026 4061 2262 4116 secunda

696 4146 760 4198 ad
793 4144 980 4199 Caium
1011 4146 1234 4214 epistola
1259 4149 1522 4202 dicentem
1551 4165 1563 4201 :
1597 4169 1615 4200 ι
1645 4149 1900 4204 Deiiicuin
1941 4150 2031 4206 Dei
2064 4153 2262 4207 donum

696 4253 816 4293 esse
848 4238 1189 4294 divinitatem
1224 4250 1277 4294 et
1335 4242 1552 4296 deitatis
1602 4244 1950 4312 principium,
2024 4253 2079 4298 et
2137 4247 2265 4300 iuni

701 4333 921 4394 fontem,
960 4341 1013 4386 et
1046 4335 1258 4387 dantem
1286 4333 1423 4388 hanc
1445 4336 1673 4403 gratiam
1695 4336 1873 4404 dignis
1899 4337 2065 4390 Deum
2097 4355 2262 4408 supra

701 4427 838 4476 hanc
869 4424 1210 4477 divinitatem
1236 4439 1358 4478 esse
1390 4425 1687 4479 credimus.
1727 4444 1744 4476 ι
1800 4424 2262 4495 Miiltiplicitatem

701 4521 841 4570 enim
875 4516 1015 4571 Deus
1044 4533 1150 4571 non
1183 4520 1407 4586 patitur,
1441 4533 1539 4572 nec
1562 4516 1700 4571 duas
1759 4518 1838 4572 sic
1881 4519 2079 4588 aliquis
2135 4523 2266 4576 dicit
2303 4508 2344 4559 Ῐ)

701 4609 1037 4662 divinitates.
1070 4609 1138 4661 At
1183 4609 1326 4663 hanc
1362 4609 1610 4663 deiﬁcam
1675 4611 1769 4664 Dei
1820 4617 2048 4682 gratiam
2107 4616 2266 4670 divus

699 4699 968 4753 Maximus
998 4703 1063 4754 de
1094 4699 1483 4756 Melchisedech
1513 4704 1760 4757 scribens
1791 4705 2091 4758 increatain
2145 4723 2264 4760 csse

700 4798 1053 4858 demonstrat,
1087 4801 1141 4845 et
1169 4807 1384 4859 semper
1411 4798 1704 4861 procedere
1759 4810 1788 4848 a
1851 4811 2069 4866 semper
2120 4799 2268 4852 essi-

702 4893 876 4936 stcntc
901 4882 1009 4936 Deo
1039 4899 1057 4948 ;
1089 4894 1144 4936 et
1171 4883 1295 4936 alibi
1324 4899 1464 4951 szepe
1489 4884 1666 4939 lumen
1697 4887 1826 4939 illud
1864 4899 2058 4942 vocati
2099 4890 2268 4944 lucem

701 4977 994 5044 ingenitam
1019 4979 1568 5046 sulistaiitialemque,
1592 4989 1646 5031 et
1682 4981 1879 5048 ilignis,
1901 4982 2119 5048 quando
2144 4984 2271 5036 lacti

700 5077 826 5121 sunt
860 5069 1024 5138 digni,
1063 5069 1483 5134 manifestatatu,
1522 5072 1615 5124 sed
1643 5087 1747 5124 non
1776 5082 1904 5125 tunc
1939 5074 2158 5136 factam,
2218 5085 2273 5127 ct

699 5160 874 5213 lucetn
907 5159 1189 5214 itieﬂ'iibilis
1209 5162 1417 5228 gloritn,
1447 5169 1497 5214 el
1523 5165 1833 5231 angelorum
1863 5165 2205 5219 munditiam.
2246 5184 2265 5217 ι

703 5253 925 5321 Magnus
951 5263 1129 5306 autem
1181 5251 1451 5307 Macarius
1507 5255 1637 5306 illud
1703 5267 2025 5323 nuncupatt
2089 5260 2269 5310 iiii-or-

701 5346 966 5414 μηλιιὶιιιη
1001 5361 1206 5408 escam,
1233 5357 1286 5398 et
1319 5346 1546 5412 gloriam
1572 5359 1778 5400 natum
1831 5347 2049 5410 divinae,
2082 5358 2137 5401 et
2184 5347 2268 5400 ίυο

707 5439 812 5489 tiiii
843 5438 1022 5490 saeculi
1051 5436 1535 5506 pulchritudinem,
1569 5439 1745 5506 ignem
1779 5439 2041 5491 divimum
2071 5455 2131 5491 ac
2173 5457 2266 5493 su-

702 5535 1102 5606 pCICCBlCSlelll,
1133 5527 1603 5583 luiiieiiiiieiiabile
1627 5540 1681 5585 et
1732 5531 2113 5594 iiitellectuale,
2184 5547 2264 5583 ar-

708 5634 859 5684 rhani
893 5626 1128 5697 Spiritus
1151 5626 1346 5688 sancti,
1375 5625 1641 5678 laetiﬁcum
1675 5624 1980 5680 sanctitatis
2013 5625 2213 5678 oleum.
2242 5610 2270 5674 ι

819 5812 862 5845 ιι
931 5814 1092 5869 itm.
1131 5829 1228 5881 Ml,
1268 5812 1348 5866 ιιι.

2368 3412 2644 3484 μυστικῶς
2685 3412 2744 3462 ἐν
2769 3409 3048 3479 Ιινεύματι
3085 3409 3197 3470 τοῖς
3247 3406 3422 3470 ἀξίοις
3474 3407 3948 3475 προφαινομένων·

2366 3507 2415 3557 ol.
2449 3504 2547 3573 p.tv
2578 3503 2715 3571 αὐτῇ
2746 3505 2812 3571 τῇ
2864 3499 3033 3570 πείρᾳ
3069 3496 3438 3569 μεμυημένοι.
3474 3497 3591 3549 ὅσοι
3642 3499 3710 3565 τῇ
3736 3513 3798 3549 τε
3845 3497 3954 3550 τῶν

2368 3595 2666 3666 χρημάτων
2699 3594 2913 3661 κτήσει,
2956 3591 3052 3643 καὶ
3073 3593 3139 3661 τῇ
3176 3590 3284 3642 τῶν
3325 3588 3634 3658 ἀνθρώπων
3673 3589 3826 3660 δόξῃ,
3862 3592 3956 3642 καὶ

2371 3691 2490 3751 ταῖς
2513 3689 2784 3757 σωμάτων
2813 3687 2874 3738 οὑ
2902 3684 3095 3746 καλαῖς
3126 3683 3364 3752 ἡδοναῖς,
3395 3682 3484 3737 διὰ
3511 3683 3612 3750 τὴν
3654 3683 3954 3750 Εὑαγγελι-

2371 3784 2474 3850 κὴν
2510 3781 2852 3845 ἁπετάξαντο
2895 3778 3061 3847 ζωὴν,
3097 3779 3159 3831 οὐ
3221 3778 3382 3846 μόνον
3405 3777 3482 3842 δὲ,
3533 3777 3670 3830 ἀλλὰ
3720 3779 3957 3848 xxi-sip

2371 3873 2654 3944 άποταγὴν
2676 3872 2903 3940 ταύτην,
2959 3871 3048 3924 διὰ
3101 3869 3200 3940 τῆς
3259 3872 3396 3939 πρὸς
3426 3871 3550 3934 τοὺς
3603 3871 3663 3923 ἐν
3697 3873 3787 3954 τῇ.
3818 3875 3959 3923 κατὰ

2373 3969 2604 4039 Χριστὸν
2630 3966 2815 4036 ἡλικίᾳ
2844 3964 3224 4035 προσήκοντας
3257 3963 3598 4016 ἐϐεϐαίωσαν
3633 3965 3918 4033 ὑποταγῆς
3941 3980 3952 3992 ·

2375 4065 2586 4125 ἑαυτοῖς
2612 4061 2740 4129 γὰρ,
2775 4059 2871 4112 καὶ
2897 4057 2975 4129 τῷ
3003 4054 3122 4127 Θεῷ
3141 4055 3207 4109 δι’
3232 4056 3462 4126 ἡσυχίας
3501 4057 3955 4127 ἀπεριμερίμνως

2376 4155 2757 4226 σχολάσαντες,
2798 4151 2894 4204 καλ⁵
2930 4149 3019 4226 διὰ
3073 4148 3388 4218 προσευχῆς
3428 4149 3781 4217 εἰλικρινοῦς,
3815 4149 3958 4218 ὑπὲρ

2377 4249 2602 4309 ἑαυτοὺς
2628 4246 2931 4315 γενόμενοι,
2971 4241 3065 4296 καὶ
3112 4241 3396 4309 γεγονότες
3432 4244 3490 4293 tv
3538 4241 3680 4312 Θεῷ,
3716 4243 3810 4294 διὰ
3857 4243 3957 4312 τῆς

2373 4340 2508 4409 πρὸς
2539 4337 2704 4391 αὑτὸν
2741 4336 3011 4406 μυστικῆς
3057 4336 3199 4405 ὑπὲρ
3229 4334 3354 4388 νοῦν
3401 4333 3672 4400 ἐνώσεως,
3720 4336 3792 4389 τά
3823 4337 3967 4408 ὑπὲρ

2370 4431 2495 4484 νοῦν
2517 4427 2859 4498 ἐμυήθησαψ
2879 4428 2927 4479 οἱ
2950 4427 3029 4490 δὲ,
3063 4429 3129 4496 τῇ
3162 4426 3298 4495 πρὸς
3323 4426 3451 4486 τοὺς
3479 4426 3762 4489 τοιούτους
3801 4429 3964 4480 αίδοῖ.

2371 4523 2464 4575 καὶ
2500 4520 2702 4584 πίστει,
2731 4519 2825 4572 καὶ
2847 4520 3070 4588 στοργῇ.
3104 4517 3261 4570 Οὕτω
3298 4517 3481 4568 τοίνυν
3518 4517 3614 4569 καὶ
3646 4518 3834 4586 ἡμεῖς.
3870 4519 3966 4570 τοῦ

2373 4613 2612 4685 μεγάλου
2633 4611 2910 4664 Διονυσίου
2935 4611 3182 4677 λέγοντος
3207 4609 3522 4672 ἀκούοντες,
3550 4610 3609 4660 ἐν
3632 4611 3702 4679 τῇ
3731 4611 3968 4681 δευτέρᾳ

2371 4706 2504 4777 πρὸς
2540 4707 2699 4758 Γάϊον
2735 4705 2995 4774 ἐπιστολῇ
3019 4719 3030 4730 °
3071 4703 3146 4754 Τὸ
3174 4702 3271 4754 τοῦ
3309 4702 3446 4755 Θεοῦ
3479 4701 3730 4755 θεοποιδν
3763 4703 3963 4773 δῶρον,

2371 4800 2622 4868 θεότητα,
2667 4800 2762 4850 καὶ
2792 4797 3054 4868 θεαρχίαν
3093 4796 3187 4849 κα)⁵
3214 4795 3578 4865 ἀγαῦαρχίαν,
3612 4797 3706 4847 καὶ
3744 4796 3836 4848 τὸν
3866 4796 3966 4866 τὴν

2369 4894 2530 4962 χάριν
2547 4890 2749 4959 ταύτην
2770 4892 2880 4952 τοῖς
2902 4888 3076 4953 ἀξίοις
3099 4889 3406 4957 παρέχοντα
3423 4887 3575 4952 Θεὸν,
3594 4887 3736 4957 ὑπὲρ
3757 4887 3964 4957 ταύτην

2368 4983 2468 5053 τὴν
2493 4981 2724 5049 θεότητα
2753 4977 2893 5032 εἶναι
2921 4978 3247 5047 πειθόμεθα.
3276 4978 3414 5030 [Ιολυ
3426 4977 3774 5046 πλασιασμδν
3794 4978 3906 5045 γὰρ
3932 4979 3959 5028 δ

2371 5075 2505 5138 Θεὸς
2536 5075 2596 5127 οὐ
2628 5075 2857 5145 πάσχει,
2911 5073 3031 5126 οὐδὲ
3061 5071 3154 5150 suo
3183 5072 3333 5140 λέγει
3364 5089 3446 5134 τις
3485 5069 3630 5123 οὕτω
3674 5070 3963 5140 Θεότητας.

2385 5168 2544 5221 Ἀλλά
2593 5169 2692 5237 τὴν
2721 5167 2966 5219 θεοποιὸν
2997 5165 3200 5233 ταύτην
3230 5165 3391 5234 χάριν
3419 5161 3514 5215 τοῦ
3554 5161 3773 5226 Θεοῦ,’ὸ
3817 5163 3965 5224 θεῖος

2370 5261 2620 5327 Μάξιμος
2653 5259 2781 5327 περὶ
2815 5258 2908 5310 τοῦ
2945 5245 3279 5325 Μελχισεδὲκ
3311 5255 3562 5324 γράφων,
3587 5255 3846 5308 ἀκτιστον
3881 5253 3964 5307 εἶ-

2380 5372 2467 5405 ναι
2501 5353 2882 5419 ἀποφαίνεται,
2925 5350 3020 5402 καὶ
3073 5349 3160 5400 ἀεὶ
3208 5347 3374 5400 οὖσαν
3413 5349 3478 5400 ἐκ
3531 5348 3624 5400 τοῦ
3664 5349 3753 5400 ἀεὶ
3805 5348 3966 5411 ὄντος

2371 5445 2532 5511 Θεοῦ,
2565 5444 2802 5514 ἀλλαχοῦ
2830 5445 2883 5496 δὲ
2905 5440 3197 5511 πολλαχοῦ,
3225 5440 3523 5508 ἀγέννητόν
3547 5457 3604 5490 τε
3637 5440 3732 5490 καὶ
3766 5439 3964 5491 ἐνυπό-

2377 5556 2571 5592 στατον
2592 5538 2706 5608 φῶς
2728 5539 2836 5600 τοῖς
2862 5535 3054 5602 ἀξίοις,
3083 5533 3224 5611 ἡνίκ’
3254 5533 3319 5586 ἂν
3335 5533 3580 5600 γένοιντο
3603 5532 3770 5598 ἄξιοι,
3786 5548 3964 5602 φανε-

2373 5630 2662 5702 ρούμενον,
2700 5629 2810 5682 ἀλλ’
2834 5628 2894 5682 οὐ
2923 5628 3042 5681 τότε
3073 5623 3380 5699 γινόμενον.
3414 5623 3586 5677 Τοῦτο
3609 5624 3671 5676 τὸ
3703 5625 3820 5694 φῶς
3872 5621 3965 5679 οῦ-
