4224 6464
301 426 445 496 1229

1498 441 1651 502 HAG
1667 440 2061 505 [ORlTlCUS
2081 446 2363 511 TOMUS.

3429 454 3567 526 1230

298 566 415 609 τος,
443 548 539 601 καὶ
575 550 688 617 φῶς
743 550 1134 622 ὑπεραρρἡου
1181 553 1360 622 δόξης,
1412 557 1502 607 καὶ
1549 557 1798 622 ἀγγέλων
1854 561 2203 632 καθαρότητα
2253 562 2507 629 ὀνομάῖει
2538 578 2551 592 ⁸
2587 564 2611 615 ό
2650 563 2703 616 δὲ
2742 566 2917 635 μέγας
2973 565 3284 633 Μακάριος,
3338 570 3430 620 καί
3456 567 3566 618 τῶν

298 642 615 708 ἀσωμάτων
647 643 879 712 τροφὴν,
912 645 1007 696 καὶ
1034 646 1133 714 τῆς
1162 646 1319 707 θείας
1356 647 1577 714 φύσεως
1605 652 1789 716 δόξαν,
1828 656 1921 706 καὶ
1951 656 2043 707 τοῦ
2078 658 2367 725 μέλλοντος
2398 659 2594 722 αἰῶνος
2629 660 2919 727 καλὶονὴν,
2950 660 3063 730 πῦρ
3110 660 3253 713 θεῖον
3278 662 3376 713 καὶ
3406 662 3567 714 sm:-

301 736 512 801 ράνιον,
543 735 659 803 φῶς
691 735 959 807 ἄρρητον,
994 738 1088 790 καὶ
1117 739 1327 807 νοερὶν,
1362 740 1659 812 ἀρραϐῶνα
1686 746 2003 815 Πνεῦματος
2036 752 2218 815 ἁγίου,
2259 751 2581 814 ἁγιαστικδν
2617 751 2993 819 ἀγαλλιάσεως
3020 753 3217 807 ἔλαιον.

377 831 568 897 Ὅστις
624 829 739 897 οὖν,
781 850 908 896 τους
941 834 1040 902 τὴν
1069 833 1316 887 θεοποιδν
1346 832 1552 902 ταύτην
1597 832 1756 901 χάριν
1790 832 1886 884 τοῦ

298 926 464 989 θεοῦ,
497 926 779 989 ἁκτιστον,
802 927 896 979 καὶ
926 926 1249 995 ἀγέννητον,
1286 924 1382 977 καὶ
1398 923 1762 976 ἑνυτιόστατον
1802 922 1888 977 λέ-

301 1034 521 1084 γοντας,
548 1021 663 1082 τοῖς
709 1019 1110 1081 Μασσαλιανοῖς
1178 1020 1457 1072 συντάττει
1512 1020 1606 1071 καί
1634 1017 1885 1080 Διθεῖῖας

301 1111 484 1175 καλεῖ,
513 1110 797 1181 sim-959a
818 1113 905 1174 τίς
937 1113 1111 1174 ἐστιν,
1135 1104 1289 1173 οὗτος
1329 1114 1461 1164 [στω
1491 1113 1603 1173 τοῖς
1628 1111 1721 1163 τοῦ
1752 1110 1888 1162 Θεοῦ

302 1205 484 1267 ἁγίοις
510 1206 910 1274 ἀντικείμενος,
949 1208 1045 1258 καὶ
1068 1204 1162 1258 τοῦ
1186 1206 1389 1275 κλήρου
1406 1205 1515 1258 τῶν
1539 1205 1885 1274 σωζομένων,

298 1297 349 1345 εί
383 1295 459 1364 μὴ
494 1295 926 1365 μεταμεληθείη,
978 1297 1171 1349 ἑαυτὸν
1216 1296 1517 1358 ἐκϐάλλων,
1583 1298 1678 1349 καὶ
1727 1297 1889 1359 αὐτος

297 1388 589 1440 ἐκπίπτων
611 1388 705 1440 τοῦ
738 1388 855 1451 ἑνὸς
891 1391 985 1441 καὶ
1003 1389 1165 1457 μόνου
1185 1390 1294 1441 τῶν
1327 1391 1496 1455 ἁγίων
1522 1390 1681 1457 φύσει
1708 1391 1843 1442 Θεοᾶ
1870 1407 1883 1420 ·

296 1480 452 1538 ὅστις
481 1479 540 1531 δὲ
600 1480 900 1540 πιστεύων,
952 1482 1046 1531 καὶ
1088 1481 1429 1550 πειθόμενος,
1466 1484 1557 1534 καὶ
1605 1483 1883 1552 συμφθεγ-

301 1573 536 1640 γόμενος
570 1575 681 1633 τοῖς
714 1573 911 1639 ἁγίοις,
945 1575 1034 1626 καὶ
1061 1574 1135 1644 μὴ
1167 1576 1638 1645 προφασιζόμενος
1674 1578 1887 1647 προφά-

298 1678 415 1724 σεις
451 1663 508 1714 ὲν
537 1663 858 1734 ἁμαρτίαις,
896 1664 956 1715 :0
1012 1665 1110 1734 μὲν
1145 1665 1395 1735 φανερῶς
1451 1666 1742 1738 λεγόμενον
1786 1671 1886 1724 οὐκ

2054 837 2376 905 Quicunque
2424 837 2584 904 igitur
2617 839 2860 891 dicentes
2892 841 3029 890 hanc
3060 836 3155 891 Dei
3182 836 3411 909 gratiam
3435 853 3557 892 esse
3630 853 3633 856 '

1977 930 2270 982 illL‘l'Palatll
2311 929 2717 998 ingenitamque
2759 940 2814 982 et
2859 930 3301 996 substantialcui,
3348 932 3553 985 Massa-

1972 1021 2131 1074 lianis
2164 1023 2487 1075 adnumerat
2525 1031 2577 1074 et
2614 1022 2878 1077 dualistas
2913 1036 3090 1085 vorat,
3127 1028 3169 1076 si
3205 1025 3328 1093 quis
3367 1041 3561 1092 nempe

1972 1116 2061 1171 sit.
2099 1114 2198 1165 iste
2229 1112 2365 1166 sciat
2397 1128 2454 1165 se
2493 1117 2703 1167 sanctis
2751 1113 2844 1167 Dei
2878 1116 3177 1176 adversari,
3218 1127 3272 1167 et
3340 1117 3409 1169 ab
3445 1118 3559 1167 ele-

1974 1216 2182 1257 ctorum
2209 1214 2377 1266 sorte,
2412 1203 2457 1256 si
2499 1222 2601 1254 non
2639 1203 2937 1270 resipiscat,
2963 1204 3203 1273 seipsum
3251 1204 3470 1271 ejicere,
3507 1216 3564 1257 et

1974 1300 2228 1349 excidere
2283 1298 2351 1349 ab
2386 1312 2492 1348 uno
2528 1297 2757 1362 soloque
2801 1306 2991 1350 sancto
3034 1309 3223 1350 natura
3266 1297 3394 1350 Deo.
3433 1298 3564 1363 Qui-

1973 1403 2187 1455 cunque
2240 1401 2414 1440 autem
2462 1388 2711 1451 credens,
2744 1397 2798 1442 et
2851 1387 3139 1449 obediens,
3169 1398 3223 1441 et
3252 1402 3564 1441 consonans

1974 1483 2195 1543 sanctis,
2272 1498 2368 1533 nec
2420 1482 2831 1548 peccamino‘os
2891 1491 3194 1548 praesens
3250 1492 3564 1549 pra-textus,

1976 1573 2121 1625 clare
2156 1572 2377 1640 quidem
2414 1572 2620 1625 dictum
2660 1587 2766 1625 nou
2799 1572 2978 1641 rejicit
3013 1585 3070 1625 ut
3105 1573 3382 1641 ignorans,
3420 1575 3567 1640 igno-

1978 1675 2060 1715 rat
2098 1677 2223 1715 vero
2258 1664 2472 1713 modum
2513 1662 2778 1731 mysterii.
2819 1677 2925 1716 n0n
2958 1662 3284 1730 dedignetur
3314 1680 3565 1730 quaerere

294 1755 638 1816 ἀποσείεται,
671 1754 749 1817 ὠς
799 1756 1030 1821 ἀγνοῶν.
1078 1758 1265 1825 ἀγνοεῖ
1317 1759 1374 1812 δὲ
1413 1759 1503 1813 τὸν
1531 1762 1733 1831 τρόπον
1791 1765 1881 1816 τοῦ

1979 1771 2040 1809 ac
2063 1755 2276 1811 discere
2298 1769 2327 1806 a
2345 1756 2661 1807 scientibus.
2682 1754 2834 1807 Sciet
2852 1754 2997 1808 enim
3018 1755 3152 1807 nihil
3182 1754 3568 1808 incoim-niens

299 1846 634 1916 μυστηρίου,
696 1848 773 1918 μὴ
830 1847 1148 1913 ἁπαξιούτω
1182 1850 1390 1919 ζητεῖν,
1446 1853 1541 1905 καὶ
1592 1854 1885 1924 μανθάνειν

298 1937 451 2005 παρὰ
484 1937 593 1990 τῶν
642 1938 882 1994 είδότων.
941 1928 1160 1993 Ετσεται
1209 1942 1339 2011 γάρ,
1374 1942 1449 2005 ὡς
1487 1944 1641 1998 οὐδὲν
1684 1947 1883 1999 ἀνακό-

295 2028 491 2081 λουθον
530 2032 645 2093 τοῖς
676 2029 845 2093 θείοις
897 2031 1077 2099 λόγοις
1113 2034 1208 2087 καὶ
1268 2036 1578 2107 πράγμασι,
1602 2038 1698 2090 καὶ
1728 2039 1883 2092 ταῦτ’

292 2122 533 2175 ἐπὶτῶν
581 2122 1053 2191 ἀναγκαιοτάτων,
1094 2127 1187 2179 καὶ
1250 2122 1328 2182 ὧν
1359 2130 1488 2183 ἄνευ
1538 2132 1692 2187 οὐδὲν
1723 2133 1881 2185 οὐδα-

296 2217 415 2285 μῶς
457 2214 523 2268 ἂν
581 2217 835 2287 συσταίη,
878 2217 999 2271 οὔτε
1036 2223 1334 2291 μυστήριον
1377 2225 1515 2287 ὅλως
1555 2225 1880 2298 θεοπρεπές.

369 2299 560 2372 Ὅστις
612 2310 748 2381 μόνῃ
788 2314 855 2381 τῇ
912 2314 1145 2383 μιμήσει
1176 2332 1236 2367 τε
1290 2318 1384 2371 καὶ
1445 2320 1651 2389 σχέσει,
1712 2326 1881 2393 χωρὶς

289 2402 392 2469 τῆς
415 2401 666 2454 θεοποιοῦ
695 2403 919 2471 χάριτος
958 2405 1050 2457 τοῦ
1102 2408 1440 2477 Πνεῦματος,
1487 2414 1585 2481 τὴν
1618 2419 1754 2484 πρὸς
1788 2416 1880 2469 τὸν

288 2493 429 2543 Θεὸν
465 2492 679 2571 τελείαν
731 2495 927 2548 ἕνωσιν
976 2499 1339 2565 ἀποφαίνεται
1390 2502 1680 2569 τελεῖσθαι,
1735 2509 1879 2561 κατὰ

289 2586 417 2645 τοὺς
441 2584 702 2655 ὅμοήθεις
741 2588 837 2639 καὶ
882 2590 1283 2658 ἁγαπωμένους
1342 2594 1434 2646 ὑπ’
1486 2596 1751 2667 ἀλλήλων,
1783 2603 1879 2654 καὶ

288 2678 391 2745 τὴν
417 2678 664 2729 θεοποιὸν
688 2679 847 2749 χάριν
875 2682 969 2734 τοῦ
998 2682 1157 2747 Θεοῦ,
1189 2684 1301 2749 ἕξιν
1345 2687 1445 2757 τῆς
1494 2689 1717 2764 λογικῆς
1777 2694 1878 2762 :th-

292 2786 453 2832 σεως,
501 2769 589 2822 διὰ
618 2772 785 2851 μόνης
816 2774 1105 2842 μιμήσεως
1135 2780 1595 2851 πρρσγινομένην,
1634 2783 1752 2836 ἀλλ’
1776 2787 1876 2839 οὐκ

289 2862 563 2931 ἑλλαμψιν
602 2850 860 2933 ὑπερφυᾶ
897 2869 990 2918 καὶ
1037 2868 1376 2941 ἀπόρρητον,
1418 2877 1511 2927 καὶ
1532 2850 1692 2930 θείαν
1727 2880 1876 2949 ενέρ-

290 2969 475 3015 γειαν,
498 2954 788 3023 ὁρωμένην
836 2956 1084 3026 ἀοράτως
1104 2961 1213 3023 τοῖς
1232 2960 1573 3031 ἠξιωμένοις,
1604 2968 1695 3018 καὶ
1724 2984 1876 3019 νοου-

293 3044 467 3112 μένην
506 3045 905 3114 ἁπερινοήτως,
936 3041 1090 3112 06:0;
1129 3049 1283 3115 ίστω,
1311 3055 1376 3123 τῇ
1403 3070 1514 3106 των
1558 3056 1878 3112 Μασσαλιαο

291 3137 423 3197 νῶν,
462 3136 538 3197 ὡς
591 3138 692 3190 οὐκ
747 3134 913 3205 οἶδεν,
968 3141 1153 3212 ἀπάτῃ
1198 3145 1531 3214 περιπεσών.
1564 3150 1727 3204 Φύσει
1770 3154 1879 3221 γὰρ

291 3229 449 3279 ἔσται
482 3229 622 3281 κατά
656 3231 835 3283 πᾶσαν
857 3232 1104 3303 ἀνάγκην
1125 3234 1258 3297 Θεὸς
1281 3239 1308 3289 ὁ
1335 3238 1646 3309 θεούμενος,
1666 3246 1713 3295 εί
1739 3247 1877 3297 κατὰ

292 3322 537 3388 φυσικὴν
563 3320 795 3391 δύναμιν
827 3326 857 3393 ἡ
884 3324 1078 3388 θέωσις
1108 3326 1285 3392 ἔσται,
1329 3331 1423 3383 καὶ
1451 3336 1565 3395 τοῖς
1603 3334 1750 3403 ὅροις
1780 3339 1878 3406 τῆς

292 3408 514 3475 φύσεως
536 3410 1115 3479 ἐμπεριλαμϐάνεσθαι
1159 3415 1396 3484 πέφυκε.
1434 3420 1525 3489 Μὴ
1564 3422 1747 3476 τοίνυν
1785 3420 1877 3479 οὗ-

291 3516 385 3561 τος
419 3499 519 3568 τὴν
557 3502 768 3554 οἰκείαν
802 3507 1165 3575 περιτροπὴν,
1201 3511 1314 3573 τοῖς
1344 3512 1603 3579 ἀσφαλῶς
1649 3517 1878 3570 ἑστῶσιν

291 3592 647 3663 ἐπιχειρείτω
679 3596 1141 3665 προστρίψασθαι,
1192 3602 1286 3653 καὶ
1327 3603 1519 3672 μῶμον
1566 3610 1677 3670 τοῖς
1720 3609 1874 3679 ἁμωσ

295 3684 497 3751 μήτοις
537 3683 636 3751 τὴν
683 3685 868 3737 πίστιν
908 3689 1241 3757 ἐπενεγκεῖν
1269 3707 1284 3721 ·
1315 3693 1450 3747 ἀλλά
1502 3697 1562 3749 :0
1619 3699 1875 3770 φρόνημα

294 3774 694 3845 καταθέμενος,
729 3778 1049 3846 μανθανέτω
1092 3784 1241 3852 παρὰ
1272 3785 1382 3839 τῶν
1435 3793 1876 3860 πεπειραμένων,

294 3870 328 3938 ἢ
361 3868 474 3920 τῶν
513 3869 610 3921 ἀπ’
633 3871 860 3923 ἐκείνων
906 3873 1327 3945 δεδιδαγμένων,
1371 3880 1445 3944 ὡς
1484 3882 1713 3952 ἄσχετός
1762 3888 1878 3940 ἐστι

295 3961 651 4014 παντάπασιν
683 3965 716 4033 ἡ
756 3966 854 4034 τῆς
883 3967 1151 4039 Θεὸτητος
1184 3972 1361 4041 χάρις,
1408 3976 1509 4028 οὐκ
1557 3976 1755 4048 ἔχουσα
1783 3994 1879 4050 την

291 4050 514 4101 οἱανοῦν
537 4051 794 4125 δεκτικὴν
816 4056 1016 4126 ἑαυτῆς
1050 4062 1109 4113 ἐν
1160 4065 1226 4132 τῇ
1260 4065 1421 4133 φύσει
1450 4066 1678 4137 δύναμιν
1706 4087 1719 4100 ·
1755 4072 1875 4123 ἐπεὶ

291 4142 396 4231 ουκ
422 4138 505 4193 ἔτι
533 4143 694 4231 χάρις
751 4146 929 4231 εστὶν,
972 4149 1108 4231 ἁλλὰ
1163 4157 1271 4231 τῆς
1302 4158 1439 4210 κατὰ
1493 4160 1594 4228 τὴν
1640 4162 1876 4231 φυσικὴν

290 4225 532 4293 δύναμιν
564 4226 848 4293 ἐνεργείας
889 4228 1220 4296 φανέρωσις.
1264 4230 1372 4283 Καὶ
1416 4225 1884 4302 οὐδεπαράδοξον

295 4314 455 4367 ἔσται
492 4314 553 4366 :0
578 4315 896 4385 γενόμενον,
932 4318 1145 4371 είκατὰ
1178 4319 1432 4391 δεκτικὴν
1477 4324 1716 4393 δύναμιν
1745 4329 1882 4379 θεώ-

296 4422 439 4466 σεως
475 4406 733 4474 ήθέωσις
763 4405 851 4474 εἴη
874 4423 888 4437 ⁸
924 4408 1140 4474 φύσεως
1188 4410 1299 4480 γάρ
1342 4413 1408 4465 ἂν
1431 4415 1659 4477 εἰκότως
1698 4416 1882 4485 ἔργον,

295 4496 417 4548 ἁλλ’
446 4496 507 4547 οὐ
536 4496 674 4548 Θεοῦ
701 4496 874 4566 δῶρον
910 4501 937 4568 ἡ
966 4499 1162 4563 θέωσις
1194 4501 1301 4571 εἴη,
1334 4503 1429 4555 καὶ⁵
1468 4505 1754 4574 δυνήσεται
1792 4509 1885 4559 καὶ

296 4588 460 4655 φύσει
493 4585 626 4649 Θεὸς
667 4587 960 4652 ὁτοιοῦτος
1002 4586 1165 4655 εἶναι,
1208 4595 1304 4646 καὶ
1357 4597 1565 4663 κυρίως
1608 4614 1880 4665 προσαγοη

298 4678 581 4748 ρεύεσοαι.
601 4679 737 4731 Οὐδὲ
761 4680 867 4751 γάρ
886 4682 1015 4733 ἄλλο
1043 4700 1093 4734 τι
1126 4684 1463 4753 καθέστηκεν
1495 4689 1526 4756 ἡ
1561 4690 1699 4741 κατά
1723 4689 1884 4757 φύσιν

293 4773 407 4823 τῶν
439 4772 609 4825 ὅντων
639 4774 873 4828 ἑκάστου
906 4776 1158 4845 δύναμις,
1215 4777 1246 4846 ἢ
1285 4779 1502 4846 φὺσεως
1552 4783 1685 4850 πρὸς
1733 4783 1883 4853 ἐνέρ-

294 4881 457 4931 γειαν
498 4865 856 4933 ἀπαράϐατος
917 4868 1150 4937 κίνησις.
1219 4870 1340 4933 Πῶς
1366 4871 1422 4922 δὲ
1449 4875 1542 4925 καὶ
1607 4874 1883 4944 ἐξίστησιν

294 4954 496 5007 ἑαυτοῦ
534 4956 625 5007 τὸν
674 4955 989 5026 θεούμενον,
1022 4963 1051 5025 ἡ
1086 4960 1284 5024 θέωσις
1314 4982 1328 5027 ;
1391 4965 1449 5015 Εἰ
1478 4964 1556 5017 ἔτι
1581 4971 1689 5027 τοῖς
1736 4969 1879 5037 ὅροις

288 5048 394 5116 τῆς
422 5048 637 5113 φύσεως
674 5051 812 5118 αὑτὴ
851 5052 1259 5121 περιείληπται,
1326 5056 1560 5109 συνιδεῖν
1601 5061 1699 5111 οὐκ
1751 5060 1878 5127 ἔχω.

310 5140 492 5210 ’Υπὲρ
531 5141 695 5207 φύσιν
719 5144 921 5202 τοίνυν,
947 5146 1040 5196 καὶ
1078 5147 1297 5215 ἀρετὴν,
1344 5149 1434 5200 καὶ
1462 5150 1685 5215 γνῶσιν,
1723 5153 1752 5220 ἡ
1783 5154 1879 5220 τῆς

292 5232 553 5294 θεώσεως
579 5234 760 5303 χάρις,
809 5237 899 5286 καὶ
951 5238 1195 5304 ἀπείρως
1248 5239 1315 5289 τὰ
1356 5240 1581 5292 τοιαῦτα
1640 5243 1873 5305 ἅπαντα,

292 5322 389 5373 καὶ
418 5323 511 5371 τὸν
551 5323 705 5387 ἂείιον
764 5323 1016 5393 Μάξιμον
1068 5325 1271 5394 ταύτης
1313 5328 1518 5381 ἀποδεῖ.
1554 5329 1749 5400 Ἀρετὴ
1780 5334 1877 5401 μὲν

290 5416 404 5483 γὰρ
438 5415 610 5477 πᾶσα,
649 5416 744 5465 καὶ
783 5417 814 5483 ἡ
852 5415 937 5483 ἐφ’
976 5418 1109 5485 ἡμῖν
1134 5418 1225 5470 τοῦ
1269 5419 1404 5471 Θεοῦ
1454 5421 1684 5491 μίμησις
1743 5424 1879 5493 πρὸς

290 5507 393 5573 τὴν
434 5504 586 5557 θείαν
633 5506 830 5557 ἕνωσιν
868 5509 1169 5579 ἐπιτήδειον
1214 5516 1443 5565 ποιεῖται
1474 5515 1565 5566 τὸν
1604 5518 1875 5584 κεκτημέ-

290 5612 384 5646 νον
406 5609 418 5621 ·
448 5596 479 5662 ἡ
511 5594 565 5644 δὲ
598 5595 760 5664 χάρις
786 5597 957 5667 αὐτὴν
1002 5599 1372 5671 τελεσιουργεῐ
1423 5605 1523 5672 τὴν
1568 5606 1877 5674 ἀπόρρητον
1911 5670 1919 5678 _

289 5685 493 5736 ἕνωσιν
527 5703 539 5715 ⁸
582 5684 651 5735 δ;“
691 5688 858 5754 αὐτῆς
895 5689 1002 5757 γὰρ
1031 5690 1147 5752 ὅλος
1178 5693 1275 5759 μὲν
1325 5692 1467 5754 ὅλοις
1511 5699 1621 5757 τοῖς
1660 5697 1879 5761 ἀξίοιςὸ

288 5773 425 5835 Θεὸς
465 5776 786 5844 περιχωρεί’
818 5777 926 5846 ὅλῳ
963 5779 1020 5830 δὲ
1053 5780 1160 5830 ὅλοι
1199 5784 1594 5851 περιχωροῦσιν
1618 5786 1810 5850 ὑλικῶς
1832 5792 1877 5841 οἱ

290 5868 441 5933 ἅγιοι
466 5867 541 5937 τῷ
563 5868 706 5937 Θεῷ,
729 5869 848 5923 ὅλον
867 5870 1355 5942 ἀντιλαμϐάνοντες
1387 5878 1594 5929 ἑαυτῶν
1622 5878 1875 5933 τὸνθεόν·

1980 1863 2100 1902 esse
2128 1847 2327 1901 divinis
2354 1849 2698 1901 sermonibus
2725 1854 2777 1899 et
2804 1848 2987 1910 rebus,
3019 1856 3075 1899 et
3102 1847 3266 1899 etiam
3302 1849 3354 1899 in
3391 1849 3566 1899 maxi-

1984 1956 2067 1993 me
2109 1938 2436 1994 necessariis
2492 1946 2545 1992 et
2591 1941 2710 1992 sine
2746 1940 2941 2008 quibus
2980 1940 3111 1990 nihil
3148 1955 3368 2002 prorsus
3435 1958 3569 1989 cnn-

1978 2042 2168 2095 staret,
2200 2047 2297 2086 nec
2328 2032 2497 2085 ullum
2527 2033 2842 2094 mysterium
2882 2031 2989 2082 Deo
3027 2048 3352 2090 νίψει-υνυς.

2050 2282 2371 2353 Quicunque
2424 2283 2727 2338 imitatione
2759 2296 2962 2341 tantum
2996 2302 3045 2341 et
3076 2288 3281 2350 Ιι.ιΙ›ἰιιι,
3302 2290 3419 2342 sine
3450 2288 3565 2342 dei-

1980 2375 2077 2429 lica
2103 2375 2335 2443 Spiritus
2350 2378 2544 2445 gratia.
2571 2380 2863 2445 perfectam
2882 2397 3003 2434 cum
3024 2380 3131 2434 Deo
3152 2385 3411 2435 unionem
3450 2384 3564 2435 [icti

1979 2471 2194 2532 asserit,
2224 2468 2367 2523 sicut
2394 2470 2539 2523 inter
2564 2484 2663 2524 eos
2691 2473 2781 2539 qui
2812 2483 2939 2526 sunt
2972 2475 3214 2527 moribus
3253 2476 3567 2529 consimiles

1978 2570 2033 2613 et
2063 2561 2162 2615 sibi
2193 2561 2433 2616 invicem
2464 2562 2669 2627 dilecti,
2694 2572 2748 2618 et
2769 2565 3019 2618 deiticani
3064 2566 3153 2619 Dei
3190 2568 3416 2635 gratiam
3444 2584 3568 2623 esse

1981 2653 2221 2705 habitum
2266 2654 2544 2708 rationalis
2581 2665 2792 2710 natura:
2827 2658 2942 2710 sola
2986 2658 3289 2713 imitatione
3322 2662 3559 2730 acquisi-

1983 2755 2119 2808 tum,
2156 2747 2251 2801 sed
2289 2762 2396 2799 non
2455 2747 2792 2801 ineﬂ'abilem
2842 2753 3415 2821 supci'naturaleinque
3450 2755 3566 2810 illit-

1981 2838 2334 2891 minatioucm
2388 2854 2451 2892 ac
2492 2840 2728 2891 divinam
2770 2844 3163 2907 operationem,
3213 2846 3567 2900 invisibiliter

1982 2931 2149 2984 visam
2184 2946 2211 2981 a
2260 2932 2441 2996 dignis
2489 2939 2543 2984 et
2591 2932 3042 3001 iucOmpreheuse
3074 2936 3430 3000 intellectam,
3474 2940 3563 2994 hic

1981 3024 2121 3077 sciat
2171 3022 2623 3077 Massalianorum
2676 3040 2735 3079 se
2785 3026 3014 3079 inscium
3063 3030 3234 3081 errori
3286 3029 3561 3087 incidisse.

1981 3111 2181 3169 Natura
2210 3116 2355 3168 enim
2391 3112 2534 3168 Deus
2564 3116 2667 3169 erit
2694 3117 3003 3171 necessario
3036 3134 3256 3184 prorsus
3288 3124 3378 3188 qui
3408 3124 3456 3176 ιι.
3477 3124 3563 3177 iti-

1907 3225 1954 3282 ο
1991 3218 2173 3272 catur,
2207 3209 2251 3261 si
2289 3209 2558 3263 deiﬁcatio
2585 3224 2751 3278 penes
2778 3213 3079 3268 naturalem
3116 3217 3366 3270 virtulem
3409 3221 3480 3271 sit
3510 3232 3565 3272 t-t

1985 3299 2126 3353 intra
2157 3309 2363 3353 natura:
2398 3302 2595 3355 limiies
2637 3305 2805 3370 possit
2845 3307 3252 3371 comprehendi.
3292 3305 3370 3364 Ne
3404 3312 3563 3379 igitur

1982 3390 2133 3445 hicce
2150 3408 2307 3445 suum
2335 3408 2575 3447 errorem
2614 3404 2727 3447 tuto
2753 3400 3022 3450 stantibus
3055 3401 3365 3468 imprimere
3396 3416 3563 3457 cone-

1986 3492 2095 3543 tur.
2124 3494 2178 3536 et
2202 3486 2547 3552 exprobriuut
2604 3486 3174 3553 irreprehensibilihus
3201 3493 3231 3544 li
3253 3495 3302 3548 le
3325 3494 3560 3565 inferre;

1982 3580 2073 3628 sed
2118 3591 2246 3629 suos
2282 3578 2556 3643 deponens
2603 3596 2820 3639 sensus.
2853 3584 3028 3635 discat
3060 3587 3126 3637 ab
3175 3592 3416 3654 expertis
3470 3600 3563 3640 aut

1981 3670 2049 3720 ab
2081 3668 2163 3720 his
2196 3684 2332 3735 quos
2363 3670 2680 3733 docuerunt,
2719 3672 3018 3726 absolutam
3056 3691 3283 3743 prorsus
3315 3695 3438 3733 esse
3478 3681 3561 3733 di-

1982 3760 2221 3812 vinitatis
2246 3761 2497 3827 gratiam,
2530 3778 2622 3814 nec
2650 3766 2922 3817 ullatenus
2942 3782 3101 3833 posse
3127 3770 3332 3821 viribus
3353 3784 3563 3824 natura:

1986 3853 2124 3917 (api,
2167 3851 2293 3916 quia
2323 3865 2481 3903 secus
2503 3854 2614 3918 jam
2653 3872 2753 3904 non
2784 3858 2952 3922 gratia
2982 3868 3146 3921 esset,
3173 3861 3265 3913 sed
3301 3863 3562 3915 naturalis

1982 3943 2233 4011 potentia:
2262 3942 2505 4009 Operatio
2543 3945 2906 3998 manifestata.
2940 3945 3001 3999 Et
3032 3950 3169 4002 nihil
3210 3959 3342 4005 tunc
3387 3954 3559 4006 admi-

1984 4033 2150 4086 rabile
2180 4034 2351 4094 ﬁeret.
2384 4035 2427 4087 si
2456 4036 2606 4103 juxta
2633 4052 2887 4105 capacem
2913 4038 3277 4097 dedicationis
3308 4047 3560 4101 virtutem

1980 4127 2252 4179 deilicatio
2293 4127 2430 4182 foret
2465 4144 2479 4183 ς
2519 4139 2726 4183 natura:
2753 4132 2896 4183 enim
2931 4136 3147 4199 prOprie
3172 4151 3327 4203 opus,
3358 4147 3411 4190 et
3456 4156 3560 4191 non

1984 4216 2075 4269 llei
2132 4217 2332 4270 donum
2365 4229 2507 4273 esset
2535 4221 2825 4284 dedicatio,
2853 4233 2906 4275 et
2932 4224 3215 4277 dedicatus
3246 4240 3428 4294 posset
3467 4245 3561 4284 nt-

1981 4316 2100 4360 tura
2142 4308 2281 4361 Deus
2318 4308 2431 4363 ﬁeri
2465 4319 2518 4362 et
2564 4312 2785 4378 proprie
2834 4314 3034 4367 vocari.
3070 4314 3204 4367 Nam
3237 4319 3371 4371 nihil
3409 4323 3554 4372 aliud

1978 4408 2063 4453 est
2111 4402 2827 4469 naturalisuniuscujusque
2860 4420 3039 4458 rerum
3085 4412 3346 4475 potentia,
3396 4427 3557 4479 quam

1981 4502 2185 4545 natura:
2209 4494 2275 4545 ad
2309 4496 2677 4559 Operationeiu
2710 4496 3077 4551 inantoviins
3108 4510 3305 4554 motus.
3336 4503 3399 4556 Et
3427 4521 3561 4570 quo-

1982 4585 2141 4635 modo
2175 4584 2519 4642 deiiicatiuue
2561 4602 2719 4651 supra
2760 4591 2994 4653 seipsum
3038 4593 3280 4645 elevatur
3338 4600 3561 4649 dedit-a-

1980 4674 2102 4727 tus?
2138 4674 2191 4727 Si
2235 4678 2335 4729 hoc
2376 4678 2515 4730 intra
2564 4688 2769 4730 natm-1e
2805 4682 3002 4735 limites
3044 4688 3556 4753 comprehendatur,

1978 4766 2027 4818 id
2062 4766 2365 4835 intelligere
2406 4783 2515 4821 non
2550 4771 2723 4821 valeo.
2760 4769 2936 4838 Supra
2973 4783 3220 4825 naturam
3259 4778 3420 4844 igitur
3453 4783 3558 4833 vir-

1977 4868 2256 4925 tutemque
2290 4875 2351 4911 ac
2401 4861 2694 4916 scientiam
2741 4871 2823 4914 est
2869 4864 3229 4918 dedicationis
3256 4870 3453 4935 gratia,
3503 4884 3558 4924 et

1976 4950 2186 5003 inﬁnite
2209 4954 2389 5004 omnia
2422 4953 2759 5020 bujusmodi,
2780 4956 2932 5021 juxta
2961 4966 3205 5010 sanctum
3241 4960 3556 5025 Maximum,

1975 5045 2042 5094 ab
2073 5044 2170 5096 hoc
2196 5045 2420 5097 distant.
2449 5044 2630 5098 Virtus
2669 5047 2886 5114 quidem
2916 5051 3093 5102 omnis
3120 5060 3174 5103 et
3214 5067 3311 5119 pro
3350 5056 3555 5107 viribus

1976 5134 2211 5186 imitatio
2261 5132 2351 5187 Dei
2403 5137 2587 5203 aptum
2622 5139 2687 5190 ad
2738 5139 2976 5192 divinant
3036 5145 3288 5196 unionem
3348 5144 3551 5199 faciunt

1972 5227 2062 5291 qui
2106 5242 2199 5279 eas
2252 5232 2478 5294 adeptus
2509 5238 2609 5291 est,
2662 5232 2836 5298 gratia
2894 5244 3071 5285 autem
3124 5237 3291 5302 ipsum
3341 5240 3551 5304 perlicit

1974 5318 2299 5371 incﬂabilem
2332 5322 2605 5385 unionem,
2642 5338 2739 5390 per
2768 5339 2891 5376 eum
2922 5326 3067 5378 enim
3116 5338 3254 5381 totus
3300 5332 3550 5384 omnibus

1969 5409 2150 5477 dignis
2183 5412 2418 5464 illabitur
2457 5414 2613 5477 Deus,
2638 5424 2691 5466 et
2727 5417 2821 5468 toti
2855 5432 3042 5470 omnes
3070 5419 3273 5487 integre
3308 5422 3544 5475 insident

1970 5505 2139 5554 sancti
2174 5501 2302 5565 Deo,
2332 5504 2424 5555 toti
2454 5504 2502 5556 in
2532 5503 2700 5558 Deum
2737 5510 3103 5570 trausmutati,
3130 5521 3181 5560 et
3203 5526 3314 5562 suae
3333 5514 3399 5563 ad
3422 5529 3545 5565 eum

1972 5596 2307 5647 ascensionis
2336 5598 2487 5665 quasi
2536 5598 2778 5651 ltravium
2817 5604 3090 5652 consecuti
3140 5606 3313 5667 ipsum
3353 5604 3544 5669 Deum,

1969 5686 2057 5751 qui
2108 5687 2247 5738 sicut
2300 5689 2475 5740 anima
2533 5693 2767 5758 corpori,
2806 5692 2935 5759 ipsis
2973 5702 3227 5759 tauquam
3284 5695 3545 5748 ﬂlClllbi‘lI

1967 5780 2440 5847 circumfunditur,
2494 5797 2695 5850 eoSQue
2751 5787 2810 5839 in
2870 5787 3048 5851 seipse
3085 5790 3343 5854 dignatur
3399 5790 3544 5843 acet"

1966 5890 2111 5941 pere.
