4224 6464
668 408 798 477 1231

1916 412 2230 473 GREGOR
2246 415 2298 472 ll
2359 415 2448 474 ΡΛ
2462 409 2684 473 LAM/E

3790 418 3929 484 1232

675 535 769 588 καὶ
794 532 891 600 τῆς
929 532 1060 603 arpi;
1096 531 1260 586 αὑτὸν
1298 531 1640 596 ἀναῦἁσεως,
1666 528 1783 585 οἷον
1811 531 2053 585 ἔπαθλον
2093 534 2259 586 αὑτὸν
2302 532 2464 601 μόνον
2499 534 2841 601 κτησάμενοι
2875 533 3149 603 τονεΘεὸν,
3182 536 3361 607 ψυχῆς
3396 539 3534 610 πρὸς
3571 538 3733 609 σῶμα
3763 554 3928 611 περι-

674 631 847 697 φύντα
872 629 1096 699 τρόπον,
1126 628 1202 692 ὡς
1236 628 1459 691 οίκείοις
1486 626 1696 695 μέλεσι,
1726 627 1823 680 καὶ
1851 628 1909 679 ἐν
1941 626 2087 695 αὐτῴ
2119 620 2263 676 εἶναι
2287 624 2726 690 καταξιώσαντα.

739 716 1063 783 Quicunque
1104 718 1349 767 dicentes
1381 714 1434 765 in
1480 713 1647 767 corde
1670 701 1763 766 aut
1791 714 1841 767 in
1870 718 2092 769 eerehro
2120 716 2251 769 insi-

672 806 801 860 dere
854 806 1113 871 animam,
1147 804 1502 860 Massalianos
1530 819 1653 859 esse
1684 806 1944 871 afﬁrmat,
1982 807 2069 862 hic
2115 810 2247 864 sriat

671 913 731 952 se
766 898 903 951 male
928 898 979 949 in
1006 906 1225 950 sanctos
1254 898 1464 951 invehi.
1496 896 1726 966 Magnus
1750 899 1896 953 enim
1925 899 2252 955 Athanasius

670 989 891 1044 CCI‘t‘bI‘O
925 989 1103 1043 inesse
1134 989 1456 1042 rationalem
1482 990 1677 1043 annua:
1705 1001 1917 1057 partem
1945 990 2099 1045 dicit.
2136 990 2183 1044 bl
2204 1012 2249 1040 I-

670 1082 850 1134 rarius
883 1092 1092 1145 autem,
1139 1080 1360 1133 minime
1406 1080 1506 1151 ipsi
1546 1082 1917 1151 magnitudine
1947 1084 2160 1147 cedens,
2196 1084 2248 1137 in

670 1174 831 1226 corde
862 1174 1071 1241 reponit
1098 1174 1293 1224 mentis
1324 1175 1716 1242 operationem.
1744 1172 1807 1227 Et
1840 1173 1925 1229 his
1958 1177 2251 1229 concinnat

668 1264 845 1316 sancti
876 1264 986 1318 fere
1012 1279 1221 1316 Omnes.
1240 1266 1389 1329 Quod
1417 1275 1596 1317 autem
1631 1264 1765 1318 dicit
1784 1264 2251 1335 divusGregorins

670 1352 972 1421 Nyssmnis,
1014 1362 1255 1404 mentem
1298 1366 1469 1419 neque
1502 1352 1639 1405 intra
1668 1367 1842 1419 neque
1872 1363 2024 1407 extra
2055 1368 2251 1421 corpus

670 1452 814 1502 esse,
860 1448 1042 1505 utpote
1098 1426 1494 1504 incorporeum,
1527 1454 1632 1493 non
1661 1440 1987 1495 adversatur
2033 1445 2245 1498 sanctis

674 1531 823 1584 illis:
859 1531 932 1583 illi
971 1532 1114 1583 enim
1161 1544 1393 1584 mentem
1429 1544 1697 1599 reponunt
1730 1534 1868 1588 intra
1899 1549 2122 1601 corpus,
2164 1546 2250 1589 ut-

670 1632 792 1691 pote
823 1622 946 1673 huic
978 1622 1351 1690 conjunctam.
1388 1624 1509 1677 Alio
1558 1625 1723 1693 igitur
1750 1640 1911 1679 sensu
1946 1625 2248 1695 loquentes,

671 1714 889 1765 minime
918 1730 1037 1767 cum
1066 1731 1130 1767 eo
1164 1716 1496 1783 discrepant.
1528 1715 1708 1785 Neque
1738 1718 1880 1769 enim
1913 1716 2112 1771 dicenti
2142 1734 2247 1771 non

672 1808 720 1858 in
754 1807 871 1858 loco
908 1823 1027 1861 esse
1061 1809 1248 1869 Deum,
1279 1819 1546 1878 quatenus
1582 1809 2003 1877 incorporalem,
2030 1821 2249 1865 contra-

2453 707 2613 765 Uotn;
2639 705 2766 765 τοὺς
2797 701 2856 753 ἐν
2882 705 2947 771 τῇ
2986 704 3205 774 καρδίᾳ,
3232 706 3264 774 ἢ
3294 703 3370 774 τῷ
3417 707 3705 777 ἐγκεφάλῳ
3745 709 3936 775 λέγον-

2353 811 2451 858 τας
2471 795 2563 847 τὸν
2590 794 2715 847 νοῦν
2743 795 3078 865 ένιδρῦσθαι,
3106 796 3525 861 Μασσαλιανοὺς
3558 794 3699 852 εἶναι
3727 801 3939 870 διισχυ-

2359 885 2591 956 ρίζεται,
2618 882 2774 951 οὗτος
2830 888 2984 950 ῐστω,
3013 887 3198 951 κακῶς
3253 892 3364 951 τοῖς
3396 890 3573 957 ἁγίοις
3626 892 3941 962 ἐπιτιθέμε-

2354 978 2537 1041 νος.⁹0
2566 979 2667 1049 μὲν
2696 980 2808 1051 γὰρ
2835 981 3012 1050 μέγας
3056 980 3401 1045 Ἀθανάσιος,
3435 982 3514 1051 τῷ
3550 985 3841 1053 ἐγκεφάλῳ
3868 985 3936 1038 τὸ

2354 1067 2572 1135 λογικὸν
2599 1069 2798 1122 ἐνεῖναι
2852 1068 2955 1138 τῆς
2984 1068 3163 1139 ψυχῆς
3200 1087 3334 1142 φησι
3369 1086 3384 1101 ⁸
3416 1072 3704 1142 Μακάριος
3727 1074 3785 1126 δὲ
3815 1074 3843 1123 ὁ
3870 1077 3941 1146 τῇ

2358 1161 2744 1233 μεγαλειότητι
2778 1162 2945 1233 μηδὲν
2971 1162 3257 1229 ἐλλείπων,
3300 1166 3359 1216 ἐν
3381 1167 3449 1236 τῇ
3483 1166 3682 1237 καρδίᾳ
3711 1166 3812 1236 τὴν
3841 1166 3939 1219 τοῦ

2354 1252 2447 1306 νοῦ
2498 1253 2800 1325 ἐνέργειαν.
2848 1254 3065 1324 Συνῳδὰ
3085 1253 3143 1308 δὲ
3178 1254 3406 1319 ’τούτοις
3454 1258 3506 1309 oi.
3549 1258 3697 1325 ἅγιοι
3748 1259 3941 1328 σχεδὸν

2355 1347 2617 1411 ἅπαντες.
2676 1348 2741 1400 Ὀ
2794 1347 2904 1417 γάρ
2968 1364 3133 1417 φησιν
3171 1349 3199 1399 ὁ
3257 1347 3481 1419 Νύσσης
3540 1349 3682 1411 οείος
3730 1351 3939 1420 Γρηγό-

2357 1456 2493 1511 ριος,
2519 1441 2601 1493 ὅτι
2628 1442 2657 1493 ό
2677 1440 2801 1503 νοῦς
2830 1440 2952 1493 οὕτε
2987 1440 3137 1501 ἐντὸς
3166 1439 3290 1493 οὔτε
3347 1443 3506 1506 ἐκτὸς
3543 1441 3638 1495 τοῦ
3681 1442 3941 1513 σώματος

2354 1536 2524 1598 ἐστιν,
2548 1536 2625 1599 ὼς
2675 1534 2989 1604 ἀσώματος,
3042 1536 3143 1587 οὐκ
3197 1535 3540 1590 ἐναντιοῦται
3588 1539 3703 1600 τοῖς
3758 1538 3940 1605 ἁγίοις

2355 1627 2585 1690 ἐκείνοις
2610 1642 2624 1658 ·
2657 1628 2808 1692 ἐντὸς
2857 1629 2970 1699 γὰρ
3012 1629 3108 1682 τοῦ
3164 1628 3420 1700 σώματος
3476 1631 3679 1684 ἐκεῖνοι
3715 1631 3940 1700 λέγουσι

2354 1720 2445 1771 τὸν
2484 1719 2629 1783 νοῦν,
2663 1720 2736 1782 ὡς
2760 1720 3105 1792 συνημμένον
3136 1721 3331 1793 τούτῳ.
3386 1723 3523 1776 Κατ’
3551 1722 3711 1776 ἄλλον
3755 1724 3942 1776 τοίνυν

2355 1818 2556 1888 τρόπον
2581 1818 2740 1872 τοῦτο
2766 1818 3038 1887 λέγοντες,
3070 1819 3275 1891 ἥκιστα
3324 1818 3462 1890 πρὸς
3497 1822 3707 1873 ἐκεῖνον
3743 1818 3942 1886 διαφέ-

674 1899 804 1953 dicit
836 1901 924 1970 qui
954 1901 1027 1954 ait
1062 1902 1327 1957 insedisse
1357 1903 1484 1955 olim
1523 1903 1611 1956 Dei
1648 1900 1885 1955 Verbum
1917 1903 2166 1974 virginali
2199 1915 2250 1959 et

2358 1924 2562 1979 ρονται.
2605 1909 2713 1961 Καὶ
2755 1907 2865 1979 γὰρ
2919 1908 3040 1962 οὺδέ
3084 1909 3162 1979 τῷ
3192 1909 3407 1978 λέγοντι
3454 1909 3530 1981 μὴ
3560 1912 3618 1962 ἐν
3668 1912 3823 1980 τόπῳ
3879 1913 3943 1962 τὸ

676 1995 1021 2048 itmnacoiato
1056 2006 1233 2059 utero,
1268 2004 1453 2062 utpote
1487 1996 1577 2049 hic
1640 1994 1989 2048 ineﬂaliiliter
2026 1998 2219 2064 ronjnu

676 2098 821 2137 Clum
862 2096 1057 2139 nostra:
1107 2100 1299 2139 massa:
1348 2101 1449 2157 per
1501 2085 1915 2139 inenarrabiletn
1947 2085 2253 2138 ιιιίδοτὶιτιη-

674 2177 839 2231 diam.

740 2448 1061 2518 Quicunque
1115 2447 1514 2503 manifestatam
1564 2447 1845 2515 discipulis
1905 2447 1956 2500 in
2026 2448 2246 2501 ‘tnabor

674 2543 845 2596 lucem
873 2542 1005 2595 dicit
1035 2542 1203 2594 fuisse
1230 2541 1571 2609 phantasma,
1603 2549 1655 2592 et
1682 2539 2057 2607 qualecunque
2100 2553 2249 2605 sym-

673 2636 852 2688 bolum
885 2636 1196 2702 apparuisse
1219 2639 1275 2686 ct
1304 2631 1616 2697 evanuisse,
1638 2630 1733 2684 sed
1765 2646 1867 2682 non
1890 2645 2069 2683 veram
2103 2645 2251 2694 esse,

674 2740 775 2780 nec
823 2740 984 2792 supra
1015 2738 1234 2777 omnem
1271 2722 1617 2792 cogitatione,
1652 2733 1707 2775 at
1737 2721 2049 2775 inferiorem
2089 2723 2238 2789 cogi-

674 2818 879 2871 tatione
929 2816 1326 2885 operationem,
1374 2815 1522 2869 clare
1556 2812 1881 2867 cmitradicit
1935 2824 2251 2868 sanctorum

675 2908 984 2963 sententiae.
1019 2906 1081 2959 lli
1116 2907 1285 2971 enim,
1322 2916 1432 2959 tum
1469 2906 1835 2969 sermonibus,
1865 2914 1976 2959 tum
2012 2906 2254 2976 scriptis.

677 2999 1368 3064 inell'abiletn,int-reatum,
1396 3008 1680 3061 mternatn,
1703 3013 1806 3051 non
1831 3011 2255 3067 tetnporancam,

679 3095 1030 3152 inaccessam,
1055 3092 1400 3155 immensam,
1431 3090 1717 3154 inﬁnitam,
1747 3090 2246 3157 indeterminatam,

676 3184 883 3255 angelis
911 3193 965 3236 et
1011 3184 1326 3237 hooninibus
1359 3182 1710 3245 invisibile-tn,
1747 3183 2091 3255 archetypa")
2126 3182 2249 3253 pul-

675 3277 1039 3332 chritudinem
1076 3287 1130 3330 et
1159 3276 1576 3339 immutabilem,
1610 3275 1837 3344 gloriam
1872 3274 1991 3341 Dei,
2020 3276 2250 3347 gloriam

677 3370 899 3433 Christi,
953 3368 1176 3437 gloriam
1220 3366 1478 3436 Spiritus,
1532 3366 1741 3419 radium
1806 3367 2130 3428 divinitatis,
2196 3376 2251 3422 et

677 3465 782 3516 alia
812 3462 1146 3528 hujusmodi,
1176 3461 1320 3513 illam
1344 3474 1678 3528 nuncupant.
1700 3458 2050 3537 Glorilicatur
2076 3463 2246 3530 enim,

679 3558 953 3622 inquiunt,
987 3570 1115 3609 caro
1139 3554 1307 3609 semel
1328 3568 1627 3623 assumpta,
1673 3565 1726 3607 et
1750 3554 1919 3622 gloria
1983 3552 2253 3607 divinitati

684 3650 744 3704 ﬁt
796 3650 963 3719 gloria
1017 3647 1285 3717 corporis.
1360 3645 1464 3701 Sed
1520 3649 1573 3700 in
1624 3661 1849 3717 corpore
1898 3645 2090 3700 visiin
2136 3654 2254 3699 erat

678 3743 852 3811 gloria
908 3756 1014 3794 non
1068 3740 1409 3808 capientibus
1463 3739 1666 3807 angelis
1707 3742 1869 3792 etiam
1930 3738 2252 3792 invisibilia.

681 3830 1125 3900 Translignratur
1154 3830 1337 3899 igitur,
1369 3843 1473 3881 non
1499 3829 1641 3897 quod
1680 3843 1784 3881 non
1811 3827 2049 3881 habebat
2098 3842 2255 3880 assu-

680 3937 857 3988 mens,
894 3937 993 3975 nec
1024 3921 1081 3974 in
1120 3923 1169 3974 id
1216 3921 1363 3990 quod
1398 3936 1504 3974 non
1532 3930 1652 3974 erat.
1696 3931 2116 3985 transmutatus,
2163 3922 2255 3975 scd

681 4014 825 4081 quod
872 4022 993 4067 erat
1046 4012 1161 4065 suis
1192 4012 1476 4079 discipulis
1527 4010 1909 4077 manifestans,
1962 4022 2259 4081 eorumque

681 4107 933 4177 aperiens
982 4104 1199 4171 oculos,
1246 4114 1301 4159 et
1354 4120 1421 4158 ex
1474 4104 1633 4159 cacis
1688 4106 1940 4160 videntes
1995 4104 2258 4161 reddens.

684 4198 817 4252 Nam
877 4200 993 4269 ipse
1048 4213 1336 4254 remanens
1364 4199 1530 4263 idem,
1556 4199 1696 4253 alios
1726 4213 1887 4267 quam
1923 4207 2085 4255 antea
2118 4199 2263 4253 vide-

685 4293 865 4356 batur,
899 4304 1032 4347 tunc
1059 4292 1342 4361 discipulis
1368 4291 1518 4345 visus
1545 4292 1819 4360 apparuit.
1849 4290 1965 4360 Ipse
1990 4292 2136 4346 enim
2174 4306 2264 4345 ve-

686 4401 805 4439 rum
837 4394 921 4439 est
947 4384 1132 4455 glorim
1168 4385 1359 4445 decus,
1399 4390 1453 4435 et
1480 4381 1623 4436 sicut
1648 4383 1729 4435 sol
1761 4381 2084 4451 refulgebat,
2116 4382 2261 4447 quod

686 4486 773 4531 est
802 4475 1034 4530 obscura
1073 4476 1276 4541 imago,
1308 4472 1409 4526 sed
1440 4472 1774 4541 impossibile
1804 4482 1889 4527 est
1923 4488 2027 4527 non
2064 4473 2263 4542 imper-

688 4568 827 4623 fecte
862 4567 916 4621 in
948 4574 1199 4621 creatura
1234 4566 1538 4619 increatum
1567 4566 1905 4620 adumbrari.

751 4752 1072 4819 Quicunque
1102 4748 1400 4801 increatam
1428 4760 1549 4799 esse
1587 4744 1716 4798 dicit
1746 4744 1917 4797 solam
1944 4743 2037 4796 Dei
2066 4758 2256 4797 essene

684 4846 835 4908 tium,
876 4842 1016 4897 haud
1053 4856 1179 4894 vero
1212 4850 1265 4893 et
1296 4851 1527 4892 aeternas
1569 4837 1685 4906 ejus
1722 4839 2087 4906 operationes,
2124 4851 2259 4903 quas

683 4950 874 4989 omnes
895 4933 1281 5001 supereminet,
1309 4932 1450 4985 sicut
1476 4931 1652 4982 omnia
1685 4942 1851 4998 opera
1879 4942 2134 4996 operam,
2162 4942 2259 4980 au-

684 5026 796 5081 dict
826 5034 1071 5079 sanctum
1123 5021 1415 5076 Maximum
1470 5022 1737 5074 dicentem
1791 5036 1819 5089 ;,
1860 5038 1877 5070 ι
1932 5018 2263 5073 Immortalia

685 5116 866 5171 omnia
907 5124 959 5168 et
1007 5115 1122 5182 ipsa
1164 5112 1564 5175 immortalitas,
1601 5120 1656 5165 et
1709 5112 1943 5164 viventia
1992 5112 2173 5164 omnia
2211 5120 2266 5164 ct

592 5204 596 5209 ’
689 5209 804 5275 ipsa
839 5208 967 5271 vita,
1002 5216 1057 5257 et
1086 5216 1277 5257 sancta
1312 5204 1495 5257 omnia
1525 5214 1578 5256 et
1610 5204 1723 5272 ipsa
1756 5205 2039 5266 sanctitas,
2068 5215 2119 5257 et
2147 5219 2266 5257 om-

692 5318 777 5354 nta
810 5301 1008 5353 virtute
1040 5296 1263 5366 praedita
1292 5306 1345 5348 et
1374 5297 1605 5364 ipsamet
1630 5309 1819 5357 Virtus,
1843 5308 1896 5351 et
1924 5297 2060 5350 bona
2086 5298 2267 5351 Omnia

690 5394 743 5441 et
776 5390 886 5455 ipsa
921 5391 1151 5452 bonitas,
1173 5396 1228 5441 et
1258 5388 1573 5439 exsistcutia
1594 5386 1771 5439 omnia
1795 5397 1847 5439 et
1872 5390 2103 5453 ipSantct
2125 5386 2271 5439 exsi-

692 5478 913 5541 etentia,
966 5479 1058 5531 Dei
1092 5480 1377 5531 evidenter
1401 5494 1561 5544 opera
1593 5486 1750 5531 sunt;
1783 5478 1872 5530 sed
1903 5477 2003 5530 alia
2057 5480 2270 5545 quidem

691 5586 812 5623 esse
843 5573 1213 5640 tomporaliter
1244 5579 1549 5639 carpet-unt,
1576 5570 1676 5622 fuit
1705 5573 1848 5623 enim
1875 5582 2090 5636 tempus
2110 5585 2271 5636 quam

695 5682 801 5718 non
853 5672 1057 5727 essent,
1095 5664 1197 5716 alia
1236 5678 1366 5717 vero
1400 5678 1521 5717 esse
1552 5664 1926 5731 tetttporaltter
1960 5679 2062 5715 oott
2092 5676 2272 5731 coepe-

697 5769 841 5817 runt,
863 5756 1065 5808 nullum
1095 5755 1238 5807 enim
1268 5754 1370 5809 fuit
1402 5764 1613 5824 tempus
1629 5770 1793 5825 quam
1834 5770 1939 5807 non
1960 5768 2143 5809 essent
2166 5756 2275 5808 vir-

701 5861 810 5913 tus.
854 5859 910 5905 et
949 5849 1184 5915 bonitas,
1213 5856 1268 5902 et
1308 5849 1572 5903 sanctitas
1628 5858 1683 5902 ct
1716 5849 2111 5905 immortalitas.
2156 5865 2173 5897 ι
2212 5846 2275 5901 Et

2356 2002 2511 2054 Θεῖον
2543 1996 2705 2066 εἶναι,
2745 1996 3116 2073 ᾗάσώματον,
3164 2002 3493 2067 ἀντίκειται,
3538 2004 3568 2054 ό
3592 2002 3742 2056 ἔνδον
3788 2000 3945 2069 γενέ-

2360 2092 2485 2147 σθαι
2531 2094 2663 2147 ποτὲ
2715 2095 2805 2149 τὸν
2836 2094 2927 2148 τοῦ
2969 2093 3109 2148 Θεοῦ
3167 2095 3345 2162 Λόγον
3386 2095 3562 2165 λέγων
3604 2097 3941 2166 παρθενικῆς

2357 2185 2451 2239 καὶ
2486 2187 2835 2255 παναμὼμοο
2880 2188 3113 2257 μήτρας,
3140 2186 3215 2250 ὡς
3246 2189 3363 2240 ἐκεῖ
3413 2188 3763 2257 συνημμένον
3797 2188 3943 2256 ὑπὲρ

2358 2277 2515 2346 λόγον
2560 2278 2638 2348 τῷ
2665 2279 2785 2333 καθ’
2826 2282 2971 2350 ἡμᾶς
3016 2279 3324 2353 φυράματι,
3365 2280 3454 2333 διὰ
3515 2280 3941 2351 φιλανθρωπίαν

2357 2371 2585 2441 ἄφατον.

2430 2462 2618 2525 Ὅστις
2652 2462 2713 2515 τὸ
2752 2463 2809 2515 ἐν
2835 2461 3103 2533 Θαϐωρίῳ
3141 2462 3269 2525 τοὺς
3312 2463 3560 2533 μαθητὰς
3595 2467 3944 2535 περιαστρ-

2356 2554 2464 2622 ψαν
2499 2552 2834 2623 φῶς,φάσμα
2854 2555 3025 2622 λέγει,
3072 2556 3165 2607 καὶ
3208 2555 3480 2624 σύμϐολον
3511 2558 3777 2618 τοιοῦτον,
3826 2551 3941 2609 οἷον

2357 2647 2601 2712 γίνεσθαι
2641 2648 2734 2701 καὶ
2764 2648 2993 2715 ἀπογίνε
3006 2647 3153 2709 σθαι,
3183 2646 3297 2701 ἀλλ’
3326 2648 3386 2701 οὐ
3419 2648 3625 2718 κυρίως
3654 2643 3822 2712 εἶναι,
3841 2651 3939 2702 καὶ

2357 2738 2455 2805 οὐχ
2488 2737 2626 2807 ὑπὲρ
2659 2738 2838 2789 πᾶσαν
2864 2739 3072 2807 νόησιν,
3125 2737 3261 2790 ἀλλὰ
3293 2738 3462 2808 χείρω
3505 2739 3746 2808 νοήσεως
3784 2742 3938 2809 ἐνέρ-

2357 2844 2533 2895 γειαν,
2568 2830 2752 2897 σαφῶς
2781 2829 3208 2898 ἀντιφθέγγεται
3243 2832 3365 2893 ταῖς
3388 2829 3498 2883 τῶν
3525 2830 3703 2898 ἁγίων
3730 2830 3935 2895 δόξαις.

2358 2917 2517 2975 Οὗτοι
2550 2921 2682 2991 γὰρ,
2714 2924 2819 2976 κάν
2855 2924 2967 2985 τοῖς
2995 2921 3226 2993 ᾅσμασι,
3254 2924 3359 2976 κάν
3401 2923 3516 2984 τοῖς
3565 2923 3940 2993 συγγράμμα-

2359 3031 2464 3080 σιν,
2495 3017 2830 3087 ἀπόρῤητον,
2857 3016 3133 3078 ἀκτιστον,
3185 3016 3377 3081 ἀΐδιον,
3424 3014 3677 3085 ἄχρονον,
3724 3016 3940 3085 ἀπρόσ-

2358 3109 2759 3174 ιτον,ἀπλετον,
2793 3110 3053 3180 ἄπειρον,
3090 3108 3502 3179 ἀπεριόριστον,
3532 3108 3791 3177 ἀγγέλοις
3842 3112 3938 3162 καὶ

2276 3229 2323 3289 c
2357 3195 2662 3274 ἀνθρώποις
2692 3203 2942 3267 ἀθέατον,
2984 3203 3291 3273 ἀρχέτυπον
3345 3201 3563 3265 κάλλος,
3616 3201 3714 3254 καὶ
3772 3203 3937 3254 ἀναλ-

2355 3295 2596 3359 λοίωτον,
2628 3295 2784 3362 δόξαν
2821 3294 2979 3362 Θεοῦ,
3010 3295 3170 3360 δόξαν
3197 3293 3458 3365 Χριστοῦ,
3480 3294 3638 3360 δόξαν
3680 3294 3938 3364 Πνεῦμα-

2359 3403 2470 3449 τος,
2491 3386 2684 3439 ἀκτῖνα
2701 3385 2977 3455 θεότητος,
3004 3384 3099 3438 καὶ
3124 3384 3192 3437 τὰ
3218 3384 3469 3446 τοιαῦτα,
3489 3387 3937 3455 προσαγορεύου-

2359 3494 2433 3530 σι.
2464 3473 2755 3541 Δοξάζεται
2786 3474 2887 3544 μὲν
2904 3474 3033 3545 γὰρ,
3066 3477 3250 3545 φησιν,
3280 3476 3312 3541 ἡ
3337 3473 3475 3543 σὰρξ
3506 3473 3627 3540 ἅμα
3661 3475 3726 3542 τῇ
3758 3491 3935 3543 ’προσ⁶

2354 3566 2534 3635 λήψει,
2566 3566 2660 3619 καὶ
2688 3565 2817 3629 δόξα
2870 3568 2963 3617 τοῦ
3002 3566 3256 3635 σώματος
3300 3566 3332 3633 ή
3366 3562 3494 3627 δόξα
3523 3565 3620 3634 τῆς
3678 3562 3935 3631 θεότητος

2356 3660 2585 3726 γίνεται.
2631 3659 2769 3711 Ἀλλ’
2801 3660 3014 3727 ἀφανὴς
3056 3653 3183 3727 ἦνή
3219 3656 3348 3722 δόξα
3403 3659 3459 3708 ἐν
3503 3657 3582 3725 τῷ
3616 3659 3942 3728 φαινομένῳ

2358 3752 2592 3822 σώματι,
2622 3754 2735 3815 τοῖς
2768 3751 2843 3821 μὴ
2872 3751 3107 3823 χωροῦσι
3145 3751 3213 3805 τὰ
3269 3749 3366 3804 καὶ
3394 3750 3648 3817 ἀγγέλοις
3699 3750 3935 3825 ἀθέατα.

2357 3842 2817 3913 Μεταμορφοῦται
2840 3843 3041 3906 τοίνυν,
3059 3842 3157 3912 οὐχ
3190 3842 3219 3895 ὃ
3242 3843 3339 3895 οὐκ
3376 3837 3445 3912 ἦν
3468 3840 3943 3918 ’προσλαϐόμενοςξ

2357 3936 2477 3987 οὐδὲ
2509 3934 2588 3998 είς
2636 3933 2775 4003 ὅπερ
2812 3934 2912 3986 οὐκ
2969 3928 3037 4003 ἦν
3098 3933 3591 4004 μεταϐαλλόμενος,
3635 3932 3753 3985 ἀλλ’
3800 3934 3942 4003 ὅπερ

2358 4009 2426 4083 ἦν
2451 4016 2560 4077 τοῖς
2621 4014 2844 4076 οἰκείοις
2890 4013 3163 4083 μαθηταῖς
3200 4014 3618 4082 ἐπιφαινόμενος,
3649 4015 3951 4085 διανοίγων

2359 4104 2567 4157 τούτων
2590 4102 2657 4156 τὰ
2679 4102 2926 4173 ὄμματα,
2960 4103 3053 4155 καὶ
3083 4102 3147 4155 ὲκ
3171 4101 3389 4171 τυφλῶν
3419 4102 3795 4173 ἐργαζόμενος
3820 4103 3950 4169 βλέ-

2362 4214 2586 4260 ποντας.
2618 4196 2813 4251 Μένων
2860 4196 2967 4265 γὰρ
3004 4191 3169 4258 αὐτὸς
3200 4196 3259 4247 ἐν
3297 4194 3611 4263 ταυτότητι,
3662 4199 3796 4267 παρ’
3829 4198 3860 4251 ὃ
3884 4199 3951 4251 τὸ

2360 4289 2492 4359 πρὶν
2521 4289 2793 4356 ἐφαίνετο,
2819 4286 2912 4341 νῦν
2950 4289 3062 4349 τοῖς
3113 4286 3383 4357 μαθηταῖς
3414 4288 3627 4359 ἑωρᾶτο
3679 4289 3948 4359 φαινόμε-

2360 4398 2469 4443 νος.
2495 4382 2667 4454 Αῦτὸς
2696 4381 2805 4450 γάρ
2823 4383 2943 4441 ἐστι
2970 4380 3031 4433 τὸ
3058 4379 3412 4449 ἀληθινὸν,τὸ
3426 4381 3525 4449 τῆς
3552 4381 3710 4452 δόξης
3772 4382 3946 4453 ὡραϊ-

2362 4489 2497 4543 σμα,
2522 4459 2616 4524 xui.
2641 4471 2716 4534 ὡς
2746 4474 2774 4523 ὁ
2814 4456 2962 4541 ἣλιος
3014 4469 3276 4539 ἔλαμψεν,
3301 4469 3520 4540 ἀμυδρὰ
3547 4472 3581 4539 ἡ
3610 4469 3800 4532 είκὼν,
3828 4474 3951 4525 ἀλλ’

2292 4568 2339 4625 D
2362 4566 2639 4635 ἀμήχανον
2690 4563 3118 4635 ἀπαραλείπτως
3146 4562 3206 4614 ἐν
3258 4563 3331 4631 τῇ
3364 4562 3563 4625 κτίσι,
3595 4563 3658 4614 τὸ
3688 4562 3949 4617 ἄκτιστον

2363 4654 2749 4709 εἰκονίζεσθαι.

2435 4747 2625 4809 Ὅστις
2652 4746 2908 4798 ἄκτιστον
2946 4744 3043 4815 τὴν
3072 4743 3263 4797 οὐσίαν
3296 4745 3465 4813 μόνην
3494 4740 3635 4796 εἶναι
3662 4743 3817 4809 λέγει
3849 4745 3950 4796 τοῦ

2360 4839 2518 4903 Θεοῦ,
2560 4838 2699 4892 ἀλλά
2731 4838 2807 4909 μὴ
2835 4839 2930 4891 καὶ
2956 4838 3052 4899 τὰς
3092 4836 3297 4901 ἀϊδίους
3344 4836 3630 4906 ἐνεργείας
3654 4836 3847 4896 αὐτοῦ.
3874 4830 3956 4889 ὧν

2363 4932 2455 4986 καὶ
2493 4932 2752 5001 ὑπερέχει
2781 4930 2970 5003 πασῶν
2998 4929 3072 4993 ὼς
3103 4930 3211 4982 τῶν
3241 4929 3657 4998 ἐνεργουμένων
3686 4929 3955 5004 ἁπάντων

2362 5025 2423 5077 τὸ
2443 5022 2722 5093 ἐνεργοῦν,
2788 5011 2883 5075 τοῦ
2934 5022 3091 5089 ἁγίου
3140 5019 3438 5073 ἀκουσάτω
3472 5018 3729 5088 Μαξίμου
3762 5020 3952 5088 λέγονο

2362 5131 2452 5177 τος
2478 5132 2490 5144 ·
2518 5112 2599 5166 Τὰ
2631 5112 2875 5166 ἀθάνατα
2905 5112 3104 5176 πάντα,
3150 5111 3245 5165 καὶ
3295 5110 3434 5179 αὑτὴ
3458 5111 3489 5180 ή
3521 5110 3789 5164 ἀθανασία
3817 5127 3831 5139 ·
3858 5114 3957 5165 καὶ

2362 5208 2430 5259 τὰ
2452 5206 2626 5270 ζῶντα
2655 5206 2859 5269 πάντα,
2878 5204 2971 5257 καὶ
2994 5202 3134 5273 αὐτὴ
3156 5203 3345 5276 ὴςωίγ
3369 5205 3465 5256 καὶ
3483 5204 3551 5255 τὰ
3582 5202 3715 5271 ἅγια
3746 5207 3952 5263 πάντα,

2370 5299 2464 5348 καὶ
2496 5294 2634 5366 αὐτὴ
2674 5298 2705 5364 ὴ
2754 5295 3019 5363 ἀγιότηςο
3062 5294 3159 5346 καὶ
3216 5293 3287 5347 τά
3345 5294 3580 5365 ἐνάρετα
3607 5295 3803 5357 πάντα,
3860 5299 3957 5348 καὶ

2372 5388 2510 5460 αὑτὴ
2539 5389 2777 5459 ἡάρετὴ·
2800 5386 2981 5439 καὶτὰ
3010 5386 3188 5454 ἁγαθά
3217 5386 3420 5447 πάντα,
3458 5386 3557 5439 καὶ
3578 5388 3719 5455 αὕτη
3745 5389 3778 5456 ὴ
3806 5390 3957 5454 ἀγα-

2372 5479 2533 5547 θότης
2556 5496 2569 5507 ·
2604 5479 2697 5531 καὶ
2726 5476 2793 5530 τὰ
2824 5476 2953 5530 δντα
2973 5477 3169 5539 πάντα,
3197 5477 3291 5531 καὶ
3307 5476 3449 5548 αὐτὴ
3483 5478 3517 5546 ἡ
3543 5477 3790 5547 όντότης,
3810 5478 3957 5532 Θεοῦ

2373 5569 2657 5637 προδήλως
2688 5568 2823 5639 ἔργα
2860 5568 3222 5637 τυγχάνουσιν
3243 5582 3258 5596 °
3277 5568 3415 5646 ἀλλά
3444 5568 3513 5622 τὰ
3547 5568 3649 5639 μὲν
3677 5570 3771 5622 τοῦ
3812 5566 3962 5625 εἶναι

2372 5680 2404 5731 χ
2412 5661 2638 5730 ρονικῶς
2658 5658 2908 5730 ὴργμένα
2930 5656 3020 5731 (ἦν
3040 5661 3149 5730 γάρ
3169 5676 3299 5713 ποτε
3316 5660 3405 5713 ὅτε
3424 5661 3525 5714 οὐκ
3542 5656 3659 5732 ἦν),
3679 5663 3753 5715 τὰ
3773 5662 3830 5715 δὲ
3859 5664 3964 5718 τοῦ

2372 5749 2512 5808 εἶναι
2536 5753 2805 5825 χρονικῶς
2828 5754 2929 5807 οὐκ
2947 5753 3220 5823 ἠργμένα·
3244 5754 3344 5806 οὐκ
3360 5748 3428 5824 ἦν
3448 5755 3559 5823 γάρ
3578 5771 3714 5809 ποτε
3738 5756 3829 5810 ὅτε
3856 5762 3962 5811 οὐκ

2373 5846 2440 5918 ἦν
2468 5847 2658 5919 ἀρετὴ,
2693 5849 2785 5901 καλ⁵
2815 5847 3111 5916 ἀγαθότης,
3140 5843 3243 5901 καΐ
3274 5846 3499 5917 ἀγιότης
3531 5850 3624 5901 καὶ
3664 5848 3961 5907 ἀθανασία·
