4224 6464
257 412 401 477 1Ξ33

1436 416 2005 478 ΠΛΠῘΟΠΙΤΙΕΠΞ
2044 413 2322 473 TOMUS.

3366 396 3496 467 1234

240 531 337 576 καὶ
367 526 541 577 πάλιν·
591 523 653 575 Ἡ
684 522 982 592 ἁγαοότης,
1021 525 1112 576 καὶ
1164 525 1269 575 πᾶν
1299 526 1350 575 ετ
1382 542 1429 576 τι
1487 526 1820 596 ἀγαοότητος

1890 562 1895 586 ι
1939 545 2121 582 rursus
2160 547 2171 583 :
2208 549 2224 578 ι
2259 527 2497 589 Bonitas,
2544 533 2595 576 et
2621 520 2881 592 quidquid
2916 520 2969 572 in
3002 516 3260 573 bonitatis
3294 517 3499 568 ratione

238 616 638 683 ἐμπεριέχεται
690 614 872 681 λόγῳ·
932 617 1025 665 καὶ
1087 615 1273 676 ἁπλῶς
1338 617 1486 668 πᾶσα
1532 618 1665 684 ζωὴ,
1728 620 1819 669 καὶ

238 708 542 769 ἀθανασία,
572 706 667 757 καὶ
714 707 974 773 ἁπλότης,
1010 709 1103 757 καὶ
1142 707 1395 775 ἀτρειςιία,
1426 708 1521 760 καὶ
1575 711 1820 777 ἀπειρία,

241 802 467 853 καίὃσα
496 799 628 867 περὶ
684 800 774 850 τὸν
804 798 935 849 Bal-tt
1001 799 1274 861 ούσιωδῶς
1326 799 1632 869 θεωρεῖται,
1687 801 1824 872 ἔργα

239 892 376 943 θεοῦ
403 895 532 957 εἰσι,
573 892 667 943 καὶ
696 892 797 943 οὐκ
822 893 1073 958 ἡργμένα
1112 894 1399 960 χρονικῶς.
1441 894 1513 945 Οὐ
1550 895 1659 963 γάρ
1694 913 1824 947 ποτε

239 984 621 1055 πρεσϐύτερον
648 985 848 1053 ἀρετῆς
879 985 937 1036 τὸ
959 986 1057 1036 οὐκ
1089 981 1177 1054 ἦν,
1207 986 1326 1038 ούδέ
1364 1004 1507 1047 τινος
1529 986 1687 1040 ἄλλου
1716 990 1823 1040 τῶν

243 1077 557 1146 εἰρημένων
593 1076 695 1129 κᾶν
723 1078 791 1129 τὰ.
839 1080 1131 1147 μετέχοντα
1163 1079 1344 1130 αὐτῶν
1390 1078 1509 1129 κατ’
1538 1079 1697 1143 αὐτὰ,
1721 1076 1825 1150 ἦρ-

243 1190 374 1222 κται
400 1170 494 1223 τοῦ
529 1167 668 1223 εἶναι
697 1170 985 1241 χρονικῶς.
1012 1172 1279 1239 Ἀναρχος
1312 1171 1419 1240 γάρ
1454 1172 1603 1224 πᾶσα
1635 1174 1823 1242 ἀρετὴ,

246 1265 324 1333 μὴ
354 1265 554 1332 ἔχουσα
608 1265 700 1316 τὸν
728 1266 922 1333 χρόνον
949 1264 1153 1331 ἑαυτῆς
1186 1263 1580 1333 πρεσϐύτερον,
1608 1260 1695 1317 οἷα
1734 1268 1826 1317 τὸν

240 1358 380 1408 eam
413 1357 611 1425 1ἔχουσα
641 1358 734 1408 τοῦ
769 1353 907 1409 εἶναι
942 1356 1250 1425 μονώτατον
1292 1356 1477 1418 ἀϊδίως
1502 1358 1825 1427 γεννήτορα.

248 1451 478 1503 Πάντων
509 1450 564 1501 δὲ
579 1450 685 1502 τῶν
707 1450 876 1502 ὄντων
910 1451 1001 1502 καὶ
1032 1449 1374 1518 μετεχόντων
1397 1451 1491 1501 καὶ
1523 1449 1824 1518 μεθεκτῶν,

243 1544 544 1611 ἀπειράκις
563 1541 807 1610 ἀπείρως
831 1541 863 1591 ὁ
896 1539 1025 1601 Θεὸς
1045 1540 1472 1611 ὑπερεξήρηται.
1495 1541 1827 1595 Μανθανέτω

238 1636 429 1687 τοίνυν
460 1635 523 1685 ὲκ
545 1635 773 1695 τούτων,
824 1634 898 1694 ῶς
931 1633 989 1684 οὺ
1046 1636 1224 1686 πάντα
1253 1633 1319 1684 τὰ
1370 1632 1712 1702 ὑφεστηκότα
1765 1636 1827 1688 ὲκ

242 1726 386 1778 Θεοῦ
426 1764 441 1787 ,
470 1727 561 1777 καὶ
598 1725 704 1777 ὑπὸ
743 1726 934 1794 χρόνον
957 1726 1081 1777 εἰσί.
1115 1726 1221 1777 Καὶ
1252 1725 1360 1793 γὰρ
1386 1725 1530 1776 ἔστιν
1560 1724 1596 1779 ὃ.
1626 1726 1827 1779 τούτων

244 1822 466 1892 ἀναρχά
497 1824 633 1882 ἐστι,
668 1823 761 1873 καὶ
784 1822 862 1890 τῷ
886 1821 1029 1890 λόγῳ
1051 1822 1148 1889 τῆς
1182 1822 1347 1890 μόνης
1382 1820 1619 1889 ἀνάρχου
1645 1820 1825 1888 φύσει,

1927 619 2423 686 t-muprebemiitur,
2450 625 2505 670 et
2552 614 2851 686 generatim
2900 610 3079 664 omnis
3141 608 3273 671 vita,
3313 616 3369 661 et
3398 608 3495 660 im-

1928 712 2251 773 mortalitas,
2278 719 2331 763 et
2371 710 2713 776 simplicitas.
2739 715 2795 760 et
2826 701 3259 757 immutabilitas.
3298 706 3353 754 et
3397 700 3500 753 im-

1928 806 2207 865 mensitas,
2228 803 2549 871 etquzelibet
2571 798 2880 854 essentialia
2918 795 3007 849 Dei
3038 796 3312 859 attributa,
3332 806 3496 861 opera

1926 893 2018 946 Dt-i
2064 902 2209 957 sunt,
2236 894 2333 945 etsi
2376 906 2479 944 non
2513 889 2883 956 temporaliter
2904 884 3190 955 rmperint.
3216 883 3500 952 Nunquam

1927 985 2200 1039 enimnon
2230 984 2551 1038 exsistentia
2570 978 3115 1048 praecessitvirtutem
3160 975 3500 1041 autaliquam

1931 1078 2091 1130 aliam
2117 1076 2461 1144 prmfatarunt
2489 1075 2832 1145 qualitatum,
2857 1072 3101 1140 quamvis
3122 1066 3498 1136 partieipantia

1929 1183 2022 1220 eas
2059 1183 2181 1221 cum
2204 1168 2419 1221 eisesse
2444 1154 2813 1235 temporaliter
2864 1163 3146 1227 cmperlnt.
3207 1157 3341 1211 Nam
3383 1158 3501 1208 sine

1930 1257 2194 1328 principio
2250 1268 2329 1312 est
2372 1258 2547 1312 omnis
2597 1256 2792 1319 virtus,
2853 1268 2957 1305 non
3021 1250 3225 1304 habens
3288 1257 3501 1312 tempus

1928 1352 2104 1418 seipsa
2122 1350 2383 1412 anterius,
2403 1356 2584 1417 utpote
2607 1346 2780 1399 solum
2811 1345 2975 1398 Deum
3002 1342 3205 1395 habens
3230 1355 3341 1393 sua:
3360 1340 3503 1393 exsi-

1927 1443 2138 1495 steutite
2156 1442 2223 1495 ab
2237 1451 2440 1494 aeterno
2461 1439 2783 1509 genitorem.
2798 1436 3063 1491 Omnibus
3082 1443 3258 1486 autem
3283 1431 3475 1499 partici
3489 1460 3506 1475 ο

1930 1532 2185 1601 pantibus
2245 1540 2297 1584 et
2328 1529 2663 1598 participatis
2718 1527 2984 1579 immense
3017 1532 3071 1578 et
3131 1521 3335 1575 inﬁnite
3362 1521 3504 1573 Deus

1928 1624 2317 1691 supereminet.
2352 1640 2371 1672 ι
2406 1621 2586 1675 Discat
2621 1619 2780 1686 igitur
2812 1632 2875 1670 ex
2917 1616 2999 1671 bis
3033 1631 3137 1669 non
3178 1614 3355 1667 omnia
3382 1627 3503 1681 qu:e

1934 1716 2042 1770 Deo
2068 1716 2316 1781 subsunt,
2364 1714 2592 1783 tempori
2658 1712 2962 1780 subiacete.
3000 1709 3209 1764 Etenim
3242 1706 3499 1761 nonnulla

1932 1810 2123 1864 horum
2177 1810 2294 1864 sine
2321 1808 2586 1878 principio
2615 1815 2759 1870 sunt,
2785 1807 2916 1873 quin
2947 1804 3059 1858 sola
3092 1802 3211 1856 sine
3238 1801 3501 1870 principio

247 1913 345 1962 xui.
390 1910 681 1980 τρεαδικῆς
700 1910 947 1977 μονάδος,
968 1911 1168 1979 καὶτῆς
1190 1910 1308 1963 κατ’
1328 1910 1496 1980 αὐτὴν
1516 1911 1823 1981 ὑπερφυοῦς

1890 1890 1899 1941 ί
1930 1901 2227 1956 secundum
2261 1912 2510 1953 naturam
2542 1898 2804 1961 essentia,
2832 1908 2884 1951 et
2919 1897 3055 1949 tritta
3092 1894 3340 1964 personis
3370 1893 3501 1949 Uni-

243 2003 579 2069 ἀπλότητος,
612 2002 815 2069 ἦκιστα
866 2001 1187 2070 λυμαίνεται
1218 2018 1232 2031 ·
1262 2001 1353 2053 τὸν
1382 2003 1543 2054 αὑτὸν
1565 2001 1673 2070 γὰρ
1699 2003 1823 2071 τρό-

248 2110 353 2144 πον
384 2093 475 2142 καὶ
498 2094 525 2143 ό
564 2091 685 2152 νοῦς
736 2093 854 2143 κατ’
907 2092 1153 2161 ἀμυδρὰν
1194 2092 1376 2144 εἰκόνα
1401 2093 1498 2159 τῆς
1549 2093 1825 2160 ὑπερϐαλ-

244 2185 449 2251 λούσης
474 2182 689 2251 ἐκείνης
714 2184 997 2254 ἀμερείας,
1034 2184 1284 2253 οὐδαμῶς
1310 2184 1397 2239 διὰ
1425 2185 1521 2248 τὰς
1556 2186 1829 2254 ἐμφύτους

242 2274 446 2330 ἑαυτοῦ
478 2276 709 2344 νοήσεις,
746 2275 995 2338 σύνθετός
1029 2278 1195 2329 ἐστιν.

324 2369 516 2429 Ὅστις
556 2368 655 2428 τὰς
680 2367 1149 2436 ὲνσημαινομένας
1175 2364 1251 2435 τῷ
1283 2366 1494 2435 σώματι
1530 2383 1827 2435 πνευματι-

248 2459 356 2520 κὰς
391 2458 681 2519 διαθέσεις,
708 2456 817 2510 ἀπὸ
846 2456 953 2508 τῶν
1011 2460 1066 2509 ὲν
1096 2460 1159 2526 τῇ
1196 2458 1337 2525 ψυχῇ
1366 2457 1473 2508 τῶν
1524 2458 1663 2510 κατά
1693 2456 1829 2509 Θεὸν

246 2550 673 2618 προκοπτόντων
746 2548 1104 2617 χαρισμάτων
1192 2549 1282 2600 τοῦ
1348 2549 1701 2615 Ιίνεύματος,
1766 2551 1825 2599 οὺ

242 2642 648 2711 παραδέχεται,
706 2641 799 2693 καὶ
855 2642 953 2708 τὴν
1012 2639 1105 2692 τοῦ
1174 2640 1478 2709 παθητικοῦ
1538 2640 1655 2692 καθ’
1717 2641 1827 2706 ἕξιν

246 2734 529 2802 νέκρωσιν
583 2731 857 2784 ἀπάθειάν
916 2748 1101 2801 φησιν,
1155 2730 1289 2783 ἀλλά
1343 2730 1417 2799 μὴ
1463 2730 1558 2800 τὴν
1614 2731 1704 2782 ἐπὶ
1758 2732 1826 2782 τὰ

240 2825 490 2894 κρείττω
558 2823 680 2875 καθ’
728 2822 843 2886 ἕξιν
876 2809 1178 2892 ἐνέργειαν,
1214 2823 1408 2885 ὀλικῶς
1439 2824 1827 2892 ἀπεστραμμέ-

242 2934 341 2969 νου
375 2916 444 2969 τά
485 2914 720 2985 πονηρὰ,
751 2914 842 2966 καὶ
895 2916 1345 2983 ἐπεστραμμένου
1397 2916 1529 2983 πρὸς
1560 2917 1627 2967 τὰ
1666 2915 1823 2976 καλὰ,

237 3012 321 3072 ὡς
347 3009 451 3070 τὰς
485 3007 729 3077 πονηρὰς
769 3007 907 3070 ἕξεις
942 3008 1399 3073 ἀποκτισαμένου,
1429 3006 1519 3059 καὶ
1548 3009 1667 3068 ταῖς
1698 3009 1826 3072 ἀγα.

240 3105 373 3163 Qui;
407 3101 832 3170 πλουτήσαντος,
862 3093 1015 3161 οὗτος
1049 3098 1355 3159 ἀκολούθως
1392 3101 1457 3167 τῇ
1492 3097 1716 3169 τοιαύτη
1740 3097 1812 3148 δό-

244 3195 338 3263 ξῃ,
367 3192 461 3243 καὶ
485 3191 582 3262 τήν
616 3194 674 3243 ὲν
734 3191 813 3259 τῷ
842 3190 1106 3259 ἀφθάρτῳ
1162 3188 1272 3240 τῶν
1305 3188 1471 3240 ὄντων
1512 3189 1663 3239 αίῶνι
1691 3188 1825 3255 μετὰ

242 3285 506 3354 σώματος
564 3282 920 3336 ἀπαναίνεται
968 3282 1277 3349 διαγωγήνο
1322 3284 1368 3332 εί
1396 3280 1501 3349 γὰρ
1546 3281 1823 3350 συμμεθέ-

239 3378 329 3442 Est
370 3377 492 3428 τότε
520 3378 588 3444 τῇ
618 3375 765 3444 ψυχῇ
791 3374 851 3425 τὸ
881 3373 1041 3442 σῶμα
1071 3372 1178 3425 τῶν
1212 3374 1535 3443 ἀπορρήτων
1577 3372 1819 3439 ἀγαθῶν,

242 3473 345 3525 καὶ
377 3471 474 3523 νῦν
506 3471 682 3537 δήπου
732 3469 1086 3539 συμμεθέξει,
1121 3470 1258 3520 κατὰ
1289 3469 1348 3520 τὸ
1398 3467 1691 3539 ἐγχωροῦν,
1728 3469 1823 3537 τῆς

242 3562 664 3631 χορηγουμένης
724 3559 1002 3628 μυστικῶς
1057 3560 1148 3611 καὶ
1206 3560 1531 3628 ἀπορῤήτως
1570 3559 1677 3611 ὑπὸ
1730 3558 1822 3610 τοῦ

246 3652 389 3704 Θεοῦ
452 3651 672 3721 χάριτος
722 3649 799 3719 τῷ
838 3650 1234 3719 κεκαθαρμένῳ
1292 3650 1387 3718 νῷ,
1430 3652 1521 3703 καὶ
1573 3651 1703 3703 αὐτὸ
1758 3652 1824 3702 τὰ

244 3746 372 3797 θεῖα
402 3744 672 3808 πείσεται,
708 3742 1054 3811 καταλλήλως
1111 3742 1307 3811 ἑαυτῷ,
1363 3743 1830 3812 μετασκευασθέν-

240 3852 368 3897 τος,
394 3834 489 3886 καὶ
512 3833 886 3899 ἀγιασθέντος,
912 3833 1024 3884 ἀλλ’
1054 3833 1114 3885 ού
1157 3833 1278 3885 καθ’
1320 3833 1429 3897 ἕξιν
1459 3834 1824 3902 νεκρωθέντος

250 3925 349 3981 τοῦ
382 3923 486 3994 τῆς
533 3924 712 3995 ψυχῆς
768 3922 1095 3993 παθητικοῦ.
1127 3924 1235 3977 Καὶ
1265 3925 1331 3977 δι’
1371 3926 1588 3988 ἑαυτοῦ,
1642 3926 1823 3981 κοινοῦ

242 4019 507 4090 σώματός
545 4035 605 4069 τε
661 4018 752 4069 καὶ
779 4016 956 4085 ψυχῆς
990 4017 1347 4085 ὑπάρχοντος,
1382 4016 1481 4077 τὰς
1514 4014 1607 4068 τοῦ
1640 4016 1824 4086 σώμα-

238 4129 339 4175 τος
398 4110 723 4177 ἀγιάζοντος
782 4108 1049 4169 διαθέσεις
1083 4124 1141 4159 τε
1194 4109 1288 4160 xui.
1328 4107 1623 4177 ἐνεργείας.
1677 4109 1827 4160 Ἐπεὶ

236 4204 355 4272 γὰρ
407 4200 515 4252 τῶν
576 4197 1013 4267 ἀπηλλαγμένων
1058 4197 1164 4249 τῶν
1194 4196 1289 4249 τοῦ
1326 4195 1441 4266 βίου
1510 4197 1691 4249 καλῶν
1739 4198 1825 4249 διὰ

237 4292 345 4359 τὴν
372 4290 564 4341 ἐλπίδα
587 4288 696 4341 τῶν
748 4288 1051 4357 μελλόντων
1094 4287 1334 4354 ἀγαθῶν,
1363 4288 1505 4341 κατά
1532 4288 1621 4340 τὸν
1673 4287 1827 4353 ἅγιον

239 4381 527 4449 Διάδοχον,
562 4382 589 4431 ὁ
617 4396 741 4441 νους
762 4381 1046 4449 εὐρώστως
1075 4379 1163 4431 διὰ
1207 4379 1306 4449 τὴν
1347 4364 1679 4448 ἀμεριμνίαν
1737 4396 1825 4431 κι-

243 4468 533 4537 νούμενος,
564 4467 663 4535 τῆς
689 4465 841 4527 θείας
863 4467 1101 4535 ἀρρήτου
1136 4464 1244 4536 [ῖσ.
1275 4465 1553 4537 ἀρρήτων]
1590 4466 1813 4535 χρηστό-

1925 2005 2029 2058 tas,
2067 2007 2117 2047 et
2148 1992 2576 2063 supernaturalis
2623 1992 2741 2059 ejus
2776 1990 3119 2059 simplicitas,
3156 1987 3323 2041 ullum
3376 1986 3503 2038 inde

1924 2089 2151 2143 subeant
2180 2088 2558 2142 dettimentum
2595 2086 2820 2140 :eodem
2864 2084 3007 2138 enim
3036 2083 3194 2136 modo
3226 2094 3397 2141 mens,
3434 2079 3499 2130 ad

1923 2180 2214 2251 imaginem
2249 2179 2733 2249 superexcelleutis
2764 2178 2911 2229 illius
2954 2173 3372 2234 indiriduitatis,
3396 2172 3499 2223 tui-

1924 2276 2069 2328 nime
2096 2276 2163 2327 ob
2208 2275 2480 2326 naturales
2517 2287 2648 2326 suas
2682 2270 3043 2339 cogitationes
3081 2266 3139 2321 ﬁt
3170 2266 3492 2335 composita.

1994 2368 2310 2433 Quicunque
2334 2366 2668 2436 signiﬁcatas
2722 2379 2947 2431 corpore
2977 2360 3285 2431 spirituales
3316 2359 3498 2425 diSpoo

1932 2464 2181 2522 sitiOnes,
2212 2461 2279 2512 ab
2302 2459 2486 2512 inditis
2510 2458 2705 2511 animae
2729 2454 3123 2524 proﬁcientium
3152 2453 3207 2505 in
3236 2452 3342 2505 Deo
3368 2452 3498 2504 cita-

1927 2554 2244 2609 t'ismatibus
2280 2552 2537 2620 Spiritus.
2583 2564 2690 2603 non
2730 2549 3010 2617 approbat,
3045 2557 3095 2599 et
3133 2546 3345 2598 habitus
3372 2559 3499 2597 cnn-

1923 2646 2252 2715 eupiscibilis
2294 2644 2764 2698 mortiﬁcationem
2814 2651 2969 2697 votat
3028 2640 3327 2707 ap..tbiam,
3358 2640 3497 2690 baud

1924 2754 2049 2792 vero
2076 2738 2409 2792 melioratam
2432 2737 2805 2805 Operatiouem
2826 2734 2986 2802 bujus
3017 2733 3252 2794 habitus,
3278 2732 3499 2784 omnino

1923 2831 2225 2886 aversantis
2258 2830 2395 2883 mala
2433 2839 2485 2883 et
2516 2827 2766 2883 conversi
2816 2828 2879 2879 att
2918 2827 3081 2888 bona,
3124 2834 3308 2894 utpme
3344 2823 3499 2876 malis

1927 2921 2200 2973 babitibus
2254 2918 2472 2987 spoliati
2509 2926 2562 2971 et
2599 2918 2754 2971 bonis
2790 2916 3145 2981 locupletati;
3174 2916 3261 2968 bic
3299 2930 3495 2968 conse-

1924 3020 2151 3079 quenter
2186 3010 2272 3064 isti
2322 3010 2603 3065 sententiae
2659 3024 2757 3063 nos
2808 3010 2859 3061 in
2914 3008 3092 3061 loturo
3142 3008 3340 3061 saeculo
3377 3023 3495 3063 cum

1926 3101 2239 3168 corporibus
2276 3111 2435 3171 negat
2464 3102 2701 3155 victuros
2743 3116 2757 3155 :
2794 3101 2838 3153 si
2873 3102 3015 3153 enim
3050 3111 3176 3153 tunc
3209 3102 3495 3168 participa-

1930 3204 2106 3247 turum
2135 3202 2219 3245 est
2241 3208 2362 3246 cum
2389 3193 2567 3245 anima
2593 3207 2791 3260 corpus
2819 3191 3109 3245 inell'abilia
3143 3193 3304 3256 bona,
3332 3193 3494 3245 etiam

1890 3282 2077 3347 Lnunc
2126 3284 2370 3353 profecto
2425 3283 2920 3352 compartieipabit,
2980 3297 3081 3352 qua
3138 3282 3248 3335 ﬂeri
3296 3293 3495 3351 potest,

1926 3376 2106 3429 datam
2136 3377 2358 3445 mystice
2382 3387 2435 3430 et
2466 3376 2807 3429 iueﬂabiliter
2828 3391 2855 3427 a
2887 3377 2993 3430 Deo
3022 3375 3318 3445 puriﬁcata‘.
3332 3377 3498 3430 menti

1929 3469 2181 3534 gratiam,
2213 3478 2266 3522 et
2300 3470 2472 3538 ipsum
2508 3470 2690 3521 dixina
2736 3484 2881 3521 more
2919 3468 3020 3523 sibi
3054 3484 3295 3539 congruo
3326 3471 3500 3539 patie»

1932 3572 2038 3624 tur,
2072 3572 2425 3615 transmutata
2455 3571 2507 3615 et
2547 3564 2902 3626 sanctiﬁcata,
2940 3577 3045 3615 non
3093 3573 3268 3617 tamen
3302 3579 3497 3618 secun-

1932 3649 2055 3702 dum
2090 3650 2334 3702 habitum
2385 3660 2571 3703 enecta
2633 3653 2680 3703 vi
2717 3654 2908 3703 animte
2949 3652 3393 3719 concupiscibili;
3443 3663 3496 3708 et

1931 3757 2027 3810 per
2060 3744 2314 3807 seipsam,
2353 3745 2551 3811 ῳιίιψι·
2585 3759 2701 3812 quae
2730 3744 3033 3797 communis
3063 3745 3271 3811 corpori
3304 3756 3355 3797 et
3382 3747 3497 3798 aui-

1933 3847 2030 3885 ma:
2064 3833 2155 3898 sit,
2187 3834 2562 3887 sanctiﬁcante
2596 3836 2840 3901 corporis
2868 3835 3250 3903 dispositiones
3282 3847 3335 3891 et
3364 3851 3498 3904 ope-

1933 3926 2190 3979 rationes.
2227 3924 2363 3990 Quia
2404 3928 2545 3980 enim
2587 3927 2830 3981 liberatis
2868 3942 2895 3979 a
2926 3927 3048 3980 vita:
3087 3927 3241 3981 bonis
3280 3943 3497 3997 propter

1931 4031 2081 4085 spem
2130 4017 2434 4071 futurorum
2481 4019 2769 4082 bonorum,
2800 4017 2954 4087 juxta
3000 4028 3244 4073 sanctum
3298 4020 3493 4073 Diade-

1932 4114 2112 4169 cbum.
2155 4126 2305 4164 mens
2335 4110 2548 4164 fortiter
2579 4111 2648 4163 ob
2686 4113 3031 4164 securitatem
3081 4121 3221 4165 mota
3257 4113 3493 4167 divinam

1933 4201 2257 4254 inctl‘abilem
2292 4202 2610 4255 suavitatem
2638 4201 2753 4270 ipsa
2784 4211 2983 4271 gustat,
3010 4203 3222 4270 corpori
3253 4219 3489 4272 quoque,

1933 4311 2027 4362 pro
2062 4309 2316 4347 mensura
2348 4294 2427 4346 sui
2462 4294 2755 4361 protectus,
2785 4307 2937 4346 suam
2967 4294 3331 4349 communicat
3364 4312 3491 4349 sua-

1933 4388 2176 4439 vitatem.
2223 4387 2398 4454 Atque
2448 4384 2755 4453 bujusmodi
2795 4384 2978 4439 laetitia
3028 4397 3157 4440 tunc
3202 4390 3394 4441 animae
3442 4399 3496 4442 et

1931 4477 2146 4545 corpori
2176 4477 2370 4541 iuorta,
2402 4478 2630 4547 hymnus
2656 4487 2738 4532 est
2776 4476 3031 4533 indubius
3068 4479 3493 4548 incorruptibilis

236 4574 411 4627 τητος
450 4555 612 4636 αὐτὸς
648 4556 1063 4636 ἐπαισθάνεται,
1087 4558 1187 4636 καὶ
1219 4556 1296 4627 τῷ
1324 4554 1557 4627 σώματι,
1602 4558 1744 4612 κατά
1770 4560 1829 4610 τὸ
1857 4583 1899 4636 D
1927 4566 2065 4622 vitae,

230 4640 443 4706 μέτρον
476 4635 576 4703 τῆς
614 4635 814 4689 ἑαυτοῦ
857 4635 1170 4704 προκοπῆς,
1206 4636 1304 4704 τῆς
1338 4637 1549 4697 οίκειας
1580 4635 1951 4708 χρηστότητος
1986 4642 2364 4708 μεταδίδωσιν.
2410 4645 2475 4696 Ἦ
2492 4646 2551 4699 δὲ
2583 4646 2806 4717 τοιαύτη
2844 4649 3170 4718 ἐγγινομένη
3201 4651 3345 4722 χαρά
3368 4653 3490 4708 τότε

222 4734 295 4800 τῇ
332 4730 482 4798 ψυχῇ
519 4728 614 4780 καὶ
635 4727 718 4797 τῷ
758 4729 996 4797 σώματι,
1032 4728 1341 4797 ὑπόμνησίς
1370 4731 1519 4781 ἐστιν
1554 4729 1799 4799 ἀπλανὴς
1830 4731 1921 4802 τῆς
1953 4734 2235 4801 ἀφθάρτου
2282 4736 2549 4804 βιότητος,

318 4818 520 4870 Ἀλλου
557 4820 655 4886 μὲν
683 4819 856 4886 φωτὸς
879 4819 908 4869 ὁ
932 4820 1075 4884 νοῦς,
1107 4822 1293 4891 ἑτέρου
1320 4824 1376 4875 δὲ
1397 4825 1427 4891 ή
1446 4825 1693 4894 αἴσθησις
1726 4828 1814 4876 άν-

231 4907 678 4975 τιλαμὸάνεσθαι
699 4910 961 4976 πέφυκεν.
980 4908 1039 4962 ῚΙ
1067 4911 1163 4979 μὲν
1194 4914 1299 4981 γὰρ
1332 4914 1609 4981 αἰσθητοῦ,
1644 4920 1733 4968 καὶ
1756 4919 1821 4968 τὰ

233 4998 481 5065 αἰσθητά
561 4998 799 5068 αἰσθητὰ
822 5000 1126 5064 δεικνύντος
1150 5015 1166 5032 ⁶
1201 5003 1353 5055 τοῦδε
1385 5003 1474 5057 νοῦ
1507 5006 1621 5073 φῶς
1652 5009 1817 5069 ἐστιν,

232 5092 267 5158 ή
303 5091 363 5139 ἐν
396 5090 632 5156 νοήμασι
660 5090 884 5159 κειμένη
935 5092 1133 5160 γνῶσις
1160 5110 1172 5123 ·
1209 5095 1269 5145 οὐ
1298 5095 1389 5146 τοῦ
1438 5096 1602 5148 αὐτοῦ
1640 5097 1815 5150 τοίνυν

233 5178 441 5246 φωτὸς,
473 5178 595 5247 ὄψις
635 5196 691 5232 τε
719 5183 811 5233 καί
858 5182 980 5246 νοῦς
1028 5183 1525 5254 ἀντιλαμϐάνεσθαι
1571 5189 1817 5257 πεφύκα-

233 5289 345 5334 σιν,
376 5270 514 5324 ἀλλὰ
556 5273 748 5343 μέχρις
770 5273 837 5327 ἂν
867 5276 987 5329 κατ’
1016 5276 1223 5329 οἰκείαν
1280 5279 1464 5346 φύσιν,
1502 5281 1597 5332 καὶ
1626 5282 1683 5333 ἐν
1706 5282 1817 5343 τοῖς

232 5362 382 5415 κατά
412 5360 577 5428 φύσιν
608 5365 807 5433 ἐνεργῇ
842 5366 1102 5436 ἑκάτερον
1134 5367 1331 5421 αὐτῶν.
1365 5369 1533 5421 Ὅταν
1570 5372 1625 5425 δὲ
1659 5389 1818 5425 πνευ-

233 5452 487 5523 ματικῆς
525 5452 617 5507 καὶ
642 5454 955 5524 ὑπερφυοῦς
990 5456 1365 5527 εύμοιρήσωσι
1392 5458 1610 5527 χάριτός
1643 5477 1703 5511 τε
1727 5460 1817 5512 καὶ

227 5544 545 5613 δυνάμεως,
578 5545 832 5616 αἰσθήσει
861 5563 919 5599 τε
953 5546 1048 5599 καὶ
1070 5546 1165 5616 νῷ,
1222 5552 1287 5600 τὰ
1332 5549 1471 5617 ὑπὲρ
1510 5552 1690 5605 πᾶσαν
1726 5550 1815 5603 αἴ-

231 5639 437 5706 σθησιν
476 5640 570 5690 καὶ
600 5638 773 5690 πάντα
804 5637 929 5690 νοῦν
959 5639 1005 5690 οἱ
1059 5638 1456 5707 κατηξιωμένοι
1509 5640 1812 5710 βλέπουσιν,

238 5734 335 5782 ἵνα
366 5730 509 5779 κατά
542 5729 633 5781 τὸν
676 5729 934 5797 Θεολόγον
968 5731 1207 5799 εἴπωμεν
1281 5732 1451 5799 μέγαν
1497 5733 1812 5803 Γρηγόριον,

224 5823 309 5883 ὡς
334 5815 444 5873 οἶδε
480 5820 637 5891 μόνος
670 5822 695 5873 ό
720 5822 872 5885 Θεῖς,
904 5823 994 5876 καὶ
1017 5825 1063 5875 οἱ
1082 5824 1145 5875 τά
1172 5823 1389 5876 τοιαῦτα
1414 5826 1811 5895 ἑνεργούμενοι.

2003 4822 2237 4874 Alteram
2272 4823 2443 4876 lucem
2487 4838 2663 4890 meus,
2719 4825 2941 4879 alteram
2983 4841 3175 4882 sensus
3214 4831 3493 4900 petcipere

1934 4913 2089 4966 valet.
2117 4911 2215 4964 Hic
2245 4914 2386 4965 enim
2421 4915 2725 4969 sensibilem
2754 4926 2807 4969 et
2843 4918 3141 4986 sensibilis,
3173 4936 3277 4988 qua
3318 4923 3493 4976 sensi-

1931 5003 2083 5068 bilia,
2116 5005 2531 5071 ostendentem;
2576 5007 2771 5061 mentis
2816 5020 2993 5061 autem
3041 5010 3127 5063 lux
3171 5020 3256 5066 est
3288 5013 3391 5066 sita
3439 5016 3488 5067 in

1934 5090 2349 5155 cogitationibus
2383 5094 2638 5158 cognitio.
2671 5094 2787 5148 Non
2817 5097 3064 5150 eamdem
3111 5099 3278 5165 igitur
3311 5100 3486 5157 lucem

1930 5184 2075 5238 visus
2112 5195 2167 5237 et
2205 5198 2354 5240 mens
2384 5187 2659 5255 percipere
2696 5188 2892 5253 valent,
2936 5192 3028 5243 sed
3079 5202 3286 5245 tantum
3326 5196 3493 5251 donec

1928 5276 2224 5328 secundum
2250 5277 2517 5345 propriam
2541 5289 2790 5331 naturam
2810 5281 2863 5333 in
2886 5284 3221 5336 naturalibus
3242 5299 3489 5351 Operatut

1928 5377 2211 5436 utrumque
2237 5372 2451 5423 borum.
2475 5368 2701 5435 Quando
2722 5387 2850 5425 vero
2874 5374 3207 5440 spiritualein
3232 5385 3285 5428 et
3310 5394 3488 5445 super-

1928 5462 2231 5513 naturalem
2275 5461 2451 5513 sortiti
2487 5472 2615 5517 sunt
2646 5466 2871 5532 gratiam
2908 5480 2969 5518 ac
3015 5467 3289 5529 virtutem,
3326 5485 3487 5523 sensu

1926 5562 1978 5604 et
2012 5563 2191 5606 mente
2232 5569 2294 5605 ea
2340 5569 2463 5622 ι]υὲ
2510 5566 2637 5612 ειιιιι
2667 5572 2826 5623 supra
2861 5571 3075 5611 onmem
3113 5574 3330 5614 sensum
3377 5578 3498 5616 0111·-

1926 5659 2153 5712 nemque
2200 5657 2457 5710 mentem,
2494 5648 2676 5702 vident
2719 5649 2859 5718 digiti
2901 5649 2981 5719 (ut
3028 5650 3183 5718 juxta
3241 5669 3494 5721 magnum

1927 5743 2211 5805 Iommmttr
2245 5741 2560 5808 Gregorium
2597 5739 2977 5811 Tbeologum),
3022 5754 3184 5811 prout
3212 5746 3357 5800 solus
3389 5750 3485 5802 scit

1926 5830 2066 5884 Deus
2098 5845 2147 5883 «τι
2181 5834 2373 5901 quibus
2411 5833 2712 5901 hujusmodi
2752 5846 2831 5890 cst
2869 5839 3135 5905 operatio.
