4224 6464
670 720 874 872 ΙΝ
970 712 2106 874 GREGORIUM
2226 714 3141 877 SINAITAM

1638 1003 2185 1095 NOTITIA.

348 1451 658 1523 Γρηγόριος
709 1452 736 1504 6
765 1452 823 1504 ἐν
843 1451 1020 1519 ἁγίοις
1040 1448 1233 1520 Πατὴρ
1253 1449 1434 1518 ήμῶν,
1460 1457 1489 1505 6
1519 1455 1661 1506 κατά
1684 1453 1744 1505 τὸ
1761 1454 1848 1507 Σί-
1883 1470 1925 1527 Α

1883 1470 1925 1527 Α
2027 1464 2322 1534 Gregorius
2354 1474 2573 1522 sanctus
2620 1464 2783 1522 Pater
2812 1478 3015 1537 noster,
3050 1471 3105 1525 in
3162 1484 3343 1529 monte
3373 1474 3521 1531 Sinai

270 1569 426 1608 ναιον
477 1549 605 1620 ὅρος
639 1546 870 1619 μοναχὺς
896 1546 1223 1617 ἀποκαρεὶς,
1264 1545 1360 1598 καὶ
1398 1546 1488 1601 διά
1520 1547 1679 1601 τοῦτο
1730 1548 1853 1601 ἐπι-

282 1659 507 1729 κληθεὶς
537 1659 810 1727 Σιναῖτης,
835 1659 1050 1728 ήκμασε
1067 1661 1165 1728 μὲν
1194 1659 1286 1711 ἐπὶ
1302 1658 1402 1727 τῆς
1427 1659 1701 1727 βασιλείας
1739 1661 1855 1712 Ἀν-

278 1745 535 1814 δρονίκου
590 1746 685 1798 τοῦ
735 1747 1122 1814 Παλαιολόγου,
1183 1748 1309 1816 περί
1339 1765 1440 1799 που
1486 1747 1546 1802 τὸ
1594 1748 1857 1818 χιλιοστὸν

280 1836 700 1905 τριακοσιοστδν
752 1838 1076 1906 τριακοστὸν
1102 1837 1247 1901 ἔτος·
1286 1839 1365 1897 είς
1397 1837 1453 1891 δὲ
1487 1839 1546 1891 τὸ
1580 1839 1671 1891 τοῦ
1706 1840 1856 1893 ’Δθω

280 1927 413 1996 ὅρος
452 1926 646 1991 ἐλθὼν,
683 1928 778 1979 καὶ
806 1931 873 1979 τὰ
932 1930 1110 1980 ἐκεῖσε
1147 1929 1540 1999 περινοστήσας
1587 1933 1857 2001 μυναστή-

287 2037 402 2089 ρια,
464 2022 558 2071 καὶ
610 2021 1010 2090 ἠσυχαστήρια,
1048 2020 1275 2081 πολλοὺς
1310 2021 1406 2089 μὲν
1459 2014 1584 2090 εὗρε
1643 2022 1857 2075 συνέσει

282 2110 379 2161 καὶ
408 2110 476 2179 τῇ
510 2110 652 2163 κατὰ
675 2109 735 2161 τὸ
767 2104 899 2179 ἦθος
942 2109 1232 2179 σεμνότητι
1264 2112 1731 2180 κεκοσμημένους,
1763 2113 1857 2165 καὶ

281 2201 417 2268 περὶ
447 2201 509 2252 τὸ
538 2200 846 2271 πρακτικὸν
874 2200 1033 2268 μόνον
1075 2201 1499 2279 ἐσπουδακότας,
1533 2204 1661 2273 περὶ
1682 2203 1739 2256 δὲ
1760 2205 1855 2273 τή-

282 2304 449 2359 ρησιν
478 2289 598 2354 νοὸς
620 2292 706 2341 καὶ
746 2289 977 2360 ἡσυχίας
1020 2288 1326 2359 ἀκρίόειαν,
1368 2291 1461 2343 καὶ
1492 2291 1724 2360 θεωρίαν
1761 2292 1854 2344 ἐπὶ

267 2395 527 2448 τοσοῦτον
551 2399 848 2467 ἀμυήτους,
876 2400 1015 2454 ὥστε
1044 2402 1164 2453 οὐδὲ
1198 2402 1256 2465 ἐξ
1280 2404 1551 2473 ὀνόματος,
1570 2406 1638 2458 τὰ
1665 2407 1848 2459 τοιαῦο

268 2506 343 2540 τα
400 2488 545 2551 οἵους
594 2490 755 2554 ὄντας
784 2492 1191 2559 διαγινώσκειν·
1223 2495 1399 2563 μόνοις
1439 2495 1493 2548 δὲ
1544 2499 1722 2565 τρισὶν
1760 2502 1849 2551 ὲν-

267 2580 533 2647 τυγχάνει
587 2582 728 2635 κατά
762 2583 859 2652 τὴν
904 2585 1131 2653 ἀντικρὺ
1169 2585 1415 2638 Φιλοθέου
1470 2591 1725 2657 κειμένην
1755 2590 1847 2642 τοῦ

265 2670 539 2737 Μαγουλᾶ
595 2674 800 2742 σκήτην
830 2673 1110 2741 (Ἡσαΐας,
1167 2678 1487 2747 Κορνήλιος,
1522 2682 1613 2732 καὶ
1653 2682 1843 2735 Μακά-

268 2778 388 2831 ριος
440 2764 629 2824 αὐτοῖς
700 2764 769 2817 τά
819 2764 1104 2832 ὀνόματα),
1172 2768 1369 2836 μικρὸν
1452 2770 1545 2820 καὶ
1604 2773 1729 2839 περὶ
1784 2773 1844 2824 τὸ

264 2853 607 2923 θεωρητικὸν
679 2856 1192 2926 ἐνασχολουμένοις.’
1262 2860 1416 2929 Ζήλῳ
1480 2859 1608 2931 θείῳ
1666 2865 1842 2916 τοίνυν

264 2945 639 3013 πυρούμενος,
691 2945 753 2997 οὐ
801 2945 959 3013 μόνον
1013 2947 1138 3009 τοὺς
1189 2949 1304 3001 κατ’
1342 2950 1490 3003 νίδίαν
1541 2953 1844 3021 ἡσυχάζον-

263 3050 391 3095 τας,
437 3033 577 3086 ἀλλά
614 3033 678 3102 δὴ
732 3036 825 3087 καὶ
878 3037 1003 3098 τοὺς
1050 3040 1105 3089 ἐν
1148 3040 1431 3102 κοινοὸίοις
1462 3042 1843 3109 ἄπαντας,πε-

268 3127 324 3192 pi.
378 3124 593 3193 νήψεως
641 3126 736 3178 καὶ
774 3130 1019 3197 φυλακῆς
1059 3132 1177 3192 νοὸς
1214 3134 1305 3183 καὶ
1347 3136 1549 3204 νοερᾶς
1611 3154 1845 3207 προσευ-

265 3216 371 3284 χῆς
396 3216 699 3271 ἐδίδασκεν.
754 3220 828 3271 Οὐ
866 3220 972 3289 μὴν
1011 3222 1144 3275 ἀλλὰ
1198 3226 1289 3275 καὶ
1324 3226 1463 3277 κατά
1495 3226 1561 3279 τά
1609 3230 1844 3300 παρόρια

265 3307 369 3375 τῆς
400 3308 740 3372 Μακεδονίας
768 3316 916 3380 τρεῖς
941 3313 1147 3385 λαύρας
1178 3317 1438 3385 μεγίστας
1459 3320 1841 3391 οίκοδομήσας,

261 3398 363 3449 καὶ
396 3399 602 3463 τόπους
642 3402 1017 3470 παμπόλλους,
1066 3406 1159 3457 καὶ
1214 3407 1483 3477 ἐπαρχίας
1522 3411 1839 3479 περιελθὼν,

250 3502 511 3567 ἃπαντας
543 3507 735 3569 κοινῶς
760 3509 853 3561 ἐπὶ
889 3510 987 3578 τὴν
1016 3511 1124 3582 τῆς,
1145 3514 1336 3584 νοερᾶς
1363 3516 1457 3568 καὶ
1490 3516 1835 3572 ἀδιαλείπτου

253 3598 575 3667 προσευχῆς
596 3598 884 3669 ἐργασίαν,
908 3605 1023 3665 ταῖς
1054 3603 1226 3668 θείαις
1251 3606 1414 3659 αὐτοῦ
1432 3608 1832 3683 διδασκαλίαις,

252 3685 676 3756 προύτρέπετοο
729 3691 825 3745 καὶ
874 3694 1101 3758 πολλοὺς
1150 3696 1217 3749 δι’
1258 3698 1426 3768 αὐτῆς
1481 3702 1837 3769 ἁμαρτωλοὺς

248 3774 617 3846 ἐπιστρέψας,
650 3781 743 3832 καὶ
776 3781 960 3845 ἀξίους
987 3786 1047 3849 ἐξ
1099 3786 1342 3853 ἀναξίων
1392 3790 1705 3856 ἀποδείξας,
1736 3794 1834 3861 τῆς

251 3866 589 3933 σωζομένων
636 3869 857 3939 μερίδος
911 3871 1213 3944 ἀξιωθῆναι
1261 3878 1549 3947 παραίτιος
1589 3880 1828 3948 γέγονεν.

248 3949 335 4013 Οὔ
387 3957 605 4010 καὶτὸν
637 3958 752 4028 βίον
805 3961 1109 4026 Κάλλιστος
1161 3966 1190 4017 6
1224 3967 1526 4036 ἁγιώτατος
1560 3972 1829 4042 πατριάρ-

246 4062 379 4115 χης,
416 4048 445 4099 6
480 4046 576 4099 καὶ
608 4048 860 4119 μαθητὴς
898 4052 1064 4105 αὑτοῦ
1116 4056 1481 4124 χρηματίσας,
1516 4058 1654 4111 κατὰ
1695 4060 1832 4113 πλά-

1956 1569 2179 1611 tonsura
2240 1557 2540 1613 monachali
2605 1559 2871 1625 initiatus,
2921 1562 3152 1632 ideoque
3187 1576 3412 1621 vocatus
3441 1568 3526 1623 Si-

1953 1650 2125 1713 naita,
2179 1650 2360 1705 ﬂoruit
2410 1655 2508 1707 sub
2564 1652 2794 1723 imperio
2854 1654 3148 1710 Andronici
3213 1657 3524 1730 Palzeologi,

1950 1742 2096 1797 circa
2134 1744 2476 1798 millesimum
2542 1745 2990 1799 trecentesimum
3031 1748 3368 1804 tricesimum
3426 1767 3525 1805 au-

1950 1852 2102 1891 num.
2138 1836 2290 1890 Illinc
2323 1837 2387 1889 ad
2424 1845 2661 1891 montem
2691 1836 2831 1893 Atlio
2864 1840 3125 1909 migrans,
3183 1842 3364 1910 ibique
3411 1861 3525 1898 mo-

1950 1930 2183 1984 nasteria
2228 1938 2280 1983 et
2312 1930 2639 1985 solitudines
2672 1946 3019 1999 percurrens,
3072 1933 3270 1989 multos
3322 1938 3524 1991 Invenit

1947 2022 2212 2088 sapientia
2238 2022 2457 2091 quidem
2506 2034 2559 2077 et
2586 2076 2593 2081 ,
2621 2038 2831 2076 morum
2887 2026 3148 2093 gravitate
3201 2038 3423 2083 ornatos
3467 2039 3523 2083 et

1948 2114 2011 2167 ad
2040 2115 2339 2182 practicam
2362 2124 2569 2168 tantum
2598 2116 2761 2168 vitam
2796 2132 2852 2169 se
2879 2126 3217 2181 exercentes,
3241 2119 3307 2172 ad
3343 2130 3525 2175 custo-

1953 2206 2097 2259 diam
2132 2222 2259 2261 vero
2289 2210 2486 2264 mentis
2515 2220 2569 2263 et
2599 2210 2665 2267 ad
2698 2212 3031 2278 quietudiuis
3084 2226 3145 2267 ac
3190 2217 3522 2285 contempla—

1944 2299 2105 2355 tionis
2132 2301 2451 2356 exercitium
2492 2304 2562 2355 ita
2595 2303 2774 2365 rudes,
2806 2312 2865 2355 ut
2899 2304 3010 2359 lucc
3039 2320 3105 2359 ne
3156 2306 3372 2361 nomine
3404 2311 3522 2377 qui-

1942 2390 2062 2444 dem
2097 2390 2412 2459 diguoscerc
2458 2395 2760 2461 potuissent
2789 2412 2804 2462 ;
2856 2405 2968 2452 tres
3001 2407 3208 2453 tantum
3244 2401 3296 2455 in
3332 2418 3523 2455 mona-

1940 2483 2108 2537 sterio
2136 2484 2344 2553 Magula
2366 2487 2632 2555 eregioue
2654 2488 2921 2544 Philothei
2950 2492 3057 2544 sito
3080 2496 3278 2562 reperit
3300 2495 3521 2564 (quibus

1940 2577 2159 2630 nomina
2226 2578 2417 2642 Isaias,
2475 2580 2768 2638 Cornelius
2824 2593 2877 2637 et
2927 2582 3241 2652 Macarius),
3300 2591 3516 2657 paulum

1937 2671 2377 2739 contemplationi
2415 2685 2689 2731 vacantes.
2726 2675 2853 2730 Zelo
2901 2675 3064 2748 igitur
3095 2679 3277 2735 divino
3323 2697 3519 2737 accen-

1936 2773 2052 2823 sus,
2137 2778 2242 2817 non
2317 2765 2595 2823 solitarios
2665 2778 2895 2836 tantum,
2943 2774 3037 2827 sed
3090 2782 3146 2829 et
3203 2782 3506 2835 cmnnliitas

1940 2868 2129 2908 omnes
2186 2856 2523 2925 vigilantiam
2579 2866 2634 2914 et
2693 2864 2995 2918 custodiam
3043 2866 3210 2923 animi
3261 2878 3317 2923 et
3358 2889 3514 2927 incn-

1942 2946 2101 3000 ωλι-ιη
2133 2950 2432 3005 orationem
2462 2952 2665 3008 docuit.
2707 2953 2820 3009 lmo
2872 2956 2923 3009 in
2960 2957 3157 3014 ﬁnibus
3186 2960 3516 3024 Macedonia:

1941 3047 2052 3094 tres
2090 3042 2271 3097 lauras
2300 3047 2567 3100 maximas
2614 3048 2923 3115 aedificavit,
2981 3053 3337 3125 plurimisque
3381 3060 3515 3117 locis

1933 3141 1989 3184 et
2038 3134 2348 3201 regionibus
2397 3140 2719 3207 peragratis,
2773 3157 2961 3197 omnes
3018 3152 3385 3205 communiter
3444 3157 3511 3209 ad

1937 3225 2185 3279 mentalis
2220 3236 2274 3280 et
2306 3231 2579 3289 continuae
2636 3235 2901 3289 orationis
2953 3253 3111 3291 usum
3171 3242 3368 3299 divinis
3396 3249 3512 3304 suis

1935 3315 2371 3374 institutionibus
2426 3323 2740 3379 adhortatus
2774 3336 2873 3393 est,
2919 3339 2970 3382 et
2998 3332 3195 3389 multos
3240 3351 3337 3401 per
3389 3352 3511 3393 eam

1944 3424 2238 3465 conversos
2262 3425 2592 3480 peccatores,
2615 3427 2666 3470 ct
2689 3418 2880 3489 dignos
2906 3439 2970 3478 ex
3007 3424 3241 3496 indignis
3263 3428 3507 3498 etii-c105,

1932 3516 2030 3555 cur
2058 3504 2355 3559 elec‘orum
2388 3508 2759 3565 haereditate":
2789 3530 3127 3572 mererentur
3180 3537 3345 3578 causa
3382 3524 3503 3580 fuit.

1932 3592 2083 3648 lllius
2103 3595 2262 3650 vitam
2282 3597 2537 3655 Callistus
2557 3604 2861 3670 patriarcha
2888 3607 2933 3678 (l
2950 3612 3394 3678 ),sanctissimns,
3415 3619 3507 3687 qui

1929 3698 1984 3741 et
2008 3688 2304 3757 discipulus
2330 3692 2445 3761 ejus
2475 3692 2593 3758 fuit,
2629 3698 2803 3765 ample
2826 3704 3169 3771 conscripsit.
3204 3704 3497 3776 Czeterum,

1931 3790 1987 3834 ut
2021 3780 2073 3833 in
2107 3782 2213 3834 vita
2252 3796 2350 3835 sua
2386 3788 2690 3842 communis
2717 3804 2886 3843 sacrae
2929 3791 3217 3863 vigilantiae
3245 3802 3501 3870 magister

1930 3871 2280 3927 celeberrime
2315 3876 2574 3941 innotuit,
2610 3878 2688 3932 sic
2722 3881 2803 3933 vel
2855 3893 3105 3939 mortuus
3132 3888 3199 3940 ad
3226 3892 3366 3945 hanc
3405 3909 3504 3961 per

1927 3965 2218 4033 praesentia
2252 3980 2346 4020 sua
2373 3967 2577 4036 scripta
2607 3970 2946 4026 manuducit.
2980 3975 3033 4028 In
3064 3975 3148 4031 his
3174 3980 3317 4034 enim
3344 4002 3497 4037 men-

1928 4057 2052 4112 talis
2081 4067 2132 4111 et
2159 4058 2383 4113 interna:
2403 4060 2665 4117 orationis
2686 4076 2856 4117 artem
2878 4067 3277 4135 elegantissime
3299 4085 3349 4129 et
3373 4091 3496 4144 per-

241 4154 343 4198 τος
375 4136 735 4209 συνέγραψεν.
787 4142 944 4194 Ἀλλά
970 4143 1098 4213 γάρ,
1123 4144 1313 4216 ῶσπερ
1334 4148 1391 4199 ὲν
1413 4151 1477 4217 τῇ
1521 4150 1632 4221 ζωῇ
1661 4151 1827 4205 αὐτοῦ
1849 4162 1894 4222 (ς

1849 4162 1894 4222 (ς
1928 4148 2225 4204 lectissime
2245 4153 2422 4216 docet,
2444 4154 2618 4222 deque
2642 4157 2941 4214 moralibus
2965 4161 3256 4218 virtutibus
3272 4177 3326 4221 et
3351 4136 3498 4225 vitiis

244 4232 281 4282 ὁ
313 4228 585 4299 ἀοίδιμος,
614 4230 792 4293 κοινὸς
832 4232 1151 4296 διδάσκαλος
1198 4236 1295 4304 τῆς
1326 4238 1478 4308 ἱερᾶς
1500 4238 1708 4309 νήψεως
1734 4242 1826 4307 εγ-

240 4320 516 4387 νωρίζετο
546 4336 560 4349 ·
588 4320 761 4383 οὕτως
790 4318 858 4376 αὖ
900 4324 1038 4393 μετά
1066 4326 1296 4380 θάνατον
1359 4329 1446 4382 ἐπ’
1492 4331 1660 4401 αὐτὴν
1702 4333 1826 4386 ταύ-

234 4426 348 4479 την
372 4408 462 4461 διὰ
489 4410 600 4464 τῶν
630 4413 913 4480 παρόντων
939 4415 1104 4467 αὐτοῦ
1148 4420 1597 4487 συγγραμμάτων
1630 4437 1821 4491 χειρα-

234 4503 440 4567 γωγεί.
466 4500 571 4555 Τόν
602 4521 659 4555 τε
704 4503 815 4574 γὰρ
850 4505 947 4573 τῆς
977 4507 1166 4575 νοερᾶς
1198 4508 1291 4559 καὶ
1316 4510 1615 4580 καρδιακῆς
1643 4529 1818 4581 προσ-

231 4594 416 4660 ευχῆς
479 4594 783 4661 πρακτικὸν
828 4596 1030 4664 τρόπον
1078 4596 1339 4651 κάλλιστα
1380 4602 1472 4651 καὶ
1510 4600 1816 4660 τελεώτατα

235 4686 629 4751 μυσταγωγεῖ,
665 4686 756 4736 καὶ
807 4686 937 4754 περὶ
968 4686 1177 4754 ἠθικῶν
1231 4688 1443 4758 ἀρετῶν
1486 4691 1579 4743 καὶ
1631 4692 1818 4745 παθῶν

230 4774 580 4837 ἐκδιδάσκει,
618 4776 711 4828 καὶ
740 4776 859 4829 τίνα
887 4778 984 4846 μὲν
1014 4778 1083 4830 τά
1122 4782 1325 4848 σημεῖα
1351 4783 1449 4851 τῆς
1480 4782 1707 4856 πλάνης,
1734 4784 1810 4845 τί·

208 5048 322 5103 καὶ
364 5048 489 5110 ὅσος
526 5048 609 5110 τίς
638 5048 809 5115 ἐστιν,
848 5050 876 5102 6
929 5052 1006 5122 μὴ
1050 5055 1346 5126 παρέργως

207 5140 445 5208 εὑρέσει
479 5138 669 5195 αὑτοῦ.
1328 5138 1331 5143 ’

329 5291 405 5355 (ι)
443 5292 630 5343 Auctor
650 5294 884 5345 Historiae
909 5298 1278 5348 ecclesiasticae.
1308 5294 1431 5348 Vide
1457 5304 1573 5351 lom.
1600 5315 1777 5353 cum.

1923 4244 2220 4307 disserit,et
2237 4246 2475 4314 quadam
2494 4248 2715 4314 erroris,
2733 4250 2975 4317 quzedam
2990 4254 3175 4321 gratia:
3190 4256 3340 4326 signa
3355 4259 3499 4315 clare

1926 4335 2153 4392 indicat.
2190 4337 2257 4391 Et
2292 4338 2533 4406 profecto
2572 4355 2734 4409 opere
2776 4341 2879 4396 hoc
2905 4344 3109 4399 nullum
3141 4347 3287 4403 aliud
3316 4351 3495 4407 utilius

1923 4439 2009 4484 est
2033 4430 2098 4485 iis
2121 4431 2211 4499 qui
2241 4431 2293 4484 in
2314 4431 2511 4486 virtute
2532 4433 2647 4491 sive
2674 4434 3010 4504 incipientes,
3030 4441 3142 4495 sive
3172 4443 3360 4510 medii,
3384 4447 3494 4501 sive

1926 4521 2149 4590 perlecti
2176 4532 2323 4577 sunt.
2352 4523 2703 4581 Absconditze
2726 4539 2907 4583 autem
2969 4530 3022 4584 in
3079 4547 3145 4587 eo
3188 4536 3491 4601 spiritualct

1926 4614 2129 4669 divitia:
2156 4624 2285 4686 quot
2312 4627 2365 4670 et
2388 4625 2605 4685 quanta:
2631 4618 2741 4675 sint
2781 4621 3116 4691 reperietqui
3148 4639 3253 4680 non
3281 4629 3490 4684 curiose

1926 4708 2082 4774 leget,
2112 4718 2165 4762 et
2200 4709 2397 4779 gaudio
2424 4723 2552 4765 vere
2587 4709 2842 4767 ineﬂ'abili
2883 4713 2935 4768 in
2968 4730 3151 4770 earum
3182 4716 3493 4776 inventione

230 4798 580 4837 εκοιοασκει,
618 4798 711 4828 και
740 4798 859 4829 τινα
887 4798 984 4846 μεν
1014 4798 1083 4830 τα
1122 4798 1325 4848 σημεια
1351 4798 1449 4851 της
1480 4798 1707 4856 πλάνης,
1734 4798 1810 4845 τι·
1923 4798 2208 4853 lambitur,

218 4880 295 4915 να
325 4862 383 4912 δὲ
413 4860 516 4927 τῆς
554 4861 780 4930 χάριτος
815 4865 873 4915 ἐν
909 4881 1127 4929 τουτοις
1158 4868 1439 4938 διασαφεῖ.
1478 4875 1587 4927 Καὶ
1614 4877 1755 4938 ὅλως
1783 4883 2208 4950 χρησιμώτατόν
2256 4885 2429 4949 ἐστιν,
2466 4870 2626 4956 είπερ
2657 4908 2708 4945 τι
2759 4896 2913 4961 ἄλλο,
2948 4901 3101 4953 τουτὶ

218 4951 431 5019 ὲκὶσης
492 4950 806 5021 ἀρχαρίοις,
838 4954 1026 5022 μέσοις
1068 4974 1129 5010 τε
1184 4959 1280 5013 καὶ
1312 4962 1563 5028 τελείοις.
1610 4967 1789 5021 Τὸνδέ
1824 4972 1883 5023 ὲν
1908 4972 2094 5036 αὐτοῖς

3153 4903 3214 4956 τὸ
3246 4906 3487 4979 πόνημα,

2133 4979 2521 5047 κεκρυμμένον
2557 4989 2929 5055 πνευματικὸν
2959 4992 3209 5061 πλοῦτον,
3274 5000 3486 5072 ἡλίκος,

1384 5060 1651 5130 ἀναγνοὺς
1682 5065 1908 5139 εὑρήσει
1941 5084 1958 5102 ·
1992 5070 2084 5124 καὶ
2130 5075 2276 5143 χαρᾷ
2306 5074 2477 5139 ὅντως
2527 5080 2883 5155 ἀνεκλαλήτῳ
2936 5090 3245 5159 χαρήσεται
3293 5060 3390 5153 ἐπὶ
3416 5060 3484 5172 vii
