4224 6464
253 410 386 476 ιειι

317 535 386 600 τ’.
411 535 653 602 Δύναμιν
683 533 777 585 καὶ
805 531 1018 597 σοφίαν,
1053 527 1222 594 ὀλίγοι
1280 527 1576 595 ἁμφότεραε
1597 526 1659 574 ἐκ
1684 521 1817 574 Θεοῦ
1857 531 1899 586 Α

242 629 633 695 )·‹μ6ἀνουσιν.
680 625 740 676 'll
767 623 863 693 μὲν
897 622 1006 691 γάρ
1037 622 1152 671 ἐστι
1187 619 1294 669 τῶν
1331 619 1492 669 θείων
1519 614 1817 684 μεθεκτικὴ

244 715 538 782 αγαθῶνηή
553 714 632 773 δὲ,
649 711 972 778 ἐκφαντική.
990 707 1440 776 Μεταλαμϐάνειν
1463 706 1517 757 δὲ
1537 705 1628 756 καὶ
1646 720 1814 769 μετα-

242 807 468 869 διδόναι,
507 805 651 857 θεῖον
672 804 746 867 ὡς
776 801 990 869 ἀληθῶς
1013 801 1204 869 χρῆμα
1232 798 1324 850 καὶ
1348 798 1488 865 ὑπὲρ
1512 796 1818 863 ἄνθρωπον.

321 900 388 960 ζ’.
441 897 734 965 Ἰερατεῖον
771 893 1024 962 ἀληθινὸν
1077 892 1168 943 καὶ
1219 889 1326 958 πρδ
1378 889 1475 955 τῆς
1525 885 1823 956 μελλούσης

245 987 511 1054 βιώσεως,
556 989 590 1056 ἠ
642 985 813 1055 χωρὶς
868 982 1149 1052 λογισμῶν
1195 981 1394 1050 καρδία
1446 977 1823 1048 ἐνεργουμένη

239 1078 322 1146 τῷ
346 1077 648 1146 Πνεὺματι.
686 1075 872 1128 Πάντα
908 1072 1018 1142 γὰρ
1052 1072 1170 1123 ἐκεῖ
1211 1069 1449 1121 τελεῖται
1480 1068 1571 1119 καὶ
1609 1066 1825 1131 λέγεται

244 1165 676 1236 πνευματικῶς·
714 1165 810 1216 καὶ
843 1163 870 1214 6
906 1161 980 1230 μὴ
1036 1159 1377 1227 κτησάμενος
1417 1154 1575 1207 τοῦτο
1619 1153 1714 1203 ἀπ’
1744 1153 1826 1203 ὲν-

246 1259 466 1321 τεῦθεν,
493 1258 642 1319 λίθος
673 1257 791 1308 ἐστὶ
835 1253 925 1306 διὰ
971 1251 1137 1312 ἄλλας
1174 1250 1393 1320 ἀρετὰς.
1424 1249 1501 1309 είς
1543 1244 1830 1312 οἰκοδομὴν

245 1351 560 1420 ἐπιτήδειος
583 1347 678 1400 τοῦ
706 1346 856 1400 θείου
885 1343 1038 1408 ναοῦ,
1070 1345 1164 1397 καὶ
1194 1342 1253 1393 οὐ
1298 1340 1444 1402 ναὸς,
1482 1338 1576 1390 καὶ
1623 1338 1831 1404 ἱερουρ-

243 1447 347 1510 γὸς
368 1443 465 1494 τοῦ
493 1441 832 1508 Πνεύματος.

321 1534 394 1603 η’.
434 1532 745 1600 Ἀφθαρτος
807 1532 835 1582 ὁ
896 1527 1176 1597 ἄνθρωπος
1231 1523 1472 1591 ἐπλάσθη
1514 1520 1682 1590 χωρὶς
1736 1539 1827 1590 χυ-

254 1627 385 1696 μοῦ,
423 1620 532 1686 οἶος
568 1623 664 1675 καὶ
691 1621 1094 1689 ἀναστήσεται·
1139 1616 1241 1669 οὐκ
1297 1614 1563 1684 ἄτρεπτος
1604 1612 1679 1673 δὲ,
1713 1611 1832 1662 οὐδὲ

251 1720 421 1774 πάλιν
447 1710 683 1786 τρεπτός
701 1730 714 1742 °
747 1712 981 1781 δύναμιν
1022 1709 1160 1779 ἔχων
1185 1706 1476 1774 θελητικῆς
1512 1703 1677 1768 ἕξεως
1704 1720 1835 1772 τρα-

252 1815 446 1882 πῆναι.
482 1810 515 1878 ἢ
566 1806 652 1861 οὔ.
691 1805 988 1874 Ἀτρεψίαν
1015 1803 1124 1872 γὰρ
1172 1799 1410 1866 παντελῆ
1444 1797 1504 1850 οὐ
1534 1799 1674 1848 ποιεῖ
1703 1796 1836 1866 πρὸς

254 1869 360 1973 τὴν
388 1869 552 1972 φύσιν
583 1903 615 1968 ἡ
645 1869 907 1968 θέλησις-⁹
935 1897 1074 1962 αὕτη
1094 1869 1105 1872 τ
1135 1895 1241 1963 γὰρ
1293 1889 1540 1962 βραϐεῖόν
1590 1893 1705 1942 ἐστι
1736 1888 1834 1956 τῆς
1863 1869 1900 1920 Β

260 1990 566 2060 μελλούσης
604 1989 878 2058 ἀτρέπτου
909 1983 1179 2044 θεώσεως.

336 2077 402 2132 θ’.
429 2077 610 2146 Φθορά
640 2075 770 2146 γὰρ,
814 2074 1015 2143 σαρκὸς
1067 2073 1302 2138 γένεσις.
1344 2071 1574 2122 Ἐσθῐειν
1602 2071 1680 2133 δὲ,
1739 2072 1833 2117 καὶ

255 2167 714 2238 κεριττωματεῖν,
761 2164 856 2215 καὶ
914 2162 1174 2230 γαυριᾷν,
1228 2161 1319 2211 καὶ
1375 2158 1694 2227 κοιμᾶσθαι,
1741 2156 1835 2223 θη-

261 2262 396 2329 ρίων
424 2260 521 2312 καὶ
548 2257 762 2326 κτηνῶν
789 2255 1014 2325 φυσικαὶ
1049 2253 1309 2320 ἰδιότητες
1336 2266 1350 2282 ο
1385 2251 1500 2304 ἀνθ’
1533 2244 1605 2301 ὧν
1631 2249 1718 2300 διὰ
1739 2251 1836 2314 τὴν

258 2348 548 2421 παρακοὴν
570 2350 687 2407 τοῖς
741 2348 997 2412 κτήνεσιν
1048 2341 1431 2411 ὁμοιωθέντες,
1487 2339 1594 2392 τῶν
1625 2337 1841 2390 οἰκείων

258 2445 356 2497 καὶ
418 2441 714 2494 θεοσδότων
747 2437 970 2504 ἀγαθῶν
1034 2435 1505 2500 ἐκπεπτώκαμεν·
1547 2429 1838 2499 κτηνὼδεις

261 2544 328 2589 ἐκ
363 2535 630 2599 λογικῶν,
662 2533 757 2584 καὶ
784 2528 1072 2599 θηριώδεις
1104 2527 1387 2594 γεγονότες
1417 2528 1478 2577 ὲκ
1505 2524 1683 2576 θείων.

336 2626 388 2679 ι’.
419 2627 480 2676 '0
502 2622 830 2691 παράδεισος
857 2617 1033 2674 διττός
1089 2617 1261 2678 ἐστιν,
1309 2612 1566 2678 αἰσθητὸς
1594 2613 1687 2661 καὶ
1722 2626 1842 2676 νοη-

252 2717 352 2780 τός
380 2733 394 2746 ·
436 2716 602 2784 ήγουν
632 2712 660 2763 6
693 2712 750 2762 ἐν
788 2709 970 2776 Ὲδέμ,
994 2709 1089 2758 καὶ
1141 2709 1168 2758 ό
1221 2707 1320 2772 τῆς
1366 2703 1607 2772 χάριτος.
1661 2700 1848 2751 Ἔστιν

254 2807 356 2864 οὖν
385 2811 411 2861 ὁ
444 2809 542 2875 τῆς
585 2805 767 2872 Ἐδὲμ,
794 2803 956 2862 τόπος
992 2798 1360 2868 ὑψηλὸςλίαν,
1399 2795 1472 2856 ὡς
1498 2791 1637 2846 εἶναι
1669 2793 1848 2861 τρίτον

260 2905 374 2964 ἓως
440 2895 697 2967 οὐρανοῦ,
757 2892 939 2953 καθὼς
997 2891 1051 2942 oi.
1119 2889 1504 2957 ἱστορήσαντες
1564 2885 1848 2952 φάσκουσι,

265 2994 546 3052 παντοίοις
600 2989 789 3056 φυτοῖς
847 2982 1233 3041 εὐωδεστάτοις
1291 2977 1698 3047 πεφυτευμένος
1750 2974 1850 3025 ὑπ),

258 3083 426 3136 Θεοῦ.
459 3080 598 3134 Οὔτε
621 3078 714 3131 οὖν
746 3075 968 3135 τελείως
1013 3073 1158 3124 ἐστὶν
1192 3069 1489 3138 ἄφθαρτος,
1530 3066 1652 3118 οὗτε
1677 3066 1843 3122 πάντη

266 3173 534 3243 φθαρτὸς.
562 3169 745 3223 Μέσον
777 3165 984 3234 φθορᾶς
1015 3163 1110 3215 καὶ
1138 3158 1442 3229 ἀφθαρσίας
1467 3155 1827 3224 πεποιημένος

261 3269 343 3328 ὡς
358 3260 504 3316 εἶναι
521 3260 630 3325 ἀεὶ,
649 3260 741 3312 καὶ
762 3259 973 3310 κάτακο
982 3271 1076 3322 μος
1095 3255 1203 3313 τοῖς
1226 3252 1480 3320 καρποῖς,
1504 3247 1598 3300 καὶ
1623 3244 1840 3298 ἀνθοῦν-

266 3371 342 3406 τα
380 3351 542 3417 ἄνθη,
599 3347 696 3400 καὶ
736 3347 983 3412 ὄμφακα,
1017 3344 1111 3395 καὶ
1159 3341 1343 3410 ῶριμα
1388 3339 1525 3407 ἔχων
1565 3334 1828 3406 διηνεκῶς

261 3446 565 3516 Σηπόμενα
598 3442 710 3509 γάρ
737 3439 805 3491 τά
838 3437 1029 3506 δένδρα
1061 3435 1154 3488 καὶ
1199 3437 1246 3487 oi.
1273 3434 1467 3486 τέλειοι
1497 3431 1719 3501 καρποὶ,
1751 3430 1844 3482 καὶ

260 3541 348 3600 εἰς
375 3536 483 3604 γῆν
509 3531 885 3603 ῥιπτούμενοι,
911 3527 1038 3598 χοῦς
1089 3525 1294 3593 εὐώδης
1327 3524 1589 3591 γίνονται,
1639 3522 1745 3572 καὶ.¹
1789 3521 1845 3572 οὗ

263 3627 483 3697 φθοράν
511 3622 747 3687 ὄζουσιν,
786 3621 860 3682 ὼς
892 3621 960 3672 τά
1003 3618 1097 3670 τοῦ
1150 3617 1356 3685 κόσμου
1388 3617 1548 3683 φυτά.
1601 3612 1770 3667 Τοῦτο
1800 3613 1850 3664 δὲ

262 3723 488 3788 γίνεται
519 3719 585 3768 ἐκ
635 3713 835 3780 πολλῆς
880 3711 1192 3777 περιουσίας
1219 3708 1311 3788 καὶ
1337 3703 1609 3774 ἀγιασμοῦ
1639 3706 1738 3774 τῆς
1765 3703 1853 3755 ἀεὶ

262 3783 754 3879 περιπολαζούσης
803 3805 983 3856 ἐκεῖσε
1019 3783 1269 3870 χάριτος..
1302 3798 1466 3850 Ὅθεν
1515 3797 1856 3866 διερχόμενος

268 3904 444 3974 μέσον
463 3900 491 3950 ὁ
507 3897 698 3950 τοῦτον
725 3892 1087 3964 προσταχθεὶς
1113 3891 1360 3959 ἀρδεύειν
1379 3887 1644 3958 διηνεκῶς
1663 3887 1857 3937 Ὠκεα-

263 3995 359 4054 νὺς
387 3987 654 4055 ποταμὸς,
682 3988 710 4038 6
743 3984 1176 4051 ἐκπορευόμενος
1210 3979 1268 4044 ἐξ
1290 3977 1478 4043 αὑτοῦ,
1499 3977 1590 4030 καὶ
1622 3977 1702 4037 εἰς
1730 3976 1853 4026 τέσ-

265 4097 454 4151 σαρας
486 4078 664 4149 ἀρχὰς
720 4075 1097 4146 μεριζόμενος,
1119 4072 1209 4124 τὸν
1235 4069 1363 4141 χοῦν
1391 4087 1451 4120 τε
1469 4068 1562 4121 καὶ
1590 4068 1658 4120 τὰ
1688 4066 1860 4134 φύλλα

261 4189 298 4222 τ
311 4174 342 4222 ἐι
370 4167 728 4229 πεπτωκότα,
748 4166 859 4226 τοῖς
884 4162 1127 4224 Ἰνδικοῖς
1139 4162 1233 4213 καὶ
1249 4158 1494 4226 Αἰθίοψιν
1513 4156 1850 4226 καταρρέων,

266 4260 530 4331 ἐπιφέρει
562 4259 658 4311 καὶ
695 4256 910 4309 δίδωσι·
960 4254 1055 4306 καὶ
1102 4251 1380 4320 δεδεμένος
1414 4249 1523 4320 [τσ.
1555 4245 1858 4317 ἡνωμένος]

269 4355 380 4416 ὢν,
423 4352 514 4405 ἀεὶ
546 4349 677 4420 περὶ
711 4348 810 4409 τὰς
837 4344 1078 4414 ἀρούρας
1128 4341 1308 4396 αὐτῶν
1337 4340 1663 4409 πλημμυροῖ
1692 4339 1720 4390 ό
1748 4338 1863 4388 Φειο

273 4443 392 4498 σὼν
444 4441 583 4512 ὁμοῦ
611 4441 707 4493 καὶ
731 4441 760 4493 6
790 4436 957 4497 Γεὼν,
986 4435 1088 4497 ἓως
1123 4435 1187 4487 ἂν
1215 4433 1378 4485 πάλιν
1411 4430 1860 4502 ἐπιμερισθῶσιν,

1299 416 1575 475 CAPITA
1624 414 1765 472 I'Ell
1817 411 2467 472 ACROSTICIHDEM.

3367 407 3503 469 li’42

2003 528 2055 580 6.
2111 525 2508 580 Nanciscuntur
2549 522 2706 593 pauci
2763 539 2788 576 a
2840 523 2950 576 Deo
2974 520 3227 574 virtutem
3255 522 3413 574 simul
3447 532 3500 574 et

1929 619 2272 685 sapientiam.
2311 617 2397 669 Illa
2424 619 2568 669 enim
2620 615 2800 667 divina
2836 616 2972 667 bona
3015 611 3347 681 participat;
3388 611 3501 663 ha-c

1929 709 2324 762 communicat.
2361 707 2697 775 l’articipare
2733 718 2910 759 autem
2946 716 2998 759 et
3058 704 3487 763 contmuuicare,

1928 816 2016 856 res
2050 813 2133 854 est
2161 815 2290 854 vere
2317 802 2501 853 divina
2536 810 2589 853 et
2621 815 2780 866 supra
2814 800 3112 855 hominem.

1998 895 2051 947 7.
2089 894 2183 947 Est
2222 908 2405 946 vermn
2434 892 2763 952 sacrarium,
2790 892 2954 945 etiam
2985 907 3108 947 ante
3136 897 3299 950 vitam
3345 897 3497 950 futu-

1931 1001 2070 1048 ram,
2100 1001 2194 1037 cor
2233 985 2349 1038 sine
2380 986 2804 1052 cogitationibus
2851 1001 2878 1039 a
2920 986 3125 1053 Spiritu
3174 989 3414 1041 ductum.
3445 990 3499 1041 In

1929 1092 1992 1130 eo
2022 1078 2163 1129 enim
2234 1076 2411 1128 omnia
2469 1076 2821 1144 spiritualiter
2862 1086 3096 1144 aguntur
3126 1087 3179 1129 et
3212 1079 3486 1133 dicuntur.

1931 1166 2034 1232 Qui
2093 1184 2223 1223 vero
2280 1170 2405 1222 illud
2470 1172 2577 1237 jam
2622 1187 2765 1224 nunc
2791 1189 2893 1224 non
2923 1173 3101 1232 habet,
3127 1173 3259 1239 lapis
3285 1173 3502 1239 quidem

1929 1273 2008 1314 cst
2049 1271 2209 1328 aptus
2253 1263 2319 1313 ad
2369 1262 2536 1316 divini
2573 1264 2753 1330 templi
2805 1262 3241 1330 asdilicationem,
3275 1273 3332 1318 at
3383 1281 3490 1318 non

1932 1354 2186 1419 templum
2222 1363 2272 1404 et
2304 1355 2601 1407 sacrarium
2644 1354 2906 1422 Spiritus.

2001 1535 2052 1588 8.
2082 1535 2210 1587 Siue
2255 1535 2483 1588 humore
2519 1533 2943 1604 incorruptibilis
2972 1548 3185 1590 creatus
3208 1547 3291 1590 est
3316 1538 3503 1599 homo,

1929 1628 2102 1694 qualis
2136 1638 2186 1679 et
2221 1642 2483 1697 resurget,
2524 1628 2662 1680 haud
2701 1643 2827 1681 vero
2875 1627 3228 1683 immutabilis
3279 1639 3330 1683 et
3367 1632 3501 1685 irre-

1930 1719 2251 1780 tractabilis,
2304 1718 2410 1770 vim
2466 1720 2667 1772 hal'ens
2723 1720 3047 1773 Voluntatem
3103 1721 3366 1784 mutandi,
3419 1726 3504 1775 vel

1933 1827 2059 1863 non.
2094 1810 2338 1863 Perfecta
2371 1811 2514 1863 enim
2549 1811 2844 1864 voluntatis
2879 1810 3245 1866 inﬂexibilitas
3288 1831 3395 1866 non
3423 1827 3504 1868 est

1933 1909 2129 1957 donum
2175 1918 2399 1969 naturae,
2425 1907 2515 1959 sed
2560 1906 2736 1958 futura
2760 1915 2839 1958 est
2865 1907 3235 1961 inamissibilis
3259 1909 3503 1961 bravium

1933 1999 2314 2051 deilicatiouis.

2007 2090 2058 2144 9.
2087 2090 2568 2144 Verumenimvero
2589 2090 2957 2158 corruptibilis
2982 2099 3062 2143 est
3087 2099 3276 2143 natura
3303 2092 3503 2144 carnis.

1944 2181 2271 2236 Manducare
2314 2192 2516 2247 autem,
2549 2197 2854 2248 essereare,
2903 2183 3268 2238 intumescere
3299 2199 3360 2236 ac
3387 2183 3502 2236 dor-

1940 2276 2092 2336 mire,
2116 2285 2237 2327 sunt
2263 2275 2534 2331 naturales
2562 2275 2857 2327 bestiarum
2890 2283 2943 2328 et
2964 2275 3227 2340 pectulutn
3259 2276 3503 2342 proprie-

1940 2375 2080 2417 tates
2115 2364 2258 2431 :'per
2292 2380 2425 2430 quas
2456 2376 2675 2432 propter
2728 2365 3149 2419 inobedientiatn
3182 2368 3511 2419 animalibus

1938 2455 2293 2518 assimilitati,
2330 2471 2358 2509 a
2395 2457 2549 2509 bonis
2582 2457 2840 2510 divinitus
2878 2457 3059 2509 inditis
3091 2458 3406 2523 excidimus,
3443 2475 3506 2511 ex

1943 2549 2298 2623 rati0ualib05
2337 2548 2479 2600 bruti
2512 2559 2566 2601 et
2597 2564 2660 2601 ex
2693 2548 2890 2602 divinis
2921 2550 3180 2603 animales
3214 2551 3362 2606 facti.

2015 2639 2100 2692 10.
2134 2640 2302 2692 Adest
2333 2638 2529 2706 duplex
2581 2639 2891 2706 paradisus,
2937 2639 3212 2693 sensibilis
3265 2652 3317 2692 et
3347 2640 3508 2707 spiri-

1945 2730 2110 2784 tualis
2147 2747 2160 2783 :
2196 2730 2403 2783 scilicet
2427 2731 2517 2797 qui
2555 2731 2717 2790 estin
2749 2728 2918 2795 Eden,
2953 2741 3002 2782 et
3029 2731 3119 2798 qui
3155 2741 3233 2784 est
3259 2746 3285 2782 a
3314 2731 3510 2798 gratia.

1940 2821 2039 2884 Qui
2072 2830 2152 2873 est
2185 2821 2236 2873 in
2268 2821 2460 2880 ⁵Ειιοιι,
2493 2820 2641 2873 locus
2696 2833 2777 2874 est
2804 2821 3053 2873 excelsus
3110 2821 3286 2884 valde,
3326 2836 3499 2889 usque

1947 2911 2011 2963 ad
2045 2912 2261 2964 tertium
2302 2912 2500 2964 caelum
2547 2911 2870 2974 ascendens,
2916 2923 2973 2964 ut
3008 2911 3158 2964 aiunt
3197 2914 3511 2979 scriptores,

1946 3000 2248 3068 omnigenis
2298 3001 2586 3055 arboribus
2645 2999 3092 3069 frugrantissimis
3141 3016 3169 3052 a
3224 3000 3329 3052 Deo
3358 3000 3509 3067 plan-

1948 3100 2115 3146 tatus.
2150 3091 2265 3145 Non
2311 3104 2393 3145 est
2425 3092 2589 3160 igitur
2640 3090 2882 3160 perfecte
2915 3090 3362 3156 iurorruptibilis,
3413 3107 3513 3143 nec

1946 3185 2167 3236 omnino
2217 3184 2609 3251 corruptibilis.
2670 3181 2882 3235 Medius
2916 3182 3320 3249 corruptionem
3372 3181 3514 3235 inter

1952 3287 2005 3329 et
2033 3276 2509 3345 incorruptionem,
2563 3285 2644 3328 est
2695 3290 2910 3340 semper
2964 3284 3013 3327 et
3057 3275 3321 3326 fructibus
3354 3274 3512 3326 luxu-

1951 3367 2114 3431 rians,
2148 3377 2200 3421 et
2248 3383 2483 3422 vernans
2513 3368 2758 3430 tioribus,
2803 3369 2968 3419 cruda
2998 3377 3050 3420 et
3079 3378 3290 3419 matura
3317 3367 3517 3434 jugitcr

1949 3459 2147 3515 ferens.
2194 3459 2576 3513 Putrescentcs
2629 3461 2770 3512 enim
2810 3463 3055 3520 arbores,
3111 3468 3272 3524 atque
3310 3457 3518 3511 fructus

1952 3555 2274 3605 maturiores
2318 3561 2370 3604 ct
2412 3551 2462 3603 iu
2497 3562 2695 3603 terram
2726 3550 2944 3618 dejecti,
2983 3550 3158 3618 pulvis
3189 3550 3319 3601 ﬁunt
3350 3551 3514 3602 bene—

1952 3643 2126 3706 olens,
2173 3658 2271 3695 nec
2301 3643 2701 3710 correptionem
2758 3641 2950 3705 i’etent,
3009 3651 3063 3693 ut
3116 3639 3275 3706 hujus
3335 3638 3520 3692 tnundi

1957 3735 2172 3802 plantm.
2197 3733 2311 3788 Hoc
2336 3744 2510 3787 autem
2539 3733 2786 3800 provenit
2805 3748 2866 3784 ex
2907 3733 3178 3784 uberrima
3207 3730 3518 3784 sanctitatis

1953 3826 2124 3895 gratia
2177 3826 2287 3879 illic
2334 3825 2595 3892 perpetim
2641 3821 3075 3890 stipercmuente.
3147 3820 3272 3873 Ideo
3312 3819 3523 3873 medius

1957 3915 2272 3971 interﬂuens
2301 3917 2365 3969 ad
2399 3916 2736 3984 irrigandum
2760 3915 2966 3983 jttgitel‘
3005 3912 3315 3980 paradisum
3348 3912 3524 3966 amnis

1953 4009 2196 4063 Oceanus
2225 4022 2289 4063 ex
2307 4022 2480 4075 eoque
2498 4007 2854 4074 cgrediens,et
2873 4004 3116 4059 dividens
3132 4017 3189 4056 se
3215 4003 3266 4054 in
3291 4011 3525 4068 quatuor

1957 4103 2397 4170 capita,humutn
2417 4109 2469 4151 et
2493 4098 2710 4153 frondes
2737 4096 2982 4163 delapsas
3033 4093 3178 4148 Indis
3216 4107 3276 4145 ac
3315 4091 3527 4145 Ethio-

1957 4195 2114 4261 p'tbus
2166 4206 2327 4247 cursu
2386 4192 2603 4244 advehit
2655 4199 2708 4243 et
2758 4188 2960 4251 tradit,
3015 4200 3244 4255 quorum
3302 4198 3524 4252 campos

1958 4298 2169 4354 semper
2207 4284 2471 4337 inundant
2520 4298 2622 4336 uua
2675 4281 2948 4349 conjuncti
2983 4279 3182 4332 Phison
3219 4287 3273 4332 et
3307 4277 3523 4340 Gehon,

1960 4378 2130 4430 donec
2179 4377 2369 4429 iterum
2412 4373 2668 4442 separati,
2705 4371 2959 4440 Libycam
3019 4385 3157 4425 unus
3225 4371 3523 4438 regionem,

1963 4467 2335 4537 A‘Igyptiaeam
2365 4467 2500 4520 alter
2533 4465 2756 4518 alluant.

268 4541 304 4590 ὁ
341 4537 442 4604 μὲν
496 4534 593 4604 τὴν
641 4530 908 4596 Διόυκὴν,
943 4529 971 4578 ό
1011 4525 1068 4578 δὲ
1109 4525 1206 4594 τὴν
1252 4525 1630 4590 Αἰγυπτιακὴν
1671 4522 1856 4592 χώραν
1889 4550 1933 4605 υ

272 4632 301 4680 ὲ
316 4625 638 4691 πάρδοντες.

371 4737 460 4792 ια’.
481 4735 732 4800 Ῥευστὴ,
753 4730 953 4786 εῖτόὗν
974 4729 1185 4799 φθαρτὴ
1203 4727 1442 4797 ὴκτίσις,
1460 4726 1642 4792 φασὶν,
1659 4727 1716 4775 οὐ
1741 4742 1839 4775 κατ

2040 4733 2125 4785 Η.
2163 4733 2420 4786 Relertur
2455 4745 2554 4784 nec
2599 4730 2737 4782 ﬂuxa
2778 4743 2877 4783 nec
2927 4725 3296 4796 corruptibilis
3324 4724 3532 4777 consti-

285 4828 606 4896 εσκευάσθη
651 4828 946 4894 πρότερον·
982 4823 1208 4890 ὕστερον
1247 4818 1325 4881 δὲ,
1361 4816 1716 4884 διαφθαρεῖσα
1771 4817 1865 4866 καὶ

1863 4855 1865 4863 ι
1969 4833 2080 4878 tuta
2118 4840 2238 4878 esse
2287 4824 2537 4891 primitus
2580 4835 2872 4885 creatura;
2906 4820 3001 4874 sed
3053 4818 3246 4871 deinde
3277 4824 3531 4880 corrupta

286 4925 319 4972 ὡ
334 4921 630 4983 ποταγεῖσα
646 4918 712 4985 τῇ
740 4914 1081 4981 ματαιότητι,
1117 4909 1258 4963 κατὰ
1297 4909 1394 4977 τὴν
1424 4905 1669 4976 Γραφὴν,
1703 4905 1872 4972 ἡγοον

1853 4919 1872 4956 ν
1967 4926 2050 4969 est
2100 4915 2416 4980 etsubjecta
2471 4914 2716 4976 vanitati,
2753 4923 2810 4965 ut
2851 4913 2920 4964 ait
2953 4910 3229 4976 Scriptura
3258 4945 3272 4969 ,
3313 4908 3363 4959 id
3418 4914 3521 4968 est,

267 5008 363 5078 τῷ
391 5006 691 5076 ἀνθρώπῳ⁹
712 5005 809 5073 οὐχ
838 5002 1042 5057 ἑκοῦσα
1069 5002 1302 5065 δέ,ἀλλά
1324 5004 1398 5073 μὴ
1430 5001 1752 5072 βουλομένη,
1779 4999 1866 5050 διὰ

1972 5008 2200 5070 homini,
2242 5007 2382 5058 haud
2421 5005 2638 5073 quidem
2671 5013 2888 5072 sponte,
2914 5003 3005 5054 sed
3030 5016 3132 5052 nou
3169 4999 3375 5056 volens,
3408 5011 3537 5064 pro-

266 5104 375 5157 τὸν
400 5097 748 5162 ὑποτάξαντα
768 5095 854 5148 ἐπ’
882 5095 1060 5147 ἐλπίδι
1083 5095 1181 5162 τῆς
1209 5092 1604 5152 ἀνακαινίσεως
1625 5089 1719 5143 τοῦ
1736 5089 1867 5156 φθα-

1972 5111 2088 5165 pter
2109 5113 2232 5150 cum
2281 5098 2373 5164 qui
2412 5096 2645 5164 Subiecit
2667 5109 2784 5147 eam
2814 5094 2868 5146 in
2894 5107 2988 5160 spe
3015 5088 3384 5144 renovationis
3417 5101 3538 5139 θοι-κ

272 5196 475 5268 ρέντος
521 5190 714 5259 Ἀδάμ.
757 5189 1136 5248 Ἀνακαινίσας
1161 5187 1215 5238 δὲ
1244 5186 1458 5249 τοῦτον,
1487 5185 1581 5237 καὶ
1612 5183 1868 5250 ἁγιάσας,

1975 5192 2113 5258 rupti
2146 5191 2374 5243 Adam‘.
2401 5188 2512 5243 Hoc
2541 5197 2720 5241 autem
2760 5195 3066 5239 rcstaurato
3092 5192 3147 5236 et
3177 5181 3536 5244 sanetiticato,

270 5285 388 5338 κᾶν
403 5281 644 5350 φθαρτὸν
679 5279 822 5350 φέρῃ
841 5279 1000 5345 σῶμα
1012 5278 1100 5334 διὰ
1119 5278 1217 5346 τὴν
1237 5275 1572 5346 πρόσκαιρον
1588 5273 1757 5344 ζωὴν,
1777 5272 1870 5324 καὶ

1974 5282 2224 5350 quarm-is
2256 5282 2308 5334 in
2354 5280 2634 5348 temporali
2680 5279 2787 5331 vita
2818 5291 3015 5345 corpus
3049 5277 3222 5328 adhuc
3249 5273 3385 5326 ferat
3419 5285 3540 5323 σοι-ο

268 5372 458 5441 αὐτὴν
488 5370 822 5433 ἀνεκαίνισε,
859 5370 1025 5438 μήπω
1053 5367 1256 5438 φθορᾶς
1297 5365 1634 5428 ἀπαλλάξας.
1659 5364 1870 5432 Φθορᾶς

1979 5374 2256 5441 τυιιιίὺίιυ,
2309 5373 2395 5426 illa
2433 5373 2594 5424 etiam
2635 5371 2932 5422 instaurata
2963 5377 3067 5430 est,
3119 5366 3212 5419 sed
3249 5362 3484 5417 nondmn
3512 5375 3542 5414 a

269 5472 339 5523 δὲ
368 5465 695 5535 ἀπαλλαγὴν
717 5466 815 5533 τῆς
848 5465 1101 5523 κτίσεως,
1131 5464 1181 5514 οἱ
1217 5464 1314 5531 μὲν
1345 5461 1440 5531 τὴν
1487 5460 1580 5512 ἐπὶ
1606 5460 1665 5513 τὸ
1694 5462 1873 5530 κρεῖτ-

1977 5465 2330 5533 corruptione
2363 5463 2608 5516 liberata.
2641 5460 2797 5514 Tunc
2821 5474 3000 5513 autem
3034 5467 3337 5512 creaturam
3362 5471 3391 5509 a
3422 5469 3542 5507 cor-

275 5581 378 5616 τον
409 5558 735 5620 ἀλλοίωσιν,
790 5558 839 5610 ol
895 5556 953 5608 δὲ
993 5558 1092 5624 τὴν
1129 5555 1367 5623 παντελῆ
1431 5553 1722 5623 μετάθεσιν
1765 5552 1873 5604 τῶν

1981 5560 2234 5626 ruptioue
2265 5558 2549 5609 liberatam
2583 5556 2789 5616 dicunt,
2816 5553 2905 5606 alii
2937 5566 3058 5604 cum
3089 5551 3142 5603 iu
3186 5551 3380 5604 melius
3411 5565 3541 5603 οοιιο

273 5652 568 5720 αεσθητῶν
595 5650 847 5716 λέγουσιν
875 5643 1034 5701 εἶναι.
1062 5645 1220 5708 "EGO;
1240 5646 1348 5714 γὰρ
1377 5649 1440 5715 τῇ
1465 5645 1651 5712 Γραφῇ
1686 5642 1872 5703 ἁπλῶς

1979 5665 2157 5713 versa,
2190 5650 2275 5702 al.i
2309 5663 2428 5702 cum
2459 5645 2698 5716 perlecle
2732 5663 2756 5696 ιι
2800 5644 3148 5699 δοιιδὶὺῑιιιηις
3181 5643 3410 5697 alienata
3435 5651 3541 5695 est.

395 5809 410 5838 '
437 5805 596 5861 Rom.
625 5825 742 5874 vui,
773 5815 858 5865 2U.
