4224 6464
686 389 817 447 12ιό

1949 381 2333 444 GREGORII
2377 380 2706 440 SlNAlei

3809 376 3943 444 12“

687 507 836 559 Solet
866 519 1008 554 cutui
1055 501 1332 568 Scriptura
1387 500 1451 553 de
1494 503 1656 554 rebus
1694 501 1801 553 huc
1833 516 2003 568 usque
2034 500 2264 554 dillicili-
2295 509 2339 563 Α

2295 509 2339 563 Α
2383 504 2511 567 περὶ
2541 501 2674 555 τῶν·
2701 501 2835 565 τέως
2879 502 3101 574 ἀπόρων
3133 505 3309 558 ποιεῖν
3359 508 3453 576 τὴν
3520 508 3834 576 κατάφασιν
3874 511 3957 562 καὶ

687 597 788 649 lius
827 594 1166 659 simpliciter,
1202 603 1252 643 at
1286 609 1391 644 non
1433 592 1703 646 subtiliter
1741 593 2038 646 aﬂirmare.

762 688 850 740 l2.
892 686 927 738 li
983 687 1073 751 qui
1122 686 1352 749 gratiam
1391 685 1657 752 recipiunt
1691 685 1844 753 quasi
1888 685 2263 753 concipientcs

685 791 740 834 ct
773 788 1113 847 pra-gmmtes
1164 777 1229 829 de
1263 777 1468 841 Spiritu
1520 779 1742 838 Sancto,
1769 777 1854 830 vel
1904 778 2145 844 peccatis
2179 777 2263 829 di-

687 873 866 922 viuum
906 871 1166 938 abj'ciunt
1201 885 1408 932 semen,
1453 869 1533 923 vel
1582 869 1690 924 Deo
1729 871 2021 924 viduantur
2069 870 2138 924 ob
2171 885 2262 924 co.

690 963 866 1031 pulam
898 978 1020 1016 cum
1055 963 1277 1016 inimico
1309 963 1454 1015 intus
1484 964 1704 1016 latente.
1735 961 1798 1014 Et
1828 963 1998 1032 gratia
2038 963 2259 1031 quidem

686 1055 991 1108 excidimus
1011 1071 1104 1124 per
1123 1055 1423 1121 passiones,
1443 1058 1664 1108 omnino
1683 1064 1862 1107 autem
1889 1054 2150 1107 orbamur
2169 1070 2264 1122 per

687 1159 1032 1214 peccaturum
1080 1147 1348 1201 habitum.
1404 1148 1597 1200 Anima
1643 1149 1787 1201 enim
1816 1147 2173 1214 cupiditatum
2211 1155 2262 1200 et

692 1247 1035 1305 peccaturuttt
1087 1252 1300 1297 amans,
1347 1237 1519 1301 gratia
1569 1237 1790 1304 delapsa
1847 1238 2166 1306 privataque
2200 1253 2263 1291 ac

689 1329 927 1391 viduata,
951 1331 1290 1396 passionum,
1323 1338 1379 1382 ut
1402 1344 1508 1383 non
1528 1330 1722 1394 dicam,
1746 1332 2048 1384 dannonum
2069 1329 2266 1384 domus

686 1432 772 1476 est
806 1438 951 1476 nunc
997 1435 1049 1476 et
1096 1422 1146 1474 in
1189 1421 1392 1477 futuro.

768 1603 850 1656 15.
882 1600 936 1654 lu
970 1601 1208 1655 animum
1243 1600 1482 1654 laetitiam
1513 1613 1564 1653 et
1594 1603 2064 1654 mansuetudinem
2091 1599 2269 1653 infun-

692 1697 791 1756 dit,
820 1705 875 1748 ut
905 1693 1189 1757 fortitudo,
1216 1693 1296 1748 sic
1318 1703 1371 1746 et
1396 1693 1770 1747 misericordia
1802 1708 1816 1744 :
1846 1708 1949 1745 una
1981 1703 2263 1757 externos,

694 1792 936 1845 internus
982 1786 1146 1840 altera
1178 1786 1331 1850 quasi
1376 1786 1562 1840 hostes
1593 1799 1906 1838 conterens.

2381 593 2757 662 ἀπεριέργως.

2452 679 2552 751 ιβό
2563 682 2625 734 Ol
2640 681 2739 752 τὴν
2750 683 2911 752 χάριν
2938 682 3220 753 δεχόμενοι
3241 683 3315 749 ῶς
3333 686 3382 738 οῖ
3399 702 3463 737 πε
3472 686 3529 754 pi.
3550 685 3648 756 τὴν
3679 685 3962 754 σύλληψιν,

2380 773 2472 824 καὶ
2495 773 2931 842 ἐγκυμονοῦντες
2958 774 3037 844 τῷ
3065 777 3370 844 Πνεῦματι,
3395 777 3428 845 ἢ
3455 778 3544 831 διὰ
3567 780 3882 848 πτωμάτων
3906 782 3964 832 τὸ

2379 865 2524 918 θεῖον
2575 867 2942 922 ἀποϐάλλουσι
2990 870 3233 940 σπέρμα,
3271 871 3303 942 ἢ
3339 872 3667 942 χηρεύοντες
3714 876 3780 927 ἐκ
3827 877 3964 930 Θεοῦ

2377 959 2444 1027 τῇ
2471 955 2566 1009 τοῦ
2602 957 2800 1027 ἐχθροῦ
2832 960 3110 1030 κοινωνίᾳ,
3161 962 3586 1032 ἐνδομυχοῦντος
3617 965 3825 1027 αὐτοῖς.
3853 969 3961 1021 Καὶ

2375 1048 2408 1118 ή
2439 1049 2538 1115 μὲν
2568 1049 2810 1120 ἀποϐολὴ
2857 1052 2954 1121 τῆς
2990 1051 3212 1122 χάριτος
3253 1053 3321 1105 δι’
3358 1055 3647 1123 ἐνεργείας
3677 1057 3890 1122 παθῶν,
3929 1061 3962 1128 ὴ

2376 1137 2434 1191 δὲ
2483 1140 2750 1210 παντελὴς
2800 1143 3057 1212 στέρησις
3109 1143 3200 1197 διὰ
3253 1145 3354 1214 τὴν
3398 1147 3509 1199 τῶν
3543 1148 3964 1218 ἁμαρτημάτων

2376 1227 2583 1294 γίνεται
2616 1230 2854 1298 πρᾶξιν·
2895 1231 3043 1304 ψυχὴ
3091 1237 3199 1305 γὰρ
3255 1236 3588 1309 φιλοπαθὴς,
3648 1243 3743 1293 καὶ
3807 1242 3964 1309 φιλά-

2379 1336 2610 1389 μαρτος,
2639 1309 3014 1395 ὑστερημένη,
3047 1327 3142 1378 καὶ
3190 1326 3608 1401 ἀποϐαλλομένη
3665 1333 3768 1402 τὴν
3802 1332 3962 1403 χάριν

2375 1411 2471 1462 καὶ
2503 1412 2838 1481 χηρεύουσα,
2866 1415 3078 1480 παθῶν,
3111 1417 3197 1470 ἵνα
3235 1419 3310 1488 μὴ
3340 1420 3501 1482 εἴπω,
3541 1421 3814 1493 δαιμόνων
3858 1443 3960 1479 κα.-

2372 1508 2724 1577 τοικητήριον
2756 1508 2931 1575 ἔσται,
2961 1510 3056 1564 νῦν
3091 1512 3182 1563 καὶ
3215 1513 3272 1564 ἐν
3307 1513 3385 1583 τῷ
3410 1517 3680 1583 μέλλοντι.

2450 1605 2537 1666 ιγ’.
2583 1599 2787 1670 Ἱλαρδν
2841 1604 2936 1656 καὶ
2987 1605 3196 1676 ἥμερον
3220 1608 3281 1660 οὐ
3318 1611 3464 1661 ποιεῖ
3492 1608 3585 1662 τὸν
3609 1611 3783 1680 θυμδν
3816 1615 3892 1677 ὡς
3925 1619 3958 1685 ἡ

2377 1691 2617 1759 ἀνδρεία,
2646 1695 2739 1745 καὶ
2760 1695 2822 1745 τὸ
2849 1695 3014 1757 ἐλεος³
3044 1698 3076 1766 ή
3113 1698 3212 1766 μὲν
3240 1701 3368 1763 τοὺς
3389 1699 3514 1767 ἔξω,
3549 1703 3582 1773 ή
3612 1701 3667 1755 δὲ
3694 1705 3821 1767 τοὺς
3851 1706 3962 1760 ἔσω

2376 1781 2628 1851 καθάπερ
2658 1783 2932 1848 ἑλεπόλεις
2966 1787 3353 1855 συντρίϐουσα.

762 1879 848 1931 14.
887 1879 958 1931 De
1011 1878 1293 1945 prteceptis
1331 1878 1485 1930 multi
1529 1889 1806 1940 curantes,
1846 1877 2101 1932 videntur
2133 1893 2258 1947 pro-
2295 1858 2336 1913 Β

2295 1858 2336 1913 Β
2446 1874 2528 1929 ιδ’.
2586 1875 2777 1929 Πολλοὶ
2826 1879 2924 1939 τάς
2985 1879 3203 1944 ἐντολὰς
3245 1882 3607 1952 ἐργαζόμενοι
3639 1927 3654 1945 ,
3711 1887 3961 1942 δοκοῦσιν

693 1972 865 2038 gredi,
899 1969 988 2034 qui
1035 1971 1273 2024 nondum
1325 1971 1513 2023 urbem
1547 1969 1778 2038 ingressi
1818 1967 1952 2023 foris
1987 1978 2208 2023 manent
2244 1982 2260 2021 :

692 2069 872 2120 exitus
901 2066 1047 2120 enim
1081 2064 1347 2133 regiarum
1394 2064 1626 2126 viarum,
1666 2062 1718 2117 id
1752 2072 1835 2116 est
1874 2062 2050 2115 vicina
2089 2062 2264 2117 virtu-

697 2161 837 2212 tibus
882 2159 1009 2210 vitia
1060 2157 1215 2210 inscii
1263 2164 1630 2223 capessentes,
1686 2156 2087 2209 inconsiderate
2135 2172 2262 2225 pro—

696 2253 906 2304 cedunt.
948 2250 1155 2318 Quippe
1191 2251 1466 2313 mandata,
1496 2249 1638 2301 haud
1667 2248 1825 2302 modo
1856 2263 1955 2302 nec
1992 2247 2261 2303 defectum

698 2362 793 2396 nec
819 2359 1109 2398 excessum
1128 2341 1339 2405 volunt,
1367 2342 1458 2394 Sed
1485 2341 1646 2394 etiam
1674 2340 1833 2395 tinem
1869 2339 1976 2394 Deo
2003 2341 2262 2410 placitum

695 2450 747 2488 ιί
797 2435 1123 2488 νυιιιιιιςιιυιιι
1162 2435 1442 2503 requirnnt
1469 2436 1568 2488 soli
1609 2433 1719 2489 Deo
1754 2434 2050 2500 intentam;
2085 2449 2265 2497 secus,

698 2527 870 2577 inaniis
892 2539 973 2577 est
1005 2527 1174 2589 labor,
1205 2541 1299 2579 llet!
1333 2535 1489 2580 recta:
1517 2524 1673 2589 ﬁunt,
1703 2525 1856 2595 juxta
1903 2525 2264 2594 Scripturam,

700 2620 796 2670 tiae
831 2617 1044 2671 Domini
1075 2636 1089 2672 :
1131 2619 1331 2672 etenim
1364 2620 1415 2672 in
1449 2618 1593 2682 muni
1626 2634 1788 2688 opere
1814 2617 1938 2674 ﬁnis
1968 2618 2268 2688 requiritur

698 2712 904 2778 operis.

775 2893 858 2945 l5.
903 2893 1040 2962 Ergo
1094 2893 1145 2946 in
1183 2893 1289 2954 via,
1330 2894 1379 2946 id
1410 2903 1512 2956 est,
1559 2893 1611 2947 in
1655 2904 2047 2964 przrceptorum
2082 2894 2270 2948 obser-

699 2985 901 3048 \autia,
952 2986 1135 3039 animo
1174 3002 1356 3054 qu:t:re
1406 2985 1714 3040 Dominum.
1751 2987 1886 3040 Cum
1925 2988 2068 3040 enim
2101 2985 2269 3040 Joan-

701 3094 820 3129 nem
858 3076 1050 3130 audias
1083 3078 1407 3130 clamantem
1463 3079 1977 3147 praecipientemque
2016 3078 2270 3133 oumibus

701 3181 757 3221 ut
789 3168 902 3221 vias
934 3179 1146 3233 parent,
1177 3180 1231 3221 et
1268 3185 1442 3223 reetas
1473 3169 1655 3225 facere
1706 3175 1932 3226 semitas
1959 3173 2265 3237 iubentem,

702 3262 953 3314 mandata
1008 3263 1285 3329 cordaque
1336 3274 1389 3316 et
1438 3277 1600 3332 opera
1650 3265 1941 3333 intellige;
1995 3281 2118 3320 nam
2152 3267 2265 3321 ﬁeri

702 3351 892 3422 nequit
918 3361 1064 3406 recta
1099 3361 1483 3421 praeceptorum
1529 3356 1634 3419 via,
1665 3356 1767 3409 nisi
1801 3370 1895 3412 cor
1930 3356 2000 3410 sit
2033 3367 2266 3411 rectum.

775 3625 861 3680 16.
895 3626 1226 3696 Prophetico
1257 3629 1311 3681 in
1358 3643 1520 3684 sensu
1555 3629 1761 3698 virgam
1792 3639 1847 3684 et
1891 3629 2163 3692 baculum,
2203 3633 2269 3687 de

703 3719 899 3785 quibus
951 3720 1232 3787 Scriptura
1287 3720 1545 3789 loquitur,
1591 3722 1855 3790 judicium
1884 3733 1937 3777 et
1984 3725 2269 3791 providen-

705 3814 836 3864 tiam
867 3812 1109 3880 intellige
1130 3852 1146 3873 .
1181 3811 1233 3864 in
1265 3812 1451 3865 morali
1492 3828 1641 3879 vero,
1662 3814 2021 3882 psalmodiam
2057 3826 2112 3869 et
2145 3830 2271 3870 ora-

706 3907 924 3960 tionem.
960 3905 1202 3962 Mulctati
1241 3906 1387 3961 enim
1428 3921 1457 3960 a
1487 3906 1716 3962 Domino
1747 3910 1897 3978 virga
1943 3909 2269 3978 disciplinae,

706 3999 770 4050 ιιι]
806 3999 1220 4052 conversionem
1275 4000 1601 4066 corripimur
1627 4017 1642 4066 ;
1698 4002 2056 4070 corripientes
2085 4015 2269 4057 autem

706 4089 1053 4143 adversarios
1117 4099 1332 4144 nostros
1367 4090 1562 4145 baculo
1611 4092 1871 4160 patientis
1931 4093 2267 4160 psalmodiaz,

706 4176 955 4229 oratione
980 4175 1254 4231 fulcimur.
1311 4177 1585 4235 Tenentcs
1613 4181 1792 4251 igitur
1813 4183 1864 4236 in
1896 4184 2148 4238 manibus
2175 4184 2272 4238 ba—

704 4269 887 4321 utlum
904 4280 958 4324 et
983 4270 1186 4338 virgam
1211 4272 1574 4342 spiritualium
1599 4290 1932 4342 operum,ne
1957 4279 2276 4334 desinamus

703 4361 984 4430 corrigere
1011 4372 1063 4416 et
1097 4365 1317 4434 corrigi,
1349 4366 1520 4420 donec
1547 4383 1713 4434 penes
1743 4370 2137 4435 providentiam
2175 4373 2274 4428 toti

705 4455 902 4515 simus,
939 4453 1202 4523 judicium
1237 4457 1408 4528 elapsi
1441 4472 1678 4527 prxsens
1705 4472 1761 4514 et
1794 4461 2054 4518 futurum.

780 4728 868 4783 Π.
912 4726 1103 4783 Refert
1135 4728 1607 4797 generalissimum
1650 4730 1909 4799 pmferre
1940 4734 2273 4800 mandatum,

706 4821 847 4889 quod
861 4821 952 4874 Dei
975 4822 1289 4875 memoriam
1317 4823 1559 4890 praecipit
1581 4824 1664 4876 his
1683 4823 1861 4878 verbis
1878 4841 1924 4880 ει
1951 4824 2276 4881 ltecorderis

714 4912 924 4966 Domini
965 4912 1056 4966 Dei
1087 4914 1160 4967 tui
1190 4915 1337 4968 omni
1378 4925 1623 4984 tempore
1654 4917 1731 4970 ’.ι
1786 4915 1890 4973 Per
1937 4932 2098 4986 quam
2126 4919 2272 4973 enim

710 5004 983 5068 interitus,
1041 5019 1139 5072 per
1194 5008 1334 5061 hunc
1385 5017 1436 5062 et
1471 5008 1618 5062 salus
1674 5010 1787 5063 fieri
1816 5018 2012 5077 potest.
2066 5010 2278 5066 Oblivio

711 5097 854 5149 enim
887 5097 957 5151 ab
1004 5097 1160 5151 initio
1216 5100 1532 5153 memoriam
1601 5100 1692 5154 Dei
1749 5103 1965 5165 delevit,
2025 5105 2277 5158 mandata

709 5189 1052 5255 oblitterans,
1072 5201 1125 5244 et
1149 5193 1227 5244 sic
1263 5193 1536 5247 hominem
1569 5196 1790 5249 omnino
1818 5197 2020 5250 nudum
2056 5197 2278 5253 detexit.

790 5368 873 5421 13.
903 5367 1155 5424 Ειηυιιιε
1197 5372 1414 5426 virtutis
1446 5373 1655 5426 duobus
1699 5373 1984 5444 przeceptis
2038 5377 2104 5430 ad
2173 5381 2276 5447 pri-

718 5464 920 5515 etiuam
954 5463 1096 5516 redit
1134 5463 1477 5534 dignitatem,
1509 5467 1718 5521 scilicet
1734 5467 2040 5524 obedientia
2069 5478 2123 5522 et
2157 5471 2254 5523 abs

717 5554 966 5618 liuentia,
1002 5569 1124 5607 cum
1153 5571 1214 5609 ex
1256 5556 1446 5610 barum
1480 5559 1771 5613 contrariis
1811 5573 1972 5614 omne
1998 5561 2198 5615 malum
2235 5533 2287 5616 iii

721 5647 1030 5701 mortalium
1078 5662 1246 5717 genus
1281 5650 1521 5707 irrucrit.
1557 5651 1620 5708 Et
1672 5654 1761 5723 qui
1799 5668 1894 5722 per
1927 5654 2290 5710 obedientiam

797 5831 816 5861 ³
848 5831 1001 5885 Deut.
1029 5845 1143 5896 vut,
1177 5829 1263 5884 18.

2369 1963 2579 2018 ὁδεύειν
2611 1966 2662 2018 οῖ
2700 1967 2795 2020 καὶ
2845 1970 3013 2036 μήπω
3065 1970 3164 2040 τὴν
3195 1973 3350 2026 πόλιν
3399 1974 3731 2043 φθάσαντες,
3758 1979 3957 2044 ἔξωθεν

2374 2057 2616 2126 μένουσι·
2670 2058 2770 2123 τὰς
2795 2059 2903 2130 γὰρ
2934 2060 3200 2126 διεξόδους
3228 2065 3345 2118 τῶν
3380 2066 3678 2135 βασιλικῶν
3704 2071 3956 2139 εὐθειῶν,

2373 2150 2622 2202 τουτέστι
2653 2151 2751 2213 τάς
2801 2152 3133 2224 ἀγχιθύρους
3184 2156 3294 2208 τῶν
3323 2158 3540 2228 ἀρετῶν
3564 2165 3763 2228 κακίας
3794 2165 3956 2234 λελη-

2369 2239 2538 2303 θότως
2576 2242 2828 2311 ἄραντες,
2866 2246 3112 2314 ἀνοήτως
3141 2249 3485 2317 πορεύονται·
3520 2253 3648 2306 οὔτε
3709 2258 3820 2326 γὰρ
3872 2260 3955 2310 ἔλ-

2367 2330 2565 2401 λειψιν,
2589 2332 2715 2386 οὔτε
2757 2336 3084 2408 ὑπερϐολὴν,
3115 2339 3254 2393 ἀλλά
3280 2343 3373 2395 καὶ
3398 2345 3602 2399 σκοπὸν
3634 2347 3950 2418 θεάρεστον,

2369 2422 2464 2474 καὶ
2508 2423 2567 2475 τὸ
2622 2425 2764 2479 θεῖον
2819 2428 2977 2496 μόνον
3019 2429 3281 2501 ζητοῦσαι
3338 2437 3395 2488 al
3457 2437 3672 2491 ἐντολαὶ
3738 2441 3952 2497 δέονται

2368 2512 2602 2584 θέλημα,
2635 2517 2759 2570 εἰδὲ
2787 2519 2884 2590 μή,
2913 2521 3090 2590 μάτην
3109 2523 3138 2574 ό
3168 2526 3371 2588 σκοπὸς
3400 2526 3490 2598 [ἐν
3509 2529 3650 2584 ἄλλ.
3682 2533 3709 2584 ό
3736 2533 3951 2605 κόπος],

2366 2605 2586 2669 εὐθείας
2638 2611 2779 2664 κατά
2827 2611 2928 2681 τὴν
2982 2614 3021 2665 Γ
3026 2615 3206 2685 ραφὴν
3241 2617 3315 2686 μὴ
3360 2622 3537 2672 ποιεῖν
3595 2623 3694 2684 τάς
3731 2625 3954 2694 τρίϐους

2364 2695 2462 2750 τοῦ
2491 2698 2626 2752 Θεοῦ
2654 2713 2672 2730 '
2725 2703 2890 2756 παντὶ
2940 2704 3045 2772 γὰρ
3083 2705 3232 2778 ἔργῳ
3267 2711 3295 2761 ὁ
3323 2713 3527 2775 σκοπὸς
3571 2713 3821 2782 ζητεῖται
3856 2717 3953 2770 τοῦ

2368 2789 2714 2860 πράγματος.
3435 2823 3439 2825 λ

2443 2878 2524 2936 ιε’.
2561 2884 2649 2936 Ἐν
2669 2884 2790 2953 ὁδῷ,
2818 2889 3068 2941 τουτέστι
3101 2889 3171 2943 δι’
3201 2891 3436 2944 ἐντολῶν
3461 2895 3521 2946 ὲν
3559 2895 3761 2966 καρδία
3794 2897 3953 2967 ζήτει

2365 2972 2458 3027 τὸν
2484 2975 2709 3046 Κύριον.
2735 2978 2902 3030 Ὅταν
2931 2981 3039 3051 γὰρ
3064 2981 3306 3054 ἀκούσῃς
3338 2984 3431 3036 τὸν
3449 2987 3701 3058 Ἰωάννην
3719 2989 3953 3058 βοῶντα,

2368 3067 2462 3120 καὶ
2516 3070 2925 3139 προστάσσοντα
2991 3075 3125 3126 πᾶσι
3171 3074 3270 3138 τὰς
3319 3075 3475 3140 ὁδοὺς
3507 3079 3823 3148 ἑτοιμάσαι,
3859 3084 3956 3136 καὶ

2370 3161 2466 3221 τάς
2492 3161 2713 3229 τρίϐους
2761 3163 2978 3227 εὐθείας
3035 3169 3209 3218 ποιεῖν
3237 3167 3550 3232 κελεύοντα,
3573 3171 3673 3234 τὰς
3705 3173 3952 3237 ἐντολάς.

2371 3251 2463 3302 καὶ
2512 3251 2613 3315 τάς
2675 3255 2926 3324 καρδίας,
2995 3257 3090 3309 καὶ
3119 3260 3213 3321 τὰς
3265 3260 3496 3329 πράξεις
3520 3257 3662 3314 εἶναι
3695 3266 3951 3333 νόμισον·

2369 3343 2630 3396 ἀδύνατον
2688 3346 2798 3415 γὰρ
2857 3348 2976 3400 ὁδὸν
3031 3349 3250 3402 εὐθείαν
3288 3352 3398 3404 τῶν
3436 3353 3671 3407 ἐντολῶν
3701 3357 3952 3426 ποιῆσαι,

2369 3434 2463 3485 καὶ
2519 3436 2718 3504 πρᾶξιν
2768 3438 3080 3502 ἀνεύθυνον,
3112 3441 3162 3493 εί
3190 3443 3267 3511 μὴ
3312 3445 3628 3515 καρδιακήν
3675 3449 3955 3519 εὐθύτητα

2369 3524 2463 3596 [ἐν
2481 3527 2623 3582 ἄλλ.
2658 3531 2927 3601 καρδιακῇ
2957 3532 3256 3605 εὐθύτητι].

2444 3627 2539 3684 ις’.
2585 3621 2806 3676 Ῥάϐδον
2867 3625 2960 3677 καὶ
3019 3624 3342 3696 βακτηρίαν,
3405 3629 3535 3683 ὅταν
3581 3633 3829 3706 ἀκούσῃς
3850 3639 3956 3706 τῆς

2370 3711 2595 3782 Γραφῆς
2627 3712 2912 3784 λεγούσης,
2945 3717 3087 3771 κατὰ
3126 3720 3225 3788 μὲν
3276 3721 3370 3773 τὸν
3401 3726 3743 3794 προφητικὸν
3772 3728 3952 3795 λόγον,

2370 3805 2471 3873 τὴν
2496 3807 2700 3875 κρίσιν,
2725 3809 2819 3860 καὶ
2859 3810 2958 3877 τὴν
2989 3811 3251 3880 πρόνοιαν
3281 3807 3421 3866 εἶναι
3443 3815 3687 3884 νόμισον,
3718 3822 3863 3873 κατά
3891 3822 3950 3874 δὲ

2368 3895 2462 3949 τὸν
2506 3897 2698 3966 ὴθικδν
2737 3899 2912 3966 λόγον,
2942 3902 3042 3972 τὴν
3090 3901 3435 3973 ψαλμῳδίαν,
3472 3909 3567 3960 καὶ
3599 3915 3951 3981 προσευχήν·

2371 3989 2683 4058 κρινόμενοι
2713 3990 2824 4059 γὰρ
2872 3991 2978 4043 ὑπὸ
3017 3992 3222 4062 Κυρίου
3240 3997 3305 4066 τῇ
3338 3996 3519 4067 ῥάϐδῳ
3547 3999 3652 4068 τῆς
3678 4003 3952 4068 παιδείας,

2370 4081 2508 4151 πρὸς
2549 4083 2883 4153 ἐπιστροφὴν
2939 4085 3326 4154 παιδευόμεθα·
3362 4089 3712 4155 παιδεύοντες
3736 4093 3791 4145 δὲ
3824 4097 3956 4157 τοὺς

2370 4173 2837 4243 ἐπανισταμένους
2877 4177 3010 4245 ήμῖν
3032 4178 3099 4245 τῇ
3133 4176 3314 4247 ῥάϐδῳ
3353 4178 3456 4247 τῆς
3521 4180 3786 4252 ἀνδρικῆς
3810 4185 3955 4250 ψαλ-

2373 4265 2596 4334 μῳδίας,
2628 4269 2694 4337 τῇ
2749 4270 3026 4340 προσευχῇ
3080 4270 3476 4339 στηριζόμεθα.
3542 4275 3804 4344 Ἔχοντες
3859 4279 3956 4332 οῦν

2369 4355 2468 4423 τὴν
2487 4355 2679 4425 ῥάϐδον
2699 4358 2793 4409 καὶ⁸
2821 4360 2920 4427 τὴν
2945 4357 3250 4429 βακτηρίαν
3279 4362 3338 4411 ἐν
3359 4363 3503 4433 χειρὶ
3527 4365 3786 4433 πράξεως
3811 4370 3954 4434 νοὸς,

2377 4447 2452 4518 μὴ
2483 4448 2820 4519 παυσώμεθα
2881 4453 3228 4517 παιδεύοντες
3257 4455 3354 4508 καὶ
3379 4457 3762 4524 παιδεύεσθαι,
3791 4464 3958 4534 ἄχρις

2301 4541 2441 4630 Dav
2470 4541 2575 4595 ὑπὸ
2611 4542 2713 4613 τὴν
2766 4543 3024 4614 πρόνοιαν
3070 4545 3270 4609 ὁλικῶς
3303 4547 3613 4617 γενώμεθα,
3636 4549 3738 4621 τὴν
3768 4555 3961 4625 κρίσιν

2375 4635 2724 4703 ἐκφυγόντες,
2754 4637 2852 4707 τὴν
2879 4638 2974 4690 νῦν
3011 4639 3107 4691 καὶ
3136 4639 3233 4710 τὴν
3268 4641 3592 4709 μέλλουσαν.

2449 4728 2534 4791 ιζ’.
2575 4729 2734 4781 Ἷδιον
2752 4728 2858 4782 τῶν
2877 4730 3130 4794 ἐντολῶν,
3150 4731 3208 4783 τὸ
3236 4735 3510 4803 προτιμᾷν
3536 4735 3626 4786 ἀεὶ
3663 4736 3765 4805 τὴν
3793 4755 3958 4807 περι-

2379 4819 2603 4888 εκτικὴν
2642 4821 2883 4890 ἐντολὴν,
2914 4823 3014 4891 τὴν
3047 4823 3144 4876 τοῦ
3174 4824 3312 4877 Θεοῦ
3346 4826 3591 4895 μνήμην,
3623 4826 3725 4895 τὴν
3762 4827 3960 4894 λέγου-

2383 4926 2504 4973 σαν,
2543 4909 2827 4981 Μνήσθητι
2866 4913 3071 4981 Κυρίου
3114 4913 3208 4967 τοῦ
3236 4914 3372 4967 Θεοῦ
3399 4931 3494 4967 σου
3528 4915 3851 4979 διαπαντὺςο
3884 4919 3961 4971 δι’

2380 4997 2449 5074 ἧς
2476 5001 2578 5072 γὰρ
2638 5002 2936 5067 ἀπώλοντο,
2995 5003 3083 5057 διά
3136 5005 3341 5073 ταύτης
3371 5007 3468 5059 καὶ
3493 5007 3841 5078 φυλαχθῆναι
3871 5010 3968 5062 δύ-

2388 5109 2574 5146 νσνται
2625 5092 2777 5162 Λήθη
2803 5093 2912 5165 γὰρ
2939 5094 3035 5166 τὴν
3065 5095 3214 5150 θείαν
3242 5096 3303 5161 ἐξ
3333 5098 3509 5168 ἀρχῆς
3542 5099 3769 5169 μνήμην
3799 5100 3966 5153 ἀπώ-

2381 5201 2527 5265 λεσε,
2574 5200 2673 5264 τὰς
2725 5197 2946 5260 ἐντολὰς
2992 5195 3395 5265 ἀμαυρῶσασα,
3451 5195 3544 5246 καὶ
3573 5190 3721 5245 οὕτω
3758 5195 3979 5264 γυμνδν

2383 5296 2448 5346 ἐκ
2478 5292 2678 5354 παντὸς
2712 5289 2999 5360 ἄνθρωπον
3030 5269 3256 5350 ἔδειξεν.

2455 5393 2545 5453 ιη’,
2581 5385 2668 5436 Ἑν
2715 5383 2867 5435 δυσὶν
2924 5381 3162 5442 ἐντολαῖς
3182 5380 3231 5431 οί
3257 5377 3558 5445 ἀγωνισταὶ
3604 5376 3769 5429 πάλιν
3831 5377 3980 5447 πρὸς

2388 5480 2448 5532 τὸ
2483 5478 2709 5546 ἀρχαῖον
2756 5475 2972 5543 ἀξίωμα
3028 5473 3302 5542 ἔρχονται,
3334 5470 3401 5521 δι’
3439 5469 3689 5535 ὑπακοῆς
3725 5471 3825 5522 καὶ
3875 5489 3982 5539 νη-

2391 5568 2592 5628 στείας·
2625 5567 2689 5617 ἐκ
2722 5564 2830 5633 γὰρ
2884 5562 2992 5614 τῶν
3025 5562 3282 5614 ἐναντίων
3306 5560 3512 5612 τούτων
3543 5562 3576 5626 ή
3614 5560 3784 5613 κακία
3824 5563 3983 5614 πᾶσα

2392 5658 2464 5725 τῷ
2505 5659 2648 5724 γένει
2703 5656 2807 5708 τῶν
2858 5653 3062 5724 βροτῶν
3123 5649 3432 5722 ἐπεισῆλθε.
3493 5652 3604 5703 Καὶ
3657 5654 3708 5702 οἱ
3761 5652 3862 5720 μὲν
3913 5653 3968 5705 δι
