  <div class='ocr_page' id='page_1' title='image "/cluster/home/n/w/nwhite01/storage/ocr_20150623/150/nnc1.0022106740/634.png"; bbox 0 0 4224 6464; ppageno 0'>
   <div class='ocr_carea' id='block_1_1' title="bbox 270 390 1938 464">
    <p class='ocr_par' dir='ltr' id='par_1_1' title="bbox 270 390 1938 462">
     <span class='ocr_line' id='line_1_1' title="bbox 270 390 1938 462; baseline 0.005 -9"><span class='ocrx_word' id='word_1_1' title='bbox 270 390 419 453; x_wconf 71' lang='grc'><strong>1245</strong></span> <span class='ocrx_word' id='word_1_2' title='bbox 1312 402 1576 462; x_wconf 76' lang='lat' dir='ltr'><strong>CAPITA</strong></span> <span class='ocrx_word' id='word_1_3' title='bbox 1623 403 1769 461; x_wconf 77' lang='lat' dir='ltr'><strong>PER</strong></span> <span class='ocrx_word' id='word_1_4' title='bbox 1818 402 1938 462; x_wconf 80' lang='lat' dir='ltr'><strong>ACI</strong></span> 
     </span>
    </p>
   </div>
   <div class='ocr_carea' id='block_1_2' title="bbox 1842 390 3510 464">
    <p class='ocr_par' dir='ltr' id='par_1_2' title="bbox 1842 396 3510 464">
     <span class='ocr_line' id='line_1_2' title="bbox 1842 396 3510 464; baseline -0.002 -4"><span class='ocrx_word' id='word_1_5' title='bbox 1842 402 2464 464; x_wconf 73' lang='lat' dir='ltr'><strong>lCROS’l‘lCHIDEM.</strong></span> <span class='ocrx_word' id='word_1_6' title='bbox 3377 396 3510 458; x_wconf 68' lang='grc'><strong>1266</strong></span> 
     </span>
    </p>
   </div>
   <div class='ocr_carea' id='block_1_3' title="bbox 245 519 1913 606">
    <p class='ocr_par' dir='ltr' id='par_1_3' title="bbox 245 528 1899 606">
     <span class='ocr_line' id='line_1_3' title="bbox 245 528 1899 606; baseline 0.007 -30"><span class='ocrx_word' id='word_1_7' title='bbox 245 528 495 597; x_wconf 70' lang='grc' dir='ltr'>ὑπακοῆς</span> <span class='ocrx_word' id='word_1_8' title='bbox 530 530 626 590; x_wconf 81' lang='grc' dir='ltr'>τὰς</span> <span class='ocrx_word' id='word_1_9' title='bbox 677 529 895 596; x_wconf 79' lang='grc' dir='ltr'>ἐντολάς</span> <span class='ocrx_word' id='word_1_10' title='bbox 944 535 1326 600; x_wconf 79' lang='grc' dir='ltr'><strong>φυλάττοντες,</strong></span> <span class='ocrx_word' id='word_1_11' title='bbox 1386 534 1522 603; x_wconf 80' lang='grc' dir='ltr'>πρὸς</span> <span class='ocrx_word' id='word_1_12' title='bbox 1561 535 1652 587; x_wconf 77' lang='grc' dir='ltr'>τὸν</span> <span class='ocrx_word' id='word_1_13' title='bbox 1694 535 1826 587; x_wconf 72' lang='grc' dir='ltr'>Θεὸν</span> <span class='ocrx_word' id='word_1_14' title='bbox 1855 553 1899 606; x_wconf 65' lang='grc' dir='ltr'>Α</span> 
     </span>
    </p>
   </div>
   <div class='ocr_carea' id='block_1_4' title="bbox 1843 519 3511 606">
    <p class='ocr_par' dir='ltr' id='par_1_4' title="bbox 1855 519 3511 606">
     <span class='ocr_line' id='line_1_4' title="bbox 1855 519 3511 606; baseline -0.001 -32"><span class='ocrx_word' id='word_1_15' title='bbox 1855 553 1899 606; x_wconf 60' lang='grc' dir='ltr'>Α</span> <span class='ocrx_word' id='word_1_16' title='bbox 1929 526 2175 576; x_wconf 77' lang='lat' dir='ltr'><strong>mandatu</strong></span> <span class='ocrx_word' id='word_1_17' title='bbox 2209 536 2423 578; x_wconf 66' lang='grc' dir='ltr'><strong>ειη-νίκη</strong></span> <span class='ocrx_word' id='word_1_18' title='bbox 2458 522 2627 577; x_wconf 74' lang='lat' dir='ltr'><strong>citius</strong></span> <span class='ocrx_word' id='word_1_19' title='bbox 2661 522 2727 574; x_wconf 87' lang='lat' dir='ltr'><strong>ad</strong></span> <span class='ocrx_word' id='word_1_20' title='bbox 2778 519 2941 574; x_wconf 86' lang='lat' dir='ltr'><strong>Deum</strong></span> <span class='ocrx_word' id='word_1_21' title='bbox 2994 520 3240 583; x_wconf 88' lang='lat' dir='ltr'><strong>adeunt;</strong></span> <span class='ocrx_word' id='word_1_22' title='bbox 3276 519 3366 586; x_wconf 82' lang='lat' dir='ltr'><strong>qui</strong></span> <span class='ocrx_word' id='word_1_23' title='bbox 3419 536 3511 583; x_wconf 75' lang='lat' dir='ltr'><strong>per</strong></span> 
     </span>
    </p>
   </div>
   <div class='ocr_carea' id='block_1_5' title="bbox 238 606 1906 696">
    <p class='ocr_par' dir='ltr' id='par_1_5' title="bbox 238 621 1823 696">
     <span class='ocr_line' id='line_1_5' title="bbox 238 621 1823 696; baseline 0.006 -25"><span class='ocrx_word' id='word_1_24' title='bbox 238 621 637 691; x_wconf 72' lang='grc' dir='ltr'><strong>ἐπανέρχονται</strong></span> <span class='ocrx_word' id='word_1_25' title='bbox 664 624 1072 694; x_wconf 79' lang='grc' dir='ltr'><strong>συντομώτερον</strong></span> <span class='ocrx_word' id='word_1_26' title='bbox 1096 642 1109 655; x_wconf 92' lang='grc'><strong>·</strong></span> <span class='ocrx_word' id='word_1_27' title='bbox 1144 626 1193 678; x_wconf 86' lang='grc' dir='ltr'><strong>οί</strong></span> <span class='ocrx_word' id='word_1_28' title='bbox 1222 626 1277 679; x_wconf 69' lang='grc' dir='ltr'><strong>δὲ</strong></span> <span class='ocrx_word' id='word_1_29' title='bbox 1310 626 1397 679; x_wconf 82' lang='grc' dir='ltr'><strong>διὰ</strong></span> <span class='ocrx_word' id='word_1_30' title='bbox 1421 627 1674 696; x_wconf 80' lang='grc' dir='ltr'><strong>νηστείας</strong></span> <span class='ocrx_word' id='word_1_31' title='bbox 1729 630 1823 681; x_wconf 73' lang='grc' dir='ltr'><strong>καὶ</strong></span> 
     </span>
    </p>
   </div>
   <div class='ocr_carea' id='block_1_6' title="bbox 1838 606 3506 696">
    <p class='ocr_par' dir='ltr' id='par_1_6' title="bbox 1940 606 3506 671">
     <span class='ocr_line' id='line_1_6' title="bbox 1940 606 3506 671; baseline -0.004 -9"><span class='ocrx_word' id='word_1_32' title='bbox 1940 611 2319 663; x_wconf 89' lang='lat' dir='ltr'><strong>abstinentiam</strong></span> <span class='ocrx_word' id='word_1_33' title='bbox 2345 620 2399 663; x_wconf 85' lang='lat' dir='ltr'><strong>ct</strong></span> <span class='ocrx_word' id='word_1_34' title='bbox 2430 610 2757 671; x_wconf 75' lang='lat' dir='ltr'><strong>oralionem,</strong></span> <span class='ocrx_word' id='word_1_35' title='bbox 2798 608 3024 663; x_wconf 86' lang='lat' dir='ltr'><strong>tardius.</strong></span> <span class='ocrx_word' id='word_1_36' title='bbox 3066 607 3383 661; x_wconf 76' lang='lat' dir='ltr'><strong>Obedientia</strong></span> <span class='ocrx_word' id='word_1_37' title='bbox 3424 606 3506 658; x_wconf 83' lang='lat' dir='ltr'><strong>in-</strong></span> 
     </span>
    </p>
   </div>
   <div class='ocr_carea' id='block_1_7' title="bbox 238 695 1906 789">
    <p class='ocr_par' dir='ltr' id='par_1_7' title="bbox 238 695 1825 789">
     <span class='ocr_line' id='line_1_7' title="bbox 238 695 1825 789; baseline 0.004 -26"><span class='ocrx_word' id='word_1_38' title='bbox 238 714 576 783; x_wconf 83' lang='grc' dir='ltr'>προσευχῆς.</span> <span class='ocrx_word' id='word_1_39' title='bbox 639 715 991 787; x_wconf 82' lang='grc' dir='ltr'>βραδύτερον.</span> <span class='ocrx_word' id='word_1_40' title='bbox 1050 718 1162 770; x_wconf 77' lang='grc' dir='ltr'>Καὶ</span> <span class='ocrx_word' id='word_1_41' title='bbox 1212 718 1373 789; x_wconf 79' lang='grc' dir='ltr'>ἡμὲν</span> <span class='ocrx_word' id='word_1_42' title='bbox 1427 695 1642 788; x_wconf 85' lang='grc' dir='ltr'>ὑπακοὴ</span> <span class='ocrx_word' id='word_1_43' title='bbox 1712 724 1825 783; x_wconf 81' lang='grc' dir='ltr'>τοῖς</span> 
     </span>
    </p>
   </div>
   <div class='ocr_carea' id='block_1_8' title="bbox 1839 695 3507 789">
    <p class='ocr_par' dir='ltr' id='par_1_8' title="bbox 1938 695 3507 768">
     <span class='ocr_line' id='line_1_8' title="bbox 1938 695 3507 768; baseline -0.004 -14"><span class='ocrx_word' id='word_1_44' title='bbox 1938 701 2285 768; x_wconf 88' lang='lat' dir='ltr'><strong>cipientibus,</strong></span> <span class='ocrx_word' id='word_1_45' title='bbox 2329 702 2655 755; x_wconf 73' lang='lat' dir='ltr'><strong>abstinentia</strong></span> <span class='ocrx_word' id='word_1_46' title='bbox 2695 699 2888 753; x_wconf 86' lang='lat' dir='ltr'><strong>mediis</strong></span> <span class='ocrx_word' id='word_1_47' title='bbox 2917 698 3283 766; x_wconf 79' lang='lat' dir='ltr'><strong>gnosticisque</strong></span> <span class='ocrx_word' id='word_1_48' title='bbox 3320 705 3374 749; x_wconf 87' lang='lat' dir='ltr'><strong>et</strong></span> <span class='ocrx_word' id='word_1_49' title='bbox 3401 695 3507 747; x_wconf 80' lang='lat' dir='ltr'><strong>fur-</strong></span> 
     </span>
    </p>
   </div>
   <div class='ocr_carea' id='block_1_9' title="bbox 238 787 1906 880">
    <p class='ocr_par' dir='ltr' id='par_1_9' title="bbox 238 787 1827 880">
     <span class='ocr_line' id='line_1_9' title="bbox 238 787 1827 880; baseline 0.006 -26"><span class='ocrx_word' id='word_1_50' title='bbox 238 805 571 872; x_wconf 82' lang='grc' dir='ltr'>ἀρχομένοις</span> <span class='ocrx_word' id='word_1_51' title='bbox 622 808 901 876; x_wconf 82' lang='grc' dir='ltr'>ἁρμόδιος,</span> <span class='ocrx_word' id='word_1_52' title='bbox 961 811 993 878; x_wconf 81' lang='grc' dir='ltr'>ἠ</span> <span class='ocrx_word' id='word_1_53' title='bbox 1022 810 1077 863; x_wconf 83' lang='grc' dir='ltr'><strong>δὲ</strong></span> <span class='ocrx_word' id='word_1_54' title='bbox 1113 787 1336 878; x_wconf 84' lang='grc' dir='ltr'>νηστεία</span> <span class='ocrx_word' id='word_1_55' title='bbox 1352 813 1462 875; x_wconf 76' lang='grc' dir='ltr'>τοῖς</span> <span class='ocrx_word' id='word_1_56' title='bbox 1490 787 1695 880; x_wconf 81' lang='grc' dir='ltr'>μέσοις,</span> <span class='ocrx_word' id='word_1_57' title='bbox 1733 813 1827 864; x_wconf 75' lang='grc' dir='ltr'><strong>καὶ</strong></span> 
     </span>
    </p>
   </div>
   <div class='ocr_carea' id='block_1_10' title="bbox 1842 787 3510 880">
    <p class='ocr_par' dir='ltr' id='par_1_10' title="bbox 1938 787 3510 860">
     <span class='ocr_line' id='line_1_10' title="bbox 1938 787 3510 860; baseline -0.003 -17"><span class='ocrx_word' id='word_1_58' title='bbox 1938 794 2081 846; x_wconf 90' lang='lat' dir='ltr'><strong>tibus</strong></span> <span class='ocrx_word' id='word_1_59' title='bbox 2124 793 2406 860; x_wconf 78' lang='lat' dir='ltr'><strong>competit.</strong></span> <span class='ocrx_word' id='word_1_60' title='bbox 2434 792 2566 845; x_wconf 83' lang='lat' dir='ltr'><strong>Nam</strong></span> <span class='ocrx_word' id='word_1_61' title='bbox 2595 806 2811 845; x_wconf 84' lang='lat' dir='ltr'><strong>servare</strong></span> <span class='ocrx_word' id='word_1_62' title='bbox 2837 806 2934 859; x_wconf 70' lang='lat' dir='ltr'><strong>per</strong></span> <span class='ocrx_word' id='word_1_63' title='bbox 2960 797 3221 855; x_wconf 63' lang='lat' dir='ltr'><strong>pra&#39;cepta</strong></span> <span class='ocrx_word' id='word_1_64' title='bbox 3250 787 3510 841; x_wconf 71' lang='lat' dir='ltr'><strong>obedien-</strong></span> 
     </span>
    </p>
   </div>
   <div class='ocr_carea' id='block_1_11' title="bbox 238 878 1906 974">
    <p class='ocr_par' dir='ltr' id='par_1_11' title="bbox 238 878 1827 974">
     <span class='ocr_line' id='line_1_11' title="bbox 238 878 1827 974; baseline 0.007 -28"><span class='ocrx_word' id='word_1_65' title='bbox 238 898 593 960; x_wconf 78' lang='grc' dir='ltr'>γνωστικοῖς,</span> <span class='ocrx_word' id='word_1_66' title='bbox 647 899 742 950; x_wconf 77' lang='grc' dir='ltr'>καὶ</span> <span class='ocrx_word' id='word_1_67' title='bbox 777 900 1070 967; x_wconf 82' lang='grc' dir='ltr'>ἀνδρείοις.</span> <span class='ocrx_word' id='word_1_68' title='bbox 1104 902 1178 953; x_wconf 85' lang='grc' dir='ltr'><strong>Τὸ</strong></span> <span class='ocrx_word' id='word_1_69' title='bbox 1208 902 1317 972; x_wconf 86' lang='grc' dir='ltr'>γὰρ</span> <span class='ocrx_word' id='word_1_70' title='bbox 1346 878 1584 973; x_wconf 78' lang='grc' dir='ltr'>τηρῆσαι</span> <span class='ocrx_word' id='word_1_71' title='bbox 1612 904 1710 974; x_wconf 84' lang='grc' dir='ltr'><strong>τὴν</strong></span> <span class='ocrx_word' id='word_1_72' title='bbox 1738 904 1827 957; x_wconf 78' lang='grc' dir='ltr'>διὰ</span> 
     </span>
    </p>
   </div>
   <div class='ocr_carea' id='block_1_12' title="bbox 1838 878 3506 974">
    <p class='ocr_par' dir='ltr' id='par_1_12' title="bbox 1938 878 3506 951">
     <span class='ocr_line' id='line_1_12' title="bbox 1938 878 3506 951; baseline -0.004 -15"><span class='ocrx_word' id='word_1_73' title='bbox 1938 884 2064 936; x_wconf 83' lang='lat' dir='ltr'><strong>tiam</strong></span> <span class='ocrx_word' id='word_1_74' title='bbox 2088 883 2193 936; x_wconf 89' lang='lat' dir='ltr'><strong>Deo</strong></span> <span class='ocrx_word' id='word_1_75' title='bbox 2212 898 2417 948; x_wconf 85' lang='lat' dir='ltr'><strong>veram,</strong></span> <span class='ocrx_word' id='word_1_76' title='bbox 2446 899 2609 951; x_wconf 85' lang='lat' dir='ltr'><strong>penes</strong></span> <span class='ocrx_word' id='word_1_77' title='bbox 2630 881 2989 950; x_wconf 88' lang='lat' dir='ltr'><strong>paucissimos</strong></span> <span class='ocrx_word' id='word_1_78' title='bbox 3012 888 3113 941; x_wconf 77' lang='lat' dir='ltr'><strong>est,</strong></span> <span class='ocrx_word' id='word_1_79' title='bbox 3131 890 3186 932; x_wconf 89' lang='lat' dir='ltr'><strong>et</strong></span> <span class='ocrx_word' id='word_1_80' title='bbox 3207 879 3339 947; x_wconf 88' lang='lat' dir='ltr'><strong>ipsis</strong></span> <span class='ocrx_word' id='word_1_81' title='bbox 3358 878 3506 930; x_wconf 75' lang='lat' dir='ltr'><strong>forti-</strong></span> 
     </span>
    </p>
   </div>
   <div class='ocr_carea' id='block_1_13' title="bbox 235 974 2457 1061">
    <p class='ocr_par' dir='ltr' id='par_1_13' title="bbox 235 974 2457 1061">
     <span class='ocr_line' id='line_1_13' title="bbox 235 974 2457 1061; baseline 0.004 -27"><span class='ocrx_word' id='word_1_82' title='bbox 235 982 352 1036; x_wconf 82' lang='grc' dir='ltr'><strong>τῶν</strong></span> <span class='ocrx_word' id='word_1_83' title='bbox 383 985 618 1037; x_wconf 76' lang='grc' dir='ltr'>ἐντολῶν</span> <span class='ocrx_word' id='word_1_84' title='bbox 666 987 913 1057; x_wconf 84' lang='grc' dir='ltr'>ὑπακοὴν</span> <span class='ocrx_word' id='word_1_85' title='bbox 947 988 1024 1059; x_wconf 83' lang='grc' dir='ltr'>τῷ</span> <span class='ocrx_word' id='word_1_86' title='bbox 1050 990 1170 1061; x_wconf 85' lang='grc' dir='ltr'><strong>Θεῷ</strong></span> <span class='ocrx_word' id='word_1_87' title='bbox 1194 992 1505 1056; x_wconf 80' lang='grc' dir='ltr'>ἀνόθευτον,</span> <span class='ocrx_word' id='word_1_88' title='bbox 1531 993 1653 1045; x_wconf 89' lang='grc' dir='ltr'>λίαν</span> <span class='ocrx_word' id='word_1_89' title='bbox 1678 994 1827 1046; x_wconf 76' lang='grc' dir='ltr'>ἐστὶν</span> <span class='ocrx_word' id='word_1_90' title='bbox 1938 975 2039 1029; x_wconf 69' lang='lat' dir='ltr'><strong>bus</strong></span> <span class='ocrx_word' id='word_1_91' title='bbox 2059 974 2457 1028; x_wconf 69' lang='grc' dir='ltr'><strong>άίίῙῘυίΗίηῖυιηο</strong></span> 
     </span>
    </p>
   </div>
   <div class='ocr_carea' id='block_1_14' title="bbox 236 1075 1581 1153">
    <p class='ocr_par' dir='ltr' id='par_1_14' title="bbox 236 1075 1581 1153">
     <span class='ocr_line' id='line_1_14' title="bbox 236 1075 1581 1153; baseline 0.007 -25"><span class='ocrx_word' id='word_1_92' title='bbox 236 1075 469 1143; x_wconf 75' lang='grc' dir='ltr'><strong>ὀλίγοις,</strong></span> <span class='ocrx_word' id='word_1_93' title='bbox 497 1080 592 1129; x_wconf 80' lang='grc' dir='ltr'>καὶ</span> <span class='ocrx_word' id='word_1_94' title='bbox 621 1079 807 1141; x_wconf 78' lang='grc' dir='ltr'>αὐτοῖς</span> <span class='ocrx_word' id='word_1_95' title='bbox 828 1083 937 1143; x_wconf 88' lang='grc' dir='ltr'>τοῖς</span> <span class='ocrx_word' id='word_1_96' title='bbox 964 1082 1229 1151; x_wconf 78' lang='grc' dir='ltr'>ἀνδρείοις</span> <span class='ocrx_word' id='word_1_97' title='bbox 1257 1084 1581 1153; x_wconf 84' lang='grc' dir='ltr'>ἐπίμοχθον.</span> 
     </span>
    </p>
   </div>
   <div class='ocr_carea' id='block_1_15' title="bbox 318 1164 1986 1246">
    <p class='ocr_par' dir='ltr' id='par_1_15' title="bbox 318 1164 1831 1245">
     <span class='ocr_line' id='line_1_15' title="bbox 318 1164 1831 1245; baseline 0.009 -27"><span class='ocrx_word' id='word_1_98' title='bbox 318 1164 408 1221; x_wconf 88' lang='grc' dir='ltr'>ιθ’.</span> <span class='ocrx_word' id='word_1_99' title='bbox 440 1168 625 1237; x_wconf 82' lang='grc' dir='ltr'>Νόμος</span> <span class='ocrx_word' id='word_1_100' title='bbox 655 1170 750 1225; x_wconf 88' lang='grc' dir='ltr'><strong>τοῦ</strong></span> <span class='ocrx_word' id='word_1_101' title='bbox 771 1171 1087 1241; x_wconf 74' lang='grc' dir='ltr'>Πνεῦματος</span> <span class='ocrx_word' id='word_1_102' title='bbox 1116 1176 1212 1242; x_wconf 80' lang='grc' dir='ltr'><strong>τῆς</strong></span> <span class='ocrx_word' id='word_1_103' title='bbox 1239 1174 1382 1245; x_wconf 61' lang='lat' dir='ltr'><strong>(inﬁt,</strong></span> <span class='ocrx_word' id='word_1_104' title='bbox 1408 1178 1546 1239; x_wconf 88' lang='grc' dir='ltr'>ἐστι,</span> <span class='ocrx_word' id='word_1_105' title='bbox 1577 1178 1715 1231; x_wconf 85' lang='grc' dir='ltr'><strong>κατά</strong></span> <span class='ocrx_word' id='word_1_106' title='bbox 1738 1178 1831 1231; x_wconf 74' lang='grc' dir='ltr'><strong>τὸν</strong></span> 
     </span>
    </p>
   </div>
   <div class='ocr_carea' id='block_1_16' title="bbox 1841 1164 3509 1246">
    <p class='ocr_par' dir='ltr' id='par_1_16' title="bbox 2009 1171 3509 1246">
     <span class='ocr_line' id='line_1_16' title="bbox 2009 1171 3509 1246; baseline -0.004 -16"><span class='ocrx_word' id='word_1_107' title='bbox 2009 1178 2096 1231; x_wconf 89' lang='lat' dir='ltr'><strong>l9.</strong></span> <span class='ocrx_word' id='word_1_108' title='bbox 2128 1178 2377 1232; x_wconf 81' lang='lat' dir='ltr'><strong>Custodit</strong></span> <span class='ocrx_word' id='word_1_109' title='bbox 2424 1178 2595 1246; x_wconf 71' lang='lat' dir='ltr'><strong>legem</strong></span> <span class='ocrx_word' id='word_1_110' title='bbox 2645 1176 2884 1245; x_wconf 87' lang='lat' dir='ltr'><strong>Spiritus</strong></span> <span class='ocrx_word' id='word_1_111' title='bbox 2923 1174 3066 1237; x_wconf 71' lang='lat' dir='ltr'><strong>vitae,</strong></span> <span class='ocrx_word' id='word_1_112' title='bbox 3128 1173 3194 1227; x_wconf 88' lang='lat' dir='ltr'><strong>de</strong></span> <span class='ocrx_word' id='word_1_113' title='bbox 3228 1188 3331 1239; x_wconf 84' lang='lat' dir='ltr'><strong>qua</strong></span> <span class='ocrx_word' id='word_1_114' title='bbox 3364 1171 3509 1240; x_wconf 86' lang='lat' dir='ltr'><strong>Apo-</strong></span> 
     </span>
    </p>
   </div>
   <div class='ocr_carea' id='block_1_17' title="bbox 248 1260 1916 1340">
    <p class='ocr_par' dir='ltr' id='par_1_17' title="bbox 248 1260 1829 1340">
     <span class='ocr_line' id='line_1_17' title="bbox 248 1260 1829 1340; baseline 0.007 -28"><span class='ocrx_word' id='word_1_115' title='bbox 248 1260 602 1323; x_wconf 74' lang='grc' dir='ltr'>’Δπόσ-τολον,</span> <span class='ocrx_word' id='word_1_116' title='bbox 630 1265 658 1313; x_wconf 83' lang='grc' dir='ltr'><strong>ό</strong></span> <span class='ocrx_word' id='word_1_117' title='bbox 681 1266 738 1314; x_wconf 76' lang='grc' dir='ltr'><strong>ὲν</strong></span> <span class='ocrx_word' id='word_1_118' title='bbox 764 1265 961 1336; x_wconf 76' lang='grc' dir='ltr'>καρδῖᾳ</span> <span class='ocrx_word' id='word_1_119' title='bbox 990 1267 1231 1336; x_wconf 82' lang='grc' dir='ltr'>ἐνεργῶν</span> <span class='ocrx_word' id='word_1_120' title='bbox 1270 1269 1366 1319; x_wconf 71' lang='grc' dir='ltr'><strong>κα)⁸</strong></span> <span class='ocrx_word' id='word_1_121' title='bbox 1410 1268 1589 1322; x_wconf 87' lang='grc' dir='ltr'>λαλῶν</span> <span class='ocrx_word' id='word_1_122' title='bbox 1607 1286 1618 1297; x_wconf 80' lang='grc'><strong>’</strong></span> <span class='ocrx_word' id='word_1_123' title='bbox 1642 1269 1829 1340; x_wconf 84' lang='grc' dir='ltr'>ῶσπερ</span> 
     </span>
    </p>
   </div>
   <div class='ocr_carea' id='block_1_18' title="bbox 1836 1260 3504 1340">
    <p class='ocr_par' dir='ltr' id='par_1_18' title="bbox 1934 1266 3504 1340">
     <span class='ocr_line' id='line_1_18' title="bbox 1934 1266 3504 1340; baseline -0.005 -15"><span class='ocrx_word' id='word_1_124' title='bbox 1934 1272 2125 1337; x_wconf 74' lang='lat' dir='ltr'><strong>Stobis,</strong></span> <span class='ocrx_word' id='word_1_125' title='bbox 2160 1273 2247 1325; x_wconf 89' lang='lat' dir='ltr'><strong>ille</strong></span> <span class='ocrx_word' id='word_1_126' title='bbox 2290 1273 2382 1340; x_wconf 91' lang='lat' dir='ltr'><strong>qui</strong></span> <span class='ocrx_word' id='word_1_127' title='bbox 2414 1273 2577 1324; x_wconf 88' lang='lat' dir='ltr'><strong>corde</strong></span> <span class='ocrx_word' id='word_1_128' title='bbox 2613 1271 2724 1339; x_wconf 76' lang='lat' dir='ltr'><strong>agit</strong></span> <span class='ocrx_word' id='word_1_129' title='bbox 2758 1278 2813 1323; x_wconf 90' lang='lat' dir='ltr'><strong>et</strong></span> <span class='ocrx_word' id='word_1_130' title='bbox 2854 1269 3127 1337; x_wconf 84' lang='lat' dir='ltr'><strong>loquitur;</strong></span> <span class='ocrx_word' id='word_1_131' title='bbox 3161 1267 3296 1321; x_wconf 87' lang='lat' dir='ltr'><strong>sicut</strong></span> <span class='ocrx_word' id='word_1_132' title='bbox 3334 1266 3504 1333; x_wconf 81' lang='lat' dir='ltr'><strong>legem</strong></span> 
     </span>
    </p>
   </div>
   <div class='ocr_carea' id='block_1_19' title="bbox 232 1352 1900 1429">
    <p class='ocr_par' dir='ltr' id='par_1_19' title="bbox 232 1352 1831 1429">
     <span class='ocr_line' id='line_1_19' title="bbox 232 1352 1831 1429; baseline 0.006 -25"><span class='ocrx_word' id='word_1_133' title='bbox 232 1352 336 1405; x_wconf 82' lang='grc' dir='ltr'>καὶ</span> <span class='ocrx_word' id='word_1_134' title='bbox 357 1354 452 1405; x_wconf 91' lang='grc' dir='ltr'><strong>τοῦ</strong></span> <span class='ocrx_word' id='word_1_135' title='bbox 480 1354 833 1425; x_wconf 81' lang='grc' dir='ltr'>γράμματος,</span> <span class='ocrx_word' id='word_1_136' title='bbox 857 1357 885 1408; x_wconf 85' lang='grc' dir='ltr'><strong>ὁ</strong></span> <span class='ocrx_word' id='word_1_137' title='bbox 908 1358 966 1409; x_wconf 88' lang='grc' dir='ltr'><strong>ἐν</strong></span> <span class='ocrx_word' id='word_1_138' title='bbox 1006 1358 1171 1426; x_wconf 77' lang='grc' dir='ltr'>σαρκὶ</span> <span class='ocrx_word' id='word_1_139' title='bbox 1220 1358 1615 1429; x_wconf 82' lang='grc' dir='ltr'>ἐνεργούμενος</span> <span class='ocrx_word' id='word_1_140' title='bbox 1640 1376 1652 1389; x_wconf 91' lang='grc'><strong>·</strong></span> <span class='ocrx_word' id='word_1_141' title='bbox 1687 1363 1831 1414; x_wconf 77' lang='grc' dir='ltr'><strong>ἐκεῖο</strong></span> 
     </span>
    </p>
   </div>
   <div class='ocr_carea' id='block_1_20' title="bbox 1832 1352 3500 1429">
    <p class='ocr_par' dir='ltr' id='par_1_20' title="bbox 1935 1358 3500 1429">
     <span class='ocr_line' id='line_1_20' title="bbox 1935 1358 3500 1429; baseline -0.003 -16"><span class='ocrx_word' id='word_1_142' title='bbox 1935 1361 2149 1427; x_wconf 70' lang='lat' dir='ltr'><strong>litteraa,</strong></span> <span class='ocrx_word' id='word_1_143' title='bbox 2182 1363 2272 1429; x_wconf 92' lang='lat' dir='ltr'><strong>qui</strong></span> <span class='ocrx_word' id='word_1_144' title='bbox 2302 1376 2465 1414; x_wconf 90' lang='lat' dir='ltr'><strong>carne</strong></span> <span class='ocrx_word' id='word_1_145' title='bbox 2512 1371 2791 1428; x_wconf 86' lang='lat' dir='ltr'><strong>operatur.</strong></span> <span class='ocrx_word' id='word_1_146' title='bbox 2829 1360 2922 1412; x_wconf 88' lang='lat' dir='ltr'><strong>Ille</strong></span> <span class='ocrx_word' id='word_1_147' title='bbox 2978 1370 3213 1412; x_wconf 91' lang='lat' dir='ltr'><strong>mentem</strong></span> <span class='ocrx_word' id='word_1_148' title='bbox 3250 1358 3440 1411; x_wconf 80' lang='lat' dir='ltr'><strong>liberat</strong></span> <span class='ocrx_word' id='word_1_149' title='bbox 3471 1373 3500 1409; x_wconf 87' lang='lat' dir='ltr'><strong>a</strong></span> 
     </span>
    </p>
   </div>
   <div class='ocr_carea' id='block_1_21' title="bbox 232 1446 1900 1527">
    <p class='ocr_par' dir='ltr' id='par_1_21' title="bbox 232 1446 1830 1523">
     <span class='ocr_line' id='line_1_21' title="bbox 232 1446 1830 1523; baseline 0.004 -25"><span class='ocrx_word' id='word_1_150' title='bbox 232 1462 329 1507; x_wconf 85' lang='grc' dir='ltr'><strong>νος</strong></span> <span class='ocrx_word' id='word_1_151' title='bbox 355 1446 454 1515; x_wconf 80' lang='grc' dir='ltr'>μὲν</span> <span class='ocrx_word' id='word_1_152' title='bbox 487 1446 599 1517; x_wconf 76' lang='grc' dir='ltr'>γὰρ</span> <span class='ocrx_word' id='word_1_153' title='bbox 660 1447 940 1518; x_wconf 82' lang='grc' dir='ltr'>ἐλευθεροῖ</span> <span class='ocrx_word' id='word_1_154' title='bbox 971 1449 1064 1501; x_wconf 76' lang='grc' dir='ltr'>τὸν</span> <span class='ocrx_word' id='word_1_155' title='bbox 1107 1450 1232 1503; x_wconf 83' lang='grc' dir='ltr'>νοῦν</span> <span class='ocrx_word' id='word_1_156' title='bbox 1260 1453 1323 1503; x_wconf 91' lang='grc' dir='ltr'><strong>ἐκ</strong></span> <span class='ocrx_word' id='word_1_157' title='bbox 1349 1450 1443 1503; x_wconf 89' lang='grc' dir='ltr'><strong>τοῦ</strong></span> <span class='ocrx_word' id='word_1_158' title='bbox 1512 1453 1679 1522; x_wconf 89' lang='grc' dir='ltr'>νόμου</span> <span class='ocrx_word' id='word_1_159' title='bbox 1726 1454 1830 1523; x_wconf 89' lang='grc' dir='ltr'><strong>τῆς</strong></span> 
     </span>
    </p>
   </div>
   <div class='ocr_carea' id='block_1_22' title="bbox 1838 1446 3506 1527">
    <p class='ocr_par' dir='ltr' id='par_1_22' title="bbox 1933 1449 3506 1527">
     <span class='ocr_line' id='line_1_22' title="bbox 1933 1449 3506 1527; baseline -0.005 -21"><span class='ocrx_word' id='word_1_160' title='bbox 1933 1453 2047 1520; x_wconf 86' lang='lat' dir='ltr'><strong>lege</strong></span> <span class='ocrx_word' id='word_1_161' title='bbox 2074 1453 2274 1521; x_wconf 82' lang='lat' dir='ltr'><strong>peccati</strong></span> <span class='ocrx_word' id='word_1_162' title='bbox 2311 1462 2364 1505; x_wconf 91' lang='lat' dir='ltr'><strong>et</strong></span> <span class='ocrx_word' id='word_1_163' title='bbox 2399 1455 2630 1527; x_wconf 61' lang='lat' dir='ltr'><strong>mortis;</strong></span> <span class='ocrx_word' id='word_1_164' title='bbox 2673 1452 2781 1513; x_wconf 89' lang='lat' dir='ltr'><strong>hic,</strong></span> <span class='ocrx_word' id='word_1_165' title='bbox 2824 1450 3131 1504; x_wconf 68' lang='lat' dir='ltr'><strong>Pltarisa&#39;os</strong></span> <span class='ocrx_word' id='word_1_166' title='bbox 3156 1450 3361 1502; x_wconf 88' lang='lat' dir='ltr'><strong>inscius</strong></span> <span class='ocrx_word' id='word_1_167' title='bbox 3389 1449 3506 1499; x_wconf 90' lang='lat' dir='ltr'><strong>imi-</strong></span> 
     </span>
    </p>
   </div>
   <div class='ocr_carea' id='block_1_23' title="bbox 229 1536 1897 1615">
    <p class='ocr_par' dir='ltr' id='par_1_23' title="bbox 229 1536 1829 1615">
     <span class='ocr_line' id='line_1_23' title="bbox 229 1536 1829 1615; baseline 0.004 -24"><span class='ocrx_word' id='word_1_168' title='bbox 229 1539 517 1606; x_wconf 78' lang='grc' dir='ltr'>ἁμαρτίας</span> <span class='ocrx_word' id='word_1_169' title='bbox 573 1540 667 1592; x_wconf 76' lang='grc' dir='ltr'>καὶ</span> <span class='ocrx_word' id='word_1_170' title='bbox 723 1540 819 1593; x_wconf 89' lang='grc' dir='ltr'><strong>τοῦ</strong></span> <span class='ocrx_word' id='word_1_171' title='bbox 879 1541 1149 1594; x_wconf 76' lang='grc' dir='ltr'>θανάτουο</span> <span class='ocrx_word' id='word_1_172' title='bbox 1210 1536 1364 1605; x_wconf 72' lang='grc' dir='ltr'>οὗτος</span> <span class='ocrx_word' id='word_1_173' title='bbox 1423 1544 1481 1597; x_wconf 79' lang='grc' dir='ltr'><strong>δὲ</strong></span> <span class='ocrx_word' id='word_1_174' title='bbox 1528 1545 1829 1615; x_wconf 73' lang='grc' dir='ltr'>λεληθότως</span> 
     </span>
    </p>
   </div>
   <div class='ocr_carea' id='block_1_24' title="bbox 1838 1536 3506 1615">
    <p class='ocr_par' dir='ltr' id='par_1_24' title="bbox 1936 1540 3506 1613">
     <span class='ocr_line' id='line_1_24' title="bbox 1936 1540 3506 1613; baseline -0.001 -18"><span class='ocrx_word' id='word_1_175' title='bbox 1936 1555 2073 1609; x_wconf 86' lang='lat' dir='ltr'><strong>taus,</strong></span> <span class='ocrx_word' id='word_1_176' title='bbox 2127 1544 2423 1596; x_wconf 77' lang='lat' dir='ltr'><strong>carnaliter</strong></span> <span class='ocrx_word' id='word_1_177' title='bbox 2458 1543 2629 1613; x_wconf 89' lang='lat' dir='ltr'><strong>legem</strong></span> <span class='ocrx_word' id='word_1_178' title='bbox 2675 1543 2803 1597; x_wconf 78' lang='lat' dir='ltr'><strong>facit</strong></span> <span class='ocrx_word' id='word_1_179' title='bbox 2846 1554 2900 1596; x_wconf 86' lang='lat' dir='ltr'><strong>et</strong></span> <span class='ocrx_word' id='word_1_180' title='bbox 2944 1543 3218 1612; x_wconf 73' lang='lat' dir='ltr'><strong>intelligit,</strong></span> <span class='ocrx_word' id='word_1_181' title='bbox 3249 1552 3306 1595; x_wconf 90' lang='lat' dir='ltr'><strong>et</strong></span> <span class='ocrx_word' id='word_1_182' title='bbox 3339 1551 3397 1595; x_wconf 90' lang='lat' dir='ltr'><strong>ut</strong></span> <span class='ocrx_word' id='word_1_183' title='bbox 3426 1540 3506 1594; x_wconf 82' lang='lat' dir='ltr'><strong>vi-</strong></span> 
     </span>
    </p>
   </div>
   <div class='ocr_carea' id='block_1_25' title="bbox 231 1631 1899 1703">
    <p class='ocr_par' dir='ltr' id='par_1_25' title="bbox 231 1631 1829 1703">
     <span class='ocr_line' id='line_1_25' title="bbox 231 1631 1829 1703; baseline 0.005 -22"><span class='ocrx_word' id='word_1_184' title='bbox 231 1631 537 1698; x_wconf 81' lang='grc' dir='ltr'>Φαρισαῐον</span> <span class='ocrx_word' id='word_1_185' title='bbox 593 1632 907 1703; x_wconf 77' lang='grc' dir='ltr'>ἐργάζεται,</span> <span class='ocrx_word' id='word_1_186' title='bbox 957 1634 1295 1700; x_wconf 81' lang='grc' dir='ltr'>σωματικῶς</span> <span class='ocrx_word' id='word_1_187' title='bbox 1346 1634 1438 1687; x_wconf 84' lang='grc' dir='ltr'><strong>τὸν</strong></span> <span class='ocrx_word' id='word_1_188' title='bbox 1462 1635 1626 1703; x_wconf 78' lang='grc' dir='ltr'>νόμον</span> <span class='ocrx_word' id='word_1_189' title='bbox 1658 1638 1829 1690; x_wconf 88' lang='grc' dir='ltr'>ποιῶν</span> 
     </span>
    </p>
   </div>
   <div class='ocr_carea' id='block_1_26' title="bbox 1036 1631 2704 1703">
    <p class='ocr_par' dir='ltr' id='par_1_26' title="bbox 1039 1634 2704 1703">
     <span class='ocr_line' id='line_1_26' title="bbox 1039 1634 2704 1703; baseline 0.001 -18"><span class='ocrx_word' id='word_1_190' title='bbox 1039 1634 1295 1700; x_wconf 84' lang='grc' dir='ltr'>ματικῶς</span> <span class='ocrx_word' id='word_1_191' title='bbox 1346 1634 1438 1687; x_wconf 83' lang='grc' dir='ltr'><strong>τὸν</strong></span> <span class='ocrx_word' id='word_1_192' title='bbox 1462 1635 1626 1703; x_wconf 81' lang='grc' dir='ltr'>νόμον</span> <span class='ocrx_word' id='word_1_193' title='bbox 1658 1638 1829 1690; x_wconf 88' lang='grc' dir='ltr'>ποιῶν</span> <span class='ocrx_word' id='word_1_194' title='bbox 1930 1634 2122 1687; x_wconf 82' lang='lat' dir='ltr'><strong>deatur</strong></span> <span class='ocrx_word' id='word_1_195' title='bbox 2162 1635 2411 1687; x_wconf 80' lang='lat' dir='ltr'><strong>mandata</strong></span> <span class='ocrx_word' id='word_1_196' title='bbox 2451 1636 2704 1687; x_wconf 74' lang='lat' dir='ltr'><strong>obserVat</strong></span> 
     </span>
    </p>
   </div>
   <div class='ocr_carea' id='block_1_27' title="bbox 233 1718 1827 1795">
    <p class='ocr_par' dir='ltr' id='par_1_27' title="bbox 233 1718 1827 1795">
     <span class='ocr_line' id='line_1_27' title="bbox 233 1718 1827 1795; baseline 0.006 -26"><span class='ocrx_word' id='word_1_197' title='bbox 233 1719 336 1769; x_wconf 74' lang='grc' dir='ltr'><strong>καὶ</strong></span> <span class='ocrx_word' id='word_1_198' title='bbox 366 1718 526 1780; x_wconf 91' lang='grc' dir='ltr'>νοῶν,</span> <span class='ocrx_word' id='word_1_199' title='bbox 553 1720 648 1772; x_wconf 82' lang='grc' dir='ltr'>καὶ</span> <span class='ocrx_word' id='word_1_200' title='bbox 703 1721 838 1790; x_wconf 69' lang='grc' dir='ltr'>πρὸς</span> <span class='ocrx_word' id='word_1_201' title='bbox 859 1721 921 1773; x_wconf 88' lang='grc' dir='ltr'><strong>τὸ</strong></span> <span class='ocrx_word' id='word_1_202' title='bbox 957 1720 1217 1790; x_wconf 79' lang='grc' dir='ltr'>θεαθῆναι</span> <span class='ocrx_word' id='word_1_203' title='bbox 1248 1721 1347 1785; x_wconf 89' lang='grc' dir='ltr'><strong>τάς</strong></span> <span class='ocrx_word' id='word_1_204' title='bbox 1397 1724 1619 1788; x_wconf 82' lang='grc' dir='ltr'>ἐντολάς</span> <span class='ocrx_word' id='word_1_205' title='bbox 1660 1727 1827 1795; x_wconf 84' lang='grc' dir='ltr'>ἐργα-</span> 
     </span>
    </p>
   </div>
   <div class='ocr_carea' id='block_1_28' title="bbox 232 1809 494 1878">
    <p class='ocr_par' dir='ltr' id='par_1_28' title="bbox 232 1809 494 1878">
     <span class='ocr_line' id='line_1_28' title="bbox 232 1809 494 1878; baseline 0.011 -18"><span class='ocrx_word' id='word_1_206' title='bbox 232 1809 494 1878; x_wconf 76' lang='grc' dir='ltr'>ζὸμενος.</span> 
     </span>
    </p>
   </div>
   <div class='ocr_carea' id='block_1_29' title="bbox 309 1901 1977 1983">
    <p class='ocr_par' dir='ltr' id='par_1_29' title="bbox 309 1901 1903 1979">
     <span class='ocr_line' id='line_1_29' title="bbox 309 1901 1903 1979; baseline 0.006 -27"><span class='ocrx_word' id='word_1_207' title='bbox 309 1906 379 1953; x_wconf 82' lang='grc' dir='ltr'>κ’.</span> <span class='ocrx_word' id='word_1_208' title='bbox 396 1902 509 1970; x_wconf 81' lang='grc' dir='ltr'><strong>Τὴν</strong></span> <span class='ocrx_word' id='word_1_209' title='bbox 527 1901 717 1954; x_wconf 90' lang='grc' dir='ltr'>πασῶν</span> <span class='ocrx_word' id='word_1_210' title='bbox 734 1903 843 1956; x_wconf 89' lang='grc' dir='ltr'><strong>τῶν</strong></span> <span class='ocrx_word' id='word_1_211' title='bbox 864 1904 1093 1958; x_wconf 80' lang='grc' dir='ltr'>ἐντολῶν</span> <span class='ocrx_word' id='word_1_212' title='bbox 1119 1907 1371 1961; x_wconf 84' lang='grc' dir='ltr'>σύνθεσιν</span> <span class='ocrx_word' id='word_1_213' title='bbox 1390 1910 1826 1979; x_wconf 80' lang='grc' dir='ltr'>συναρμολογου-</span> <span class='ocrx_word' id='word_1_214' title='bbox 1862 1910 1903 1962; x_wconf 84' lang='grc' dir='ltr'><strong>Β</strong></span> 
     </span>
    </p>
   </div>
   <div class='ocr_carea' id='block_1_30' title="bbox 1833 1901 3501 1983">
    <p class='ocr_par' dir='ltr' id='par_1_30' title="bbox 1862 1910 3501 1983">
     <span class='ocr_line' id='line_1_30' title="bbox 1862 1910 3501 1983; baseline -0.002 -16"><span class='ocrx_word' id='word_1_215' title='bbox 1862 1910 1903 1962; x_wconf 84' lang='grc' dir='ltr'><strong><em>Β</em></strong></span> <span class='ocrx_word' id='word_1_216' title='bbox 2001 1916 2089 1969; x_wconf 70' lang='grc'><strong>20.</strong></span> <span class='ocrx_word' id='word_1_217' title='bbox 2126 1915 2388 1983; x_wconf 86' lang='lat' dir='ltr'><strong>Equidem</strong></span> <span class='ocrx_word' id='word_1_218' title='bbox 2438 1914 2678 1967; x_wconf 89' lang='lat' dir='ltr'><strong>omnium</strong></span> <span class='ocrx_word' id='word_1_219' title='bbox 2727 1914 3103 1966; x_wconf 81' lang='lat' dir='ltr'><strong>mandatorum</strong></span> <span class='ocrx_word' id='word_1_220' title='bbox 3152 1924 3419 1979; x_wconf 78' lang='lat' dir='ltr'><strong>compago</strong></span> <span class='ocrx_word' id='word_1_221' title='bbox 3450 1911 3501 1963; x_wconf 91' lang='lat' dir='ltr'><strong>in</strong></span> 
     </span>
    </p>
   </div>
   <div class='ocr_carea' id='block_1_31' title="bbox 236 1991 1904 2077">
    <p class='ocr_par' dir='ltr' id='par_1_31' title="bbox 236 1991 1827 2070">
     <span class='ocr_line' id='line_1_31' title="bbox 236 1991 1827 2070; baseline 0.009 -30"><span class='ocrx_word' id='word_1_222' title='bbox 236 1991 431 2059; x_wconf 81' lang='grc' dir='ltr'>μένην.</span> <span class='ocrx_word' id='word_1_223' title='bbox 469 1993 563 2043; x_wconf 82' lang='grc' dir='ltr'><strong>καὶ</strong></span> <span class='ocrx_word' id='word_1_224' title='bbox 604 1993 1086 2063; x_wconf 78' lang='grc' dir='ltr'>συμϐιϐαζομένην</span> <span class='ocrx_word' id='word_1_225' title='bbox 1110 1998 1167 2049; x_wconf 85' lang='grc' dir='ltr'><strong>ἐν</strong></span> <span class='ocrx_word' id='word_1_226' title='bbox 1207 1998 1501 2068; x_wconf 82' lang='grc' dir='ltr'>πνεύματι,</span> <span class='ocrx_word' id='word_1_227' title='bbox 1538 2000 1827 2070; x_wconf 78' lang='grc' dir='ltr'>ἄνθρωπον</span> 
     </span>
    </p>
   </div>
   <div class='ocr_carea' id='block_1_32' title="bbox 1834 1991 3502 2077">
    <p class='ocr_par' dir='ltr' id='par_1_32' title="bbox 1933 2006 3502 2077">
     <span class='ocr_line' id='line_1_32' title="bbox 1933 2006 3502 2077; baseline -0.002 -18"><span class='ocrx_word' id='word_1_228' title='bbox 1933 2008 2126 2077; x_wconf 80' lang='lat' dir='ltr'><strong>Spiritu</strong></span> <span class='ocrx_word' id='word_1_229' title='bbox 2188 2008 2508 2061; x_wconf 85' lang='lat' dir='ltr'><strong>concinnata</strong></span> <span class='ocrx_word' id='word_1_230' title='bbox 2542 2015 2596 2059; x_wconf 92' lang='lat' dir='ltr'><strong>et</strong></span> <span class='ocrx_word' id='word_1_231' title='bbox 2656 2016 2932 2074; x_wconf 89' lang='lat' dir='ltr'><strong>coaptata,</strong></span> <span class='ocrx_word' id='word_1_232' title='bbox 2993 2014 3338 2072; x_wconf 81' lang='lat' dir='ltr'><strong>comparatur</strong></span> <span class='ocrx_word' id='word_1_233' title='bbox 3386 2006 3502 2056; x_wconf 89' lang='lat' dir='ltr'><strong>viro</strong></span> 
     </span>
    </p>
   </div>
   <div class='ocr_carea' id='block_1_33' title="bbox 231 2077 1899 2170">
    <p class='ocr_par' dir='ltr' id='par_1_33' title="bbox 231 2077 1828 2160">
     <span class='ocr_line' id='line_1_33' title="bbox 231 2077 1828 2160; baseline 0.006 -28"><span class='ocrx_word' id='word_1_234' title='bbox 231 2077 381 2134; x_wconf 77' lang='grc' dir='ltr'>εἶναι</span> <span class='ocrx_word' id='word_1_235' title='bbox 434 2081 655 2149; x_wconf 72' lang='grc' dir='ltr'>λέγουσι</span> <span class='ocrx_word' id='word_1_236' title='bbox 694 2084 927 2148; x_wconf 88' lang='grc' dir='ltr'>τέλειον,</span> <span class='ocrx_word' id='word_1_237' title='bbox 960 2085 992 2155; x_wconf 76' lang='grc' dir='ltr'>ἢ</span> <span class='ocrx_word' id='word_1_238' title='bbox 1029 2086 1196 2156; x_wconf 84' lang='grc' dir='ltr'>ἀτελῆ</span> <span class='ocrx_word' id='word_1_239' title='bbox 1244 2089 1388 2141; x_wconf 84' lang='grc' dir='ltr'><strong>κατά</strong></span> <span class='ocrx_word' id='word_1_240' title='bbox 1417 2090 1516 2159; x_wconf 87' lang='grc' dir='ltr'>τὴν</span> <span class='ocrx_word' id='word_1_241' title='bbox 1544 2090 1828 2160; x_wconf 81' lang='grc' dir='ltr'>προκοπὴν</span> 
     </span>
    </p>
   </div>
   <div class='ocr_carea' id='block_1_34' title="bbox 1831 2077 3499 2170">
    <p class='ocr_par' dir='ltr' id='par_1_34' title="bbox 1933 2095 3499 2170">
     <span class='ocr_line' id='line_1_34' title="bbox 1933 2095 3499 2170; baseline -0.003 -19"><span class='ocrx_word' id='word_1_242' title='bbox 1933 2100 2174 2170; x_wconf 80' lang='lat' dir='ltr'><strong>perfecto</strong></span> <span class='ocrx_word' id='word_1_243' title='bbox 2210 2098 2494 2153; x_wconf 84' lang='lat' dir='ltr'><strong>crescendi</strong></span> <span class='ocrx_word' id='word_1_244' title='bbox 2525 2097 2760 2165; x_wconf 84' lang='lat' dir='ltr'><strong>amplius</strong></span> <span class='ocrx_word' id='word_1_245' title='bbox 2815 2097 3081 2165; x_wconf 82' lang='lat' dir='ltr'><strong>incapaci.</strong></span> <span class='ocrx_word' id='word_1_246' title='bbox 3132 2095 3195 2149; x_wconf 88' lang='lat' dir='ltr'><strong>Et</strong></span> <span class='ocrx_word' id='word_1_247' title='bbox 3248 2103 3499 2148; x_wconf 68' lang='lat' dir='ltr'><strong>mandata</strong></span> 
     </span>
    </p>
   </div>
   <div class='ocr_carea' id='block_1_35' title="bbox 229 2172 1897 2258">
    <p class='ocr_par' dir='ltr' id='par_1_35' title="bbox 229 2172 1827 2251">
     <span class='ocr_line' id='line_1_35' title="bbox 229 2172 1827 2251; baseline 0.007 -27"><span class='ocrx_word' id='word_1_248' title='bbox 229 2172 552 2241; x_wconf 74' lang='grc' dir='ltr'>γινόμενον,</span> <span class='ocrx_word' id='word_1_249' title='bbox 619 2176 713 2229; x_wconf 73' lang='grc' dir='ltr'>καὶ</span> <span class='ocrx_word' id='word_1_250' title='bbox 741 2176 839 2239; x_wconf 84' lang='grc' dir='ltr'>τὰς</span> <span class='ocrx_word' id='word_1_251' title='bbox 888 2178 1130 2242; x_wconf 79' lang='grc' dir='ltr'>ἐντολὰς,</span> <span class='ocrx_word' id='word_1_252' title='bbox 1167 2180 1243 2242; x_wconf 86' lang='grc' dir='ltr'>ὠς</span> <span class='ocrx_word' id='word_1_253' title='bbox 1272 2180 1431 2250; x_wconf 90' lang='grc' dir='ltr'>σῶμα</span> <span class='ocrx_word' id='word_1_254' title='bbox 1452 2196 1466 2211; x_wconf 84' lang='lat'><strong><em>°</em></strong></span> <span class='ocrx_word' id='word_1_255' title='bbox 1497 2180 1593 2244; x_wconf 82' lang='grc' dir='ltr'>τὰς</span> <span class='ocrx_word' id='word_1_256' title='bbox 1618 2182 1665 2234; x_wconf 79' lang='grc' dir='ltr'><strong>δ’</strong></span> <span class='ocrx_word' id='word_1_257' title='bbox 1696 2183 1827 2251; x_wconf 88' lang='grc' dir='ltr'>ἀρε-</span> 
     </span>
    </p>
   </div>
   <div class='ocr_carea' id='block_1_36' title="bbox 1833 2172 3501 2258">
    <p class='ocr_par' dir='ltr' id='par_1_36' title="bbox 1930 2188 3501 2258">
     <span class='ocr_line' id='line_1_36' title="bbox 1930 2188 3501 2258; baseline -0.006 -11"><span class='ocrx_word' id='word_1_258' title='bbox 1930 2203 2058 2248; x_wconf 88' lang='lat' dir='ltr'><strong>sunt</strong></span> <span class='ocrx_word' id='word_1_259' title='bbox 2106 2195 2245 2245; x_wconf 85' lang='lat' dir='ltr'><strong>velut</strong></span> <span class='ocrx_word' id='word_1_260' title='bbox 2282 2206 2512 2258; x_wconf 86' lang='lat' dir='ltr'><strong>corpus;</strong></span> <span class='ocrx_word' id='word_1_261' title='bbox 2552 2191 2777 2244; x_wconf 81' lang='lat' dir='ltr'><strong>virtutes</strong></span> <span class='ocrx_word' id='word_1_262' title='bbox 2822 2201 3002 2243; x_wconf 91' lang='lat' dir='ltr'><strong>autem</strong></span> <span class='ocrx_word' id='word_1_263' title='bbox 3051 2204 3145 2242; x_wconf 88' lang='lat' dir='ltr'><strong>seu</strong></span> <span class='ocrx_word' id='word_1_264' title='bbox 3197 2189 3318 2240; x_wconf 92' lang='lat' dir='ltr'><strong>boni</strong></span> <span class='ocrx_word' id='word_1_265' title='bbox 3352 2188 3501 2240; x_wconf 87' lang='lat' dir='ltr'><strong>habi-</strong></span> 
     </span>
    </p>
   </div>
   <div class='ocr_carea' id='block_1_37' title="bbox 228 2260 1896 2353">
    <p class='ocr_par' dir='ltr' id='par_1_37' title="bbox 228 2260 1825 2353">
     <span class='ocr_line' id='line_1_37' title="bbox 228 2260 1825 2353; baseline 0.026 -47"><span class='ocrx_word' id='word_1_266' title='bbox 228 2260 473 2353; x_wconf 49' lang='grc' dir='ltr'>τὰς,ὡς</span> <span class='ocrx_word' id='word_1_267' title='bbox 506 2264 810 2335; x_wconf 80' lang='grc' dir='ltr'>ποιοτήτων</span> <span class='ocrx_word' id='word_1_268' title='bbox 868 2265 1031 2332; x_wconf 78' lang='grc' dir='ltr'>ἔξεις,</span> <span class='ocrx_word' id='word_1_269' title='bbox 1094 2269 1251 2322; x_wconf 76' lang='grc' dir='ltr'>ὀστᾶ·</span> <span class='ocrx_word' id='word_1_270' title='bbox 1314 2270 1415 2341; x_wconf 81' lang='grc' dir='ltr'><strong>τὴν</strong></span> <span class='ocrx_word' id='word_1_271' title='bbox 1454 2271 1510 2323; x_wconf 62' lang='grc' dir='ltr'><strong>δὲ</strong></span> <span class='ocrx_word' id='word_1_272' title='bbox 1538 2272 1718 2341; x_wconf 74' lang='grc' dir='ltr'><strong>Χάρινν</strong></span> <span class='ocrx_word' id='word_1_273' title='bbox 1751 2273 1825 2335; x_wconf 62' lang='grc' dir='ltr'><strong>ὡς</strong></span> 
     </span>
    </p>
   </div>
   <div class='ocr_carea' id='block_1_38' title="bbox 1823 2260 3491 2353">
    <p class='ocr_par' dir='ltr' id='par_1_38' title="bbox 1823 2283 3491 2353">
     <span class='ocr_line' id='line_1_38' title="bbox 1823 2283 3491 2353; baseline -0.005 -12"><span class='ocrx_word' id='word_1_274' title='bbox 1823 2294 1825 2301; x_wconf 67' lang='lat'><strong>’</strong></span> <span class='ocrx_word' id='word_1_275' title='bbox 1932 2295 2038 2351; x_wconf 88' lang='lat' dir='ltr'><strong>tus,</strong></span> <span class='ocrx_word' id='word_1_276' title='bbox 2070 2302 2192 2339; x_wconf 78' lang='lat' dir='ltr'><strong>ossa</strong></span> <span class='ocrx_word' id='word_1_277' title='bbox 2228 2305 2240 2349; x_wconf 87' lang='lat'><strong>;</strong></span> <span class='ocrx_word' id='word_1_278' title='bbox 2281 2285 2453 2353; x_wconf 86' lang='lat' dir='ltr'><strong>gratia</strong></span> <span class='ocrx_word' id='word_1_279' title='bbox 2505 2285 2745 2347; x_wconf 85' lang='lat' dir='ltr'><strong>demum,</strong></span> <span class='ocrx_word' id='word_1_280' title='bbox 2796 2286 2951 2351; x_wconf 87' lang='lat' dir='ltr'><strong>quasi</strong></span> <span class='ocrx_word' id='word_1_281' title='bbox 2989 2283 3166 2334; x_wconf 88' lang='lat' dir='ltr'><strong>anima</strong></span> <span class='ocrx_word' id='word_1_282' title='bbox 3210 2293 3491 2350; x_wconf 72' lang='lat' dir='ltr'><strong>pneceptts</strong></span> 
     </span>
    </p>
   </div>
   <div class='ocr_carea' id='block_1_39' title="bbox 228 2352 1896 2445">
    <p class='ocr_par' dir='ltr' id='par_1_39' title="bbox 228 2352 1828 2433">
     <span class='ocr_line' id='line_1_39' title="bbox 228 2352 1828 2433; baseline -0.005 -9"><span class='ocrx_word' id='word_1_283' title='bbox 228 2352 418 2422; x_wconf 67' lang='grc' dir='ltr'>ψυχὴν</span> <span class='ocrx_word' id='word_1_284' title='bbox 459 2352 663 2417; x_wconf 71' lang='grc' dir='ltr'>ζῶσαν,</span> <span class='ocrx_word' id='word_1_285' title='bbox 699 2359 795 2409; x_wconf 80' lang='grc' dir='ltr'><strong>καὶ</strong></span> <span class='ocrx_word' id='word_1_286' title='bbox 844 2360 1195 2431; x_wconf 83' lang='grc' dir='ltr'>κινουμένην,</span> <span class='ocrx_word' id='word_1_287' title='bbox 1243 2363 1336 2415; x_wconf 83' lang='grc' dir='ltr'>καὶ</span> <span class='ocrx_word' id='word_1_288' title='bbox 1382 2363 1710 2433; x_wconf 70' lang='grc' dir='ltr'>ἐνεργοῦσαν</span> <span class='ocrx_word' id='word_1_289' title='bbox 1751 2364 1828 2429; x_wconf 84' lang='grc' dir='ltr'>ὡς</span> 
     </span>
    </p>
   </div>
   <div class='ocr_carea' id='block_1_40' title="bbox 1832 2352 3500 2445">
    <p class='ocr_par' dir='ltr' id='par_1_40' title="bbox 1932 2352 3500 2445">
     <span class='ocr_line' id='line_1_40' title="bbox 1932 2352 3500 2445; baseline -0.005 -14"><span class='ocrx_word' id='word_1_290' title='bbox 1932 2389 1991 2431; x_wconf 85' lang='grc' dir='ltr'><strong>ιιι</strong></span> <span class='ocrx_word' id='word_1_291' title='bbox 2029 2379 2243 2445; x_wconf 86' lang='lat' dir='ltr'><strong>corpori</strong></span> <span class='ocrx_word' id='word_1_292' title='bbox 2279 2352 2443 2431; x_wconf 75' lang='lat' dir='ltr'><strong>vitam</strong></span> <span class='ocrx_word' id='word_1_293' title='bbox 2502 2385 2819 2443; x_wconf 87' lang='lat' dir='ltr'><strong>motumque</strong></span> <span class='ocrx_word' id='word_1_294' title='bbox 2870 2383 2926 2428; x_wconf 85' lang='lat' dir='ltr'><strong>et</strong></span> <span class='ocrx_word' id='word_1_295' title='bbox 2989 2384 3169 2426; x_wconf 86' lang='lat' dir='ltr'><strong>actum</strong></span> <span class='ocrx_word' id='word_1_296' title='bbox 3206 2374 3500 2440; x_wconf 74' lang='lat' dir='ltr'><strong>iuSpii-aus.</strong></span> 
     </span>
    </p>
   </div>
   <div class='ocr_carea' id='block_1_41' title="bbox 234 2445 1902 2536">
    <p class='ocr_par' dir='ltr' id='par_1_41' title="bbox 234 2445 1826 2525">
     <span class='ocr_line' id='line_1_41' title="bbox 234 2445 1826 2525; baseline 0.008 -28"><span class='ocrx_word' id='word_1_297' title='bbox 234 2445 408 2514; x_wconf 86' lang='grc' dir='ltr'>σῶμα</span> <span class='ocrx_word' id='word_1_298' title='bbox 441 2446 539 2506; x_wconf 82' lang='grc' dir='ltr'>τὰς</span> <span class='ocrx_word' id='word_1_299' title='bbox 564 2447 674 2499; x_wconf 89' lang='grc' dir='ltr'><strong>τῶν</strong></span> <span class='ocrx_word' id='word_1_300' title='bbox 701 2448 929 2501; x_wconf 85' lang='grc' dir='ltr'>ἐντολῶν</span> <span class='ocrx_word' id='word_1_301' title='bbox 969 2451 1273 2520; x_wconf 88' lang='grc' dir='ltr'>ἐνεργείας.</span> <span class='ocrx_word' id='word_1_302' title='bbox 1321 2454 1575 2521; x_wconf 84' lang='grc' dir='ltr'>Ἀμέλεια</span> <span class='ocrx_word' id='word_1_303' title='bbox 1602 2456 1710 2525; x_wconf 83' lang='grc' dir='ltr'><strong>γάρ</strong></span> <span class='ocrx_word' id='word_1_304' title='bbox 1732 2456 1826 2509; x_wconf 72' lang='grc' dir='ltr'><strong>καὶ</strong></span> 
     </span>
    </p>
   </div>
   <div class='ocr_carea' id='block_1_42' title="bbox 1836 2445 3504 2536">
    <p class='ocr_par' dir='ltr' id='par_1_42' title="bbox 1931 2465 3504 2536">
     <span class='ocr_line' id='line_1_42' title="bbox 1931 2465 3504 2536; baseline -0.006 -9"><span class='ocrx_word' id='word_1_305' title='bbox 1931 2473 2003 2527; x_wconf 79' lang='lat' dir='ltr'><strong>Ex</strong></span> <span class='ocrx_word' id='word_1_306' title='bbox 2043 2472 2249 2525; x_wconf 81' lang='lat' dir='ltr'><strong>incuria</strong></span> <span class='ocrx_word' id='word_1_307' title='bbox 2282 2470 2426 2524; x_wconf 90' lang='lat' dir='ltr'><strong>enim</strong></span> <span class='ocrx_word' id='word_1_308' title='bbox 2452 2468 2533 2521; x_wconf 88' lang='lat' dir='ltr'><strong>vel</strong></span> <span class='ocrx_word' id='word_1_309' title='bbox 2563 2468 2839 2536; x_wconf 87' lang='lat' dir='ltr'><strong>diligentia</strong></span> <span class='ocrx_word' id='word_1_310' title='bbox 2870 2467 3147 2520; x_wconf 84' lang='lat' dir='ltr'><strong>crescendi</strong></span> <span class='ocrx_word' id='word_1_311' title='bbox 3178 2466 3228 2517; x_wconf 93' lang='lat' dir='ltr'><strong>in</strong></span> <span class='ocrx_word' id='word_1_312' title='bbox 3262 2465 3504 2529; x_wconf 73' lang='lat' dir='ltr'><strong>Christo,</strong></span> 
     </span>
    </p>
   </div>
   <div class='ocr_carea' id='block_1_43' title="bbox 235 2536 1903 2632">
    <p class='ocr_par' dir='ltr' id='par_1_43' title="bbox 235 2536 1825 2620">
     <span class='ocr_line' id='line_1_43' title="bbox 235 2536 1825 2620; baseline 0.01 -33"><span class='ocrx_word' id='word_1_313' title='bbox 235 2536 454 2606; x_wconf 74' lang='grc' dir='ltr'>σπουδὴ</span> <span class='ocrx_word' id='word_1_314' title='bbox 510 2539 649 2608; x_wconf 71' lang='grc' dir='ltr'>πρὸς</span> <span class='ocrx_word' id='word_1_315' title='bbox 712 2540 810 2603; x_wconf 76' lang='grc' dir='ltr'>τὰς</span> <span class='ocrx_word' id='word_1_316' title='bbox 870 2542 1290 2611; x_wconf 82' lang='grc' dir='ltr'>μεθηλικιώσεις</span> <span class='ocrx_word' id='word_1_317' title='bbox 1328 2546 1584 2618; x_wconf 86' lang='grc' dir='ltr'>Χριστοῦ,</span> <span class='ocrx_word' id='word_1_318' title='bbox 1609 2550 1825 2620; x_wconf 82' lang='grc' dir='ltr'>νήπιον,</span> 
     </span>
    </p>
   </div>
   <div class='ocr_carea' id='block_1_44' title="bbox 1812 2536 3480 2632">
    <p class='ocr_par' dir='ltr' id='par_1_44' title="bbox 1812 2557 3480 2632">
     <span class='ocr_line' id='line_1_44' title="bbox 1812 2557 3480 2632; baseline -0.004 -17"><span class='ocrx_word' id='word_1_319' title='bbox 1812 2590 1825 2615; x_wconf 70' lang='grc' dir='ltr'><strong>ι</strong></span> <span class='ocrx_word' id='word_1_320' title='bbox 1933 2564 2137 2632; x_wconf 83' lang='lat' dir='ltr'><strong>parvuli</strong></span> <span class='ocrx_word' id='word_1_321' title='bbox 2169 2564 2251 2615; x_wconf 91' lang='lat' dir='ltr'><strong>vel</strong></span> <span class='ocrx_word' id='word_1_322' title='bbox 2284 2560 2503 2630; x_wconf 81' lang='lat' dir='ltr'><strong>perfecti</strong></span> <span class='ocrx_word' id='word_1_323' title='bbox 2528 2560 2864 2614; x_wconf 88' lang='lat' dir='ltr'><strong>ostendimur</strong></span> <span class='ocrx_word' id='word_1_324' title='bbox 2920 2572 3063 2611; x_wconf 90' lang='lat' dir='ltr'><strong>nunc</strong></span> <span class='ocrx_word' id='word_1_325' title='bbox 3121 2568 3175 2611; x_wconf 90' lang='lat' dir='ltr'><strong>et</strong></span> <span class='ocrx_word' id='word_1_326' title='bbox 3212 2559 3261 2610; x_wconf 91' lang='lat' dir='ltr'><strong>iu</strong></span> <span class='ocrx_word' id='word_1_327' title='bbox 3302 2557 3480 2609; x_wconf 79' lang='lat' dir='ltr'><strong>futuro</strong></span> 
     </span>
    </p>
   </div>
   <div class='ocr_carea' id='block_1_45' title="bbox 231 2628 1620 2704">
    <p class='ocr_par' dir='ltr' id='par_1_45' title="bbox 231 2628 1620 2704">
     <span class='ocr_line' id='line_1_45' title="bbox 231 2628 1620 2704; baseline 0.009 -24"><span class='ocrx_word' id='word_1_328' title='bbox 231 2628 270 2697; x_wconf 82' lang='grc' dir='ltr'><strong>ἢ</strong></span> <span class='ocrx_word' id='word_1_329' title='bbox 297 2629 509 2682; x_wconf 88' lang='grc' dir='ltr'>τέλειον</span> <span class='ocrx_word' id='word_1_330' title='bbox 541 2631 804 2699; x_wconf 86' lang='grc' dir='ltr'>δείκνυσι,</span> <span class='ocrx_word' id='word_1_331' title='bbox 838 2632 933 2685; x_wconf 92' lang='grc' dir='ltr'><strong>νῦν</strong></span> <span class='ocrx_word' id='word_1_332' title='bbox 966 2651 1023 2687; x_wconf 92' lang='grc' dir='ltr'><strong>τε</strong></span> <span class='ocrx_word' id='word_1_333' title='bbox 1049 2635 1143 2688; x_wconf 83' lang='grc' dir='ltr'>καὶ</span> <span class='ocrx_word' id='word_1_334' title='bbox 1168 2636 1226 2689; x_wconf 88' lang='grc' dir='ltr'><strong>ἐν</strong></span> <span class='ocrx_word' id='word_1_335' title='bbox 1250 2636 1325 2704; x_wconf 83' lang='grc' dir='ltr'>τῷ</span> <span class='ocrx_word' id='word_1_336' title='bbox 1351 2638 1620 2704; x_wconf 88' lang='grc' dir='ltr'>μέλλοντι.</span> 
     </span>
    </p>
   </div>
   <div class='ocr_carea' id='block_1_46' title="bbox 310 2754 1978 2832">
    <p class='ocr_par' dir='ltr' id='par_1_46' title="bbox 310 2754 1829 2832">
     <span class='ocr_line' id='line_1_46' title="bbox 310 2754 1829 2832; baseline 0.009 -24"><span class='ocrx_word' id='word_1_337' title='bbox 310 2760 421 2810; x_wconf 82' lang='grc' dir='ltr'>κα¹.</span> <span class='ocrx_word' id='word_1_338' title='bbox 468 2754 527 2808; x_wconf 88' lang='lat'><strong>&#39;0</strong></span> <span class='ocrx_word' id='word_1_339' title='bbox 549 2756 611 2808; x_wconf 80' lang='grc' dir='ltr'>τὸ</span> <span class='ocrx_word' id='word_1_340' title='bbox 638 2756 799 2825; x_wconf 87' lang='grc' dir='ltr'>σῶμα</span> <span class='ocrx_word' id='word_1_341' title='bbox 827 2758 934 2810; x_wconf 91' lang='grc' dir='ltr'><strong>τῶν</strong></span> <span class='ocrx_word' id='word_1_342' title='bbox 968 2760 1198 2819; x_wconf 88' lang='grc' dir='ltr'>ἐντολῶν</span> <span class='ocrx_word' id='word_1_343' title='bbox 1242 2759 1473 2825; x_wconf 78' lang='grc' dir='ltr'>αὐξάναι</span> <span class='ocrx_word' id='word_1_344' title='bbox 1523 2763 1710 2832; x_wconf 77' lang='grc' dir='ltr'>θέλων,</span> <span class='ocrx_word' id='word_1_345' title='bbox 1768 2768 1829 2821; x_wconf 84' lang='grc' dir='ltr'><strong>τὸ</strong></span> 
     </span>
    </p>
   </div>
   <div class='ocr_carea' id='block_1_47' title="bbox 1838 2754 3506 2832">
    <p class='ocr_par' dir='ltr' id='par_1_47' title="bbox 2002 2757 3506 2828">
     <span class='ocr_line' id='line_1_47' title="bbox 2002 2757 3506 2828; baseline -0.006 -15"><span class='ocrx_word' id='word_1_346' title='bbox 2002 2762 2096 2815; x_wconf 75' lang='grc'><strong>21.</strong></span> <span class='ocrx_word' id='word_1_347' title='bbox 2138 2760 2537 2828; x_wconf 66' lang='lat' dir='ltr'><strong>Prteceptorum</strong></span> <span class='ocrx_word' id='word_1_348' title='bbox 2567 2773 2762 2826; x_wconf 88' lang='lat' dir='ltr'><strong>corpus</strong></span> <span class='ocrx_word' id='word_1_349' title='bbox 2788 2759 2880 2825; x_wconf 87' lang='lat' dir='ltr'><strong>qui</strong></span> <span class='ocrx_word' id='word_1_350' title='bbox 2930 2772 3128 2826; x_wconf 82' lang='lat' dir='ltr'><strong>augere</strong></span> <span class='ocrx_word' id='word_1_351' title='bbox 3161 2757 3295 2820; x_wconf 72' lang='lat' dir='ltr'><strong>\‘Ull,</strong></span> <span class='ocrx_word' id='word_1_352' title='bbox 3338 2758 3506 2809; x_wconf 63' lang='lat' dir='ltr'><strong>ratio.</strong></span> 
     </span>
    </p>
   </div>
   <div class='ocr_carea' id='block_1_48' title="bbox 231 2843 1899 2925">
    <p class='ocr_par' dir='ltr' id='par_1_48' title="bbox 231 2843 1829 2925">
     <span class='ocr_line' id='line_1_48' title="bbox 231 2843 1829 2925; baseline 0.006 -25"><span class='ocrx_word' id='word_1_353' title='bbox 231 2845 462 2916; x_wconf 70' lang='grc' dir='ltr'>λογικδν</span> <span class='ocrx_word' id='word_1_354' title='bbox 522 2848 618 2900; x_wconf 73' lang='grc' dir='ltr'>καὶ</span> <span class='ocrx_word' id='word_1_355' title='bbox 677 2843 865 2902; x_wconf 74' lang='grc' dir='ltr'>ἄδολον</span> <span class='ocrx_word' id='word_1_356' title='bbox 926 2849 1068 2918; x_wconf 89' lang='grc' dir='ltr'>γάλα</span> <span class='ocrx_word' id='word_1_357' title='bbox 1128 2852 1227 2921; x_wconf 91' lang='grc' dir='ltr'><strong>τῆς</strong></span> <span class='ocrx_word' id='word_1_358' title='bbox 1283 2854 1558 2923; x_wconf 87' lang='grc' dir='ltr'>μητρικῆς</span> <span class='ocrx_word' id='word_1_359' title='bbox 1608 2857 1829 2925; x_wconf 86' lang='grc' dir='ltr'>χάριτος</span> 
     </span>
    </p>
   </div>
   <div class='ocr_carea' id='block_1_49' title="bbox 1836 2843 3504 2925">
    <p class='ocr_par' dir='ltr' id='par_1_49' title="bbox 1933 2850 3504 2919">
     <span class='ocr_line' id='line_1_49' title="bbox 1933 2850 3504 2919; baseline -0.004 -12"><span class='ocrx_word' id='word_1_360' title='bbox 1933 2854 2113 2907; x_wconf 90' lang='lat' dir='ltr'><strong>nabile</strong></span> <span class='ocrx_word' id='word_1_361' title='bbox 2149 2855 2271 2908; x_wconf 90' lang='lat' dir='ltr'><strong>sine</strong></span> <span class='ocrx_word' id='word_1_362' title='bbox 2306 2852 2429 2907; x_wconf 92' lang='lat' dir='ltr'><strong>dolo</strong></span> <span class='ocrx_word' id='word_1_363' title='bbox 2479 2850 2563 2904; x_wconf 86' lang='lat' dir='ltr'><strong>lac</strong></span> <span class='ocrx_word' id='word_1_364' title='bbox 2603 2851 2833 2903; x_wconf 86' lang='lat' dir='ltr'><strong>nutricis</strong></span> <span class='ocrx_word' id='word_1_365' title='bbox 2880 2852 3069 2919; x_wconf 82' lang='lat' dir='ltr'><strong>gratia:</strong></span> <span class='ocrx_word' id='word_1_366' title='bbox 3120 2850 3504 2915; x_wconf 69' lang='lat' dir='ltr'><strong>concttpisccre</strong></span> 
     </span>
    </p>
   </div>
   <div class='ocr_carea' id='block_1_50' title="bbox 230 2938 1898 3014">
    <p class='ocr_par' dir='ltr' id='par_1_50' title="bbox 230 2938 1828 3014">
     <span class='ocr_line' id='line_1_50' title="bbox 230 2938 1828 3014; baseline 0.004 -22"><span class='ocrx_word' id='word_1_367' title='bbox 230 2938 533 2992; x_wconf 67' lang='grc' dir='ltr'>ἀπιποθεϊν</span> <span class='ocrx_word' id='word_1_368' title='bbox 588 2939 963 3004; x_wconf 80' lang='grc' dir='ltr'>σπουδαζέτω’</span> <span class='ocrx_word' id='word_1_369' title='bbox 1001 2942 1212 2995; x_wconf 84' lang='grc' dir='ltr'>ἐκεῖθεν</span> <span class='ocrx_word' id='word_1_370' title='bbox 1237 2944 1346 3012; x_wconf 82' lang='grc' dir='ltr'>γὰρ</span> <span class='ocrx_word' id='word_1_371' title='bbox 1375 2944 1828 3014; x_wconf 82' lang='grc' dir='ltr'>γαλουχοτροφετ-</span> 
     </span>
    </p>
   </div>
   <div class='ocr_carea' id='block_1_51' title="bbox 1836 2938 3504 3014">
    <p class='ocr_par' dir='ltr' id='par_1_51' title="bbox 1930 2940 3504 3008">
     <span class='ocr_line' id='line_1_51' title="bbox 1930 2940 3504 3008; baseline -0.004 -8"><span class='ocrx_word' id='word_1_372' title='bbox 1930 2947 2154 3000; x_wconf 82' lang='lat' dir='ltr'><strong>lestiuet</strong></span> <span class='ocrx_word' id='word_1_373' title='bbox 2193 2962 2207 2998; x_wconf 91' lang='lat'><strong>:</strong></span> <span class='ocrx_word' id='word_1_374' title='bbox 2252 2944 2375 2997; x_wconf 88' lang='lat' dir='ltr'><strong>inde</strong></span> <span class='ocrx_word' id='word_1_375' title='bbox 2406 2943 2549 2996; x_wconf 84' lang='lat' dir='ltr'><strong>enim</strong></span> <span class='ocrx_word' id='word_1_376' title='bbox 2597 2942 2823 2993; x_wconf 80' lang='lat' dir='ltr'><strong>Iactatur</strong></span> <span class='ocrx_word' id='word_1_377' title='bbox 2878 2940 3187 3008; x_wconf 89' lang='lat' dir='ltr'><strong>quicunque</strong></span> <span class='ocrx_word' id='word_1_378' title='bbox 3236 2942 3412 2993; x_wconf 89' lang='lat' dir='ltr'><strong>studet</strong></span> <span class='ocrx_word' id='word_1_379' title='bbox 3443 2954 3504 2994; x_wconf 85' lang='lat' dir='ltr'><strong>ac</strong></span> 
     </span>
    </p>
   </div>
   <div class='ocr_carea' id='block_1_52' title="bbox 230 3032 1898 3110">
    <p class='ocr_par' dir='ltr' id='par_1_52' title="bbox 230 3036 1827 3110">
     <span class='ocr_line' id='line_1_52' title="bbox 230 3036 1827 3110; baseline 0.003 -22"><span class='ocrx_word' id='word_1_380' title='bbox 230 3054 336 3089; x_wconf 76' lang='grc' dir='ltr'><strong>ται</strong></span> <span class='ocrx_word' id='word_1_381' title='bbox 366 3037 478 3099; x_wconf 80' lang='grc' dir='ltr'>πᾶς</span> <span class='ocrx_word' id='word_1_382' title='bbox 505 3039 533 3102; x_wconf 80' lang='grc' dir='ltr'><strong>ό</strong></span> <span class='ocrx_word' id='word_1_383' title='bbox 567 3036 664 3107; x_wconf 84' lang='grc' dir='ltr'><strong>τὴν</strong></span> <span class='ocrx_word' id='word_1_384' title='bbox 698 3038 755 3089; x_wconf 89' lang='grc' dir='ltr'><strong>ἐν</strong></span> <span class='ocrx_word' id='word_1_385' title='bbox 792 3038 1014 3108; x_wconf 82' lang='grc' dir='ltr'>Χριστῷ</span> <span class='ocrx_word' id='word_1_386' title='bbox 1053 3039 1255 3109; x_wconf 80' lang='grc' dir='ltr'>ζητῶν,</span> <span class='ocrx_word' id='word_1_387' title='bbox 1283 3040 1377 3092; x_wconf 77' lang='grc' dir='ltr'>καὶ</span> <span class='ocrx_word' id='word_1_388' title='bbox 1402 3039 1573 3093; x_wconf 81' lang='grc' dir='ltr'>θέλων</span> <span class='ocrx_word' id='word_1_389' title='bbox 1595 3041 1827 3110; x_wconf 78' lang='grc' dir='ltr'>αὔξησιν</span> 
     </span>
    </p>
   </div>
   <div class='ocr_carea' id='block_1_53' title="bbox 1830 3032 3498 3110">
    <p class='ocr_par' dir='ltr' id='par_1_53' title="bbox 1930 3032 3498 3105">
     <span class='ocr_line' id='line_1_53' title="bbox 1930 3032 3498 3105; baseline -0.003 -18"><span class='ocrx_word' id='word_1_390' title='bbox 1930 3037 2124 3105; x_wconf 72' lang='lat' dir='ltr'><strong>quaerit</strong></span> <span class='ocrx_word' id='word_1_391' title='bbox 2175 3046 2522 3104; x_wconf 75' lang='lat' dir='ltr'><strong>augmentum</strong></span> <span class='ocrx_word' id='word_1_392' title='bbox 2560 3034 2763 3087; x_wconf 79' lang='lat' dir='ltr'><strong>facere.</strong></span> <span class='ocrx_word' id='word_1_393' title='bbox 2817 3033 2952 3085; x_wconf 84' lang='lat' dir='ltr'><strong>Nam</strong></span> <span class='ocrx_word' id='word_1_394' title='bbox 3000 3032 3089 3084; x_wconf 91' lang='lat' dir='ltr'><strong>illa</strong></span> <span class='ocrx_word' id='word_1_395' title='bbox 3142 3032 3296 3098; x_wconf 86' lang='lat' dir='ltr'><strong>quasi</strong></span> <span class='ocrx_word' id='word_1_396' title='bbox 3335 3032 3415 3083; x_wconf 85' lang='lat' dir='ltr'><strong>lae</strong></span> <span class='ocrx_word' id='word_1_397' title='bbox 3446 3033 3498 3082; x_wconf 90' lang='lat' dir='ltr'><strong>in</strong></span> 
     </span>
    </p>
   </div>
   <div class='ocr_carea' id='block_1_54' title="bbox 230 3122 1898 3203">
    <p class='ocr_par' dir='ltr' id='par_1_54' title="bbox 230 3130 1824 3203">
     <span class='ocr_line' id='line_1_54' title="bbox 230 3130 1824 3203; baseline 0.003 -20"><span class='ocrx_word' id='word_1_398' title='bbox 230 3130 569 3199; x_wconf 77' lang='grc' dir='ltr'>αὐξηθῆναι.</span> <span class='ocrx_word' id='word_1_399' title='bbox 604 3130 749 3183; x_wconf 83' lang='grc' dir='ltr'>Γάλα</span> <span class='ocrx_word' id='word_1_400' title='bbox 783 3131 883 3200; x_wconf 82' lang='grc' dir='ltr'><strong>μὲν</strong></span> <span class='ocrx_word' id='word_1_401' title='bbox 916 3133 1049 3202; x_wconf 77' lang='grc' dir='ltr'>πρὸς</span> <span class='ocrx_word' id='word_1_402' title='bbox 1082 3132 1309 3202; x_wconf 77' lang='grc' dir='ltr'>αὔξησιν</span> <span class='ocrx_word' id='word_1_403' title='bbox 1339 3135 1371 3203; x_wconf 79' lang='grc' dir='ltr'><strong>ἡ</strong></span> <span class='ocrx_word' id='word_1_404' title='bbox 1405 3135 1567 3201; x_wconf 83' lang='grc' dir='ltr'>σοφία</span> <span class='ocrx_word' id='word_1_405' title='bbox 1623 3137 1683 3187; x_wconf 82' lang='grc' dir='ltr'><strong>ἐκ</strong></span> <span class='ocrx_word' id='word_1_406' title='bbox 1717 3135 1824 3187; x_wconf 89' lang='grc' dir='ltr'><strong>τῶν</strong></span> 
     </span>
    </p>
   </div>
   <div class='ocr_carea' id='block_1_55' title="bbox 1829 3122 3497 3203">
    <p class='ocr_par' dir='ltr' id='par_1_55' title="bbox 1932 3122 3497 3192">
     <span class='ocr_line' id='line_1_55' title="bbox 1932 3122 3497 3192; baseline -0.006 -9"><span class='ocrx_word' id='word_1_407' title='bbox 1932 3128 2110 3183; x_wconf 88' lang='lat' dir='ltr'><strong>cibum</strong></span> <span class='ocrx_word' id='word_1_408' title='bbox 2151 3137 2201 3180; x_wconf 86' lang='lat' dir='ltr'><strong>el</strong></span> <span class='ocrx_word' id='word_1_409' title='bbox 2234 3130 2471 3181; x_wconf 91' lang='lat' dir='ltr'><strong>calorem</strong></span> <span class='ocrx_word' id='word_1_410' title='bbox 2524 3142 2589 3180; x_wconf 76' lang='lat' dir='ltr'><strong>ex</strong></span> <span class='ocrx_word' id='word_1_411' title='bbox 2626 3126 2883 3178; x_wconf 81' lang='lat' dir='ltr'><strong>uberibus</strong></span> <span class='ocrx_word' id='word_1_412' title='bbox 2931 3124 3256 3192; x_wconf 75' lang='lat' dir='ltr'><strong>sapientiam</strong></span> <span class='ocrx_word' id='word_1_413' title='bbox 3311 3122 3497 3187; x_wconf 80' lang='lat' dir='ltr'><strong>sullat,</strong></span> 
     </span>
    </p>
   </div>
   <div class='ocr_carea' id='block_1_56' title="bbox 230 3217 1898 3308">
    <p class='ocr_par' dir='ltr' id='par_1_56' title="bbox 230 3223 1898 3308">
     <span class='ocr_line' id='line_1_56' title="bbox 230 3223 1898 3308; baseline 0.004 -33"><span class='ocrx_word' id='word_1_414' title='bbox 230 3223 415 3291; x_wconf 77' lang='grc' dir='ltr'>αὐτῆς</span> <span class='ocrx_word' id='word_1_415' title='bbox 448 3224 669 3292; x_wconf 86' lang='grc' dir='ltr'>μαστῶν</span> <span class='ocrx_word' id='word_1_416' title='bbox 719 3224 815 3295; x_wconf 80' lang='grc' dir='ltr'>τὴν</span> <span class='ocrx_word' id='word_1_417' title='bbox 850 3225 1058 3293; x_wconf 84' lang='grc' dir='ltr'>θέρμην</span> <span class='ocrx_word' id='word_1_418' title='bbox 1101 3225 1315 3277; x_wconf 81' lang='grc' dir='ltr'>δίδωσι’</span> <span class='ocrx_word' id='word_1_419' title='bbox 1356 3226 1477 3295; x_wconf 84' lang='grc' dir='ltr'>μέλι</span> <span class='ocrx_word' id='word_1_420' title='bbox 1533 3226 1589 3279; x_wconf 84' lang='grc' dir='ltr'><strong>δέ</strong></span> <span class='ocrx_word' id='word_1_421' title='bbox 1619 3228 1826 3297; x_wconf 80' lang='grc' dir='ltr'>τροφῆς</span> <span class='ocrx_word' id='word_1_422' title='bbox 1858 3251 1898 3308; x_wconf 73' lang='lat' dir='ltr'>c</span> 
     </span>
    </p>
   </div>
   <div class='ocr_carea' id='block_1_57' title="bbox 1830 3217 3498 3308">
    <p class='ocr_par' dir='ltr' id='par_1_57' title="bbox 1858 3217 3498 3308">
     <span class='ocr_line' id='line_1_57' title="bbox 1858 3217 3498 3308; baseline -0.005 -34"><span class='ocrx_word' id='word_1_423' title='bbox 1858 3251 1903 3308; x_wconf 65' lang='grc' dir='ltr'>ο</span> <span class='ocrx_word' id='word_1_424' title='bbox 1936 3232 1987 3274; x_wconf 91' lang='lat' dir='ltr'><strong>et</strong></span> <span class='ocrx_word' id='word_1_425' title='bbox 2008 3220 2161 3289; x_wconf 85' lang='lat' dir='ltr'><strong>quasi</strong></span> <span class='ocrx_word' id='word_1_426' title='bbox 2197 3220 2300 3273; x_wconf 83' lang='lat' dir='ltr'><strong>tuel</strong></span> <span class='ocrx_word' id='word_1_427' title='bbox 2330 3221 2384 3273; x_wconf 93' lang='lat' dir='ltr'><strong>in</strong></span> <span class='ocrx_word' id='word_1_428' title='bbox 2442 3220 2811 3289; x_wconf 83' lang='lat' dir='ltr'><strong>purgatriccm</strong></span> <span class='ocrx_word' id='word_1_429' title='bbox 2844 3231 3023 3271; x_wconf 84' lang='lat' dir='ltr'><strong>cscam</strong></span> <span class='ocrx_word' id='word_1_430' title='bbox 3058 3217 3317 3285; x_wconf 80' lang='lat' dir='ltr'><strong>perlectis</strong></span> <span class='ocrx_word' id='word_1_431' title='bbox 3350 3232 3498 3267; x_wconf 87' lang='lat' dir='ltr'><strong>suam</strong></span> 
     </span>
    </p>
   </div>
   <div class='ocr_carea' id='block_1_58' title="bbox 228 3308 1896 3390">
    <p class='ocr_par' dir='ltr' id='par_1_58' title="bbox 228 3314 1823 3390">
     <span class='ocr_line' id='line_1_58' title="bbox 228 3314 1823 3390; baseline 0.004 -26"><span class='ocrx_word' id='word_1_432' title='bbox 228 3316 356 3376; x_wconf 80' lang='grc' dir='ltr'>τοῖς</span> <span class='ocrx_word' id='word_1_433' title='bbox 384 3314 635 3377; x_wconf 80' lang='grc' dir='ltr'>τελείοις,</span> <span class='ocrx_word' id='word_1_434' title='bbox 662 3314 759 3384; x_wconf 78' lang='grc' dir='ltr'>τὴν</span> <span class='ocrx_word' id='word_1_435' title='bbox 780 3316 977 3385; x_wconf 81' lang='grc' dir='ltr'>ἑαυτῆς</span> <span class='ocrx_word' id='word_1_436' title='bbox 1003 3317 1341 3387; x_wconf 80' lang='grc' dir='ltr'>εὐφροσύνην</span> <span class='ocrx_word' id='word_1_437' title='bbox 1359 3319 1494 3385; x_wconf 82' lang='grc' dir='ltr'>πρὸς</span> <span class='ocrx_word' id='word_1_438' title='bbox 1528 3320 1823 3390; x_wconf 84' lang='grc' dir='ltr'>κάθαρσιν·</span> 
     </span>
    </p>
   </div>
   <div class='ocr_carea' id='block_1_59' title="bbox 1834 3308 3502 3390">
    <p class='ocr_par' dir='ltr' id='par_1_59' title="bbox 1935 3308 3502 3379">
     <span class='ocr_line' id='line_1_59' title="bbox 1935 3308 3502 3379; baseline -0.003 -13"><span class='ocrx_word' id='word_1_439' title='bbox 1935 3318 2027 3366; x_wconf 87' lang='lat' dir='ltr'><strong>dat</strong></span> <span class='ocrx_word' id='word_1_440' title='bbox 2074 3314 2423 3379; x_wconf 83' lang='lat' dir='ltr'><strong>sapientiam,</strong></span> <span class='ocrx_word' id='word_1_441' title='bbox 2475 3313 2617 3366; x_wconf 83' lang='lat' dir='ltr'><strong>sicut</strong></span> <span class='ocrx_word' id='word_1_442' title='bbox 2653 3311 2913 3379; x_wconf 82' lang='lat' dir='ltr'><strong>scriptum</strong></span> <span class='ocrx_word' id='word_1_443' title='bbox 2947 3320 3079 3364; x_wconf 87' lang='lat' dir='ltr'><strong>est:</strong></span> <span class='ocrx_word' id='word_1_444' title='bbox 3123 3328 3141 3360; x_wconf 76' lang='grc' dir='ltr'><strong>ι</strong></span> <span class='ocrx_word' id='word_1_445' title='bbox 3193 3309 3289 3361; x_wconf 78' lang='lat' dir='ltr'><strong>Mel</strong></span> <span class='ocrx_word' id='word_1_446' title='bbox 3345 3319 3397 3361; x_wconf 90' lang='lat' dir='ltr'><strong>et</strong></span> <span class='ocrx_word' id='word_1_447' title='bbox 3417 3308 3502 3362; x_wconf 86' lang='lat' dir='ltr'><strong>lac</strong></span> 
     </span>
    </p>
   </div>
   <div class='ocr_carea' id='block_1_60' title="bbox 228 3402 1896 3477">
    <p class='ocr_par' dir='ltr' id='par_1_60' title="bbox 228 3405 1826 3477">
     <span class='ocr_line' id='line_1_60' title="bbox 228 3405 1826 3477; baseline 0.005 -21"><span class='ocrx_word' id='word_1_448' title='bbox 228 3405 408 3469; x_wconf 75' lang='grc' dir='ltr'>Μέλι,</span> <span class='ocrx_word' id='word_1_449' title='bbox 445 3406 601 3475; x_wconf 70' lang='grc' dir='ltr'>φησὶ,</span> <span class='ocrx_word' id='word_1_450' title='bbox 648 3407 743 3459; x_wconf 58' lang='grc' dir='ltr'><strong>καὶ⁸</strong></span> <span class='ocrx_word' id='word_1_451' title='bbox 791 3406 935 3473; x_wconf 88' lang='grc' dir='ltr'>γάλα</span> <span class='ocrx_word' id='word_1_452' title='bbox 979 3406 1084 3460; x_wconf 75' lang='grc' dir='ltr'>ὑπὸ</span> <span class='ocrx_word' id='word_1_453' title='bbox 1112 3408 1212 3477; x_wconf 84' lang='grc' dir='ltr'>τὴν</span> <span class='ocrx_word' id='word_1_454' title='bbox 1241 3407 1495 3475; x_wconf 82' lang='grc' dir='ltr'>γλῶσσάν</span> <span class='ocrx_word' id='word_1_455' title='bbox 1524 3427 1637 3463; x_wconf 87' lang='grc' dir='ltr'>σου.</span> <span class='ocrx_word' id='word_1_456' title='bbox 1682 3411 1826 3464; x_wconf 84' lang='grc' dir='ltr'>Γάλα</span> 
     </span>
    </p>
   </div>
   <div class='ocr_carea' id='block_1_61' title="bbox 1832 3402 3500 3477">
    <p class='ocr_par' dir='ltr' id='par_1_61' title="bbox 1932 3402 3500 3473">
     <span class='ocr_line' id='line_1_61' title="bbox 1932 3402 3500 3473; baseline -0.002 -15"><span class='ocrx_word' id='word_1_457' title='bbox 1932 3405 2034 3458; x_wconf 85' lang='lat' dir='ltr'><strong>sub</strong></span> <span class='ocrx_word' id='word_1_458' title='bbox 2071 3405 2247 3473; x_wconf 81' lang='lat' dir='ltr'><strong>lingua</strong></span> <span class='ocrx_word' id='word_1_459' title='bbox 2284 3416 2394 3457; x_wconf 85' lang='lat' dir='ltr'><strong>tua.</strong></span> <span class='ocrx_word' id='word_1_460' title='bbox 2428 3423 2446 3455; x_wconf 78' lang='grc' dir='ltr'><strong>ι</strong></span> <span class='ocrx_word' id='word_1_461' title='bbox 2476 3402 2541 3456; x_wconf 85' lang='lat' dir='ltr'><strong>Et</strong></span> <span class='ocrx_word' id='word_1_462' title='bbox 2586 3404 2806 3471; x_wconf 78' lang='lat' dir='ltr'><strong>quidem</strong></span> <span class='ocrx_word' id='word_1_463' title='bbox 2844 3402 2984 3456; x_wconf 84' lang='lat' dir='ltr'><strong>lacte</strong></span> <span class='ocrx_word' id='word_1_464' title='bbox 3021 3403 3301 3455; x_wconf 84' lang='lat' dir='ltr'><strong>nutritiaut</strong></span> <span class='ocrx_word' id='word_1_465' title='bbox 3327 3413 3379 3453; x_wconf 91' lang='lat' dir='ltr'><strong>et</strong></span> <span class='ocrx_word' id='word_1_466' title='bbox 3402 3418 3500 3455; x_wconf 73' lang='lat' dir='ltr'><strong>au-</strong></span> 
     </span>
    </p>
   </div>
   <div class='ocr_carea' id='block_1_62' title="bbox 236 3493 1904 3572">
    <p class='ocr_par' dir='ltr' id='par_1_62' title="bbox 236 3497 1826 3572">
     <span class='ocr_line' id='line_1_62' title="bbox 236 3497 1826 3572; baseline 0.004 -24"><span class='ocrx_word' id='word_1_467' title='bbox 236 3498 348 3567; x_wconf 78' lang='grc' dir='ltr'>μὲν</span> <span class='ocrx_word' id='word_1_468' title='bbox 398 3497 499 3568; x_wconf 77' lang='grc' dir='ltr'>τὴν</span> <span class='ocrx_word' id='word_1_469' title='bbox 563 3497 866 3569; x_wconf 80' lang='grc' dir='ltr'>θρεπτικὴν</span> <span class='ocrx_word' id='word_1_470' title='bbox 918 3500 1013 3552; x_wconf 78' lang='grc' dir='ltr'>καὶ</span> <span class='ocrx_word' id='word_1_471' title='bbox 1063 3500 1383 3569; x_wconf 78' lang='grc' dir='ltr'>αὐξητικὴν,</span> <span class='ocrx_word' id='word_1_472' title='bbox 1448 3500 1571 3567; x_wconf 87' lang='grc' dir='ltr'>μέλι</span> <span class='ocrx_word' id='word_1_473' title='bbox 1620 3502 1676 3554; x_wconf 85' lang='grc' dir='ltr'><strong>δέ</strong></span> <span class='ocrx_word' id='word_1_474' title='bbox 1727 3502 1826 3572; x_wconf 83' lang='grc' dir='ltr'>τὴν</span> 
     </span>
    </p>
   </div>
   <div class='ocr_carea' id='block_1_63' title="bbox 1831 3493 3499 3572">
    <p class='ocr_par' dir='ltr' id='par_1_63' title="bbox 1932 3493 3499 3566">
     <span class='ocr_line' id='line_1_63' title="bbox 1932 3493 3499 3566; baseline -0.003 -16"><span class='ocrx_word' id='word_1_475' title='bbox 1932 3497 2186 3558; x_wconf 87' lang='lat' dir='ltr'><strong>ctricem,</strong></span> <span class='ocrx_word' id='word_1_476' title='bbox 2245 3496 2403 3551; x_wconf 88' lang='lat' dir='ltr'><strong>melle</strong></span> <span class='ocrx_word' id='word_1_477' title='bbox 2459 3511 2586 3550; x_wconf 86' lang='lat' dir='ltr'><strong>vero</strong></span> <span class='ocrx_word' id='word_1_478' title='bbox 2641 3496 2921 3566; x_wconf 85' lang='lat' dir='ltr'><strong>purilicam</strong></span> <span class='ocrx_word' id='word_1_479' title='bbox 2988 3493 3221 3563; x_wconf 83' lang='lat' dir='ltr'><strong>Spiritus</strong></span> <span class='ocrx_word' id='word_1_480' title='bbox 3250 3493 3499 3548; x_wconf 82' lang='lat' dir='ltr'><strong>virtutem</strong></span> 
     </span>
    </p>
   </div>
   <div class='ocr_carea' id='block_1_64' title="bbox 232 3587 1900 3664">
    <p class='ocr_par' dir='ltr' id='par_1_64' title="bbox 232 3588 1826 3664">
     <span class='ocr_line' id='line_1_64' title="bbox 232 3588 1826 3664; baseline 0.001 -22"><span class='ocrx_word' id='word_1_481' title='bbox 232 3588 588 3658; x_wconf 79' lang='grc' dir='ltr'>καθαρτικὴν</span> <span class='ocrx_word' id='word_1_482' title='bbox 633 3588 727 3640; x_wconf 88' lang='grc' dir='ltr'><strong>τοῦ</strong></span> <span class='ocrx_word' id='word_1_483' title='bbox 756 3589 1064 3659; x_wconf 87' lang='grc' dir='ltr'>πνεύματος</span> <span class='ocrx_word' id='word_1_484' title='bbox 1089 3588 1319 3660; x_wconf 82' lang='grc' dir='ltr'>δύναμιν</span> <span class='ocrx_word' id='word_1_485' title='bbox 1344 3594 1371 3642; x_wconf 87' lang='grc' dir='ltr'><strong>ὁ</strong></span> <span class='ocrx_word' id='word_1_486' title='bbox 1411 3590 1663 3659; x_wconf 86' lang='grc' dir='ltr'>Σολομὼν</span> <span class='ocrx_word' id='word_1_487' title='bbox 1694 3592 1826 3664; x_wconf 77' lang='grc' dir='ltr'>ἔφη-</span> 
     </span>
    </p>
   </div>
   <div class='ocr_carea' id='block_1_65' title="bbox 1835 3587 3503 3664">
    <p class='ocr_par' dir='ltr' id='par_1_65' title="bbox 1934 3587 3503 3656">
     <span class='ocr_line' id='line_1_65' title="bbox 1934 3587 3503 3656; baseline -0.001 -15"><span class='ocrx_word' id='word_1_488' title='bbox 1934 3587 2188 3641; x_wconf 85' lang='lat' dir='ltr'><strong>Salomon</strong></span> <span class='ocrx_word' id='word_1_489' title='bbox 2211 3588 2558 3656; x_wconf 73' lang='lat' dir='ltr'><strong>signiﬁcavit.</strong></span> <span class='ocrx_word' id='word_1_490' title='bbox 2593 3589 2817 3656; x_wconf 80' lang='lat' dir='ltr'><strong>Magnus</strong></span> <span class='ocrx_word' id='word_1_491' title='bbox 2846 3596 3026 3641; x_wconf 89' lang='lat' dir='ltr'><strong>autem</strong></span> <span class='ocrx_word' id='word_1_492' title='bbox 3069 3587 3354 3654; x_wconf 78' lang='lat' dir='ltr'><strong>Apostolus</strong></span> <span class='ocrx_word' id='word_1_493' title='bbox 3373 3601 3503 3654; x_wconf 85' lang='lat' dir='ltr'><strong>ope-</strong></span> 
     </span>
    </p>
   </div>
   <div class='ocr_carea' id='block_1_66' title="bbox 233 3676 1901 3753">
    <p class='ocr_par' dir='ltr' id='par_1_66' title="bbox 233 3677 1827 3753">
     <span class='ocr_line' id='line_1_66' title="bbox 233 3677 1827 3753; baseline 0.003 -21"><span class='ocrx_word' id='word_1_494' title='bbox 233 3696 359 3732; x_wconf 85' lang='grc' dir='ltr'>σεν.</span> <span class='ocrx_word' id='word_1_495' title='bbox 404 3677 467 3730; x_wconf 85' lang='lat'><strong>&#39;0</strong></span> <span class='ocrx_word' id='word_1_496' title='bbox 515 3679 573 3731; x_wconf 78' lang='grc' dir='ltr'>δὲ</span> <span class='ocrx_word' id='word_1_497' title='bbox 641 3680 818 3747; x_wconf 86' lang='grc' dir='ltr'>μέγας</span> <span class='ocrx_word' id='word_1_498' title='bbox 883 3679 1207 3741; x_wconf 81' lang='grc' dir='ltr'>Ἀπόστολος</span> <span class='ocrx_word' id='word_1_499' title='bbox 1260 3681 1358 3749; x_wconf 84' lang='grc' dir='ltr'><strong>τὴν</strong></span> <span class='ocrx_word' id='word_1_500' title='bbox 1406 3682 1672 3753; x_wconf 76' lang='grc' dir='ltr'>διαφορὰν</span> <span class='ocrx_word' id='word_1_501' title='bbox 1717 3683 1827 3736; x_wconf 82' lang='grc' dir='ltr'><strong>τῶν</strong></span> 
     </span>
    </p>
   </div>
   <div class='ocr_carea' id='block_1_67' title="bbox 1828 3676 3496 3753">
    <p class='ocr_par' dir='ltr' id='par_1_67' title="bbox 1934 3676 3496 3744">
     <span class='ocr_line' id='line_1_67' title="bbox 1934 3676 3496 3744; baseline -0.001 -13"><span class='ocrx_word' id='word_1_502' title='bbox 1934 3679 2204 3731; x_wconf 88' lang='lat' dir='ltr'><strong>rationum</strong></span> <span class='ocrx_word' id='word_1_503' title='bbox 2273 3679 2646 3732; x_wconf 77' lang='lat' dir='ltr'><strong>diVersitatem</strong></span> <span class='ocrx_word' id='word_1_504' title='bbox 2698 3680 2948 3743; x_wconf 89' lang='lat' dir='ltr'><strong>innuens,</strong></span> <span class='ocrx_word' id='word_1_505' title='bbox 2994 3680 3118 3733; x_wconf 87' lang='lat' dir='ltr'><strong>ait:</strong></span> <span class='ocrx_word' id='word_1_506' title='bbox 3164 3697 3179 3728; x_wconf 86' lang='grc' dir='ltr'><strong>ι</strong></span> <span class='ocrx_word' id='word_1_507' title='bbox 3222 3676 3496 3744; x_wconf 78' lang='lat' dir='ltr'><strong>Tanquam</strong></span> 
     </span>
    </p>
   </div>
   <div class='ocr_carea' id='block_1_68' title="bbox 230 3768 1898 3845">
    <p class='ocr_par' dir='ltr' id='par_1_68' title="bbox 230 3772 1830 3845">
     <span class='ocr_line' id='line_1_68' title="bbox 230 3772 1830 3845; baseline 0.003 -20"><span class='ocrx_word' id='word_1_508' title='bbox 230 3772 537 3842; x_wconf 67' lang='grc' dir='ltr'>ἐνεργειῶν</span> <span class='ocrx_word' id='word_1_509' title='bbox 586 3772 981 3838; x_wconf 68' lang='grc' dir='ltr'>αἰνιττόμενος,</span> <span class='ocrx_word' id='word_1_510' title='bbox 1016 3772 1223 3839; x_wconf 75' lang='grc' dir='ltr'>ελεγενο</span> <span class='ocrx_word' id='word_1_511' title='bbox 1263 3792 1282 3824; x_wconf 78' lang='grc' dir='ltr'><strong>ι</strong></span> <span class='ocrx_word' id='word_1_512' title='bbox 1322 3774 1408 3836; x_wconf 83' lang='grc' dir='ltr'>Ὠς</span> <span class='ocrx_word' id='word_1_513' title='bbox 1434 3776 1657 3845; x_wconf 85' lang='grc' dir='ltr'>νηπίους</span> <span class='ocrx_word' id='word_1_514' title='bbox 1688 3776 1830 3843; x_wconf 85' lang='grc' dir='ltr'>γάλα</span> 
     </span>
    </p>
   </div>
   <div class='ocr_carea' id='block_1_69' title="bbox 1686 3768 3354 3845">
    <p class='ocr_par' dir='ltr' id='par_1_69' title="bbox 1688 3768 3354 3843">
     <span class='ocr_line' id='line_1_69' title="bbox 1688 3768 3354 3843; baseline -0.002 -20"><span class='ocrx_word' id='word_1_515' title='bbox 1688 3776 1830 3843; x_wconf 81' lang='grc' dir='ltr'>γάλα</span> <span class='ocrx_word' id='word_1_516' title='bbox 1934 3769 2172 3838; x_wconf 85' lang='lat' dir='ltr'><strong>parvulis</strong></span> <span class='ocrx_word' id='word_1_517' title='bbox 2205 3769 2288 3822; x_wconf 85' lang='lat' dir='ltr'><strong>lae</strong></span> <span class='ocrx_word' id='word_1_518' title='bbox 2320 3770 2467 3824; x_wconf 81' lang='lat' dir='ltr'><strong>vobis</strong></span> <span class='ocrx_word' id='word_1_519' title='bbox 2502 3782 2682 3837; x_wconf 83' lang='lat' dir='ltr'><strong>p0qut</strong></span> <span class='ocrx_word' id='word_1_520' title='bbox 2727 3770 2872 3832; x_wconf 84' lang='lat' dir='ltr'><strong>dedi,</strong></span> <span class='ocrx_word' id='word_1_521' title='bbox 2905 3785 3010 3822; x_wconf 91' lang='lat' dir='ltr'><strong>non</strong></span> <span class='ocrx_word' id='word_1_522' title='bbox 3040 3784 3216 3823; x_wconf 84' lang='lat' dir='ltr'><strong>eseam</strong></span> <span class='ocrx_word' id='word_1_523' title='bbox 3257 3768 3298 3821; x_wconf 93' lang='grc'>³.</span> <span class='ocrx_word' id='word_1_524' title='bbox 3337 3788 3354 3820; x_wconf 78' lang='grc' dir='ltr'><strong>ι</strong></span> 
     </span>
    </p>
   </div>
   <div class='ocr_carea' id='block_1_70' title="bbox 221 3862 1187 3934">
    <p class='ocr_par' dir='ltr' id='par_1_70' title="bbox 221 3862 1187 3934">
     <span class='ocr_line' id='line_1_70' title="bbox 221 3862 1187 3934; baseline 0.001 -18"><span class='ocrx_word' id='word_1_525' title='bbox 221 3864 385 3930; x_wconf 73' lang='grc' dir='ltr'>ὑμᾶς</span> <span class='ocrx_word' id='word_1_526' title='bbox 408 3862 657 3934; x_wconf 70' lang='grc' dir='ltr'>ἐπότισα,</span> <span class='ocrx_word' id='word_1_527' title='bbox 691 3864 782 3915; x_wconf 78' lang='grc' dir='ltr'>καὶ</span> <span class='ocrx_word' id='word_1_528' title='bbox 812 3862 873 3914; x_wconf 84' lang='grc' dir='ltr'><strong>οὐ</strong></span> <span class='ocrx_word' id='word_1_529' title='bbox 914 3862 1130 3932; x_wconf 82' lang='grc' dir='ltr'>βρῶμα.</span> <span class='ocrx_word' id='word_1_530' title='bbox 1168 3884 1187 3917; x_wconf 81' lang='grc' dir='ltr'><strong>ι</strong></span> 
     </span>
    </p>
   </div>
   <div class='ocr_carea' id='block_1_71' title="bbox 308 3964 1976 4044">
    <p class='ocr_par' dir='ltr' id='par_1_71' title="bbox 308 3964 1825 4044">
     <span class='ocr_line' id='line_1_71' title="bbox 308 3964 1825 4044; baseline -0.008 -16"><span class='ocrx_word' id='word_1_531' title='bbox 308 3974 416 4044; x_wconf 68' lang='grc' dir='ltr'>κβν.</span> <span class='ocrx_word' id='word_1_532' title='bbox 475 3972 685 4040; x_wconf 82' lang='grc' dir='ltr'>Λόγους</span> <span class='ocrx_word' id='word_1_533' title='bbox 724 3968 975 4031; x_wconf 89' lang='grc' dir='ltr'>ἐντολῶν,</span> <span class='ocrx_word' id='word_1_534' title='bbox 1006 3968 1035 4020; x_wconf 86' lang='grc' dir='ltr'>ὁ</span> <span class='ocrx_word' id='word_1_535' title='bbox 1071 3967 1243 4037; x_wconf 78' lang='grc' dir='ltr'>χωρὶς</span> <span class='ocrx_word' id='word_1_536' title='bbox 1275 3965 1508 4020; x_wconf 88' lang='grc' dir='ltr'>ἐντολῶν</span> <span class='ocrx_word' id='word_1_537' title='bbox 1530 3964 1825 4034; x_wconf 77' lang='grc' dir='ltr'>ἐπιζητῶν,</span> 
     </span>
    </p>
   </div>
   <div class='ocr_carea' id='block_1_72' title="bbox 1831 3964 3499 4044">
    <p class='ocr_par' dir='ltr' id='par_1_72' title="bbox 2002 3974 3499 4038">
     <span class='ocr_line' id='line_1_72' title="bbox 2002 3974 3499 4038; baseline 0.001 -11"><span class='ocrx_word' id='word_1_538' title='bbox 2002 3974 2093 4027; x_wconf 74' lang='lat'><strong>29..</strong></span> <span class='ocrx_word' id='word_1_539' title='bbox 2144 3974 2321 4028; x_wconf 88' lang='lat' dir='ltr'><strong>Trans</strong></span> <span class='ocrx_word' id='word_1_540' title='bbox 2371 3976 2621 4027; x_wconf 86' lang='lat' dir='ltr'><strong>mandata</strong></span> <span class='ocrx_word' id='word_1_541' title='bbox 2656 3974 2744 4038; x_wconf 87' lang='lat' dir='ltr'><strong>qni</strong></span> <span class='ocrx_word' id='word_1_542' title='bbox 2796 3988 3075 4028; x_wconf 80' lang='lat' dir='ltr'><strong>sermunes</strong></span> <span class='ocrx_word' id='word_1_543' title='bbox 3125 3975 3499 4028; x_wconf 87' lang='lat' dir='ltr'><strong>mandatorum</strong></span> 
     </span>
    </p>
   </div>
   <div class='ocr_carea' id='block_1_73' title="bbox 221 4056 1889 4134">
    <p class='ocr_par' dir='ltr' id='par_1_73' title="bbox 221 4056 1830 4134">
     <span class='ocr_line' id='line_1_73' title="bbox 221 4056 1830 4134; baseline -0.009 -13"><span class='ocrx_word' id='word_1_544' title='bbox 221 4068 335 4121; x_wconf 69' lang='grc' dir='ltr'><strong>καὶ</strong></span> <span class='ocrx_word' id='word_1_545' title='bbox 354 4065 447 4119; x_wconf 81' lang='grc' dir='ltr'>διά</span> <span class='ocrx_word' id='word_1_546' title='bbox 479 4062 794 4134; x_wconf 75' lang='grc' dir='ltr'>μαθήσεως,</span> <span class='ocrx_word' id='word_1_547' title='bbox 829 4061 863 4133; x_wconf 68' lang='grc' dir='ltr'>ἢ</span> <span class='ocrx_word' id='word_1_548' title='bbox 892 4058 1253 4127; x_wconf 81' lang='grc' dir='ltr'>ἀναγνώσεως</span> <span class='ocrx_word' id='word_1_549' title='bbox 1316 4056 1597 4110; x_wconf 89' lang='grc' dir='ltr'>ἐπιποθῶν</span> <span class='ocrx_word' id='word_1_550' title='bbox 1649 4057 1830 4127; x_wconf 83' lang='grc' dir='ltr'>εὑρεῖν</span> 
     </span>
    </p>
   </div>
   <div class='ocr_carea' id='block_1_74' title="bbox 1829 4056 3497 4134">
    <p class='ocr_par' dir='ltr' id='par_1_74' title="bbox 1829 4065 3497 4133">
     <span class='ocr_line' id='line_1_74' title="bbox 1829 4065 3497 4133; baseline -0.001 -14"><span class='ocrx_word' id='word_1_551' title='bbox 1829 4079 1830 4082; x_wconf 78' lang='lat'>‘</span> <span class='ocrx_word' id='word_1_552' title='bbox 1934 4067 2128 4133; x_wconf 71' lang='lat' dir='ltr'><strong>quaerit</strong></span> <span class='ocrx_word' id='word_1_553' title='bbox 2143 4074 2196 4119; x_wconf 89' lang='lat' dir='ltr'><strong>et</strong></span> <span class='ocrx_word' id='word_1_554' title='bbox 2213 4079 2305 4133; x_wconf 87' lang='lat' dir='ltr'><strong>per</strong></span> <span class='ocrx_word' id='word_1_555' title='bbox 2326 4066 2607 4118; x_wconf 87' lang='lat' dir='ltr'><strong>scientiam</strong></span> <span class='ocrx_word' id='word_1_556' title='bbox 2627 4075 2715 4117; x_wconf 89' lang='lat' dir='ltr'><strong>aut</strong></span> <span class='ocrx_word' id='word_1_557' title='bbox 2733 4065 3018 4119; x_wconf 90' lang='lat' dir='ltr'><strong>lectionem</strong></span> <span class='ocrx_word' id='word_1_558' title='bbox 3042 4066 3280 4117; x_wconf 88' lang='lat' dir='ltr'><strong>invenire</strong></span> <span class='ocrx_word' id='word_1_559' title='bbox 3298 4069 3497 4131; x_wconf 85' lang='lat' dir='ltr'><strong>studet,</strong></span> 
     </span>
    </p>
   </div>
   <div class='ocr_carea' id='block_1_75' title="bbox 220 4147 1888 4227">
    <p class='ocr_par' dir='ltr' id='par_1_75' title="bbox 220 4147 1827 4227">
     <span class='ocr_line' id='line_1_75' title="bbox 220 4147 1827 4227; baseline -0.007 -17"><span class='ocrx_word' id='word_1_560' title='bbox 220 4157 424 4227; x_wconf 79' lang='grc' dir='ltr'>ὅμοιός</span> <span class='ocrx_word' id='word_1_561' title='bbox 465 4157 582 4207; x_wconf 81' lang='grc' dir='ltr'>ἐστι</span> <span class='ocrx_word' id='word_1_562' title='bbox 612 4152 687 4223; x_wconf 81' lang='grc' dir='ltr'>τῷ</span> <span class='ocrx_word' id='word_1_563' title='bbox 717 4154 878 4205; x_wconf 80' lang='grc' dir='ltr'>σκιάν</span> <span class='ocrx_word' id='word_1_564' title='bbox 934 4150 1055 4203; x_wconf 73' lang='grc' dir='ltr'>ἀντὶ</span> <span class='ocrx_word' id='word_1_565' title='bbox 1108 4148 1369 4215; x_wconf 89' lang='grc' dir='ltr'>ἀληθείας</span> <span class='ocrx_word' id='word_1_566' title='bbox 1400 4147 1827 4217; x_wconf 82' lang='grc' dir='ltr'>φανταζομένῳ·</span> 
     </span>
    </p>
   </div>
   <div class='ocr_carea' id='block_1_76' title="bbox 1829 4147 3497 4227">
    <p class='ocr_par' dir='ltr' id='par_1_76' title="bbox 1934 4156 3497 4226">
     <span class='ocr_line' id='line_1_76' title="bbox 1934 4156 3497 4226; baseline -0.002 -16"><span class='ocrx_word' id='word_1_567' title='bbox 1934 4158 2129 4210; x_wconf 82' lang='lat' dir='ltr'><strong>similis</strong></span> <span class='ocrx_word' id='word_1_568' title='bbox 2150 4165 2231 4210; x_wconf 85' lang='lat' dir='ltr'><strong>est</strong></span> <span class='ocrx_word' id='word_1_569' title='bbox 2254 4157 2370 4226; x_wconf 86' lang='lat' dir='ltr'><strong>ejus</strong></span> <span class='ocrx_word' id='word_1_570' title='bbox 2388 4156 2482 4225; x_wconf 85' lang='lat' dir='ltr'><strong>qui</strong></span> <span class='ocrx_word' id='word_1_571' title='bbox 2523 4158 2767 4208; x_wconf 83' lang='lat' dir='ltr'><strong>umbram</strong></span> <span class='ocrx_word' id='word_1_572' title='bbox 2796 4172 2894 4223; x_wconf 87' lang='lat' dir='ltr'><strong>pro</strong></span> <span class='ocrx_word' id='word_1_573' title='bbox 2917 4156 3145 4210; x_wconf 88' lang='lat' dir='ltr'><strong>veritate</strong></span> <span class='ocrx_word' id='word_1_574' title='bbox 3174 4159 3497 4211; x_wconf 86' lang='lat' dir='ltr'><strong>somniatur.</strong></span> 
     </span>
    </p>
   </div>
   <div class='ocr_carea' id='block_1_77' title="bbox 224 4235 1892 4316">
    <p class='ocr_par' dir='ltr' id='par_1_77' title="bbox 224 4235 1830 4313">
     <span class='ocr_line' id='line_1_77' title="bbox 224 4235 1830 4313; baseline -0.009 -11"><span class='ocrx_word' id='word_1_575' title='bbox 224 4250 287 4303; x_wconf 71' lang='grc' dir='ltr'><strong>οἱ</strong></span> <span class='ocrx_word' id='word_1_576' title='bbox 343 4248 495 4313; x_wconf 79' lang='grc' dir='ltr'>λόγοι</span> <span class='ocrx_word' id='word_1_577' title='bbox 552 4243 662 4311; x_wconf 90' lang='grc' dir='ltr'><strong>γάρ</strong></span> <span class='ocrx_word' id='word_1_578' title='bbox 702 4243 801 4310; x_wconf 85' lang='grc' dir='ltr'><strong>τῆς</strong></span> <span class='ocrx_word' id='word_1_579' title='bbox 850 4238 1108 4309; x_wconf 78' lang='grc' dir='ltr'>ἀληθείας</span> <span class='ocrx_word' id='word_1_580' title='bbox 1154 4240 1212 4289; x_wconf 84' lang='grc' dir='ltr'><strong>ἐν</strong></span> <span class='ocrx_word' id='word_1_581' title='bbox 1266 4238 1378 4298; x_wconf 84' lang='grc' dir='ltr'>τοῖς</span> <span class='ocrx_word' id='word_1_582' title='bbox 1422 4236 1522 4305; x_wconf 89' lang='grc' dir='ltr'><strong>τῆς</strong></span> <span class='ocrx_word' id='word_1_583' title='bbox 1572 4235 1830 4304; x_wconf 83' lang='grc' dir='ltr'>ἀληθείας</span> 
     </span>
    </p>
   </div>
   <div class='ocr_carea' id='block_1_78' title="bbox 1829 4235 3497 4316">
    <p class='ocr_par' dir='ltr' id='par_1_78' title="bbox 1829 4250 3497 4316">
     <span class='ocr_line' id='line_1_78' title="bbox 1829 4250 3497 4316; baseline -0.002 -10"><span class='ocrx_word' id='word_1_584' title='bbox 1829 4254 1830 4260; x_wconf 68' lang='grc'><em>“</em></span> <span class='ocrx_word' id='word_1_585' title='bbox 1937 4250 2228 4306; x_wconf 82' lang='lat' dir='ltr'><strong>Sermones</strong></span> <span class='ocrx_word' id='word_1_586' title='bbox 2270 4252 2416 4305; x_wconf 86' lang='lat' dir='ltr'><strong>enim</strong></span> <span class='ocrx_word' id='word_1_587' title='bbox 2450 4254 2709 4305; x_wconf 82' lang='lat' dir='ltr'><strong>veritates</strong></span> <span class='ocrx_word' id='word_1_588' title='bbox 2754 4251 2918 4304; x_wconf 84' lang='lat' dir='ltr'><strong>habet</strong></span> <span class='ocrx_word' id='word_1_589' title='bbox 2949 4250 3195 4304; x_wconf 84' lang='lat' dir='ltr'><strong>veritatis</strong></span> <span class='ocrx_word' id='word_1_590' title='bbox 3243 4265 3497 4316; x_wconf 83' lang='lat' dir='ltr'><strong>compos;</strong></span> 
     </span>
    </p>
   </div>
   <div class='ocr_carea' id='block_1_79' title="bbox 230 4328 1898 4421">
    <p class='ocr_par' dir='ltr' id='par_1_79' title="bbox 230 4328 1827 4412">
     <span class='ocr_line' id='line_1_79' title="bbox 230 4328 1827 4412; baseline -0.008 -20"><span class='ocrx_word' id='word_1_591' title='bbox 230 4341 494 4412; x_wconf 80' lang='grc' dir='ltr'>μετόχοις</span> <span class='ocrx_word' id='word_1_592' title='bbox 543 4336 887 4404; x_wconf 76' lang='grc' dir='ltr'>μετέχονται,</span> <span class='ocrx_word' id='word_1_593' title='bbox 915 4332 965 4384; x_wconf 80' lang='grc' dir='ltr'>οἱ</span> <span class='ocrx_word' id='word_1_594' title='bbox 990 4330 1047 4383; x_wconf 83' lang='grc' dir='ltr'><strong>δέ</strong></span> <span class='ocrx_word' id='word_1_595' title='bbox 1102 4329 1202 4399; x_wconf 86' lang='grc' dir='ltr'><strong>τῆς</strong></span> <span class='ocrx_word' id='word_1_596' title='bbox 1246 4328 1508 4396; x_wconf 85' lang='grc' dir='ltr'>ἀληθείας</span> <span class='ocrx_word' id='word_1_597' title='bbox 1568 4328 1827 4397; x_wconf 78' lang='grc' dir='ltr'>ἀμέτοχοι</span> 
     </span>
    </p>
   </div>
   <div class='ocr_carea' id='block_1_80' title="bbox 1834 4328 3502 4421">
    <p class='ocr_par' dir='ltr' id='par_1_80' title="bbox 1934 4342 3502 4411">
     <span class='ocr_line' id='line_1_80' title="bbox 1934 4342 3502 4411; baseline -0.001 -14"><span class='ocrx_word' id='word_1_598' title='bbox 1934 4343 2179 4397; x_wconf 85' lang='lat' dir='ltr'><strong>veritatis</strong></span> <span class='ocrx_word' id='word_1_599' title='bbox 2236 4355 2413 4397; x_wconf 88' lang='lat' dir='ltr'><strong>autem</strong></span> <span class='ocrx_word' id='word_1_600' title='bbox 2445 4352 2696 4411; x_wconf 82' lang='lat' dir='ltr'><strong>expertes</strong></span> <span class='ocrx_word' id='word_1_601' title='bbox 2731 4352 2784 4396; x_wconf 90' lang='lat' dir='ltr'><strong>et</strong></span> <span class='ocrx_word' id='word_1_602' title='bbox 2830 4342 3001 4411; x_wconf 87' lang='lat' dir='ltr'><strong>ignari</strong></span> <span class='ocrx_word' id='word_1_603' title='bbox 3023 4381 3038 4407; x_wconf 89' lang='lat'><strong>,</strong></span> <span class='ocrx_word' id='word_1_604' title='bbox 3077 4358 3354 4396; x_wconf 80' lang='lat' dir='ltr'><strong>sermones</strong></span> <span class='ocrx_word' id='word_1_605' title='bbox 3384 4342 3502 4409; x_wconf 86' lang='lat' dir='ltr'><strong>ejus</strong></span> 
     </span>
    </p>
   </div>
   <div class='ocr_carea' id='block_1_81' title="bbox 228 4420 1896 4503">
    <p class='ocr_par' dir='ltr' id='par_1_81' title="bbox 228 4420 1828 4499">
     <span class='ocr_line' id='line_1_81' title="bbox 228 4420 1828 4499; baseline -0.007 -17"><span class='ocrx_word' id='word_1_606' title='bbox 228 4434 338 4489; x_wconf 68' lang='grc' dir='ltr'><strong>καὶ</strong></span> <span class='ocrx_word' id='word_1_607' title='bbox 397 4429 673 4499; x_wconf 78' lang='grc' dir='ltr'>ἀμύητοι,</span> <span class='ocrx_word' id='word_1_608' title='bbox 724 4426 918 4493; x_wconf 88' lang='grc' dir='ltr'>λόγους</span> <span class='ocrx_word' id='word_1_609' title='bbox 968 4421 1375 4492; x_wconf 79' lang='grc' dir='ltr'>ἐπιζητοῦντες,</span> <span class='ocrx_word' id='word_1_610' title='bbox 1444 4421 1570 4483; x_wconf 81' lang='grc' dir='ltr'>τοὺς</span> <span class='ocrx_word' id='word_1_611' title='bbox 1612 4422 1676 4472; x_wconf 87' lang='grc' dir='ltr'><strong>ἐκ</strong></span> <span class='ocrx_word' id='word_1_612' title='bbox 1732 4420 1828 4487; x_wconf 88' lang='grc' dir='ltr'><strong>τῆς</strong></span> 
     </span>
    </p>
   </div>
   <div class='ocr_carea' id='block_1_82' title="bbox 1831 4420 3499 4503">
    <p class='ocr_par' dir='ltr' id='par_1_82' title="bbox 1936 4433 3499 4503">
     <span class='ocr_line' id='line_1_82' title="bbox 1936 4433 3499 4503; baseline -0.001 -15"><span class='ocrx_word' id='word_1_613' title='bbox 1936 4433 2279 4503; x_wconf 87' lang='lat' dir='ltr'><strong>inquirendo,</strong></span> <span class='ocrx_word' id='word_1_614' title='bbox 2310 4448 2586 4487; x_wconf 85' lang='lat' dir='ltr'><strong>sermones</strong></span> <span class='ocrx_word' id='word_1_615' title='bbox 2624 4434 2803 4487; x_wconf 76' lang='lat' dir='ltr'><strong>stultae</strong></span> <span class='ocrx_word' id='word_1_616' title='bbox 2854 4433 3136 4500; x_wconf 78' lang='lat' dir='ltr'><strong>sapientia:</strong></span> <span class='ocrx_word' id='word_1_617' title='bbox 3182 4434 3499 4499; x_wconf 70' lang='lat' dir='ltr'><strong>t-cpt-riuut:</strong></span> 
     </span>
    </p>
   </div>
   <div class='ocr_carea' id='block_1_83' title="bbox 230 4511 1898 4597">
    <p class='ocr_par' dir='ltr' id='par_1_83' title="bbox 230 4511 1832 4597">
     <span class='ocr_line' id='line_1_83' title="bbox 230 4511 1832 4597; baseline -0.006 -23"><span class='ocrx_word' id='word_1_618' title='bbox 230 4521 630 4597; x_wconf 77' lang='grc' dir='ltr'>μωρανθείσης</span> <span class='ocrx_word' id='word_1_619' title='bbox 689 4517 881 4586; x_wconf 86' lang='grc' dir='ltr'>σοφίας</span> <span class='ocrx_word' id='word_1_620' title='bbox 938 4514 1276 4585; x_wconf 82' lang='grc' dir='ltr'>εὑρίσκουσι,</span> <span class='ocrx_word' id='word_1_621' title='bbox 1319 4513 1411 4575; x_wconf 82' lang='grc' dir='ltr'><strong>οὓς</strong></span> <span class='ocrx_word' id='word_1_622' title='bbox 1445 4513 1537 4565; x_wconf 79' lang='grc' dir='ltr'>καὶ</span> <span class='ocrx_word' id='word_1_623' title='bbox 1569 4511 1832 4581; x_wconf 79' lang='grc' dir='ltr'>ψυχικοὺς</span> 
     </span>
    </p>
   </div>
   <div class='ocr_carea' id='block_1_84' title="bbox 1831 4511 3499 4597">
    <p class='ocr_par' dir='ltr' id='par_1_84' title="bbox 1831 4522 3499 4592">
     <span class='ocr_line' id='line_1_84' title="bbox 1831 4522 3499 4592; baseline -0.002 -16"><span class='ocrx_word' id='word_1_624' title='bbox 1831 4533 1832 4537; x_wconf 81' lang='lat'>‘</span> <span class='ocrx_word' id='word_1_625' title='bbox 1933 4538 2071 4592; x_wconf 88' lang='lat' dir='ltr'><strong>quos</strong></span> <span class='ocrx_word' id='word_1_626' title='bbox 2109 4523 2395 4592; x_wconf 83' lang='lat' dir='ltr'><strong>Apostolus</strong></span> <span class='ocrx_word' id='word_1_627' title='bbox 2423 4523 2685 4575; x_wconf 83' lang='lat' dir='ltr'><strong>animales</strong></span> <span class='ocrx_word' id='word_1_628' title='bbox 2715 4524 2949 4586; x_wconf 71' lang='lat' dir='ltr'><strong>vocavit,</strong></span> <span class='ocrx_word' id='word_1_629' title='bbox 2994 4523 3241 4591; x_wconf 88' lang='lat' dir='ltr'><strong>spiritum</strong></span> <span class='ocrx_word' id='word_1_630' title='bbox 3271 4537 3377 4574; x_wconf 89' lang='lat' dir='ltr'><strong>non</strong></span> <span class='ocrx_word' id='word_1_631' title='bbox 3406 4522 3499 4573; x_wconf 87' lang='lat' dir='ltr'><strong>ha-</strong></span> 
     </span>
    </p>
   </div>
   <div class='ocr_carea' id='block_1_85' title="bbox 226 4602 1894 4681">
    <p class='ocr_par' dir='ltr' id='par_1_85' title="bbox 226 4602 1894 4679">
     <span class='ocr_line' id='line_1_85' title="bbox 226 4602 1894 4679; baseline 0.001 -12"><span class='ocrx_word' id='word_1_632' title='bbox 226 4614 508 4670; x_wconf 69' lang='grc' dir='ltr'>ἐκάλεσεν</span> <span class='ocrx_word' id='word_1_633' title='bbox 536 4613 566 4664; x_wconf 86' lang='grc' dir='ltr'><strong>ό</strong></span> <span class='ocrx_word' id='word_1_634' title='bbox 598 4608 942 4672; x_wconf 76' lang='grc' dir='ltr'>Ἀπόστολθς,</span> <span class='ocrx_word' id='word_1_635' title='bbox 1011 4603 1227 4673; x_wconf 84' lang='grc' dir='ltr'>πνεῦμα</span> <span class='ocrx_word' id='word_1_636' title='bbox 1259 4604 1334 4675; x_wconf 86' lang='grc' dir='ltr'>μὴ</span> <span class='ocrx_word' id='word_1_637' title='bbox 1360 4602 1605 4673; x_wconf 65' lang='grc' dir='ltr'>ἔχοντας,</span> <span class='ocrx_word' id='word_1_638' title='bbox 1632 4603 1736 4657; x_wconf 77' lang='grc' dir='ltr'>κᾶν</span> <span class='ocrx_word' id='word_1_639' title='bbox 1766 4606 1830 4673; x_wconf 71' lang='grc' dir='ltr'><strong>τῇ</strong></span> <span class='ocrx_word' id='word_1_640' title='bbox 1858 4618 1894 4679; x_wconf 71' lang='grc' dir='ltr'><strong>Ῑῖ</strong></span> 
     </span>
    </p>
   </div>
   <div class='ocr_carea' id='block_1_86' title="bbox 1270 4602 2938 4681">
    <p class='ocr_par' dir='ltr' id='par_1_86' title="bbox 1270 4602 2938 4681">
     <span class='ocr_line' id='line_1_86' title="bbox 1270 4602 2938 4681; baseline -0.004 -8"><span class='ocrx_word' id='word_1_641' title='bbox 1270 4604 1334 4675; x_wconf 47' lang='grc' dir='ltr'><strong>μὴ</strong></span> <span class='ocrx_word' id='word_1_642' title='bbox 1360 4602 1605 4673; x_wconf 62' lang='grc' dir='ltr'><strong>ἔχοντας.</strong></span> <span class='ocrx_word' id='word_1_643' title='bbox 1632 4603 1736 4657; x_wconf 73' lang='grc' dir='ltr'><strong>κᾶν</strong></span> <span class='ocrx_word' id='word_1_644' title='bbox 1766 4606 1830 4673; x_wconf 68' lang='grc' dir='ltr'><strong>τῇ</strong></span> <span class='ocrx_word' id='word_1_645' title='bbox 1858 4618 1912 4679; x_wconf 88' lang='lat' dir='ltr'><strong><em>D</em></strong></span> <span class='ocrx_word' id='word_1_646' title='bbox 1939 4615 2150 4677; x_wconf 86' lang='lat' dir='ltr'><strong>bentes,</strong></span> <span class='ocrx_word' id='word_1_647' title='bbox 2190 4616 2316 4669; x_wconf 87' lang='lat' dir='ltr'><strong>licet</strong></span> <span class='ocrx_word' id='word_1_648' title='bbox 2349 4615 2577 4669; x_wconf 87' lang='lat' dir='ltr'><strong>veritate</strong></span> <span class='ocrx_word' id='word_1_649' title='bbox 2604 4615 2938 4681; x_wconf 83' lang='lat' dir='ltr'><strong>superbiant.</strong></span> 
     </span>
    </p>
   </div>
   <div class='ocr_carea' id='block_1_87' title="bbox 228 4700 896 4775">
    <p class='ocr_par' dir='ltr' id='par_1_87' title="bbox 228 4700 896 4775">
     <span class='ocr_line' id='line_1_87' title="bbox 228 4700 896 4775; baseline -0.016 -13"><span class='ocrx_word' id='word_1_650' title='bbox 228 4704 478 4775; x_wconf 80' lang='grc' dir='ltr'>ἀληθείᾳ</span> <span class='ocrx_word' id='word_1_651' title='bbox 497 4719 555 4755; x_wconf 89' lang='grc' dir='ltr'><strong>σε</strong></span> <span class='ocrx_word' id='word_1_652' title='bbox 564 4700 896 4771; x_wconf 85' lang='grc' dir='ltr'>μνύνωνται.</span> 
     </span>
    </p>
   </div>
   <div class='ocr_carea' id='block_1_88' title="bbox 318 4785 1986 4878">
    <p class='ocr_par' dir='ltr' id='par_1_88' title="bbox 318 4785 1835 4865">
     <span class='ocr_line' id='line_1_88' title="bbox 318 4785 1835 4865; baseline -0.01 -14"><span class='ocrx_word' id='word_1_653' title='bbox 318 4799 428 4865; x_wconf 84' lang='grc' dir='ltr'>κγ’.</span> <span class='ocrx_word' id='word_1_654' title='bbox 455 4798 669 4864; x_wconf 81' lang='grc' dir='ltr'>Ὥσπερ</span> <span class='ocrx_word' id='word_1_655' title='bbox 698 4795 727 4845; x_wconf 86' lang='grc' dir='ltr'><strong>ό</strong></span> <span class='ocrx_word' id='word_1_656' title='bbox 766 4790 1023 4859; x_wconf 73' lang='grc' dir='ltr'>αἰσθητὸς</span> <span class='ocrx_word' id='word_1_657' title='bbox 1078 4787 1359 4855; x_wconf 69' lang='grc' dir='ltr'>ὀφθαλμὸς</span> <span class='ocrx_word' id='word_1_658' title='bbox 1410 4789 1491 4849; x_wconf 80' lang='grc' dir='ltr'><strong>είς</strong></span> <span class='ocrx_word' id='word_1_659' title='bbox 1513 4787 1574 4837; x_wconf 76' lang='grc' dir='ltr'>τὸ</span> <span class='ocrx_word' id='word_1_660' title='bbox 1602 4785 1835 4855; x_wconf 86' lang='grc' dir='ltr'>γράμμα</span> 
     </span>
    </p>
   </div>
   <div class='ocr_carea' id='block_1_89' title="bbox 1832 4785 3500 4878">
    <p class='ocr_par' dir='ltr' id='par_1_89' title="bbox 1832 4809 3500 4878">
     <span class='ocr_line' id='line_1_89' title="bbox 1832 4809 3500 4878; baseline 0.001 -15"><span class='ocrx_word' id='word_1_661' title='bbox 1832 4826 1835 4835; x_wconf 94' lang='grc'>·</span> <span class='ocrx_word' id='word_1_662' title='bbox 2011 4810 2102 4863; x_wconf 73' lang='lat'><strong>‘25.</strong></span> <span class='ocrx_word' id='word_1_663' title='bbox 2132 4810 2429 4878; x_wconf 79' lang='lat' dir='ltr'><strong>Inspicieus</strong></span> <span class='ocrx_word' id='word_1_664' title='bbox 2452 4810 2749 4862; x_wconf 87' lang='lat' dir='ltr'><strong>materialis</strong></span> <span class='ocrx_word' id='word_1_665' title='bbox 2774 4810 2961 4863; x_wconf 85' lang='lat' dir='ltr'><strong>oculus</strong></span> <span class='ocrx_word' id='word_1_666' title='bbox 2981 4809 3215 4863; x_wconf 79' lang='lat' dir='ltr'><strong>litteram</strong></span> <span class='ocrx_word' id='word_1_667' title='bbox 3234 4826 3296 4863; x_wconf 77' lang='lat' dir='ltr'><strong>ex</strong></span> <span class='ocrx_word' id='word_1_668' title='bbox 3324 4811 3500 4865; x_wconf 86' lang='lat' dir='ltr'><strong>littera</strong></span> 
     </span>
    </p>
   </div>
   <div class='ocr_carea' id='block_1_90' title="bbox 230 4876 1898 4969">
    <p class='ocr_par' dir='ltr' id='par_1_90' title="bbox 230 4876 1835 4959">
     <span class='ocr_line' id='line_1_90' title="bbox 230 4876 1835 4959; baseline -0.006 -21"><span class='ocrx_word' id='word_1_669' title='bbox 230 4890 452 4959; x_wconf 66' lang='grc' dir='ltr'>ἀφορᾷ,</span> <span class='ocrx_word' id='word_1_670' title='bbox 501 4888 595 4939; x_wconf 76' lang='grc' dir='ltr'>καὶ</span> <span class='ocrx_word' id='word_1_671' title='bbox 626 4887 693 4937; x_wconf 83' lang='grc' dir='ltr'><strong>ἐκ</strong></span> <span class='ocrx_word' id='word_1_672' title='bbox 727 4882 820 4936; x_wconf 89' lang='grc' dir='ltr'><strong>τοῦ</strong></span> <span class='ocrx_word' id='word_1_673' title='bbox 847 4882 1175 4951; x_wconf 86' lang='grc' dir='ltr'>γράμματος</span> <span class='ocrx_word' id='word_1_674' title='bbox 1202 4878 1474 4946; x_wconf 79' lang='grc' dir='ltr'>λαμϐάνει</span> <span class='ocrx_word' id='word_1_675' title='bbox 1506 4877 1571 4929; x_wconf 83' lang='grc' dir='ltr'><strong>τά</strong></span> <span class='ocrx_word' id='word_1_676' title='bbox 1604 4876 1835 4944; x_wconf 73' lang='grc' dir='ltr'>αἰσθητὰ</span> 
     </span>
    </p>
   </div>
   <div class='ocr_carea' id='block_1_91' title="bbox 1831 4876 3499 4969">
    <p class='ocr_par' dir='ltr' id='par_1_91' title="bbox 1831 4895 3499 4969">
     <span class='ocr_line' id='line_1_91' title="bbox 1831 4895 3499 4969; baseline -0.001 -12"><span class='ocrx_word' id='word_1_677' title='bbox 1831 4895 1835 4927; x_wconf 76' lang='grc'><strong><em>⁵</em></strong></span> <span class='ocrx_word' id='word_1_678' title='bbox 1940 4904 2223 4957; x_wconf 74' lang='lat' dir='ltr'><strong>sensuales</strong></span> <span class='ocrx_word' id='word_1_679' title='bbox 2254 4903 2487 4955; x_wconf 62' lang='lat' dir='ltr'><strong>desunht</strong></span> <span class='ocrx_word' id='word_1_680' title='bbox 2510 4903 2865 4969; x_wconf 79' lang='lat' dir='ltr'><strong>cogitationes</strong></span> <span class='ocrx_word' id='word_1_681' title='bbox 2899 4918 2913 4954; x_wconf 88' lang='lat'><strong>:</strong></span> <span class='ocrx_word' id='word_1_682' title='bbox 2953 4903 3186 4969; x_wconf 88' lang='lat' dir='ltr'><strong>itemque</strong></span> <span class='ocrx_word' id='word_1_683' title='bbox 3220 4904 3499 4969; x_wconf 76' lang='lat' dir='ltr'><strong>purilieata</strong></span> 
     </span>
    </p>
   </div>
   <div class='ocr_carea' id='block_1_92' title="bbox 230 4966 1898 5062">
    <p class='ocr_par' dir='ltr' id='par_1_92' title="bbox 230 4966 1837 5049">
     <span class='ocr_line' id='line_1_92' title="bbox 230 4966 1837 5049; baseline -0.011 -14"><span class='ocrx_word' id='word_1_684' title='bbox 230 4985 521 5049; x_wconf 73' lang='grc' dir='ltr'>νοήματα,</span> <span class='ocrx_word' id='word_1_685' title='bbox 564 4972 936 5036; x_wconf 83' lang='grc' dir='ltr'>οὖτωςόνοῦς</span> <span class='ocrx_word' id='word_1_686' title='bbox 995 4972 1124 5023; x_wconf 83' lang='grc' dir='ltr'>ὅταν</span> <span class='ocrx_word' id='word_1_687' title='bbox 1176 4968 1447 5037; x_wconf 80' lang='grc' dir='ltr'>καθαρθῇ,</span> <span class='ocrx_word' id='word_1_688' title='bbox 1512 4968 1607 5019; x_wconf 80' lang='lat' dir='ltr'><strong>xal.</strong></span> <span class='ocrx_word' id='word_1_689' title='bbox 1653 4969 1732 5028; x_wconf 76' lang='grc' dir='ltr'>εἰς</span> <span class='ocrx_word' id='word_1_690' title='bbox 1776 4966 1837 5018; x_wconf 83' lang='grc' dir='ltr'><strong>τὸ</strong></span> 
     </span>
    </p>
   </div>
   <div class='ocr_carea' id='block_1_93' title="bbox 1833 4966 3501 5062">
    <p class='ocr_par' dir='ltr' id='par_1_93' title="bbox 1833 4991 3501 5062">
     <span class='ocr_line' id='line_1_93' title="bbox 1833 4991 3501 5062; baseline -0.001 -15"><span class='ocrx_word' id='word_1_691' title='bbox 1833 4991 1837 5062; x_wconf 56' lang='grc' dir='ltr'><em>ῗ</em></span> <span class='ocrx_word' id='word_1_692' title='bbox 1938 5010 2095 5048; x_wconf 90' lang='lat' dir='ltr'><strong>meus</strong></span> <span class='ocrx_word' id='word_1_693' title='bbox 2141 5006 2192 5046; x_wconf 89' lang='lat' dir='ltr'><strong>et</strong></span> <span class='ocrx_word' id='word_1_694' title='bbox 2226 4994 2467 5062; x_wconf 79' lang='lat' dir='ltr'><strong>ptistina:</strong></span> <span class='ocrx_word' id='word_1_695' title='bbox 2500 4994 2745 5045; x_wconf 88' lang='lat' dir='ltr'><strong>restituta</strong></span> <span class='ocrx_word' id='word_1_696' title='bbox 2786 4992 3057 5060; x_wconf 70' lang='lat' dir='ltr'><strong>dignitati,</strong></span> <span class='ocrx_word' id='word_1_697' title='bbox 3094 4994 3255 5046; x_wconf 86' lang='lat' dir='ltr'><strong>Deum</strong></span> <span class='ocrx_word' id='word_1_698' title='bbox 3291 4996 3501 5047; x_wconf 85' lang='lat' dir='ltr'><strong>intuens</strong></span> 
     </span>
    </p>
   </div>
   <div class='ocr_carea' id='block_1_94' title="bbox 240 5060 1908 5154">
    <p class='ocr_par' dir='ltr' id='par_1_94' title="bbox 240 5060 1838 5142">
     <span class='ocr_line' id='line_1_94' title="bbox 240 5060 1838 5142; baseline -0.013 -14"><span class='ocrx_word' id='word_1_699' title='bbox 240 5075 485 5142; x_wconf 75' lang='grc' dir='ltr'>ἀρχαῖον</span> <span class='ocrx_word' id='word_1_700' title='bbox 557 5066 826 5135; x_wconf 78' lang='grc' dir='ltr'>ἐπανέλθῃ</span> <span class='ocrx_word' id='word_1_701' title='bbox 884 5062 1122 5130; x_wconf 81' lang='grc' dir='ltr'>ἀξίωμα,</span> <span class='ocrx_word' id='word_1_702' title='bbox 1182 5062 1260 5122; x_wconf 80' lang='grc' dir='ltr'>εἰς</span> <span class='ocrx_word' id='word_1_703' title='bbox 1288 5060 1422 5112; x_wconf 78' lang='grc' dir='ltr'>Θεὸν</span> <span class='ocrx_word' id='word_1_704' title='bbox 1487 5060 1610 5129; x_wconf 80' lang='grc' dir='ltr'>ὁρᾷ,</span> <span class='ocrx_word' id='word_1_705' title='bbox 1654 5060 1838 5121; x_wconf 73' lang='grc' dir='ltr'>καὶέξ</span> 
     </span>
    </p>
   </div>
   <div class='ocr_carea' id='block_1_95' title="bbox 1830 5060 3498 5154">
    <p class='ocr_par' dir='ltr' id='par_1_95' title="bbox 1830 5077 3498 5154">
     <span class='ocr_line' id='line_1_95' title="bbox 1830 5077 3498 5154; baseline -0.001 -13"><span class='ocrx_word' id='word_1_706' title='bbox 1830 5077 1838 5121; x_wconf 71' lang='grc' dir='ltr'><strong>ί</strong></span> <span class='ocrx_word' id='word_1_707' title='bbox 1936 5102 1997 5142; x_wconf 78' lang='lat' dir='ltr'><strong>ex</strong></span> <span class='ocrx_word' id='word_1_708' title='bbox 2023 5098 2090 5140; x_wconf 88' lang='lat' dir='ltr'><strong>eo</strong></span> <span class='ocrx_word' id='word_1_709' title='bbox 2110 5088 2467 5154; x_wconf 75' lang='lat' dir='ltr'><strong>cogitationes</strong></span> <span class='ocrx_word' id='word_1_710' title='bbox 2488 5085 2686 5154; x_wconf 83' lang='lat' dir='ltr'><strong>accipit</strong></span> <span class='ocrx_word' id='word_1_711' title='bbox 2716 5084 2930 5138; x_wconf 81' lang='lat' dir='ltr'><strong>divinas</strong></span> <span class='ocrx_word' id='word_1_712' title='bbox 2955 5099 2973 5151; x_wconf 69' lang='grc' dir='ltr'><strong>ς</strong></span> <span class='ocrx_word' id='word_1_713' title='bbox 2999 5094 3053 5139; x_wconf 91' lang='lat' dir='ltr'><strong>et</strong></span> <span class='ocrx_word' id='word_1_714' title='bbox 3069 5102 3165 5154; x_wconf 91' lang='lat' dir='ltr'><strong>pro</strong></span> <span class='ocrx_word' id='word_1_715' title='bbox 3186 5086 3319 5140; x_wconf 88' lang='lat' dir='ltr'><strong>libro</strong></span> <span class='ocrx_word' id='word_1_716' title='bbox 3339 5087 3498 5140; x_wconf 69' lang='lat' dir='ltr'><strong>habet</strong></span> 
     </span>
    </p>
   </div>
   <div class='ocr_carea' id='block_1_96' title="bbox 243 5150 1911 5245">
    <p class='ocr_par' dir='ltr' id='par_1_96' title="bbox 243 5150 1837 5229">
     <span class='ocr_line' id='line_1_96' title="bbox 243 5150 1837 5229; baseline -0.018 -11"><span class='ocrx_word' id='word_1_717' title='bbox 243 5164 428 5222; x_wconf 69' lang='grc' dir='ltr'>αὑτοῦ</span> <span class='ocrx_word' id='word_1_718' title='bbox 491 5160 759 5229; x_wconf 75' lang='grc' dir='ltr'>λαμόάνει</span> <span class='ocrx_word' id='word_1_719' title='bbox 780 5156 846 5208; x_wconf 70' lang='grc' dir='ltr'><strong>τὰ</strong></span> <span class='ocrx_word' id='word_1_720' title='bbox 878 5155 998 5207; x_wconf 86' lang='grc' dir='ltr'>θεῖα</span> <span class='ocrx_word' id='word_1_721' title='bbox 1026 5154 1275 5221; x_wconf 82' lang='grc' dir='ltr'>νοήματα</span> <span class='ocrx_word' id='word_1_722' title='bbox 1296 5168 1309 5182; x_wconf 83' lang='lat'><strong><em>°</em></strong></span> <span class='ocrx_word' id='word_1_723' title='bbox 1344 5152 1437 5203; x_wconf 76' lang='grc' dir='ltr'>καὶ</span> <span class='ocrx_word' id='word_1_724' title='bbox 1468 5150 1589 5204; x_wconf 75' lang='grc' dir='ltr'>ἀντὶ</span> <span class='ocrx_word' id='word_1_725' title='bbox 1616 5150 1715 5218; x_wconf 81' lang='grc' dir='ltr'><strong>μὲν</strong></span> <span class='ocrx_word' id='word_1_726' title='bbox 1756 5150 1837 5219; x_wconf 85' lang='grc' dir='ltr'><strong>βί-</strong></span> 
     </span>
    </p>
   </div>
   <div class='ocr_carea' id='block_1_97' title="bbox 1830 5150 3498 5245">
    <p class='ocr_par' dir='ltr' id='par_1_97' title="bbox 1830 5176 3498 5245">
     <span class='ocr_line' id='line_1_97' title="bbox 1830 5176 3498 5245; baseline -0.001 -14"><span class='ocrx_word' id='word_1_727' title='bbox 1830 5180 1837 5189; x_wconf 91' lang='grc'><em>’</em></span> <span class='ocrx_word' id='word_1_728' title='bbox 1935 5179 2209 5245; x_wconf 87' lang='lat' dir='ltr'><strong>spiritum,</strong></span> <span class='ocrx_word' id='word_1_729' title='bbox 2245 5195 2341 5245; x_wconf 84' lang='lat' dir='ltr'><strong>pro</strong></span> <span class='ocrx_word' id='word_1_730' title='bbox 2374 5178 2581 5229; x_wconf 83' lang='lat' dir='ltr'><strong>calamo</strong></span> <span class='ocrx_word' id='word_1_731' title='bbox 2639 5176 2969 5229; x_wconf 90' lang='lat' dir='ltr'><strong>intellectum</strong></span> <span class='ocrx_word' id='word_1_732' title='bbox 2994 5186 3047 5229; x_wconf 89' lang='lat' dir='ltr'><strong>et</strong></span> <span class='ocrx_word' id='word_1_733' title='bbox 3074 5178 3335 5244; x_wconf 86' lang='lat' dir='ltr'><strong>linguam,</strong></span> <span class='ocrx_word' id='word_1_734' title='bbox 3360 5178 3498 5229; x_wconf 85' lang='lat' dir='ltr'><strong>sicut</strong></span> 
     </span>
    </p>
   </div>
   <div class='ocr_carea' id='block_1_98' title="bbox 248 5244 1916 5335">
    <p class='ocr_par' dir='ltr' id='par_1_98' title="bbox 248 5244 1839 5323">
     <span class='ocr_line' id='line_1_98' title="bbox 248 5244 1839 5323; baseline -0.009 -12"><span class='ocrx_word' id='word_1_735' title='bbox 248 5261 393 5312; x_wconf 72' lang='grc' dir='ltr'>ελου</span> <span class='ocrx_word' id='word_1_736' title='bbox 431 5257 543 5323; x_wconf 79' lang='grc' dir='ltr'>ἔχει</span> <span class='ocrx_word' id='word_1_737' title='bbox 575 5253 638 5303; x_wconf 75' lang='grc' dir='ltr'>τὸ</span> <span class='ocrx_word' id='word_1_738' title='bbox 670 5249 905 5317; x_wconf 88' lang='grc' dir='ltr'>πνεῦμα,</span> <span class='ocrx_word' id='word_1_739' title='bbox 935 5248 1056 5299; x_wconf 76' lang='grc' dir='ltr'>ἀντὶ</span> <span class='ocrx_word' id='word_1_740' title='bbox 1078 5247 1132 5298; x_wconf 78' lang='grc' dir='ltr'><strong>δὲ</strong></span> <span class='ocrx_word' id='word_1_741' title='bbox 1169 5246 1435 5312; x_wconf 83' lang='grc' dir='ltr'>καλάμου,</span> <span class='ocrx_word' id='word_1_742' title='bbox 1465 5244 1559 5313; x_wconf 86' lang='grc' dir='ltr'>τὴν</span> <span class='ocrx_word' id='word_1_743' title='bbox 1602 5244 1839 5296; x_wconf 88' lang='grc' dir='ltr'>διάνοιαν</span> 
     </span>
    </p>
   </div>
   <div class='ocr_carea' id='block_1_99' title="bbox 1829 5244 3497 5335">
    <p class='ocr_par' dir='ltr' id='par_1_99' title="bbox 1829 5261 3497 5335">
     <span class='ocr_line' id='line_1_99' title="bbox 1829 5261 3497 5335; baseline 0.001 -16"><span class='ocrx_word' id='word_1_744' title='bbox 1829 5261 1839 5294; x_wconf 83' lang='grc'><em>⁹</em></span> <span class='ocrx_word' id='word_1_745' title='bbox 1938 5271 2196 5335; x_wconf 78' lang='grc' dir='ltr'>ειτιριιιιιι</span> <span class='ocrx_word' id='word_1_746' title='bbox 2216 5277 2299 5319; x_wconf 89' lang='lat' dir='ltr'><strong>est</strong></span> <span class='ocrx_word' id='word_1_747' title='bbox 2324 5284 2339 5319; x_wconf 84' lang='lat'>:</span> <span class='ocrx_word' id='word_1_748' title='bbox 2367 5285 2385 5318; x_wconf 77' lang='grc' dir='ltr'><strong>ι</strong></span> <span class='ocrx_word' id='word_1_749' title='bbox 2416 5266 2617 5335; x_wconf 85' lang='lat' dir='ltr'><strong>Lingua</strong></span> <span class='ocrx_word' id='word_1_750' title='bbox 2649 5281 2763 5319; x_wconf 88' lang='lat' dir='ltr'><strong>mea</strong></span> <span class='ocrx_word' id='word_1_751' title='bbox 2784 5266 3026 5321; x_wconf 84' lang='lat' dir='ltr'><strong>calamus</strong></span> <span class='ocrx_word' id='word_1_752' title='bbox 3043 5270 3084 5328; x_wconf 72' lang='grc'>⁸,</span> <span class='ocrx_word' id='word_1_753' title='bbox 3112 5286 3130 5317; x_wconf 80' lang='grc' dir='ltr'><strong>ι</strong></span> <span class='ocrx_word' id='word_1_754' title='bbox 3151 5280 3205 5319; x_wconf 91' lang='lat' dir='ltr'><strong>et</strong></span> <span class='ocrx_word' id='word_1_755' title='bbox 3238 5283 3335 5330; x_wconf 82' lang='lat' dir='ltr'><strong>pro</strong></span> <span class='ocrx_word' id='word_1_756' title='bbox 3354 5278 3497 5321; x_wconf 86' lang='lat' dir='ltr'><strong>atra-</strong></span> 
     </span>
    </p>
   </div>
   <div class='ocr_carea' id='block_1_100' title="bbox 252 5330 1920 5427">
    <p class='ocr_par' dir='ltr' id='par_1_100' title="bbox 252 5330 1818 5414">
     <span class='ocr_line' id='line_1_100' title="bbox 252 5330 1818 5414; baseline -0.009 -12"><span class='ocrx_word' id='word_1_757' title='bbox 252 5351 362 5406; x_wconf 77' lang='grc' dir='ltr'>καὶ</span> <span class='ocrx_word' id='word_1_758' title='bbox 401 5349 503 5414; x_wconf 85' lang='grc' dir='ltr'>τὴν</span> <span class='ocrx_word' id='word_1_759' title='bbox 534 5344 807 5411; x_wconf 77' lang='grc' dir='ltr'>γλῶσσανο</span> <span class='ocrx_word' id='word_1_760' title='bbox 853 5341 918 5392; x_wconf 85' lang='lat' dir='ltr'><strong>&#39;H</strong></span> <span class='ocrx_word' id='word_1_761' title='bbox 965 5339 1186 5407; x_wconf 73' lang='grc' dir='ltr'>γλῶσσά</span> <span class='ocrx_word' id='word_1_762' title='bbox 1217 5356 1343 5408; x_wconf 86' lang='grc' dir='ltr'>μου,</span> <span class='ocrx_word' id='word_1_763' title='bbox 1385 5330 1541 5406; x_wconf 55' lang='grc' dir='ltr'>φησὶ,</span> <span class='ocrx_word' id='word_1_764' title='bbox 1573 5336 1818 5403; x_wconf 77' lang='grc' dir='ltr'>κάλαμος</span> 
     </span>
    </p>
   </div>
   <div class='ocr_carea' id='block_1_101' title="bbox 1826 5330 3494 5427">
    <p class='ocr_par' dir='ltr' id='par_1_101' title="bbox 1940 5358 3494 5427">
     <span class='ocr_line' id='line_1_101' title="bbox 1940 5358 3494 5427; baseline 0.002 -17"><span class='ocrx_word' id='word_1_765' title='bbox 1940 5370 2120 5412; x_wconf 89' lang='lat' dir='ltr'><strong>mento</strong></span> <span class='ocrx_word' id='word_1_766' title='bbox 2176 5362 2377 5413; x_wconf 88' lang='lat' dir='ltr'><strong>lumen.</strong></span> <span class='ocrx_word' id='word_1_767' title='bbox 2440 5360 2776 5411; x_wconf 84' lang='lat' dir='ltr'><strong>Intellectum</strong></span> <span class='ocrx_word' id='word_1_768' title='bbox 2826 5358 2988 5425; x_wconf 85' lang='lat' dir='ltr'><strong>igitur</strong></span> <span class='ocrx_word' id='word_1_769' title='bbox 3064 5358 3391 5427; x_wconf 80' lang='lat' dir='ltr'><strong>immergeus</strong></span> <span class='ocrx_word' id='word_1_770' title='bbox 3443 5363 3494 5413; x_wconf 93' lang='lat' dir='ltr'><strong>in</strong></span> 
     </span>
    </p>
   </div>
   <div class='ocr_carea' id='block_1_102' title="bbox 240 5444 1908 5519">
    <p class='ocr_par' dir='ltr' id='par_1_102' title="bbox 240 5444 1839 5518">
     <span class='ocr_line' id='line_1_102' title="bbox 240 5444 1839 5518; baseline 0.004 -18"><span class='ocrx_word' id='word_1_771' title='bbox 240 5448 319 5500; x_wconf 74' lang='grc' dir='ltr'>τὸ</span> <span class='ocrx_word' id='word_1_772' title='bbox 350 5444 469 5513; x_wconf 75' lang='grc' dir='ltr'><strong>φῶς</strong></span> <span class='ocrx_word' id='word_1_773' title='bbox 500 5444 579 5509; x_wconf 78' lang='grc' dir='ltr'><strong>δὲ,</strong></span> <span class='ocrx_word' id='word_1_774' title='bbox 628 5444 754 5497; x_wconf 81' lang='grc' dir='ltr'>ἀντὶ</span> <span class='ocrx_word' id='word_1_775' title='bbox 812 5446 1039 5514; x_wconf 77' lang='grc' dir='ltr'>μέλανος</span> <span class='ocrx_word' id='word_1_776' title='bbox 1066 5462 1080 5477; x_wconf 86' lang='grc'><strong>·</strong></span> <span class='ocrx_word' id='word_1_777' title='bbox 1134 5448 1430 5516; x_wconf 74' lang='grc' dir='ltr'>ἐμϐάπτων</span> <span class='ocrx_word' id='word_1_778' title='bbox 1471 5448 1563 5502; x_wconf 77' lang='grc' dir='ltr'><strong>οὖν</strong></span> <span class='ocrx_word' id='word_1_779' title='bbox 1600 5452 1698 5518; x_wconf 74' lang='grc' dir='ltr'>τὴν</span> <span class='ocrx_word' id='word_1_780' title='bbox 1724 5453 1839 5506; x_wconf 87' lang='grc' dir='ltr'>διά-</span> 
     </span>
    </p>
   </div>
   <div class='ocr_carea' id='block_1_103' title="bbox 1828 5444 3496 5519">
    <p class='ocr_par' dir='ltr' id='par_1_103' title="bbox 1828 5451 3496 5519">
     <span class='ocr_line' id='line_1_103' title="bbox 1828 5451 3496 5519; baseline 0.002 -17"><span class='ocrx_word' id='word_1_781' title='bbox 1828 5483 1839 5492; x_wconf 95' lang='grc'><strong>-</strong></span> <span class='ocrx_word' id='word_1_782' title='bbox 1935 5451 2161 5515; x_wconf 85' lang='lat' dir='ltr'><strong>lumine,</strong></span> <span class='ocrx_word' id='word_1_783' title='bbox 2188 5464 2244 5503; x_wconf 93' lang='lat' dir='ltr'><strong>et</strong></span> <span class='ocrx_word' id='word_1_784' title='bbox 2288 5452 2523 5505; x_wconf 89' lang='lat' dir='ltr'><strong>lucidum</strong></span> <span class='ocrx_word' id='word_1_785' title='bbox 2555 5452 2819 5517; x_wconf 76' lang='lat' dir='ltr'><strong>ellit-iens,</strong></span> <span class='ocrx_word' id='word_1_786' title='bbox 2850 5467 3133 5505; x_wconf 82' lang='lat' dir='ltr'><strong>sermones</strong></span> <span class='ocrx_word' id='word_1_787' title='bbox 3162 5455 3351 5506; x_wconf 85' lang='lat' dir='ltr'><strong>scribit</strong></span> <span class='ocrx_word' id='word_1_788' title='bbox 3383 5454 3496 5519; x_wconf 83' lang='lat' dir='ltr'><strong>spi-</strong></span> 
     </span>
    </p>
   </div>
   <div class='ocr_carea' id='block_1_104' title="bbox 240 5536 1908 5613">
    <p class='ocr_par' dir='ltr' id='par_1_104' title="bbox 240 5536 1837 5613">
     <span class='ocr_line' id='line_1_104' title="bbox 240 5536 1837 5613; baseline 0.003 -21"><span class='ocrx_word' id='word_1_789' title='bbox 240 5552 411 5592; x_wconf 80' lang='grc' dir='ltr'>νοιαν</span> <span class='ocrx_word' id='word_1_790' title='bbox 438 5538 497 5587; x_wconf 90' lang='grc' dir='ltr'><strong>ἐν</strong></span> <span class='ocrx_word' id='word_1_791' title='bbox 526 5536 605 5606; x_wconf 80' lang='grc' dir='ltr'>τῷ</span> <span class='ocrx_word' id='word_1_792' title='bbox 657 5539 821 5605; x_wconf 78' lang='grc' dir='ltr'>φωτὶ,</span> <span class='ocrx_word' id='word_1_793' title='bbox 884 5539 979 5591; x_wconf 77' lang='grc' dir='ltr'><strong>καὶ</strong></span> <span class='ocrx_word' id='word_1_794' title='bbox 1038 5539 1152 5606; x_wconf 80' lang='grc' dir='ltr'><strong>φῶς</strong></span> <span class='ocrx_word' id='word_1_795' title='bbox 1209 5540 1511 5605; x_wconf 84' lang='grc' dir='ltr'>ἀποτελῶν,</span> <span class='ocrx_word' id='word_1_796' title='bbox 1544 5542 1837 5613; x_wconf 79' lang='grc' dir='ltr'>διαγράφει</span> 
     </span>
    </p>
   </div>
   <div class='ocr_carea' id='block_1_105' title="bbox 1830 5536 3498 5613">
    <p class='ocr_par' dir='ltr' id='par_1_105' title="bbox 1830 5543 3498 5612">
     <span class='ocr_line' id='line_1_105' title="bbox 1830 5543 3498 5612; baseline 0.002 -16"><span class='ocrx_word' id='word_1_797' title='bbox 1830 5565 1837 5596; x_wconf 74' lang='grc' dir='ltr'><strong>ι</strong></span> <span class='ocrx_word' id='word_1_798' title='bbox 1936 5544 2157 5597; x_wconf 84' lang='lat' dir='ltr'><strong>rituales</strong></span> <span class='ocrx_word' id='word_1_799' title='bbox 2189 5545 2242 5596; x_wconf 92' lang='lat' dir='ltr'><strong>in</strong></span> <span class='ocrx_word' id='word_1_800' title='bbox 2278 5544 2424 5611; x_wconf 89' lang='lat' dir='ltr'><strong>puris</strong></span> <span class='ocrx_word' id='word_1_801' title='bbox 2454 5545 2786 5598; x_wconf 81' lang='lat' dir='ltr'><strong>audientium</strong></span> <span class='ocrx_word' id='word_1_802' title='bbox 2816 5544 3091 5597; x_wconf 89' lang='lat' dir='ltr'><strong>cordibus.</strong></span> <span class='ocrx_word' id='word_1_803' title='bbox 3121 5543 3273 5597; x_wconf 83' lang='lat' dir='ltr'><strong>Tunc</strong></span> <span class='ocrx_word' id='word_1_804' title='bbox 3330 5563 3498 5612; x_wconf 73' lang='lat' dir='ltr'><strong>agno-</strong></span> 
     </span>
    </p>
   </div>
   <div class='ocr_carea' id='block_1_106' title="bbox 239 5628 1907 5705">
    <p class='ocr_par' dir='ltr' id='par_1_106' title="bbox 239 5628 1837 5699">
     <span class='ocr_line' id='line_1_106' title="bbox 239 5628 1837 5699; baseline 0.007 -19"><span class='ocrx_word' id='word_1_805' title='bbox 239 5630 386 5690; x_wconf 80' lang='grc' dir='ltr'>στοὺς</span> <span class='ocrx_word' id='word_1_806' title='bbox 455 5628 647 5697; x_wconf 81' lang='grc' dir='ltr'>λόγους</span> <span class='ocrx_word' id='word_1_807' title='bbox 680 5632 738 5681; x_wconf 89' lang='grc' dir='ltr'><strong>ἐν</strong></span> <span class='ocrx_word' id='word_1_808' title='bbox 788 5630 1059 5699; x_wconf 70' lang='grc' dir='ltr'>πιεύματι</span> <span class='ocrx_word' id='word_1_809' title='bbox 1113 5634 1170 5683; x_wconf 84' lang='grc' dir='ltr'><strong>ἐν</strong></span> <span class='ocrx_word' id='word_1_810' title='bbox 1212 5636 1329 5697; x_wconf 75' lang='grc' dir='ltr'>τοῖς</span> <span class='ocrx_word' id='word_1_811' title='bbox 1380 5636 1489 5689; x_wconf 82' lang='grc' dir='ltr'><strong>τῶν</strong></span> <span class='ocrx_word' id='word_1_812' title='bbox 1528 5637 1837 5694; x_wconf 77' lang='grc' dir='ltr'>ἀκουόντων</span> 
     </span>
    </p>
   </div>
   <div class='ocr_carea' id='block_1_107' title="bbox 1831 5628 3499 5705">
    <p class='ocr_par' dir='ltr' id='par_1_107' title="bbox 1831 5636 3499 5705">
     <span class='ocr_line' id='line_1_107' title="bbox 1831 5636 3499 5705; baseline 0.001 -16"><span class='ocrx_word' id='word_1_813' title='bbox 1831 5658 1837 5682; x_wconf 75' lang='grc' dir='ltr'>ν</span> <span class='ocrx_word' id='word_1_814' title='bbox 1933 5636 2036 5690; x_wconf 79' lang='lat' dir='ltr'><strong>scit</strong></span> <span class='ocrx_word' id='word_1_815' title='bbox 2072 5637 2213 5705; x_wconf 90' lang='lat' dir='ltr'><strong>quod</strong></span> <span class='ocrx_word' id='word_1_816' title='bbox 2260 5636 2463 5689; x_wconf 90' lang='lat' dir='ltr'><strong>dictum</strong></span> <span class='ocrx_word' id='word_1_817' title='bbox 2496 5645 2601 5701; x_wconf 78' lang='lat' dir='ltr'><strong>est,</strong></span> <span class='ocrx_word' id='word_1_818' title='bbox 2637 5637 2907 5703; x_wconf 85' lang='lat' dir='ltr'><strong>quomodo</strong></span> <span class='ocrx_word' id='word_1_819' title='bbox 2954 5638 3135 5691; x_wconf 76' lang='lat' dir='ltr'><strong>lidelrs</strong></span> <span class='ocrx_word' id='word_1_820' title='bbox 3179 5638 3339 5692; x_wconf 75' lang='lat' dir='ltr'><strong>futuri</strong></span> <span class='ocrx_word' id='word_1_821' title='bbox 3390 5640 3499 5693; x_wconf 84' lang='lat' dir='ltr'><strong>sint</strong></span> 
     </span>
    </p>
   </div>
   <div class='ocr_carea' id='block_1_108' title="bbox 332 5801 1255 5868">
    <p class='ocr_par' dir='ltr' id='par_1_108' title="bbox 332 5801 1255 5868">
     <span class='ocr_line' id='line_1_108' title="bbox 332 5801 1255 5868; baseline 0.002 -15"><span class='ocrx_word' id='word_1_822' title='bbox 332 5805 350 5831; x_wconf 86' lang='grc'><strong><em>⁸</em></strong></span> <span class='ocrx_word' id='word_1_823' title='bbox 377 5802 396 5854; x_wconf 88' lang='grc'><strong>1</strong></span> <span class='ocrx_word' id='word_1_824' title='bbox 428 5801 551 5853; x_wconf 74' lang='lat' dir='ltr'><strong>Cur.</strong></span> <span class='ocrx_word' id='word_1_825' title='bbox 584 5818 663 5867; x_wconf 86' lang='lat' dir='ltr'><strong>ut,</strong></span> <span class='ocrx_word' id='word_1_826' title='bbox 689 5804 739 5855; x_wconf 75' lang='grc'>2.</span> <span class='ocrx_word' id='word_1_827' title='bbox 823 5808 839 5833; x_wconf 76' lang='grc'><strong><em>⁵</em></strong></span> <span class='ocrx_word' id='word_1_828' title='bbox 868 5803 988 5858; x_wconf 80' lang='lat' dir='ltr'><strong>Psal</strong></span> <span class='ocrx_word' id='word_1_829' title='bbox 1030 5820 1169 5868; x_wconf 61' lang='lat' dir='ltr'><strong>aut,</strong></span> <span class='ocrx_word' id='word_1_830' title='bbox 1204 5803 1255 5861; x_wconf 78' lang='lat'><strong>‘2.</strong></span> 
     </span>
    </p>
   </div>
  </div>
