4224 6464
284 311 424 376 1253

271 534 387 593 λος,
455 533 509 585 εἰ
567 534 662 586 καὶ
712 535 913 598 πᾶντες
958 538 1016 588 ἐν
1070 535 1152 587 ἑνὶ
1186 534 1314 606 θείῳ
1352 539 1822 611 στερεώματιλάμ

265 640 486 678 πουσιν.

341 720 445 780 με’.
510 713 793 781 Ἀγγέλοις
844 717 1149 785 ὁμοδίαιτος
1200 720 1412 787 γίνεται
1451 720 1628 791 βραχύ
1654 740 1728 786 τι,
1765 727 1854 774 καὶ

262 803 586 873 ἀσώματος,
610 806 684 870 ὡς
712 807 991 881 ἄφθαρτος
1020 814 1046 863 ὁ
1068 812 1157 864 τὸν
1186 813 1286 883 μὲν
1315 812 1443 865 νοῦν
1481 814 1568 867 διὰ
1600 815 1846 885 δακρύων.

264 898 534 967 καθάρας,
603 901 703 971 τὴν
756 902 813 955 δὲ
860 904 1060 975 ψυχὴν,
1115 908 1431 978 ἀναστήσας
1473 909 1726 963 ἐντεῦθεν
1776 912 1852 981 τῷ

263 990 571 1061 πνεύματι,
606 994 703 1063 τὴν
732 996 792 1049 δὲ
858 997 1035 1068 σάρκα
1053 999 1130 1069 τῷ
1165 1000 1309 1070 λόγῳ
1340 1002 1631 1068 φωτοειδές
1676 1020 1733 1055 τε
1759 1005 1852 1055 καὶ

261 1084 494 1151 πύρινον
549 1084 775 1155 ἄγαλμα
832 1088 980 1152 Θείας
1037 1090 1375 1162 ὼραιότητος
1432 1094 1801 1162 ποιησάμενος
1833 1135 1848 1157 ,

258 1174 357 1225 τὸν
392 1174 555 1241 φύσει
610 1177 838 1246 πήλινον
867 1180 1164 1253 ἀνδριάντα
1193 1183 1417 1238 ἑαυτοῦ·
1451 1186 1608 1257 εἰπερ
1638 1188 1851 1257 ἀφθαρ-

261 1264 354 1317 σία
417 1267 536 1318 ἐστὶ
604 1272 895 1340 σωμάτων,
951 1274 1140 1344 χυμῶν
1168 1275 1413 1345 ἔκλειψις
1465 1278 1557 1331 καὶ
1601 1282 1848 1350 παχυτή-

255 1376 389 1415 των.

333 1458 455 1522 pg“.
503 1456 695 1525 Γήϊνον
727 1456 881 1510 ἔσται
914 1458 975 1512 τὸ
1010 1460 1170 1530 σῶμα
1202 1461 1300 1530 τῆς
1323 1462 1655 1533 ἀφθαρσίας,
1678 1466 1847 1534 χωρὶς

254 1546 451 1613 χυμῶν
505 1551 599 1598 καὶ
653 1548 1004 1620 παχύτητος,
1060 1555 1529 1623 μεταποιούμενον
1588 1558 1843 1627 ἀρρήτως

255 1642 368 1692 ἀπὸ
399 1641 496 1694 τοῦ
546 1644 780 1714 ψυχικοῦ
828 1649 910 1710 εἰς
942 1649 1102 1719 σῶμα
1141 1654 1530 1722 πνευματικὸν,
1564 1656 1637 1718 ὡς
1706 1652 1846 1708 alvu

260 1734 359 1785 καί
380 1735 587 1803 χοῖκὸν,
616 1738 711 1791 καὶ
738 1741 988 1810 οὐράνιον
1027 1746 1092 1813 τῇ
1118 1744 1215 1814 τῆς
1242 1744 1505 1810 θεοειδίας
1530 1742 1841 1818 λεπτότητι*

1331 325 1601 388 CAPITA
1654 331 1802 391 PER
1843 334 2499 412 ACROSTICHIDEM.

268 442 497 509 ἀστέρος
561 442 805 512 διαφέρει
838 444 897 495 ὲν
930 442 1076 513 δόξῃ,
1114 442 1294 506 καθώς
1328 432 1493 515 φησιν
1521 447 1547 497 ό
1590 447 1851 499 Ἀπόστο-
1882 457 1927 514 Α

1334 432 1547 542 φησινό
1590 447 1851 499 Ἀπόστο-
1882 457 1927 514 Α
1961 458 2139 515 dim-rt
2178 465 2447 532 claritate,
2502 480 2557 523 ut
2588 472 2660 523 ait
2715 473 3002 542 Apostolus

3398 369 3531 434 1954

3019 477 3059 543 ³,
3097 480 3217 535 licet
3261 497 3448 538 omnes
3476 486 3528 539 in

1957 570 2066 608 uno
2100 556 2336 626 fulgeant
2364 562 2546 616 divino
2583 564 2942 622 firmamento.

2032 736 2124 791 45.
2164 738 2401 795 Mutatur
2424 743 2537 797 fere
2564 744 2616 797 in
2653 748 2902 814 angelum
2942 750 3319 818 incorporeum
3354 763 3407 809 et
3440 756 3523 807 in-

1952 832 2409 901 corruptibilem,
2490 838 2582 906 qui
2642 849 2876 895 mentem
2942 842 3191 912 lacrymis
3248 859 3525 916 purgans,

1955 929 2303 997 animamque
2330 928 2440 995 jam
2477 947 2620 985 none
2650 934 2870 1003 spiritu,
2909 951 3128 991 carnem
3156 952 3285 993 vero
3312 943 3520 994 ratione

1952 1020 2189 1089 erigens,
2217 1023 2266 1075 in
2310 1022 2646 1090 splendidam
2682 1028 3001 1097 igneamque
3048 1030 3248 1084 divinze
3280 1033 3524 1099 pulchri-

1954 1113 2157 1168 tudinis
2220 1116 2512 1184 imaginem
2551 1121 2817 1173 convcrtit
2867 1137 3020 1175 suam
3083 1124 3385 1177 naturalem
3440 1127 3521 1177 lu-

1954 1215 2202 1276 teamque
2266 1208 2495 1263 formam
2534 1212 2842 1279 :siquitleut
2890 1214 3222 1283 incorruptio
3274 1219 3521 1288 corporis

1949 1308 2030 1353 est
2064 1300 2312 1355 defectus
2340 1303 2629 1357 humerum
2685 1315 2735 1358 et
2760 1306 3165 1361 crassitudinis.

2020 1484 2116 1540 46.
2176 1482 2602 1554 lncorruptionis
2666 1504 2861 1558 corpus
2913 1492 3016 1545 erit
3063 1501 3362 1557 terrenum,
3426 1495 3521 1549 scd

1947 1580 2151 1645 alisque
2226 1580 2543 1633 humoribus
2601 1591 2654 1635 et
2709 1583 3097 1646 crassitudine,
3172 1585 3520 1640 ittcfl‘ahiliter

1951 1672 2393 1727 transformatum
2426 1674 2493 1727 ab
2542 1676 2759 1728 animali
2794 1676 2845 1727 in
2880 1678 3130 1745 spiritale
3173 1694 3367 1743 corpus
3397 1695 3414 1733 :
3446 1681 3516 1733 ita

1950 1778 2010 1820 ut
2040 1768 2109 1821 sit
2147 1777 2404 1822 terrestre
2439 1770 2603 1823 simul
2637 1786 2695 1821 ac.
2726 1770 2970 1835 cmlesle,
2996 1780 3049 1822 et
3082 1770 3385 1825 subtilitate
3412 1773 3520 1825 Deo

257 1820 373 1877 οἷον
408 1828 519 1896 γὰρ
560 1830 807 1901 ἐπλάσθη
853 1835 910 1899 ἐξ
957 1812 1180 1904 ἀρχῆς,
1208 1838 1448 1893 τοιοῦτον
1482 1841 1575 1893 καὶ
1610 1812 1843 1910 ἀναστή-
1874 1812 1921 1872 Β

1955 1812 2010 1820 η-
2042 1812 2109 1821 υ.-
2148 1812 2404 1822 -......_...,
2439 1812 2602 1823 νην...
2728 1812 2970 1835 “me...”
2998 1812 3049 1822 ..
3082 1812 3385 1825 ....,........υ
3414 1812 3518 1825 ν...-

1874 1812 1921 1872 B
1955 1858 2152 1913 simile.
2196 1858 2367 1924 Quale
2416 1862 2558 1913 enim
2624 1862 2871 1928 primitus
2934 1871 3176 1914 creatum
3236 1872 3347 1927 est,
3412 1862 3518 1914 tale

255 1932 443 1975 σεται,ς
488 1919 574 1971 ἵνα
663 1922 991 1994 σύμμορφον
1033 1926 1134 1996 τῆς
1195 1932 1401 1994 εἰκόνος
1451 1933 1546 1985 τοῦ
1590 1935 1704 1987 υἱοῦ
1747 1934 1841 1986 τοῦ

251 2004 572 2076 ἀνθρώπου,
614 2012 756 2065 κατά
779 2015 879 2085 τὴν
934 2017 1230 2091 ὁλόκληρον
1282 2022 1380 2092 τῆς
1424 2021 1671 2089 θεώσεως
1712 2025 1843 2095 μέθ-

249 2114 388 2163 εςιν.

328 2193 439 2259 μζ’.
502 2193 542 2245 Γ
548 2194 581 2263 ἧ
664 2197 890 2268 πραέων
951 2201 1103 2254 ἐστὶν
1168 2204 1200 2273 ἡ
1279 2204 1525 2275 βασιλεία
1584 2208 1693 2262 τῶν
1749 2211 1841 2263 ού-

245 2283 577 2357 ρανῶν,ἢή
629 2288 923 2363 θεανδρικὴ
983 2294 1076 2347 τοῦ
1132 2297 1249 2349 υἰοῦ
1302 2299 1437 2365 ἕξις,
1500 2302 1581 2364 εἰς
1642 2303 1707 2372 ἢν
1743 2304 1834 2373 βε-

247 2378 552 2447 ϐήκαμεν,
603 2382 636 2451 ἢ
684 2384 1065 2455 ὲπιϐαίνομεν,
1122 2390 1223 2459 τὴν
1261 2391 1319 2443 ἐν
1345 2394 1527 2463 χάριτι
1584 2396 1836 2465 γέννησιν

243 2468 351 2536 τῆς
412 2470 709 2537 υἱοθεσίας,
768 2476 862 2529 καὶ
889 2476 987 2547 τὴν
1021 2478 1110 2533 διὰ
1147 2481 1246 2549 τῆς
1278 2483 1627 2550 ἀναστάσεως
1654 2490 1832 2541 καινόν

243 2577 387 2629 τητα
420 2562 729 2633 εἰληφότες·
782 2568 815 2638 ἢ
852 2571 1034 2635 πάλιν,
1066 2573 1137 2642 γῆ
1168 2575 1298 2642 ἀγία
1330 2578 1477 2629 ὲστίν
1506 2580 1538 2647 ἡ
1571 2580 1833 2634 θεωθείσα

242 2652 435 2719 φύσις,
482 2655 514 2723 ἢ
562 2658 727 2728 τυχὸν
790 2662 885 2713 καὶ
950 2663 1285 2733 καθαρθείσα
1340 2671 1413 2736 γῆ
1469 2671 1631 2740 αὕτη,
1696 2675 1832 2743 πρὸς

234 2749 480 2816 γεηροὺς
551 2750 673 2802 κατ’
719 2753 879 2819 ἀξίαν
945 2758 1307 2831 τοιούτουςοῆ
1356 2764 1476 2815 κατ’
1508 2764 1675 2834 ἄλλην
1710 2768 1832 2819 ἐπί-

239 2854 399 2892 νοιαν
430 2856 445 2871 ο
505 2842 575 2911 γῆ
638 2847 1267 2922 γατακληρονομουμένη
1323 2856 1440 2907 ἐστὶ
1497 2859 1606 2919 τοῖς
1664 2858 1832 2922 ὅντως

236 2932 423 2997 ἁγίοις
472 2937 504 3005 ἡ
553 2937 871 3006 ἀκύμαντος
916 2942 1016 3010 τῆς
1071 2945 1212 3014 ὑπὲρ
1262 2950 1388 2999 νοῦν
1439 2952 1663 3018 εἰρήνης
1709 2951 1828 3004 Θεία

1954 1962 2217 2020 resurget,
2289 1963 2346 2005 ut
2403 1951 2770 2017 eontiguretur
2809 1951 3030 2022 imagini
3100 1952 3219 2007 Filii
3260 1953 3515 2018 hominis,

1950 2040 2155 2097 dedica:
2190 2044 2408 2097 omnino
2448 2059 2674 2098 consors
2699 2046 2904 2114 glorim.

2018 2224 2107 2280 47.
2142 2224 2340 2280 Sancta
2375 2225 2583 2279 mitium
2615 2236 2758 2279 terra
2815 2236 2898 2281 est
2951 2242 3173 2294 regnum
3225 2227 3514 2287 enatorum.

1946 2331 2037 2371 seu
2074 2318 2265 2371 deitica
2297 2319 2483 2372 filiatio
2511 2334 2672 2387 quam
2702 2321 2879 2386 adepti
2903 2320 2981 2373 vel
3021 2322 3267 2387 adepturi
3300 2337 3511 2381 smnus.

1945 2411 2117 2477 gratia
2154 2408 2461 2475 t’egenerati
2512 2420 2565 2464 et
2601 2411 2864 2478 adoptati.
2890 2422 2942 2464 et
2996 2414 3394 2465 resurrectione
3430 2414 3515 2466 in-

1944 2504 2195 2559 stanrati.
2220 2502 2309 2555 Vel
2331 2503 2505 2555 adhuc
2529 2512 2669 2555 terra
2701 2514 2886 2555 sancta
2909 2512 2993 2555 est
3023 2513 3208 2556 natura
3241 2504 3511 2567 deificatu,

1946 2606 2036 2649 aut
2096 2598 2275 2648 forsan
2336 2606 2478 2648 terra
2547 2594 2661 2648 hate
2708 2595 2990 2663 purificata
3055 2613 3150 2663 pro
3214 2597 3409 2650 incolis
3447 2600 3511 2650 ad

1946 2697 2148 2741 tantam
2192 2690 2507 2755 dignitatem
2560 2690 2848 2755 promotis.
2889 2684 2979 2741 Vel
3017 2688 3120 2741 alio
3152 2704 3332 2752 sensu,
3369 2699 3510 2744 terra

1942 2795 2067 2832 τοι-ο
2137 2782 2343 2832 sanctis
2427 2789 2740 2841 reservata,
2801 2790 2889 2833 est
2944 2780 3511 2847 incompreltcnsihilis

1940 2875 2208 2927 securitas
2239 2885 2291 2925 et
2326 2873 2508 2925 divina
2546 2889 2668 2938 patr.
2700 2872 2751 2924 in
2788 2888 2890 2936 qua
2932 2873 3197 2940 justorutn
3231 2875 3511 2941 generatio

1940 2966 2316 3024 collocahitur,
2348 2966 2494 3019 nullo
2530 2978 2795 3019 creatum?
2828 2965 3059 3016 tumultu
3118 2967 3509 3023 perturbanda.

238 3026 491 3095 γαλήνη,
520 3024 602 3088 εἰς
635 3023 704 3095 ἢν
736 3024 770 3093 ἡ
811 3022 980 3092 γενεά
1008 3022 1119 3076 τῶν
1143 3022 1346 3078 εὐθέων
1373 3030 1875 3096 κατῳκισθήσεται,
1910 3034 2139 3101 μηδενὸς
2166 3036 2273 3085 τῶν
2302 3022 2359 3088 ἓν
2390 3040 2503 3102 τοῖς
2536 3037 2657 3094 οὖσι
2698 3022 3183 3113 περιόομὸοῦντος,
3221 3047 3252 3115 ἢ
3286 3022 3499 3102 σαίνον-

238 3141 336 3185 τος
365 3121 588 3184 αὐτούς.

308 3197 428 3267 μη’.
472 3199 840 3266 Ἐπαγγελίας
894 3201 967 3270 γῆ
1000 3203 1235 3274 ἑστιν,ἡ
1288 3203 1549 3270 ἀπάθεια,
1589 3204 1710 3257 καθ’
1754 3204 1821 3274 ἢν

226 3288 533 3352 ἀναϐλύζει
586 3291 709 3360 μέλι
769 3293 861 3344 καὶ
913 3294 1076 3361 γάλα,
1113 3297 1147 3366 ἡ
1190 3297 1499 3368 εὐφροσύνη
1537 3298 1631 3352 τοῦ
1659 3299 1816 3352 πνεύ·

231 3401 435 3453 ματος.

310 3473 422 3542 μθ¹.
488 3475 663 3541 Λόγον
694 3476 743 3527 οἰ
781 3474 931 3542 ἆγιοι
963 3478 1020 3527 ἐν
1069 3477 1324 3548 ἀλλήλοις
1354 3480 1413 3533 ὲν
1459 3482 1537 3552 τῷ
1574 3483 1821 3552 μέλλοντι

227 3564 570 3633 φθέγγονται
592 3567 867 3631 μυστικῶς
896 3568 985 3620 τὸν
1033 3569 1361 3634 ἐνδιάθετον,
1393 3574 1452 3625 ὲν
1490 3575 1630 3643 ἁγίῳ
1654 3576 1791 3629 Πνεύ

232 3674 375 3727 ματι
411 3656 856 3726 ἑκςωνούμενον.

303 3755 369 3802 ν’.
412 3748 541 3801 Ἐὰν
598 3749 672 3819 μὴ
716 3750 933 3820 γνῶμεν
970 3752 1115 3816 οἴους
1144 3756 1295 3823 ἡμᾶς
1320 3756 1577 3827 ἐποίησεν
1608 3761 1637 3811 ὁ
1667 3760 1820 3829 Θεὸς,

224 3842 334 3894 οὐκ
360 3841 783 3911 ὲπιγνωσόμεθα
806 3843 949 3907 οἴους
974 3844 1230 3915 ἐποίησεν
1260 3848 1291 3916 ἡ
1323 3850 1587 3919 ἁμαρτία,

304 3942 412 3989 να¹.
470 3930 610 3987 Ἶσοι
662 3937 804 3988 κατά
851 3936 949 4007 τὴν
1006 3940 1222 4007 ἠλικίαν
1275 3942 1413 3993 εἰσὶν
1435 3944 1493 3995 ὲν
1526 3946 1819 4015 πνεύματι,

229 4033 354 4085 ὅσοι
385 4031 447 4083 τὸ
475 4031 755 4102 πλήρωμα
805 4032 904 4101 τῆς
934 4033 1029 4084 τοῦ
1082 4033 1320 4104 Χριστοῦ
1358 4035 1696 4106 τελειότητος
1725 4042 1821 4093 ἀπ’

226 4123 489 4176 ἐντεῦθεν
512 4124 818 4192 εἰλήφασιν.

308 4214 410 4283 νβ’.
447 4208 550 4265 Ὧν
575 4213 623 4265 οἰ
659 4214 833 4272 πόνοι,
864 4211 1070 4264 τούτων
1101 4215 1155 4265 αἰ
1188 4214 1435 4285 ἀμοιϐαίο
1463 4218 1524 4270 τὸ
1552 4218 1715 4272 ποσὸν
1737 4220 1816 4285 δὲ,

228 4306 358 4374 ἦντὸ
415 4306 604 4365 ποιὶν,
663 4304 910 4355 τουτέστι
963 4303 1023 4355 τὸ
1076 4306 1272 4374 μέτρον
1328 4310 1508 4363 ὁποῖόν
1563 4313 1731 4374 ἐστιν,
1782 4314 1814 4382 ή

222 4397 410 4461 τάξις,
470 4388 980 4465 καὶήκατάστασις
1036 4397 1215 4449 ἐκεῖσε
1264 4397 1350 4452 διὰ
1411 4401 1511 4471 τῆς
1584 4405 1817 4475 μετοχῆς

222 4489 495 4542 δείκνυσι.

304 4580 409 4646 νγ’.
443 4579 607 4642 Νόες,
664 4578 949 4631 τουτέστιν
996 4580 1294 4648 ἰσάγγελοι,
1356 4587 1541 4653 φησὶν,
1602 4586 1816 4644 ἔσονται

222 4673 278 4724 οἰ
312 4672 421 4723 υἱοὶ
469 4670 569 4739 τῆς
613 4670 965 4732 ἀναστάσεως
1002 4672 1096 4724 τοῦ
1143 4674 1402 4743 Χριστοῦ,
1434 4680 1499 4748 τῇ
1533 4679 1814 4755 ἀφθαρσίᾳ

222 4766 323 4815 καὶ
352 4760 548 4814 θεώσει
580 4763 628 4813 οἰ
661 4761 827 4828 ἅγιοι.

302 4853 400 4906 νᾶ.
453 4854 541 4905 Ἐν
586 4852 665 4922 τῷ
730 4852 981 4922 μέλλοντι
1021 4854 1071 4906 οἰ
1118 4855 1341 4923 ἄγγελοι
1389 4860 1481 4912 καὶ
1546 4865 1593 4915 οἰ
1642 4864 1811 4932 ἅγιοι,

225 4947 393 5015 φασὶ,
435 4944 843 5013 προκόπτοντες
880 4947 938 4998 ὲν
968 4949 1031 5015 τῇ
1084 4947 1191 5001 τῶν
1249 4955 1604 5021 χαρισμάτων
1651 4975 1813 5028 προσ-

220 5040 379 5109 ειὴκῃ
408 5038 669 5091 οὐδέποτε
714 5036 991 5105 λήξουσιν,
1020 5040 1050 5108 ἢ
1083 5040 1392 5107 ἐνδώσουσι,
1453 5045 1559 5097 τῶν
1587 5049 1810 5116 ἀγαθῶν

220 5132 445 5199 ἐφετῶς
498 5131 749 5199 ἔχοντες·
785 5132 981 5200 ὕφεσιν
1029 5133 1160 5203 γὰρ,
1200 5134 1231 5203 ἦ
1272 5137 1495 5203 μείωσιν
1551 5139 1658 5192 ἀπὸ
1710 5142 1811 5212 τῆς

214 5225 433 5296 ἀρετῆς
468 5226 559 5276 ἐπὶ
587 5224 787 5277 κακίαν
820 5226 1027 5285 ἐκεῖνος
1049 5231 1150 5278 οὐκ
1178 5227 1289 5295 ἔχει
1310 5230 1336 5280 ό
1366 5230 1523 5283 αἰών.

292 5314 387 5369 νέ,
406 5314 625 5365 Τέλειον
648 5314 816 5383 ἄνδρα
843 5318 1065 5384 νόμισον
1083 5311 1222 5369 εἶναι
1240 5318 1459 5383 νῦν,τὸν
1484 5324 1581 5393 τὴν
1613 5328 1809 5396 ὁμοίω·

212 5426 307 5459 σιν
332 5405 443 5457 τῶν
473 5406 567 5457 τοῦ
592 5407 831 5474 Χριστοῦ
867 5408 1313 5479 μεθηλικιώσεων
1339 5415 1619 5485 εἰληφότα,
1650 5421 1722 5484 ὡς
1750 5423 1807 5474 ὲν

207 5496 527 5567 ἀρῤαὸῶνι,
555 5496 647 5548 τὸν
676 5496 733 5548 δὲ
766 5499 824 5549 ὲν
878 5498 956 5568 τῷ
1012 5501 1258 5571 μέλλοντι
1292 5507 1497 5561 τέλειον
1531 5510 1808 5566 δείκνυσιν

209 5594 247 5659 ἡ
290 5592 389 5652 τῆς
406 5586 679 5649 ιθεὼσεως
706 5589 957 5659 δύναμις.

336 5729 359 5785 Ι
381 5731 508 5787 Cor.
544 5750 631 5802 xv,
666 5737 754 5793 ιι.

1999 3225 2088 3279 ικ.
2144 3221 2340 3277 Sancta
2393 3217 2768 3290 promissionis
2824 3226 2971 3273 terra
3032 3226 3119 3272 est.
3172 3217 3487 3287 passionum

1923 3320 2268 3383 immunitas,
2305 3319 2357 3371 in
2380 3333 2483 3387 qua
2515 3317 2673 3371 mclle
2702 3326 2755 3369 et
2789 3316 2929 3369 lacte
2974 3325 3148 3369 scatet
3199 3314 3487 3383 prudentia

1923 3415 2165 3481 spiritus.

1993 3506 2081 3561 19.
2122 3504 2179 3557 111
2227 3503 2369 3555 cado
2414 3500 2586 3555 sancti
2624 3501 2768 3553 inter
2816 3514 2875 3552 se
2908 3498 3165 3569 mysticos
3211 3510 3277 3550 ex
3319 3495 3491 3550 abun-

1924 3595 2104 3651 dantia
2161 3594 2342 3648 cordis
2378 3607 2655 3647 sermones
2689 3591 2913 3655 habent,
2945 3590 3000 3643 in
3035 3588 3239 3659 Spiritu
3298 3598 3488 3643 sancto

1922 3689 2291 3754 colloquentes

1993 3780 2081 3834 50.
2111 3779 2167 3831 Si
2196 3778 2501 3832 nesciamus
2527 3776 2716 3843 quales
2746 3791 2843 3828 nos
2879 3773 3063 3828 fecerit
3089 3773 3251 3837 Deus,
3282 3772 3502 3826 nescie-

1923 3888 2041 3924 mus
2078 3872 2267 3939 qtlztit-S
2298 3885 2395 3922 nos
2425 3870 2613 3922 fecerit
2639 3877 2942 3935 peccatum.

1992 3964 2078 4016 5L
2114 3964 2434 4017 Eﬂlciuntur
2454 3961 2687 4027 a'quales
2709 3971 2865 4012 aetate
2904 3960 2955 4010 in
2990 3957 3209 4022 spiritu,
3238 3958 3487 4025 quicum-

1920 4073 2024 4124 que
2056 4055 2440 4124 plenitudinem
2488 4051 2839 4122 perfectionis
2880 4051 3082 4105 Christi
3114 4065 3257 4103 nunc
3304 4048 3482 4117 adepti

1920 4158 2072 4203 sunt.

1994 4242 2084 4295 52.
2118 4239 2219 4292 Τοι
2248 4238 2463 4305 pra-mia
2495 4245 2626 4306 quot
2678 4235 2890 4287 lahorcs
2930 4251 2943 4288 :
2983 4234 3257 4302 quantitas
3305 4239 3482 4283 autem

1921 4344 1973 4389 et
1996 4332 2251 4400 qualitas,
2294 4329 2346 4383 id
2397 4338 2501 4393 est,
2547 4342 2796 4380 mensura
2853 4339 3101 4394 quamam
3134 4323 3224 4386 sit,
3253 4324 3387 4376 ordo
3428 4331 3482 4375 et

1925 4436 2100 4480 Status
2134 4420 2375 4476 caelestis
2411 4419 2773 4489 possessionis
2804 4416 3061 4471 ostendit.

1995 4593 2300 4647 55.Ε1·1111ι¹
2332 4594 2579 4661 spiritus.
2638 4594 2692 4646 id
2741 4606 2845 4656 est,
2893 4597 3096 4664 angelis
3142 4599 3367 4658 similes.
3428 4611 3484 4653 ut

1917 4686 2175 4751 scriptum
2207 4695 2311 4747 εει,
2342 4684 2433 4737 ﬁlii
2462 4686 2876 4739 resurrectionis
2906 4686 3133 4751 Christi,
3176 4704 3269 4744 seu
3304 4691 3483 4744 incor-

1915 4777 2204 4846 ruptibiles
2230 4778 2565 4843 tieificatique
2594 4779 2790 4847 sancti.

1988 4867 2078 4920 54.
2111 4868 2263 4920 Tunc
2300 4868 2349 4919 in
2406 4867 2586 4920 futuro
2640 4868 2845 4921 sarculo
2878 4871 3052 4937 angi-li
3104 4882 3155 4923 et
3193 4875 3384 4939 sancti,
3427 4886 3486 4929 ut

1918 4960 2137 5021 dicitur,
2172 4960 2432 5026 proﬁcere
2464 4958 2515 5009 in
2546 4960 2844 5026 gratiarum
2880 4973 3173 5027 augmento
3206 4982 3308 5019 non
3341 4970 3485 5023 desi-

1920 5060 2049 5104 nent
2083 5061 2173 5103 aut
2230 5051 2543 5112 cessabunt,
2597 5068 2696 5105 nec
2744 5068 2773 5106 a
2827 5053 2970 5107 bono
3023 5055 3313 5121 deficient;
3358 5075 3480 5112 nam

1918 5143 2127 5211 lapsum
2162 5153 2263 5207 aut
2310 5143 2715 5196 dccrcmentum
2748 5159 2775 5195 a
2820 5156 2969 5198 recto
3004 5146 3056 5199 in
3092 5148 3328 5203 deterius
3393 5152 3479 5205 illa

1918 5236 2029 5288 vita
2059 5249 2162 5285 non
2204 5235 2421 5297 patitur.

1986 5326 2072 5378 55.
2126 5326 2368 5392 lnlellige
2410 5324 2709 5391 perfectum
2760 5344 2901 5382 nunc
2954 5346 3071 5385 esse
3125 5333 3323 5395 virum,
3384 5337 3476 5402 qui

1910 5414 2315 5468 similitudinem
2389 5416 2845 5471 incrementorum
2911 5421 3108 5473 Christi
3164 5426 3316 5490 quasi
3396 5430 3477 5493 pi-

1909 5518 2044 5569 gnus
2072 5508 2298 5571 adeptus
2328 5515 2441 5567 est;
2474 5505 2524 5557 in
2547 5505 2729 5560 futuro
2745 5517 2920 5562 autent
2956 5511 3155 5564 smculo
3175 5512 3471 5579 perfectum

1909 5595 2086 5649 reddit
2115 5595 2287 5650 virtus
2318 5594 2532 5651 dcifica.
