4224 6464
312 418 449 483 Ῑῖδῖ

1367 418 1637 482 ΟΑΡΙΤΑ
1676 422 1825 483 PER
1867 406 2516 480 ACROSTICHIDEM.

3434 399 3448 460 1
3464 391 3569 461 258

302 532 455 594 νοῦς,
494 530 575 592 είς
616 527 780 598 βυθὸν
835 524 1199 594 ἀπογνώσεως
1259 524 1451 580 ιαυτδν
1479 525 1875 590 καταδαπτίιτει

1986 546 2104 585 sum
2144 523 2539 597 desperationis
2599 533 2655 575 se
2686 516 2877 588 mergit
2912 516 3092 585 pravis
3126 515 3571 584 cogitationibus.

297 624 410 676 τοῖς
437 621 739 689 λογισμοῖς.

371 710 479 777 ξς⁹.
537 711 845 778 Λογισμοῦς
908 710 1169 773 πολλάκις
1226 713 1317 764 καί
1362 711 1488 773 τοὺς
1531 710 1718 778 λόγους
1769 712 1878 763 τῶν

300 805 647 873 πραγμάτων
678 806 710 873 ἡ
750 804 942 874 Γραφὴ
1006 804 1251 873 εἴρηκεν,
1288 802 1477 874 ῶσπερ
1513 802 1606 856 καὶ
1633 803 1880 873 νοήματα

299 896 431 959 τοὺς
454 896 667 963 λόγους,
707 897 801 948 καὶ
820 895 947 957 τοὺς
975 894 1165 964 λόγους
1203 895 1575 964 ἀντιστρόφως
1606 897 1878 965 νοήματα·

300 986 463 1039 τοῦτο
488 987 545 1039 δδ
591 986 802 1054 γίνεται
862 986 1051 1055 ἐπειδὴ
1101 987 1133 1055 ὴ
1197 985 1413 1056 κίνησις
1452 986 1561 1037 τῶν
1623 985 1883 1037 τοιούτων

302 1078 429 1131 καθ’
473 1078 675 1149 ἑαυτὴν
727 1078 827 1146 μὲν
865 1076 1025 1138 άῦλός
1072 1078 1211 1135 ἐστι.
1242 1076 1546 1147 μορφοῦται
1570 1076 1625 1130 δὲ
1656 1076 1742 1129 διὰ
1771 1077 1882 1128 τῶν

302 1168 651 1239 πραγμάτων
688 1168 768 1231 είς
800 1163 959 1229 εἶδος,
992 1169 1083 1219 καὶ
1122 1168 1580 1237 μεταπλάττεται,
1610 1169 1701 1220 καὶ
1740 1166 1883 1220 οὕτω

300 1261 364 1313 τὸ
391 1259 697 1330 προσὸαλδν
723 1259 814 1313 διὰ
843 1262 941 1329 τῆς
966 1259 1310 1327 ἐπιφανείας,
1351 1259 1677 1329 γνωρίζεταί
1700 1276 1755 1311 τε
1790 1260 1880 1311 καὶ

302 1350 545 1417 λέγεται.

342 1506 343 1509 η
381 1442 476 1505 ξς.
516 1442 579 1494 Oi
619 1442 866 1512 λογισμοὶ
926 1443 1071 1509 λόγοι
1132 1443 1239 1495 τῶν
1278 1442 1548 1514 δαιμόνων
1591 1442 1732 1505 εἰσὶ,
1793 1443 1884 1494 καὶ

305 1535 420 1586 τῶν
448 1534 639 1587 παθῶν
670 1535 989 1604 πρόδρομοι,
1045 1535 1233 1604 ῶσπερ
1258 1537 1352 1590 καὶ
1382 1535 1489 1589 τῶν
1520 1536 1882 1605 πραγμάτων,

302 1625 353 1676 οἱ
379 1624 527 1691 λόγοι
585 1627 679 1678 καὶ
709 1627 776 1679 τὰ
806 1626 1092 1696 νοήματα⁸
1137 1627 1399 1681 ἀδύνατον
1449 1627 1558 1697 γὰρ
1604 1626 1806 1695 ἀγαθὸν
1851 1625 1884 1695 ἢ

306 1716 478 1769 κακον
538 1718 852 1786 ἐνεργῆσαι,
890 1719 963 1787 μὴ
990 1718 1297 1789 προσσαλὸν
1357 1721 1622 1789 πρότερον
1648 1718 1740 1771 τὸν
1762 1719 1859 1770 ἑαυ

306 1808 404 1861 τοῦ
439 1807 724 1878 λογισμὸν,
768 1810 926 1879 εἴπερ
949 1810 1211 1878 λογισμός
1240 1811 1375 1873 ἐστι,
1402 1809 1708 1879 προσόολῆς
1736 1808 1884 1862 ἁνεί-

305 1901 426 1960 δεος
454 1899 669 1969 κίνησις
704 1901 1053 1971 πραγμάτων
1078 1900 1398 1953 ὁποιωνοῦν.

380 1989 482 2058 ξηϊ
524 1991 693 2062 Γεννᾷ
732 1992 765 2061 ἡ
806 1992 903 2061 μὶν
934 1991 1032 2061 ῦλη
1055 1990 1165 2044 τῶν
1208 1992 1552 2062 πραγμάτων
1580 1988 1767 2060 ψιλοὺς
1800 1989 1888 2043 λο-

305 2083 565 2151 γισμοὺς,
595 2083 629 2153 η
667 2081 1001 2153 δὶπροσσολὴ
1047 2085 1080 2153 ἠ
1131 2081 1492 2153 δαιμονιώδης
1538 2083 1666 2145 τοὺς
1723 2098 1887 2153 πονη-

308 2174 438 2243 ροὺς
498 2173 774 2225 τεκταίνει
809 2190 823 2204 ·
860 2175 1130 2243 διαφορὰν
1171 2170 1264 2226 οὖν
1320 2172 1536 2244 ἔχουσιν
1570 2175 1619 2226 οἱ
1669 2172 1891 2243 φυσικοὶ

306 2268 372 2319 ἐκ
404 2265 514 2317 τῶν
571 2266 719 2336 παρὰ
782 2265 968 2333 φύσιν,
1028 2266 1122 2318 καὶ
1181 2266 1321 2333 ὑπὲρ
1376 2265 1540 2334 φύσιν
1569 2264 1762 2332 λόγων,
1798 2264 1890 2318 καὶ

305 2356 612 2427 λογισμῶν,
642 2359 782 2410 κατὰ
806 2358 1115 2429 σύγκρισιν.

380 2450 477 2514 ἔθ’.
518 2451 858 2521 ’ἰσουργοῦσι
913 2452 1051 2522 πρὸς
1078 2451 1176 2521 τὴν
1214 2453 1271 2504 ὲν
1294 2451 1480 2522 ἀτόμῳ
1511 2449 1815 2513 ἀλλοίωσιν,
1839 2450 1888 2503 οί

309 2543 410 2610 μὲν
443 2543 686 2609 φυσικοὶ,
718 2544 856 2610 πρὸς
889 2544 1012 2604 τοὺς
1042 2543 1191 2613 παρὰ
1222 2541 1401 2610 φύσιν,
1439 2542 1487 2595 οἱ
1520 2541 1575 2595 δὲ
1613 2542 1752 2595 κατὰ
1785 2540 1887 2611 φύ-

309 2647 420 2693 σιν,
462 2631 598 2701 πρὸς
629 2630 757 2693 τοὺς
797 2630 937 2702 ὑπὲρ
963 2632 1124 2700 φύσιν
1158 2631 1319 2696 εὐθὺς
1353 2633 1699 2703 τρεπόμενοι⁵
1724 2632 1891 2685 αῐτιοι

306 2724 364 2777 δέ
409 2724 516 2775 είσι
564 2722 699 2793 πρὸς
738 2722 837 2793 τὴν
868 2726 927 2775 ὲν
950 2723 1198 2793 ἀλλήλοις
1226 2724 1453 2795 τροπὴν,
1491 2724 1583 2778 καὶ
1613 2723 1886 2794 γέννησιν,

306 2818 421 2871 τῶν
446 2817 542 2887 μὲν
567 2816 919 2886 δκιμονικῶν,
948 2820 995 2870 oi
1023 2818 1087 2870 ὲκ
1134 2816 1231 2887 τῆς
1262 2816 1416 2887 ὕλης,
1439 2816 1549 2870 τῶν
1579 2816 1636 2869 δὲ
1664 2815 1886 2882 ὑλικῶν,

306 2910 376 2961 hc
407 2909 505 2977 τῆς
539 2908 871 2979 προσὸολῆς·
907 2909 1106 2977 ὁμοίως
1133 2910 1215 2961 καὶ
1247 2908 1354 2961 τῶν
1387 2907 1627 2972 θείων,οί
1648 2908 1887 2976 φυσικοὶ,

306 3002 402 3054 καὶ
415 3001 463 3052 οἱ
499 3002 738 3067 φυσικοὶ,
758 3000 866 3052 τῶν
898 2999 1038 3070 ὐπὶρ
1064 2994 1225 3068 φύσιν
1274 3001 1593 3071 γεννήτορες
1614 3013 1632 3031 ·
1663 2998 1889 3054 ικαστον

310 3092 424 3160 γὰρ
447 3094 582 3162 πρὸς
635 3094 695 3144 τὸ
743 3092 999 3161 συγγενὲς
1051 3090 1148 3160 τὴν
1182 3088 1389 3144 ἐαυτοῦ
1439 3091 1724 3144 άλλοῖωσιν
1764 3089 1881 3163 εχει

309 3186 604 3256 κινητικὴν
648 3183 928 3256 τετραχῶς
981 3183 1337 3255 διῃρημένην,
1389 3182 1568 3237 αίτίαν
1620 3184 1714 3235 καί
1764 3182 1887 3249 γινα

310 3291 495 3344 νησιν.

380 3360 447 3416 ο’.
484 3361 801 3433 Σημιίωσαι
820 3361 901 3417 ὅτι
919 3363 1322 3434 προσισληνται
1360 3362 1469 3416 τῶν
1491 3362 1590 3433 μὲν
1616 3359 1892 3431 λογισμῶν

308 3458 367 3509 ai
409 3454 606 3519 αἰτίαι,
660 3454 770 3508 τῶν
800 3455 856 3508 δί
879 3455 1214 3523 φαντασιῶν,
1244 3455 1294 3508 oi.
1348 3453 1621 3524 λογισμοὶ,
1686 3453 1793 3507 τῶν
1837 3453 1892 3511 δὲ

310 3547 527 3610 παθῶν,
573 3547 629 3600 αἱ
669 3547 985 3617 φαντασίαι,
1042 3546 1151 3601 τῶν
1178 3546 1235 3601 δὲ
1266 3546 1540 3617 δαιμόνων
1588 3545 1659 3599 τὰ
1720 3544 1889 3615 πάθη,

308 3640 388 3702 ὡς
416 3641 575 3708 σειρά
615 3657 717 3701 τις,
745 3641 838 3693 καὶ
890 3640 1044 3706 τάξις
1083 3641 1142 3693 ἐν
1194 3638 1450 3701 ἀτάκτοις
1481 3638 1778 3709 πνεύμασι,
1810 3639 1892 3692 δο-

309 3730 466 3793 λίως,
496 3729 555 3783 ἓν
593 3729 685 3783 τοῦ
736 3731 854 3794 ἑνὸς
906 3729 1165 3801 ἐχόμενον
1207 3730 1493 3800 ἤρτηνται,
1545 3728 1685 3800 πλὴν
1740 3728 1893 3783 οὐδὲν

310 3821 685 3892 ἐνεργεῖκαθ’
727 3823 882 3887 αὐτὸ,
923 3822 1039 3877 ἀλλ’
1097 3822 1202 3876 ὑπὸ
1252 3820 1523 3893 δαιμόνων
1567 3824 1889 3892 ἐνεργεῖται,

306 3913 436 3966 οὔτε
501 3914 773 3983 φαντασία
817 3912 1262 3977 είδωλοποιεῐται,
1297 3913 1421 3967 οὔτε
1452 3913 1624 3977 πάθος
1655 3915 1892 3985 ινιργετ,

310 4007 484 4076 χωρὶς
510 4004 609 4075 τῆς
627 4005 934 4077 λεληθότως
970 4005 1207 4076 κρυφίας
1240 4005 1562 4076 δαιμονικῆς
1588 4004 1889 4074 δυνάμεως·

306 4099 360 4151 εί
396 4099 511 4167 γὰρ
576 4097 671 4149 καὶ
731 4098 1025 4150 πέπτωκεν
1068 4099 1096 4150 ὁ
1136 4096 1311 4150 Σατὰν
1355 4094 1661 4166 συντριϐεὶς
1691 4136 1706 4160 ,
1756 4094 1892 4150 ἀλλά

307 4189 474 4242 πλέον
542 4188 717 4259 ίσχύει
756 4191 825 4259 τῇ
859 4188 985 4243 καθ’
1009 4188 1171 4258 ἡμῶν
1212 4187 1458 4259 ⁶όεειθυμία
1496 4184 1891 4259 γαυριούμενος

307 4278 455 4348 ὑπὲρ
490 4278 671 4347 ἡμῶν.

375 4377 478 4424 σοι’.
515 4369 799 4441 Μορφοῦσι
848 4369 936 4422 τὸν
1008 4369 1133 4421 νοῦν
1187 4368 1364 4437 ἡμῶν,
1429 4368 1632 4436 μᾶλλον
1662 4366 1718 4420 δὲ
1754 4382 1886 4436 μορ·

300 4463 538 4533 φοῦνται
572 4461 692 4515 καθ’
729 4462 927 4523 αὐτοὺς
953 4461 1120 4529 ἡμᾶς,
1172 4459 1268 4512 καὶ
1293 4456 1709 4529 προσϐάλλουσι,
1748 4456 1890 4511 κατὰ

1902 3231 1950 3297 C

2063 706 2153 761 06.
2186 704 2322 758 Τιιιιι
2360 697 2719 769 cogitationes
2745 709 2841 764 pro
2876 693 3183 747 rationibus
3216 706 3395 745 rerum
3423 705 3570 760 turpe

1992 800 2277 866 Scriptura
2308 795 2461 857 dicit,
2503 803 2614 846 tum
2649 790 2799 843 ideas
2837 804 2934 857 pro
2962 785 3281 848 rationibus.
3312 791 3367 840 et
3405 784 3570 838 ratio-

1988 909 2081 948 nes
2112 890 2352 946 vicissim
2390 900 2488 955 pro
2542 884 2698 939 ideis.
2734 880 2847 935 lloc
2888 890 3065 935 autem
3104 878 3182 942 iit.
3213 879 3342 949 quia
3389 886 3593 932 motus.

1988 983 2293 1055 huiusmodi
2346 994 2527 1034 rerum
2562 986 2645 1032 est
2673 976 2893 1047 quidem
2930 975 2983 1028 in
3017 973 3197 1042 seipso
3234 972 3571 1026 immateria~

1987 1078 2074 1140 lis,
2102 1074 2430 1129 informatur
2466 1084 2593 1124 vero
2626 1077 2683 1121 et
2744 1063 3170 1120 transformatur
3202 1077 3298 1131 per
3332 1062 3567 1131 objecta,

1987 1182 2039 1223 et
2068 1169 2149 1223 sic
2181 1165 2328 1235 quod
2357 1177 2452 1229 per
2496 1159 2865 1230 apparentiam
2919 1163 3246 1222 commovet,
3280 1155 3569 1225 cognosci-

1990 1274 2073 1313 tur
2116 1267 2170 1312 et
2203 1256 2542 1312 nominatur.

2056 1434 2146 1489 6'7.
2181 1429 2450 1501 Improbe:
2486 1429 2847 1500 cogitationes
2883 1436 3013 1482 sum
3063 1438 3345 1482 sermones
3372 1425 3573 1480 daemo-

2003 1542 2155 1589 num,
2185 1532 2241 1579 et
2273 1524 2527 1577 vitiorum
2560 1534 2950 1589 praceursores,
2984 1519 3129 1573 sicut
3153 1518 3314 1573 verba
3343 1528 3397 1571 et
3422 1518 3573 1587 cogi-

1987 1619 2248 1679 tationes,
2283 1616 2560 1670 actionum
2611 1630 2625 1668 :
2665 1627 2829 1665 nemo
2861 1610 3003 1664 enim
3041 1620 3217 1678 potest
3251 1611 3457 1664 bonum
3486 1611 3571 1664 vel

1989 1709 2188 1764 malum
2238 1707 2421 1764 facere
2452 1708 2595 1776 quod
2642 1720 2749 1759 non
2804 1700 2957 1771 prius
2988 1704 3348 1756 commoverit
3402 1703 3572 1768 ipsius

1989 1802 2403 1872 cogitationem,
2444 1800 2713 1869 siquidem
2745 1796 3012 1867 cogitatio
3054 1805 3136 1851 est
3170 1796 3419 1850 inlorinis
3453 1811 3571 1849 mo-

1916 1895 1953 1942 i!
1987 1904 2071 1950 tus
2110 1896 2178 1948 ab
2209 1892 2442 1962 objectis
2468 1890 2801 1961 quibuslibet
2831 1892 3118 1947 excitatus.

2060 1987 2149 2043 68.
2182 1985 2472 2056 Simplices
2499 1986 2717 2055 quidem
2741 1984 3103 2055 cogitationes
3142 1988 3365 2051 generat
3402 1989 3571 2033 mate-

1992 2081 2067 2135 ria
2102 2095 2306 2146 rerum,
2341 2077 2605 2135 diabolica
2642 2090 2821 2133 autem
2859 2077 3155 2133 commotio
3191 2075 3362 2130 malas
3385 2075 3522 2143 parit
3551 2086 3567 2131 :

1987 2171 2246 2227 dill‘erunt
2273 2172 2438 2243 igitur
2484 2171 2764 2226 naturales
2799 2183 3083 2225 sermones
3117 2179 3170 2224 et
3202 2169 3571 2239 cogitationes

1988 2277 2298 2333 comparate
2322 2266 2387 2320 ad
2410 2280 2470 2318 ea
2492 2279 2610 2334 qua:
2629 2273 2753 2319 sunt
2778 2272 2970 2332 praeter
2990 2264 3067 2318 vel
3095 2276 3259 2332 supra
3290 2270 3568 2316 naturam.

2057 2358 2143 2411 69.
2182 2358 2509 2412 Alternatim
2550 2371 2737 2413 secum
2783 2358 3013 2410 invicem
3053 2354 3284 2409 indivise
3318 2368 3567 2409 commu-

1986 2460 2169 2503 tantur
2197 2449 2558 2519 cogitationes
2599 2463 2615 2503 :
2652 2445 2932 2501 naturales
2969 2446 3188 2514 quidem
3227 2448 3282 2499 in
3318 2461 3414 2501 eas
3449 2460 3569 2514 qua:

1985 2551 2111 2596 sunt
2160 2552 2358 2611 praeter
2407 2550 2682 2606 naturam,
2724 2549 2779 2595 et
2826 2556 2946 2608 qua:
2998 2539 3149 2607 juxta
3205 2552 3478 2598 naturain.
3512 2543 3564 2592 in

1988 2636 2108 2691 illas
2136 2650 2255 2705 quae
2278 2650 2445 2706 supra
2481 2643 2758 2699 naturam,
2780 2648 3074 2689 conversae.
3111 2634 3239 2686 Item
3268 2634 3319 2685 in
3361 2648 3418 2687 se
3452 2649 3569 2686 uiuo

1988 2738 2079 2781 tuo
2110 2737 2503 2783 convertuntur
2554 2742 2616 2782 ac
2650 2736 3108 2796 congenerantur,
3153 2727 3466 2780 tnaterizdes
3503 2728 3554 2779 in

1985 2822 2370 2884 diemoniacas,
2424 2830 2478 2875 et
2512 2824 2632 2890 qu.‘c
2677 2829 2806 2874 sunt
2837 2806 2901 2875 ex
2955 2820 3324 2875 commotione
3377 2820 3429 2873 in
3473 2834 3566 2874 eas

1984 2928 2103 2984 quae
2138 2923 2267 2967 sunt
2321 2926 2387 2966 ex
2445 2911 2701 2965 materia.
2762 2911 2969 2964 l‘aritcr
3019 2911 3296 2966 naturales
3347 2914 3566 2980 pariunt

1984 3006 2237 3065 divinas;
2300 3012 2355 3059 et
2399 3018 2518 3072 quae
2572 3002 2729 3071 j'uxta
2777 3012 3051 3065 naturam,
3084 3016 3179 3057 cas
3231 3018 3348 3069 quasi
3402 3018 3564 3072 supra

1983 3106 2235 3149 naturam
2276 3103 2421 3149 sttnt.
2477 3093 2917 3162 Unumquodque
2961 3092 3103 3147 enim
3143 3092 3563 3164 quadruplicem

1984 3189 2385 3243 liabetesusam
2411 3202 2519 3256 qua
2564 3197 2915 3255 promovetur
2967 3197 3021 3240 ct
3084 3194 3406 3256 procteatnr
3464 3200 3561 3239 sua

1986 3282 2037 3335 in
2061 3281 2215 3335 aliine
2242 3280 2484 3334 mutatio.

2056 3370 2144 3426 70.
2176 3369 2477 3426 Considera
2511 3379 2566 3423 ut
2592 3369 3017 3437 cogitationibus
3054 3369 3239 3424 adsint
3273 3384 3474 3434 cauam,
3506 3382 3559 3425 et

1984 3463 2359 3532 phantasmata
2396 3476 2463 3518 ex
2527 3461 2977 3530 cogitatiOnibus,
3040 3470 3097 3517 et
3149 3464 3433 3533 passiones
3490 3478 3555 3519 cx

1984 3555 2475 3624 phantasmatibus,
2511 3563 2565 3609 et
2608 3554 2805 3607 iterum
2849 3554 3133 3620 passiones
3166 3566 3232 3610 es
3286 3552 3560 3611 daniot-

1982 3646 2104 3709 bus,
2153 3646 2306 3715 quasi
2340 3656 2532 3699 catena
2580 3646 2811 3714 quadam
2854 3653 2910 3700 et
2942 3643 3136 3699 ordine
3186 3647 3327 3714 apud
3362 3648 3563 3703 inordi-

1984 3749 2139 3794 natos
2162 3738 2385 3806 spiritus
2411 3737 2609 3792 callide
2636 3738 2740 3793 alia
2769 3754 2833 3791 ex
2865 3739 2984 3793 aliis
3007 3748 3128 3807 apta
3160 3755 3407 3808 nexaque
3428 3740 3558 3795 sint.

1980 3829 2050 3883 At
2098 3831 2302 3882 nullum
2362 3826 2620 3899 operatitr
2653 3844 2717 3883 es
2755 3828 2957 3896 seipso,
2987 3830 3081 3883 sed
3137 3844 3167 3882 a
3220 3830 3561 3884 daemonibus

1985 3930 2282 3976 movetur;
2318 3936 2415 3973 nec
2475 3922 2761 3991 phantasia
2822 3922 3171 3993 imaginatur,
3225 3937 3326 3975 nec
3380 3922 3561 3989 passio

1981 4012 2090 4082 agit
2112 4014 2316 4079 alisque
2336 4014 2474 4066 clam
2502 4011 2700 4065 furtiva
2733 4014 3032 4068 dietuouum
3057 4014 3321 4082 potentia.
3356 4013 3558 4080 Quam-

1981 4106 2065 4159 vis
2114 4108 2256 4159 cnim
2325 4105 2492 4159 Satan
2557 4105 2819 4160 ceciderit
2876 4105 3214 4171 confractus,
3286 4108 3560 4174 potentior

1984 4207 2161 4251 tamen
2191 4210 2273 4252 est
2305 4208 2489 4253 nostra
2519 4197 2844 4268 superbiens
2875 4198 3108 4269 ignavia.

2054 4375 2139 4429 7|.
2177 4374 2402 4429 Vertunt
2439 4387 2675 4431 mentem
2712 4387 2951 4431 nostrain
2993 4377 3288 4445 daemones,
3336 4381 3417 4435 vel
3457 4396 3555 4451 po-

1982 4478 2089 4522 tius
2133 4484 2255 4522 sese
2313 4470 2470 4523 nobis
2529 4471 2893 4535 conformant,
2929 4480 2984 4527 ct
3007 4488 3108 4527 nos
3165 4475 3553 4543 aggrediuntur

295 4556 403 4624 τὴν
434 4553 549 4617 ἕξιν
588 4552 682 4605 τοῦ
707 4552 1150 4621 ἐπικρατοῦντος,
1193 4550 1288 4603 καὶ
1309 4548 1657 4621 ἐνεργοῦντος
1683 4548 1885 4613 πάθους

1984 4564 2282 4615 secundum
2312 4562 2566 4616 vitiosum
2606 4564 2848 4617 habitum
2892 4566 2943 4618 iti
2972 4566 3153 4620 anima
3183 4568 3553 4623 dominantem

296 4651 361 4701 ὲν
397 4648 465 4716 τῇ
500 4644 678 4715 ψυχῇ·
710 4644 894 4698 αἰτίαν
943 4645 1051 4714 γὰρ
1109 4643 1244 4713 πρὸς
1306 4642 1731 4713 εἰδωλοποίησιν,
1790 4640 1888 4707 τὴν

294 4740 418 4817 ἓοξιν
476 4737 571 4790 τοῦ
621 4737 827 4799 πάθους
860 4737 908 4788 oi
947 4735 1199 4804 δαίμονες
1246 4734 1542 4803 κέκτηνται
1571 4750 1586 4766 ⁸
1638 4733 1887 4804 ποικίλην

292 4827 396 4885 οὖν
451 4831 547 4882 καὶ
604 4829 954 4899 πολύμορφον
1001 4828 1097 4897 τὴν
1150 4828 1448 4896 φαντασίαν
1508 4827 1886 4898 ἐγρηγορότως

291 4925 398 4979 καὶ
453 4922 576 4977 καθ’
614 4922 819 4984 ὕπνους
878 4922 1013 4991 ὑμῖν
1042 4920 1370 4974 δεικνύουσι·
1409 4920 1885 4991 μεταμορφοῦνται

291 5018 414 5085 γὰρ
466 5016 517 5067 oi
579 5014 676 5083 μὲν
726 5014 825 5082 τῆς
880 5012 1179 5082 ὲπιθυμξας
1252 5011 1527 5080 δαίμονες,
1604 5010 1735 5064 ποτὲ
1788 5010 1884 5080 μὲν

288 5110 382 5170 εἰς
412 5106 651 5177 χοίρους,
688 5104 819 5159 ποτὶ
864 5104 920 5156 δὲ
965 5106 1043 5165 εἰς
1082 5103 1256 5167 ὅνους,
1308 5102 1433 5154 ποτὲ
1468 5101 1524 5155 δὲ
1563 5103 1639 5165 είς
1686 5101 1885 5164 ἵππους

289 5202 642 5271 Θηλυμανεῐς
689 5200 783 5252 καὶ
835 5199 1167 5267 πυροειδείς,
1202 5198 1330 5249 ποτὲ
1358 5195 1413 5248 δὲ
1456 5198 1535 5258 είς
1579 5196 1879 5263 Ἐϐραίους,

286 5295 403 5363 τῆς
437 5291 733 5353 ἀκολασίας
765 5290 1031 5359 μάλιστα·
1100 5291 1199 5357 τῆς
1256 5289 1311 5342 δὲ
1358 5289 1550 5358 ὀργῆς,
1601 5290 1729 5341 ποτὲ
1786 5289 1883 5352 μὲν

286 5388 379 5448 εἰς
413 5384 850 5445 ὲθνικοὺς,-ποτὲ
873 5384 929 5436 δὲ
959 5386 1037 5446 είς
1068 5382 1287 5446 λέοντας
1318 5398 1332 5412 ⁸
1372 5384 1464 5434 καὶ
1495 5385 1592 5451 τῆς
1623 5383 1722 5451 μὲν
1772 5381 1877 5433 δει-

284 5480 447 5543 λίας,
479 5478 561 5539 είς
610 5477 739 5539 τοὺς
799 5474 1146 5545 Ίσμαηλίτας
1173 5492 1186 5506 °
1220 5474 1315 5544 τῆς
1344 5474 1397 5526 δὲ
1423 5473 1738 5536 ἀκολασίας,
1803 5471 1880 5529 είς

284 5568 429 5631 τοὺς
499 5565 867 5636 ἰδουμαίουςο
922 5565 1019 5633 τῆς
1076 5563 1136 5617 δὲ
1184 5563 1517 5642 πολυποσίας
1574 5563 1666 5614 καὶ
1709 5562 1881 5631 ἀκρα-

288 5662 426 5721 σίας
460 5699 474 5723 ,
530 5662 609 5721 εἰς
645 5658 775 5720 τοὺς
838 5656 1220 5727 Ἀγαπηνούς·
1282 5655 1385 5726 τῆς
1439 5656 1494 5708 δὲ
1542 5653 1875 5718 πλεονεξίας,

283 5751 435 5807 ποτὲ
498 5751 596 5819 μὲν
659 5749 740 5813 είς
782 5748 907 5809 τοὺς
941 5748 1158 5811 λύκους,
1226 5748 1356 5801 ποτὲ
1380 5747 1436 5799 δὲ
1475 5748 1553 5809 είς
1584 5746 1707 5808 τοὺς
1740 5761 1878 5815 παρ-

279 5848 515 5908 δάλεις·
570 5844 665 5914 τῆς
696 5844 749 5896 δὲ
782 5845 1066 5913 πονηρίας,
1110 5845 1239 5894 ποτε
1291 5844 1388 5913 μὲν
1416 5846 1494 5905 εἰς
1534 5842 1657 5906 τοὺς
1699 5840 1872 5911 ὄφεις,

699 5944 963 6003 Panum.
1005 5944 1121 6003 Gn.
1167 5942 1274 6004 (IL.

1944 4662 2032 4707 -ει
2082 4662 2419 4722 operantem.
2456 4652 2568 4706 Hoc
2620 4656 2763 4715 enim
2831 4655 3016 4708 vitium
3069 4671 3557 4728 prmoccupant,ut
3656 4714 3661 4723 ,

1979 4744 2107 4799 hinc
2163 4744 2604 4815 imaginationem
2662 4747 2945 4802 invadant.
3016 4746 3206 4804 Varias
3279 4751 3444 4817 igitur
3502 4766 3557 4807 ct

1979 4835 2339 4891 multiformes
2395 4837 2553 4891 nobis
2616 4837 2970 4907 vigilantibus
3040 4850 3091 4894 ct
3161 4842 3555 4899 dormientibus

1974 4928 2237 4981 exhibent
2271 4930 2536 4997 imagines
2585 4948 2598 4984 :
2646 4930 3109 4985 transformamur
3146 4935 3295 4986 enim
3348 4936 3549 4989 daemo-

1977 5035 2071 5072 nes
2102 5023 2323 5088 quidem
2351 5022 2837 5091 concupiscentize,
2871 5025 3028 5077 modo
3064 5025 3114 5077 in
3145 5040 3359 5091 porcos,
3396 5031 3556 5084 modo

1976 5112 2026 5165 in
2062 5111 2267 5177 asinos,
2308 5116 2469 5168 modo
2504 5115 2556 5168 in
2608 5129 2779 5184 equos
2840 5118 2907 5170 ad
2961 5117 3163 5170 coitum
3218 5120 3472 5175 ardentes
3499 5132 3555 5175 ct

1974 5220 2292 5269 succensus,
2326 5206 2486 5260 modo
2523 5207 2575 5259 in
2626 5205 2879 5261 Hebraeos
2917 5211 3150 5263 maxime
3204 5211 3548 5281 luxuriosos;

1972 5298 2249 5351 daemones
2302 5308 2483 5351 autent
2541 5298 2653 5367 iras,
2698 5314 2840 5353 nunc
2890 5300 2944 5353 in
2986 5303 3256 5366 ethnicos,
3294 5318 3438 5357 nunc
3495 5304 3549 5357 in

1975 5391 2159 5444 leones
2184 5407 2197 5452 ;
2227 5400 2279 5443 ct
2306 5391 2538 5454 timoris,
2572 5392 2625 5443 in
2657 5391 2999 5459 lstnaelitas;
3034 5406 3086 5447 et
3111 5395 3546 5461 incontinentiae,

1972 5482 2025 5534 in
2075 5480 2375 5546 ldumazos;
2437 5493 2491 5536 et
2540 5484 2828 5538 ebrietatis
2875 5500 2938 5539 ac
2997 5486 3451 5555 intemperantia,
3494 5487 3547 5541 in

1973 5574 2311 5640 Saracenos;
2352 5585 2405 5630 et
2466 5577 2804 5645 cupiditatis,
2839 5578 2955 5633 sive
2992 5579 3042 5631 in
3096 5578 3270 5650 lupos,
3326 5584 3440 5633 sive
3494 5580 3549 5632 in

1972 5673 2299 5739 pantheras;
2349 5682 2403 5725 et
2451 5673 2694 5740 malitiae,
2735 5683 2847 5727 tum
2892 5676 2941 5727 in
2980 5686 3282 5744 serpentes.
3322 5688 3429 5730 tum
3494 5678 3547 5733 in

1972 5762 2205 5831 viperas,
2279 5772 2393 5817 tum
2458 5766 2507 5817 itt
2546 5768 2732 5835 vulpes
2785 5778 3247 5835 transntutantur;
3283 5780 3336 5823 et
3368 5773 3546 5840 impu~

1970 5855 2184 5921 demite,
2221 5857 2271 5909 iit
2326 5871 2533 5925 canes;
2574 5869 2623 5913 et
2686 5862 2908 5927 acedim,
2952 5863 3003 5916 in
3039 5864 3188 5917 feles.
3248 5863 3546 5935 Aliquando

3187 5957 3261 6017 te
