4224 6464
663 399 793 461 19.63

1897 390 1941 447 ι]
1955 386 2218 448 ιιεσυιι
2231 389 2280 447 ll
2321 386 2652 448 SlNAlT/E

3757 385 3888 451 ιεδι

659 507 764 559 lem
799 504 1094 574 appetitum
1146 512 1199 556 ct
1246 502 1349 556 vim
1393 499 1722 554 irascibilem
1753 515 1859 569 qua
1888 513 2131 556 movetur
2158 501 2217 556 ad

2316 499 2409 556 καὶ
2433 498 2664 572 δύναμιν
2693 502 2984 574 δρεκτικῆς
3010 502 3326 573 ἐπιθυμίας,
3362 501 3456 555 καὶ
3481 497 3718 570 θυμικὴν
3745 502 3886 566 πρὸς

661 596 1032 651 ioitituilincm
1091 609 1261 656 amor,
1320 594 1372 645 in
1405 592 1769 660 seipsababet
1817 607 1846 644 a
1893 591 2221 646 formatione

657 705 774 752 sua,
811 685 1092 741 rationalis
1121 695 1305 738 creata
1334 691 1391 738 et
1425 683 1826 739 intellectualis.
1857 683 2043 754 Neque
2072 687 2218 739 enim

655 786 944 835 concreata
993 787 1078 830 est
1107 777 1208 844 ipsi
1242 777 1570 831 irrationalis
1599 776 1675 830 ira
1706 786 1760 831 et
1812 791 2000 833 amens
2025 793 2220 832 concu-

657 867 942 940 piscentia,
975 866 1115 920 sicut
1145 881 1244 921 nec
1273 865 1324 920 in
1355 880 1581 935 corpore
1620 866 1774 938 prius
1810 885 1825 930 ;
1862 869 1958 924 sed
2011 868 2220 938 plasma

661 957 1067 1027 incorruptibile
1123 969 1242 1013 erat
1279 957 1481 1027 absque
1531 958 1850 1015 humoribus
1908 975 1976 1014 ex
2021 960 2220 1030 quibus

655 1051 1094 1121 concupiscentia
1129 1059 1185 1104 et
1220 1050 1297 1103 ira
1335 1049 1582 1105 bestialis
1638 1060 1837 1105 secuta
1892 1061 2040 1107 sunt.
2118 1050 2218 1106 Ubi

655 1142 798 1196 enim
847 1158 940 1213 per
976 1143 1395 1196 inobedientiam
1459 1143 1616 1196 homo
1688 1142 1973 1198 brutorum
2025 1160 2215 1199 coriu-

656 1234 828 1302 ptioni
861 1245 916 1288 et
944 1235 1289 1288 crassitudini
1322 1235 1593 1300 subjectus
1617 1244 1717 1299 est,
1738 1237 2044 1290 necessario
2065 1239 2142 1291 ira
2167 1249 2222 1291 et

654 1327 1098 1395 concupiscentia
1153 1328 1204 1380 in
1235 1342 1299 1380 eo
1325 1328 1809 1390 degeneraverunt.
1845 1328 1970 1381 Ideo
1999 1330 2222 1385 mortale

654 1432 850 1486 corpus
879 1418 1072 1471 animm
1102 1418 1362 1470 voluntati
1415 1432 1514 1485 per
1545 1421 1680 1471 iram
1726 1427 1780 1470 et
1828 1421 2220 1488 concupiscen-

661 1510 793 1562 tiam
843 1507 1064 1572 resistit,
1093 1525 1215 1562 cum
1237 1508 1586 1575 dominatur;
1635 1523 1759 1562 cum
1806 1520 1986 1564 autem
2019 1513 2216 1566 rationi

656 1601 919 1669 subjacet,
945 1601 1180 1654 animam
1202 1601 1255 1654 in
1275 1599 1432 1656 bonis
1451 1602 1702 1669 operibus
1719 1604 2218 1671 sequitur.Quaodo

657 1693 805 1746 enim
847 1693 1132 1747 commista
1189 1704 1243 1746 et
1278 1694 1502 1748 confusa
1537 1707 1661 1749 sunt
1691 1699 1981 1752 atlteutitia
2035 1701 2218 1752 Carnis

655 1801 778 1837 cum
803 1786 997 1841 animae
1017 1788 1455 1854 proprietatibus,
1484 1799 1608 1844 tunc
1633 1791 1828 1844 similis
1852 1802 1932 1844 est
1955 1791 2218 1859 jumentis

572 1904 573 1907 η
658 1879 840 1943 homo,
872 1879 972 1947 1τεὶ
1003 1880 1208 1948 peccati
1248 1893 1280 1932 n
1302 1884 1574 1934 ecessario
1601 1892 1656 1935 et
1686 1891 1875 1936 natura
1915 1885 2217 1954 subjacens,

655 1980 816 2033 atque
847 1974 1037 2025 brutus
1065 1987 1125 2024 ex
1160 1972 1407 2027 rationali
1435 1981 1486 2026 et
1506 1987 1667 2042 pecus
1685 1990 1752 2028 ex
1780 1975 1996 2030 homine
2015 1975 2213 2031 factus.

726 2231 815 2285 82.
841 2232 978 2288 Tum
1008 2250 1129 2290 cum
1153 2237 1332 2292 anima
1364 2253 1456 2308 per
1479 2239 1712 2296 amatum
1742 2244 2020 2300 rationalis
2036 2255 2088 2301 et
2120 2262 2215 2317 per

661 2325 988 2392 spiraculum
1044 2329 1166 2383 vitae
1214 2330 1601 2388 intellectualis
1629 2345 1814 2389 creata
1849 2347 1955 2403 est,
1993 2339 2128 2393 iram
2161 2352 2215 2396 et

650 2419 1144 2487 concupiscentiam
1175 2422 1454 2478 bestialem
1485 2439 1589 2478 non
1621 2431 1930 2484 concreavit
1961 2431 2010 2484 ei
2045 2433 2208 2496 Deus,

651 2513 746 2564 sed
780 2513 882 2564 vim
916 2513 1164 2582 cupiendi
1198 2517 1548 2584 appetitivam
1581 2528 1636 2574 et
1689 2535 1811 2574 cum
1843 2537 1907 2576 ea
1939 2521 2216 2578 fortitudi-

561 2632 571 2639 -
655 2617 775 2654 nem
810 2606 1090 2660 suavitatis
1117 2609 1454 2663 amatricem.
1491 2609 1566 2663 Ita
1597 2626 1698 2666 nec
1728 2615 1939 2684 corpori
1987 2615 2217 2671 formato

660 2693 794 2744 iram
829 2705 883 2745 et
907 2699 1398 2764 concupiscentiam
1426 2699 1792 2755 irrationalem
1830 2705 1897 2758 ab
1949 2704 2101 2759 initio
2131 2708 2214 2760 iti-

659 2783 829 2845 didit;
860 2787 950 2837 sed
999 2788 1266 2853 posterius
1299 2804 1394 2858 per
1434 2789 1856 2848 inobedtentiam
1907 2794 2106 2849 factum
2133 2809 2217 2852 est.

659 2876 902 2939 mortale,
952 2879 1305 2945 corruptibile
1343 2896 1402 2934 ac
1438 2883 1686 2947 bestiale,
1713 2884 1766 2936 iii
1806 2886 1893 2939 illa
1951 2898 2215 2943 mutatum

655 2967 854 3032 quibus
874 2967 1225 3021 assitnilatum
1246 2978 1347 3023 est.
1373 2969 1505 3024 Nam
1526 2989 1746 3042 corpus,
1783 2977 1934 3031 aiunt
1958 2980 2215 3050 theologi,

655 3057 790 3110 licet
873 3060 1237 3129 corruptionis
1290 3078 1477 3132 capax,
1538 3065 1948 3137 iucorruptibile
1978 3085 2214 3127 creatum

653 3157 760 3213 est,
794 3148 934 3202 sicut
959 3162 1011 3203 et
1041 3153 1220 3205 anima
1252 3154 1619 3223 impassibilis.
1657 3159 1762 3215 Sed
1791 3177 1912 3215 cuin
1945 3164 2044 3217 sibi
2078 3165 2217 3218 invi-

2312 605 2564 677 ἀνδρείαν
2613 605 2812 673 ἔρωτος
2870 605 3179 673 κινητικὴν,
3237 600 3343 653 ἀπὸ
3401 601 3499 670 τῆς
3543 601 3882 663 διαπλάσεως

2310 693 2502 764 αὐτῆς,
2525 693 2744 762 λογικῆς
2775 690 3088 759 κτισθείσης
3121 691 3214 742 καὶ
3258 691 3470 760 νοερᾶς.
3503 687 3581 740 Οὐ
3624 688 3733 758 γάρ
3765 705 3886 740 συν.

2310 784 2537 854 εκτίσθη
2582 783 2720 854 αὐτῇ
2756 781 2926 851 θυμὸς
2974 782 3166 848 ἄλογος
3187 821 3201 844 ,
3259 781 3354 834 καὶ
3387 779 3550 842 ἄνους
3581 777 3884 848 ἐπιθυμία·

2309 875 2499 946 ὡσπερ
2532 874 2652 928 οὐδὲ
2694 876 2752 927 ἐν
2795 877 2863 945 τῇ
2903 875 3069 942 σαρκὶ
3111 873 3412 943 πρότερον·
3446 873 3585 926 ἀλλὰ
3622 873 3887 938 πλασθέν,

2311 963 2586 1036 ἄφθαρτον
2610 958 2679 1033 ἦν
2707 967 2878 1032 χωρὶς
2909 961 3123 1032 χυμῶν,
3162 961 3221 1026 ἐξ
3246 955 3320 1015 ὧν
3347 965 3381 1033 η
3420 962 3687 1032 ἐπιθυμία
3742 963 3840 1016 καὶ
3863 965 3893 1016 6

2313 1051 2480 1122 θυμὸς
2521 1053 2550 1104 6
2605 1049 2874 1122 θηριώδης
2927 1049 3359 1121 ἐπηκολούθησε.
3428 1051 3586 1104 Μετά
3639 1052 3749 1121 γὰρ
3793 1052 3893 1123 τὴν

2311 1143 2598 1214 παρακοὴν
2643 1142 2978 1196 ὐποπεσόντι
3012 1144 3078 1213 τῇ
3131 1141 3310 1213 φθορᾷ
3355 1144 3451 1196 καὶ
3492 1145 3558 1213 τῇ
3613 1143 3893 1215 παχύτητι

2308 1233 2419 1288 τῶν
2469 1233 2714 1300 ἀλόγων,
2768 1231 2828 1298 ἐξ
2860 1233 3110 1304 ἀνάγκης
3141 1235 3239 1287 καὶ
3279 1235 3310 1285 6
3344 1233 3514 1303 θυμὸς
3556 1235 3650 1286 καὶ
3687 1237 3722 1304 ὴ
3771 1238 3895 1290 ἐπι-

2311 1324 2480 1395 θυμία
2526 1326 2583 1376 ἐν
2635 1325 2785 1394 αὐτῷ
2811 1324 3060 1392 ἐνέκυψε.
3100 1326 3200 1379 Διὰ
3243 1323 3404 1378 τοῦτο
3447 1326 3558 1394 γάρ
3594 1326 3691 1379 καὶ
3737 1327 3895 1378 ἐναν-

2309 1416 2520 1471 τιοῦται
2550 1417 2630 1487 τῷ
2657 1416 2958 1486 βουλήματι
2985 1417 3088 1487 τῆς
3123 1416 3300 1486 ψυχῆς
3326 1418 3469 1470 κατά
3503 1433 3564 1469 τε
3601 1418 3692 1470 τὸν
3723 1417 3896 1487 θυμὶν

2310 1509 2405 1562 καὶ
2433 1510 2532 1578 τὴν
2559 1507 2882 1577 ἐπιθυμίαν,
2913 1509 3002 1562 ὅτε
3034 1508 3300 1579 κυριεύει.
3343 1508 3515 1561 Ἐπὰν
3552 1508 3609 1560 δὲ
3643 1509 3894 1580 ὑποταγῇ

2310 1601 2372 1653 τὸ
2410 1598 2602 1669 θνητὸν
2637 1599 2716 1670 τῷ
2752 1599 2976 1669 λογικῷ,
3015 1599 3210 1652 ἐπεται
3239 1596 3374 1668 πρὸς
3399 1598 3500 1669 τὴν
3533 1597 3644 1651 τῶν
3674 1600 3897 1667 ἀγαθῶν

2313 1693 2597 1762 ἐνέργειαν
2627 1695 2694 1761 τῇ
2717 1691 2882 1761 ψυχῇ.
2919 1692 3050 1744 Ὅτε
3082 1691 3193 1759 γὰρ
3223 1690 3610 1760 συνεφύρησαν
3641 1693 3736 1744 καὶ
3765 1692 3896 1744 ἀνα-

2315 1781 2412 1852 μὶξ
2460 1784 2710 1852 ἐγένοντο
2760 1785 2828 1836 τὰ
2875 1783 2972 1847 τῆς
3009 1781 3213 1853 σαρκὸς
3256 1781 3560 1833 ἐπείσακτα
3609 1781 3749 1850 μετά
3795 1784 3897 1850 τῆς

2253 1859 2486 1944 ιίψυχῆς
2517 1875 2784 1947 ἰδιώματα
2806 1915 2822 1939 ,
2858 1876 2979 1927 τότε
3017 1873 3276 1944 ὡμοιώθη
3324 1875 3435 1936 τοῖς
3466 1874 3725 1942 κτήνεσιν
3764 1874 3898 1925 ὑπο-

2313 1964 2490 2036 κύψας
2525 1965 2604 2036 τῷ
2637 1966 2790 2037 νόμῳ
2828 1965 2929 2036 τῆς
2961 1964 3235 2036 ἁμαρτίας
3267 1964 3357 2016 διὰ
3387 1964 3487 2034 τὴν
3519 1965 3769 2034 ἀνάγκην
3797 1965 3897 2033 τῆς

2314 2056 2548 2126 φύσεως,
2578 2056 2772 2128 κτῆνος
2805 2058 2870 2110 ἐκ
2904 2055 3148 2125 λογικοῦ,
3175 2056 3270 2110 καὶ
3297 2055 3576 2128 θηρίονοέξ
3605 2054 3898 2126 ἀνθρώπου

2312 2150 2622 2218 γενόμενος.

2384 2241 2494 2312 πβ’.
2553 2242 2822 2314 Καθάπερ
2879 2245 2946 2314 τῇ
3003 2242 3152 2313 ψυχῇ
3207 2241 3296 2295 διὰ
3343 2239 3441 2293 τοῦ
3496 2241 3898 2310 ἐμφυσήματος

2313 2335 2785 2408 δημιουργηθείσῃ
2821 2338 3040 2406 λογικῇ,
3075 2335 3170 2388 καὶ
3199 2335 3362 2406 νοερᾷ
3402 2333 3492 2387 δια
3519 2335 3618 2404 τῆς
3661 2333 3900 2402 ζωτικῆς

2314 2427 2699 2496 ἐμπνεύσεως,
2737 2428 2910 2498 θυμὸν
2941 2427 3037 2483 καὶ
3062 2426 3362 2497 ἐπιθυμίαν
3403 2425 3656 2497 κτηνὼδη
3682 2427 3742 2479 οὑ
3770 2443 3899 2479 συνο

2315 2521 2528 2574 ἐκτισεν
2571 2522 2710 2591 αὐτῇ
2741 2523 2771 2574 6
2799 2521 2954 2585 Θεὸς,
2983 2521 3099 2574 ἀλλ’
3137 2518 3381 2590 ἐφέσεως
3409 2518 3647 2588 δύναμιν
3681 2519 3902 2589 ὀρεκτι-

2317 2612 2441 2683 xliv,
2487 2615 2582 2666 καὶ
2628 2612 2766 2683 πρὸς
2812 2613 2952 2683 αὐτῇ
3006 2611 3238 2676 θέλξεως
3282 2611 3540 2681 ἀνδρείαν
3589 2613 3898 2682 ἐρωτικήν·

2316 2700 2489 2764 οὕτως
2515 2702 2635 2754 οὐδὲ
2671 2701 2750 2772 τῷ
2793 2701 3031 2773 σώματι,
3071 2701 3554 2772 πλαστουργήσας,
3588 2701 3763 2771 θυμὸν
3806 2704 3904 2754 καὶ

2317 2794 2613 2864 δπιθυμίαν
2643 2795 2838 2860 ἄλογον
2866 2796 3018 2866 παρὰ
3058 2795 3156 2860 τὰς
3185 2796 3362 2867 ἀρχὰς
3385 2795 3668 2862 ἐνέθηκεν.
3698 2796 3900 2850 ’Υστες

2321 2904 2414 2957 ρον
2466 2887 2576 2958 γὰρ
2627 2887 2803 2940 ταῦτα
2859 2889 2950 2941 διὰ
2993 2889 3092 2958 τῆς
3139 2887 3431 2958 παρακοῆς
3477 2887 3789 2959 προσέλασε
3840 2888 3905 2942 τδ

2322 2978 2554 3048 θνητὸν,
2606 2979 2700 3031 καὶ⁵
2755 2979 3019 3050 φθαρτὸν,
3068 2979 3164 3034 καὶ
3217 2978 3527 3046 κτηνῶδες,
3576 2979 3636 3032 ἐν
3685 2973 3767 3042 οἷς
3810 2981 3903 3033 καὶ

2319 3070 2578 3141 ὡμοιώθη
2609 3070 2920 3140 γενόμενον.
2965 3071 3038 3123 Τὸ
3074 3070 3182 3142 γὰρ
3208 3073 3390 3142 σῶμα,
3441 3071 3606 3139 φασὶν
3643 3072 3692 3124 οἱ
3722 3070 3904 3124 θεολό-

2322 3183 2445 3234 γοι,
2487 3167 2762 3235 ἄφθαρτον
2808 3167 3032 3238 ἐκτίσθη
3054 3206 3070 3230 ,
3110 3161 3221 3220 οἷον
3247 3168 3340 3220 καὶ
3370 3167 3761 3235 ἀναστήσεται,
3799 3167 3905 3218 κᾶν

655 3255 771 3292 cem
803 3242 1190 3296 coordineutur
1238 3256 1293 3298 et
1352 3251 1756 3304 cenimunicent
1814 3256 2214 3310 naturalissima

2321 3257 2566 3310 δεκτικὸν
2597 3258 2705 3328 llo.
2736 3258 2861 3312 add.
2895 3255 3151 3329 φθορᾶις],
3182 3258 3375 3327 ῶσπερ
3403 3258 3498 3311 καὶ
3526 3257 3560 3326 ῆ
3581 3256 3730 3325 ψυχὴ
3762 3259 3906 3310 ἀπα-

657 3332 774 3398 lege
798 3332 974 3384 anima
1004 3342 1060 3387 et
1117 3349 1329 3404 corpus,
1381 3341 1541 3394 ambo
1588 3352 1838 3412 corrupta
1895 3353 1954 3400 et
1990 3345 2216 3401 confusa

655 3433 802 3484 sunt,
848 3425 961 3476 haec
989 3426 1330 3492 passionibus
1375 3444 1470 3485 seu
1513 3433 1690 3500 potius
1736 3437 2071 3492 damouibus
2109 3450 2220 3493 tra-

654 3515 787 3580 dita,
815 3515 944 3569 illud
978 3518 1386 3574 irrationalibus
1415 3520 1676 3589 iumentis
1700 3523 2060 3583 a'sslmitatum
2084 3532 2132 3583 vi
2161 3540 2218 3586 et

657 3609 856 3660 robore
890 3617 1064 3662 status
1103 3610 1189 3663 sui
1222 3612 1486 3666 mortalis.
1519 3612 1585 3666 Et
1624 3615 1905 3672 amborum
1939 3619 2077 3676 vires
2109 3637 2216 3677 una

655 3698 980 3769 conjunctae.
1022 3715 1189 3759 uuam
1239 3703 1469 3760 bestiam
1528 3707 1607 3760 ira
1665 3720 1721 3763 et
1775 3713 2214 3783 concupiscentia

653 3790 1020 3846 irrationalem
1089 3803 1144 3847 et
1193 3806 1457 3850 amentem
1508 3799 1818 3864 eiecerunt,
1862 3811 1915 3857 et
1939 3807 2020 3859 sic
2071 3815 2218 3863 totus

656 3889 817 3936 homo
858 3893 1200 3952 comparatus
1249 3895 1335 3941 est
1387 3888 1648 3958 iumentis
1671 3931 1686 3958 ,
1722 3903 1779 3947 ut
1808 3893 1885 3947 ait
1913 3891 2215 3965 Scriptura,

650 3986 704 4028 et
737 3977 929 4030 similis
959 3977 1131 4032 factus
1159 3988 1240 4032 es'.
1268 3979 1399 4034 iiiis.

2239 3301 2285 3366 C

2326 3345 2446 3417 θής.
2508 3347 2859 3418 Ἐφθάρησαν
2919 3349 2964 3401 δ’
3007 3349 3295 3418 ἀμφότερα
3338 3349 3435 3402 καὶ
3486 3347 3906 3418 συνεκράθησαν

2324 3440 2413 3493 διὰ
2439 3439 2530 3493 τδν
2557 3440 2939 3506 φυσικώτατον
2965 3439 3170 3508 θεσμὸν
3197 3441 3296 3508 τῆς
3323 3441 3405 3502 εἰς
3434 3438 3642 3509 ἀλληλα
3668 3455 3906 3509 περιχω-

2329 3532 2544 3603 ρὴσεὼς
2566 3550 2624 3585 τε
2653 3534 2747 3586 καὶ
2775 3532 3134 3602 μεταδόσεως,
3162 3530 3198 3600 ῆ
3227 3547 3286 3583 τε
3311 3529 3463 3600 ψυχὴ
3492 3531 3588 3583 καὶ
3611 3529 3672 3582 τὸ
3703 3529 3866 3597 σῶμα
3891 3545 3907 3560 °

2333 3623 2368 3694 η
2389 3623 2518 3690 ⁵μὲν
2561 3624 2672 3686 τοῖς
2707 3622 2938 3687 πάθεσι,
2983 3620 3182 3691 μᾶλλον
3221 3619 3278 3673 δὲ
3313 3621 3534 3689 δαίμοσι
3567 3619 3907 3674 maiiestom-

2333 3715 2395 3768 τὸ
2425 3715 2482 3767 δέ
2536 3718 2647 3778 τοῖς
2685 3716 2901 3782 ἀλόγοις
2941 3716 3195 3783 κτήνεσιν
3231 3711 3667 3782 ἐξομοιούμενον,
3707 3713 3776 3782 τῇ
3809 3711 3908 3780 τῆς

2332 3807 2716 3868 καταπόσεως
2758 3806 3030 3875 ἐνεργείᾳ,
3068 3805 3162 3857 καὶ
3190 3805 3259 3875 τῇ
3294 3802 3621 3872 ἐπικρατείᾳ
3652 3803 3753 3872 τῆς
3787 3803 3908 3870 cibo

2333 3898 2454 3968 ρᾶς.
2505 3896 2617 3951 Καὶ
2647 3897 2728 3960 είς
2771 3895 2830 3949 ἐν
2865 3895 2974 3950 τῶν
3014 3894 3344 3966 ἀμφοτέρων
3375 3893 3435 3946 αἱ
3466 3892 3728 3962 δυνάμεις
3757 3891 3910 3960 γενό-

2337 4007 2514 4060 μεναι,
2552 3987 2612 4041 ἒν
2646 3988 2845 4056 κτῆνος
2876 3987 3070 4056 ἀλογον
3100 3986 3196 4038 καὶ
3229 3985 3391 4039 ἀνουν
3423 3984 3501 4054 τῷ
3529 3981 3690 4053 θυμῷ
3718 3984 3812 4037 καὶ
3846 3988 3909 4054 τῇ

647 4082 914 4153 ἐπιθυμίᾳ
952 4080 1247 4148 γενόμενον
1299 4072 1677 4126 ἀπετέλεσαν·
1738 4071 1835 4123 καὶ
1880 4067 2026 4121 οὕτω
2064 4087 2083 4120 ‹
2123 4069 2582 4142 παρασυνεὸλήθη
2636 4074 2754 4134 τοῖς
2807 4073 3051 4142 κτήνεσι,
3111 4076 3258 4127 κατὰ
3328 4078 3429 4148 τὴν
3474 4078 3728 4149 “mw”.
3800 4083 3900 4133 καὶ

648 4174 910 4246 ὡμοιώθη
928 4173 1137 4234 αὐτοῖς,
1169 4187 1186 4219 i
1217 4166 1363 4221 κατά
1385 4165 1563 4218 πάντα
1581 4162 1805 4234 τρόπον.

721 4271 811 4322 83.
847 4267 916 4322 Ut
961 4269 1174 4321 initium
1227 4277 1283 4322 et
1328 4271 1480 4339 origo
1521 4274 1774 4325 virtutum
1807 4284 1891 4342 est
1932 4273 2073 4328 bona
2117 4293 2212 4330 vo-

654 4359 854 4424 luntas,
879 4359 1085 4412 scilicet
1132 4360 1349 4413 virtutis
1383 4363 1734 4424 desiderium,
1761 4364 1839 4416 sic
1874 4363 2010 4415 Dens
2042 4380 2200 4417 causa

655 4463 737 4504 est
773 4462 826 4506 et
861 4452 980 4505 [om
1003 4453 1177 4526 omnia
1211 4453 1363 4506 boui.
1416 4452 1644 4507 Virtutis
1672 4455 1846 4506 atlliuc
1879 4455 2086 4506 initium
2130 4468 2212 4509 est

659 4546 813 4605 tidcs,
879 4541 961 4594 vel
1025 4545 1202 4610 potius
1266 4542 1533 4604 Christus,
1600 4544 1691 4612 qui
1745 4557 1826 4597 eet
1876 4555 2025 4611 petra
2066 4544 2210 4610 ﬁdei,

655 4644 710 4685 et
741 4632 1064 4699 principium
1120 4631 1633 4701 fumlamentumque
1667 4634 1821 4687 nobis
1855 4646 1938 4687 est
1967 4638 2209 4688 omnium

2391 4265 2500 4334 πγ’.
2568 4266 2736 4336 Ἀρχὴ
2789 4266 2897 4319 τῶν
2944 4265 3156 4336 ἀρετῶν
3212 4265 3303 4317 κα)⁵
3367 4269 3604 4332 γένεσις,
3648 4266 3681 4333 ἠ
3721 4265 3900 4334 ἀγαθὴ

2325 4359 2613 4427 πρόθεσις,
2657 4359 2757 4409 εἰτ’
2799 4354 2895 4410 οὖν
2945 4359 2978 4425 ἡ
3029 4356 3216 4424 ἔφεσις
3264 4354 3356 4407 τοῦ
3394 4354 3599 4408 καλοῦο
3645 4354 3836 4424 ῶσπερ
3875 4363 3902 4407 ε

2322 4448 2451 4507 Θεὸς
2505 4449 2652 4501 αἰτία
2711 4450 2808 4502 καὶ⁵
2855 4448 3005 4515 πηγὴ
3065 4445 3265 4507 παντὸς
3313 4443 3544 4511 ἀγαθοῦ.
3590 4443 3777 4496 Καλοῦ
3845 4445 3902 4497 δὲ

2324 4543 2465 4612 ἁρχὴ
2520 4543 2552 4609 ἡ
2603 4539 2804 4603 πίστις,
2852 4539 3053 4608 μᾶλλον
3077 4539 3131 4592 δὲ
3161 4540 3189 4590 ὁ
3221 4537 3477 4606 Χριστὸς,
3515 4537 3548 4606 ἡ
3591 4536 3771 4607 πέτρα
3806 4539 3904 4606 τῆς

2325 4635 2588 4697 πίστεως,
2620 4632 2680 4685 ὃν
2718 4631 2795 4694 ὡς
2836 4631 3011 4701 ἀρχὴν
3041 4632 3133 4683 καὶ
3177 4629 3427 4699 θεμέλιον
3457 4628 3658 4697 ἔχομεν
3684 4629 3904 4681 πάντων

656 4726 936 4785 virtutum,
995 4723 1050 4774 in
1103 4738 1210 4790 quo
1256 4723 1548 4777 fundamus
1592 4731 1647 4778 et
1695 4724 2020 4778 aediﬁcamus
2049 4741 2208 4779 omne

2324 4724 2431 4776 τῶν
2465 4724 2698 4794 ἀρετῶν,
2725 4725 2781 4778 ἐν
2869 4723 3204 4794 βεϐήκαμεν,
3238 4721 3334 4774 καὶ
3357 4722 3414 4772 ὲν
3437 4712 3482 4786 ᾧ
3507 4719 3904 4789 οἰκοδομοῦμεν

655 4817 872 4867 bonum.
917 4814 1016 4868 liic
1054 4825 1137 4867 est
1165 4814 1304 4882 lapis
1349 4816 1625 4882 angularis
1676 4830 1773 4870 nos
1818 4816 2035 4870 sibimet
2080 4833 2211 4872 con-

645 4908 896 4973 iungens,
927 4915 977 4959 et
1015 4905 1248 4974 μειειὶοω
1297 4907 1610 4974 margarita,
1655 4923 1818 4974 quant
1851 4924 2100 4980 quaeretis
2129 4912 2211 4964 in-

653 5011 870 5063 grcssus
895 4997 1210 5055 altissimam
1256 4997 1624 5064 quibtudinem
1663 5003 1993 5065 monachus,
2024 5019 2212 5056 omnes

654 5103 781 5142 suas
816 5089 1114 5142 voluntates
1141 5091 1319 5141 \Ctttlil
1358 5104 1422 5140 ac
1463 5092 1727 5142 mandatis
1751 5093 1955 5158 subdit,
1999 5104 2058 5146 ut
2089 5094 2212 5148 inde

656 5181 794 5232 illam
826 5186 1086 5252 acquirat.

724 5362 808 5412 lit.
860 5361 1067 5413 Tum-nt
1131 5358 1536 5413 similitudinem
1591 5360 1727 5412 inter
1768 5374 1827 5414 se
1856 5360 2106 5426 virtutes,
2159 5375 2212 5416 ct

652 5473 838 5516 onnes
913 5459 963 5508 in
1031 5473 1194 5508 unum
1255 5456 1608 5517 conveniunt,
1686 5466 1739 5510 et
1799 5471 1968 5526 genus
2047 5476 2208 5512 unum

665 5566 930 5619 unamque
958 5550 1246 5601 t-onliciunt
1280 5549 1536 5617 speciem.
1565 5547 1701 5602 Sunt
1732 5551 1876 5603 enim
1904 5552 2130 5606 virtutes
2161 5561 2216 5605 et

655 5646 895 5702 virtutes,
938 5653 992 5694 et
1044 5641 1162 5693 alize
1205 5641 1325 5693 aliis
1379 5640 1629 5708 majores,
1665 5653 1849 5711 utpote
1881 5643 2081 5697 multas
2127 5646 2210 5700 vel

651 5735 814 5787 etiam
850 5743 1069 5785 cunctas
1094 5734 1612 5801 comprehendi-otes
1657 5750 1718 5786 ac
1744 5736 2162 5805 complectentes
2197 5755 2210 5790 ε

651 5830 790 5879 sicut
817 5841 970 5878 amor
1003 5825 1117 5889 Dei,
1152 5825 1446 5890 humilitas,
1481 5838 1535 5879 et
1565 5829 1746 5882 divina
1778 5829 2062 5896 patientia.
2127 5830 2210 5884 Di-

2324 4817 2433 4870 πᾶν
2454 4817 2677 4883 ἀγαθόν.
2702 4810 2870 4879 Οὗτος
2891 4817 2920 4869 6
2953 4815 3095 4876 λίθος
3120 4816 3150 4866 6
3171 4814 3588 4883 ἀκρογωνιαῶς,
3615 4813 3645 4863 ὁ
3670 4811 3905 4863 συνδέων

2323 4909 2470 4981 ἡμᾶς
2519 4907 2733 4977 ἐαυτῷ,
2791 4908 2886 4960 καὶ
2948 4908 2978 4958 6
3040 4904 3340 4974 πολύτιμος
3399 4903 3785 4972 μαργαρίτηςο
3844 4902 3905 4954 ὃν

2324 5000 2503 5072 ζητῶν
2533 5002 2562 5053 6
2599 5003 2680 5064 εἰς
2711 4999 2805 5053 τὸν
2836 4998 3002 5067 βυθὸν
3039 4996 3139 5066 τῆς
3171 4997 3402 5065 ἡσυχίας
3440 4995 3700 5048 εἰσδύνων
3734 5012 3904 5062 μονασ

2325 5089 2440 5159 χδς,
2480 5089 2656 5141 πάντα
2687 5087 2757 5139 τὰ
2786 5086 3102 5157 ὑπάρχοντα
3139 5082 3291 5150 αὐτῷ
3341 5082 3646 5151 θελήματα,
3693 5083 3907 5151 πιπρά-

2328 5199 2446 5233 σκει
2475 5181 2561 5233 διὰ
2591 5181 2690 5248 τῆς
2721 5179 2968 5248 ὑπακοῆς
2995 5176 3102 5228 τῶν
3128 5173 3381 5237 ἐντολῶν,
3417 5173 3505 5225 ἵνα
3531 5173 3627 5225 ἀπ’
3655 5174 3906 5227 ἐντεῦθεν

2329 5274 2488 5326 αὑτὸν
2521 5273 2811 5340 κτήσηται.

2402 5362 2504 5415 τπδ’.
2552 5363 2794 5430 Ἰσότητα
2824 5359 2954 5429 πρὸ,
2993 5357 3227 5428 ἀλληλας
3260 5357 3314 5408 αἱ
3358 5357 3552 5425 ἀρεταὶ
3585 5357 3906 5428 κέκτηνται,

2332 5457 2421 5509 καῖ
2475 5456 2641 5507 πᾶσαι
2689 5455 2768 5515 εἰς
2819 5452 2875 5504 ἒν
2927 5451 3270 5518 συνάγονται,
3332 5449 3425 5500 καὶ
3470 5447 3570 5501 ἕνα
3613 5449 3764 5518 ὅρον,
3814 5456 3912 5503 καὶ

2330 5549 2467 5612 εἶδος
2501 5550 2700 5618 ἀρετῆς
2749 5545 3190 5618 συμπληροῦσιν..
3224 5544 3342 5597 Εἰσὶ
3387 5546 3496 5614 γὰρ
3544 5546 3761 5614 ἀρεταὶ,
3805 5549 3903 5599 καὶ

2329 5644 2464 5695 είσ“ιν
2509 5639 2718 5710 ἀρετῶν
2760 5639 2954 5708 ἀρεταὶ
2991 5638 3243 5707 μείζους,
3283 5628 3366 5698 ὡς
3420 5640 3771 5708 περιεκτικαὶ
3805 5643 3905 5691 καὶ

2331 5731 2639 5786 συνεκτικαὶ
2673 5729 2780 5780 τῶν
2821 5729 3102 5794 πλειόνων,
3133 5729 3163 5800 ἢ
3197 5730 3287 5782 καὶ
3330 5730 3570 5781 πάντων
3606 5730 3682 5792 ὡς
3712 5732 3745 5800 ἡ
3780 5731 3904 5784 Θεία

2329 5827 2534 5893 ἀγάπη,
2564 5821 2654 5874 καὶ
2687 5823 2716 5890 ἡ
2747 5819 3090 5874 ταπείνωσς.
3126 5822 3212 5872 καὶ
3313 5819 3432 5871 θεία
3467 5819 3738 5890 ὑπομονὴ.
3763 5823 3904 5890 Φησὶ

652 5917 728 5968 cit
765 5917 905 5969 enim
938 5915 1003 5969 de
1035 5916 1133 5970 Itac
1189 5915 1447 5969 Dominus
1488 5933 1502 5972 ;
1557 5937 1575 5967 ι
1613 5917 1666 5969 In
1729 5919 1985 5987 patientia
2032 5933 2210 5972 vestra

2313 5922 2419 5990 γὰρ
2457 5921 2484 5971 ὁ
2517 5918 2717 5986 Κύρεος
2765 5915 2892 5982 περὶ
2920 5911 3112 5978 αὑτῆς-⁸
3153 5932 3170 5963 ε
3230 5915 3318 5966 Ἐν
3349 5916 3413 5983 τῇ
3447 5913 3695 5984 ὑπομονῇ
3731 5917 3897 5985 ὑμῶν

650 6005 1000 6076 possidebitis
1075 6005 1282 6060 animas
1337 6016 1546 6062 vestras
1611 6006 1768 6076 (Lm.
1830 6023 1945 6072 χιι,
1984 6009 2212 6077 l9):at

2317 6010 2586 6081 κτήσασοε
2638 6012 2732 6066 τὸς
2779 6007 2959 6075 ψυχὰς
2987 6007 3174 6070 ὑμῶν*
3234 6027 3250 6057 ι
3289 6008 3374 6058 καὶ
3421 6008 3520 6058 οὐκ
3565 6005 3753 6061 εἶπεν.
3799 6010 3892 6063 Ἐν
