4224 6464
333 399 471 464 1265

1357 395 1624 453 CM’I'I‘A
1678 388 1826 449 νιιιι
1869 375 2528 443 ACROSTlClIlDEM.

3420 369 3557 434 1‘266

301 512 368 576 τῇ
394 503 614 573 νηστείᾳ.
639 500 815 569 ὑμῶν,
848 500 904 569 ἢ,
931 497 1009 566 Τῇ
1042 493 1321 564 ἀγρυπνία
1350 491 1522 560 ὑμῶν.
1567 488 1878 558 ’Υπομονῆς

2000 505 2094 541 non
2158 489 2292 541 dixit
2337 487 2435 541 :In
2497 483 2703 554 jejunio
2756 493 2958 548 vestro,
2987 490 3077 535 aut
3132 481 3420 550 in‘vigiliis
3477 501 3563 538 ve-

301 600 357 652 δὲ
391 597 534 663 λέγω
555 635 569 656 ,
605 592 703 662 τῆς
749 590 892 643 κατά
933 587 1064 640 Θεὸν
1095 582 1428 653 γινομένης,
1459 581 1557 649 τῆς
1611 578 1879 649 βασιλίδος

302 691 412 742 τῶν
459 684 702 759 ἀρετῶν,
749 681 845 735 τοῦ
898 676 1151 749 θεμελίου
1194 674 1303 728 τῶν
1351 669 1880 741 ἀνδραγαθημάτων.

302 778 451 847 Λῦτη
497 776 607 845 γάρ
638 775 809 839 ἐστιν,
843 769 1004 839 αὕτη,
1034 770 1068 836 ἠ
1114 769 1170 820 έν
1202 762 1461 832 πολέμοις
1500 762 1714 830 είρήνη,
1752 761 1785 829 ἠ
1826 759 1887 811 ἐν

303 868 447 941 ζάλῃ
481 867 715 937 γαλήνη,
751 865 785 934 ἡ
821 865 879 917 ὲν
926 862 1036 923 τοῖς
1073 856 1479 926 κατορθωκόσιν
1534 854 1707 924 αὐτὴν
1751 854 1887 907 ἀπε-

308 962 597 1032 ρίτρεπτος
654 958 902 1029 ἵδρυσις·
952 953 1020 1023 ἢν
1068 950 1169 1019 οὐχ
1220 948 1360 1003 ὅπλα
1407 947 1500 999 καὶ
1545 945 1781 1015 δόρατα,
1823 944 1886 997 ού

306 1050 647 1123 στρατόπεδα
701 1046 1013 1117 ἀφιέμενα,
1067 1043 1165 1111 ούχ
1208 1038 1348 1109 αὕτη
1395 1040 1429 1107 ἡ
1474 1036 1582 1091 τῶν
1617 1036 1889 1105 δαιμόνων

306 1143 652 1215 παράταξις,
702 1140 801 1209 ούχ
858 1139 891 1207 ἡ
943 1136 1152 1204 ζοφερά
1207 1132 1314 1185 τῶν
1367 1130 1625 1183 ἐναντίων
1677 1127 1890 1196 φάλαγξ

309 1237 510 1306 βλάψαι
548 1233 869 1302 δυνήσονται
905 1228 996 1282 τὸν
1034 1227 1241 1295 ταύτην
1285 1223 1629 1293 κτησάμενον
1667 1223 1724 1274 ὲν
1757 1221 1891 1291 Χρι-

309 1328 422 1399 στῷ
470 1324 671 1396 Ἰησοῦ.

379 1419 486 1474 πε’.
546 1418 614 1471 Αἱ
668 1414 903 1486 ἀρεταὶ,
954 1412 1058 1465 κᾶν
1107 1409 1354 1479 ἀλλήλων
1398 1408 1507 1459 εἰσὶ
1540 1404 1892 1477 γεννητικαὶ,

307 1513 427 1567 ἀλλ’
456 1514 522 1564 ὲκ
548 1510 658 1563 τῶν
684 1507 855 1578 τριῶν
888 1505 1174 1572 δυνάμεων
1204 1503 1302 1572 τῆς
1340 1501 1517 1570 ψυχῆς
1559 1499 1657 1569 τὴν
1682 1499 1896 1567 γένεσιν

1998 583 2144 636 suis.
2188 581 2509 635 Patientiam
2571 585 2747 629 autem
2796 576 2916 630 dico
2964 591 3082 644 qua:
3134 584 3217 630 est.
3274 578 3564 631 secundum

1998 675 2190 735 Deum,
2225 688 2345 742 qum
2373 674 2557 742 regina
2588 681 2672 726 est
2708 670 2998 734 virtutum,
3040 673 3419 737 bonorumque
3440 683 3568 734 ope-

2000 783 2118 822 rum
2154 766 2577 820 fundamentum.
2606 762 2732 817 llaec
2759 769 2843 816 est
2865 760 3007 815 enim
3039 762 3094 814 in
3129 760 3269 815 bello
3304 776 3429 831 pax,
3455 759 3569 813 lucc

2000 864 2400 932 intempestate
2455 858 2742 923 serenitas,
2778 859 2894 913 haec
2948 856 3348 927 possidentibus
3393 857 3592 925 ipsanv

2002 955 2327 1009 inconcussa
2382 952 2562 1017 sedes,
2597 967 2757 1019 quam
2813 951 2856 1006 si
2910 949 3034 1019 quis
3081 950 3133 1003 in
3178 948 3395 1004 Christo
3437 946 3569 1003 Jesu

2000 1048 2229 1116 adeptus
2257 1056 2363 1109 est,
2453 1061 2563 1099 non
2614 1044 2692 1098 illi
2753 1058 2900 1097 arma
2926 1052 2979 1098 et
3025 1043 3153 1107 tela,
3191 1058 3298 1098 non
3343 1043 3569 1095 militum

2003 1139 2254 1207 impetus,
2288 1156 2399 1194 non
2432 1140 2543 1209 ipsa
2592 1139 2900 1192 daemonum
2931 1137 3097 1201 acies,
3132 1151 3236 1191 non
3274 1135 3573 1191 tenebrosa:

2004 1232 2240 1287 hostium
2269 1242 2499 1287 caterva:
2532 1245 2727 1286 nocere
2760 1238 3008 1299 possunt.

2074 1412 2163 1467 85.
2204 1412 2436 1467 invicem
2494 1411 2742 1479 quamvis
2793 1425 2851 1466 se
2901 1418 3161 1481 generant
3203 1410 3449 1475 virtutes,
3506 1427 3571 1463 ex

2002 1496 2175 1557 tribus
2229 1514 2407 1559 tamen
2486 1503 2680 1558 anima:
2752 1503 2962 1558 viribus
3044 1503 3312 1573 originem
3368 1506 3575 1558 ducunt

310 1606 551 1674 ἔχουσιν,
590 1601 722 1655 ἄνευ
763 1597 873 1651 τῶν
917 1596 1102 1651 θείων.
1140 1594 1297 1648 Aleia
1334 1592 1443 1661 γὰρ
1482 1592 1573 1645 καὶ
1607 1590 1750 1661 ἀρχὴ
1790 1590 1890 1643 τῶν

2012 1598 2257 1667 exceptis
2289 1596 2624 1669 theologicis.
2674 1597 2807 1651 Nam
2870 1607 3102 1667 quatuor
3138 1598 3369 1652 virtutes
3394 1598 3573 1652 cardi-

310 1694 595 1762 τεσσάρων
624 1689 860 1759 γενικῶν
900 1691 957 1741 ὲν
989 1689 1101 1749 τοῖς
1136 1686 1387 1755 φυσικοῖς
1436 1685 1528 1738 καὶ
1570 1682 1732 1735 θείων
1769 1682 1890 1751 ἀρε·

2005 1690 2173 1754 nales,
2197 1704 2316 1759 qua:
2347 1690 2622 1745 naturales
2652 1700 2778 1744 sunt
2831 1704 2895 1743 ac
2934 1689 3150 1753 divinae,
3180 1699 3232 1745 et
3271 1705 3335 1744 ex
3372 1692 3567 1760 quibus

310 1789 443 1852 τῶν,
475 1784 536 1849 ἐξ
564 1777 640 1838 ὧν
668 1783 765 1837 καὶ
813 1784 870 1834 ὲν
901 1774 989 1843 αἷς
1020 1780 1073 1832 ai
1104 1777 1292 1831 λοιπαὶ
1318 1775 1686 1838 συνίστανται,
1717 1774 1815 1843 τῆς
1840 1790 1890 1825 τε

2003 1793 2055 1836 et
2087 1784 2137 1836 in
2172 1783 2365 1852 quibus
2392 1794 2604 1839 caetera:
2637 1784 2964 1847 consistunt,
3013 1784 3227 1839 scilicet
3264 1786 3572 1853 prudentia,

315 1881 658 1950 φρονήσεως,
714 1876 810 1930 καὶ
857 1873 1135 1945 ἀνδρείας,
1196 1868 1551 1939 σωφροσύνης
1590 1885 1648 1920 τε
1692 1867 1788 1919 καλ⁵
1820 1866 1890 1917 δι·

2002 1875 2282 1941 fortitudo,
2311 1877 2664 1945 temperantia
2712 1887 2767 1930 et
2801 1876 3033 1946 justitia,
3068 1892 3287 1932 causam
3325 1889 3377 1933 et
3406 1881 3573 1947 origio

318 1970 644 2039 καιοσύνης,
679 1968 828 2021 ἔστιν
876 1967 909 2036 ἡ
946 1964 1067 2018 θεία
1091 1962 1201 2016 τῶν
1238 1959 1505 2027 θεολόγων
1536 1955 1890 2027 πνευματοκί-

2005 1982 2125 2021 nem
2151 1968 2351 2023 habent
2379 1968 2617 2022 divinam
2653 1968 2955 2023 divinarum
2983 1984 3159 2023 rerum
3192 1972 3510 2041 sapientiam
3545 1989 3572 2025 a

314 2081 478 2133 νητος
513 2060 698 2129 σοφία,
737 2058 877 2113 κατά
916 2056 1041 2110 νοῦν
1090 2053 1370 2125 τετραχῶς
1416 2050 1737 2120 κινουμένη.
1792 2049 1890 2119 Οὐ)

2008 2062 2213 2130 Spiritu
2270 2064 2322 2117 in
2369 2071 2549 2116 mente
2578 2064 3004 2132 qnadrupliciter
3036 2076 3255 2120 motam.
3296 2066 3425 2132 Quae
3467 2085 3573 2123 non

318 2156 438 2222 ἅμα
473 2152 529 2205 δὲ
566 2150 747 2212 πάσας
782 2148 1019 2217 ἐνεργεῖ,
1064 2142 1181 2198 ἀλλ’
1220 2142 1327 2211 ίδίᾳ
1358 2139 1596 2232 ἑκάστην
1637 2139 1700 2232 ὲν
1728 2136 1890 2232 καιριῖ

2002 2171 2190 2211 omnes
2212 2157 2371 2213 simul
2404 2158 2519 2212 illas
2544 2158 2814 2226 producit,
2854 2158 2945 2211 sed
2969 2174 3210 2215 seorsmn
3252 2162 3492 2232 singulas
3522 2164 3575 2216 in

321 2243 495 2310 αὐτῆς
540 2240 723 2302 καθὼς
775 2236 1025 2307 βούλεται
1055 2251 1068 2263 ·
1106 2232 1202 2286 καὶ
1240 2232 1335 2303 τὴν
1367 2230 1488 2299 μὲν,
1519 2228 1595 2291 ὡς
1625 2226 1741 2296 φῶς
1764 2244 1777 2257 ’
1809 2226 1890 2296 τὴι

2010 2254 2249 2315 tempore
2277 2258 2582 2316 opportuno
2623 2257 2780 2317 prout
2812 2249 2923 2303 vult
2954 2266 2968 2305 :
2996 2260 3051 2305 et
3085 2252 3245 2305 aliam
3276 2226 3490 2321 quidem
3521 2264 3579 2308 nt

320 2335 404 2396 δὲ,
453 2333 529 2395 ὡς
577 2331 808 2401 δύναμιν
857 2328 1039 2394 ὀξεῖαν
1086 2327 1182 2379 καὶ
1225 2324 1540 2392 ἀεικίνητον
1570 2321 1871 2391 ἔμπνευσιν

2005 2337 2201 2403 lucem,
2234 2339 2394 2392 aliam
2428 2349 2485 2393 ut
2552 2342 2715 2394 rohnr
2775 2343 3098 2396 acerrimum
3150 2356 3576 2415 perpetuumque

320 2425 422 2494 τὴν
447 2423 527 2484 δὲ,
555 2422 629 2485 ὡς
661 2420 991 2509 άγιαστικὴν
1028 2417 1257 2487 δύναμιν
1281 2415 1376 2468 καὶ
1403 2414 1743 2484 καθαρτικήν
1767 2429 1779 2441 ·
1813 2412 1890 2481 τὴπ

2012 2430 2327 2500 impulsum,
2359 2432 2519 2487 aliam
2551 2441 2608 2486 ut
2658 2434 2767 2489 vim
2804 2412 3306 2491 sanctificantemet
3340 2412 3579 2507 purgan-

318 2516 399 2581 δὲ,
453 2516 530 2577 ὡς
559 2513 750 2583 δρόσον
796 2501 1020 2577 ἁγνείας
1052 2505 1423 2577 εὐφραντικὴν
1447 2546 1461 2570 ,
1509 2505 1606 2556 καὶ
1634 2504 1728 2555 τοῦ
1775 2501 1882 2555 καύ

2011 2534 2137 2590 tem,
2171 2524 2333 2579 aliam
2364 2524 2596 2593 denique
2630 2534 2688 2577 ut
2719 2541 2893 2581 rorem
2926 2528 3179 2597 puritatis
3209 2529 3476 2584 laetificum
3520 2541 3577 2586 et

324 2625 497 2671 σωνος
565 2605 675 2659 τῶν
748 2602 939 2657 παθῶν
1022 2599 1548 2670 ἀναψυχαγωγικήν.
1641 2596 1890 2666 Ἐκάστηε

2010 2616 2257 2669 vitiorum
2290 2616 2538 2670 ﬂammas
2587 2618 3033 2690 refrigerantem;
3069 2629 3121 2675 et.
3167 2623 3409 2689 singulas
3462 2626 3577 2678 sin-

322 2702 575 2769 ἑκάστῳ,
640 2698 718 2761 ὡς
783 2694 1144 2767 προείρηται,
1181 2691 1371 2760 τελείῳ
1423 2689 1641 2743 τελείαν
1677 2688 1772 2741 xal
1813 2689 1890 2757 τὴ·

2007 2708 2147 2779 gulis
2190 2707 2621 2777 perfectionibus
2687 2688 3051 2780 perfectiones
3111 2725 3166 2769 et
3236 2718 3581 2784 operationes

322 2794 612 2865 ἐνέργειαν
642 2789 785 2844 κατά
809 2788 907 2860 τὴν
937 2783 1433 2858 τροπικὴν-δίδωσι.

2009 2801 2564 2870 congruas-largitur,
2598 2793 2655 2856 ut
2690 2803 2895 2857 dictum
2923 2815 3027 2859 est.

396 2879 518 2947 πς’.
564 2880 763 2934 Ῥῶσιν
792 2877 1007 2933 τελείαν
1035 2876 1217 2947 ψυχῆς
1239 2875 1300 2927 οὐ
1334 2871 1620 2944 χαρίζεται
1649 2872 1758 2926 τῶν
1785 2874 1885 2943 ἀρε

2083 2892 2176 2947 86.
2231 2891 2502 2947 Bonorum
2555 2895 2846 2964 perfectam
2909 2896 3213 2952 firmitatem
3285 2916 3390 2956 non
3455 2899 3585 2957 dant

322 2975 435 3028 τῶν
483 2974 544 3038 ἐξ
577 2973 712 3035 ίδίας
737 2972 975 3041 σπουδῆς
1006 2972 1076 3024 τά
1102 2968 1513 3039 ἐπιτηδεύματα
1535 3008 1549 3032 ,
1581 2971 1629 3021 εί
1656 2968 1730 3037 μὴ
1757 2962 1890 3021 αὕτα

2012 2986 2203 3039 anima:
2255 2988 2461 3057 proprii
2487 2962 2569 3041 sui
2596 3002 2851 3052 conatus,
2906 2989 3009 3043 nisi
3060 2991 3143 3044 illa
3175 2991 3241 3046 ad
3265 2992 3583 3049 substantia!

324 3069 607 3131 ούσιωδῶς
633 3069 692 3120 ὲν
723 3068 790 3137 τῇ
825 3066 937 3131 ἕξει
966 3064 1053 3120 διὰ
1077 3063 1177 3132 τῆς
1210 3063 1434 3134 χάριτος
1464 3060 1890 3132 παραγένωνται

2016 3077 2254 3131 habitum
2301 3077 2480 3148 gratia
2515 3080 2885 3147 pervenerint.
2918 3077 3128 3151 Quippe
3158 3096 3275 3151 qua:
3301 3081 3581 3152 propriqu

338 3160 580 3229 Ἐκάστη
635 3158 744 3228 γὰρ
796 3157 909 3226 ἔχει
975 3156 1222 3227 χάρισμα
1262 3155 1413 3217 ῐδιον,
1461 3153 1745 3224 ινέργειαν
1791 3150 1890 3205 καθ

2018 3184 2354 3241 unaquaeque
2382 3172 2542 3226 habet
2574 3171 2843 3227 charisma
2903 3150 3342 3243 peculiaremque
3390 3189 3584 3245 opera-

326 3252 525 3320 αύτὴν,
576 3248 719 3303 ὥστε
766 3246 1026 3301 δύνασθαι
1056 3246 1153 3300 καὶ
1208 3246 1283 3315 μὴ
1336 3244 1693 3315 βουλομένους
1735 3240 1885 3294 ῑλκει

2016 3261 2235 3328 tionem,
2268 3240 2374 3332 Qua
2407 3264 2577 3334 possit
2619 3264 2781 3317 etiam
2832 3240 3065 3318 invictos
3091 3264 3170 3317 sui
3194 3240 3472 3334 compotes
3503 3275 3585 3320 at-

326 3343 459 3405 τοὺς
495 3340 756 3411 μετόχους
782 3338 955 3408 αὐτῆς
981 3338 1117 3409 πρὸς
1154 3336 1353 3408 ἑαυτὴν
1378 3338 1445 3406 τῇ
1472 3334 1583 3424 ἕξει
1618 3332 1714 3424 καὶ
1755 3334 1890 3401 φύσι

2014 3355 2228 3409 trahere
2270 3356 2336 3408 ad
2383 3332 2617 3424 seipsmn
2662 3355 2845 3411 habitu
2880 3368 2932 3409 et
2966 3365 3156 3413 natura
3191 3332 3338 3415 boni.
3368 3358 3433 3417 Et
3463 3376 3583 3417 cum

329 3432 429 3486 τοῦ
464 3429 692 3499 ἀγαθοῦ.
727 3430 838 3484 Kal
889 3430 978 3482 δτε
1012 3429 1143 3498 ημῖν
1193 3425 1354 3497 δοθῇ,
1414 3423 1776 3479 ἀναλλοίωτον
1821 3439 1890 3477 κσ

2012 3445 2170 3502 nobis
2208 3449 2330 3501 data
2354 3423 2712 3515 est,7lh-miter
2743 3457 2799 3502 et
2836 3450 3261 3506 immutabiliter
3299 3468 3589 3511 conserva-

330 3528 610 3597 ἄτρεπτον
668 3523 855 3576 εκτοτε
915 3520 1283 3591 συπηρεῖται.
1337 3517 1528 3573 Ζῶσαν
1574 3516 1682 3587 γάρ
1729 3516 1890 3569 ὥσπε

2015 3549 2120 3592 tur.
2158 3539 2251 3594 Est
2277 3540 2419 3593 enim
2446 3541 2732 3595 virtutibus
2755 3544 2909 3609 quasi
2945 3543 3123 3597 anima
3155 3545 3343 3600 vivens
3372 3550 3588 3615 propria

330 3618 514 3690 ψυχὴν
548 3619 606 3669 ὲν
639 3616 790 3678 ίδίοις
824 3614 1041 3684 μέλεσιν
1075 3612 1280 3681 έχουσι,
1323 3609 1420 3663 τοῦ
1452 3611 1700 3681 ἐνεργεῖν
1727 3609 1890 3671 αύτάς

2013 3647 2198 3686 earum
2226 3636 2468 3686 memhra
2503 3631 2775 3687 vivificans
2801 3636 2973 3703 gratia
2993 3636 3235 3705 spiritus.
3260 3637 3439 3705 Quare
3472 3641 3589 3695 sine

332 3714 434 3782 τὴν
482 3709 644 3781 χάριν
689 3706 783 3762 τοῦ
839 3704 1175 3776 Πνεύματος.
1228 3704 1319 3756 Διὸ
1351 3704 1445 3755 καὶ
1478 3702 1672 3772 νεκρὸς
1701 3702 1844 3764 ἀπας
1883 3723 1890 3753 ι

2018 3725 2116 3779 hac
2140 3734 2248 3777 tota
2279 3724 2534 3777 virtutum
2552 3724 2746 3779 cohors
2772 3736 2857 3781 est
2885 3737 3118 3794 mortua,
3139 3736 3193 3783 et
3219 3729 3273 3783 in
3298 3728 3363 3785 iis
3389 3730 3477 3801 qui
3510 3731 3589 3785 vi-

334 3802 449 3857 τῶν
491 3801 706 3872 ἀρετῶν
749 3798 934 3869 ὅμιλος
971 3796 1141 3867 χωρὶς
1177 3794 1347 3864 αὐτῆς
1393 3794 1636 3862 πέφυκε·
1682 3792 1776 3846 καὶ
1808 3797 1890 3845 τοῐ

2017 3821 2206 3870 dentur
2224 3831 2315 3871 eas
2333 3817 2531 3871 habere
2546 3831 2606 3871 ac
2624 3818 2920 3887 possidere,
2939 3822 3073 3875 nihil
3097 3830 3178 3877 est
3214 3824 3320 3879 nisi
3337 3825 3448 3880 sola
3475 3840 3591 3877 nm-

337 3892 558 3948 δοκοῦσι
613 3890 837 3954 τελείως
892 3888 1036 3959 εχειν
1089 3886 1123 3957 ἢ
1169 3884 1527 3956 κατορθοῦσιν
1572 3882 1770 3946 αύτάς,
1826 3900 1890 3935 κα

2018 3910 2111 3961 bra
2134 3918 2186 3964 et
2217 3909 2392 3977 imago
2412 3908 2559 3976 boui.
2584 3882 2693 3965 non
2723 3882 3044 3984 autem-ipsa
3069 3928 3154 3971 res
3175 3930 3335 3984 quam
3364 3915 3588 3987 effingit.

338 3978 504 4039 αὗται
540 3980 720 4051 ἑαυτῷ
761 3981 943 4051 μόναι,
979 3979 1132 4032 σκιαλ
1165 3979 1257 4031 καὶ
1281 3976 1440 4031 τύποι
1474 3974 1568 4029 τοῦ
1601 3974 1789 4041 καλοῦ,
1823 3976 1919 4031 καὶ

338 4078 443 4131 οὐκ
472 4075 732 4147 ἀληθείας
767 4074 1087 4141 ἰνδάλματα.

410 4168 518 4231 πζν.
556 4167 710 4221 Elclv
735 4162 827 4218 οὖν
861 4163 1124 4234 τέσσαρες
1160 4163 1258 4232 μὲν
1300 4163 1355 4215 ai
1386 4161 1673 4215 καθολικαὶ
1703 4163 1918 4233 ἀρεταὶ,

334 4257 581 4329 ἀνδρεία,
607 4256 890 4328 φρόνησις,
922 4255 1264 4323 σωφροσύνη,
1292 4257 1384 4306 καὶ
1403 4255 1714 4326 δικαιοσύνη
1737 4270 1750 4283 ⁶
1777 4256 1890 4308 ὀκτί

2088 4244 2177 4300 87.
2214 4246 2281 4301 Ut
2313 4257 2440 4300 sunt
2468 4256 2701 4317 quatuor
2746 4248 2979 4303 virtutes
3010 4249 3335 4315 cardinales,
3375 4251 3591 4306 fertili).

334 4354 413 4411 δὲ,
466 4352 523 4403 αἱ
577 4349 699 4403 καθ’
748 4347 1056 4418 ὑπερϐολὴν
1107 4346 1202 4399 καὶ
1257 4346 1491 4414 ἔλλειψιν
1543 4346 1721 4401 αὐτῶν
1756 4348 1890 4414 ὲγγὺ

2021 4340 2110 4404 do,
2147 4340 2453 4410 prudentia,
2492 4342 2876 4412 temperantia,
2903 4341 3136 4409 justitia,
3169 4354 3295 4399 octo
3320 4355 3442 4398 sunt
3466 4346 3591 4400 illas

337 4442 761 4512 παρεπόμενον
826 4439 1016 4491 κακίαι
1071 4439 1169 4507 μὲν
1225 4438 1353 4507 παρ’
1408 4439 1566 4507 ἡμῖν,
1620 4439 1813 4509 ἀρεταὶ
1862 4438 1889 4491 δ

2027 4448 2121 4501 per
2151 4434 2420 4489 defectum
2455 4446 2545 4488 aut
2577 4449 2860 4490 excessum
2892 4435 3139 4502 proxime
3178 4439 3591 4504 consequentia,

336 4534 493 4602 παρά
521 4534 635 4595 τοῖς
676 4532 735 4583 ιν
764 4530 977 4599 κόσμῳ,
1010 4529 1105 4582 καὶ
1142 4528 1456 4597 λεγόμεναι,
1494 4529 1587 4581 καὶ
1612 4528 1890 4599 νοούμεναι

2030 4542 2150 4596 qua:
2177 4544 2205 4581 ιι
2229 4528 2385 4582 nobis
2417 4527 2579 4593 mala,
2605 4542 2633 4580 a
2662 4527 3012 4581 saecularibus
3062 4540 3189 4580 vero
3235 4527 3371 4580 bona
3401 4528 3591 4581 dicun-

337 4624 453 4677 Kal
498 4623 599 4693 τῆς
659 4622 759 4691 μὲν
806 4620 1078 4692 ἀνδρείας,
1136 4618 1410 4691 θρασύτης
1449 4620 1543 4672 καὶ
1573 4620 1775 4673 δειλία·
1823 4624 1888 4691 τῆ

2025 4630 2111 4672 tut‘
2138 4629 2193 4673 et
2218 4620 2581 4673 aestimantur.
2622 4620 2688 4674 Et
2714 4618 2930 4688 quidem
2959 4618 3327 4671 fortitudinem
3356 4633 3594 4687 sequun-

338 4714 658 4784 φρονήσεως
681 4712 760 4777 δὲ,
798 4710 1032 4781 πονηρία
1057 4712 1148 4764 καὶ
1181 4712 1368 4777 άγνοισ
1397 4727 1409 4741 ο
1437 4710 1534 4779 τῆς
1568 4712 1887 4781 σωφροσύνη

2019 4719 2107 4763 tur
2135 4711 2367 4766 audacia
2391 4721 2443 4765 et
2474 4712 2675 4778 timor;
2708 4712 3078 4778 prudentiam,
3122 4712 3321 4766 astutia
3352 4722 3411 4766 et
3439 4713 3593 4780 igno-

338 4805 420 4870 δὲ,
466 4803 735 4858 ἀκολασία
788 4804 880 4855 καὶ
936 4800 1252 4872 ἠλιθιότηςο
1309 4801 1407 4869 τῆς
1455 4802 1511 4855 δὲ
1552 4802 1916 4869 δικαιοσύνης,

338 4894 625 4959 πλεονεξία
655 4894 750 4947 καὶ
778 4893 983 4956 ἀδικία,
1021 4892 1117 4945 εἴτ’
1154 4888 1245 4945 οὖν
1279 4892 1569 4961 μειονεξία.
1604 4894 1781 4946 Μέσαι.
1812 4897 1920 4963 γάρ

339 4990 482 5043 εἰσιν
526 4988 742 5056 ἀρεταὶ,
774 4988 836 5040 ού
885 4986 1053 5057 ’μόνον
1094 4985 1149 5038 αἱ
1182 4983 1467 5037 καθολικαὶ
1491 5025 1506 5047 ,
1540 4985 1634 5038 καὶ¹
1662 4985 1915 5054 φυσικαὶ,

340 5083 441 5136 καὶ
496 5078 680 5147 πάσης
750 5077 1042 5146 ἐλλείψεως
1103 5076 1195 5127 καὶ
1252 5075 1554 5145 ὑπερϐολῆς
1613 5075 1917 5145 ἀνώτεραι,

340 5173 482 5228 ἀλλὰ
512 5171 609 5224 καὶ
635 5172 691 5224 al
725 5170 1051 5240 πρακτικαί.
1089 5169 1197 5221 Kal
1223 5169 1279 5219 αί
1321 5168 1417 5237 μὲν
1452 5166 1549 5236 τὴν
1581 5167 1919 5237 προαίρεσιν,

341 5267 412 5335 τῇ
439 5262 541 5330 τῆς
572 5261 796 5332 γνώμης
826 5261 1081 5330 εὐθύτητι
1106 5276 1118 5288 ο
1148 5260 1207 5311 αἱ
1231 5258 1307 5324 δὲ,
1343 5257 1443 5328 τὴν
1468 5257 1675 5328 τροπὴν
1704 5257 1798 5310 καὶ
1823 5255 1921 5328 τὴν

344 5354 525 5424 ρτησιν
584 5353 845 5424 συνεργὸν
896 5353 1208 5419 κέκτηνται.
1274 5350 1407 5419 Περὶ
1455 5348 1562 5418 γάρ
1607 5348 1785 5402 αὐτῶν
1842 5350 1921 5401 ὅτι

348 5445 517 5517 μέσαι
543 5445 680 5497 είσὶν
712 5445 909 5515 ἀρεταὶ
938 5444 1035 5511 τῆς
1064 5442 1378 5513 εὐθύτητος,
1422 5441 1629 5511 μάρτυς
1662 5442 1694 5511 ἡ
1729 5457 1920 5511 παροι-

350 5538 451 5607 μία
492 5536 692 5589 ούτωσὶ
741 5535 1056 5603 φάσκουσαι⁸
1094 5551 1112 5584 t
1155 5535 1259 5587 Καὶ
1302 5532 1669 5602 κατορθώσεις
1712 5532 1920 5593 πάντας

346 5628 546 5693 ἄξονας
576 5627 835 5696 ἀγαθούς.
872 5646 888 5677 ι
928 5629 1108 5681 Πᾶσαι
1138 5612 1239 5680 οὖν
1260 5627 1317 5677 ὲν
1340 5627 1458 5689 ταῖς
1484 5627 1632 5695 τρισὶ
1661 5622 1923 5696 δυνάμεσι

344 5720 446 5789 τῆς
473 5717 650 5786 ψυχῆς
684 5714 1091 5779 συνιστάμεναι,
1129 5712 1183 5763 ὲν
1224 5706 1312 5773 αἷς
1350 5711 1625 5765 τίκτονται
1655 5712 1749 5764 καὶ
1778 5713 1923 5765 οίκοο

347 5808 677 5879 δομοῦντσι.
744 5810 818 5872 ὡς
884 5803 1133 5870 θεμέλιον
1200 5803 1295 5864 τὰς

1373 5804 1645 5873 τέσσαρας
1712 5809 1931 5873 γενικὰς

2022 4802 2233 4867 rantia;
2267 4805 2707 4871 temperantiam,
2739 4802 3136 4857 incontinentis
3172 4812 3227 4857 et
3255 4802 3591 4871 stupiditas;

2016 4896 2307 4965 jnstitiam,
2334 4895 2565 4949 avaritia
2587 4903 2646 4950 et
2684 4895 2973 4963 injustilia,
3010 4905 3287 4963 quatenus
3321 4905 3402 4949 est
3443 4894 3596 4950 defe-

2022 4999 2160 5039 ctus.
2198 4986 2330 5039 Nam
2368 4986 2615 5054 virtutes,
2648 5002 2751 5039 non
2787 4988 2959 5039 solum
2996 4987 3300 5041 cardinales
3343 4996 3395 5041 et
3436 4997 3595 5041 natu-

2023 5079 2161 5132 rales
2194 5116 2209 5141 ,
2262 5078 2360 5133 sed
2428 5088 2483 5133 et
2531 5080 2779 5149 practica:
2809 5120 2823 5143 ,
2884 5080 2948 5132 in
2993 5080 3169 5133 medio
3216 5090 3389 5146 stant,
3432 5096 3596 5149 supra

2024 5187 2237 5226 omnem
2285 5172 2551 5227 defectum
2626 5182 2681 5226 et
2732 5186 3036 5225 excessum.
3102 5172 3329 5225 Etvaliae
3377 5172 3594 5240 quidem

2027 5279 2148 5318 eum
2208 5266 2373 5319 animi
2429 5264 2749 5319 rectitudine
2790 5264 3213 5332 cooperatricem
3254 5263 3459 5317 habent
3500 5277 3598 5318 vo-

2028 5358 2338 5419 luntatem,
2403 5357 2519 5409 aliae
2581 5371 2708 5410 vero
2789 5356 3186 5409 inclinationem
3269 5365 3322 5407 et
3395 5369 3597 5422 'super.

2030 5449 2193 5501 biam.
2259 5449 2433 5514 Atque
2465 5448 2691 5500 virtutes
2757 5448 2808 5499 in
2834 5446 3012 5499 medio
3067 5447 3404 5500 rectitudinis
3453 5456 3601 5498 stare

2031 5549 2262 5593 testatur
2316 5538 2665 5591 Provenbiun:
2719 5538 2907 5590 dicens
2954 5554 2966 5588 :
3009 5556 3026 5587 ‹
3069 5537 3133 5590 Ει
3163 5538 3362 5606 dirigas
3412 5552 3600 5589 omnes

2033 5635 2199 5686 benas
2234 5633 2472 5685 semitas.
2512 5652 2527 5682 ι
2556 5630 2754 5685 Omnes
2782 5631 2943 5697 igitur
2976 5632 3027 5681 in
3067 5630 3235 5684 tribus
3288 5629 3479 5682 animae
3511 5645 3603 5697 po—

2035 5728 2216 5779 tentiis
2238 5726 2510 5790 stabilitze,
2536 5733 2796 5793 generata:
2821 5733 2872 5775 et
2902 5722 3179 5775 mdificatae
3204 5731 3260 5775 ut
3282 5721 3600 5777 fundamen-

2036 5827 2145 5869 tum
2176 5832 2272 5870 sua.
2324 5813 2744 5868 cut;-‘.tr:.-c-'~"nis
2782 5814 2811 5864 ίι
2853 5813 2977 5865 ὶϊιιι
3005 5820 3237 5879 quatuor
3272 5812 3598 5871 cardinales,
