4224 6464
246 355 250 358 ’
287 406 427 473 1269

1318 406 1596 486 CAPITA
1641 406 1789 464 PER
1827 406 2404 467 ACROSTICHIDE
2416 406 2488 467 Μ.

3397 398 3553 465 127οτ

261 513 362 566 καὶ
394 511 604 582 ἑτέροις
629 508 724 563 τὸν
757 508 1039 579 φωτισμὸν
1064 506 1157 561 τοῦ
1188 507 1446 577 Χριστοῦ.
1484 508 1695 577 Ὠσπερ
1726 509 1846 562 τινὰ

1992 516 2197 569 :liristi.
2256 515 2391 570 Nam
2450 524 2754 570 sermonem
2811 510 2977 567 divini
3006 509 3178 564 instar
3228 510 3451 565 seminis
3481 510 3535 565 in

262 604 471 674 σπόρον
495 603 638 656 θεϊον
664 601 757 655 τὸν
785 602 943 668 λόγον
976 602 1036 654 ἐν
1056 602 1178 663 ταῖς
1199 600 1460 670 ψυχικαῖς
1487 600 1596 653 τῶν
1620 603 1849 654 ἀκουόν-

257 713 370 749 των
404 693 671 764 ἀρούραις
708 693 871 747 αὑτὸν
903 691 1133 762 ἐνίησιν.
1178 710 1196 742 ι
1247 692 1305 743 '0
1332 690 1491 759 λόγος
1530 690 1707 760 ὑμῶν,
1745 708 1849 761 φη-

261 789 374 849 civ,
409 787 550 839 ἔστω
597 787 659 839 ἐν
704 784 888 856 χάριτι
914 785 1220 852 ἠρτυμένος
1259 781 1410 843 θείας
1450 782 1840 852 χρηστότητος,

261 881 354 932 ινα
394 877 471 947 δῷ
516 878 679 948 χάριν
712 878 828 937 τοῖς
866 876 923 927 ἐν
964 873 1147 926 πίστει
1186 871 1462 926 ἀκούουσι.
1514 889 1531 921 ι
1570 870 1853 942 Γεωργοὺς

261 970 321 1023 δὲ
370 969 571 1034 πάλιν,
620 968 718 1021 καὶ
768 965 1076 1036 γεώργιον,
1138 964 1267 1027 τοὺς
1320 962 1704 1027 διδασκάλους,
1760 961 1855 1015 καὶ

262 1060 686 1130 διδασκομένους
726 1056 919 1122 εἰπὼν,
972 1056 1231 1127 ἐμφαίνει
1274 1053 1419 1124 μάλα
1463 1053 1679 1122 σοφῶς,
1725 1053 1855 1116 τοὺς

267 1155 371 1225 μὲν
407 1153 485 1217 ὡς
550 1151 831 1223 ἀροτῆρας
888 1150 985 1203 καὶ
1036 1151 1257 1219 σπορεῖς
1304 1142 1400 1200 τοῢ
1446 1146 1595 1199 θείου
1657 1145 1855 1214 λόγου,

262 1246 395 1309 τοὺς
430 1244 489 1298 δὲ
544 1244 621 1308 ὡς
680 1244 791 1297 τῶν
848 1241 1063 1313 ἀρετῶν
1107 1242 1213 1311 γῆν
1258 1241 1418 1303 πίαν,
1472 1239 1857 1309 καρποφόρον,

264 1337 363 1388 καὶ
412 1332 705 1403 εΰσταχυν.
777 1332 1080 1403 Ἰερουργία
1130 1332 1239 1400 7&9
1272 1332 1477 1401 κυρίως
1505 1328 1758 1399 ἀληθινὴ,
1798 1328 1859 1381 οὐ

270 1426 436 1497 μόνον
486 1428 520 1497 ἡ
548 1424 660 1479 τῶν
700 1424 861 1477 θείων
901 1425 1172 1495 ἐνέργεια,
1209 1423 1345 1477 ἀλλὰ
1394 1421 1554 1492 καὶὴ
1602 1418 1863 1492 μετουσία

266 1520 381 1575 τῶν
413 1517 636 1582 ἀγαθῶν
672 1517 767 1570 καλ⁵
799 1516 1109 1587 μετάδοσις.
1645 1525 1648 1527 ‘

345 1610 447 1677 ἥδ’.
483 1608 751 1679 Διάφορός
785 1609 936 1660 ἐστιν
970 1608 998 1659 ὁ
1028 1607 1116 1659 διὰ
1158 1608 1438 1676 προφορᾶς
1474 1604 1610 1676 πρὸς
1641 1604 1866 1675 διδαχην

273 1702 686 1774 προερχόμενος
731 1699 891 1773 λόγος
912 1742 925 1765 ,
966 1701 1060 1751 καὶ
1086 1697 1361 1768 διαφόρως
1397 1698 1462 1750 ἐκ
1497 1694 1710 1749 πολλῶν
1740 1695 1865 1766 τρό-

270 1813 394 1849 πων
434 1793 734 1861 συνάγεται
777 1792 841 1844 ἐκ
886 1790 1173 1862 τεσσάρων
1225 1788 1383 1843 εἰδῶν
1408 1804 1423 1819 ο
1458 1788 1486 1841 δ
1532 1788 1631 1859 μὲν
1667 1789 1732 1841 ἐκ
1767 1805 1871 1858 μα-

1960 606 2301 663 audientium
2322 607 2534 661 animos
2556 604 2704 660 velut
2723 606 2777 659 in
2800 618 2986 674 agrum
3016 601 3288 658 immittit:
3315 602 3542 658 «Sermo

1963 708 2161 764 vester,
2186 700 2401 767 dicitur,
2430 700 2501 753 sit
2545 698 2596 751 in
2632 697 2803 767 gratia
2854 694 3106 750 conditus
3146 693 3342 748 divina:
3382 694 3540 748 boni-

1966 792 2115 857 tatis,
2140 791 2298 846 utdet
2329 790 2557 858 gratiam
2584 788 2929 844 audientibus
2953 788 3007 842 in
3038 787 3161 841 ﬁde.
3194 804 3212 837 ι
3264 786 3545 856 Agricolas

1962 883 2089 939 alibi
2120 891 2174 939 et
2219 882 2600 952 agriculturam
2618 895 2820 937 vocans
2853 879 3146 950 Apostolus
3178 880 3463 947 magistros
3492 888 3547 932 et

1964 975 2282 1046 discipulos,
2311 973 2611 1029 manifeste
2664 972 2904 1028 ostendit
2961 973 3096 1026 alios
3135 972 3351 1039 quidem
3420 986 3545 1025 esse

1967 1077 2027 1125 ut
2056 1070 2287 1123 cultores
2320 1078 2373 1120 et
2400 1076 2610 1121 satores
2639 1066 2805 1120 divini
2841 1065 3015 1134 verbi,
3060 1063 3199 1121 alios
3220 1078 3353 1118 vero
3392 1064 3547 1129 quasi

1966 1175 2152 1231 agrum
2178 1160 2448 1228 pinguem,
2480 1158 2793 1225 frugiferum
2818 1166 2871 1213 et
2900 1168 3082 1224 segete
3110 1158 3349 1210 uberem.
3409 1155 3543 1209 Nam

1967 1266 2094 1307 vere
2122 1260 2171 1307 et
2197 1251 2411 1321 proprie
2429 1249 2785 1305 sanctitlcatio
2805 1256 2909 1316 est,
2940 1262 3049 1301 non
3075 1246 3232 1301 modo
3254 1260 3434 1300 rerum
3460 1244 3545 1298 di—

1968 1345 2217 1399 vinarum
2251 1344 2515 1411 operatio,
2558 1342 2653 1398 sed
2691 1341 2853 1397 etiam
2896 1340 3159 1395 bonorum
3210 1338 3553 1408 participatio

1971 1447 2023 1490 et
2051 1434 2488 1489 communicatio.

2046 1593 2133 1647 9ι.
2176 1592 2271 1646 Est
2301 1593 2485 1647 varius
2512 1606 2692 1648 sermo
2722 1589 2789 1646 ad
2816 1591 3121 1645 doctrinam
3151 1605 3247 1645 ore
3275 1590 3546 1661 prolatus,

1972 1695 2025 1741 et
2064 1686 2211 1739 varie
2257 1699 2323 1738 ex
2366 1684 2738 1754 quadruplicis
2778 1681 2983 1752 speciei
3021 1681 3262 1737 fontibus
3310 1693 3547 1750 emanat,

1976 1779 2183 1834 scilicet
2214 1778 2351 1831 alius
2380 1793 2446 1832 ex
2479 1777 2731 1842 scientia,
2763 1775 2901 1829 alius
2931 1790 2998 1829 ex
3029 1774 3285 1842 lectione,
3316 1775 3459 1831 alius
3487 1793 3555 1832 ex

272 1888 524 1958 θήσεως,
551 1869 593 1940 ’ὁ
624 1886 682 1939 δέ
733 1888 797 1939 ἐκ
822 1887 944 1960 ,τῆς
991 1882 1386 1950 ἀναγνώσεως·
1422 1882 1579 1944 ἄλλος
1630 1883 1695 1934 ἐκ
1728 1879 1870 1951 πρά-

1992 1870 2227 1932 ictibus,
2280 1869 2421 1922 alius
2473 1882 2539 1922 ex
2596 1869 2790 1936 gratia.
2850 1866 3316 1932 Quemadmodum
3374 1879 3557 1924 autem

273 1979 439 2049 ξεως,
481 1978 578 2031 καὶ
602 1977 790 2048 ἕτερος
821 1976 882 2028 ἐκ
908 1976 1006 2046 τῆς
1035 1974 1281 2044 χάριτος.
1317 1972 1529 2042 Ὥσπερ
1552 1971 1609 2025 δέ
1636 1972 1697 2023 τὸ
1726 1970 1871 2041 ὕδωρ

272 2071 336 2124 ἐν
367 2073 484 2123 ἐστι
513 2070 580 2139 τῇ
602 2066 784 2137 φύσει,
814 2068 1187 2137 μεταποιεῖται
1222 2064 1279 2117 δέ
1317 2066 1409 2118 καὶ
1445 2063 1867 2135 μεταϐάλλεται,

276 2164 424 2215 κατὰ
464 2163 565 2232 τὴν
606 2160 981 2229 ὑποκειμένην
1027 2159 1287 2230 διάφορον
1314 2157 1409 2211 τοῦ
1439 2158 1563 2227 χοὸς
1607 2156 1761 2226 ὓλην,
1794 2158 1875 2218 εἰς

276 2253 493 2307 οἰκείαν
534 2252 821 2321 ποιότητα,
856 2250 930 2313 ὡς
959 2252 1025 2321 τῇ
1057 2250 1243 2319 γεύσει
1288 2250 1580 2319 νοούμενον
1615 2244 1755 2301 εῖναι
1812 2247 1874 2299 τὸ

281 2347 383 2416 μέν
434 2344 667 2416 πικρὸν,
708 2343 770 2396 τδ
806 2343 863 2397 δέ
924 2343 1134 2411 γλυκὺ,
1174 2344 1269 2396 καὶ
1307 2342 1436 2398 άλλο
1484 2340 1728 2413 ἁλμυρὸν
1779 2342 1875 2393 καὶ

276 2438 483 2502 ὀζῶδες
531 2436 645 2510 [ἷσ.
697 2436 956 2507 όξῶδεςι·
1008 2435 1152 2489 οὕτω
1198 2436 1341 2490 κατὰ
1385 2435 1485 2507 τὴν
1520 2433 1716 2505 ἠθικὴν
1762 2432 1877 2499 ἕξιν

281 2528 523 2585 ἑκάστου
582 2530 984 2601 προερχόμενος
1032 2528 1061 2580 ό
1113 2527 1273 2597 λόγος
1323 2527 1419 2582 καὶ
1454 2526 1874 2603 άλλοιούμενος,

281 2624 538 2697 ἐνεργείᾳ
564 2622 896 2693 γινώσκεται
925 2623 1021 2677 καὶ
1048 2623 1148 2693 τὴν
1172 2622 1447 2691 ὠφέλειαν
1474 2623 1710 2677 δίδωσιν.

357 2724 463 2788 ιιεο.
526 2718 749 2789 Ἐπειδὴ
804 2717 861 2771 δὲ
907 2719 935 2770 ό
970 2718 1130 2787 λόγος
1188 2720 1268 2781 είς
1320 2716 1621 2771 ἀπόλαυσιν
1670 2716 1881 2771 δέδοται

284 2815 473 2885 πάσης
499 2811 728 2882 λογικῆς
758 2810 996 2881 φύσεως,
1026 2810 1218 2881 ὥσπερ
1249 2811 1524 2881 ἐδέσματά
1556 2828 1679 2865 τινα
1710 2810 1881 2863 πολλὰ

284 2905 556 2975 διάφορα,
602 2904 702 2974 τὴν
742 2902 937 2973 ἡδονὴν
968 2901 1148 2956 αὐτῶν
1192 2902 1469 2973 διαφόρως
1500 2902 1707 2974 ἡψυχὴ
1748 2903 1883 2955 ἀπο-

286 2996 651 3067 λαμϐάνουσα
699 2993 1036 3049 αἰσθάνεται.
1088 2996 1244 3065 Ἔχει
1288 2994 1397 3067 7&9
1449 2994 1542 3048 τὸν
1584 2996 1883 3065 ἐπιστημο-

284 3087 442 3143 νικὸν
476 3087 635 3156 λόγον
660 3130 674 3153 ,
723 3086 800 3152 ὡς
854 3086 1205 3156 παιδαγωγὸν
1247 3086 1385 3159 πρὸς
1428 3082 1561 3158 ἦθος
1609 3084 1885 3141 τυποῦντα

285 3178 465 3251 αὐτήν
488 3197 503 3212 ·
558 3181 649 3234 τὸν
678 3180 736 3233 δέ
779 3179 880 3249 τῆς
914 3177 1307 3248 ἀναγνώσεως,
1336 3178 1413 3243 ὡς
1443 3177 1588 3250 ὕδωρ
1636 3179 1887 3233 ἀναπαύ-

288 3289 434 3337 σεως
472 3272 846 3344 ἐκτρέφονταο
886 3272 979 3326 τὸν
1026 3273 1083 3326 δέ
1129 3273 1229 3344 τῆς
1273 3271 1560 3344 πράξεως,
1606 3272 1683 3337 ὡς
1720 3272 1885 3326 τόπον

287 3365 455 3437 χλόης
487 3365 773 3419 πιαίνοντα
796 3381 811 3396 ·
853 3364 947 3418 τὸν
991 3364 1048 3418 δέ
1078 3364 1181 3434 τῆς
1221 3364 1478 3436 χάριτος,
1516 3363 1592 3427 ὡς
1623 3365 1886 3435 ποτήριον

293 3455 642 3529 μεθύσκοντα
671 3456 843 3528 αὐτὴν
875 3457 968 3510 καὶ
1002 3456 1364 3529 εὐφραίνοντα
1387 3474 1399 3487 ·
1432 3457 1530 3527 τὴν
1559 3457 1617 3511 δέ
1648 3456 1886 3529 ἄρρητον

290 3549 470 3621 αὐτῆς
508 3538 871 3621 άγαλλίασιν,
922 3550 999 3615 ὡς
1049 3550 1228 3605 ἔλαιον
1263 3551 1558 3623 πρόσωπον
1604 3530 1887 3621 ίλαρύνουσ

293 3659 397 3696 σαν
417 3680 433 3703 ,
462 3642 560 3695 καὶ
587 3641 821 3714 φαιδρὰν
860 3642 1261 3714 ἐργαζομένην.

366 3732 489 3801 ιις’.
539 3734 765 3805 Κυρίως
816 3735 878 3789 ού
916 3735 1077 3806 μόνον
1118 3737 1176 3789 ἐν
1221 3735 1356 3805 αὐτῇ
1383 3733 1457 3798 ὡς
1492 3733 1637 3804 ζωὴν
1666 3736 1701 3806 ὴ
1740 3734 1888 3806 ψυχὴ

290 3827 469 3882 ταῦτα
518 3827 824 3896 κέκτηται,
877 3827 994 3880 ἀλλ’
1033 3827 1123 3880 ὅτε
1170 3827 1264 3881 καὶ
1306 3826 1436 3899 παρ’
1484 3826 1666 3890 ἄλλοις
1700 3826 1890 3880 ἀκούει

291 3918 471 3975 ταῦτα
498 3919 637 3992 πρὸς
662 3920 887 3992 διδαχὴν
918 3918 1275 3993 αἰσθάνεται’
1306 3915 1549 3991 ὁπηνίκα
1580 3920 1891 3992 προηγῆται

293 4011 627 4085 ἀμφοτέρων
680 4011 872 4084 ἀγάπη
934 4012 1028 4067 καὶ
1082 4012 1301 4077 πίστις⁸
1359 4014 1454 4067 καὶ
1498 4012 1527 4066 ό
1566 4012 1666 4083 μέν
1708 4012 1889 4067 πίστει

296 4103 538 4170 ἀκούων,
564 4103 593 4157 ὸ
616 4102 674 4157 δέ
701 4103 893 4176 ἀγάπῃ
925 4102 1221 4171 παιδεύων,
1251 4104 1380 4159 ἄνευ
1406 4105 1578 4174 τύφου
1610 4105 1701 4158 καὶ
1732 4103 1891 4176 δόξης

302 4194 662 4266 τοὺςλόγους
703 4193 813 4248 τῶν
859 4196 1074 4269 ἀρετῶν
1118 4196 1461 4269 ποιούμενος.
1500 4196 1605 4251 Τὸν
1638 4196 1738 4266 μέν
1784 4195 1893 4269 γὰρ

303 4289 371 4340 ἐκ
421 4286 717 4358 μαθήσεως
755 4286 917 4356 λόγον
965 4289 1041 4354 ὡς
1095 4290 1446 4359 παιδαγωγὸν
1512 4289 1766 4360 δέχεται·
1804 4290 1895 4344 τὸν

299 4381 360 4435 δέ
406 4383 509 4450 τῆς
552 4377 933 4449 ἀναγνώσεως,
960 4380 1053 4445 ,ὡς
1102 4383 1303 4455 τροφόν
1329 4400 1342 4413 ·
1387 4381 1479 4435 τὸν
1517 4382 1575 4434 δέ
1608 4384 1707 4452 τῆς
1749 4384 1891 4453 πρά-

301 4470 463 4535 ξεως,
494 4470 572 4532 ὡς
611 4471 938 4535 ἐνδιάθετον,
973 4472 1049 4535 ὡς
1077 4473 1446 4543 νυμφοστόλον
1472 4471 1736 4543 ἡδύτατον
1765 4490 1775 4501 ⁸
1804 4473 1897 4526 τὸν

1978 1977 2117 2032 aqua
2160 1976 2266 2016 una
2312 1970 2394 2018 est
2429 1971 2649 2027 natura,
2680 1960 3094 2015 discriminatur
3129 1975 3258 2015 vero
3286 1976 3349 2016 ac
3383 1972 3563 2017 trans-

1978 2065 2239 2120 mutatur,
2273 2068 2372 2125 pro
2405 2055 2626 2109 diverso
2664 2054 2814 2108 humi
2858 2052 3191 2122 subiacentis
3232 2054 3472 2125 ingenio,
3506 2056 3560 2112 in

1979 2150 2310 2219 peculiarem
2367 2148 2728 2219 qualitatem,
2782 2148 2860 2202 ita
2912 2156 2973 2201 ut
3027 2156 3187 2217 gustu
3239 2149 3561 2213 aestimetur,

1981 2245 2093 2297 ltazc
2128 2256 2337 2305 amara,
2379 2241 2468 2296 illa
2512 2240 2712 2307 dulcis,
2746 2240 2850 2296 alia
2886 2240 3031 2295 salsa
3066 2250 3120 2293 et
3155 2241 3343 2309 acida;
3379 2243 3459 2297 sic
3496 2245 3565 2299 ad

1981 2333 2415 2405 uniuscujusque
2492 2333 2728 2389 indolem
2798 2334 3244 2389 accommodatus
3308 2344 3365 2389 et
3428 2350 3563 2390 conv.

1980 2442 2171 2482 versus
2237 2441 2456 2494 sermo,
2518 2442 2683 2498 opere
2746 2427 3091 2498 dignoscitur
3154 2437 3208 2483 et
3275 2430 3563 2487 utilitatem

1982 2519 2156 2575 affert.

2047 2723 2143 2799 95Γ
2188 2720 2495 2777 Rationalis
2547 2720 2848 2792 cujuslibet
2892 2731 3099 2777 naturae
3151 2725 3216 2779 ad
3280 2727 3566 2783 utilitatem

1986 2832 2107 2871 cum
2139 2815 2301 2870 datus
2331 2816 2404 2869 sit
2435 2830 2638 2879 sermo,
2665 2831 2727 2869 ex
2763 2830 2826 2870 eo
2857 2816 3003 2869 velut
3029 2831 3093 2870 ex
3125 2818 3308 2872 multis
3340 2820 3572 2887 dipibus

1986 2909 2155 2963 variis
2208 2909 2417 2961 variant
2478 2908 2659 2961 anima
2710 2909 2945 2978 percipit
2993 2923 3055 2964 ac
3097 2920 3278 2980 gustat
3326 2915 3572 2968 suavita-

1989 3010 2118 3057 tem.
2157 3001 2330 3057 Habet
2361 3001 2505 3055 enim
2538 3001 2783 3056 scientiae
2816 3016 3124 3056 sermonem
3161 3016 3217 3057 ut
3252 3006 3570 3074 magistrum

1990 3110 2169 3149 mores
2216 3108 2344 3149 suos
2397 3092 2825 3160 informantem;
2867 3106 2923 3148 et
2975 3093 3246 3160 lectionis,
3284 3106 3341 3149 ut
3376 3112 3570 3165 aquam

1993 3188 2327 3243 reﬁcientem
2364 3197 2418 3240 et
2452 3188 2821 3257 nutrientem;
2869 3200 2923 3243 et
2968 3189 3222 3253 actionis,
3261 3200 3317 3243 ut
3357 3200 3569 3258 pratum

1990 3279 2156 3335 herba
2207 3279 2447 3350 pingue;
2484 3287 2538 3333 et
2581 3281 2788 3350 gratiae,
2828 3288 2884 3333 ut
2931 3290 3113 3349 potum
3155 3295 3257 3347 qua
3296 3281 3407 3349 ipsa
3456 3284 3573 3338 inc-

1988 3370 2201 3425 briatur
2232 3379 2288 3425 et
2322 3366 2647 3434 laetiﬁcatur,
2673 3379 2727 3425 et
2748 3369 3077 3425 ineﬂabilem
3109 3371 3225 3441 ejus
3256 3374 3575 3430 exsultatio-

1990 3478 2152 3529 nem,
2196 3471 2255 3517 ut
2302 3463 2506 3528 oleum,
2541 3462 2757 3531 ,faciem
2815 3462 3059 3517 hilarans
3091 3474 3144 3518 et
3202 3464 3428 3520 nitidam
3493 3467 3574 3521 fa-

1989 3571 2159 3612 CICDS.

2064 3733 2155 3789 96.
2199 3731 2428 3798 Deinde,
2465 3731 2583 3787 haec
2622 3745 2728 3785 non
2768 3731 2942 3786 solum
2989 3733 3042 3785 in
3085 3734 3261 3803 seipsa
3315 3744 3371 3789 ut
3414 3738 3573 3791 vitam

1994 3827 2173 3881 anima
2223 3823 2501 3896 possidet,
2539 3822 2634 3878 sed
2678 3822 2839 3877 etiam
2887 3824 3181 3892 aliquando
3215 3827 3282 3881 ab
3321 3828 3442 3883 aliis
3484 3831 3577 3885 do-

1994 3917 2242 3975 centibus
2274 3907 2503 3973 audiens
2529 3914 2750 3982 ediscit,
2785 3931 2905 3970 cum
2939 3916 3090 3971 ducit
3122 3925 3412 3989 utrumque
3444 3920 3578 3978 ﬁdes

1995 4022 2048 4067 et
2086 4011 2326 4067 cbaritaa
2364 4027 2379 4077 ;
2415 4024 2553 4065 unus
2602 4023 2797 4079 nempe
2846 4010 2898 4063 in
2939 4008 3047 4064 ﬁde
3073 4012 3241 4075 audit,
3282 4012 3417 4069 alter
3453 4028 3582 4071 vero

1998 4107 2051 4161 in
2088 4102 2356 4160 cbaritate
2404 4101 2585 4169 docet,
2616 4101 2736 4157 sine
2781 4100 2922 4157 fastu
2957 4112 3050 4157 aut
3080 4100 3343 4171 iactantia
3376 4105 3443 4161 de
3470 4108 3583 4163 vir-

2000 4201 2202 4255 tutibus
2240 4198 2640 4253 sermocinans.
2677 4194 2832 4251 Tunc
2872 4196 3013 4251 enim
3052 4198 3232 4254 anima
3271 4214 3578 4257 sermonem

1999 4290 2240 4350 scientiae
2273 4301 2332 4346 ut
2369 4290 2686 4359 magistrum
2728 4288 2962 4359 accipit;
2998 4297 3054 4344 et
3096 4289 3369 4358 lectionis,
3407 4302 3466 4349 ut
3503 4295 3583 4349 ci-

2002 4384 2163 4448 bum;
2198 4389 2255 4437 et
2293 4393 2599 4435 sermonem
2641 4392 2827 4448 opere,
2863 4393 2970 4432 non
3018 4394 3112 4433 ore
3150 4395 3487 4450 expressum,
3522 4392 3582 4437 ut

2001 4473 2369 4546 gratissimum
2413 4470 2883 4541 paranymphum;
2922 4479 2975 4524 et
3016 4471 3433 4528 illuminativum
3470 4475 3583 4545 spi-

299 4561 354 4647 δέ
394 4560 489 4615 τοῦ
546 4561 868 4632 Πνεύματος
926 4564 1289 4632 φωτιστικὸν,
1326 4564 1401 4627 ὡς
1457 4562 1692 4633 νυμφίον
1742 4563 1882 4631 λόγοι

2006 4567 2147 4621 ritus
2184 4576 2517 4627 sermonem,
2552 4570 2610 4613 ut
2648 4560 2860 4614 laetifica
2894 4561 3058 4615 verba
3094 4576 3347 4630 sponsam
3382 4579 3581 4634 sponso

296 4642 564 4705 ἐνωτικδν
607 4652 818 4724 αὐτῆς,
855 4654 945 4707 τὸν
992 4655 1377 4728 εὐφραίνοντα.
1431 4656 1546 4709 Πᾶν
1592 4656 1699 4727 7&9
1748 4656 1899 4727 ῥῆμα

298 4744 742 4816 ἐκπορευόμενον
778 4747 867 4801 διὰ
900 4747 1190 4817 στόματος,
1230 4748 1368 4801 Θεοῦ
1404 4750 1576 4813 ἐστιν,
1608 4750 1656 4802 oi
1687 4747 1776 4801 διὰ
1802 4746 1898 4802 τοῦ

300 4836 629 4908 Πνεύματος
694 4839 761 4893 ἐκ
812 4840 1084 4910 στόματος
1138 4840 1248 4893 τῶν
1313 4841 1485 4910 ἁγίων
1544 4840 1902 4911 προελθόντες

300 4927 492 4995 λόγοι,
542 4930 575 5000 ἡ
620 4925 688 4984 δι’
746 4930 1029 5002 ἐνέργειαν
1074 4921 1391 5004 γλυκυτάτη
1438 4932 1533 4987 τοῦ
1584 4934 1902 5005 Πνεύματος

301 5021 605 5086 ἐπίπνοια,
659 5023 728 5095 ἢν
771 5024 1053 5093 τρυφῶσιν
1108 5024 1168 5077 ού
1211 5020 1452 5091 πάντες,
1499 5025 1635 5081 ἀλλά
1672 5026 1823 5097 μόνοι
1853 5028 1901 5080 oi

302 5112 470 5179 ἄξιοι.
537 5115 760 5187 Ἐπειδὴ
800 5116 856 5175 δὲ
906 5118 997 5170 καὶ
1046 5119 1259 5189 τρυφὴν
1312 5118 1495 5189 ἔχουσι
1534 5119 1625 5171 τὸν
1663 5118 1823 5189 λόγον
1854 5121 1902 5173 oi

303 5205 545 5274 λογικοὶ,
571 5208 805 5263 ἐνταῦθα
839 5209 939 5279 μὲν
974 5211 1024 5263 oi
1060 5210 1168 5263 τῶν
1193 5212 1285 5265 τοῦ
1320 5209 1634 5283 Πνεύματος
1658 5213 1905 5283 ἐναργῶς

304 5297 757 5370 εὐφραινόμενοι,
810 5300 984 5371 ὀλίγοι
1036 5302 1159 5384 λίαν
1198 5303 1366 5357 είσίν·
1421 5305 1547 5368 τοὺς
1594 5303 1800 5368 τύπους
1847 5304 1904 5358 δέ

308 5388 477 5461 μόνον
525 5391 575 5442 oi
628 5391 817 5445 πολλοὶ
864 5393 975 5446 τῶν
1022 5396 1416 5466 πνευματικῶν
1462 5396 1637 5465 λόγων
1681 5394 1771 5451 διὰ
1807 5398 1906 5469 τῆς

307 5482 539 5555 μνήμης
589 5483 685 5537 καὶ
732 5484 1065 5554 γινώσκουσι
1123 5490 1213 5542 καὶ
1257 5487 1569 5560 μετέχουσι,
1608 5490 1700 5544 τὸν
1740 5490 1908 5562 άρτον

303 5572 468 5627 οὔπω
495 5573 588 5628 τὸν
620 5575 878 5646 ἀληθινὸν
929 5579 1026 5633 τοῦ
1065 5580 1352 5651 μέλλοντος
1398 5582 1456 5637 ἐν
1485 5580 1741 5654 αἰσθήσει
1770 5580 1908 5638 Θεοῦ

304 5665 470 5731 λόγον
503 5669 890 5741 μετασχόντες.
940 5672 1116 5737 Μόνος
1148 5672 1258 5743 γάρ
1282 5672 1447 5738 αὐτὸς
1473 5674 1652 5729 ἐκεῖσε
1684 5680 1901 5748 πρόκει-

2005 4657 2271 4713 unientia.
2320 4653 2457 4709 Nam
2510 4667 2791 4709 sermones
2840 4667 2905 4706 ex
2946 4668 3042 4707 ore
3090 4652 3182 4707 Dei
3230 4658 3586 4724 procedentes

2005 4761 2133 4807 sunt
2176 4749 2357 4805 omnia
2405 4748 2567 4803 verba
2605 4762 2701 4817 per
2733 4744 2995 4816 Spiritum
3033 4760 3098 4800 ex
3143 4761 3237 4800 ore
3271 4761 3583 4803 sanctorum

2006 4844 2241 4915 prolata,
2280 4851 2336 4897 et
2392 4855 2558 4910 opera
2619 4838 2937 4915 dulcissimo
2973 4836 3211 4908 Spiritus
3250 4839 3436 4913 .alilata
3495 4843 3584 4896 in-

2006 4914 2235 5000 stinctu,
2262 4948 2371 5004 quo
2398 4947 2507 4987 non
2537 4946 2747 4994 omnes,
2781 4931 2874 4983 sed
2903 4914 3048 4999 digni
3084 4941 3287 4985 tantum
3314 4931 3587 4993 fruuntur.

2006 5028 2143 5085 Cum
2195 5035 2376 5080 autem
2429 5038 2680 5079 sermone
2720 5021 2972 5077 fruantur
3006 5024 3319 5095 quicunque
3353 5028 3591 5081 rationa-

2009 5122 2106 5186 les,
2142 5133 2284 5171 nunc
2315 5115 2626 5186 paucissimi
2658 5126 2784 5169 sunt
2813 5131 2949 5185 quos
2983 5114 3215 5187 Spiritus
3249 5118 3421 5189 reipsa
3459 5119 3593 5173 lil’ll-

2010 5215 2165 5278 ﬁcat,
2208 5212 2302 5267 sed
2363 5209 2583 5280 plurimi
2640 5207 2855 5277 species
2909 5206 3179 5263 duntaxat
3228 5210 3590 5278 spiritualium

2009 5321 2322 5364 sermonum
2352 5301 2615 5357 memoria
2642 5310 2977 5369 cognoscunt
3002 5310 3055 5353 ct
3080 5301 3430 5369 participant,
3460 5318 3593 5355 non-

2010 5404 2137 5457 dum
2178 5399 2340 5455 cibati
2376 5410 2506 5451 vero
2541 5407 2677 5464 pane
2712 5392 2893 5447 divini
2924 5392 3077 5448 verbi
3109 5408 3271 5462 quem
3308 5394 3368 5448 in
3407 5394 3592 5450 futuro

2010 5491 2326 5563 gustabunt,
2356 5495 2412 5544 et
2453 5488 2546 5557 qui
2597 5486 2748 5540 solus
2795 5482 2905 5538 illic
2948 5484 3268 5552 proponitur
3305 5484 3371 5538 ad
3418 5486 3595 5541 laetiti-

2011 5584 2216 5638 candos
2251 5594 2442 5636 omnes
2478 5578 2695 5647 dignos,
2736 5587 2837 5629 nec
2870 5586 3106 5643 unquam
3139 5575 3462 5641 conteditur,
3498 5591 3597 5633 nec

2012 5676 2336 5734 absorbetur
2374 5682 2465 5728 aut
2498 5671 2860 5728 consumitur.

314 5763 413 5805 ται
444 5750 526 5817 είς
562 5751 745 5811 πᾶσαν
777 5758 889 5820 τοῖς
916 5756 1090 5821 ἀξίοις
1119 5756 1321 5822 ἱκανῶς
1349 5758 1548 5826 ἡδονήν
1573 5775 1585 5789 ·
1616 5761 1757 5828 μήτε
1784 5760 2120 5827 ἐσθιόμενος,
2158 5757 2297 5828 μήτε
2322 5754 2737 5826 δαπανώμενος,
2764 5754 2796 5825 ἢ
2828 5754 3095 5825 θυόμενος
3127 5749 3371 5807 πώποτε.
