4224 6464
338 392 480 462 1273

1370 402 1455 463 CA
1472 403 1643 463 PITA
1685 400 1833 463 PER
1876 400 2538 466 ACROSTICHIDEM.

3440 397 3578 464 197‘

323 513 471 583 ὥρας
501 511 561 577 ἐξ
582 510 685 574 ἕως
717 528 861 583 πρω.
887 526 899 541 ⁸
932 509 1051 564 εἶτα
1083 507 1312 579 ψάλλειν
1334 506 1435 577 τὴν
1468 505 1699 577 πρώτην
1741 505 1893 577 ῶραν

2005 526 2059 572 et
2103 520 2154 572 in
2200 518 2413 575 silentio
2458 518 2669 584 sedere,
2706 526 2764 572 ut
2817 530 2983 587 supra
3035 514 3235 569 dictum
3276 524 3377 580 est,
3408 526 3460 568 et
3500 515 3580 570 vel

321 603 416 655 καὶ
459 600 788 667 καθέζεσθαι
834 601 1197 672 ἡσυχάζοντα,
1235 599 1310 661 ὡς
1340 598 1663 668 προείρηται
1689 615 1704 629 ο
1740 598 1833 651 καὶ
1864 597 1896 668 ἢ

318 693 446 756 τοὺς
475 693 635 763 ὅρους
665 692 775 747 τῶν
806 691 1083 763 έργασιῶν
1130 690 1421 758 φυλάττειν
1462 689 1550 743 διὰ
1581 688 1689 741 τῶν
1720 688 1901 759 ὡρῶν,

318 786 352 856 ἢ
384 786 483 857 τὴν
529 786 811 855 συνέχειαν
846 783 1047 855 δηλαδὴ
1082 783 1179 852 τῆς
1230 781 1541 852 προσευχῆς
1581 780 1903 835 ἀδιάστατον

316 880 529 949 τηρεῖν,
588 878 656 932 δι’
709 874 778 950 ἧς
832 878 865 948 ὴ
921 875 1037 941 ἕεις
1084 875 1178 929 τὸν
1234 873 1675 944 πολιτευόμενον.
1729 873 1794 926 Ἡ
1845 871 1903 926 δι

2006 626 2169 679 opera
2212 611 2359 666 horis
2388 612 2654 681 regulare,
2685 611 2767 664 vel
2799 624 3113 680 permanere
3146 607 3343 676 jugiter
3365 608 3418 660 in
3456 622 3581 660 ora-

2009 705 2152 757 tione
2210 703 2502 766 continua,
2560 718 2656 772 pro
2716 702 2962 757 monachi
3029 699 3319 755 facultate..
3361 695 3582 752 Tertius

2006 794 2239 864 denique
2288 793 2479 849 modus
2520 803 2603 849 est
2658 802 2826 848 tatam
2876 803 3086 846 noctem
3135 790 3582 847 ducereiusmn-

2009 901 2152 939 nem.

316 972 477 1039 τρίτη
520 970 788 1036 πολιτεία,
827 967 1120 1038 παννύχιον
1169 966 1282 1037 έχει
1322 966 1420 1036 τὴν
1453 966 1643 1020 στάσιν
1680 965 1775 1020 καὶ
1805 967 1904 1041 τὴν
1934 971 2292 1042 ιγρήγορστν.

392 1054 499 1126 ρβ,
539 1054 673 1108 ἰδοῦ
703 1055 814 1125 γὰρ
844 1055 937 1108 καὶ
971 1053 1102 1126 περὶ
1128 1051 1381 1124 βριίισεώς
1411 1067 1611 1121 φαμεν,
1641 1050 1723 1104 ὅτι
1746 1049 1901 1119 λίτρα

320 1148 489 1219 ἄρτου
517 1149 681 1219 ἀρκεῖ
721 1147 885 1201 παντὶ
925 1146 1005 1218 τῷ
1042 1145 1430 1217 ἀγωνιζομένῳ
1469 1142 1608 1214 πρὸς
1642 1143 1897 1214 ἡσυχίαν,

320 1242 417 1294 καὶ
451 1240 596 1293 οίνου
632 1238 731 1310 μέν
768 1238 880 1291 δύω
905 1237 1173 1309 βαυκάλια
1202 1238 1444 1308 ἀκράτου
1469 1234 1665 1300 πίνειν,
1707 1232 1900 1296 ῦδατος

317 1330 375 1384 δέ
414 1329 544 1399 τρία
565 1344 579 1360 ·
618 1328 714 1382 καὶ
750 1328 859 1381 ἀπὸ
898 1326 1007 1380 τῶν
1037 1326 1443 1398 εὑρισκομένων
1478 1322 1663 1377 σιτίων
1698 1322 1896 1393 τρέφε-

321 1422 468 1488 σθαι,
494 1423 594 1493 οὐχ
618 1424 719 1477 δσα
749 1421 903 1492 ζητεῖ
932 1422 966 1491 ἡ
1000 1420 1163 1489 φύσις
1191 1417 1624 1488 ιπιθυμητικῶς,
1657 1416 1769 1470 ἀλλ’
1799 1416 1898 1469 δσα

320 1517 351 1586 ἡ
405 1513 634 1584 πρόνοια
668 1514 965 1591 οίκονομεῖ,
1000 1511 1234 1583 χρᾶσθαι
1295 1509 1599 1581 έγκρατῶς.
1644 1510 1895 1577 ’Ἄριστος

318 1605 431 1680 [ῖσ.
487 1604 711 1678 ἀρίστη]
760 1600 854 1660 οὖν
903 1605 998 1659 καὶ
1048 1604 1315 1673 σύντομος
1364 1605 1567 1674 είδησις
1616 1602 1748 1673 περὶ
1787 1602 1895 1657 τῶν

318 1697 563 1769 ἀκριϐῶς
616 1695 1000 1752 πολιτεύεσθαι
1055 1695 1418 1767 βουλομένων,
1470 1694 1571 1757 τάς
1600 1697 1750 1765 τρεῖς
1785 1694 1896 1747 τῶν

315 1787 529 1859 ἀρετῶν
546 1786 903 1858 ιτεριεκτικάς
927 1786 1189 1858 ἐργασίας
1211 1787 1419 1858 τηρεῖν,
1443 1784 1699 1854 νηστείαν
1726 1784 1891 1853 φημὶ,

2075 1069 2197 1122 illi.
2240 1068 2386 1123 Talia
2447 1068 2512 1122 de
2567 1067 2841 1121 alimentis
2897 1065 3210 1122 statuimus.
3252 1065 3365 1121 Una
3420 1064 3577 1133 panis

2002 1159 2136 1213 libra
2191 1161 2323 1215 satis
2370 1170 2455 1215 est
2501 1160 2736 1213 cuilibet
2756 1158 2834 1210 «id
2880 1159 3251 1228 quietudinem
3304 1157 3577 1223 tendenti;

2000 1253 2149 1307 bibat
2178 1268 2305 1308 vero
2332 1252 2442 1307 duo
2467 1253 2575 1307 vini
2604 1252 2736 1307 meri
2769 1253 2983 1322 pocula,
3011 1259 3066 1304 et
3093 1266 3245 1320 qua:
3274 1250 3402 1304 tria.
3432 1249 3578 1302 Cibis

1998 1343 2411 1399 occurrentibus
2456 1342 2656 1407 alatur,
2700 1358 2799 1399 nec
2845 1342 2911 1398 iis
2955 1356 3091 1412 quos
3135 1351 3331 1396 natura
3379 1339 3579 1408 cupide

1997 1435 2223 1503 appetit,
2266 1436 2359 1490 sed
2412 1450 2551 1505 quos
2601 1434 2757 1490 oﬂert
2809 1432 3183 1495 Providentia,
3235 1440 3434 1486 utatur.
3486 1429 3580 1485 llis

1996 1527 2161 1597 igitur
2198 1527 2288 1597 qui
2336 1521 2570 1595 perfecte
2599 1526 2778 1581 vivere
2820 1524 3046 1590 volunt,
3113 1532 3257 1577 recta
3302 1531 3353 1576 et
3400 1518 3579 1575 brevis

1998 1619 2081 1673 via
2124 1627 2209 1674 est
2230 1632 2448 1673 servare
2513 1620 2615 1672 tria
2657 1632 2818 1687 Opera
2854 1616 3047 1685 quibus
3101 1615 3325 1669 virtutes
3358 1628 3582 1668 conser-

1998 1719 2217 1777 rantur,
2268 1726 2462 1779 nempe
2514 1710 2934 1770 abstinentiam,
2987 1710 3293 1761 oralionem
3349 1716 3401 1759 et
3447 1704 3579 1773 vigi-

1997 1800 2163 1867 liam,
2212 1817 2334 1873 quae
2379 1811 2602 1857 cunctas
2660 1802 2972 1854 ίὶιιιιιίμιείηιο
3040 1798 3322 1856 stabiliunt
3380 1795 3576 1851 funda-

314 1878 656 1950 ἀγρυπνίαν,
687 1880 783 1933 καὶ
816 1878 1149 1951 προσευχὴν,
1175 1878 1237 1931 τὸ
1269 1877 1503 1946 ιρεισμα
1547 1877 1765 1931 πάντων
1805 1876 1895 1947 βεο
1927 1865 1964 1916 Β
2000 1865 2207 1951 mento.

316 1971 575 2035 σαιούσας
604 1972 995 2042 κραταιότατα.
1885 2006 1892 2020 .

387 2060 495 2131 97’.
551 2060 614 2116 'H
656 2060 857 2131 ἡσυχία
889 2060 999 2131 πρὸ
1050 2060 1272 2115 πάντων
1316 2061 1554 2123 πίστεως
1591 2058 1761 2113 δεῖται
1799 2059 1893 2114 καὶ

315 2152 596 2221 ὑπομονῆς
616 2194 631 2219 ,
662 2152 759 2205 καὶ
787 2151 883 2222 τῆς
918 2152 976 2219 ἕξ
1004 2152 1132 2222 ὃλης
1154 2149 1400 2221 καρδίας,
1443 2152 1537 2204 καὶ
1570 2148 1773 2220 ίσχύος,
1800 2148 1895 2202 καὶ

313 2245 619 2315 δυνάμεως,
673 2244 916 2314 ἀγάπης,
970 2245 1064 2299 καὶ
1095 2243 1330 2309 έλπίδος.
1390 2244 1449 2295 'U
1503 2243 1598 2313 μιν
1650 2242 1758 2313 7&9
1802 2258 1893 2294 πι-

316 2336 547 2400 στεύων,
592 2335 700 2391 adv
752 2335 990 2390 ενταῦθα
1023 2334 1116 2390 τοῦ
1162 2334 1494 2407 ζητουμένου
1533 2335 1777 2405 ἀποτύχῃ
1824 2332 1893 2386 δι’

314 2427 577 2498 ἀμέλειαν
626 2426 813 2497 τυχὸν,
855 2427 889 2498 ἢ
936 2426 1103 2497 ἀλλην
1135 2426 1337 2489 αίτίαν,
1370 2425 1487 2479 ἀλλ’
1515 2426 1573 2478 έν
1623 2426 1688 2495 τῇ
1727 2422 1895 2495 tam

312 2520 534 2583 πάντως
576 2520 839 2574 ἀδύνατον
889 2519 964 2590 μὴ
1013 2517 1500 2591 πληροφορηθῐψαι
1542 2518 1634 2570 τὸν
1682 2515 1895 2585 καρπὸν

311 2612 412 2682 τῆς
452 2611 691 2671 πίστεως
735 2611 829 2664 καὶ⁸
872 2608 969 2664 τοῦ
1009 2608 1220 2678 ἀγῶνος
1243 2648 1258 2671 ,
1312 2608 1409 2661 καὶ
1446 2606 1577 2661 ίδεῖν
1615 2606 1711 2676 τὴν
1744 2605 1895 2658 έλευ-

312 2705 542 2777 θερίανο
591 2704 651 2768 δς
689 2706 839 2756 εστιν
893 2700 1101 2772 Ἰησοῦς
1139 2703 1168 2755 ὁ
1200 2699 1454 2771 Χριστὸς.
1488 2700 1521 2769 ἡ
1556 2697 1668 2751 τῶν
1708 2695 1896 2767 ψυχῶν

312 2801 695 2871 ἀπολύτρωσις
757 2797 853 2851 καὶ
901 2796 1204 2867 σωτηρίαν
1234 2796 1264 2848 ό
1307 2792 1655 2863 θεάνθρωπος
1700 2790 1893 2858 Λόγος.

324 2893 387 2948 '0
415 2894 474 2948 δδ
533 2889 779 2946 ἀπιστῶν
827 2886 1295 2959 κατακριθήσεται
1342 2885 1561 2947 πάντως
1595 2884 1652 2935 ὲν
1691 2880 1894 2950 έξόδῳο

311 2985 453 3041 ἀλλά
479 2983 576 3038 καὶ
606 2982 707 3052 ἠδη
739 2981 1015 3052 κέκριται,
1050 2978 1215 3049 φησιν
1240 2978 1267 3029 ὁ
1294 2976 1515 3045 Κύριος.
1556 2976 1612 3028 Ὀ
1642 2975 1751 3044 7&9
1777 2973 1895 3035 ταῖς
1938 3005 1949 3011 -

312 3078 532 3149 ἡδοναῖς
585 3073 873 3136 δουλεύων,
923 3070 1208 3137 καὶδόξαν
1252 3067 1349 3139 τὴν
1399 3067 1549 3137 παρά
1595 3064 1897 3135 ἀνθρώπων

2071 2068 2194 2126 105.
2229 2070 2506 2141 Estquieti
2537 2080 2665 2126 aute
2684 2072 2865 2126 omnia
2902 2085 3038 2137 opus
3058 2069 3209 2133 ildes,
3232 2079 3286 2125 et
3319 2075 3577 2123 constan-

1996 2160 2093 2229 tia,
2128 2172 2184 2218 et
2206 2162 2447 2217 citaritas
2474 2176 2540 2217 ex
2569 2172 2679 2215 tota
2711 2162 2912 2226 anima,
2964 2160 3166 2217 virtute
3220 2175 3283 2214 ac
3312 2159 3573 2230 potentia,

1994 2260 2054 2312 et
2084 2266 2231 2325 spes.
2261 2254 2395 2309 Nam
2426 2254 2471 2309 si
2499 2254 2620 2321 quis
2654 2252 2810 2307 (idem
2840 2254 3023 2317 habet,
3050 2253 3177 2308 licet
3206 2266 3352 2307 nunc
3388 2253 3571 2307 forsan

1994 2364 2023 2403 a
2057 2360 2226 2417 scopo
2256 2345 2325 2401 ob
2357 2345 2625 2400 incuriam
2660 2346 2888 2400 aliamve
2922 2360 3142 2399 causam
3180 2345 3417 2407 aberret,
3470 2344 3577 2398 sal-

1997 2446 2104 2490 tem
2148 2435 2203 2491 in
2253 2435 2398 2490 exitu
2452 2435 2573 2490 vita:
2631 2450 2737 2489 non
2788 2444 2967 2504 potest
3005 2450 3107 2490 non
3160 2433 3303 2489 ferre
3346 2433 3574 2489 multum

1997 2527 2125 2585 tldel
2166 2537 2221 2583 et
2265 2526 2582 2585 certaminis
2628 2526 2885 2591 fructmn,
2918 2538 2972 2583 et
3014 2528 3321 2583 libertatem
3362 2527 3573 2589 videre,

1997 2639 2119 2693 qua
2167 2632 2251 2676 est
2302 2618 2466 2676 Jesus
2515 2618 2805 2685 Christus,
2858 2621 3166 2675 animarum
3217 2620 3478 2675 liberator
3520 2628 3576 2674 et

1997 2710 2260 2774 salvator,
2293 2710 2432 2763 Dens
2477 2710 2639 2763 homo
2664 2710 2925 2767 Verbum.
2952 2710 3055 2777 Qui
3085 2724 3213 2764 vero
3242 2723 3349 2763 non
3379 2710 3573 2772 credit,

1994 2811 2141 2854 certe
2167 2801 2620 2855 condetnnabitur
2665 2801 2716 2854 in
2763 2803 2935 2864 exitu,
2963 2801 3142 2870 etjam
3171 2800 3441 2868 judicatus
3469 2809 3573 2864 est,

1994 2893 2070 2948 ait
2096 2893 2137 2947 υ
2162 2892 2400 2949 ominus.
2429 2890 2530 2958 Qui
2558 2892 2701 2947 enim
2734 2893 3096 2963 voluptatibus
3119 2892 3362 2959 inservit,
3383 2899 3435 2947 et
3464 2892 3578 2962 glo-
3680 2953 3682 2955 ς

2002 2982 2140 3038 niam
2179 2983 2377 3052 quaerit
2406 2985 2472 3036 ab
2514 2983 2847 3046 hominibus,
2880 2999 2983 3037 nou
3022 3000 3050 3037 a
3097 2984 3226 3049 Deo,
3263 2984 3575 3038 incredulus

1996 3079 2105 3140 est,
2140 3072 2351 3141 inquit;
2392 3080 2447 3126 et
2483 3074 2736 3142 quamvis
2780 3074 2835 3127 in
2884 3087 3132 3127 sermone
3179 3072 3352 3129 lideiis
3392 3073 3574 3128 videa-

313 3166 498 3240 ζητῶν
521 3206 537 3232 ,
572 3166 669 3220 καὶ
700 3164 761 3218 οὐ
790 3164 892 3235 τὴν
930 3166 994 3217 έκ
1045 3161 1203 3227 Θεοῦ,
1252 3158 1479 3219 ἄπιστός
1524 3159 1639 3211 ἔστι
1664 3198 1679 3221 ,
1720 3155 1890 3227 φησί’

1996 3171 2105 3229 tur,
2139 3163 2492 3232 semetipsum
2548 3163 2749 3219 inscius
2784 3165 2940 3219 fallit.
2980 3163 3237 3233 Namque
3280 3165 3422 3218 itane
3464 3177 3567 3217 au-

312 3257 420 3312 κᾶν
458 3257 516 3308 έν
551 3255 697 3324 λόγῳ
733 3252 923 3316 πιστὸς
963 3247 1103 3306 εῐναι
1133 3251 1264 3319 δοκῇ
1314 3250 1342 3301 ό
1373 3245 1637 3309 τοιοῦτος,
1678 3247 1890 3315 ὴπάτηο

316 3367 414 3404 σεν
449 3348 644 3404 έαυτδν
668 3345 990 3416 λεληθότως.
1027 3342 1344 3397 ’Δκούσεται
1367 3340 1497 3410 7&9,
1528 3343 1610 3395 ὅτι
1649 3338 1789 3391 ‘AvO‘
1820 3332 1896 3394 ὧν

311 3442 417 3497 οὐκ
453 3439 643 3501 ιλαόές
677 3454 745 3508 με
779 3438 837 3490 ιν
876 3438 941 3505 τῇ
968 3434 1165 3508 καρδίᾳ
1196 3449 1312 3496 σου,
1342 3431 1456 3486 ἀλλ’
1490 3429 1803 3502 ἀπέρριψάς
1829 3446 1895 3499 με

311 3534 493 3587 ὀπίσω
533 3530 629 3587 τοῦ
657 3531 826 3585 νώτου
857 3546 950 3582 σου
969 3568 984 3592 ,
1032 3527 1187 3595 κάγὼ
1215 3524 1510 3595 ἀπώσομαί
1556 3540 1638 3578 σε.
1670 3525 1761 3576 Δεῖ
1787 3522 1900 3596 γὰρ

311 3624 408 3678 τὸν
458 3622 653 3677 πιστὸν
708 3619 929 3674 εὔελπιν
971 3614 1147 3683 εῖναι,
1184 3617 1281 3673 καὶ
1311 3614 1588 3671 πιστεύειν
1655 3615 1753 3685 μὲν
1798 3614 1896 3683 τὴν

312 3716 411 3773 τοῦ
455 3713 595 3769 Θεοῦ
628 3712 888 3783 ἀλήθειαν
909 3744 929 3774 ,-
963 3706 1420 3780 μαρτυρουμένην
1448 3707 1506 3758 έν
1541 3704 1745 3767 πάσαις
1778 3706 1897 3767 ταῖς

314 3807 566 3879 Γραφαῖς
586 3845 602 3867 ,
631 3801 916 3874 ὁμολογεῖν
937 3799 997 3853 δε
1020 3803 1120 3869 τὴν
1147 3794 1342 3851 εαυτοῦ
1369 3793 1673 3855 ἀσθένειαν,
1706 3791 1793 3847 ίνα
1820 3792 1897 3865 μὴ

315 3896 543 3952 διπλοῦν
568 3892 666 3965 lin
699 3891 760 3946 τὸ
792 3892 966 3962 κρῖμα
996 3890 1091 3942 καὶ
1122 3887 1516 3958 ἀπαραίτητον.
1836 3912 1839 3915 ν

389 3989 487 4059 ρδν.
538 3982 1037 4054 Συντετριμμένηνζ
1065 3980 1295 4051 καρδίαν
1339 3979 1432 4031 καὶ
1464 3977 1642 4048 ψυχὴν
1705 3991 1895 4032 ταπει-

314 4077 569 4147 νωμένην
625 4074 777 4127 οὐδὲν
815 4071 991 4135 οὕτως
1048 4073 1295 4141 ιμποιεί,
1355 4069 1429 4131 ὡς
1482 4070 1543 4122 τδ
1579 4067 1802 4131 ίδιάζειν
1840 4069 1898 4120 έν

313 4169 539 4239 γνώσει,
571 4167 666 4220 καὶ
710 4167 743 4234 ἡ
775 4168 838 4218 εκ
873 4165 1092 4218 πάντων
1131 4163 1332 4232 σιωπή.
1383 4161 1602 4229 κυρίως
1629 4161 1726 4213 οὐκ
1770 4159 1899 4213 ἀλλο

314 4260 369 4313 τί
408 4261 526 4311 ἐστι
571 4257 634 4308 τὸ
684 4257 945 4323 λυμαίνον
984 4254 1082 4321 τὴν
1117 4252 1448 4305 κατάστασιν
1496 4250 1594 4317 τῆς
1643 4251 1894 4318 ἡσυχίας,

314 4356 412 4407 καὶ
437 4352 537 4420 τὴν
574 4347 727 4401 θείαν
768 4346 828 4412 ἐξ
866 4346 1035 4414 αὐτῆς
1070 4340 1388 4413 περιαιροῦν
1418 4342 1671 4410 δύναμιν,
1716 4340 1790 4402 ὡς
1828 4338 1899 4392 τά

314 4437 644 4513 περιεκτικά
694 4437 754 4503 ιε
808 4436 954 4503 πάθη
1014 4434 1227 4489 ταῦτα’
1288 4434 1609 4504 παρρησία,
1674 4448 1898 4501 γαστρι-

1996 3253 2107 3307 diet
2160 3253 2493 3308 sententiam
2530 3268 2548 3309 :
2582 3252 2719 3319 Quia
2777 3270 2879 3308 non
2926 3255 3181 3325 recepisti
3230 3270 3317 3310 me
3352 3269 3419 3309 ex
3465 3263 3577 3309 toto

1996 3346 2161 3400 corde
2201 3354 2316 3413 tuo,
2352 3355 2409 3401 et
2456 3362 2545 3402 me
2582 3357 2704 3415 post
2751 3354 2958 3417 tergum
3009 3345 3268 3410 refecisti,
3304 3356 3356 3401 ct
3390 3362 3489 3417 ego
3522 3358 3576 3402 te

1999 3437 2281 3506 repellam.
2316 3437 2485 3493 Debet
2526 3439 2694 3506 igitur
2731 3439 2903 3493 iidelis
2938 3437 3133 3493 bonam
3167 3453 3315 3507 spem
3351 3439 3574 3503 habere,

1997 3536 2048 3580 et
2082 3526 2312 3581 credere
2343 3527 2562 3596 quidem
2621 3526 2712 3582 Dei
2760 3526 3073 3592 veritatem,
3105 3543 3264 3593 quam
3306 3535 3577 3582 testantur

1996 3632 2190 3670 omnes
2238 3616 2559 3686 Scriptum,
2593 3618 2838 3672 confiteri
2876 3627 3061 3673 autem
3098 3619 3373 3688 propriam
3424 3618 3576 3671 iuiir-

1999 3710 2267 3774 mitatem,
2306 3723 2373 3763 ne
2418 3709 2616 3778 duplex
2663 3718 2718 3765 et
2763 3710 3101 3766 inexorabile
3149 3710 3391 3765 incurrat
3428 3710 3576 3778 judi-

1997 3812 2167 3852 ctum.

2073 3976 2197 4034 ιοι.
2234 3978 2314 4033 Ad
2360 3994 2457 4033 cor
2501 3978 2795 4033 contritum
2845 3990 2902 4032 et
2946 3978 3182 4032 animam
3235 3977 3574 4033 itumiliatam

2000 4069 2139 4123 nihil
2181 4080 2288 4123 tam
2330 4071 2609 4135 conducit,
2641 4086 2802 4139 quam
2842 4073 2948 4125 vita
2986 4072 3214 4126 interius
3246 4070 3473 4140 mystica
3520 4077 3576 4123 et

2003 4163 2228 4217 omnino
2280 4164 2467 4218 silens.
2518 4163 2628 4218 Nec
2677 4164 2822 4217 aliud
2881 4164 3097 4231 proprie
3140 4173 3247 4216 tam
3298 4162 3577 4232 perturbat

1999 4254 2200 4321 quietis
2239 4263 2438 4309 statum
2480 4266 2534 4309 et
2584 4256 2817 4309 divinam
2859 4257 2926 4309 ab
2971 4270 3034 4307 ea
3076 4254 3255 4308 aufert
3298 4255 3570 4315 virtutem,

1999 4361 2163 4414 quam
2200 4346 2455 4415 capitalia
2487 4361 2582 4400 sex
2617 4347 2747 4400 vitia
2785 4348 2895 4400 hac
2928 4362 2943 4399 :
2972 4347 3141 4400 nimia
3179 4347 3422 4410 libertas,
3454 4360 3573 4400 ser-

1998 4437 2142 4491 vitus
2183 4436 2411 4503 ventris,
2454 4436 2890 4504 multiluqnentia
2916 4476 2931 4502 ,
2976 4436 3351 4504 negotiositas,
3389 4434 3573 4498 elatio,

319 4532 556 4604 μαργία,
588 4527 885 4596 πολυλογία
914 4542 973 4581 τε
1005 4526 1099 4578 καὶ
1152 4524 1538 4595 περισπασμὸς
1562 4560 1577 4588 ,
1610 4524 1895 4589 φυσίωσις,

2003 4538 2057 4582 et
2092 4526 2275 4595 regina
2311 4526 2625 4595 passionum
2671 4526 2947 4593 superbia.
2982 4523 3079 4581 His
3109 4527 3201 4595 qui
3236 4525 3457 4580 studere
3490 4541 3576 4582 as-

315 4625 413 4678 καὶ
456 4624 490 4691 ἡ
545 4620 710 4689 κυρία
747 4618 857 4671 τῶν
893 4615 1080 4670 παθῶν
1117 4614 1316 4684 οἴησις.
1368 4614 1461 4677 Είς
1503 4611 1647 4682 ᾇπερ
1691 4613 1720 4664 ὁ
1759 4610 1899 4680 μετά

315 4713 634 4787 προθυμίας
672 4711 881 4775 έθίσας,
912 4708 1133 4772 τελείως
1174 4708 1271 4761 καὶ
1306 4706 1447 4777 μετά
1484 4706 1585 4775 τὴν
1615 4705 1899 4775 προκοπὴν

316 4806 415 4858 ἐπὶ
463 4803 648 4856 πλεῖον
686 4798 1089 4868 σκοτιζόμενος,
1144 4796 1473 4867 ἀναίσθητος
1512 4796 1739 4864 γίνεται.
1789 4794 1901 4848 Καὶ

313 4898 368 4952 εί
402 4895 503 4967 μιν
551 4892 843 4946 ἀνανεύσει
878 4889 1071 4953 πάλιν,
1112 4887 1250 4958 μετᾶ
1280 4887 1534 4952 πίστεως
1558 4888 1655 4943 καὶ
1700 4886 1900 4957 προθυ-

320 4988 453 5058 μίας
485 4982 666 5055 βαλὼν
700 4980 896 5052 ἀρχὴν,
924 4979 1021 5032 τοῦ
1058 4979 1394 5050 ζητουμένου
1426 4977 1675 5043 τεύξεται
1704 4979 1894 5033 πάλιν*

315 5081 414 5134 καὶ⁵
444 5077 683 5148 μάλιστα
710 5070 1136 5141 ταπεινούμενος
1165 5071 1257 5124 καὶ
1286 5069 1485 5142 ζητῶν.
1520 5070 1582 5124 El
1611 5069 1668 5123 δι
1701 5068 1759 5123 ιν
1788 5068 1898 5123 τῶν

316 5166 741 5239 προειρημένων
766 5163 856 5217 διὰ
882 5163 981 5232 τῆς
1007 5162 1269 5232 ἀμελείας
1305 5159 1617 5232 βασιλεύσει
1642 5163 1700 5214 εν
1729 5158 1896 5230 αὐτῷ,

312 5264 441 5316 τότε
478 5262 623 5319 ἅπας
651 5258 680 5309 ό
726 5254 837 5309 τῶν
878 5254 1062 5308 κακῶν
1108 5255 1406 5323 κατάλογος
1436 5257 1533 5308 σὺν
1561 5258 1627 5325 τῇ
1671 5252 1900 5321 ὀλεθρίῳ

317 5352 553 5423 ἀπιστίᾳ
590 5347 1276 5421 ὲκετρατεύσαςμδρημον
1307 5347 1405 5412 τὴν
1439 5344 1617 5413 ψυχὴν
1659 5340 1905 5410 ἀπεργάο

321 5446 515 5511 ζεται·
554 5434 665 5493 οἷόν
694 5455 817 5490 τινα
854 5435 1197 5489 Βαϐυλωνίαν
1228 5434 1381 5487 πόλιν
1411 5431 1575 5502 ἄλλην
1599 5473 1612 5495 ,
1650 5433 1768 5493 ταῖς
1796 5429 1905 5482 τῶν

320 5534 601 5607 δαιμόνων
658 5529 952 5599 γινομένην
1006 5529 1269 5596 ταραχαῖς
1326 5525 1417 5577 xxi.
1480 5521 1762 5594 θορύϐοις·
1832 5521 1905 5583 ῶς

322 5626 469 5683 εἶναι
528 5626 597 5677 τά
630 5623 835 5692 ἔσχατα
866 5619 1085 5690 χείρονα
1125 5618 1233 5671 τῶν
1262 5616 1496 5687 πρώτων
1520 5629 1533 5641 ·
1575 5616 1670 5667 ita).
1714 5613 1907 5683 ὲχθρλιν

324 5715 629 5788 θυμοειδῆ..
678 5717 772 5767 καὶ
831 5714 1135 5783 κατήγορον
1188 5712 1326 5764 κατὰ
1371 5709 1477 5762 τῶν
1527 5707 1907 5777 ἡσυχαζόντων

2003 4617 2180 4673 suevit
2220 4627 2277 4671 et
2315 4618 2369 4671 in
2411 4618 2491 4672 eis
2530 4619 2705 4687 magis
2749 4618 3027 4688 magisque
3066 4618 3316 4687 profecit,
3359 4616 3417 4670 lit
3461 4633 3576 4672 ont-

1999 4710 2126 4764 uino
2166 4724 2342 4763 caecus
2389 4717 2444 4763 et
2497 4724 2695 4764 sensus
2738 4725 2984 4779 exspers.
3020 4711 3172 4776 Quod
3207 4711 3250 4763 si
3285 4709 3479 4763 iterum
3513 4725 3573 4765 se

2000 4800 2200 4870 erigat,
2231 4817 2354 4857 cum
2402 4802 2505 4856 fide
2545 4816 2607 4857 ac
2637 4802 2917 4873 diligentia
2948 4811 3187 4872 emptum
3220 4802 3420 4866 iniens,
3453 4816 3574 4858 sco-

1998 4906 2122 4960 pum
2157 4908 2346 4949 rursus
2380 4893 2738 4962 adipiscetur,
2780 4894 3017 4948 maxime
3046 4894 3091 4948 si
3123 4892 3399 4948 humiliter
3430 4894 3572 4948 hunc

1998 4986 2330 5053 qumsiverit.
2369 4984 2425 5039 Si
2459 5000 2587 5041 vero
2618 5002 2723 5041 una
2756 5001 2822 5041 ex
2855 4984 3100 5055 prafatis
3129 4987 3471 5056 passionibus
3500 4986 3569 5040 ob

1998 5076 2385 5147 negligentiam
2440 5075 2493 5131 in
2547 5092 2613 5133 eo
2667 5087 2889 5147 regnet,
2950 5087 3078 5132 tunc
3134 5085 3245 5132 tota
3304 5067 3568 5131 maiorum

1997 5172 2167 5223 series
2201 5184 2321 5223 cum
2355 5169 2563 5224 letifera
2606 5170 2990 5225 incredulitate
3034 5170 3363 5237 irrumpens,
3410 5169 3567 5223 deso-

1997 5262 2142 5316 latur
2186 5263 2464 5328 animum,
2507 5276 2660 5331 quae,
2707 5262 2853 5317 velut
2906 5261 3073 5317 altera
3131 5262 3260 5317 urbs
3311 5260 3567 5333 Babylon,

1998 5352 2306 5406 daemonum
2364 5352 2596 5406 traditur
2655 5351 2829 5407 turbis
2886 5366 2949 5407 ac
3002 5351 3340 5416 tumultibus,
3378 5353 3451 5405 ita
3511 5360 3568 5405 ut

1999 5441 2129 5495 ﬂant
2163 5441 2456 5494 novissima
2492 5440 2611 5508 ejus
2645 5442 2830 5511 pejora
2874 5442 3169 5510 prioribus,
3202 5452 3253 5495 et
3296 5442 3571 5510 impugnet

1998 5532 2116 5600 ejus
2161 5532 2394 5599 quietem
2420 5534 2618 5592 Jtostis
2665 5542 2721 5587 et
2768 5544 3073 5600 accusator,
3121 5544 3175 5587 et
3219 5534 3453 5602 linguam
3510 5541 3567 5585 ut

1999 5624 2243 5677 lanceam
2272 5625 2619 5694 gladiumque
2645 5626 2934 5695 bipennem
2964 5635 3152 5680 contra
3180 5623 3326 5679 illam
3353 5636 3567 5693 semper

1997 5724 2245 5773 exacuet.

323 5810 638 5881 γινόμενον,
671 5806 764 5861 καὶ
801 5806 900 5873 τὴν
929 5804 1178 5873 γλῶσσαν
1208 5802 1280 5865 ὡς
1310 5803 1487 5868 ὀξεῖαν
1520 5803 1612 5853 καὶ
1643 5800 1717 5862 ὡς
1746 5798 1989 5873 δίστομον
2020 5803 2102 5856 ἀεὶ
2138 5804 2254 5856 κατ’
2288 5802 2467 5857 αὐτῶν
2495 5804 2767 5874 μάχαιραν
2801 5804 3051 5872 θήγοντα.
