4224 6464
377 401 509 470 ῙΞΠ

1424 413 1693 483 CAPITA
1738 423 1887 483 PER
1935 422 2581 486 ACROSTICHIDEM.

3483 424 3615 487 1978

365 531 617 600 νικήσας,
643 527 899 592 ὑποτάξαι
925 525 990 579 τά
1014 526 1124 580 δύω
1154 524 1231 596 τῷ
1262 525 1362 589 ἐνὶ,
1392 525 1515 595 ὅρος
1540 526 1789 595 ἀνδρείας
1818 526 1935 578 τότε
1970 537 2016 594 Α

1970 537 2016 594 Α
2046 534 2238 587 unitati
2294 534 2609 603 subiecerit,
2637 543 2767 588 tunc
2792 534 3130 589 fortitudinis
3179 535 3388 604 apicem
3422 536 3613 605 adepta

370 619 834 691 μεταποιούμενος
871 620 1006 690 πρὸς
1038 620 1172 672 Θεὸν
1204 618 1435 685 γίνεται.
1489 620 1548 670 El.
1599 619 1655 671 δὲ
1692 620 1938 690 ὑποταγῇ

360 716 481 775 ταῖς
508 713 660 765 δυσὶν
690 714 724 782 ἡ
756 711 924 783 ψυχὴ,
950 711 1219 783 ἁμαρτίᾳ,
1257 712 1419 781 φημὶ,
1448 712 1541 763 καὶ
1577 711 1759 780 σαρκὶ,
1788 712 1937 772 τέλος

362 806 573 859 ἐκεῖθεν
606 806 838 875 βάσανος
881 806 1019 875 αὐτῇ
1048 805 1266 871 ἀνιλεὴς
1310 805 1631 856 καθίσταται
1656 842 1669 864 ,
1708 803 1782 865 ὼς
1817 803 1937 854 δου-

361 899 600 971 λωθείσῃ
636 898 948 969 αὐθαιρέτῳ
976 895 1170 969 γνώμῃ
1195 899 1306 958 τοῖς
1337 898 1620 959 ἐναντίοις.
1658 894 1938 948 Ἐντεῦθεν

362 992 680 1059 πράττουσα
714 991 781 1042 τὰ
813 990 1086 1059 αἴσχιστα,
1120 990 1213 1042 καὶ
1254 990 1329 1052 ὡς
1364 989 1462 1059 τὴν
1492 989 1549 1054 ἐξ
1591 988 1802 1059 ἀρετῶν
1840 1006 1939 1043 κα-

359 1082 626 1134 τάστασιν
658 1082 1009 1146 ἀπολέσασα,
1062 1082 1408 1146 ἐκπέπτωκε,
1443 1081 1537 1133 τοῦ
1587 1080 1720 1134 Θεοῦ
1771 1100 1937 1152 χωρι-

364 1171 572 1229 σθεῖσα.

435 1261 525 1330 ρι’.
563 1264 780 1332 Κυρίως
812 1265 1028 1318 πάντων
1076 1264 1185 1315 τῶν
1213 1265 1399 1317 παθῶν
1440 1264 1549 1317 δύω
1582 1265 1688 1317 sici.
1730 1265 1939 1334 σκληρά

362 1356 457 1406 καὶ
490 1354 766 1422 βαρύτατα
814 1358 998 1424 πάθη,
1040 1357 1263 1425 πορνεία
1303 1358 1396 1410 καὶ
1449 1357 1665 1424 ἀκηδία,
1709 1358 1775 1408 τά
1818 1375 1941 1408 συν-

360 1445 553 1511 έχοντα
586 1449 682 1520 καὶ
706 1447 967 1500 ἐκλύοντα
1000 1449 1101 1517 τὴν
1137 1450 1480 1518 ταλαίπωρον
1517 1448 1722 1519 ψυχήν·
1752 1449 1937 1519 κοινήν

359 1535 720 1605 ἀλληλουχίαν
762 1536 953 1604 ἔχοντα
981 1538 1075 1589 καὶ
1131 1536 1391 1605 συζυγίαν
1420 1538 1665 1608 ἀλλήλοις
1688 1556 1700 1569 ·
1733 1538 1933 1590 δυσκα-

356 1628 652 1697 ταμάχητα
683 1628 811 1680 ὄντα
850 1630 942 1681 καὶ
981 1631 1244 1699 ἀήττητοι,
1282 1631 1374 1683 καὶ
1402 1630 1620 1693 τελείως
1656 1632 1745 1698 ὑφ’
1778 1631 1932 1702 ἡμῶν

356 1718 611 1786 ἀνίκητα.
652 1720 758 1771 Καὶ
782 1719 842 1771 τὸ
874 1721 971 1789 μὲν
1027 1721 1309 1784 πλεονάζει
1336 1722 1392 1773 ἐν
1422 1720 1500 1791 τῷ
1527 1721 1925 1791 ἐπιθυμητικῷ,

356 1812 605 1879 περιέχει
640 1810 696 1861 δὲ
730 1812 827 1879 τὴν
872 1810 1003 1881 ὓλην
1033 1804 1542 1882 φύσεικὶόιορίστως
1580 1813 1925 1881 ἀμφοτέρων,

354 1899 529 1967 λέγω,
571 1900 750 1968 ψυχῆς
807 1901 901 1953 καὶ
957 1898 1241 1969 σώματος,
1302 1899 1756 1969 συγκεκραμένην
1810 1890 1954 1968 ἔχον

353 1992 486 2063 ὅλην
529 1994 586 2044 ἐν
616 1992 759 2054 ὅλοις
800 1992 986 2061 μέλεσι
1012 1993 1107 2062 τὴν
1138 1992 1327 2062 ἡδονὴν
1362 1992 1531 2061 αὐτῆς
1554 2012 1566 2024 ι
1604 1994 1636 2063 ἡ
1668 1993 1756 2056 δὲ,
1792 1993 1923 2045 ἄνω·

354 2083 447 2137 θεν
485 2083 545 2136 τὸ
588 2085 919 2152 ἡγεμονικὸν
973 2083 1273 2155 κρατοῦσα,
1305 2084 1433 2153 ὅλην
1487 2083 1664 2154 ψυχὴν
1696 2083 1790 2136 καὶ
1833 2084 1935 2153 τὴν

353 2174 531 2242 σάρκα
581 2174 834 2244 καθάπερ
891 2176 1092 2245 σμίλαξ
1128 2177 1225 2245 ὅλη
1272 2176 1774 2245 περιλαμϐάνουσα,
1830 2194 1931 2228 νω-

2048 628 2362 681 conscendit
2401 630 2464 680 ad
2490 628 2656 681 Deum
2681 629 2879 681 anima.
2900 627 2957 681 Si
2992 643 3119 681 vero
3148 628 3400 682 dualitati
3434 632 3612 682 anima

2046 720 2383 785 subjiciatur,
2445 732 2667 786 peccato
2731 720 2987 773 videlicet
3052 732 3214 789 atque
3272 721 3443 781 carni,
3485 722 3611 774 imle

2046 811 2402 880 consequitur
2435 812 2535 876 ipsi
2571 820 2903 864 tormentum
2937 812 3167 875 immite,
3195 814 3267 865 ita
3320 822 3376 865 ιιι
3410 814 3617 880 rcdiga~

2047 912 2131 953 tur
2162 903 2261 955 sub
2295 902 2451 970 plena
2501 904 2849 955 inimicorum
2884 911 3171 969 potestate.
3205 902 3357 957 Unde
3410 906 3615 972 turpis:

2044 996 2176 1046 sima
2212 1005 2552 1062 perpetrans,
2584 1004 2636 1046 et
2690 995 2948 1065 dignitate
2997 995 3291 1051 virtutibus
3337 998 3614 1065 acquisita

2045 1088 2322 1149 excitlens,
2364 1087 2475 1140 Dco
2498 1086 2751 1140 orbatur.

2116 1264 2237 1318 110.
2273 1267 2408 1319 Ante
2447 1280 2636 1319 omnes
2678 1268 2959 1333 passiones
2998 1268 3115 1318 time
3150 1276 3272 1318 sunt
3307 1267 3613 1321 durissima:

2042 1365 2097 1409 et
2154 1358 2607 1423 profundissinue,
2635 1358 2842 1411 luxuria
2894 1359 3105 1411 Scilicet
3143 1366 3196 1410 et
3246 1360 3457 1417 acedia,
3493 1376 3613 1427 qua:

2044 1450 2293 1500 miseram
2360 1450 2643 1501 involvunt
2696 1464 2760 1503 ac
2823 1450 3128 1502 dissolvunt
3156 1451 3430 1510 animam,
3489 1468 3606 1504 ntu-

2044 1547 2302 1605 tuamque
2341 1540 2481 1591 inter
2517 1554 2574 1592 se
2606 1539 2804 1591 habent
2847 1540 3243 1593 connexioneut
3285 1549 3337 1592 et
3371 1543 3609 1593 net-essi-

2044 1632 2309 1692 tudiuetn,
2343 1646 2441 1683 nec
2478 1632 2706 1699 pugnari
2741 1632 3057 1698 superarive
3094 1643 3188 1683 aut
3220 1632 3427 1692 devinci
3458 1647 3486 1686 a
3518 1647 3614 1686 tto-

2044 1722 2126 1775 bis
2154 1721 2427 1774 ullatenus
2456 1732 2701 1789 possunt.
2735 1721 2893 1776 Prior
2947 1724 3167 1790 quidem
3210 1723 3450 1776 abundat
3475 1724 3525 1777 in
3559 1725 3611 1778 vi

2041 1813 2473 1881 concupiscibili,
2505 1821 2558 1865 et
2609 1821 2777 1866 totam
2826 1813 3211 1882 complectitur
3254 1814 3610 1869 substantiam

2040 1907 2323 1974 utriusque
2360 1914 2586 1966 naturae.
2618 1906 2810 1959 animae
2842 1906 3051 1959 scilicet
3084 1917 3245 1975 atque
3279 1909 3483 1970 carnis,
3518 1918 3599 1960 to-

2036 2009 2142 2054 tam
2197 2001 2424 2069 singulis
2464 2002 2665 2069 passim
2716 2002 2975 2054 membris
3010 2016 3161 2054 suam
3198 2002 3485 2054 insinuans
3517 2017 3608 2054 vo-

2032 2092 2292 2160 luptatem
2328 2109 2342 2160 ;
2378 2094 2644 2161 posterior
2689 2108 2818 2146 vero
2869 2095 3213 2161 superiorem
3266 2093 3607 2146 ratimralent-

2030 2201 2135 2255 que
2171 2198 2375 2254 partem
2434 2186 2741 2247 dominans,
2775 2195 2831 2239 el.
2886 2194 3051 2238 totam
3086 2195 3195 2239 t0ta
3245 2186 3479 2238 animam
3544 2193 3607 2237 et

354 2266 524 2336 οράν,
574 2270 667 2320 καὶ
724 2268 1127 2337 ἐκλελυμένην,
1185 2269 1278 2322 καὶ
1337 2269 1571 2338 πάρετον
1622 2268 1719 2339 τὴν
1770 2268 1929 2337 φύσιν
2017 2305 2022 2313 ς

2017 2292 2245 2333 carnem
2285 2280 2436 2345 quasi
2489 2277 2687 2331 hedera
2728 2276 3131 2345 circumligatus,
3174 2275 3404 2344 pigram,
3452 2278 3598 2329 desi-

350 2361 519 2412 ποιεῐ.
569 2359 955 2429 Ἐκὸἐόληνται
993 2360 1083 2423 δὲ,
1141 2360 1236 2412 καὶ
1288 2360 1348 2412 ού
1400 2359 1621 2421 τελείως
1659 2359 1930 2429 ἡττῶνται

353 2449 461 2517 πρὸ
491 2449 590 2517 τῆς
634 2451 909 2518 μακαρίας
941 2449 1230 2514 ἀπαθείας,
1268 2450 1473 2502 ὁπόταν
1502 2452 1535 2519 ὴ
1568 2449 1737 2519 ψυχὴ,
1765 2449 1932 2501 Ilvati-

354 2556 527 2609 ματος
584 2541 741 2608 ἀγίου
801 2542 1052 2610 εἰληφυῖα
1096 2541 1323 2611 δύναμιν
1370 2543 1428 2594 ἐν
1475 2544 1788 2611 προσευχῇ,
1831 2539 1929 2610 τὴν

351 2631 615 2686 ποιοῦσαν
649 2633 832 2686 ἄνεσιν
863 2635 1001 2705 αὐτῇ
1036 2636 1130 2687 καὶ⁵
1179 2616 1332 2703 ίσχῦν
1380 2637 1473 2688 καὶ
1514 2635 1736 2704 βαθεῖαν
1775 2635 1927 2705 είρή-

350 2741 449 2793 νην
493 2726 550 2776 ἐν
597 2728 794 2797 καρδίᾳ
818 2727 903 2780 διὰ
950 2728 1048 2795 τῆς
1081 2728 1313 2797 ἡσυχίας
1360 2729 1732 2798 εὐφραίνεται.
1778 2727 1925 2797 Αὕτη

350 2817 558 2886 ἐστὶνὴ
594 2818 757 2886 ἀρχὴ,
808 2819 902 2869 καὶ
943 2817 1172 2886 βασιλὶς,
1208 2818 1303 2870 καὶ
1336 2818 1521 2888 κυρία,
1558 2820 1651 2871 καὶ
1702 2819 1735 2887 ἠ
1779 2835 1928 2887 περι·

349 2909 544 2977 εκτικὴ
562 2910 669 2961 τῶν
690 2909 891 2979 ἡδονῶν
926 2912 1108 2981 ἡδονὴ,
1136 2914 1228 2963 καὶ
1254 2914 1285 2979 ἠ
1315 2912 1608 2981 σύντροφος
1637 2911 1804 2979 αὐτῆς
1826 2913 1926 2981 ῥα-

351 3003 523 3068 θυμία
565 3004 597 3069 ἡ
646 3005 768 3064 τοὺς
802 3006 1099 3071 τριοτὰτας
1131 3003 1222 3055 τοῦ
1261 3003 1462 3072 Φαραὼ
1507 3004 1840 3072 ἐπιφέρουσα
1863 3003 1923 3055 τὸ

347 3098 775 3164 ἀκαταμάχητον
805 3095 957 3163 ἆρμα
979 3113 993 3125 ·
1026 3097 1091 3147 δι’
1128 3076 1204 3148 ὧν
1238 3097 1291 3147 σί
1328 3098 1572 3165 ἀφορμαὶ
1593 3097 1701 3149 τῶν
1732 3095 1923 3147 παθῶν

344 3186 423 3255 τῷ
458 3187 558 3254 βίῳ
587 3189 699 3246 τοῖς
730 3185 931 3249 ἀθλίοις
962 3188 1092 3256 ἡμῖν
1120 3187 1461 3255 ἐπεισῆλθον.

421 3278 545 3349 ρια’.
593 3280 758 3350 Ἀρχὴ
795 3281 893 3349 τῆς
936 3282 1127 3349 νοερᾶς
1175 3282 1518 3351 προσευχῆς,
1557 3284 1587 3351 ἡ
1636 3282 1915 3348 ἐνέργεια,

345 3373 447 3426 εἴτ’
479 3372 572 3425 οῦν
605 3374 637 3443 ἡ
670 3373 973 3443 καθαρτικὴ
1012 3374 1106 3425 τοῦ
1140 3373 1455 3443 Πνεύματος
1479 3375 1727 3442 δύναμις.
1761 3374 1856 3425 καὶ
1882 3377 1915 3444 ἡ

348 3468 587 3538 μυστικὴ
618 3466 709 3521 τοῦ
737 3468 853 3530 νοὸς
895 3467 1171 3537 ἱερουργία
1201 3484 1213 3495 °
1255 3466 1444 3534 ὥσπερ
1476 3466 1618 3537 ἀρχὴ
1657 3466 1755 3534 τῆς
1788 3467 1919 3533 ἡσυ-

343 3562 490 3631 χίας,
536 3563 570 3631 ἡ
606 3559 807 3629 σχολή·
858 3560 1090 3628 μεσότης
1117 3558 1171 3610 δὲ
1198 3599 1212 3623 ,
1246 3561 1279 3627 ἡ
1323 3561 1623 3628 φωτιστικὴ
1689 3559 1919 3627 δύναμις

343 3654 442 3705 καὶ
479 3650 715 3721 θεωρία·
752 3651 847 3703 καὶ
899 3650 1072 3713 τέλος,
1118 3651 1151 3719 ὴ
1201 3650 1455 3712 ἔκστασις
1486 3650 1578 3702 καὶ
1623 3651 1655 3720 ή
1694 3650 1915 3719 ἁρπαγὴ

337 3744 435 3797 τοῦ
463 3744 579 3805 νοὸς
610 3743 747 3813 πρὸς
785 3743 938 3795 Θεόν.

411 3835 542 3905 ριβ¹.
591 3835 878 3904 Ἰερατεῖον
930 3834 1298 3903 πνευματικόν
1337 3835 1451 3886 ἐστι
1496 3835 1600 3904 πρὸ
1648 3833 1747 3903 τῆς
1787 3833 1915 3903 μελ-

336 3927 538 3997 λούσης
594 3927 734 3997 ύπὲρ
780 3926 905 3979 νοῦν
954 3926 1340 3989 ἀπολαύσεως,
1398 3925 1434 3996 ἡ
1468 3927 1631 3995 νοερά
1663 3927 1758 3979 τοῦ
1796 3927 1915 3990 νοὸς

334 4020 613 4090 ἐνέργεια,
662 4020 754 4071 τὸν
824 4018 1024 4088 ’Δμνὸν
1064 4019 1341 4089 μυστικῶς
1391 4021 1448 4071 ἐν
1491 4020 1771 4090 ἀρῤαϐὡνι
1817 4019 1911 4073 τοῦ

332 4111 473 4165 Θεοῦ
501 4113 558 4164 ἐν
582 4109 660 4180 τῷ
693 4110 791 4179 τῆς
823 4110 1003 4180 ψυχῆς
1032 4111 1405 4181 θυσιαστηρίῳ
1436 4112 1529 4165 καὶ
1572 4111 1913 4182 ίερουργοῦν-

331 4219 425 4266 τος
466 4202 561 4254 καὶ
616 4202 955 4272 μετέχοντος.
1010 4200 1238 4253 Ἐσθίειν
1292 4202 1347 4253 δέ
1389 4203 1505 4255 ἐστι
1558 4202 1649 4254 τὸν
1719 4202 1912 4271 Ἀμνὸν

331 4296 427 4348 τοῦ
479 4294 613 4346 Θεοῦ
649 4296 707 4347 ἐν
743 4294 820 4365 τῷ
852 4294 1023 4365 νοερῷ
1066 4293 1433 4364 θυσιαστηρίῳ
1462 4295 1562 4363 τῆς
1608 4296 1820 4364 ψυχης,
1847 4298 1908 4347 οὐ

331 4389 396 4441 τδ
427 4388 643 4455 νοῆσαι,
672 4388 704 4458 ἢ
738 4390 1031 4457 μετασχεῖν
1066 4387 1248 4456 μόνον,
1281 4387 1415 4439 ἀλλά
1449 4389 1541 4439 καὶ
1564 4388 1623 4438 τὸ
1653 4388 1909 4455 γενέσθαι

327 4480 405 4541 ὡς
451 4481 543 4531 τὸν
596 4480 649 4529 Ἀ
663 4478 791 4547 μνὸν
822 4480 960 4531 κατά
993 4478 1090 4547 τὴν
1133 4479 1412 4545 μόρφωσιν
1443 4480 1500 4528 ἐν
1527 4478 1603 4546 τῷ
1636 4479 1902 4545 μέλλοντι.

2029 2370 2149 2425 dem
2186 2385 2247 2423 ac
2272 2369 2586 2424 dissolutam
2618 2368 2794 2423 reddit
2823 2370 3081 2423 animam.
3117 2370 3485 2422 Retnoventur
3514 2383 3603 2422 au-

2031 2472 2139 2515 tern
2172 2461 2284 2525 illa,
2317 2476 2627 2530 quanquam
2676 2476 2784 2514 non
2837 2461 3057 2513 omnino
3103 2470 3433 2527 superantur
3472 2471 3597 2514 ante

2030 2554 2237 2608 beatam
2272 2554 2783 2621 impassibilitatem,
2833 2556 3049 2622 quando
3099 2554 3305 2614 anima,
3348 2568 3411 2606 ex
3463 2567 3590 2607 Ora-

2029 2648 2175 2701 tione
2198 2656 2487 2701 consecuta
2520 2645 2754 2711 Spiritus
2789 2646 2959 2697 sancti
2997 2644 3276 2704 virtutem,
3306 2659 3374 2697 ex
3427 2658 3602 2711 eaque

2027 2743 2220 2808 adepta
2281 2740 2522 2807 requiem
2563 2738 3043 2805 fortitudinemque
3073 2748 3128 2790 et
3162 2734 3481 2805 profundam
3516 2749 3600 2804 ρει-

2025 2849 2165 2896 cem,
2204 2833 2260 2886 in
2291 2832 2470 2885 cordis
2517 2817 2832 2899 quietudiue
2862 2829 3095 2881 laetatur.
3130 2828 3273 2893 Dux,
3308 2837 3361 2880 et
3390 2826 3602 2895 regina,

2025 2935 2077 2976 et
2111 2924 2349 2984 domina,
2380 2932 2433 2974 et
2494 2933 2667 2986 mater
2715 2922 3052 2989 voluptatum
3105 2920 3192 2973 illa
3251 2918 3489 2981 luxuria,
3545 2931 3601 2971 et

2026 3029 2211 3069 comes
2238 3015 2359 3081 ejus
2406 3014 2642 3081 pigritia,
2676 3013 2763 3065 hic
2790 3021 2872 3066 est
2925 3027 3122 3065 currus
3164 3008 3595 3077 inexpugnabilis

2029 3103 2233 3155 vehens
2260 3101 2559 3156 Pharaonis
2591 3101 2756 3154 duces
2792 3117 2807 3156 :
2845 3115 2941 3168 per
2968 3100 3088 3153 illas
3116 3100 3259 3152 enim
3289 3098 3600 3167 passionum

1952 3218 1995 3277 ο
2028 3195 2267 3262 impetus
2297 3194 2475 3246 .vitam
2513 3201 2757 3245 nostram
2786 3193 3145 3245 miserrimam
3180 3190 3417 3244 irruunt.

2097 3285 2221 3340 111.
2254 3286 2446 3339 Trahit
2485 3286 2749 3355 originem
2801 3286 3056 3339 mentalis
3099 3284 3277 3339 oratio
3308 3285 3375 3338 ab
3402 3299 3599 3355 opera-

2027 3378 2171 3432 tione
2199 3392 2293 3432 seu
2326 3378 2528 3431 virtute
2575 3378 2863 3446 purgativa
2907 3374 3165 3445 Spiritus,
3200 3385 3253 3430 et
3298 3392 3327 3429 a
3371 3377 3599 3447 mystico

2024 3470 2221 3523 mentis
2263 3468 2530 3523 sacriﬁcio
2560 3486 2573 3520 :
2599 3470 2741 3522 sicut
2771 3468 3095 3537 principium
3139 3470 3473 3536 quietudinis
3503 3478 3592 3522 est

2022 3561 2188 3614 animi
2235 3560 2565 3627 recollectio.
2601 3559 2835 3612 Medium
2877 3569 3057 3612 autem
3093 3559 3240 3614 illius
3284 3570 3367 3613 est
3408 3561 3581 3614 virtus

2022 3648 2372 3702 illuminativa
2404 3659 2457 3700 et
2490 3648 2918 3716 contemplatio;
2955 3647 3081 3701 finis
3125 3650 3343 3701 demum
3380 3660 3461 3701 est
3490 3664 3583 3702 ex-

2021 3754 2209 3793 cessus
2240 3746 2295 3791 et
2333 3749 2517 3808 raptus
2551 3739 2751 3793 mentis
2782 3739 2849 3791 ad
2885 3740 3072 3791 Deum.

2094 3830 2220 3885 H2.
2251 3830 2601 3900 lutelligibile
2644 3831 3019 3883 sanctuarimn
3051 3840 3157 3895 est,
3182 3840 3305 3883 ante
3339 3830 3596 3883 inintelli-

2020 3922 2236 3993 gibiletn
2270 3922 2507 3976 futuram
2568 3923 2981 3987 beatitudinem,
3015 3920 3317 3989 spiritualis
3348 3925 3596 3990 Operatio

2021 4015 2240 4079 mentis,
2276 4014 2489 4084 Aenum
2525 4015 2814 4086 mysticum
2846 4016 2897 4068 in
2948 4014 3040 4069 Dei
3084 4013 3288 4083 Spiritu
3330 4029 3492 4083 super
3515 4017 3594 4069 al-

2020 4108 2123 4162 tari
2184 4108 2381 4184 animat
2433 4107 2795 4163 sacriﬁcantis
2853 4113 2908 4159 et
2941 4105 3341 4176 participantis.
3373 4105 3593 4160 Mandu-

2019 4214 2144 4253 care
2170 4208 2349 4253 autem
2382 4212 2579 4267 agnum
2614 4198 2705 4250 Dei
2746 4197 3106 4266 spiritualiter
3137 4198 3188 4249 in
3221 4195 3415 4249 animm
3448 4196 3588 4250 alta-

2018 4294 2087 4355 ri,
2128 4306 2231 4346 nou
2274 4301 2358 4345 est
2402 4292 2550 4344 illum
2610 4290 2918 4359 intelligere
2957 4300 3051 4342 aut
3097 4289 3422 4357 participare
3465 4299 3588 4343 tan-

2019 4392 2155 4447 tutn,
2195 4383 2286 4436 sed
2330 4382 2380 4436 ei
2424 4382 2655 4435 similem
2698 4380 2866 4434 forma
2904 4379 3017 4432 ﬁeri
3057 4381 3108 4431 in
3144 4380 3325 4434 futuro
3354 4382 3575 4435 stnculo.

2017 4477 2151 4531 Nam
2180 4477 2267 4529 hic
2302 4476 2518 4545 quidem
2550 4475 2804 4537 rationes,
2830 4474 2922 4527 sed
2962 4474 3071 4527 illic
3123 4490 3208 4526 res
3260 4490 3408 4543 ipsas
3474 4490 3593 4547 my-

327 4570 471 4632 Τοὺς
499 4571 599 4639 μὲν
626 4571 736 4639 γάρ
754 4570 943 4637 λόγους
995 4569 1228 4622 ἐνταῦθα
1254 4611 1266 4633 ,
1300 4570 1367 4621 τὰ
1386 4569 1442 4621 δὲ
1470 4572 1771 4639 πράγματα
1801 4571 1907 4623 τῶν
1944 4565 1990 4624 D

1540 4572 1771 4639 νάγματα
1801 4571 1907 4623 τῶν
1944 4565 1990 4624 D
2016 4568 2307 4624 steriorum
2333 4581 2433 4621 nos
2454 4567 2885 4635 apprebettsuros
2909 4580 3208 4633 speramus.

328 4662 646 4732 μυστηρίων
678 4664 854 4713 ἐκεῖσε
888 4661 1183 4714 ἀπολαϐεῖν
1219 4660 1529 4729 ἐλπίζομεν.

402 4761 528 4822 ριγν.
565 4755 844 4824 Προσευχή
873 4754 1008 4816 ἐστι,
1044 4754 1195 4821 παρὰ
1227 4753 1325 4821 μὲν
1354 4754 1463 4813 τοῖς
1495 4753 1795 4822 ἀρχαρίοις,
1828 4753 1904 4815 ὠς

324 4847 443 4916 πῦρ
482 4844 820 4913 εὐφροσύνης
870 4845 978 4896 ἀπὸ
1022 4845 1245 4913 καρδίας
1291 4845 1710 4914 ἀναδιδόμενον*
1754 4847 1902 4917 παρὰ

321 4938 382 4990 δὲ
413 4938 525 4998 τοῖς
565 4935 828 5000 τελείοις,
875 4935 950 4998 ὡς
986 4935 1101 5002 φῶς
1155 4936 1447 4998 εύωδιάζον
1487 4936 1898 5005 ὲνεργούμενον.

328 5029 401 5081 Ἦ
456 5027 652 5080 πάλιν·
692 5028 972 5097 προσευχὴ
1023 5029 1169 5079 ἐστιν
1241 5028 1553 5080 ἀποστόλων
1602 5030 1898 5098 κήρυγμαο

318 5121 561 5181 πίστεως
595 5119 846 5189 ἐνέργεια
868 5134 881 5149 ·
920 5118 1121 5187 μᾶλλον
1146 5119 1224 5184 δὲ,
1264 5121 1447 5183 πίστις
1484 5120 1687 5190 ἀμεσος
1707 5139 1720 5152 ·
1748 5121 1900 5173 ἐλπι-

316 5213 568 5282 ζομένων
594 5212 892 5275 ὑπόστασις
912 5230 925 5244 ·
958 5214 1323 5285 ἐνεργουμένη
1358 5215 1549 5286 ἀγάπη
1574 5229 1589 5244 ⁸
1633 5214 1897 5282 ἀγγελική

320 5300 544 5367 κίνησις
569 5312 583 5326 ·
618 5296 846 5361 δύναμις
884 5294 1192 5360 ἀσωμάτων
1214 5311 1226 5323 ·
1278 5294 1436 5362 ἔργον
1475 5298 1565 5346 καὶ
1595 5298 1900 5366 εὐφροσύνη

324 5387 511 5443 αὐτῶν
539 5402 581 5463 '_
612 5384 946 5453 Εὑαγγέλιον
1009 5383 1144 5435 Θεοῦ
1168 5401 1182 5417 ο
1240 5384 1583 5452 πληροφορία
1635 5387 1861 5456 καρδίας
1888 5404 1901 5416 ο

328 5480 610 5550 σωτηρίας
646 5478 801 5541 ἐλπίς
822 5493 838 5509 ο
866 5476 1132 5544 ἁγνισμοῦ
1164 5480 1388 5546 σημεῖον
1454 5478 1738 5547 ἁγιότητος
1768 5480 1908 5548 σύμ-

330 5574 523 5626 6ολον·
576 5570 710 5625 Θεοῦ
751 5570 1081 5638 ἐπίγνωσις·
1136 5569 1511 5638 βαπτίσματος
1564 5572 1904 5640 φανέρωσις·

332 5661 565 5734 λουτροῦ
605 5661 906 5731 κάθαρσις⁹
957 5658 1273 5729 Πνεύματος
1319 5660 1474 5726 ἁγίου
1516 5660 1813 5731 ἀρραϐών·
1852 5662 1913 5713 τὸ

336 5756 431 5809 τοῦ
507 5754 677 5825 Ἰησοῦ
732 5754 1086 5821 ἀγαλλίαμαο
1143 5752 1452 5821 εὐφροσύνη
1501 5752 1708 5822 ψυχῆς*
1767 5753 1914 5815 ἔλεος

336 5844 476 5897 Θεοῦ
503 5861 515 5873 ’
546 5842 896 5908 καταλλαγῆς
918 5844 1140 5909 σημεῖον
1164 5859 1174 5871 ·
1202 5842 1437 5910 Χριστοῦ
1468 5843 1727 5911 σφραγίς’
1758 5845 1913 5907 ἀκτὶς

2091 4741 2222 4795 115.
2255 4740 2441 4795 Oratio
2493 4752 2575 4797 est
2620 4744 3005 4812 incipientibus
3029 4747 3170 4795 velut
3208 4744 3347 4811 ignis
3390 4744 3590 4797 laetitias

2015 4832 2081 4886 de
2115 4832 2279 4886 corde
2309 4834 2570 4895 emicans,
2602 4833 2857 4899 perfectis
2883 4849 3009 4885 vero
3046 4834 3196 4900 quasi
3226 4833 3317 4885 lux
3347 4848 3573 4887 suavem

2015 4925 2253 4979 fundens
2283 4927 2529 4979 odorem.
2566 4923 2658 4977 Vel
2698 4928 2876 4979 adhuc
2900 4927 3078 4978 oratio
3096 4935 3177 4977 est
3210 4925 3588 4991 Apostolorum

2016 5016 2345 5085 prtedicatio.
2381 5016 2503 5069 fidei
2547 5018 2808 5085 operatio,
2846 5032 2941 5070 seu
2971 5017 3151 5084 potius
3219 5015 3354 5068 ﬁdes
3394 5017 3587 5069 imme—

2015 5107 2181 5165 diata.
2212 5105 2601 5173 sperandarum
2634 5106 2942 5158 substantia
2974 5120 3180 5169 rerum,
3218 5104 3460 5158 cbaritas
3481 5103 3586 5156 for~

2016 5207 2182 5263 mata,
2210 5207 2386 5252 motus
2430 5198 2734 5265 angelicus,
2770 5197 3188 5265 incorporalium
3228 5196 3419 5259 virtus,
3449 5209 3585 5263 Opus

2014 5300 2070 5342 et
2116 5290 2395 5357 gaudium,
2423 5287 2781 5358 Evangelium
2833 5289 2949 5353 Dei,
2991 5290 3185 5342 ﬁducia
3220 5291 3419 5351 cordis,
3452 5304 3581 5357 spes

2013 5382 2225 5447 salutis,
2283 5380 2536 5449 puritatis
2591 5382 2827 5450 signum,
2884 5382 3188 5450 symbolum
3249 5381 3580 5446 sanctitatis,

2013 5474 2107 5527 Dei
2139 5472 2401 5540 cognitio,
2432 5474 2715 5525 cbarathr
2740 5472 3100 5542 baptismatis,
3128 5470 3399 5524 lavacrum
3426 5487 3579 5525 mun-

2014 5567 2182 5630 dans;
2233 5565 2426 5634 pignus
2473 5563 2709 5634 Spiritus
2771 5566 2971 5629 sancti,
3021 5563 3224 5618 Christi
3254 5564 3576 5629 exsultatio,

2014 5660 2193 5715 laetitia
2218 5662 2431 5722 aninne,
2459 5660 2549 5712 Dei
2583 5660 2974 5724 tttisericordia,
3005 5661 3217 5727 signum
3252 5656 3576 5712 reconcilia-

2016 5755 2198 5820 tionis,
2234 5753 2468 5821 sigillum
2509 5752 2733 5817 Christi,
2765 5754 2944 5806 radius
2978 5755 3106 5807 solis
3139 5752 3463 5819 spiritualis,
3490 5750 3573 5803 lu-

2013 5845 2146 5901 cifer
2202 5845 2468 5910 cordiutn,
2528 5842 2937 5899 fundamentum
2994 5843 3415 5910 Cbristianismi,
3481 5840 3574 5896 Dei
