4224 6464
636 423 771 487 1283

1853 407 2229 467 GilEGORll
2298 396 2621 463 SINMTA?

3712 383 3851 449 ιιει

633 537 880 603 exiguam
911 530 1073 585 vitam
1107 525 1367 583 divinitus
1420 535 1701 594 acceptam
1742 524 2017 584 amittens,
2055 535 2197 574 moro
2229 521 2277 581 Α

2229 521 2277 581 Α
2320 528 2504 600 καιροῦ
2556 523 2942 597 φαντάζεσθαι,
2994 522 3091 575 ἵνα
3128 522 3221 575 καὶ
3268 522 3377 591 τὴν
3413 520 3659 575 δοθεῖσαν
3732 522 3881 591 αὐτῷ

638 636 764 679 tuus
795 623 1016 676 omnino
1046 621 1155 674 fiat.
1190 618 1367 682 Quare
1396 625 1609 683 oportet
1642 628 1761 665 cum
1802 612 1969 663 multo
1995 607 2197 679 judicio

638 730 742 771 nec
770 712 1092 778 temporaria
1120 717 1243 762 ante
1274 717 1483 773 tempus
1509 717 1772 773 quarrere,
1807 717 1902 755 nec
1926 714 2044 769 quae
2073 710 2199 754 sunt

636 808 691 860 in
734 804 983 859 manibus
1021 800 1247 869 rejicere
1290 808 1347 850 ut
1397 796 1503 851 alia
1536 793 1927 864 prtestuhantur
1956 807 1970 848 :
2001 792 2197 859 quippe

641 897 949 952 intellectus
999 892 1253 961 praedicta
1286 888 1441 943 facile
1484 886 1587 942 sibi
1631 885 1979 951 imaginatur,
2013 892 2064 933 et
2095 880 2195 933 sibi

640 988 844 1055 ellingit
873 1000 989 1055 qua:
1026 985 1263 1038 nondum
1302 981 1497 1049 attigit.
1544 979 1669 1033 Ideo
1700 978 1853 1029 valde
1904 972 2196 1027 timendum

644 1090 726 1134 est
754 1095 819 1133 ne
860 1080 945 1132 hic.
973 1079 1208 1145 acceptis
1239 1076 1399 1127 etiam
1429 1074 1687 1141 privetur,
1713 1081 1765 1122 et
1799 1082 1864 1121 ne
1896 1076 2072 1119 mente
2100 1081 2197 1116 su:-

647 1169 769 1235 pius
816 1166 1059 1227 excidat,
1114 1164 1366 1231 deceptus
1422 1159 1805 1228 imaginatione
1856 1166 1909 1209 et
1963 1154 2197 1224 quit-tem

647 1259 785 1312 haud
823 1256 1113 1325 reperiens.

719 1434 837 1487 H9.
872 1433 1029 1488 Fides
1072 1448 1175 1485 non
1227 1431 1361 1493 sola,
1394 1428 1489 1484 sed
1523 1436 1579 1482 et
1608 1429 1727 1480 viva
1752 1426 2005 1495 operibus
2030 1427 2204 1479 oratio

647 1538 729 1579 est
764 1523 1118 1592 gratia.Fidcs
1152 1524 1291 1574 enim
1330 1535 1452 1572 vera
1482 1520 1644 1573 vitam
1675 1518 1767 1572 Dei
1799 1518 2003 1572 habens
2035 1518 2200 1570 mani-

649 1616 860 1680 festam,
895 1631 954 1667 ea
990 1623 1071 1667 est
1104 1628 1222 1681 quze
1257 1613 1519 1665 eharitatc
1571 1611 1831 1664 formatur
1874 1611 1925 1663 in
1963 1610 2151 1679 spiritu
2189 1624 2204 1664 :

651 1707 794 1758 unde
839 1703 1112 1757 contrario
1156 1710 1415 1753 mortuam
1446 1709 1498 1751 et
1533 1701 1816 1752 inanimem
1849 1700 2008 1753 habet
2043 1700 2198 1752 Iidem

651 1796 742 1862 qui
780 1809 884 1847 non
932 1802 1016 1846 est
1060 1806 1280 1860 operum
1333 1790 1432 1843 sibi
1477 1789 1749 1843 conscius.
1788 1788 1856 1840 At
1896 1788 2067 1841 ﬁdelis
2101 1803 2204 1838 non

656 1886 845 1939 merito
895 1885 1161 1937 diceretur
1211 1882 1299 1949 qui
1374 1896 1470 1934 ore
1526 1889 1686 1933 tenus
1732 1878 1996 1943 crederet,
2049 1877 2206 1930 fidem

654 1989 783 2028 vero
814 1990 915 2025 non
951 1972 1169 2025 haberet
1204 1968 1458 2036 operibus
1496 1968 1869 2021 mandatorum
1902 1966 1988 2019 vel
2017 1968 2207 2033 spiritu

656 2062 1021 2116 informatam.
1054 2058 1277 2126 Oportet
1308 2059 1468 2124 igitur
1504 2056 1642 2111 hanc
1674 2054 2022 2111 manifestare
2050 2056 2212 2123 proii-

658 2154 851 2207 ciendo
898 2152 951 2204 in
982 2149 1266 2217 Opct‘ibtis,
1318 2162 1545 2215 eamque
1590 2147 1840 2215 Operibus
1882 2145 2112 2199 lucidam
2159 2152 2214 2198 et

659 2243 914 2310 fulgidam
982 2244 1304 2301 ostendere,
1384 2246 1439 2289 ut
1504 2237 1578 2290 ait
1639 2236 1794 2290 divus
1856 2235 2143 2303 Apostolus
2195 2251 2213 2288 :

666 2354 685 2385 ε
722 2331 955 2387 Ostende
985 2330 1092 2382 mih
1144 2330 1297 2380 iidem
1327 2338 1468 2380 tuam
1492 2341 1555 2380 cx
1588 2326 1839 2392 operibus
1874 2324 1996 2387 tuis,
2026 2330 2082 2378 et
2117 2336 2218 2390 ego

662 2423 940 2476 ostendam
989 2420 1083 2473 tibi
1118 2433 1279 2485 Opera
1323 2432 1437 2471 mea
1473 2434 1536 2471 ex
1572 2416 1674 2471 fide
1710 2430 1829 2471 mea
1862 2416 1939 2481 “;
1971 2415 2098 2469 hinc
2127 2418 2219 2469 de-

666 2524 971 2569 monstrans
1002 2512 1253 2579 operibus
1288 2512 1659 2565 mandatorum
1692 2508 2025 2565 manifestari
2062 2507 2219 2561 fidem

666 2606 875 2675 gratiae,
912 2604 1050 2658 sicut
1098 2604 1231 2656 liunt
1259 2613 1311 2655 et
1353 2600 1621 2669 refulgent
1646 2616 1809 2668 opera
1843 2600 2221 2653 mandatorum

668 2713 761 2766 per
789 2697 974 2765 gratia:
1008 2694 1187 2749 fidem.
1225 2693 1382 2748 Fides
1421 2694 1563 2747 enim
1625 2702 1707 2747 est
1742 2692 1893 2745 radix
1942 2690 2222 2745 mandato-

673 2806 812 2853 rum,
862 2788 943 2839 vel
981 2790 1155 2854 potius
1188 2786 1307 2839 fons
1346 2798 1450 2852 quo
1496 2787 1736 2852 rigantur
1772 2793 1823 2836 et
1852 2780 2226 2846 crescttut.,l£t

674 2881 728 2935 iu
773 2880 879 2933 duo
907 2879 1201 2940 dividitur,
1234 2892 1423 2946 nempe
1473 2880 1523 2929 in
1575 2874 1963 2929 confessionem
2012 2885 2064 2927 ct
2108 2888 2229 2942 gia-

674 2975 826 3037 ιῖυυ,
856 2971 981 3024 licet
1013 2970 1081 3025 sit
1117 2980 1308 3024 natura
1338 2968 1694 3022 indivisibilis.

2320 620 2500 672 θεόθεν
2532 618 2732 687 μικρὰν
2764 616 3101 668 κατάστασιν
3128 612 3398 675 ἀπολέσας
3424 612 3616 681 νεκρὸς
3653 612 3717 663 εκ
3748 611 3883 662 πάν-

2320 726 2429 761 των
2459 710 2703 775 γένηται.
2741 704 2830 757 Διδ
2870 704 2975 774 χρὴ
3012 704 3147 771 μετά
3165 702 3365 769 πολλῆς
3401 702 3723 771 διακρίσεως
3745 702 3883 770 μήτε

2320 801 2388 853 τὰ
2414 799 2507 853 τοῦ
2539 798 2730 867 καιροῦ
2754 797 2934 867 ζητεῖν
2963 796 3069 865 πρὸ
3098 793 3316 863 καιροῦ,
3353 796 3491 863 μήτε
3520 793 3588 845 τά
3610 792 3665 844 έν
3696 792 3883 861 χερσὶν

2324 893 2648 945 ἀποϐάλλειν
2680 894 2771 943 καὶ
2799 888 2931 943 ἀλλα
2962 887 3323 956 φαντάζεσθαι
3346 902 3360 916 ·
3394 886 3551 953 φύσει
3578 885 3686 953 γὰρ
3708 884 3736 935 6
3759 882 3882 944 νοῦς

2325 984 2459 1055 πρὸς
2478 983 2544 1036 τά
2568 978 2937 1052 προειρημένα
2956 977 3193 1047 εὐχερῶς
3214 978 3325 1047 ἔχει
3343 977 3401 1029 τδ
3422 976 3881 1044 φαντασιοποιεῐν,

2323 1079 2416 1131 καὶ
2468 1077 2827 1132 ἀναπλάττειν
2892 1076 2985 1126 καὶ
3036 1071 3173 1133 εἰςά
3222 1074 3319 1124 οὐκ
3357 1069 3699 1139 ἔφθασε.Διὰ
3728 1068 3885 1121 τοῦτο

2325 1169 2487 1237 φόϐος
2516 1170 2575 1221 οὐ
2602 1167 2812 1238 μικρὸς,
2850 1166 2935 1218 ῐνα
2967 1164 3041 1233 μὴ
3066 1162 3283 1217 καὶτῶν
3302 1163 3562 1215 δοθέντων
3595 1163 3623 1213 6
3650 1157 3886 1219 τοιοῦτος

2241 1271 2257 1283 ⁸
2326 1258 2617 1328 ὑπερηθῇ,
2656 1257 2748 1310 καὶ
2774 1256 2872 1325 τὴν
2904 1256 3072 1324 φρένα
3103 1253 3358 1314 πολλάκις
3397 1252 3640 1321 ἀπολέσῃ
3673 1253 3885 1316 ἀπατη-

2326 1350 2460 1414 θεὶς,
2493 1346 2822 1417 φανταστὴς,
2858 1345 2953 1398 καὶ
2982 1345 3079 1413 οὐχ
3100 1342 3409 1412 ἡσυχαστὴς
3436 1343 3746 1409 γενόμενος.

2399 1442 2519 1512 ριθθ.
2552 1442 2724 1510 Χάρις
2778 1438 2839 1490 οὐ
2889 1436 3101 1506 μόνονή
3154 1437 3333 1496 πίστις
3377 1433 3543 1497 ἐστὶν,
3577 1432 3712 1485 ἀ).λά
3737 1433 3887 1500 καὶὴ

2330 1526 2691 1599 ἔνεργουμένη
2740 1523 3051 1593 προσευχή’
3105 1522 3289 1573 πίστιν
3336 1519 3443 1589 γὰρ
3495 1520 3755 1589 ἀληθινὴν
3788 1522 3886 1588 τὴν

2328 1620 2553 1691 ἔχουσαν
2578 1615 2676 1684 τὴν
2704 1613 2849 1681 ζωὴν
2877 1612 2969 1664 τοῦ
3013 1609 3187 1681 Ἰησοῦ
3235 1610 3642 1679 φανερουμένην
3679 1610 3890 1662 δείκνυ-

2330 1726 2434 1770 σιν,
2465 1709 2497 1776 ἠ
2524 1705 2591 1758 δι’
2621 1703 2838 1772 ἀγάπης
2867 1700 3237 1773 ἐνεργουμένη
3263 1700 3341 1768 τῷ
3365 1700 3632 1768 πνεύματι
3652 1717 3665 1731 ⁸
3696 1702 3892 1752 οὐκοῦν

2328 1800 2426 1869 τὴν
2460 1796 2727 1859 ἐναντίαν,
2771 1794 2863 1845 καὶ
2910 1793 3131 1861 νεκρὰν,
3161 1792 3255 1843 καὶ
3284 1790 3461 1853 άζωον
3502 1792 3763 1860 κέκτηται
3797 1792 3892 1844 πίο

2332 1908 2472 1950 στιν,
2508 1892 2536 1942 6
2573 1889 2649 1958 μὴ
2674 1882 3072 1955 ενεργουμένην
3107 1881 3261 1945 εἰδὼς
3296 1882 3466 1951 αὐτὴν
3496 1882 3694 1951 ἑαυτῷ.
3752 1883 3892 1935 Ἀλλ’

2330 1982 2447 2034 οὐδε
2497 1978 2683 2040 πιστὸς
2740 1972 2936 2042 λέγοιτ’
2969 1972 3033 2025 ἂν
3070 1971 3270 2042 κυρίως
3309 1967 3467 2037 εἴναι,
3516 1972 3546 2025 6
3576 1973 3719 2043 λόγῳ
3746 1974 3895 2043 μόνῳ

2330 2070 2469 2146 ψιλῷ
2500 2069 2788 2132 πιστεύων,
2820 2069 2916 2122 καὶ
2939 2068 3015 2138 μὴ
3038 2064 3436 2137 ἐνεργουμένην
3476 2064 3643 2135 αὐτὴν
3667 2068 3785 2128 ταῖς
3811 2067 3895 2118 εν-

2333 2162 2533 2224 τολαῖς,
2565 2160 2598 2231 ἢ
2643 2159 2721 2229 τῷ
2758 2158 3050 2227 πνεύματι.
3084 2156 3205 2227 Χρὴ
3233 2155 3522 2226 τοιγαροῦν
3555 2155 3896 2225 φανερουμέ-

2334 2271 2431 2321 νην
2466 2252 2633 2321 αὐτὴν
2664 2248 2927 2303 δεικνύειν
2961 2250 3079 2311 ταῖς
3102 2248 3407 2318 προκοπαῖς
3441 2245 3527 2299 διά
3551 2245 3663 2298 τῶν
3694 2245 3893 2314 ιργων,

2337 2344 2368 2411 ἢ
2405 2344 2513 2403 τοῖς
2543 2340 2723 2409 ῐργοις
2757 2336 3155 2408 ἐνεργουμένην
3185 2336 3241 2387 ὲν
3287 2334 3425 2400 φωτὶ
3454 2334 3549 2386 καὶ
3572 2332 3896 2401 λάμπουσαν

2336 2435 2499 2504 ἔχειν,
2534 2432 2712 2493 καθώς
2763 2446 2926 2499 φησιν
2974 2429 3001 2481 6
3050 2428 3190 2489 θεῖος
3234 2416 3592 2486 ’Λπόστολος·
3660 2442 3680 2475 ε
3715 2424 3897 2487 Δεῖξόν

2342 2540 2431 2592 μοι
2459 2521 2523 2574 σὺ
2556 2522 2653 2589 τὴν
2687 2520 2867 2571 πίστιν
2896 2535 2989 2570 σου
3023 2518 3086 2570 ὲκ
3119 2517 3226 2569 τῶν
3259 2517 3436 2586 έργων
3489 2531 3605 2578 σου,
3634 2512 3790 2580 κάγώ
3816 2530 3899 2564 σοι

2336 2614 2492 2678 δείξω
2525 2613 2591 2665 τά
2615 2612 2751 2680 ἔργα
2779 2627 2878 2679 μου
2904 2610 2969 2662 ὲκ
2990 2612 3087 2678 τῆς
3129 2606 3363 2669 πίστεώς
3400 2622 3525 2675 μου·
3573 2624 3591 2656 ι
3636 2604 3899 2657 δεικνύων

2338 2705 2604 2767 ἐντεῦθεν,
2658 2703 2741 2755 δτι
2770 2704 2834 2754 ὲκ
2865 2701 2972 2753 τῶν
3014 2701 3188 2769 ἔργων
3228 2698 3333 2752 τῶν
3374 2696 3603 2750 δντολῶν
3635 2693 3899 2765 φανεροῦ-

2337 2814 2427 2849 ται
2457 2798 2488 2863 ή
2514 2796 2610 2863 τῆς
2638 2794 2856 2863 χάριτος
2874 2790 3074 2852 πίστις,
3102 2788 3280 2851 καθὼς
3300 2787 3647 2856 ἐνεργοῦνται
3677 2789 3730 2839 αί
3755 2788 3903 2839 ἐντο-

2340 2886 2427 2940 λαὶ
2460 2886 2546 2938 διὰ
2576 2884 2671 2952 τῆς
2707 2886 2763 2935 εν
2802 2882 2982 2951 χάριτι
3030 2881 3263 2942 πίστεως
3291 2882 3385 2932 sui
3416 2881 3710 2947 λάμπουσι.
3752 2876 3903 2939 Ῥίζα

2342 2980 2451 3045 γὰρ
2496 2974 2603 3027 τῶν
2660 2973 2888 3025 ἐντολῶν
2914 2974 3058 3024 εστιν
3098 2974 3129 3039 ἡ
3168 2971 3377 3032 πίστις,
3419 2970 3618 3034 μᾶλλον
3663 2969 3715 3019 δὲ
3753 2972 3903 3037 πηγὴ

687 3062 822 3130 πρὸς
852 3060 1080 3131 αῦξησιν
1124 3060 1327 3122 ταύτας
1368 3058 1689 3130 ἁρδεύουσα.
1723 3059 1814 3120 Εἰς
1848 3057 1958 3110 δύο)
1985 3058 2356 3127 διαιρουμένη,
2423 3059 2714 3127 ὁμολογίαν
2766 3057 2861 3110 καὶ
2904 3058 3084 3125 χάριν,
3118 3056 3218 3107 κᾶν
3248 3052 3553 3122 ἀδιαίρετος
3582 3051 3745 3121 φύσει
3781 3053 3883 3105 πέ-

730 3170 879 3208 υκεν.

907 3230 1098 3299 lngens
1127 3241 1179 3286 et
1212 3232 1399 3300 exigua
1427 3231 1714 3301 brevisque
1746 3230 2064 3285 obedientiaa
2094 3231 2239 3283 scala

682 3324 917 3390 quinque
972 3323 1134 3377 habet
1178 3324 1375 3391 gradus
1422 3327 1485 3377 ad
1532 3321 1911 3391 perfectionem
1979 3320 2239 3376 ferentes.

684 3411 896 3465 Primus
926 3420 1007 3464 est
1050 3412 1395 3473 renuntiatio,
1429 3414 1697 3470 secundus
1726 3411 2015 3479 subiectio,
2049 3411 2242 3464 tertius

684 3502 1026 3567 ubedientia,
1072 3510 1296 3567 quartus
1342 3501 1651 3563 humilitas,
1707 3503 1926 3570 quintus
1971 3500 2240 3565 cbaritas,

686 3608 806 3661 quze
844 3602 927 3645 est
955 3592 1113 3646 Dens.
1146 3591 1494 3646 Renuntiatio
1533 3591 1799 3660 iacentem
1830 3593 1898 3645 ab
1930 3591 2117 3645 inferis
2148 3607 2243 3644 su-

690 3684 852 3736 scitat
878 3691 931 3733 et
977 3696 1197 3735 servum
1247 3680 1487 3735 materia:
1533 3681 1743 3735 liberat.
1779 3679 2056 3748 Subjectio
2085 3680 2245 3735 Chri-

688 3784 831 3826 stum
867 3770 1067 3838 reperit
1090 3772 1245 3839 eique
1277 3773 1568 3834 ministrat,
1599 3781 1653 3824 ut
1692 3774 1802 3839 ipse
1835 3772 1912 3825 ait
1943 3786 1958 3825 :
1989 3789 2008 3822 ι
2040 3769 2095 3825 Si
2128 3772 2245 3837 quis

692 3864 823 3917 mihi
860 3864 1148 3928 ministrat,
1185 3878 1269 3915 me
1313 3865 1578 3929 sequitur,
1611 3874 1664 3915 et
1694 3865 1781 3916 ubi
1816 3878 1934 3918 sum
1978 3877 2097 3931 ego,
2138 3860 2248 3913 illic

690 3964 745 4008 et
777 3953 1021 4007 minister
1056 3969 1207 4008 meus
1238 3954 1342 4007 erit
1368 3955 1432 4007 ι’,
1467 3972 1487 4005 ι
1522 3953 1623 4008 Ubi
1658 3963 1835 4006 autem
1862 3964 1943 4008 est
1966 3950 2250 4006 Christus?

694 4045 759 4097 ad
793 4043 1069 4098 dexteram
1104 4042 1281 4097 Patris
1324 4044 1533 4098 sedens.
1572 4042 1711 4113 Ergo
1741 4046 1826 4097 ubi
1872 4043 2146 4107 Dominus,
2178 4036 2248 4095 ibi

691 4144 774 4187 est
803 4142 850 4185 et
882 4133 1136 4196 famulus,
1170 4148 1373 4201 ponens
1419 4133 1605 4199 pedem
1659 4135 1722 4185 ad
1775 4135 2168 4197 ascensionem,
2197 4139 2250 4184 et

696 4226 1008 4293 priusquam
1057 4238 1268 4277 sursum
1307 4225 1533 4287 venerit,
1583 4224 1823 4277 moribus
1868 4238 1989 4276 cum
2034 4223 2252 4278 Christo

696 4314 1065 4368 conscendens
1087 4322 1140 4366 et
1163 4314 1470 4382 proﬁciens.
1490 4314 1806 4369 Obedientia
1830 4315 2079 4383 operibus
2105 4330 2253 4367 man-

698 4405 947 4458 datorum
998 4405 1219 4457 omnino
1270 4403 1554 4471 producta,
1597 4407 1795 4459 scalam
1857 4405 2149 4460 fabricatur
2186 4420 2251 4457 ex

2425 3236 2529 3302 ρκ’.
2574 3230 2637 3283 Ἦ
2695 3226 2886 3298 μικρά,
2925 3228 3017 3280 καί
3073 3226 3305 3297 μεγάλη,
3356 3228 3450 3279 καὶ
3509 3226 3771 3295 σύντομος
3804 3227 3914 3280 τῶν

2354 3320 2805 3390 ὑποτασσομένων
2851 3317 3053 3387 κλίμαξ
3111 3320 3270 3370 πέντε
3323 3316 3589 3387 βαθμίδας
3629 3318 3729 3379 τὰς
3774 3319 3912 3386 πρὸς

2354 3415 2664 3481 τελειότητα
2695 3412 2962 3481 φερούσας
3011 3410 3291 3477 κέκτηται.
3326 3407 3523 3478 Πρώτη
3569 3410 3602 3477 ἡ
3642 3409 3912 3479 ἀποταγὴ,

2356 3504 2579 3573 δευτέρα
2610 3505 2643 3573 ἠ
2673 3501 2940 3572 ὑποταγὴ,
2974 3500 3131 3569 τρίτη
3165 3502 3198 3568 ὴ
3238 3499 3473 3569 ὑπακοὴ,
3499 3500 3732 3569 τετάρτη
3757 3503 3789 3569 ἡ
3820 3516 3915 3552 τα-

2356 3594 2633 3655 πείνωσις,
2689 3591 2915 3660 πέμπτη
2944 3592 2977 3659 ἡ
3010 3590 3219 3657 ἀγάπη,
3315 3591 3462 3642 ἑστιν
3489 3591 3516 3641 6
3540 3589 3692 3653 Θεός.
3746 3591 3855 3643 Καὶ
3882 3591 3915 3657 ἡ

2360 3686 2458 3753 μὲν
2484 3683 2755 3752 ἀποταγὴ,
2798 3683 2861 3734 ὲκ
2886 3680 2979 3733 τοῦ
3008 3680 3135 3751 ᾇδου
3171 3680 3363 3746 ἀνάγει
3407 3679 3499 3731 τὸν
3526 3680 3796 3749 κείμενον,
3826 3680 3918 3731 καὶ

2355 3777 2447 3829 τὸν
2473 3774 2883 3844 δεδουλωμένον,
2907 3771 3003 3840 τῆς
3022 3771 3152 3839 ὕλης
3176 3771 3437 3841 ὲκνευροῐ.
3475 3770 3537 3822 Ἦ
3565 3771 3621 3823 δὲ
3645 3770 3919 3840 ὑποταγὴ,

2355 3868 2585 3937 Χριστδν
2608 3859 2755 3936 εῦρε.
2782 3864 2874 3916 καὶ
2913 3862 3087 3931 τούτῳ
3116 3862 3372 3924 διακονεῖ,
3411 3859 3487 3921 ὡς
3520 3860 3683 3922 αὑτός
3717 3877 3883 3929 φησιν
3906 3877 3919 3891 ’

2362 3977 2381 4008 ι
2429 3956 2624 4024 Ὀεμοὶ
2654 3953 2939 4017 διακονῶν,
2976 3953 3102 4022 ἐμοὶ
3126 3952 3437 4005 ἀκολουθεῖ*
3490 3952 3585 4004 καὶ
3625 3952 3761 4003 ὅπου
3806 3953 3923 4019 εἰμὶ

2358 4048 2489 4116 ἐγὼ,
2514 4048 2629 4099 ἐκεῖ
2657 4046 2747 4098 καὶ
2774 4047 2802 4097 6
2838 4045 3080 4105 διάκονος
3109 4044 3137 4095 6
3157 4043 3287 4112 ὲμδς
3317 4045 3489 4096 ἔσται.
3517 4062 3535 4095 s
3563 4041 3673 4095 Ποῦ
3692 4042 3749 4095 δέ
3776 4044 3925 4095 ἐστιν

2357 4141 2385 4190 6
2422 4138 2692 4207 Χριστόςς
2727 4136 2816 4187 Ἐν
2848 4133 2997 4204 δεξιᾷ
3022 4135 3114 4185 τοῦ
3147 4132 3356 4202 [ἰατρὸς
3398 4133 3749 4202 εφεζόμενος.
3782 4134 3925 4186 06x-

2358 4230 2450 4282 οῦν
2484 4230 2601 4281 εκεῖ
2627 4228 2706 4281 δεῖ
2732 4222 2869 4279 εἶναι
2899 4226 2990 4278 καὶ
3022 4225 3115 4277 τὸν
3146 4223 3413 4286 διάκονον,
3444 4224 3577 4276 ὅπου
3617 4224 3709 4275 καὶ
3742 4225 3768 4274 6
3810 4223 3927 4276 δια-

2362 4319 2517 4374 κονού
2527 4336 2705 4389 μενος,
2735 4317 3065 4380 έπιϐιϐάζων
3083 4317 3171 4368 τδν
3191 4316 3323 4367 πόδα
3349 4317 3482 4384 πρὸς
3522 4318 3619 4385 τὴν
3640 4316 3924 4369 ἀνάϐασιν·

2359 4411 2394 4481 ἢ
2426 4413 2531 4481 πρδ
2560 4409 2654 4462 τοῦ
2690 4409 2930 4462 ἀνελθεῖν
2964 4410 3073 4469 τοῖς
3097 4408 3340 4474 τρόποις,
3370 4406 3589 4477 Χριστῷ
3621 4407 3928 4471 συναναϐὰς

700 4496 885 4548 multis
908 4496 1219 4560 virtutibus,
1246 4510 1445 4564 easque
1468 4497 1612 4549 velut
1634 4498 1975 4551 ascensioncs
1999 4498 2049 4551 in
2076 4496 2253 4549 anima
2288 4505 2331 4560 ι)
2363 4519 2368 4552 τ

2288 4505 2331 4560 ι)
2363 4502 2456 4553 καὶ
2483 4498 2962 4568 συνανερχόμενος.
3007 4497 3068 4548 Ἡ
3096 4496 3150 4548 δὲ
3178 4496 3390 4564 ὑπακοὴ
3417 4496 3781 4566 ἐνεργουμένη
3808 4498 3925 4557 ταῖς

700 4586 961 4653 disponit.
994 4584 1142 4642 Hanc
1189 4588 1381 4641 deinde
1422 4588 1489 4641 ab
1524 4587 1611 4640 illa
1656 4587 1932 4656 excipiens
1979 4587 2261 4641 exaltatrix
2362 4592 2368 4642 ι

2254 4603 2261 4640 L
2362 4590 2599 4652 ενωλαῖς
2629 4588 2821 4649 διόλου,
2852 4588 3121 4640 τεκταίνει
3153 4587 3250 4656 τὴν
3272 4585 3513 4655 κλίμακα
3556 4586 3619 4638 ὲκ
3650 4585 3922 4655 διαφόρων

701 4677 1001 4740 humilitas,
1035 4687 1087 4730 et
1122 4680 1185 4731 ad
1235 4680 1429 4731 caelum
1487 4682 1806 4745 provcbeus,
1864 4679 2058 4747 reginae
2090 4679 2263 4732 virtu-
2362 4699 2369 4733 ι

2253 4706 2263 4720 ι
2362 4680 2696 4748 ἀρετῶν,καὶ
2722 4677 2924 4740 ταύτας
2945 4676 3018 4740 ὡς
3046 4676 3333 4737 ἀναϐάσεις
3389 4678 3446 4727 ὲν
3472 4677 3536 4745 τῇ
3581 4676 3725 4745 ψυχῇ
3755 4675 3921 4727 διατί-

705 4780 816 4822 tum
848 4770 1095 4822 charitati
1128 4770 1309 4832 tradit,
1336 4779 1386 4821 el
1417 4770 1634 4824 Christo
1661 4771 1876 4825 adducit
1904 4780 1958 4824 et
1985 4770 2161 4824 offert.
2194 4770 2260 4825 Et
2365 4770 2373 4822 Ι

2250 4779 2260 4824 ι
2365 4770 2542 4825 θεῖαι·
2566 4769 2631 4835 εξ
2654 4764 2719 4838 ἦς
2752 4771 2785 4839 ἠ
2827 4766 3084 4835 ὑψοποιδς
3128 4767 3457 4827 ταπείνωσις
3497 4765 3686 4817 τοῦτον
3716 4764 3918 4817 ἀναλα-

704 4857 783 4909 sic
811 4871 903 4924 per
932 4857 1143 4908 brevem
1175 4859 1370 4910 scalam
1400 4858 1557 4912 facile
1583 4860 1647 4911 ad
1673 4861 1868 4913 malum
1900 4860 2143 4915 ascendit
2166 4860 2257 4929 qui

707 4962 830 5001 vere
863 4946 1119 4999 obediens
1149 4960 1248 5001 est.

2370 4855 2555 4915 ϐοῦσα,
2589 4855 2677 4906 καὶ
2694 4853 2898 4907 ἀνωθεν
2922 4853 3158 4923 φέρουσα
3193 4849 3327 4920 πρὸς
3367 4848 3613 4919 οὐρανὸν,
3671 4849 3738 4916 τῇ
3777 4846 3928 4917 βασι·

2367 4946 2469 4996 λίδι
2496 4945 2602 4996 τῶν
2654 4944 2863 5011 ἀρετῶν
2892 4944 3079 5012 ἀγάπῃ
3120 4942 3335 4995 δίδωσιο
3371 4941 3465 4993 καὶ
3502 4937 3723 5006 Χριστῷ
3757 4953 3929 5005 προσ-

723 5031 1018 5097 αγαγοῦσα.
1061 5032 1382 5102 παρίστησι.
1413 5028 1519 5083 Καὶ
1549 5026 1710 5093 οὕτω,
1735 5025 1823 5078 διά
1855 5023 1951 5091 τῆς
1984 5025 2247 5093 συντόμου
2280 5024 2567 5093 κλίμακος,
2597 5025 2830 5087 εὐκόλως
2856 5026 2991 5093 πρὸς
3034 5027 3262 5094 οὐρανὸν
3285 5023 3573 5093 ἀνέρχεται
3605 5023 3635 5075 6
3664 5023 3724 5074 εν
3773 5021 3914 5090 ἀλη-

723 5126 843 5193 θείᾳ
885 5127 1341 5193 ὑποτασσόμενος.

786 5218 900 5269 121.
925 5215 1240 5285 ,Et‘brevior
1267 5215 1331 5268 ad
1366 5229 1584 5283 regnum
1615 5215 1870 5269 caelorum
1897 5229 1992 5282 per
2013 5213 2260 5281 exiguam

2439 5222 2574 5295 ρκα’.
2602 5218 2976 5287 Συντονωτέρα
2995 5216 3107 5279 όδδς
3141 5213 3276 5282 πρὸς
3298 5213 3364 5266 τά
3393 5210 3504 5264 ἀνω
3539 5206 3804 5277 βασίλεια,
3841 5204 3924 5295 διὰ

715 5311 970 5362 virtutum
994 5306 1194 5371 scalam
1228 5321 1327 5358 non
1361 5313 1442 5358 est
1476 5306 1580 5369 via,
1611 5321 1768 5373 qttam
1803 5305 2002 5357 ablatio
2020 5303 2267 5372 quinQue
2365 5334 2383 5369 ιι

2258 5319 2267 5354 ι
2365 5316 2461 5384 τῆς
2500 5315 2698 5383 μικρᾶς
2727 5311 2992 5377 κλίμακος
3020 5306 3126 5359 τῶν
3146 5302 3354 5376 ἀρετῶν
3387 5302 3486 5353 οὐκ
3511 5300 3653 5352 ἐστιν
3676 5294 3926 5364 ἀλλη.ὼς

719 5400 966 5453 vitiorum
1001 5397 1315 5451 obedientia'
1351 5398 1738 5465 oppositorum,
1769 5411 1885 5465 qua:
1919 5404 2045 5448 sunt
2085 5395 2270 5446 inube-

2366 5408 2396 5471 ἡ
2422 5404 2528 5456 τῶν
2559 5402 2714 5454 πέντε
2741 5402 2836 5469 τῆς
2858 5398 3101 5465 ὑπακοῆς
3131 5391 3518 5461 ἀντικειμένων
3541 5386 3730 5441 παθῶν
3767 5385 3911 5438 ἀναίο

722 5487 953 5552 dientia,
1002 5486 1391 5549 contradictio,
1446 5486 1497 5537 iu
1547 5501 1603 5539 se
1655 5486 2069 5553 complacentia,
2119 5498 2270 5535 amor
2372 5515 2390 5564 ρ

2258 5498 2270 5533 Γ
2372 5512 2536 5564 ρεσις·
2563 5493 2864 5561 παρακοῆς,
2886 5488 3051 5558 φημὶ,
3073 5487 3165 5540 καὶ
3189 5477 3926 5564 ἀντιλογίας,αὒταρεσκείας

724 5576 924 5647 proprii
948 5574 1155 5646 judicii,
1191 5583 1243 5630 et
1277 5574 1490 5628 funesta
1521 5575 1808 5643 superbia:
1836 5575 1947 5627 haec
1977 5580 2100 5627 sunt
2130 5573 2269 5625 enim

2262 5588 2269 5623 ¹
2368 5560 2427 5640 τε
2457 5588 2550 5640 καὶ
2598 5560 2987 5652 δικαιώματος,
3019 5580 3110 5632 καὶ
3138 5576 3238 5646 τῆς
3272 5572 3516 5644 ὀλεθρίου
3553 5573 3801 5640 οίήσεωςο
3834 5560 3930 5623 αῦ-

799 5762 833 5795 ¹¹
870 5760 981 5818 Jac.
1018 5777 1076 5823 ll,
1112 5758 1196 5814 18.
1272 5759 1487 5814 "Joan.
1524 5771 1619 5821 xu,
1649 5756 1740 5810 26.
