4224 6464
370 346 512 417 1285

1416 357 1688 417 CAi‘lTA
1735 358 1883 417 PER
1936 356 2590 430 ACROSTICIIIDEM.

3478 378 3616 443 1286

359 491 447 527 ται
485 474 592 544 γάρ
628 472 733 526 stat
764 472 902 543 μέλη
934 471 1027 527 καὶ
1069 469 1211 540 μέρη
1252 467 1345 524 τοῦ
1382 467 1717 539 ἀφηνιαστοῦ
1752 466 1930 537 δαίμο-

2042 481 2280 532 membra
2334 491 2387 534 ct
2442 492 2626 550 partes
2663 482 2879 540 rebellis
2926 486 3210 553 daemonii,
3250 490 3340 558 qui
3390 490 3621 550 devorat.

359 585 471 630 νος,
501 565 594 620 :06
628 564 1025 627 κατατείνοντος
1056 564 1182 626 τοὺς
1200 562 1387 624 νόθους
1414 562 1524 614 τῶν
1548 560 1827 628 ὑπηκόων,
1844 559 1939 613 καὶ

356 659 827 741 παραπέμποντος
851 659 918 729 τῇ
950 656 1175 725 ἀδύσσῳ
1204 653 1281 725 τῷ
1308 653 1584 725 δράκοντι.
1619 654 1728 707 Καὶ
1769 654 1802 721 ἡ
1841 651 1938 721 μὲν

359 751 616 821 παρακοή
684 751 802 803 ἐστι
843 747 904 801 :6
953 745 1050 800 :06
1080 746 1207 817 ᾅδου
1245 745 1453 816 στόμα·
1480 746 1514 814 ἡ
1550 744 1603 795 δὲ
1638 742 1934 810 ἀντιλογία,

355 845 388 913 ἡ
416 842 641 907 γλῶσσα
694 839 861 894 αὐτοῦ
916 839 991 904 ῶς
1049 837 1198 903 ὀξεῖα
1233 837 1571 908 μάχαιρα·ἠ
1612 836 1667 887 δὲ
1706 832 1941 902 αὕταρέ-

352 950 535 997 σκεια,
574 932 785 993 ὀδόντες
815 930 979 985 αὐτοῦ
1007 928 1337 999 ἡκονημένοι
1362 946 1373 958 ·
1409 925 1546 979 τὸδὲ
1590 924 1884 992 δικαίωμα,
1910 920 1939 973 6

351 1024 537 1098 Θώραξ
558 1023 761 1078 αὑτοῦ·
815 1023 850 1094 ἡ
882 1022 937 1075 δέ
988 1020 1305 1081 διάπνευσις
1356 1019 1452 1086 τῆς
1498 1016 1938 1087 παμφάγουγα-

352 1120 517 1191 ατρὸς
552 1115 741 1178 αὑτοῦ,
793 1115 828 1186 ὴ
859 1114 995 1183 πρὸς
1022 1114 1111 1166 τὸν
1138 1112 1271 1183 ᾅδην
1313 1110 1716 1181 προπέμπουσα
1739 1108 1935 1177 οἴησις.

354 1215 547 1275 Ὅστις
573 1210 630 1264 δὲ
662 1208 720 1262 :6
752 1207 968 1278 πρῶτον
996 1205 1083 1258 διά
1107 1204 1205 1273 τῆς
1239 1202 1485 1272 ὑπακοῆς
1508 1202 1654 1271 νικᾷ,
1684 1199 1752 1252 τὰ
1777 1195 1938 1251 λοιπά

350 1307 440 1374 ὑφ’
478 1305 535 1358 ἐν
580 1298 900 1371 περιέκοψε,
933 1300 1026 1352 καὶ
1068 1299 1148 1361 είς
1208 1296 1473 1367 οὐρανοὺς
1534 1288 1623 1347 διὰ
1666 1292 1764 1361 τῆς
1808 1291 1938 1361 μιᾶς

352 1396 614 1467 βαθμίδος
668 1394 833 1460 ὀξέως
861 1390 952 1445 άνέ
964 1405 1170 1460 ρχεται.
1195 1387 1391 1456 Θαῦμα
1413 1386 1467 1439 δὲ
1497 1386 1686 1448 ὅντως,
1711 1382 1805 1435 καὶ
1830 1380 1938 1433 τῶν

349 1492 609 1563 ἀρρήτων
636 1488 719 1553 ὃν,
751 1488 845 1541 καὶ
870 1486 1186 1551 ἀνέφικτον,
1222 1483 1313 1536 καὶ
1349 1480 1507 1534 τοῦτο
1562 1482 1589 1532 6
1631 1476 1937 1547 φιλάνθρω-

351 1600 451 1647 πος
491 1583 651 1654 ἡμῶν
682 1579 948 1648 πεποίηκε
981 1576 1209 1646 Κύριος,
1246 1575 1327 1637 :6,
1364 1572 1451 1627 διά
1478 1574 1605 1642 μιᾶς
1634 1568 1859 1639 ἀρετῆς,
1902 1566 1934 1636 ἦ

352 1676 559 1746 μᾶλλον
584 1674 878 1743 ἐπιταγῆς,
913 1670 1157 1742 ἀχρόνως
1184 1671 1263 1731 είς
1292 1667 1555 1739 οὐρανοὺς
1589 1661 1934 1733 ἀνέρχεσθαι,

347 1768 541 1837 ὥσπερ
571 1766 666 1820 καὶ⁵
691 1764 779 1818 διὰ
802 1764 930 1834 μιᾶς
963 1759 1245 1833 παρακοῆς
1273 1758 1354 1822 είς
1385 1757 1476 1810 τὸν
1503 1754 1639 1827 ᾅδην
1656 1751 1936 1827 ,κατήλθο-

352 1875 456 1929 μεν
483 1857 577 1911 καὶ
608 1872 741 1911 κατε
752 1853 1010 1926 ρχόμεθα.
1628 1852 1631 1855 ’
1657 1896 1665 1904 .

423 1949 566 2021 ρκβ¹.
588 1948 801 2016 Ὥσπερ
835 1944 991 2008 ἄλλος
1015 1943 1219 2014 κόσμος
1247 1941 1422 2004 διττὸς
1454 1941 1483 1994 6
1512 1933 1936 2009 άνθρωπος,καὶ

348 2042 538 2105 καινὸς
583 2022 940 2110 ὀνομάζεται,
993 2034 1136 2089 κατά
1170 2034 1261 2089 τδν
1305 2033 1448 2087 θεῖον
1487 2029 1814 2085 ’Δπόστολον
1843 2024 1937 2081 τὸν

344 2135 575 2188 εἰπόντα
595 2149 610 2165 ο
641 2151 660 2184 ι
694 2132 756 2185 Et
780 2147 866 2193 :t;
891 2131 949 2182 ἐν
977 2126 1199 2201 Χριστῷ
1220 2126 1383 2196 καινὴ
1413 2124 1609 2188 κτίσις.
1641 2140 1661 2175 ι
1690 2120 1803 2175 Καὶ
1824 2118 1931 2190 γάρ

346 2227 441 2280 καὶ
469 2223 722 2293 οὐρανὸς,
755 2223 850 2275 καὶ
881 2220 976 2290 γῆ.
1010 2218 1105 2272 καὶ
1138 2220 1319 2272 πάντα
1350 2217 1452 2269 ὅσα
1476 2216 1504 2270 6
1536 2213 1763 2284 κόσμος,
1787 2212 1816 2265 ό
1838 2210 1931 2265 άν-

344 2318 566 2389 θρωπος
618 2314 829 2385 γίνεταί
877 2329 935 2366 τε
990 2311 1133 2365 κατά
1183 2310 1387 2381 ἀρετὴν
1416 2306 1512 2361 καὶ
1558 2302 1927 2377 όνομάζεται’

345 2414 491 2483 ὑπὲρ
510 2405 571 2466 οὗ
604 2412 751 2472 ἀπας
776 2408 932 2476 λόγος
955 2407 1050 2460 καὶ
1084 2404 1231 2461 άπαν
1256 2403 1579 2476 μυστήριον,
1609 2401 1684 2467 ὥς
1707 2417 1877 2474 φησιν
1901 2402 1931 2456 6

343 2504 629 2572 Θεολόγος.
686 2498 904 2570 Ἐπειδὴ
943 2498 1053 2570 γὰρ
1091 2514 1110 2548 ε
1147 2496 1248 2565 τὴν
1301 2495 1478 2565 πάλην
1511 2492 1669 2565 ἡμῶν
1700 2486 1840 2547 εἶναι
1867 2489 1930 2545 οὐ

344 2597 483 2670 πρὸς
523 2591 665 2665 αἷμα
698 2593 795 2648 καὶ
848 2592 1052 2661 σάρκα,
1086 2588 1223 2644 ἀλλά
1265 2587 1402 2659 1:96;
1436 2587 1532 2652 τὰς
1564 2584 1760 2657 ἀρχὰς,
1792 2583 1929 2654 πρὸς

342 2690 444 2754 τὰς
480 2686 731 2753 ἐξουσίας
756 2684 853 2738 τοῦ
888 2683 1111 2746 σκότους
1149 2680 1243 2734 :06
1294 2680 1490 2743 αίῶνος
1540 2679 1755 2740 τούτου,
1790 2680 1928 2746 πρὸς

342 2783 414 2838 τά
439 2765 789 2849 πνευματικά
819 2776 915 2847 τῆς
936 2775 1199 2846 πονηρίας
1224 2776 1295 2827 ,ἐν
1316 2776 1429 2836 τοῖς
1469 2771 1812 2840 ἐπουρανίοις
1833 2766 1929 2821 :06

344 2875 607 2945 ἄρχοντος
641 2870 738 2923 τοῦ
778 2871 966 2938 ἀέρος,
1033 2885 1052 2919 ι
1107 2865 1203 2919 τοῦ
1272 2864 1593 2919 Ἀποστόλου
1629 2864 1927 2933 φήσαντος,

344 2964 607 3036 ἁρμόδιον
635 2958 778 3015 εἶναι
800 2960 876 3025 ὡς
906 2962 987 3023 εἰς
1027 2958 1231 3028 κόσμον
1266 2957 1426 3013 ἄλλον
1480 2957 1655 3027 μέγαν
1698 2957 1799 3026 τῆς
1830 2953 1931 3023 φύ-

345 3072 485 3118 σεως
512 3054 621 3107 τῶν
645 3050 894 3123 ψυχικῶν
933 3049 1092 3122 ἡμῶν
1138 3048 1423 3119 δυνάμεων
1451 3041 1591 3100 εἶναι
1620 3047 1747 3109 τοὺς
1774 3046 1926 3099 ἀντιο

343 3145 678 3208 παλαίοντας
701 3145 835 3213 ἡμῖν
883 3139 1141 3214 κρυπτῶς
1162 3158 1175 3172 ο
1210 3139 1350 3194 κατά
1383 3138 1492 3194 τῶν
1536 3137 1703 3209 τριῶν
1734 3136 1844 3209 γὰρ
1877 3137 1931 3191 ot
1947 3173 1991 3233 ο

340 3241 495 3310 τρεῖς
547 3238 811 3307 ἄρχοντες
860 3236 973 3297 τοῖς
1011 3234 1343 3302 ἀγωνισταῖς
1389 3227 1928 3300 ἀντικαθιστάμενοι,

341 3328 799 3400 ἐκστρατεύουσι,
828 3325 922 3379 καὶ
940 3324 1065 3379 καθ’
1098 3324 1126 3377 ὃ
1171 3323 1237 3377 ἂν
1267 3322 1541 3393 προέκοψέ
1585 3338 1688 3386 τις.
1720 3319 1817 3377 καὶ
1846 3320 1929 3382 είς

337 3425 479 3496 ὅπερ
533 3421 850 3494 ἐργάζεται,
905 3419 995 3473 ὑπ’
1031 3417 1214 3474 αὐτῶν
1251 3415 1588 3485 πολεμεῖται.
1633 3414 1795 3468 Καὶό
1824 3411 1928 3485 μιν

336 3516 556 3588 δράκων
593 3515 622 3567 6
648 3514 831 3585 ἄρχων
864 3512 963 3579 τῆς
989 3510 1251 3575 ἀϐύσσου,
1289 3508 1424 3579 πρὸς
1452 3508 1581 3572 τοὺς
1611 3505 1927 3578 καρδιακῶς

336 3607 713 3678 προσέχοντας
758 3602 1141 3675 ἐκστρατεύων
1176 3601 1478 3665 ἐνίσταται,
1524 3600 1602 3662 ὡς
1654 3599 1793 3671 πρὸς
1826 3599 1927 3669 τὴν

336 3699 512 3767 ὀσφὺν
562 3694 662 3765 τῆς
695 3693 996 3765 ἐπιθυμίας
1040 3691 1139 3747 καὶ
1193 3688 1289 3744 :06
1332 3688 1582 3761 ὀμφαλοῦ
1615 3690 1717 3761 τὴν
1772 3689 1926 3760 ἰσχὺν

337 3788 502 3859 ἔχων,
533 3787 630 3841 καὶ
656 3784 746 3839 διὰ
784 3784 878 3838 τοῦ
908 3783 1008 3854 τῆς
1029 3781 1203 3853 λήθης
1232 3781 1482 3851 ἐνηδόνου
1518 3780 1793 3851 γίγαντος,
1824 3779 1925 3843 τὰς

337 3879 644 3941 καυστικάς
663 3876 774 3933 τῶν
798 3876 1214 3947 πεπυρωμένων
1236 3874 1404 3946 βελῶν
1424 3875 1683 3945 δυνάμεις
1711 3873 1925 3927 ἀκοντί-

336 3973 450 4039 ζων
478 3973 687 4039 αὐτοῖς,
717 3970 909 4040 ὥσπερ
932 3968 1210 4024 θάλασσαν
1231 3967 1423 4037 ἀλλην,
1454 3967 1552 4022 καὶ
1568 3967 1805 4022 ἄϐυσσον
1826 3966 1925 4037 τὴν

335 4059 642 4133 ἐπιθυμίαν
663 4058 826 4131 ἐχων,
853 4057 1048 4124 δύνων,
1077 4058 1172 4112 καὶ
1200 4057 1410 4128 ῑρπων,
1440 4057 1536 4112 καὶ
1568 4057 1925 4130 ἐκταράττων

334 4154 510 4226 αὐτὴν
540 4153 637 4210 καὶ
661 4152 933 4225 ἀφρίζων,
963 4148 1184 4217 ἀναζίει
1216 4151 1385 4219 αὐτὴν
1405 4191 1420 4216 ,
1450 4150 1545 4205 καὶ
1573 4150 1710 4222 πρὸς
1736 4165 1926 4204 συνου-

2045 570 2184 623 liiios
2232 587 2513 627 servorum
2547 589 2791 641 suorum,
2820 589 3025 645 eosque
3055 576 3317 633 Tartareo
3375 591 3617 636 reservat

2044 663 2287 718 draconi.
2322 665 2694 723 lnobetlientia
2742 682 2827 724 est
2869 671 3065 725 interni
3098 686 3194 735 os;
3228 673 3614 742 contradictio,

2040 756 2158 824 ejus
2211 757 2387 826 lingua
2428 770 2486 815 ut
2528 761 2741 828 gladius
2797 773 3153 829 mucronata;
3197 765 3611 831 comptaccntia.

2040 852 2229 903 dentes
2258 850 2376 918 ejus
2401 852 2544 906 acuti
2568 870 2582 916 ;
2613 854 2891 923 proprium
2919 853 3204 924 judicium.
3238 858 3356 926 ejus
3383 867 3570 925 pectus
3595 875 3629 928 ς,

2039 952 2091 995 et
2129 942 2399 1008 spiramen
2437 944 2645 1000 ventris
2673 947 2811 1015 ejus,
2844 948 3067 1001 trahens
3101 949 3167 1001 ad
3198 949 3474 1004 infernum
3521 967 3615 1005 su—

2041 1035 2245 1101 pet-hia.
2302 1032 2557 1104 Quisquis
2604 1047 2784 1092 autent
2834 1040 3070 1105 primum
3126 1040 3254 1096 illud
3307 1043 3612 1100 obedientia

2039 1136 2282 1194 superat,
2331 1137 2528 1183 castera
2584 1145 2691 1183 uno
2720 1131 2954 1185 concidit
2988 1133 3116 1196 ictu,
3148 1143 3203 1185 et
3233 1134 3287 1186 in
3321 1135 3487 1189 caelos
3519 1150 3615 1203 per

2041 1235 2203 1273 unum
2258 1220 2481 1289 gradum
2534 1222 2678 1275 illico
2708 1225 2973 1283 ascendit.
3030 1226 3123 1279 sed
3169 1226 3417 1280 mirabile
3458 1243 3614 1296 pror-

2035 1326 2129 1364 sus
2180 1312 2649 1381 inenarrabileque
2698 1325 2751 1368 et
2802 1314 3079 1369 incti‘abils
3108 1327 3193 1371 est
3225 1318 3614 1373 misericordias

2039 1401 2127 1457 Dei
2162 1403 2386 1465 donum.
2422 1405 2501 1458 sic
2537 1420 2631 1473 per
2664 1420 2824 1459 unam
2857 1407 3134 1466 virtutem.
3168 1424 3264 1460 seu
3304 1412 3485 1476 potius
3518 1425 3615 1476 per

2036 1510 2199 1549 mmm
2247 1497 2558 1551 mandatum
2592 1496 2879 1553 confestim
2923 1501 2987 1553 ad
3018 1500 3187 1555 cmlos
3218 1504 3607 1563 conscendere,

2036 1595 2095 1641 ut
2131 1602 2226 1656 per
2260 1588 2428 1642 solam
2480 1589 2904 1644 inobedientiatn
2959 1592 3012 1646 in
3068 1591 3341 1646 infernum
3396 1592 3609 1649 delabi-

2036 1693 2158 1730 mur
2182 1687 2237 1731 et
2269 1679 2595 1734 decidimus.

2100 1939 2225 1997 tes.
2274 1939 2411 1994 Tum
2448 1940 2745 2005 secundus,
2799 1950 2910 1997 tum
2962 1956 3135 1997 novus
3186 1942 3326 1997 alter
3379 1944 3609 1999 mundus

2026 2044 2253 2089 vocatur
2280 2034 2462 2098 homo,
2485 2035 2634 2103 juxta
2660 2035 2843 2089 divum
2868 2036 3189 2105 Apostolum
3214 2036 3483 2091 dicentem
3516 2038 3561 2069 “
3587 2053 3605 2099 :

2035 2146 2053 2179 ε
2099 2127 2155 2181 Si
2190 2144 2293 2196 qua
2329 2128 2380 2181 itt
2414 2128 2636 2182 Christo
2675 2143 2809 2183 nova
2858 2136 3130 2184 creatura.
3165 2148 3184 2182 ι
3220 2128 3461 2199 Namque
3490 2146 3606 2187 c03-

2028 2226 2135 2278 lnm
2188 2232 2443 2294 terraque
2492 2233 2546 2278 et
2592 2224 2879 2279 universus
2929 2226 3160 2280 mundus
3210 2226 3372 2281 homo
3420 2237 3506 2282 est
3554 2237 3606 2282 et

2027 2315 2373 2381 nominatur,
2431 2324 2651 2383 propter
2707 2330 2866 2383 quem
2922 2330 3083 2372 omne
3135 2328 3222 2371 est
3276 2319 3497 2372 verbum
3550 2327 3605 2374 et

2025 2422 2189 2463 omne
2220 2408 2561 2481 mysterium.
2597 2416 2655 2464 ut
2688 2407 2764 2462 ait
2795 2406 3120 2478 Tbcologus.
3157 2409 3372 2464 Etenim
3408 2431 3425 2461 ε
3465 2428 3604 2479 (μιαι-

2026 2502 2168 2553 niam
2208 2514 2314 2555 non
2349 2507 2433 2555 est
2469 2499 2623 2554 nobis
2660 2500 2974 2554 colluctatio
3007 2499 3270 2554 adversus
3304 2517 3521 2554 carnem
3550 2509 3605 2557 et

2025 2592 2367 2662 sanguinem,
2417 2591 2511 2647 sed
2559 2595 2819 2647 adversus
2875 2591 3146 2661 principes
3190 2600 3244 2646 et
3282 2601 3603 2661 potestates,

2025 2689 2284 2740 adversus
2321 2694 2561 2739 rectores
2595 2686 2940 2737 tenebrarum
2974 2684 3136 2753 hujus
3169 2684 3383 2757 saeculi,
3414 2693 3602 2738 contra

2022 2776 2327 2845 spiritualia
2362 2776 2703 2845 nequitiaein
2737 2777 3053 2830 cmlcstibus
3087 2776 3244 2845 primi
3280 2778 3445 2841 aeris,
3485 2795 3503 2828 ι
3541 2785 3603 2832 ut

2023 2871 2099 2926 ait
2150 2870 2441 2941 Apostolus
2496 2870 2563 2935 ",
2617 2868 3000 2929 convenienter
3048 2869 3194 2923 velut
3242 2868 3292 2921 in
3342 2884 3597 2935 magnum

2023 2963 2254 3018 alterum
2302 2972 2512 3017 natura:
2565 2964 2822 3015 mundum
2877 2961 2928 3014 in
2978 2962 3172 3015 anima:
3220 2972 3416 3015 nostra:
3454 2963 3603 3017 vires

2022 3060 2264 3120 pugnant
2286 3051 2511 3106 latentes
2534 3050 2836 3104 adversarii
2868 3052 3059 3105 nostri.
3088 3050 3221 3104 Nam
3244 3053 3600 3108 colluctantes

2022 3143 2178 3198 nobis
2250 3153 2360 3197 tres
2420 3145 2691 3211 principes
2758 3152 2867 3198 tres
2945 3144 3260 3212 impugnant
3328 3146 3601 3213 potentias

2027 3237 2254 3301 animae;
2290 3245 2341 3291 et
2374 3238 2462 3291 ubi
2496 3242 2768 3303 profectus
2798 3246 2899 3297 est,
2937 3236 3024 3290 ubi
3064 3236 3231 3302 labor,
3264 3238 3332 3290 ibi
3357 3238 3598 3306 prtelimn

2025 3330 2392 3384 committunt.
2472 3328 2534 3381 Et
2591 3330 2805 3396 quidem
2881 3328 3046 3382 draco
3108 3328 3362 3399 princeps
3422 3329 3596 3397 abyssi

2025 3430 2213 3478 contra
2261 3435 2357 3476 eos
2385 3422 2473 3490 qui
2522 3432 2649 3474 sunt
2678 3419 2838 3474 corde
2873 3420 3085 3482 attenti,
3115 3420 3379 3473 dimicans
3413 3418 3596 3472 insur-

2023 3518 2120 3586 git,
2154 3525 2338 3583 utpote
2376 3516 2426 3567 in
2461 3515 2955 3583 concupiscentiam
2990 3514 3297 3568 lumborum
3328 3525 3380 3568 et
3417 3515 3597 3565 tnnbi-

2023 3608 2112 3662 lici
2153 3617 2471 3676 potestatem
2526 3606 2768 3669 babens;
2821 3615 2875 3658 ct
2923 3620 3018 3672 per
3066 3604 3426 3671 voluptarium
3463 3605 3599 3659 obli-

2025 3701 2197 3753 viOnis
2228 3699 2497 3768 gigantem
2531 3696 2805 3749 llatutneos
2838 3697 3126 3763 ignttorum
3169 3696 3394 3748 telorum
3429 3696 3599 3762 impe-

2022 3803 2111 3849 tus
2146 3794 2200 3845 iu
2250 3792 2373 3845 illos
2409 3789 2674 3859 jaculnns,
2712 3788 3205 3855 concupiscentiam
3241 3788 3397 3854 quasi
3448 3802 3597 3841 mare

2021 3885 2190 3946 subit,
2225 3883 2430 3952 irrepit,
2463 3885 2763 3951 perturbat,
2795 3889 2847 3933 et
2879 3895 3187 3947 spumosam
3224 3877 3597 3946 ferviilantque

2022 3979 2169 4036 facit.
2199 3987 2253 4030 et
2297 3978 2360 4026 ad
2393 3974 2615 4041 copulas
2644 3972 2888 4026 carnales
2930 3972 3231 4035 succendit,
3264 3981 3319 4024 et
3348 3972 3597 4037 volupta-

2020 4079 2130 4124 tum
2165 4068 2500 4122 torrentibus
2550 4064 2798 4129 iuundnt,
2831 4072 2885 4117 et
2929 4072 3184 4130 tanquam
3234 4064 3593 4117 insatiabilem

2017 4175 2126 4216 non
2181 4158 2391 4229 implet.
2442 4156 2699 4223 Princeps
2749 4165 2925 4209 autem
2982 4154 3164 4209 mundi
3223 4156 3379 4219 bujns
3429 4171 3595 4224 opera

337 4244 610 4315 σιασμοὺς
661 4242 896 4309 ἐκκαίει,
934 4242 1029 4297 καὶ
1058 4244 1169 4307 τοῖς
1205 4242 1313 4296 τῶν
1366 4241 1571 4312 ἡδονῶν
1599 4242 1925 4313 χειμάρροις

2040 4251 2246 4306 Virtutes
2289 4254 2674 4317 persequentes
2727 4244 3062 4315 aggreditur,
3102 4254 3368 4312 quatenus
3405 4255 3592 4299 contra

333 4335 620 4399 ἐπικλύζει
651 4333 845 4405 αὐτὴν,
882 4335 976 4388 καὶ
1005 4334 1081 4398 ὡς
1110 4334 1388 4405 ἄπληστον
1418 4334 1519 4387 οὐκ
1555 4334 1829 4403 ἐμπιπλᾷ.
1865 4333 1921 4384 '0

2040 4351 2225 4397 iartem
2262 4338 2595 4395 irascibilem
2644 4337 2893 4401 luctans;
2928 4348 2980 4387 et
3017 4351 3109 4403 per
3144 4335 3371 4403 ignavus
3405 4336 3594 4403 gigan-

330 4430 390 4482 δὲ
421 4428 607 4499 ἄρχων
639 4426 737 4480 τοῦ
771 4426 975 4497 κόσμου
1008 4427 1199 4480 τούτου
1253 4427 1389 4497 πρὸς
1414 4427 1539 4490 τοὺς
1562 4426 1662 4496 τὴν
1690 4442 1923 4494 πρακτι-

2041 4451 2125 4489 em
2180 4431 2492 4488 omnimoda
2552 4430 2864 4496 passionum
2925 4427 3194 4495 prmstigia
3254 4427 3305 4477 in
3364 4427 3589 4481 alterius

332 4521 437 4591 κῆν
471 4519 678 4592 ἀρετὴν
726 4520 1166 4591 μετερχομένους
1210 4520 1550 4585 ἀνθίσταται,
1577 4521 1652 4584 ὡς
1691 4519 1829 4589 πρὸς
1862 4519 1921 4570 :6

2040 4528 2200 4582 nundi
2241 4525 2385 4580 illius
2417 4526 2692 4577 theatrum
2730 4530 2783 4573 et
2830 4522 3061 4573 stadium
3113 4534 3287 4587 pugna
3322 4520 3591 4585 spirilttaii

335 4612 572 4683 θυμικὸν
593 4612 693 4684 τὴν
711 4612 892 4683 πάλην
929 4612 1089 4683 ἔχων,
1123 4613 1217 4665 καὶ
1243 4612 1331 4665 διὰ
1357 4613 1451 4665 τοῦ
1502 4614 1600 4681 τῆς
1649 4610 1921 4683 ῥᾳθυμίας

2040 4618 2272 4682 aculans,
2307 4616 2389 4670 vel
2424 4614 2614 4675 vincit,
2650 4613 2733 4665 vel
2767 4613 2999 4663 vincitur
3041 4612 3107 4662 ab
3139 4610 3204 4663 iis
3249 4612 3339 4677 qui
3374 4610 3592 4663 fortiter

332 4706 614 4773 γίγαντος,
640 4705 737 4768 τὰς
760 4705 1108 4766 παντοδαπὰς
1133 4705 1241 4758 τῶν
1262 4706 1451 4757 παθῶν
1482 4705 1815 4774 μαγγανείας
1846 4703 1921 4767 ὡς

2040 4724 2180 4780 isque
2229 4708 2327 4775 ipsi
2377 4707 2674 4769 resistunt;
2710 4711 2765 4757 et
2817 4718 3045 4755 coronas
3092 4712 3183 4755 aut
3234 4703 3591 4771 ignominiam

328 4800 411 4860 εἰς
446 4798 656 4866 κόσμον
712 4796 897 4863 ἄλλον,
948 4798 981 4868 ἢ
1037 4796 1266 4867 θέατρόν
1330 4816 1387 4851 τε
1442 4798 1537 4851 καὶ
1575 4797 1791 4851 στάδιον
1819 4793 1919 4866 τὴν

2040 4820 2063 4857 ιι
2099 4810 2390 4868 conspectu
2425 4797 2735 4867 angelorum
2772 4796 2923 4848 nobis
2959 4810 3302 4863 comparans,
3351 4810 3444 4847 sna
3482 4796 3590 4849 tela

324 4892 506 4955 πάλην
564 4891 768 4961 νοερῶς
816 4893 1007 4955 ποιῶν,
1042 4891 1227 4951 νικῶν,
1264 4891 1295 4960 ἢ
1324 4892 1631 4961 ἡττώμενος
1660 4891 1785 4960 τοὺς
1812 4896 1898 4949 ἀεὶ

2040 4908 2226 4961 emper
2252 4901 2305 4946 et
2339 4906 2488 4945 arma
2523 4892 2574 4943 in
2604 4903 2704 4942 nos
2732 4897 3077 4955 contorquet.
3119 4888 3377 4953 Princeps
3404 4900 3589 4940 autem

332 4976 487 5047 αὑτῴ
516 4974 788 5048 ἀνδρικῶς
827 4976 1327 5048 προσπαλαίοντας,
1380 4980 1474 5031 καὶ
1509 4984 1830 5050 στεφάνους,
1882 4986 1913 5057 ἢ

331 5066 601 5137 αἰσχύνην
652 5066 883 5119 ἐνώπιον
926 5068 1176 5134 ἀγγέλων
1225 5069 1411 5132 αὐτοῖς
1468 5074 1769 5142 προξενῶν,
1820 5078 1918 5139 τάς

333 5158 677 5227 παρατάξεις
699 5157 864 5210 αὑτοῦ
897 5158 1019 5210 καθ’
1061 5159 1219 5228 ήμῶν
1257 5160 1523 5231 διηνεκῶς
1573 5165 1915 5234 καθοπλίζει,

331 5253 467 5317 ἡμῖν
524 5250 849 5319 μαχόμενος.
923 5250 982 5301 Ὀ
1024 5250 1078 5303 δὲ
1113 5252 1294 5320 ἄρχων
1347 5253 1442 5306 τοῦ
1472 5254 1632 5325 ἀέρος
1694 5259 1819 5322 τοὺς
1851 5264 1917 5331 τῇ

332 5344 548 5411 διανοίᾳ
584 5342 719 5411 πρὸς
750 5341 984 5412 θεωρίαν
1032 5343 1391 5413 σχολάζοντας
1436 5348 1750 5417 ἐπέρχεται,
1785 5369 1918 5421 φαν-

329 5436 731 5501 τασιοσκοπῶν,
750 5436 823 5498 ὼς
858 5436 992 5508 πρὸς
1014 5438 1073 5489 τὸ
1100 5438 1315 5505 λογικόν
1337 5456 1395 5490 τε
1432 5442 1524 5492 καὶ
1553 5444 1737 5514 νοερὸν
1769 5447 1921 5513 ἐγγί-

333 5527 468 5590 ζων,
502 5527 639 5596 μετά
665 5527 776 5580 τῶν
799 5530 895 5596 τῆς
927 5528 1192 5598 πονηρίας
1226 5528 1321 5581 τοῦ
1363 5530 1524 5598 ἀέρος
1559 5537 1918 5602 πνευμάτωνο

336 5622 434 5673 καὶ
482 5620 571 5672 διὰ
630 5620 723 5672 τού
755 5620 852 5690 τῆς
886 5620 1111 5689 ἀγνοίας
1143 5621 1398 5689 γίγαντος
1456 5624 1552 5693 τὴν
1587 5627 1920 5704 ἀνατατικὴν

402 5787 487 5839 ⁸³1
526 5786 653 5841 Cor.
687 5788 859 5850 ν.1“Ι.
938 5791 980 5819 ⁸⁸
1010 5790 1206 5859 prcs.
1240 5809 1308 5860 ιι,
1351 5795 1409 5846 l2

2011 4987 2156 5039 aeris
2209 4984 2431 5039 mentali
2485 4990 2745 5035 vacantes
2780 4981 3010 5034 orationi
3066 4980 3287 5040 invadit,
3328 4981 3588 5045 imagina.

2017 5089 2220 5130 tenuem
2271 5077 2538 5144 impetens
2586 5072 3026 5139 intellectumque
3068 5080 3121 5123 et
3163 5071 3424 5122 rationem
3458 5072 3587 5123 ado-

2017 5172 2164 5223 tiens
2193 5184 2318 5222 cum
2350 5166 2597 5232 malignis
2620 5166 2899 5233 spiritibus
2928 5163 3147 5216 tetberis
3169 5180 3184 5225 ;
3210 5174 3262 5215 et
3289 5178 3379 5230 per
3406 5163 3589 5231 gigan-

2016 5272 2123 5315 tem
2158 5262 2480 5331 ignorantiae
2508 5259 2841 5325 superiorem
2872 5257 3183 5310 intellectus
3208 5264 3411 5320 partem
3442 5255 3585 5309 velut

2014 5355 2245 5406 alterum
2279 5350 2561 5419 spirituale
2588 5347 2784 5402 caelum
2820 5362 3037 5401 caenosa
3069 5347 3268 5407 turbat,
3305 5355 3360 5398 et
3410 5347 3584 5412 phan-

2012 5447 2233 5498 tasticas
2259 5442 2686 5507 tenebrOSasque
2710 5440 2993 5509 spirituum
3024 5439 3222 5491 formas
3246 5448 3291 5490 ei
3323 5448 3587 5491 transmu-

2009 5537 2265 5599 tationcs,
2298 5535 2450 5603 quasi
2486 5535 2717 5603 fulgura,
2755 5543 2805 5585 et
2836 5540 3093 5588 tonrtrua.
3129 5530 3500 5598 ριόωΙΙεικιμιιι
3531 5540 3584 5581 et

2005 5629 2251 5699 fragores
2303 5626 2599 5692 exhibens,
2655 5636 2912 5679 terrorem
2972 5625 3185 5677 incutit.
3243 5623 3317 5677 tta
3382 5620 3577 5691 singuli
