4224 6464
611 371 749 436 128⁸1

1833 369 2223 436 GREGOlllI
2286 369 2622 433 SINAITIE

3711 379 3853 444 1288

607 491 852 560 singulas
887 488 1209 559 impugnant
1239 483 1753 556 tripartitte'anitum
1788 490 2094 555 Iacnltates,
2123 501 2176 542 et
2205 499 2247 554 Α
2281 489 2321 541 δε

2298 489 2523 541 ῑιάνοιαν
2549 485 2801 558 καθάπερ
2823 486 2981 540 ἀλλον
3003 485 3223 556 λογικὸν
3248 489 3480 560 οὑρανδν
3502 490 3634 546 ἕκτα
3645 493 3857 563 ράττων

605 601 714 652 quo
744 583 940 637 bellant
976 581 1177 646 ferunt,
1210 582 1298 636 hic
1327 596 1560 652 pugnam
1592 582 1957 635 committunt.

2289 579 2372 632 θο)
2385 580 2455 642 οῖ,
2487 579 2584 640 τάς
2612 578 2984 646 φανταστικὰς
3011 578 3108 630 καὶ
3130 580 3455 650 ὁμιχλώδεις
3477 582 3588 636 τῶν
3610 586 3861 654 πνευμά-

604 694 718 730 των
762 675 1096 744 μορφώσεις,
1142 682 1238 726 καὶ
1282 675 1408 738 τοὺς
1440 674 1997 744 μετασχηματισμοὺς
2051 671 2350 742 ἀπατηλῶς
2384 671 2635 738 καθάπερ
2677 671 2992 740 ἀστραπάς,
3019 673 3117 725 καὶ
3149 672 3408 744 βροντάς,
3432 675 3757 745 καταιγίδας
3785 693 3850 732 τε

603 773 698 821 καὶ
729 770 937 837 ψόςους
964 768 1165 837 φέρων,
1203 767 1406 822 δειλίαν
1445 772 1663 837 ἐπάγει.
1702 771 1974 830 Ἕκαστος
2007 769 2229 837 ἑκάστῳ
2259 767 2501 839 δηλονότι
2526 767 2613 820 διά
2644 767 2752 820 τῶν
2787 767 2955 837 τριῶν
2984 767 3122 839 πρὸς
3152 767 3214 822 τὸ
3249 771 3513 843 τριμερὶς
3543 771 3644 844 τῆς
3670 773 3851 845 ψυχῆς

605 862 1019 930 προσπαλαίων,
1054 863 1377 916 ἀνθίσταται
1452 862 1544 915 καὶ
1579 862 1716 932 πρὸς
1745 861 1773 916 δ
1803 867 1893 916 τὸν
1928 863 2169 933 πόλεμον
2200 862 2336 933 εχει,
2371 864 2505 934 πρὸς
2538 862 2670 914 αὑτὸ
2711 863 2807 917 καὶ
2845 864 2936 917 τδν
2961 864 3153 932 ἀγῶνα
3185 863 3472 937 κέκτηται.

672 946 794 999 123.
829 947 897 1000 At
926 949 1094 1012 enim.
1128 952 1376 1016 quamvis
1409 951 1520 1004 sint
1551 952 1797 1018 spiritus.
1835 954 1958 1022 quia
1991 963 2170 1007 tamen

601 1035 830 1102 pristina
863 1037 1322 1094 lmmaterialitate
1355 1053 1417 1092 ac
1454 1040 1802 1108 simplicitate
1833 1045 2172 1103 exciderunt.

603 1127 942 1182 materialem
985 1131 1272 1197 quamdam
1313 1131 1473 1184 habet
1510 1133 1880 1204 unusquisque
1907 1136 2176 1203 coinposi-

609 1219 831 1286 tionem,
862 1223 1036 1276 ordini
1068 1233 1160 1278 aut
1207 1226 1511 1293 operationi
1547 1227 1875 1282 assimilatus
1905 1229 2170 1296 corporis,

603 1310 668 1363 all
705 1315 844 1379 quod
893 1317 1220 1371 movemlum
1270 1317 1444 1372 factus
1473 1327 1573 1371 est.
1620 1319 1754 1384 Quia
1789 1320 1932 1374 enim
1965 1329 2021 1375 et
2053 1322 2174 1388 ipsi,

607 1405 842 1458 hominis
873 1406 1064 1470 instar.
1095 1411 1352 1478 angelicis
1395 1411 1610 1478 spoliati
1645 1399 1849 1466 divitiis
1882 1412 2178 1482 divinaque

606 1497 801 1561 privati
838 1499 1131 1566 voluptate.
1186 1511 1456 1556 terrenam
1510 1503 1651 1560 sicut
1681 1514 1734 1559 et
1771 1521 1870 1559 nos
1897 1507 2180 1574 patiuntur

610 1587 974 1653 voluptatem.
1022 1591 1329 1646 materisles
1379 1595 1546 1665 etiam
1599 1598 1996 1662 quodammodo
2050 1597 2177 1653 facti

609 1689 738 1731 sunt
771 1679 1126 1732 matcrialium
1161 1684 1470 1748 passionum
1520 1685 1827 1750 habilibus;
1860 1702 2036 1752 neque
2077 1688 2179 1740 mi-

2360 961 2496 1023 ρκγ’.
2525 955 2662 1018 Νόες
2691 963 2797 1026 γαρ
2830 954 2983 1018 δντες
3007 956 3138 1008 ποτε
3161 958 3253 1008 καὶ
3293 957 3474 1022 αὑτοὶ,
3506 957 3602 1012 καὶ
3632 957 3735 1027 τῆς
3773 961 3870 1013 άὺ·

2285 1046 2404 1110 λίας
2427 1047 2645 1116 ἐκείνης
2677 1050 2772 1100 καὶ
2793 1047 3126 1119 λεπτότητος
3147 1048 3502 1116 ἐκπεσόντες,
3535 1050 3732 1120 ὑλικήν
3751 1069 3873 1104 τινα

2286 1139 2576 1209 παχύτητα
2615 1139 2848 1202 ἕκαστος
2907 1141 3208 1211 κέκτηταιο
3271 1142 3415 1195 κατά
3461 1143 3561 1213 τὴν
3628 1143 3871 1212 τάξιν.ἢ

2285 1230 2566 1299 ἐνέργειαν
2629 1230 3076 1299 σωματοὺμενος,
3129 1227 3190 1287 οῦ
3241 1234 3483 1305 ἐνεργῶν
3544 1238 3871 1292 πεποίωται.

2299 1318 2516 1388 Ἐπειδὴ
2541 1323 2650 1390 γάρ
2682 1321 2778 1374 καὶ
2808 1322 2984 1385 αὑτοὶ,
3049 1321 3194 1375 κατὰ
3227 1321 3541 1392 ἄνθρωπον,
3579 1325 3677 1395 τὴν
3705 1327 3868 1396 ἀγγε-

2285 1409 2446 1482 λικὴν
2478 1403 2670 1484 ἡδονὴν
2699 1414 3087 1476 ἀπολέσαντες,
3111 1415 3327 1486 τρυφῆς
3359 1416 3512 1480 θείας
3549 1418 3879 1490 ὑστερηθέν-

2287 1505 2406 1569 τες,
2451 1503 2601 1574 χοῦν,
2661 1506 2915 1576 καθάπερ
2967 1505 3061 1559 καὶ
3122 1507 3303 1577 ἡμεῖς,
3339 1510 3433 1560 καὶ
3463 1510 3619 1565 αὑτοὶ
3663 1515 3877 1582 τρυφᾷ-ι

2289 1597 2610 1667 πάσχουσιν,
2654 1597 2880 1660 ὑλώδεις
2928 1615 3047 1661 πως
3087 1599 3183 1652 καὶ
3223 1597 3380 1652 αὑτοὶ
3430 1602 3720 1669 γεγονότες
3757 1605 3876 1666 ταῖς

2287 1689 2395 1744 τῶν
2445 1689 2644 1742 ὑλικῶν
2703 1689 2893 1742 παθῶν
2948 1689 3133 1754 ἓξεσιο
3187 1691 3283 1743 κα)⁸
3335 1691 3397 1744 οὑ
3434 1691 3515 1745 δεῖ
3549 1692 3876 1760 θαυμάζειν,

612 1784 726 1822 rum
768 1779 868 1835 est.
902 1784 1064 1839 quum
1109 1781 1162 1825 et
1207 1773 1382 1825 anima
1427 1785 1611 1830 nostra
1659 1777 1722 1830 ad
1752 1777 1842 1831 Dei
1889 1779 2179 1846 imaginem
2217 1845 2251 1852 λ
2286 1780 2315 1832 ὃ

2298 1780 2488 1847 5πουγε
2541 1783 2636 1833 καὶ
2689 1782 2722 1849 ἡ
2790 1781 2910 1833 κατ’
2949 1783 3132 1845 εἰκόνα
3161 1781 3298 1835 Θεοῦ
3339 1783 3532 1852 λογικὴ
3591 1785 3688 1835 καί⁵
3717 1786 3879 1852 νοερά

611 1863 891 1916 rationalis
939 1863 1430 1933 intellectttalisque
1463 1878 1666 1929 creata.
1701 1869 1942 1922 bestiolis
1976 1884 2028 1924 et
2071 1871 2185 1926 fere
2217 1845 2256 1900 Β
2291 1889 2321 1926 κ

2298 1845 2571 1926 κτισθεῖσα
2595 1845 2742 1944 ψυχὴ
2771 1875 2802 1942 ἡ
2812 1873 2950 1943 μῶν,
2977 1873 3258 1945 κτηνώδης
3280 1875 3376 1928 καὶ⁵
3399 1845 3746 1945 ἀναίσθητος,
3775 1845 3873 1928 καὶ

609 1953 791 2002 omnis
822 1967 1012 2005 sensus
1039 1962 1092 2006 et
1128 1953 1498 2019 intelligentiae
1526 1973 1752 2025 exspers
1789 1959 1929 2013 l'acta
1971 1961 2041 2014 sit
2073 1976 2189 2014 ma-

613 2044 819 2097 terialis
853 2045 1143 2113 voluptatis
1181 2049 1436 2116 operibus
1477 2064 1536 2105 ac
1584 2051 1671 2105 Dei
1708 2053 2002 2107 oblivione.
2037 2051 2188 2109 Solet

614 2137 760 2188 cnim
796 2137 1012 2192 habitus
1047 2149 1261 2194 mutare
1313 2153 1585 2209 naturam.
1622 2154 1675 2198 et
1723 2145 2100 2215 operationem
2132 2147 2184 2200 in

614 2229 952 2284 voluntatem
1009 2242 1350 2290 convertere.
1421 2236 1486 2290 Et
1551 2237 1780 2306 spiritus
1825 2239 2041 2308 quidem
2095 2239 2187 2295 alii

616 2334 744 2377 sunt
780 2325 1107 2390 materiales.
1138 2343 1328 2396 graves
1360 2340 1412 2384 et
1448 2331 1676 2396 molesti.
1707 2332 1953 2386 iracundi
1987 2343 2043 2388 et
2072 2334 2192 2388 vin-

617 2416 789 2478 dices.
843 2416 1076 2472 ferarum
1129 2419 1301 2473 instar
1353 2423 1649 2485 carnivori.
1699 2433 1753 2477 et
1802 2424 1866 2477 ad
1913 2423 2189 2478 libidinem

617 2508 1055 2578 voluptatemque
1093 2512 1324 2572 hiantes.
1362 2516 1506 2568 velut
1537 2530 1701 2570 canes
1732 2518 1798 2570 ad
1848 2519 2190 2587 sanguinem.

618 2600 1022 2669 corruptionem
1071 2617 1191 2656 cum
1226 2605 1597 2672 spirituaiibtts
1644 2607 1985 2663 comedenda
2035 2624 2191 2662 suum

619 2692 785 2760 hujus
836 2709 1077 2749 amorem
1133 2696 1462 2763 ostendunt,
1520 2699 1832 2755 materiales
1879 2709 1934 2756 et
1983 2713 2196 2756 crassas

622 2785 883 2840 habentes
917 2802 1160 2847 carnem.
1213 2789 1628 2846 delectationem
1678 2800 1732 2846 et
1779 2791 2194 2847 habitationem.

623 2878 726 2931 Alii
763 2894 892 2932 vero
941 2881 1205 2933 luxuriosi
1258 2891 1312 2936 et
1363 2882 1597 2947 lubrici.
1653 2883 1706 2938 in
1759 2886 2196 2955 concupiscentia

625 2974 768 3024 νιιιηι
815 2973 865 3024 in
919 2975 1113 3036 palude
1171 2974 1452 3028 hirudincs
1488 2992 1744 3046 ranaeque
1789 2987 1843 3032 et
1877 2978 2114 3046 rcptilia.
2145 2986 2200 3031 et

628 3060 918 3128 aliquando
945 3063 1091 3115 velut
1125 3063 1210 3115 alii
1248 3063 1424 3130 pisces
1460 3074 1692 3134 reptant,
1725 3081 1962 3120 amaram
2013 3067 2201 3121 incon-

2291 1963 2477 2033 σχεδὸν
2504 1961 2666 2026 ἄνους
2686 1965 2806 2027 ταῖς
2831 1962 2940 2017 τῶν
2973 1963 3174 2016 ὑλικῶν
3230 1965 3574 2036 πραγμάτων
3631 1965 3877 2018 ἀπολαύ-

2292 2072 2409 2110 σεσι
2438 2055 2651 2124 γέγονε,
2691 2055 2824 2110 Θεὸν
2881 2057 3216 2128 ἀγνοήσασα.
3281 2057 3498 2125 Ιίέςρυκε
3552 2057 3661 2128 γάρ
3701 2061 3733 2127 ἡ
3766 2057 3880 2122 ἕξις

2294 2149 2606 2218 μεταποιεῖν
2635 2145 2734 2216 τὴν
2760 2145 2943 2215 φύσιν,
3007 2146 3102 2199 καὶ
3148 2145 3399 2200 ἀλλοιοῦν
3445 2147 3549 2217 τὴν
3597 2147 3880 2217 ἐνέργειαν

2291 2239 2428 2309 πρὸς
2457 2238 2556 2308 τὴν
2586 2238 2927 2310 προαίρεσιν.
2953 2237 3066 2292 Καὶ
3087 2238 3156 2292 τά
3207 2237 3369 2310 [ὄηλ.
3409 2237 3723 2311 πνεύματα]
3779 2238 3881 2306 μέν

2294 2331 2430 2383 είσιν
2460 2331 2658 2403 ὑλώδη,
2695 2331 2790 2384 καὶ
2843 2329 3018 2402 βάρέα
3071 2329 3194 2383 τινά
3245 2329 3340 2382 καὶ
3376 2329 3749 2395 δυσκάθεκτα,
3783 2329 3882 2383 θυ-

2297 2421 2483 2493 μοειδῆ
2511 2423 2606 2476 καὶ
2631 2421 2927 2492 ἀμυντικά,
2957 2419 3053 2475 καὶ
3073 2420 3150 2486 ὡς
3180 2419 3348 2492 θηρία
3380 2421 3503 2476 τινὰ
3555 2422 3883 2492 σαρκο-φάγα

2296 2514 2430 2584 πρὸς
2451 2514 2549 2585 τὴν
2579 2514 2771 2585 ὑλικὴν
2797 2513 2990 2586 ἡδονὴν
3020 2514 3114 2568 καὶ
3172 2513 3384 2586 τρυφὴν
3412 2515 3704 2586 κεχηνότα,
3726 2515 3884 2585 δίκην

2299 2609 2477 2664 κυνῶν
2530 2609 2863 2681 αίμοδόρων,
2911 2608 3012 2679 τὴν
3048 2609 3288 2680 σαπρίαν
3321 2609 3460 2679 μετὰ
3499 2609 3610 2662 τῶν
3635 2624 3884 2677 πνευμα-

2297 2702 2537 2756 τιῶντων
2571 2701 2817 2755 ισθίοντα
2842 2701 2938 2771 τὴν
2974 2701 3136 2772 φίλην
3166 2701 3351 2755 αὑτῶν
3394 2701 3753 2771 φαντάζουσι,
3784 2703 3886 2768 τάς

2300 2794 2530 2867 παχείας
2564 2796 2656 2848 καὶ
2687 2793 2906 2858 ὑλώδεις
2936 2794 3166 2864 σάρκας,
3205 2793 3299 2847 καὶ
3326 2794 3539 2864 τρυφὴν
3569 2794 3665 2846 καὶ
3705 2793 3888 2848 οίκίαν

2301 2887 2510 2958 ἔχοντα.
2549 2886 2632 2940 Τά
2674 2886 2729 2939 δδ
2779 2886 3053 2940 ἀκόλαστά
3089 2903 3210 2940 τινα
3255 2887 3350 2939 καὶ
3413 2883 3656 2956 ὑγρώδη,
3697 2885 3773 2948 ὡς
3807 2887 3887 2950 είς

2300 2980 2497 3051 λίμνην
2524 2979 2734 3049 βδέλλαι
2765 2979 2908 3041 τινὲς
2947 2980 3045 3046 τὴν
3100 2977 3420 3048 ἐπιθυμίαν,
3470 2977 3567 3030 καὶ
3600 2977 3884 3049 βάτραχοι,

2302 3074 2389 3127 κα“ί
2435 3073 2606 3141 ὄφεις,
2637 3071 2750 3124 ἔστι
2809 3070 2852 3123 δ’
2883 3071 2970 3123 ὅτε
3009 3071 3097 3123 καὶ
3152 3070 3230 3132 είς
3283 3068 3472 3138 ἰχθύας
3504 3069 3884 3140 ἀλλοιούμενα,

629 3152 872 3204 ιίηρηιὶεν
900 3154 1226 3221 voluptatem
1259 3155 1414 3224 quasi
1447 3155 1820 3226 degustantes.
1848 3165 1903 3213 et
1931 3164 2120 3212 natant
2148 3158 2201 3211 in
2233 3165 2321 3253 ct

2303 3165 2541 3235 ἓρποντα
2563 3163 2659 3232 τὴν
2682 3161 2931 3232 ἁλμυρὰν
2961 3162 3058 3230 τῆς
3079 3161 3374 3222 ἀκολασίας
3408 3159 3626 3231 ἡδονὴν,
3653 3161 3731 3224 ὡς
3753 3162 3890 3214 ἀπό-

630 3242 913 3298 ebrietalis
961 3247 1116 3310 mari,
1169 3246 1328 3301 heves
1363 3249 1659 3319 mollesque
1691 3258 1906 3316 natura,
1946 3258 1996 3303 et
2029 3249 2198 3304 lnhri-

634 3335 798 3390 citate
849 3337 1129 3391 brutarum
1179 3339 1510 3408 voluptatum
1560 3341 1889 3410 gaudentes.
1939 3341 2201 3397 ftedarum

634 3427 1019 3496 cogitationum
1055 3427 1248 3486 ﬂuetus
1280 3432 1636 3502 turbinesque
1668 3448 1729 3487 ac
1761 3443 2115 3503 tempestates
2150 3433 2203 3486 in

635 3516 810 3570 anima
861 3518 1022 3573 cient.
1077 3518 1181 3574 Alii
1237 3532 1413 3575 autem
1462 3522 1607 3578 leves
1647 3532 1702 3578 et
1751 3534 1973 3587 tenues.
2024 3532 2207 3591 utpote

637 3609 767 3663 aerii
799 3610 1041 3678 spiritus.
1073 3613 1181 3665 vim
1223 3615 1418 3668 mentis
1449 3616 1924 3686 contemplativam
1963 3615 2209 3669 excitan-

635 3713 740 3765 tes.
770 3702 1032 3772 imagines
1057 3704 1203 3758 velut
1234 3705 1582 3762 vehementes
1607 3715 1767 3762 vento
1801 3707 2122 3768 immittunt.
2153 3715 2209 3760 et

640 3794 930 3860 aliquando
965 3797 1016 3848 in
1055 3795 1301 3850 volucres
1353 3807 1408 3851 et
1461 3797 1515 3852 in
1567 3800 1792 3860 angelos
1829 3799 2207 3855 transformati

640 3885 874 3940 animam
927 3887 1234 3956 decipiunt.
1289 3888 1658 3960 imaginationi
1715 3905 1772 3944 se
1825 3901 1883 3944 ut
1935 3893 2210 3961 gnosticns

645 3990 1130 4048 reprmsentantes.
1192 3989 1242 4035 el
1306 3991 1692 4038 convertetttes
1755 3985 2212 4052 inunutantesque

643 4089 854 4128 umncm
886 4074 1109 4142 spiritus
1138 4073 1646 4140 contemplationem
1683 4074 1735 4127 in
1772 4073 1856 4127 his
1904 4075 1992 4140 qui
2041 4074 2212 4127 adhuc

646 4169 870 4222 multum
915 4177 1156 4236 pugnant
1190 4175 1315 4220 ante
1365 4165 1797 4233 purificationem
1848 4167 2214 4231 spiritnalem-

644 4273 751 4329 que
796 4256 1210 4326 perfectionem.
1259 4257 1389 4311 Nam
1426 4259 1705 4327 spirituale
1742 4258 1877 4312 nihil
1907 4267 2009 4322 est.
2060 4259 2215 4326 cujus

646 4350 870 4418 eﬂigiem
905 4349 1224 4417 imaginarie
1255 4348 1393 4402 haud
1429 4349 1708 4410 simulent.
1741 4349 1951 4417 seipsos
1980 4348 2123 4403 enim
2163 4351 2214 4401 in

647 4453 844 4496 statum
873 4452 1032 4509 atque
1057 4442 1273 4493 modum
1306 4441 1516 4510 mystici
1545 4455 1870 4510 progressus
1898 4442 2216 4504 subornant.

2303 3253 2494 3306 λαυσιν
2543 3251 2876 3321 κεκτημένα·
2922 3252 3193 3322 νηχόμενα
3224 3248 3300 3319 τῷ
3337 3250 3566 3318 πελάγει
3592 3251 3691 3320 τῆς
3724 3252 3889 3304 πολυ-

2306 3343 2523 3406 ποσίας,
2556 3343 2673 3394 λεῖά
2699 3359 2817 3395 τινα
2835 3343 2986 3406 δντα,
3017 3341 3113 3395 καὶ
3138 3339 3322 3395 άπαλά
3347 3358 3459 3404 πως
3482 3341 3579 3411 τὴν
3605 3341 3786 3409 φύσιν,
3819 3345 3886 3412 τῇ

2309 3436 2567 3506 ὑγρότητι
2592 3435 2699 3487 τῶν
2728 3434 2942 3502 ἀλόγων
2986 3433 3194 3500 ἡδονῶν
3237 3433 3518 3503 χαίροντα,
3551 3433 3770 3501 κύματα
3797 3435 3889 3487 λοο

2307 3527 2543 3596 γισμῶν,
2592 3526 2686 3580 καὶ
2738 3523 3053 3595 μολυσμῶν,
3111 3523 3207 3577 καὶ
3239 3525 3556 3594 τρικυμίας,
3599 3525 3691 3577 καὶ
3720 3525 3888 3589 ζάλας

2309 3621 2394 3673 ἀεὶ
2419 3621 2483 3690 τῇ
2529 3617 2673 3688 ψυχῇ
2705 3614 3035 3685 διεγείρουσι
3056 3629 3070 3644 ο
3107 3615 3177 3667 τὰ
3215 3613 3271 3667 δὲ
3304 3613 3486 3683 κοῦφά
3515 3631 3637 3667 τινα
3677 3615 3770 3668 καὶ
3798 3616 3888 3668 λεο

2312 3713 2440 3777 πτᾶ,
2472 3711 2546 3774 ὡς
2577 3709 2794 3778 ὶναέρια
2837 3707 3128 3778 πνεύματα
3155 3705 3304 3770 δντα,
3339 3707 3401 3760 τὸ
3431 3707 3766 3777 θεωρητικὸν
3793 3708 3889 3776 τῆς

2308 3802 2485 3873 ψυχῆς
2519 3801 2843 3873 ριπίζουσιν,
2868 3799 3106 3869 ἀνέμους
3134 3799 3290 3862 τινὰς
3327 3797 3535 3867 βιαίους
3563 3799 3657 3850 καὶ
3681 3790 3892 3867 φαντα-

2314 3894 2435 3956 σίας
2487 3893 2858 3964 προτείνοντα.
2899 3892 2979 3954 είς
3013 3890 3256 3952 πετεινά,
3291 3891 3407 3943 ἐστι
3457 3889 3505 3944 δ’
3538 3891 3626 3943 ὅτε
3685 3890 3782 3943 καὶ
3813 3882 3920 3955 εἰς’

2313 3983 2574 4053 ἀγγέλους
2600 3981 3095 4054 μεταμορφούμενα
3113 3983 3213 4050 τὴν
3234 3979 3413 4051 ψυχὴν
3435 3980 3686 4033 ἀπατῶσι
3708 3997 3721 4010 ο
3759 3983 3896 4050 μνή-

2316 4095 2421 4146 μας
2452 4075 2819 4129 είδοποιοῦντα
2842 4072 3101 4143 γνωστῶν
3121 4090 3307 4136 τινων,
3341 4073 3893 4143 μετασχηματίζοντά

2312 4187 2371 4222 τε
2425 4169 2519 4222 καὶ
2561 4167 2971 4240 μετατρέποντα
3005 4167 3186 4221 πᾶσαν
3243 4163 3480 4235 θεωρίαν
3510 4164 3894 4234 πνευματικὴν

2314 4263 2372 4314 ὲν
2407 4263 2518 4324 τοῖς
2557 4261 2638 4312 ἔτι
2696 4259 2929 4329 μάλιστα
2964 4257 3416 4326 ἀγωνιζομένοις,
3455 4255 3564 4324 πρὸ
3591 4257 3689 4323 τῆς
3721 4255 3895 4308 καθαο

2321 4353 2542 4422 ρότητος
2563 4351 2654 4404 καὶ⁵
2680 4350 2778 4418 τῆς
2805 4348 3184 4418 πνευματικῆς
3210 4347 3558 4416 διακρίσεως.
3595 4345 3762 4398 Οὑδὲν
3785 4346 3895 4414 γάρ

2318 4442 2431 4493 ἐστι
2486 4438 2873 4510 πνευματικὸν,
2920 4431 2964 4505 ᾧ
3013 4437 3088 4506 μὴ
3144 4435 3219 4499 ὡς
3247 4435 3379 4489 αὑτδ
3423 4434 3566 4489 κατὰ
3588 4437 3892 4501 φαντασίαν

649 4546 707 4588 ut
748 4535 957 4588 veritati
994 4531 1259 4588 su‘ﬂiciant
1293 4548 1558 4598 errorem.
1595 4543 1648 4585 et
1683 4533 1984 4586 illusionem
2017 4533 2215 4587 substi~
2248 4534 2321 4594 D‘

2317 4533 2616 4601 λεληθότως
2653 4530 3221 4601 μετασχηματίζονται
3247 4545 3260 4560 ο
3299 4527 3433 4596 πρὸς
3459 4527 3566 4596 γάρ
3593 4528 3692 4597 τὴν
3727 4529 3888 4580 κατὶο

649 4635 800 4680 tuaut
850 4624 1312 4693 contemplationi.
1363 4624 1434 4677 Dc
1483 4625 1600 4678 istis
1649 4623 1883 4691 loquitur
1916 4624 2219 4691 Scriptura.

2321 4642 2530 4687 στασιν,
2559 4624 2652 4677 καὶ
2681 4623 2741 4676 τὸ
2769 4623 2967 4692 μέτρον
2994 4623 3092 4689 τῆς
3125 4619 3432 4688 προκοπῆς,
3459 4621 3554 4672 καὶ
3578 4619 3733 4672 αὑτοὶ
3765 4618 3900 4670 καθ-

651 4732 749 4786 per
780 4719 982 4774 bestias
1023 4718 1134 4788 ang
1168 4717 1525 4786 volucresque
1566 4716 1688 4770 creli
1721 4725 1775 4770 et
1806 4716 2016 4785 reptilia
2062 4726 2222 4767 terrae
2319 4742 2321 4756 ι

2319 4717 2650 4779 οπλίζονται,
2719 4713 2930 4781 πλάνην
2981 4712 3099 4764 ἀντὶ
3136 4711 3415 4780 ἀληθείας,
3470 4713 3565 4764 καὶ
3591 4713 3898 4778 φαντασίαν

650 4807 875 4873 spiritus
905 4805 1163 4874 nequitias
1195 4804 1510 4876 signiﬁcans
1540 4815 1594 4859 et
1630 4803 1904 4860 indicans.

2322 4810 2441 4860 ἀντι
2473 4807 2703 4875 θεωρίας
2747 4804 3123 4871 ἃπιφὲροντες.
3155 4802 3558 4865 είσοικίζονται.
3621 4803 3755 4867 Περὶ
3791 4804 3899 4867 γὰρ

657 4885 864 4937 τούτων
897 4885 928 4954 ἡ
955 4885 1150 4955 Γραφὴ
1185 4884 1452 4952 μαρτυρεῖ
1481 4883 1734 4952 λέγουσα,
1763 4884 1857 4935 καὶ
1887 4882 2051 4952 θηρία
2072 4898 2167 4935 του
2201 4878 2401 4949 ἀγροῦ,
2444 4879 2540 4932 καὶ
2563 4880 2628 4931 τά
2654 4879 2879 4932 πετεινά
2903 4877 2998 4933 τοῦ
3025 4881 3282 4951 οὐρανοῦ,
3323 4886 3420 4937 καὶ
3449 4885 3517 4938 τά
3550 4885 3758 4956 ἑρπετὰ
3793 4887 3896 4955 τῆς

658 4979 783 5045 γῆς,
811 4979 878 5030 τά
906 4981 1191 5046 πνεύματα
1209 4978 1309 5047 τῆς
1333 4980 1594 5047 πονηρίας
1617 4980 2005 5048 ὲπισημάνασα
2031 4979 2321 5050 ἐδήλωσεν.

712 5066 833 5119 121.
861 5065 1054 5119 Carnis
1087 5073 1142 5119 et
1196 5065 1509 5134 passionum
1547 5067 1808 5118 adversus
1843 5067 2084 5117 animam
2124 5066 2210 5117 in-

643 5153 914 5211 surrcc'tio
945 5157 1185 5225 quinque
1230 5155 1405 5210 modis
1461 5156 1519 5209 iit
1552 5155 1605 5208 in
1635 5156 1817 5209 nobis.
1873 5153 2029 5226 Nunc
2068 5155 2215 5208 enim

646 5248 805 5299 rchns
833 5242 1077 5301 abutitur
1104 5263 1269 5310 caro;
1307 5262 1452 5301 nunc
1489 5247 1761 5298 contraria
1785 5255 1992 5298 natura:
2032 5255 2088 5298 ut
2121 5260 2217 5297 na-

648 5353 782 5392 ιλιι-ιε
809 5339 1112 5394 conformis
1153 5339 1268 5391 vult
1315 5337 1574 5407 operari:
1628 5337 1791 5392 modo
1828 5337 1880 5390 in
1912 5339 2143 5405 seipsatu
2191 5351 2221 5389 a

647 5430 986 5484 daemonibus
1011 5442 1243 5491 armata.
1271 5446 1392 5484 cum
1429 5432 1513 5483 his
1563 5429 1841 5483 lcrtissima
1883 5428 2057 5498 jungit
2090 5429 2224 5481 ami-

649 5522 868 5587 citiam;
911 5522 1074 5575 modo
1104 5523 1158 5576 in
1183 5522 1429 5590 seipsam
1468 5520 1778 5583 reliellatur,
1813 5527 1870 5572 ut
1895 5517 2041 5570 vitiis
2072 5531 2225 5569 man-

2381 5065 2514 5137 ρκδ’.
2557 5064 2620 5118 Ἢ
2651 5063 3021 5126 επανάστασις
3051 5061 3160 5115 τῶν
3193 5060 3403 5126 παθῶν,
3431 5060 3526 5113 καὶ
3554 5062 3582 5114 ὁ
3615 5061 3906 5130 επεγειρό-

2311 5177 2471 5229 μενος
2524 5158 2625 5226 τῆς
2681 5157 2883 5228 σαρκὸς
2919 5155 3159 5224 πόλεμος
3187 5153 3330 5208 κατὰ
3369 5153 3473 5222 τῆς
3519 5153 3719 5223 ψυχῆς,
3758 5154 3906 5207 κατά

2308 5252 2471 5304 πέντε
2529 5251 2763 5322 τρόπους
2815 5237 3196 5319 προσγίνεται’
3235 5247 3294 5298 ἑν
3350 5246 3482 5313 ἡμῖν
3507 5262 3520 5277 ·
3559 5245 3689 5297 ποτὲ
3728 5246 3828 5314 μὲν
3866 5246 3904 5314 ἡ

2311 5341 2448 5411 σὰρξ
2486 5338 2896 5410 παραχρωμὲνη
2948 5339 3061 5400 τοῖς
3091 5332 3232 5399 οὖσι,
3269 5335 3398 5388 ποτὲ
3434 5335 3490 5388 δὲ
3515 5335 3582 5389 τά
3612 5337 3763 5403 παρὰ
3797 5336 3906 5405 φύ-

2314 5449 2416 5496 σιν,
2441 5433 2516 5492 ὡς
2543 5433 2682 5484 κατά
2714 5430 2876 5499 φύσιν
2902 5427 3238 5498 ἐπιζητοῦσα
3260 5429 3508 5496 ἐνεργεῖν
3527 5443 3540 5456 °
3569 5428 3698 5480 ποτε
3721 5427 3778 5480 δὲ
3811 5428 3906 5480 καὶ

2309 5524 2413 5576 ὑπὸ
2435 5523 2543 5576 τῶν
2577 5522 2848 5591 δαιμόνων
2905 5518 3237 5588 ὁπλιζομίνη
3270 5518 3412 5570 κατά
3442 5517 3542 5586 τῆς
3585 5517 3794 5587 ψυχῆς,
3828 5518 3906 5580 ὡς

651 5615 894 5683 cipetur;
929 5624 1204 5684 postremo
1251 5614 1454 5669 bellum
1507 5622 1753 5666 movetur
1799 5627 1826 5663 a
1884 5607 2225 5664 daemonibus
2307 5617 2321 5666 ί

2307 5615 2478 5685 ἡδέως
2507 5613 2948 5684 συμφιλιάξουσα
2974 5610 3206 5688 τρύτοις.
3236 5610 3395 5663 Ἔστι
3426 5609 3472 5662 δ’
3509 5611 3599 5664 ὅτε
3636 5611 3730 5664 καὶ
3765 5612 3907 5679 αὑτὴ

658 5719 765 5759 nos
797 5719 894 5776 per
917 5707 1167 5761 'abusum
1222 5704 1545 5759 humilitatis
1580 5702 2046 5772 impugnautibus.
2101 5713 2226 5756 cum
2307 5727 2321 5761 ι

2307 5706 2434 5761 καθ’
2467 5707 2669 5776 ἑαυτὴν
2702 5707 2951 5767 ἀτακτεῖ,
3010 5703 3086 5766 ὡς
3123 5704 3482 5772 πεποιωμένη
3529 5704 3642 5764 τοῖς
3675 5703 3899 5756 πάθεσι.

655 5799 911 5855 omnibus
943 5799 1179 5870 praefatis
1209 5799 1381 5855 modis
1417 5798 1547 5853 nihil
1588 5797 1956 5866 proiecerunt.

2311 5796 2522 5850 Γίνεται
2581 5796 2635 5847 δὲ
2695 5794 2790 5848 καὶ
2838 5793 3071 5862 πόλεμος
3115 5792 3202 5846 ἐπ’
3257 5791 3503 5868 ἐσχάτων
3565 5793 3808 5848 πάντων⁴
3837 5795 3904 5846 ἐκ
