4224 6464
287 381 425 448 1237

1317 373 1584 432 C.\PlTA
1633 371 1779 430 PER
1825 361 2484 427 ACROSTICIIIDEM.

3404 347 3539 409 1⁸293

285 512 421 568 νίας,
477 507 507 573 ἠ
557 502 825 569 κουφότης
851 514 866 530 ⁸
897 500 994 570 τῆς
1024 496 1081 552 δὲ
1105 495 1410 567 προκοπῆς,
1447 493 1474 544 6
1504 489 1694 560 φθόνος
1719 503 1730 518 ⁸
1757 487 1851 554 τῆς
1884 535 1886 544 .

1960 483 2080 544 diae,
2134 483 2342 534 titl'lllOll
2385 471 2695 546 progressui
2732 468 3025 522 a‘mulans;
3069 465 3294 533 primatis
3331 463 3531 513 itm-4.1:.

285 601 334 646 δὲ
363 595 717 660 παιδευτικῆς
748 589 1223 659 παραχωρήσεως,
1258 587 1290 653 ἡ
1319 584 1633 652 ὲφάμαρτος
1679 578 1849 648 βιοτή.

286 688 390 737 Καὶ
425 687 456 752 ἡ
494 684 590 752 μὲν
642 685 704 732 ἐκ
735 680 953 747 φθόνου,
1011 678 1105 730 καὶ
1131 677 1361 746 οἰήσεως
1418 674 1604 742 μόνης,
1633 671 1856 737 ταχεῖαν

285 781 394 844 εχει
420 779 518 844 τὴν
550 777 712 831 ἴασιν.
745 773 874 825 ὅταν
903 771 1136 840 μάλιστα
1163 771 1254 820 καὶ
1280 763 1676 835 ταπεινωθῃυὴ
1711 761 1765 813 δὲ
1794 762 1857 811 ἐκ

286 867 531 927 πχιδείας
561 867 628 918 δι’
659 864 934 934 ἁμαρτίαν
968 860 1045 931 τῷ
1075 861 1292 928 Σατανᾷ
1336 858 1566 919 ἐκδοσις,
1599 854 1858 913 πολλάκις

288 961 447 1025 pfpr
471 957 702 1009 θανάτου
741 953 876 1022 πρὸς
907 953 1104 1021 ἄφεσιν
1141 951 1170 1002 6
1196 949 1332 1011 Θεὸς
1383 946 1703 1015 παραχωρεῖ
1728 942 1860 994 tati-

285 1069 400 1111 τηνι.
437 1049 591 1097 Ἐστι
621 1045 665 1096 δ’
697 1046 784 1096 ὅτε
833 1042 929 1097 καὶ
973 1040 1303 1102 ἀνευθύνους
1338 1037 1681 1101 κολάζεσθαι,
1723 1034 1859 1101 πρὶις

288 1136 559 1202 σωτηρίαν
598 1133 868 1184 ἐκδίδωσι.
911 1130 1032 1201 Χρὴ
1063 1129 1117 1182 δὲ
1151 1128 1370 1189 εἰδέναι,
1410 1127 1492 1178 ὃτι
1527 1127 1621 1177 καὶ
1652 1122 1809 1183 αὐτὸς
1833 1123 1861 1172 6

287 1229 382 1292 ῖῆς
411 1228 638 1292 οἰήσεως
662 1224 873 1293 δαίμων
899 1221 1156 1290 προλέγει
1184 1222 1240 1272 ὲν
1279 1221 1392 1280 τοῖς
1421 1215 1495 1286 μὴ
1525 1214 1765 1286 ἀκριϐῶς
1796 1216 1860 1284 τῇ

289 1321 482 1387 καρδίᾳ
517 1318 902 1385 προσέχουσιν.

362 1406 493 1475 ρλγ’.
530 1409 718 1475 Ίερεῖς
756 1407 850 1459 καὶ
882 1404 1122 1473 βασιλεῖς
1174 1404 1240 1471 τῇ
1273 1399 1503 1469 ἀληθείᾳ
1535 1396 1778 1466 χρίονται
1807 1396 1863 1445 ἐν

285 1505 351 1568 τῇ
384 1498 724 1552 ἀνακαινίσει
756 1497 956 1557 πάντες
993 1493 1042 1546 οί
1087 1492 1354 1552 εὐσεϐεῖς,
1387 1489 1576 1556 ὥσπερ
1607 1488 1745 1537 κατά
1775 1485 1865 1535 τὸν

289 1594 352 1644 τύ
367 1611 463 1644 πον
511 1592 632 1642 τότε
667 1588 760 1640 καὶ.
789 1589 837 1640 οί
864 1585 1109 1639 παλαιοί.
1168 1584 1340 1634 Τύποι
1370 1581 1479 1648 γὰρ
1506 1575 1644 1647 ἦσαν
1671 1577 1868 1628 ἐκεῖνοι

290 1691 356 1753 τῇ
393 1684 637 1752 ἡμετέρᾳ.
665 1680 893 1748 ἀληθεία
922 1695 934 1708 ·
971 1678 1069 1729 οὐκ
1102 1679 1164 1728 ὲκ
1197 1675 1415 1744 μέρους,
1443 1670 1557 1723 ἀλλ’
1582 1669 1689 1722 ὅλοι
1716 1666 1869 1729 ὂλους

292 1777 442 1843 ἡμᾶς
498 1771 908 1839 ἐτεκμαίροντο.
943 1767 1079 1820 Οὔτε
1120 1766 1227 1835 γὰρ
1260 1764 1378 1816 κατ’
1418 1761 1659 1822 ἐκείνους
1687 1757 1870 1827 ὁμοιό-

1955 572 2171 637 ctionis,
2206 572 2313 624 vita
2359 566 2754 636 peccaminosa.
2793 561 2893 625 Qui
2939 569 3078 610 t'rral
3119 573 3183 609 ex
3233 555 3435 607 invutia
3485 567 3535 602 ιι

1957 668 2206 733 superbia
2249 671 2479 725 tantum,
2516 667 2763 727 prorupto
2838 662 3065 707 sanatur
3101 647 3359 709 remedio,
3399 659 3431 713 p
3464 660 3535 696 ac-

1955 757 2142 811 sertim
2181 757 2224 810 si
2273 754 2628 816 lmmilietur;
2677 749 2767 817 qui
2811 762 2936 798 vero
2975 744 3026 795 in
3072 755 3286 808 puniant
3332 738 3537 804 peccari

1968 849 2184 902 Satanae
2213 848 2442 900 traditus
2487 855 2590 907 est,
2631 856 2770 909 εει)ρο
2807 839 2955 890 illum
2989 850 3158 901 usque
3197 832 3262 885 ad
3309 843 3538 882 mortem

1957 942 2158 996 deserit
2217 939 2356 992 Deus
2416 952 2478 988 ac
2509 933 2858 1000 derelinquit.
2897 930 3200 997 Aliquando
3239 936 3418 978 tamen
3455 926 3535 974 νιςι

1956 1035 2130 1104 justos
2162 1047 2330 1101 pinum
2391 1029 2554 1081 tradit
2585 1027 2652 1080 ad
2686 1026 2936 1078 salutem.
2971 1021 3266 1075 Sciendum
3300 1030 3428 1071 vero
3456 1025 3541 1070 est

1962 1128 2028 1180 ab
2053 1127 2168 1193 ipso
2193 1121 2457 1189 superbiae
2480 1118 2748 1172 daemonio
2789 1112 3154 1183 praeoccupari
3187 1124 3282 1164 eos
3308 1112 3538 1178 qui’non

1963 1217 2250 1285 diligenter
2280 1213 2429 1268 cordi
2481 1226 2580 1265 suo
2624 1209 2932 1279 invigilant.

2045 1401 2159 1455 155.
2186 1397 2509 1452 Sacerdotes
2535 1407 2588 1449 et
2615 1410 2766 1462 reges
2795 1393 2968 1460 reipsa
2995 1401 3275 1459 unguntur
3300 1389 3352 1442 in
3381 1405 3542 1442 retro-

1969 1496 2180 1548 vatione
2209 1505 2400 1545 omnes
2444 1488 2540 1556 pii,
2573 1489 2708 1540 sicut
2753 1487 2879 1538 olim
2929 1485 3158 1554 ﬁgurate
3197 1482 3541 1551 ungehautur

1971 1597 2200 1638 veteres.
2228 1582 2302 1634 lbi
2326 1579 2468 1634 enim
2503 1577 2920 1647 praeﬁgurabant
2958 1584 3200 1628 nostram
3230 1574 3541 1634 veritatem,

1969 1687 2023 1728 et
2055 1688 2161 1726 non
2196 1685 2259 1724 ex
2288 1678 2460 1739 parte,
2495 1667 2586 1721 sed
2615 1677 2765 1720 totos
2792 1667 2882 1716 toti
2913 1680 3010 1716 nos
3034 1664 3543 1734 przcnronstrahant.

1973 1767 2156 1835 Neque
2187 1765 2330 1817 enim
2367 1760 2782 1829 congruentiam
2819 1767 3025 1810 tantum
3054 1765 3106 1809 et
3135 1755 3542 1809 similitudinum

289 1830 494 1937 τρόπος
523 1830 904 1932 κάλ’όμόειδὴς
933 1862 967 1930 ἡ
996 1830 1246 1929 ἡμετέρα
1287 1854 1556 1926 βασιλεία,
1595 1853 1687 1904 καὶ
1726 1851 1871 1921 ίερα-

1968 1874 2091 1914 cnm
2142 1856 2223 1911 eis
2269 1854 2469 1907 habent
2502 1862 2747 1906 nostrmn
2798 1863 3018 1918 regnum
3068 1856 3120 1900 et
3157 1847 3539 1906 Sacerdot‘um,

291 1961 436 2018 τεὶα.
468 1956 573 2011 κᾶν
599 1953 847 2023 σύμϐολα
875 1951 944 2004 τὰ
978 1950 1115 2003 αὑτά
1143 1965 1155 1978 ·
1199 1946 1320 2000 οὔτε
1355 1945 1479 1998 καθ’
1526 1943 1671 2013 ἡμᾶς
1707 1941 1874 2010 διορι-

295 2051 435 2116 σμὸν
463 2048 574 2117 ἔχει
608 2049 640 2116 ἠ
676 2046 860 2112 φύσις,
883 2043 914 2112 ἢ
941 2045 972 2112 ἡ
1010 2042 1186 2112 χάρις,
1213 2041 1304 2092 καὶ
1340 2039 1372 2108 ἡ
1401 2036 1590 2106 κλῆσις
1620 2033 1753 2102 πρὸς
1775 2031 1873 2102 τὴν

293 2142 498 2209 χρίσιν,
522 2139 613 2192 τοῦ
649 2134 787 2189 εῖναι
819 2137 885 2188 τὰ
917 2133 1213 2204 χρισθέντα
1260 2130 1526 2199 διάφορα·
1563 2126 1699 2180 ἀλλά
1748 2124 1874 2193 μίαν

294 2233 391 2284 καὶ
418 2231 516 2299 τὴν
539 2228 707 2296 αὐτὴν
732 2227 947 2294 κλῆσιν,
985 2224 1078 2276 καὶ
1102 2223 1306 2279 πίστιν,
1336 2221 1428 2273 καὶ
1456 2218 1736 2289 μόρφωσιν
1761 2215 1875 2283 έχο-

299 2341 422 2391 μεν.
455 2321 615 2389 Δηλοῖ
643 2320 698 2372 δὲ
730 2319 823 2370 καὶ
854 2315 1130 2386 ἐμφαίνει,
1188 2312 1330 2366 κατὰ
1358 2312 1454 2363 τὸν
1483 2311 1583 2377 τῆς
1619 2307 1876 2376 ἀληθείας

294 2413 479 2482 λόγον,
514 2412 574 2463 τὸ
601 2410 846 2481 καθαρὸν
882 2408 976 2461 καλ⁸
1010 2406 1242 2467 ἀπαθὲς,
1276 2405 1370 2458 καὶ
1411 2404 1530 2455 ὅλον
1565 2400 1878 2470 ἀφιερωμέ-

295 2524 411 2569 νον,
434 2503 552 2572 Θεῷ
579 2501 834 2570 γενέσθαι
863 2500 956 2552 νῦν
987 2515 1044 2551 τε
1079 2500 1172 2550 καὶ
1195 2499 1250 2548 έν
1282 2494 1359 2560 τῷ
1388 2493 1657 2560 μέλλοντι.

373 2596 504 2665 ρλδ’.
546 2593 744 2662 Σοφίαν
770 2591 1072 2659 τηνικαῦτα
1101 2591 1308 2650 ἐκεῖνος
1339 2586 1416 2657 τῷ
1449 2585 1676 2652 στόματι
1703 2583 1874 2648 λαλεῖ,

297 2688 395 2738 καὶ
439 2686 506 2754 τῇ
556 2684 654 2753 τῆς
687 2681 914 2752 καρδίας
954 2681 1152 2751 μελέτῃ
1184 2677 1421 2739 σύνεσιν,
1458 2679 1485 2728 6
1518 2673 1650 2726 Θεὸν
1683 2675 1875 2740 Λόγον,

298 2781 398 2844 τὴν
427 2776 522 2829 τοῦ
549 2776 684 2829 Θεοῦ
707 2777 798 2827 καὶ
836 2774 1047 2842 [ἰατρὸς
1084 2771 1450 2824 ὲνυπόστατον
1500 2769 1710 2836 σοφίαν,
1743 2783 1876 2836 τρα-

297 2872 404 2931 νὼς
442 2871 505 2921 ἐκ
553 2868 662 2921 τῶν
713 2867 882 2920 ὄντων
922 2866 1222 2935 ἐμφαίνων,
1277 2863 1351 2924 ὡς
1383 2864 1506 2922 τοὺς
1551 2861 1738 2926 λόγους
1767 2858 1876 2912 τῶν

291 2957 626 3027 ἀρχετύπων
659 2959 715 3008 ἐν
742 2959 852 3016 τοῖς
880 2952 1031 3006 οὖσιν
1058 2955 1194 3022 ἔχων
1227 2952 1751 3023 χαρακτηρίςοντας,
1781 2951 1876 3003 καὶ

291 3051 387 3104 διὰ
437 3050 533 3101 τοῦ
579 3049 698 3100 κατ’
757 3048 1040 3116 ἐνέργειαν
1082 3047 1279 3110 ζῶντος
1310 3045 1494 3111 λόγου,
1544 3043 1621 3112 τῷ
1649 3043 1878 3104 στόματι

297 3141 454 3192 λαλεῖ
495 3138 688 3206 σοφίαν
718 3140 780 3189 ὲκ
806 3137 994 3204 σοφίας
1016 3152 1029 3165 ⁶
1057 3139 1120 3206 τῇ
1153 3137 1206 3188 δὲ
1243 3135 1439 3204 καρδίᾳ⁴
1472 3133 1881 3202 ἐλλαμπόμενος

301 3236 369 3298 τῇ
402 3231 630 3299 δυνάμει
657 3229 752 3297 τῆς
785 3226 1220 3297 μεταποιητικῆς
1267 3227 1536 3287 συνέσεως
1579 3225 1882 3292 μελετωμέ-

299 3339 401 3387 νης
429 3319 509 3390 τῷ
536 3319 830 3388 πνεύματι,
883 3321 1056 3370 ποιεῖν
1105 3318 1196 3370 καὶ
1236 3316 1494 3384 φωτίζειν
1549 3314 1771 3367 δύναται
1797 3315 1887 3368 διὰ

299 3416 400 3481 τῆς
434 3412 728 3474 συνέσεως,
759 3411 887 3470 τοὺς
917 3408 1122 3472 πιστῶς
1147 3407 1459 3469 ἀκούοντας.

378 3499 506 3573 ρλε’.
548 3501 610 3553 Ἡ
641 3500 854 3568 μεγάλη
881 3499 982 3568 τῆς
1003 3499 1258 3568 ἀληθείας
1284 3497 1597 3560 ἀντίπαλος,
1624 3495 1719 3549 καὶ
1750 3497 1884 3568 πρὸς

300 3593 585 3647 ἀπώλειαν
627 3594 752 3654 τοὺς
785 3591 1105 3660 ἀνθρώπους
1151 3592 1384 3643 ἕλκουσα
1437 3590 1613 3659 πλάνη
1648 3591 1885 3658 σήμερον

301 3683 404 3754 (δι’
432 3677 499 3754 ἦς
533 3685 567 3752 ἡ
599 3683 790 3745 ἄγνοια
840 3681 930 3742 τοῦ
967 3683 1190 3742 σκότους
1250 3682 1307 3733 ὲν
1364 3684 1483 3742 ταῖς
1535 3680 1732 3750 ψυχαῖς
1777 3681 1884 3732 τῶν

302 3776 569 3846 ῥᾳθύμων
591 3774 961 3837 ἐϐασίλευσεν,
985 3776 1047 3825 ὲκ
1071 3772 1206 3825 Θεοῦ
1233 3772 1642 3841 ἀλλοτριώσασα
1667 3770 1883 3832 αὐτούς’

300 3869 352 3921 οἳ
378 3867 472 3919 καὶ
503 3868 578 3929 ὡς
610 3866 685 3936 μὴ
716 3861 855 3917 εἶναι
887 3865 1019 3916 Θεὸν
1052 3865 1436 3932 γινώσκοντες,
1463 3862 1556 3914 τὸν
1585 3863 1730 3931 ἡμᾶς
1759 3862 1887 3913 ἀνα-

300 3959 648 4028 γεννήσαντα
698 3957 792 4011 xad.
841 3957 1174 4026 φωτίσαντα,
1205 3956 1239 4025 ἢ
1280 3955 1424 4024 λόγῳ
1456 3955 1602 4024 μόνῳ
1621 3951 1763 4024 ψιλῷ
1795 3969 1886 4005 πι-

302 4048 637 4118 στευόμενον
661 4048 755 4100 καὶ
780 4047 1207 4116 γινωσκόμενον,
1233 4045 1329 4099 καὶ
1371 4045 1471 4098 οὐκ
1504 4045 1671 4114 ἔργῳ,
1704 4043 1736 4114 ἢ
1775 4045 1888 4106 τοῖς

299 4138 556 4208 ἀρχαίοις
572 4137 752 4208 μόνοις
772 4137 1210 4207 ἐπιφαινόμενον,
1237 4137 1328 4189 καὶ
1344 4136 1463 4204 οὐχὶ
1485 4137 1576 4187 καὶ
1606 4137 1758 4203 ἡμῖν,
1785 4134 1886 4197 τὰς

303 4230 591 4298 Γραφικάς
624 4230 752 4299 περὶ
789 4228 924 4281 Θεοῦ
959 4227 1265 4300 μαρτυρίας
1319 4225 1520 4291 ἄλλοις,
1555 4225 1588 4294 ἢ
1620 4225 1715 4277 καὶ
1776 4226 1888 4288 τοῖς

299 4320 554 4390 είρηκόσι
572 4321 971 4389 προσάπτουσι,
998 4319 1092 4376 καὶ
1123 4319 1301 4384 δόξαν,
1334 4316 1407 4381 ὥς
1433 4334 1564 4387 φησι
1584 4317 1710 4386 περὶ
1725 4314 1884 4380 Θεοῦ,

302 4414 712 4483 βλασφημοῦσι,
745 4414 846 4484 τὴν
890 4413 946 4466 δὲ
988 4415 1333 4481 ἐπιγνώσεως
1385 4413 1552 4473 ὅντως
1605 4409 1887 4464 εὐσέϐειαν

1966 1966 2084 2021 qlae
2109 1949 2296 2003 iisdem
2326 1947 2494 2016 signis
2513 1944 2942 2013 portenduntur;
2973 1956 3149 2010 neque
3173 1941 3542 1993 diversitatem

1971 2044 2169 2098 habent
2199 2041 2338 2110 apud
2371 2053 2470 2092 nos
2500 2046 2714 2099 natura,
2746 2046 2838 2088 aut
2871 2035 3064 2102 gratia,
3098 2044 3190 2086 aut
3218 2033 3432 2084 vocatio
3481 2035 3545 2080 a.t

1970 2135 2302 2200 unctionem,
2335 2140 2392 2187 ut
2425 2139 2584 2184 uncta
2617 2132 2725 2183 sint
2761 2127 3156 2195 discrepantia,
3181 2126 3275 2178 sed
3307 2142 3466 2176 ttttam
3499 2134 3550 2176 ct

1969 2229 2217 2285 eamdem
2248 2227 2585 2280 vocationem
2618 2222 2884 2286 ﬁdemque
2909 2238 2970 2272 ac
3001 2219 3232 2272 formam
3262 2219 3544 2268 habemus.

1969 2319 2218 2378 Ostendit
2249 2326 2428 2372 autem
2463 2329 2524 2369 ac
2560 2315 2915 2375 denmnstrat,
2961 2311 3113 2377 juxta
3149 2307 3397 2361 veritatis
3432 2323 3552 2358 vcr-

1972 2419 2118 2478 bum,
2159 2412 2365 2480 puritas
2409 2405 2927 2476 impﬂSSlbililﬂs'tlllc
2951 2414 3002 2454 et
3033 2402 3236 2470 quaevis
3285 2402 3549 2455 sanctitas

1974 2505 2227 2557 unionem
2261 2517 2380 2554 cum
2418 2498 2528 2553 Deo
2559 2507 2882 2566 pra-sentem
2920 2505 2971 2548 et
3006 2494 3263 2548 futuram.

2045 2595 2168 2649 15ί.
2207 2592 2300 2648 llle
2343 2591 2455 2659 jam
2512 2605 2658 2643 nunc
2705 2604 2800 2641 ore
2851 2587 3088 2655 loquitur
3131 2585 3449 2653 sapientiam
3501 2594 3548 2634 et

1976 2689 2156 2743 cordis
2187 2683 2540 2740 meditatione
2564 2684 2930 2748 prmlentiam,
2955 2681 3046 2747 qui
3083 2678 3247 2730 Densi.
3283 2677 3373 2730 Ve:
3396 2699 3454 2730 ,τι

1975 2777 2396 2836 substantialem
2424 2774 2514 2828 Dei
2544 2773 2720 2828 Patris
2748 2774 3095 2840 Sapientiam,
3124 2773 3269 2824 clare
3296 2788 3356 2823 et

1975 2871 2245 2935 ostendit;
2294 2868 2386 2936 qui
2441 2867 2655 2921 ratione
2702 2865 3128 2933 archetyporum
3165 2867 3216 2916 in
3270 2865 3432 2916 rebus

1977 2963 2111 3018 deus
2159 2974 2471 3030 exprCSsas,
2509 2974 2575 3013 ex
2629 2959 2861 3012 viventis
2914 2973 3007 3026 per
3057 2967 3427 3025 operatoncm
3475 2973 3486 3006 ι
3537 2984 3555 2990 --

1980 3055 2142 3110 tionis
2176 3053 2438 3121 sapientia
2481 3050 2804 3121 sapientiam
2849 3065 2942 3103 ore
2990 3050 3254 3116 loquitur,
3291 3059 3346 3101 et
3392 3052 3554 3100 corde

1981 3147 2315 3199 illuminatus
2349 3156 2514 3211 atqne
2552 3143 2969 3198 transformatus
3000 3156 3094 3210 per
3128 3141 3381 3194 virtutem
3413 3155 3511 3207 pru
3535 3171 3547 3179 -

1979 3239 2174 3292 dentiae
2216 3235 2523 3303 spiritualia
2557 3235 2886 3293 meditantis.
2921 3231 3099 3284 facere
3148 3241 3202 3283 ιιι
3239 3231 3549 3283 illuminare

1978 3337 2155 3399 potest
2182 3342 2275 3397 per
2313 3328 2453 3382 hanc
2483 3327 2825 3396 prudentiam
2854 3326 3039 3378 lideles
3076 3325 3373 3377 auditores.

2053 3505 2155 3558 135
2214 3501 2534 3557 Lahcl‘actat
2566 3501 2791 3555 multum
2824 3503 3106 3554 veritatem
3139 3511 3194 3555 et
3223 3503 3470 3558 homines
3495 3506 3559 3559 ad

1981 3597 2271 3664 pernitiem
2308 3609 2453 3646 utine
2517 3592 2678 3645 trahit
2730 3608 2904 3655 error,
2941 3608 3034 3660 per
3061 3609 3220 3660 quem
3260 3595 3558 3663 ignorantia

1981 3688 2276 3756 caliginosa
2322 3687 2372 3736 in
2407 3684 2600 3737 animis
2637 3683 2953 3751 ignavorum
3003 3691 3210 3751 regnat,
3244 3699 3273 3736 a
3311 3684 3421 3738 Deo
3467 3700 3560 3738 co:

1981 3781 2325 3832 abalienans:
2359 3779 2448 3844 qui
2481 3776 2720 3845 quidem,
2759 3787 3011 3843 tanquam
3045 3778 3351 3829 nescientes
3384 3779 3558 3830 exsis-

1985 3883 2093 3924 tere
2123 3870 2288 3924 Deum
2326 3871 2416 3938 qui
2451 3869 2597 3938 ipsos
2615 3869 2896 3921 creavitet
2926 3867 3273 3934 illuminavit,
3311 3883 3403 3921 aut
3438 3885 3559 3922 eum

1983 3965 2228 4017 dicentes
2251 3977 2399 4015 mera
2428 3971 2638 4015 tantum
2664 3960 2898 4025 ratione,
2923 3969 2981 4013 at
3002 3951 3391 4030 non-eperihus
3413 3967 3558 4015 creti.

1983 4067 2144 4124 atque
2182 4055 2457 4123 cognosci,
2514 4062 2606 4107 aut
2649 4057 2924 4108 veteribus
2970 4062 3202 4117 tantum,
3239 4055 3378 4106 haud
3438 4072 3561 4108 vero

1986 4147 2144 4200 nobis
2192 4145 2594 4199 nraiiilcstaturrr
2645 4161 2788 4208 esse,
2825 4147 3120 4214 Scriptum
3153 4145 3220 4198 de
3253 4146 3362 4198 Deo
3409 4156 3529 4198 lusit

1987 4241 2165 4292 monia
2199 4238 2318 4290 aliis
2348 4237 2668 4292 auctoribus
2716 4238 3047 4304 attribuunt,
3083 4253 3143 4290 ac
3181 4239 3407 4307 gloriam
3444 4240 3536 4291 Der

1989 4346 2043 4383 ut
2075 4333 2144 4384 ita
2174 4333 2370 4392 dicant,
2407 4332 2804 4398 hlasphemant,
2851 4341 3013 4399 atque
3047 4344 3230 4386 veram
3275 4331 3558 4384 scientiam

1991 4434 2353 4492 pietatemque
2386 4433 2698 4486 renuentes,
2725 4422 3082 4492 corporaliter
3105 4429 3341 4485 tantum,
3367 4434 3420 4474 ut
3451 4439 3552 4474 non

289 4516 741 4586 ἀπαρνούμενοι,
778 4515 874 4570 καὶ
910 4517 1237 4586 σωματικῶς
1274 4515 1454 4585 μόνον,
1486 4513 1574 4567 ἵνα
1610 4515 1688 4584 μὴ
1746 4516 1884 4568 εἴπω

1956 4552 1960 4581 ,
1991 4517 2165 4569 oicam
2189 4515 2427 4583 judaice,
2456 4515 2773 4583 Scripturas
2806 4516 3011 4583 legunt,
3037 4525 3086 4568 et
3121 4525 3440 4582 prtesentem
3479 4533 3558 4566 re-

304 4609 638 4672 Ἰουδαῖκῶς,
672 4608 769 4670 τὰς
795 4609 1018 4678 Γραφάς
1050 4607 1506 4674 ἀναγινώσκουσι,
1537 4604 1638 4677 τὴν
1669 4607 1758 4662 διὰ
1785 4608 1884 4677 τῆς

293 4700 649 4761 ἀναστάσεως
679 4698 779 4768 τῆς
809 4697 988 4768 ψυχῆς
1014 4696 1264 4750 ἐντεῦθεν
1293 4696 1512 4766 ἔγερσιν
1531 4695 1883 4766 ἀπαρνούμε-

297 4810 402 4850 νοι,
439 4791 534 4841 καὶ
567 4790 842 4841 κατοικεῖν
877 4788 935 4839 έν
960 4786 1149 4854 τάφοις
1189 4785 1485 4854 ἀγνώστως
1513 4785 1883 4856 ὲπιποθοῦσι)·

296 4877 368 4930 τὰ
403 4876 530 4944 τρία
563 4875 737 4928 ταῦτα
765 4874 913 4944 πάθη
950 4875 1321 4943 ὑπάρχουσιν·
1347 4875 1596 4938 ἀπιστία,
1630 4875 1886 4944 πονηρία,

301 4970 400 5022 καὶ
453 4967 720 5038 ῥᾳθυμία.
769 4966 1041 5034 ’Δλλήλων
1087 4965 1144 5016 δέ
1173 4967 1278 5017 είσι
1309 4966 1604 5033 γεννητικὰ
1647 4966 1740 5018 καὶ
1774 4983 1890 5017 συν-

300 5059 504 5113 εκτικά
526 5076 539 5088 ·
569 5058 799 5112 ἀπιστία
823 5059 952 5129 γάρ,
986 5056 1254 5128 πονηρίας
1276 5057 1592 5120 διδάσκαλος
1612 5073 1623 5085 ·
1656 5058 1892 5127 πονηρία

297 5154 382 5215 δὲ,
429 5150 729 5220 σύντροφος
763 5150 1059 5220 ῥᾳθυμίας,
1100 5144 1168 5220 ἧς
1197 5151 1230 5219 ἡ
1255 5150 1484 5220 ὀκνηρία
1516 5149 1784 5220 σύμϐολον
1811 5167 1824 5180 ·
1856 5150 1888 5219 ἢ

298 5246 364 5294 τὸ
387 5242 680 5305 ἀνάπαλιν,
713 5242 979 5312 ῥᾳθυμία,
1007 5242 1273 5311 πονηρίας
1295 5242 1608 5312 γεννήτρια,
1637 5243 1710 5304 ὡς
1731 5244 1757 5294 ό
1786 5241 1891 5293 Κύ-

304 5354 428 5406 ριος
454 5335 689 5405 ἔφησεν·
729 5353 747 5387 ι
786 5336 996 5404 Πονηρὲ
1041 5334 1196 5388 δοῦλε
1228 5335 1319 5387 καὶ
1347 5334 1569 5404 ὀκνηρέ.
1601 5354 1617 5385 ι
1655 5335 1894 5404 Πονηρία

297 5429 386 5492 δὲ,
432 5428 615 5496 μήτηρ
658 5426 952 5489 ἀπιστίαςυ
1005 5428 1113 5487 πᾶς
1162 5425 1271 5496 γὰρ
1307 5426 1563 5496 πονηρὸς,
1592 5427 1839 5490 ἄπιστος,
1870 5430 1896 5479 ὀ

301 5519 364 5570 δὲ
393 5516 469 5586 μὴ
506 5518 803 5579 πιστεύων,
837 5518 932 5569 καλ⁵
964 5516 1164 5584 ἄφοϐος
1198 5516 1339 5585 Θεῷ.
1383 5517 1471 5582 Ἐξ
1504 5511 1568 5586 ἧς
1595 5517 1627 5586 ἡ
1653 5517 1894 5586 ῥᾳθυμία

303 5609 599 5676 γεννᾶται,
634 5609 667 5676 ἡ
699 5608 884 5678 μήτηρ
931 5608 1030 5676 τῆς
1065 5609 1550 5678 καταφρονήσεως,
1581 5609 1646 5660 δι’
1670 5604 1737 5679 ἦς
1789 5611 1896 5661 πᾶν

302 5699 520 5762 ἀγαθὸν
541 5700 850 5769 ἀμελεῖται,
885 5702 978 5752 καὶ
1001 5701 1110 5753 πᾶν
1146 5704 1314 5752 κακὸν
1344 5701 1762 5769 διαπράττεται.

386 5791 532 5865 ρλῌ.
589 5793 724 5859 Δόξα
767 5795 893 5862 περῖ
949 5793 1082 5846 Θεοῦ
1141 5793 1362 5864 ἀληθὴς,
1411 5796 1501 5847 καὶ
1552 5794 1750 5861 γνῶσις
1786 5795 1896 5848 τῶν

1992 4610 2303 4663 viviscentis
2334 4609 2526 4661 auintre
2565 4621 2824 4673 negantes
2866 4610 3348 4674 resurrectionem,
3388 4610 3441 4662 iu
3478 4627 3554 4663 se-

1993 4701 2193 4770 pulcris
2241 4702 2453 4768 inglorii
2500 4701 2751 4752 habitare
2795 4700 3045 4770 cupiunt.
3083 4699 3336 4754 Errorem
3377 4702 3561 4754 Subsc-

1991 4801 2236 4859 qnnntur
2282 4791 2382 4842 tria
2431 4791 2543 4844 lucc
2588 4789 2717 4844 vitia
2765 4805 2783 4843 :
2833 4789 3208 4858 incredulitas,
3259 4792 3461 4845 malitia
3511 4803 3563 4847 ct

1993 4883 2226 4950 ignavia.
2263 4881 2388 4936 Hice
2417 4896 2475 4936 se
2509 4882 2737 4936 invicem
2771 4893 3040 4950 generant
3079 4892 3135 4938 et
3173 4895 3500 4940 conservant
3548 4903 3562 4938 ι

1993 4975 2340 5027 incredulitas
2369 4974 2512 5026 enim
2539 4984 2619 5027 est
2645 4975 2863 5026 malitia:
2884 4973 3149 5042 magistra
3179 4993 3191 5037 ;
3229 4976 3436 5031 malitia
3471 4993 3567 5029 an—

1996 5079 2100 5121 tem
2132 5082 2316 5122 comes
2349 5068 2596 5136 ignaviae,
2634 5067 2789 5132 cujus
2825 5066 3040 5135 signum
3081 5077 3166 5122 est
3205 5069 3440 5136 pigritia,
3473 5082 3568 5124 aut

1993 5164 2108 5216 vice
2143 5177 2295 5214 versa
2345 5161 2557 5229 ignavia
2602 5168 2686 5212 est
2713 5159 2930 5213 malitiae
2969 5167 3166 5222 mater,
3201 5170 3261 5214 ut
3306 5160 3568 5216 Dominus

1989 5254 2116 5307 dit‘it
2151 5253 2367 5322 (ΜαιιΙι.
2405 5265 2534 5315 xxv,
2563 5250 2653 5314 ‘26)
2675 5269 2721 5316 ,ι
2744 5250 2911 5305 Serve
2945 5252 3085 5306 male
3117 5263 3171 5306 et
3205 5254 3374 5321 piger.
3418 5273 3436 5304 ι
3465 5253 3571 5307 Μο-

1991 5347 2103 5400 litia
2152 5347 2277 5399 item
2321 5355 2405 5398 est
2450 5344 2854 5398 incredulitatis
2897 5358 3096 5412 parens
3138 5359 3155 5398 :
3197 5346 3380 5398 omnis
3423 5346 3567 5399 enim

1993 5438 2186 5498 malus.
2214 5436 2531 5491 incredulus
2553 5445 2671 5499 est;
2696 5445 2749 5489 et
2776 5437 2868 5504 qui
2899 5450 3001 5489 non
3033 5435 3232 5501 credit,
3265 5438 3430 5490 Deum
3463 5454 3566 5491 nec

1994 5530 2146 5582 timet
2181 5546 2194 5582 :
2225 5538 2277 5582 et
2304 5542 2365 5582 ex
2409 5529 2509 5582 hac
2531 5529 2773 5582 nascitur
2808 5529 3018 5596 ignavia
3050 5537 3223 5582 mater
3255 5529 3570 5598 deSpCCtiO-

1991 5624 2110 5687 nis,
2161 5637 2254 5690 per
2294 5635 2457 5689 quam
2504 5636 2666 5676 omne
2712 5621 2913 5675 bonum
2981 5620 3357 5685 committitur,
3407 5636 3570 5676 υιιιιιο

1995 5716 2193 5770 malum
2228 5713 2524 5768 omittitur.

2067 5807 2188 5863 l36.
2217 5808 2361 5863 Laus
2387 5806 2478 5862 Dei
2515 5823 2662 5875 vera,
2690 5818 2742 5864 ct
2775 5806 3002 5863 scicntia
3041 5821 3218 5862 rerum
3249 5816 3419 5872 certa,
3448 5819 3569 5876 per-
