4224 6464
1676 383 1943 442 CAPITA
1987 382 2184 439 ALIA.
3393 360 3531 422 Ῑῗῖῦῖἶ

578 487 707 553 Περὶ
748 484 855 549 τῆς
878 484 1176 553 ἐιιπαθοῦς
1205 482 1595 547 ἀλλοιώσεως.
1900 496 1941 550 Α

376 576 438 625 δ’.
480 573 541 625 Ἥ
573 573 768 642 ἀκηδία
801 568 1306 637 δυσκαταγώνιστον
1336 567 1469 619 οὖσα
1494 566 1682 629 πάθος,
1730 582 1865 633 χαυ-

284 372 287 375 ⁷
319 391 449 457 1301

2426 482 2500 535 De
2538 481 2723 535 vitiosa
2762 479 3068 528 mutatione.

2048 575 2099 628 ι.
2127 573 2340 635 Acedia,
2369 585 2485 638 quae
2508 579 2590 623 est
2617 566 2792 634 passio
2826 574 3056 632 pugnatu
3094 562 3337 624 difﬁcilis,
3372 577 3524 613 cncr-

311 667 391 715 νοῖ
413 665 472 715 τὸ
496 664 677 731 σῶμα,
713 662 1077 730 χαυνουμένου
1104 660 1158 711 δὲ
1199 656 1293 710 τοῦ
1327 658 1599 726 σώματος,
1631 670 1869 722 συγχαυ-

312 752 495 804 κοῦται
529 753 622 804 καὶ
646 754 680 822 ἡ
729 750 898 819 ψυχὴ,
956 748 1278 817 ἀμφοτέρων
1301 748 1356 798 δὲ
1386 746 1742 809 έκλυίὶέντων,
1775 746 1869 796 άλ-

311 844 516 895 λίιιοῦσι
546 842 645 912 τὴν
678 844 878 908 κρᾶσιν
897 839 990 891 τοῦ
1016 839 1263 906 σώματος
1290 836 1377 890 διὰ
1405 840 1499 906 τῆς
1520 836 1868 905 ἡδυπαθείας·

310 937 341 1002 ἡ
377 934 430 985 δὲ
464 933 767 1002 ἡδυπάθεια
813 931 952 982 κινεῖ
989 927 1085 997 τὴν
1113 927 1313 995 ὄρεξιν,
1355 927 1387 994 ἡ
1421 925 1597 994 ὄρεξις
1629 924 1725 992 τὴν
1766 922 1870 975 πῦ-

314 1039 499 1090 ρωσιν,
529 1021 561 1090 ἡ
592 1019 833 1087 πύρωσις
883 1018 979 1087 τὴν
1031 1017 1420 1078 ἐπανάστασιν,
1446 1015 1478 1083 ἡ
1507 1013 1871 1074 ἐπανάστασις

315 1115 452 1164 κινΞῖ
478 1112 575 1179 τὴν
609 1112 848 1180 μνήμην,
883 1110 915 1176 ἡ
954 1109 1138 1178 μνήμη
1165 1107 1262 1176 τὴν
1315 1106 1635 1173 φαντασίαν,
1681 1107 1713 1173 ἡ
1739 1122 1871 1171 φαν-

316 1204 474 1256 τασία
527 1203 625 1270 τὴν
659 1200 1043 1270 προσδολὴν,ή
1075 1198 1345 1268 προσϐολὴ
1391 1196 1484 1248 τὸν
1520 1196 1874 1264 συνδυασμὺν,

314 1299 340 1345 ὁ
393 1292 729 1357 συνδυασμὸς
774 1292 870 1360 τὴν
927 1289 1341 1355 συγκατάθεσιν,
1398 1290 1431 1353 ἠ
1488 1286 1875 1354 συγκατάθεσις

317 1388 459 1435 ποιεῖ
508 1383 608 1452 τὴν
652 1381 869 1450 πρᾶξιν,
911 1380 1019 1431 εἴτε
1060 1380 1158 1447 τὴν
1187 1378 1274 1431 διὰ
1324 1377 1591 1445 σώματος.
1635 1377 1740 1427 είτε
1780 1376 1877 1442 τὴν

317 1476 355 1522 δ
372 1475 403 1523 ὰ
443 1471 791 1533 πολυτρόπων
823 1468 1194 1539 παρατριὸῶν,
1219 1467 1313 1519 καὶ
1340 1466 1509 1529 οὕτως
1530 1468 1556 1517 6
1585 1466 1679 1518 ἀνθ
1691 1481 1870 1535 ρωπος

317 1563 381 1628 ﬁ:
398 1560 570 1627 τηθεὶς
599 1556 1025 1627 πτωματίζεται.

640 1664 774 1733 Περὶ
810 1661 921 1730 τῆς
949 1661 1176 1729 ἀγαθῆς
1207 1662 1599 1725 ἀλλοιώσεως.

394 1777 455 1831 ε’.
495 1777 559 1830 Ἦ
591 1775 835 1845 ὑπομονὴ
866 1776 922 1828 ὲν
949 1774 1111 1826 παντὶ
1137 1774 1280 1844 ἔργῳ
1303 1775 1475 1827 τίκτει
1502 1775 1597 1843 τὴν
1613 1774 1881 1843 ἀνδρείαν,

325 1875 355 1939 ἡ
404 1870 623 1939 ἀνδρεία
655 1869 751 1937 τὴν
798 1864 1128 1935 προθυμίαν,
1158 1867 1192 1933 ἡ
1230 1865 1507 1933 προθυμία
1548 1865 1645 1931 τὴν
1688 1880 1883 1935 καρτε-

327 1966 470 2031 ρίιν,
504 1962 535 2026 ἡ
584 1957 847 2026 καρτερία
875 1956 970 2026 τὴν
997 1957 1247 2008 ἐπίτασιν
1266 1994 1281 2019 ,
1309 1956 1341 2023 ὴ
1386 1954 1478 2007 τοῦ
1506 1954 1666 2025 ἔργου
1702 1958 1887 2006 ὲπίτα-

329 2054 627 2122 σε;,ἠγουν
655 2051 962 2120 προσθήκη,
1011 2049 1331 2111 κατευνάζει
1363 2048 1459 2117 τὴν
1492 2048 1757 2117 ἀκρασίαν
1790 2045 1885 2098 τοῦ

329 2147 601 2211 σώματδς,
634 2143 728 2193 καὶ
758 2142 852 2211 τὴν
883 2138 1212 2209 ἡδυπάθειαν
1239 2141 1434 2209 ἡμεροῖ
1451 2139 1547 2204 τῆς
1571 2136 1883 2206 ἐπιθυμίας.

328 2240 357 2299 ὴ
398 2232 660 2301 ἐπιθυμία
688 2232 743 2284 δὲ
777 2232 914 2281 κινεῖ
946 2230 1035 2280 τὸν
1068 2228 1248 2294 πόθον,
1271 2229 1299 2280 6
1321 2228 1481 2289 πόθος
1530 2228 1625 2295 τὴν
1648 2227 1886 2293 ἀγάπην,

330 2328 360 2391 ἡ
395 2324 579 2391 ἀγάπη
631 2322 721 2374 τὸν
764 2321 948 2389 ζῆλον,
987 2320 1015 2371 6
1056 2316 1211 2387 ζῆλος
1250 2318 1347 2387 τὴν
1388 2318 1617 2387 θέρμην,
1645 2318 1677 2386 ὴ
1710 2318 1887 2386 θέρμη

331 2417 429 2481 τὴν
487 2415 775 2484 διέγερςιν,
816 2414 848 2481 ἡ
883 2412 1149 2480 διέγερσις
1201 2411 1298 2478 τὴν
1327 2410 1578 2478 σπουδὴν,
1602 2411 1647 2478 ⁴ή
1686 2408 1889 2479 σπουδὴ

330 2509 431 2571 τὴν
461 2505 792 2575 προσευχὴν,
824 2505 857 2572 ὴ
902 2503 1173 2571 προσευχὴ
1224 2502 1322 2570 τὴν
1359 2502 1607 2570 ἡσυχίαν,
1634 2501 1667 2571 ή
1696 2500 1893 2570 ἡσυχία

333 2602 505 2650 τίκτει
531 2597 629 2667 τὴν
667 2596 917 2664 θεωρίαν,
947 2595 979 2663 ὴ
1012 2593 1211 2663 θεωρία
1243 2592 1341 2661 τὴν
1368 2592 1586 2659 γνῶσιν,
1625 2595 1657 2661 ὴ
1695 2591 1893 2659 γνῶσις

333 2692 431 2756 τὴν
467 2690 571 2739 τῶν
607 2687 919 2756 μυστηρίων
956 2684 1255 2754 κατάληψιν
1278 2699 1291 2713 ·
1349 2684 1502 2746 τέλος
1548 2684 1604 2735 δὲ
1635 2684 1743 2735 τῶν
1790 2701 1896 2752 μυ-

338 2780 596 2845 στηρίων,
636 2779 666 2845 ἡ
724 2775 993 2843 οε¹δλογία,
1024 2774 1235 2844 καρπὸς
1280 2773 1335 2825 δὲ
1384 2773 1481 2842 τῆς
1538 2773 1811 2839 θεολογίας
1860 2774 1894 2845 ἡ

338 2870 522 2921 τελεία
573 2869 783 2935 ἀγάπη,
810 2868 907 2936 τῆς
937 2866 1156 2934 ἀγάπης
1218 2865 1616 2933 ἡταπείνωσις,
1662 2865 1760 2932 τῆς
1800 2881 1895 2916 τα-

342 2962 647 3023 πεινώσεως
681 2964 713 3031 ὴ
751 2962 1006 3021 ἀπάθεια,
1038 2960 1136 3027 τῆς
1186 2957 1451 3019 ἀπαθείας
1497 2958 1531 3024 ή
1579 2957 1893 3025 προόρασις,

340 3055 431 3103 καί
471 3052 804 3121 προφητεία,
826 3051 918 3103 καὶ
949 3049 1256 3118 πρόγνωσις
1278 3064 1289 3076 ·
1340 3048 1401 3099 οὺ
1425 3046 1531 3116 γάρ
1561 3045 1770 3106 τελείας
1814 3060 1897 3106 τις

1981 678 2067 719 vat
2114 680 2348 732 corpus;
2398 661 2635 714 relaxato
2670 664 2846 709 autent
2884 668 3127 721 corpore,
3164 652 3431 703 emollitur
3474 663 3527 703 et

1981 758 2198 820 anima;
2236 753 2494 806 ambobus
2516 760 2689 801 autem
2724 745 3023 806 dissolutis,
3061 742 3371 796 constitutio
3408 758 3531 794 cor-

1981 849 2126 916 poris
2178 854 2417 898 mtttatur
2470 841 2784 906 voluptate;
2830 834 3076 899 voluptas
3122 843 3299 885 autem
3357 842 3533 885 movet

1981 934 2492 1003 concupiscentiam,
2564 925 2999 994 concupiscentia
3084 931 3297 985 mstnm,
3366 936 3527 977 aestus

1984 1026 2418 1088 commotionem,
2440 1020 2730 1075 commotio
2754 1015 3089 1075 memoriam,
3117 1014 3370 1067 memoria
3396 1015 3530 1067 iuta-

1985 1117 2336 1187 ginationem,
2375 1110 2689 1181 imaginatio
2724 1109 3095 1169 lentationem,
3136 1106 3355 1159 tentatio
3384 1118 3531 1157 com-

1988 1208 2330 1274 plact-ntiam,
2386 1202 2770 1270 compiacentia
2837 1210 3187 1260 consensum,
3237 1209 3533 1248 consensus

1986 1304 2162 1347 actum
2192 1292 2403 1354 mentis,
2426 1292 2616 1363 deinde
2648 1290 2911 1341 a~tionetn
2944 1286 3209 1353 corporis,
3241 1293 3530 1351 posteaque

1987 1388 2246 1455 permulta
2280 1395 2515 1454 peccata,
2546 1394 2595 1437 ct
2630 1384 2705 1434 sic.
2736 1383 2895 1433 homo
2924 1381 3091 1431 victu:
3117 1378 3438 1429 succumbit.

2482 1670 2551 1720 De
2586 1667 2720 1718 bona
2750 1666 3051 1715 mutatione.

2060 1790 2111 1842 5.
2139 1782 2541 1841 Perseverantia
2566 1780 2620 1833 in
2648 1780 2789 1832 omni
2821 1779 2960 1831 bono
2985 1777 3122 1843 parit
3152 1775 3543 1836 fortitudinem,

1990 1879 2245 1935 fortitudo
2285 1876 2554 1936 ardorem,
2598 1877 2758 1925 ardor
2805 1870 3190 1932 constantiam,
3239 1867 3545 1921 constantia

1989 1971 2417 2030 contentionem;
2467 1963 2741 2018 contentio
2777 1969 2954 2013 autem
3010 1959 3156 2026 operi
3203 1956 3543 2026 superaddita

1990 2065 2139 2116 sedat
2183 2058 2422 2125 corporis
2470 2053 2976 2121 intemperantiam,
3025 2061 3079 2101 et
3128 2047 3535 2101 delectationem

1992 2150 2192 2218 mitigat
2218 2147 2488 2214 appetitus
2515 2140 2819 2210 ;appetitus
2841 2154 2965 2192 vero
2996 2147 3175 2190 movet
3194 2137 3538 2199 desiderium,

1991 2239 2312 2295 desiderium
2351 2249 2613 2297 amorem,
2641 2248 2790 2284 amor
2826 2248 2854 2284 z
2891 2228 3033 2294 lum,
3066 2228 3214 2281 zelus
3261 2230 3543 2292 fervorem,

1993 2335 2168 2388 fervor
2189 2329 2590 2389 excitationem,
2624 2341 2702 2378 ex:
2727 2325 2876 2377 itzttio
2909 2322 3260 2386 alacritatem,
3288 2322 3543 2375 alacritas

1991 2426 2310 2486 orationem,
2352 2419 2519 2473 οτ.ιιίο
2550 2416 3000 2476 τοοοιίοειὶοιιυιιι,
3058 2414 3362 2466 reirollcctio
3408 2429 3539 2465 con-

1996 2518 2415 2586 templationem,
2442 2508 2814 2576 contemplatio
2849 2506 3152 2565 scientiam,
3178 2504 3400 2558 scientia
3432 2519 3545 2573 my-

1994 2609 2280 2665 steriorum
2328 2600 2765 2671 intelligentiam;
2800 2597 2921 2652 finis
2954 2610 3129 2649 autem
3170 2597 3545 2664 mysteriorum

1996 2713 2080 2765 est
2128 2702 2413 2766 theologia,
2462 2694 2737 2764 theologia:
2759 2708 2910 2760 ,νει-ο
2953 2693 3155 2745 fructus
3200 2702 3276 2744 est
3314 2692 3546 2759 perfecta

1996 2792 2271 2855 charitas;
2308 2798 2360 2843 et
2385 2787 2593 2840 fructus
2628 2783 2930 2846 charitatis,
2954 2782 3264 2846 humilitas;
3298 2792 3350 2835 et
3384 2782 3553 2833 Immi-

1996 2878 2636 2949 litatis,itnpassibi|itas;
2678 2886 2730 2928 et
2772 2874 3247 2941 impassibilitatis,
3281 2874 3549 2939 pra-visio,

1998 2976 2276 3045 prephetia
2310 2985 2363 3025 et
2410 2969 2765 3039 prazscientia.
2791 2966 2957 3020 Nemo
2992 2966 3132 3019 enim
3169 2975 3386 3032 repente
3427 2980 3554 3033 per-

2000 3066 2167 3121 fectas
2195 3062 2424 3129 acquirit
2468 3060 2708 3119 virtutes.
2761 3073 2857 3111 nec
2895 3058 3034 3111 illico
3066 3058 3189 3109 vitia
3247 3057 3312 3109 ad
3361 3057 3557 3111 melius

339 3142 432 3192 ἀπ’
465 3140 711 3193 ἐντεῦθεν
737 3138 849 3207 ἔχει
872 3138 969 3200 τάς
991 3137 1209 3205 ἀρετὰς,
1248 3135 1369 3188 οὐδὲ
1398 3137 1461 3187 έκ
1487 3136 1615 3202 μιᾶς
1648 3134 1899 3201 ἀπομειοῐ
1924 3148 1967 3207 (ς
2001 3173 2007 3189 ,

1884 3134 1899 3184 Ῑ
1924 3148 1967 3207 C
2001 3157 2184 3219 vertit,
2210 3153 2301 3207 sed
2326 3160 2601 3211 crescente
2626 3150 2822 3203 sensim
2850 3151 3064 3209 vir.ute,
3085 3146 3335 3216 paulatim
3368 3147 3552 3202 vitium

340 3234 437 3294 τὰς
467 3231 685 3295 κακίας,
736 3230 870 3282 ἀλλά
912 3229 1105 3298 μικρὸν
1158 3225 1526 3294 αὐξανομένης
1553 3224 1652 3293 τῆς
1678 3222 1899 3293 ἀρετῆς.

342 3323 461 3377 κη’
489 3323 672 3391 ὀλίγον
706 3324 738 3392 ἡ
772 3321 940 3373 κακία
971 3321 1050 3381 είς
1074 3319 1133 3371 τὸ
1166 3319 1240 3388 μὴ
1273 3317 1331 3369 ὃν
1366 3317 1593 3384 γίνεται.

560 3429 696 3516 Περὶ*
721 3449 837 3500 τῶν
870 3448 997 3501 καθ’
1029 3447 1260 3508 ὕπνους
1290 3446 1656 3515 πειρασμῶν.

404 3571 479 3627 ς’.
525 3564 720 3630 Ἐρώτ.
744 3562 1002 3630 Ποσαχῶς
1035 3563 1067 3630 ὴ
1093 3562 1350 3630 ῥευστικὴ
1380 3561 1618 3629 ἁμαρτία
1646 3561 1888 3628 γίνεται,

331 3659 366 3726 ἡ
403 3656 719 3723 ἐφάμαρτος
751 3655 842 3705 καὶ
877 3656 908 3722 ἠ
939 3654 1356 3721 ἀναμάρτητος;

417 3746 654 3807 Ἀπόκρ.
688 3743 900 3813 Τριχῶς
949 3744 1063 3811 μὲν,
1095 3744 1125 3811 ἡ
1154 3742 1521 3812 ἀμαρτητικὴ,
1561 3745 1616 3796 ὲν
1648 3745 1890 3815 πορνείᾳ,

282 3893 289 3899 ,
332 3836 427 3886 καὶ
462 3832 729 3901 μαλακίᾳ,
763 3833 859 3884 καὶ
888 3832 1281 3898 συγκαταθέσει
1311 3830 1609 3900 λογισμῶν,
1642 3831 1892 3901 έπταχῶς

331 3927 388 3977 δὲ
422 3927 455 3994 ἡ
480 3926 881 3993 ἀναμάρτητος,
928 3922 1015 3974 διὰ
1042 3921 1145 3973 τῶν
1178 3920 1374 3989 οῠρων,
1426 3921 1485 3974 ὲν
1511 3922 1713 3985 ὑλικοίς
1754 3921 1894 3991 βρώ-

337 4034 525 4086 μασιν,
563 4018 621 4068 ὲν
648 4018 970 4082 κινητικοῖς,
1021 4009 1108 4067 διά
1137 4013 1527 4081 ψυχροποσίας,
1581 4015 1667 4067 διὰ
1697 4014 1893 4083 χαυνό-

333 4125 498 4173 τητος
528 4105 797 4175 σώματος,
829 4106 885 4156 ἐν
915 4106 1066 4174 κόπῳ
1096 4105 1339 4176 ἀμέτρῳ,
1372 4106 1464 4159 καὶ
1487 4105 1575 4158 διὰ
1602 4103 1891 4173 δαιμονιῶ-

332 4198 455 4258 δοδς
486 4196 836 4265 πολυτρόπως
863 4195 1178 4263 φαντασίας·
1216 4195 1309 4248 καὶ
1335 4195 1442 4247 τῶν
1467 4194 1565 4265 μὲν
1589 4195 1894 4265 γεγηρακό-

335 4308 445 4341 των
473 4289 814 4357 πρακτικῶν,
863 4287 950 4339 διά
981 4287 1087 4339 τῶν
1121 4287 1535 4357 προειρημένων
1567 4287 1726 4338 πέντε
1754 4303 1895 4356 συμ-

334 4381 512 4432 ϐαίνει
547 4379 803 4439 πολλάκις
854 4377 1069 4445 τρόπων
1095 4393 1110 4407 ο
1148 4376 1256 4429 τῶν
1282 4378 1338 4429 δὲ
1384 4375 1628 4437 ἀπαθῶν,
1667 4375 1753 4429 διὰ
1785 4374 1893 4428 τῶν

2007 3246 2356 3301 annibilatur.

2347 3455 2419 3508 De
2452 3454 2821 3505 feritatiombus
2845 3468 2935 3515 per
2965 3467 3223 3504 somnum.

2080 3572 2132 3624 ϐ.
2176 3569 2422 3634 Quwsu'o.
2461 3565 2853 3631 Quotupliciter
2882 3563 3103 3631 pollutio
3134 3564 3414 3633 contingit.
3445 3565 3561 3620 sive

2011 3678 2131 3716 cum
2164 3670 2407 3729 peccato,
2444 3662 2557 3711 sive
2586 3659 2705 3710 sine
2738 3655 3007 3722 peccato?

2080 3751 2380 3818 Responsio.
2408 3746 2709 3814 Tripliciter
2738 3745 2996 3809 contingit
3025 3761 3145 3799 cum
3175 3757 3419 3814 peccato,
3446 3749 3557 3801 sci-

2012 3843 2135 3896 licet
2182 3842 2234 3893 in
2282 3838 2670 3899 fornicatione,
2715 3837 2766 3887 in
2816 3835 3059 3897 mollitie,
3108 3845 3159 3888 et
3212 3837 3262 3889 in
3320 3852 3555 3892 venereo

2012 3943 2297 3985 consensu.
2330 3925 2707 3993 Septuplicitcr
2732 3934 2907 3976 autent
2935 3925 3051 3978 sine
3080 3934 3321 3993 peccato,
3350 3928 3558 3980 scilicet

2014 4035 2108 4089 per
2141 4019 2346 4079 urinas,
2376 4017 2427 4068 in
2467 4016 2837 4067 materialibus
2880 4016 3178 4079 alimentis,
3222 4016 3273 4069 in
3324 4032 3566 4069 commo-

2014 4109 2270 4171 tionibus,
2301 4110 2367 4160 ob
2400 4106 2644 4177 frigidam
2681 4108 2970 4171 potionem,
3004 4109 3070 4159 ob
3103 4109 3347 4174 corporis
3378 4111 3561 4161 obesi—

2014 4206 2198 4259 tatetn,
2237 4196 2287 4247 in
2323 4195 2506 4247 labore
2538 4195 2721 4259 nimio,
2763 4198 2993 4262 denique
3029 4205 3246 4264 propter
3295 4198 3564 4251 multimo-

2013 4288 2112 4341 das
2141 4288 2400 4353 imagines
2429 4301 2456 4337 a
2487 4285 2818 4339 daemonibus
2842 4288 3134 4340 exhibitas.
3165 4285 3226 4339 Et
3255 4288 3317 4341 iis
3346 4289 3560 4355 quidem

2014 4380 2107 4447 qul
2162 4379 2415 4437 diuturna
2469 4378 2814 4429 insentterunt
2842 4378 3056 4439 virtute,
3085 4386 3286 4444 septem
3334 4378 3569 4445 praefatis

333 4472 515 4539 οίιρων
544 4470 642 4521 καὶ
677 4469 852 4537 μόνων
882 4470 1154 4538 προχωρεῖ
1178 4468 1428 4538 ἀναμὶξή
1462 4467 1554 4519 τοῦ
1582 4468 1894 4537 φλέγματος
1942 4488 1986 4543 ι

1942 4488 1986 4543 ι
2015 4488 2156 4542 βενε
2194 4473 2454 4541 contingit
2485 4474 2676 4525 modis.
2712 4470 2802 4524 llis
2849 4486 2973 4525 vero
3018 4473 3106 4539 qui
3152 4482 3276 4524 sunt
3323 4473 3569 4538 impossi-

335 4561 459 4628 ὕλη,
490 4560 564 4618 ὡς
620 4553 707 4611 οἷα
762 4561 811 4611 ot
850 4559 1034 4626 ἄδηλοι
1102 4558 1258 4626 πόροι
1285 4560 1464 4628 ἀραιοὶ
1492 4559 1795 4625 γεγονότες,
1828 4562 1895 4615 ὲκ

334 4650 549 4703 πολλῶν
583 4648 759 4701 πόνων
800 4650 895 4700 καὶ
936 4647 1210 4719 θειοτέρας
1245 4650 1526 4716 ἐνεργείας
1558 4648 1894 4717 καθαρτικῆς

335 4760 398 4794 τε
433 4741 530 4794 καὶ
560 4740 905 4807 ἀγιαστικῆς,
959 4740 1019 4789 τὸ
1079 4740 1170 4805 τῆς
1201 4739 1550 4807 σωφροσύνης
1600 4738 1895 4807 προστεθὲν

337 4830 791 4901 αὐτοῖς’χάρισμα
809 4846 823 4861 ο
857 4832 886 4881 6
909 4830 965 4882 δὶ
995 4830 1221 4899 ἔσχατος
1245 4830 1343 4898 τῆς
1373 4831 1740 4897 φανταστικῆς
1768 4829 1894 4901 ῥεύ-

337 4916 477 4985 σεως
506 4924 707 4993 τρόπος
741 4926 798 4974 ὲν
828 4922 1001 4988 ὕπνῳ,
1032 4920 1139 4973 τῶν
1163 4921 1421 4989 ἑμπαθῶν
1470 4924 1584 4973 ἐστι
1645 4921 1738 4973 καί
1788 4920 1895 4972 τῶν

340 5016 613 5080 ἀσθενῶν,
641 5017 788 5082 ὅμως
816 5014 909 5066 καὶ
934 5012 1067 5065 αὐτὸ
1092 5012 1165 5074 ὼς
1196 5011 1467 5074 ἀκούσιον,
1488 5012 1892 5081 ἀναμάρτητον,

340 5108 417 5167 ῶς
442 5120 607 5173 φασιν
636 5104 685 5154 οἱ
715 5100 979 5169 Πατέρες.

423 5300 531 5353 Τοῦ
566 5299 663 5369 μὶν
688 5298 931 5360 ἀπαθοῦς
980 5297 1131 5363 ῐδιον,
1164 5299 1196 5366 ή
1230 5298 1292 5350 ὲκ
1341 5298 1744 5368 διαλειμμάτων
1771 5302 1932 5356 ma-

353 5390 613 5458 πρόνοιαν
664 5386 1043 5455 ἀναμάρτητος
1088 5386 1318 5455 κίνησις,
1370 5389 1445 5450 ὼς
1496 5391 1527 5457 ἠ
1590 5390 1748 5454 λοιπή
1805 5392 1905 5457 ὕλη

339 5477 692 5532 ἀναλίσκεται
724 5476 851 5542 θείῳ
879 5476 1029 5542 πυρὶ,
1052 5473 1144 5526 τοῦ
1179 5475 1234 5525 δὲ
1275 5473 1598 5542 πρακτικοῦ,
1633 5472 1896 5542 πολύτρο-

340 5587 445 5630 πος
468 5571 705 5636 ἀνάγκη,
739 5569 832 5619 καὶ
856 5568 1142 5635 ἄμεμπτος
1176 5568 1404 5629 κένωσις
1425 5606 1439 5628 ,
1468 5566 1559 5617 τοῦ
1602 5565 1658 5617 δὲ
1713 5552 1895 5634 ἐμπα-

342 5659 492 5723 οοῦς,
556 5661 589 5727 ἡ
648 5657 804 5727 διττὴ
856 5656 1127 5729 ἀπόρῤοιά
1153 5673 1213 5709 τε
1266 5659 1359 5708 καὶ
1401 5656 1653 5724 δύσροια,
1703 5656 1894 5725 ήκαθ*

344 5750 547 5813 ὕπνους
581 5748 937 5817 φανταστικὴ,
963 5747 1056 5801 καὶ
1081 5747 1453 5817 ιγρηγορότως
1482 5744 1893 5813 συγκατάθεσις·

2014 4564 2172 4629 biles,
2210 4578 2331 4615 cunt
2379 4563 2547 4616 nrinis
2596 4571 2797 4614 tantum
2841 4562 2997 4614 tnista
3039 4561 3256 4630 proﬂuit
3309 4563 3573 4631 ﬂegmatis

2015 4659 2263 4722 materia,
2313 4656 2436 4723 quia
2482 4654 2677 4707 occulti
2723 4654 2836 4720 pori
2871 4654 3103 4707 rariores
3151 4654 3279 4707 facti
3314 4647 3438 4707 sunt
3478 4669 3573 4723 per

2017 4748 2212 4801 multos
2245 4747 2451 4799 labores
2485 4746 2780 4812 divinaeque
2811 4747 3015 4811 praxim
3061 4747 3311 4811 puritatis
3351 4754 3406 4799 et
3448 4761 3573 4799 san-

2015 4838 2239 4900 ctitatis,
2271 4838 2393 4889 data
2428 4836 2561 4903 ipsis
2597 4838 2943 4889 continentiae
2980 4836 3174 4903 gratia.
3211 4835 3443 4891 Ultimus
3478 4848 3573 4890 au-

2018 4939 2122 4981 tem
2154 4926 2331 4980 ﬂuxus
2362 4929 2552 4979 modus
2590 4926 2660 4979 ob
2703 4926 2959 4994 imagines
2995 4928 3047 4979 in
3082 4940 3297 4992 somno,
3326 4927 3410 4981 bis
3443 4942 3573 4982 con-

2018 5019 2173 5086 tingit
2215 5019 2303 5085 qui
2351 5018 2686 5085 passionibus
2730 5014 2820 5069 a'ut
2856 5016 3167 5070 infirmitate
3206 5017 3473 5081 laborant,
3517 5026 3573 5071 et

2019 5120 2103 5162 est
2146 5110 2284 5176 ipsc,
2327 5118 2512 5177 utpote
2554 5107 2967 5172 involuntarius,
3010 5108 3213 5174 peccati
3256 5122 3471 5175 expers,
3513 5116 3571 5161 ut

2019 5199 2169 5251 aiunt
2212 5197 2418 5250 Patres.

2092 5290 2445 5358 [inpassibilis
2498 5289 2676 5342 adhuc
2732 5304 2830 5358 per
2898 5288 3203 5353 intervalla,
3258 5290 3574 5356 providente

2022 5382 2150 5443 Deo,
2204 5381 2553 5450 inculpabiles
2610 5381 2890 5450 experitur
2947 5389 3141 5446 motus,
3194 5396 3314 5434 eum
3364 5382 3574 5451 reliqua

2022 5472 2245 5524 materia
2294 5472 2413 5539 igne
2452 5470 2634 5523 divino
2677 5481 2863 5523 exusta
2906 5481 3024 5531 est;
3067 5470 3333 5537 practicus
3372 5480 3574 5534 autem,

2021 5560 2218 5613 multas
2245 5561 2593 5614 necessitates
2623 5561 3118 5629 involuutariosque
3142 5572 3388 5629 egestus;
3418 5561 3579 5615 vitio—

2021 5667 2111 5705 sus
2151 5652 2365 5705 demum
2407 5650 2579 5706 fluxus
2616 5654 2960 5707 emissionem
2995 5664 3049 5706 et
3086 5650 3451 5706 difﬁcultatem
3485 5666 3581 5721 pa-

2026 5744 2152 5799 titur
2184 5745 2233 5797 iu
2274 5757 2462 5797 somno
2490 5759 2585 5812 per
2614 5744 3073 5815 imaginationem.
3108 5752 3163 5799 et
3186 5742 3239 5819 in
3271 5741 3451 5813 vigilia
3480 5756 3581 5809 per
