4224 6464
345 368 489 433 i305

1454 368 1548 426 DE
1596 370 1878 440 QUIE'i‘E
1923 374 2013 433 ΕΤ
2067 378 2482 443 οιιΑτιΟΝΕ.

3456 392 3590 458 1306

344 496 376 563 ἢ
408 496 505 565 τῆς
534 494 619 562 ὑφ’
650 494 851 563 ἐτέρων
882 494 1162 563 Πατέρων,
1198 487 1242 547 ὦ
1270 494 1597 564 σημε.οφόρε
1633 497 1857 562 Λογγῖνε
1892 496 1906 549 ί
1941 507 1982 562 Α

1941 507 1982 562 Α
2014 491 2247 545 aliorum
2276 493 2518 560 Patrum,
2552 514 2583 549 0
2618 498 2843 567 signifer
2884 498 3145 572 Longine,
3171 504 3262 558 sed
3298 505 3374 560 sic
3402 522 3521 560 esse
3558 528 3584 561 a

357 589 457 607 2“_‘

344 589 457 639 ἀλλ’
488 586 663 648 οὕτως
696 582 832 638 εἶναι
873 585 1261 647 θεοδιδάκτους.
1287 586 1537 638 Ἔσονται
1576 590 1705 656 γὰρ,
1758 588 1910 655 φησὶ,

345 680 546 739 πάντες
575 677 811 730 διδακτοὶ
842 677 981 745 Θεῷ,
1010 677 1083 740 ώς
1126 678 1184 741 ἐξ
1205 678 1365 730 αὑτοῦ
1396 680 1489 730 καὶ
1521 678 1588 731 δι’
1620 680 1783 730 αὐτοῦ
1824 696 1910 746 γι-

346 772 577 822 νώσκειν
606 786 663 821 τε
696 772 788 821 καὶ
837 770 1125 837 μανθάνειν
1165 772 1230 821 τὰ
1265 771 1629 839 συμφέροντα,
1661 772 1719 823 οὐ
1758 773 1915 840 μόνον

346 864 515 932 ἡμᾶς,
545 862 679 917 ἀλλά
703 862 796 914 καὶ
828 862 1041 913 ἅπαντα
1077 863 1166 913 τὸν
1200 862 1307 916 τῶν
1334 863 1540 921 πιστῶν
1566 863 1815 923 ἕκαστον,
1840 862 1914 925 ὠς

344 957 437 1007 τὶν
471 958 633 1022 νόμον
671 957 763 1007 τοῦ
819 955 1130 1022 Πνεῦμα-ξος
1182 959 1236 1006 ἐν
1280 958 1395 1016 ταῖς
1446 955 1607 1018 πλαξὶ
1639 956 1746 1007 τῶν
1778 974 1915 1024 καρ-

344 1048 473 1099 διῶν
506 1046 661 1114 ἡμῶν
690 1047 875 1114 φέρειν
924 1046 1396 1115 ἐγγεγραμμένον,
1426 1050 1516 1099 καὶ
1550 1048 1787 1114 ἁμέσως,
1821 1047 1915 1098 καὶ

342 1137 704 1207 χερουὸικῶς,
751 1137 810 1187 τὸ
858 1135 1131 1199 ἐξαίσιον,
1184 1138 1259 1205 τῷ
1323 1137 1492 1207 Ἰησοῦ
1537 1139 1623 1188 διὰ
1668 1139 1913 1206 καθαρᾶς

343 1233 651 1298 προσευχῆς
667 1229 1017 1298 προσομιλεῖν
1041 1229 1395 1297 ἠξιωμένους.
1417 1228 1631 1298 Ἐπειδὴ
1654 1230 1708 1280 δὲ
1730 1232 1913 1297 νήπιοι

344 1320 486 1372 κατά
520 1321 608 1372 τὸν
635 1321 824 1391 καιρὸν
872 1324 968 1391 τῆς
1012 1321 1366 1381 ἀναπλάσεώς
1421 1323 1608 1389 ἐσμεν,
1650 1323 1782 1389 μήτε
1815 1323 1913 1390 τὴν

344 1416 506 1482 χάριν
542 1414 812 1477 νοοῦντες,

344 1507 667 1575 ἀγνοοῦντες
695 1507 749 1557 δὲ
805 1506 1003 1573 μᾶλλον
1046 1506 1104 1557 τὸ
1145 1506 1482 1574 ὑπερϐάλλον
1533 1506 1760 1573 μέγεθος
1816 1509 1912 1575 τῆς

342 1599 507 1668 τιμῆς
537 1615 594 1649 τε
628 1599 717 1649 καὶ
748 1598 902 1666 δόξης
930 1592 995 1666 ἧς
1021 1598 1407 1666 μετελάόομεν,
1459 1600 1551 1649 καὶ
1595 1598 1675 1650 ὅτι
1713 1598 1913 1663 ὀφείλοο

867 1416 1004 1482 μήτε
1058 1414 1155 1480 τὴν
1196 1413 1491 1481 καινότητα
1560 1414 1910 1484 συνορῶντες,

346 1710 448 1762 μεν
477 1691 565 1744 διὰ
597 1692 705 1743 τῶν
736 1691 963 1742 ἐντολῶν
1012 1690 1255 1759 ψυχικῶς
1288 1692 1382 1743 καὶ
1407 1692 1789 1757 πνευματικῶς
1816 1692 1909 1743 ati-

345 1780 629 1852 ξηνθῆναι,
656 1783 749 1833 καὶ
772 1782 897 1833 ίδεῖν
925 1799 1005 1833 νοε
1017 1783 1143 1851 ρῶς,
1165 1783 1301 1849 ὅπερ
1326 1782 1611 1851 ἐλάϐομεν,
1638 1783 1909 1853 πίπτομεν

342 1872 430 1923 διά
454 1872 556 1939 τῆς
580 1867 840 1939 ἀμελείας
889 1871 981 1922 καὶ
1010 1870 1427 1939 ὲμπςιθεστάτης
1456 1871 1620 1937 ’ἐξεως
1649 1874 1725 1935 εἰς
1756 1874 1910 1925 ἀναι-

343 1962 576 2033 σθησίαν
599 1964 695 2015 καὶ
730 1962 994 2016 σκότωσιν
1033 1966 1079 2015 οί
1122 1963 1344 2027 πολλοὶ,
1382 1964 1475 2016 καὶ
1530 1964 1647 2017 οὐδὲ
1696 1966 1743 2016 εί
1790 1964 1905 2018 ἐστι

330 2067 464 2130 Θεὸς
496 2065 859 2135 γινώσκομεν,
904 2064 1023 2117 οὑδέ
1077 2062 1220 2125 τίνες
1269 2063 1453 2132 ἐσμὲν,
1505 2062 1716 2133 ἢποῖοι
1750 2064 1909 2132 γεγό-

331 2175 528 2228 ναμεν,
578 2159 687 2211 uici.
735 2156 894 2221 Θεοῦ,
952 2157 1046 2209 καὶ
1080 2156 1185 2208 υίοὶ
1215 2154 1415 2222 φωτὸς,
1479 2155 1573 2207 καὶ
1615 2154 1780 2207 τέκνα
1815 2156 1906 2209 καὶ

337 2255 474 2322 μέλη
504 2250 740 2322 Χριστοῦ
772 2250 1077 2319 γεγονότες.
1110 2250 1172 2303 Εἰ
1199 2250 1255 2302 δέ
1284 2250 1379 2302 καὶ
1418 2248 1608 2319 ἄνδρες
1650 2249 1906 2318 βαπτιζό-

336 2345 499 2414 μεθα,
536 2343 676 2414 πλὴν
710 2342 825 2396 ἀλλ’
849 2344 907 2395 ἐν
932 2341 1080 2394 ὕδατι
1112 2341 1292 2411 μόνον,
1320 2342 1413 2394 καὶ
1434 2342 1493 2393 οὐ
1520 2341 1795 2411 Πνεύματι
1822 2343 1905 2393 αίο

336 2434 681 2504 σθανόμεθα·
718 2434 766 2485 εί
794 2432 849 2485 δέ
874 2432 967 2485 καὶ
996 2432 1051 2483 ἐν
1097 2431 1374 2499 Πνεῦματι
1408 2429 1903 2497 καινουργούμεθα,

335 2527 669 2594 πιστεύομεν
698 2525 786 2578 διὰ
835 2524 997 2593 ψιλῆς
1038 2524 1272 2585 πίστεως
1302 2521 1402 2589 τῆς
1437 2522 1634 2591 νεκρᾶς
1670 2522 1764 2573 καὶ
1809 2523 1908 2571 οὑκ

336 2620 766 2689 ἐνεργουμένης,
802 2619 897 2670 καὶ
925 2618 980 2669 ἐν
1014 2614 1237 2684 διψυχὶᾳ
1270 2613 1513 2681 γίνεσθαι
1542 2613 1792 2681 λέγομεν,
1815 2611 1909 2663 καὶ

335 2712 511 2774 οὕτως
560 2711 886 2778 αὐτόχρημα
932 2707 1132 2776 σάρκες
1170 2708 1344 2766 ὄντες,
1396 2704 1669 2773 σαρκικῶς
1704 2702 1906 2769 ζῶμεν,

338 2802 439 2853 καὶ
462 2799 806 2867 πορευόμεθα
826 2812 838 2824 ·
864 2796 909 2847 εί
942 2794 998 2846 δὲ
1026 2796 1117 2845 καὶ
1144 2784 1909 2860 μετάνοήσομεν,σωματικῶς

343 2893 525 2958 μόνον,
552 2891 647 2941 καὶ
680 2888 740 2939 οὑ
772 2885 1156 2953 πνευματικῶς
1184 2884 1279 2945 τὰς
1298 2882 1515 2943 ἐντολὰς
1540 2879 1798 2947 ποιοῦμεν
1822 2878 1908 2928 καὶ

339 2984 717 3051 γινώσκομεν·
750 2982 879 3033 εἰδὲ
929 2980 1023 3032 καὶ
1054 2978 1141 3030 διὰ
1194 2977 1406 3030 πολλῶν
1452 2976 1634 3028 κόπων
1682 2976 1713 3042 ή
1753 2973 1912 3041 χάρις

342 3071 741 3143 φιλανθρώπως
769 3071 942 3131 ἐνίους
996 3068 1292 3138 ἐμφανείας
1324 3066 1567 3131 ἀξιώσει,
1593 3065 1667 3126 ὼς
1698 3065 1914 3131 ἀπάτην

1944 1840 1983 1897 Β

2016 582 2123 636 Deo
2154 586 2347 642 doctos
2380 608 2397 640 ι
2434 590 2629 657 (Erunt
2660 594 2823 656 enim,
2860 595 3081 663 dicitur)
3106 610 3295 651 omnes
3326 601 3588 655 docihih-s

2015 674 2105 729 Dei
2143 679 2178 741 ⁸,
2207 698 2224 730 ι
2258 693 2309 733 ιιι
2332 682 2398 734 ab
2430 684 2544 751 ipso
2575 691 2626 736 ct
2660 699 2752 751 per
2778 686 2953 753 ipsum
2972 702 3444 756 cognosceremus,
3479 709 3584 745 non

2013 772 2189 824 solum
2227 789 2342 837 nos,
2370 785 2421 826 at
2460 791 2904 847 unumquemque
2935 781 3192 843 ﬁdelium,
3224 795 3389 851 utque
3418 786 3587 851 legent

2014 861 2241 925 Spiritus
2295 864 2346 916 in
2406 867 2601 921 tabulis
2661 870 2840 922 cordis
2873 856 3043 924 nostri
3082 873 3352 926 ferremus
3395 877 3589 929 insui.

2014 964 2180 1021 ptatn,
2214 966 2265 1009 et
2300 957 2608 1013 immediate
2649 978 2709 1015 ac
2739 963 3056 1017 felicissimo
3098 966 3386 1019 Cherubim
3438 986 3588 1020 more

2013 1063 2135 1101 cum
2189 1048 2315 1102 Jesu
2372 1068 2467 1119 per
2522 1056 2865 1121 purissimam
2913 1060 3216 1111 orationem
3274 1062 3631 1113 conversari

2015 1156 2370 1197 mererentur.
2408 1144 2674 1207 Quoniam
2728 1161 2903 1201 autem
2961 1150 3199 1204 infames
3234 1167 3424 1204 Sttutus
3463 1168 3585 1205 cum

2015 1246 2415 1299 regeneramnr,
2447 1250 2541 1287 nec
2567 1236 2790 1303 gratiam
2829 1239 3192 1306 intelligimus,
3218 1256 3315 1293 nec
3348 1241 3587 1307 concipi-

2015 1339 2135 1375 mus
2190 1327 2620 1388 renovationem,
2686 1328 2776 1380 sed
2843 1330 3022 1395 potius
3089 1332 3584 1396 superemineutem

2015 1413 2326 1479 ignoramus
2362 1419 2785 1484 magnitudinem
2814 1421 3090 1485 dignitatis
3120 1436 3182 1474 ac
3213 1422 3392 1487 gloria:
3424 1438 3582 1485 quam

2013 1506 2190 1556 sorliti
2224 1523 2432 1569 sumus,
2467 1521 2517 1561 et
2551 1513 2821 1564 nescimus
2852 1530 2952 1566 nos
2975 1516 3176 1569 debere
3205 1530 3300 1583 per
3333 1518 3585 1566 mandata

2013 1610 2261 1650 crescere
2294 1600 2472 1651 anima
2523 1612 2575 1652 et
2618 1603 2832 1669 spiritu,
2864 1615 2919 1658 et
2967 1606 3245 1659 intellectu
3279 1608 3589 1674 perspicere

2014 1689 2154 1755 quod
2202 1693 2546 1759 accepimus;
2595 1694 2714 1745 ideo
2754 1696 2994 1764 plerique
3024 1697 3329 1750 delabimur
3370 1713 3463 1764 per
3495 1714 3588 1751 ne-

2013 1779 2323 1848 gligentiam
2361 1795 2414 1835 et
2446 1785 2697 1838 vitiorum
2734 1788 2973 1839 ltabitum
3014 1788 3065 1840 in
3106 1789 3269 1841 animi
3306 1799 3585 1857 stuporem

2013 1881 2068 1922 et
2100 1872 2543 1937 obcaecationem,
2578 1893 2675 1929 nee
2705 1879 2816 1946 jam
2851 1880 3103 1933 novimus
3135 1896 3201 1932 an
3229 1881 3298 1934 sit
3331 1880 3499 1946 Deus,
3534 1892 3587 1935 et

2015 1965 2138 2033 quid
2173 1976 2266 2019 aut
2289 1968 2471 2033 quales
2496 1969 2667 2024 simus
2693 1984 2813 2035 nos,
2837 1973 2927 2037 qui
2965 1970 3056 2023 lilii
3089 1971 3185 2024 Dei
3218 1982 3273 2025 et
3301 1971 3393 2024 ﬁlii
3427 1974 3587 2037 lucis,

2014 2068 2067 2109 et
2099 2058 2189 2112 iilii
2213 2074 2274 2112 ac
2305 2062 2544 2114 membra
2573 2062 2772 2115 Christi
2810 2062 2934 2116 facti
2971 2078 3182 2119 sumus.
3215 2063 3368 2128 Quod
3404 2065 3447 2117 si
3471 2064 3585 2132 jam

2015 2148 2113 2201 viri
2146 2150 2503 2218 baptizeumr,
2530 2154 2698 2206 solam
2734 2162 2915 2208 tamen
2949 2169 3168 2223 aquam,
3195 2171 3299 2211 nou
3332 2155 3587 2224 spiritum

2016 2244 2318 2306 sentimus;
2342 2256 2394 2296 et
2422 2247 2672 2312 quamvis
2704 2247 2898 2314 spiritu
2931 2262 3277 2315 renovemur,
3315 2251 3591 2304 credimus

2016 2333 2117 2386 [ide
2151 2344 2356 2388 tantum
2387 2348 2622 2402 mortua,
2650 2355 2752 2392 non
2779 2341 3031 2406 operibus
3070 2341 3220 2406 viva,
3266 2352 3320 2395 et
3354 2343 3407 2394 itt
3438 2342 3592 2395 dubi-

2020 2427 2228 2480 tatione
2260 2444 2363 2481 neu
2395 2444 2514 2483 esse
2538 2431 2794 2496 dicimus,
2825 2442 2878 2486 et
2910 2434 2988 2485 sic
3025 2447 3152 2488 vere
3191 2433 3441 2487 carnales
3471 2448 3592 2485 car-

2020 2518 2215 2571 naliter
2266 2522 2497 2573 vivimus
2530 2502 2585 2574 et
2638 2538 2951 2592 operantur.
2986 2524 3121 2578 Etsi
3177 2526 3589 2594 resipiscamus,

2020 2612 2315 2665 carnaliter
2366 2623 2598 2678 tantum,
2642 2631 2746 2667 non
2800 2617 3121 2683 Spiritaliter
3164 2618 3413 2670 mandata
3456 2616 3592 2668 faci-

2020 2717 2139 2755 mus
2183 2712 2237 2756 et
2285 2706 2689 2771 cognoscimus.
2750 2706 2813 2759 Et
2857 2708 2900 2759 si
2954 2720 3078 2774 post
3130 2707 3328 2761 multos
3376 2707 3596 2761 labores

2020 2792 2197 2862 gratia
2230 2795 2520 2846 nonnullos
2554 2798 2883 2850 revelatione
2909 2797 3183 2865 dignetur,
3221 2799 3358 2850 hanc
3387 2810 3445 2849 nt
3475 2798 3597 2851 illuc

2021 2883 2230 2937 sionem
2263 2886 2582 2952 accipimus.
2621 2887 2682 2938 Et
2734 2888 2777 2940 si
2823 2888 2891 2940 ab
2923 2889 3043 2941 aliis
3073 2890 3362 2943 audiamus
3404 2889 3595 2956 hujus-

2022 2976 2166 3028 modi
2203 2980 2598 3044 operationem,
2628 2994 2745 3032 eam
2767 2991 2822 3032 ut
2851 2982 3223 3049 deeeptionem
3255 2996 3365 3049 pra:
3392 2981 3596 3034 invidia

2023 3068 2376 3119 arbitramur.
2446 3068 2513 3121 Et
2559 3071 2627 3121 ita
2692 3086 3035 3123 remanemus
3087 3071 3369 3124 exanimes
3425 3087 3596 3138 usque

340 3168 514 3234 αὐτὴν
564 3163 830 3232 δεχόμεθα
850 3177 864 3191 ⁸
908 3164 955 3213 εἰ
985 3160 1042 3212 δὲ
1070 3161 1162 3211 καὶ
1190 3157 1318 3227 παρ’
1367 3158 1569 3225 ἐτέρων
1600 3154 1803 3221 ταύτην
1832 3155 1916 3205 ἐν-
1946 3172 1989 3229 c

1946 3172 1989 3229 ο
2023 3159 2088 3209 ad
2121 3167 2369 3223 mortem,
2404 3160 2455 3211 iu
2484 3160 2700 3213 Christo
2730 3176 2836 3213 non
2869 3165 3107 3215 viventes
3148 3176 3247 3215 nec
3277 3171 3594 3227 operantes;

343 3258 614 3328 εργοῦσαν
641 3253 984 3322 ἀκούσωμεν,
1045 3252 1118 3313 ὡς
1150 3250 1358 3316 πλάνην
1388 3247 1557 3313 αὐτὴν
1586 3246 1676 3299 διὰ
1722 3245 1915 3314 φθόνον

347 3346 700 3417 λογιζόμεθα,
721 3346 817 3397 καὶ
839 3343 982 3395 οὕτω
1009 3342 1243 3413 μένομεν
1267 3340 1449 3407 νεκροὶ
1476 3337 1634 3407 μέχρι
1662 3337 1914 3399 θανάτου,

351 3443 427 3508 μη
460 3440 518 3489 ἐν
545 3434 768 3507 Χριστῷ
791 3433 989 3497 ζῶντες
1026 3431 1121 3485 καὶ
1153 3428 1532 3499 ἐνεργούμενοι
1556 3466 1570 3488 ,
1622 3428 1713 3479 καὶ
1743 3426 1770 3478 ὃ
1800 3426 1918 3494 ἕχο-

350 3546 474 3597 μεν,
505 3526 647 3578 κατὰ
689 3524 787 3593 τὴν
814 3522 1057 3593 Γραφὴν,
1085 3522 1141 3572 ἐν
1180 3520 1257 3590 τῷ
1298 3517 1473 3586 καιρῷ
1514 3518 1613 3583 τῆς
1654 3516 1853 3579 ἐξεδου,
1886 3516 1917 3584 ἢ

348 3622 610 3688 κρίσεως,
636 3616 702 3669 δι’
735 3616 1013 3676 ἀπιστίας,
1048 3613 1081 3682 ἢ
1112 3609 1473 3679 ἀπογνώσεως
1500 3607 1794 3677 ἀρθήσεται
1828 3606 1920 3673 ἀφ’

350 3710 531 3779 ἡμῶν,
577 3710 651 3779 μὴ
688 3708 934 3769 νοοῦντες
964 3707 1044 3758 ὅτι
1076 3705 1216 3757 κατὰ
1247 3703 1337 3756 τὸν
1372 3702 1584 3769 πατέρα
1640 3699 1744 3769 χρὴ
1783 3694 1922 3750 εἶναι

353 3803 449 3854 καὶ
473 3802 541 3854 τὰ
570 3800 735 3853 τέκνα
759 3837 774 3862 ,
808 3798 963 3859 θεοὺς
994 3796 1058 3847 ἐκ
1092 3792 1251 3859 Θεοῦ,
1300 3794 1391 3846 καὶ
1422 3789 1825 3858 πνευματικοὺς
1860 3789 1923 3838 ἐκ

350 3895 691 3962 Πνεῦματος.
728 3892 801 3943 Τὸ
827 3887 1245 3958 γεγεννημένον,
1280 3885 1434 3953 φησι,
1464 3886 1527 3935 ἐκ
1555 3880 1647 3934 τοῦ
1676 3880 1924 3948 Πνεῦμα-

350 4007 467 4049 τος,
510 3984 732 4054 πνεῦμά
779 3984 928 4035 ἐστιν
951 3998 963 4010 ·
995 3982 1154 4050 ἡμεῖς
1178 3977 1235 4031 δὲ
1282 3979 1485 4046 σάρκες
1537 3974 1724 4043 ἐσμὲν,
1756 3974 1803 4024 ει
1831 3987 1925 4024 και

352 4079 537 4133 πιστοὶ
586 4075 679 4130 καὶ
730 4074 1041 4143 ἐπουράνιοι
1093 4070 1398 4137 γεγόναμεν
1428 4109 1443 4131 ,
1483 4065 1579 4118 καὶ
1613 4063 1675 4117 τὸ
1703 4063 1925 4132 Πνεῦμα

354 4174 443 4225 διὰ
467 4170 625 4223 τοῦτο
654 4168 746 4219 τοῦ
773 4164 905 4218 Θεοῦ
942 4165 1042 4216 οὑκ
1068 4162 1294 4231 ἐμμένει
1329 4160 1387 4210 ἐν
1416 4160 1569 4226 ἡμῖν,
1597 4156 1692 4208 καὶ
1735 4153 1924 4208 τούτου

2028 3255 2082 3299 et
2124 3247 2267 3314 quod
2317 3248 2604 3310 habemus,
2645 3261 2699 3302 ut
2754 3254 2829 3302 ait
2862 3251 3168 3317 Scriptura,
3205 3251 3254 3301 ιιι
3293 3251 3380 3302 die
3419 3250 3597 3302 exitus

2030 3349 2122 3389 aut
2159 3338 2373 3403 judicii,
2437 3350 2655 3407 propter
2706 3342 3145 3395 incredulitatem
3203 3352 3296 3394 aut
3340 3344 3595 3409 despera-

2030 3432 2251 3492 tionem,
2305 3431 2583 3483 auferetur
2641 3450 2666 3484 a
2721 3433 2900 3494 nobis,
2948 3435 3073 3501 quia
3133 3449 3243 3486 non
3299 3432 3598 3501 cogitamus

2031 3521 2165 3571 ﬁlius
2194 3522 2329 3587 patri
2368 3521 2576 3575 similes
2607 3538 2727 3575 esse
2764 3525 2983 3588 debere,
3016 3526 3148 3577 deos
3179 3526 3243 3577 de
3266 3524 3399 3583 Deo,
3438 3522 3602 3592 spiri-

2031 3609 2202 3662 tnales
2257 3610 2320 3662 de
2358 3611 2572 3677 spiritu.
2619 3630 2637 3663 ι
2689 3614 2841 3677 Quod
2893 3626 3076 3667 natum
3126 3626 3210 3668 est
3264 3631 3329 3668 ex
3378 3616 3597 3682 spiritu,

2030 3700 2247 3761 dicitur,
2279 3702 2507 3769 Spiritus
2532 3713 2613 3755 est
2653 3705 2697 3766 ‘;
2737 3722 2751 3754 ι
2796 3719 2897 3759 nos
2936 3722 3067 3759 vero
3095 3707 3341 3759 carnales
3386 3722 3598 3770 sumus,

2029 3794 2277 3859 quamvis
2318 3792 2500 3847 ﬁdeles
2536 3796 2894 3865 caelestesque
2939 3796 3090 3859 facti,
3122 3808 3176 3851 et
3209 3798 3329 3852 ideo
3359 3798 3596 3866 Spiritus

2033 3882 2123 3937 Dei
2159 3903 2259 3936 non
2287 3896 2466 3940 manet
2497 3888 2547 3939 itt
2585 3888 2761 3954 nobis,
2797 3900 2850 3942 et
2880 3901 3162 3959 propterea
3192 3905 3289 3944 nos
3315 3892 3601 3958 direptioni

2031 3985 2085 4028 et
2128 3977 2371 4029 servituti
2417 3980 2639 4033 tradidit
2670 3981 2947 4045 Dominus,
2982 3996 3032 4035 et
3080 3992 3291 4052 strages
3334 3983 3602 4049 multipli-

2032 4068 2194 4132 Cavit,
2225 4067 2404 4121 forsan
2434 4071 2729 4138 corrigere,
2755 4074 3059 4141 exstirpare
3088 4084 3142 4126 et
3175 4089 3370 4128 sanare
3417 4075 3603 4129 volens

2035 4158 2425 4213 valentioribus
2458 4162 2715 4217 remediis
2750 4163 2969 4220 malum.

385 4256 555 4310 ῑνεκα
583 4248 874 4321 παρέδωκε
907 4246 1115 4316 Κύριος
1144 4246 1242 4306 τὰς
1285 4241 1584 4309 ἐπαγωγὰς
1618 4240 1713 4291 καὶ
1757 4241 1854 4301 τὰς
1888 4241 2287 4308 αἱχμαλωσίαε,
2338 4243 2432 4291 καὶ
2466 4240 2679 4306 σφαγὰς
2710 4242 3031 4311 ἐπλήθυνεν,
3072 4244 3201 4309 ἴσως
3223 4246 3539 4319 διορθῶσαι,
3574 4248 3609 4317 ἢ

386 4348 647 4415 ἐκκόψαι,
680 4342 713 4413 ἢ
748 4339 924 4395 σῶσαι
953 4337 1042 4392 διὰ
1074 4336 1386 4407 φαρμάκων
1422 4330 1784 4402 ισχυροτιρων
1822 4331 2140 4401 βουλόμενος
2177 4334 2273 4403 τὴν
2303 4330 2524 4384 κακίαν.

446 4462 514 4528 β’.
551 4456 661 4510 Καὶ
706 4455 921 4525 πρῶτον
974 4450 1073 4520 μὲν
1107 4449 1301 4509 εἰπεῖν,
1330 4443 1479 4513 ,Θεοῦ
1522 4441 1753 4499 διδόντος
1795 4440 1947 4507 ῥῆμα

2132 4433 2189 4485 2.
2236 4433 2300 4485 Et
2335 4437 2561 4502 ptimum
2592 4436 2812 4502 quidem
2854 4438 3139 4491 dicendum
3180 4446 3285 4501 est,
3322 4440 3428 4491 Deo
3464 4439 3626 4493 dante

374 4524 490 4611 τοῖς
518 4524 1026 4615 εὐαγγελιζομένοις
1054 4538 1232 4607 ἀγαθὰ
1257 4534 1504 4600 τοιαῦτα,
1535 4532 1652 4595 πῶς
1678 4530 1813 4601 εὕρῃ
1843 4545 1946 4590 τις,
1982 4524 2026 4583 D

1982 4524 2026 4583 υ
2057 4525 2279 4579 verbum
2305 4528 2802 4595 evangelizautibus
2828 4529 3134 4597 hujusmodi
3169 4530 3328 4594 bona,
3352 4531 3626 4596 quomodo

383 4644 584 4713 μᾶλλον
605 4640 662 4692 δὲ
692 4637 922 4707 εὓρηται
965 4636 1134 4700 ὅνπερ
1167 4630 1300 4700 ἔχει,
1326 4629 1358 4700 ἢ
1385 4628 1572 4694 εἴληφε
1603 4622 1837 4694 Χριστὸν
1858 4620 1949 4713 διὰ

378 4710 474 4785 του
503 4729 874 4801 βαπτίσματος
903 4725 959 4775 ἐν
996 4720 1308 4789 Πνεύματι;
1337 4717 1480 4771 κατά
1519 4715 1610 4767 τὸν
1653 4710 1950 4768 ἀπόστολον

381 4820 613 4879 Παῦλον,
641 4816 722 4869 ὅτι
750 4814 911 4880 ιΙΟὑκ
941 4811 1118 4864 οἴδατε
1145 4811 1227 4861 ὅτι
1255 4806 1483 4877 Χριστὸς
1512 4802 1713 4873 Ἰησοῦς
1735 4804 1874 4856 οἰκεῖ
1893 4804 1951 4855 ἐν

379 4914 501 4971 ταῖς
532 4907 782 4977 καρδίαις
806 4902 986 4972 ἡμῶν,
1012 4920 1030 4952 ι
1070 4899 1233 4967 φησίν
1251 4916 1265 4931 ο
1299 4897 1395 4949 ἐπε
1408 4913 1491 4948 ιτα
1519 4896 1600 4957 δέ,
1623 4895 1716 4947 καὶ
1748 4893 1808 4945 τὸ
1835 4891 1952 4955 πῶς

380 4999 670 5069 προκόψει,
706 4990 809 5047 εἷθ’
834 4992 1006 5053 οὕτως
1050 4990 1143 5042 καὶ
1189 4987 1307 5049 πῶς
1344 4986 1568 5053 φυλάξει
1598 4984 1657 5036 τὸ
1696 4981 1947 5051 εὑρεθέν·

378 5094 602 5161 ἄριστος
633 5088 740 5157 γάρ
769 5087 861 5138 καὶ
891 5084 1150 5152 σύντομος
1182 5079 1404 5149 τρόπος,
1433 5077 1499 5129 τὰ
1522 5078 1667 5145 ἄκρα
1698 5074 1834 5143 μετὰ
1856 5070 1951 5123 τοῦ

385 5186 557 5252 μέσου
594 5181 877 5248 συντόμως
900 5178 1095 5238 εἰπεῖν,
1136 5172 1302 5227 πολὺν
1333 5169 1523 5239 ἔχοντα
1560 5166 1779 5227 πλάτος.
1811 5163 1951 5215 Διότι

381 5276 572 5331 πολλοὶ
610 5274 709 5343 μὲν
737 5274 826 5325 τὸν
856 5270 1043 5337 ἀγῶνα
1071 5268 1230 5337 μέχρι
1260 5265 1352 5317 τοῦ
1380 5265 1558 5332 εὑρεῖν
1598 5261 1659 5313 τὸ
1686 5258 1953 5328 ζητούμε·

379 5387 473 5420 νον
499 5363 859 5434 ἠγωνίσαντο,
888 5360 983 5412 καλ⁵
1015 5358 1248 5427 ἔστησαν
1279 5355 1375 5424 τὴν
1403 5354 1587 5421 ἐφεσιν
1606 5352 1708 5413 ἕως
1730 5350 1948 5401 τούτου·

382 5454 698 5522 περαιτέρω
727 5450 863 5503 δὲού
896 5446 1280 5516 προϐαίνουσιν
1306 5484 1321 5507 ,
1370 5442 1490 5495 οὐδὲ
1531 5439 1683 5510 μέλει
1721 5438 1951 5498 τούτοις,

388 5544 724 5616 ἀρκούμενοι
756 5542 914 5610 μόνον
942 5540 1019 5599 είς
1060 5536 1155 5605 τὴν
1182 5534 1377 5604 ἀρχὴν,
1418 5534 1483 5602 ἦν
1526 5524 1703 5599 εῦρον,
1731 5528 1954 5595 ἐμποδι-

389 5638 614 5697 σθὲντες
661 5633 716 5684 δὲ
751 5631 843 5683 καὶ
892 5627 1195 5695 λεληθότως
1250 5625 1418 5678 δίοδον
1466 5624 1717 5694 ἄραντες,
1753 5620 1953 5674 οἴονται

1481 5820 1540 5875 ³1
1571 5819 1694 5874 Cor.
1730 5830 1801 5877 vr,
1853 5815 1943 5880 15;

477 5827 486 5850 '
536 5821 693 5879 Joan.
720 5837 791 5888 νι,
822 5818 909 5875 ἶό.
992 5825 1188 5876 ’Joau.
1227 5836 1307 5887 ιιι,
1349 5819 1401 5873 ὑ.

2055 4619 2178 4684 quis
2224 4621 2480 4687 reperiat,
2522 4620 2602 4675 vel
2636 4622 2813 4689 potius
2844 4632 3127 4689 recuperet
3151 4637 3309 4688 quem
3344 4622 3505 4675 habet
3542 4622 3627 4675 vel

2056 4709 2267 4775 accepit
2302 4709 2579 4763 Christum
2631 4727 2729 4777 per
2761 4712 3027 4779 baptisma
3087 4714 3140 4765 in
3191 4712 3422 4780 Spiritu,
3473 4714 3627 4783 juxta

2056 4797 2279 4851 Paulum
2326 4800 2630 4865 apostolum
2678 4801 2949 4855 dicentem
2987 4819 3001 4855 :
3038 4821 3056 4853 ι
3098 4804 3180 4855 An
3226 4805 3452 4857 nescitis
3492 4820 3630 4872 quo-

2058 4894 2200 4945 niam
2227 4890 2473 4946 Christus
2496 4891 2651 4946 Jesus
2686 4894 2891 4948 habitat
2918 4895 2973 4947 in
2998 4895 3258 4950 cordibus
3290 4898 3493 4951 nostris
3515 4897 3575 4951 '?
3604 4917 3622 4948 ι

2058 4984 2137 5037 Ac
2179 4984 2393 5045 deinde,
2430 4984 2699 5053 quomodo
2736 4986 2857 5052 quis
2904 4986 3175 5053 proficiat,
3210 5002 3304 5040 seu
3354 4994 3629 5055 quomodo

2061 5083 2337 5143 repertum
2362 5079 2629 5130 custodiat
2658 5093 2671 5132 :
2702 5080 2941 5146 optimus
2963 5082 3105 5134 enim
3132 5090 3187 5133 et
3209 5081 3388 5134 brevis
3414 5083 3628 5146 modus,

2062 5178 2303 5221 extrema
2356 5183 2478 5222 cum
2534 5171 2710 5223 medio
2761 5173 3077 5226 summatim
3124 5174 3326 5240 dicere,
3380 5179 3632 5244 quamvis

2064 5261 2282 5312 multant
2345 5262 2577 5314 habeant
2630 5262 2988 5317 latitudinem.
3028 5265 3153 5319 Ideo
3209 5267 3360 5319 multi
3411 5269 3629 5335 quidem

2063 5361 2343 5404 certamen
2381 5363 2591 5403 certant
2623 5354 2920 5420 usquedum
2970 5356 3276 5410 invenerint
3317 5359 3630 5425 quasitunt,

2064 5455 2111 5496 el
2184 5446 2447 5495 haetenus
2502 5444 2826 5498 desiderium
2885 5449 3103 5511 sistunt,
3152 5448 3289 5503 ultra
3357 5466 3485 5504 vero
3528 5467 3633 5503 non

2066 5539 2377 5604 pret-edunt,
2419 5552 2515 5588 nec
2546 5539 2626 5590 eis
2659 5554 2788 5591 cura
2813 5552 2912 5603 est,
2946 5551 2999 5591 et
3027 5544 3256 5607 ingressi
3288 5552 3493 5595 tanturn
3538 5544 3639 5595 viae

2070 5639 2293 5695 repcrtm
2345 5630 2585 5693 ιιιιιίιιιιι,
2661 5633 3049 5698 impedimento
3110 5630 3400 5689 transitum
3450 5635 3640 5689 insciis

1984 5813 2183 5883 Epltes.
2211 5831 2289 5883 ιιι,
2322 5814 2402 5870 i7.
