4224 6464
323 418 459 485 139.1
980 418 1077 476 DE
1113 415 1603 484 ΟυιΕΤυυιλκ
1653 416 1748 473 ΕΤ
1805 411 1991 472 DUOI

1917 411 2112 470 OBUS
2150 409 2576 470 OllATlONlS
2629 403 2893 464 MODIS.
3452 395 3585 457 1322

321 534 530 580 στασις.
569 536 588 568 ι
645 514 906 584 Μοιχεύει
944 515 1052 582 γὰρ
1091 514 1196 567 τῶν
1232 513 1489 567 τοιούτων
1526 514 1555 568 ὁ
1587 513 1729 576 νοῦς,
1763 514 1891 566 ὅταν
1923 532 1961 582 Α

1923 532 1961 582 Α
2000 530 2194 574 eluitur
2234 523 2434 588 quippe
2499 515 2806 583 huiusmodi
2866 527 3040 574 mrus,
3077 525 3104 563 a
3167 509 3262 564 Dei
3325 511 3581 564 memoria

319 613 529 678 ἀποστῇ
557 618 655 677 της
687 609 780 660 τοῦ
811 607 945 660 Θεοῦ
983 610 1222 677 μνήμης,
1254 608 1327 668 ὡς
1367 609 1471 659 ἀπὸ
1503 608 1760 675 νυμφίου.
1787 608 1893 658 Καὶ

1999 612 2155 679 (ιιι.ιεί
2195 630 2221 664 a
2257 627 2456 677 sponso
2490 608 2793 664 discedens.
2827 601 3100 656 ctinlintis
3132 601 3294 654 rebus
3339 615 3579 652 amorem

320 701 377 751 ὲν
398 699 700 768 ἐλαχίστοις
731 699 1049 766 πράγμασιν
1073 697 1344 763 ἐρωτικῶς
1368 696 1565 765 ἔχεται.
1587 697 1658 748 Τὸ
1686 697 1894 760 διδάξαι

2001 709 2358 770 νεοδιιιιιειιε.
2425 704 2565 753 ldem
2621 709 2797 750 autem
2841 699 2972 747 ordo
3030 695 3148 747 aliis
3189 690 3403 746 suaderi
3472 707 3579 742 non

319 794 377 846 δὲ
405 795 496 846 καὶ
529 794 732 862 ἑτέροις
775 792 872 860 τὴν
923 791 1092 859 αὐτὴν
1115 789 1287 854 τάξιν,
1331 791 1430 840 οὐκ
1461 791 1518 839 ἐν
1557 791 1718 840 πᾶσιν
1750 789 1894 840 ὲνδέο

1998 795 2251 847 omnibus
2291 803 2486 862 potest.
2547 789 2942 845 Obcdieutibtts
2989 788 3202 853 qntdeut
3261 784 3464 851 ignaris
3527 794 3583 836 tt

321 899 494 949 χεται.
532 882 656 942 τοῖς
689 881 785 948 μὲν
821 880 1057 940 ἰδιώταις
1091 881 1349 946 maxim;
1389 879 1506 931 οΰσι
1559 881 1650 930 καὶ
1680 880 1895 948 ἀγραμ-

1999 887 2298 941 iililtcratis
2332 894 2529 952 potest,
2562 884 2686 949 quia
2718 879 3027 933 obedientia
3063 891 3281 929 omnem
3318 878 3579 926 virtutem

326 975 538 1039 ματοις,
571 973 692 1024 ναί·
723 972 909 1040 διότιὴ
939 971 1154 1040 ὑπακοὴ
1184 972 1246 1022 ἐκ
1300 970 1478 1039 πάσης
1505 971 1705 1038 ἀρετῆς
1769 987 1895 1037 μετ-

2001 998 2096 1049 per
2151 979 2509 1032 humilitatem
2575 973 2889 1044 participat.
2951 967 3160 1021 Liberis
3209 975 3409 1026 autem,
3467 951 3611 1016 sive'

321 1063 458 1132 ἔχει,
481 1064 567 1115 διὰ
595 1065 692 1132 τῆς
715 1062 1117 1125 ταπεινώσεως.
1153 1063 1566 1124 ’Λνυποτάκτοις
1600 1063 1655 1114 δὲ
1681 1065 1740 1114 οὑ
1759 1063 1898 1115 δίδο·

1997 1072 2196 1142 ignari,
2240 1072 2356 1123 sive
2383 1068 2528 1121 doeti
2574 1069 2703 1130 :illl,
2761 1081 2868 1117 non
2925 1061 3260 1116 Conceditur,
3323 1072 3393 1109 ne
3424 1057 3581 1108 facile

323 1174 438 1219 ται,
470 1157 552 1207 ἵνα
588 1157 660 1225 μὴ
686 1155 1028 1224 πλανηθῶσιν
1085 1156 1348 1225 εὐχερῶς,
1383 1157 1484 1206 κᾶν
1531 1154 1757 1213 ἰδιῶται,
1794 1153 1898 1205 κάν

1997 1173 2204 1226 errent,
2257 1161 2384 1227 quia
2419 1175 2666 1213 seut-smn
2721 1155 3120 1208 meditansion
3185 1160 3361 1218 potest
3413 1149 3584 1200 vitate

325 1249 617 1312 γνωστικοὶ
635 1243 734 1299 ῶσι
756 1264 769 1276 ·
799 1247 934 1300 διότι
967 1250 992 1298 ὁ
1021 1247 1369 1316 αὑτόστοιχος
1398 1247 1458 1298 οὗ
1489 1246 1710 1298 δύναται
1732 1248 1898 1312 ἐκφ-

1997 1253 2500 1320 praesumptionem,
2567 1249 2711 1302 unde
2765 1247 2916 1316 sequi
2972 1245 3107 1298 solet
3163 1258 3338 1304 error,
3397 1252 3454 1294 ut
3511 1244 3584 1293 ait

324 1345 441 1408 γεῖν
466 1343 563 1411 τὴν
587 1342 785 1409 οἴησιν,
820 1341 886 1393 δι’
909 1335 976 1411 ἧς
1020 1342 1053 1406 ἡ
1089 1339 1261 1407 πλάνη
1312 1337 1697 1390 ἐπακολουθεῖν
1722 1340 1898 1405 nsqu-

2001 1358 2227 1397 sauctns
2269 1344 2435 1396 Isaae.
2480 1342 2709 1406 Quidam
2744 1353 2898 1400 vero,
2953 1352 3056 1389 non
3094 1335 3395 1404 cogitantes
3441 1333 3585 1385 futu-

326 1452 443 1498 κεν,
469 1433 540 1492 ῶς
583 1451 745 1500 φησιν
793 1435 820 1485 ὁ
849 1433 1002 1499 am,-
1056 1432 1258 1482 ‘ls;::'::<.
1285 1430 1436 1489 Τινὲς
1462 1430 1518 1481 δὲ
1551 1430 1624 1497 μὴ
1654 1429 1897 1481 ἐννοοῦν-

2004 1449 2121 1483 rum
2183 1434 2463 1492 damnum,
2530 1431 2595 1482 ad
2660 1427 3158 1488 assuefaciendam,
3199 1426 3470 1491 inqttittttt,
3532 1433 3587 1476 et

325 1541 416 1583 τες
455 1524 553 1590 τὴν
594 1523 891 1590 μέλλουσαν
928 1521 1152 1590 βλάϐην,
1198 1521 1333 1588 πρὸς
1363 1520 1423 1571 τὸ
1455 1519 1738 1586 συνηθίσαι
1767 1522 1900 1586 φασὶ

2002 1525 2343 1577 adiciendam
2381 1534 2617 1576 mentem
2646 1524 2708 1574 ad
2743 1521 2834 1573 Dei
2869 1521 3210 1577 memoriam,
3253 1516 3452 1585 quibus
3505 1517 3586 1569 vis

324 1615 420 1666 καὶ
450 1615 734 1683 ἀγαπῆσαι
763 1615 853 1666 τὸν
885 1614 1010 1666 νοῦν
1040 1615 1138 1682 τὴν
1172 1612 1264 1664 τοῦ
1318 1611 1452 1664 Θεοῦ
1509 1611 1750 1680 μνήμην,
1788 1613 1899 1672 τοῖς

2002 1615 2149 1665 illattt
2185 1614 2355 1666 solam
2407 1614 2718 1664 ιιιριιιιιιΙιιιιι
2755 1610 2982 1663 soadent
3013 1627 3025 1662 :
3059 1610 3200 1675 quod
3236 1623 3339 1659 non
3407 1604 3587 1674 possi-

327 1705 549 1775 τυχοῦσι
605 1705 809 1774 ταύτην
848 1705 1016 1773 μόνην
1070 1706 1312 1771 ἐνεργεῖν
1339 1704 1718 1756 διδάσκουσιν·
1763 1705 1900 1770 ὅπερ

2002 1706 2104 1756 lulc
2130 1718 2238 1768 est,
2271 1719 2333 1756 ac
2364 1703 2660 1772 pnescrtim
2697 1703 2781 1755 Itis
2812 1702 2902 1769 qui
2932 1702 3161 1753 scorsim
3207 1701 3411 1751 vivunt.
3449 1699 3583 1751 Cum

326 1793 426 1843 οὐκ
459 1793 754 1860 ἐνδέχεται,
801 1793 894 1844 καὶ
933 1793 1166 1861 μάλιστα
1200 1794 1567 1864 ἰδιορῥύθμοις
1604 1789 1742 1846 οὖσι.
1781 1795 1899 1845 Ἔτι

2000 1796 2143 1849 enim
2194 1798 2433 1848 toudum
2474 1809 2624 1848 mens
2664 1808 2853 1846 eorum
2909 1793 3106 1844 ntnnda
3148 1790 3217 1844 sit
3246 1799 3467 1858 propter
3495 1801 3588 1842 ne-

328 1883 438 1951 γὰρ
466 1883 560 1933 τοῦ
597 1884 712 1945 νοὸς
748 1883 927 1934 αὐτῶν
964 1883 1275 1952 ἀκαθάρτου
1330 1882 1482 1945 ὄντος
1523 1884 1592 1934 δι’
1620 1882 1900 1952 ἀμέλειαν,
1932 1866 1970 1918 Β

1932 1866 1970 1918 Β
2004 1889 2314 1958 gligt-ntiam
2340 1899 2394 1941 ct
2421 1887 2754 1957 superbiam,
2788 1886 3044 1954 lacrymis
3077 1901 3183 1936 non
3223 1884 3347 1943 lota,
3405 1893 3589 1949 turpes

329 1976 424 2028 καὶ
461 1975 926 2044 ὑψηλοφροσύνην,
987 1975 1073 2026 διὰ
1101 1975 1352 2044 δακρύων
1387 1975 1460 2044 μὴ
1493 1975 1902 2044 προκαθαρθέν-

2009 1980 2403 2046 cogitationum
2477 1979 2757 2046 imagines,
2835 1977 3016 2044 potius
3074 1991 3235 2043 quam
3287 1973 3587 2026 orationem

329 2084 440 2130 τος,
467 2067 658 2118 εἴδωλα
686 2067 885 2134 μᾶλλον
913 2067 1111 2136 αἰσχρὰ
1140 2067 1436 2136 λογισμῶν,
1470 2068 1561 2119 καὶ
1591 2067 1651 2118 ού
1679 2084 1904 2136 προσευ-

2010 2072 2382 2137 speculantur,
2421 2070 2713 2124 immundis
2753 2071 2934 2123 cordis
2985 2069 3269 2136 spiritibus
3307 2065 3588 2118 tremendo

329 2161 430 2229 χὴν
489 2159 914 2227 ἐνοπτρίζονται,
969 2160 1076 2210 τῶν
1138 2160 1194 2210 ὲν
1232 2165 1298 2229 τῇ
1329 2160 1524 2230 καρδίᾳ
1578 2161 1903 2228 πνευμάτων

2011 2165 2228 2218 nomine
2282 2163 2637 2232 perturbatis,
2695 2171 2750 2216 et
2806 2162 3164 2216 frementibus
3232 2171 3287 2212 ut
3343 2159 3591 2213 auferant

331 2252 678 2320 ἀκαθάρτων,
707 2252 808 2304 ὑπὸ
837 2252 928 2304 τοῦ
957 2251 1186 2322 φοόεροῦ
1215 2253 1474 2319 ὀνόματος
1501 2252 1900 2320 ταραχθέντων,

2007 2270 2132 2307 eunt
2165 2255 2257 2325 qui
2288 2256 2435 2322 ipsos
2467 2252 2727 2323 flagellat.
2761 2253 2898 2306 Nam
2932 2253 2978 2306 si
3013 2254 3197 2305 audiat
3245 2261 3298 2305 et
3331 2251 3591 2305 doceatur

332 2344 430 2394 καὶ
485 2343 694 2395 ἀνελεῖν
743 2343 1049 2413 βρυχόντων
1098 2344 1186 2394 τὸν
1221 2343 1569 2410 μαστίζοντα.
1626 2341 1750 2393 Ἐὰν
1795 2344 1903 2407 γὰρ

2008 2344 2154 2394 illam
2195 2345 2508 2396 methodum
2545 2345 2637 2409 qui
2668 2343 2939 2412 privatum
2977 2342 3128 2407 vivit,
3167 2357 3330 2393 unum
3370 2357 3433 2395 ex
3463 2342 3589 2392 dtto-

333 2434 565 2506 ἀκούσῃ,
596 2434 628 2504 ἢ
663 2435 882 2504 διδαχθῇ
913 2437 940 2487 ὁ
974 2435 1322 2505 ἰδιὸῥρυθμος
1359 2433 1488 2500 περὶ
1517 2434 1612 2502 τῆς
1641 2433 1904 2502 ἐργασίας

2007 2437 2106 2488 bus
2140 2437 2376 2504 patietur
2405 2435 2600 2487 malum
2635 2451 2648 2488 :
2688 2435 2730 2488 si
2790 2435 3020 2487 luctetur
3082 2433 3293 2500 quidem
3348 2436 3586 2494 aberrat,

331 2525 558 2596 ταύτης,
587 2525 682 2579 καὶ
708 2526 952 2594 βούλεται
991 2528 1258 2595 κρατῆσαι
1290 2527 1478 2595 αὐτὴν,
1501 2525 1559 2576 ἓν
1587 2527 1652 2577 ὲκ
1672 2524 1779 2576 τῶν
1795 2523 1904 2575 δύω

2006 2540 2060 2579 σοι
2087 2529 2409 2578 insanabilis
2451 2531 2530 2586 tit,
2565 2528 2609 2579 si
2657 2543 2780 2579 vero
2812 2529 2883 2580 sit
2942 2522 3240 2594 neg'ligcns,
3301 2525 3508 2576 nullum
3537 2524 3588 2577 in

338 2615 523 2684 μέλλει
550 2615 770 2666 παθεῖν·
804 2617 851 2668 εί
879 2615 976 2684 μὲν
1027 2615 1290 2685 βιάζεται,
1324 2616 1612 2677 πλανᾶται,
1639 2615 1732 2665 καὶ
1755 2613 1906 2666 ἁνία-

1107 2616 1290 2678 ιζεται,
1324 2616 1612 2677 πλανᾶται,
1639 2615 1732 2665 καὶ
1755 2613 1906 2666 ἁνία·
2011 2631 2119 2671 tota
2155 2622 2258 2671 vita
2287 2620 2593 2688 profectum
2628 2619 2775 2672 facit.

333 2721 426 2767 τος
453 2706 640 2774 μένεν
667 2708 716 2757 εί
745 2705 790 2757 δ’
831 2708 1042 2774 ἀμελεῖ,
1094 2706 1406 2775 ἁπρόκοπος
1447 2709 1504 2758 ἐν
1540 2708 1636 2778 ὅλῃ
1691 2710 1757 2777 τῇ
1791 2708 1904 2776 ζωῇ

336 2797 502 2850 αὑτοῦ
527 2796 868 2851 καθίσταται.

410 2885 475 2939 θ’.
523 2886 664 2956 Ἐρῶ
685 2888 740 2939 δὲ
770 2886 1034 2954 κάγὼ,ῶς
1055 2888 1163 2940 άπὸ
1189 2877 1382 2957 πείρας
1401 2892 1593 2957 μικρὸν
1623 2889 1874 2956 ἐγνωκώς
1891 2904 1906 2916 °

2080 2894 2129 2946 9.
2166 2893 2347 2944 Dicam
2384 2892 2656 2958 equidem,
2694 2900 2878 2956 utpote
2937 2890 3270 2956 experientia
3329 2890 3585 2941 nonuu'lt

338 2977 468 3030 Ὀτε
495 2977 723 3047 καθίσῃς
757 2979 816 3029 ὲν
839 2978 1020 3047 ἡμέρᾳ
1046 2978 1154 3046 ἢέν
1187 2982 1340 3030 νυκτὶ
1361 2977 1668 3048 ἡσυχάζων,
1701 2980 1911 3048 συχνῶς

2009 2986 2258 3044 CtIOettIS,
2292 2981 2518 3049 quando
2574 2982 2784 3032 sedebis
2831 2980 2919 3032 die
2979 2979 3061 3028 vel
3129 2989 3284 3029 uncle
3345 2979 3580 3045 quietus,

337 3067 591 3135 δεόμενος
615 3068 708 3119 τοῦ
745 3068 904 3131 Θεοῦ,
963 3070 1133 3138 χωρὶς
1165 3069 1440 3138 λογισμῶν
1472 3073 1531 3122 ὲν
1562 3073 1910 3135 ταπεινώσει,

2010 3075 2322 3143 frequenter
2367 3074 2531 3125 Deum
2565 3087 2792 3139 precans
2813 3071 3370 3137 sinecogitationilms
3403 3070 3452 3120 iu
3488 3073 3585 3121 lm-

340 3161 434 3211 καὶ
464 3160 716 3228 ἀτονήσει
744 3161 884 3229 μὲνό
910 3162 1032 3223 νοῦς
1063 3163 1616 3230 κράζων,άλγήσειδὲ
1646 3166 1706 3216 τὸ
1734 3166 1909 3233 σῶμα,
1933 3209 1976 3267 C

1933 3209 1976 3267 Ο
2013 3167 2265 3223 utilitate,
2293 3176 2344 3214 ct
2383 3163 2598 3214 fatiscet
2628 3176 2781 3215 mens
2823 3161 3130 3221 clamitans,
3193 3176 3389 3226 corpus
3458 3177 3584 3212 vero

340 3251 437 3302 καὶ
465 3251 498 3318 ἡ
535 3251 733 3320 καρδία
758 3254 821 3321 τῇ
858 3253 1059 3324 σφοδρᾷ
1098 3254 1258 3323 πήξει
1287 3255 1387 3323 τῆς
1435 3255 1632 3324 συχνῆς
1687 3251 1976 3325 ἐπικλή-“

1904 3251 1976 3298 -“
2011 3254 2234 3318 dolebit,
2265 3263 2318 3306 et
2350 3268 2442 3305 ι·οτ
2483 3255 2684 3307 acriter
2738 3262 3050 3306 contentum
3103 3253 3167 3302 ad
3230 3252 3572 3316 frequentem

342 3355 483 3402 σεως
526 3341 620 3393 τοῦ
655 3341 853 3410 Ἰησοῦ,
908 3345 1106 3412 μηκέτι
1137 3344 1585 3415 θερμαινόμενος,
1617 3346 1649 3414 ἦ
1687 3346 1914 3413 εύιρραι·
2009 3388 2010 3394 η

2009 3348 2138 3402 Jesu
2173 3347 2729 3414 invocationem,jam
2774 3362 2878 3398 non
2916 3346 3114 3399 sentiet
3169 3343 3434 3396 fervorem
3493 3357 3585 3395 aut

341 3433 589 3497 νόμενος,
622 3430 680 3493 ἐξ
706 3425 780 3484 ὧν
808 3433 840 3501 ἠ
864 3431 1160 3501 προθυμία,
1196 3434 1288 3485 καὶ
1319 3434 1350 3503 ἡ
1387 3434 1629 3503 ὑπομονὴ
1673 3434 1748 3503 τῷ
1773 3437 1916 3501 ἀγω-

1915 3467 1916 3476 ι
2009 3442 2279 3505 laztitiatn,
2341 3441 2542 3508 quibus
2598 3439 2763 3492 ardor
2818 3449 2871 3492 et
2924 3441 3327 3502 perseverantia
3399 3437 3583 3489 militis

341 3525 496 3592 νιστῇ
530 3525 805 3589 γεννᾶται,
841 3523 960 3574 τότε
986 3523 1233 3591 ἐγερθεὶς
1257 3525 1434 3594 στῆθι,
1464 3527 1555 3579 καὶ
1588 3527 1755 3593 ψάλλε
1777 3528 1917 3579 κατὰ

1915 3568 1917 3577 ι
2012 3535 2462 3597 loventur;tuuc
2494 3547 2723 3599 surgens
2791 3542 2893 3594 sui,
2954 3539 3009 3581 et
3072 3528 3239 3596 psalle
3286 3530 3432 3582 solus
3489 3538 3583 3579 aut

346 3611 537 3681 μόνας,
571 3613 604 3682 ἢ
644 3612 782 3680 μετὰ
811 3613 904 3664 τοῦ
954 3614 1202 3674 συνόντος
1238 3630 1320 3665 σοι
1356 3614 1620 3682 μαθητοῦ,
1654 3616 1685 3682 ἢ
1721 3616 1917 3687 μελέτῃ
2009 3646 2014 3672 ι

1913 3650 1917 3685 ι
2009 3641 2133 3679 cum
2173 3637 2264 3678 tuo
2282 3623 2800 3690 comitcdiscipnlo,
2839 3623 2920 3674 vel
2959 3622 3293 3674 meditationi
3355 3620 3581 3689 alicujus

341 3700 486 3762 τινὸς
513 3698 699 3769 ῥητοῦ,
729 3700 761 3768 ἦ
797 3701 990 3770 μνήμῃ
1038 3699 1291 3760 θανάτου,
1322 3700 1355 3769 ἦ
1400 3702 1649 3771 ἐνεργείᾳ
1695 3703 1911 3771 χειρῶν,

2013 3717 2186 3780 verbi,
2215 3716 2298 3769 vel
2341 3718 2615 3769 memoria:
2653 3718 2868 3773 mortis,
2920 3714 3005 3764 vel
3072 3713 3240 3764 laltoti
3305 3727 3585 3774 manuum,

343 3790 567 3842 καὶτῶν
596 3789 799 3842 λοιπῶν
821 3789 1234 3858 ἀσχολούμενος,
1271 3791 1303 3859 ἢ
1325 3794 1390 3860 τῇ
1422 3793 1724 3858 ἀναγνώσει
1750 3811 1919 3863 προσ-
2009 3834 2011 3846 .

1915 3824 1919 3836 ν
2009 3818 2065 3859 et
2092 3806 2217 3859 aliis
2253 3822 2474 3867 vacans,
2505 3806 2589 3856 vel
2627 3804 2840 3856 lectioni
2909 3805 3220 3864 attendens,
3280 3812 3430 3854 stans
3492 3819 3583 3868 po-

343 3882 482 3953 έχων
502 3881 786 3949 ἱστάμενος
804 3882 1022 3949 μᾶλλον,
1038 3882 1124 3933 ἵνα
1145 3885 1311 3934 κόπον
1333 3882 1564 3953 ἐμποιῇς
1585 3884 1660 3954 τῷ
1679 3887 1914 3953 σώματι.

1913 3929 1914 3936 η
2013 3898 2150 3960 tius,
2185 3904 2244 3949 ut
2273 3909 2472 3963 corpus
2503 3893 2718 3961 fatiges.
2753 3891 2816 3944 Et
2858 3907 2980 3944 cmn
3008 3905 3120 3944 suis
3154 3892 3301 3943 Solus
3321 3893 3581 3959 psaltens,

347 3975 456 4026 Καὶ
488 3974 618 4026 ὅταν
643 3973 741 4042 μὲν
781 3973 996 4026 ῖστασαι
1045 3973 1188 4026 κατὰ
1220 3975 1385 4043 μόνας
1415 3974 1652 4042 ψάλλων,
1700 3976 1827 4043 λέγε
1858 3979 1920 4030 τὸ
2011 3999 2015 4037 ι

1910 3987 1920 4028 ⁵
2011 3988 2184 4038 recita
2199 3983 2509 4052 Trisagion,
2535 3983 2810 4035 autetiam
2833 3997 3041 4048 preces,
3069 3983 3244 4032 anima
3276 3984 3358 4032 vel
3385 3994 3578 4046 tuente,

345 4063 663 4134 Τρισάγιον,
697 4062 791 4114 καὶ
815 4059 911 4114 εἷθ’
949 4061 1092 4115 οὕτω
1115 4064 1212 4133 τὴν
1261 4065 1568 4134 προσευχὴν
1594 4065 1917 4138 ψυχικῶς,ἢ
2009 4097 2013 4126 λ

1914 4092 1917 4138 ι
2009 4077 2322 4131 attendente
2355 4076 2503 4130 cordi
2536 4073 2836 4128 intellectu.
2889 4073 3105 4138 Quodsi
3163 4072 3327 4125 instet
3376 4073 3582 4134 acedia,

346 4155 570 4224 νοερῶς,
601 4155 958 4226 προσέχοντος
989 4153 1083 4207 τοῦ
1110 4155 1203 4209 νοῦ
1231 4158 1297 4224 τῇ
1332 4157 1549 4227 καρδίᾳ.
1579 4156 1703 4210 Ἐὰν
1727 4159 1783 4210 δὲ
1801 4159 1926 4212 ὲπί-
2011 4185 2014 4222 1

1914 4182 1926 4195 '
2011 4169 2364 4223 recitaetiam
2397 4168 2654 4223 duosvel
2691 4177 2799 4219 tres
2860 4166 3121 4234 psalmos,
3169 4177 3221 4217 et
3288 4165 3582 4218 versiculos

348 4268 527 4304 κειται
560 4250 778 4321 ἀκηδία,
817 4250 940 4317 λέγε
977 4251 1072 4303 καὶ
1105 4249 1353 4321 ψαλμοὺς
1385 4252 1514 4316 δύω,
1546 4253 1578 4322 ἦ
1611 4255 1783 4322 τρεῖς,
1831 4254 1927 4306 καὶ
2013 4278 2016 4313 ι

1909 4254 1927 4306 ἱ
2013 4271 2308 4314 nocturnos
2338 4259 2544 4327 absque
2567 4268 2751 4323 cantu,
2783 4258 2910 4327 quia
2946 4275 2963 4308 t
2990 4272 3094 4309 non
3131 4256 3432 4309 cantalmnt
3489 4273 3577 4323 ψη

346 4343 623 4413 τροπάρια
648 4342 1022 4396 κατανυκτικὰ
1049 4343 1176 4396 ἄνευ
1205 4343 1402 4411 μέλους
1421 4357 1434 4371 °
1475 4345 1639 4396 ὅτιού
1675 4345 1921 4414 μελῳδή-
2010 4372 2014 4405 ε

1904 4372 1921 4383 ·
2010 4363 2138 4406 sunt
2185 4352 2520 4422 huiusmodi,
2548 4353 2626 4405 ait
2652 4350 2915 4405 Climax.»
2980 4369 2998 4401 ι
3031 4348 3238 4403 Suﬂitit
3271 4350 3414 4402 enim
3451 4349 3572 4417 ipsi:

349 4449 535 4485 σουσιν
560 4434 612 4485 οι
639 4431 898 4498 τοιοῦτοι,
925 4432 1134 4502 φησὶνδ
1154 4433 1252 4503 τῆς
1284 4434 1585 4502 Κλίμακος.
1609 4431 1795 4503 Ἀρκεῖ
1814 4433 1922 4503 γάρ
2012 4463 2017 4496 ;

1906 4450 1922 4484 ³
2012 4447 2078 4498 ad
2109 4446 2366 4514 gaudium
2399 4443 2557 4497 labor
2624 4443 2807 4497 cordis
2870 4457 2967 4510 pro
3022 4440 3224 4508 pietate
3272 4450 3574 4508 susceptus,

347 4525 534 4586 αὐτοῖς
558 4526 636 4586 είς
665 4524 1005 4593 εὐφροσύνην
1055 4527 1085 4576 ό
1107 4523 1204 4592 τῆς
1227 4524 1450 4594 καρδίας
1476 4525 1634 4587 πόνος
1662 4525 1801 4595 ὑπὲρ
1829 4527 1920 4578 εύ-
1938 4541 1985 4596 ι)

1904 4541 1985 4596 'D
2015 4537 2195 4604 inquit
2217 4545 2448 4588 sanctus
2481 4532 2721 4598 Marcus,
2756 4543 2810 4585 et
2845 4532 3024 4584 fervor
3075 4531 3297 4599 spiritus
3329 4531 3395 4583 ad
3451 4532 3572 4583 laeti.

351 4615 571 4678 σεδείας
619 4618 924 4685 γινόμενος,
957 4615 1141 4679 καθώς
1187 4633 1354 4685 φησιν
1396 4619 1424 4670 ὁ
1476 4619 1632 4684 ἆγιος
1674 4619 1918 4689 Μάρκος,
2012 4637 2019 4677 l

1903 4661 1918 4685 ,
2012 4630 2142 4678 tiam
2201 4635 2257 4678 et
2306 4625 2727 4678 exsultationem
2781 4624 2859 4676 eis
2900 4624 3081 4674 datus.
3125 4639 3144 4671 ι
3196 4621 3385 4673 Adhuc
3442 4619 3571 4672 ἱιιιτε,

350 4715 447 4761 καὶ
473 4710 508 4776 ἡ
543 4706 722 4776 θέρμη
753 4708 847 4759 τοῦ
894 4707 1208 4777 Πνεύματος
1259 4710 1396 4777 πρὸς
1423 4712 1597 4780 χαράν
1628 4713 1722 4765 καὶ
1747 4713 1921 4780 άγαλ-
2010 4733 2018 4784 ι

1913 4741 1921 4753 -
2010 4719 2276 4784 psalmum
2310 4725 2365 4768 et
2396 4729 2585 4783 preces
2610 4715 2789 4767 anima
2813 4712 2899 4767 vel
2923 4723 3102 4766 tuente
3133 4710 3277 4764 haud
3326 4721 3581 4779 vagamer

348 4796 533 4850 λίασιν
567 4799 750 4860 αὐτοῖς
803 4798 1076 4868 διδομένη.
1109 4799 1247 4866 Λέγε
1290 4799 1348 4851 δὲ
1376 4802 1516 4852 κατὰ
1541 4801 1773 4868 ψαλμὸν,
1826 4803 1922 4854 καὶ¹
2011 4817 2016 4862 1

1913 4819 1922 4854 ι
2011 4812 2206 4869 laetas,
2237 4807 2595 4861 dicAlleluia.
2627 4805 2755 4860 Haec
2800 4817 2885 4860 est
2927 4807 3071 4859 enim
3124 4807 3406 4857 metltodus
3457 4818 3581 4855 San-

349 4888 452 4959 τὴν
477 4888 786 4958 προσευχὴν
807 4888 1029 4957 νοερῶς,
1060 4888 1382 4957 ἢψυχικῶς,
1419 4890 1797 4959 άρεμδάστως,
1829 4892 1922 4943 καὶ
2009 4919 2017 4951 ε

1910 4899 1922 4942 ι
2009 4913 2221 4954 etorum
2245 4899 2489 4965 Patrum,
2515 4897 2897 4967 Barsanupltii,
2946 4895 3301 4959 Diadoclti,et
3326 4894 3578 4949 aliorum.

350 4979 437 5041 τὸ,
485 4977 821 5048 Ἀλληλούῖα.
856 4977 1004 5046 Αὕτη
1036 4979 1198 5048 γὰρὴ
1223 4978 1371 5041 τάξις
1408 4978 1516 5030 τῶν
1549 4979 1717 5044 ἁγίων
1747 4980 1920 5031 Πατέ-
2013 5027 2018 5044 ι

1905 5007 1920 5018 ·
2013 4995 2208 5059 Atque,
2237 5002 2298 5045 ttt
2330 4992 2404 5045 ait
2433 4991 2593 5045 divus
2622 4991 2871 5052 Basilius,
2923 5008 2941 5039 ι
2978 4998 3192 5053 oportet
3221 4990 3460 5056 psalmos
3518 4989 3573 5040 in

355 5089 492 5141 ρων,
528 5070 954 5138 Βαρσανουφίου,
983 5069 1078 5121 καὶ
1132 5072 1404 5138 Διαδόχου,
1435 5071 1528 5122 καὶ
1557 5071 1664 5124 τῶν
1699 5071 1921 5123 λοιπῶν.
2011 5106 2023 5139 ε

1914 5108 1921 5123 -
2011 5089 2126 5140 dies
2179 5086 2472 5149 alternare,
2521 5088 2586 5138 ad
2648 5085 3035 5137 stmmlandum
3092 5082 3363 5144 ardorem,
3416 5091 3582 5148 utque

263 5176 273 5184 '
352 5162 492 5227 Καὶ,
528 5161 710 5222 καθώς
740 5179 905 5232 φησιν
943 5163 971 5214 ὁ
1002 5161 1143 5224 θεῖος
1193 5161 1484 5221 Βασίλειος.
1516 5162 1595 5213 δεῖ
1631 5163 1758 5224 τοὺς
1788 5162 1925 5229 ψαλ-

1912 5191 1925 5201 “
2011 5195 2286 5246 nunquam
2323 5192 2494 5238 mens,
2526 5177 2720 5244 inquit,
2778 5175 3003 5229 eosdem
3044 5173 3282 5241 psalmos
3319 5171 3580 5234 fastidiat,

357 5254 496 5322 μοὺς
536 5251 657 5304 καθ’
691 5251 903 5322 ἡμέραν
930 5251 1292 5313 ἐναλλάττειν,
1327 5251 1413 5303 διὰ
1448 5251 1507 5302 τὸ
1555 5251 1820 5320 ἐρεθίζειν
1845 5253 1924 5313 εἰς
2009 5286 2025 5324 ε

1910 5268 1924 5313 ἶ
2009 5270 2104 5324 sed
2141 5269 2359 5321 libertas
2387 5268 2434 5319 ei
2476 5265 2835 5332 permittenda
2859 5277 2961 5329 est,
2993 5275 3048 5318 et
3081 5265 3162 5317 sie
3226 5263 3416 5330 majori
3488 5278 3578 5318 ac-

356 5341 694 5412 προθυμίαν,
737 5342 832 5392 καὶ
881 5341 968 5392 ἵνα
1023 5341 1120 5409 μὴ,
1150 5339 1336 5408 φησὶν,
1386 5338 1566 5407 ἀηδῶς
1614 5340 1641 5390 ό
1673 5337 1796 5399 νοῦς
1825 5336 1924 5408 ἔχῃ
2008 5374 2024 5412 ε

1908 5352 1924 5406 ὶ
2008 5359 2275 5413 cendetur
2308 5356 2509 5410 studio.
2557 5374 2574 5406 ι
2617 5357 2768 5420 Quod
2829 5357 2874 5410 si
2929 5371 3050 5409 cum
3107 5355 3370 5424 discipulo
3431 5354 3576 5409 fideli

356 5435 593 5488 πάντοτε
618 5431 686 5484 τὰ
719 5432 862 5484 αὐτὰ
889 5431 1125 5500 ψάλλων,
1157 5431 1289 5482 ἀλλὰ
1306 5431 1401 5499 τὴν
1436 5428 1746 5498 ἐλευθερίαν
1777 5428 1924 5494 αύτῷ
2010 5467 2024 5505 ε

1910 5429 1924 5478 ³
2010 5461 2126 5505 stas
2157 5452 2418 5520 psallens,
2455 5450 2542 5503 hic
2577 5450 2793 5517 quidem
2835 5449 3068 5516 psalmos
3097 5447 3309 5510 recitet,
3339 5456 3394 5500 tu
3450 5461 3578 5500 vero

357 5531 471 5596 χρὴ
503 5524 880 5594 παραχωρεῖν,
911 5522 1005 5574 καὶ
1034 5522 1113 5573 ἔτι
1143 5519 1342 5589 μᾶλλον
1381 5522 1459 5580 είς
1496 5517 1806 5587 προθυμίαν
1834 5517 1924 5587 ἔρ.-
2008 5559 2025 5595 (

1904 5549 1924 5559 ’
2008 5545 2338 5597 cerdeintus
2365 5542 2736 5596 attendentem
2755 5553 2809 5594 et
2835 5552 3146 5608 precantem
3175 5550 3298 5592 tene
3322 5537 3572 5604 teipsum.

343 5621 544 5688 ρωται.
576 5617 702 5668 Ἐὰν
733 5615 791 5670 δὲ
832 5616 966 5686 μετὰ
1025 5614 1269 5686 μαθητοῦ
1301 5614 1490 5667 πιστοῦ
1543 5615 1755 5668 ἴστασαι
1784 5615 1920 5684 ψάλ-
2009 5647 2011 5667 ι

1909 5643 1920 5653 ·
2009 5629 2212 5684 Omnes
2247 5641 2426 5683 autem
2460 5632 2838 5700 cogitationes,
2873 5631 2988 5683 sive
3042 5629 3408 5691 sensibilium,
3459 5627 3577 5680 sive

341 5710 472 5767 λων,
502 5709 706 5770 ἐκεῖνος
740 5708 840 5778 μὲν
865 5709 990 5769 τοὺς
1019 5706 1266 5776 ψαλμοὺς
1286 5707 1509 5772 λεγέτω,
1546 5707 1608 5759 συ
1627 5706 1680 5758 δὲ
1706 5708 1769 5775 τῇ
1795 5722 1924 5775 καρ-

1911 5732 1924 5745 ·
2012 5721 2466 5789 intelligibtlium,
2507 5723 2559 5774 in
2589 5722 2755 5775 corde
2794 5723 3004 5774 inortas
3032 5720 3366 5787 asperneris,
3426 5718 3579 5784 adju-

340 5799 435 5867 δία
478 5798 734 5865 κρυπτῶς
764 5797 1048 5868 προσέχων
1089 5800 1187 5851 καὶ
1247 5798 1702 5866 προσευχόμενος,
1765 5796 1922 5863 τήρει

1914 5812 1922 5847 '-
2009 5822 2172 5865 vanle
2230 5813 2500 5866 oratione.
2555 5810 2688 5866 Nam
2743 5814 2999 5878 qaietudo
3057 5822 3139 5865 cst
3193 5810 3582 5879 cogitationum

535 5915 808 5974 ΡΑταοι.
868 5913 984 5971 Gn.
1040 5910 1150 5967 CL.

3183 5904 3253 5964 42
