4224 6464
323 367 458 446 i325

955 382 1052 442 DE
1095 382 1589 453 QUIEI‘UDINE
1647 388 1739 446 ET
1785 389 2099 450 DUOBUS
2163 388 2582 450 ORATIOle
2627 393 2886 455 Μοῡῐᾶ

3434 398 3449 455 i
3462 397 3569 457 3526

316 491 453 559 πρός
483 508 645 543 τινων
688 489 1006 560 ἀρέσκειαν,
1058 493 1193 560 μηδὲ
1229 494 1393 546 πάλιν
1447 494 1768 564 ἀπλήστως·
1818 496 1898 546 ὅτι

1995 499 2385 566 perfunctorie,
2420 506 2514 556 sed
2547 505 2804 572 graviter,
2843 505 3122 567 decenter,
3180 507 3352 568 firme,
3410 507 3569 560 intel-

313 581 423 631 πᾶν
453 580 649 650 μέτρον
676 581 917 650 ἄριστον,
951 580 1084 650 μηδὲ
1116 583 1382 651 τραχέως,
1409 583 1542 651 μηδὲ
1563 583 1786 652 νωθρῶς
1806 587 1898 636 καὶ

311 670 717 740 ἠμελημένως,
776 671 913 724 ἀλλά
961 673 1194 741 σεμνῶς,
1259 675 1542 736 ἐπιεικῶς,
1597 675 1894 737 εὐσταθῶς,

315 766 574 828 συνετῶς.
606 766 915 837 εὐρύθμως,
938 766 1136 834 νοερῶς
1155 784 1214 819 τε
1233 769 1326 820 καὶ
1347 767 1616 838 ψυχικῶς,
1643 770 1676 837 ἢ
1700 770 1793 820 καὶ
1812 769 1899 820 λο-

313 857 506 922 γικῶς.
545 859 631 910 Ἐν
654 857 864 920 τούτοις
895 860 1004 928 γὰρ
1043 858 1509 928 ὲνδυνσμούμενος
1528 863 1556 913 ὁ
1575 861 1718 924 νοῦς,
1747 862 1897 931 ίσχῦν

313 951 370 998 ὲν
395 947 505 1010 ἕξει
534 947 826 1016 λαμϐάνει,
855 950 934 1011 είς
965 949 1028 1001 τὸ
1054 949 1456 1020 προσεύχεσθαι
1494 951 1790 1021 κραταιῶς.
1812 953 1932 1009 Ἐν,

311 1037 367 1090 δὲ
389 1042 500 1100 τοῖς
529 1039 949 1108 προειρημένοις
995 1044 1256 1105 ἐναντίοις
1289 1043 1514 1107 τούτων,
1542 1044 1804 1096 σκότωσίν
1841 1061 1895 1096 τε

1997 590 2245 659 ligenter,
2277 610 2588 656 numerose,
2623 609 2742 647 eunt
2793 596 3089 657 intellecm,
3152 597 3332 648 anima
3368 604 3421 648 ct
3477 612 3568 649 r't-

1994 684 2158 736 tione.
2189 683 2246 735 lu
2282 685 2365 736 his
2392 686 2535 736 enim
2559 686 2907 738 corroborata
2938 702 3114 752 meus,
3163 690 3311 741 vires
3381 689 3565 744 hahitu

1993 775 2231 842 acquirit
2261 777 2326 828 ad
2358 777 2570 828 fortiter
2629 782 2920 834 orandum.
2982 779 3038 831 In
3099 780 3336 848 prmfatis
3383 792 3566 834 autem

1994 866 2187 915 horum
2239 866 2575 931 contrariis,
2613 868 2938 932 ca-citatem,
2977 871 3240 922 desidiam
3271 880 3324 922 et
3358 883 3574 938 pertur-

1993 956 2264 1008 bationem
2294 959 2538 1019 incurrit,
2601 961 2670 1012 ita
2713 949 2771 1013 tit
2825 962 2998 1013 doleat
3031 963 3080 1013 in
3135 965 3360 1015 cerebro
3405 964 3570 1018 intel-

1993 1050 2190 1118 lectus,
2218 1051 2369 1106 etad
2397 1052 2702 1104 orationem
2738 1053 3076 1106 debilitatur.

313 1122 411 1171 καὶ
462 1123 767 1191 χαύνωσιν,
801 1129 896 1180 καὶ
946 1129 1210 1182 ἔκστασιν
1238 1131 1434 1184 κτᾶται
1459 1148 1471 1159 ·
1525 1130 1668 1184 ὥστε
1697 1134 1886 1199 ἀλγεῖν
1910 1137 2006 1191 καὶ
2041 1140 2104 1192 τὸ
2130 1142 2460 1211 ἡγεμονικὸν
2500 1152 2559 1201 ὲν
2584 1150 2661 1218 τῷ
2688 1150 3003 1218 ἐγκεφάλῳ,
3033 1153 3124 1201 καὶ
3150 1153 3228 1212 εις
3259 1152 3359 1220 τὴν
3391 1169 3560 1220 προσ.

311 1211 476 1281 ευχὴν
506 1216 739 1269 ἀτονεῖν.

379 1317 469 1386 ιβ’.
497 1317 739 1388 Πρόσεχε
792 1317 849 1370 δὲ
884 1335 977 1369 και
1036 1320 1100 1385 τῇ
1152 1317 1408 1386 προθέσει
1465 1314 1585 1368 καθ’
1617 1316 1787 1383 ὥραν,
1831 1317 1889 1366 ἐν

307 1408 529 1478 ὸκριὸεῖ
561 1410 819 1479 ἐρευνᾷν,
852 1409 954 1461 ποῦ
983 1410 1160 1475 ῥέπει,
1194 1410 1241 1460 εί
1274 1409 1416 1460 κατά
1439 1408 1572 1460 Θεὸν
1594 1407 1660 1458 δι’
1689 1407 1819 1459 αὐτὸ
1840 1409 1899 1458 τὸ

311 1499 676 1563 καλὸν,ἒνεκα
698 1498 934 1569 ψυχικῆς
968 1499 1234 1565 ὡφελείας
1258 1500 1493 1568 κάθησαι
1525 1497 1832 1568 ἡσυχάζων,
1864 1500 1895 1567 ἦ

310 1587 620 1658 ψάλλων,ἢ
670 1587 1083 1656 ἀναγινώσκων,
1139 1589 1170 1657 ἢ
1212 1589 1665 1658 προσευχόμενος,
1718 1589 1750 1657 ἦ
1804 1588 1899 1640 τήν

311 1680 528 1734 οίανοῦν
549 1682 750 1752 ἀρετὴν
775 1681 1167 1752 ἐργαζόμενος,
1217 1683 1301 1735 ἵνα
1337 1684 1411 1752 μὴ
1452 1683 1683 1735 συλᾶσαι
1725 1684 1896 1747 ἀγνίν-

314 1792 491 1838 στως·
552 1776 747 1846 μήπως
824 1774 1056 1845 εὑρεθῇς
1125 1775 1204 1844 τῷ
1263 1775 1362 1844 μὲν
1428 1777 1668 1844 σχήματι
1738 1775 1897 1843 Emi-

2069 1329 2155 1381 12.
2185 1327 2418 1379 Attende
2446 1327 2610 1378 etiam
2633 1325 2918 1379 intentioni
2940 1340 3264 1394 quocunque
3311 1339 3574 1397 tempore,

1995 1420 2286 1487 diligenter
2321 1427 2577 1471 scrutatis
2609 1433 2718 1483 quo
2743 1428 2951 1483 vergat,
2996 1434 3062 1468 an
3130 1419 3304 1484 ipsum
3369 1418 3573 1472 bonum

1999 1519 2217 1578 propter
2255 1511 2417 1563 Deum
2453 1507 2640 1573 fat-ias,
2669 1524 2733 1560 an
2769 1520 2986 1576 propter
3048 1513 3242 1563 annuae
3292 1510 3574 1562 utilitatem

1997 1606 2187 1656 sedeas
2213 1605 2450 1669 quietus,
2480 1600 2561 1653 vel
2591 1600 2850 1669 psallens,
2879 1603 2960 1654 vel
2997 1603 3201 1667 legens,
3245 1603 3325 1654 vel
3383 1616 3575 1662 orans.

1996 1695 2082 1747 vel
2114 1696 2416 1762 quamlibet
2441 1708 2706 1747 exercens
2731 1694 3005 1766 virtutem,
3037 1704 3091 1744 ut
3146 1710 3250 1745 non
3302 1693 3576 1760 diripiaris

1998 1786 2221 1850 inscius,
2284 1800 2384 1839 nec
2447 1784 2744 1838 inveniaris
2794 1785 2972 1852 specie
3042 1785 3259 1851 quidem
3319 1800 3571 1852 cperans,

311 1887 446 1938 της,
515 1869 594 1938 τῷ
656 1870 713 1921 δὲ
765 1868 952 1939 τρόπῳ
1010 1869 1106 1922 καὶ
1161 1873 1227 1938 τῇ
1291 1868 1501 1939 διανοίᾳ
1560 1868 1896 1938 ἀνθρώποις,

1999 1880 2300 1932 intentione
2333 1892 2462 1930 vero
2495 1885 2548 1930 et
2572 1877 2902 1944 cogitatione
2938 1877 3277 1938 hominibus,
3301 1891 3409 1931 non
3466 1878 3574 1929 Dea

311 1961 407 2014 καὶ
450 1962 512 2014 οὐ
560 1960 678 2030 Θεῷ
733 1961 994 2029 ἀρέσκειν
1045 1960 1387 2030 βουλόμενος.
1456 1961 1631 2014 Πολλά
1681 1961 1789 2028 γάρ
1835 1961 1900 2012 τὰ

310 2052 500 2124 ἐνέδρα
557 2053 652 2106 τοῦ
729 2055 924 2119 δολίου,
985 2056 1080 2107 καὶ
1142 2055 1350 2124 σφόδρα
1417 2055 1662 2124 κρυφίως
1717 2053 1899 2121 βλέπει

311 2146 411 2215 τὴν
461 2144 632 2215 ῥοπὴν
682 2147 782 2215 τῆς
845 2146 1158 2216 προθέσεως
1222 2147 1298 2210 ὡς
1357 2147 1719 2217 ἀγνοούμενος
1789 2149 1898 2208 τοῖς

313 2239 533 2302 πολλοῖς
565 2281 579 2304 ,
611 2239 705 2292 καὶ
734 2242 819 2292 ἀεὶ
855 2239 1101 2309 βούλεται
1122 2240 1289 2311 συλᾷν
1315 2239 1378 2292 τὸ
1401 2241 1560 2309 ἔργον
1587 2240 1899 2308 ἀγνώστως,

314 2333 406 2384 ἵνα
432 2331 507 2403 μὴ
538 2333 679 2384 κατᾶ
717 2333 850 2386 Θεὸν
883 2333 1110 2401 γένηται
1143 2334 1204 2386 τὸ
1235 2334 1540 2403 γινόμενον.
1567 2335 1627 2385 Ei
1658 2334 1768 2402 γὰρ
1809 2335 1901 2384 καὶ

313 2424 612 2486 ἀνενδὸτως
646 2424 895 2493 πολεμεῖ,
927 2426 1021 2476 καὶ
1061 2424 1296 2486 ἀναιδῶς
1338 2425 1727 2495 προσέρχεται,
1766 2424 1900 2476 ἀλλά

314 2516 381 2568 σὺ
413 2514 636 2584 βεϐαίαν
666 2515 766 2586 τὴν
801 2513 1062 2584 πρόθεσιν
1086 2515 1166 2578 είς
1195 2515 1329 2566 Θεὸν
1376 2515 1537 2584 ἔχων,
1563 2501 1631 2567 ὀὐ
1667 2514 1900 2567 συλᾶσαι

314 2605 550 2676 συχνῶς,
577 2605 678 2658 γᾶν
705 2606 981 2668 ἀκουσίως
1018 2606 1317 2684 ῥέμϐεσθαι
1351 2607 1440 2658 ὑπ’
1473 2607 1682 2660 ἐκείνου
1711 2608 1870 2678 βιάζη

313 2717 404 2752 ται
441 2701 473 2770 ἠ
507 2700 647 2770 ῥοπὴ
677 2699 771 2752 τοῦ
798 2699 1120 2769 θελήματος.
1150 2701 1262 2752 Καὶ
1291 2701 1421 2763 ἴσως
1451 2702 1483 2770 ἦ
1517 2701 1612 2753 καὶ
1651 2700 1710 2765 ἐξ
1737 2702 1898 2754 ἀσθε-

317 2792 464 2855 νείας
487 2791 715 2860 ἡττᾶταί
749 2808 831 2854 τις
851 2792 1144 2856 ἀκουσίως,
1169 2792 1284 2851 ἀλλ’
1318 2793 1548 2860 ἑτοίμως
1603 2797 1898 2862 συγχωρεῖ-

317 2901 406 2936 ται
447 2883 544 2935 καὶ
565 2885 870 2936 ἐπαινεῖται
901 2883 1048 2952 παρά
1080 2881 1173 2936 τοῦ
1220 2883 1320 2947 τὰς
1344 2884 1632 2954 προθέσεις
1680 2886 1901 2948 καὶτὰς

315 2975 545 3044 καρδίας
571 2974 952 3041 γινώσκοντος.
977 2975 1147 3028 Τοῦτο
1163 2977 1224 3029 τὸ
1250 2976 1446 3041 πάθος,
1465 2979 1562 3046 τῆς
1593 2978 1901 3045 κενοδοξίας

312 3064 478 3132 λέγω,
513 3067 613 3117 οὐκ
666 3067 730 3136 ἐᾷ
779 3066 872 3118 τὸν
916 3066 1150 3135 μοναχὸν
1189 3067 1463 3137 προκόῴαι
1526 3070 1606 3129 είς
1662 3069 1897 3139 ἀρετήν·

315 3149 455 3210 ἀλλά
475 3160 601 3218 τοὺς
638 3160 839 3220 κόπους
874 3160 1158 3229 ὑπομένει,
1201 3162 1296 3213 καὶ
1324 3162 1381 3213 ὲν
1407 3162 1556 3230 γήρα
1585 3161 1898 3231 εὑρίσκεται
1922 3182 1966 3242 C

315 3250 587 3320 ἄκαρπος.
615 3251 854 3328 Καξγάρ
879 3253 975 3304 καὶ
1004 3254 1116 3314 τοῖς
1139 3253 1319 3322 τρισὶν
1345 3253 1668 3320 έπεμόαίνει
1691 3254 1778 3305 ἀεὶ
1807 3255 1901 3305 καὶ

313 3341 514 3406 γυμνοί
546 3339 744 3401 αὐτοὺς
778 3341 874 3408 τῆς
901 3340 1162 3407 ἐργασίας
1200 3341 1309 3392 τῶν
1372 3342 1606 3411 ἀρετῶν,
1652 3344 1901 3412 ἀρχαρίῳ

313 3429 482 3497 λέγω,
506 3431 600 3482 καὶ
629 3433 802 3501 μέσῳ,
836 3433 928 3482 καὶ
958 3431 1173 3501 τελείῳ.

387 3527 478 3589 ιγ’.
517 3522 688 3575 Τοῦτο
721 3523 776 3574 δὲ
811 3522 1000 3592 μαθὼν
1027 3525 1191 3591 λέγω,
1218 3525 1300 3576 ὅτι
1333 3525 1500 3594 χωρὶς
1551 3526 1659 3578 τῶν
1689 3527 1900 3597 ἀρετῶν

311 3614 520 3668 τούτων
595 3615 831 3684 μοναχδς
882 3616 1300 3685 οὺ.προκόπτει
1377 3633 1538 3680 ποτε,
1608 3619 1899 3687 νηστείας,

310 3706 666 3776 ἀγκρατείας,
688 3708 1018 3775 ἀγρυπνίας,
1041 3707 1341 3776 ὑπομονῆς,
1361 3709 1633 3779 ἀνδρείας,
1648 3712 1898 3780 ἡσυχίας,

313 3799 647 3867 προσευχῆς,
680 3800 913 3868 σιωπῆς,
946 3799 1592 3865 πένθους,ταπεινώσεως
1614 3819 1627 3832 ο
1661 3806 1767 3855 εἰσὶ
1794 3807 1902 3872 γὰρ

312 3891 633 3958 γεννητικαὶ
659 3889 906 3959 ἀλλήλων
967 3891 1060 3943 καὶ
1115 3891 1463 3958 φυλακτικαί.
1515 3894 1647 3946 ’Λπδ
1671 3895 1777 3965 γάρ
1810 3911 1900 3963 νη-

316 3984 500 4045 στείας
524 3983 781 4053 συνεχοῦς
821 3985 1193 4055 μαραινομένῃ
1230 3986 1571 4056 ἡέπιθυμία,
1600 3988 1774 4040 τίκτει
1797 3989 1899 4058 τὴν

312 4077 678 4144 ἐγκράτειαν·
709 4077 742 4146 ἡ
781 4076 1103 4146 ἐγκράτεια,
1139 4079 1238 4146 τὴν
1277 4079 1620 4146 ἀγρυπνίαν·
1654 4082 1687 4148 ἠ
1723 4083 1896 4150 ἀγρυ-

313 4167 466 4230 πνία,
494 4168 593 4234 τὴν
627 4168 935 4237 ὑπομονήν·
981 4169 1014 4238 ὴ
1064 4170 1332 4238 ὑπομονὴ,
1364 4170 1461 4240 τὴν
1513 4171 1766 4241 ἀνδρείαν
1795 4189 1807 4201 ⁸
1865 4174 1896 4241 ἡ

310 4260 560 4328 ἀνδρεία,
581 4258 680 4330 τὴν
708 4260 970 4330 ἡσυχίαν·
1019 4263 1052 4331 ἡ
1081 4261 1302 4331 ἡσυχία,
1341 4263 1439 4333 τὴν
1479 4265 1789 4334 προσευχήν
1811 4282 1825 4296 ·
1862 4267 1895 4335 ἡ

312 4354 615 4423 προσευχὴ,
645 4354 744 4424 τὴν
774 4355 987 4423 σιωπήν
1006 4370 1020 4383 ·
1051 4357 1084 4424 ἡ
1110 4355 1309 4426 σιωπὴ,
1335 4357 1394 4408 τὸ
1424 4357 1616 4420 πένθος
1640 4374 1652 4388 ο
1681 4359 1740 4410 τὸ
1768 4361 1898 4411 πέν-

311 4446 428 4507 θος,
455 4446 553 4516 τὴν
582 4447 946 4499 ταπείνωσιν·
981 4447 1014 4516 ὴ
1044 4448 1375 4508 ταπείνωσις
1427 4450 1800 4520 ἀντιστρόφως
1841 4453 1899 4504 τὸ

1997 1969 2210 2036 placere
2233 1969 2482 2036 cupiens.
2513 1966 2692 2020 Multae
2717 1977 2841 2020 sunt
2865 1967 3007 2018 enim
3040 1967 3198 2020 calidi
3263 1968 3436 2022 hostis
3493 1970 3574 2021 iii-

1995 2061 2239 2124 sidiaa,et
2265 2059 2658 2124 occultissime,
2723 2067 2780 2110 ut
2843 2057 3040 2110 multos
3085 2058 3274 2121 latens,
3337 2059 3577 2113 intuetur

1994 2146 2551 2210 ﬂexutnintentionis,
2608 2158 2663 2200 et
2722 2161 2937 2215 semper
2993 2149 3192 2215 quaerit
3249 2149 3386 2202 clam
3438 2165 3577 2215 opus

1995 2239 2409 2304 furari,utnon
2474 2249 2697 2308 pr0pter
2753 2238 2921 2292 Deum
2983 2240 3073 2292 fiat
3129 2240 3275 2309 quod
3345 2241 3421 2293 tit.
3468 2240 3577 2296 Sed

1994 2333 2241 2401 quamvis
2270 2339 2324 2384 te
2349 2331 2729 2384 indesinenter
2769 2331 3045 2398 impugnet
3094 2347 3156 2383 ac
3231 2333 3605 2399 impudenter

1998 2423 2241 2484 invadat,
2265 2433 2318 2474 tu
2354 2432 2534 2475 tamen
2566 2424 2727 2474 iisan:
2758 2423 2810 2474 in
2836 2420 3005 2475 Deum
3061 2424 3415 2477 intentionem
3474 2428 3574 2477 ha-

1999 2515 2153 2577 bens,
2178 2530 2245 2566 ne
2278 2516 2596 2580 frequenter
2633 2512 2946 2578 abripiaris,
2975 2513 3187 2566 etiamsi
3237 2515 3400 2567 inrita
3449 2532 3577 2570 eva-

1999 2607 2116 2675 gari
2143 2616 2370 2672 cogatur
2403 2606 2471 2658 ab
2507 2606 2599 2657 illo
2635 2605 2914 2658 inclinatio
2975 2606 3291 2659 voluntatis.
3328 2607 3393 2660 Et
3448 2608 3577 2661 licet

1996 2699 2065 2749 ob
2099 2697 2472 2750 infirmitatem
2537 2696 2733 2765 aliquis
2783 2697 3034 2749 vincatur
3086 2698 3328 2761 invitus,
3397 2716 3580 2767 prom-

2000 2802 2142 2857 ptam
2179 2799 2355 2842 tamen
2392 2791 2605 2842 veniam
2644 2801 2701 2843 et
2735 2789 2945 2842 laudem
2993 2791 3189 2857 accipit
3213 2792 3280 2845 ab
3322 2793 3582 2847 intentio-

2002 2897 2125 2932 num
2149 2893 2203 2934 et
2247 2881 2490 2934 cordium
2564 2892 2890 2935 scrutatore.
2950 2883 3148 2936 Verum
3196 2883 3300 2936 hoc
3366 2886 3576 2950 vitium,

1999 2974 2205 3026 scilicet
2237 2989 2372 3024 vana
2407 2974 2600 3040 gloria,
2633 2989 2738 3026 non
2773 2975 2906 3027 sinit
2971 2976 3296 3028 monaclmm
3359 2978 3413 3030 in
3465 2979 3578 3031 vir-

2001 3074 2114 3116 tute
2185 3063 2460 3132 progredi,
2530 3063 2624 3115 sed
2680 3063 2892 3115 labores
2943 3064 3110 3126 suliit,
3169 3073 3408 3117 etsenex
3461 3071 3579 3120 sine

2000 3154 2180 3208 fructu
2215 3154 2506 3206 invenitur.
2535 3154 2745 3206 Etenim
2781 3155 2953 3208 tribus
3014 3169 3233 3222 semper
3300 3158 3573 3226 subrepit,

2005 3254 2055 3298 et
2090 3260 2253 3308 opera
2293 3247 2557 3299 virtutum
2583 3247 2837 3314 subripit,
2861 3245 3073 3300 scilicet
3113 3246 3424 3314 incipienti,
3455 3263 3570 3303 me-

2002 3337 2093 3388 dio
2121 3343 2282 3403 atque
2313 3334 2574 3404 perfecto.

2080 3514 2298 3569 lii-lor
2324 3515 2488 3566 etiam
2526 3525 2782 3581 expertus
2810 3515 2930 3568 dico
2965 3533 2978 3568 :
3012 3515 3139 3569 Siue
3174 3516 3256 3568 his
3281 3516 3576 3571 virtutibus

2009 3607 2309 3657 monachus
2368 3621 2473 3657 non
2513 3607 2728 3673 prolicit
2782 3622 3042 3673 unquam,
3100 3607 3311 3661 scilicet
3370 3609 3578 3676 absque

1999 3698 2229 3766 jejunio,
2263 3699 2644 3766 temperantia,
2682 3699 2884 3766 vigilia,
2919 3700 3202 3765 patientia,
3233 3699 3574 3764 fortitudine,

2004 3789 2343 3856 quietudiue,
2395 3791 2663 3852 oratione,
2700 3791 2944 3853 silentio,
2993 3790 3162 3854 luctu,
3223 3791 3575 3845 humilitate:

2005 3894 2066 3933 se
2093 3881 2238 3932 enim
2274 3881 2505 3934 invicem
2569 3891 2940 3949 coagenerant
2969 3893 3023 3936 et
3055 3893 3401 3936 conservant.
3439 3882 3574 3936 Nam

2006 3988 2246 4040 perenne
2268 3974 2536 4042 jejunium
2565 3977 3065 4042 concupiscentiam
3098 3987 3401 4030 extenuans
3435 3977 3579 4043 parit

2010 4063 2421 4127 temperantiam
2471 4068 2878 4129 ;tetnperantia
2928 4067 3189 4131 vigiliam,
3245 4067 3424 4135 vigilia
3487 4082 3582 4133 pa-

2008 4150 2274 4211 tientiam,
2303 4151 2563 4216 patientia
2602 4151 2998 4217 fortitudinem,
3033 4154 3294 4210 fortitudo
3315 4158 3575 4225 quietem,

2007 4241 2160 4308 quies
2182 4242 2504 4307 orationem,
2533 4245 2711 4296 oratio
2725 4245 3024 4308 silentium,
3048 4249 3320 4302 silentium
3347 4254 3572 4310 luctum,

2008 4333 2182 4386 luctus
2202 4335 2583 4400 humilitatem,
2607 4337 2886 4391 humilitas
2905 4339 3140 4392 vicissim
3159 4342 3384 4395 luctum.
3404 4346 3578 4410 Atque

2009 4424 2262 4490 deinceps
2319 4426 2516 4479 iterum
2572 4427 2694 4481 filiae
2732 4440 2936 4483 matres
2992 4433 3268 4499 quomodo
3326 4437 3574 4505 gignant,

312 4512 534 4598 πένθος..
564 4537 673 4589 Καὶ
697 4536 934 4605 καθεξῆς
953 4512 1224 4590 ἀνάπαλιν
1258 4539 1314 4589 αἱ
1346 4512 1642 4608 θυγατέρες
1665 4512 1759 4602 τάς
1795 4558 1898 4610 μη-

2011 4530 2107 4583 per
2153 4517 2419 4585 analysim
2455 4519 2711 4586 reperies.
2773 4521 2883 4574 liae
2932 4523 3095 4591 igitur
3127 4535 3310 4578 mutua
3353 4544 3582 4594 genera-

310 4632 480 4699 τέρας
509 4632 626 4694 πῶς
647 4633 933 4699 γεννῶσιν,
985 4633 1326 4695 ἀναλυτικῶς
1375 4635 1649 4703 εὑρήσεις.
1683 4638 1900 4706 Ταύτης

309 4723 406 4777 οὖν
427 4725 529 4792 τῆς
569 4723 1176 4796 ἀλληλογενεσιουργίας
1237 4727 1437 4796 μείζων
1468 4731 1524 4780 ὲν
1553 4731 1775 4798 ἀρεταῖς
1799 4731 1899 4783 οὐκ

311 4818 451 4870 ἔστι.
485 4817 566 4869 Τά
589 4817 698 4887 γὰρ
721 4817 941 4870 ἐναντία
964 4817 1186 4881 τούτων,
1217 4821 1350 4872 πᾶσι
1380 4820 1641 4889 πρόδηλα.

395 4910 477 4973 ιδ’,
508 4911 600 4961 Δεῖ
646 4910 703 4962 δὲ
738 4912 834 4961 καὶ
879 4912 1006 4973 τοὺς
1042 4911 1242 4972 κόπους
1291 4913 1386 4963 καὶ
1417 4913 1542 4974 τοὺς
1574 4915 1768 4976 πόνους
1803 4915 1900 4982 τῆς

313 5002 583 5071 ἐργασίας
613 5001 846 5055 ἐνταῦθα
875 5002 1057 5066 τάξαι,
1089 5005 1184 5054 καὶ
1216 5002 1330 5065 πῶς
1357 5004 1438 5055 δεῖ
1472 5005 1748 5073 μετελθεῖν
1775 5008 1903 5059 έκάο

314 5112 453 5165 στην
481 5094 762 5162 ἐργασίαν,
795 5095 981 5162 σαφῶς
1027 5096 1278 5149 ἐκθέσθαι
1300 5114 1314 5128 ·
1353 5097 1438 5149 ἵνα
1472 5099 1546 5168 μὴ
1577 5100 1791 5163 ἀπόνως
1818 5118 1901 5161 τις

311 5188 374 5254 ἐξ
409 5187 580 5255 ἀκοῆς
611 5187 831 5248 ὁδεύων,
865 5186 960 5239 τοῦ
1014 5187 1228 5256 καρποῦ
1285 5189 1595 5259 ἀποτυχὼν,
1654 5192 1821 5261 ημᾶς,
1862 5193 1893 5260 ἧ

311 5296 468 5340 τινας
497 5279 834 5348 αἰτιάσηται,
869 5279 944 5341 ὠς
975 5281 1074 5332 οὐκ
1108 5280 1223 5332 ἔστι
1252 5281 1432 5344 καθὼς
1469 5285 1792 5353 εἰρήκαμεν.
1841 5286 1898 5337 ’0

312 5372 428 5438 γὰρ
459 5371 619 5432 πόνος
653 5370 752 5439 τῆς
788 5371 1036 5440 καρδίας,
1073 5371 1168 5424 καὶ
1205 5373 1233 5424 ὁ
1276 5373 1371 5425 τοῦ
1407 5373 1657 5443 σώματος
1706 5377 1896 5442 κόπος,

309 5461 458 5514 οἶδεν
500 5461 661 5528 ἔργον
687 5462 946 5532 ἀληθείας
998 5467 1191 5517 ποιεῖν.
1228 5464 1316 5531 Ἐξ
1345 5459 1420 5518 ὧν
1454 5469 1486 5536 ἡ
1519 5469 1766 5537 ἐνέργεια
1805 5472 1894 5524 τοῦ

307 5553 473 5619 ἁγίου
518 5552 837 5622 Πνεύματος
871 5551 1224 5621 φανεροῦται,
1263 5553 1294 5619 ἡ
1331 5551 1418 5602 διὰ
1450 5549 1542 5601 τοῦ
1586 5550 1894 5619 βαπτίσμα-

309 5664 402 5708 τος
433 5644 684 5713 διδομένη
740 5645 845 5706 σοὶ,
897 5645 989 5695 καὶ
1047 5644 1210 5694 παντὶ
1246 5639 1448 5709 πιστῷ,
1479 5642 1510 5710 ἡ
1540 5641 1627 5692 διὰ
1661 5643 1760 5710 τῆς
1789 5640 1900 5694 τῶν

308 5736 546 5789 ἐντολῶν
574 5735 834 5804 ἀμελείας
863 5737 974 5796 τοῖς
1004 5734 1197 5785 πάθεσι
1242 5732 1646 5802 συγχωσθεῖσα,
1679 5731 1773 5783 καὶ
1799 5733 1898 5798 τὴν

314 5832 610 5896 μετάνοιαν
643 5830 802 5893 ἡμῶν
836 5829 1182 5891 ἀναμένοντα
1233 5827 1299 5878 δι’
1334 5826 1539 5889 ἄφατον
1588 5825 1731 5888 ἔλεος
1757 5840 1770 5853 ·
1811 5825 1898 5877 ἵνα

2013 4607 2158 4661 tione
2189 4609 2364 4678 major
2397 4610 2447 4662 in
2479 4612 2774 4665 virtutilms
2805 4629 2910 4666 non
2960 4628 3064 4669 est.
3115 4615 3359 4688 Namque
3388 4623 3576 4676 harum

2009 4701 2284 4753 contraria
2321 4710 2446 4754 sunt
2472 4704 2734 4757 omnibus
2779 4705 3085 4760 manifesta.

2082 4909 2166 4962 Η.
2229 4903 2457 4976 Oportet
2495 4905 2580 4960 hic
2629 4923 2848 4976 quoque
2895 4907 3111 4961 labores
3168 4919 3224 4961 et
3278 4911 3574 4966 industrius

2012 5001 2348 5069 operationis
2415 4998 2640 5061 referre,
2694 5009 2747 5050 et
2803 5001 3076 5065 quomodo
3133 4998 3443 5055 faciendum
3506 5008 3577 5057 sit

2008 5097 2367 5159 quodcunque
2421 5107 2554 5156 opus
2585 5093 2730 5143 clare
2751 5106 3042 5156 exponere,
3077 5099 3134 5142 ut
3160 5106 3264 5144 non
3286 5094 3402 5146 sine
3429 5097 3580 5147 Ialm-

2008 5197 2069 5235 re
2129 5181 2320 5249 aliquis
2368 5194 2430 5232 ex
2487 5180 2766 5232 auditione
2819 5180 3128 5240 ambulans,
3185 5183 3363 5234 fructu
3434 5185 3574 5235 haud

2009 5283 2284 5341 percepto,
2319 5289 2414 5325 nos
2450 5274 2653 5324 aliosve
2698 5283 2937 5331 accuset.
2975 5287 3038 5324 eo
3089 5274 3232 5339 quod
3299 5289 3576 5340 nunquam

2009 5366 2073 5415 de
2110 5365 2210 5418 hoc
2270 5365 2432 5416 locuti
2471 5379 2731 5417 essemus.
2790 5361 2923 5417 Nam
2982 5364 3250 5416 industria
3287 5366 3466 5418 cordis
3521 5377 3576 5414 rt

2006 5457 2251 5522 corporis
2287 5457 2436 5507 labor
2488 5455 2668 5507 sciunt
2725 5469 2860 5521 Opus
2909 5456 3154 5507 veritatis
3227 5456 3424 5509 facere.
3495 5457 3570 5506 E\'

2008 5547 2205 5612 quibus
2232 5547 2473 5610 operatio
2524 5546 2758 5612 Spiritus
2811 5549 2984 5597 sancti
3017 5545 3416 5607 manifestatur,
3479 5562 3572 5611 pri-

2011 5639 2332 5704 baptismum
2388 5639 2482 5690 tibi
2520 5640 2641 5690 data
2688 5647 2740 5688 et
2779 5643 2924 5688 omni
2990 5638 3155 5699 fideli,
3194 5638 3286 5689 sed
3349 5647 3573 5705 propter

2012 5728 2391 5779 mandatorum
2445 5728 2793 5780 omissioucm
2851 5726 3196 5791 passionihus
3235 5725 3570 5786 abscondita,

2008 5827 2061 5872 et
2097 5826 2335 5872 nostram
2383 5817 2758 5886 poenitentiam
2808 5828 3132 5884 exspectans
3185 5815 3441 5868 ineffabili
3470 5817 3574 5865 iiii-
