4224 6464
649 400 790 464 13ἓῖ

1902 391 2282 456 ϐίὶΕϐΟΙὶῐΙ
2326 388 2664 449 SlNAlTli

3768 376 3909 441 139:8

631 515 950 578 sericordia,
977 521 1036 568 ut
1069 527 1174 567 non
1211 511 1262 565 in
1298 510 1401 564 line
1445 509 1650 580 absque
1683 510 1858 566 fructu
1889 510 2088 579 reperti
2120 512 2222 562 hoc

2337 503 2404 572 μὴ
2437 505 2516 566 είς
2543 504 2700 566 τέλος
2727 502 2812 556 διὰ
2869 501 2967 572 τὴν
3018 504 3298 572 ἀκαρπίαν
3355 502 3512 570 ἡμῶν
3565 501 3913 571 ἀκιύσωμεν·

639 611 923 660 audiamus
955 625 969 660 ;
1029 624 1046 656 ι
1084 603 1279 657 Tollite
1331 603 1400 657 ab
1440 618 1506 656 eo
1561 603 1845 666 talentum,
1884 620 1904 655 ι
1942 612 1996 656 et
2023 601 2155 655 illud
2201 616 2214 654 ;

646 717 664 748 ι
706 698 855 762 Quod
885 697 1096 748 videtur
1121 696 1346 758 habere,
1376 693 1654 748 auferetur
1683 693 1750 746 ab
1802 706 1867 746 eo
1901 693 1940 757 ¹,
1977 711 1995 742 ι
2037 701 2092 744 et
2127 704 2228 744 nos

643 792 694 843 in
721 788 982 856 supplicia
1030 787 1238 854 ejiciat,
1282 797 1546 840 aeternum
1581 785 1634 838 in
1666 787 1915 854 gebenna
1977 783 2228 836 crucian-

641 882 759 934 dos.
794 877 986 933 Omnis
1007 880 1154 932 enim
1182 879 1430 948 operatio
1465 875 1769 945 corporalis
1827 885 1884 928 et
1932 873 2232 942 spiritualis

645 975 760 1027 sine
793 973 1060 1026 industria
1104 980 1158 1024 et
1187 971 1372 1025 labore
1403 971 1567 1033 facta,
1612 969 1832 1022 facienti
1872 968 2081 1020 nullum
2117 981 2226 1018 uu-

642 1082 804 1135 quam
859 1064 1045 1117 afferet
1095 1063 1332 1116 fructum
1367 1101 1384 1125 ,
1438 1063 1563 1130 quia
1611 1079 1628 1111 ι
1663 1057 1910 1129 Regnum
1964 1056 2226 1111 caelorum

646 1159 756 1211 vim
815 1159 1038 1224 patitur,
1098 1154 1280 1222 inquit
1306 1152 1596 1218 Dominus,
1635 1163 1688 1205 et
1727 1152 1949 1206 violenti
2013 1151 2233 1218 rapiunt

646 1249 852 1307 illnd',
898 1265 914 1296 ι
976 1248 1082 1298 vim
1141 1243 1417 1314 appellans
1477 1242 1802 1295 laboriosam
1868 1239 2114 1307 corporis
2174 1237 2230 1288 in

646 1342 899 1394 onmibus
957 1338 1330 1390 vexationem.
1385 1335 1562 1399 Unde,
1629 1350 1754 1389 cum
1809 1333 1963 1386 multi
2029 1333 2232 1383 inultos

651 1436 835 1488 forsan
870 1433 988 1484 sine
1038 1431 1222 1482 labere
1254 1443 1429 1482 annos
1464 1427 1711 1496 degerint
1748 1426 1828 1480 vel
1865 1425 2086 1492 degant,
2133 1435 2232 1474 nec

650 1524 917 1578 industrie
950 1523 1000 1573 in
1040 1521 1246 1573 fervido
1280 1522 1461 1574 cordis
1499 1523 1695 1572 ardore
1748 1517 1967 1572 labores
2001 1515 2228 1575 faciant,

652 1614 812 1669 vacui
849 1631 872 1662 κ
903 1611 1166 1664 munditia
1199 1617 1254 1662 et
1291 1607 1530 1676 Spiritus
1567 1607 1745 1660 sancti
1816 1615 2076 1672 expertes
2106 1601 2232 1653 facti

653 1715 802 1768 sunt,
841 1703 1042 1771 rejecta
1078 1700 1328 1753 laborum
1368 1701 1686 1767 asperitate.
1736 1698 1837 1762 Qui
1870 1699 2016 1750 enim
2055 1693 2231 1760 negli-

654 1806 846 1862 genter
885 1801 938 1847 et
969 1795 1162 1861 ignave
1194 1800 1513 1860 operantur,
1573 1789 1826 1843 videntur
1854 1787 2036 1840 forsan
2100 1785 2236 1838 mul-

2335 614 2351 644 ι
2388 597 2590 665 Ἀρατε
2627 595 2686 647 τὸ
2711 595 2974 648 τάλαντον
2997 597 3093 648 ἀπ’
3122 595 3312 649 αὑτοῦ·
3357 615 3374 646 ι
3414 598 3505 648 καὶ
3539 596 3600 649 τὸ
3622 636 3638 662 ,
3680 615 3697 647 ι
3735 596 3801 648 Ὃ
3825 596 3915 647 δο-

2327 689 2412 740 κεῖ
2441 687 2586 758 ἔχειν
2644 687 2942 757 ἀρθήσεται
2996 689 3093 741 ἀπ’
3128 690 3325 742 αὐτοῦ·
3352 710 3370 740 ι
3431 690 3526 742 καὶ
3565 692 3644 752 είς
3689 690 3917 742 κόλασιν

2323 779 2626 849 ἀποπέμψῃ
2675 781 2846 849 ἡμᾶς,
2903 782 3140 843 αίωνῑως
3184 782 3243 834 ἐν
3274 783 3467 853 γεέννῃ
3517 781 3912 849 ὀδυνωμένους.

2325 873 2480 926 Πᾶσα
2509 872 2617 942 γὰρ
2652 873 2885 942 ἐργασία
2919 875 3203 945 σωματική
3229 892 3288 926 τε
3328 874 3420 927 καὶ
3449 875 3818 943 πνευματικὴ.
3840 876 3919 943 μὴ

2325 964 2524 1035 ἔχουσα
2572 965 2779 1030 πόνον,
2822 965 3080 1036 ἢκόπον,
3141 966 3398 1018 οὐδέποτε
3443 969 3789 1035 καρποφορεῖ
3838 985 3864 1018 τ
3890 967 3920 1033 ξ)

2325 1057 2529 1126 ταύτην
2561 1057 2944 1126 μετερχομένῳ
2965 1073 2980 1087 ·
3011 1058 3093 1110 ὅτι
3128 1075 3148 1108 ι
3184 1057 3383 1125 Βιαστή
3416 1058 3564 1109 ἐστιν
3591 1057 3624 1124 ἡ
3663 1056 3920 1124 βασιλεία

2323 1153 2435 1206 τῶν
2463 1151 2731 1221 οὐρανῶν,
2758 1152 2926 1221 φησὶν
2947 1150 3218 1221 ὸΚύριος,
3261 1150 3358 1203 καὶ
3385 1151 3605 1221 βιασταὶ
3633 1151 3921 1218 ἁρπάζου-

2330 1263 2414 1299 σιν
2441 1246 2612 1314 αύτήν
2636 1261 2650 1275 ·
2681 1263 2700 1297 ι
2739 1244 2862 1314 βίαν
2893 1243 3064 1297 εἰπὼν
3096 1244 3194 1314 τὴν
3253 1242 3348 1296 τοῦ
3387 1242 3640 1313 σώματος
3665 1245 3724 1295 ἐν
3753 1245 3924 1295 πᾶσιν

2330 1339 2586 1391 ἐπίπονον
2618 1337 2892 1406 αἴσθησιν,
2926 1336 3050 1389 ἐπεὶ
3083 1337 3132 1389 οἱ
3185 1336 3374 1388 πολλοὶ
3405 1336 3504 1405 μὲν
3533 1337 3666 1398 ἴσως
3689 1335 3925 1394 πολλοὺς

2331 1431 2610 1492 ἐνιαυτοὺς
2641 1431 2856 1491 ἀπόνως
2881 1430 3228 1498 εἰργάσαντο,
3267 1431 3299 1501 ἢ
3334 1429 3683 1500 ἐργάζονται,
3714 1430 3810 1480 καὶ
3831 1429 3926 1480 διὰ

2331 1525 2390 1576 τὸ
2431 1525 2505 1594 μὴ
2532 1524 2784 1590 ὲμπόνως
2835 1525 2894 1576 ὲν
2941 1521 3143 1592 ζεούσῃ
3199 1522 3480 1591 προθυμίᾳ
3534 1521 3764 1591 καρδίας
3793 1524 3924 1582 τοὺς

2333 1619 2526 1679 πόνους
2555 1615 2914 1678 ποιεῖν,κενοὶ
2937 1615 3326 1685 καθαρότητος,
3357 1617 3450 1666 καὶ
3477 1614 3736 1684 ἀμέτοχοι
3760 1614 3929 1666 11sz-

2335 1725 2502 1778 ματος
2557 1709 2716 1775 ἁγίου
2751 1708 3031 1778 γεγόνασι,
3059 1707 3120 1758 τὸ
3157 1707 3323 1776 δριμὺ
3358 1706 3468 1759 τῶν
3494 1705 3678 1758 πόνων
3709 1707 3931 1773 ἀπανη-

2334 1801 2574 1870 νάμενοι.
2605 1804 2667 1856 Ol
2699 1804 2807 1871 γὰρ
2840 1805 2896 1856 ὲν
2941 1802 3172 1873 ἀμελείᾳ
3205 1802 3298 1854 καὶ
3318 1799 3588 1871 χαυνώσει
3616 1800 3929 1870 ἐργαζόμε-

657 1854 769 1938 tum
825 1854 1072 1936 laborare
1103 1899 1116 1945 ;
1152 1894 1432 1947 nunquam
1490 1888 1668 1932 tamen
1729 1877 1963 1929 fructum
1997 1883 2233 1943 gustant,

2564 1854 2631 1856 ~-
3147 1858 3158 1872 .
3318 1854 3349 1871 ι.
3650 1854 3835 1870 ..-.

2337 1914 2435 1961 νοι,
2468 1896 2701 1949 κοπιῶσι
2739 1898 2838 1967 μὲν
2873 1898 3114 1961 ίσως,ὡς
3145 1895 3386 1960 δοκοῦσι,
3423 1897 3596 1949 πολλά
3618 1912 3632 1926 ο
3666 1895 3928 1948 οὐδέποτε

659 1983 851 2043 utpote
873 1971 1156 2025 industria:
1189 1985 1253 2023 ac
1280 1971 1488 2024 doloris
1515 1971 1733 2037 penitus
1766 1976 2042 2037 expertes.
2078 1964 2233 2029 Quod

659 2070 894 2115 testatur
929 2060 1018 2129 qui
1065 2059 1199 2112 dicit
1229 2076 1241 2112 ι
1292 2078 1310 2109 ι
1355 2058 1410 2112 Si
1437 2074 1628 2113 omnes
1655 2060 1949 2128 praeclaras
1978 2069 2237 2127 geramus

659 2152 924 2217 actiones,
962 2165 1060 2204 cor
1092 2165 1222 2204 vero
1259 2148 1453 2204 dolens
1494 2167 1598 2203 non
1627 2151 1949 2215 habeamus,
1977 2149 2080 2202 illae
2104 2165 2235 2219 spu-

663 2244 839 2296 ri;cac
871 2243 1104 2296 rancida:
1163 2243 1319 2296 fiunt.
1353 2243 1488 2296 Item
1531 2242 1826 2311 aliquando
1881 2243 2237 2312 indiligenter

663 2335 1025 2408 ambulantes,
1083 2350 1194 2402 prae
1251 2336 1438 2388 accdia
1501 2334 1555 2389 in
1590 2337 1977 2392 distractioncs
2045 2340 2243 2407 direpti

665 2426 902 2492 inutiles,
957 2426 1404 2490 obtenebrainnr,
1453 2428 1556 2480 visi
1600 2429 1651 2478 in
1683 2428 1766 2481 liis
1799 2431 2042 2495 requiem
2095 2431 2246 2483 inve-

666 2519 809 2579 nire,
844 2520 986 2584 quod
1017 2532 1119 2571 non
1149 2529 1252 2579 cst,
1289 2518 1381 2571 sed
1412 2518 1798 2571 insolubilibus
1833 2519 2022 2574 fasciis
2049 2519 2243 2574 invisi-

667 2610 849 2664 biiiter
877 2610 1050 2679 ligati,
1115 2610 1423 2664 immobiles
1452 2619 1507 2664 et
1548 2610 1750 2663 inertes
1801 2611 1851 2662 in
1901 2611 2050 2663 omni
2081 2625 2248 2678 opere

670 2703 853 2766 liuius,
879 2701 1088 2754 desidia
1125 2702 1177 2754 in
1222 2703 1382 2755 nobis
1407 2701 1704 2769 completa,
1736 2702 2034 2770 prmsertiin
2083 2701 2126 2756 si
2168 2703 2248 2754 in-

669 2795 934 2863 cipientes
965 2795 1158 2846 simus.
1225 2791 1495 2846 Perfectis
1525 2794 1667 2844 cnim
1701 2793 1886 2844 omnia
1921 2794 1988 2843 ad
2027 2805 2247 2844 mensu-

673 2901 787 2938 ram
819 2886 967 2937 utilia
1021 2893 1168 2938 sunt.
1197 2901 1215 2934 ι
1252 2883 1396 2937 Idem
1453 2891 1680 2935 testatur
1716 2897 1943 2950 magnus
1992 2880 2249 2950 prraim

672 2977 857 3029 dicens
898 2993 910 3026 :
955 2993 972 3024 ι
1013 2973 1280 3027 Laborem
1350 2972 1533 3025 labora
1578 2971 1882 3036 laboriose,
1919 2983 1977 3025 ut
2032 2973 2256 3040 effugias

673 3065 950 3118 irritorum
977 3063 1222 3116 laborum
1271 3062 1511 3114 labores.
1549 3061 1604 3114 Si
1635 3077 1769 3124 non,
1825 3064 1980 3128 juxta
2018 3064 2252 3129 prophe-

676 3168 783 3210 tam
818 3155 862 3219 ³,
908 3170 1065 3208 renes
1106 3156 1272 3207 nostri
1302 3155 1559 3207 deficiant
1589 3165 1642 3206 et
1674 3154 2039 3208 dissoluuntur
2062 3155 2251 3223 jejunii

675 3249 881 3311 labore,
915 3259 966 3300 et
1015 3247 1232 3298 dolores
1281 3246 1654 3314 concipiamus
1708 3246 1860 3314 quasi
1896 3246 2248 3313 parturientis

676 3344 844 3394 fetum
876 3340 1019 3393 lassa
1053 3340 1237 3392 cordis
1281 3353 1565 3407 compage,
1617 3355 1723 3391 non
1755 3339 2090 3406 gestabiinus
2138 3342 2250 3406 spi-

679 3434 840 3487 ritum
875 3431 1069 3485 salutis
1104 3431 1156 3483 in
1192 3440 1347 3483 utero
1372 3432 1574 3494 cordis,
1607 3433 1750 3484 sicut
1796 3432 2038 3493 audiisti,
2072 3431 2166 3484 sed
2195 3431 2248 3482 in

679 3537 928 3592 tempore
987 3533 1220 3586 tantum,
1288 3531 1341 3576 et
1381 3523 1550 3577 sterili
1604 3523 1845 3586 deserto,
1910 3533 1965 3576 et
2019 3524 2154 3586 otio,
2196 3531 2251 3576 et

679 3617 880 3685 quiete,
926 3624 1176 3683 putantes
1238 3629 1339 3668 nos
1375 3629 1499 3668 esse
1535 3615 1760 3682 aliquid,
1814 3616 2132 3681 gloriamur,
2167 3615 2254 3668 die

681 3723 809 3764 vero
831 3707 1005 3764 exitus
1032 3707 1257 3760 indubie
1300 3707 1544 3762 fructum
1588 3723 1804 3762 omnem
1863 3725 2053 3762 onmes
2084 3726 2249 3775 agno-

677 3815 918 3856 SCCIDUS.

739 4100 824 4153 15.
888 4098 1063 4152 Nemo
1119 4109 1355 4168 potesta
1405 4100 1586 4169 seipse
1634 4102 1894 4156 virtutum
1953 4105 2235 4160 scientiam

666 4189 900 4252 discere,
933 4188 1058 4243 licet
1095 4189 1260 4258 aliqui
1307 4191 1645 4259 experientia
1685 4203 1941 4260 tanquam
1978 4198 2236 4264 magistra

667 4283 751 4334 nsi
794 4281 923 4334 sint.
948 4281 1080 4335 Nam
1121 4298 1146 4333 a
1175 4283 1353 4352 seipse
1401 4283 1519 4337 sine
1549 4287 1975 4353 prmcedentium
2010 4289 2240 4343 consilio

665 4385 850 4439 age-rc,
884 4371 1358 4439 [.razsumptionettt
1397 4372 1561 4428 liabet
1590 4389 1683 4428 seu
1718 4379 1898 4443 potius
1932 4392 2127 4446 parcre
2153 4393 2241 4432 so-

667 4463 764 4516 let.
799 4461 857 4515 Si
891 4462 1038 4515 enim
1080 4480 1100 4513 ι
1143 4463 1309 4516 Filius
1348 4477 1377 4517 a
1415 4479 1478 4519 se
1500 4480 1610 4518 nou
1632 4468 1762 4522 facit
1792 4468 2116 4540 quidquam,
2147 4473 2240 4526 sed

2328 1991 2388 2045 δὲ
2428 1989 2637 2060 καρπὸν
2691 1991 2935 2059 τρυγῶσι
2988 1989 3074 2043 διὰ
3103 1989 3163 2042 τὸ
3203 1990 3424 2053 ἄπονον,
3457 1991 3539 2052 είς
3566 1988 3728 2058 βάθος
3756 1987 3926 2040 ἀνάλ-

2337 2101 2490 2153 γητοι
2521 2084 2694 2146 ὄντες.
2728 2085 2834 2136 Καὶ
2870 2085 3082 2154 μάρτυς
3135 2084 3164 2134 ὁ
3193 2084 3369 2150 λέγων
3391 2099 3404 2113 ·
3460 2082 3579 2135 Κάν
3613 2082 3792 2142 πάσας
3824 2085 3929 2142 τὰς

2338 2177 2611 2240 πολιτείας
2668 2175 2825 2246 ἡμῶν
2875 2175 3122 2244 μεγάλας
3177 2174 3412 2245 ἔχωμεν,
3459 2172 3555 2240 τὴν
3606 2171 3660 2224 δὲ
3693 2171 3931 2240 καρδίαν

2305 2267 2596 2322 ’ὲνὼδυνον
2623 2268 2683 2320 ού
2713 2269 3051 2337 κεκτήμεθα,
3081 2267 3224 2319 νόθοι
3262 2262 3420 2319 αὗται
3475 2266 3567 2317 καὶ
3602 2265 3757 2316 ἕωλοι
3788 2263 3928 2314 καθ-

2337 2360 2658 2426 εστήκασιν.
2697 2358 2852 2419 Ἴσως
2896 2356 2941 2410 δ’
2974 2358 3064 2409 ὅτε
3096 2356 3191 2408 καὶ
3237 2357 3454 2417 ἀπόνως
3487 2355 3786 2417 ὁδεύοντες,
3823 2354 3934 2405 ὑπὸ

2336 2449 2566 2518 ἀκηδίας
2597 2450 2677 2511 είς
2726 2446 3144 2516 περισπασμοὺς
3173 2445 3575 2511 συνωθούμενοι
3607 2445 3732 2506 τοὺς
3787 2447 3936 2496 dwa-

2340 2541 2543 2610 φελεῖς,
2573 2540 2957 2609 σκοτιζόμεθα,
2988 2539 3274 2600 δοκοῦντες
3303 2541 3359 2590 ὲν
3383 2538 3596 2598 τούτοις
3624 2537 3810 2589 ἄνεσιν
3836 2538 3935 2588 εὐ-

2345 2636 2480 2705 ρείν,
2514 2635 2651 2702 ὅπερ
2683 2633 2782 2685 οὐκ
2810 2633 2979 2692 ἔστιν,
3012 2631 3147 2686 ἀλλά
3201 2630 3467 2700 κειρείαις
3515 2629 3733 2690 ἀλύτοις
3761 2629 3938 2695 ἀτρά-

2336 2745 2444 2789 τως
2472 2726 2852 2795 δεσμούμενοι,
2873 2727 3121 2794 ἀκίνητοι
3145 2725 3244 2776 καὶ
3288 2724 3648 2793 ἀνενέργητοι
3673 2723 3730 2773 ὲν
3762 2724 3938 2771 παντὶ

2337 2815 2484 2888 ἔργῳ
2505 2816 2790 2883 γινόμεθα,
2828 2814 2930 2883 τῆς
2963 2814 3293 2884 χαυνότητος
3347 2815 3404 2865 ἐν
3433 2813 3566 2882 ἡμῖν
3603 2809 3937 2881 πληθυνθεί-

2339 2920 2460 2970 σης,
2498 2905 2590 2956 καὶ
2626 2903 2863 2971 μάλιστα
2889 2903 3177 2974 ἀρχαρίοις
3212 2900 3351 2956 οὖσι.
3387 2903 3511 2965 Tot;
3541 2903 3647 2971 γὰρ
3677 2903 3934 2964 τελείοις,

2339 3000 2404 3048 τὰ
2435 2995 2613 3046 πάντα
2647 2997 2704 3045 ἐν
2727 2995 2913 3064 μέτρῳ
2934 2993 3212 3062 ὠφέλιμα.
3254 2993 3426 3046 Τοῦτο
3477 2998 3748 3066 μαρτυρεῖ
3781 2997 3875 3048 καὶ
3908 2998 3938 3046 ὁ

2343 3089 2516 3156 μέγας
2559 3087 2801 3157 Ἐφραὶμ
2825 3087 3019 3156 λέγων’
3046 3088 3215 3140 Πόνον
3244 3089 3393 3139 πόνει
3415 3089 3795 3156 ὲμπόνως,ῖνα
3819 3089 3934 3140 δια-

2281 3179 2546 3252 εδράσῃς
2574 3178 2685 3230 τῶν
2733 3180 2980 3247 ματαίων
3011 3180 3191 3231 πόνων
3221 3181 3344 3241 τοὺς
3393 3180 3611 3240 πόνους.
3669 3179 3794 3230 Ἐἀν
3834 3182 3937 3246 μὴ,

2342 3270 2483 3323 κατά
2516 3270 2607 3322 τὸν
2638 3274 2949 3342 προφήτην,
2984 3271 3016 3338 ἡ
3066 3271 3235 3337 ὀσφὺς
3264 3269 3422 3338 ἡμῶν
3453 3269 3682 3338 ἐκλείπῃ
3707 3269 3815 3321 ἀπὸ
3847 3273 3943 3318 ἐλ-

2340 3362 2550 3424 λύσεως
2593 3361 2670 3430 τῷ
2701 3362 2798 3429 τῆς
2823 3362 3077 3430 νηστείας
3137 3361 3314 3428 κόπῳ,
3352 3360 3447 3411 καὶ
3485 3360 3681 3422 ὠδῖνας
3737 3361 3941 3424 συλλη-

2345 3453 2571 3522 φθῶμεν
2602 3453 2678 3514 ὼς
2704 3453 2995 3520 τικτούσης
3031 3453 3270 3520 εμὸρυον
3312 3455 3378 3521 τῇ
3413 3452 3634 3522 ἀλγεινῇ
3664 3452 3761 3520 τῆς
3793 3469 3940 3519 καρ-

2343 3545 2462 3606 δίας
2484 3544 2669 3613 «seu,
2704 3542 2767 3594 ού
2804 3543 2878 3612 μὴ
2907 3543 3206 3612 κυήσωμεν
3235 3541 3455 3611 πνεῦμα
3502 3542 3777 3611 σωτηρίας
3817 3543 3943 3592 ἐπι-

2346 3638 2450 3705 γῆς
2500 3637 2599 3706 τῆς
2644 3636 2892 3705 καρδίας,
2953 3634 3145 3703 ὥσπερ
3203 3637 3466 3704 ἤκουσας,
3516 3635 3632 3688 ἀλλ’
3688 3636 3746 3686 ἐν
3818 3636 3935 3695 τοῖς

2347 3731 2558 3798 χρόνοις
2591 3728 2772 3797 μόνον,
2803 3730 2898 3780 καὶ
2925 3730 2990 3796 τῇ
3027 3728 3271 3796 ἀνονήτῳ
3302 3729 3514 3797 ἐρήμῳ.
3578 3727 3670 3779 καί
3704 3729 3770 3795 τῇ
3800 3743 3939 3794 Im”

2346 3821 2530 3884 νώσει,
2569 3821 2661 3872 καὶ
2693 3821 2893 3891 ἠσυχίᾳ
2913 3822 3150 3889 οἰόμενοι
3196 3815 3336 3872 εἷναί
3369 3837 3537 3883 τινες,
3573 3819 3935 3888 καυχώμεθα.

2361 3915 2448 3966 Ἐν
2490 3914 2544 3965 δὲ
2578 3915 2656 3983 τῷ
2704 3915 2884 3984 καιρῷ
2927 3915 3023 3982 τῆς
3087 3913 3269 3978 ἐξόδου
3320 3909 3712 3984 ἀναμφιϐόλως
3754 3914 3939 3966 πάντα

2345 4005 2557 4075 καρπὸν
2591 4006 2791 4066 πάντες
2824 4007 2850 4056 ὲ
2863 4006 3268 4075 πιγνωσὸμεθα.

2416 4095 2496 4151 ιε’.
2531 4097 2642 4149 Οὐκ
2668 4097 2783 4149 ἔστι
2812 4098 2868 4150 δὲ
2899 4098 2965 4150 δι’
2997 4098 3192 4151 ἑαυτοῦ
3208 4116 3293 4161 τις
3320 4097 3420 4168 τὴν
3448 4098 3558 4150 τῶν
3586 4098 3799 4168 ἀρετῶν
3824 4100 3944 4150 ἐπι.

2346 4191 2558 4258 στήμην
2597 4189 2812 4258 μαθεῖν,
2850 4193 2897 4242 εί
2924 4191 3015 4243 καί
3049 4208 3193 4252 τινες
3225 4191 3300 4254 ὡς
3328 4191 3636 4261 διδασκάλῳ
3661 4194 3726 4260 τῇ
3768 4193 3941 4262 πείρα

2347 4282 2666 4351 ἐχρήσαντο.
2709 4281 2786 4335 Τὸ
2825 4283 2932 4353 γὰρ
2962 4285 3053 4352 ἀφ’
3088 4285 3308 4348 ἑαυτοῦ,
3341 4285 3434 4337 καὶ
3463 4285 3622 4354 μὴτῇ
3651 4285 3938 4353 συμϐουλῇ

2344 4374 2452 4426 τῶν
2476 4375 2898 4444 προωδευκότων
2924 4379 3114 4439 ποιεῖν,
3151 4378 3329 4446 οἴησιν
3357 4377 3468 4447 ἔχει
3491 4419 3506 4443 ,
3536 4379 3737 4446 μᾶλλον
3763 4379 3820 4430 δὲ
3855 4381 3942 4431 τί-

2349 4482 2498 4519 κτειν
2516 4467 2781 4534 πέφυκεν.
2810 4467 2871 4518 Εί
2889 4468 2997 4536 γάρ
3021 4487 3039 4518 ι
3078 4469 3135 4520 '0
3159 4468 3284 4532 Υἱὸς
3313 4469 3409 4538 ἀφ’
3436 4467 3632 4522 ἑαυτοῦ
3659 4473 3807 4521 ποιεῖ
3842 4471 3942 4521 οὗ·

668 4567 1020 4621 ιιιιαιριιιιιιιιιε
1077 4554 1414 4613 demonstrat
1468 4557 1518 4611 ei
1574 4556 1758 4624 Pater,
1821 4560 1938 4617 haec
1987 4563 2233 4620 similiter

2349 4558 2457 4625 δὲν,
2520 4558 2657 4612 ἀλλά
2712 4560 2897 4623 καθὼς
2955 4560 3196 4626 ἐδίδαξεν
3247 4561 3412 4616 αὑτὸν
3453 4565 3482 4616 ὁ
3521 4563 3733 4634 Πατὴρ,
3792 4563 3943 4616 οὕτω

671 4647 801 4698 facit
843 4647 890 4710 ⁸,
921 4665 936 4698 ι
964 4646 1274 4715 etSpiritus
1305 4667 1323 4700 ι
1352 4664 1460 4706 non
1497 4651 1740 4721 loquitur
1771 4668 1802 4708 a
1836 4656 2133 4726 semetipso
2155 4658 2197 4726 ',
2223 4678 2240 4710 ι

672 4739 793 4805 quis
827 4749 911 4792 est
945 4740 1032 4793 hic
1067 4750 1271 4794 tantum
1301 4742 1527 4811 adeptus
1549 4742 1768 4800 virtutis
1789 4747 2022 4814 apicem,
2054 4757 2112 4801 ut
2140 4767 2244 4804 non

674 4831 911 4900 indigeat
959 4831 1067 4886 alio
1121 4832 1354 4901 quodam
1413 4835 1590 4901 ipsum
1647 4836 2244 4896 ducente?amentiam

676 4922 856 4987 patius
889 4938 1049 4990 quam
1107 4925 1362 4979 virtutem
1391 4925 1595 4979 habere
1624 4927 1863 4990 videtur,
1909 4939 1964 4983 et
1999 4931 2242 4987 aberrat.

677 5011 800 5065 Ideo
830 5013 1061 5067 suadere
1109 5023 1324 5082 oportet
1371 5017 1670 5070 scientibus
1726 5017 1941 5073 labores
1977 5023 2239 5088 practica:

678 5104 912 5171 virtutis,
949 5115 1005 5160 ut
1044 5107 1156 5160 lucc
1188 5117 1458 5177 satagant,
1519 5109 1728 5164 scilicet
1765 5112 2030 5182 jejunium
2067 5114 2243 5167 fame-

679 5196 866 5261 Iicum,
918 5200 1331 5268 temperantiam
1363 5203 1430 5256 ab
1458 5205 1607 5257 omni
1654 5203 1952 5274 voluptate,
2004 5208 2243 5276 vigiliam

679 5287 972 5347 assiduam.
1007 5288 1437 5355 genuﬂexionem
1472 5291 1779 5356 molestam,
1809 5293 2132 5347 laberiosam
2188 5295 2242 5346 in

680 5377 874 5431 stando
910 5378 1370 5446 immobilitatem,
1413 5383 1719 5436 orationem
1752 5385 2116 5449 continuam,
2144 5384 2247 5438 liu-

683 5467 966 5523 militatem
998 5473 1289 5539 sinceram,
1329 5473 1714 5528 contritionem
1759 5486 1814 5529 ct
1854 5477 2110 5546 gemitum
2170 5478 2248 5529 in-

681 5559 1047 5628 deficientem,
1079 5565 1352 5620 silentium
1385 5567 1602 5635 sapiens
1632 5578 1686 5622 et
1735 5571 1887 5639 quasi
1917 5571 2030 5626 sale
2059 5571 2250 5625 condi-

686 5662 820 5719 tum,
854 5666 1015 5723 atque
1061 5657 1113 5710 in
1160 5658 1412 5712 omnibus
1460 5661 1797 5725 patientiam.
1863 5662 2046 5730 Neque
2104 5667 2247 5715 enim

758 5775 996 5848 ‘Mallll.
1057 5795 1182 5846 m,
1220 5781 1305 5846 is,
1348 5783 1435 5848 εδ,
1492 5785 1583 5837 ει).
1721 5789 1738 5816 ι
1777 5784 1964 5838 Mattll.
2013 5801 2083 5848 ιι,
2143 5785 2228 5837 1-2.

683 5860 792 5910 ιιι,
823 5847 908 5899 15.

2347 4653 2534 4716 ποιεῖ,
2576 4668 2594 4701 ι
2632 4650 2727 4703 καὶ
2756 4651 2816 4703 τὸ
2855 4650 3080 4720 Πνεῦμα
3102 4669 3118 4684 ο
3178 4654 3238 4704 οὐ
3279 4653 3389 4722 γάρ
3421 4653 3643 4723 λαλήσει
3676 4655 3770 4722 ἀφ’
3803 4657 3941 4707 tau-

2344 4741 2477 4795 τοῦ·
2527 4742 2611 4805 τίς
2661 4744 2810 4796 ἐστιν
2858 4738 3012 4806 οὗτος
3047 4745 3075 4795 ὁ
3131 4745 3212 4806 είς
3262 4744 3518 4798 τοσοῦτον
3549 4747 3755 4815 ἀρετῆς
3801 4746 3940 4814 ὕψος

2348 4833 2654 4904 ἐληλακὼς,
2685 4834 2759 4895 ὡς
2796 4835 2870 4905 μὴ
2910 4835 3164 4904 δεόμενος
3199 4835 3388 4904 ἑτέρου
3427 4835 3574 4895 τινὸς
3611 4835 3706 4887 τοῦ
3761 4853 3942 4902 μυστ-

2347 4926 2874 4994 αγωγοῦντοςαὺτδν
2901 4968 2915 4990 ,
2941 4929 3198 4981 ἀπόνοιαν
3239 4929 3439 4997 μᾶλλον
3470 4928 3504 4998 ἢ
3528 4928 3727 4998 ἀρετὴν
3759 4929 3938 4982 δὶκῶν

2348 5018 2490 5087 ἔχειν
2515 5019 2827 5088 ἠπάτηταις
2879 5018 2958 5071 διὸ
2993 5018 3276 5072 πείθεσθαι
3324 5020 3407 5072 δεῖ
3447 5022 3562 5080 τοῖς
3610 5020 3779 5071 εἰδόσι
3806 5022 3938 5082 τοὺς

2350 5108 2546 5170 πόνους
2592 5108 2690 5177 τῆς
2720 5113 3033 5180 πρακτικῆς
3059 5111 3283 5180 ἀρετῆς,
3341 5111 3436 5163 καὶ
3468 5109 3612 5162 οὕτω
3665 5112 3936 5181 μετέρχεο

2355 5198 2511 5250 σθαι·
2549 5200 2718 5268 ἧγουν
2749 5201 3009 5268 νηστείαν
3069 5201 3345 5263 ἐκπεινον,
3381 5200 3711 5270 ἐγκράτειαν
3739 5200 3938 5269 ἀνήδο-

2351 5309 2462 5356 νον,
2497 5293 2807 5362 ἀγρυπνίαν
2863 5292 3145 5361 ὲπίμονον,
3199 5292 3546 5360 γονυκλισίαν
3603 5292 3934 5363 ὲπίμοχθον,

2353 5389 2542 5441 στάσιν
2569 5386 2824 5438 ἐπίπονον
2853 5386 3146 5456 ἀκινήτως,
3181 5384 3491 5455 προσευχὴν
3538 5384 3802 5454 ἔμμονον,
3839 5401 3940 5437 ταο

2357 5479 2616 5533 πείνωσιν
2660 5477 2981 5540 ἀνόθευτον,
3049 5475 3418 5546 συντριμμδν,
3478 5474 3573 5528 καὶ
3625 5475 3944 5542 στεναγμὸν

2371 5565 2665 5627 ἄπαυστον,
2715 5565 2924 5634 σιωπὴν
2973 5563 3211 5630 εὓλογον,
3249 5564 3342 5616 καὶ
3376 5563 3452 5626 ὼς
3476 5565 3534 5615 ὲν
3574 5563 3737 5618 ἀλατι
3767 5566 3949 5632 139w-

2371 5666 2555 5723 μένην,
2591 5655 2756 5709 καὶέν
2789 5657 2951 5708 πᾶσιν
2982 5656 3282 5724 ὑπομονήν.
3312 5656 3389 5708 Οὐ
3421 5655 3530 5724 γὰρ
3565 5655 3676 5725 χρὴ
3707 5656 3946 5709 πάντοτε

2364 5781 2652 5839 ³Νε1ιιιιιι.
2710 5795 2772 5845 ιι,
2827 5779 2909 5835 l0.
3021 5781 3224 5837 ‘Jean.
3270 5799 3323 5851 ι’,
3377 5784 3586 5850 19,Ξθ.

3729 5790 3750 5820 ³
3777 5788 3937 5844 Joau.
