  <div class='ocr_page' id='page_1' title='image "/cluster/home/n/w/nwhite01/storage/ocr_20150623/150/nnc1.0022106740/676.png"; bbox 0 0 4224 6464; ppageno 0'>
   <div class='ocr_carea' id='block_1_1' title="bbox 296 412 434 476">
    <p class='ocr_par' dir='ltr' id='par_1_1' title="bbox 296 412 434 476">
     <span class='ocr_line' id='line_1_1' title="bbox 296 412 434 476; baseline -0.029 0"><span class='ocrx_word' id='word_1_1' title='bbox 296 412 434 476; x_wconf 72' lang='lat' dir='ltr'><strong>I329</strong></span> 
     </span>
    </p>
   </div>
   <div class='ocr_carea' id='block_1_2' title="bbox 1334 390 2502 462">
    <p class='ocr_par' dir='ltr' id='par_1_2' title="bbox 1334 390 2502 462">
     <span class='ocr_line' id='line_1_2' title="bbox 1334 390 2502 462; baseline -0.013 0"><span class='ocrx_word' id='word_1_2' title='bbox 1334 397 1748 462; x_wconf 70' lang='grc' dir='ltr'><strong>ΡΒᾸΞΟΕΡΤΛ</strong></span> <span class='ocrx_word' id='word_1_3' title='bbox 1794 395 1890 453; x_wconf 79' lang='lat' dir='ltr'><strong>AD</strong></span> <span class='ocrx_word' id='word_1_4' title='bbox 1931 390 2502 452; x_wconf 72' lang='lat' dir='ltr'><strong>IIESYCIIASTAS.</strong></span> 
     </span>
    </p>
   </div>
   <div class='ocr_carea' id='block_1_3' title="bbox 3412 375 3557 441">
    <p class='ocr_par' dir='ltr' id='par_1_3' title="bbox 3412 375 3557 441">
     <span class='ocr_line' id='line_1_3' title="bbox 3412 375 3557 441; baseline 0.007 -2"><span class='ocrx_word' id='word_1_5' title='bbox 3412 375 3557 441; x_wconf 66' lang='lat'><strong>1330</strong></span> 
     </span>
    </p>
   </div>
   <div class='ocr_carea' id='block_1_4' title="bbox 291 497 1959 592">
    <p class='ocr_par' dir='ltr' id='par_1_4' title="bbox 291 518 1937 592">
     <span class='ocr_line' id='line_1_4' title="bbox 291 518 1937 592; baseline -0.008 -9"><span class='ocrx_word' id='word_1_6' title='bbox 291 535 347 583; x_wconf 67' lang='grc' dir='ltr'><strong>ιι</strong></span> <span class='ocrx_word' id='word_1_7' title='bbox 395 527 700 583; x_wconf 77' lang='grc' dir='ltr'>ἀναπαύσει</span> <span class='ocrx_word' id='word_1_8' title='bbox 761 525 985 592; x_wconf 73' lang='grc' dir='ltr'>διάγειν,</span> <span class='ocrx_word' id='word_1_9' title='bbox 1020 523 1137 576; x_wconf 75' lang='grc' dir='ltr'>οὐδὲ</span> <span class='ocrx_word' id='word_1_10' title='bbox 1175 525 1228 574; x_wconf 71' lang='grc' dir='ltr'>ἐν</span> <span class='ocrx_word' id='word_1_11' title='bbox 1270 522 1416 590; x_wconf 78' lang='grc' dir='ltr'>μόνῳ</span> <span class='ocrx_word' id='word_1_12' title='bbox 1446 520 1521 588; x_wconf 77' lang='grc' dir='ltr'>τῷ</span> <span class='ocrx_word' id='word_1_13' title='bbox 1563 518 1862 585; x_wconf 80' lang='grc' dir='ltr'>καοίσματι</span> <span class='ocrx_word' id='word_1_14' title='bbox 1897 518 1937 570; x_wconf 78' lang='grc' dir='ltr'>Λ</span> 
     </span>
    </p>
   </div>
   <div class='ocr_carea' id='block_1_5' title="bbox 1882 497 3550 592">
    <p class='ocr_par' dir='ltr' id='par_1_5' title="bbox 1897 497 3550 577">
     <span class='ocr_line' id='line_1_5' title="bbox 1897 497 3550 577; baseline -0.013 -14"><span class='ocrx_word' id='word_1_15' title='bbox 1897 518 1937 570; x_wconf 75' lang='grc' dir='ltr'>Λ</span> <span class='ocrx_word' id='word_1_16' title='bbox 1969 517 2187 577; x_wconf 82' lang='lat' dir='ltr'><strong>Oportet</strong></span> <span class='ocrx_word' id='word_1_17' title='bbox 2223 508 2276 560; x_wconf 93' lang='lat' dir='ltr'><strong>in</strong></span> <span class='ocrx_word' id='word_1_18' title='bbox 2315 508 2495 574; x_wconf 85' lang='lat' dir='ltr'><strong>quiete</strong></span> <span class='ocrx_word' id='word_1_19' title='bbox 2519 504 2988 572; x_wconf 70' lang='lat' dir='ltr'><strong>seinpemlegrre,</strong></span> <span class='ocrx_word' id='word_1_20' title='bbox 3013 513 3186 567; x_wconf 85' lang='lat' dir='ltr'><strong>neque</strong></span> <span class='ocrx_word' id='word_1_21' title='bbox 3214 497 3266 550; x_wconf 90' lang='lat' dir='ltr'><strong>in</strong></span> <span class='ocrx_word' id='word_1_22' title='bbox 3293 504 3550 563; x_wconf 74' lang='lat' dir='ltr'><strong>perpetua</strong></span> 
     </span>
    </p>
   </div>
   <div class='ocr_carea' id='block_1_6' title="bbox 291 609 1869 684">
    <p class='ocr_par' dir='ltr' id='par_1_6' title="bbox 291 609 1869 684">
     <span class='ocr_line' id='line_1_6' title="bbox 291 609 1869 684; baseline -0.01 -12"><span class='ocrx_word' id='word_1_23' title='bbox 291 621 522 673; x_wconf 70' lang='grc' dir='ltr'>πάντοτε</span> <span class='ocrx_word' id='word_1_24' title='bbox 555 620 658 684; x_wconf 67' lang='grc' dir='ltr'>πρὸ</span> <span class='ocrx_word' id='word_1_25' title='bbox 683 615 896 684; x_wconf 91' lang='grc' dir='ltr'>καιροῦ,</span> <span class='ocrx_word' id='word_1_26' title='bbox 935 615 966 683; x_wconf 77' lang='grc' dir='ltr'><strong>ἢ</strong></span> <span class='ocrx_word' id='word_1_27' title='bbox 1007 617 1227 682; x_wconf 71' lang='grc' dir='ltr'>γήρους,</span> <span class='ocrx_word' id='word_1_28' title='bbox 1261 613 1292 682; x_wconf 83' lang='grc' dir='ltr'>ἦ</span> <span class='ocrx_word' id='word_1_29' title='bbox 1334 611 1614 670; x_wconf 71' lang='grc' dir='ltr'><strong>ἀσθενείας</strong></span> <span class='ocrx_word' id='word_1_30' title='bbox 1665 609 1869 674; x_wconf 77' lang='grc' dir='ltr'>ἐγκαρ-</span> 
     </span>
    </p>
   </div>
   <div class='ocr_carea' id='block_1_7' title="bbox 289 697 1870 778">
    <p class='ocr_par' dir='ltr' id='par_1_7' title="bbox 289 697 1870 778">
     <span class='ocr_line' id='line_1_7' title="bbox 289 697 1870 778; baseline -0.01 -15"><span class='ocrx_word' id='word_1_31' title='bbox 289 711 490 778; x_wconf 88' lang='grc' dir='ltr'>τερεῖν.</span> <span class='ocrx_word' id='word_1_32' title='bbox 551 727 567 758; x_wconf 76' lang='grc' dir='ltr'><strong>ι</strong></span> <span class='ocrx_word' id='word_1_33' title='bbox 594 709 738 760; x_wconf 71' lang='grc' dir='ltr'>Διότι</span> <span class='ocrx_word' id='word_1_34' title='bbox 774 709 899 767; x_wconf 71' lang='grc' dir='ltr'>τοὺς</span> <span class='ocrx_word' id='word_1_35' title='bbox 950 707 1163 768; x_wconf 79' lang='grc' dir='ltr'><strong>πόνους,</strong></span> <span class='ocrx_word' id='word_1_36' title='bbox 1223 706 1386 772; x_wconf 68' lang='grc' dir='ltr'>φησιν</span> <span class='ocrx_word' id='word_1_37' title='bbox 1418 705 1449 769; x_wconf 85' lang='grc' dir='ltr'><strong>ἡ</strong></span> <span class='ocrx_word' id='word_1_38' title='bbox 1488 700 1711 771; x_wconf 65' lang='grc' dir='ltr'>Γραφὴ,</span> <span class='ocrx_word' id='word_1_39' title='bbox 1762 697 1870 748; x_wconf 86' lang='grc' dir='ltr'><strong>τῶν</strong></span> 
     </span>
    </p>
   </div>
   <div class='ocr_carea' id='block_1_8' title="bbox 291 791 1870 870">
    <p class='ocr_par' dir='ltr' id='par_1_8' title="bbox 291 791 1870 870">
     <span class='ocr_line' id='line_1_8' title="bbox 291 791 1870 870; baseline -0.008 -17"><span class='ocrx_word' id='word_1_40' title='bbox 291 800 502 870; x_wconf 74' lang='grc' dir='ltr'>ἀρετῶν</span> <span class='ocrx_word' id='word_1_41' title='bbox 532 817 624 850; x_wconf 81' lang='grc' dir='ltr'><strong>σου</strong></span> <span class='ocrx_word' id='word_1_42' title='bbox 660 799 917 866; x_wconf 74' lang='grc' dir='ltr'>φάγεσαι.</span> <span class='ocrx_word' id='word_1_43' title='bbox 952 817 968 848; x_wconf 74' lang='grc' dir='ltr'><strong>ι</strong></span> <span class='ocrx_word' id='word_1_44' title='bbox 1009 800 1115 848; x_wconf 67' lang='grc' dir='ltr'><strong>Καὶ</strong></span> <span class='ocrx_word' id='word_1_45' title='bbox 1144 817 1160 846; x_wconf 74' lang='lat' dir='ltr'><strong>t</strong></span> <span class='ocrx_word' id='word_1_46' title='bbox 1195 796 1437 848; x_wconf 70' lang='grc' dir='ltr'>ιῖιαστῶν</span> <span class='ocrx_word' id='word_1_47' title='bbox 1465 797 1609 846; x_wconf 76' lang='grc' dir='ltr'>ἐστιν</span> <span class='ocrx_word' id='word_1_48' title='bbox 1646 795 1677 860; x_wconf 81' lang='grc' dir='ltr'>ἡ</span> <span class='ocrx_word' id='word_1_49' title='bbox 1715 791 1870 856; x_wconf 76' lang='grc' dir='ltr'>βασι-</span> 
     </span>
    </p>
   </div>
   <div class='ocr_carea' id='block_1_9' title="bbox 290 883 1873 959">
    <p class='ocr_par' dir='ltr' id='par_1_9' title="bbox 290 883 1873 959">
     <span class='ocr_line' id='line_1_9' title="bbox 290 883 1873 959; baseline -0.007 -16"><span class='ocrx_word' id='word_1_50' title='bbox 290 892 411 943; x_wconf 79' lang='grc' dir='ltr'>λεία</span> <span class='ocrx_word' id='word_1_51' title='bbox 432 892 541 942; x_wconf 84' lang='grc' dir='ltr'><strong>τῶν</strong></span> <span class='ocrx_word' id='word_1_52' title='bbox 569 891 837 959; x_wconf 75' lang='grc' dir='ltr'><strong>οὐρανῶν.</strong></span> <span class='ocrx_word' id='word_1_53' title='bbox 862 907 880 939; x_wconf 76' lang='grc' dir='ltr'><strong>ι</strong></span> <span class='ocrx_word' id='word_1_54' title='bbox 914 888 1023 951; x_wconf 74' lang='grc' dir='ltr'>Τὰς</span> <span class='ocrx_word' id='word_1_55' title='bbox 1055 884 1148 939; x_wconf 78' lang='grc' dir='ltr'><strong>οὖν</strong></span> <span class='ocrx_word' id='word_1_56' title='bbox 1175 886 1577 956; x_wconf 70' lang='grc' dir='ltr'>προειρημένας</span> <span class='ocrx_word' id='word_1_57' title='bbox 1614 883 1873 952; x_wconf 78' lang='grc' dir='ltr'>ἐργασίας</span> 
     </span>
    </p>
   </div>
   <div class='ocr_carea' id='block_1_10' title="bbox 290 973 1870 1052">
    <p class='ocr_par' dir='ltr' id='par_1_10' title="bbox 290 973 1870 1052">
     <span class='ocr_line' id='line_1_10' title="bbox 290 973 1870 1052; baseline -0.007 -16"><span class='ocrx_word' id='word_1_58' title='bbox 290 986 317 1037; x_wconf 84' lang='grc' dir='ltr'>ὁ</span> <span class='ocrx_word' id='word_1_59' title='bbox 349 983 474 1035; x_wconf 75' lang='grc' dir='ltr'>καθ’</span> <span class='ocrx_word' id='word_1_60' title='bbox 497 981 712 1052; x_wconf 79' lang='grc' dir='ltr'><strong>ἡμέραν</strong></span> <span class='ocrx_word' id='word_1_61' title='bbox 748 980 994 1033; x_wconf 81' lang='grc' dir='ltr'><strong>σπεύδων</strong></span> <span class='ocrx_word' id='word_1_62' title='bbox 1044 979 1295 1048; x_wconf 79' lang='grc' dir='ltr'>ὲμπδνως</span> <span class='ocrx_word' id='word_1_63' title='bbox 1335 977 1626 1040; x_wconf 80' lang='grc' dir='ltr'>ἐπιτελεῖν,</span> <span class='ocrx_word' id='word_1_64' title='bbox 1659 973 1870 1029; x_wconf 77' lang='grc' dir='ltr'>καὶτὸν</span> 
     </span>
    </p>
   </div>
   <div class='ocr_carea' id='block_1_11' title="bbox 292 1069 1658 1140">
    <p class='ocr_par' dir='ltr' id='par_1_11' title="bbox 292 1069 1658 1140">
     <span class='ocr_line' id='line_1_11' title="bbox 292 1069 1658 1140; baseline -0.001 -14"><span class='ocrx_word' id='word_1_65' title='bbox 292 1073 532 1133; x_wconf 81' lang='grc' dir='ltr'>καρπὸν,</span> <span class='ocrx_word' id='word_1_66' title='bbox 565 1074 660 1124; x_wconf 69' lang='grc' dir='ltr'><strong>σὺν</strong></span> <span class='ocrx_word' id='word_1_67' title='bbox 684 1071 823 1140; x_wconf 81' lang='grc' dir='ltr'>Θεῷ,</span> <span class='ocrx_word' id='word_1_68' title='bbox 848 1073 904 1123; x_wconf 81' lang='grc' dir='ltr'>ὲν</span> <span class='ocrx_word' id='word_1_69' title='bbox 928 1071 1126 1140; x_wconf 79' lang='grc' dir='ltr'>καιρῷ,</span> <span class='ocrx_word' id='word_1_70' title='bbox 1151 1071 1354 1123; x_wconf 75' lang='grc' dir='ltr'>τούτων</span> <span class='ocrx_word' id='word_1_71' title='bbox 1382 1069 1658 1140; x_wconf 75' lang='grc' dir='ltr'>δρέψεται.</span> 
     </span>
    </p>
   </div>
   <div class='ocr_carea' id='block_1_12' title="bbox 372 1227 1403 1296">
    <p class='ocr_par' dir='ltr' id='par_1_12' title="bbox 372 1227 1403 1296">
     <span class='ocr_line' id='line_1_12' title="bbox 372 1227 1403 1296; baseline -0.008 -10"><span class='ocrx_word' id='word_1_72' title='bbox 372 1231 492 1288; x_wconf 70' lang='lat' dir='ltr'><strong>‘Ps.</strong></span> <span class='ocrx_word' id='word_1_73' title='bbox 522 1244 728 1296; x_wconf 74' lang='lat' dir='ltr'><strong>cum,</strong></span> <span class='ocrx_word' id='word_1_74' title='bbox 758 1230 812 1284; x_wconf 74' lang='grc'>2.</span> <span class='ocrx_word' id='word_1_75' title='bbox 901 1234 921 1263; x_wconf 78' lang='lat'><strong>’</strong></span> <span class='ocrx_word' id='word_1_76' title='bbox 948 1227 1137 1282; x_wconf 79' lang='lat' dir='ltr'><strong>Matth.</strong></span> <span class='ocrx_word' id='word_1_77' title='bbox 1198 1243 1276 1293; x_wconf 72' lang='lat' dir='ltr'><strong>xl,</strong></span> <span class='ocrx_word' id='word_1_78' title='bbox 1319 1227 1403 1282; x_wconf 70' lang='lat'><strong>12.</strong></span> 
     </span>
    </p>
   </div>
   <div class='ocr_carea' id='block_1_13' title="bbox 301 1427 545 1446">
    <p class='ocr_par' dir='ltr' id='par_1_13' title="bbox 301 1427 545 1446">
     <span class='ocr_line' id='line_1_13' title="bbox 301 1427 545 1446; baseline 0 -6"><span class='ocrx_word' id='word_1_79' title='bbox 301 1427 545 1446; x_wconf 42' lang='grc' dir='ltr'><strong>μαι-ᾔ,</strong></span> 
     </span>
    </p>
   </div>
   <div class='ocr_carea' id='block_1_14' title="bbox 1973 588 3553 654">
    <p class='ocr_par' dir='ltr' id='par_1_14' title="bbox 1973 588 3553 654">
     <span class='ocr_line' id='line_1_14' title="bbox 1973 588 3553 654; baseline -0.011 0"><span class='ocrx_word' id='word_1_80' title='bbox 1973 602 2222 654; x_wconf 79' lang='lat' dir='ltr'><strong>sessione</strong></span> <span class='ocrx_word' id='word_1_81' title='bbox 2279 614 2404 652; x_wconf 75' lang='lat' dir='ltr'><strong>ante</strong></span> <span class='ocrx_word' id='word_1_82' title='bbox 2450 596 2752 652; x_wconf 77' lang='lat' dir='ltr'><strong>senectutis</strong></span> <span class='ocrx_word' id='word_1_83' title='bbox 2803 604 2899 647; x_wconf 86' lang='lat' dir='ltr'><strong>aut</strong></span> <span class='ocrx_word' id='word_1_84' title='bbox 2956 588 3293 644; x_wconf 81' lang='lat' dir='ltr'><strong>inﬁrmitatis</strong></span> <span class='ocrx_word' id='word_1_85' title='bbox 3342 595 3553 651; x_wconf 79' lang='lat' dir='ltr'><strong>tempus</strong></span> 
     </span>
    </p>
   </div>
   <div class='ocr_carea' id='block_1_15' title="bbox 1974 675 3556 747">
    <p class='ocr_par' dir='ltr' id='par_1_15' title="bbox 1974 675 3556 747">
     <span class='ocr_line' id='line_1_15' title="bbox 1974 675 3556 747; baseline -0.014 0"><span class='ocrx_word' id='word_1_86' title='bbox 1974 707 2279 747; x_wconf 75' lang='lat' dir='ltr'><strong>remanere.</strong></span> <span class='ocrx_word' id='word_1_87' title='bbox 2320 709 2338 741; x_wconf 78' lang='grc' dir='ltr'><strong>ι</strong></span> <span class='ocrx_word' id='word_1_88' title='bbox 2368 690 2605 743; x_wconf 62' lang='lat' dir='ltr'><strong>Laliores</strong></span> <span class='ocrx_word' id='word_1_89' title='bbox 2635 699 2893 740; x_wconf 87' lang='lat' dir='ltr'><strong>manuum</strong></span> <span class='ocrx_word' id='word_1_90' title='bbox 2923 689 3141 736; x_wconf 86' lang='lat' dir='ltr'><strong>tuarum</strong></span> <span class='ocrx_word' id='word_1_91' title='bbox 3168 677 3291 746; x_wconf 86' lang='lat' dir='ltr'><strong>quia</strong></span> <span class='ocrx_word' id='word_1_92' title='bbox 3327 675 3556 729; x_wconf 87' lang='lat' dir='ltr'><strong>mandu-</strong></span> 
     </span>
    </p>
   </div>
   <div class='ocr_carea' id='block_1_16' title="bbox 1975 771 3556 850">
    <p class='ocr_par' dir='ltr' id='par_1_16' title="bbox 1975 771 3556 850">
     <span class='ocr_line' id='line_1_16' title="bbox 1975 771 3556 850; baseline -0.016 -8"><span class='ocrx_word' id='word_1_93' title='bbox 1975 786 2206 849; x_wconf 69' lang='lat' dir='ltr'><strong>eahis‘,i</strong></span> <span class='ocrx_word' id='word_1_94' title='bbox 2230 785 2304 835; x_wconf 87' lang='lat' dir='ltr'><strong>ait</strong></span> <span class='ocrx_word' id='word_1_95' title='bbox 2334 783 2614 850; x_wconf 57' lang='lat' dir='ltr'><strong>Scriptura</strong></span> <span class='ocrx_word' id='word_1_96' title='bbox 2640 796 2654 846; x_wconf 87' lang='lat'>;</span> <span class='ocrx_word' id='word_1_97' title='bbox 2680 789 2768 832; x_wconf 90' lang='lat' dir='ltr'><strong>et:</strong></span> <span class='ocrx_word' id='word_1_98' title='bbox 2801 777 3063 829; x_wconf 64' lang='lat' dir='ltr'><strong>«Violenti</strong></span> <span class='ocrx_word' id='word_1_99' title='bbox 3086 771 3303 838; x_wconf 88' lang='lat' dir='ltr'><strong>rapiunt</strong></span> <span class='ocrx_word' id='word_1_100' title='bbox 3328 779 3556 837; x_wconf 82' lang='lat' dir='ltr'><strong>regnum</strong></span> 
     </span>
    </p>
   </div>
   <div class='ocr_carea' id='block_1_17' title="bbox 1978 860 3559 940">
    <p class='ocr_par' dir='ltr' id='par_1_17' title="bbox 1978 860 3559 940">
     <span class='ocr_line' id='line_1_17' title="bbox 1978 860 3559 940; baseline -0.013 -10"><span class='ocrx_word' id='word_1_101' title='bbox 1978 878 2243 930; x_wconf 72' lang='lat' dir='ltr'><strong>rwlornm</strong></span> <span class='ocrx_word' id='word_1_102' title='bbox 2271 878 2343 928; x_wconf 68' lang='grc' dir='ltr'><strong>’.ι</strong></span> <span class='ocrx_word' id='word_1_103' title='bbox 2368 875 2470 937; x_wconf 77' lang='lat' dir='ltr'><strong>Qui</strong></span> <span class='ocrx_word' id='word_1_104' title='bbox 2500 889 2627 940; x_wconf 76' lang='lat' dir='ltr'><strong>ergo</strong></span> <span class='ocrx_word' id='word_1_105' title='bbox 2648 871 2903 940; x_wconf 74' lang='lat' dir='ltr'><strong>praedicta</strong></span> <span class='ocrx_word' id='word_1_106' title='bbox 2932 882 3093 933; x_wconf 84' lang='lat' dir='ltr'><strong>opera</strong></span> <span class='ocrx_word' id='word_1_107' title='bbox 3109 862 3349 934; x_wconf 79' lang='lat' dir='ltr'><strong>quotidie</strong></span> <span class='ocrx_word' id='word_1_108' title='bbox 3374 860 3559 915; x_wconf 79' lang='lat' dir='ltr'><strong>studet</strong></span> 
     </span>
    </p>
   </div>
   <div class='ocr_carea' id='block_1_18' title="bbox 1980 946 3552 1025">
    <p class='ocr_par' dir='ltr' id='par_1_18' title="bbox 1980 946 3552 1025">
     <span class='ocr_line' id='line_1_18' title="bbox 1980 946 3552 1025; baseline -0.013 -4"><span class='ocrx_word' id='word_1_109' title='bbox 1980 966 2584 1025; x_wconf 68' lang='lat' dir='ltr'><strong>laboriOscttl.ulrere,</strong></span> <span class='ocrx_word' id='word_1_110' title='bbox 2624 962 2882 1023; x_wconf 78' lang='lat' dir='ltr'><strong>lrttctmn,</strong></span> <span class='ocrx_word' id='word_1_111' title='bbox 2943 959 3235 1025; x_wconf 68' lang='lat' dir='ltr'><strong>udjttvattte</strong></span> <span class='ocrx_word' id='word_1_112' title='bbox 3300 951 3432 1014; x_wconf 87' lang='lat' dir='ltr'><strong>Deo,</strong></span> <span class='ocrx_word' id='word_1_113' title='bbox 3495 946 3552 1002; x_wconf 88' lang='lat' dir='ltr'><strong>in</strong></span> 
     </span>
    </p>
   </div>
   <div class='ocr_carea' id='block_1_19' title="bbox 1982 1059 2724 1130">
    <p class='ocr_par' dir='ltr' id='par_1_19' title="bbox 1982 1059 2724 1130">
     <span class='ocr_line' id='line_1_19' title="bbox 1982 1059 2724 1130; baseline -0.007 -15"><span class='ocrx_word' id='word_1_114' title='bbox 1982 1075 2223 1130; x_wconf 83' lang='lat' dir='ltr'><strong>tempore</strong></span> <span class='ocrx_word' id='word_1_115' title='bbox 2252 1077 2314 1115; x_wconf 78' lang='lat' dir='ltr'><strong>ex</strong></span> <span class='ocrx_word' id='word_1_116' title='bbox 2352 1062 2459 1114; x_wconf 81' lang='lat' dir='ltr'><strong>illis</strong></span> <span class='ocrx_word' id='word_1_117' title='bbox 2486 1059 2724 1124; x_wconf 70' lang='lat' dir='ltr'><strong>colliget.</strong></span> 
     </span>
    </p>
   </div>
   <div class='ocr_carea' id='block_1_20' title="bbox 1427 1569 2428 1710">
    <p class='ocr_par' dir='ltr' id='par_1_20' title="bbox 1427 1569 2428 1710">
     <span class='ocr_line' id='line_1_20' title="bbox 1427 1569 2428 1710; baseline -0.006 -4"><span class='ocrx_word' id='word_1_118' title='bbox 1427 1575 1775 1710; x_wconf 88' lang='grc' dir='ltr'><strong>ΤΟΥ</strong></span> <span class='ocrx_word' id='word_1_119' title='bbox 1854 1569 2428 1703; x_wconf 85' lang='grc' dir='ltr'>ΑΥΤΟΥ</span> 
     </span>
    </p>
   </div>
   <div class='ocr_carea' id='block_1_21' title="bbox 694 1810 3158 1881">
    <p class='ocr_par' dir='ltr' id='par_1_21' title="bbox 694 1810 3158 1881">
     <span class='ocr_line' id='line_1_21' title="bbox 694 1810 3158 1881; baseline -0.008 0"><span class='ocrx_word' id='word_1_120' title='bbox 694 1827 856 1881; x_wconf 80' lang='grc' dir='ltr'><strong>ΠΕΡΙ</strong></span> <span class='ocrx_word' id='word_1_121' title='bbox 912 1826 1049 1881; x_wconf 83' lang='grc' dir='ltr'>ΤΟΥ</span> <span class='ocrx_word' id='word_1_122' title='bbox 1102 1827 1234 1880; x_wconf 64' lang='lat' dir='ltr'><strong>HQ}:</strong></span> <span class='ocrx_word' id='word_1_123' title='bbox 1269 1824 1378 1878; x_wconf 71' lang='grc' dir='ltr'>Αει</span> <span class='ocrx_word' id='word_1_124' title='bbox 1419 1819 1850 1875; x_wconf 77' lang='grc' dir='ltr'><strong>ΚΛΘΕΖΕΣΘΛῙ</strong></span> <span class='ocrx_word' id='word_1_125' title='bbox 1892 1817 2027 1871; x_wconf 82' lang='lat' dir='ltr'><strong>TON</strong></span> <span class='ocrx_word' id='word_1_126' title='bbox 2070 1811 2538 1869; x_wconf 80' lang='grc' dir='ltr'><strong>ΗΣΥΧΑΖΟΝΤΛ</strong></span> <span class='ocrx_word' id='word_1_127' title='bbox 2581 1811 2690 1865; x_wconf 86' lang='grc' dir='ltr'><strong>ΕΙΣ</strong></span> <span class='ocrx_word' id='word_1_128' title='bbox 2730 1811 2874 1865; x_wconf 79' lang='grc' dir='ltr'><strong>ΤΗΝ</strong></span> <span class='ocrx_word' id='word_1_129' title='bbox 2916 1810 3158 1864; x_wconf 80' lang='grc' dir='ltr'><strong>ΕΥΧΗΝ</strong></span> 
     </span>
    </p>
   </div>
   <div class='ocr_carea' id='block_1_22' title="bbox 1398 1908 2443 1971">
    <p class='ocr_par' dir='ltr' id='par_1_22' title="bbox 1398 1908 2443 1971">
     <span class='ocr_line' id='line_1_22' title="bbox 1398 1908 2443 1971; baseline -0.009 0"><span class='ocrx_word' id='word_1_130' title='bbox 1398 1918 1516 1971; x_wconf 77' lang='grc' dir='ltr'><strong>ΚΑΙ</strong></span> <span class='ocrx_word' id='word_1_131' title='bbox 1551 1916 1655 1970; x_wconf 81' lang='grc' dir='ltr'><strong>ΜΗ</strong></span> <span class='ocrx_word' id='word_1_132' title='bbox 1698 1911 1970 1968; x_wconf 77' lang='grc' dir='ltr'><strong>ΤΑΧΕΩΣ</strong></span> <span class='ocrx_word' id='word_1_133' title='bbox 2007 1908 2443 1964; x_wconf 72' lang='grc' dir='ltr'><strong>ΑΝΙΣΤΑΣΘΛῙ.</strong></span> 
     </span>
    </p>
   </div>
   <div class='ocr_carea' id='block_1_23' title="bbox 1631 2239 2267 2355">
    <p class='ocr_par' dir='ltr' id='par_1_23' title="bbox 1631 2239 2267 2355">
     <span class='ocr_line' id='line_1_23' title="bbox 1631 2239 2267 2355; baseline -0.013 0"><span class='ocrx_word' id='word_1_134' title='bbox 1631 2239 2263 2355; x_wconf 86' lang='lat' dir='ltr'><strong>EJUSDEM</strong></span> 
     </span>
    </p>
   </div>
   <div class='ocr_carea' id='block_1_24' title="bbox 679 2418 3201 2499">
    <p class='ocr_par' dir='ltr' id='par_1_24' title="bbox 679 2418 3201 2499">
     <span class='ocr_line' id='line_1_24' title="bbox 679 2418 3201 2499; baseline -0.004 -14"><span class='ocrx_word' id='word_1_135' title='bbox 679 2424 1077 2499; x_wconf 80' lang='lat' dir='ltr'><strong>QUOMODO</strong></span> <span class='ocrx_word' id='word_1_136' title='bbox 1116 2423 1547 2484; x_wconf 79' lang='lat' dir='ltr'><strong>OPORTEAT</strong></span> <span class='ocrx_word' id='word_1_137' title='bbox 1589 2422 1898 2482; x_wconf 80' lang='lat' dir='ltr'><strong>SEDEBE</strong></span> <span class='ocrx_word' id='word_1_138' title='bbox 1942 2420 2529 2481; x_wconf 76' lang='lat' dir='ltr'><strong>HESYCHASTAM</strong></span> <span class='ocrx_word' id='word_1_139' title='bbox 2573 2419 2678 2477; x_wconf 71' lang='lat' dir='ltr'><strong>AD</strong></span> <span class='ocrx_word' id='word_1_140' title='bbox 2724 2418 3201 2479; x_wconf 73' lang='lat' dir='ltr'><strong>OllATlONEM</strong></span> 
     </span>
    </p>
   </div>
   <div class='ocr_carea' id='block_1_25' title="bbox 1489 2527 2400 2590">
    <p class='ocr_par' dir='ltr' id='par_1_25' title="bbox 1489 2527 2400 2590">
     <span class='ocr_line' id='line_1_25' title="bbox 1489 2527 2400 2590; baseline -0.007 0"><span class='ocrx_word' id='word_1_141' title='bbox 1489 2530 1639 2590; x_wconf 87' lang='lat' dir='ltr'><strong>NEC</strong></span> <span class='ocrx_word' id='word_1_142' title='bbox 1683 2527 1871 2590; x_wconf 71' lang='lat' dir='ltr'><strong>Cl&#39;l‘O</strong></span> <span class='ocrx_word' id='word_1_143' title='bbox 1914 2527 2400 2587; x_wconf 77' lang='lat' dir='ltr'><strong>ASSURGERE.</strong></span> 
     </span>
    </p>
   </div>
   <div class='ocr_carea' id='block_1_26' title="bbox 393 2798 2061 2874">
    <p class='ocr_par' dir='ltr' id='par_1_26' title="bbox 393 2798 1961 2874">
     <span class='ocr_line' id='line_1_26' title="bbox 393 2798 1961 2874; baseline -0.006 -17"><span class='ocrx_word' id='word_1_144' title='bbox 393 2804 530 2858; x_wconf 75' lang='grc' dir='ltr'>ἱιοτὲ</span> <span class='ocrx_word' id='word_1_145' title='bbox 566 2804 664 2874; x_wconf 78' lang='grc' dir='ltr'>μὲν</span> <span class='ocrx_word' id='word_1_146' title='bbox 691 2805 782 2855; x_wconf 75' lang='grc' dir='ltr'>ἐπὶ</span> <span class='ocrx_word' id='word_1_147' title='bbox 811 2806 1083 2871; x_wconf 77' lang='grc' dir='ltr'>σκὰμνου,</span> <span class='ocrx_word' id='word_1_148' title='bbox 1130 2805 1189 2855; x_wconf 85' lang='grc' dir='ltr'><strong>τὸ</strong></span> <span class='ocrx_word' id='word_1_149' title='bbox 1220 2801 1467 2852; x_wconf 86' lang='grc' dir='ltr'>πλεῖστον</span> <span class='ocrx_word' id='word_1_150' title='bbox 1494 2799 1581 2852; x_wconf 78' lang='grc' dir='ltr'>διὰ</span> <span class='ocrx_word' id='word_1_151' title='bbox 1609 2801 1666 2851; x_wconf 79' lang='grc' dir='ltr'>τὸ</span> <span class='ocrx_word' id='word_1_152' title='bbox 1708 2798 1961 2874; x_wconf 60' lang='grc' dir='ltr'>ὲπίποοᾹ</span> 
     </span>
    </p>
   </div>
   <div class='ocr_carea' id='block_1_27' title="bbox 1906 2798 3574 2874">
    <p class='ocr_par' dir='ltr' id='par_1_27' title="bbox 1916 2801 3574 2874">
     <span class='ocr_line' id='line_1_27' title="bbox 1916 2801 3574 2874; baseline 0.001 -16"><span class='ocrx_word' id='word_1_153' title='bbox 1916 2825 1961 2874; x_wconf 61' lang='grc' dir='ltr'><strong>Α</strong></span> <span class='ocrx_word' id='word_1_154' title='bbox 2061 2803 2219 2858; x_wconf 78' lang='lat' dir='ltr'><strong>Modo</strong></span> <span class='ocrx_word' id='word_1_155' title='bbox 2239 2803 2290 2854; x_wconf 91' lang='lat' dir='ltr'><strong>in</strong></span> <span class='ocrx_word' id='word_1_156' title='bbox 2309 2811 2608 2863; x_wconf 85' lang='lat' dir='ltr'><strong>scamno,ct</strong></span> <span class='ocrx_word' id='word_1_157' title='bbox 2627 2801 2847 2870; x_wconf 82' lang='lat' dir='ltr'><strong>qttulem</strong></span> <span class='ocrx_word' id='word_1_158' title='bbox 2869 2803 3206 2871; x_wconf 83' lang='lat' dir='ltr'><strong>plerumque,</strong></span> <span class='ocrx_word' id='word_1_159' title='bbox 3225 2805 3291 2858; x_wconf 84' lang='lat' dir='ltr'><strong>ad</strong></span> <span class='ocrx_word' id='word_1_160' title='bbox 3310 2804 3574 2874; x_wconf 76' lang='lat' dir='ltr'><strong>defetiga-</strong></span> 
     </span>
    </p>
   </div>
   <div class='ocr_carea' id='block_1_28' title="bbox 317 2891 1904 2962">
    <p class='ocr_par' dir='ltr' id='par_1_28' title="bbox 317 2891 1904 2962">
     <span class='ocr_line' id='line_1_28' title="bbox 317 2891 1904 2962; baseline -0.006 -14"><span class='ocrx_word' id='word_1_161' title='bbox 317 2915 440 2949; x_wconf 83' lang='grc' dir='ltr'>νον·</span> <span class='ocrx_word' id='word_1_162' title='bbox 492 2897 621 2947; x_wconf 74' lang='grc' dir='ltr'>ποτὲ</span> <span class='ocrx_word' id='word_1_163' title='bbox 645 2895 722 2956; x_wconf 81' lang='grc' dir='ltr'>δὲ,</span> <span class='ocrx_word' id='word_1_164' title='bbox 752 2894 849 2946; x_wconf 75' lang='grc' dir='ltr'><strong>καὶ</strong></span> <span class='ocrx_word' id='word_1_165' title='bbox 893 2894 986 2946; x_wconf 76' lang='grc' dir='ltr'><strong>ἐπὶ</strong></span> <span class='ocrx_word' id='word_1_166' title='bbox 1023 2891 1316 2962; x_wconf 75' lang='grc' dir='ltr'><strong>στρωμνῆς</strong></span> <span class='ocrx_word' id='word_1_167' title='bbox 1349 2892 1613 2958; x_wconf 84' lang='grc' dir='ltr'>ὀλιγάκις,</span> <span class='ocrx_word' id='word_1_168' title='bbox 1649 2891 1752 2951; x_wconf 77' lang='grc' dir='ltr'>ἓως</span> <span class='ocrx_word' id='word_1_169' title='bbox 1783 2906 1904 2941; x_wconf 82' lang='grc' dir='ltr'>και-</span> 
     </span>
    </p>
   </div>
   <div class='ocr_carea' id='block_1_29' title="bbox 321 2974 1904 3055">
    <p class='ocr_par' dir='ltr' id='par_1_29' title="bbox 321 2974 1904 3055">
     <span class='ocr_line' id='line_1_29' title="bbox 321 2974 1904 3055; baseline -0.003 -20"><span class='ocrx_word' id='word_1_170' title='bbox 321 2985 442 3055; x_wconf 84' lang='grc' dir='ltr'>ροῦ,</span> <span class='ocrx_word' id='word_1_171' title='bbox 470 2984 556 3036; x_wconf 79' lang='grc' dir='ltr'><strong>διὰ</strong></span> <span class='ocrx_word' id='word_1_172' title='bbox 578 2982 675 3053; x_wconf 81' lang='grc' dir='ltr'><strong>τὴν</strong></span> <span class='ocrx_word' id='word_1_173' title='bbox 705 2984 909 3034; x_wconf 79' lang='grc' dir='ltr'>ἄνεσιν.</span> <span class='ocrx_word' id='word_1_174' title='bbox 957 2980 1048 3032; x_wconf 86' lang='grc' dir='ltr'><strong>Ἐν</strong></span> <span class='ocrx_word' id='word_1_175' title='bbox 1084 2981 1332 3049; x_wconf 84' lang='grc' dir='ltr'><strong>ὑπομονῇ</strong></span> <span class='ocrx_word' id='word_1_176' title='bbox 1362 2980 1418 3032; x_wconf 76' lang='grc' dir='ltr'>δὲ</span> <span class='ocrx_word' id='word_1_177' title='bbox 1447 2980 1650 3048; x_wconf 71' lang='grc' dir='ltr'>ὀφείλει</span> <span class='ocrx_word' id='word_1_178' title='bbox 1672 2974 1810 3030; x_wconf 84' lang='grc' dir='ltr'>εἶναι</span> <span class='ocrx_word' id='word_1_179' title='bbox 1843 2978 1904 3030; x_wconf 80' lang='grc' dir='ltr'><strong>τὸ</strong></span> 
     </span>
    </p>
   </div>
   <div class='ocr_carea' id='block_1_30' title="bbox 320 3072 1902 3150">
    <p class='ocr_par' dir='ltr' id='par_1_30' title="bbox 320 3072 1902 3150">
     <span class='ocr_line' id='line_1_30' title="bbox 320 3072 1902 3150; baseline -0.006 -17"><span class='ocrx_word' id='word_1_180' title='bbox 320 3081 572 3150; x_wconf 70' lang='grc' dir='ltr'>καθισμὰ</span> <span class='ocrx_word' id='word_1_181' title='bbox 600 3072 716 3142; x_wconf 80' lang='grc' dir='ltr'>σου,</span> <span class='ocrx_word' id='word_1_182' title='bbox 747 3079 836 3131; x_wconf 77' lang='grc' dir='ltr'><strong>διὰ</strong></span> <span class='ocrx_word' id='word_1_183' title='bbox 869 3079 958 3131; x_wconf 87' lang='grc' dir='ltr'><strong>τὸν</strong></span> <span class='ocrx_word' id='word_1_184' title='bbox 992 3077 1237 3142; x_wconf 79' lang='grc' dir='ltr'><strong>εἰπόντα,</strong></span> <span class='ocrx_word' id='word_1_185' title='bbox 1272 3079 1352 3145; x_wconf 86' lang='grc' dir='ltr'><strong>Τῇ</strong></span> <span class='ocrx_word' id='word_1_186' title='bbox 1403 3079 1677 3145; x_wconf 79' lang='grc' dir='ltr'>προσευχῇ</span> <span class='ocrx_word' id='word_1_187' title='bbox 1731 3091 1902 3143; x_wconf 85' lang='grc' dir='ltr'>προσ-</span> 
     </span>
    </p>
   </div>
   <div class='ocr_carea' id='block_1_31' title="bbox 318 3166 1904 3243">
    <p class='ocr_par' dir='ltr' id='par_1_31' title="bbox 318 3166 1904 3243">
     <span class='ocr_line' id='line_1_31' title="bbox 318 3166 1904 3243; baseline -0.006 -15"><span class='ocrx_word' id='word_1_188' title='bbox 318 3172 740 3243; x_wconf 75' lang='grc' dir='ltr'>καρτεροῦντες·</span> <span class='ocrx_word' id='word_1_189' title='bbox 757 3173 850 3223; x_wconf 72' lang='grc' dir='ltr'>καὶ</span> <span class='ocrx_word' id='word_1_190' title='bbox 879 3171 953 3241; x_wconf 84' lang='grc' dir='ltr'>μὴ</span> <span class='ocrx_word' id='word_1_191' title='bbox 979 3172 1186 3241; x_wconf 81' lang='grc' dir='ltr'>ταχέως</span> <span class='ocrx_word' id='word_1_192' title='bbox 1201 3166 1904 3238; x_wconf 73' lang='grc' dir='ltr'>ἁνίστασθαιόλιγωροῦντα</span> 
     </span>
    </p>
   </div>
   <div class='ocr_carea' id='block_1_32' title="bbox 319 3257 1903 3331">
    <p class='ocr_par' dir='ltr' id='par_1_32' title="bbox 319 3257 1903 3331">
     <span class='ocr_line' id='line_1_32' title="bbox 319 3257 1903 3331; baseline -0.006 -14"><span class='ocrx_word' id='word_1_193' title='bbox 319 3267 412 3318; x_wconf 69' lang='grc' dir='ltr'><strong>διὰ</strong></span> <span class='ocrx_word' id='word_1_194' title='bbox 443 3265 504 3316; x_wconf 76' lang='grc' dir='ltr'>τὸ</span> <span class='ocrx_word' id='word_1_195' title='bbox 529 3264 786 3316; x_wconf 77' lang='grc' dir='ltr'>ἐπίπονον</span> <span class='ocrx_word' id='word_1_196' title='bbox 812 3263 995 3329; x_wconf 80' lang='grc' dir='ltr'>ἄλγος,</span> <span class='ocrx_word' id='word_1_197' title='bbox 1022 3263 1115 3314; x_wconf 80' lang='grc' dir='ltr'><strong>καὶ</strong></span> <span class='ocrx_word' id='word_1_198' title='bbox 1135 3262 1232 3331; x_wconf 81' lang='grc' dir='ltr'><strong>τὴν</strong></span> <span class='ocrx_word' id='word_1_199' title='bbox 1262 3259 1355 3313; x_wconf 87' lang='grc' dir='ltr'><strong>τοῦ</strong></span> <span class='ocrx_word' id='word_1_200' title='bbox 1380 3261 1496 3322; x_wconf 73' lang='grc' dir='ltr'>νοὸς</span> <span class='ocrx_word' id='word_1_201' title='bbox 1526 3260 1718 3327; x_wconf 71' lang='grc' dir='ltr'>νοερὰν</span> <span class='ocrx_word' id='word_1_202' title='bbox 1752 3257 1903 3327; x_wconf 81' lang='grc' dir='ltr'>βοὴν,</span> 
     </span>
    </p>
   </div>
   <div class='ocr_carea' id='block_1_33' title="bbox 320 3352 1904 3424">
    <p class='ocr_par' dir='ltr' id='par_1_33' title="bbox 320 3352 1904 3424">
     <span class='ocr_line' id='line_1_33' title="bbox 320 3352 1904 3424; baseline -0.004 -15"><span class='ocrx_word' id='word_1_203' title='bbox 320 3359 422 3409; x_wconf 71' lang='grc' dir='ltr'><strong>καὶ</strong></span> <span class='ocrx_word' id='word_1_204' title='bbox 464 3355 664 3424; x_wconf 86' lang='grc' dir='ltr'>συνεχῆ</span> <span class='ocrx_word' id='word_1_205' title='bbox 689 3354 885 3422; x_wconf 78' lang='grc' dir='ltr'>πῆξιν·</span> <span class='ocrx_word' id='word_1_206' title='bbox 939 3371 957 3404; x_wconf 75' lang='grc' dir='ltr'><strong>ι</strong></span> <span class='ocrx_word' id='word_1_207' title='bbox 997 3353 1128 3405; x_wconf 81' lang='grc' dir='ltr'>Ἰδοὺ</span> <span class='ocrx_word' id='word_1_208' title='bbox 1167 3354 1298 3422; x_wconf 75' lang='grc' dir='ltr'>γὰρ,</span> <span class='ocrx_word' id='word_1_209' title='bbox 1340 3355 1506 3423; x_wconf 68' lang='grc' dir='ltr'>φησιν</span> <span class='ocrx_word' id='word_1_210' title='bbox 1530 3355 1558 3404; x_wconf 85' lang='grc' dir='ltr'>ὁ</span> <span class='ocrx_word' id='word_1_211' title='bbox 1590 3352 1904 3419; x_wconf 79' lang='grc' dir='ltr'>Προφήτης,</span> 
     </span>
    </p>
   </div>
   <div class='ocr_carea' id='block_1_34' title="bbox 321 3439 1904 3513">
    <p class='ocr_par' dir='ltr' id='par_1_34' title="bbox 321 3439 1904 3513">
     <span class='ocr_line' id='line_1_34' title="bbox 321 3439 1904 3513; baseline -0.005 -14"><span class='ocrx_word' id='word_1_212' title='bbox 321 3448 509 3508; x_wconf 79' lang='grc' dir='ltr'>ὠδῖνες</span> <span class='ocrx_word' id='word_1_213' title='bbox 544 3445 840 3497; x_wconf 80' lang='grc' dir='ltr'>συνέλαδὸν</span> <span class='ocrx_word' id='word_1_214' title='bbox 873 3461 964 3513; x_wconf 86' lang='grc' dir='ltr'><strong>με,</strong></span> <span class='ocrx_word' id='word_1_215' title='bbox 988 3444 1179 3513; x_wconf 87' lang='grc' dir='ltr'>ὥσπερ</span> <span class='ocrx_word' id='word_1_216' title='bbox 1209 3445 1522 3496; x_wconf 79' lang='grc' dir='ltr'>τίκτουσαν.</span> <span class='ocrx_word' id='word_1_217' title='bbox 1552 3460 1570 3492; x_wconf 77' lang='grc' dir='ltr'><strong>ι</strong></span> <span class='ocrx_word' id='word_1_218' title='bbox 1611 3440 1771 3493; x_wconf 84' lang='grc' dir='ltr'>Ἀλλά</span> <span class='ocrx_word' id='word_1_219' title='bbox 1805 3439 1904 3492; x_wconf 77' lang='grc' dir='ltr'>κύ-</span> 
     </span>
    </p>
   </div>
   <div class='ocr_carea' id='block_1_35' title="bbox 325 3533 1907 3604">
    <p class='ocr_par' dir='ltr' id='par_1_35' title="bbox 325 3533 1907 3604">
     <span class='ocr_line' id='line_1_35' title="bbox 325 3533 1907 3604; baseline -0.004 -16"><span class='ocrx_word' id='word_1_220' title='bbox 325 3556 480 3591; x_wconf 75' lang='grc' dir='ltr'>πτων</span> <span class='ocrx_word' id='word_1_221' title='bbox 517 3537 780 3599; x_wconf 75' lang='grc' dir='ltr'>κάτωθεν,</span> <span class='ocrx_word' id='word_1_222' title='bbox 813 3538 906 3588; x_wconf 75' lang='grc' dir='ltr'>καὶ</span> <span class='ocrx_word' id='word_1_223' title='bbox 948 3535 1039 3587; x_wconf 86' lang='grc' dir='ltr'><strong>τὸν</strong></span> <span class='ocrx_word' id='word_1_224' title='bbox 1068 3537 1192 3588; x_wconf 82' lang='grc' dir='ltr'>νοῦν</span> <span class='ocrx_word' id='word_1_225' title='bbox 1221 3535 1278 3587; x_wconf 85' lang='grc' dir='ltr'><strong>ἐν</strong></span> <span class='ocrx_word' id='word_1_226' title='bbox 1307 3538 1372 3604; x_wconf 73' lang='grc' dir='ltr'>τῇ</span> <span class='ocrx_word' id='word_1_227' title='bbox 1404 3533 1602 3604; x_wconf 73' lang='grc' dir='ltr'>καρδίᾳ</span> <span class='ocrx_word' id='word_1_228' title='bbox 1635 3533 1907 3597; x_wconf 69' lang='grc' dir='ltr'>συνάγων,</span> 
     </span>
    </p>
   </div>
   <div class='ocr_carea' id='block_1_36' title="bbox 325 3625 1909 3700">
    <p class='ocr_par' dir='ltr' id='par_1_36' title="bbox 325 3625 1909 3700">
     <span class='ocr_line' id='line_1_36' title="bbox 325 3625 1909 3700; baseline -0.006 -16"><span class='ocrx_word' id='word_1_229' title='bbox 325 3633 489 3700; x_wconf 82' lang='grc' dir='ltr'>εἴπερ</span> <span class='ocrx_word' id='word_1_230' title='bbox 518 3633 840 3698; x_wconf 76' lang='grc' dir='ltr'>διήνοικται,</span> <span class='ocrx_word' id='word_1_231' title='bbox 882 3627 1146 3681; x_wconf 83' lang='grc' dir='ltr'>ὲπικαλοῦ</span> <span class='ocrx_word' id='word_1_232' title='bbox 1195 3629 1287 3680; x_wconf 75' lang='grc' dir='ltr'>τὸν</span> <span class='ocrx_word' id='word_1_233' title='bbox 1322 3626 1526 3698; x_wconf 82' lang='grc' dir='ltr'>Κύριον</span> <span class='ocrx_word' id='word_1_234' title='bbox 1572 3625 1773 3694; x_wconf 84' lang='grc' dir='ltr'>Ἰησοῦν</span> <span class='ocrx_word' id='word_1_235' title='bbox 1829 3625 1909 3684; x_wconf 85' lang='grc' dir='ltr'>εἰς</span> 
     </span>
    </p>
   </div>
   <div class='ocr_carea' id='block_1_37' title="bbox 328 3715 1910 3793">
    <p class='ocr_par' dir='ltr' id='par_1_37' title="bbox 328 3715 1910 3793">
     <span class='ocr_line' id='line_1_37' title="bbox 328 3715 1910 3793; baseline -0.006 -18"><span class='ocrx_word' id='word_1_236' title='bbox 328 3723 602 3793; x_wconf 78' lang='grc' dir='ltr'>βοήθειαν.</span> <span class='ocrx_word' id='word_1_237' title='bbox 643 3720 826 3774; x_wconf 85' lang='grc' dir='ltr'>Πονῶν</span> <span class='ocrx_word' id='word_1_238' title='bbox 873 3720 954 3784; x_wconf 86' lang='grc' dir='ltr'><strong>δὲ,</strong></span> <span class='ocrx_word' id='word_1_239' title='bbox 1009 3721 1134 3783; x_wconf 75' lang='grc' dir='ltr'>τοὺς</span> <span class='ocrx_word' id='word_1_240' title='bbox 1180 3719 1367 3790; x_wconf 84' lang='grc' dir='ltr'>ῶμους</span> <span class='ocrx_word' id='word_1_241' title='bbox 1407 3720 1501 3772; x_wconf 77' lang='grc' dir='ltr'><strong>καὶ</strong></span> <span class='ocrx_word' id='word_1_242' title='bbox 1539 3718 1637 3786; x_wconf 83' lang='grc' dir='ltr'><strong>τὴν</strong></span> <span class='ocrx_word' id='word_1_243' title='bbox 1667 3715 1910 3785; x_wconf 81' lang='grc' dir='ltr'>κεφαλὴν</span> 
     </span>
    </p>
   </div>
   <div class='ocr_carea' id='block_1_38' title="bbox 328 3806 1911 3882">
    <p class='ocr_par' dir='ltr' id='par_1_38' title="bbox 328 3806 1911 3882">
     <span class='ocr_line' id='line_1_38' title="bbox 328 3806 1911 3882; baseline -0.006 -16"><span class='ocrx_word' id='word_1_244' title='bbox 328 3814 595 3876; x_wconf 79' lang='grc' dir='ltr'>πολλάκις</span> <span class='ocrx_word' id='word_1_245' title='bbox 622 3813 826 3880; x_wconf 80' lang='grc' dir='ltr'>ἀλγῶν,</span> <span class='ocrx_word' id='word_1_246' title='bbox 864 3813 1126 3882; x_wconf 84' lang='grc' dir='ltr'>καρτέρει</span> <span class='ocrx_word' id='word_1_247' title='bbox 1177 3812 1455 3873; x_wconf 81' lang='grc' dir='ltr'>ἐπιπόνως</span> <span class='ocrx_word' id='word_1_248' title='bbox 1491 3810 1587 3863; x_wconf 80' lang='grc' dir='ltr'>καὶ</span> <span class='ocrx_word' id='word_1_249' title='bbox 1633 3806 1911 3880; x_wconf 77' lang='grc' dir='ltr'>ἐρωτικῶς</span> 
     </span>
    </p>
   </div>
   <div class='ocr_carea' id='block_1_39' title="bbox 325 3899 1912 3973">
    <p class='ocr_par' dir='ltr' id='par_1_39' title="bbox 325 3899 1912 3973">
     <span class='ocr_line' id='line_1_39' title="bbox 325 3899 1912 3973; baseline -0.006 -13"><span class='ocrx_word' id='word_1_250' title='bbox 325 3911 389 3960; x_wconf 75' lang='grc' dir='ltr'>ὲν</span> <span class='ocrx_word' id='word_1_251' title='bbox 416 3907 625 3967; x_wconf 80' lang='grc' dir='ltr'>αὐτοῖς,</span> <span class='ocrx_word' id='word_1_252' title='bbox 684 3904 864 3972; x_wconf 79' lang='grc' dir='ltr'>ζητῶν</span> <span class='ocrx_word' id='word_1_253' title='bbox 918 3905 975 3957; x_wconf 80' lang='grc' dir='ltr'>ὲν</span> <span class='ocrx_word' id='word_1_254' title='bbox 1008 3904 1204 3973; x_wconf 76' lang='grc' dir='ltr'>καρδῖᾳ</span> <span class='ocrx_word' id='word_1_255' title='bbox 1237 3903 1326 3954; x_wconf 83' lang='grc' dir='ltr'><strong>τὸν</strong></span> <span class='ocrx_word' id='word_1_256' title='bbox 1381 3902 1605 3970; x_wconf 84' lang='grc' dir='ltr'>Κύριον.</span> <span class='ocrx_word' id='word_1_257' title='bbox 1665 3899 1912 3953; x_wconf 82' lang='grc' dir='ltr'>Βιαστῶν</span> 
     </span>
    </p>
   </div>
   <div class='ocr_carea' id='block_1_40' title="bbox 328 3992 1920 4066">
    <p class='ocr_par' dir='ltr' id='par_1_40' title="bbox 328 3992 1920 4066">
     <span class='ocr_line' id='line_1_40' title="bbox 328 3992 1920 4066; baseline -0.003 -18"><span class='ocrx_word' id='word_1_258' title='bbox 328 3999 443 4066; x_wconf 73' lang='grc' dir='ltr'>γάρ</span> <span class='ocrx_word' id='word_1_259' title='bbox 466 3998 614 4048; x_wconf 73' lang='grc' dir='ltr'>ἐστιν</span> <span class='ocrx_word' id='word_1_260' title='bbox 650 3997 681 4064; x_wconf 85' lang='grc' dir='ltr'>ἡ</span> <span class='ocrx_word' id='word_1_261' title='bbox 709 3995 956 4064; x_wconf 84' lang='grc' dir='ltr'>βασιλεία</span> <span class='ocrx_word' id='word_1_262' title='bbox 976 3994 1070 4047; x_wconf 90' lang='grc' dir='ltr'><strong>τοῦ</strong></span> <span class='ocrx_word' id='word_1_263' title='bbox 1097 3993 1255 4056; x_wconf 88' lang='grc' dir='ltr'>Θεοῦ,</span> <span class='ocrx_word' id='word_1_264' title='bbox 1284 3994 1378 4046; x_wconf 76' lang='grc' dir='ltr'>καὶ</span> <span class='ocrx_word' id='word_1_265' title='bbox 1411 3992 1626 4061; x_wconf 81' lang='grc' dir='ltr'>βιασταὶ</span> <span class='ocrx_word' id='word_1_266' title='bbox 1649 3994 1920 4063; x_wconf 78' lang='grc' dir='ltr'>ἁρπάζου-</span> 
     </span>
    </p>
   </div>
   <div class='ocr_carea' id='block_1_41' title="bbox 332 4083 1914 4155">
    <p class='ocr_par' dir='ltr' id='par_1_41' title="bbox 332 4083 1914 4155">
     <span class='ocr_line' id='line_1_41' title="bbox 332 4083 1914 4155; baseline -0.001 -20"><span class='ocrx_word' id='word_1_267' title='bbox 332 4102 421 4136; x_wconf 82' lang='grc' dir='ltr'><strong>σιν</strong></span> <span class='ocrx_word' id='word_1_268' title='bbox 451 4085 642 4154; x_wconf 76' lang='grc' dir='ltr'>αὑτήν.</span> <span class='ocrx_word' id='word_1_269' title='bbox 669 4085 778 4155; x_wconf 78' lang='grc' dir='ltr'><strong>Τὴν</strong></span> <span class='ocrx_word' id='word_1_270' title='bbox 810 4085 1046 4154; x_wconf 82' lang='grc' dir='ltr'>σπουδὴν</span> <span class='ocrx_word' id='word_1_271' title='bbox 1073 4085 1133 4135; x_wconf 85' lang='grc' dir='ltr'>ὲν</span> <span class='ocrx_word' id='word_1_272' title='bbox 1170 4083 1382 4145; x_wconf 85' lang='grc' dir='ltr'>τούτοις</span> <span class='ocrx_word' id='word_1_273' title='bbox 1407 4084 1499 4134; x_wconf 74' lang='grc' dir='ltr'><strong>καὶ</strong></span> <span class='ocrx_word' id='word_1_274' title='bbox 1528 4083 1637 4134; x_wconf 89' lang='grc' dir='ltr'><strong>τῶν</strong></span> <span class='ocrx_word' id='word_1_275' title='bbox 1659 4085 1914 4136; x_wconf 75' lang='grc' dir='ltr'>τοιούτων</span> 
     </span>
    </p>
   </div>
   <div class='ocr_carea' id='block_1_42' title="bbox 333 4174 1915 4246">
    <p class='ocr_par' dir='ltr' id='par_1_42' title="bbox 333 4174 1915 4246">
     <span class='ocr_line' id='line_1_42' title="bbox 333 4174 1915 4246; baseline -0.001 -19"><span class='ocrx_word' id='word_1_276' title='bbox 333 4178 514 4228; x_wconf 67' lang='grc' dir='ltr'>πόνων</span> <span class='ocrx_word' id='word_1_277' title='bbox 569 4179 596 4228; x_wconf 88' lang='grc' dir='ltr'>ὁ</span> <span class='ocrx_word' id='word_1_278' title='bbox 633 4176 836 4246; x_wconf 79' lang='grc' dir='ltr'>Κύριος</span> <span class='ocrx_word' id='word_1_279' title='bbox 868 4177 1145 4240; x_wconf 77' lang='grc' dir='ltr'>ὑπέδειξεν</span> <span class='ocrx_word' id='word_1_280' title='bbox 1178 4175 1414 4245; x_wconf 78' lang='grc' dir='ltr'>ἀληθῶς.</span> <span class='ocrx_word' id='word_1_281' title='bbox 1486 4174 1760 4243; x_wconf 83' lang='grc' dir='ltr'>’Υπομονὴ</span> <span class='ocrx_word' id='word_1_282' title='bbox 1806 4176 1915 4244; x_wconf 77' lang='grc' dir='ltr'><strong>γὰρ</strong></span> 
     </span>
    </p>
   </div>
   <div class='ocr_carea' id='block_1_43' title="bbox 333 4264 1916 4337">
    <p class='ocr_par' dir='ltr' id='par_1_43' title="bbox 333 4264 1916 4337">
     <span class='ocr_line' id='line_1_43' title="bbox 333 4264 1916 4337; baseline -0.003 -15"><span class='ocrx_word' id='word_1_283' title='bbox 333 4269 430 4322; x_wconf 80' lang='grc' dir='ltr'><strong>καὶ</strong></span> <span class='ocrx_word' id='word_1_284' title='bbox 459 4269 730 4336; x_wconf 76' lang='grc' dir='ltr'>καρτερία</span> <span class='ocrx_word' id='word_1_285' title='bbox 761 4269 817 4319; x_wconf 79' lang='grc' dir='ltr'>ὲν</span> <span class='ocrx_word' id='word_1_286' title='bbox 853 4270 1007 4331; x_wconf 82' lang='grc' dir='ltr'>πᾶσι,</span> <span class='ocrx_word' id='word_1_287' title='bbox 1039 4269 1336 4337; x_wconf 86' lang='grc' dir='ltr'>γεννήτρια</span> <span class='ocrx_word' id='word_1_288' title='bbox 1366 4267 1569 4330; x_wconf 88' lang='grc' dir='ltr'>πόνων,</span> <span class='ocrx_word' id='word_1_289' title='bbox 1605 4267 1700 4319; x_wconf 73' lang='grc' dir='ltr'>καὶ</span> <span class='ocrx_word' id='word_1_290' title='bbox 1730 4264 1916 4336; x_wconf 87' lang='grc' dir='ltr'>σώμα-</span> 
     </span>
    </p>
   </div>
   <div class='ocr_carea' id='block_1_44' title="bbox 331 4359 816 4428">
    <p class='ocr_par' dir='ltr' id='par_1_44' title="bbox 331 4359 816 4428">
     <span class='ocr_line' id='line_1_44' title="bbox 331 4359 816 4428; baseline 0 -16"><span class='ocrx_word' id='word_1_291' title='bbox 331 4376 451 4422; x_wconf 86' lang='grc' dir='ltr'>τος,</span> <span class='ocrx_word' id='word_1_292' title='bbox 489 4360 584 4412; x_wconf 68' lang='grc' dir='ltr'><strong>καὶ</strong></span> <span class='ocrx_word' id='word_1_293' title='bbox 614 4359 816 4428; x_wconf 71' lang='grc' dir='ltr'>ψυχῆς.</span> 
     </span>
    </p>
   </div>
   <div class='ocr_carea' id='block_1_45' title="bbox 546 4472 1713 4543">
    <p class='ocr_par' dir='ltr' id='par_1_45' title="bbox 546 4472 1713 4543">
     <span class='ocr_line' id='line_1_45' title="bbox 546 4472 1713 4543; baseline 0.002 -18"><span class='ocrx_word' id='word_1_294' title='bbox 546 4472 687 4538; x_wconf 74' lang='grc' dir='ltr'>Περὶ</span> <span class='ocrx_word' id='word_1_295' title='bbox 718 4473 822 4528; x_wconf 72' lang='grc' dir='ltr'><strong>τοῦ</strong></span> <span class='ocrx_word' id='word_1_296' title='bbox 855 4473 981 4537; x_wconf 80' lang='grc' dir='ltr'><strong>πῶς</strong></span> <span class='ocrx_word' id='word_1_297' title='bbox 1016 4472 1114 4526; x_wconf 79' lang='grc' dir='ltr'>δεῖ</span> <span class='ocrx_word' id='word_1_298' title='bbox 1130 4474 1330 4542; x_wconf 73' lang='grc' dir='ltr'>λέγειν</span> <span class='ocrx_word' id='word_1_299' title='bbox 1358 4475 1474 4538; x_wconf 79' lang='grc' dir='ltr'><strong>τὴν</strong></span> <span class='ocrx_word' id='word_1_300' title='bbox 1502 4472 1713 4543; x_wconf 73' lang='grc' dir='ltr'><strong>εὐχήν.</strong></span> 
     </span>
    </p>
   </div>
   <div class='ocr_carea' id='block_1_46' title="bbox 410 4576 1918 4656">
    <p class='ocr_par' dir='ltr' id='par_1_46' title="bbox 410 4576 1918 4656">
     <span class='ocr_line' id='line_1_46' title="bbox 410 4576 1918 4656; baseline 0.003 -21"><span class='ocrx_word' id='word_1_301' title='bbox 410 4582 598 4644; x_wconf 76' lang='grc' dir='ltr'>Οὕτως</span> <span class='ocrx_word' id='word_1_302' title='bbox 629 4576 782 4634; x_wconf 71' lang='grc' dir='ltr'>εἶπον</span> <span class='ocrx_word' id='word_1_303' title='bbox 836 4584 884 4634; x_wconf 82' lang='grc' dir='ltr'>οἱ</span> <span class='ocrx_word' id='word_1_304' title='bbox 936 4583 1214 4653; x_wconf 81' lang='grc' dir='ltr'>ΙΙατέρες-</span> <span class='ocrx_word' id='word_1_305' title='bbox 1265 4585 1293 4636; x_wconf 84' lang='grc' dir='ltr'><strong>ὁ</strong></span> <span class='ocrx_word' id='word_1_306' title='bbox 1339 4585 1474 4654; x_wconf 80' lang='grc' dir='ltr'>μέν’</span> <span class='ocrx_word' id='word_1_307' title='bbox 1525 4585 1699 4656; x_wconf 86' lang='grc' dir='ltr'>Κύριε</span> <span class='ocrx_word' id='word_1_308' title='bbox 1742 4586 1918 4656; x_wconf 79' lang='grc' dir='ltr'>Ἰησοῦ</span> 
     </span>
    </p>
   </div>
   <div class='ocr_carea' id='block_1_47' title="bbox 335 4673 1922 4746">
    <p class='ocr_par' dir='ltr' id='par_1_47' title="bbox 335 4673 1922 4746">
     <span class='ocr_line' id='line_1_47' title="bbox 335 4673 1922 4746; baseline 0.003 -18"><span class='ocrx_word' id='word_1_309' title='bbox 335 4674 569 4744; x_wconf 78' lang='grc' dir='ltr'>Χριστὲ,</span> <span class='ocrx_word' id='word_1_310' title='bbox 607 4674 700 4725; x_wconf 84' lang='grc' dir='ltr'><strong>Υἱὲ</strong></span> <span class='ocrx_word' id='word_1_311' title='bbox 728 4675 820 4726; x_wconf 89' lang='grc' dir='ltr'><strong>τοῦ</strong></span> <span class='ocrx_word' id='word_1_312' title='bbox 846 4673 1002 4736; x_wconf 84' lang='grc' dir='ltr'>Θεοῦ,</span> <span class='ocrx_word' id='word_1_313' title='bbox 1029 4674 1251 4745; x_wconf 74' lang='grc' dir='ltr'>ἐλέησόν</span> <span class='ocrx_word' id='word_1_314' title='bbox 1280 4693 1370 4746; x_wconf 91' lang='grc' dir='ltr'><strong>με,</strong></span> <span class='ocrx_word' id='word_1_315' title='bbox 1395 4677 1456 4729; x_wconf 85' lang='grc' dir='ltr'><strong>τὸ</strong></span> <span class='ocrx_word' id='word_1_316' title='bbox 1490 4677 1613 4732; x_wconf 86' lang='grc' dir='ltr'>ὅλον</span> <span class='ocrx_word' id='word_1_317' title='bbox 1635 4696 1650 4710; x_wconf 78' lang='grc' dir='ltr'><strong><em>ο</em></strong></span> <span class='ocrx_word' id='word_1_318' title='bbox 1690 4678 1717 4729; x_wconf 83' lang='grc' dir='ltr'>ὀ</span> <span class='ocrx_word' id='word_1_319' title='bbox 1752 4679 1830 4743; x_wconf 78' lang='grc' dir='ltr'><strong>δὲ,</strong></span> <span class='ocrx_word' id='word_1_320' title='bbox 1860 4681 1922 4732; x_wconf 83' lang='grc' dir='ltr'><strong>τὸ</strong></span> 
     </span>
    </p>
   </div>
   <div class='ocr_carea' id='block_1_48' title="bbox 336 4763 1921 4840">
    <p class='ocr_par' dir='ltr' id='par_1_48' title="bbox 336 4763 1921 4840">
     <span class='ocr_line' id='line_1_48' title="bbox 336 4763 1921 4840; baseline 0.003 -23"><span class='ocrx_word' id='word_1_321' title='bbox 336 4768 513 4835; x_wconf 66' lang='grc' dir='ltr'>ἣμισυ</span> <span class='ocrx_word' id='word_1_322' title='bbox 536 4781 550 4792; x_wconf 93' lang='grc'><strong>·</strong></span> <span class='ocrx_word' id='word_1_323' title='bbox 586 4763 782 4834; x_wconf 74' lang='grc' dir='ltr'>Ἰησοῦ,</span> <span class='ocrx_word' id='word_1_324' title='bbox 820 4765 919 4817; x_wconf 80' lang='grc' dir='ltr'><strong>Υἱὲ</strong></span> <span class='ocrx_word' id='word_1_325' title='bbox 941 4765 1032 4818; x_wconf 79' lang='grc' dir='ltr'><strong>τοῦ</strong></span> <span class='ocrx_word' id='word_1_326' title='bbox 1061 4765 1218 4832; x_wconf 83' lang='grc' dir='ltr'>Θεοῦ,</span> <span class='ocrx_word' id='word_1_327' title='bbox 1250 4767 1470 4839; x_wconf 78' lang='grc' dir='ltr'>ἐλέησόν</span> <span class='ocrx_word' id='word_1_328' title='bbox 1503 4788 1594 4838; x_wconf 86' lang='grc' dir='ltr'>με.</span> <span class='ocrx_word' id='word_1_329' title='bbox 1623 4771 1802 4840; x_wconf 86' lang='grc' dir='ltr'>Ὅπερ</span> <span class='ocrx_word' id='word_1_330' title='bbox 1830 4771 1921 4822; x_wconf 87' lang='grc' dir='ltr'>εύ-</span> 
     </span>
    </p>
   </div>
   <div class='ocr_carea' id='block_1_49' title="bbox 339 4855 1923 4931">
    <p class='ocr_par' dir='ltr' id='par_1_49' title="bbox 339 4855 1923 4931">
     <span class='ocr_line' id='line_1_49' title="bbox 339 4855 1923 4931; baseline 0.003 -21"><span class='ocrx_word' id='word_1_331' title='bbox 339 4858 646 4926; x_wconf 64' lang='grc' dir='ltr'>γολώτερὸν</span> <span class='ocrx_word' id='word_1_332' title='bbox 676 4857 791 4908; x_wconf 74' lang='grc' dir='ltr'>ἐστι</span> <span class='ocrx_word' id='word_1_333' title='bbox 819 4855 905 4909; x_wconf 82' lang='grc' dir='ltr'>διὰ</span> <span class='ocrx_word' id='word_1_334' title='bbox 933 4857 1032 4928; x_wconf 76' lang='grc' dir='ltr'><strong>τὴν</strong></span> <span class='ocrx_word' id='word_1_335' title='bbox 1057 4857 1150 4910; x_wconf 91' lang='grc' dir='ltr'><strong>τοῦ</strong></span> <span class='ocrx_word' id='word_1_336' title='bbox 1176 4856 1266 4909; x_wconf 91' lang='grc' dir='ltr'><strong>νοῦ</strong></span> <span class='ocrx_word' id='word_1_337' title='bbox 1302 4859 1621 4928; x_wconf 81' lang='grc' dir='ltr'>ἀδυναμίαν.</span> <span class='ocrx_word' id='word_1_338' title='bbox 1651 4861 1783 4914; x_wconf 75' lang='grc' dir='ltr'><strong>Οὐδὲ</strong></span> <span class='ocrx_word' id='word_1_339' title='bbox 1816 4862 1923 4931; x_wconf 79' lang='grc' dir='ltr'>γὰρ</span> 
     </span>
    </p>
   </div>
   <div class='ocr_carea' id='block_1_50' title="bbox 336 4947 1921 5022">
    <p class='ocr_par' dir='ltr' id='par_1_50' title="bbox 336 4947 1921 5022">
     <span class='ocr_line' id='line_1_50' title="bbox 336 4947 1921 5022; baseline 0.003 -21"><span class='ocrx_word' id='word_1_340' title='bbox 336 4949 565 5001; x_wconf 84' lang='grc' dir='ltr'>δύναται</span> <span class='ocrx_word' id='word_1_341' title='bbox 594 4947 688 5015; x_wconf 76' lang='grc' dir='ltr'><strong>ἀφ’</strong></span> <span class='ocrx_word' id='word_1_342' title='bbox 714 4948 908 5000; x_wconf 79' lang='grc' dir='ltr'>ἑαυτοῦ</span> <span class='ocrx_word' id='word_1_343' title='bbox 940 4949 1238 5018; x_wconf 85' lang='grc' dir='ltr'>μυστικῶς,</span> <span class='ocrx_word' id='word_1_344' title='bbox 1265 4952 1432 5020; x_wconf 79' lang='grc' dir='ltr'>χωρὶς</span> <span class='ocrx_word' id='word_1_345' title='bbox 1460 4951 1794 5022; x_wconf 86' lang='grc' dir='ltr'>Πνεύματος,</span> <span class='ocrx_word' id='word_1_346' title='bbox 1822 4954 1921 5022; x_wconf 86' lang='grc' dir='ltr'><strong>μό-</strong></span> 
     </span>
    </p>
   </div>
   <div class='ocr_carea' id='block_1_51' title="bbox 337 5039 1923 5116">
    <p class='ocr_par' dir='ltr' id='par_1_51' title="bbox 337 5039 1923 5116">
     <span class='ocr_line' id='line_1_51' title="bbox 337 5039 1923 5116; baseline 0.003 -24"><span class='ocrx_word' id='word_1_347' title='bbox 337 5059 433 5104; x_wconf 89' lang='grc' dir='ltr'><strong>νος</strong></span> <span class='ocrx_word' id='word_1_348' title='bbox 478 5043 654 5092; x_wconf 79' lang='grc' dir='ltr'>εἰπεῖν</span> <span class='ocrx_word' id='word_1_349' title='bbox 689 5039 890 5108; x_wconf 86' lang='grc' dir='ltr'>Κύριον</span> <span class='ocrx_word' id='word_1_350' title='bbox 920 5041 1148 5111; x_wconf 86' lang='grc' dir='ltr'>Ἰησοῦν,</span> <span class='ocrx_word' id='word_1_351' title='bbox 1178 5045 1226 5095; x_wconf 80' lang='grc' dir='ltr'>εἰ</span> <span class='ocrx_word' id='word_1_352' title='bbox 1260 5044 1337 5115; x_wconf 82' lang='grc' dir='ltr'>μὴ</span> <span class='ocrx_word' id='word_1_353' title='bbox 1370 5047 1427 5098; x_wconf 82' lang='grc' dir='ltr'><strong>ἐν</strong></span> <span class='ocrx_word' id='word_1_354' title='bbox 1474 5046 1756 5116; x_wconf 86' lang='grc' dir='ltr'>Πνεύματι</span> <span class='ocrx_word' id='word_1_355' title='bbox 1781 5047 1923 5115; x_wconf 85' lang='grc' dir='ltr'>ἁγίῳ</span> 
     </span>
    </p>
   </div>
   <div class='ocr_carea' id='block_1_52' title="bbox 340 5135 1924 5209">
    <p class='ocr_par' dir='ltr' id='par_1_52' title="bbox 340 5135 1924 5209">
     <span class='ocr_line' id='line_1_52' title="bbox 340 5135 1924 5209; baseline 0.004 -23"><span class='ocrx_word' id='word_1_356' title='bbox 340 5135 606 5204; x_wconf 81' lang='grc' dir='ltr'>καθαρῶς</span> <span class='ocrx_word' id='word_1_357' title='bbox 655 5135 749 5188; x_wconf 73' lang='grc' dir='ltr'>καὶ</span> <span class='ocrx_word' id='word_1_358' title='bbox 793 5135 1037 5200; x_wconf 81' lang='grc' dir='ltr'>τελείως,</span> <span class='ocrx_word' id='word_1_359' title='bbox 1091 5137 1209 5191; x_wconf 74' lang='grc' dir='ltr'>ἀλλ’</span> <span class='ocrx_word' id='word_1_360' title='bbox 1269 5139 1345 5203; x_wconf 84' lang='grc' dir='ltr'>ὡς</span> <span class='ocrx_word' id='word_1_361' title='bbox 1406 5141 1616 5193; x_wconf 86' lang='grc' dir='ltr'>παιδίον</span> <span class='ocrx_word' id='word_1_362' title='bbox 1676 5139 1924 5209; x_wconf 77' lang='grc' dir='ltr'>ψελλίζον</span> 
     </span>
    </p>
   </div>
   <div class='ocr_carea' id='block_1_53' title="bbox 341 5228 1919 5304">
    <p class='ocr_par' dir='ltr' id='par_1_53' title="bbox 341 5228 1919 5304">
     <span class='ocr_line' id='line_1_53' title="bbox 341 5228 1919 5304; baseline 0.003 -23"><span class='ocrx_word' id='word_1_363' title='bbox 341 5232 448 5291; x_wconf 79' lang='grc' dir='ltr'>ἔτι,</span> <span class='ocrx_word' id='word_1_364' title='bbox 492 5228 784 5298; x_wconf 82' lang='grc' dir='ltr'>πληρῶσαι</span> <span class='ocrx_word' id='word_1_365' title='bbox 823 5229 1026 5302; x_wconf 84' lang='grc' dir='ltr'>ταύτην</span> <span class='ocrx_word' id='word_1_366' title='bbox 1061 5229 1198 5299; x_wconf 74' lang='grc' dir='ltr'>μετὰ</span> <span class='ocrx_word' id='word_1_367' title='bbox 1230 5230 1448 5302; x_wconf 80' lang='grc' dir='ltr'>ἄρθρων</span> <span class='ocrx_word' id='word_1_368' title='bbox 1477 5235 1553 5304; x_wconf 84' lang='grc' dir='ltr'>μὴ</span> <span class='ocrx_word' id='word_1_369' title='bbox 1608 5234 1919 5300; x_wconf 77' lang='grc' dir='ltr'>δυνάμενος.</span> 
     </span>
    </p>
   </div>
   <div class='ocr_carea' id='block_1_54' title="bbox 342 5319 1927 5396">
    <p class='ocr_par' dir='ltr' id='par_1_54' title="bbox 342 5319 1927 5396">
     <span class='ocr_line' id='line_1_54' title="bbox 342 5319 1927 5396; baseline 0.003 -24"><span class='ocrx_word' id='word_1_370' title='bbox 342 5321 468 5373; x_wconf 74' lang='grc' dir='ltr'>Οὐκ</span> <span class='ocrx_word' id='word_1_371' title='bbox 502 5319 703 5384; x_wconf 76' lang='grc' dir='ltr'>ὀφείλει</span> <span class='ocrx_word' id='word_1_372' title='bbox 726 5319 782 5371; x_wconf 83' lang='grc' dir='ltr'>δὲ</span> <span class='ocrx_word' id='word_1_373' title='bbox 820 5320 1028 5388; x_wconf 86' lang='grc' dir='ltr'>συχνῶς</span> <span class='ocrx_word' id='word_1_374' title='bbox 1058 5320 1449 5388; x_wconf 77' lang='grc' dir='ltr'>μεταλλάσσειν</span> <span class='ocrx_word' id='word_1_375' title='bbox 1485 5325 1583 5387; x_wconf 85' lang='grc' dir='ltr'>τὰς</span> <span class='ocrx_word' id='word_1_376' title='bbox 1614 5325 1927 5396; x_wconf 76' lang='grc' dir='ltr'>ἐπικλήσεις</span> 
     </span>
    </p>
   </div>
   <div class='ocr_carea' id='block_1_55' title="bbox 344 5409 1930 5484">
    <p class='ocr_par' dir='ltr' id='par_1_55' title="bbox 344 5409 1930 5484">
     <span class='ocr_line' id='line_1_55' title="bbox 344 5409 1930 5484; baseline 0.004 -23"><span class='ocrx_word' id='word_1_377' title='bbox 344 5409 459 5462; x_wconf 83' lang='grc' dir='ltr'><strong>τῶν</strong></span> <span class='ocrx_word' id='word_1_378' title='bbox 520 5409 800 5477; x_wconf 71' lang='grc' dir='ltr'>ὀνομάτων</span> <span class='ocrx_word' id='word_1_379' title='bbox 848 5409 938 5461; x_wconf 82' lang='grc' dir='ltr'>διὰ</span> <span class='ocrx_word' id='word_1_380' title='bbox 989 5411 1284 5480; x_wconf 66' lang='grc' dir='ltr'>ρᾳθυμίαν,</span> <span class='ocrx_word' id='word_1_381' title='bbox 1335 5412 1470 5465; x_wconf 87' lang='grc' dir='ltr'>ἀλλὰ</span> <span class='ocrx_word' id='word_1_382' title='bbox 1537 5414 1778 5484; x_wconf 77' lang='grc' dir='ltr'>βραδέως</span> <span class='ocrx_word' id='word_1_383' title='bbox 1843 5415 1930 5468; x_wconf 71' lang='grc' dir='ltr'>διὰ</span> 
     </span>
    </p>
   </div>
   <div class='ocr_carea' id='block_1_56' title="bbox 344 5500 1928 5575">
    <p class='ocr_par' dir='ltr' id='par_1_56' title="bbox 344 5500 1928 5575">
     <span class='ocr_line' id='line_1_56' title="bbox 344 5500 1928 5575; baseline 0.004 -22"><span class='ocrx_word' id='word_1_384' title='bbox 344 5502 450 5570; x_wconf 80' lang='grc' dir='ltr'>τὴν</span> <span class='ocrx_word' id='word_1_385' title='bbox 482 5500 787 5569; x_wconf 82' lang='grc' dir='ltr'>συνέχειαν.</span> <span class='ocrx_word' id='word_1_386' title='bbox 829 5501 1094 5566; x_wconf 82' lang='grc' dir='ltr'>Πάλιν,οί</span> <span class='ocrx_word' id='word_1_387' title='bbox 1153 5503 1252 5573; x_wconf 87' lang='grc' dir='ltr'>μὲν</span> <span class='ocrx_word' id='word_1_388' title='bbox 1288 5504 1377 5556; x_wconf 84' lang='grc' dir='ltr'>διὰ</span> <span class='ocrx_word' id='word_1_389' title='bbox 1429 5506 1714 5575; x_wconf 75' lang='grc' dir='ltr'>πόματος,</span> <span class='ocrx_word' id='word_1_390' title='bbox 1766 5510 1812 5559; x_wconf 81' lang='grc' dir='ltr'>οἱ</span> <span class='ocrx_word' id='word_1_391' title='bbox 1873 5509 1928 5560; x_wconf 84' lang='grc' dir='ltr'><strong>δὲ</strong></span> 
     </span>
    </p>
   </div>
   <div class='ocr_carea' id='block_1_57' title="bbox 343 5590 1931 5665">
    <p class='ocr_par' dir='ltr' id='par_1_57' title="bbox 343 5590 1931 5665">
     <span class='ocr_line' id='line_1_57' title="bbox 343 5590 1931 5665; baseline 0.002 -19"><span class='ocrx_word' id='word_1_392' title='bbox 343 5591 443 5646; x_wconf 74' lang='grc' dir='ltr'>διὰ</span> <span class='ocrx_word' id='word_1_393' title='bbox 478 5590 572 5645; x_wconf 86' lang='grc' dir='ltr'><strong>νοῦ</strong></span> <span class='ocrx_word' id='word_1_394' title='bbox 621 5590 930 5644; x_wconf 76' lang='grc' dir='ltr'>διδάσκουσι</span> <span class='ocrx_word' id='word_1_395' title='bbox 964 5590 1142 5660; x_wconf 78' lang='grc' dir='ltr'>λέγειν</span> <span class='ocrx_word' id='word_1_396' title='bbox 1203 5595 1391 5665; x_wconf 84' lang='grc' dir='ltr'>αὐτήν.</span> <span class='ocrx_word' id='word_1_397' title='bbox 1446 5595 1584 5662; x_wconf 82' lang='grc' dir='ltr'><strong>Ἐγὼ</strong></span> <span class='ocrx_word' id='word_1_398' title='bbox 1634 5596 1689 5648; x_wconf 80' lang='grc' dir='ltr'>δὲ</span> <span class='ocrx_word' id='word_1_399' title='bbox 1752 5597 1931 5665; x_wconf 79' lang='grc' dir='ltr'><strong>ἀμφό-</strong></span> 
     </span>
    </p>
   </div>
   <div class='ocr_carea' id='block_1_58' title="bbox 345 5682 1932 5755">
    <p class='ocr_par' dir='ltr' id='par_1_58' title="bbox 345 5682 1932 5755">
     <span class='ocr_line' id='line_1_58' title="bbox 345 5682 1932 5755; baseline 0.001 -16"><span class='ocrx_word' id='word_1_400' title='bbox 345 5701 490 5755; x_wconf 72' lang='grc' dir='ltr'>τερα</span> <span class='ocrx_word' id='word_1_401' title='bbox 551 5682 762 5754; x_wconf 80' lang='grc' dir='ltr'>τίθημι.</span> <span class='ocrx_word' id='word_1_402' title='bbox 827 5685 932 5737; x_wconf 74' lang='grc' dir='ltr'>Καὶ</span> <span class='ocrx_word' id='word_1_403' title='bbox 1003 5686 1110 5754; x_wconf 80' lang='grc' dir='ltr'>γὰρ</span> <span class='ocrx_word' id='word_1_404' title='bbox 1166 5687 1291 5738; x_wconf 79' lang='grc' dir='ltr'>ποτὲ</span> <span class='ocrx_word' id='word_1_405' title='bbox 1331 5686 1427 5738; x_wconf 74' lang='grc' dir='ltr'>ιιὲν</span> <span class='ocrx_word' id='word_1_406' title='bbox 1477 5687 1655 5748; x_wconf 86' lang='grc' dir='ltr'>ὁνοῦς</span> <span class='ocrx_word' id='word_1_407' title='bbox 1682 5687 1932 5740; x_wconf 81' lang='grc' dir='ltr'>ἀδυνατεῖ</span> 
     </span>
    </p>
   </div>
   <div class='ocr_carea' id='block_1_59' title="bbox 447 5835 2010 5910">
    <p class='ocr_par' dir='ltr' id='par_1_59' title="bbox 447 5835 2010 5910">
     <span class='ocr_line' id='line_1_59' title="bbox 447 5835 2010 5910; baseline -0.006 -8"><span class='ocrx_word' id='word_1_408' title='bbox 447 5850 610 5902; x_wconf 78' lang='lat' dir='ltr'><strong>&#39;Aet.</strong></span> <span class='ocrx_word' id='word_1_409' title='bbox 644 5862 684 5910; x_wconf 85' lang='lat' dir='ltr'><strong>t,</strong></span> <span class='ocrx_word' id='word_1_410' title='bbox 713 5846 779 5899; x_wconf 62' lang='lat' dir='ltr'><strong>li</strong></span> <span class='ocrx_word' id='word_1_411' title='bbox 853 5847 870 5875; x_wconf 78' lang='grc'>³</span> <span class='ocrx_word' id='word_1_412' title='bbox 906 5840 1109 5897; x_wconf 82' lang='lat' dir='ltr'><strong>Jercm.</strong></span> <span class='ocrx_word' id='word_1_413' title='bbox 1135 5851 1208 5908; x_wconf 66' lang='grc' dir='ltr'>γι,</span> <span class='ocrx_word' id='word_1_414' title='bbox 1241 5838 1310 5893; x_wconf 68' lang='grc' dir='ltr'><strong>ει</strong></span> <span class='ocrx_word' id='word_1_415' title='bbox 1341 5855 1358 5907; x_wconf 85' lang='lat'><strong>;</strong></span> <span class='ocrx_word' id='word_1_416' title='bbox 1384 5854 1499 5902; x_wconf 84' lang='lat' dir='ltr'><strong>xm,</strong></span> <span class='ocrx_word' id='word_1_417' title='bbox 1525 5837 1584 5890; x_wconf 70' lang='lat' dir='ltr'><strong>2i</strong></span> <span class='ocrx_word' id='word_1_418' title='bbox 1619 5853 1633 5902; x_wconf 92' lang='lat'>;</span> <span class='ocrx_word' id='word_1_419' title='bbox 1665 5835 1826 5910; x_wconf 63' lang='lat' dir='ltr'><strong>Micb.</strong></span> <span class='ocrx_word' id='word_1_420' title='bbox 1866 5852 1936 5904; x_wconf 82' lang='lat' dir='ltr'><strong>tv,</strong></span> <span class='ocrx_word' id='word_1_421' title='bbox 1961 5837 2010 5893; x_wconf 91' lang='lat'><strong>9.</strong></span> 
     </span>
    </p>
   </div>
   <div class='ocr_carea' id='block_1_60' title="bbox 2001 2895 3581 2964">
    <p class='ocr_par' dir='ltr' id='par_1_60' title="bbox 2001 2895 3581 2964">
     <span class='ocr_line' id='line_1_60' title="bbox 2001 2895 3581 2964; baseline 0.003 -16"><span class='ocrx_word' id='word_1_422' title='bbox 2001 2897 2202 2948; x_wconf 86' lang='lat' dir='ltr'><strong>tionem</strong></span> <span class='ocrx_word' id='word_1_423' title='bbox 2231 2895 2379 2959; x_wconf 89' lang='lat' dir='ltr'><strong>sede,</strong></span> <span class='ocrx_word' id='word_1_424' title='bbox 2406 2895 2565 2946; x_wconf 86' lang='lat' dir='ltr'><strong>modo</strong></span> <span class='ocrx_word' id='word_1_425' title='bbox 2588 2896 2635 2946; x_wconf 83' lang='lat' dir='ltr'><strong>ll&#39;</strong></span> <span class='ocrx_word' id='word_1_426' title='bbox 2666 2897 2885 2960; x_wconf 74' lang='grc' dir='ltr'>ι·υΙι;ιι;ι,</span> <span class='ocrx_word' id='word_1_427' title='bbox 2915 2911 3092 2962; x_wconf 83' lang='lat' dir='ltr'><strong>pauco</strong></span> <span class='ocrx_word' id='word_1_428' title='bbox 3117 2908 3379 2964; x_wconf 77' lang='lat' dir='ltr'><strong>tempore,</strong></span> <span class='ocrx_word' id='word_1_429' title='bbox 3406 2902 3471 2951; x_wconf 83' lang='lat' dir='ltr'><strong>:ul</strong></span> <span class='ocrx_word' id='word_1_430' title='bbox 3497 2916 3581 2953; x_wconf 84' lang='lat' dir='ltr'><strong>rc-</strong></span> 
     </span>
    </p>
   </div>
   <div class='ocr_carea' id='block_1_61' title="bbox 2003 2989 3580 3059">
    <p class='ocr_par' dir='ltr' id='par_1_61' title="bbox 2003 2989 3580 3059">
     <span class='ocr_line' id='line_1_61' title="bbox 2003 2989 3580 3059; baseline 0.004 -22"><span class='ocrx_word' id='word_1_431' title='bbox 2003 2990 2205 3055; x_wconf 79' lang='lat' dir='ltr'><strong>qniem.</strong></span> <span class='ocrx_word' id='word_1_432' title='bbox 2231 2989 2561 3040; x_wconf 81' lang='lat' dir='ltr'><strong>l&#39;ertnaltens</strong></span> <span class='ocrx_word' id='word_1_433' title='bbox 2585 2999 2764 3040; x_wconf 69' lang='lat' dir='ltr'><strong>autem</strong></span> <span class='ocrx_word' id='word_1_434' title='bbox 2794 2998 2864 3040; x_wconf 72' lang='lat' dir='ltr'><strong>sit</strong></span> <span class='ocrx_word' id='word_1_435' title='bbox 2891 2989 3062 3041; x_wconf 80' lang='lat' dir='ltr'><strong>sessio</strong></span> <span class='ocrx_word' id='word_1_436' title='bbox 3083 3000 3191 3052; x_wconf 81' lang='lat' dir='ltr'><strong>ttta,</strong></span> <span class='ocrx_word' id='word_1_437' title='bbox 3217 3001 3434 3059; x_wconf 83' lang='lat' dir='ltr'><strong>propter</strong></span> <span class='ocrx_word' id='word_1_438' title='bbox 3455 3008 3580 3044; x_wconf 75' lang='lat' dir='ltr'><strong>cum</strong></span> 
     </span>
    </p>
   </div>
   <div class='ocr_carea' id='block_1_62' title="bbox 2002 3081 3578 3152">
    <p class='ocr_par' dir='ltr' id='par_1_62' title="bbox 2002 3081 3578 3152">
     <span class='ocr_line' id='line_1_62' title="bbox 2002 3081 3578 3152; baseline 0.003 -18"><span class='ocrx_word' id='word_1_439' title='bbox 2002 3081 2094 3150; x_wconf 83' lang='lat' dir='ltr'><strong>qui</strong></span> <span class='ocrx_word' id='word_1_440' title='bbox 2120 3081 2290 3134; x_wconf 79' lang='lat' dir='ltr'><strong>dixit:</strong></span> <span class='ocrx_word' id='word_1_441' title='bbox 2319 3098 2337 3130; x_wconf 72' lang='grc' dir='ltr'><strong>ι</strong></span> <span class='ocrx_word' id='word_1_442' title='bbox 2368 3081 2786 3134; x_wconf 75' lang='lat' dir='ltr'><strong>l‘erseverantes</strong></span> <span class='ocrx_word' id='word_1_443' title='bbox 2818 3082 2870 3134; x_wconf 86' lang='lat' dir='ltr'><strong>in</strong></span> <span class='ocrx_word' id='word_1_444' title='bbox 2899 3083 3147 3134; x_wconf 85' lang='lat' dir='ltr'><strong>oratione</strong></span> <span class='ocrx_word' id='word_1_445' title='bbox 3178 3086 3219 3146; x_wconf 86' lang='lat'><strong>‘,</strong></span> <span class='ocrx_word' id='word_1_446' title='bbox 3260 3103 3277 3134; x_wconf 73' lang='grc' dir='ltr'><strong>ι</strong></span> <span class='ocrx_word' id='word_1_447' title='bbox 3309 3100 3485 3152; x_wconf 79' lang='lat' dir='ltr'><strong>neque</strong></span> <span class='ocrx_word' id='word_1_448' title='bbox 3515 3103 3578 3138; x_wconf 75' lang='lat' dir='ltr'><strong>ex</strong></span> 
     </span>
    </p>
   </div>
   <div class='ocr_carea' id='block_1_63' title="bbox 2005 3172 3580 3241">
    <p class='ocr_par' dir='ltr' id='par_1_63' title="bbox 2005 3172 3580 3241">
     <span class='ocr_line' id='line_1_63' title="bbox 2005 3172 3580 3241; baseline 0 -15"><span class='ocrx_word' id='word_1_449' title='bbox 2005 3173 2338 3241; x_wconf 74' lang='lat' dir='ltr'><strong>negligentia</strong></span> <span class='ocrx_word' id='word_1_450' title='bbox 2365 3172 2474 3224; x_wconf 89' lang='lat' dir='ltr'><strong>cito</strong></span> <span class='ocrx_word' id='word_1_451' title='bbox 2502 3185 2760 3239; x_wconf 82' lang='lat' dir='ltr'><strong>assurgas</strong></span> <span class='ocrx_word' id='word_1_452' title='bbox 2788 3180 3011 3238; x_wconf 82' lang='lat' dir='ltr'><strong>propter</strong></span> <span class='ocrx_word' id='word_1_453' title='bbox 3039 3175 3371 3229; x_wconf 81' lang='lat' dir='ltr'><strong>laboriosmu</strong></span> <span class='ocrx_word' id='word_1_454' title='bbox 3429 3178 3580 3228; x_wconf 82' lang='lat' dir='ltr'><strong>dolo-</strong></span> 
     </span>
    </p>
   </div>
   <div class='ocr_carea' id='block_1_64' title="bbox 2007 3262 3584 3332">
    <p class='ocr_par' dir='ltr' id='par_1_64' title="bbox 2007 3262 3584 3332">
     <span class='ocr_line' id='line_1_64' title="bbox 2007 3262 3584 3332; baseline 0.001 -17"><span class='ocrx_word' id='word_1_455' title='bbox 2007 3279 2141 3325; x_wconf 87' lang='lat' dir='ltr'><strong>rem,</strong></span> <span class='ocrx_word' id='word_1_456' title='bbox 2175 3262 2714 3329; x_wconf 82' lang='lat' dir='ltr'><strong>intellectualemque</strong></span> <span class='ocrx_word' id='word_1_457' title='bbox 2753 3264 2949 3314; x_wconf 85' lang='lat' dir='ltr'><strong>mentis</strong></span> <span class='ocrx_word' id='word_1_458' title='bbox 2974 3262 3266 3318; x_wconf 76' lang='lat' dir='ltr'><strong>clamorem</strong></span> <span class='ocrx_word' id='word_1_459' title='bbox 3310 3277 3364 3317; x_wconf 71' lang='lat' dir='ltr'><strong>et</strong></span> <span class='ocrx_word' id='word_1_460' title='bbox 3391 3282 3584 3332; x_wconf 76' lang='lat' dir='ltr'><strong>perpe-</strong></span> 
     </span>
    </p>
   </div>
   <div class='ocr_carea' id='block_1_65' title="bbox 2008 3353 3584 3423">
    <p class='ocr_par' dir='ltr' id='par_1_65' title="bbox 2008 3353 3584 3423">
     <span class='ocr_line' id='line_1_65' title="bbox 2008 3353 3584 3423; baseline -0.001 -16"><span class='ocrx_word' id='word_1_461' title='bbox 2008 3365 2152 3407; x_wconf 88' lang='lat' dir='ltr'><strong>tuam</strong></span> <span class='ocrx_word' id='word_1_462' title='bbox 2202 3354 2614 3406; x_wconf 87' lang='lat' dir='ltr'><strong>contentionem</strong></span> <span class='ocrx_word' id='word_1_463' title='bbox 2651 3371 2665 3405; x_wconf 90' lang='lat'><strong>:</strong></span> <span class='ocrx_word' id='word_1_464' title='bbox 2706 3372 2723 3402; x_wconf 82' lang='grc'><strong>‹</strong></span> <span class='ocrx_word' id='word_1_465' title='bbox 2759 3353 2896 3405; x_wconf 84' lang='lat' dir='ltr'><strong>Ecce</strong></span> <span class='ocrx_word' id='word_1_466' title='bbox 2954 3354 3122 3419; x_wconf 89' lang='lat' dir='ltr'><strong>enim,</strong></span> <span class='ocrx_word' id='word_1_467' title='bbox 3159 3357 3232 3406; x_wconf 86' lang='lat' dir='ltr'><strong>ait</strong></span> <span class='ocrx_word' id='word_1_468' title='bbox 3287 3355 3584 3423; x_wconf 79' lang='lat' dir='ltr'><strong>Propheta,</strong></span> 
     </span>
    </p>
   </div>
   <div class='ocr_carea' id='block_1_66' title="bbox 2010 3447 3573 3514">
    <p class='ocr_par' dir='ltr' id='par_1_66' title="bbox 2010 3447 3573 3514">
     <span class='ocr_line' id='line_1_66' title="bbox 2010 3447 3573 3514; baseline -0.001 -14"><span class='ocrx_word' id='word_1_469' title='bbox 2010 3449 2221 3501; x_wconf 88' lang='lat' dir='ltr'><strong>dolores</strong></span> <span class='ocrx_word' id='word_1_470' title='bbox 2250 3447 2730 3514; x_wconf 84' lang='lat' dir='ltr'><strong>apprehenderunt</strong></span> <span class='ocrx_word' id='word_1_471' title='bbox 2756 3461 2840 3499; x_wconf 89' lang='lat' dir='ltr'><strong>me</strong></span> <span class='ocrx_word' id='word_1_472' title='bbox 2865 3447 3018 3513; x_wconf 84' lang='lat' dir='ltr'><strong>quasi</strong></span> <span class='ocrx_word' id='word_1_473' title='bbox 3053 3449 3447 3514; x_wconf 79' lang='lat' dir='ltr'><strong>parturientem</strong></span> <span class='ocrx_word' id='word_1_474' title='bbox 3477 3451 3520 3501; x_wconf 85' lang='lat'><strong>&#39;.</strong></span> <span class='ocrx_word' id='word_1_475' title='bbox 3555 3468 3573 3499; x_wconf 74' lang='grc' dir='ltr'><strong>ι</strong></span> 
     </span>
    </p>
   </div>
   <div class='ocr_carea' id='block_1_67' title="bbox 2013 3539 3586 3601">
    <p class='ocr_par' dir='ltr' id='par_1_67' title="bbox 2013 3539 3586 3601">
     <span class='ocr_line' id='line_1_67' title="bbox 2013 3539 3586 3601; baseline 0.001 -8"><span class='ocrx_word' id='word_1_476' title='bbox 2013 3541 2119 3594; x_wconf 87' lang='lat' dir='ltr'><strong>Sed</strong></span> <span class='ocrx_word' id='word_1_477' title='bbox 2187 3540 2504 3593; x_wconf 75' lang='lat' dir='ltr'><strong>incurvatus</strong></span> <span class='ocrx_word' id='word_1_478' title='bbox 2569 3539 2849 3601; x_wconf 82' lang='lat' dir='ltr'><strong>deorsum,</strong></span> <span class='ocrx_word' id='word_1_479' title='bbox 2901 3548 2954 3591; x_wconf 90' lang='lat' dir='ltr'><strong>et</strong></span> <span class='ocrx_word' id='word_1_480' title='bbox 3014 3551 3249 3592; x_wconf 81' lang='lat' dir='ltr'><strong>mentem</strong></span> <span class='ocrx_word' id='word_1_481' title='bbox 3308 3543 3360 3593; x_wconf 92' lang='lat' dir='ltr'><strong>in</strong></span> <span class='ocrx_word' id='word_1_482' title='bbox 3421 3544 3586 3595; x_wconf 84' lang='lat' dir='ltr'><strong>corde</strong></span> 
     </span>
    </p>
   </div>
   <div class='ocr_carea' id='block_1_68' title="bbox 2015 3633 3584 3700">
    <p class='ocr_par' dir='ltr' id='par_1_68' title="bbox 2015 3633 3584 3700">
     <span class='ocr_line' id='line_1_68' title="bbox 2015 3633 3584 3700; baseline -0.001 -13"><span class='ocrx_word' id='word_1_483' title='bbox 2015 3635 2352 3700; x_wconf 79' lang='lat' dir='ltr'><strong>recolligens.</strong></span> <span class='ocrx_word' id='word_1_484' title='bbox 2410 3634 2454 3687; x_wconf 90' lang='lat' dir='ltr'><strong>si</strong></span> <span class='ocrx_word' id='word_1_485' title='bbox 2485 3633 2703 3698; x_wconf 79' lang='lat' dir='ltr'><strong>quidem</strong></span> <span class='ocrx_word' id='word_1_486' title='bbox 2745 3641 2990 3700; x_wconf 84' lang='lat' dir='ltr'><strong>apertum</strong></span> <span class='ocrx_word' id='word_1_487' title='bbox 3033 3633 3126 3695; x_wconf 83' lang='lat' dir='ltr'><strong>sit,</strong></span> <span class='ocrx_word' id='word_1_488' title='bbox 3164 3634 3215 3685; x_wconf 89' lang='lat' dir='ltr'><strong>in</strong></span> <span class='ocrx_word' id='word_1_489' title='bbox 3250 3636 3584 3700; x_wconf 85' lang='lat' dir='ltr'><strong>adjutorinm</strong></span> 
     </span>
    </p>
   </div>
   <div class='ocr_carea' id='block_1_69' title="bbox 2014 3724 3591 3782">
    <p class='ocr_par' dir='ltr' id='par_1_69' title="bbox 2014 3724 3591 3782">
     <span class='ocr_line' id='line_1_69' title="bbox 2014 3724 3591 3782; baseline -0.001 0"><span class='ocrx_word' id='word_1_490' title='bbox 2014 3728 2208 3782; x_wconf 81' lang='lat' dir='ltr'><strong>invoca</strong></span> <span class='ocrx_word' id='word_1_491' title='bbox 2249 3725 2766 3778; x_wconf 70' lang='lat' dir='ltr'><strong>Dominumlesum.</strong></span> <span class='ocrx_word' id='word_1_492' title='bbox 2821 3725 2882 3776; x_wconf 88' lang='lat' dir='ltr'><strong>Et</strong></span> <span class='ocrx_word' id='word_1_493' title='bbox 2929 3724 3186 3777; x_wconf 82' lang='lat' dir='ltr'><strong>laborans</strong></span> <span class='ocrx_word' id='word_1_494' title='bbox 3243 3727 3484 3778; x_wconf 83' lang='lat' dir='ltr'><strong>humeris</strong></span> <span class='ocrx_word' id='word_1_495' title='bbox 3536 3737 3591 3780; x_wconf 85' lang='lat' dir='ltr'><strong>et</strong></span> 
     </span>
    </p>
   </div>
   <div class='ocr_carea' id='block_1_70' title="bbox 2015 3817 3594 3890">
    <p class='ocr_par' dir='ltr' id='par_1_70' title="bbox 2015 3817 3594 3890">
     <span class='ocr_line' id='line_1_70' title="bbox 2015 3817 3594 3890; baseline -0.003 -16"><span class='ocrx_word' id='word_1_496' title='bbox 2015 3821 2193 3890; x_wconf 88' lang='lat' dir='ltr'><strong>capite</strong></span> <span class='ocrx_word' id='word_1_497' title='bbox 2215 3833 2357 3885; x_wconf 76' lang='lat' dir='ltr'><strong>szepe</strong></span> <span class='ocrx_word' id='word_1_498' title='bbox 2385 3818 2596 3878; x_wconf 70' lang='lat' dir='ltr'><strong>dolens.</strong></span> <span class='ocrx_word' id='word_1_499' title='bbox 2631 3832 2753 3869; x_wconf 91' lang='lat' dir='ltr'><strong>eum</strong></span> <span class='ocrx_word' id='word_1_500' title='bbox 2787 3817 3053 3870; x_wconf 80' lang='lat' dir='ltr'><strong>industria</strong></span> <span class='ocrx_word' id='word_1_501' title='bbox 3075 3828 3127 3871; x_wconf 87' lang='lat' dir='ltr'><strong>et</strong></span> <span class='ocrx_word' id='word_1_502' title='bbox 3155 3820 3336 3873; x_wconf 90' lang='lat' dir='ltr'><strong>studio</strong></span> <span class='ocrx_word' id='word_1_503' title='bbox 3369 3823 3445 3872; x_wconf 78' lang='lat' dir='ltr'><strong>sic.</strong></span> <span class='ocrx_word' id='word_1_504' title='bbox 3479 3838 3594 3888; x_wconf 77' lang='lat' dir='ltr'><strong>per-</strong></span> 
     </span>
    </p>
   </div>
   <div class='ocr_carea' id='block_1_71' title="bbox 2017 3909 3590 3981">
    <p class='ocr_par' dir='ltr' id='par_1_71' title="bbox 2017 3909 3590 3981">
     <span class='ocr_line' id='line_1_71' title="bbox 2017 3909 3590 3981; baseline -0.001 -17"><span class='ocrx_word' id='word_1_505' title='bbox 2017 3927 2198 3973; x_wconf 82' lang='lat' dir='ltr'><strong>mane,</strong></span> <span class='ocrx_word' id='word_1_506' title='bbox 2231 3925 2482 3977; x_wconf 63' lang='lat' dir='ltr'><strong>quaerens</strong></span> <span class='ocrx_word' id='word_1_507' title='bbox 2517 3909 2570 3961; x_wconf 88' lang='lat' dir='ltr'><strong>in</strong></span> <span class='ocrx_word' id='word_1_508' title='bbox 2599 3909 2767 3961; x_wconf 88' lang='lat' dir='ltr'><strong>corde</strong></span> <span class='ocrx_word' id='word_1_509' title='bbox 2806 3910 3113 3962; x_wconf 87' lang='lat' dir='ltr'><strong>Dominum.</strong></span> <span class='ocrx_word' id='word_1_510' title='bbox 3146 3930 3163 3962; x_wconf 80' lang='grc' dir='ltr'><strong>ι</strong></span> <span class='ocrx_word' id='word_1_511' title='bbox 3201 3910 3332 3963; x_wconf 87' lang='lat' dir='ltr'><strong>Nam</strong></span> <span class='ocrx_word' id='word_1_512' title='bbox 3367 3928 3590 3981; x_wconf 81' lang='lat' dir='ltr'><strong>regnum</strong></span> 
     </span>
    </p>
   </div>
   <div class='ocr_carea' id='block_1_72' title="bbox 2019 4004 3585 4072">
    <p class='ocr_par' dir='ltr' id='par_1_72' title="bbox 2019 4004 3585 4072">
     <span class='ocr_line' id='line_1_72' title="bbox 2019 4004 3585 4072; baseline 0 -16"><span class='ocrx_word' id='word_1_513' title='bbox 2019 4006 2283 4056; x_wconf 71' lang='lat' dir='ltr'><strong>cmlornm</strong></span> <span class='ocrx_word' id='word_1_514' title='bbox 2335 4005 2440 4054; x_wconf 86' lang='lat' dir='ltr'><strong>vim</strong></span> <span class='ocrx_word' id='word_1_515' title='bbox 2489 4005 2714 4068; x_wconf 86' lang='lat' dir='ltr'><strong>patitur,</strong></span> <span class='ocrx_word' id='word_1_516' title='bbox 2744 4013 2798 4054; x_wconf 90' lang='lat' dir='ltr'><strong>et</strong></span> <span class='ocrx_word' id='word_1_517' title='bbox 2833 4004 3053 4056; x_wconf 81' lang='lat' dir='ltr'><strong>violenti</strong></span> <span class='ocrx_word' id='word_1_518' title='bbox 3119 4006 3337 4072; x_wconf 85' lang='lat' dir='ltr'><strong>rapiunt</strong></span> <span class='ocrx_word' id='word_1_519' title='bbox 3380 4007 3528 4058; x_wconf 77' lang='lat' dir='ltr'><strong>illud.</strong></span> <span class='ocrx_word' id='word_1_520' title='bbox 3567 4025 3585 4056; x_wconf 83' lang='grc'>›</span> 
     </span>
    </p>
   </div>
   <div class='ocr_carea' id='block_1_73' title="bbox 2020 4093 3592 4162">
    <p class='ocr_par' dir='ltr' id='par_1_73' title="bbox 2020 4093 3592 4162">
     <span class='ocr_line' id='line_1_73' title="bbox 2020 4093 3592 4162; baseline 0.001 -12"><span class='ocrx_word' id='word_1_521' title='bbox 2020 4095 2117 4150; x_wconf 79' lang='lat' dir='ltr'><strong>llis</strong></span> <span class='ocrx_word' id='word_1_522' title='bbox 2156 4097 2334 4148; x_wconf 80' lang='lat' dir='ltr'><strong>verbis</strong></span> <span class='ocrx_word' id='word_1_523' title='bbox 2358 4095 2692 4162; x_wconf 74' lang='lat' dir='ltr'><strong>diligentiam</strong></span> <span class='ocrx_word' id='word_1_524' title='bbox 2728 4093 3303 4161; x_wconf 68' lang='lat' dir='ltr'><strong>huiusmodilaborum</strong></span> <span class='ocrx_word' id='word_1_525' title='bbox 3330 4099 3592 4152; x_wconf 81' lang='lat' dir='ltr'><strong>Dominus</strong></span> 
     </span>
    </p>
   </div>
   <div class='ocr_carea' id='block_1_74' title="bbox 2021 4188 3593 4259">
    <p class='ocr_par' dir='ltr' id='par_1_74' title="bbox 2021 4188 3593 4259">
     <span class='ocr_line' id='line_1_74' title="bbox 2021 4188 3593 4259; baseline -0.001 -17"><span class='ocrx_word' id='word_1_526' title='bbox 2021 4189 2268 4259; x_wconf 80' lang='lat' dir='ltr'><strong>profecto</strong></span> <span class='ocrx_word' id='word_1_527' title='bbox 2299 4190 2585 4241; x_wconf 77' lang='lat' dir='ltr'><strong>indicarit.</strong></span> <span class='ocrx_word' id='word_1_528' title='bbox 2643 4188 2910 4242; x_wconf 75' lang='lat' dir='ltr'><strong>Patientia</strong></span> <span class='ocrx_word' id='word_1_529' title='bbox 2946 4191 3092 4242; x_wconf 91' lang='lat' dir='ltr'><strong>enim</strong></span> <span class='ocrx_word' id='word_1_530' title='bbox 3151 4203 3202 4243; x_wconf 91' lang='lat' dir='ltr'><strong>et</strong></span> <span class='ocrx_word' id='word_1_531' title='bbox 3235 4206 3593 4258; x_wconf 73' lang='lat' dir='ltr'><strong>perseveran-</strong></span> 
     </span>
    </p>
   </div>
   <div class='ocr_carea' id='block_1_75' title="bbox 2027 4280 3593 4348">
    <p class='ocr_par' dir='ltr' id='par_1_75' title="bbox 2027 4280 3593 4348">
     <span class='ocr_line' id='line_1_75' title="bbox 2027 4280 3593 4348; baseline 0.001 -14"><span class='ocrx_word' id='word_1_532' title='bbox 2027 4284 2099 4335; x_wconf 87' lang='lat' dir='ltr'><strong>tia</strong></span> <span class='ocrx_word' id='word_1_533' title='bbox 2143 4283 2194 4334; x_wconf 91' lang='lat' dir='ltr'><strong>in</strong></span> <span class='ocrx_word' id='word_1_534' title='bbox 2251 4280 2504 4335; x_wconf 85' lang='lat' dir='ltr'><strong>omnibus</strong></span> <span class='ocrx_word' id='word_1_535' title='bbox 2562 4286 2648 4333; x_wconf 90' lang='lat' dir='ltr'><strong>est</strong></span> <span class='ocrx_word' id='word_1_536' title='bbox 2700 4283 2952 4348; x_wconf 83' lang='lat' dir='ltr'><strong>corporis</strong></span> <span class='ocrx_word' id='word_1_537' title='bbox 2990 4290 3044 4334; x_wconf 88' lang='lat' dir='ltr'><strong>et</strong></span> <span class='ocrx_word' id='word_1_538' title='bbox 3095 4284 3289 4335; x_wconf 82' lang='lat' dir='ltr'><strong>anima:</strong></span> <span class='ocrx_word' id='word_1_539' title='bbox 3349 4284 3593 4336; x_wconf 68' lang='lat' dir='ltr'><strong>laborum</strong></span> 
     </span>
    </p>
   </div>
   <div class='ocr_carea' id='block_1_76' title="bbox 2026 4385 2220 4429">
    <p class='ocr_par' dir='ltr' id='par_1_76' title="bbox 2026 4385 2220 4429">
     <span class='ocr_line' id='line_1_76' title="bbox 2026 4385 2220 4429; baseline 0 -1"><span class='ocrx_word' id='word_1_540' title='bbox 2026 4385 2220 4429; x_wconf 87' lang='lat' dir='ltr'><strong>mater.</strong></span> 
     </span>
    </p>
   </div>
   <div class='ocr_carea' id='block_1_77' title="bbox 2357 4483 3238 4550">
    <p class='ocr_par' dir='ltr' id='par_1_77' title="bbox 2357 4483 3238 4550">
     <span class='ocr_line' id='line_1_77' title="bbox 2357 4483 3238 4550; baseline 0.002 -14"><span class='ocrx_word' id='word_1_541' title='bbox 2357 4483 2632 4550; x_wconf 81' lang='lat' dir='ltr'><strong>Quomodo</strong></span> <span class='ocrx_word' id='word_1_542' title='bbox 2664 4484 2936 4536; x_wconf 73' lang='lat' dir='ltr'><strong>recitando</strong></span> <span class='ocrx_word' id='word_1_543' title='bbox 2958 4484 3025 4536; x_wconf 77' lang='lat' dir='ltr'><strong>sit</strong></span> <span class='ocrx_word' id='word_1_544' title='bbox 3043 4484 3238 4538; x_wconf 80' lang='lat' dir='ltr'><strong>oratio.</strong></span> 
     </span>
    </p>
   </div>
   <div class='ocr_carea' id='block_1_78' title="bbox 2098 4576 3595 4643">
    <p class='ocr_par' dir='ltr' id='par_1_78' title="bbox 2098 4576 3595 4643">
     <span class='ocr_line' id='line_1_78' title="bbox 2098 4576 3595 4643; baseline -0.001 -10"><span class='ocrx_word' id='word_1_545' title='bbox 2098 4579 2189 4633; x_wconf 88' lang='lat' dir='ltr'><strong>Sic</strong></span> <span class='ocrx_word' id='word_1_546' title='bbox 2223 4577 2482 4631; x_wconf 83' lang='lat' dir='ltr'><strong>dicebant</strong></span> <span class='ocrx_word' id='word_1_547' title='bbox 2534 4576 2726 4631; x_wconf 82' lang='lat' dir='ltr'><strong>Patres</strong></span> <span class='ocrx_word' id='word_1_548' title='bbox 2757 4591 2774 4639; x_wconf 90' lang='lat'><strong><em>;</em></strong></span> <span class='ocrx_word' id='word_1_549' title='bbox 2807 4576 2946 4630; x_wconf 80' lang='lat' dir='ltr'><strong>alius</strong></span> <span class='ocrx_word' id='word_1_550' title='bbox 3016 4577 3234 4643; x_wconf 79' lang='lat' dir='ltr'><strong>quidem</strong></span> <span class='ocrx_word' id='word_1_551' title='bbox 3268 4595 3281 4631; x_wconf 91' lang='lat'>:</span> <span class='ocrx_word' id='word_1_552' title='bbox 3316 4596 3334 4627; x_wconf 74' lang='grc' dir='ltr'><strong>ι</strong></span> <span class='ocrx_word' id='word_1_553' title='bbox 3369 4577 3595 4631; x_wconf 85' lang='lat' dir='ltr'><strong>Domine</strong></span> 
     </span>
    </p>
   </div>
   <div class='ocr_carea' id='block_1_79' title="bbox 2026 4663 3600 4734">
    <p class='ocr_par' dir='ltr' id='par_1_79' title="bbox 2026 4663 3600 4734">
     <span class='ocr_line' id='line_1_79' title="bbox 2026 4663 3600 4734; baseline -0.001 -13"><span class='ocrx_word' id='word_1_554' title='bbox 2026 4666 2155 4722; x_wconf 85' lang='lat' dir='ltr'><strong>Jesu</strong></span> <span class='ocrx_word' id='word_1_555' title='bbox 2209 4666 2458 4728; x_wconf 85' lang='lat' dir='ltr'><strong>Christe,</strong></span> <span class='ocrx_word' id='word_1_556' title='bbox 2483 4663 2583 4718; x_wconf 84' lang='lat' dir='ltr'><strong>Fili</strong></span> <span class='ocrx_word' id='word_1_557' title='bbox 2607 4665 2721 4727; x_wconf 89' lang='lat' dir='ltr'><strong>Dei,</strong></span> <span class='ocrx_word' id='word_1_558' title='bbox 2761 4667 3026 4719; x_wconf 85' lang='lat' dir='ltr'><strong>miserere</strong></span> <span class='ocrx_word' id='word_1_559' title='bbox 3057 4667 3183 4730; x_wconf 84' lang='lat' dir='ltr'><strong>mei,</strong></span> <span class='ocrx_word' id='word_1_560' title='bbox 3227 4685 3242 4715; x_wconf 75' lang='grc' dir='ltr'><strong>ι</strong></span> <span class='ocrx_word' id='word_1_561' title='bbox 3282 4668 3600 4734; x_wconf 72' lang='lat' dir='ltr'><strong>integrum;</strong></span> 
     </span>
    </p>
   </div>
   <div class='ocr_carea' id='block_1_80' title="bbox 2028 4756 3598 4822">
    <p class='ocr_par' dir='ltr' id='par_1_80' title="bbox 2028 4756 3598 4822">
     <span class='ocr_line' id='line_1_80' title="bbox 2028 4756 3598 4822; baseline 0.002 -14"><span class='ocrx_word' id='word_1_562' title='bbox 2028 4758 2119 4812; x_wconf 80' lang='lat' dir='ltr'><strong>alii</strong></span> <span class='ocrx_word' id='word_1_563' title='bbox 2154 4772 2282 4812; x_wconf 82' lang='lat' dir='ltr'><strong>vero</strong></span> <span class='ocrx_word' id='word_1_564' title='bbox 2309 4757 2592 4810; x_wconf 87' lang='lat' dir='ltr'><strong>dimidium</strong></span> <span class='ocrx_word' id='word_1_565' title='bbox 2627 4757 2732 4811; x_wconf 89' lang='lat' dir='ltr'><strong>hoc</strong></span> <span class='ocrx_word' id='word_1_566' title='bbox 2763 4772 2779 4810; x_wconf 88' lang='lat'><strong>:</strong></span> <span class='ocrx_word' id='word_1_567' title='bbox 2818 4774 2836 4806; x_wconf 84' lang='grc'><strong><em>‹</em></strong></span> <span class='ocrx_word' id='word_1_568' title='bbox 2885 4756 3038 4820; x_wconf 77' lang='lat' dir='ltr'><strong>Jesu,</strong></span> <span class='ocrx_word' id='word_1_569' title='bbox 3074 4758 3171 4809; x_wconf 74' lang='lat' dir='ltr'><strong>Fili</strong></span> <span class='ocrx_word' id='word_1_570' title='bbox 3228 4758 3343 4822; x_wconf 80' lang='lat' dir='ltr'><strong>Dei,</strong></span> <span class='ocrx_word' id='word_1_571' title='bbox 3374 4775 3598 4811; x_wconf 56' lang='lat' dir='ltr'><strong>uiuere»</strong></span> 
     </span>
    </p>
   </div>
   <div class='ocr_carea' id='block_1_81' title="bbox 2033 4851 3602 4919">
    <p class='ocr_par' dir='ltr' id='par_1_81' title="bbox 2033 4851 3602 4919">
     <span class='ocr_line' id='line_1_81' title="bbox 2033 4851 3602 4919; baseline 0.001 -15"><span class='ocrx_word' id='word_1_572' title='bbox 2033 4867 2091 4905; x_wconf 86' lang='lat' dir='ltr'><strong>re</strong></span> <span class='ocrx_word' id='word_1_573' title='bbox 2126 4852 2252 4907; x_wconf 88' lang='lat' dir='ltr'><strong>mei.</strong></span> <span class='ocrx_word' id='word_1_574' title='bbox 2276 4869 2295 4902; x_wconf 77' lang='grc' dir='ltr'><strong>ι</strong></span> <span class='ocrx_word' id='word_1_575' title='bbox 2329 4851 2482 4917; x_wconf 87' lang='lat' dir='ltr'><strong>Quod</strong></span> <span class='ocrx_word' id='word_1_576' title='bbox 2506 4851 2723 4906; x_wconf 80' lang='lat' dir='ltr'><strong>facilius</strong></span> <span class='ocrx_word' id='word_1_577' title='bbox 2759 4862 2844 4906; x_wconf 87' lang='lat' dir='ltr'><strong>est</strong></span> <span class='ocrx_word' id='word_1_578' title='bbox 2874 4862 3097 4919; x_wconf 82' lang='lat' dir='ltr'><strong>propter</strong></span> <span class='ocrx_word' id='word_1_579' title='bbox 3123 4852 3324 4906; x_wconf 80' lang='lat' dir='ltr'><strong>mentis</strong></span> <span class='ocrx_word' id='word_1_580' title='bbox 3359 4854 3602 4906; x_wconf 83' lang='lat' dir='ltr'><strong>imhccil-</strong></span> 
     </span>
    </p>
   </div>
   <div class='ocr_carea' id='block_1_82' title="bbox 2034 4944 3604 5015">
    <p class='ocr_par' dir='ltr' id='par_1_82' title="bbox 2034 4944 3604 5015">
     <span class='ocr_line' id='line_1_82' title="bbox 2034 4944 3604 5015; baseline 0 -16"><span class='ocrx_word' id='word_1_581' title='bbox 2034 4945 2264 4999; x_wconf 89' lang='lat' dir='ltr'><strong>Iitatem.</strong></span> <span class='ocrx_word' id='word_1_582' title='bbox 2295 4944 2411 4998; x_wconf 84' lang='lat' dir='ltr'><strong>Non</strong></span> <span class='ocrx_word' id='word_1_583' title='bbox 2448 4949 2592 4999; x_wconf 90' lang='lat' dir='ltr'><strong>enim</strong></span> <span class='ocrx_word' id='word_1_584' title='bbox 2621 4955 2804 5015; x_wconf 75' lang='lat' dir='ltr'><strong>poteSt</strong></span> <span class='ocrx_word' id='word_1_585' title='bbox 2845 4962 2876 4999; x_wconf 87' lang='lat' dir='ltr'><strong>a</strong></span> <span class='ocrx_word' id='word_1_586' title='bbox 2909 4949 3083 5014; x_wconf 86' lang='lat' dir='ltr'><strong>seipsa</strong></span> <span class='ocrx_word' id='word_1_587' title='bbox 3111 4947 3346 5001; x_wconf 88' lang='lat' dir='ltr'><strong>interius</strong></span> <span class='ocrx_word' id='word_1_588' title='bbox 3399 4948 3604 5015; x_wconf 88' lang='lat' dir='ltr'><strong>absque</strong></span> 
     </span>
    </p>
   </div>
   <div class='ocr_carea' id='block_1_83' title="bbox 2035 5033 3604 5104">
    <p class='ocr_par' dir='ltr' id='par_1_83' title="bbox 2035 5033 3604 5104">
     <span class='ocr_line' id='line_1_83' title="bbox 2035 5033 3604 5104; baseline 0.001 -16"><span class='ocrx_word' id='word_1_589' title='bbox 2035 5033 2241 5103; x_wconf 88' lang='lat' dir='ltr'><strong>Spiritu</strong></span> <span class='ocrx_word' id='word_1_590' title='bbox 2270 5035 2382 5088; x_wconf 85' lang='lat' dir='ltr'><strong>sola</strong></span> <span class='ocrx_word' id='word_1_591' title='bbox 2441 5036 2650 5102; x_wconf 84' lang='lat' dir='ltr'><strong>dicere,</strong></span> <span class='ocrx_word' id='word_1_592' title='bbox 2706 5037 2964 5090; x_wconf 87' lang='lat' dir='ltr'><strong>Dominus</strong></span> <span class='ocrx_word' id='word_1_593' title='bbox 3003 5037 3186 5099; x_wconf 82' lang='lat' dir='ltr'><strong>Jesus,</strong></span> <span class='ocrx_word' id='word_1_594' title='bbox 3245 5053 3342 5090; x_wconf 90' lang='lat' dir='ltr'><strong>nec</strong></span> <span class='ocrx_word' id='word_1_595' title='bbox 3375 5054 3508 5104; x_wconf 88' lang='lat' dir='ltr'><strong>pure</strong></span> <span class='ocrx_word' id='word_1_596' title='bbox 3543 5055 3604 5090; x_wconf 88' lang='lat' dir='ltr'><strong>ac</strong></span> 
     </span>
    </p>
   </div>
   <div class='ocr_carea' id='block_1_84' title="bbox 2036 5125 3606 5199">
    <p class='ocr_par' dir='ltr' id='par_1_84' title="bbox 2036 5125 3606 5199">
     <span class='ocr_line' id='line_1_84' title="bbox 2036 5125 3606 5199; baseline 0.002 -20"><span class='ocrx_word' id='word_1_597' title='bbox 2036 5125 2279 5195; x_wconf 73' lang='lat' dir='ltr'><strong>perfer-te</strong></span> <span class='ocrx_word' id='word_1_598' title='bbox 2303 5127 2408 5181; x_wconf 87' lang='lat' dir='ltr'><strong>nisi</strong></span> <span class='ocrx_word' id='word_1_599' title='bbox 2436 5129 2487 5180; x_wconf 91' lang='lat' dir='ltr'><strong>in</strong></span> <span class='ocrx_word' id='word_1_600' title='bbox 2524 5128 2731 5195; x_wconf 86' lang='lat' dir='ltr'><strong>Spiritu</strong></span> <span class='ocrx_word' id='word_1_601' title='bbox 2758 5141 2969 5190; x_wconf 85' lang='lat' dir='ltr'><strong>saneto,</strong></span> <span class='ocrx_word' id='word_1_602' title='bbox 3005 5131 3097 5183; x_wconf 80' lang='lat' dir='ltr'><strong>sed</strong></span> <span class='ocrx_word' id='word_1_603' title='bbox 3128 5140 3185 5183; x_wconf 90' lang='lat' dir='ltr'><strong>ut</strong></span> <span class='ocrx_word' id='word_1_604' title='bbox 3220 5130 3399 5184; x_wconf 82' lang='lat' dir='ltr'><strong>infans</strong></span> <span class='ocrx_word' id='word_1_605' title='bbox 3431 5132 3606 5199; x_wconf 86' lang='lat' dir='ltr'><strong>adhuc</strong></span> 
     </span>
    </p>
   </div>
   <div class='ocr_carea' id='block_1_85' title="bbox 2038 5217 3608 5289">
    <p class='ocr_par' dir='ltr' id='par_1_85' title="bbox 2038 5217 3608 5289">
     <span class='ocr_line' id='line_1_85' title="bbox 2038 5217 3608 5289; baseline 0 -18"><span class='ocrx_word' id='word_1_606' title='bbox 2038 5217 2344 5273; x_wconf 85' lang='lat' dir='ltr'><strong>balbutiens</strong></span> <span class='ocrx_word' id='word_1_607' title='bbox 2372 5221 2462 5272; x_wconf 85' lang='lat' dir='ltr'><strong>illa</strong></span> <span class='ocrx_word' id='word_1_608' title='bbox 2513 5219 2686 5272; x_wconf 71' lang='lat' dir='ltr'><strong>verba</strong></span> <span class='ocrx_word' id='word_1_609' title='bbox 2743 5219 3076 5274; x_wconf 86' lang='lat' dir='ltr'><strong>articulatim</strong></span> <span class='ocrx_word' id='word_1_610' title='bbox 3114 5222 3473 5289; x_wconf 89' lang='lat' dir='ltr'><strong>pronuntiare</strong></span> <span class='ocrx_word' id='word_1_611' title='bbox 3507 5236 3608 5272; x_wconf 82' lang='lat' dir='ltr'><strong>ne-</strong></span> 
     </span>
    </p>
   </div>
   <div class='ocr_carea' id='block_1_86' title="bbox 2040 5311 3612 5381">
    <p class='ocr_par' dir='ltr' id='par_1_86' title="bbox 2040 5311 3612 5381">
     <span class='ocr_line' id='line_1_86' title="bbox 2040 5311 3612 5381; baseline 0.004 -20"><span class='ocrx_word' id='word_1_612' title='bbox 2040 5314 2180 5381; x_wconf 86' lang='lat' dir='ltr'><strong>quit.</strong></span> <span class='ocrx_word' id='word_1_613' title='bbox 2216 5311 2325 5366; x_wconf 82' lang='lat' dir='ltr'><strong>Nee</strong></span> <span class='ocrx_word' id='word_1_614' title='bbox 2377 5321 2595 5379; x_wconf 84' lang='lat' dir='ltr'><strong>oportet</strong></span> <span class='ocrx_word' id='word_1_615' title='bbox 2646 5314 2843 5368; x_wconf 86' lang='lat' dir='ltr'><strong>crebro</strong></span> <span class='ocrx_word' id='word_1_616' title='bbox 2879 5314 3244 5368; x_wconf 81' lang='lat' dir='ltr'><strong>invocatiouis</strong></span> <span class='ocrx_word' id='word_1_617' title='bbox 3293 5327 3454 5366; x_wconf 81' lang='lat' dir='ltr'><strong>voces</strong></span> <span class='ocrx_word' id='word_1_618' title='bbox 3490 5329 3612 5380; x_wconf 83' lang='lat' dir='ltr'><strong>per-</strong></span> 
     </span>
    </p>
   </div>
   <div class='ocr_carea' id='block_1_87' title="bbox 2042 5403 3608 5480">
    <p class='ocr_par' dir='ltr' id='par_1_87' title="bbox 2042 5403 3608 5480">
     <span class='ocr_line' id='line_1_87' title="bbox 2042 5403 3608 5480; baseline 0.001 -24"><span class='ocrx_word' id='word_1_619' title='bbox 2042 5403 2410 5466; x_wconf 81' lang='lat' dir='ltr'><strong>mutare,,sed</strong></span> <span class='ocrx_word' id='word_1_620' title='bbox 2452 5405 2596 5457; x_wconf 86' lang='lat' dir='ltr'><strong>lente</strong></span> <span class='ocrx_word' id='word_1_621' title='bbox 2623 5419 2687 5458; x_wconf 88' lang='lat' dir='ltr'><strong>ac</strong></span> <span class='ocrx_word' id='word_1_622' title='bbox 2748 5409 3010 5473; x_wconf 81' lang='lat' dir='ltr'><strong>perpetim</strong></span> <span class='ocrx_word' id='word_1_623' title='bbox 3071 5407 3322 5480; x_wconf 80' lang='lat' dir='ltr'><strong>recitare.</strong></span> <span class='ocrx_word' id='word_1_624' title='bbox 3361 5407 3608 5474; x_wconf 87' lang='lat' dir='ltr'><strong>Insuper,</strong></span> 
     </span>
    </p>
   </div>
   <div class='ocr_carea' id='block_1_88' title="bbox 2045 5496 3613 5566">
    <p class='ocr_par' dir='ltr' id='par_1_88' title="bbox 2045 5496 3613 5566">
     <span class='ocr_line' id='line_1_88' title="bbox 2045 5496 3613 5566; baseline 0.001 -18"><span class='ocrx_word' id='word_1_625' title='bbox 2045 5497 2135 5549; x_wconf 90' lang='lat' dir='ltr'><strong>alii</strong></span> <span class='ocrx_word' id='word_1_626' title='bbox 2164 5512 2281 5561; x_wconf 82' lang='lat' dir='ltr'><strong>ore,</strong></span> <span class='ocrx_word' id='word_1_627' title='bbox 2313 5496 2404 5549; x_wconf 85' lang='lat' dir='ltr'><strong>alii</strong></span> <span class='ocrx_word' id='word_1_628' title='bbox 2453 5507 2634 5550; x_wconf 88' lang='lat' dir='ltr'><strong>mente</strong></span> <span class='ocrx_word' id='word_1_629' title='bbox 2673 5497 2821 5551; x_wconf 88' lang='lat' dir='ltr'><strong>illam</strong></span> <span class='ocrx_word' id='word_1_630' title='bbox 2873 5503 3105 5552; x_wconf 85' lang='lat' dir='ltr'><strong>recitare</strong></span> <span class='ocrx_word' id='word_1_631' title='bbox 3135 5499 3350 5552; x_wconf 87' lang='lat' dir='ltr'><strong>docent.</strong></span> <span class='ocrx_word' id='word_1_632' title='bbox 3412 5501 3482 5551; x_wconf 83' lang='lat' dir='ltr'><strong>At</strong></span> <span class='ocrx_word' id='word_1_633' title='bbox 3513 5513 3613 5566; x_wconf 76' lang='lat' dir='ltr'><strong>ego</strong></span> 
     </span>
    </p>
   </div>
   <div class='ocr_carea' id='block_1_89' title="bbox 2047 5588 3609 5656">
    <p class='ocr_par' dir='ltr' id='par_1_89' title="bbox 2047 5588 3609 5656">
     <span class='ocr_line' id='line_1_89' title="bbox 2047 5588 3609 5656; baseline 0.001 -15"><span class='ocrx_word' id='word_1_634' title='bbox 2047 5599 2338 5655; x_wconf 88' lang='lat' dir='ltr'><strong>utrumque</strong></span> <span class='ocrx_word' id='word_1_635' title='bbox 2365 5591 2591 5642; x_wconf 86' lang='lat' dir='ltr'><strong>suadeo.</strong></span> <span class='ocrx_word' id='word_1_636' title='bbox 2630 5588 2762 5642; x_wconf 77' lang='lat' dir='ltr'><strong>Nam</strong></span> <span class='ocrx_word' id='word_1_637' title='bbox 2797 5590 3077 5644; x_wconf 80' lang='lat' dir='ltr'><strong>interdum</strong></span> <span class='ocrx_word' id='word_1_638' title='bbox 3113 5606 3286 5656; x_wconf 81' lang='lat' dir='ltr'><strong>mens,</strong></span> <span class='ocrx_word' id='word_1_639' title='bbox 3340 5592 3609 5644; x_wconf 87' lang='lat' dir='ltr'><strong>interdum</strong></span> 
     </span>
    </p>
   </div>
   <div class='ocr_carea' id='block_1_90' title="bbox 2046 5684 3615 5755">
    <p class='ocr_par' dir='ltr' id='par_1_90' title="bbox 2046 5684 3615 5755">
     <span class='ocr_line' id='line_1_90' title="bbox 2046 5684 3615 5755; baseline 0.004 -22"><span class='ocrx_word' id='word_1_640' title='bbox 2046 5697 2109 5737; x_wconf 85' lang='lat' dir='ltr'><strong>os</strong></span> <span class='ocrx_word' id='word_1_641' title='bbox 2134 5697 2244 5753; x_wconf 82' lang='lat' dir='ltr'><strong>prae</strong></span> <span class='ocrx_word' id='word_1_642' title='bbox 2278 5684 2468 5739; x_wconf 79' lang='lat' dir='ltr'><strong>acedia</strong></span> <span class='ocrx_word' id='word_1_643' title='bbox 2522 5684 2751 5739; x_wconf 86' lang='lat' dir='ltr'><strong>recitare</strong></span> <span class='ocrx_word' id='word_1_644' title='bbox 2791 5699 2898 5739; x_wconf 91' lang='lat' dir='ltr'><strong>non</strong></span> <span class='ocrx_word' id='word_1_645' title='bbox 2937 5686 3103 5740; x_wconf 78' lang='lat' dir='ltr'><strong>valet.</strong></span> <span class='ocrx_word' id='word_1_646' title='bbox 3135 5685 3427 5755; x_wconf 82' lang='lat' dir='ltr'><strong>Propterea</strong></span> <span class='ocrx_word' id='word_1_647' title='bbox 3460 5698 3615 5741; x_wconf 82' lang='lat' dir='ltr'><strong>utro-</strong></span> 
     </span>
    </p>
   </div>
  </div>
