4224 6464
663 363 793 426 i331

1886 350 2266 411 ϐιιιτϋοειιι
2343 337 2678 404 ΞΙΝΑΙΤΕ

3756 321 3774 384 l
3787 322 3895 383 33?

663 493 765 547 que
791 477 952 531 nt'odo
980 488 1142 527 orare
1170 479 1406 541 oportet,
1441 482 1534 521 ore
1566 481 1627 520 ac
1661 474 1859 519 mente.
1897 462 2235 528 (Zattcroquin

2349 459 2521 525 λέγειν
2579 457 2844 527 ακηδιῶν,
2897 454 3022 507 ποτε
3067 454 3124 505 δὲ
3154 451 3213 503 τὸ
3267 449 3462 514 στόμα.
3522 448 3621 499 Διὰ
3657 444 3813 498 τοῦτο
3860 450 3921 497 ἐν

663 569 958 638 tranquille
989 578 1044 620 et
1072 564 1470 632 imperturbate
1492 555 1838 612 clamandum
1874 564 1979 618 cst,
2009 566 2076 607 ne
2103 569 2225 606 sen-

665 679 785 717 sum
811 660 1279 723 attentionemque
1312 654 1508 706 mentis
1530 665 1629 703 vos
1659 647 1840 702 turbet
1863 662 1925 700 ac
1949 644 2224 713 impediat,

663 757 840 810 donec
871 765 1023 805 mens
1051 748 1202 818 operi
1238 755 1456 799 assueta
1488 742 1733 810 proﬁciat
1765 749 1819 793 et
1848 740 1989 791 vires
2017 754 2046 791 ιι
2070 736 2231 801 spiris-

666 857 720 900 tu
762 844 994 911 accipiat
1052 840 1117 891 ad
1148 839 1357 905 integre
1386 842 1442 887 ct
1495 831 1669 884 Valide
1729 832 2016 884 orandum.
2076 824 2230 878 Tunc

663 939 807 991 enim
845 949 948 988 non
982 931 1187 1000 indiget
1212 928 1325 982 oris
1361 924 1600 994 loquela,
1634 924 1743 976 imo
1782 934 1881 974 nec
1914 926 2113 987 potest,
2145 929 2233 970 so-

667 1032 717 1082 lo
745 1028 1023 1082 intellectu
1066 1022 1201 1076 satis
1227 1029 1516 1086 occupata,
1545 1025 1713 1068 totum
1750 1014 1927 1066 facere
1966 1022 2123 1075 opus.

2343 550 2674 620 ἀμφοτέροις
2708 548 2786 600 δεῖ
2816 544 3233 616 προσεύχεσθαι,
3268 542 3361 594 καὶ
3390 541 3640 609 στόματι.
3678 539 3769 590 καὶ
3812 541 3917 589 νοῖ.

2350 638 2493 710 Πλὴν
2524 638 2742 708 ἡσύχως
2772 640 2863 689 καὶ
2890 635 3180 705 ἀταράχως
3207 632 3289 685 δεῖ
3316 630 3563 701 κράζειν,
3596 630 3681 680 ἵνα
3715 629 3790 697 μὴ
3820 627 3922 697 τὴν

2346 732 2617 800 αἴσθησιν,
2642 732 2734 780 καὶ
2754 728 2851 798 τὴν
2872 725 3140 795 προσοχὴν
3169 721 3263 775 τοῦ
3291 720 3381 775 νοῦ
3403 723 3436 791 ἡ
3473 720 3624 789 φωνὴ
3659 717 3925 785 συγχέου-

2349 837 2440 886 σα,
2465 816 2808 888 ἐμποδίζοιτο
2829 830 2840 843 '
2874 815 3065 883 μέχρις
3100 812 3165 866 ἂν
3190 814 3218 864 ὁ
3242 810 3388 873 νοῦς,
3415 809 3600 870 ἐθίσας
3631 810 3688 859 ὲν
3719 807 3797 875 τῷ
3829 807 3927 876 ἕρ-

2349 930 2453 982 γῳ,
2480 908 2767 980 προκόψοι,
2790 904 2886 959 καὶ
2928 904 3158 975 δύναμιν
3178 901 3331 957 λάϐοι
3371 900 3526 970 παρὰ
3543 897 3638 952 τοῦ
3668 898 3925 966 Πνεύμαυ

2352 1021 2465 1066 τος,
2501 1005 2580 1065 εἰς
2606 1000 2666 1055 τὸ
2683 1001 2885 1067 ὑλικῶς
2925 1000 3024 1055 καὶ
3051 997 3323 1069 κραταιῶς
3351 993 3628 1064 εῦχεσθαι.
3664 991 3798 1043 Τότε
3821 992 3926 1058 γὰρ

664 1122 723 1168 οὐ
752 1120 944 1190 χρῄζει
975 1118 1158 1170 λαλεῖν
1185 1115 1274 1169 διὰ
1305 1116 1596 1185 στόματος,
1625 1114 1745 1167 οὐδὲ
1777 1114 1885 1181 γὰρ
1910 1111 2158 1172 δύναται,
2194 1098 2723 1181 ἀρκοῦμενοςμόνον
2752 1097 2831 1168 τῷ
2859 1096 2945 1153 νοτ
2968 1096 3263 1165 ὀλόκληρον
3311 1091 3583 1146 ποιεῖσθαι
3611 1088 3710 1160 τὴν
3745 1088 3911 1163 ἔργα-

665 1232 693 1266 σ
704 1233 808 1269 ιαν.

882 1294 1155 1361 Quomodo
1202 1302 1439 1363 oporteat
1488 1300 1715 1345 mentem
1768 1290 2027 1342 cohibere.

740 1412 891 1464 Scito
922 1411 1193 1463 neminem
1222 1424 1250 1461 a
1287 1407 1580 1474 semetipso
1632 1418 1791 1475 posse
1838 1404 2056 1456 frenare
2082 1417 2236 1456 inen-

672 1516 807 1568 tem,
851 1504 951 1556 nisi
985 1504 1100 1569 ipse
1122 1502 1414 1555 frenetura
1442 1499 1635 1567 spiritu
1669 1499 1917 1552 :infrena
1960 1497 2102 1551 enim
2129 1507 2237 1558 est,

669 1613 774 1649 uon
831 1605 1021 1649 natura
1074 1604 1258 1661 utpote
1310 1607 1525 1661 semper
1580 1590 1839 1653 inobilis;,
1882 1588 1978 1643 sed
2014 1587 2135 1656 quia
2169 1589 2238 1638 ob

673 1690 939 1741 incuriam
971 1686 1252 1756 agitationi
1282 1694 1561 1745 consueta,
1590 1685 1656 1736 ab
1679 1683 1829 1735 initio
1859 1682 2012 1733 t‘reno
2040 1681 2241 1733 desue-

669 1784 764 1833 vit.
799 1779 1008 1848 Quippe
1041 1778 1415 1831 mandatorum
1445 1774 1839 1842 I‘egcnet‘aloris
1865 1773 2034 1826 nostri
2066 1781 2241 1825 trans-

668 1872 963 1939 gressione,
1023 1886 1052 1923 a
1106 1869 1215 1921 Duo
1299 1868 1535 1935 separati
1591 1881 1804 1927 smnus,
1861 1878 2023 1917 sensu
2079 1863 2244 1916 intel-

670 1962 964 2016 lectualem
1033 1960 1149 2029 ejus
1198 1950 1419 2014 sensum
1473 1970 1528 2011 et
1591 1960 1847 2010 unionem
1882 1954 2059 2009 exuti.
2116 1954 2245 2007 Inde

668 2058 812 2111 enim
836 2057 1053 2123 delapsa
1089 2072 1263 2118 mens,
1297 2064 1351 2107 et
1382 2073 1408 2105 a
1449 2053 1556 2105 Deo
1583 2061 1854 2121 separata,
1921 2065 2245 2117 quocunque

667 2153 844 2220 agitur
874 2162 931 2202 ut
972 2150 1203 2217 captiva,
1264 2164 1363 2201 nec
1398 2158 1579 2214 potest
1617 2145 1776 2198 aliter
1826 2145 2042 2206 sistere,
2077 2156 2244 2209 quam

669 2243 714 2295 si
751 2241 858 2295 Deo
886 2240 1123 2300 obediat,
1180 2247 1234 2292 et
1297 2245 1403 2291 stet
1453 2235 1594 2303 apud
1627 2251 1773 2299 eum,
1820 2236 1985 2307 (ique
2029 2236 2248 2286 uitiatur

667 2350 788 2388 cum
821 2334 1028 2393 I.etitia,
1076 2339 1131 2385 et
1173 2343 1424 2397 pt‘et'etttt'
1455 2344 1582 2381 eum
1618 2329 1836 2380 assidue
1872 2341 1935 2379 ac
1987 2340 2243 2394 perseve-

672 2436 874 2489 ranter,
901 2438 955 2478 et
977 2426 1025 2478 ei
1054 2423 1361 2476 tuentaliter
1391 2423 1720 2474 confiteatur
1744 2418 1989 2487 quotidie
2022 2419 2235 2485 qumvis

668 2529 889 2588 peccata
935 2516 1065 2586 :qui
1120 2515 1300 2569 omnia
1352 2516 1531 2567 statim
1588 2512 1820 2582 ignoscit
1876 2511 1960 2563 his
1986 2512 2078 2577 qui
2119 2524 2241 2560 cum

672 2610 981 2663 humilitate
1047 2622 1113 2660 ac
1176 2606 1511 2660 contritione
1565 2615 1779 2674 petunt,
1815 2615 1979 2671 atque
2028 2618 2246 2671 semper

676 2712 926 2753 sanetum
984 2699 1155 2768 ipsius
1206 2713 1402 2750 nomen
1469 2697 1769 2751 invocant:
1809 2716 1826 2747 ι
1883 2695 2244 2757 Conlitcmini,

670 2792 865 2861 inquit,
893 2791 1208 2855 liomino,et
1235 2791 1481 2844 iuvocate
1506 2806 1700 2843 uonteu
1723 2800 1975 2842 sanctum
2006 2788 2126 2857 ejus
2158 2788 2199 2839 ¹.
2221 2805 2239 2836 ι

670 2884 832 2951 Atqui
874 2882 1287 2948 respirationem
1350 2881 1674 2934 retraltentlu
1703 2891 1755 2932 et
1779 2894 1841 2932 os
1871 2879 2240 2947 comprimen-

668 2977 739 3027 do
770 2975 1060 3028 cohibetur
1088 2988 1263 3036 mens,
1298 2972 1392 3026 sed
1431 2981 1625 3040 partim
1660 2983 1714 3023 et
1781 2972 1975 3025 iterum
2008 2973 2239 3039 dissipa-

672 3074 779 3116 tur.
807 3063 941 3118 Cum
978 3072 1157 3116 autem
1193 3064 1415 3116 advenit
1444 3064 1690 3129 operatio
1754 3062 2047 3125 oratioais,
2112 3069 2240 3113 tunc

2545 1299 2681 1369 Περὶ
2724 1298 2830 1353 τοῦ
2856 1298 2983 1363 πῶς
3002 1298 3095 1351 δεῖ
3119 1299 3360 1365 κρατεῖν
3389 1300 3495 1351 τὸν
3521 1298 3694 1353 γοῦν.

2414 1411 2599 1470 Σύνες,
2623 1411 2701 1462 ὃτι
2738 1409 2911 1470 οὐδεὶς
2935 1408 3159 1461 δύναται
3186 1406 3279 1472 ἀφ’
3308 1406 3501 1458 ἑαυτοῦ
3529 1408 3798 1476 κρατῆσαι
3824 1410 3917 1462 τὸν

2342 1504 2486 1566 νοῦν,
2518 1506 2566 1554 εἰ
2598 1503 2673 1571 μὴ
2705 1500 2948 1571 κρατηθῇ
2978 1502 3128 1568 παρᾶ
3152 1499 3247 1551 τοῦ
3287 1499 3603 1566 Πνεῦματος
3624 1516 3636 1529 ·
3666 1502 3916 1568 ἀκρὰτη-

2343 1615 2435 1660 τος
2458 1597 2565 1665 γάρ
2614 1597 2782 1655 ἐστιν,
2826 1593 2888 1645 οὐ
2919 1592 3061 1646 κατὰ
3114 1590 3277 1659 φύσιν
3305 1590 3378 1652 ὡς
3430 1592 3758 1661 ἀεικίνητος,
3800 1594 3916 1645 dia}!

2344 1692 2453 1743 ἀπὸ
2479 1691 2575 1758 τῆς
2600 1687 2857 1756 ἀμελείας
2901 1687 2999 1756 τὴν
3026 1684 3329 1755 περιφορὰν
3358 1687 3801 1752 οἰκειωσάμενος,
3820 1687 3921 1755 ἁρ-

2344 1787 2512 1859 χῆθεν
2536 1789 2613 1849 εἰς
2642 1786 2798 1839 τοῦτο
2820 1786 3023 1848 ἐθίσας.
3046 1785 3144 1836 Διὰ
3169 1784 3279 1852 γὰρ
3308 1782 3409 1849 τῆς
3442 1778 3549 1831 τῶν
3578 1778 3809 1831 ἐντολῶν
3826 1778 3921 1829 τοῦ

2345 1879 2809 1947 ἀναγεννήσαντος
2834 1878 2983 1947 ἡμᾶς
3016 1874 3405 1945 παραϐάσεως,
3449 1873 3513 1924 ἐκ
3556 1868 3693 1922 Θεοῦ
3726 1870 3927 1938 ἐχωρί-

2349 1958 2579 2029 σθημεν,
2598 1960 2696 2030 τὴν
2723 1963 2781 2014 ἐν
2795 1964 3043 2033 αἰσθήσει
3066 1965 3260 2035 γοερὰν
3272 1962 3437 2018 αῦτοῦ
3452 1962 3706 2033 αἴσθησίν
3727 1984 3787 2019 τε
3830 1967 3931 2021 καὶ.

2349 2052 2541 2103 ἕνωσιν
2603 2053 2991 2119 ἀπολέσαντες.
3062 2055 3304 2109 Ἐκεῖθεν
3353 2057 3461 2123 γὰρ
3503 2057 3858 2127 ἐξολισθήσας
3897 2060 3927 2110 δ

2349 2146 2493 2207 νοῦς,
2530 2148 2623 2197 καὶ
2644 2145 2737 2198 τοῦ
2762 2148 2897 2200 Θεοῦ
2946 2149 3259 2217 χωρισθεὶς,
3294 2147 3571 2216 πανταχοῦ
3620 2150 3817 2215 ἄγεται
3846 2149 3923 2211 ὡς

2348 2239 2689 2305 αἰχμάλωτος
2710 2258 2724 2271 ·
2752 2242 2847 2292 καὶ
2878 2242 2940 2292 οὐ
2972 2240 3196 2293 δυνατὸν
3241 2240 3417 2303 ἄλλως
3454 2241 3726 2305 ἵστασθαι,
3758 2243 3809 2293 εἰ
3844 2242 3924 2311 μὴ

2346 2325 2751 2397 θεῴὑποταγῇ,
2797 2330 2891 2380 καὶ
2923 2331 3022 2398 στῇ
3061 2330 3191 2401 παρ’
3217 2330 3406 2396 αὑτοῦ,
3443 2332 3539 2384 καὶ
3565 2332 3715 2401 αῦτῷ
3744 2332 3924 2402 ὲνωθῇ

2350 2419 2468 2485 μετ’
2490 2419 2850 2489 εὐφροσύνης,
2874 2423 2969 2473 καὶ
3000 2421 3185 2490 δέηται
3210 2423 3377 2475 αὑτοῦ
3412 2423 3651 2492 συνεχῶς
3678 2425 3771 2475 καὶ
3805 2426 3929 2475 ἐπι-

2350 2510 2545 2577 μόνως,
2571 2513 2663 2564 καὶ
2694 2512 2871 2583 τούτῳ
2892 2513 3284 2582 ὲξομολογῆται
3312 2515 3434 2568 καθ’
3461 2515 3699 2582 ἑκάστην
3723 2516 3931 2583 νοερῶς

2346 2602 2448 2654 ὃσα
2471 2604 2756 2670 πταίομεν,
2785 2604 2845 2667 ὃς
2873 2610 2967 2657 καὶ
3011 2608 3284 2675 συγχωρεῖ
3329 2606 3511 2660 πάντα
3546 2606 3772 2673 εὐθέως,
3813 2611 3932 2670 τοῖς

2347 2694 2404 2743 ἐν
2433 2693 2760 2747 ταπεινώσει
2810 2696 2901 2748 καὶ
2938 2698 2995 2748 ὲν
3026 2696 3287 2766 συντριϐῇ
3320 2698 3556 2761 αἰτοῦσι,
3614 2699 3711 2750 καὶ
3750 2699 3839 2751 ἀεὶ
3867 2701 3933 2751 τ).

2346 2787 2516 2855 ὄνομα
2547 2788 2607 2840 τὸ
2640 2790 2796 2855 ἅγιον
2828 2786 2993 2840 αὑτοῦ
3049 2789 3521 2857 ἐπικαλουμένοις.
3563 2810 3583 2843 ι
3634 2789 3930 2859 Ἐξομολο-

2346 2877 2529 2942 γεῖσθε
2560 2880 2687 2948 γὰρ,
2744 2882 2898 2946 φησὶ,
2952 2880 3029 2949 τῷ
3058 2881 3267 2951 Κυρίῳ,
3330 2884 3424 2933 καὶ
3483 2882 3833 2935 ἐπικαλεῖσθε
3867 2884 3933 2935 τὸ

2346 2968 2515 3036 δνομα
2547 2970 2607 3021 τὸ
2642 2970 2793 3036 ἅγιον
2830 2972 3014 3027 αὑτοῦ.
3044 2992 3062 3022 ι
3107 2975 3215 3027 Καὶ
3237 2976 3269 3042 ἡ
3306 2975 3557 3045 ἀναπνοὴ
3599 2975 3655 3028 δὲ
3679 2976 3772 3028 τοῦ
3794 2978 3934 3028 ἀνακ-

2360 3059 2615 3130 σπασμοῦ
2643 3064 2701 3114 ἐν
2722 3061 2799 3131 τῷ
2821 3065 3143 3131 συσφίγγειν
3164 3065 3225 3116 τὸ
3249 3067 3422 3135 στόμα
3444 3071 3639 3135 κρατεῖ
3660 3067 3747 3118 τὸν
3780 3067 3931 3132 νοῦν,

669 3150 951 3211 verebare
984 3156 1129 3208 illam
1184 3156 1384 3208 retinet
1447 3154 1498 3207 in
1550 3156 1751 3222 seipsa,
1800 3165 1854 3207 ct
1902 3152 2156 3215 laliftcat,
2191 3162 2245 3205 et

2349 3150 2482 3204 ἀλλὰ
2542 3153 2803 3220 μερικῶς,
2840 3156 2934 3208 καὶ
2975 3156 3135 3208 πάλιν
3188 3159 3621 3222 διασκεδὰζεται.
3659 3160 3788 3213 Ὅτε
3834 3157 3935 3213 οῦν

669 3249 982 3318 captivitate
1012 3249 1224 3302 eximit.
1260 3246 1570 3315 Aliquando
1606 3256 1788 3299 tamen
1836 3255 2015 3298 mente
2045 3252 2236 3297 orante

669 3355 725 3396 et
765 3342 816 3393 in
854 3341 1019 3395 corde
1052 3340 1315 3400 cohibita,
1351 3339 1607 3408 cogitatio
1664 3350 1949 3406 evagatur,
1981 3336 2072 3389 sed
2132 3351 2243 3389 nte-

672 3435 875 3491 ditaus.
920 3429 984 3483 Et
1010 3429 1125 3483 [nec
1157 3428 1359 3483 nemini
1416 3429 1721 3495 subjicitur.
1761 3427 1866 3481 nisi
1897 3425 2156 3496 perfectis
2187 3427 2239 3479 in

674 3523 880 3591 Spiritu
938 3531 1125 3575 sancto
1150 3531 1205 3574 et
1259 3520 1665 3575 aberratiouum
1723 3520 2067 3577 vacationem
2101 3520 2232 3571 ade-

674 3616 779 3683 ptis
806 3614 856 3667 iu
885 3611 1105 3667 Christo
1138 3609 1291 3666 Jcsu.

908 3897 1182 3963 Quomodo
1209 3896 1481 3964 ejiciendo:
1513 3898 1616 3950 sint
1643 3898 2005 3966 cogitationes.

743 4011 913 4068 Nemo
946 4028 1184 4081 unquam
1215 4012 1452 4067 novitius
1482 4012 1703 4081 expellit
1729 4012 2110 4081 cogitationes,
2143 4014 2246 4067 ιιὶ›ἰ

671 4108 812 4163 Deus
844 4123 937 4163 cas
968 4107 1168 4171 eiiciat.
1206 4106 1447 4161 Fortium
1484 4107 1628 4161 enim
1660 4117 1746 4160 est
1779 4120 1874 4160 eas
1917 4121 2158 4175 pugnare
2190 4116 2244 4155 et

668 4201 878 4271 fugare.
913 4200 1025 4254 lmo
1060 4214 1125 4252 ne
1166 4200 1218 4252 hi
1251 4199 1465 4268 quidem
1506 4196 1626 4250 illas
1653 4212 1683 4250 a
1712 4199 2019 4266 semetipsis
2073 4212 2247 4249 remo-

610 4281 617 4287 ’
668 4302 817 4355 vent,
849 4290 943 4344 sed
974 4304 1100 4344 cum
1142 4287 1251 4341 Deo
1294 4290 1344 4341 iu
1377 4287 1619 4356 pradium
1655 4296 1844 4341 contra
1890 4302 1983 4341 eas
2027 4301 2248 4344 moven-

669 4396 784 4450 tur,
818 4392 1005 4451 utpote
1039 4390 1372 4435 armaturam
1417 4380 1585 4447 ipsius
1620 4379 1814 4431 induti.
1846 4378 1925 4429 Tu
1955 4392 2083 4432 vero
2114 4379 2248 4432 insi-

2347 3246 2533 3317 ἓλθῃή
2572 3247 2825 3315 ἐνέργεια
2878 3248 2977 3316 τῆς
3004 3250 3331 3319 προσευχῆς,
3368 3251 3493 3303 τότε
3526 3251 3729 3320 κυρίως
3790 3252 3935 3322 αὕτη

2349 3338 2542 3404 κρατεῖ
2595 3336 2759 3389 αὐτὸν
2792 3338 2921 3407 παρ’
2978 3341 3167 3408 ἑαυτῇ,
3226 3342 3319 3393 καὶ
3358 3342 3677 3410 εὐφραίνει,
3707 3344 3935 3411 καὶτῆς

2348 3427 2725 3496 αἰχμαλωσίας
2778 3430 3055 3499 ἀπείργει.
3110 3431 3257 3498 Πλὴν
3310 3430 3457 3483 ἐστιν
3521 3434 3611 3494 ὅτε
3659 3432 3754 3485 τοῦ
3810 3435 3935 3497 νοὸς

2349 3522 2805 3589 προσευχομένου,
2840 3524 2933 3575 καὶ
2964 3524 3023 3574 ὲν
3045 3523 3244 3593 καρδίᾳ
3280 3524 3594 3590 ἱσταμένου,
3627 3526 3720 3578 καὶ
3748 3528 3782 3595 ἡ
3814 3526 3937 3580 διὰ-

2350 3628 2466 3662 νοια
2494 3610 2779 3680 ῥέμϐεται,
2813 3613 2949 3666 ἄλλα
2979 3613 3280 3682 μελετῶσα.
3324 3614 3473 3684 Ᾱῦτη
3503 3616 3561 3667 δὲ
3595 3616 3769 3669 οὐδενὶ
3796 3617 3936 3669 ὑπο-

2348 3705 2630 3764 τάσσεται,
2664 3706 2713 3756 εἰ
2747 3705 2821 3775 μὴ
2853 3708 2963 3768 τοῖς
2985 3706 3211 3769 τελείοις
3235 3710 3291 3760 ὲν
3320 3708 3598 3777 [Ινεύματι
3633 3710 3797 3780 ἁγίῳ,
3820 3714 3937 3775 τοῖς

2350 3794 2411 3846 τὸ
2438 3794 2784 3863 ἀρὲμϐαστον
2810 3796 3082 3864 φθάσασιν
3108 3800 3165 3850 ὲν
3198 3799 3424 3869 Χριστῷ
3456 3799 3657 3870 Ἰησοῦ.

2448 3908 2586 3973 Περὶ
2619 3909 2721 3961 τοῦ
2758 3910 2884 3972 πῶς
2915 3908 3011 3963 δεῖ
3037 3909 3273 3963 διώκειν
3302 3915 3445 3978 τοὺς
3472 3916 3830 3983 λογισμούς.

2424 4021 2498 4070 Οὐ
2524 4020 2708 4072 διώκει
2730 4022 2813 4085 τίς
2830 4039 2960 4075 ποτε
2979 4023 3239 4093 ἀρχάριος
3272 4024 3553 4094 λογισμὸν,
3574 4029 3621 4079 εί
3646 4029 3719 4097 μὴ
3747 4031 3776 4081 ὁ
3800 4030 3941 4093 Θεὸς

2351 4110 2516 4183 διώξῃ
2542 4112 2725 4165 αὐτόν.
2768 4115 2887 4165 Τῶν
2913 4114 3155 4168 δυνατῶν
3181 4115 3288 4185 γάρ
3330 4118 3449 4168 ἐστι
3498 4117 3807 4187 πολεμῆσαι
3839 4124 3940 4173 καὶ

2351 4201 2538 4267 διῶξαι
2571 4203 2789 4268 αὐτούς.
2832 4204 2992 4257 Ἀλλὰ
3016 4206 3111 4258 καὶ
3138 4199 3286 4259 οῦτοι
3324 4207 3426 4260 οὐκ
3458 4209 3553 4276 ἀφ’
3578 4211 3788 4263 ἑαυτῶν
3811 4211 3942 4264 διώ-

2352 4312 2539 4350 κουσιν
2564 4300 2782 4364 αὐτοὺς,
2814 4299 2953 4353 ἀλλᾶ
2984 4300 3123 4369 μετὰ
3170 4302 3310 4355 Θεοῦ
3351 4304 3629 4358 κινοῦνται
3657 4309 3738 4368 εἰς
3774 4308 3940 4361 πόλε-

2355 4404 2455 4456 μον
2484 4389 2620 4459 πρὸς
2666 4391 2888 4454 αὐτοὺς,
2943 4393 3020 4457 ὡς
3067 4394 3408 4464 ἐνδεδυμένοι
3469 4397 3570 4465 τὴν
3625 4399 3937 4452 πανοπλίαν

670 4478 929 4529 “Milibus
979 4473 1421 4543 agitationibus,
1475 4472 1665 4523 invoca
1728 4468 2014 4522 Dominum
2064 4470 2248 4524 Jesum

2352 4481 2537 4542 αὑτοῦ.
2570 4483 2643 4535 Σὺ
2668 4483 2723 4535 δὲ
2755 4485 3065 4555 ἐρχομένων
3090 4487 3199 4539 τῶν
3228 4488 3524 4557 λογισμῶν,
3548 4490 3815 4544 ὲπικαλοῦ
3844 4494 3940 4545 τὸν

667 4567 860 4617 orehro
889 4573 943 4616 et
973 4572 1402 4631 perseveranter,
1425 4571 1479 4613 et
1501 4560 1830 4629 fugabuntur
1857 4574 1871 4623 ;
1895 4572 1998 4610 non
2024 4557 2258 4612 ferentes

668 4657 815 4710 enim
861 4655 1088 4709 inditum
1138 4668 1205 4707 ex
1256 4653 1503 4705 oratione
1550 4649 1700 4703 cordi
1753 4648 2047 4714 fervorem,
2099 4648 2251 4717 quasi

668 4747 797 4814 igne
848 4743 1147 4800 combustae
1193 4744 1419 4809 fugient.
1452 4760 1471 4793 ι
1501 4740 1627 4795 Jesu
1665 4742 1903 4803 nomine,
1938 4740 2113 4811 inquit
2141 4740 2253 4794 Cli-

666 4854 816 4904 tnax,
851 4837 1061 4906 ﬂagella
1091 4836 1297 4889 hostes.
1334 4853 1353 4886 ι
1387 4834 1576 4903 Itaque
1609 4834 1753 4889 Deus
1780 4845 1967 4888 noster
1997 4844 2080 4887 est
2108 4835 2249 4902 ignis

664 4944 987 4985 consumens
1041 4928 1365 4996 nequitiam.
1402 4923 1694 4992 Promptus
1745 4926 1811 4979 ad
1850 4925 2106 4979 auxilium
2150 4926 2251 4978 Do-

665 5020 847 5075 minus
899 5032 1208 5088 promptam
1269 5017 1428 5071 faciet
1478 5016 1775 5070 vindictam
1827 5031 2016 5071 eorum
2054 5020 2146 5087 qui
2180 5027 2245 5072 ad

663 5113 842 5180 ipsum
887 5121 996 5165 tota
1031 5110 1212 5162 anima
1250 5108 1340 5163 diu
1380 5118 1651 5176 noctuque
1682 5108 1939 5162 clamant.
1973 5106 2077 5173 Qui
2114 5123 2240 5162 veru

664 5217 772 5256 non
802 5203 964 5256 habet
994 5201 1369 5270 Operatiouem
1403 5198 1688 5262 orationis,
1726 5197 1835 5252 alio
1876 5201 2039 5253 modo
2069 5199 2247 5252 fundit

664 5295 824 5358 illas,
865 5294 1099 5364 Moysen:
1163 5292 1408 5346 imitans.
1457 5291 1535 5346 Eo
1584 5290 1728 5344 enim
1779 5299 2038 5357 surgente
2084 5299 2139 5343 et
2182 5293 2247 5344 ad

670 5386 867 5439 coelum
918 5385 1132 5438 levante
1168 5398 1364 5437 manus
1398 5394 1452 5436 et
1483 5384 1691 5447 oc‘ulos,
1728 5369 1875 5451 fugat
1918 5384 2039 5436 illas
2086 5386 2247 5438 Deus.

666 5476 875 5532 Deinde
914 5492 1104 5531 rursus
1146 5478 1366 5537 sedens,
1396 5475 1585 5544 incipit
1624 5476 1930 5528 orationem
1961 5476 2249 5544 patienter.

664 5574 732 5626 Et
766 5573 867 5627 hoc
890 5570 1048 5625 modo
1083 5572 1253 5624 utitur
1294 5570 1384 5637 qui
1420 5573 1658 5624 nomium
1690 5571 1891 5622 virtute
1925 5568 2091 5637 pollet
2123 5585 2246 5622 ora—

672 5663 857 5717 tionis.
923 5662 1036 5715 lmo
1086 5673 1141 5715 ct
1178 5662 1268 5730 qui
1323 5662 1480 5717 habet
1531 5661 1796 5717 orationis
1854 5660 2247 5733 operationem,

738 5780 753 5811 ι
795 5781 941 5835 Paul.
971 5796 1078 5847 ω,
1122 5782 1165 5837 ι.

2354 4572 2561 4643 Κύριον
2603 4574 2812 4642 Ἰησοῦν
2836 4577 3041 4646 συχνῶς
3079 4579 3174 4631 καὶ
3217 4580 3521 4649 ὲπιμόνως,
3570 4584 3665 4633 καὶ
3704 4582 3940 4649 φεύξον-

2353 4674 2466 4713 ται⁶
2499 4663 2573 4730 μὴ
2603 4664 2860 4733 φέροντες
2892 4666 3000 4733 γὰρ
3036 4664 3133 4734 τὴν
3180 4668 3244 4718 ἐκ
3276 4659 3708 4739 τῆξπροσευχῆς
3750 4671 3944 4724 ἀναδι-

2354 4749 2584 4820 δομένην
2622 4753 2923 4825 καρδιακὴν
2959 4754 3186 4825 θέρμην,
3220 4756 3295 4819 ὡς
3341 4758 3451 4810 ἀπὸ
3490 4761 3660 4828 πυρὸς
3696 4763 3939 4830 καιόμε-

2354 4860 2435 4896 νοι
2468 4844 2782 4913 φεύγουσιν.
2822 4846 3019 4916 Ἰησοῦ.
3056 4848 3219 4915 φησὶν
3262 4848 3289 4899 ὁ
3328 4848 3427 4918 τῆς
3478 4850 3786 4920 Κλίμακος,
3814 4855 3939 4907 ὀνό-

2359 4952 2487 5002 ματι
2546 4936 2772 5005 μάστιζε
2832 4938 3142 5006 πολεμίους.
3198 4941 3341 4993 Διότι
3380 4941 3408 4992 ὁ
3441 4941 3573 5004 Θεὸς
3617 4942 3777 5012 ἡμῶν
3824 4948 3941 5016 πῦρ

2356 5028 2753 5079 καταναλίσκον
2781 5027 2898 5080 ἐστὶ
2919 5027 3018 5108 τὴν
3052 5027 3373 5098 μοχθηρίαν.
3419 5029 3478 5083 '0
3508 5038 3677 5102 ταχὺς
3699 5038 3780 5097 είς
3804 5035 3939 5107 βοή-

2356 5116 2507 5169 θειαν
2530 5118 2732 5186 Κύριος
2761 5119 2978 5187 ποιήσει
3018 5119 3117 5187 τήν
3144 5118 3422 5187 ἐκδίκησιν
3452 5122 3659 5187 εὐθέως
3691 5126 3800 5177 τῶν
3820 5128 3943 5181 olo-

2355 5209 2541 5279 ψύχως
2578 5208 2822 5277 βοώντων
2845 5212 2982 5279 πρὸς
3012 5210 3191 5263 αὐτὸν⁸
3223 5213 3438 5283 ἡμέρας
3487 5218 3583 5268 καὶ
3611 5220 3828 5281 νυκτός.
3876 5220 3941 5274 ’0

2354 5300 2411 5353 δὲ
2450 5302 2524 5370 μὴ
2554 5301 2692 5370 ἔχων
2721 5302 3002 5370 ἐνέργειαν
3038 5304 3368 5372 προσευχῆς.
3410 5303 3759 5376 ἀλλοτρόπως
3810 5326 3939 5377 τρο-

2357 5392 2552 5444 ποῦται
2598 5391 2815 5453 αὐτοὺς,
2846 5392 2938 5444 τὸν
2966 5392 3170 5445 Μωσέα
3215 5394 3573 5466 μιμούμενος.
3607 5399 3939 5469 Διεγερθέν-

2325 5501 2445 5545 -τος
2475 5485 2606 5552 γὰρ,
2639 5484 2826 5545 καὶείς
2846 5484 3072 5553 οὐρανὸν
3104 5485 3447 5548 ὲκτείναντος
3476 5490 3573 5550 τὶς
3597 5492 3790 5557 χεῖρας
3842 5494 3939 5544 καὶ

2356 5577 2416 5626 τὸ
2437 5574 2611 5644 ὄμμα,
2651 5575 2945 5643 φυγαδεύει
2978 5577 3175 5638 αὐτοὺς
3203 5577 3232 5627 ὁ
3256 5578 3416 5640 Θεὸς.
3453 5573 3584 5631 Εἶτα
3614 5581 3779 5633 πάλιν
3804 5586 3936 5635 καθ·

2358 5666 2554 5730 ετοεῖς,
2600 5668 2827 5739 ἄρχεται
2872 5667 2972 5737 τῆς
3018 5667 3325 5738 προσευχῆς
3357 5669 3658 5739 ὲπιμὸνωςο
3690 5673 3787 5726 καὶ
3817 5674 3941 5728 τοῦε-
