4224 6464
347 346 486 408 ιιετι

1387 354 1742 412 ΡΠἙΕΕΡΤ
1762 356 1791 410 λ
1837 362 1874 412 Α
1890 356 1935 411 D
1982 361 2273 419 llESYCll
2289 366 2466 420 AS'I'A
2480 367 2538 423 S.

3453 363 3584 429 1336

340 490 418 541 τῳ
441 470 517 538 τῷ
566 471 749 539 τρόπῳ
780 470 995 538 χρᾶται,
1029 470 1055 520 ό
1089 470 1250 538 μήπω
1308 472 1641 539 κεκτημένος
1680 472 1907 539 δύναμιν
1936 507 1949 529 ι

2033 485 2197 527 :ontra
2254 490 2544 543 corpori-as
2615 481 2914 545 passiones,
2970 481 3209 534 acediam
3280 480 3483 534 scilicet
3527 497 3589 533 ac

344 564 674 634 προσευχῆς,
712 562 846 616 ἀλλᾶ
880 564 970 613 καὶ
990 563 1017 613 6
1066 561 1200 629 ἔχων
1228 562 1323 630 τὴν
1353 564 1448 629 τῆς
1480 566 1789 632 προσευχῆς
1820 566 1908 615 ἐν-

342 660 583 728 ἐργειαν,
607 659 698 708 ἐπὶ
744 657 851 707 τῶν
878 654 1208 722 σωματικῶν
1242 653 1452 715 παθῶν,
1493 655 1720 722 ἀκηδίας
1744 658 1907 723 φημὶ,

343 752 434 806 καὶ
456 750 732 818 πορνείας,
779 748 887 800 τῶν
922 748 1171 816 σκληρῶν
1203 746 1297 798 καὶ
1331 744 1647 813 βαρυτέρων
1696 746 1904 809 παθῶν,

345 839 602 899 πολλάκις
635 837 1003 906 ἐγειρόμενος,
1061 835 1291 887 ἐκτείνει
1327 833 1423 893 τάς
1455 834 1641 901 χεῖρας
1673 834 1751 893 εἰς
1783 832 1907 902 βοή-

344 932 495 983 θειαν
542 931 661 985 κατ’
691 929 888 981 αὐτῶν.
922 926 1068 995 Πλὴν
1113 925 1357 993 ὀλιγάκις
1416 924 1502 977 διὰ
1553 924 1649 993 τὴν
1702 923 1911 992 πλάνην

344 1023 503 1077 τοῦτο
538 1024 699 1086 ποιεῖ,
752 1021 845 1072 καὶ
870 1019 1028 1071 πάλιν
1060 1017 1372 1080 καθέζεται,
1430 1017 1627 1085 μήπως
1663 1016 1910 1086 φαντάσῃ

344 1116 434 1168 τὸν
468 1114 592 1166 νοῦν
613 1111 777 1165 αὐτοῦ
810 1113 837 1162 6
863 1110 1053 1179 ἐχθρὸς
1083 1108 1309 1172 ἄνωθεν,
1339 1108 1622 1177 μόρφωσιν
1653 1109 1912 1178 ἀληθείας

344 1205 507 1274 δῆθεν
526 1203 760 1265 δεικνύς.
788 1202 863 1253 Τὸ
891 1201 999 1267 γὰρ
1027 1198 1168 1268 ἔχειν
1184 1199 1274 1251 τὸν
1312 1197 1435 1251 νοῦν
1468 1199 1600 1262 ἄνω,
1628 1199 1715 1251 καὶ
1743 1200 1908 1260 κάτω,

2014 566 2306 633 luxuriam,
2337 570 2499 624 duras
2557 573 3020 639 gravissimasque
3068 572 3411 638 cupiditates,
3444 588 3587 639 smpe

2009 672 2255 726 surgens.
2291 661 2463 712 tendit
2514 677 2701 715 manus
2757 663 2821 713 ad
2880 662 3135 714 auxilium
3168 663 3427 714 adversus
3465 677 3582 714 eas.

2010 749 2150 803 llaro
2173 759 2376 811 tamen,
2400 762 2539 802 metu
2568 754 2791 813 erroris,
2816 754 2912 807 hoc
2936 754 3082 815 facit,
3107 763 3160 807 et
3187 754 3380 804 iterum
3409 753 3581 818 sedet,

2013 855 2081 892 ne
2139 842 2303 892 menti
2351 856 2460 894 suae
2503 843 2683 894 illudat
2725 845 2953 911 desuper
3001 845 3276 906 inimicus,
3345 842 3577 909 efﬁgiem

2009 930 2216 984 Scilicet
2274 932 2513 985 veritatis
2566 934 2851 986 exhibens.
2912 933 3043 986 Nam
3101 935 3301 987 habere
3342 946 3575 989 mentem

2009 1036 2249 1083 sursum.
2290 1033 2340 1076 et
2382 1023 2658 1085 deorsum,
2710 1034 2762 1076 et
2805 1025 2858 1077 in
2890 1026 3072 1084 corde.
3104 1034 3157 1077 et
3192 1028 3393 1091 ubique
3443 1028 3584 1080 inof-

2008 1111 2235 1175 fensam,
2264 1124 2314 1165 et
2350 1112 2670 1167 incolumem
2702 1130 2941 1179 servare,
2968 1117 3095 1169 solis
3122 1118 3379 1184 competit
3417 1134 3572 1171 ruun-

2008 1202 2089 1254 dis
2121 1214 2285 1269 atque
2323 1204 2594 1271 perfectis.

355 1301 451 1353 καὶ
481 1302 536 1348 ὲν
566 1300 788 1369 καρδία,
841 1301 932 1351 καὶ
992 1300 1273 1371 πανταχοῦ
1318 1301 1643 1367 ἄπταιστον,
1704 1308 1879 1373 μόνων
1916 1302 2045 1354 ῑὸιόν
2102 1304 2216 1353 ἐστι
2246 1301 2352 1351 τῶν
2395 1297 2653 1368 καθαρῶν
2679 1297 2772 1349 καὶ
2798 1296 3046 1360 τελείων,
3078 1295 3293 1365 ἀϐλαϐῆ
3324 1294 3585 1364 διατηρῆ-

354 1388 469 1424 σαι.

706 1465 841 1532 Περὶ
864 1465 969 1517 τοῦ
1004 1464 1125 1529 πῶς
1148 1464 1243 1516 δεῖ
1274 1466 1556 1532 ψάλλειν.

423 1577 486 1628 Ol
529 1576 626 1644 μὲν
655 1576 898 1644 ὀλιγάκις
951 1578 1218 1644 λέγουσιν,
1254 1578 1303 1629 οἱ
1329 1576 1386 1629 δὲ
1432 1577 1715 1639 πολλάκις,
1739 1578 1913 1647 ἕτεροι

348 1666 406 1719 δὲ
434 1666 543 1717 οὐδ’
573 1667 727 1728 ὅλως.
763 1669 831 1719 Σὺ
859 1668 914 1720 δὲ
959 1668 1098 1736 μήτε
1138 1668 1394 1729 πολλάκις
1421 1667 1608 1736 ψάλλε,
1659 1668 1919 1735 σύγχυσις

351 1757 459 1823 γάρ
482 1773 495 1785 ·
526 1757 661 1825 μήτε
718 1757 826 1809 οὐδ’
857 1757 1014 1821 ὅλως,
1037 1757 1123 1809 διὰ
1154 1758 1251 1826 τὴν
1283 1756 1753 1809 ἐπακολουθοῦσαν
1786 1755 1919 1824 χαύ·

354 1864 517 1898 νωσιν
566 1847 659 1897 καὶ
694 1847 955 1914 ἀμέλειαν
975 1863 989 1877 ’
1032 1848 1165 1899 ἀλλὰ
1192 1848 1316 1909 τοὺς
1345 1848 1591 1915 ὀλιγάκις
1620 1848 1921 1915 ψάλλοντας

354 1948 616 2014 μίμησαι.
655 1947 766 1999 Πᾶν
792 1946 900 2013 γὰρ
933 1945 1128 2015 μέτρον
1178 1944 1420 2012 ἄριστον,
1449 1944 1587 1997 κατά
1632 1945 1755 2007 τοὺς
1794 1944 1923 1996 6.60-

354 2040 487 2105 φους
516 2037 732 2106 σοφούς.
757 2037 836 2090 Τὸ
861 2037 967 2106 γὰρ
999 2036 1166 2090 πολλὰ
1194 2035 1419 2105 ψάλλειν
1452 2036 1560 2088 τῶν
1612 2034 1929 2102 πρακτικῶν

355 2127 493 2190 ἐστι,
528 2125 614 2177 διὰ
639 2125 736 2195 τὴν
764 2124 1039 2192 ἀγνωσίαν
1081 2124 1172 2177 καὶ
1198 2125 1288 2177 τὸν
1320 2124 1510 2187 κόπον,
1540 2122 1599 2174 οῦ
1648 2122 1754 2171 τῶν
1791 2124 1925 2187 ﬁsu-

356 2218 592 2285 χαστῶν,
647 2217 999 2287 ἀρκουμένων
1041 2218 1099 2268 ὲν
1126 2215 1244 2285 Θεῷ
1280 2216 1424 2286 μόνῳ
1446 2214 1839 2285 προσεύχεσθαι
1872 2214 1929 2262 ἐν

354 2309 574 2378 καρδία,
607 2310 701 2361 καὶ
741 2310 1037 2378 ἀπέχεσθαι
1066 2309 1369 2375 νοημάτων.
1400 2306 1623 2375 Ἡσυχία
1649 2306 1756 2376 γάρ
1784 2306 1929 2355 ἐστιν

354 2399 616 2461 ἀπόθεσις
648 2401 936 2468 νοημάτων
982 2400 1256 2467 αἰσθητῶν
1294 2416 1351 2451 τε
1386 2399 1483 2450 καὶ
1521 2397 1751 2467 νοητῶν,
1787 2395 1929 2448 κατὰ

356 2497 447 2545 τὸν
496 2493 594 2561 τῆς
627 2493 926 2557 Κλίμακος.
961 2492 1071 2560 Τὴν
1120 2491 1227 2557 γὰρ
1257 2489 1481 2557 δύναμιν
1520 2487 1686 2540 αὐτοῦ
1748 2487 1928 2537 πᾶσαν

357 2585 691 2643 κενώσαντος
714 2585 771 2636 ἐν
800 2586 865 2653 τῇ
903 2582 1070 2652 πολλῇ
1105 2581 1411 2651 ψαλμῳδίᾳ,
1449 2580 1701 2648 ἀτονήσει
1746 2581 1772 2631 6
1807 2576 1929 2638 νοῦς

356 2679 435 2737 εἰς
468 2674 528 2726 τὸ
548 2675 622 2743 μὴ
652 2675 926 2742 κραταιῶς
955 2675 1045 2725 xui.
1066 2672 1339 2739 ἐπιμόνως
1367 2670 1781 2740 προσεύχεσθαι.
1816 2668 1929 2719 N6-

315 2748 321 2753 .
356 2785 507 2837 κτωρ
535 2768 651 2837 μὲν,
678 2768 841 2839 φησιν
868 2770 896 2819 ὁ
924 2768 1021 2835 τῆς
1045 2765 1346 2835 Κλίμακος,
1383 2766 1448 2816 τὰ
1474 2764 1641 2815 πολλὰ
1672 2766 1734 2833 τῇ
1761 2779 1929 2830 προσ-

353 2864 488 2929 ευχῇ
557 2860 836 2925 δίδου,τα
904 2858 961 2911 δὲ
1025 2858 1232 2927 βραχέα
1282 2860 1347 2927 τῇ
1400 2856 1711 2926 ψαλμῳδίᾳ.
1769 2854 1925 2907 Οὕτω

354 2960 447 3010 καὶ
482 2955 546 3007 σὺ
584 2954 818 3021 ὀφείλεις
868 2955 1060 3005 ποιεῖν.
1096 2953 1223 3004 Ὀτε
1276 2950 1390 3021 ἴδῃς
1423 2953 1480 3002 ἐν
1510 2949 1588 3019 τῷ
1632 2948 1929 3015 καθίσματί

354 3066 449 3100 σου
482 3045 809 3115 ἐνεργοῦσαν
864 3044 961 3112 τὴν
991 3044 1299 3113 προσευχὴν
1350 3044 1444 3095 καὶ
1493 3041 1569 3111 μὴ
1615 3040 1930 3109 παυομένην
1956 3076 2001 3136 C

353 3137 625 3191 κινεῖσθαι
655 3138 714 3188 ἐν
740 3139 806 3205 τῇ
841 3136 1057 3205 καρδίᾳ,
1116 3138 1325 3204 μήποτε
1355 3136 1573 3204 ἀφήσῃς
1606 3130 1798 3200 αὐτὴν,
1835 3128 1928 3181 καὶ

352 3230 674 3285 ἀνίστασθαι
713 3230 935 3299 ψάλλειν
962 3229 1065 3290 ἕως
1090 3227 1303 3299 καιροῦ,
1341 3228 1434 3279 ἐὰν
1468 3226 1542 3296 μὴ
1570 3222 1928 3293 οἰκονομικῶς

354 3323 660 3395 καταλείψῃ
687 3340 766 3378 σε.
793 3323 897 3375 Τὸν
922 3322 1030 3391 γὰρ
1058 3321 1190 3374 Θεὸν
1223 3319 1539 3376 καταλιπὼν
1557 3318 1776 3381 ἔσωθεν,
1795 3316 1928 3379 ἔξω·

353 3421 445 3471 θἙν
494 3418 711 3469 ἴστασαι
762 3414 1102 3485 προσλαλῶν,
1131 3417 1195 3467 ἐκ
1224 3412 1331 3467 τῶν
1366 3411 1584 3479 ὑψηλῶν
1616 3412 1693 3472 εἰς
1731 3411 1798 3462 τὰ
1827 3426 1926 3477 χαι

353 3508 598 3579 μαιπετῆ
650 3506 1063 3577 παρεκκλίνωνο
1098 3506 1234 3557 ἀλλὰ
1282 3504 1373 3557 καὶ
1410 3503 1672 3571 σύγχυσιν
1731 3504 1923 3563 ποιεῖς,

353 3601 448 3653 καὶ
478 3599 570 3652 τὸν
612 3598 736 3651 νοῦν
772 3599 1127 3668 ἐκταράττεις
1158 3596 1266 3649 ἀπὸ
1311 3595 1411 3663 τῆς
1457 3596 1697 3663 γαλήνης
1730 3592 1921 3645 αὑτοῦ·

352 3692 555 3763 ἡσυχία
588 3693 718 3762 γάρ,
746 3691 884 3744 κατὰ
920 3690 981 3743 τὸ
1006 3690 1177 3758 ὄνομα
1226 3689 1417 3757 αὐτῆς,
1451 3688 1559 3740 xuii
1579 3687 1676 3756 τὴν
1730 3684 1926 3753 πρᾶξιν

350 3786 635 3854 κέκτηται,
676 3783 764 3837 διά
784 3783 843 3838 τὸ
876 3785 934 3835 ἐν
965 3784 1154 3852 εἰρήνῃ
1192 3783 1287 3833 καὶ
1313 3780 1531 3852 γαλήνῃ»
1562 3779 1707 3849 ἔχειν
1733 3778 1922 3845 αὐτὴν.

360 3879 420 3928 Ὀ
447 3878 579 3937 Θεὸς
618 3877 725 3945 γάρ
770 3877 958 3945 εἰρήνη
1020 3877 1157 3937 ἐστὶ,
1195 3873 1511 3942 συγχύσεως
1543 3873 1641 3924 καὶ·
1675 3870 1924 3941 κραυγῆς

350 3970 626 4021 ἐπέκεινα.
672 3969 763 4019 Δεῖ
814 3968 923 4034 γὰρ
972 3963 1263 4033 ἀγγελικὸν
1300 3962 1439 4017 εἶναι
1488 3964 1581 4016 καὶ
1619 3963 1708 4014 τὸν
1754 3961 1924 4030 ὕμνον

347 4058 506 4129 ήμῶν
542 4057 685 4109 κατά
712 4057 773 4108 τὸ
808 4056 1129 4122 πολίτευμα,
1182 4054 1275 4106 xui.
1303 4054 1362 4106 οὺ
1400 4054 1660 4122 σαρκικόν
1682 4069 1693 4081 ο
1726 4052 1785 4103 τὸ
1817 4053 1923 4118 γὰρ

350 4150 489 4220 μετὰ
527 4152 709 4217 φωνῆς
750 4149 807 4199 ὲν
865 4149 1079 4215 κραυγῇ
1140 4145 1360 4213 ψάλλειν
1430 4142 1754 4212 συμϐολικόν
1806 4145 1921 4194 ἐστι

346 4243 540 4311 νοερᾶς
577 4238 846 4308 κραυγῆς,
895 4239 990 4290 καὶ
1034 4237 1121 4290 διὰ
1150 4240 1247 4306 τὴν
1281 4237 1555 4307 ῥαθυμίαν
1608 4235 1702 4287 xui.
1732 4235 1921 4305 ἀγροι-

346 4333 469 4385 κίαν
494 4331 650 4401 ημῶν
672 4329 893 4391 δίδοται,
927 4328 1015 4381 διά
1040 4329 1100 4381 τὸ
1124 4328 1497 4395 ἐπανάγεσθαι
1536 4326 1671 4395 πρὸς
1705 4312 1776 4378 τ’
1792 4326 1923 4392 ἀλη-

2401 1466 2673 1531 Ouomodo
2714 1466 2937 1529 psallere
2971 1475 3226 1529 oporteat.

2100 1579 2203 1633 Alii
2267 1578 2456 1631 dicunt
2521 1592 2665 1639 raro,
2710 1578 2799 1629 alii
2853 1592 3015 1642 saepe,
3052 1576 3140 1627 alii
3189 1566 3487 1643 nunquam.
3519 1573 3600 1625 Tn

2032 1686 2160 1721 vero
2212 1685 2312 1725 nec
2369 1684 2509 1736 smpe
2548 1669 2731 1736 psalle,
2771 1685 2836 1720 ne
2897 1668 3225 1733 perturberis
3264 1685 3275 1727 ;
3315 1681 3415 1721 nec
3464 1682 3604 1717 nuu-

2032 1776 2215 1829 quam,
2269 1775 2336 1813 ne
2387 1768 2644 1825 sequatur
2708 1758 2955 1813 remissio
2982 1766 3034 1811 et
3066 1757 3428 1823 incuria;sed
3481 1772 3603 1809 raro

2034 1852 2327 1921 psallentes
2369 1850 2603 1902 imitare.
2639 1848 2771 1901 Nam
2795 1865 2953 1902 omne
2977 1850 3310 1901 moderatum
3340 1851 3601 1915 optimutn

2031 1953 2133 2008 est,
2156 1942 2308 2010 juxta
2348 1944 2486 1994 haud
2521 1942 2855 2009 desipientes
2882 1942 3170 2008 sapientes.
3208 1940 3429 1993 Mullum
3460 1941 3601 1991 enim

2033 2034 2288 2103 psallere,
2313 2044 2395 2088 est
2422 2035 2807 2103 practicorum,
2838 2035 3193 2099 atlhncextra
3220 2033 3426 2097 gnosim
3454 2032 3605 2085 labo—

2033 2127 2289 2189 rautium,
2329 2129 2469 2179 ltattd
2518 2142 2649 2180 vero
2694 2127 3020 2194 quieturum,
3058 2125 3348 2177 valentium
3405 2126 3455 2177 in
3488 2125 3604 2176 solo

2035 2221 2141 2273 Deo
2168 2220 2329 2275 corde
2366 2235 2523 2273 orare
2553 2232 2604 2273 et
2637 2235 2665 2271 a
2688 2218 3111 2283 cogitationibus
3182 2233 3397 2271 vacare.
3430 2236 3446 2268 ι
3498 2217 3604 2269 No-

2029 2324 2279 2373 eturnus,
2302 2312 2475 2378 inquit
2507 2311 2733 2373 Clitnax,
2762 2311 2983 2362 multnnt
3017 2310 3246 2362 orationi
3292 2310 3379 2374 da,
3412 2324 3606 2378 parum

2032 2403 2360 2471 psaltnodite.
2410 2426 2428 2455 ι
2457 2403 2547 2455 Sic
2578 2414 2632 2455 et
2665 2411 2718 2454 tu
2753 2401 2928 2454 facere
2960 2402 3146 2454 debes.
3178 2402 3311 2479 Cum
3369 2402 3518 2454 vides
3550 2401 3602 2453 in

2032 2498 2273 2550 sessione
2325 2506 2412 2547 tua
2465 2495 2677 2560 onerari
2730 2494 3032 2547 orationem
3062 2504 3117 2546 et
3146 2493 3515 2545 indesinenter
3547 2493 3597 2543 in

2032 2586 2525 2649 eordemoveri,‘ue
2555 2601 2792 2653 unquam
2826 2586 3071 2637 dimittas
3096 2600 3240 2645 eam,
3272 2600 3375 2637 neu
3413 2599 3603 2650 surgas

2034 2691 2092 2732 ut
2129 2681 2329 2747 psallas
2365 2683 2430 2732 ad
2460 2691 2693 2747 tempus,
2720 2678 2819 2730 nisi
2849 2687 2920 2742 te,
2957 2678 3267 2744 providente
3295 2675 3423 2739 Ded,
3453 2676 3607 2728 dere-

2035 2773 2266 2839 liuqttat.
2314 2772 2447 2825 Nam
2506 2771 2674 2825 Deum
2725 2770 3039 2837 relinquens
3090 2771 3337 2832 interius,
3370 2768 3609 2820 exterius

2032 2877 2145 2917 stas
2166 2865 2548 2931 alloquens,ex
2580 2863 2901 2916 sublimibus
2929 2863 2993 2913 ad
3020 2862 3297 2915 terrestria
3325 2859 3607 2919 deﬂexus;

2032 2957 2162 3024 quin
2194 2957 2356 3009 etiam
2394 2955 2764 3009 confusionem
2795 2953 2963 3016 facis,
2994 2963 3047 3006 ct
3077 2961 3309 3005 mentem
3357 2951 3611 3003 exturbas

2034 3062 2062 3098 a
2107 3062 2202 3101 sua
2257 3046 2693 3115 tranquillitate;
2746 3060 2937 3113 nempe
2964 3044 3138 3112 quies,
3172 3053 3229 3095 ut
3263 3042 3464 3095 indicat
3506 3056 3607 3093 no-

2038 3157 2160 3193 ιιιυιι
2212 3140 2353 3206 ejus,
2386 3140 2453 3193 ad
2502 3140 2710 3206 praxim
2766 3153 2826 3193 se
2860 3138 3127 3201 extendit,
3150 3146 3209 3190 ut
3242 3152 3359 3192 eam
3395 3138 3446 3189 in
3481 3152 3612 3203 pace

2035 3232 2441 3299 serenitateque
2472 3240 2669 3285 teneat.
2705 3229 2846 3284 Deus
2876 3230 3018 3283 enim
3052 3244 3151 3297 pax
3184 3236 3288 3293 est,
3326 3229 3443 3282 sine
3484 3242 3615 3281 cou-

2034 3323 2250 3377 fnsioue
2281 3338 2344 3377 ac
2375 3324 2631 3377 tumultu.
2664 3320 2892 3390 Oportet
2938 3323 3097 3391 igitur
3138 3321 3440 3391 angelicum
3493 3335 3614 3374 esse

2034 3414 2295 3483 hymnum
2339 3425 2581 3468 nostrmn
2616 3425 2778 3483 atque
2811 3423 3039 3479 statum,
3068 3414 3211 3467 haud
3250 3427 3385 3465 vero
3421 3426 3615 3465 carna—

2036 3505 2161 3559 lem.
2196 3505 2332 3559 Natn
2386 3521 2507 3558 cmn
2547 3501 2679 3560 voce
2720 3507 2957 3561 clamosa
2992 3506 3248 3573 psallere,
3280 3507 3494 3573 signum
3532 3515 3615 3557 est

2035 3596 2253 3664 trepida:
2286 3597 2807 3665 mentis,etpr0pter
2842 3597 3128 3666 segnitiem
3163 3604 3217 3649 et
3251 3596 3607 3649 rusticitatem

2032 3699 2273 3741 nostram
2318 3689 2652 3752 conceditur,
2686 3698 2744 3743 ut
2784 3688 2849 3742 ad
2903 3688 3193 3742 veritatem
3250 3696 3614 3741 revertamur.

2031 3776 2416 3832 Nescientibus
2463 3779 2609 3833 enim
2643 3777 2947 3832 orationem
2979 3790 3122 3839 esse,
3157 3786 3215 3830 ιιι
3261 3776 3335 3829 ait
3369 3773 3608 3829 Joannes

2031 3865 2263 3934 Climax,
2302 3871 2503 3925 fontem
2542 3871 2803 3924 virtutum
2835 3871 3027 3924 insitas
3075 3871 3270 3923 anima:
3302 3870 3445 3923 vires
3483 3869 3610 3921 irri-
3664 3884 3673 3891 ·

2032 3974 2267 4035 gantem,
2293 3965 2551 4018 Convenit
2579 3964 2807 4015 multum
2839 3963 3090 4029 psallere,
3111 3971 3165 4014 et
3184 3963 3302 4015 sine
3326 3976 3607 4021 mensura,

2030 4067 2083 4109 et
2111 4070 2324 4123 semper
2353 4056 2562 4107 variare
2592 4055 2781 4115 multa,
2800 4065 2852 4108 et
2874 4069 3145 4122 nunquam
3173 4067 3409 4115 cessare,
3434 4056 3607 4105 donec

2030 4161 2059 4200 a
2124 4146 2289 4200 multa
2346 4147 2722 4215 laboriosaque
2780 4145 2932 4215 praxi
2982 4144 3048 4198 ad
3087 4144 3603 4211 contemplationem

2031 4239 2337 4307 progressi,
2397 4239 2701 4291 orationem
2782 4236 3074 4291 mentalem
3136 4237 3409 4288 inveniant
3473 4235 3613 4288 intra

2033 4329 2178 4395 ipsos
2222 4338 2561 4396 Operantem.
2601 4327 2719 4381 Alia
2748 4327 2948 4395 quippe
2989 4337 3072 4382 est
3106 4328 3304 4397 quietis
3331 4326 3534 4394 praxis,
3562 4336 3609 4378 et

345 4427 433 4495 θῆ.
466 4426 591 4486 Τοῖς
619 4424 725 4494 γάρ
770 4422 844 4492 μὴ
873 4422 1036 4474 εἰδόσι
1083 4421 1409 4499 προσευχὴν,
1449 4420 1585 4491 ὅπερ
1618 4419 1767 4472 ἐστὶν
1791 4419 1918 4489 άρε-

2035 4419 2138 4473 alia
2195 4420 2515 4482 caanobitaa;
2578 4422 2947 4487 unusquisque
2994 4428 3175 4472 autem
3237 4418 3288 4471 in
3330 4418 3615 4470 vocatione

340 4512 450 4567 τῶν
477 4514 651 4582 πηγὴ,
680 4510 819 4565 κατὰ
838 4512 930 4563 τὸν
955 4510 1052 4579 τῆς
1077 4511 1353 4580 Κλίμακος
1373 4512 1644 4580 Ἰωάννην,
1669 4509 1921 4579 ἀρδεύου-

344 4623 411 4657 σα
436 4604 586 4673 φυτά
614 4605 710 4666 τὰς
746 4602 845 4671 τῆς
874 4601 1048 4671 ψυχῆς
1078 4602 1355 4671 δυνάμεις,
1410 4601 1611 4671 πρέπει
1660 4601 1719 4653 τὸ
1750 4600 1922 4653 πολλὰ

338 4695 582 4766 ψάλλειν,
622 4693 716 4745 καὶ
757 4693 1034 4761 ἀμέτρως,
1082 4682 1175 4749 καὶ
1213 4690 1300 4743 ἀεὶ
1332 4692 1389 4741 ἐν
1437 4690 1681 4760 ποικιλίᾳ
1711 4688 1919 4742 πολλῶν

246 4787 253 4795 ’
340 4786 504 4853 εἶναι,
549 4786 651 4839 καὶ·
679 4784 951 4853 μηδέποτε
1012 4782 1303 4847 παύεσθαι,
1349 4782 1453 4845 ἓως
1484 4782 1549 4835 ἂν
1578 4782 1685 4835 ἀπὸ
1721 4782 1919 4851 πολλῆς

338 4878 601 4931 ἐπιπόνου
640 4874 892 4945 πράξεως
934 4876 1013 4935 είς
1049 4873 1284 4942 θεωρίαν
1316 4872 1656 4942 προκόψωσι,
1688 4890 1918 4943 προσευο

336 4971 439 5042 χὴν
505 4968 697 5038 νοερὰν
753 4966 1085 5035 εὑρηκότες,
1141 4965 1471 5034 ἐνεργοῦσαν
1522 4965 1671 5027 ἐντὸς
1714 4965 1915 5020 αὐτῶν.

341 5063 515 5131 Ἀλλη
544 5063 653 5131 γάρ
676 5062 793 5112 ἐστι
823 5060 922 5127 τῆς
961 5060 1189 5128 ἡσυχίας
1214 5061 1247 5129 η
1284 5060 1501 5125 πρᾶξις,
1527 5060 1620 5111 καὶ
1643 5059 1805 5128 ἑτέρα
1823 5058 1916 5110 τοῦ

338 5155 633 5210 κοινοὸίου.
661 5154 929 5215 Ἕκαστος
959 5152 1015 5205 δὲ
1044 5154 1101 5204 ἐν
1138 5146 1181 5218 ᾧ
1208 5151 1410 5222 ἐκλήθη
1440 5152 1785 5222 προσμένων,
1811 5168 1918 5203 σω-

338 5253 584 5320 θήσεται.
615 5247 706 5299 Διὸ
743 5246 958 5299 δέδοικα
979 5246 1206 5315 γράφειν
1235 5245 1322 5297 διὰ
1337 5245 1461 5307 τοὺς
1490 5244 1752 5308 ἀσθενεῖς,
1778 5242 1917 5313 ὀρῶν

342 5361 401 5396 σε
457 5342 623 5410 μέσον
682 5338 889 5391 τούτων
926 5337 1418 5409 ἀναστρεφόμενον.
1487 5338 1601 5402 Πᾶς
1643 5337 1751 5407 γὰρ
1785 5339 1813 5389 6
1858 5336 1918 5400 ἐξ

335 5435 529 5503 ἀκοῆς,
568 5432 599 5499 ἢ
640 5430 923 5501 μαθήσεως
957 5432 1014 5483 ἐν
1056 5433 1329 5500 προσευχῇ
1387 5429 1632 5499 πάσχων,
1683 5429 1916 5482 ἀπόλλυε

334 5545 449 5588 ται,
480 5526 555 5587 ὠς
584 5526 673 5576 τὸν
715 5523 1013 5593 ὁδηγοῦντα
1047 5524 1122 5591 μὴ
1156 5523 1524 5592 κεκτημένος·
1558 5523 1586 5574 6
1616 5522 1673 5575 δὲ
1712 5521 1913 5590 γευσά-

338 5632 501 5689 μενος
530 5617 623 5686 τῆς
656 5615 1120 5687 χάριτος,όφείλει
1154 5616 1480 5685 συμμέτρως
1504 5614 1743 5684 ψάλλειν,
1780 5616 1916 5666 κατά

337 5714 463 5774 τοὺς
522 5711 792 5777 Πατέρας,
856 5710 915 5761 τὺ
950 5709 1200 5761 πλεῖστον
1236 5707 1631 5778 ἀσχολούμενος
1676 5710 1768 5772 εἰς
1817 5706 1914 5776 τὴν

2029 4527 2127 4569 sua
2181 4527 2524 4582 permanens,
2558 4513 2876 4565 salvahitur.
2910 4511 3094 4579 Itaque
3131 4525 3324 4565 vereor
3366 4511 3609 4564 scribere

2030 4612 2248 4675 propter
2287 4605 2515 4667 debiles,
2554 4604 2743 4657 videns
2803 4613 2855 4656 te
2909 4602 3146 4656 medium
3191 4604 3330 4656 inter
3358 4618 3448 4657 eos
3478 4619 3606 4656 cou-

2031 4705 2360 4751 versantem.
2406 4693 2665 4763 Quisquis
2709 4694 2856 4748 enim
2919 4710 2987 4748 ex
3038 4693 3177 4747 fama
3227 4706 3281 4748 et
3331 4696 3609 4748 auditione

2032 4787 2265 4843 orationi
2299 4788 2526 4857 passiva:
2571 4797 2745 4853 vacat,
2779 4800 2993 4854 pessum
3024 4787 3087 4849 it,
3119 4789 3243 4855 quia
3281 4788 3468 4842 ducem
3500 4804 3609 4840 non

2034 4880 2232 4936 habet:
2283 4880 2375 4949 qui
2428 4890 2609 4933 autem
2653 4880 2891 4947 gustavit
2959 4879 3211 4947 gratiam,
3270 4878 3432 4933 debet
3484 4897 3603 4932 cum

2035 4986 2284 5027 mensura
2325 4971 2579 5041 psallere,
2607 4972 2927 5040 plerumque
2974 4972 3206 5025 orationi
3240 4987 3483 5035 vacans;
3518 4975 3609 5041 qni
3696 4986 3699 4990 ‘

2032 5079 2162 5119 vero
2221 5064 2403 5133 segnis
2458 5074 2572 5126 est,
2608 5062 2803 5132 psallat
2855 5062 3104 5131 legatque
3165 5078 3329 5129 opera
3389 5064 3606 5115 Patrum

2030 5155 2291 5226 practica.
2328 5154 2605 5225 Siquidem
2643 5170 2746 5209 non
2774 5156 2939 5208 remis
2972 5155 3175 5224 indiget
3207 5156 3380 5220 navis,
3444 5167 3608 5211 vente

2031 5251 2151 5305 vela
2212 5250 2452 5314 inﬂante,
2495 5249 2785 5303 secundam
2842 5264 3034 5317 nempe
3088 5264 3273 5301 auram
3320 5252 3367 5301 ei
3417 5252 3605 5317 spiritu

2032 5341 2251 5395 alﬂante
2287 5341 2353 5395 ad
2402 5325 2633 5395 Strictim
2663 5340 2953 5393 labendum
2989 5341 3042 5393 in
3076 5340 3218 5394 salso
3249 5342 3605 5411 cupiditatum

2035 5434 2192 5498 tnari,
2220 5433 2313 5487 sed
2369 5433 2679 5498 immorata,
2703 5432 2870 5484 remis
2902 5440 2995 5484 aut
3021 5432 3209 5501 cymba
3266 5433 3523 5486 trahitur.
3552 5437 3608 5485 Si

2032 5527 2121 5592 qui
2184 5540 2310 5579 vero
2370 5524 2655 5578 ambitiose
2708 5524 2969 5594 objiciunt
3018 5534 3236 5578 sanctos
3282 5524 3488 5591 Patres,
3522 5537 3615 5585 ant

2034 5618 2244 5686 aliquos
2291 5632 2434 5670 nunc
2476 5616 2757 5684 degentes,
2796 5628 3048 5685 tanquam
3076 5627 3183 5668 tota
3219 5627 3376 5669 nocte
3408 5628 3615 5673 stantes

2035 5720 2087 5763 et
2134 5710 2390 5764 facientes
2424 5707 2798 5777 psalmodiam,
2832 5708 2934 5763 illis
2967 5725 3030 5764 ex
3075 5708 3353 5778 Scriptura
3389 5722 3609 5779 respOn-
