4224 6464
312 394 446 459 133⁵1

1352 399 1762 461 PR/ECEPTA
1808 400 1908 460 AD
1951 398 2517 465 HESYCHASTAS.

3429 398 3562 466 1338

308 530 459 571 κασι,
491 514 584 565 καὶ
632 512 662 563 6
703 511 802 581 μὲν
838 510 1037 579 ὀλίγον,
1065 512 1093 564 6
1125 510 1183 565 δὲ
1214 510 1348 563 πολὺ
1383 510 1562 565 δέεται
1590 511 1725 581 πρὸς
1786 512 1878 565 σύ·

1979 515 2093 570 bitu
2123 516 2442 585 requiritur.
2471 515 2720 569 Attamen
2767 513 3025 584 quietista
3057 527 3277 584 semper
3310 516 3559 568 esuriens

310 622 500 657 στασιν
556 604 653 673 τῆς
679 602 915 672 φυσικῆς
945 602 1108 656 αὐτοῦ
1147 603 1448 672 δυνάμεως,
1479 603 1710 666 ἕκαστος
1736 604 1878 657 κατὰ

306 700 406 766 τὴν
438 697 669 767 δύναμιν
718 697 811 749 καὶ
864 699 964 764 τὴν
1013 695 1125 760 ἕξιν
1170 696 1604 767 ὲπαρκούμενος.
1640 698 1878 766 Ὀμωςὸ

307 788 617 857 ἡσυχάζων,
663 787 893 841 πάντοτε
927 785 1113 855 ἐνδεὴς
1135 786 1339 855 ὀφείλει
1371 783 1531 848 εἶναι,
1564 788 1640 856 μὴ
1689 803 1878 855 κορενο·

305 880 556 949 νύμενος·
591 878 959 949 βαρυνομένου
1018 879 1128 949 γάρ
1185 876 1282 930 τοῦ
1329 878 1623 947 στομάχου,
1655 877 1749 931 καὶ
1782 874 1875 928 τοῦ

304 973 422 1035 v06;
450 970 776 1032 θολωθέντος
806 969 896 1022 διὰ
924 969 1133 1033 τούτου,
1165 968 1285 1022 οὐδὲ
1320 971 1628 1039 προσευχὴν
1656 967 1877 1021 δύναται

304 1063 484 1131 λέγειν
517 1062 813 1132 κραταιῶς,
846 1062 880 1131 ἢ
914 1060 1193 1130 καθαρῶς,
1245 1060 1359 1112 ἀλλ’
1414 1062 1478 1114 ἐκ
1524 1061 1625 1131 τῆς
1674 1059 1876 1113 ἀναθυ-

307 1155 545 1225 μιάσεως
571 1150 680 1205 τῶν
710 1150 921 1203 πολλῶν
952 1149 1259 1221 βρωμάτων
1278 1149 1354 1220 τῷ
1385 1149 1537 1219 ὕπνῳ
1566 1151 1877 1220 καταφερό-

306 1265 490 1317 μενος,
518 1245 849 1316 κοιμηθῆναι
873 1245 1084 1313 ταχέως
1114 1244 1387 1306 ἐπιποθεῖ,
1422 1243 1482 1308 ἐξ
1502 1238 1564 1298 οὗ
1585 1243 1876 1312 φαντασίαι

303 1342 665 1412 ἀναρίθμητοι
711 1342 769 1392 ὲν
800 1338 879 1409 τῷ
903 1338 1056 1409 ὕπνῳ
1107 1337 1461 1391 ἐπιπίπτουσι
1514 1337 1592 1408 τῷ
1621 1338 1719 1389 νοῒ.
1752 1337 1875 1391 Τοι-

302 1432 509 1501 γαροῦν
534 1430 610 1498 τῷ
645 1429 954 1499 βουλομένῳ
1005 1429 1282 1498 σωτηρίας
1326 1431 1532 1499 τυχεῖν,
1566 1429 1661 1479 καὶ
1685 1427 1869 1498 βιαζοο

304 1526 451 1593 μένῳ
504 1522 595 1575 διὰ
648 1523 738 1573 τὸν
804 1520 1007 1592 Κύριον
1069 1521 1286 1590 ἡσύχως
1316 1521 1533 1590 βιῶναι,
1562 1519 1750 1589 ἄρτου,
1798 1520 1873 1583 ὡς

298 1618 478 1685 οἶμαι,
510 1615 667 1685 λίτρα
698 1615 876 1667 ικανοί
927 1614 1100 1682 αὐτῷ,
1156 1614 1250 1666 καὶ
1305 1612 1517 1677 ὓδατος,
1564 1613 1660 1665 καὶ
1704 1613 1869 1674 οίνου,

301 1709 441 1760 κατὰ
460 1708 559 1776 τὴν
586 1706 822 1774 ἡμέραν,
848 1704 996 1772 τρία,
1026 1703 1059 1773 ἢ
1089 1704 1332 1775 τέσσαρα
1358 1707 1615 1775 ποτήρια,
1642 1705 1736 1757 καὶ
1766 1703 1873 1755 ἀπὸ

296 1801 407 1851 τῶν
466 1798 895 1869 παρατυχόντων
952 1796 1258 1866 βρωμάτων
1290 1797 1471 1863 ὀλίγον
1530 1797 1596 1850 ἐκ
1655 1797 1871 1849 πάντων

298 1892 441 1942 κατά
464 1892 655 1958 καιρὸν
687 1889 1141 1957 μεταλαμϐάνειν,
1193 1888 1580 1957 ἀπωθούμενον
1609 1888 1708 1955 τὴν
1733 1885 1869 1952 πλη-

299 1982 524 2051 σμονὴν,
560 1981 645 2032 ’ίνα
687 1982 788 2033 κάν
834 1980 1007 2050 τούτῳ
1039 1980 1217 2049 σοφῶς
1267 1980 1629 2050 χρησάμενος,
1661 1979 1753 2030 τὸν
1778 1975 1873 2030 τύ·-

296 2094 396 2144 φον
423 2076 510 2127 διὰ
544 2076 641 2144 τῆς
673 2067 737 2127 ἐκ
766 2077 983 2128 πάντων
1022 2074 1379 2144 μεταλήψεως
1417 2074 1678 2142 ἐκφυγεῖν
1708 2071 1867 2139 δυνή-

296 2184 480 2235 σηται,
537 2168 629 2219 καὶ
683 2167 752 2219 τά
800 2167 894 2221 τοῦ
925 2166 1061 2220 Θεοῦ
1119 2166 1237 2219 λίαν
1268 2167 1407 2219 καλὰ
1463 2168 1743 2235 ποιήματα
1793 2161 1868 2233 μὴ

300 2256 625 2328 βδελύξοιτο,
650 2258 992 2330 εὐχαριστῶν
1015 2259 1162 2329 αὐτῷ
1192 2259 1331 2329 ὑπὲρ
1355 2259 1589 2311 πάντων·
1614 2258 1706 2310 καὶ
1730 2255 1866 2324 αὕτη

292 2357 402 2410 τῶν
427 2356 708 2426 φρονίμων
757 2358 791 2425 ἡ
849 2356 1143 2427 διάκρισις.
1177 2359 1301 2420 Τοῖς
1330 2358 1385 2409 δὲ
1415 2357 1699 2411 ἀσθενοῦσι
1732 2358 1876 2411 κατὰ

295 2451 500 2511 πίστιν,
544 2448 640 2502 καὶ
678 2447 821 2500 κατὰ
846 2448 1048 2519 ψυχὴν,
1104 2451 1138 2519 ἡ
1189 2452 1369 2520 ἀποχὴ
1417 2451 1576 2503 πλέον
1611 2451 1877 2520 συμφέρει

294 2543 405 2594 τῶν
435 2541 733 2610 ἐδωδίμων,
757 2536 838 2602 οἷς
863 2541 1071 2610 λάχανα
1101 2541 1302 2594 ἐσθίειν
1350 2542 1636 2594 ἐκέλευσεν
1664 2544 1692 2593 6
1727 2543 1880 2595 ’Λπό-

297 2634 506 2698 στόλος,
548 2634 636 2687 διὰ
681 2636 743 2686 τὸ
787 2637 861 2704 μὴ
896 2636 1178 2686 πιστεύειν
1208 2636 1402 2696 αὐτοὺς
1432 2636 1495 2686 ἐκ
1529 2634 1664 2686 Θεοῦ
1705 2634 1877 2701 φυλα-

292 2726 511 2799 χθῆναι.
542 2726 605 2777 Τί
662 2727 719 2778 δέ
762 2744 841 2778 σοι
904 2728 1064 2787 είς-τω,
1089 2727 1171 2778 ὅτι
1206 2726 1408 2778 κανόνα
1466 2724 1757 2795 ἐζήτησας,
1784 2726 1879 2779 καὶ

297 2819 464 2888 βάρος
516 2819 674 2879 πολὺ,
715 2819 892 2887 γέρων
942 2817 1053 2881 ὥνς
1114 2810 1367 2884 νεώτεροι
1418 2820 1478 2871 οὐ
1535 2820 1786 2870 δύνανται
1818 2820 1880 2873 ιν

298 2908 529 2978 σταθμῷ
559 2910 657 2961 καὶ
711 2910 916 2979 μέτρῳ,
955 2909 1049 2961 καὶ
1092 2909 1207 2969 πῶς
1245 2912 1309 2961 σὺ
1374 2910 1669 2979 κρατήσεις
1710 2910 1876 2974 αὑτός

294 3000 407 3069 Τὴν
440 2998 758 3070 ἐλευθερίαν
815 3000 923 3068 γάρ
974 3000 1175 3070 πρέπει
1211 3018 1292 3052 σοι
1336 3002 1560 3069 κρατεῖν
1603 3002 1662 3052 ὲν
1693 2985 1878 3065 παντὶ,

294 3091 531 3144 ἐσθίοντι
552 3106 565 3120 ⁸
595 3091 642 3142 εἰ
680 3091 736 3142 δὲ
770 3091 1023 3161 ἦττασαι,
1068 3090 1375 3162 μεταμελοῦ
1396 3131 1411 3151 ,
1441 3092 1536 3144 καὶ
1569 3091 1730 3145 πάλιν
1760 3093 1880 3144 ἐπι·

296 3184 577 3253 χείρησον,
612 3184 709 3235 καὶ
772 3181 846 3252 μὴ
892 3182 1075 3253 παύσῃ
1105 3182 1247 3236 οὕτω
1292 3182 1462 3234 ποιῶν
1506 3182 1760 3244 πάντοτε,
1793 3182 1946 3268 ντί-ο

296 3294 472 3338 πτων,
507 3275 599 3326 καὶ
655 3274 1030 3344 ἐγειρόμενος,
1079 3278 1174 3327 καὶ
1225 3276 1575 3343 μεμφόμενος
1598 3274 1685 3326 ἀεὶ
1717 3291 1878 3326 σεαυ-

293 3369 410 3431 τὸν,
443 3368 540 3419 καὶ
571 3367 645 3437 μὴ
676 3367 855 3429 ἄλλον,
889 3367 984 3420 καὶ
1032 3367 1174 3430 ἕξεις
1216 3367 1545 3428 ἀνάπαυσιν,
1581 3367 1759 3435 σοφῶς
1792 3367 1881 3419 διὰ

295 3458 609 3526 πτωμάτων
641 3456 738 3526 τῆν
773 3458 931 3527 νίκην
960 3456 1303 3526 ποιούμενος,
1332 3457 1472 3508 κατὰ
1502 3455 1599 3526 τὴν
1632 3457 1669 3507 Γ
1678 3457 1877 3526 ραφήνο

293 3549 438 3617 πλὴν
489 3550 564 3618 μὴ
597 3548 944 3619 παραϐαίνῃς
982 3549 1072 3601 τὸν
1111 3550 1235 3618 ὅρον
1281 3548 1341 3601 ὃν
1383 3548 1752 3618 προεθέμεθα,
1784 3548 1881 3601 καὶ

294 3640 461 3708 ἀρκεῖ
491 3653 593 3690 σοι·
626 3640 747 3691 οὐδὲ
778 3641 887 3709 γὰρ
921 3640 1219 3707 ῥωννύουσι
1261 3640 1320 3693 16
1377 3640 1534 3710 σῶμα
1590 3641 1649 3693 αἱ
1695 3628 1881 3691 λοιπαὶ

297 3730 532 3800 βρώσεις
574 3729 848 3795 τοσοῦτον,
879 3732 1004 3782 ὅσον
1034 3732 1067 3798 ἡ
1095 3730 1190 3782 τοῦ
1218 3731 1382 3796 ἄρτου
1434 3731 1525 3783 καὶ
1556 3730 1747 3792 ὓδατος
1784 3748 1879 3799 με-

293 3822 551 3893 τάληψις.
593 3824 691 3876 Διὰ
742 3824 903 3875 τοῦτο
953 3824 1140 3891 ἔλεγεν
1180 3826 1207 3877 ὁ
1259 3825 1569 3893 Προφήτης,
1614 3826 1696 3876 Τὰ
1743 3825 1880 3877 ἄλλα

294 3916 376 3974 είς
428 3915 584 3966 οὐδὲν
618 3912 869 3982 θέμενος,
912 3915 993 3967 υίὲ
1043 3914 1354 3985 ἀνθρώπου,
1406 3915 1631 3985 σταθμῷ
1660 3916 1749 3968 16v
1777 3917 1879 3985 ἄρα

292 4022 388 4058 τον
433 4022 534 4058 σου
586 4006 824 4072 φάγεσαι
876 4006 969 4057 καὶ
1027 4005 1211 4075 μέτρῳ
1260 4005 1322 4057 16
1356 4003 1498 4075 ὕδωρ
1539 4022 1634 4057 σου
1671 4008 1876 4058 πίεσαιο

292 4100 442 4166 τρεῖς
470 4096 580 4167 γάρ
619 4098 775 4164 ὅρους
798 4096 911 4166 ἔχει
958 4098 990 4166 ἡ
1025 4096 1247 4165 βρῶσις,
1281 4096 1639 4167 ἐγκράτειαν,
1672 4098 1876 4167 αὐτάρ-

295 4208 477 4252 κειαν,
508 4191 601 4241 καὶ
638 4190 823 4258 κόρον.
865 4190 1194 4256 Ἐγκράτειά
1225 4190 1341 4241 ἐστι
1393 4190 1455 4242 16
1487 4192 1675 4260 πεινᾷν
1707 4192 1881 4242 ὲστια·

1980 608 2138 660 debet
2161 622 2307 672 esse,
2342 621 2452 661 non
2488 615 2805 663 saturatus:
2838 615 3065 677 gravato
3096 605 3245 660 enim
3277 605 3559 659 stomacho

1976 708 2032 753 et
2065 710 2242 754 mento
2273 716 2367 768 per
2406 701 2549 755 hunc
2587 700 2826 762 turbata,
2880 714 2986 753 non
3026 708 3205 769 potest
3253 697 3556 751 orationem

1979 790 2163 845 dicere
2222 790 2442 847 fortiter
2489 807 2552 845 ac
2617 805 2775 861 pure,
2832 790 2928 845 sed
2966 792 3258 843 multorum
3307 789 3555 841 ciborum

1978 881 2276 949 vaporibus
2310 882 2375 934 ad
2426 896 2678 936 somnum
2712 892 2920 951 raptus,
2978 882 3178 935 cubare
3226 882 3334 935 cito
3383 882 3599 946 cupit,-

1978 977 2120 1029 umle
2182 975 2463 1028 innumera
2507 976 2560 1028 in
2611 990 2804 1029 somno
2839 976 3216 1044 phantasmata
3271 975 3438 1029 menti
3476 975 3559 1027 in-

1981 1075 2206 1136 gruunt.
2253 1064 2399 1133 Ergo
2424 1066 2627 1118 volenti
2661 1067 2892 1121 salutem
2921 1065 3206 1132 consequi,
3238 1075 3291 1117 et
3336 1064 3557 1118 conanti

1977 1166 2199 1225 propter
2262 1156 2549 1210 Dominum
2600 1159 2785 1225 quiete
2835 1160 3041 1221 vivere,
3076 1159 3257 1226 panis,
3310 1165 3367 1209 ut
3402 1167 3555 1224 puto,

1979 1248 2116 1301 libra
2146 1246 2362 1311 sutlicit,
2404 1258 2458 1302 et
2502 1264 2658 1317 aqua:
2714 1264 2779 1304 ac
2819 1248 2928 1300 vini
2968 1250 3069 1301 tria
3123 1250 3200 1302 vel
3235 1260 3434 1317 qttator
3468 1264 3561 1315 po-

1989 1341 2133 1403 cuia,
2159 1349 2217 1393 et
2268 1354 2336 1393 ex
2387 1341 2805 1395 occurrentibus
2853 1339 2993 1394 cibis
3042 1340 3293 1395 omnibus
3327 1355 3558 1408 paucnm

1976 1433 2283 1495 desumere,
2340 1431 2539 1497 reiecta
2591 1434 2769 1501 copia,
2826 1443 2883 1485 ut
2918 1433 3020 1487 hoc
3068 1448 3242 1502 pauco
3281 1434 3560 1502 sapienter

1978 1534 2160 1586 utens,
2232 1524 2539 1593 superbiam
2608 1525 2876 1577 sumendo
2926 1540 2996 1578 ex
3050 1526 3303 1577 omnibus
3374 1524 3559 1591 lugete

1978 1619 2170 1684 possit,
2206 1629 2260 1670 et
2300 1617 2664 1685 pulcherrima
2697 1616 2790 1669 Dei
2852 1632 3015 1685 opera
3068 1633 3172 1671 non
3234 1618 3553 1679 abhorreat,

1978 1709 2180 1778 gratias
2214 1710 2259 1762 ei
2293 1727 2461 1777 agens
2494 1710 2561 1764 de
2596 1712 2886 1765 omnibus:
2918 1721 2969 1763 et
2999 1713 3101 1763 hoc
3124 1722 3208 1763 est
3230 1712 3555 1776 sapientium

1973 1804 2263 1872 judicium.
2296 1804 2531 1857 lntirmis
2562 1817 2741 1857 autent
2778 1804 2882 1859 ﬁde
2912 1813 2968 1858 et
3007 1806 3185 1857 anima
3232 1806 3404 1873 magis
3431 1820 3559 1872 pro-

1981 1897 2100 1949 dest
2130 1912 2189 1949 ca
2204 1898 2315 1949 ruis
2344 1897 2669 1949 abstinentia
2696 1913 2711 1952 :
2746 1897 2944 1965 quibus
2986 1898 3251 1966 legumina
3302 1900 3559 1967 praecepit

1980 1991 2291 2057 Apostolus,
2334 1991 2458 2057 quia
2496 2004 2600 2041 non
2633 1989 2864 2041 credunt
2895 1990 2992 2057 ipsi
3024 2005 3084 2041 se
3114 2004 3141 2038 a
3195 1988 3305 2042 Deo
3334 2003 3558 2041 servan-

1983 2084 2100 2137 dos.
2166 2082 2305 2147 Quid
2361 2096 2485 2134 vero
2540 2081 2630 2133 tibi
2698 2080 2874 2133 dit-nm
2961 2080 3221 2147 quaerenti
3290 2082 3555 2149 regulam,

1985 2192 2149 2244 grave
2178 2176 2393 2244 pondus
2421 2174 2666 2227 seniori?
2698 2175 2753 2226 1d
2775 2173 3023 2242 jttniores
3054 2190 3159 2226 non
3202 2175 3472 2226 sustinent
3505 2175 3555 2226 itt

1984 2279 2189 2321 statera
2223 2280 2273 2320 et
2309 2283 2585 2327 mensura,
2618 2276 2671 2319 ιιι
2702 2267 2973 2333 quomodo
3005 2277 3059 2319 ιιι
3121 2265 3347 2319 suffer-es
3389 2265 3557 2318 illud?

1980 2359 2307 2413 Libertatem
2370 2360 2464 2412 tibi
2534 2359 2841 2412 οοηιυάιιηιί
2909 2360 3167 2411 convenit
3230 2374 3453 2411 servare
3502 2358 3559 2413 in

1981 2454 2275 2515 omnibus;
2338 2453 2480 2519 quod
2537 2453 2581 2505 si
2648 2452 2905 2512 vincat-is,
2964 2451 3244 2519 resipisce.
3282 2461 3335 2503 et
3383 2465 3558 2505 novos

1983 2546 2177 2597 adhibe
2212 2546 2385 2606 nisus,
2424 2560 2521 2597 nec
2558 2547 2745 2597 desine
2776 2545 2852 2596 sic
2890 2542 3069 2597 facere
3100 2559 3335 2609 semper,
3371 2547 3556 2609 lapsus

1979 2654 2283 2702 resurgere,
2340 2654 2401 2690 ac
2440 2648 2791 2691 contemnere
2822 2652 3037 2702 semper
3068 2645 3119 2689 te
3159 2639 3334 2704 ipsum
3366 2676 3380 2696 ,
3446 2651 3557 2687 non

1980 2742 2107 2779 vero
2139 2728 2325 2790 alium,
2375 2739 2428 2779 et
2458 2730 2679 2779 habebis
2742 2731 3005 2794 requiem,
3071 2729 3345 2795 sapienter
3399 2742 3559 2779 casus

1979 2821 2030 2873 in
2071 2820 2353 2873 victoriam
2385 2834 2622 2880 vertens,
2648 2820 2799 2884 juxta
2846 2821 3206 2888 Scripturam.
3269 2820 3346 2874 Ne
3384 2832 3560 2873 tamen

1978 2912 2215 2963 t-xcedas
2276 2926 2585 2963 mensuram
2635 2926 2798 2977 quant
2837 2921 2996 2963 antea
3050 2911 3557 2975 determinavimus,

1979 3010 2035 3054 et
2068 3001 2264 3052 sttﬂicit
2294 3001 2429 3053 tibi:
2486 3016 2664 3067 neque
2724 3001 2873 3053 enim
2930 3009 3139 3053 tantum
3202 3002 3561 3053 corroborant.

1978 3106 2176 3159 corpus
2243 3091 2346 3143 alia
2428 3089 2705 3150 alimenta.
2759 3102 3022 3158 quantum
3062 3091 3242 3161 .panis
3296 3102 3351 3144 et
3405 3106 3560 3159 aqua:

1979 3188 2238 3251 sumptio.
2308 3181 2599 3249 Propterea
2652 3182 2876 3236 dicebat
2948 3184 3231 3251 propheta,
3284 3183 3389 3235 alia
3461 3198 3559 3250 pro

1978 3274 2151 3328 nihilo
2180 3283 2485 3341 reputans:
2533 3271 2622 3327 tln
2681 3274 2930 3343 pondere
2989 3291 3185 3343 panem
3251 3284 3402 3327 tuum
3449 3289 3560 3328 co—

1978 3366 2186 3426 medes,
2243 3373 2297 3416 et
2318 3378 2514 3433 aquam
2569 3365 2621 3414 in
2653 3378 2907 3416 mensura
2940 3364 3091 3417 bibes
3128 3363 3165 3416 ί.
3212 3382 3233 3413 ι
3259 3363 3393 3415 Nam
3428 3371 3543 3416 tres

1977 3459 2142 3512 habet
2200 3459 2474 3510 nutrimen
2545 3456 2852 3510 terminos:
2947 3456 3386 3523 temperantiam,
3438 3453 3558 3508 fru-

1981 3551 2260 3619 galitatem
2316 3559 2372 3603 et
2411 3548 2778 3602 saturitatem.
2816 3546 2873 3599 In
2927 3547 3308 3614 temperantia,
3372 3558 3561 3615 pastus

1979 3642 2156 3693 adhuc
2211 3639 2429 3701 esurit;
2498 3638 2551 3691 in
2592 3638 2923 3706 frugalitate,
2960 3652 3057 3691 nec
3088 3638 3262 3690 esurit
3301 3652 3401 3691 nec
3435 3651 3561 3706 gra-

1978 3742 2174 3795 vatur;
2235 3730 2287 3783 in
2349 3730 2658 3793 saturitate,
2711 3738 2968 3797 gravatur
3010 3727 3252 3795 paulum.
3295 3727 3403 3780 Sed
3436 3738 3561 3795 post

1983 3826 2320 3879 saturitatem
2369 3824 2548 3875 adhuc
2596 3824 2903 3883 comedere,
2954 3831 3107 3889 porta
3142 3830 3225 3873 est
3280 3820 3558 3888 ingluvia’

1980 3932 2077 3986 per
2133 3931 2294 3984 quam
2326 3915 2535 3968 luxuria
2573 3915 2892 3982 ingreditur.
2928 3912 3009 3965 Tu
3044 3927 3171 3966 vero
3231 3914 3343 3966 haec
3379 3914 3548 3980 probe

1980 4009 2185 4073 sciens,
2242 4023 2340 4076 pro
2399 4006 2606 4061 viribus
2678 4008 2785 4059 tuis
2845 4007 3037 4059 melius
3086 4006 3245 4073 elige.
3303 4020 3410 4059 non
3460 4020 3559 4058 ex-

1989 4102 2190 4155 cedens
2218 4102 2458 4155 limites:
2519 4115 2642 4153 nam
2677 4100 2935 4169 perfecds
2988 4101 3248 4168 competit
3316 4099 3557 4165 Apostoli

1987 4192 2158 4246 instar
2187 4193 2429 4257 «satiari,
2466 4204 2522 4246 et
2544 4195 2776 4257 esurire,
2807 4204 2861 4245 et
2889 4195 3065 4244 omnia
3122 4206 3277 4256 posse
3300 4193 3373 4241 ’.ι

298 4286 466 4335 θέντα
495 4297 511 4312 ⁶
551 4283 860 4351 αὐτάρκεια
902 4284 981 4346 δὲ,
1024 4287 1085 4337 16
1126 4288 1263 4353 μήτε
1310 4287 1524 4355 πεινᾷν,
1565 4289 1702 4355 μήτε
1745 4285 2029 4356 βαρεῖσθαι
2055 4302 2070 4316 ⁸
2133 4287 2295 4355 κόρος
2326 4284 2405 4345 δὲ,
2439 4284 2500 4333 16
2535 4282 2801 4349 βαρεῖσθα
2862 4284 3083 4351 μικρόν.
3112 4283 3185 4333 T6
3214 4283 3271 4333 δὲ
3304 4282 3445 4344 μετὰ
3480 4284 3543 4331 16

298 4378 638 4449 κορεσθῆναι
668 4380 835 4431 πάλιν
864 4378 1089 4445 ἐσθίειν,
1140 4379 1281 4447 θύρα
1327 4380 1447 4431 ἒστὶ
1509 4379 1981 4446 γαστριμαργίας,
2038 4377 2104 4428 δι’
2136 4374 2203 4446 ἦς
2235 4378 2267 4445 ὴ
2297 4377 2523 4445 πορνεία
2549 4377 2879 4445 εἰσέρχεται.
2909 4375 2981 4427 Σὺ
3010 4375 3065 4426 δὲ
3090 4374 3262 4427 ταῦτα
3298 4375 3543 4443 ἀκριϐῶς

300 4470 707 4538 ἐπιστάμενος,
735 4471 879 4522 κατὰ
920 4473 1019 4539 τὴν
1048 4472 1148 4539 σὴν
1177 4471 1410 4539 δύναμιν
1443 4471 1505 4523 16
1543 4474 1795 4539 κρεῖττον
1818 4470 2086 4535 ἐπίλεξαι,
2121 4470 2196 4536 μὴ
2243 4470 2592 4540 ὑπερὸαίνων
2633 4469 2759 4529 τοὺς
2795 4468 2955 4534 ὅρους
2986 4483 3001 4499 ·
3036 4466 3144 4518 τῶν
3174 4464 3287 4535 γὰρ
3317 4465 3545 4518 τελείων

300 4568 429 4620 ἐστὶ
456 4569 552 4621 καὶ
582 4567 767 4631 τοῦτο,
798 4568 944 4619 κατὰ
966 4567 1059 4617 τὸν
1098 4565 1449 4624 Ἀπόστολον,
1484 4565 1544 4617 16
1581 4566 1796 4635 πεινᾷν,
1825 4566 1920 4617 καὶ
1945 4562 2331 4633 χορτάζεσθαι,
2362 4566 2458 4616 καὶ
2480 4566 2540 4615 ὲν
2565 4565 2701 4614 πᾶσι
2727 4561 2989 4619 δυνατοὺς
3013 4556 3177 4612 εἶναι.

297 4678 435 4744 Περὶ
466 4674 727 4739 πλάνης,
769 4673 839 4725 ἐν
869 4666 917 4737 ᾧ
949 4672 1045 4724 καὶ
1074 4672 1205 4737 περὶ
1243 4670 1491 4723 πολλῶν
1510 4671 1877 4725 ὑποθέσεων.

369 4770 516 4837 Ὅρα
548 4767 603 4818 δὲ
637 4768 718 4818 ὃτι
751 4765 1009 4834 βούλομαί
1040 4780 1098 4815 σε
1130 4763 1373 4832 ἀκριϐῶς
1404 4763 1601 4815 εἰδέναι
1634 4763 1882 4831 περὶτῆς

296 4862 535 4929 πλάνης,
588 4858 682 4910 τοῦ
743 4856 1109 4926 φυλάττεσθαι
1180 4856 1239 4919 ἐξ
1296 4855 1512 4923 αὐτῆς,
1570 4855 1767 4924 μήπως
1824 4854 1881 4920 ἐξ

296 4952 526 5019 ἀγνοίας
579 4949 901 5019 φερόμενος,
946 4946 1150 5017 βλαόᾖς
1206 4948 1272 4999 τὰ
1332 4947 1586 5016 μέγιστα,
1634 4948 1727 5000 καὶ
1785 4946 1882 5016 τὴν

294 5044 476 5114 ψυχὴν
526 5041 823 5109 ἀπολέσῃς.
869 5040 1017 5090 Διότι
1070 5038 1306 5099 εὐκόλως
1350 5038 1521 5091 κλίνει
1572 5040 1633 5091 16
1688 5038 1879 5102 αὐτεξ-

296 5137 489 5189 ούσιον
519 5134 613 5186 τοῦ
665 5133 961 5201 ἀνθρώπου
993 5131 1128 5200 πρὸς
1158 5130 1440 5181 κοινωνίαν
1470 5131 1579 5181 τῶν
1606 5132 1877 5195 ἐναντίων,

300 5230 400 5282 καὶ
441 5228 679 5295 μάλιστα
736 5224 844 5274 τῶν
899 5221 1162 5290 ἀπείρων,
1205 5220 1312 5271 τῶν
1364 5221 1774 5290 μετερχομένων
1807 5221 1882 5283 ὡς

302 5321 396 5373 ὑπ’
432 5318 632 5371 αὐτῶν·
660 5318 824 5383 ἐγγὺς
849 5315 957 5383 γὰρ
986 5314 1186 5375 αὐτῶν,
1218 5313 1310 5364 καὶ
1344 5312 1525 5382 κύκλῳ
1553 5315 1602 5365 οἰ
1632 5313 1883 5382 δαίμονες

302 5412 413 5463 τῶν
458 5409 740 5478 ἁρχαρίων
772 5408 865 5459 καὶ
905 5405 1264 5475 ἰδιορῤύθμων
1322 5403 1638 5470 πεφύκασι,
1686 5406 1882 5456 διατεί-

302 5519 490 5562 νοντες
522 5500 756 5567 παγίδας
812 5498 1111 5565 λογισμῶν,
1156 5497 1247 5549 καὶ
1286 5497 1518 5556 λάκκους
1551 5498 1880 5564 πτωμάτων,

306 5592 400 5644 καὶ
433 5588 834 5657 φαντασμάτων
888 5587 1124 5658 ὄλεθρον·
1156 5589 1188 5656 ἡ
1240 5586 1391 5647 πόλις
1425 5587 1532 5655 γὰρ
1562 5587 1738 5639 αὐτῶν
1793 5589 1883 5640 ὑπ’

404 5779 627 5832 ’l‘lveh.
674 5793 743 5839 ιν,
781 5776 861 5834 l0,
904 5774 986 5826 Η.
1065 5773 1084 5802 ⁸
1120 5768 1345 5838 i’lttlipp.
1388 5784 1461 5832 tv,
1501 5770 1583 5824 l2.
1621 5771 1702 5822 13.

2196 4659 2271 4713 De
2318 4673 2520 4727 errore,
2574 4657 2658 4710 ubi
2684 4667 2734 4710 et
2761 4661 2825 4710 de
2856 4657 3034 4710 multis
3081 4656 3341 4710 materiis.

2062 4768 2215 4825 Scito
2244 4784 2329 4822 me
2359 4768 2496 4821 velle
2528 4767 2624 4822 tibi
2658 4766 2880 4835 penitus
2916 4768 3259 4821 innotescere
3288 4782 3555 4831 errorem,

1981 4871 2036 4915 nt
2063 4874 2258 4915 caveas
2288 4858 2357 4911 ab
2382 4873 2468 4923 eo,
2504 4873 2605 4911 nec
2629 4858 2939 4927 ignorantia
2971 4859 3192 4922 ductus,
3250 4858 3556 4910 maximum

1976 4953 2178 5006 subeas
2212 4954 2492 5015 damnum,
2523 4961 2578 5005 et
2642 4953 2879 5004 animam
2913 4953 3127 5019 perdas.
3199 4951 3332 5003 Nam
3400 4949 3559 5004 facile

1987 5046 2285 5098 inclinatur
2315 5043 2547 5095 liberum
2624 5044 2861 5096 hominis
2898 5044 3187 5096 arbitrium
3234 5045 3301 5095 ad
3364 5043 3555 5097 adver-

1981 5137 2246 5189 sariorum
2281 5137 2618 5198 societatem,
2667 5150 2727 5185 ac
2754 5137 3052 5202 prmscrtim
3076 5134 3215 5202 apud
3246 5133 3557 5203 inexpertos

1979 5235 2033 5279 et
2055 5226 2265 5293 seipsos
2288 5226 2489 5279 ducere
2514 5237 2911 5293 prmsunteutes
2935 5226 3042 5277 :eis
3063 5224 3327 5292 siquidem
3342 5225 3558 5292 propio—

1979 5334 2064 5372 res
2080 5319 2411 5372 novitiorum
2428 5326 2483 5372 et
2500 5317 2867 5371 solitariorunt
2885 5320 3159 5370 dwmoues
3179 5318 3553 5382 circumstant,

1988 5412 2279 5464 tendentes
2342 5412 2727 5479 cogitationum
2777 5410 3001 5462 insidias
3045 5418 3099 5460 et
3146 5409 3369 5477 laqueos
3426 5424 3558 5477 pec-

1978 5514 2253 5565 caturum,
2289 5513 2342 5554 et
2402 5502 2777 5569 phantasmata
2834 5502 3102 5555 exitiosa:
3164 5501 3355 5554 civitas
3406 5501 3551 5552 enim

1981 5594 2192 5646 illorum
2221 5593 2320 5646 sub
2352 5601 2619 5661 potestate
2658 5594 3014 5647 barbarorum
3044 5599 3147 5653 est,
3207 5604 3307 5647 nec
3365 5588 3553 5645 mirari
