  <div class='ocr_page' id='page_1' title='image "/cluster/home/n/w/nwhite01/storage/ocr_20150623/150/nnc1.0022106740/681.png"; bbox 0 0 4224 6464; ppageno 0'>
   <div class='ocr_carea' id='block_1_1' title="bbox 634 360 770 437">
    <p class='ocr_par' dir='ltr' id='par_1_1' title="bbox 634 360 770 437">
     <span class='ocr_line' id='line_1_1' title="bbox 634 360 770 437; baseline 0.015 -2"><span class='ocrx_word' id='word_1_1' title='bbox 634 360 770 437; x_wconf 77' lang='lat'><strong>1339‘</strong></span> 
     </span>
    </p>
   </div>
   <div class='ocr_carea' id='block_1_2' title="bbox 1900 362 2671 426">
    <p class='ocr_par' dir='ltr' id='par_1_2' title="bbox 1900 362 2671 426">
     <span class='ocr_line' id='line_1_2' title="bbox 1900 362 2671 426; baseline -0.005 0"><span class='ocrx_word' id='word_1_2' title='bbox 1900 367 1947 426; x_wconf 73' lang='grc' dir='ltr'><strong>(Ξ</strong></span> <span class='ocrx_word' id='word_1_3' title='bbox 1964 364 2295 425; x_wconf 74' lang='lat' dir='ltr'><strong>liEGOlllI</strong></span> <span class='ocrx_word' id='word_1_4' title='bbox 2338 362 2513 423; x_wconf 80' lang='lat' dir='ltr'><strong>SlNA</strong></span> <span class='ocrx_word' id='word_1_5' title='bbox 2530 362 2671 422; x_wconf 70' lang='grc' dir='ltr'><strong>ιΤιΛῖ</strong></span> 
     </span>
    </p>
   </div>
   <div class='ocr_carea' id='block_1_3' title="bbox 3736 345 3895 419">
    <p class='ocr_par' dir='ltr' id='par_1_3' title="bbox 3736 345 3895 419">
     <span class='ocr_line' id='line_1_3' title="bbox 3736 345 3895 419; baseline -0.031 1"><span class='ocrx_word' id='word_1_6' title='bbox 3736 345 3895 419; x_wconf 58' lang='grc'><strong>1³346</strong></span> 
     </span>
    </p>
   </div>
   <div class='ocr_carea' id='block_1_4' title="bbox 625 474 2242 556">
    <p class='ocr_par' dir='ltr' id='par_1_4' title="bbox 625 476 2242 550">
     <span class='ocr_line' id='line_1_4' title="bbox 625 476 2242 550; baseline -0.003 -16"><span class='ocrx_word' id='word_1_7' title='bbox 625 478 839 550; x_wconf 78' lang='lat' dir='ltr'><strong>oportet</strong></span> <span class='ocrx_word' id='word_1_8' title='bbox 869 478 1065 548; x_wconf 75' lang='lat' dir='ltr'><strong>siquis</strong></span> <span class='ocrx_word' id='word_1_9' title='bbox 1113 487 1282 541; x_wconf 88' lang='lat' dir='ltr'><strong>erret,</strong></span> <span class='ocrx_word' id='word_1_10' title='bbox 1315 485 1408 529; x_wconf 89' lang='lat' dir='ltr'><strong>ant</strong></span> <span class='ocrx_word' id='word_1_11' title='bbox 1456 476 1707 541; x_wconf 76' lang='lat' dir='ltr'><strong>excedat,</strong></span> <span class='ocrx_word' id='word_1_12' title='bbox 1733 487 1827 530; x_wconf 87' lang='lat' dir='ltr'><strong>ant</strong></span> <span class='ocrx_word' id='word_1_13' title='bbox 1870 477 1923 530; x_wconf 93' lang='lat' dir='ltr'><strong>in</strong></span> <span class='ocrx_word' id='word_1_14' title='bbox 1955 491 2201 530; x_wconf 83' lang='lat' dir='ltr'><strong>errorem</strong></span> <span class='ocrx_word' id='word_1_15' title='bbox 2240 522 2242 529; x_wconf 36' lang='grc' dir='ltr'><strong>ι</strong></span> 
     </span>
    </p>
   </div>
   <div class='ocr_carea' id='block_1_5' title="bbox 2324 474 3899 556">
    <p class='ocr_par' dir='ltr' id='par_1_5' title="bbox 2324 474 3899 556">
     <span class='ocr_line' id='line_1_5' title="bbox 2324 474 3899 556; baseline 0.004 -28"><span class='ocrx_word' id='word_1_16' title='bbox 2324 474 2573 540; x_wconf 78' lang='grc' dir='ltr'><strong>ἐξουσίαν</strong></span> <span class='ocrx_word' id='word_1_17' title='bbox 2600 475 2707 528; x_wconf 87' lang='grc' dir='ltr'><strong>τῶν</strong></span> <span class='ocrx_word' id='word_1_18' title='bbox 2748 475 3038 550; x_wconf 79' lang='grc' dir='ltr'><strong>βαρϐάρων</strong></span> <span class='ocrx_word' id='word_1_19' title='bbox 3087 481 3201 532; x_wconf 78' lang='grc' dir='ltr'><strong>ἐστὶ</strong></span> <span class='ocrx_word' id='word_1_20' title='bbox 3222 523 3236 548; x_wconf 90' lang='grc'><strong>,</strong></span> <span class='ocrx_word' id='word_1_21' title='bbox 3267 484 3358 535; x_wconf 72' lang='grc' dir='ltr'><strong>καὶ</strong></span> <span class='ocrx_word' id='word_1_22' title='bbox 3384 482 3445 535; x_wconf 81' lang='grc' dir='ltr'><strong>ού</strong></span> <span class='ocrx_word' id='word_1_23' title='bbox 3487 485 3567 537; x_wconf 79' lang='grc' dir='ltr'><strong>δεῖ</strong></span> <span class='ocrx_word' id='word_1_24' title='bbox 3595 486 3899 556; x_wconf 76' lang='grc' dir='ltr'><strong>θαυμάζειν</strong></span> 
     </span>
    </p>
   </div>
   <div class='ocr_carea' id='block_1_6' title="bbox 626 569 2200 637">
    <p class='ocr_par' dir='ltr' id='par_1_6' title="bbox 626 569 2200 637">
     <span class='ocr_line' id='line_1_6' title="bbox 626 569 2200 637; baseline -0.002 -12"><span class='ocrx_word' id='word_1_25' title='bbox 626 573 827 625; x_wconf 82' lang='lat' dir='ltr'><strong>incidat</strong></span> <span class='ocrx_word' id='word_1_26' title='bbox 878 583 969 623; x_wconf 86' lang='lat' dir='ltr'><strong>aut</strong></span> <span class='ocrx_word' id='word_1_27' title='bbox 1029 569 1280 637; x_wconf 82' lang='lat' dir='ltr'><strong>accipiat,</strong></span> <span class='ocrx_word' id='word_1_28' title='bbox 1346 576 1438 621; x_wconf 81' lang='lat' dir='ltr'><strong>aut</strong></span> <span class='ocrx_word' id='word_1_29' title='bbox 1499 571 1775 623; x_wconf 84' lang='lat' dir='ltr'><strong>contraria</strong></span> <span class='ocrx_word' id='word_1_30' title='bbox 1842 569 2053 623; x_wconf 74' lang='lat' dir='ltr'><strong>velitati</strong></span> <span class='ocrx_word' id='word_1_31' title='bbox 2121 573 2200 623; x_wconf 84' lang='lat' dir='ltr'><strong>vi-</strong></span> 
     </span>
    </p>
   </div>
   <div class='ocr_carea' id='block_1_7' title="bbox 627 657 2201 726">
    <p class='ocr_par' dir='ltr' id='par_1_7' title="bbox 627 657 2201 726">
     <span class='ocr_line' id='line_1_7' title="bbox 627 657 2201 726; baseline -0.001 -13"><span class='ocrx_word' id='word_1_32' title='bbox 627 664 775 726; x_wconf 83' lang='lat' dir='ltr'><strong>deat,</strong></span> <span class='ocrx_word' id='word_1_33' title='bbox 841 670 932 712; x_wconf 89' lang='lat' dir='ltr'><strong>aut</strong></span> <span class='ocrx_word' id='word_1_34' title='bbox 989 659 1135 711; x_wconf 88' lang='lat' dir='ltr'><strong>dicat</strong></span> <span class='ocrx_word' id='word_1_35' title='bbox 1175 674 1243 710; x_wconf 75' lang='lat' dir='ltr'><strong>ex</strong></span> <span class='ocrx_word' id='word_1_36' title='bbox 1276 657 1667 725; x_wconf 69' lang='lat' dir='ltr'><strong>inesperientia</strong></span> <span class='ocrx_word' id='word_1_37' title='bbox 1695 667 1749 710; x_wconf 89' lang='lat' dir='ltr'><strong>et</strong></span> <span class='ocrx_word' id='word_1_38' title='bbox 1773 658 2079 726; x_wconf 76' lang='lat' dir='ltr'><strong>ignorantia</strong></span> <span class='ocrx_word' id='word_1_39' title='bbox 2114 674 2201 712; x_wconf 89' lang='lat' dir='ltr'><strong>res</strong></span> 
     </span>
    </p>
   </div>
   <div class='ocr_carea' id='block_1_8' title="bbox 630 749 2201 821">
    <p class='ocr_par' dir='ltr' id='par_1_8' title="bbox 630 749 2201 821">
     <span class='ocr_line' id='line_1_8' title="bbox 630 749 2201 821; baseline -0.001 -16"><span class='ocrx_word' id='word_1_40' title='bbox 630 749 1003 821; x_wconf 69' lang='lat' dir='ltr'><strong>ini-ongruas:</strong></span> <span class='ocrx_word' id='word_1_41' title='bbox 1069 752 1270 819; x_wconf 79' lang='lat' dir='ltr'><strong>saepius</strong></span> <span class='ocrx_word' id='word_1_42' title='bbox 1328 755 1474 804; x_wconf 90' lang='lat' dir='ltr'><strong>enim</strong></span> <span class='ocrx_word' id='word_1_43' title='bbox 1539 752 1737 819; x_wconf 73' lang='lat' dir='ltr'><strong>aliquis</strong></span> <span class='ocrx_word' id='word_1_44' title='bbox 1780 766 1845 804; x_wconf 82' lang='lat' dir='ltr'><strong>ex</strong></span> <span class='ocrx_word' id='word_1_45' title='bbox 1927 752 2201 819; x_wconf 81' lang='lat' dir='ltr'><strong>imperitia</strong></span> 
     </span>
    </p>
   </div>
   <div class='ocr_carea' id='block_1_9' title="bbox 628 844 2198 915">
    <p class='ocr_par' dir='ltr' id='par_1_9' title="bbox 628 844 2198 915">
     <span class='ocr_line' id='line_1_9' title="bbox 628 844 2198 915; baseline -0.001 -17"><span class='ocrx_word' id='word_1_46' title='bbox 628 846 986 915; x_wconf 81' lang='lat' dir='ltr'><strong>loquendode</strong></span> <span class='ocrx_word' id='word_1_47' title='bbox 1018 846 1267 907; x_wconf 67' lang='lat' dir='ltr'><strong>veritate,</strong></span> <span class='ocrx_word' id='word_1_48' title='bbox 1300 844 1404 897; x_wconf 88' lang='lat' dir='ltr'><strong>alia</strong></span> <span class='ocrx_word' id='word_1_49' title='bbox 1441 859 1541 912; x_wconf 83' lang='lat' dir='ltr'><strong>pro</strong></span> <span class='ocrx_word' id='word_1_50' title='bbox 1578 845 1698 897; x_wconf 91' lang='lat' dir='ltr'><strong>aliis</strong></span> <span class='ocrx_word' id='word_1_51' title='bbox 1733 844 1903 897; x_wconf 88' lang='lat' dir='ltr'><strong>inscie</strong></span> <span class='ocrx_word' id='word_1_52' title='bbox 1926 858 2198 906; x_wconf 90' lang='lat' dir='ltr'><strong>asserens,</strong></span> 
     </span>
    </p>
   </div>
   <div class='ocr_carea' id='block_1_10' title="bbox 628 934 2199 1000">
    <p class='ocr_par' dir='ltr' id='par_1_10' title="bbox 628 934 2199 1000">
     <span class='ocr_line' id='line_1_10' title="bbox 628 934 2199 1000; baseline -0.004 -9"><span class='ocrx_word' id='word_1_53' title='bbox 628 939 802 991; x_wconf 86' lang='lat' dir='ltr'><strong>nescit</strong></span> <span class='ocrx_word' id='word_1_54' title='bbox 834 952 942 1000; x_wconf 85' lang='lat' dir='ltr'><strong>res,</strong></span> <span class='ocrx_word' id='word_1_55' title='bbox 979 947 1036 988; x_wconf 92' lang='lat' dir='ltr'><strong>ut</strong></span> <span class='ocrx_word' id='word_1_56' title='bbox 1064 945 1213 995; x_wconf 88' lang='lat' dir='ltr'><strong>sunt.</strong></span> <span class='ocrx_word' id='word_1_57' title='bbox 1243 947 1393 988; x_wconf 89' lang='lat' dir='ltr'><strong>recte</strong></span> <span class='ocrx_word' id='word_1_58' title='bbox 1424 936 1624 998; x_wconf 82' lang='lat' dir='ltr'><strong>dicere,</strong></span> <span class='ocrx_word' id='word_1_59' title='bbox 1657 946 1712 987; x_wconf 93' lang='lat' dir='ltr'><strong>et</strong></span> <span class='ocrx_word' id='word_1_60' title='bbox 1755 934 1955 987; x_wconf 87' lang='lat' dir='ltr'><strong>multos</strong></span> <span class='ocrx_word' id='word_1_61' title='bbox 1995 935 2199 998; x_wconf 85' lang='lat' dir='ltr'><strong>turbat,</strong></span> 
     </span>
    </p>
   </div>
   <div class='ocr_carea' id='block_1_11' title="bbox 625 1027 2197 1098">
    <p class='ocr_par' dir='ltr' id='par_1_11' title="bbox 625 1027 2197 1098">
     <span class='ocr_line' id='line_1_11' title="bbox 625 1027 2197 1098; baseline -0.003 -15"><span class='ocrx_word' id='word_1_62' title='bbox 625 1043 679 1083; x_wconf 86' lang='lat' dir='ltr'><strong>et</strong></span> <span class='ocrx_word' id='word_1_63' title='bbox 718 1031 1073 1098; x_wconf 84' lang='lat' dir='ltr'><strong>epprobrium</strong></span> <span class='ocrx_word' id='word_1_64' title='bbox 1102 1038 1159 1082; x_wconf 90' lang='lat' dir='ltr'><strong>et</strong></span> <span class='ocrx_word' id='word_1_65' title='bbox 1194 1028 1360 1082; x_wconf 89' lang='lat' dir='ltr'><strong>risum</strong></span> <span class='ocrx_word' id='word_1_66' title='bbox 1395 1028 1563 1080; x_wconf 88' lang='lat' dir='ltr'><strong>trahit</strong></span> <span class='ocrx_word' id='word_1_67' title='bbox 1590 1038 1644 1081; x_wconf 92' lang='lat' dir='ltr'><strong>et</strong></span> <span class='ocrx_word' id='word_1_68' title='bbox 1676 1027 1834 1081; x_wconf 72' lang='lat' dir='ltr'><strong>affert</strong></span> <span class='ocrx_word' id='word_1_69' title='bbox 1863 1028 1929 1081; x_wconf 90' lang='lat' dir='ltr'><strong>ad</strong></span> <span class='ocrx_word' id='word_1_70' title='bbox 1958 1028 2197 1095; x_wconf 84' lang='lat' dir='ltr'><strong>quietos.</strong></span> 
     </span>
    </p>
   </div>
   <div class='ocr_carea' id='block_1_12' title="bbox 631 1103 2199 1186">
    <p class='ocr_par' dir='ltr' id='par_1_12' title="bbox 631 1103 2199 1186">
     <span class='ocr_line' id='line_1_12' title="bbox 631 1103 2199 1186; baseline -0.004 -12"><span class='ocrx_word' id='word_1_71' title='bbox 631 1120 741 1173; x_wconf 80' lang='lat' dir='ltr'><strong>Nec</strong></span> <span class='ocrx_word' id='word_1_72' title='bbox 793 1103 935 1174; x_wconf 88' lang='lat' dir='ltr'><strong>enim</strong></span> <span class='ocrx_word' id='word_1_73' title='bbox 979 1121 1177 1171; x_wconf 85' lang='lat' dir='ltr'><strong>mirum</strong></span> <span class='ocrx_word' id='word_1_74' title='bbox 1245 1129 1331 1172; x_wconf 84' lang='lat' dir='ltr'><strong>est</strong></span> <span class='ocrx_word' id='word_1_75' title='bbox 1382 1134 1569 1171; x_wconf 87' lang='lat' dir='ltr'><strong>errare</strong></span> <span class='ocrx_word' id='word_1_76' title='bbox 1628 1118 1870 1186; x_wconf 79' lang='lat' dir='ltr'><strong>aliquem</strong></span> <span class='ocrx_word' id='word_1_77' title='bbox 1931 1120 2199 1171; x_wconf 72' lang='lat' dir='ltr'><strong>nomium</strong></span> 
     </span>
    </p>
   </div>
   <div class='ocr_carea' id='block_1_13' title="bbox 626 1210 2204 1279">
    <p class='ocr_par' dir='ltr' id='par_1_13' title="bbox 626 1210 2204 1279">
     <span class='ocr_line' id='line_1_13' title="bbox 626 1210 2204 1279; baseline -0.003 -14"><span class='ocrx_word' id='word_1_78' title='bbox 626 1212 793 1265; x_wconf 77' lang='lat' dir='ltr'><strong>etiam</strong></span> <span class='ocrx_word' id='word_1_79' title='bbox 834 1222 953 1279; x_wconf 83' lang='lat' dir='ltr'><strong>post</strong></span> <span class='ocrx_word' id='word_1_80' title='bbox 994 1212 1195 1263; x_wconf 79' lang='lat' dir='ltr'><strong>multus</strong></span> <span class='ocrx_word' id='word_1_81' title='bbox 1230 1210 1471 1275; x_wconf 86' lang='lat' dir='ltr'><strong>labores,</strong></span> <span class='ocrx_word' id='word_1_82' title='bbox 1523 1210 1649 1278; x_wconf 85' lang='lat' dir='ltr'><strong>quia</strong></span> <span class='ocrx_word' id='word_1_83' title='bbox 1689 1210 1740 1262; x_wconf 89' lang='lat' dir='ltr'><strong>id</strong></span> <span class='ocrx_word' id='word_1_84' title='bbox 1773 1212 1975 1263; x_wconf 87' lang='lat' dir='ltr'><strong>accidit</strong></span> <span class='ocrx_word' id='word_1_85' title='bbox 2018 1211 2204 1262; x_wconf 86' lang='lat' dir='ltr'><strong>multis</strong></span> 
     </span>
    </p>
   </div>
   <div class='ocr_carea' id='block_1_14' title="bbox 627 1302 2200 1370">
    <p class='ocr_par' dir='ltr' id='par_1_14' title="bbox 627 1302 2200 1370">
     <span class='ocr_line' id='line_1_14' title="bbox 627 1302 2200 1370; baseline -0.003 -13"><span class='ocrx_word' id='word_1_86' title='bbox 627 1307 743 1359; x_wconf 75' lang='lat' dir='ltr'><strong>sive</strong></span> <span class='ocrx_word' id='word_1_87' title='bbox 779 1320 923 1357; x_wconf 92' lang='lat' dir='ltr'><strong>nunc</strong></span> <span class='ocrx_word' id='word_1_88' title='bbox 961 1303 1074 1356; x_wconf 74' lang='lat' dir='ltr'><strong>sive</strong></span> <span class='ocrx_word' id='word_1_89' title='bbox 1099 1304 1224 1355; x_wconf 88' lang='lat' dir='ltr'><strong>olim</strong></span> <span class='ocrx_word' id='word_1_90' title='bbox 1257 1302 1429 1355; x_wconf 86' lang='lat' dir='ltr'><strong>Deum</strong></span> <span class='ocrx_word' id='word_1_91' title='bbox 1478 1304 1872 1370; x_wconf 69' lang='lat' dir='ltr'><strong>quierentibus.</strong></span> <span class='ocrx_word' id='word_1_92' title='bbox 1908 1303 1997 1355; x_wconf 86' lang='lat' dir='ltr'><strong>Dei</strong></span> <span class='ocrx_word' id='word_1_93' title='bbox 2054 1305 2200 1355; x_wconf 86' lang='lat' dir='ltr'><strong>enim</strong></span> 
     </span>
    </p>
   </div>
   <div class='ocr_carea' id='block_1_15' title="bbox 628 1394 2206 1457">
    <p class='ocr_par' dir='ltr' id='par_1_15' title="bbox 628 1394 2206 1457">
     <span class='ocr_line' id='line_1_15' title="bbox 628 1394 2206 1457; baseline -0.003 -8"><span class='ocrx_word' id='word_1_94' title='bbox 628 1400 915 1457; x_wconf 85' lang='lat' dir='ltr'><strong>memoria,</strong></span> <span class='ocrx_word' id='word_1_95' title='bbox 948 1412 1041 1450; x_wconf 85' lang='lat' dir='ltr'><strong>seu</strong></span> <span class='ocrx_word' id='word_1_96' title='bbox 1080 1396 1342 1447; x_wconf 81' lang='lat' dir='ltr'><strong>mentalis</strong></span> <span class='ocrx_word' id='word_1_97' title='bbox 1376 1397 1577 1456; x_wconf 86' lang='lat' dir='ltr'><strong>oratio,</strong></span> <span class='ocrx_word' id='word_1_98' title='bbox 1633 1406 1717 1448; x_wconf 91' lang='lat' dir='ltr'><strong>est</strong></span> <span class='ocrx_word' id='word_1_99' title='bbox 1751 1394 2037 1448; x_wconf 74' lang='lat' dir='ltr'><strong>sublimior</strong></span> <span class='ocrx_word' id='word_1_100' title='bbox 2086 1409 2206 1447; x_wconf 88' lang='lat' dir='ltr'><strong>0m-</strong></span> 
     </span>
    </p>
   </div>
   <div class='ocr_carea' id='block_1_16' title="bbox 633 1489 2200 1556">
    <p class='ocr_par' dir='ltr' id='par_1_16' title="bbox 633 1489 2200 1556">
     <span class='ocr_line' id='line_1_16' title="bbox 633 1489 2200 1556; baseline -0.004 -13"><span class='ocrx_word' id='word_1_101' title='bbox 633 1491 793 1543; x_wconf 71' lang='lat' dir='ltr'><strong>nihus</strong></span> <span class='ocrx_word' id='word_1_102' title='bbox 847 1490 1125 1555; x_wconf 82' lang='lat' dir='ltr'><strong>operibus,</strong></span> <span class='ocrx_word' id='word_1_103' title='bbox 1183 1500 1375 1556; x_wconf 78' lang='lat' dir='ltr'><strong>estque</strong></span> <span class='ocrx_word' id='word_1_104' title='bbox 1435 1500 1490 1540; x_wconf 87' lang='lat' dir='ltr'><strong>et</strong></span> <span class='ocrx_word' id='word_1_105' title='bbox 1537 1489 1652 1556; x_wconf 82' lang='lat' dir='ltr'><strong>ipsa</strong></span> <span class='ocrx_word' id='word_1_106' title='bbox 1705 1490 1963 1540; x_wconf 88' lang='lat' dir='ltr'><strong>virtutum</strong></span> <span class='ocrx_word' id='word_1_107' title='bbox 2011 1496 2200 1554; x_wconf 85' lang='lat' dir='ltr'><strong>caput,</strong></span> 
     </span>
    </p>
   </div>
   <div class='ocr_carea' id='block_1_17' title="bbox 628 1579 2203 1646">
    <p class='ocr_par' dir='ltr' id='par_1_17' title="bbox 628 1579 2203 1646">
     <span class='ocr_line' id='line_1_17' title="bbox 628 1579 2203 1646; baseline -0.001 -13"><span class='ocrx_word' id='word_1_108' title='bbox 628 1583 774 1633; x_wconf 81' lang='lat' dir='ltr'><strong>sicut</strong></span> <span class='ocrx_word' id='word_1_109' title='bbox 808 1596 961 1632; x_wconf 84' lang='lat' dir='ltr'><strong>amor</strong></span> <span class='ocrx_word' id='word_1_110' title='bbox 1015 1580 1129 1632; x_wconf 86' lang='lat' dir='ltr'><strong>Dei.</strong></span> <span class='ocrx_word' id='word_1_111' title='bbox 1184 1580 1250 1631; x_wconf 87' lang='lat' dir='ltr'><strong>Et</strong></span> <span class='ocrx_word' id='word_1_112' title='bbox 1293 1579 1384 1646; x_wconf 87' lang='lat' dir='ltr'><strong>qni</strong></span> <span class='ocrx_word' id='word_1_113' title='bbox 1445 1580 1794 1646; x_wconf 85' lang='lat' dir='ltr'><strong>impudenter</strong></span> <span class='ocrx_word' id='word_1_114' title='bbox 1837 1589 1891 1631; x_wconf 85' lang='lat' dir='ltr'><strong>et</strong></span> <span class='ocrx_word' id='word_1_115' title='bbox 1944 1580 2203 1631; x_wconf 76' lang='lat' dir='ltr'><strong>audacter</strong></span> 
     </span>
    </p>
   </div>
   <div class='ocr_carea' id='block_1_18' title="bbox 631 1671 2202 1738">
    <p class='ocr_par' dir='ltr' id='par_1_18' title="bbox 631 1671 2202 1738">
     <span class='ocr_line' id='line_1_18' title="bbox 631 1671 2202 1738; baseline 0 -14"><span class='ocrx_word' id='word_1_116' title='bbox 631 1675 743 1724; x_wconf 79' lang='lat' dir='ltr'><strong>\‘nll</strong></span> <span class='ocrx_word' id='word_1_117' title='bbox 789 1674 853 1725; x_wconf 88' lang='lat' dir='ltr'><strong>ad</strong></span> <span class='ocrx_word' id='word_1_118' title='bbox 891 1672 1053 1725; x_wconf 84' lang='lat' dir='ltr'><strong>Deum</strong></span> <span class='ocrx_word' id='word_1_119' title='bbox 1098 1674 1356 1725; x_wconf 74' lang='lat' dir='ltr'><strong>accedi-re</strong></span> <span class='ocrx_word' id='word_1_120' title='bbox 1393 1683 1441 1723; x_wconf 88' lang='lat' dir='ltr'><strong>et</strong></span> <span class='ocrx_word' id='word_1_121' title='bbox 1479 1687 1615 1738; x_wconf 86' lang='lat' dir='ltr'><strong>pure</strong></span> <span class='ocrx_word' id='word_1_122' title='bbox 1644 1688 1768 1724; x_wconf 88' lang='lat' dir='ltr'><strong>eum</strong></span> <span class='ocrx_word' id='word_1_123' title='bbox 1822 1671 2093 1728; x_wconf 85' lang='lat' dir='ltr'><strong>cnnliteri.</strong></span> <span class='ocrx_word' id='word_1_124' title='bbox 2148 1681 2202 1724; x_wconf 89' lang='lat' dir='ltr'><strong>et</strong></span> 
     </span>
    </p>
   </div>
   <div class='ocr_carea' id='block_1_19' title="bbox 628 1765 2200 1832">
    <p class='ocr_par' dir='ltr' id='par_1_19' title="bbox 628 1765 2200 1832">
     <span class='ocr_line' id='line_1_19' title="bbox 628 1765 2200 1832; baseline 0 -17"><span class='ocrx_word' id='word_1_125' title='bbox 628 1769 910 1832; x_wconf 47' lang='lat' dir='ltr'><strong>possidere</strong></span> <span class='ocrx_word' id='word_1_126' title='bbox 945 1781 1069 1818; x_wconf 77' lang='lat' dir='ltr'><strong>eum</strong></span> <span class='ocrx_word' id='word_1_127' title='bbox 1101 1766 1149 1815; x_wconf 90' lang='lat' dir='ltr'><strong>in</strong></span> <span class='ocrx_word' id='word_1_128' title='bbox 1181 1765 1364 1830; x_wconf 79' lang='lat' dir='ltr'><strong>seipse</strong></span> <span class='ocrx_word' id='word_1_129' title='bbox 1385 1766 1688 1828; x_wconf 88' lang='lat' dir='ltr'><strong>contendit,</strong></span> <span class='ocrx_word' id='word_1_130' title='bbox 1725 1766 1768 1817; x_wconf 88' lang='lat' dir='ltr'><strong>is</strong></span> <span class='ocrx_word' id='word_1_131' title='bbox 1794 1765 1949 1817; x_wconf 65' lang='lat' dir='ltr'><strong>facile</strong></span> <span class='ocrx_word' id='word_1_132' title='bbox 1978 1773 2200 1817; x_wconf 89' lang='lat' dir='ltr'><strong>necatur</strong></span> 
     </span>
    </p>
   </div>
   <div class='ocr_carea' id='block_1_20' title="bbox 631 1854 2191 1923">
    <p class='ocr_par' dir='ltr' id='par_1_20' title="bbox 631 1854 2191 1923">
     <span class='ocr_line' id='line_1_20' title="bbox 631 1854 2191 1923; baseline 0 -13"><span class='ocrx_word' id='word_1_133' title='bbox 631 1856 854 1923; x_wconf 82' lang='lat' dir='ltr'><strong>abillis,</strong></span> <span class='ocrx_word' id='word_1_134' title='bbox 890 1872 919 1908; x_wconf 88' lang='lat' dir='ltr'><strong>a</strong></span> <span class='ocrx_word' id='word_1_135' title='bbox 979 1854 1314 1909; x_wconf 64' lang='lat' dir='ltr'><strong>daemonibus</strong></span> <span class='ocrx_word' id='word_1_136' title='bbox 1346 1856 1580 1922; x_wconf 83' lang='lat' dir='ltr'><strong>scilicet,</strong></span> <span class='ocrx_word' id='word_1_137' title='bbox 1639 1858 1685 1910; x_wconf 84' lang='lat' dir='ltr'><strong>si</strong></span> <span class='ocrx_word' id='word_1_138' title='bbox 1745 1856 2191 1923; x_wconf 78' lang='lat' dir='ltr'><strong>derelinqustur:</strong></span> 
     </span>
    </p>
   </div>
   <div class='ocr_carea' id='block_1_21' title="bbox 632 1926 2200 2017">
    <p class='ocr_par' dir='ltr' id='par_1_21' title="bbox 632 1926 2200 2017">
     <span class='ocr_line' id='line_1_21' title="bbox 632 1926 2200 2017; baseline -0.003 -16"><span class='ocrx_word' id='word_1_139' title='bbox 632 1965 753 2001; x_wconf 86' lang='lat' dir='ltr'><strong>nam</strong></span> <span class='ocrx_word' id='word_1_140' title='bbox 777 1926 1140 2001; x_wconf 67' lang='lat' dir='ltr'><strong>conﬁdentius</strong></span> <span class='ocrx_word' id='word_1_141' title='bbox 1171 1958 1227 2000; x_wconf 92' lang='lat' dir='ltr'><strong>et</strong></span> <span class='ocrx_word' id='word_1_142' title='bbox 1253 1957 1573 2016; x_wconf 80' lang='lat' dir='ltr'><strong>arroganter</strong></span> <span class='ocrx_word' id='word_1_143' title='bbox 1602 1947 1893 2017; x_wconf 74' lang='lat' dir='ltr'><strong>exquirens</strong></span> <span class='ocrx_word' id='word_1_144' title='bbox 1923 1963 2042 2015; x_wconf 78' lang='lat' dir='ltr'><strong>qua:</strong></span> <span class='ocrx_word' id='word_1_145' title='bbox 2072 1956 2200 1999; x_wconf 86' lang='lat' dir='ltr'><strong>sunt</strong></span> 
     </span>
    </p>
   </div>
   <div class='ocr_carea' id='block_1_22' title="bbox 630 2039 2201 2109">
    <p class='ocr_par' dir='ltr' id='par_1_22' title="bbox 630 2039 2201 2109">
     <span class='ocr_line' id='line_1_22' title="bbox 630 2039 2201 2109; baseline -0.001 -15"><span class='ocrx_word' id='word_1_146' title='bbox 630 2060 731 2094; x_wconf 80' lang='lat' dir='ltr'><strong>suo</strong></span> <span class='ocrx_word' id='word_1_147' title='bbox 773 2042 936 2094; x_wconf 85' lang='lat' dir='ltr'><strong>statui</strong></span> <span class='ocrx_word' id='word_1_148' title='bbox 1007 2041 1308 2103; x_wconf 90' lang='lat' dir='ltr'><strong>contraria,</strong></span> <span class='ocrx_word' id='word_1_149' title='bbox 1359 2056 1483 2095; x_wconf 91' lang='lat' dir='ltr'><strong>cum</strong></span> <span class='ocrx_word' id='word_1_150' title='bbox 1532 2040 1798 2109; x_wconf 82' lang='lat' dir='ltr'><strong>jactautia</strong></span> <span class='ocrx_word' id='word_1_151' title='bbox 1862 2039 2037 2105; x_wconf 78' lang='lat' dir='ltr'><strong>rejicil</strong></span> <span class='ocrx_word' id='word_1_152' title='bbox 2081 2052 2201 2108; x_wconf 66' lang='lat' dir='ltr'><strong>qua:</strong></span> 
     </span>
    </p>
   </div>
   <div class='ocr_carea' id='block_1_23' title="bbox 630 2132 2198 2203">
    <p class='ocr_par' dir='ltr' id='par_1_23' title="bbox 630 2132 2198 2203">
     <span class='ocr_line' id='line_1_23' title="bbox 630 2132 2198 2203; baseline -0.001 -16"><span class='ocrx_word' id='word_1_153' title='bbox 630 2144 759 2187; x_wconf 73' lang='lat' dir='ltr'><strong>sunt</strong></span> <span class='ocrx_word' id='word_1_154' title='bbox 785 2135 1124 2203; x_wconf 79' lang='lat' dir='ltr'><strong>tempestiva.</strong></span> <span class='ocrx_word' id='word_1_155' title='bbox 1186 2132 1341 2202; x_wconf 74' lang='lat' dir='ltr'><strong>Smpe</strong></span> <span class='ocrx_word' id='word_1_156' title='bbox 1374 2143 1553 2186; x_wconf 88' lang='lat' dir='ltr'><strong>autem</strong></span> <span class='ocrx_word' id='word_1_157' title='bbox 1596 2135 1864 2187; x_wconf 80' lang='lat' dir='ltr'><strong>miserans</strong></span> <span class='ocrx_word' id='word_1_158' title='bbox 1916 2132 2198 2197; x_wconf 83' lang='lat' dir='ltr'><strong>Dominus,</strong></span> 
     </span>
    </p>
   </div>
   <div class='ocr_carea' id='block_1_24' title="bbox 630 2223 2201 2287">
    <p class='ocr_par' dir='ltr' id='par_1_24' title="bbox 630 2223 2201 2287">
     <span class='ocr_line' id='line_1_24' title="bbox 630 2223 2201 2287; baseline 0 -11"><span class='ocrx_word' id='word_1_159' title='bbox 630 2242 754 2277; x_wconf 81' lang='lat' dir='ltr'><strong>cum</strong></span> <span class='ocrx_word' id='word_1_160' title='bbox 790 2238 885 2277; x_wconf 90' lang='lat' dir='ltr'><strong>uos</strong></span> <span class='ocrx_word' id='word_1_161' title='bbox 909 2224 1056 2280; x_wconf 84' lang='lat' dir='ltr'><strong>videt</strong></span> <span class='ocrx_word' id='word_1_162' title='bbox 1088 2223 1142 2277; x_wconf 92' lang='lat' dir='ltr'><strong>in</strong></span> <span class='ocrx_word' id='word_1_163' title='bbox 1169 2224 1294 2277; x_wconf 81' lang='lat' dir='ltr'><strong>altis</strong></span> <span class='ocrx_word' id='word_1_164' title='bbox 1321 2224 1576 2287; x_wconf 86' lang='lat' dir='ltr'><strong>audaces,</strong></span> <span class='ocrx_word' id='word_1_165' title='bbox 1614 2240 1721 2278; x_wconf 89' lang='lat' dir='ltr'><strong>non</strong></span> <span class='ocrx_word' id='word_1_166' title='bbox 1752 2225 1881 2278; x_wconf 88' lang='lat' dir='ltr'><strong>sinit</strong></span> <span class='ocrx_word' id='word_1_167' title='bbox 1916 2241 2015 2279; x_wconf 90' lang='lat' dir='ltr'><strong>nos</strong></span> <span class='ocrx_word' id='word_1_168' title='bbox 2081 2235 2201 2277; x_wconf 89' lang='lat' dir='ltr'><strong>teu-</strong></span> 
     </span>
    </p>
   </div>
   <div class='ocr_carea' id='block_1_25' title="bbox 634 2317 2200 2389">
    <p class='ocr_par' dir='ltr' id='par_1_25' title="bbox 634 2317 2200 2389">
     <span class='ocr_line' id='line_1_25' title="bbox 634 2317 2200 2389; baseline 0.002 -20"><span class='ocrx_word' id='word_1_169' title='bbox 634 2317 761 2383; x_wconf 74' lang='lat' dir='ltr'><strong>tali,</strong></span> <span class='ocrx_word' id='word_1_170' title='bbox 795 2328 852 2369; x_wconf 90' lang='lat' dir='ltr'><strong>ut</strong></span> <span class='ocrx_word' id='word_1_171' title='bbox 876 2334 1027 2371; x_wconf 84' lang='lat' dir='ltr'><strong>suam</strong></span> <span class='ocrx_word' id='word_1_172' title='bbox 1078 2322 1311 2387; x_wconf 80' lang='lat' dir='ltr'><strong>quisque</strong></span> <span class='ocrx_word' id='word_1_173' title='bbox 1343 2335 1646 2388; x_wconf 84' lang='lat' dir='ltr'><strong>agnoscens</strong></span> <span class='ocrx_word' id='word_1_174' title='bbox 1703 2321 2200 2389; x_wconf 61' lang='lat' dir='ltr'><strong>praisutnptionem,</strong></span> 
     </span>
    </p>
   </div>
   <div class='ocr_carea' id='block_1_26' title="bbox 632 2414 2204 2482">
    <p class='ocr_par' dir='ltr' id='par_1_26' title="bbox 632 2414 2204 2482">
     <span class='ocr_line' id='line_1_26' title="bbox 632 2414 2204 2482; baseline 0 -17"><span class='ocrx_word' id='word_1_175' title='bbox 632 2421 828 2477; x_wconf 70' lang='lat' dir='ltr'><strong>Sponte</strong></span> <span class='ocrx_word' id='word_1_176' title='bbox 862 2422 1231 2476; x_wconf 74' lang='lat' dir='ltr'><strong>convertatur,</strong></span> <span class='ocrx_word' id='word_1_177' title='bbox 1264 2414 1581 2481; x_wconf 79' lang='lat' dir='ltr'><strong>priusquam</strong></span> <span class='ocrx_word' id='word_1_178' title='bbox 1640 2415 1921 2482; x_wconf 80' lang='lat' dir='ltr'><strong>contingat</strong></span> <span class='ocrx_word' id='word_1_179' title='bbox 1949 2428 1978 2465; x_wconf 89' lang='lat' dir='ltr'><strong>a</strong></span> <span class='ocrx_word' id='word_1_180' title='bbox 2001 2415 2204 2467; x_wconf 66' lang='lat' dir='ltr'><strong>daemo-</strong></span> 
     </span>
    </p>
   </div>
   <div class='ocr_carea' id='block_1_27' title="bbox 634 2503 2200 2573">
    <p class='ocr_par' dir='ltr' id='par_1_27' title="bbox 634 2503 2200 2573">
     <span class='ocr_line' id='line_1_27' title="bbox 634 2503 2200 2573; baseline 0.003 -19"><span class='ocrx_word' id='word_1_181' title='bbox 634 2506 794 2556; x_wconf 84' lang='lat' dir='ltr'><strong>nibus</strong></span> <span class='ocrx_word' id='word_1_182' title='bbox 843 2503 1194 2571; x_wconf 71' lang='lat' dir='ltr'><strong>approba-ium</strong></span> <span class='ocrx_word' id='word_1_183' title='bbox 1250 2513 1305 2556; x_wconf 86' lang='lat' dir='ltr'><strong>et</strong></span> <span class='ocrx_word' id='word_1_184' title='bbox 1339 2508 1393 2556; x_wconf 89' lang='lat' dir='ltr'><strong>in</strong></span> <span class='ocrx_word' id='word_1_185' title='bbox 1428 2504 1739 2557; x_wconf 82' lang='lat' dir='ltr'><strong>honiinibus</strong></span> <span class='ocrx_word' id='word_1_186' title='bbox 1767 2504 1950 2558; x_wconf 80' lang='lat' dir='ltr'><strong>irrisio</strong></span> <span class='ocrx_word' id='word_1_187' title='bbox 1979 2515 2072 2557; x_wconf 92' lang='lat' dir='ltr'><strong>aut</strong></span> <span class='ocrx_word' id='word_1_188' title='bbox 2107 2520 2200 2573; x_wconf 82' lang='lat' dir='ltr'><strong>ge-</strong></span> 
     </span>
    </p>
   </div>
   <div class='ocr_carea' id='block_1_28' title="bbox 634 2594 2200 2664">
    <p class='ocr_par' dir='ltr' id='par_1_28' title="bbox 634 2594 2200 2664">
     <span class='ocr_line' id='line_1_28' title="bbox 634 2594 2200 2664; baseline 0.003 -20"><span class='ocrx_word' id='word_1_189' title='bbox 634 2594 838 2650; x_wconf 79' lang='lat' dir='ltr'><strong>mitus;</strong></span> <span class='ocrx_word' id='word_1_190' title='bbox 869 2605 923 2646; x_wconf 87' lang='lat' dir='ltr'><strong>et</strong></span> <span class='ocrx_word' id='word_1_191' title='bbox 950 2594 1179 2647; x_wconf 77' lang='lat' dir='ltr'><strong>maxime</strong></span> <span class='ocrx_word' id='word_1_192' title='bbox 1204 2595 1446 2662; x_wconf 76' lang='lat' dir='ltr'><strong>indulget</strong></span> <span class='ocrx_word' id='word_1_193' title='bbox 1478 2597 1741 2662; x_wconf 66' lang='lat' dir='ltr'><strong>quaarenti</strong></span> <span class='ocrx_word' id='word_1_194' title='bbox 1765 2612 1887 2649; x_wconf 90' lang='lat' dir='ltr'><strong>cum</strong></span> <span class='ocrx_word' id='word_1_195' title='bbox 1919 2597 2200 2664; x_wconf 81' lang='lat' dir='ltr'><strong>patientia,</strong></span> 
     </span>
    </p>
   </div>
   <div class='ocr_carea' id='block_1_29' title="bbox 633 2684 2205 2754">
    <p class='ocr_par' dir='ltr' id='par_1_29' title="bbox 633 2684 2205 2754">
     <span class='ocr_line' id='line_1_29' title="bbox 633 2684 2205 2754; baseline 0.003 -17"><span class='ocrx_word' id='word_1_196' title='bbox 633 2694 691 2737; x_wconf 91' lang='lat' dir='ltr'><strong>et</strong></span> <span class='ocrx_word' id='word_1_197' title='bbox 742 2684 1068 2749; x_wconf 76' lang='lat' dir='ltr'><strong>humilitate,</strong></span> <span class='ocrx_word' id='word_1_198' title='bbox 1127 2698 1181 2739; x_wconf 93' lang='lat' dir='ltr'><strong>et</strong></span> <span class='ocrx_word' id='word_1_199' title='bbox 1228 2687 1531 2754; x_wconf 65' lang='lat' dir='ltr'><strong>prarsertim</strong></span> <span class='ocrx_word' id='word_1_200' title='bbox 1589 2702 1712 2740; x_wconf 87' lang='lat' dir='ltr'><strong>cum</strong></span> <span class='ocrx_word' id='word_1_201' title='bbox 1752 2689 2093 2741; x_wconf 85' lang='lat' dir='ltr'><strong>-obedientia</strong></span> <span class='ocrx_word' id='word_1_202' title='bbox 2151 2698 2205 2742; x_wconf 89' lang='lat' dir='ltr'><strong>et</strong></span> 
     </span>
    </p>
   </div>
   <div class='ocr_carea' id='block_1_30' title="bbox 634 2778 2205 2847">
    <p class='ocr_par' dir='ltr' id='par_1_30' title="bbox 634 2778 2205 2847">
     <span class='ocr_line' id='line_1_30' title="bbox 634 2778 2205 2847; baseline 0.003 -18"><span class='ocrx_word' id='word_1_203' title='bbox 634 2778 1057 2843; x_wconf 87' lang='lat' dir='ltr'><strong>interrogatione</strong></span> <span class='ocrx_word' id='word_1_204' title='bbox 1086 2778 1323 2830; x_wconf 86' lang='lat' dir='ltr'><strong>virorum</strong></span> <span class='ocrx_word' id='word_1_205' title='bbox 1360 2778 1621 2831; x_wconf 82' lang='lat' dir='ltr'><strong>mirabilis</strong></span> <span class='ocrx_word' id='word_1_206' title='bbox 1687 2778 1834 2831; x_wconf 87' lang='lat' dir='ltr'><strong>iliius</strong></span> <span class='ocrx_word' id='word_1_207' title='bbox 1881 2779 2063 2847; x_wconf 83' lang='lat' dir='ltr'><strong>operis</strong></span> <span class='ocrx_word' id='word_1_208' title='bbox 2111 2794 2205 2847; x_wconf 86' lang='lat' dir='ltr'><strong>pe-</strong></span> 
     </span>
    </p>
   </div>
   <div class='ocr_carea' id='block_1_31' title="bbox 635 2868 2235 2937">
    <p class='ocr_par' dir='ltr' id='par_1_31' title="bbox 635 2868 2235 2937">
     <span class='ocr_line' id='line_1_31' title="bbox 635 2868 2235 2937; baseline 0.003 -17"><span class='ocrx_word' id='word_1_209' title='bbox 635 2869 895 2935; x_wconf 60' lang='lat' dir='ltr'><strong>riturum,</strong></span> <span class='ocrx_word' id='word_1_210' title='bbox 914 2884 981 2921; x_wconf 90' lang='lat' dir='ltr'><strong>ne</strong></span> <span class='ocrx_word' id='word_1_211' title='bbox 1025 2885 1123 2937; x_wconf 83' lang='lat' dir='ltr'><strong>pro</strong></span> <span class='ocrx_word' id='word_1_212' title='bbox 1156 2868 1429 2923; x_wconf 88' lang='lat' dir='ltr'><strong>frumento</strong></span> <span class='ocrx_word' id='word_1_213' title='bbox 1463 2870 1695 2923; x_wconf 84' lang='lat' dir='ltr'><strong>tribulos</strong></span> <span class='ocrx_word' id='word_1_214' title='bbox 1727 2880 1919 2935; x_wconf 87' lang='lat' dir='ltr'><strong>metat,</strong></span> <span class='ocrx_word' id='word_1_215' title='bbox 1968 2881 2023 2924; x_wconf 88' lang='lat' dir='ltr'><strong>et</strong></span> <span class='ocrx_word' id='word_1_216' title='bbox 2057 2874 2235 2924; x_wconf 78' lang='lat' dir='ltr'><strong>ama-&#39;</strong></span> 
     </span>
    </p>
   </div>
   <div class='ocr_carea' id='block_1_32' title="bbox 635 2959 2207 3029">
    <p class='ocr_par' dir='ltr' id='par_1_32' title="bbox 635 2959 2207 3029">
     <span class='ocr_line' id='line_1_32' title="bbox 635 2959 2207 3029; baseline 0.001 -17"><span class='ocrx_word' id='word_1_217' title='bbox 635 2960 927 3012; x_wconf 88' lang='lat' dir='ltr'><strong>r.tudinem</strong></span> <span class='ocrx_word' id='word_1_218' title='bbox 965 2974 1061 3025; x_wconf 83' lang='lat' dir='ltr'><strong>pro</strong></span> <span class='ocrx_word' id='word_1_219' title='bbox 1096 2959 1401 3023; x_wconf 87' lang='lat' dir='ltr'><strong>dulcedine,</strong></span> <span class='ocrx_word' id='word_1_220' title='bbox 1456 2970 1510 3013; x_wconf 85' lang='lat' dir='ltr'><strong>et</strong></span> <span class='ocrx_word' id='word_1_221' title='bbox 1573 2976 1671 3029; x_wconf 88' lang='lat' dir='ltr'><strong>pro</strong></span> <span class='ocrx_word' id='word_1_222' title='bbox 1726 2961 1904 3014; x_wconf 86' lang='lat' dir='ltr'><strong>salute</strong></span> <span class='ocrx_word' id='word_1_223' title='bbox 1963 2960 2207 3014; x_wconf 88' lang='lat' dir='ltr'><strong>inveniat</strong></span> 
     </span>
    </p>
   </div>
   <div class='ocr_carea' id='block_1_33' title="bbox 637 3049 2206 3127">
    <p class='ocr_par' dir='ltr' id='par_1_33' title="bbox 637 3049 2206 3127">
     <span class='ocr_line' id='line_1_33' title="bbox 637 3049 2206 3127; baseline 0.004 -28"><span class='ocrx_word' id='word_1_224' title='bbox 637 3052 954 3116; x_wconf 72' lang='lat' dir='ltr'><strong>pcl&#39;lticit‘lll.</strong></span> <span class='ocrx_word' id='word_1_225' title='bbox 988 3049 1127 3103; x_wconf 81' lang='lat' dir='ltr'><strong>Nam</strong></span> <span class='ocrx_word' id='word_1_226' title='bbox 1147 3050 1317 3105; x_wconf 89' lang='lat' dir='ltr'><strong>fortes</strong></span> <span class='ocrx_word' id='word_1_227' title='bbox 1353 3051 1659 3127; x_wconf 24' lang='lat' dir='ltr'><strong>et‘perfecti</strong></span> <span class='ocrx_word' id='word_1_228' title='bbox 1702 3068 1917 3123; x_wconf 86' lang='lat' dir='ltr'><strong>semper</strong></span> <span class='ocrx_word' id='word_1_229' title='bbox 1941 3051 2206 3120; x_wconf 69' lang='lat' dir='ltr'><strong>singulari</strong></span> 
     </span>
    </p>
   </div>
   <div class='ocr_carea' id='block_1_34' title="bbox 2322 568 3897 653">
    <p class='ocr_par' dir='ltr' id='par_1_34' title="bbox 2322 568 3897 653">
     <span class='ocr_line' id='line_1_34' title="bbox 2322 568 3897 653; baseline 0.008 -32"><span class='ocrx_word' id='word_1_230' title='bbox 2322 571 2371 621; x_wconf 77' lang='lat' dir='ltr'><strong>et</strong></span> <span class='ocrx_word' id='word_1_231' title='bbox 2405 568 2681 639; x_wconf 77' lang='grc' dir='ltr'><strong>ἐπλανήθη</strong></span> <span class='ocrx_word' id='word_1_232' title='bbox 2735 586 2839 633; x_wconf 86' lang='grc' dir='ltr'><strong>τις,</strong></span> <span class='ocrx_word' id='word_1_233' title='bbox 2898 570 2930 640; x_wconf 79' lang='grc' dir='ltr'>ἢ</span> <span class='ocrx_word' id='word_1_234' title='bbox 2982 572 3199 640; x_wconf 77' lang='grc' dir='ltr'><strong>ἐξέστη,</strong></span> <span class='ocrx_word' id='word_1_235' title='bbox 3254 576 3286 645; x_wconf 76' lang='grc' dir='ltr'>ἢ</span> <span class='ocrx_word' id='word_1_236' title='bbox 3349 577 3555 644; x_wconf 83' lang='grc' dir='ltr'><strong>πλάνην</strong></span> <span class='ocrx_word' id='word_1_237' title='bbox 3596 580 3832 646; x_wconf 77' lang='grc' dir='ltr'><strong>ἐδέξατο,</strong></span> <span class='ocrx_word' id='word_1_238' title='bbox 3863 585 3897 653; x_wconf 78' lang='grc' dir='ltr'>ἦ</span> 
     </span>
    </p>
   </div>
   <div class='ocr_carea' id='block_1_35' title="bbox 2319 658 3898 739">
    <p class='ocr_par' dir='ltr' id='par_1_35' title="bbox 2319 658 3898 739">
     <span class='ocr_line' id='line_1_35' title="bbox 2319 658 3898 739; baseline 0.01 -29"><span class='ocrx_word' id='word_1_239' title='bbox 2319 658 2557 727; x_wconf 81' lang='grc' dir='ltr'><strong>δέχεται,</strong></span> <span class='ocrx_word' id='word_1_240' title='bbox 2602 660 2636 730; x_wconf 79' lang='grc' dir='ltr'>ἢ</span> <span class='ocrx_word' id='word_1_241' title='bbox 2677 660 2931 729; x_wconf 84' lang='grc' dir='ltr'><strong>ἀλλότρια</strong></span> <span class='ocrx_word' id='word_1_242' title='bbox 2978 663 3078 732; x_wconf 85' lang='grc' dir='ltr'><strong>τῆς</strong></span> <span class='ocrx_word' id='word_1_243' title='bbox 3122 663 3383 731; x_wconf 75' lang='grc' dir='ltr'><strong>ἀληθείας</strong></span> <span class='ocrx_word' id='word_1_244' title='bbox 3418 668 3542 738; x_wconf 76' lang='grc' dir='ltr'><strong>ὁρᾷ,</strong></span> <span class='ocrx_word' id='word_1_245' title='bbox 3651 671 3803 739; x_wconf 68' lang='grc' dir='ltr'><strong>λέγει</strong></span> <span class='ocrx_word' id='word_1_246' title='bbox 3839 674 3898 737; x_wconf 79' lang='grc' dir='ltr'><strong>ἐξ</strong></span> 
     </span>
    </p>
   </div>
   <div class='ocr_carea' id='block_1_36' title="bbox 2320 750 3899 829">
    <p class='ocr_par' dir='ltr' id='par_1_36' title="bbox 2320 750 3899 829">
     <span class='ocr_line' id='line_1_36' title="bbox 2320 750 3899 829; baseline 0.009 -25"><span class='ocrx_word' id='word_1_247' title='bbox 2320 750 2571 819; x_wconf 76' lang='grc' dir='ltr'><strong>ἀπειρίας</strong></span> <span class='ocrx_word' id='word_1_248' title='bbox 2608 752 2703 804; x_wconf 78' lang='grc' dir='ltr'><strong>καὶ</strong></span> <span class='ocrx_word' id='word_1_249' title='bbox 2751 752 3027 819; x_wconf 85' lang='grc' dir='ltr'><strong>ἀγνωσίας</strong></span> <span class='ocrx_word' id='word_1_250' title='bbox 3053 756 3117 807; x_wconf 67' lang='grc' dir='ltr'><strong>τά</strong></span> <span class='ocrx_word' id='word_1_251' title='bbox 3148 756 3250 809; x_wconf 81' lang='grc' dir='ltr'><strong>οὐκ</strong></span> <span class='ocrx_word' id='word_1_252' title='bbox 3296 758 3568 829; x_wconf 77' lang='grc' dir='ltr'><strong>ἀνήκοντα</strong></span> <span class='ocrx_word' id='word_1_253' title='bbox 3590 780 3602 792; x_wconf 91' lang='grc'><strong>·</strong></span> <span class='ocrx_word' id='word_1_254' title='bbox 3632 765 3899 828; x_wconf 74' lang='grc' dir='ltr'><strong>πολλάκις</strong></span> 
     </span>
    </p>
   </div>
   <div class='ocr_carea' id='block_1_37' title="bbox 2322 844 3901 926">
    <p class='ocr_par' dir='ltr' id='par_1_37' title="bbox 2322 844 3901 926">
     <span class='ocr_line' id='line_1_37' title="bbox 2322 844 3901 926; baseline 0.011 -32"><span class='ocrx_word' id='word_1_255' title='bbox 2322 844 2432 912; x_wconf 76' lang='grc' dir='ltr'><strong>γὰρ</strong></span> <span class='ocrx_word' id='word_1_256' title='bbox 2472 844 2578 896; x_wconf 73' lang='grc' dir='ltr'><strong>ἀπὸ</strong></span> <span class='ocrx_word' id='word_1_257' title='bbox 2609 845 2872 908; x_wconf 78' lang='grc' dir='ltr'><strong>ἰδιωτείας</strong></span> <span class='ocrx_word' id='word_1_258' title='bbox 2918 864 3003 910; x_wconf 88' lang='grc' dir='ltr'><strong>τις</strong></span> <span class='ocrx_word' id='word_1_259' title='bbox 3036 849 3163 918; x_wconf 76' lang='grc' dir='ltr'><strong>περὶ</strong></span> <span class='ocrx_word' id='word_1_260' title='bbox 3199 850 3309 917; x_wconf 77' lang='grc' dir='ltr'><strong>τῆς</strong></span> <span class='ocrx_word' id='word_1_261' title='bbox 3361 853 3623 922; x_wconf 78' lang='grc' dir='ltr'><strong>ἀληθείας</strong></span> <span class='ocrx_word' id='word_1_262' title='bbox 3657 858 3901 926; x_wconf 78' lang='grc' dir='ltr'><strong>φθεγγό-</strong></span> 
     </span>
    </p>
   </div>
   <div class='ocr_carea' id='block_1_38' title="bbox 2324 935 3917 1013">
    <p class='ocr_par' dir='ltr' id='par_1_38' title="bbox 2324 935 3917 1013">
     <span class='ocr_line' id='line_1_38' title="bbox 2324 935 3917 1013; baseline 0.014 -30"><span class='ocrx_word' id='word_1_263' title='bbox 2324 951 2504 1002; x_wconf 81' lang='grc' dir='ltr'><strong>μενος,</strong></span> <span class='ocrx_word' id='word_1_264' title='bbox 2534 935 2669 988; x_wconf 85' lang='grc' dir='ltr'><strong>άλλα</strong></span> <span class='ocrx_word' id='word_1_265' title='bbox 2715 937 2828 989; x_wconf 80' lang='grc' dir='ltr'><strong>ἀντ’</strong></span> <span class='ocrx_word' id='word_1_266' title='bbox 2862 938 3038 991; x_wconf 83' lang='grc' dir='ltr'><strong>ἄλλων</strong></span> <span class='ocrx_word' id='word_1_267' title='bbox 3064 938 3365 1009; x_wconf 77' lang='grc' dir='ltr'><strong>λεληθότως</strong></span> <span class='ocrx_word' id='word_1_268' title='bbox 3391 943 3590 1013; x_wconf 87' lang='grc' dir='ltr'><strong>λαλῶν,</strong></span> <span class='ocrx_word' id='word_1_269' title='bbox 3625 948 3729 1002; x_wconf 87' lang='grc' dir='ltr'><strong>οὐκ</strong></span> <span class='ocrx_word' id='word_1_270' title='bbox 3756 946 3917 1004; x_wconf 71' lang='grc' dir='ltr'><strong>οἶδεν,</strong></span> 
     </span>
    </p>
   </div>
   <div class='ocr_carea' id='block_1_39' title="bbox 2322 1027 3901 1109">
    <p class='ocr_par' dir='ltr' id='par_1_39' title="bbox 2322 1027 3901 1109">
     <span class='ocr_line' id='line_1_39' title="bbox 2322 1027 3901 1109; baseline 0.013 -33"><span class='ocrx_word' id='word_1_271' title='bbox 2322 1028 2494 1077; x_wconf 82' lang='grc' dir='ltr'><strong>είπεῖν</strong></span> <span class='ocrx_word' id='word_1_272' title='bbox 2540 1027 2734 1096; x_wconf 74' lang='grc' dir='ltr'><strong>ὀρθῶς,</strong></span> <span class='ocrx_word' id='word_1_273' title='bbox 2787 1028 2863 1091; x_wconf 82' lang='grc' dir='ltr'><strong>ὡς</strong></span> <span class='ocrx_word' id='word_1_274' title='bbox 2918 1031 3053 1099; x_wconf 82' lang='grc' dir='ltr'><strong>ἔχει,</strong></span> <span class='ocrx_word' id='word_1_275' title='bbox 3106 1033 3202 1084; x_wconf 79' lang='grc' dir='ltr'><strong>καὶ</strong></span> <span class='ocrx_word' id='word_1_276' title='bbox 3227 1033 3453 1098; x_wconf 77' lang='grc' dir='ltr'><strong>πολλοὺς</strong></span> <span class='ocrx_word' id='word_1_277' title='bbox 3488 1038 3771 1109; x_wconf 84' lang='grc' dir='ltr'><strong>ἐθρόησεν,</strong></span> <span class='ocrx_word' id='word_1_278' title='bbox 3802 1044 3901 1095; x_wconf 73' lang='grc' dir='ltr'><strong>καὶ</strong></span> 
     </span>
    </p>
   </div>
   <div class='ocr_carea' id='block_1_40' title="bbox 2321 1115 3902 1201">
    <p class='ocr_par' dir='ltr' id='par_1_40' title="bbox 2321 1115 3902 1201">
     <span class='ocr_line' id='line_1_40' title="bbox 2321 1115 3902 1201; baseline 0.012 -34"><span class='ocrx_word' id='word_1_279' title='bbox 2321 1115 2523 1177; x_wconf 69' lang='grc' dir='ltr'><strong>ὀνειδος</strong></span> <span class='ocrx_word' id='word_1_280' title='bbox 2568 1118 2662 1170; x_wconf 70' lang='grc' dir='ltr'><strong>καὶ</strong></span> <span class='ocrx_word' id='word_1_281' title='bbox 2699 1119 2913 1185; x_wconf 84' lang='grc' dir='ltr'><strong>γέλωτα</strong></span> <span class='ocrx_word' id='word_1_282' title='bbox 2945 1123 3190 1191; x_wconf 79' lang='grc' dir='ltr'><strong>ἀνοήτως</strong></span> <span class='ocrx_word' id='word_1_283' title='bbox 3239 1127 3565 1195; x_wconf 82' lang='grc' dir='ltr'><strong>φερόμενος,</strong></span> <span class='ocrx_word' id='word_1_284' title='bbox 3615 1135 3728 1193; x_wconf 83' lang='grc' dir='ltr'><strong>τοῖς</strong></span> <span class='ocrx_word' id='word_1_285' title='bbox 3761 1137 3902 1201; x_wconf 78' lang='grc' dir='ltr'><strong>ἡσυ-</strong></span> 
     </span>
    </p>
   </div>
   <div class='ocr_carea' id='block_1_41' title="bbox 2323 1207 3901 1289">
    <p class='ocr_par' dir='ltr' id='par_1_41' title="bbox 2323 1207 3901 1289">
     <span class='ocr_line' id='line_1_41' title="bbox 2323 1207 3901 1289; baseline 0.011 -31"><span class='ocrx_word' id='word_1_286' title='bbox 2323 1207 2549 1276; x_wconf 59' lang='grc' dir='ltr'><strong>χάζουσι</strong></span> <span class='ocrx_word' id='word_1_287' title='bbox 2570 1210 2951 1280; x_wconf 72' lang='grc' dir='ltr'><strong>προεξὲνησεν·</strong></span> <span class='ocrx_word' id='word_1_288' title='bbox 2979 1215 3079 1267; x_wconf 79' lang='grc' dir='ltr'><strong>οὐκ</strong></span> <span class='ocrx_word' id='word_1_289' title='bbox 3100 1214 3217 1269; x_wconf 82' lang='grc' dir='ltr'><strong>ἔστι</strong></span> <span class='ocrx_word' id='word_1_290' title='bbox 3249 1219 3356 1288; x_wconf 81' lang='grc' dir='ltr'><strong>γάρ</strong></span> <span class='ocrx_word' id='word_1_291' title='bbox 3384 1219 3720 1289; x_wconf 68' lang='grc' dir='ltr'><strong>θαυμαστὸν,</strong></span> <span class='ocrx_word' id='word_1_292' title='bbox 3755 1226 3901 1277; x_wconf 72' lang='grc' dir='ltr'><strong>πλα-</strong></span> 
     </span>
    </p>
   </div>
   <div class='ocr_carea' id='block_1_42' title="bbox 2322 1298 3898 1376">
    <p class='ocr_par' dir='ltr' id='par_1_42' title="bbox 2322 1298 3898 1376">
     <span class='ocr_line' id='line_1_42' title="bbox 2322 1298 3898 1376; baseline 0.01 -25"><span class='ocrx_word' id='word_1_293' title='bbox 2322 1298 2552 1369; x_wconf 69' lang='grc' dir='ltr'><strong>νηθῆναί</strong></span> <span class='ocrx_word' id='word_1_294' title='bbox 2594 1318 2715 1354; x_wconf 83' lang='grc' dir='ltr'><strong>τινα</strong></span> <span class='ocrx_word' id='word_1_295' title='bbox 2766 1303 3029 1373; x_wconf 87' lang='grc' dir='ltr'><strong>ἀρχάριον</strong></span> <span class='ocrx_word' id='word_1_296' title='bbox 3064 1306 3159 1359; x_wconf 70' lang='grc' dir='ltr'><strong>καὶ</strong></span> <span class='ocrx_word' id='word_1_297' title='bbox 3194 1308 3333 1376; x_wconf 88' lang='grc' dir='ltr'><strong>μετά</strong></span> <span class='ocrx_word' id='word_1_298' title='bbox 3385 1310 3613 1374; x_wconf 80' lang='grc' dir='ltr'><strong>πολλοὺς</strong></span> <span class='ocrx_word' id='word_1_299' title='bbox 3673 1314 3898 1375; x_wconf 77' lang='grc' dir='ltr'><strong>κόπους,</strong></span> 
     </span>
    </p>
   </div>
   <div class='ocr_carea' id='block_1_43' title="bbox 2322 1390 3899 1467">
    <p class='ocr_par' dir='ltr' id='par_1_43' title="bbox 2322 1390 3899 1467">
     <span class='ocr_line' id='line_1_43' title="bbox 2322 1390 3899 1467; baseline 0.011 -26"><span class='ocrx_word' id='word_1_300' title='bbox 2322 1390 2455 1442; x_wconf 84' lang='grc' dir='ltr'><strong>διότι</strong></span> <span class='ocrx_word' id='word_1_301' title='bbox 2482 1392 2673 1459; x_wconf 79' lang='grc' dir='ltr'><strong>γέγονε</strong></span> <span class='ocrx_word' id='word_1_302' title='bbox 2724 1394 2962 1460; x_wconf 80' lang='grc' dir='ltr'><strong>πολλοῖς,</strong></span> <span class='ocrx_word' id='word_1_303' title='bbox 3019 1398 3111 1449; x_wconf 74' lang='grc' dir='ltr'><strong>καὶ</strong></span> <span class='ocrx_word' id='word_1_304' title='bbox 3142 1401 3255 1461; x_wconf 86' lang='grc' dir='ltr'><strong>τοῖς</strong></span> <span class='ocrx_word' id='word_1_305' title='bbox 3299 1400 3418 1465; x_wconf 83' lang='grc' dir='ltr'><strong>νῦν,</strong></span> <span class='ocrx_word' id='word_1_306' title='bbox 3462 1404 3696 1467; x_wconf 74' lang='grc' dir='ltr'><strong>καὶτοῖς</strong></span> <span class='ocrx_word' id='word_1_307' title='bbox 3729 1408 3899 1459; x_wconf 77' lang='grc' dir='ltr'><strong>πάλαι</strong></span> 
     </span>
    </p>
   </div>
   <div class='ocr_carea' id='block_1_44' title="bbox 2323 1483 3902 1566">
    <p class='ocr_par' dir='ltr' id='par_1_44' title="bbox 2323 1483 3902 1566">
     <span class='ocr_line' id='line_1_44' title="bbox 2323 1483 3902 1566; baseline 0.011 -33"><span class='ocrx_word' id='word_1_308' title='bbox 2323 1483 2414 1535; x_wconf 73' lang='grc' dir='ltr'><strong>τὸν</strong></span> <span class='ocrx_word' id='word_1_309' title='bbox 2460 1483 2592 1535; x_wconf 82' lang='grc' dir='ltr'><strong>Θεὸν</strong></span> <span class='ocrx_word' id='word_1_310' title='bbox 2643 1485 2986 1555; x_wconf 78' lang='grc' dir='ltr'><strong>ἐκζητοῦσιν.</strong></span> <span class='ocrx_word' id='word_1_311' title='bbox 3036 1488 3101 1541; x_wconf 82' lang='grc' dir='ltr'><strong>’Π</strong></span> <span class='ocrx_word' id='word_1_312' title='bbox 3130 1494 3237 1559; x_wconf 83' lang='grc' dir='ltr'><strong>γάρ</strong></span> <span class='ocrx_word' id='word_1_313' title='bbox 3263 1491 3357 1544; x_wconf 86' lang='grc' dir='ltr'><strong>τοῦ</strong></span> <span class='ocrx_word' id='word_1_314' title='bbox 3387 1494 3522 1546; x_wconf 80' lang='grc' dir='ltr'><strong>Θεοῦ</strong></span> <span class='ocrx_word' id='word_1_315' title='bbox 3559 1496 3773 1566; x_wconf 82' lang='grc' dir='ltr'><strong>μνήμη,</strong></span> <span class='ocrx_word' id='word_1_316' title='bbox 3799 1498 3902 1550; x_wconf 77' lang='grc' dir='ltr'><strong>εἶτ’</strong></span> 
     </span>
    </p>
   </div>
   <div class='ocr_carea' id='block_1_45' title="bbox 2322 1571 3901 1659">
    <p class='ocr_par' dir='ltr' id='par_1_45' title="bbox 2322 1571 3901 1659">
     <span class='ocr_line' id='line_1_45' title="bbox 2322 1571 3901 1659; baseline 0.011 -33"><span class='ocrx_word' id='word_1_317' title='bbox 2322 1571 2418 1626; x_wconf 83' lang='grc' dir='ltr'><strong>οὖν</strong></span> <span class='ocrx_word' id='word_1_318' title='bbox 2444 1578 2477 1645; x_wconf 81' lang='grc' dir='ltr'>ὴ</span> <span class='ocrx_word' id='word_1_319' title='bbox 2506 1577 2667 1647; x_wconf 78' lang='grc' dir='ltr'><strong>νοερὰ</strong></span> <span class='ocrx_word' id='word_1_320' title='bbox 2702 1581 3000 1650; x_wconf 81' lang='grc' dir='ltr'><strong>προσευχὴ,</strong></span> <span class='ocrx_word' id='word_1_321' title='bbox 3025 1581 3329 1653; x_wconf 82' lang='grc' dir='ltr'><strong>ὑψηλοτέρα</strong></span> <span class='ocrx_word' id='word_1_322' title='bbox 3354 1586 3544 1638; x_wconf 71' lang='grc' dir='ltr'><strong>πασῶν</strong></span> <span class='ocrx_word' id='word_1_323' title='bbox 3574 1588 3685 1640; x_wconf 88' lang='grc' dir='ltr'><strong>τῶν</strong></span> <span class='ocrx_word' id='word_1_324' title='bbox 3726 1591 3901 1659; x_wconf 77' lang='grc' dir='ltr'><strong>ἐργα-</strong></span> 
     </span>
    </p>
   </div>
   <div class='ocr_carea' id='block_1_46' title="bbox 2326 1666 3901 1750">
    <p class='ocr_par' dir='ltr' id='par_1_46' title="bbox 2326 1666 3901 1750">
     <span class='ocr_line' id='line_1_46' title="bbox 2326 1666 3901 1750; baseline 0.011 -33"><span class='ocrx_word' id='word_1_325' title='bbox 2326 1666 2458 1719; x_wconf 84' lang='grc' dir='ltr'><strong>σιῶν</strong></span> <span class='ocrx_word' id='word_1_326' title='bbox 2512 1669 2683 1731; x_wconf 81' lang='grc' dir='ltr'><strong>ὲστιν,</strong></span> <span class='ocrx_word' id='word_1_327' title='bbox 2737 1670 2876 1740; x_wconf 77' lang='grc' dir='ltr'><strong>αῦτη</strong></span> <span class='ocrx_word' id='word_1_328' title='bbox 2923 1673 3018 1725; x_wconf 77' lang='grc' dir='ltr'><strong>καὶ</strong></span> <span class='ocrx_word' id='word_1_329' title='bbox 3063 1676 3272 1746; x_wconf 81' lang='grc' dir='ltr'><strong>κεφαλὴ</strong></span> <span class='ocrx_word' id='word_1_330' title='bbox 3314 1678 3543 1746; x_wconf 81' lang='grc' dir='ltr'><strong>ἀρετῶν,</strong></span> <span class='ocrx_word' id='word_1_331' title='bbox 3576 1680 3650 1742; x_wconf 80' lang='grc' dir='ltr'><strong>ὡς</strong></span> <span class='ocrx_word' id='word_1_332' title='bbox 3706 1682 3901 1750; x_wconf 81' lang='grc' dir='ltr'><strong>ἀγάπη</strong></span> 
     </span>
    </p>
   </div>
   <div class='ocr_carea' id='block_1_47' title="bbox 2324 1758 3923 1841">
    <p class='ocr_par' dir='ltr' id='par_1_47' title="bbox 2324 1758 3923 1841">
     <span class='ocr_line' id='line_1_47' title="bbox 2324 1758 3923 1841; baseline 0.009 -32"><span class='ocrx_word' id='word_1_333' title='bbox 2324 1758 2480 1811; x_wconf 85' lang='grc' dir='ltr'><strong>Θεοῦ.</strong></span> <span class='ocrx_word' id='word_1_334' title='bbox 2507 1762 2618 1813; x_wconf 73' lang='grc' dir='ltr'><strong>Καὶ</strong></span> <span class='ocrx_word' id='word_1_335' title='bbox 2653 1764 2683 1814; x_wconf 87' lang='grc' dir='ltr'>ὁ</span> <span class='ocrx_word' id='word_1_336' title='bbox 2732 1763 2963 1827; x_wconf 81' lang='grc' dir='ltr'><strong>ἀναιδῶς</strong></span> <span class='ocrx_word' id='word_1_337' title='bbox 2990 1765 3083 1818; x_wconf 78' lang='grc' dir='ltr'><strong>καὶ</strong></span> <span class='ocrx_word' id='word_1_338' title='bbox 3109 1768 3350 1836; x_wconf 82' lang='grc' dir='ltr'><strong>θρασέως</strong></span> <span class='ocrx_word' id='word_1_339' title='bbox 3397 1769 3718 1839; x_wconf 79' lang='grc' dir='ltr'><strong>βουλόμενος</strong></span> <span class='ocrx_word' id='word_1_340' title='bbox 3761 1776 3923 1841; x_wconf 65' lang='grc' dir='ltr'><strong>πρὸφ</strong></span> 
     </span>
    </p>
   </div>
   <div class='ocr_carea' id='block_1_48' title="bbox 2324 1849 3902 1932">
    <p class='ocr_par' dir='ltr' id='par_1_48' title="bbox 2324 1849 3902 1932">
     <span class='ocr_line' id='line_1_48' title="bbox 2324 1849 3902 1932; baseline 0.01 -32"><span class='ocrx_word' id='word_1_341' title='bbox 2324 1849 2415 1901; x_wconf 79' lang='grc' dir='ltr'><strong>τὸν</strong></span> <span class='ocrx_word' id='word_1_342' title='bbox 2437 1850 2569 1903; x_wconf 80' lang='grc' dir='ltr'><strong>Θεὸν</strong></span> <span class='ocrx_word' id='word_1_343' title='bbox 2589 1853 2850 1908; x_wconf 75' lang='grc' dir='ltr'><strong>εἰσελθεῖν</strong></span> <span class='ocrx_word' id='word_1_344' title='bbox 2876 1857 2969 1909; x_wconf 78' lang='grc' dir='ltr'><strong>καὶ</strong></span> <span class='ocrx_word' id='word_1_345' title='bbox 2996 1859 3276 1927; x_wconf 77' lang='grc' dir='ltr'><strong>ὁμολογεῖν</strong></span> <span class='ocrx_word' id='word_1_346' title='bbox 3305 1862 3467 1913; x_wconf 75' lang='grc' dir='ltr'><strong>αὐτὸν</strong></span> <span class='ocrx_word' id='word_1_347' title='bbox 3496 1863 3773 1932; x_wconf 86' lang='grc' dir='ltr'><strong>καθαρῶς,</strong></span> <span class='ocrx_word' id='word_1_348' title='bbox 3807 1866 3902 1916; x_wconf 80' lang='grc' dir='ltr'><strong>καὶ</strong></span> 
     </span>
    </p>
   </div>
   <div class='ocr_carea' id='block_1_49' title="bbox 2282 1943 3901 2021">
    <p class='ocr_par' dir='ltr' id='par_1_49' title="bbox 2282 1943 3901 2021">
     <span class='ocr_line' id='line_1_49' title="bbox 2282 1943 3901 2021; baseline 0.012 -32"><span class='ocrx_word' id='word_1_349' title='bbox 2282 1983 2289 1989; x_wconf 89' lang='grc'><em>.</em></span> <span class='ocrx_word' id='word_1_350' title='bbox 2323 1943 2628 2011; x_wconf 82' lang='grc' dir='ltr'><strong>κτήσασθαι</strong></span> <span class='ocrx_word' id='word_1_351' title='bbox 2657 1948 2822 1999; x_wconf 73' lang='grc' dir='ltr'><strong>αὑτὸν</strong></span> <span class='ocrx_word' id='word_1_352' title='bbox 2861 1950 2918 2000; x_wconf 85' lang='grc' dir='ltr'><strong>ἐν</strong></span> <span class='ocrx_word' id='word_1_353' title='bbox 2947 1950 3127 2019; x_wconf 83' lang='grc' dir='ltr'><strong>ἐαυτῷ</strong></span> <span class='ocrx_word' id='word_1_354' title='bbox 3156 1950 3497 2021; x_wconf 74' lang='grc' dir='ltr'><strong>βιαζόμενος,</strong></span> <span class='ocrx_word' id='word_1_355' title='bbox 3528 1955 3766 2018; x_wconf 74' lang='grc' dir='ltr'><strong>εὐκόλως</strong></span> <span class='ocrx_word' id='word_1_356' title='bbox 3798 1956 3901 2010; x_wconf 65' lang='grc' dir='ltr'><strong>θαι</strong></span> 
     </span>
    </p>
   </div>
   <div class='ocr_carea' id='block_1_50' title="bbox 2324 2036 3902 2115">
    <p class='ocr_par' dir='ltr' id='par_1_50' title="bbox 2324 2036 3902 2115">
     <span class='ocr_line' id='line_1_50' title="bbox 2324 2036 3902 2115; baseline 0.01 -32"><span class='ocrx_word' id='word_1_357' title='bbox 2324 2048 2582 2087; x_wconf 87' lang='grc' dir='ltr'><strong>νατουται</strong></span> <span class='ocrx_word' id='word_1_358' title='bbox 2608 2037 2637 2089; x_wconf 89' lang='grc' dir='ltr'><strong>ό</strong></span> <span class='ocrx_word' id='word_1_359' title='bbox 2675 2036 2914 2101; x_wconf 88' lang='grc' dir='ltr'><strong>τοιοῦτος</strong></span> <span class='ocrx_word' id='word_1_360' title='bbox 2951 2039 3044 2092; x_wconf 75' lang='grc' dir='ltr'><strong>ὑπ’</strong></span> <span class='ocrx_word' id='word_1_361' title='bbox 3064 2041 3269 2104; x_wconf 85' lang='grc' dir='ltr'><strong>αὐτῶν,</strong></span> <span class='ocrx_word' id='word_1_362' title='bbox 3292 2043 3403 2095; x_wconf 85' lang='grc' dir='ltr'><strong>τῶν</strong></span> <span class='ocrx_word' id='word_1_363' title='bbox 3429 2044 3699 2110; x_wconf 82' lang='grc' dir='ltr'><strong>δαιμόνων</strong></span> <span class='ocrx_word' id='word_1_364' title='bbox 3727 2045 3902 2115; x_wconf 79' lang='grc' dir='ltr'><strong>λέγω,</strong></span> 
     </span>
    </p>
   </div>
   <div class='ocr_carea' id='block_1_51' title="bbox 2327 2126 3902 2206">
    <p class='ocr_par' dir='ltr' id='par_1_51' title="bbox 2327 2126 3902 2206">
     <span class='ocr_line' id='line_1_51' title="bbox 2327 2126 3902 2206; baseline 0.011 -30"><span class='ocrx_word' id='word_1_365' title='bbox 2327 2126 2379 2179; x_wconf 77' lang='grc' dir='ltr'><strong>εἰ</strong></span> <span class='ocrx_word' id='word_1_366' title='bbox 2427 2129 2997 2202; x_wconf 81' lang='grc' dir='ltr'><strong>παραχωρηθήσεται·</strong></span> <span class='ocrx_word' id='word_1_367' title='bbox 3032 2134 3322 2206; x_wconf 81' lang='grc' dir='ltr'><strong>τολμηρῶς</strong></span> <span class='ocrx_word' id='word_1_368' title='bbox 3361 2136 3473 2205; x_wconf 83' lang='grc' dir='ltr'><strong>γάρ</strong></span> <span class='ocrx_word' id='word_1_369' title='bbox 3519 2138 3614 2189; x_wconf 80' lang='grc' dir='ltr'><strong>καὶ</strong></span> <span class='ocrx_word' id='word_1_370' title='bbox 3644 2138 3902 2206; x_wconf 80' lang='grc' dir='ltr'><strong>αὐθαδῶς</strong></span> 
     </span>
    </p>
   </div>
   <div class='ocr_carea' id='block_1_52' title="bbox 2331 2224 3914 2301">
    <p class='ocr_par' dir='ltr' id='par_1_52' title="bbox 2331 2224 3914 2301">
     <span class='ocr_line' id='line_1_52' title="bbox 2331 2224 3914 2301; baseline -0.004 -18"><span class='ocrx_word' id='word_1_371' title='bbox 2331 2231 2401 2284; x_wconf 84' lang='grc' dir='ltr'><strong>τά</strong></span> <span class='ocrx_word' id='word_1_372' title='bbox 2432 2230 2580 2301; x_wconf 78' lang='grc' dir='ltr'><strong>παρὰ</strong></span> <span class='ocrx_word' id='word_1_373' title='bbox 2601 2229 2701 2300; x_wconf 79' lang='grc' dir='ltr'><strong>τὴν</strong></span> <span class='ocrx_word' id='word_1_374' title='bbox 2725 2230 2860 2286; x_wconf 81' lang='grc' dir='ltr'><strong>ἰδίαν</strong></span> <span class='ocrx_word' id='word_1_375' title='bbox 2881 2228 3213 2283; x_wconf 83' lang='grc' dir='ltr'><strong>κατάστασιν</strong></span> <span class='ocrx_word' id='word_1_376' title='bbox 3241 2226 3570 2296; x_wconf 75' lang='grc' dir='ltr'><strong>ἐκζητήσας,</strong></span> <span class='ocrx_word' id='word_1_377' title='bbox 3608 2225 3744 2295; x_wconf 84' lang='grc' dir='ltr'><strong>μετά</strong></span> <span class='ocrx_word' id='word_1_378' title='bbox 3774 2224 3914 2276; x_wconf 83' lang='grc' dir='ltr'><strong>ἀλα-</strong></span> 
     </span>
    </p>
   </div>
   <div class='ocr_carea' id='block_1_53' title="bbox 2330 2316 3912 2393">
    <p class='ocr_par' dir='ltr' id='par_1_53' title="bbox 2330 2316 3912 2393">
     <span class='ocr_line' id='line_1_53' title="bbox 2330 2316 3912 2393; baseline -0.008 -14"><span class='ocrx_word' id='word_1_379' title='bbox 2330 2325 2560 2388; x_wconf 77' lang='grc' dir='ltr'><strong>ζωνείας</strong></span> <span class='ocrx_word' id='word_1_380' title='bbox 2594 2322 2845 2377; x_wconf 78' lang='grc' dir='ltr'><strong>ἐκδιώκει</strong></span> <span class='ocrx_word' id='word_1_381' title='bbox 2887 2322 2994 2393; x_wconf 84' lang='grc' dir='ltr'><strong>πρὸ</strong></span> <span class='ocrx_word' id='word_1_382' title='bbox 3030 2321 3225 2392; x_wconf 82' lang='grc' dir='ltr'><strong>καιροῦ</strong></span> <span class='ocrx_word' id='word_1_383' title='bbox 3271 2319 3497 2388; x_wconf 82' lang='grc' dir='ltr'><strong>φθάσαι.</strong></span> <span class='ocrx_word' id='word_1_384' title='bbox 3544 2316 3813 2378; x_wconf 87' lang='grc' dir='ltr'><strong>Πολλάκις</strong></span> <span class='ocrx_word' id='word_1_385' title='bbox 3851 2316 3912 2368; x_wconf 74' lang='grc' dir='ltr'><strong>δὲ</strong></span> 
     </span>
    </p>
   </div>
   <div class='ocr_carea' id='block_1_54' title="bbox 2330 2410 3912 2487">
    <p class='ocr_par' dir='ltr' id='par_1_54' title="bbox 2330 2410 3912 2487">
     <span class='ocr_line' id='line_1_54' title="bbox 2330 2410 3912 2487; baseline -0.006 -17"><span class='ocrx_word' id='word_1_386' title='bbox 2330 2416 2830 2487; x_wconf 79' lang='grc' dir='ltr'><strong>σπλαγχνιςόμενος</strong></span> <span class='ocrx_word' id='word_1_387' title='bbox 2855 2416 2884 2467; x_wconf 88' lang='grc' dir='ltr'><strong>ό</strong></span> <span class='ocrx_word' id='word_1_388' title='bbox 2922 2414 3149 2485; x_wconf 81' lang='grc' dir='ltr'><strong>Κύριος,</strong></span> <span class='ocrx_word' id='word_1_389' title='bbox 3190 2412 3339 2482; x_wconf 76' lang='grc' dir='ltr'><strong>ἡμᾶς</strong></span> <span class='ocrx_word' id='word_1_390' title='bbox 3407 2410 3622 2479; x_wconf 82' lang='grc' dir='ltr'><strong>βλέπων</strong></span> <span class='ocrx_word' id='word_1_391' title='bbox 3675 2412 3733 2461; x_wconf 84' lang='grc' dir='ltr'><strong>ἐν</strong></span> <span class='ocrx_word' id='word_1_392' title='bbox 3799 2412 3912 2470; x_wconf 76' lang='grc' dir='ltr'><strong>τοῖς</strong></span> 
     </span>
    </p>
   </div>
   <div class='ocr_carea' id='block_1_55' title="bbox 2326 2502 3913 2580">
    <p class='ocr_par' dir='ltr' id='par_1_55' title="bbox 2326 2502 3913 2580">
     <span class='ocr_line' id='line_1_55' title="bbox 2326 2502 3913 2580; baseline -0.005 -18"><span class='ocrx_word' id='word_1_393' title='bbox 2326 2510 2550 2580; x_wconf 70' lang='grc' dir='ltr'><strong>ὑψηλοῖς</strong></span> <span class='ocrx_word' id='word_1_394' title='bbox 2580 2510 2909 2579; x_wconf 71' lang='grc' dir='ltr'><strong>τολμηροὺς,</strong></span> <span class='ocrx_word' id='word_1_395' title='bbox 2956 2508 3017 2561; x_wconf 79' lang='grc' dir='ltr'><strong>οὐ</strong></span> <span class='ocrx_word' id='word_1_396' title='bbox 3058 2506 3379 2574; x_wconf 84' lang='grc' dir='ltr'><strong>παραχωρεῖ</strong></span> <span class='ocrx_word' id='word_1_397' title='bbox 3408 2502 3801 2572; x_wconf 71' lang='grc' dir='ltr'><strong>πειρασθῆναι,</strong></span> <span class='ocrx_word' id='word_1_398' title='bbox 3822 2503 3913 2554; x_wconf 71' lang='grc' dir='ltr'><strong>ἵνα</strong></span> 
     </span>
    </p>
   </div>
   <div class='ocr_carea' id='block_1_56' title="bbox 2324 2593 3913 2669">
    <p class='ocr_par' dir='ltr' id='par_1_56' title="bbox 2324 2593 3913 2669">
     <span class='ocr_line' id='line_1_56' title="bbox 2324 2593 3913 2669; baseline -0.005 -18"><span class='ocrx_word' id='word_1_399' title='bbox 2324 2601 2424 2669; x_wconf 76' lang='grc' dir='ltr'><strong>τὴν</strong></span> <span class='ocrx_word' id='word_1_400' title='bbox 2471 2600 2667 2653; x_wconf 81' lang='grc' dir='ltr'><strong>ἑαυτοῦ</strong></span> <span class='ocrx_word' id='word_1_401' title='bbox 2733 2598 2965 2659; x_wconf 73' lang='grc' dir='ltr'><strong>⁶ἕκαστος</strong></span> <span class='ocrx_word' id='word_1_402' title='bbox 3006 2597 3266 2664; x_wconf 72' lang='grc' dir='ltr'><strong>ἐπιγνοὺς</strong></span> <span class='ocrx_word' id='word_1_403' title='bbox 3304 2596 3505 2665; x_wconf 77' lang='grc' dir='ltr'><strong>οἴησιν,</strong></span> <span class='ocrx_word' id='word_1_404' title='bbox 3566 2594 3661 2661; x_wconf 80' lang='grc' dir='ltr'><strong>ἀφ’</strong></span> <span class='ocrx_word' id='word_1_405' title='bbox 3709 2593 3913 2646; x_wconf 85' lang='grc' dir='ltr'><strong>ἐαυτοῦ</strong></span> 
     </span>
    </p>
   </div>
   <div class='ocr_carea' id='block_1_57' title="bbox 2325 2686 3915 2761">
    <p class='ocr_par' dir='ltr' id='par_1_57' title="bbox 2325 2686 3915 2761">
     <span class='ocr_line' id='line_1_57' title="bbox 2325 2686 3915 2761; baseline -0.004 -19"><span class='ocrx_word' id='word_1_406' title='bbox 2325 2692 2661 2761; x_wconf 74' lang='grc' dir='ltr'><strong>ἐπιστραφῇ,</strong></span> <span class='ocrx_word' id='word_1_407' title='bbox 2688 2692 2793 2760; x_wconf 77' lang='grc' dir='ltr'><strong>πρὸ</strong></span> <span class='ocrx_word' id='word_1_408' title='bbox 2835 2690 2931 2743; x_wconf 87' lang='grc' dir='ltr'><strong>τοῦ</strong></span> <span class='ocrx_word' id='word_1_409' title='bbox 2958 2690 3216 2759; x_wconf 84' lang='grc' dir='ltr'><strong>γενέσθαι</strong></span> <span class='ocrx_word' id='word_1_410' title='bbox 3260 2688 3463 2749; x_wconf 81' lang='grc' dir='ltr'><strong>δνειδος</strong></span> <span class='ocrx_word' id='word_1_411' title='bbox 3512 2686 3785 2755; x_wconf 79' lang='grc' dir='ltr'><strong>δαιμόνων</strong></span> <span class='ocrx_word' id='word_1_412' title='bbox 3820 2686 3915 2736; x_wconf 78' lang='grc' dir='ltr'><strong>καὶ</strong></span> 
     </span>
    </p>
   </div>
   <div class='ocr_carea' id='block_1_58' title="bbox 2325 2777 3913 2852">
    <p class='ocr_par' dir='ltr' id='par_1_58' title="bbox 2325 2777 3913 2852">
     <span class='ocr_line' id='line_1_58' title="bbox 2325 2777 3913 2852; baseline -0.004 -18"><span class='ocrx_word' id='word_1_413' title='bbox 2325 2782 2519 2849; x_wconf 82' lang='grc' dir='ltr'><strong>γέλως,</strong></span> <span class='ocrx_word' id='word_1_414' title='bbox 2552 2783 2584 2852; x_wconf 80' lang='grc' dir='ltr'>ἦ</span> <span class='ocrx_word' id='word_1_415' title='bbox 2619 2783 2891 2850; x_wconf 81' lang='grc' dir='ltr'><strong>κλαυθμὸς</strong></span> <span class='ocrx_word' id='word_1_416' title='bbox 2933 2785 2992 2834; x_wconf 86' lang='grc' dir='ltr'><strong>ὲν</strong></span> <span class='ocrx_word' id='word_1_417' title='bbox 3032 2780 3364 2851; x_wconf 82' lang='grc' dir='ltr'><strong>ἀνθρώποις,</strong></span> <span class='ocrx_word' id='word_1_418' title='bbox 3411 2781 3508 2832; x_wconf 76' lang='grc' dir='ltr'><strong>καὶ</strong></span> <span class='ocrx_word' id='word_1_419' title='bbox 3563 2778 3800 2849; x_wconf 84' lang='grc' dir='ltr'><strong>μάλιστα</strong></span> <span class='ocrx_word' id='word_1_420' title='bbox 3835 2777 3913 2847; x_wconf 79' lang='grc' dir='ltr'><strong>τῷ</strong></span> 
     </span>
    </p>
   </div>
   <div class='ocr_carea' id='block_1_59' title="bbox 2328 2868 3912 2944">
    <p class='ocr_par' dir='ltr' id='par_1_59' title="bbox 2328 2868 3912 2944">
     <span class='ocr_line' id='line_1_59' title="bbox 2328 2868 3912 2944; baseline -0.002 -20"><span class='ocrx_word' id='word_1_421' title='bbox 2328 2873 2469 2942; x_wconf 88' lang='grc' dir='ltr'><strong>μετά</strong></span> <span class='ocrx_word' id='word_1_422' title='bbox 2539 2875 2926 2944; x_wconf 78' lang='grc' dir='ltr'><strong>μακροθυμίας</strong></span> <span class='ocrx_word' id='word_1_423' title='bbox 2991 2871 3311 2941; x_wconf 79' lang='grc' dir='ltr'><strong>ἐκζητοῦντι</strong></span> <span class='ocrx_word' id='word_1_424' title='bbox 3364 2872 3458 2924; x_wconf 80' lang='grc' dir='ltr'><strong>καὶ</strong></span> <span class='ocrx_word' id='word_1_425' title='bbox 3504 2868 3912 2933; x_wconf 82' lang='grc' dir='ltr'><strong>ταπεινώσεως,</strong></span> 
     </span>
    </p>
   </div>
   <div class='ocr_carea' id='block_1_60' title="bbox 2325 2959 3913 3034">
    <p class='ocr_par' dir='ltr' id='par_1_60' title="bbox 2325 2959 3913 3034">
     <span class='ocr_line' id='line_1_60' title="bbox 2325 2959 3913 3034; baseline -0.005 -17"><span class='ocrx_word' id='word_1_426' title='bbox 2325 2964 2423 3017; x_wconf 74' lang='grc' dir='ltr'><strong>καὶ</strong></span> <span class='ocrx_word' id='word_1_427' title='bbox 2455 2965 2517 3016; x_wconf 84' lang='grc' dir='ltr'><strong>τὸ</strong></span> <span class='ocrx_word' id='word_1_428' title='bbox 2562 2964 2749 3034; x_wconf 72' lang='grc' dir='ltr'><strong>μεῖζον</strong></span> <span class='ocrx_word' id='word_1_429' title='bbox 2796 2964 2915 3034; x_wconf 87' lang='grc' dir='ltr'><strong>μεθ’</strong></span> <span class='ocrx_word' id='word_1_430' title='bbox 2965 2963 3247 3031; x_wconf 74' lang='grc' dir='ltr'><strong>ὑποταγῆς</strong></span> <span class='ocrx_word' id='word_1_431' title='bbox 3282 2961 3377 3013; x_wconf 78' lang='grc' dir='ltr'><strong>καὶ</strong></span> <span class='ocrx_word' id='word_1_432' title='bbox 3430 2961 3753 3030; x_wconf 74' lang='grc' dir='ltr'><strong>ἐρωτήσεως</strong></span> <span class='ocrx_word' id='word_1_433' title='bbox 3801 2959 3913 3010; x_wconf 86' lang='grc' dir='ltr'><strong>τῶν</strong></span> 
     </span>
    </p>
   </div>
   <div class='ocr_carea' id='block_1_61' title="bbox 2326 3052 3914 3127">
    <p class='ocr_par' dir='ltr' id='par_1_61' title="bbox 2326 3052 3914 3127">
     <span class='ocr_line' id='line_1_61' title="bbox 2326 3052 3914 3127; baseline -0.004 -18"><span class='ocrx_word' id='word_1_434' title='bbox 2326 3056 2609 3127; x_wconf 73' lang='grc' dir='ltr'><strong>ἐμπείρων</strong></span> <span class='ocrx_word' id='word_1_435' title='bbox 2638 3055 2798 3109; x_wconf 86' lang='grc' dir='ltr'><strong>τοῦτο</strong></span> <span class='ocrx_word' id='word_1_436' title='bbox 2853 3056 2913 3109; x_wconf 72' lang='grc' dir='ltr'><strong>τὸ</strong></span> <span class='ocrx_word' id='word_1_437' title='bbox 2944 3054 3258 3125; x_wconf 78' lang='grc' dir='ltr'><strong>θαυμαστὸν</strong></span> <span class='ocrx_word' id='word_1_438' title='bbox 3300 3053 3480 3125; x_wconf 72' lang='grc' dir='ltr'><strong>ἔργον,</strong></span> <span class='ocrx_word' id='word_1_439' title='bbox 3541 3054 3737 3122; x_wconf 75' lang='grc' dir='ltr'><strong>μήπως</strong></span> <span class='ocrx_word' id='word_1_440' title='bbox 3788 3052 3914 3103; x_wconf 74' lang='grc' dir='ltr'><strong>ἀντὶ</strong></span> 
     </span>
    </p>
   </div>
   <div class='ocr_carea' id='block_1_62' title="bbox 635 3142 2242 3220">
    <p class='ocr_par' dir='ltr' id='par_1_62' title="bbox 635 3142 2242 3216">
     <span class='ocr_line' id='line_1_62' title="bbox 635 3142 2242 3216; baseline 0.002 -21"><span class='ocrx_word' id='word_1_441' title='bbox 635 3144 932 3195; x_wconf 68' lang='grc' dir='ltr'><strong>οετιιιιηίιιε</strong></span> <span class='ocrx_word' id='word_1_442' title='bbox 980 3142 1247 3197; x_wconf 87' lang='lat' dir='ltr'><strong>dimicant</strong></span> <span class='ocrx_word' id='word_1_443' title='bbox 1299 3160 1427 3199; x_wconf 89' lang='lat' dir='ltr'><strong>cum</strong></span> <span class='ocrx_word' id='word_1_444' title='bbox 1464 3146 1825 3210; x_wconf 70' lang='grc' dir='ltr'><strong>ἀίειιιοιιίὺυε,</strong></span> <span class='ocrx_word' id='word_1_445' title='bbox 1862 3157 1916 3200; x_wconf 87' lang='lat' dir='ltr'><strong>et</strong></span> <span class='ocrx_word' id='word_1_446' title='bbox 1965 3147 2242 3216; x_wconf 54' lang='lat' dir='ltr'><strong>gladiumi</strong></span> 
     </span>
    </p>
   </div>
   <div class='ocr_carea' id='block_1_63' title="bbox 2324 3142 3910 3220">
    <p class='ocr_par' dir='ltr' id='par_1_63' title="bbox 2329 3144 3910 3219">
     <span class='ocr_line' id='line_1_63' title="bbox 2329 3144 3910 3219; baseline -0.006 -17"><span class='ocrx_word' id='word_1_447' title='bbox 2329 3149 2513 3210; x_wconf 74' lang='grc' dir='ltr'><strong>σίτου.</strong></span> <span class='ocrx_word' id='word_1_448' title='bbox 2578 3148 2823 3213; x_wconf 81' lang='grc' dir='ltr'><strong>ἀκάνθας</strong></span> <span class='ocrx_word' id='word_1_449' title='bbox 2886 3146 3195 3219; x_wconf 83' lang='grc' dir='ltr'><strong>λεληθότως</strong></span> <span class='ocrx_word' id='word_1_450' title='bbox 3251 3145 3451 3218; x_wconf 74' lang='grc' dir='ltr'><strong>θερίσῃ</strong></span> <span class='ocrx_word' id='word_1_451' title='bbox 3496 3145 3589 3196; x_wconf 73' lang='grc' dir='ltr'><strong>καὶ</strong></span> <span class='ocrx_word' id='word_1_452' title='bbox 3654 3144 3910 3213; x_wconf 80' lang='grc' dir='ltr'><strong>πικρίαν,</strong></span> 
     </span>
    </p>
   </div>
   <div class='ocr_carea' id='block_1_64' title="bbox 633 3233 2207 3313">
    <p class='ocr_par' dir='ltr' id='par_1_64' title="bbox 633 3233 2207 3313">
     <span class='ocr_line' id='line_1_64' title="bbox 633 3233 2207 3313; baseline 0.005 -27"><span class='ocrx_word' id='word_1_453' title='bbox 633 3233 877 3299; x_wconf 61' lang='grc' dir='ltr'><strong>δίιὶτξιιιε,</strong></span> <span class='ocrx_word' id='word_1_454' title='bbox 942 3235 1036 3303; x_wconf 84' lang='lat' dir='ltr'><strong>qui</strong></span> <span class='ocrx_word' id='word_1_455' title='bbox 1093 3245 1179 3291; x_wconf 88' lang='lat' dir='ltr'><strong>est</strong></span> <span class='ocrx_word' id='word_1_456' title='bbox 1214 3236 1451 3313; x_wconf 69' lang='lat' dir='ltr'><strong>verbum</strong></span> <span class='ocrx_word' id='word_1_457' title='bbox 1501 3238 1618 3299; x_wconf 90' lang='lat' dir='ltr'><strong>Dei,</strong></span> <span class='ocrx_word' id='word_1_458' title='bbox 1671 3247 1858 3292; x_wconf 87' lang='lat' dir='ltr'><strong>contra</strong></span> <span class='ocrx_word' id='word_1_459' title='bbox 1885 3239 2207 3308; x_wconf 79' lang='lat' dir='ltr'><strong>eosjugiter</strong></span> 
     </span>
    </p>
   </div>
   <div class='ocr_carea' id='block_1_65' title="bbox 637 3308 2207 3399">
    <p class='ocr_par' dir='ltr' id='par_1_65' title="bbox 637 3308 2207 3399">
     <span class='ocr_line' id='line_1_65' title="bbox 637 3308 2207 3399; baseline 0.004 -22"><span class='ocrx_word' id='word_1_460' title='bbox 637 3330 884 3381; x_wconf 78' lang='lat' dir='ltr'><strong>vilnant:</strong></span> <span class='ocrx_word' id='word_1_461' title='bbox 942 3326 1151 3382; x_wconf 81' lang='lat' dir='ltr'><strong>debiles</strong></span> <span class='ocrx_word' id='word_1_462' title='bbox 1206 3310 1335 3381; x_wconf 79' lang='lat' dir='ltr'><strong>vero</strong></span> <span class='ocrx_word' id='word_1_463' title='bbox 1376 3308 1445 3383; x_wconf 61' lang='grc' dir='ltr'><strong>ἐι</strong></span> <span class='ocrx_word' id='word_1_464' title='bbox 1508 3330 1701 3397; x_wconf 83' lang='lat' dir='ltr'><strong>novitii</strong></span> <span class='ocrx_word' id='word_1_465' title='bbox 1766 3330 1891 3399; x_wconf 82' lang='lat' dir='ltr'><strong>fuga</strong></span> <span class='ocrx_word' id='word_1_466' title='bbox 1937 3340 2097 3384; x_wconf 88' lang='lat' dir='ltr'><strong>caute</strong></span> <span class='ocrx_word' id='word_1_467' title='bbox 2142 3345 2207 3384; x_wconf 89' lang='lat' dir='ltr'><strong>ac</strong></span> 
     </span>
    </p>
   </div>
   <div class='ocr_carea' id='block_1_66' title="bbox 636 3420 2203 3488">
    <p class='ocr_par' dir='ltr' id='par_1_66' title="bbox 636 3420 2203 3488">
     <span class='ocr_line' id='line_1_66' title="bbox 636 3420 2203 3488; baseline 0.003 -17"><span class='ocrx_word' id='word_1_468' title='bbox 636 3420 824 3473; x_wconf 78' lang='lat' dir='ltr'><strong>timide</strong></span> <span class='ocrx_word' id='word_1_469' title='bbox 850 3421 1002 3488; x_wconf 84' lang='lat' dir='ltr'><strong>quasi</strong></span> <span class='ocrx_word' id='word_1_470' title='bbox 1049 3435 1174 3475; x_wconf 86' lang='lat' dir='ltr'><strong>arce</strong></span> <span class='ocrx_word' id='word_1_471' title='bbox 1212 3430 1454 3484; x_wconf 87' lang='lat' dir='ltr'><strong>utentes,</strong></span> <span class='ocrx_word' id='word_1_472' title='bbox 1499 3432 1554 3475; x_wconf 86' lang='lat' dir='ltr'><strong>et</strong></span> <span class='ocrx_word' id='word_1_473' title='bbox 1588 3422 1792 3476; x_wconf 89' lang='lat' dir='ltr'><strong>bellum</strong></span> <span class='ocrx_word' id='word_1_474' title='bbox 1846 3423 2203 3487; x_wconf 81' lang='lat' dir='ltr'><strong>declinantes,</strong></span> 
     </span>
    </p>
   </div>
   <div class='ocr_carea' id='block_1_67' title="bbox 635 3514 2205 3590">
    <p class='ocr_par' dir='ltr' id='par_1_67' title="bbox 635 3514 2205 3590">
     <span class='ocr_line' id='line_1_67' title="bbox 635 3514 2205 3590; baseline 0 -23"><span class='ocrx_word' id='word_1_475' title='bbox 635 3530 735 3569; x_wconf 89' lang='lat' dir='ltr'><strong>nec</strong></span> <span class='ocrx_word' id='word_1_476' title='bbox 795 3514 1181 3584; x_wconf 87' lang='lat' dir='ltr'><strong>intempestive</strong></span> <span class='ocrx_word' id='word_1_477' title='bbox 1243 3514 1533 3590; x_wconf 81' lang='lat' dir='ltr'><strong>audentes,</strong></span> <span class='ocrx_word' id='word_1_478' title='bbox 1596 3524 1824 3568; x_wconf 89' lang='lat' dir='ltr'><strong>mortem</strong></span> <span class='ocrx_word' id='word_1_479' title='bbox 1877 3517 2069 3570; x_wconf 71' lang='lat' dir='ltr'><strong>vitam.</strong></span> <span class='ocrx_word' id='word_1_480' title='bbox 2125 3514 2205 3569; x_wconf 85' lang='lat' dir='ltr'><strong>Tu</strong></span> 
     </span>
    </p>
   </div>
   <div class='ocr_carea' id='block_1_68' title="bbox 631 3603 2250 3675">
    <p class='ocr_par' dir='ltr' id='par_1_68' title="bbox 631 3603 2250 3675">
     <span class='ocr_line' id='line_1_68' title="bbox 631 3603 2250 3675; baseline 0.001 -16"><span class='ocrx_word' id='word_1_481' title='bbox 631 3618 835 3670; x_wconf 86' lang='lat' dir='ltr'><strong>autem,</strong></span> <span class='ocrx_word' id='word_1_482' title='bbox 870 3606 915 3659; x_wconf 89' lang='lat' dir='ltr'><strong>si</strong></span> <span class='ocrx_word' id='word_1_483' title='bbox 972 3608 1108 3660; x_wconf 92' lang='lat' dir='ltr'><strong>bene</strong></span> <span class='ocrx_word' id='word_1_484' title='bbox 1147 3606 1362 3673; x_wconf 87' lang='lat' dir='ltr'><strong>quietus</strong></span> <span class='ocrx_word' id='word_1_485' title='bbox 1407 3620 1488 3671; x_wconf 87' lang='lat' dir='ltr'><strong>es,</strong></span> <span class='ocrx_word' id='word_1_486' title='bbox 1538 3617 1868 3675; x_wconf 80' lang='lat' dir='ltr'><strong>exspectans</strong></span> <span class='ocrx_word' id='word_1_487' title='bbox 1921 3623 2044 3660; x_wconf 91' lang='lat' dir='ltr'><strong>cum</strong></span> <span class='ocrx_word' id='word_1_488' title='bbox 2102 3608 2209 3660; x_wconf 81' lang='lat' dir='ltr'><strong>Deo</strong></span> <span class='ocrx_word' id='word_1_489' title='bbox 2247 3603 2250 3605; x_wconf 12' lang='grc' dir='ltr'><strong>Α</strong></span> 
     </span>
    </p>
   </div>
   <div class='ocr_carea' id='block_1_69' title="bbox 635 3699 2206 3767">
    <p class='ocr_par' dir='ltr' id='par_1_69' title="bbox 635 3699 2206 3767">
     <span class='ocr_line' id='line_1_69' title="bbox 635 3699 2206 3767; baseline 0.001 -16"><span class='ocrx_word' id='word_1_490' title='bbox 635 3700 913 3762; x_wconf 83' lang='lat' dir='ltr'><strong>unionem,</strong></span> <span class='ocrx_word' id='word_1_491' title='bbox 948 3700 1056 3753; x_wconf 89' lang='lat' dir='ltr'><strong>noli</strong></span> <span class='ocrx_word' id='word_1_492' title='bbox 1085 3700 1375 3753; x_wconf 88' lang='lat' dir='ltr'><strong>admittere</strong></span> <span class='ocrx_word' id='word_1_493' title='bbox 1437 3700 1483 3753; x_wconf 89' lang='lat' dir='ltr'><strong>si</strong></span> <span class='ocrx_word' id='word_1_494' title='bbox 1534 3700 1665 3767; x_wconf 85' lang='lat' dir='ltr'><strong>quid</strong></span> <span class='ocrx_word' id='word_1_495' title='bbox 1702 3699 1888 3753; x_wconf 87' lang='lat' dir='ltr'><strong>videas</strong></span> <span class='ocrx_word' id='word_1_496' title='bbox 1924 3699 2206 3763; x_wconf 85' lang='lat' dir='ltr'><strong>sensibile,</strong></span> 
     </span>
    </p>
   </div>
   <div class='ocr_carea' id='block_1_70' title="bbox 634 3790 2207 3859">
    <p class='ocr_par' dir='ltr' id='par_1_70' title="bbox 634 3790 2207 3859">
     <span class='ocr_line' id='line_1_70' title="bbox 634 3790 2207 3859; baseline 0.001 -16"><span class='ocrx_word' id='word_1_497' title='bbox 634 3798 718 3845; x_wconf 83' lang='lat' dir='ltr'><strong>vel</strong></span> <span class='ocrx_word' id='word_1_498' title='bbox 745 3791 1103 3859; x_wconf 84' lang='lat' dir='ltr'><strong>intelligibile,</strong></span> <span class='ocrx_word' id='word_1_499' title='bbox 1133 3792 1218 3845; x_wconf 90' lang='lat' dir='ltr'><strong>vel</strong></span> <span class='ocrx_word' id='word_1_500' title='bbox 1241 3791 1506 3855; x_wconf 81' lang='lat' dir='ltr'><strong>exterius,</strong></span> <span class='ocrx_word' id='word_1_501' title='bbox 1532 3791 1613 3846; x_wconf 84' lang='lat' dir='ltr'><strong>vel</strong></span> <span class='ocrx_word' id='word_1_502' title='bbox 1646 3790 1893 3856; x_wconf 86' lang='lat' dir='ltr'><strong>interius,</strong></span> <span class='ocrx_word' id='word_1_503' title='bbox 1932 3791 2011 3845; x_wconf 76' lang='lat' dir='ltr'><strong>rel</strong></span> <span class='ocrx_word' id='word_1_504' title='bbox 2044 3792 2207 3845; x_wconf 85' lang='lat' dir='ltr'><strong>etiam</strong></span> 
     </span>
    </p>
   </div>
   <div class='ocr_carea' id='block_1_71' title="bbox 635 3881 2206 3951">
    <p class='ocr_par' dir='ltr' id='par_1_71' title="bbox 635 3881 2206 3951">
     <span class='ocr_line' id='line_1_71' title="bbox 635 3881 2206 3951; baseline 0 -16"><span class='ocrx_word' id='word_1_505' title='bbox 635 3883 926 3951; x_wconf 76' lang='lat' dir='ltr'><strong>imaginem</strong></span> <span class='ocrx_word' id='word_1_506' title='bbox 960 3881 1187 3946; x_wconf 87' lang='lat' dir='ltr'><strong>Christi,</strong></span> <span class='ocrx_word' id='word_1_507' title='bbox 1224 3882 1309 3935; x_wconf 86' lang='lat' dir='ltr'><strong>vel</strong></span> <span class='ocrx_word' id='word_1_508' title='bbox 1341 3883 1523 3936; x_wconf 88' lang='lat' dir='ltr'><strong>adhuc</strong></span> <span class='ocrx_word' id='word_1_509' title='bbox 1553 3882 1729 3949; x_wconf 87' lang='lat' dir='ltr'><strong>angeli</strong></span> <span class='ocrx_word' id='word_1_510' title='bbox 1761 3891 1858 3936; x_wconf 91' lang='lat' dir='ltr'><strong>aut</strong></span> <span class='ocrx_word' id='word_1_511' title='bbox 1887 3885 2059 3937; x_wconf 86' lang='lat' dir='ltr'><strong>sancti</strong></span> <span class='ocrx_word' id='word_1_512' title='bbox 2091 3883 2206 3936; x_wconf 86' lang='lat' dir='ltr'><strong>fur-</strong></span> 
     </span>
    </p>
   </div>
   <div class='ocr_carea' id='block_1_72' title="bbox 636 3975 2208 4039">
    <p class='ocr_par' dir='ltr' id='par_1_72' title="bbox 636 3975 2208 4039">
     <span class='ocr_line' id='line_1_72' title="bbox 636 3975 2208 4039; baseline -0.001 -10"><span class='ocrx_word' id='word_1_513' title='bbox 636 3993 805 4039; x_wconf 81' lang='lat' dir='ltr'><strong>mam,</strong></span> <span class='ocrx_word' id='word_1_514' title='bbox 864 3975 946 4028; x_wconf 79' lang='lat' dir='ltr'><strong>vel</strong></span> <span class='ocrx_word' id='word_1_515' title='bbox 992 3976 1165 4028; x_wconf 87' lang='lat' dir='ltr'><strong>lucem</strong></span> <span class='ocrx_word' id='word_1_516' title='bbox 1227 3976 1400 4029; x_wconf 85' lang='lat' dir='ltr'><strong>menti</strong></span> <span class='ocrx_word' id='word_1_517' title='bbox 1457 3975 1781 4029; x_wconf 71' lang='lat' dir='ltr'><strong>exhibitanr</strong></span> <span class='ocrx_word' id='word_1_518' title='bbox 1825 3986 1922 4027; x_wconf 89' lang='lat' dir='ltr'><strong>aut</strong></span> <span class='ocrx_word' id='word_1_519' title='bbox 1952 3975 2208 4037; x_wconf 82' lang='lat' dir='ltr'><strong>cllictam,</strong></span> 
     </span>
    </p>
   </div>
   <div class='ocr_carea' id='block_1_73' title="bbox 635 4067 2210 4138">
    <p class='ocr_par' dir='ltr' id='par_1_73' title="bbox 635 4067 2210 4138">
     <span class='ocr_line' id='line_1_73' title="bbox 635 4067 2210 4138; baseline 0 -17"><span class='ocrx_word' id='word_1_520' title='bbox 635 4073 761 4138; x_wconf 75' lang='lat' dir='ltr'><strong>quia</strong></span> <span class='ocrx_word' id='word_1_521' title='bbox 814 4080 868 4123; x_wconf 89' lang='lat' dir='ltr'><strong>et</strong></span> <span class='ocrx_word' id='word_1_522' title='bbox 928 4071 1044 4137; x_wconf 88' lang='lat' dir='ltr'><strong>ipsa</strong></span> <span class='ocrx_word' id='word_1_523' title='bbox 1095 4084 1248 4122; x_wconf 90' lang='lat' dir='ltr'><strong>mens</strong></span> <span class='ocrx_word' id='word_1_524' title='bbox 1305 4070 1469 4122; x_wconf 85' lang='lat' dir='ltr'><strong>habet</strong></span> <span class='ocrx_word' id='word_1_525' title='bbox 1515 4070 1624 4123; x_wconf 91' lang='lat' dir='ltr'><strong>vim</strong></span> <span class='ocrx_word' id='word_1_526' title='bbox 1671 4067 1999 4137; x_wconf 84' lang='lat' dir='ltr'><strong>imaginandi</strong></span> <span class='ocrx_word' id='word_1_527' title='bbox 2031 4086 2060 4121; x_wconf 90' lang='lat' dir='ltr'><strong>a</strong></span> <span class='ocrx_word' id='word_1_528' title='bbox 2114 4084 2210 4121; x_wconf 73' lang='lat' dir='ltr'><strong>sua</strong></span> 
     </span>
    </p>
   </div>
   <div class='ocr_carea' id='block_1_74' title="bbox 637 4162 2211 4233">
    <p class='ocr_par' dir='ltr' id='par_1_74' title="bbox 637 4162 2211 4233">
     <span class='ocr_line' id='line_1_74' title="bbox 637 4162 2211 4233; baseline -0.001 -16"><span class='ocrx_word' id='word_1_529' title='bbox 637 4177 855 4227; x_wconf 78' lang='lat' dir='ltr'><strong>natura,</strong></span> <span class='ocrx_word' id='word_1_530' title='bbox 879 4176 932 4217; x_wconf 90' lang='lat' dir='ltr'><strong>et</strong></span> <span class='ocrx_word' id='word_1_531' title='bbox 962 4172 1178 4233; x_wconf 84' lang='lat' dir='ltr'><strong>optatas</strong></span> <span class='ocrx_word' id='word_1_532' title='bbox 1204 4162 1362 4216; x_wconf 80' lang='lat' dir='ltr'><strong>facile</strong></span> <span class='ocrx_word' id='word_1_533' title='bbox 1394 4172 1571 4231; x_wconf 85' lang='lat' dir='ltr'><strong>potest</strong></span> <span class='ocrx_word' id='word_1_534' title='bbox 1601 4175 1992 4232; x_wconf 70' lang='lat' dir='ltr'><strong>reprmsentare</strong></span> <span class='ocrx_word' id='word_1_535' title='bbox 2008 4164 2211 4216; x_wconf 80' lang='lat' dir='ltr'><strong>formas</strong></span> 
     </span>
    </p>
   </div>
   <div class='ocr_carea' id='block_1_75' title="bbox 639 4256 2213 4327">
    <p class='ocr_par' dir='ltr' id='par_1_75' title="bbox 639 4256 2213 4327">
     <span class='ocr_line' id='line_1_75' title="bbox 639 4256 2213 4327; baseline -0.003 -16"><span class='ocrx_word' id='word_1_536' title='bbox 639 4262 722 4311; x_wconf 85' lang='lat' dir='ltr'><strong>lns</strong></span> <span class='ocrx_word' id='word_1_537' title='bbox 778 4258 871 4327; x_wconf 91' lang='lat' dir='ltr'><strong>qui</strong></span> <span class='ocrx_word' id='word_1_538' title='bbox 908 4259 1143 4311; x_wconf 85' lang='lat' dir='ltr'><strong>nondum</strong></span> <span class='ocrx_word' id='word_1_539' title='bbox 1210 4256 1451 4325; x_wconf 82' lang='lat' dir='ltr'><strong>perfecte</strong></span> <span class='ocrx_word' id='word_1_540' title='bbox 1491 4259 1559 4311; x_wconf 87' lang='lat' dir='ltr'><strong>ad</strong></span> <span class='ocrx_word' id='word_1_541' title='bbox 1586 4257 1758 4326; x_wconf 87' lang='lat' dir='ltr'><strong>ipsam</strong></span> <span class='ocrx_word' id='word_1_542' title='bbox 1796 4257 2110 4318; x_wconf 89' lang='lat' dir='ltr'><strong>attendunt,</strong></span> <span class='ocrx_word' id='word_1_543' title='bbox 2158 4264 2213 4307; x_wconf 88' lang='lat' dir='ltr'><strong>et</strong></span> 
     </span>
    </p>
   </div>
   <div class='ocr_carea' id='block_1_76' title="bbox 637 4348 2213 4417">
    <p class='ocr_par' dir='ltr' id='par_1_76' title="bbox 637 4348 2213 4417">
     <span class='ocr_line' id='line_1_76' title="bbox 637 4348 2213 4417; baseline -0.004 -14"><span class='ocrx_word' id='word_1_544' title='bbox 637 4352 717 4403; x_wconf 89' lang='lat' dir='ltr'><strong>sic</strong></span> <span class='ocrx_word' id='word_1_545' title='bbox 772 4352 823 4403; x_wconf 91' lang='lat' dir='ltr'><strong>in</strong></span> <span class='ocrx_word' id='word_1_546' title='bbox 854 4351 1089 4417; x_wconf 73' lang='lat' dir='ltr'><strong>seipsam</strong></span> <span class='ocrx_word' id='word_1_547' title='bbox 1144 4349 1311 4404; x_wconf 86' lang='lat' dir='ltr'><strong>infert</strong></span> <span class='ocrx_word' id='word_1_548' title='bbox 1366 4349 1780 4404; x_wconf 87' lang='lat' dir='ltr'><strong>detrimentum.</strong></span> <span class='ocrx_word' id='word_1_549' title='bbox 1826 4348 1947 4416; x_wconf 90' lang='lat' dir='ltr'><strong>Ipsa</strong></span> <span class='ocrx_word' id='word_1_550' title='bbox 1997 4361 2213 4415; x_wconf 78' lang='lat' dir='ltr'><strong>quoque</strong></span> 
     </span>
    </p>
   </div>
   <div class='ocr_carea' id='block_1_77' title="bbox 640 4437 2211 4496">
    <p class='ocr_par' dir='ltr' id='par_1_77' title="bbox 640 4437 2211 4496">
     <span class='ocr_line' id='line_1_77' title="bbox 640 4437 2211 4496; baseline -0.005 0"><span class='ocrx_word' id='word_1_551' title='bbox 640 4444 897 4496; x_wconf 85' lang='lat' dir='ltr'><strong>memoria</strong></span> <span class='ocrx_word' id='word_1_552' title='bbox 941 4444 1207 4496; x_wconf 88' lang='lat' dir='ltr'><strong>bonorum</strong></span> <span class='ocrx_word' id='word_1_553' title='bbox 1269 4450 1365 4495; x_wconf 90' lang='lat' dir='ltr'><strong>ant</strong></span> <span class='ocrx_word' id='word_1_554' title='bbox 1435 4440 1700 4494; x_wconf 88' lang='lat' dir='ltr'><strong>malorum</strong></span> <span class='ocrx_word' id='word_1_555' title='bbox 1771 4438 1985 4493; x_wconf 86' lang='lat' dir='ltr'><strong>turbide</strong></span> <span class='ocrx_word' id='word_1_556' title='bbox 2041 4437 2211 4490; x_wconf 90' lang='lat' dir='ltr'><strong>animi</strong></span> 
     </span>
    </p>
   </div>
   <div class='ocr_carea' id='block_1_78' title="bbox 637 4529 2214 4602">
    <p class='ocr_par' dir='ltr' id='par_1_78' title="bbox 637 4529 2214 4602">
     <span class='ocr_line' id='line_1_78' title="bbox 637 4529 2214 4602; baseline -0.006 -10"><span class='ocrx_word' id='word_1_557' title='bbox 637 4552 855 4592; x_wconf 77' lang='lat' dir='ltr'><strong>scusqu</strong></span> <span class='ocrx_word' id='word_1_558' title='bbox 923 4535 1217 4602; x_wconf 83' lang='lat' dir='ltr'><strong>percellere</strong></span> <span class='ocrx_word' id='word_1_559' title='bbox 1273 4544 1330 4586; x_wconf 89' lang='lat' dir='ltr'><strong>et</strong></span> <span class='ocrx_word' id='word_1_560' title='bbox 1396 4535 1463 4587; x_wconf 85' lang='lat' dir='ltr'><strong>ad</strong></span> <span class='ocrx_word' id='word_1_561' title='bbox 1513 4532 1854 4599; x_wconf 86' lang='lat' dir='ltr'><strong>phantasiam</strong></span> <span class='ocrx_word' id='word_1_562' title='bbox 1940 4529 2214 4584; x_wconf 86' lang='lat' dir='ltr'><strong>adducere</strong></span> 
     </span>
    </p>
   </div>
   <div class='ocr_carea' id='block_1_79' title="bbox 637 4622 2215 4696">
    <p class='ocr_par' dir='ltr' id='par_1_79' title="bbox 637 4622 2215 4696">
     <span class='ocr_line' id='line_1_79' title="bbox 637 4622 2215 4696; baseline -0.006 -13"><span class='ocrx_word' id='word_1_563' title='bbox 637 4631 775 4683; x_wconf 66' lang='lat' dir='ltr'><strong>silet</strong></span> <span class='ocrx_word' id='word_1_564' title='bbox 810 4647 825 4683; x_wconf 92' lang='lat'><strong>:</strong></span> <span class='ocrx_word' id='word_1_565' title='bbox 863 4628 1007 4682; x_wconf 88' lang='lat' dir='ltr'><strong>unde</strong></span> <span class='ocrx_word' id='word_1_566' title='bbox 1062 4626 1372 4696; x_wconf 84' lang='lat' dir='ltr'><strong>lmjnsmodi</strong></span> <span class='ocrx_word' id='word_1_567' title='bbox 1409 4626 1623 4678; x_wconf 91' lang='lat' dir='ltr'><strong>animus</strong></span> <span class='ocrx_word' id='word_1_568' title='bbox 1662 4640 1691 4677; x_wconf 88' lang='lat' dir='ltr'><strong>a</strong></span> <span class='ocrx_word' id='word_1_569' title='bbox 1745 4623 1925 4691; x_wconf 88' lang='lat' dir='ltr'><strong>seipso</strong></span> <span class='ocrx_word' id='word_1_570' title='bbox 1957 4622 2016 4675; x_wconf 88' lang='lat' dir='ltr'><strong>fit</strong></span> <span class='ocrx_word' id='word_1_571' title='bbox 2042 4623 2215 4690; x_wconf 87' lang='lat' dir='ltr'><strong>phan-</strong></span> 
     </span>
    </p>
   </div>
   <div class='ocr_carea' id='block_1_80' title="bbox 640 4712 2215 4786">
    <p class='ocr_par' dir='ltr' id='par_1_80' title="bbox 640 4712 2215 4786">
     <span class='ocr_line' id='line_1_80' title="bbox 640 4712 2215 4786; baseline -0.005 -13"><span class='ocrx_word' id='word_1_572' title='bbox 640 4722 888 4781; x_wconf 44' lang='grc' dir='ltr'><strong>βεβίωκε,</strong></span> <span class='ocrx_word' id='word_1_573' title='bbox 923 4735 1026 4771; x_wconf 87' lang='lat' dir='ltr'><strong>non</strong></span> <span class='ocrx_word' id='word_1_574' title='bbox 1061 4719 1303 4786; x_wconf 85' lang='lat' dir='ltr'><strong>quietus.</strong></span> <span class='ocrx_word' id='word_1_575' title='bbox 1332 4719 1462 4772; x_wconf 87' lang='lat' dir='ltr'><strong>Ideo</strong></span> <span class='ocrx_word' id='word_1_576' title='bbox 1518 4731 1650 4770; x_wconf 86' lang='lat' dir='ltr'><strong>cave</strong></span> <span class='ocrx_word' id='word_1_577' title='bbox 1711 4730 1779 4768; x_wconf 90' lang='lat' dir='ltr'><strong>ne</strong></span> <span class='ocrx_word' id='word_1_578' title='bbox 1832 4715 1963 4783; x_wconf 83' lang='lat' dir='ltr'><strong>quid</strong></span> <span class='ocrx_word' id='word_1_579' title='bbox 2021 4712 2215 4767; x_wconf 86' lang='lat' dir='ltr'><strong>credas</strong></span> 
     </span>
    </p>
   </div>
   <div class='ocr_carea' id='block_1_81' title="bbox 639 4809 2212 4873">
    <p class='ocr_par' dir='ltr' id='par_1_81' title="bbox 639 4809 2212 4873">
     <span class='ocr_line' id='line_1_81' title="bbox 639 4809 2212 4873; baseline -0.006 -7"><span class='ocrx_word' id='word_1_580' title='bbox 639 4812 803 4866; x_wconf 88' lang='lat' dir='ltr'><strong>citius</strong></span> <span class='ocrx_word' id='word_1_581' title='bbox 835 4814 1168 4873; x_wconf 80' lang='lat' dir='ltr'><strong>assentiens,</strong></span> <span class='ocrx_word' id='word_1_582' title='bbox 1205 4814 1371 4864; x_wconf 88' lang='lat' dir='ltr'><strong>etiam</strong></span> <span class='ocrx_word' id='word_1_583' title='bbox 1424 4809 1469 4864; x_wconf 89' lang='lat' dir='ltr'><strong>si</strong></span> <span class='ocrx_word' id='word_1_584' title='bbox 1507 4812 1709 4862; x_wconf 88' lang='lat' dir='ltr'><strong>bonum</strong></span> <span class='ocrx_word' id='word_1_585' title='bbox 1765 4811 1859 4870; x_wconf 86' lang='lat' dir='ltr'><strong>sit,</strong></span> <span class='ocrx_word' id='word_1_586' title='bbox 1918 4815 2212 4873; x_wconf 81' lang='lat' dir='ltr'><strong>antequam</strong></span> 
     </span>
    </p>
   </div>
   <div class='ocr_carea' id='block_1_82' title="bbox 640 4899 2215 4973">
    <p class='ocr_par' dir='ltr' id='par_1_82' title="bbox 640 4899 2215 4973">
     <span class='ocr_line' id='line_1_82' title="bbox 640 4899 2215 4973; baseline -0.006 -13"><span class='ocrx_word' id='word_1_587' title='bbox 640 4907 1056 4973; x_wconf 68' lang='lat' dir='ltr'><strong>interrogaveris</strong></span> <span class='ocrx_word' id='word_1_588' title='bbox 1089 4912 1341 4972; x_wconf 74' lang='lat' dir='ltr'><strong>expertus</strong></span> <span class='ocrx_word' id='word_1_589' title='bbox 1378 4913 1431 4956; x_wconf 89' lang='lat' dir='ltr'><strong>et</strong></span> <span class='ocrx_word' id='word_1_590' title='bbox 1461 4903 1689 4955; x_wconf 85' lang='lat' dir='ltr'><strong>multum</strong></span> <span class='ocrx_word' id='word_1_591' title='bbox 1752 4899 2093 4969; x_wconf 77' lang='lat' dir='ltr'><strong>exquisieris,</strong></span> <span class='ocrx_word' id='word_1_592' title='bbox 2145 4912 2215 4951; x_wconf 84' lang='lat' dir='ltr'><strong>ne</strong></span> 
     </span>
    </p>
   </div>
   <div class='ocr_carea' id='block_1_83' title="bbox 639 4988 2212 5060">
    <p class='ocr_par' dir='ltr' id='par_1_83' title="bbox 639 4988 2212 5060">
     <span class='ocr_line' id='line_1_83' title="bbox 639 4988 2212 5060; baseline -0.01 -5"><span class='ocrx_word' id='word_1_593' title='bbox 639 5000 779 5055; x_wconf 89' lang='lat' dir='ltr'><strong>forte</strong></span> <span class='ocrx_word' id='word_1_594' title='bbox 803 5002 1056 5053; x_wconf 88' lang='lat' dir='ltr'><strong>damnum</strong></span> <span class='ocrx_word' id='word_1_595' title='bbox 1091 5001 1306 5060; x_wconf 84' lang='lat' dir='ltr'><strong>subeas,</strong></span> <span class='ocrx_word' id='word_1_596' title='bbox 1338 4996 1433 5052; x_wconf 84' lang='lat' dir='ltr'><strong>sed</strong></span> <span class='ocrx_word' id='word_1_597' title='bbox 1482 5011 1639 5047; x_wconf 80' lang='lat' dir='ltr'><strong>mane</strong></span> <span class='ocrx_word' id='word_1_598' title='bbox 1674 4994 1802 5046; x_wconf 89' lang='lat' dir='ltr'><strong>illud</strong></span> <span class='ocrx_word' id='word_1_599' title='bbox 1836 5006 1978 5060; x_wconf 78' lang='lat' dir='ltr'><strong>:egre</strong></span> <span class='ocrx_word' id='word_1_600' title='bbox 2012 4988 2212 5055; x_wconf 75' lang='lat' dir='ltr'><strong>ferens,</strong></span> 
     </span>
    </p>
   </div>
   <div class='ocr_carea' id='block_1_84' title="bbox 637 5080 2215 5161">
    <p class='ocr_par' dir='ltr' id='par_1_84' title="bbox 637 5080 2215 5161">
     <span class='ocr_line' id='line_1_84' title="bbox 637 5080 2215 5161; baseline -0.008 -15"><span class='ocrx_word' id='word_1_601' title='bbox 637 5105 687 5146; x_wconf 90' lang='lat' dir='ltr'><strong>et</strong></span> <span class='ocrx_word' id='word_1_602' title='bbox 721 5108 936 5161; x_wconf 81' lang='lat' dir='ltr'><strong>semper</strong></span> <span class='ocrx_word' id='word_1_603' title='bbox 971 5106 1195 5146; x_wconf 87' lang='lat' dir='ltr'><strong>servans</strong></span> <span class='ocrx_word' id='word_1_604' title='bbox 1233 5100 1469 5143; x_wconf 84' lang='lat' dir='ltr'><strong>mentem</strong></span> <span class='ocrx_word' id='word_1_605' title='bbox 1497 5097 1645 5141; x_wconf 86' lang='lat' dir='ltr'><strong>tuam</strong></span> <span class='ocrx_word' id='word_1_606' title='bbox 1667 5086 1787 5138; x_wconf 87' lang='lat' dir='ltr'><strong>sine</strong></span> <span class='ocrx_word' id='word_1_607' title='bbox 1812 5083 2016 5146; x_wconf 85' lang='lat' dir='ltr'><strong>colore,</strong></span> <span class='ocrx_word' id='word_1_608' title='bbox 2040 5080 2215 5134; x_wconf 87' lang='lat' dir='ltr'><strong>forma</strong></span> 
     </span>
    </p>
   </div>
   <div class='ocr_carea' id='block_1_85' title="bbox 638 5171 2211 5255">
    <p class='ocr_par' dir='ltr' id='par_1_85' title="bbox 638 5171 2211 5255">
     <span class='ocr_line' id='line_1_85' title="bbox 638 5171 2211 5255; baseline -0.011 -15"><span class='ocrx_word' id='word_1_609' title='bbox 638 5186 951 5255; x_wconf 83' lang='lat' dir='ltr'><strong>autelligie:</strong></span> <span class='ocrx_word' id='word_1_610' title='bbox 988 5200 1110 5236; x_wconf 88' lang='lat' dir='ltr'><strong>nam</strong></span> <span class='ocrx_word' id='word_1_611' title='bbox 1145 5196 1287 5249; x_wconf 63' lang='lat' dir='ltr'><strong>saepe</strong></span> <span class='ocrx_word' id='word_1_612' title='bbox 1334 5179 1463 5234; x_wconf 91' lang='lat' dir='ltr'><strong>illud</strong></span> <span class='ocrx_word' id='word_1_613' title='bbox 1495 5178 1660 5232; x_wconf 85' lang='lat' dir='ltr'><strong>etiam</strong></span> <span class='ocrx_word' id='word_1_614' title='bbox 1695 5176 1840 5245; x_wconf 89' lang='lat' dir='ltr'><strong>quod</strong></span> <span class='ocrx_word' id='word_1_615' title='bbox 1888 5174 2034 5227; x_wconf 87' lang='lat' dir='ltr'><strong>Deus</strong></span> <span class='ocrx_word' id='word_1_616' title='bbox 2105 5171 2211 5224; x_wconf 89' lang='lat' dir='ltr'><strong>mi-</strong></span> 
     </span>
    </p>
   </div>
   <div class='ocr_carea' id='block_1_86' title="bbox 640 5266 2213 5347">
    <p class='ocr_par' dir='ltr' id='par_1_86' title="bbox 640 5266 2213 5347">
     <span class='ocr_line' id='line_1_86' title="bbox 640 5266 2213 5347; baseline -0.011 -12"><span class='ocrx_word' id='word_1_617' title='bbox 640 5288 790 5335; x_wconf 76' lang='lat' dir='ltr'><strong>serat</strong></span> <span class='ocrx_word' id='word_1_618' title='bbox 819 5278 886 5331; x_wconf 91' lang='lat' dir='ltr'><strong>ad</strong></span> <span class='ocrx_word' id='word_1_619' title='bbox 915 5276 1289 5347; x_wconf 82' lang='lat' dir='ltr'><strong>probationem</strong></span> <span class='ocrx_word' id='word_1_620' title='bbox 1318 5285 1376 5327; x_wconf 88' lang='lat' dir='ltr'><strong>et</strong></span> <span class='ocrx_word' id='word_1_621' title='bbox 1408 5285 1696 5333; x_wconf 88' lang='lat' dir='ltr'><strong>coronam,</strong></span> <span class='ocrx_word' id='word_1_622' title='bbox 1730 5267 1915 5321; x_wconf 86' lang='lat' dir='ltr'><strong>multis</strong></span> <span class='ocrx_word' id='word_1_623' title='bbox 1952 5266 2213 5319; x_wconf 80' lang='lat' dir='ltr'><strong>dantuum</strong></span> 
     </span>
    </p>
   </div>
   <div class='ocr_carea' id='block_1_87' title="bbox 645 5360 2218 5429">
    <p class='ocr_par' dir='ltr' id='par_1_87' title="bbox 645 5360 2218 5429">
     <span class='ocr_line' id='line_1_87' title="bbox 645 5360 2218 5429; baseline -0.012 0"><span class='ocrx_word' id='word_1_624' title='bbox 645 5376 861 5429; x_wconf 88' lang='lat' dir='ltr'><strong>intulit:</strong></span> <span class='ocrx_word' id='word_1_625' title='bbox 899 5372 1006 5425; x_wconf 86' lang='lat' dir='ltr'><strong>vult</strong></span> <span class='ocrx_word' id='word_1_626' title='bbox 1038 5371 1183 5424; x_wconf 89' lang='lat' dir='ltr'><strong>enim</strong></span> <span class='ocrx_word' id='word_1_627' title='bbox 1211 5367 1473 5421; x_wconf 86' lang='lat' dir='ltr'><strong>Dominus</strong></span> <span class='ocrx_word' id='word_1_628' title='bbox 1507 5374 1691 5417; x_wconf 87' lang='lat' dir='ltr'><strong>nnster</strong></span> <span class='ocrx_word' id='word_1_629' title='bbox 1714 5369 1961 5415; x_wconf 89' lang='lat' dir='ltr'><strong>nostrum</strong></span> <span class='ocrx_word' id='word_1_630' title='bbox 1984 5360 2218 5429; x_wconf 84' lang='lat' dir='ltr'><strong>probare</strong></span> 
     </span>
    </p>
   </div>
   <div class='ocr_carea' id='block_1_88' title="bbox 643 5449 2216 5537">
    <p class='ocr_par' dir='ltr' id='par_1_88' title="bbox 643 5449 2216 5537">
     <span class='ocr_line' id='line_1_88' title="bbox 643 5449 2216 5537; baseline -0.013 -15"><span class='ocrx_word' id='word_1_631' title='bbox 643 5484 751 5537; x_wconf 87' lang='lat' dir='ltr'><strong>quo</strong></span> <span class='ocrx_word' id='word_1_632' title='bbox 783 5475 968 5536; x_wconf 79' lang='lat' dir='ltr'><strong>vergat</strong></span> <span class='ocrx_word' id='word_1_633' title='bbox 999 5464 1233 5518; x_wconf 86' lang='lat' dir='ltr'><strong>liberum</strong></span> <span class='ocrx_word' id='word_1_634' title='bbox 1258 5459 1566 5514; x_wconf 86' lang='lat' dir='ltr'><strong>arbitrium.</strong></span> <span class='ocrx_word' id='word_1_635' title='bbox 1603 5455 1702 5521; x_wconf 81' lang='lat' dir='ltr'><strong>Qui</strong></span> <span class='ocrx_word' id='word_1_636' title='bbox 1734 5467 1865 5521; x_wconf 81' lang='lat' dir='ltr'><strong>ergo</strong></span> <span class='ocrx_word' id='word_1_637' title='bbox 1921 5450 2069 5504; x_wconf 73' lang='lat' dir='ltr'><strong>videt</strong></span> <span class='ocrx_word' id='word_1_638' title='bbox 2115 5449 2216 5502; x_wconf 84' lang='lat' dir='ltr'><strong>ali-</strong></span> 
     </span>
    </p>
   </div>
   <div class='ocr_carea' id='block_1_89' title="bbox 644 5543 2215 5632">
    <p class='ocr_par' dir='ltr' id='par_1_89' title="bbox 644 5543 2215 5632">
     <span class='ocr_line' id='line_1_89' title="bbox 644 5543 2215 5632; baseline -0.015 -16"><span class='ocrx_word' id='word_1_639' title='bbox 644 5562 774 5632; x_wconf 86' lang='lat' dir='ltr'><strong>quid</strong></span> <span class='ocrx_word' id='word_1_640' title='bbox 827 5559 1103 5613; x_wconf 74' lang='lat' dir='ltr'><strong>intellectu</strong></span> <span class='ocrx_word' id='word_1_641' title='bbox 1134 5566 1226 5608; x_wconf 84' lang='lat' dir='ltr'><strong>aut</strong></span> <span class='ocrx_word' id='word_1_642' title='bbox 1254 5567 1441 5615; x_wconf 88' lang='lat' dir='ltr'><strong>sensu,</strong></span> <span class='ocrx_word' id='word_1_643' title='bbox 1485 5550 1609 5603; x_wconf 89' lang='lat' dir='ltr'><strong>licet</strong></span> <span class='ocrx_word' id='word_1_644' title='bbox 1653 5546 1919 5601; x_wconf 87' lang='lat' dir='ltr'><strong>divinitus</strong></span> <span class='ocrx_word' id='word_1_645' title='bbox 1966 5543 2215 5606; x_wconf 81' lang='lat' dir='ltr'><strong>missum,</strong></span> 
     </span>
    </p>
   </div>
   <div class='ocr_carea' id='block_1_90' title="bbox 646 5638 2220 5718">
    <p class='ocr_par' dir='ltr' id='par_1_90' title="bbox 646 5638 2220 5718">
     <span class='ocr_line' id='line_1_90' title="bbox 646 5638 2220 5718; baseline -0.013 -11"><span class='ocrx_word' id='word_1_646' title='bbox 646 5667 698 5707; x_wconf 88' lang='lat' dir='ltr'><strong>et</strong></span> <span class='ocrx_word' id='word_1_647' title='bbox 734 5650 1055 5707; x_wconf 85' lang='lat' dir='ltr'><strong>inconsultis</strong></span> <span class='ocrx_word' id='word_1_648' title='bbox 1084 5646 1271 5718; x_wconf 86' lang='lat' dir='ltr'><strong>peritis</strong></span> <span class='ocrx_word' id='word_1_649' title='bbox 1307 5642 1502 5712; x_wconf 88' lang='lat' dir='ltr'><strong>accipit</strong></span> <span class='ocrx_word' id='word_1_650' title='bbox 1527 5641 1679 5702; x_wconf 83' lang='lat' dir='ltr'><strong>illud,</strong></span> <span class='ocrx_word' id='word_1_651' title='bbox 1718 5638 1874 5693; x_wconf 86' lang='lat' dir='ltr'><strong>facile</strong></span> <span class='ocrx_word' id='word_1_652' title='bbox 1921 5644 2073 5690; x_wconf 86' lang='lat' dir='ltr'><strong>errat</strong></span> <span class='ocrx_word' id='word_1_653' title='bbox 2125 5642 2220 5688; x_wconf 88' lang='lat' dir='ltr'><strong>aut</strong></span> 
     </span>
    </p>
   </div>
   <div class='ocr_carea' id='block_1_91' title="bbox 645 5729 2216 5802">
    <p class='ocr_par' dir='ltr' id='par_1_91' title="bbox 645 5729 2216 5802">
     <span class='ocr_line' id='line_1_91' title="bbox 645 5729 2216 5802; baseline -0.015 -2"><span class='ocrx_word' id='word_1_654' title='bbox 645 5756 930 5800; x_wconf 86' lang='lat' dir='ltr'><strong>erraturus</strong></span> <span class='ocrx_word' id='word_1_655' title='bbox 960 5752 1064 5799; x_wconf 88' lang='lat' dir='ltr'><strong>est.</strong></span> <span class='ocrx_word' id='word_1_656' title='bbox 1088 5752 1146 5794; x_wconf 89' lang='lat' dir='ltr'><strong>ut</strong></span> <span class='ocrx_word' id='word_1_657' title='bbox 1175 5739 1386 5793; x_wconf 83' lang='lat' dir='ltr'><strong>facilius</strong></span> <span class='ocrx_word' id='word_1_658' title='bbox 1424 5734 1712 5802; x_wconf 83' lang='lat' dir='ltr'><strong>recipiens.</strong></span> <span class='ocrx_word' id='word_1_659' title='bbox 1770 5729 1999 5798; x_wconf 78' lang='lat' dir='ltr'><strong>Oportet</strong></span> <span class='ocrx_word' id='word_1_660' title='bbox 2035 5735 2216 5781; x_wconf 86' lang='lat' dir='ltr'><strong>autem</strong></span> 
     </span>
    </p>
   </div>
   <div class='ocr_carea' id='block_1_92' title="bbox 647 5824 2216 5902">
    <p class='ocr_par' dir='ltr' id='par_1_92' title="bbox 647 5824 2216 5902">
     <span class='ocr_line' id='line_1_92' title="bbox 647 5824 2216 5902; baseline -0.017 -5"><span class='ocrx_word' id='word_1_661' title='bbox 647 5838 917 5897; x_wconf 63' lang='lat' dir='ltr'><strong>Davitiuzn</strong></span> <span class='ocrx_word' id='word_1_662' title='bbox 940 5835 1224 5902; x_wconf 73' lang='lat' dir='ltr'><strong>attendere</strong></span> <span class='ocrx_word' id='word_1_663' title='bbox 1252 5832 1429 5885; x_wconf 62' lang='lat' dir='ltr'><strong>CUt&#39;Llls</strong></span> <span class='ocrx_word' id='word_1_664' title='bbox 1459 5824 1787 5897; x_wconf 81' lang='lat' dir='ltr'><strong>operationi,</strong></span> <span class='ocrx_word' id='word_1_665' title='bbox 1826 5832 2084 5891; x_wconf 62' lang='lat' dir='ltr'><strong>tan-luam</strong></span> <span class='ocrx_word' id='word_1_666' title='bbox 2110 5832 2216 5871; x_wconf 74' lang='lat' dir='ltr'><strong>non</strong></span> 
     </span>
    </p>
   </div>
   <div class='ocr_carea' id='block_1_93' title="bbox 2324 3235 3913 3313">
    <p class='ocr_par' dir='ltr' id='par_1_93' title="bbox 2324 3235 3913 3313">
     <span class='ocr_line' id='line_1_93' title="bbox 2324 3235 3913 3313; baseline -0.006 -16"><span class='ocrx_word' id='word_1_667' title='bbox 2324 3242 2448 3297; x_wconf 79' lang='grc' dir='ltr'><strong>ἀντὶ</strong></span> <span class='ocrx_word' id='word_1_668' title='bbox 2485 3241 2847 3313; x_wconf 83' lang='grc' dir='ltr'><strong>γλυκύτητος,</strong></span> <span class='ocrx_word' id='word_1_669' title='bbox 2890 3242 2982 3294; x_wconf 75' lang='grc' dir='ltr'><strong>καὶ</strong></span> <span class='ocrx_word' id='word_1_670' title='bbox 3025 3240 3154 3294; x_wconf 77' lang='grc' dir='ltr'><strong>ἀντὶ</strong></span> <span class='ocrx_word' id='word_1_671' title='bbox 3180 3238 3479 3308; x_wconf 89' lang='grc' dir='ltr'><strong>σωτηρίας,</strong></span> <span class='ocrx_word' id='word_1_672' title='bbox 3512 3238 3721 3307; x_wconf 78' lang='grc' dir='ltr'><strong>εὑρήσῃ</strong></span> <span class='ocrx_word' id='word_1_673' title='bbox 3755 3235 3913 3288; x_wconf 84' lang='grc' dir='ltr'><strong>ἀπῶ-</strong></span> 
     </span>
    </p>
   </div>
   <div class='ocr_carea' id='block_1_94' title="bbox 2324 3314 3917 3404">
    <p class='ocr_par' dir='ltr' id='par_1_94' title="bbox 2324 3331 3917 3404">
     <span class='ocr_line' id='line_1_94' title="bbox 2324 3331 3917 3404; baseline -0.003 -18"><span class='ocrx_word' id='word_1_674' title='bbox 2324 3334 2496 3387; x_wconf 88' lang='grc' dir='ltr'><strong>λειαν.</strong></span> <span class='ocrx_word' id='word_1_675' title='bbox 2539 3334 2662 3386; x_wconf 84' lang='grc' dir='ltr'><strong>Τῶν</strong></span> <span class='ocrx_word' id='word_1_676' title='bbox 2692 3335 2801 3404; x_wconf 81' lang='grc' dir='ltr'><strong>γάρ</strong></span> <span class='ocrx_word' id='word_1_677' title='bbox 2835 3332 3080 3386; x_wconf 80' lang='grc' dir='ltr'><strong>δυνατῶν</strong></span> <span class='ocrx_word' id='word_1_678' title='bbox 3120 3333 3217 3386; x_wconf 74' lang='grc' dir='ltr'><strong>καὶ</strong></span> <span class='ocrx_word' id='word_1_679' title='bbox 3253 3332 3479 3383; x_wconf 84' lang='grc' dir='ltr'><strong>τελείων</strong></span> <span class='ocrx_word' id='word_1_680' title='bbox 3517 3331 3636 3382; x_wconf 81' lang='grc' dir='ltr'><strong>ἐστὶ</strong></span> <span class='ocrx_word' id='word_1_681' title='bbox 3672 3346 3917 3398; x_wconf 82' lang='grc' dir='ltr'><strong>μονομα-</strong></span> 
     </span>
    </p>
   </div>
   <div class='ocr_carea' id='block_1_95' title="bbox 2326 3418 3913 3491">
    <p class='ocr_par' dir='ltr' id='par_1_95' title="bbox 2326 3418 3913 3491">
     <span class='ocr_line' id='line_1_95' title="bbox 2326 3418 3913 3491; baseline -0.001 -20"><span class='ocrx_word' id='word_1_682' title='bbox 2326 3423 2440 3489; x_wconf 85' lang='grc' dir='ltr'><strong>χεῖν</strong></span> <span class='ocrx_word' id='word_1_683' title='bbox 2467 3421 2553 3472; x_wconf 73' lang='grc' dir='ltr'><strong>ἀεὶ</strong></span> <span class='ocrx_word' id='word_1_684' title='bbox 2593 3422 2732 3491; x_wconf 87' lang='grc' dir='ltr'><strong>μετά</strong></span> <span class='ocrx_word' id='word_1_685' title='bbox 2771 3421 2881 3473; x_wconf 89' lang='grc' dir='ltr'><strong>τῶν</strong></span> <span class='ocrx_word' id='word_1_686' title='bbox 2912 3420 3206 3490; x_wconf 84' lang='grc' dir='ltr'><strong>δαιμόνων,</strong></span> <span class='ocrx_word' id='word_1_687' title='bbox 3238 3420 3334 3473; x_wconf 77' lang='grc' dir='ltr'><strong>καὶ</strong></span> <span class='ocrx_word' id='word_1_688' title='bbox 3370 3420 3469 3491; x_wconf 83' lang='grc' dir='ltr'><strong>τὴν</strong></span> <span class='ocrx_word' id='word_1_689' title='bbox 3505 3420 3787 3489; x_wconf 82' lang='grc' dir='ltr'><strong>μάχαιραν</strong></span> <span class='ocrx_word' id='word_1_690' title='bbox 3814 3418 3913 3471; x_wconf 88' lang='grc' dir='ltr'><strong>τοῦ</strong></span> 
     </span>
    </p>
   </div>
   <div class='ocr_carea' id='block_1_96' title="bbox 2325 3509 3916 3582">
    <p class='ocr_par' dir='ltr' id='par_1_96' title="bbox 2325 3509 3916 3582">
     <span class='ocr_line' id='line_1_96' title="bbox 2325 3509 3916 3582; baseline -0.001 -21"><span class='ocrx_word' id='word_1_691' title='bbox 2325 3509 2660 3578; x_wconf 86' lang='grc' dir='ltr'><strong>πνεύματος,</strong></span> <span class='ocrx_word' id='word_1_692' title='bbox 2712 3511 2747 3581; x_wconf 80' lang='grc' dir='ltr'>ἦ</span> <span class='ocrx_word' id='word_1_693' title='bbox 2798 3511 2916 3563; x_wconf 75' lang='grc' dir='ltr'><strong>ἐστι</strong></span> <span class='ocrx_word' id='word_1_694' title='bbox 2955 3511 3110 3582; x_wconf 76' lang='grc' dir='ltr'><strong>ῥῆμα</strong></span> <span class='ocrx_word' id='word_1_695' title='bbox 3141 3510 3302 3573; x_wconf 84' lang='grc' dir='ltr'><strong>Θεοῦ,</strong></span> <span class='ocrx_word' id='word_1_696' title='bbox 3339 3510 3475 3581; x_wconf 78' lang='grc' dir='ltr'><strong>πρὸς</strong></span> <span class='ocrx_word' id='word_1_697' title='bbox 3502 3510 3699 3573; x_wconf 77' lang='grc' dir='ltr'><strong>αὐτοὺς</strong></span> <span class='ocrx_word' id='word_1_698' title='bbox 3729 3509 3916 3578; x_wconf 78' lang='grc' dir='ltr'><strong>διηνε-</strong></span> 
     </span>
    </p>
   </div>
   <div class='ocr_carea' id='block_1_97' title="bbox 2325 3602 3916 3672">
    <p class='ocr_par' dir='ltr' id='par_1_97' title="bbox 2325 3602 3916 3672">
     <span class='ocr_line' id='line_1_97' title="bbox 2325 3602 3916 3672; baseline 0.001 -17"><span class='ocrx_word' id='word_1_699' title='bbox 2325 3603 2435 3666; x_wconf 87' lang='grc' dir='ltr'><strong>κῶς</strong></span> <span class='ocrx_word' id='word_1_700' title='bbox 2456 3604 2781 3670; x_wconf 85' lang='grc' dir='ltr'><strong>άνατείνειν,</strong></span> <span class='ocrx_word' id='word_1_701' title='bbox 2811 3606 2860 3656; x_wconf 77' lang='grc' dir='ltr'><strong>οἱ</strong></span> <span class='ocrx_word' id='word_1_702' title='bbox 2888 3603 2943 3657; x_wconf 86' lang='grc' dir='ltr'><strong>δέ</strong></span> <span class='ocrx_word' id='word_1_703' title='bbox 2966 3604 3215 3666; x_wconf 83' lang='grc' dir='ltr'><strong>ἀσθενεῖς</strong></span> <span class='ocrx_word' id='word_1_704' title='bbox 3238 3605 3331 3657; x_wconf 72' lang='grc' dir='ltr'><strong>καὶ</strong></span> <span class='ocrx_word' id='word_1_705' title='bbox 3357 3602 3633 3672; x_wconf 89' lang='grc' dir='ltr'><strong>ἀρχάριοι,</strong></span> <span class='ocrx_word' id='word_1_706' title='bbox 3667 3605 3733 3671; x_wconf 87' lang='grc' dir='ltr'><strong>τῇ</strong></span> <span class='ocrx_word' id='word_1_707' title='bbox 3762 3605 3916 3671; x_wconf 74' lang='grc' dir='ltr'><strong>φυγῇ</strong></span> 
     </span>
    </p>
   </div>
   <div class='ocr_carea' id='block_1_98' title="bbox 2328 3695 3915 3766">
    <p class='ocr_par' dir='ltr' id='par_1_98' title="bbox 2328 3695 3915 3766">
     <span class='ocr_line' id='line_1_98' title="bbox 2328 3695 3915 3766; baseline -0.002 -18"><span class='ocrx_word' id='word_1_708' title='bbox 2328 3695 2447 3766; x_wconf 87' lang='grc' dir='ltr'><strong>μετ’</strong></span> <span class='ocrx_word' id='word_1_709' title='bbox 2476 3696 2765 3760; x_wconf 77' lang='grc' dir='ltr'><strong>εὐλαϐείας</strong></span> <span class='ocrx_word' id='word_1_710' title='bbox 2813 3698 2909 3751; x_wconf 75' lang='grc' dir='ltr'><strong>καὶ</strong></span> <span class='ocrx_word' id='word_1_711' title='bbox 2932 3696 3123 3766; x_wconf 78' lang='grc' dir='ltr'><strong>φόϐου,</strong></span> <span class='ocrx_word' id='word_1_712' title='bbox 3156 3696 3231 3759; x_wconf 85' lang='grc' dir='ltr'><strong>ὡς</strong></span> <span class='ocrx_word' id='word_1_713' title='bbox 3254 3695 3575 3766; x_wconf 73' lang='grc' dir='ltr'><strong>ὀχυρώματι</strong></span> <span class='ocrx_word' id='word_1_714' title='bbox 3609 3697 3915 3766; x_wconf 76' lang='grc' dir='ltr'><strong>χρώμενοι,</strong></span> 
     </span>
    </p>
   </div>
   <div class='ocr_carea' id='block_1_99' title="bbox 2325 3786 3920 3862">
    <p class='ocr_par' dir='ltr' id='par_1_99' title="bbox 2325 3786 3920 3862">
     <span class='ocr_line' id='line_1_99' title="bbox 2325 3786 3920 3862; baseline -0.001 -21"><span class='ocrx_word' id='word_1_715' title='bbox 2325 3790 2421 3841; x_wconf 76' lang='grc' dir='ltr'><strong>καὶ</strong></span> <span class='ocrx_word' id='word_1_716' title='bbox 2453 3790 2544 3842; x_wconf 85' lang='grc' dir='ltr'><strong>τὸν</strong></span> <span class='ocrx_word' id='word_1_717' title='bbox 2578 3790 2815 3860; x_wconf 87' lang='grc' dir='ltr'><strong>πόλεμον</strong></span> <span class='ocrx_word' id='word_1_718' title='bbox 2840 3789 3293 3862; x_wconf 81' lang='grc' dir='ltr'><strong>παραιτούμενοι,</strong></span> <span class='ocrx_word' id='word_1_719' title='bbox 3327 3790 3404 3858; x_wconf 81' lang='grc' dir='ltr'><strong>μὴ</strong></span> <span class='ocrx_word' id='word_1_720' title='bbox 3431 3788 3538 3857; x_wconf 86' lang='grc' dir='ltr'><strong>πρὸ</strong></span> <span class='ocrx_word' id='word_1_721' title='bbox 3564 3786 3762 3857; x_wconf 74' lang='grc' dir='ltr'><strong>καιροῦ</strong></span> <span class='ocrx_word' id='word_1_722' title='bbox 3792 3788 3920 3839; x_wconf 84' lang='grc' dir='ltr'><strong>τολ-</strong></span> 
     </span>
    </p>
   </div>
   <div class='ocr_carea' id='block_1_100' title="bbox 2328 3879 3921 3951">
    <p class='ocr_par' dir='ltr' id='par_1_100' title="bbox 2328 3879 3921 3951">
     <span class='ocr_line' id='line_1_100' title="bbox 2328 3879 3921 3951; baseline 0.001 -21"><span class='ocrx_word' id='word_1_723' title='bbox 2328 3881 2557 3949; x_wconf 73' lang='grc' dir='ltr'><strong>μῶντες,</strong></span> <span class='ocrx_word' id='word_1_724' title='bbox 2603 3882 2696 3935; x_wconf 76' lang='grc' dir='ltr'><strong>τὸν</strong></span> <span class='ocrx_word' id='word_1_725' title='bbox 2741 3882 2969 3936; x_wconf 89' lang='grc' dir='ltr'><strong>θάνατον</strong></span> <span class='ocrx_word' id='word_1_726' title='bbox 3008 3881 3383 3951; x_wconf 67' lang='grc' dir='ltr'><strong>διαφεύγουσι.</strong></span> <span class='ocrx_word' id='word_1_727' title='bbox 3436 3881 3508 3932; x_wconf 77' lang='grc' dir='ltr'><strong>Σὺ</strong></span> <span class='ocrx_word' id='word_1_728' title='bbox 3561 3880 3617 3932; x_wconf 81' lang='grc' dir='ltr'><strong>δὲ</strong></span> <span class='ocrx_word' id='word_1_729' title='bbox 3653 3879 3749 3932; x_wconf 81' lang='grc' dir='ltr'><strong>ἐὰν</strong></span> <span class='ocrx_word' id='word_1_730' title='bbox 3782 3881 3921 3947; x_wconf 75' lang='grc' dir='ltr'><strong>ἡσυ-</strong></span> 
     </span>
    </p>
   </div>
   <div class='ocr_carea' id='block_1_101' title="bbox 2325 3968 3921 4044">
    <p class='ocr_par' dir='ltr' id='par_1_101' title="bbox 2325 3968 3921 4044">
     <span class='ocr_line' id='line_1_101' title="bbox 2325 3968 3921 4044; baseline 0 -19"><span class='ocrx_word' id='word_1_731' title='bbox 2325 3972 2500 4044; x_wconf 78' lang='grc' dir='ltr'><strong>χάζῃς</strong></span> <span class='ocrx_word' id='word_1_732' title='bbox 2526 3973 2730 4040; x_wconf 82' lang='grc' dir='ltr'><strong>καλῶς,</strong></span> <span class='ocrx_word' id='word_1_733' title='bbox 2765 3974 3082 4043; x_wconf 78' lang='grc' dir='ltr'><strong>προσδοκῶν</strong></span> <span class='ocrx_word' id='word_1_734' title='bbox 3123 3975 3264 4043; x_wconf 81' lang='grc' dir='ltr'><strong>μετὰ</strong></span> <span class='ocrx_word' id='word_1_735' title='bbox 3289 3974 3384 4025; x_wconf 88' lang='grc' dir='ltr'><strong>τοῦ</strong></span> <span class='ocrx_word' id='word_1_736' title='bbox 3414 3972 3569 4026; x_wconf 80' lang='grc' dir='ltr'><strong>Θεοῦ.</strong></span> <span class='ocrx_word' id='word_1_737' title='bbox 3593 3968 3760 4037; x_wconf 79' lang='grc' dir='ltr'><strong>εἶναι,</strong></span> <span class='ocrx_word' id='word_1_738' title='bbox 3807 3992 3921 4042; x_wconf 84' lang='grc' dir='ltr'><strong>μη-</strong></span> 
     </span>
    </p>
   </div>
   <div class='ocr_carea' id='block_1_102' title="bbox 2324 4062 3916 4135">
    <p class='ocr_par' dir='ltr' id='par_1_102' title="bbox 2324 4062 3916 4135">
     <span class='ocr_line' id='line_1_102' title="bbox 2324 4062 3916 4135; baseline -0.002 -19"><span class='ocrx_word' id='word_1_739' title='bbox 2324 4064 2515 4116; x_wconf 81' lang='grc' dir='ltr'><strong>δέποτε</strong></span> <span class='ocrx_word' id='word_1_740' title='bbox 2547 4062 2831 4134; x_wconf 73' lang='grc' dir='ltr'><strong>παραδέξῃ</strong></span> <span class='ocrx_word' id='word_1_741' title='bbox 2855 4062 2911 4115; x_wconf 74' lang='grc' dir='ltr'><strong>εἴ</strong></span> <span class='ocrx_word' id='word_1_742' title='bbox 2953 4081 3006 4115; x_wconf 89' lang='grc' dir='ltr'><strong>τι</strong></span> <span class='ocrx_word' id='word_1_743' title='bbox 3037 4063 3102 4116; x_wconf 76' lang='grc' dir='ltr'><strong>ἂν</strong></span> <span class='ocrx_word' id='word_1_744' title='bbox 3135 4063 3249 4134; x_wconf 76' lang='grc' dir='ltr'><strong>ἴδῃς</strong></span> <span class='ocrx_word' id='word_1_745' title='bbox 3289 4062 3571 4132; x_wconf 69' lang='grc' dir='ltr'><strong>αἰσθητὸν,</strong></span> <span class='ocrx_word' id='word_1_746' title='bbox 3630 4064 3663 4135; x_wconf 75' lang='grc' dir='ltr'>ἢ</span> <span class='ocrx_word' id='word_1_747' title='bbox 3700 4064 3916 4133; x_wconf 69' lang='grc' dir='ltr'><strong>νοερὸν,</strong></span> 
     </span>
    </p>
   </div>
   <div class='ocr_carea' id='block_1_103' title="bbox 2324 4153 3920 4230">
    <p class='ocr_par' dir='ltr' id='par_1_103' title="bbox 2324 4153 3920 4230">
     <span class='ocr_line' id='line_1_103' title="bbox 2324 4153 3920 4230; baseline -0.001 -22"><span class='ocrx_word' id='word_1_748' title='bbox 2324 4157 2358 4226; x_wconf 83' lang='grc' dir='ltr'>ἢ</span> <span class='ocrx_word' id='word_1_749' title='bbox 2387 4155 2608 4221; x_wconf 77' lang='grc' dir='ltr'><strong>ἔξωθεν,</strong></span> <span class='ocrx_word' id='word_1_750' title='bbox 2659 4156 2693 4227; x_wconf 84' lang='grc' dir='ltr'><strong>ἢ</strong></span> <span class='ocrx_word' id='word_1_751' title='bbox 2726 4155 2954 4222; x_wconf 80' lang='grc' dir='ltr'><strong>ἔσωθεν,</strong></span> <span class='ocrx_word' id='word_1_752' title='bbox 2987 4157 3022 4230; x_wconf 75' lang='grc' dir='ltr'><strong>ἢ</strong></span> <span class='ocrx_word' id='word_1_753' title='bbox 3058 4156 3161 4208; x_wconf 82' lang='grc' dir='ltr'><strong>κᾶν</strong></span> <span class='ocrx_word' id='word_1_754' title='bbox 3195 4153 3334 4219; x_wconf 79' lang='grc' dir='ltr'><strong>εἶδος</strong></span> <span class='ocrx_word' id='word_1_755' title='bbox 3367 4155 3605 4227; x_wconf 77' lang='grc' dir='ltr'><strong>Χριστοῦ</strong></span> <span class='ocrx_word' id='word_1_756' title='bbox 3634 4198 3652 4220; x_wconf 78' lang='grc'><strong>,</strong></span> <span class='ocrx_word' id='word_1_757' title='bbox 3682 4157 3715 4228; x_wconf 73' lang='grc' dir='ltr'>ἢ</span> <span class='ocrx_word' id='word_1_758' title='bbox 3754 4156 3920 4225; x_wconf 70' lang='grc' dir='ltr'><strong>δῆθεν</strong></span> 
     </span>
    </p>
   </div>
   <div class='ocr_carea' id='block_1_104' title="bbox 2325 4246 3923 4320">
    <p class='ocr_par' dir='ltr' id='par_1_104' title="bbox 2325 4246 3923 4320">
     <span class='ocr_line' id='line_1_104' title="bbox 2325 4246 3923 4320; baseline -0.001 -18"><span class='ocrx_word' id='word_1_759' title='bbox 2325 4249 2586 4317; x_wconf 79' lang='grc' dir='ltr'><strong>ἀγγέλου,</strong></span> <span class='ocrx_word' id='word_1_760' title='bbox 2632 4252 2665 4320; x_wconf 85' lang='grc' dir='ltr'>ἡ</span> <span class='ocrx_word' id='word_1_761' title='bbox 2708 4246 2865 4317; x_wconf 83' lang='grc' dir='ltr'><strong>ἁγίου</strong></span> <span class='ocrx_word' id='word_1_762' title='bbox 2926 4248 3163 4320; x_wconf 78' lang='grc' dir='ltr'><strong>μορφὴν,</strong></span> <span class='ocrx_word' id='word_1_763' title='bbox 3199 4250 3231 4320; x_wconf 85' lang='grc' dir='ltr'>ἢ</span> <span class='ocrx_word' id='word_1_764' title='bbox 3276 4250 3391 4316; x_wconf 82' lang='grc' dir='ltr'><strong>φῶς</strong></span> <span class='ocrx_word' id='word_1_765' title='bbox 3435 4249 3810 4319; x_wconf 72' lang='grc' dir='ltr'><strong>φαντάζεσθαι</strong></span> <span class='ocrx_word' id='word_1_766' title='bbox 3836 4250 3923 4319; x_wconf 84' lang='grc' dir='ltr'><strong>τῷ</strong></span> 
     </span>
    </p>
   </div>
   <div class='ocr_carea' id='block_1_105' title="bbox 2327 4337 3920 4410">
    <p class='ocr_par' dir='ltr' id='par_1_105' title="bbox 2327 4337 3920 4410">
     <span class='ocr_line' id='line_1_105' title="bbox 2327 4337 3920 4410; baseline 0.002 -20"><span class='ocrx_word' id='word_1_767' title='bbox 2327 4338 2432 4403; x_wconf 83' lang='grc' dir='ltr'><strong>νοῒ,</strong></span> <span class='ocrx_word' id='word_1_768' title='bbox 2485 4338 2518 4408; x_wconf 80' lang='grc' dir='ltr'>ἢ</span> <span class='ocrx_word' id='word_1_769' title='bbox 2565 4337 2836 4392; x_wconf 79' lang='grc' dir='ltr'><strong>ἐκτυποῦν</strong></span> <span class='ocrx_word' id='word_1_770' title='bbox 2870 4378 2886 4403; x_wconf 92' lang='grc'><strong>,</strong></span> <span class='ocrx_word' id='word_1_771' title='bbox 2919 4339 3001 4391; x_wconf 79' lang='grc' dir='ltr'><strong>ὅτι</strong></span> <span class='ocrx_word' id='word_1_772' title='bbox 3035 4342 3128 4393; x_wconf 77' lang='grc' dir='ltr'><strong>καὶ</strong></span> <span class='ocrx_word' id='word_1_773' title='bbox 3174 4338 3338 4402; x_wconf 70' lang='grc' dir='ltr'><strong>αὐτὸς</strong></span> <span class='ocrx_word' id='word_1_774' title='bbox 3364 4341 3393 4392; x_wconf 87' lang='grc' dir='ltr'><strong>ό</strong></span> <span class='ocrx_word' id='word_1_775' title='bbox 3425 4338 3552 4403; x_wconf 90' lang='grc' dir='ltr'><strong>νοῦς</strong></span> <span class='ocrx_word' id='word_1_776' title='bbox 3577 4342 3673 4410; x_wconf 78' lang='grc' dir='ltr'><strong>ἀφ’</strong></span> <span class='ocrx_word' id='word_1_777' title='bbox 3715 4341 3920 4394; x_wconf 77' lang='grc' dir='ltr'><strong>ἑαυτοῦ</strong></span> 
     </span>
    </p>
   </div>
   <div class='ocr_carea' id='block_1_106' title="bbox 2328 4431 3924 4503">
    <p class='ocr_par' dir='ltr' id='par_1_106' title="bbox 2328 4431 3924 4503">
     <span class='ocr_line' id='line_1_106' title="bbox 2328 4431 3924 4503; baseline -0.001 -19"><span class='ocrx_word' id='word_1_778' title='bbox 2328 4431 2488 4499; x_wconf 75' lang='grc' dir='ltr'><strong>φύσει</strong></span> <span class='ocrx_word' id='word_1_779' title='bbox 2541 4432 2652 4503; x_wconf 81' lang='grc' dir='ltr'><strong>ἔχει</strong></span> <span class='ocrx_word' id='word_1_780' title='bbox 2695 4432 2771 4484; x_wconf 77' lang='grc' dir='ltr'><strong>τὸ·</strong></span> <span class='ocrx_word' id='word_1_781' title='bbox 2811 4431 3196 4501; x_wconf 77' lang='grc' dir='ltr'><strong>φανταστικὸν,</strong></span> <span class='ocrx_word' id='word_1_782' title='bbox 3234 4433 3330 4485; x_wconf 78' lang='grc' dir='ltr'><strong>καὶ</strong></span> <span class='ocrx_word' id='word_1_783' title='bbox 3377 4432 3577 4503; x_wconf 77' lang='grc' dir='ltr'><strong>ῥᾳδίως</strong></span> <span class='ocrx_word' id='word_1_784' title='bbox 3610 4432 3924 4503; x_wconf 73' lang='grc' dir='ltr'><strong>μορφάζειν</strong></span> 
     </span>
    </p>
   </div>
   <div class='ocr_carea' id='block_1_107' title="bbox 2325 4524 3922 4598">
    <p class='ocr_par' dir='ltr' id='par_1_107' title="bbox 2325 4524 3922 4598">
     <span class='ocr_line' id='line_1_107' title="bbox 2325 4524 3922 4598; baseline 0.001 -21"><span class='ocrx_word' id='word_1_785' title='bbox 2325 4525 2574 4589; x_wconf 66' lang='grc' dir='ltr'><strong>δύναται,</strong></span> <span class='ocrx_word' id='word_1_786' title='bbox 2620 4526 2699 4588; x_wconf 87' lang='grc' dir='ltr'><strong>εἰς</strong></span> <span class='ocrx_word' id='word_1_787' title='bbox 2746 4524 2782 4579; x_wconf 75' lang='grc' dir='ltr'><strong>ἃ</strong></span> <span class='ocrx_word' id='word_1_788' title='bbox 2812 4525 3029 4593; x_wconf 81' lang='grc' dir='ltr'><strong>ἐφίεται</strong></span> <span class='ocrx_word' id='word_1_789' title='bbox 3080 4526 3194 4588; x_wconf 87' lang='grc' dir='ltr'><strong>τοῖς</strong></span> <span class='ocrx_word' id='word_1_790' title='bbox 3241 4528 3410 4596; x_wconf 73' lang='grc' dir='ltr'><strong>μήπω</strong></span> <span class='ocrx_word' id='word_1_791' title='bbox 3451 4527 3701 4598; x_wconf 78' lang='grc' dir='ltr'><strong>ἀκριϐῶς</strong></span> <span class='ocrx_word' id='word_1_792' title='bbox 3734 4528 3922 4598; x_wconf 76' lang='grc' dir='ltr'><strong>τούτῳ</strong></span> 
     </span>
    </p>
   </div>
   <div class='ocr_carea' id='block_1_108' title="bbox 2327 4615 3926 4689">
    <p class='ocr_par' dir='ltr' id='par_1_108' title="bbox 2327 4615 3926 4689">
     <span class='ocr_line' id='line_1_108' title="bbox 2327 4615 3926 4689; baseline 0.002 -18"><span class='ocrx_word' id='word_1_793' title='bbox 2327 4620 2712 4688; x_wconf 81' lang='grc' dir='ltr'><strong>προσέχουσιν,</strong></span> <span class='ocrx_word' id='word_1_794' title='bbox 2743 4618 2803 4680; x_wconf 88' lang='grc' dir='ltr'><strong>ὃς</strong></span> <span class='ocrx_word' id='word_1_795' title='bbox 2837 4618 2936 4672; x_wconf 68' lang='grc' dir='ltr'><strong>καὶ</strong></span> <span class='ocrx_word' id='word_1_796' title='bbox 2972 4620 3053 4682; x_wconf 80' lang='grc' dir='ltr'><strong>είς</strong></span> <span class='ocrx_word' id='word_1_797' title='bbox 3108 4618 3304 4671; x_wconf 80' lang='grc' dir='ltr'><strong>ἐαυτὸν</strong></span> <span class='ocrx_word' id='word_1_798' title='bbox 3332 4615 3590 4689; x_wconf 82' lang='grc' dir='ltr'><strong>ἐπιφέρει</strong></span> <span class='ocrx_word' id='word_1_799' title='bbox 3647 4619 3749 4689; x_wconf 83' lang='grc' dir='ltr'><strong>τὴν</strong></span> <span class='ocrx_word' id='word_1_800' title='bbox 3798 4618 3926 4687; x_wconf 65' lang='lat' dir='ltr'><strong>pid-</strong></span> 
     </span>
    </p>
   </div>
   <div class='ocr_carea' id='block_1_109' title="bbox 2327 4709 3920 4781">
    <p class='ocr_par' dir='ltr' id='par_1_109' title="bbox 2327 4709 3920 4781">
     <span class='ocr_line' id='line_1_109' title="bbox 2327 4709 3920 4781; baseline 0.001 -18"><span class='ocrx_word' id='word_1_801' title='bbox 2327 4711 2459 4780; x_wconf 72' lang='grc' dir='ltr'><strong>δην.</strong></span> <span class='ocrx_word' id='word_1_802' title='bbox 2488 4711 2600 4763; x_wconf 82' lang='grc' dir='ltr'><strong>Καὶ</strong></span> <span class='ocrx_word' id='word_1_803' title='bbox 2627 4710 2765 4781; x_wconf 80' lang='grc' dir='ltr'><strong>αὐτὴ</strong></span> <span class='ocrx_word' id='word_1_804' title='bbox 2796 4710 2855 4764; x_wconf 80' lang='grc' dir='ltr'><strong>δὲ</strong></span> <span class='ocrx_word' id='word_1_805' title='bbox 2895 4713 2929 4781; x_wconf 81' lang='grc' dir='ltr'>ἡ</span> <span class='ocrx_word' id='word_1_806' title='bbox 2963 4711 3153 4781; x_wconf 87' lang='grc' dir='ltr'><strong>μνήμη</strong></span> <span class='ocrx_word' id='word_1_807' title='bbox 3200 4709 3310 4761; x_wconf 85' lang='grc' dir='ltr'><strong>τῶν</strong></span> <span class='ocrx_word' id='word_1_808' title='bbox 3348 4709 3595 4777; x_wconf 88' lang='grc' dir='ltr'><strong>ἀγαθῶν,</strong></span> <span class='ocrx_word' id='word_1_809' title='bbox 3634 4710 3669 4781; x_wconf 78' lang='grc' dir='ltr'>ἢ</span> <span class='ocrx_word' id='word_1_810' title='bbox 3701 4713 3920 4775; x_wconf 83' lang='grc' dir='ltr'><strong>κακῶν,</strong></span> 
     </span>
    </p>
   </div>
   <div class='ocr_carea' id='block_1_110' title="bbox 2324 4786 3923 4874">
    <p class='ocr_par' dir='ltr' id='par_1_110' title="bbox 2324 4800 3923 4874">
     <span class='ocr_line' id='line_1_110' title="bbox 2324 4800 3923 4874; baseline -0.001 -21"><span class='ocrx_word' id='word_1_811' title='bbox 2324 4801 2532 4854; x_wconf 85' lang='grc' dir='ltr'><strong>τυποῦν</strong></span> <span class='ocrx_word' id='word_1_812' title='bbox 2568 4802 2781 4873; x_wconf 84' lang='grc' dir='ltr'><strong>ἀθρόως</strong></span> <span class='ocrx_word' id='word_1_813' title='bbox 2808 4802 2904 4854; x_wconf 83' lang='grc' dir='ltr'><strong>τοῦ</strong></span> <span class='ocrx_word' id='word_1_814' title='bbox 2930 4800 3022 4854; x_wconf 85' lang='grc' dir='ltr'><strong>νοῦ</strong></span> <span class='ocrx_word' id='word_1_815' title='bbox 3052 4800 3149 4874; x_wconf 75' lang='grc' dir='ltr'><strong>τὴν</strong></span> <span class='ocrx_word' id='word_1_816' title='bbox 3180 4800 3460 4870; x_wconf 78' lang='grc' dir='ltr'><strong>αἴσθησιν,</strong></span> <span class='ocrx_word' id='word_1_817' title='bbox 3495 4803 3591 4854; x_wconf 81' lang='grc' dir='ltr'><strong>καὶ</strong></span> <span class='ocrx_word' id='word_1_818' title='bbox 3620 4801 3759 4870; x_wconf 79' lang='grc' dir='ltr'><strong>πρὸς</strong></span> <span class='ocrx_word' id='word_1_819' title='bbox 3780 4819 3923 4867; x_wconf 66' lang='grc' dir='ltr'><strong>’,ξαν-</strong></span> 
     </span>
    </p>
   </div>
   <div class='ocr_carea' id='block_1_111' title="bbox 2324 4893 4023 4962">
    <p class='ocr_par' dir='ltr' id='par_1_111' title="bbox 2324 4893 4023 4962">
     <span class='ocr_line' id='line_1_111' title="bbox 2324 4893 4023 4962; baseline -0.002 -15"><span class='ocrx_word' id='word_1_820' title='bbox 2324 4896 2518 4947; x_wconf 80' lang='grc' dir='ltr'><strong>τασίαν</strong></span> <span class='ocrx_word' id='word_1_821' title='bbox 2542 4895 2767 4962; x_wconf 82' lang='grc' dir='ltr'><strong>ἀνάγειν</strong></span> <span class='ocrx_word' id='word_1_822' title='bbox 2801 4894 3013 4947; x_wconf 72' lang='grc' dir='ltr'><strong>εἴωθεν·</strong></span> <span class='ocrx_word' id='word_1_823' title='bbox 3059 4893 3193 4946; x_wconf 84' lang='grc' dir='ltr'><strong>ὅπου</strong></span> <span class='ocrx_word' id='word_1_824' title='bbox 3227 4894 3319 4945; x_wconf 73' lang='grc' dir='ltr'><strong>καὶ</strong></span> <span class='ocrx_word' id='word_1_825' title='bbox 3354 4893 3566 4960; x_wconf 86' lang='grc' dir='ltr'><strong>γίνεται</strong></span> <span class='ocrx_word' id='word_1_826' title='bbox 3597 4894 3925 4962; x_wconf 68' lang='grc' dir='ltr'><strong>φανταστὶςς</strong></span> <span class='ocrx_word' id='word_1_827' title='bbox 4003 4902 4023 4918; x_wconf 79' lang='lat'><strong><em>&#39;</em></strong></span> 
     </span>
    </p>
   </div>
   <div class='ocr_carea' id='block_1_112' title="bbox 2325 4983 3926 5055">
    <p class='ocr_par' dir='ltr' id='par_1_112' title="bbox 2325 4983 3926 5055">
     <span class='ocr_line' id='line_1_112' title="bbox 2325 4983 3926 5055; baseline -0.001 -16"><span class='ocrx_word' id='word_1_828' title='bbox 2325 4988 2354 5039; x_wconf 88' lang='grc' dir='ltr'><strong>ό</strong></span> <span class='ocrx_word' id='word_1_829' title='bbox 2384 4986 2625 5049; x_wconf 88' lang='grc' dir='ltr'><strong>τοιοῦτος</strong></span> <span class='ocrx_word' id='word_1_830' title='bbox 2649 4988 2742 5054; x_wconf 80' lang='grc' dir='ltr'><strong>ἀφ’</strong></span> <span class='ocrx_word' id='word_1_831' title='bbox 2769 4984 2988 5045; x_wconf 83' lang='grc' dir='ltr'><strong>ἑαυτοῦ,</strong></span> <span class='ocrx_word' id='word_1_832' title='bbox 3016 4983 3111 5037; x_wconf 76' lang='grc' dir='ltr'><strong>καὶ</strong></span> <span class='ocrx_word' id='word_1_833' title='bbox 3140 4984 3241 5053; x_wconf 74' lang='grc' dir='ltr'><strong>οὐχ</strong></span> <span class='ocrx_word' id='word_1_834' title='bbox 3281 4984 3614 5054; x_wconf 81' lang='grc' dir='ltr'><strong>ἡσυχαστής.</strong></span> <span class='ocrx_word' id='word_1_835' title='bbox 3641 4984 3741 5055; x_wconf 80' lang='grc' dir='ltr'><strong>Διά</strong></span> <span class='ocrx_word' id='word_1_836' title='bbox 3758 4983 3926 5037; x_wconf 84' lang='grc' dir='ltr'><strong>τοῦτο</strong></span> 
     </span>
    </p>
   </div>
   <div class='ocr_carea' id='block_1_113' title="bbox 2327 5073 3919 5150">
    <p class='ocr_par' dir='ltr' id='par_1_113' title="bbox 2327 5073 3919 5150">
     <span class='ocr_line' id='line_1_113' title="bbox 2327 5073 3919 5150; baseline -0.006 -17"><span class='ocrx_word' id='word_1_837' title='bbox 2327 5080 2563 5150; x_wconf 78' lang='grc' dir='ltr'><strong>πρόσεχε</strong></span> <span class='ocrx_word' id='word_1_838' title='bbox 2590 5077 2665 5149; x_wconf 79' lang='grc' dir='ltr'><strong>μὴ</strong></span> <span class='ocrx_word' id='word_1_839' title='bbox 2694 5075 2995 5147; x_wconf 78' lang='grc' dir='ltr'><strong>πιστεύσῃς</strong></span> <span class='ocrx_word' id='word_1_840' title='bbox 3029 5093 3083 5128; x_wconf 83' lang='grc' dir='ltr'><strong>τι</strong></span> <span class='ocrx_word' id='word_1_841' title='bbox 3138 5073 3622 5143; x_wconf 80' lang='grc' dir='ltr'><strong>συγκαταθέμενος</strong></span> <span class='ocrx_word' id='word_1_842' title='bbox 3672 5075 3919 5143; x_wconf 84' lang='grc' dir='ltr'><strong>ταχέως,</strong></span> 
     </span>
    </p>
   </div>
   <div class='ocr_carea' id='block_1_114' title="bbox 2326 5165 3928 5240">
    <p class='ocr_par' dir='ltr' id='par_1_114' title="bbox 2326 5165 3928 5240">
     <span class='ocr_line' id='line_1_114' title="bbox 2326 5165 3928 5240; baseline -0.003 -14"><span class='ocrx_word' id='word_1_843' title='bbox 2326 5173 2429 5226; x_wconf 79' lang='grc' dir='ltr'><strong>κᾶν</strong></span> <span class='ocrx_word' id='word_1_844' title='bbox 2473 5170 2677 5240; x_wconf 86' lang='grc' dir='ltr'><strong>ἀγαθόν</strong></span> <span class='ocrx_word' id='word_1_845' title='bbox 2727 5171 2867 5233; x_wconf 85' lang='grc' dir='ltr'><strong>ἐστι,</strong></span> <span class='ocrx_word' id='word_1_846' title='bbox 2914 5168 3023 5238; x_wconf 85' lang='grc' dir='ltr'><strong>πρὸ</strong></span> <span class='ocrx_word' id='word_1_847' title='bbox 3077 5168 3404 5239; x_wconf 87' lang='grc' dir='ltr'><strong>ἐρωτήσεως</strong></span> <span class='ocrx_word' id='word_1_848' title='bbox 3463 5165 3775 5236; x_wconf 77' lang='grc' dir='ltr'><strong>ἐμπείρων,</strong></span> <span class='ocrx_word' id='word_1_849' title='bbox 3820 5172 3928 5221; x_wconf 63' lang='grc' dir='ltr'><strong>καὶ</strong></span> 
     </span>
    </p>
   </div>
   <div class='ocr_carea' id='block_1_115' title="bbox 2325 5259 3927 5333">
    <p class='ocr_par' dir='ltr' id='par_1_115' title="bbox 2325 5259 3927 5333">
     <span class='ocr_line' id='line_1_115' title="bbox 2325 5259 3927 5333; baseline -0.004 -15"><span class='ocrx_word' id='word_1_850' title='bbox 2325 5265 2629 5330; x_wconf 79' lang='grc' dir='ltr'><strong>ἐξετάσεως</strong></span> <span class='ocrx_word' id='word_1_851' title='bbox 2669 5264 2895 5333; x_wconf 79' lang='grc' dir='ltr'><strong>πολλῆς,</strong></span> <span class='ocrx_word' id='word_1_852' title='bbox 2933 5264 3021 5315; x_wconf 88' lang='grc' dir='ltr'><strong>ἶνα</strong></span> <span class='ocrx_word' id='word_1_853' title='bbox 3081 5262 3155 5331; x_wconf 86' lang='grc' dir='ltr'><strong>μὴ</strong></span> <span class='ocrx_word' id='word_1_854' title='bbox 3203 5259 3431 5329; x_wconf 75' lang='grc' dir='ltr'><strong>βλαϐῇς,</strong></span> <span class='ocrx_word' id='word_1_855' title='bbox 3477 5259 3618 5313; x_wconf 84' lang='grc' dir='ltr'><strong>ἀλλά</strong></span> <span class='ocrx_word' id='word_1_856' title='bbox 3654 5260 3783 5329; x_wconf 85' lang='grc' dir='ltr'><strong>μένε</strong></span> <span class='ocrx_word' id='word_1_857' title='bbox 3816 5261 3927 5330; x_wconf 69' lang='grc' dir='ltr'><strong>βα-</strong></span> 
     </span>
    </p>
   </div>
   <div class='ocr_carea' id='block_1_116' title="bbox 2328 5352 3927 5429">
    <p class='ocr_par' dir='ltr' id='par_1_116' title="bbox 2328 5352 3927 5429">
     <span class='ocr_line' id='line_1_116' title="bbox 2328 5352 3927 5429; baseline -0.003 -18"><span class='ocrx_word' id='word_1_858' title='bbox 2328 5358 2422 5429; x_wconf 86' lang='grc' dir='ltr'><strong>ρού</strong></span> <span class='ocrx_word' id='word_1_859' title='bbox 2433 5375 2592 5428; x_wconf 84' lang='grc' dir='ltr'><strong>μενος</strong></span> <span class='ocrx_word' id='word_1_860' title='bbox 2620 5358 2759 5427; x_wconf 86' lang='grc' dir='ltr'><strong>πρὸς</strong></span> <span class='ocrx_word' id='word_1_861' title='bbox 2792 5356 2946 5421; x_wconf 70' lang='grc' dir='ltr'><strong>αὐτὸ,</strong></span> <span class='ocrx_word' id='word_1_862' title='bbox 2979 5355 3066 5408; x_wconf 79' lang='grc' dir='ltr'><strong>ἀεὶ</strong></span> <span class='ocrx_word' id='word_1_863' title='bbox 3095 5371 3160 5424; x_wconf 83' lang='grc' dir='ltr'><strong>τη</strong></span> <span class='ocrx_word' id='word_1_864' title='bbox 3172 5355 3278 5423; x_wconf 89' lang='grc' dir='ltr'><strong>ρῶν</strong></span> <span class='ocrx_word' id='word_1_865' title='bbox 3307 5370 3403 5405; x_wconf 90' lang='grc' dir='ltr'><strong>σου</strong></span> <span class='ocrx_word' id='word_1_866' title='bbox 3427 5352 3519 5405; x_wconf 77' lang='grc' dir='ltr'><strong>τὸν</strong></span> <span class='ocrx_word' id='word_1_867' title='bbox 3541 5352 3669 5406; x_wconf 84' lang='grc' dir='ltr'><strong>νοῦν</strong></span> <span class='ocrx_word' id='word_1_868' title='bbox 3690 5353 3927 5424; x_wconf 77' lang='grc' dir='ltr'><strong>άχροον,</strong></span> 
     </span>
    </p>
   </div>
   <div class='ocr_carea' id='block_1_117' title="bbox 2327 5444 3932 5517">
    <p class='ocr_par' dir='ltr' id='par_1_117' title="bbox 2327 5444 3932 5517">
     <span class='ocr_line' id='line_1_117' title="bbox 2327 5444 3932 5517; baseline -0.01 -12"><span class='ocrx_word' id='word_1_869' title='bbox 2327 5451 2589 5511; x_wconf 83' lang='grc' dir='ltr'><strong>ἀνείδεον,</strong></span> <span class='ocrx_word' id='word_1_870' title='bbox 2627 5447 3035 5517; x_wconf 83' lang='grc' dir='ltr'><strong>ἀσχημάτιστον</strong></span> <span class='ocrx_word' id='word_1_871' title='bbox 3061 5463 3077 5477; x_wconf 89' lang='grc'><strong>·</strong></span> <span class='ocrx_word' id='word_1_872' title='bbox 3111 5445 3372 5508; x_wconf 83' lang='grc' dir='ltr'><strong>πολλάκις</strong></span> <span class='ocrx_word' id='word_1_873' title='bbox 3397 5444 3507 5516; x_wconf 80' lang='grc' dir='ltr'><strong>γάρ</strong></span> <span class='ocrx_word' id='word_1_874' title='bbox 3533 5444 3629 5499; x_wconf 76' lang='grc' dir='ltr'><strong>καὶ</strong></span> <span class='ocrx_word' id='word_1_875' title='bbox 3661 5447 3800 5517; x_wconf 63' lang='grc' dir='ltr'><strong>πρὸς</strong></span> <span class='ocrx_word' id='word_1_876' title='bbox 3833 5447 3932 5500; x_wconf 82' lang='grc' dir='ltr'><strong>δο-</strong></span> 
     </span>
    </p>
   </div>
   <div class='ocr_carea' id='block_1_118' title="bbox 2328 5538 3929 5613">
    <p class='ocr_par' dir='ltr' id='par_1_118' title="bbox 2328 5538 3929 5613">
     <span class='ocr_line' id='line_1_118' title="bbox 2328 5538 3929 5613; baseline -0.002 -16"><span class='ocrx_word' id='word_1_877' title='bbox 2328 5545 2495 5613; x_wconf 82' lang='grc' dir='ltr'><strong>κιμὴν</strong></span> <span class='ocrx_word' id='word_1_878' title='bbox 2547 5543 2611 5595; x_wconf 82' lang='grc' dir='ltr'><strong>ἐκ</strong></span> <span class='ocrx_word' id='word_1_879' title='bbox 2659 5540 2796 5593; x_wconf 81' lang='grc' dir='ltr'><strong>θεοῦ</strong></span> <span class='ocrx_word' id='word_1_880' title='bbox 2859 5539 3113 5610; x_wconf 78' lang='grc' dir='ltr'><strong>πεμφθὲν</strong></span> <span class='ocrx_word' id='word_1_881' title='bbox 3165 5538 3254 5591; x_wconf 69' lang='grc' dir='ltr'><strong>διὰ</strong></span> <span class='ocrx_word' id='word_1_882' title='bbox 3313 5539 3579 5607; x_wconf 63' lang='grc' dir='ltr'><strong>στέφανον</strong></span> <span class='ocrx_word' id='word_1_883' title='bbox 3609 5579 3625 5604; x_wconf 92' lang='grc'><strong>,</strong></span> <span class='ocrx_word' id='word_1_884' title='bbox 3683 5540 3929 5605; x_wconf 73' lang='grc' dir='ltr'><strong>πολλοὺς</strong></span> 
     </span>
    </p>
   </div>
   <div class='ocr_carea' id='block_1_119' title="bbox 2325 5630 3930 5705">
    <p class='ocr_par' dir='ltr' id='par_1_119' title="bbox 2325 5630 3930 5705">
     <span class='ocr_line' id='line_1_119' title="bbox 2325 5630 3930 5705; baseline -0.001 -16"><span class='ocrx_word' id='word_1_885' title='bbox 2325 5635 2527 5704; x_wconf 68' lang='grc' dir='ltr'><strong>ἔϐλαψε</strong></span> <span class='ocrx_word' id='word_1_886' title='bbox 2554 5650 2565 5661; x_wconf 68' lang='grc'><strong>⁸</strong></span> <span class='ocrx_word' id='word_1_887' title='bbox 2601 5634 2849 5705; x_wconf 81' lang='grc' dir='ltr'><strong>βούλεται</strong></span> <span class='ocrx_word' id='word_1_888' title='bbox 2903 5633 3011 5701; x_wconf 77' lang='grc' dir='ltr'><strong>γάρ</strong></span> <span class='ocrx_word' id='word_1_889' title='bbox 3043 5633 3071 5685; x_wconf 88' lang='grc' dir='ltr'><strong>ό</strong></span> <span class='ocrx_word' id='word_1_890' title='bbox 3110 5631 3313 5701; x_wconf 80' lang='grc' dir='ltr'><strong>Κύριος</strong></span> <span class='ocrx_word' id='word_1_891' title='bbox 3338 5630 3494 5700; x_wconf 80' lang='grc' dir='ltr'><strong>ἡμῶν</strong></span> <span class='ocrx_word' id='word_1_892' title='bbox 3534 5631 3596 5683; x_wconf 80' lang='grc' dir='ltr'><strong>τὸ</strong></span> <span class='ocrx_word' id='word_1_893' title='bbox 3646 5633 3930 5703; x_wconf 74' lang='grc' dir='ltr'><strong>ἡμέτερον</strong></span> 
     </span>
    </p>
   </div>
   <div class='ocr_carea' id='block_1_120' title="bbox 2326 5719 3939 5793">
    <p class='ocr_par' dir='ltr' id='par_1_120' title="bbox 2326 5719 3939 5793">
     <span class='ocr_line' id='line_1_120' title="bbox 2326 5719 3939 5793; baseline -0.004 -11"><span class='ocrx_word' id='word_1_894' title='bbox 2326 5725 2674 5791; x_wconf 72' lang='grc' dir='ltr'><strong>αὖτεξούσιον</strong></span> <span class='ocrx_word' id='word_1_895' title='bbox 2704 5723 3023 5793; x_wconf 77' lang='grc' dir='ltr'><strong>δοκιμάζειν</strong></span> <span class='ocrx_word' id='word_1_896' title='bbox 3084 5719 3187 5773; x_wconf 80' lang='grc' dir='ltr'><strong>ποῦ</strong></span> <span class='ocrx_word' id='word_1_897' title='bbox 3242 5720 3424 5790; x_wconf 73' lang='grc' dir='ltr'><strong>ῥέπει.</strong></span> <span class='ocrx_word' id='word_1_898' title='bbox 3469 5721 3528 5773; x_wconf 86' lang='grc'><strong>’0</strong></span> <span class='ocrx_word' id='word_1_899' title='bbox 3573 5720 3939 5791; x_wconf 60' lang='grc' dir='ltr'><strong>θεασάμενός</strong></span> 
     </span>
    </p>
   </div>
   <div class='ocr_carea' id='block_1_121' title="bbox 2326 5812 3924 5882">
    <p class='ocr_par' dir='ltr' id='par_1_121' title="bbox 2326 5812 3924 5882">
     <span class='ocr_line' id='line_1_121' title="bbox 2326 5812 3924 5882; baseline -0.004 -7"><span class='ocrx_word' id='word_1_900' title='bbox 2326 5839 2374 5875; x_wconf 85' lang='grc' dir='ltr'><strong>τι</strong></span> <span class='ocrx_word' id='word_1_901' title='bbox 2407 5819 2546 5874; x_wconf 70' lang='grc' dir='ltr'><strong>κατὰ</strong></span> <span class='ocrx_word' id='word_1_902' title='bbox 2588 5817 2849 5882; x_wconf 72' lang='grc' dir='ltr'><strong>διάνοιαν,</strong></span> <span class='ocrx_word' id='word_1_903' title='bbox 2887 5816 2916 5881; x_wconf 78' lang='grc' dir='ltr'>ἢ</span> <span class='ocrx_word' id='word_1_904' title='bbox 2953 5814 3092 5869; x_wconf 69' lang='grc' dir='ltr'><strong>κατὰ</strong></span> <span class='ocrx_word' id='word_1_905' title='bbox 3138 5812 3411 5880; x_wconf 73' lang='grc' dir='ltr'><strong>αἴσθησιν,</strong></span> <span class='ocrx_word' id='word_1_906' title='bbox 3447 5812 3549 5867; x_wconf 76' lang='grc' dir='ltr'><strong>κᾶν</strong></span> <span class='ocrx_word' id='word_1_907' title='bbox 3591 5813 3779 5868; x_wconf 72' lang='grc' dir='ltr'><strong>θεόθεν</strong></span> <span class='ocrx_word' id='word_1_908' title='bbox 3808 5818 3924 5877; x_wconf 69' lang='grc' dir='ltr'><strong>εἴη,</strong></span> 
     </span>
    </p>
   </div>
  </div>
