4224 6464
317 390 449 457 1341

1353 392 1768 454 PIUECEPTA
1806 392 1906 451 AD
1946 392 2513 454 HESYCIIAS’I‘AS.

3423 401 3559 465 1342

307 500 402 548 καὶ
432 497 598 566 χωρὶς
632 496 741 549 τῶν
789 497 1069 567 ἐμπείρων
1115 499 1357 569 δέξηται,
1410 503 1649 572 εὐχερῶς
1682 505 1883 560 πλανᾶ-
1913 516 1961 573 Α

1913 516 1961 573 Α
1987 507 2218 573 erranti,
2254 506 2358 559 alia
2385 520 2515 560 vero
2543 506 2724 560 omnia
2752 521 2857 560 non
2894 506 3168 576 excipere,
3216 523 3386 570 usque
3428 511 3555 566 dum

304 607 416 651 ται,
464 590 497 659 ἢ
547 590 730 659 μέλλει
773 591 1101 653 πλανᾶσθαι,
1160 594 1236 655 ὡς
1309 595 1733 665 εὐπαράδεκτος.
1789 603 1881 652 Δεῖ

304 684 359 735 δὲ
402 682 494 733 τὸν
530 682 792 751 ἀρχάριον
838 686 903 752 τῇ
965 685 1233 755 καρδιακῇ
1284 688 1533 757 ἐνεργείᾳ
1571 690 1877 759 προσέχειν,

304 776 379 836 ὡς
407 774 635 827 ἁπλανεῐ
659 814 673 837 ,
699 775 766 826 τα
787 775 829 828 δ’
860 776 993 830 ἄλλα
1022 778 1199 831 πάντα
1229 777 1303 847 μὴ
1334 781 1756 851 παραδέχεσθαι,
1776 784 1881 846 ἕως

1988 600 2253 654 sedentur
2287 599 2591 669 passiones.
2644 600 2784 653 Deus
2817 606 2962 653 enim
2998 616 3103 654 non
3136 600 3448 668 indignatur
3503 605 3555 659 in

1985 701 2266 746 caventem
2306 691 2409 745 sibi
2438 690 2725 759 diligenter
2755 700 2897 743 metu
2922 693 3149 756 erroris,
3179 693 3394 747 etiamsi
3427 697 3555 762 quid

1985 780 2056 835 ab
2084 783 2202 849 ipso
2226 782 2449 835 missmn
2476 782 2619 834 haud
2645 780 2931 835 admiserit
2961 782 3083 835 sine
3129 784 3559 854 interrogatione

306 864 500 932 καιροῦ
529 865 749 934 εἰρήνης
779 865 988 918 παθῶν.
1033 865 1092 919 '0
1141 868 1249 934 γὰρ
1292 867 1423 931 Θεὸς
1450 872 1549 922 οῦκ
1578 873 1878 947 ἀγανακτεῖ
1922 908 1925 911 ν

1922 908 1925 911 ν
1983 882 2037 925 et
2061 872 2228 925 multa
2250 872 2623 940 inquisitione,
2653 872 2749 927 sed
2784 888 2905 926 eum
2938 874 3117 940 potius
3144 874 3326 929 laudat
3360 886 3418 929 ut
3471 892 3558 931 sa-

305 957 441 1026 πρὸς
490 956 580 1008 τὸν
623 956 800 1025 ἐαυτῷ
835 958 1077 1026 ἀκριϐῶς
1106 960 1441 1029 προσέχοντα
1464 963 1553 1015 διὰ
1602 965 1699 1032 τήν
1741 968 1878 1019 πλά-

1982 962 2240 1031 pientetn,
2272 960 2374 1013 etsi
2404 962 2727 1029 quibusdam
2757 963 2827 1017 sit
2875 965 3065 1017 iratus.

318 1059 440 1109 νην,
469 1043 576 1094 κᾶν
610 1043 783 1108 οὕτως
813 1047 887 1115 μὴ
922 1049 1285 1118 προσδέξηται
1314 1052 1374 1104 τὸ
1394 1050 1526 1120 παρ’
1550 1050 1740 1115 αὑτοῦ,
1772 1051 1897 1117 δίχα
1916 1048 2235 1117 ἐρωτήσεως
2265 1044 2361 1097 καὶ
2389 1041 2593 1111 πολλῆς
2641 1046 2896 1117 ἐρεύνης,
2938 1042 3072 1098 ἀλλὰ
3114 1044 3319 1113 μᾶλλον
3342 1046 3557 1102 ἐπαινεί

302 1136 379 1193 ὡς
406 1137 591 1206 σοφὸν,
624 1140 728 1193 κᾶν
756 1143 847 1195 ἐπί
872 1160 1025 1207 τινας
1056 1148 1461 1216 ἠγανάκτησεν.

387 1252 463 1306 Οὐ
500 1253 709 1313 πάντας
736 1250 792 1301 δὲ
830 1249 1034 1316 ὀφείλει
1072 1249 1304 1317 ἐρωτᾷν,
1337 1247 1447 1301 ἀλλ’
1485 1247 1578 1299 ἕνα
1614 1248 1707 1299 τόν
1727 1248 1889 1314 ἐμπι-

322 1343 616 1397 στευθέντα
665 1342 762 1393 καὶ
792 1342 996 1409 ἐτέρων
1037 1341 1392 1409 κυσέρνησιν,
1445 1340 1539 1391 καὶ
1571 1340 1669 1408 βίῳ
1690 1340 1891 1407 ἀστρα-

320 1434 768 1502 πτοντα,πτωχδν
789 1434 885 1502 μὲν
902 1433 1287 1496 ὂντα,πολλοῦς
1302 1433 1354 1484 δὲ
1373 1432 1893 1495 πλουτίζοντα,κατὰ

320 1534 419 1600 τὴν
450 1532 693 1600 Γραφήν.
732 1529 923 1581 Πολλοὶ
961 1529 1069 1596 γὰρ
1099 1528 1313 1598 ἄπειροι
1374 1527 1601 1591 πολλοὺς
1631 1527 1889 1597 ἀνοήτους

320 1624 584 1692 ἔϐλαψαν,
618 1617 691 1675 ὦν
714 1623 774 1674 τὸ
801 1625 975 1693 κρῖμα
1003 1622 1187 1687 ἕξουσι
1217 1621 1354 1687 μετὰ
1379 1621 1629 1674 θάνατον.
1657 1621 1731 1672 oe
1760 1620 1897 1673 πάν-

322 1734 432 1767 των
460 1715 568 1784 γάρ
619 1714 765 1765 ἐστιν
786 1713 1051 1781 ὁδηγῆσαι
1106 1714 1198 1765 καὶ
1232 1713 1446 1776 ἄλλους,
1480 1712 1595 1763 ἀλλ’
1625 1707 1707 1774 οἷς
1738 1710 1891 1779 ἐδόθη

322 1809 354 1874 ἡ
390 1804 510 1857 θεία
546 1804 840 1873 διάκρισις,
879 1804 1021 1855 κατὰ
1078 1802 1170 1854 τὸν
1216 1803 1571 1867 Ἀπόστολον,
1625 1802 1899 1871 διάκρισις

2084 1244 2199 1297 Νοη
2235 1260 2425 1299 omnes
2460 1254 2672 1313 oportet
2706 1246 3068 1314 interrogare,
3103 1253 3196 1302 sed
3243 1264 3409 1302 unum
3454 1250 3588 1301 alios

2016 1340 2214 1389 ducere
2264 1336 2525 1389 scientem
2565 1347 2619 1389 et
2664 1338 2771 1389 vita
2821 1336 3213 1407 refulgentem,
3259 1339 3348 1406 qui
3390 1354 3588 1407 pauper

2013 1429 2081 1481 sit
2110 1439 2162 1481 et
2197 1430 2392 1481 multos
2411 1428 2767 1496 locupletatis,
2798 1430 2949 1497 juxta
2985 1430 3324 1498 Scripturam
3363 1434 3404 1483 ³.
3440 1430 3591 1483 Multi

2013 1524 2157 1576 enim
2203 1523 2469 1588 inexperti
2520 1523 2717 1576 multos
2774 1523 3145 1590 imprudentes
3201 1522 3589 1593 perdiderunt,

2013 1629 2242 1682 quorum
2290 1615 2697 1668 damnationem
2738 1615 2993 1667 subibunt
3024 1624 3141 1683 post
3180 1629 3429 1669 mortem.
3472 1614 3591 1670 Non

2012 1710 2256 1762 omnium
2294 1709 2438 1761 enim
2481 1718 2563 1761 est
2595 1707 2730 1760 alios
2770 1708 3003 1770 ducere;
3041 1708 3135 1761 sed
3177 1710 3375 1774 quibus
3408 1709 3590 1761 divina

2013 1800 2297 1862 discretio,
2329 1801 2584 1853 discretio
2623 1814 2813 1867 nempe
2839 1799 3147 1866 spirituum,
3178 1802 3327 1869 juxta
3363 1803 3590 1869 Aposto-

327 1894 673 1962 πνευμάτων,
702 1895 734 1962 ή
770 1893 1051 1958 διαιροῦσα
1082 1895 1144 1945 τὸ
1171 1897 1349 1963 χεῖρον
1373 1895 1481 1947 ἀπὸ
1513 1894 1606 1945 τοῦ
1651 1894 1897 1971 κρείττο-
1940 1877 1983 1934 Β

1940 1877 1983 1934 Β
2015 1892 2145 1959 lum,
2182 1893 2379 1946 bonum
2426 1908 2452 1944 a
2498 1892 2636 1945 malo
2680 1906 2936 1959 separatis
2974 1892 3153 1958 gladio
3194 1894 3341 1947 verbi
3377 1897 3417 1947 ³.
3453 1893 3585 1947 Nam

324 2004 434 2051 νος,
466 1988 530 2055 τῇ
562 1986 803 2053 μαχαίρᾳ
833 1985 925 2036 τοῦ
954 1984 1135 2053 λόγου.
1162 1987 1429 2047 Ἕκαστος
1458 1988 1566 2056 γὰρ
1596 1986 1731 2040 ίδίαν
1758 1988 1903 2053 γνῶ-

332 2096 441 2144 σιν,
474 2078 568 2131 καὶ
592 2077 860 2146 διάκρισιν
891 2078 1124 2148 φυσικήν
1148 2119 1163 2143 ,
1214 2078 1247 2150 ἢ
1282 2082 1611 2151 πρακτικὴν,
1644 2081 1679 2152 ἢ
1727 2083 1900 2150 μαθη-

335 2191 570 2262 ματικὴν
598 2192 881 2258 κέκτηται,
921 2191 1014 2242 καὶ
1042 2191 1102 2242 ού
1134 2188 1231 2259 τὴν
1259 2189 1353 2243 τοῦ
1388 2192 1696 2262 πνεύματος
1730 2193 1903 2248 ἅπανο

330 2300 442 2346 τες.
481 2281 578 2334 Διὰ
597 2280 752 2333 τοῦτο
781 2281 967 2350 ἔλεγεν
997 2282 1023 2333 ὁ
1056 2281 1217 2351 σοφὸς
1250 2281 1471 2351 Σειρὰχ,
1503 2285 1567 2335 Οἱ
1599 2284 1907 2353 εἰρηνεύον-

328 2375 419 2436 τές
463 2391 564 2436 σοι,
595 2372 839 2425 ἔστωσαν
873 2372 1083 2436 πολλοὶ,
1132 2373 1181 2424 οἱ
1229 2372 1285 2424 δὲ
1332 2373 1626 2440 σύμϐουλοί
1675 2393 1791 2437 σου,
1827 2372 1908 2439 εἷς

329 2460 439 2510 ἀπὸ
465 2459 670 2528 χιλίων.
703 2460 777 2511 Οὐ
810 2460 1003 2528 μικρὸς
1033 2460 1089 2512 δὲ
1126 2461 1276 2526 ἁγών
1313 2463 1481 2524 ἐστιν,
1513 2462 1692 2535 εῦρεῖν
1714 2466 1907 2535 ὁδηγὸν

329 2552 569 2618 ἀπλανῆ,
598 2551 690 2603 καὶ
736 2554 848 2613 τοῖς
883 2552 1087 2622 ἔργοις,
1135 2554 1229 2604 καὶ
1281 2556 1395 2615 τοῖς
1446 2554 1643 2621 λόγοις,
1678 2559 1908 2621 καὶτοῖς

328 2644 613 2710 νοήμασιν.
682 2642 770 2693 Ἰεν
827 2643 1036 2705 τούτοις
1095 2644 1288 2712 ὁρᾶταί
1372 2662 1453 2706 τις
1503 2646 1751 2715 ἀπλανὴς
1810 2649 1903 2709 ὢν,

327 2735 455 2785 ὅταν
487 2735 839 2803 ἐμμάρτυρον
875 2735 981 2785 ἀπὸ
1034 2735 1143 2785 τῶν
1201 2735 1359 2787 θείων
1392 2737 1622 2806 Γραφῶν
1675 2739 1773 2809 ἔχῃ
1812 2744 1904 2793 καὶ

326 2827 425 2894 τὴν
458 2826 680 2895 πρᾶξιν,
717 2830 811 2876 καὶ
846 2815 944 2892 τὴν
984 2820 1269 2895 φρόνησιν,
1306 2832 1708 2899 μετριοφρονῶν
1733 2835 1788 2884 ἐν
1824 2828 1905 2895 οἷς

327 2920 410 2969 δεῖ
440 2922 681 2987 φρονεῖν.
728 2919 827 2969 Βία
875 2919 984 2988 γὰρ
1031 2920 1131 2971 οῦκ
1161 2918 1335 2988 ὀλίγη,
1374 2922 1576 2988 φθάσαι
1624 2926 1722 2992 τὴν
1772 2925 1907 2993 ἁλή-

332 3011 484 3061 θειαν
510 3008 781 3079 φανερῶς,
811 3010 905 3061 καὶ
940 3010 1278 3079 καθαρεῦσαι
1328 3014 1435 3065 ἀπὸ
1490 3015 1597 3067 τῶν
1645 3019 1905 3067 ἐναντίων

326 3105 427 3170 τῆς
452 3101 696 3171 χάριτος,
732 3102 811 3153 ὅτι
854 3102 911 3151 ἐν
938 3103 1174 3171 σχήματι
1201 3104 1457 3172 ἀληθείας
1476 3107 1665 3160 εἴωθεν
1693 3110 1772 3170 (ἐν
1797 3111 1907 3170 τοῖς

2008 1987 2386 2054 mmsquisque
2430 1985 2703 2053 propriam
2752 1985 2914 2039 habet
2964 1986 3247 2039 scientiam
3290 1996 3345 2041 et
3383 1989 3592 2043 discre-

2013 2079 2214 2132 tionem
2259 2078 2601 2145 naturalem,
2643 2085 2735 2130 aut
2777 2079 3068 2147 practicam
3096 2120 3110 2142 ,
3152 2092 3245 2133 aut
3286 2080 3589 2134 mathema-

2014 2170 2197 2234 ticam,
2218 2168 2657 2234 sedspiritualem
2689 2183 2794 2221 non
2815 2184 3021 2222 omnes.
3046 2170 3338 2237 Propterea
3371 2172 3589 2225 dicebat

2010 2262 2231 2328 sapiens
2278 2258 2469 2312 Sirach
2496 2260 2515 2289 ³
2538 2276 2553 2316 :
2580 2279 2595 2309 ι
2634 2260 2782 2312 Multi
2810 2261 3018 2329 pacifici
3048 2261 3156 2315 sint
3189 2265 3309 2327 libi,
3336 2265 3589 2317 etconsio

2011 2352 2200 2405 liarius
2243 2362 2312 2407 st
2338 2354 2429 2407 tibi
2467 2368 2604 2406 unus
2635 2355 2701 2407 de
2731 2355 2895 2406 mille.
2928 2374 2946 2404 ι
2985 2356 3088 2407 Sed
3123 2372 3227 2409 non
3259 2373 3423 2426 parva
3442 2358 3585 2412 diﬂl-

2012 2445 2184 2497 cultas
2201 2456 2279 2496 est
2298 2445 2539 2498 invenire
2567 2446 2754 2497 ducem
2781 2461 2883 2497 non
2916 2450 3278 2500 errabundum
3306 2453 3583 2517 operibus,

2009 2538 2458 2606 sermonibusque
2507 2551 2561 2591 et
2610 2541 3047 2607 cogitatiOuibus.
3098 2544 3156 2594 ln
3198 2543 3280 2597 bis
3314 2544 3585 2612 reperizur

2010 2629 2207 2696 aliquis
2239 2633 2443 2683 erroris
2482 2646 2698 2696 expers,
2734 2648 2852 2682 cum
2892 2634 3172 2700 probatam
3199 2636 3396 2687 divinis
3440 2637 3585 2687 Scri-

2012 2723 2187 2789 pturis
2220 2722 2382 2776 habet
2415 2724 2784 2791 operationem
2824 2738 2877 2777 et
2909 2729 3271 2794 prudentiam,
3310 2731 3587 2781 moderate

2008 2816 2225 2882 Sapiens
2277 2820 2328 2869 in
2384 2818 2579 2882 quibus
2622 2804 2852 2885 ioportet
2912 2835 3125 2887 sapere.
3186 2819 3318 2873 Nam
3371 2823 3418 2873 vi
3478 2838 3585 2875 ttotl

2011 2908 2220 2961 modica
2257 2924 2392 2976 opus
2432 2920 2516 2963 est
2555 2911 2620 2961 ad
2666 2912 3010 2963 manifestam
3053 2913 3336 2966 veritatem
3389 2930 3585 2965 conse-

2009 3002 2278 3067 quendam
2325 3010 2380 3053 tt
2417 3000 2756 3053 liberandam
2813 3004 2882 3055 ab
2933 3004 3168 3057 inimicis
3208 3004 3419 3071 gratim,
3460 3005 3586 3072 quia

2010 3093 2109 3144 sub
2143 3093 2323 3159 specie
2368 3093 2612 3146 veritatis
2658 3093 2792 3146 solet
2840 3094 3108 3156 diabolus,
3147 3095 3413 3162 imprimis
3448 3098 3586 3163 apud

326 3192 619 3261 ἀρχαρίοις
651 3193 907 3262 μάλιστα)
935 3194 964 3244 ὁ
1006 3194 1251 3257 διάϐολος
1274 3196 1538 3252 δεικνύειν
1570 3201 1669 3269 τήν
1700 3201 1905 3270 πλάνην
1932 3218 1972 3273 C

1932 3218 1972 3273 ε
2013 3182 2250 3246 tirones,
2300 3184 2587 3236 ostendere
2640 3198 2790 3236 suam
2842 3184 3146 3247 fallaciam,
3196 3201 3291 3239 sua
3358 3202 3584 3254 nequam

326 3284 515 3346 αότοῦ,
566 3285 1059 3355 μετασχηματίζων
1088 3287 1157 3338 τὰ
1186 3288 1396 3358 πονηρὰ
1426 3289 1592 3342 αὑτοῦ
1625 3290 1698 3354 ὡς
1740 3308 1905 3345 πνευ-

328 3377 557 3448 ματικα.

404 3470 500 3521 Διὰ
529 3467 686 3520 τοῦτο
712 3471 739 3519 ὁ
777 3470 911 3537 πρὸς
949 3469 1047 3539 τὴν
1090 3471 1334 3541 καθαρὰν
1366 3475 1673 3543 προσευχὴν
1703 3476 1905 3541 φθάσαι

327 3557 648 3620 σπουδάζων
675 3560 731 3610 ἐν
763 3560 984 3627 ήσυχίᾳ,
1019 3562 1075 3611 ἐν
1121 3560 1308 3629 τρόμῳ
1351 3562 1530 3631 πολλῷ
1560 3567 1654 3615 καὶ
1699 3565 1902 3629 πένθει,

324 3654 419 3704 καὶ
466 3654 532 3721 τῇ
568 3651 633 3702 δι’
684 3653 1004 3720 ἐρωτήσεως
1049 3653 1327 3721 ἐμπείρων
1372 3654 1656 3724 ὁδηγήσει,
1704 3658 1906 3724 ὀφείλει

322 3742 550 3802 ὁδεύειν,
581 3746 673 3794 καὶ
701 3742 909 3795 κλαίειν
939 3744 1170 3795 πάντοτε
1202 3744 1341 3813 ὑπὲρ
1378 3745 1487 3797 τῶν
1537 3746 1682 3799 ίδίων
1726 3750 1905 3816 ἁμαρ-

322 3835 473 3895 τιῶν,
506 3833 845 3900 λυπούμενος
896 3834 991 3886 καλ⁵
1024 3836 1357 3905 φοῦούμενος
1393 3838 1587 3905 μήπως
1641 3838 1899 3909 κολασθῇ,

323 3927 356 3998 ἢ
390 3924 484 3976 τοῦ
512 3924 646 3976 Θεοῦ
678 3926 887 3994 ἐκπέσῃ
924 3927 1214 3993 χωρισθεὶς
1240 3926 1353 3989 νῦν,
1379 3928 1412 3996 ἢ
1445 3931 1501 3979 ἐν
1533 3928 1608 3997 τῷ
1634 3931 1899 3998 μέλλοντι.

324 4022 493 4070 Ὅταν
520 4014 611 4070 οὖν
638 4017 721 4087 ἴδῃ
743 4016 771 4067 ὀ
799 4017 1042 4079 διάϐολός
1075 4034 1196 4069 τινα
1229 4018 1496 4081 πενθικῶς
1531 4021 1807 4089 διάγοντα,
1838 4025 1900 4075 ού

322 4108 624 4177 προσμένει
660 4109 795 4165 ἐκεῖ,
830 4106 928 4174 τὴν
963 4107 1026 4157 ἐκ
1075 4107 1169 4159 τοῦ
1208 4107 1435 4171 πένθους
1464 4114 1902 4182 προσγινομένην

320 4201 652 4253 ταπείνωσιν
671 4198 912 4251 δειλιῶν⁹
939 4198 1061 4250 εἰδὲ
1091 4200 1421 4266 φαντάζεται
1452 4202 1520 4253 τὰ
1547 4203 1725 4271 ὑψηλὰ
1766 4207 1902 4273 μετά

319 4294 549 4358 οἰήσεως
603 4288 805 4355 φθάσαι
834 4330 847 4349 ,
907 4288 1069 4340 πόθον
1116 4292 1405 4342 σατανικδν
1450 4292 1543 4345 καὶ
1592 4294 1692 4345 οὐκ
1728 4295 1901 4364 ἀληθῆ

317 4378 675 4445 κεκτημένος,
701 4379 809 4437 τοῖς
845 4377 1035 4429 ἑαυτοῦ
1057 4377 1290 4441 δικτύοις
1319 4381 1575 4449 δεσμεύει
1608 4385 1768 4435 αὑτὸν
1804 4386 1898 4435 εύ-

319 4470 493 4530 κόλως
522 4468 596 4529 ὡς
628 4469 793 4521 αὑτοῦ
814 4469 1114 4538 ὑπηρέτην.
1142 4472 1239 4523 Διὰ
1276 4472 1435 4524 τοῦτο
1464 4475 1717 4542 μέγιστον
1740 4477 1900 4529 ὅπλον

2009 3278 2387 3339 phantasmata
2422 3275 2685 3327 exhibens
2721 3284 2977 3343 tanquam
3011 3278 3336 3345 spiritualia.

2079 3452 2367 3518 Propterea
2422 3452 2513 3517 qui
2565 3470 2752 3519 puram
2795 3454 2993 3521 quietis
3038 3457 3339 3509 orationem
3396 3472 3587 3513 conse-

2006 3548 2098 3609 qui
2150 3546 2351 3610 studet,
2396 3544 2447 3597 in
2500 3554 2733 3599 tremore
2794 3547 2965 3598 multo
3014 3558 3175 3614 atque
3228 3549 3395 3615 luctu,
3447 3551 3587 3604 duce

2009 3639 2303 3704 petitorum
2381 3638 2846 3707 interrogatione,
2914 3639 3194 3693 ambulare
3269 3642 3470 3706 debet,
3530 3656 3586 3697 et

2006 3730 2135 3782 ilere
2178 3746 2390 3797 semper
2432 3748 2527 3782 sua
2579 3745 2819 3796 pet-cata,
2857 3748 3091 3785 [merens
3127 3745 3181 3785 et
3213 3734 3408 3787 timens
3452 3752 3516 3789 ne
3554 3753 3584 3789 a

2011 3826 2119 3877 Deo
2151 3826 2364 3876 chidat
2396 3842 2457 3877 ac
2488 3838 2772 3892 separetur
2812 3844 2861 3877 Ill
2910 3828 3163 3894 praesenti
3200 3826 3451 3882 futurove
3482 3844 3584 3881 Ste-

2007 3920 2146 3969 culo.
2192 3916 2421 3981 QUando
2498 3920 2657 3985 igitur
2737 3919 2879 3971 videt
2939 3920 3185 3972 diabolus
3235 3920 3467 3988 aliquem
3531 3924 3581 3973 iu

2005 4005 2151 4060 luctu
2202 4008 2511 4069 viventem,
2570 4026 2676 4061 non
2732 4010 2804 4061 ibi
2860 4024 3139 4072 remanet,
3192 4014 3458 4064 orientem
3516 4030 3580 4066 ex

2008 4098 2153 4150 luctu
2208 4098 2505 4152 formidans
2549 4101 2941 4166 humilitatem;
2981 4103 3025 4154 si
3066 4116 3193 4153 vero
3237 4116 3296 4153 se
3339 4103 3440 4154 sibi
3494 4120 3584 4154 su-

2008 4192 2194 4244 blimia
2248 4194 2569 4259 adepturum
2623 4194 2973 4260 imaginatur,
3024 4194 3326 4247 satanicum
3378 4196 3583 4247 habens

2004 4296 2060 4339 et
2104 4301 2210 4337 non
2265 4301 2449 4339 verum
2502 4286 2862 4350 desiderium,
2907 4287 2997 4339 ille
3048 4287 3161 4339 suis
3209 4288 3416 4339 retibus
3458 4302 3579 4338 eum

2004 4376 2163 4432 facile
2220 4378 2461 4447 implicat
2521 4389 2578 4432 ut
2632 4395 2788 4432 suum
2851 4396 3093 4431 servum.
3139 4380 3325 4447 Itaque
3370 4382 3582 4449 optimo

2005 4481 2182 4525 tectus
2213 4481 2295 4524 est
2331 4483 2504 4534 scuto,
2545 4473 2636 4538 qui
2689 4472 2928 4537 possidet
2960 4473 3014 4523 in
3064 4475 3312 4525 oratione
3354 4473 3579 4537 luctum,

320 4562 545 4631 κρατεῖν
603 4562 661 4611 ἐν
718 4562 1019 4628 προσευχῇ,
1053 4562 1146 4613 καὶ
1199 4561 1259 4613 τὸ
1293 4563 1505 4625 πένθος,
1559 4566 1645 4617 ἵνα
1697 4568 1771 4636 μὴ
1819 4571 1895 4630 εὶς
1928 4554 1980 4612 Ῐ)

1928 4554 1980 4612 D
2008 4573 2067 4614 ut
2106 4580 2211 4615 non
2250 4565 2301 4615 in
2341 4564 2815 4630 prwsumptionem
2859 4580 2921 4615 ex
2964 4563 3232 4615 orationis
3270 4563 3452 4615 la-titia
3496 4566 3579 4615 in-

318 4655 497 4719 οἴησιν
539 4649 648 4701 ἀπὸ
692 4649 788 4716 τῆς
844 4650 1017 4717 χαρᾶς
1061 4648 1161 4716 τῆς
1203 4652 1511 4720 προσευχῆς
1571 4660 1897 4727 περιπίπτῃ,

317 4741 458 4795 ἀλλὰ
500 4742 599 4809 τὴν
626 4738 986 4808 χαρμολύπην
1035 4740 1213 4810 ἐαυτῷ
1269 4740 1643 4809 ἐκλεγόμενος,
1686 4748 1900 4818 τηρήσῃ

317 4832 566 4899 ἀΰλαΰῆξ
604 4834 635 4899 ή
676 4832 783 4899 γὰρ
818 4831 1063 4898 ἀπλανὴς
1124 4832 1419 4900 προσευχὴ,
1472 4834 1705 4905 ήθέρμη
1762 4841 1898 4906 μετὰ

317 4926 419 4992 τῆς
451 4922 759 4992 προσευχῆς
788 4921 881 4973 τοῦ
929 4920 1124 4988 Ἰησοῦ,
1165 4922 1258 4973 τοῦ
1293 4924 1543 4991 βαλόντος
1569 4928 1678 4995 πῦρ
1700 4930 1778 4991 εἰς
1802 4931 1898 4998 τὴν

318 5018 424 5083 γῆν
453 5015 551 5081 τῆς
582 5013 807 5082 καρδίας
834 5011 992 5080 ήμῶν
1021 5014 1186 5073 ἐστιν,
1232 5016 1265 5083 ή
1295 5016 1620 5082 φλογίζουσα
1652 5020 1719 5071 τὰ
1756 5021 1895 5089 πάθη

318 5107 397 5167 ὡς
420 5103 681 5164 ἀκάνθας,
707 5105 800 5154 καὶ
823 5102 1161 5171 εὐφροσύνην
1188 5106 1280 5155 καὶ
1325 5106 1615 5174 ἱλαρότητα
1644 5110 1897 5176 ἐμποιοῦ-

322 5212 393 5247 σα
426 5196 492 5263 τῇ
523 5192 691 5261 ψυχῇ.
722 5193 814 5244 καὶ
855 5194 989 5260 μήτε
1024 5193 1191 5256 δεξιὰ,
1227 5196 1258 5265 ἢ
1303 5196 1591 5264 ἀριστερὰ,
1623 5199 1655 5266 ἢ
1685 5200 1892 5252 ἄνωθεν

319 5286 617 5353 ἐρχομένη,
648 5283 762 5334 ἀλλ’
806 5284 864 5333 ἐν
894 5283 1089 5352 καρδία
1136 5284 1503 5350 βλυστάνουσα
1529 5288 1684 5356 δίκην
1714 5290 1894 5358 πηγῆς

320 5376 517 5437 ὓδατος
547 5378 610 5425 ἐκ
636 5373 729 5425 τοῦ
755 5372 1018 5435 ζωοποιοῦ
1054 5374 1395 5441 Πνεύματος·
1442 5380 1532 5429 καὶ
1571 5380 1770 5448 ταύτην
1801 5382 1893 5449 μό-

320 5484 421 5534 νην
447 5468 503 5515 ἐν
543 5464 741 5531 καρδία
801 5480 894 5514 σου
934 5464 1168 5531 πόθησον
1205 5466 1383 5535 εὑρεῖν
1432 5471 1523 5520 καὶ
1573 5473 1891 5539 κτήσασθαι,

318 5557 503 5623 τηρῶν
540 5571 632 5605 οου
679 5556 769 5606 τὸν
828 5553 955 5605 νοῦν
1002 5557 1087 5606 ἀεὶ
1129 5557 1468 5624 ἁφάνταστον
1494 5599 1508 5622 ,
1548 5562 1639 5611 καὶ
1690 5565 1893 5631 γυμνὸν

320 5648 609 5715 νοημάτων
631 5648 722 5697 καὶ
754 5646 1046 5713 λογισμῶν,
1077 5648 1168 5698 καὶ
1198 5649 1273 5718 μὴ
1299 5649 1484 5715 φοϐοῦ·
1514 5653 1671 5721 ὁγὰρ
1698 5656 1889 5719 εἰπὼν,

410 5843 496 5900 ιιι
529 5841 653 5896 cur,
691 5859 758 5908 ιι,
794 5844 875 5911 l0.
999 5846 1014 5872 ’
1046 5844 1059 5897 l
1096 5844 1218 5895 Cor.
1262 5858 1358 5909 XII,
1414 5842 1505 5906 l0;
1546 5841 1705 5897 llcbt'.
1756 5862 1803 5909 γ,
1845 5845 1897 5899 Η

1920 5866 1933 5910 ;
1982 5847 2178 5916 Epltes.
2227 5864 2300 5912 Vt,
2344 5848 2424 5901 l7.

1997 4655 2167 4718 cidat,
2201 4656 2295 4708 sed
2329 4656 2599 4707 laetiﬁcum
2644 4672 2933 4707 mwrorem
2989 4655 3092 4707 subi
3139 4656 3365 4723 eligens,
3398 4665 3577 4707 servet

2001 4750 2287 4802 intactmn.
2325 4747 2458 4800 Nam
2506 4750 2682 4799 oratio
2726 4765 2832 4799 non
2877 4764 3102 4800 erronea
3145 4759 3226 4801 est
3267 4749 3438 4800 oratio
3474 4747 3579 4798 fer-

1999 4844 2124 4896 vida
2155 4842 2307 4903 Jesu,
2340 4843 2427 4909 qui
2463 4843 2608 4895 misit
2644 4842 2819 4911 ignem
2852 4844 2901 4892 in
2939 4856 3137 4894 terram
3172 4843 3349 4893 rordis
3383 4848 3578 4906 nostri,

2000 4936 2325 4989 contibttrens
2366 4935 2489 4985 \‘lllzt
2512 4935 2651 4986 sicut
2679 4938 2884 5001 Spinas,
2920 4934 3273 4999 lititiamquc
3303 4943 3356 4986 et
3390 4934 3577 4986 hilari-

2000 5034 2164 5077 tatem
2185 5024 2413 5076 afferens
2432 5030 2649 5086 attttnze,
2680 5040 2773 5075 nec
2800 5025 2864 5075 ad
2892 5026 3191 5081 dexteram.
3229 5034 3324 5076 aut
3360 5025 3422 5074 ad
3449 5024 3578 5075 sini.

2008 5126 2203 5178 stram,
2241 5123 2332 5167 aut
2364 5130 2579 5167 sursum
2614 5115 2821 5179 abiens,
2854 5116 2946 5167 sed
2982 5117 3030 5167 in
3066 5125 3229 5167 corde
3272 5116 3576 5170 scaturieus

2008 5208 2162 5274 qnasi
2202 5206 2323 5258 fons
2364 5221 2517 5273 aqua:
2563 5222 2589 5256 a
2627 5206 2839 5257 vivilico
2872 5206 3085 5273 spiritu.
3121 5204 3269 5257 Illam
3310 5209 3480 5259 solam
3525 5208 3574 5259 in

2006 5298 2168 5349 corde
2221 5308 2314 5349 tun
2366 5299 2553 5365 cupias
2607 5281 2850 5350 invenire
2908 5312 2971 5350 ac
3029 5299 3310 5364 consequi,
3357 5314 3580 5352 senans

2005 5398 2241 5440 mentem
2297 5399 2442 5441 tuam
2499 5404 2712 5456 semper
2760 5391 3054 5457 imaginum
3116 5389 3465 5457 ideal-umque
3517 5407 3580 5444 ac

2004 5480 2391 5546 Cogitationunt
2456 5490 2779 5548 expertem;
2841 5496 2940 5533 nec
2998 5481 3211 5533 timeas.
3267 5481 3367 5544 Qui
3431 5482 3578 5533 enim

2008 5570 2193 5621 tlixit‘
2228 5588 2240 5623 :
2274 5589 2291 5620 ‹
2335 5570 2537 5623 llabete
2594 5572 2841 5623 ﬁduciam
2881 5588 2894 5623 :
2945 5586 3043 5639 ego
3094 5587 3247 5635 sum,
3297 5571 3457 5624 nolite
3510 5574 3578 5623 ti-

2012 5676 2175 5722 mere,
2210 5680 2226 5711 ο
2268 5661 2381 5729 ipse
2425 5663 2700 5714 nobiscum
2732 5672 2809 5715 est
2846 5678 3007 5729 quem
3053 5664 3368 5728 qun-rimus,
3403 5674 3580 5729 prote-

2564 5847 2581 5876 ³
2613 5846 2778 5901 Eccli.
2816 5863 2889 5913 vt,
2924 5850 2972 5902 6.
3076 5852 3091 5876 ³
3127 5848 3306 5900 Matth.
3343 5864 3450 5911 xw,
3487 5846 3577 5902 27.
