4224 6464
619 378 753 441 1355

1868 396 2256 459 GREGORII
2317 399 2642 460 ΡΛιΛΜΛΞ

3728 404 3868 471 135G

616 512 738 564 μοις
764 499 1009 563 φυσικοῖς
1055 497 1341 567 ἑπόμενον.
1382 502 1539 573 εἴπερ
1587 504 1772 571 μέλλει
1814 508 2061 579 διαρκεῖν
2087 512 2181 562 ἐπὶ
2215 519 2254 574 Α
2284 532 2405 574 την.
2436 511 2500 585 ἧς
2552 521 2652 571 οὐκ
2712 519 2862 571 ἔστιν
2898 520 3194 583 ὑπόστασις
3237 522 3579 590 ἐμπαγεῖσα,
3630 525 3723 577 καὶ
3776 529 3854 584 εἰς

611 590 821 655 χρόνον,
852 589 945 641 καὶ
988 590 1062 658 μὴ
1108 591 1356 661 πονήρως
1389 592 1554 662 ἐχειν.
1603 596 1697 649 καὶ
1727 598 1934 653 δεῖσθαι
1965 600 2058 653 τοῦ
2100 618 2185 654 νο·

612 677 947 745 σηλεύοντος,
974 678 1007 747 ἢ
1042 682 1133 731 καὶ
1156 682 1416 749 παράπαν
1454 688 1641 737 πεσεῖν
1672 688 2061 759 ἀποκεκμηκὺς
2089 692 2185 745 καὶ

609 769 815 837 ζημίαν
859 771 1247 839 ἐπενηνοχέναι
1280 773 1389 826 τῶν
1420 774 1489 827 δι’
1519 777 1685 831 αὑτοῦ
1732 781 2083 850 πονουμένων
2114 785 2181 853 τῇ

609 860 753 927 ψυχῇ
795 859 1084 928 πράξεων·
1139 855 1299 914 αὗται
1356 864 1413 916 δέ
1465 860 1646 930 αὗται,
1690 862 1736 922 ὦ
1790 872 2072 940 μακάριοι,
2127 877 2184 927 αἰ

609 952 851 1004 είωθυίαι
887 951 965 1021 τῷ
1013 952 1132 1021 ἐμῷ
1184 953 1399 1025 σώματι
1431 959 1681 1028 σκήψεις,
1724 962 1777 1014 εἰ
1810 978 1940 1015 ποτε
1977 962 2184 1034 χαλινῷ

609 1044 946 1113 τραχυτέρας
988 1044 1209 1112 ἀγωγῆς
1242 1048 1564 1117 ἀνακρούσω
1599 1050 1693 1103 ἐπὶ
1724 1054 1784 1106 τὸ
1826 1054 2054 1121 ἀσελγές
2086 1072 2185 1109 κα-

610 1134 1001 1203 ταφερόμενον,
1042 1136 1073 1204 ῆ
1124 1138 1508 1207 ἐκφερόμενον.
1551 1142 1637 1204 Ὠς
1668 1145 1775 1214 γὰρ
1823 1146 1888 1198 τά
1923 1147 2183 1203 ύπότιτθα

615 1224 790 1293 βρέφη
840 1224 933 1279 τοῦ
994 1227 1205 1296 μαστοῦ
1256 1230 1632 1300 ἀποσπώμενα
1694 1236 2179 1309 κλαυθμυρίζεται,

612 1313 757 1367 οὕτω
784 1316 876 1367 καὶ
924 1318 1055 1369 αὐτὸ
1083 1319 1259 1383 κλάει,
1296 1320 1406 1374 τῶν
1438 1323 1655 1377 οἰκείων
1685 1326 1822 1381 ἐθῶν
1849 1330 2179 1401 ἀπειργόμε⁴

612 1424 723 1467 νον,
743 1408 836 1458 καὶ
853 1408 1202 1477 δυσχεραῖνον
1220 1427 1325 1481 μορ
1333 1412 1674 1479 μολύττεται,
1703 1420 1894 1484 νόσους
1912 1421 2181 1489 φαντάζον

612 1501 703 1550 καὶ
736 1499 888 1567 ῥῆξιν
920 1500 1013 1551 τοῦ
1061 1500 1186 1553 καθ’
1225 1504 1373 1572 ἡμᾶς
1419 1505 1643 1575 δεσμοῦ,
1681 1511 1775 1562 καὶ
1818 1509 2182 1583 ύπεξαγωγὴν

609 1592 707 1642 οὐκ
739 1590 1052 1660 ἀνεύθυνον,
1103 1596 1195 1648 καὶ
1232 1597 1427 1668 σχολὴν
1470 1600 1565 1653 τοῦ
1614 1605 1930 1671 πρακτικῶς
1968 1607 2182 1674 φιλοσοο

612 1683 732 1747 φεῖν
762 1682 1035 1737 τολοιπόν.
1080 1686 1216 1739 Ἀλλ’
1246 1688 1328 1741 ὅτι
1361 1690 1460 1759 μὲν
1492 1693 1743 1761 εἰρωνεία
1774 1696 1943 1749 ταῦτα
1974 1700 2178 1767 σαφὴς.

614 1774 704 1824 καὶ
733 1772 927 1843 θρύψις
958 1775 1235 1848 βλακώδης
1261 1781 1355 1833 καὶ
1376 1782 1668 1852 ἀκκισμὸς,
1704 1787 1803 1840 ούκ
1825 1788 2019 1859 ἄδηλον
2054 1791 2181 1860 ὑμῖν

607 1867 722 1926 τοῖς
750 1866 917 1937 πείρᾳ
956 1868 1299 1938 μεμαθηκόσι
1344 1873 1439 1927 καὶ
1482 1874 1873 1948 διδαξαμένοις,
1904 1882 1981 1946 ώς
2019 1883 2180 1952 φύσις

615 1955 865 2023 σώματος
909 1960 968 2010 ἐν
1000 1962 1111 2023 τοῖς
1142 1959 1279 2033 ύπέρ
1313 1963 1407 2016 τοῦ
1448 1966 1614 2019 καλοῦ
1664 1970 1845 2034 πόνοις
1899 1990 2182 2043 γυμνασα-

615 2046 773 2116 μένη,
835 2048 893 2109 ἐς
942 2048 1212 2103 ἀπάθειαν
1261 2053 1629 2127 ἀδαμαντίνην
1683 2062 2173 2129 μεταχαλκεύεται.

609 2138 811 2192 ’Ότιδέ
840 2139 916 2210 μὴ
968 2144 1105 2195 κατὰ
1158 2144 1389 2217 θύρανή
1426 2147 1698 2216 ἔνστασις,
1758 2156 2031 2223 προφανὲς
2082 2156 2180 2226 μὲν

611 2233 705 2283 καὶ
736 2230 913 2294 τοῦτο,
955 2234 1102 2304 ὅμως
1158 2237 1363 2304 ἐλέγξω
1413 2243 1507 2293 καὶ
1545 2241 1739 2313 εὔηθες
1781 2246 2069 2315 ἀποφανῶ.
2102 2250 2179 2303 Ού

609 2324 677 2393 δὴ
702 2323 763 2377 τὸ
794 2324 993 2410 ᾲάπλῶς
1023 2328 1341 2397 τρέφεσθαι,
1389 2331 1518 2385 οῦτε
1559 2340 1666 2403 μὴν
1692 2337 2029 2407 τρεφόμενον
2058 2339 2182 2410 ῆδε-

611 2415 757 2475 σθαι,
784 2408 831 2469 ὧ
862 2416 1149 2485 ἀϐέλτερον
1182 2421 1270 2486 ab,
1306 2422 1611 2491 αἰτιώμεθα
1656 2418 1731 2479 ὧν
1779 2408 2096 2499 κακούμεθα
2145 2431 2178 2499 ἢ

611 2506 980 2575 κακυνόμεθα.
1019 2510 1116 2572 Τίς
1142 2513 1249 2581 γάρ
1283 2512 1407 2567 νοῦν
1436 2516 1594 2585 ἔχων,
1619 2520 1713 2570 καὶ
1744 2518 1935 2585 λόγους
1966 2519 2178 2589 φύσεως

611 2596 1018 2667 ἐπεσκεμμένος
1054 2600 1144 2653 ἐπὶ
1204 2603 1388 2667 ποσὸν,
1419 2607 1603 2669 κακῶς
1654 2608 1769 2675 ἐρεὶ⁹
1801 2609 1967 2672 ἄλλας
2000 2628 2058 2664 τε
2091 2612 2180 2663 δυ·-

609 2689 827 2757 νάμεις,
859 2692 949 2763 καὶ
979 2692 1158 2760 μέντοι
1187 2696 1280 2748 καὶ
1303 2695 1599 2764 θρεπτικάς
1628 2716 1642 2764 ;
1677 2702 1897 2771 Τροφῆς
1923 2704 1979 2756 δέ
2008 2704 2183 2774 παρά-

612 2800 806 2851 χρησιν
851 2785 942 2835 ἐπὶ
992 2784 1266 2858 ἀπληστίᾳ
1304 2790 1395 2841 καὶ
1443 2796 1619 2859 τρυφῇ
1686 2798 2179 2866 παρανομουμένην

614 2875 964 2943 μεμφόμεθα.
1002 2876 1117 2929 Οὐκ
1154 2878 1268 2931 ἐστι
1294 2880 1350 2932 δὲ
1396 2884 1576 2953 τρυφὴ
1605 2889 1699 2937 καὶ
1728 2887 1903 2956 τροφὴ
1939 2888 2137 2941 ταυτόν
2164 2903 2177 2916 ⁸

612 2970 972 3037 μακροτέροις
1000 2970 1053 3022 δέ
1082 2970 1205 3039 ἦτα
1241 2972 1445 3026 Μυσῶν
1509 2978 1603 3027 καὶ
1656 2978 1884 3045 Φρυγῶν
1912 2978 2183 3048 ὁρίσματα

611 3059 899 3129 διεστήτην
954 3060 1220 3131 ἀλλήλων,
1253 3063 1302 3115 εἰ
1346 3066 1442 3116 καὶ
1479 3068 1591 3127 τοῖς
1642 3067 1901 3136 ὀνόμασιν
1950 3069 2179 3139 ἀγχιθυ-

2287 608 2345 659 τὸ
2373 608 2631 675 ὑφιζάνον
2660 610 2749 662 ἀεὶ
2774 614 3189 681 καταφερομένη
3238 614 3333 665 καὶ
3367 613 3703 680 ἀπύθμενον.
3746 616 3845 678 Τίς

2286 697 2395 764 γάρ
2423 697 2740 767 ὑποστάθμη
2787 699 2987 769 ἐσχάτη
3029 701 3136 753 τῶν
3166 702 3274 754 σῶν
3308 701 3543 770 ὀρέξεων
3572 703 3857 767 ἐπινενόη-

2283 805 2394 854 ται,
2427 789 2550 858 ῆτις
2581 790 2867 858 ύφίσταιτο
2893 792 2956 843 ἂν
2984 793 3292 857 τελευταία,
3319 793 3412 845 καὶ
3437 795 3500 863 τῇ
3534 795 3856 865 προσωτέρῳ

2286 880 2427 949 φορᾷ
2478 897 2573 932 σου
2612 883 2998 950 προσίσταιτος
3036 885 3150 938 υύκ
3184 884 3297 937 ἐστι
3342 902 3394 938 τι
3427 885 3637 954 ἓτερον,
3681 886 3729 936 εἰ
3780 886 3855 954 μὴ

2284 972 2431 1039 λέγει
2460 989 2543 1035 τις
2568 974 2661 1027 τδν
2693 976 3110 1047 κατευναστῆρα
3158 977 3360 1041 παντὸς
3396 977 3567 1030 κακοῦ
3604 977 3854 1029 θάνατον.

2284 1062 2700 1133 Τλημονεστέρα
2733 1066 2789 1118 δέ
2834 1066 3010 1135 πολλῷ
3056 1068 3253 1130 ἄλλως,
3285 1064 3367 1130 οἷς
3415 1069 3515 1120 οὔκ
3566 1063 3664 1120 οἷδ’
3706 1068 3857 1129 ὅπως

2283 1154 2531 1224 ἐμαυτὴν
2578 1155 2826 1209 λανθάνω
2882 1158 3071 1227 θηρίον
3120 1158 3180 1211 σέ
3234 1160 3473 1228 πονηρὸν
3524 1160 3630 1213 ὑπὸ
3658 1159 3859 1211 κόλπον

2284 1246 2583 1310 θάλπουσα,
2615 1247 2709 1299 καὶ
2745 1247 2927 1300 πῶλον
2976 1248 3240 1321 ὑϐριστὴν
3272 1252 3363 1303 ἐπὶ
3388 1251 3546 1319 κακῷ
3574 1250 3652 1320 τῷ
3689 1255 3857 1320 ἐμαυ-

2288 1338 2381 1407 τῆς
2426 1339 2734 1395 πιαίνουσα.
2766 1336 2841 1395 Ἦ
2876 1342 2984 1412 γὰρ
3034 1344 3155 1412 οὐχὶ
3202 1345 3433 1414 τραφὲν,
3466 1345 3559 1398 καὶ
3598 1344 3857 1409 θαλφθέν.

2284 1430 2524 1499 πονηρὰς
2555 1430 2788 1494 ἐκτίνεις
2825 1449 2914 1500 μοι
2948 1434 3214 1502 χάριταςς
3248 1437 3452 1487 Δάκνον
3484 1436 3560 1495 ώς
3593 1435 3736 1502 δφις.
3762 1436 3858 1487 καὶ

2283 1521 2382 1586 λάΞ
2411 1522 2813 1592 καθαλλόμενον
2832 1539 2848 1555 ο
2884 1525 3145 1593 ἀτιμάζον
3182 1525 3523 1589 ἀτασθάλως,
3557 1526 3652 1579 καὶ
3673 1525 3860 1578 οὐκέτι

2284 1611 2561 1675 καθεκτῶς
2587 1612 2736 1683 ἔχον·
2773 1615 2834 1666 οὐ
2864 1615 3085 1678 πειθοῦς
3112 1617 3470 1684 ποππυσμοῖς
3498 1616 3860 1683 ὕποσαινόμε-

2284 1692 2375 1757 νον
2401 1722 2415 1770 ;
2446 1705 2507 1757 ού
2543 1704 2635 1775 βία
2654 1706 3040 1774 χαλινούμενον
3065 1722 3079 1735 ⁸
3114 1706 3174 1758 ού
3203 1707 3311 1758 τῶν
3347 1708 3440 1759 ἐπὶ
3473 1708 3858 1777 καλοκαγαθία

2286 1796 2503 1867 μόχθων
2531 1797 2928 1867 ἐφαπτόμενον.
2955 1797 3020 1850 Τί
3045 1796 3210 1864 λέγω,
3245 1799 3305 1850 ού
3333 1799 3510 1850 πόνων
3540 1799 3857 1866 ἐφαπτόμε-

2284 1902 2410 1951 νονς
2459 1887 2693 1955 ἠγάπων
2723 1886 2811 1950 ἂν,
2856 1887 2904 1939 εἰ
2957 1886 3032 1956 μὴ
3062 1887 3429 1954 ἀντέπραττες
3457 1903 3472 1918 ο
3514 1889 3562 1940 εἰ
3598 1887 3674 1958 μὴ
3722 1888 3857 1956 πρὸς

2285 1977 2353 2029 τά
2385 1975 2516 2044 φίλα
2554 1976 2653 2044 μέν
2683 1993 2787 2037 σοι,
2819 1975 3040 2045 ἔχθιστα
3087 1977 3142 2030 δέ
3171 1977 3318 2045 ἐμοὶ,
3353 1976 3543 2046 βιαίως
3576 1981 3857 2047 συνήρπα-

2283 2067 2376 2131 ζες
2400 2082 2414 2097 ⁸
2448 2068 2497 2120 εἰ
2526 2066 2600 2135 μὴ
2624 2067 2825 2137 τούμὸν
2848 2069 3110 2137 ἐράσμιον
3133 2068 3327 2131 κάλλος
3354 2070 3710 2133 ἐνεκαλίνδεις
3733 2071 3856 2142 βορ-

2282 2161 2444 2230 ϐόρῳ,
2476 2159 2552 2223 ώς
2586 2162 2620 2230 ἡ
2664 2161 2817 2230 παρὰ
2845 2160 2925 2231 τῷ
2961 2161 3265 2231 Σολομῶντι
3290 2156 3354 2225 ῦς
3384 2162 3444 2215 τὸ
3474 2165 3533 2216 ἐν
3584 2166 3693 2234 ῥινὶ
3729 2182 3854 2233 χρυ.

2284 2252 2412 2305 σοῦν
2438 2248 2675 2303 ἐνώτιον.
2722 2249 2882 2304 Ἀλλά
2912 2268 3003 2320 μοι
3036 2252 3202 2321 μηδέν
3241 2250 3571 2321 ἀχθεσθῆτε,
3612 2254 3856 2321 μακαρία

2280 2342 2579 2412 ὁμήγυρις,
2612 2342 2661 2393 εἰ
2706 2338 2879 2403 οὕτως
2928 2341 3006 2410 τῷ
3037 2342 3335 2412 ἀδαμάστῳ
3379 2341 3554 2410 τούτῳ
3581 2343 3675 2394 καὶ
3704 2340 3859 2408 κακῶ

2282 2432 2560 2502 θρέμματι
2594 2432 3054 2501 ἐμπικραίνομαι,
3086 2425 3148 2483 οῦ
3200 2434 3299 2500 τὴν
3341 2432 3676 2502 τυραννικὴν
3718 2434 3859 2484 ἐπα-

2282 2525 2542 2577 νάστασιν
2577 2524 2670 2576 καὶ
2717 2522 2923 2585 Παῦλος
2955 2524 2984 2575 ό
3033 2521 3308 2586 τοσοῦτος,
3362 2526 3390 2577 ό
3439 2523 3858 2592 ἐσταυρωμένος

2280 2617 2358 2684 τῷ
2388 2616 2598 2686 κόσμῳ.
2622 2617 2651 2668 ό
2688 2615 2884 2685 μηκέτι
2913 2614 3043 2679 ζῶν,
3073 2619 3129 2669 ἐν
3165 2615 3345 2683 ἐαυτῷ
3378 2615 3433 2669 δέ
3466 2618 3650 2685 φέρων
3680 2616 3858 2678 ζῶντα

2282 2710 2375 2761 καὶ
2412 2708 2673 2761 λαλοῦντα
2722 2707 2812 2761 τὸν
2852 2708 3110 2777 Χριστὸν,
3148 2708 3497 2776 ἐφυλάττετο,
3545 2708 3641 2761 καὶ
3668 2708 3859 2760 δυσκο-

2280 2799 2479 2853 λαίνων
2506 2794 2617 2851 οἷον
2668 2798 3005 2869 ὠλοφύρετο,
3053 2798 3401 2868 ταλαίπωρον
3452 2799 3651 2852 ἑαυτὸν
3680 2799 3861 2851 καλῶν

2282 2890 2592 2960 ἄνθρωπον,
2623 2893 2721 2944 καὶ
2748 2889 3175 2959 διαπορούμενος
3210 2890 3305 2942 καὶ
3338 2888 3517 2959 ζητῶν
3541 2888 3634 2941 τὸν
3674 2887 3860 2941 ἐκ·τοῦ

2283 2982 2533 3050 σώματος
2574 2979 2670 3033 τοῦ
2722 2979 2955 3034 Θανάτου
2986 2980 3177 3033 τούτου
3224 2980 3546 3050 ῥυσάμενον,
3669 2978 3734 3048 δὴ
3768 2980 3859 3031 καὶ

2282 3072 2355 3135 ώς
2382 3071 2623 3141 ἀθλητὴς
2653 3073 2900 3139 γενναῖος
2934 3072 3029 3122 καὶ
3064 3070 3390 3139 στεφανίτης
3421 3071 3713 3139 ἐμπίπτων
3732 3085 3861 3135 σφο-

615 3150 809 3218 ροῦντα
850 3150 1176 3224 συνηλθέτην
1206 3155 1555 3225 παραδραχύ.
1587 3157 1659 3210 Σὺ
1708 3157 1765 3210 δέ
1814 3158 1888 3221 ώς
1918 3159 2110 3227 εῦηθες
2143 3159 2177 3230 ἢ
2206 3183 2249 3240 c
2279 3163 2556 3233 δρότερον,
2590 3162 2692 3217 οὐκ
2736 3162 2894 3230 ἔληξε
2928 3162 3216 3231 πρότερον,
3248 3161 3358 3226 πὺξ
3405 3162 3722 3221 πατάσσων,
3769 3160 3859 3212 καὶ

613 3241 880 3311 κακόηθες
926 3244 1023 3311 τὴν
1070 3245 1404 3315 κατηγορίαν
1463 3248 1559 3317 τῆς
1626 3254 2174 3321 παρακαταχρήσεως

614 3336 693 3396 εἰς
722 3333 974 3405 διαϐολὴν
1005 3338 1101 3407 τῆς
1144 3339 1379 3408 φυσικῆς
1410 3340 1742 3409 μετείληφας
1772 3343 2049 3412 χρήσεως·
2084 3346 2177 3398 καὶ

613 3425 807 3478 ταυτόν
836 3444 887 3479 τι
942 3429 1217 3497 ⁴ἰγγνόηκας
1268 3430 1301 3499 ἢ
1351 3432 1830 3502 πεπανούργηκας,
1874 3431 2065 3502 ὥσπερ
2128 3438 2175 3487 εί

615 3518 996 3589 γραψαμένους
1043 3523 1283 3591 μοιχείας
1323 3524 1356 3593 ἢ
1401 3524 1569 3593 μέθης
1596 3528 1738 3593 τινὰ,
1788 3529 2176 3598 ἐσυκοφάντεις

610 3614 763 3680 ἡμᾶς
794 3614 977 3675 κακῶς
1008 3614 1186 3683 λέγειν
1227 3616 1319 3669 τὸν
1350 3617 1601 3685 σώφρονα
1648 3619 1847 3687 γάμον,
1879 3621 1973 3673 καὶ
2018 3621 2177 3672 πόσιν

613 3706 756 3758 οῖνου
788 3706 1062 3775 νηφάλιον.
1096 3706 1305 3761 Οὔκουν
1338 3708 1461 3761 οὐδέ
1493 3726 1575 3773 σε,
1620 3704 1666 3762 ὧ
1701 3711 1904 3781 σκόλοψ
1930 3710 2050 3781 ἐμέ,
2084 3713 2177 3765 ἐπὶ

613 3797 768 3866 δίκην
798 3798 1002 3867 ἄγομεν
1036 3799 1123 3852 διά
1167 3800 1264 3870 τὴν
1294 3801 1489 3870 χρῆσιν
1526 3803 1633 3853 τῶν
1678 3804 2016 3871 ἀναγκαίων,
2064 3802 2179 3858 ἀλλ’

616 3889 698 3939 ὅτι
728 3888 1021 3957 λαϐόμενον
1047 3891 1381 3959 εὐσχήμονος
1410 3891 1615 3961 ταύτης
1639 3894 1919 3963 ἀφορμῆς,
1953 3894 2011 3946 τὸ
2036 3897 2177 3949 ἀπο-

615 3979 861 4033 στολικδν
891 3981 984 4032 καὶ
1006 3977 1161 4044 αὖθις
1196 3984 1390 4047 εἰπεῖν,
1426 3985 1487 4035 οῦ
1539 3984 1687 4053 παύῃ
1718 3987 1899 4037 πᾶσαν
1938 3984 2025 4037 ἐπ’
2055 3985 2179 4053 ἐμοὶ

614 4071 910 4143 ἐπιθυμίαν
958 4074 1448 4144 κατεργαζόμενον,
1512 4074 1699 4144 πρώτα
1754 4078 1851 4143 μέν
1898 4075 2179 4147 χρώμενον

617 4163 956 4235 ξηρᾷ·τροφῇ
1004 4166 1095 4217 καὶ
1143 4166 1317 4237 ὑγρᾷ,
1347 4161 1469 4219 εἶτα
1506 4148 1962 4238 παραχρώμενον,
2011 4186 2180 4223 καταε-

617 4257 918 4325 χρώμενον,
967 4256 1403 4326 ἐκδιαιτώμενον,
1435 4259 1513 4321 εἰς
1565 4259 1685 4312 ὅλον
1720 4261 1817 4312 καὶ
1844 4260 1952 4312 πᾶν
1980 4260 2039 4313 τὸ
2086 4277 2176 4328 φι-

616 4349 832 4417 λήδονον
881 4351 1341 4420 καταφερόμενον,
1386 4351 1478 4403 καὶ
1506 4351 1890 4420 ἐκφερόμενον,
1924 4354 2014 4405 καὶ
2054 4368 2179 4406 συν-

615 4441 847 4507 εκφέρον
901 4440 1044 4510 κάμέ
1078 4442 1172 4493 καὶ
1211 4441 1450 4511 παρέχον
1496 4442 1816 4511 πράγματα.
1865 4441 2038 4512 Διττῷ
2066 4443 2175 4513 γὰρ

616 4531 889 4599 πνεύματι
931 4530 1008 4598 τῷ
1048 4530 1156 4595 ,τῆς
1205 4530 1540 4599 λαιμαργίας
1599 4532 1691 4583 καί
1737 4532 2178 4601 γαστριμαργίας

613 4621 988 4690 ἐλαυνόμενον,
1021 4621 1218 4689 μᾶλλον
1246 4620 1301 4673 δέ
1330 4622 1531 4692 τριττῷ
1553 4638 1569 4653 ·
1594 4624 1653 4675 ἐν
1683 4625 2019 4693 πλησμοναῖς
2044 4622 2176 4692 γὰρ,

616 4714 768 4784 φησὶ,
834 4713 1051 4782 Κύπρις
1080 4729 1093 4744 ’
1146 4713 1383 4783 παρίημι
1411 4714 1521 4784 γὰρ
1559 4714 1620 4768 τὸ
1666 4715 1803 4776 τέως
1843 4715 2179 4782 ἐφεπόμενον

614 4804 826 4868 τούτοις
873 4805 1114 4873 λεγεῶνα
1137 4821 1153 4836 ⁸
1190 4806 1310 4859 τίνα
1363 4806 1470 4859 τῶν
1522 4808 1769 4876 μογερῶν
1797 4808 1889 4859 καὶ
1923 4807 2178 4874 σχετλίων

614 4900 714 4949 οὐκ
772 4897 1073 4964 ἐπιτρίϐεις
1122 4914 1254 4966 μοις
1304 4898 1392 4950 Ἐν
1446 4899 1550 4967 μὲν
1603 4900 1713 4969 γὰρ
1756 4898 1834 4966 τῷ
1886 4898 2178 4952 κενοῦσθαι

614 4988 1061 5059 ἀναπληροῦσθαι
1113 4990 1329 5059 ζητεῖς·
1368 4989 1519 5043 οῦπω
1567 4990 1623 5043 δέ
1674 4990 1844 5059 ἐφθης
1894 4990 2181 5061 πεπληρῶ-

615 5081 759 5142 σθαι,
798 5081 893 5133 καὶ
937 5079 1094 5143 αὖθις
1132 5082 1458 5144 κεκένωσαι,
1498 5082 1590 5134 καὶ
1652 5078 1810 5143 αὖθις
1844 5080 2179 5150 πληροῦσθαι

614 5172 917 5241 ἐζήτησαςο
953 5173 1047 5224 καὶ
1078 5173 1164 5223 ὅτε
1224 5173 1321 5241 μὲν
1365 5174 1681 5244 κατατρύχῃ
1724 5173 1886 5242 λιμῷ,
1924 5172 2179 5243 πλησμῳ

614 5262 824 5332 χαίρεις
848 5264 1018 5331 τροφῇ
1050 5278 1062 5291 ·
1091 5263 1177 5313 ὅτε
1228 5261 1283 5314 δὲ
1312 5264 1544 5332 πάρεστι
1593 5265 1963 5332 πίμπλασθαι,
1990 5266 2082 5315 καὶ
2112 5266 2179 5316 τὰ

616 5360 750 5419 πρὶς
808 5354 999 5423 ἡδονὴν
1037 5356 1247 5415 αἰτεῖς·
1319 5354 1519 5423 μᾶλλον
1576 5355 1633 5407 δέ
1684 5357 1776 5427 καὶ
1833 5355 2034 5407 πεινῶν
2087 5358 2179 5407 καὶ

619 5444 1022 5511 πιμπλάμενον,
1068 5444 1193 5497 οὔτε
1232 5446 1355 5514 ὅρον
1403 5446 1589 5514 κόρου,
1623 5445 1745 5499 οῦτε
1792 5446 1951 5517 κόρον
1987 5446 2179 5516 ἡδονῆς

613 5530 782 5597 οἶδας.
828 5536 915 5589 Ἐν
941 5535 1115 5605 τούτῳ
1152 5537 1207 5589 δὲ
1258 5537 1479 5606 τλήμων
1529 5537 1629 5607 μὲν
1669 5536 1803 5604 ἐγὼ,
1833 5537 2035 5606 ἀδελφά
2078 5554 2178 5590 κα-

615 5626 935 5695 τακριθείσα
988 5630 1105 5692 ταῖς
1164 5628 1422 5697 μυθικαῖς
1466 5629 1720 5682 Δαναισιν
1749 5631 1828 5691 είς
1875 5630 2179 5700 ἀπέραντον

616 5719 899 5773 ἐπαντλεῖν
925 5737 1005 5773 σοι
1035 5720 1109 5783 ώς
1142 5722 1344 5773 ἐκεῖναι
1372 5720 1450 5790 τῷ
1479 5723 1799 5792 τετρημένῳ
1834 5721 1998 5790 πίθῳ,
2033 5723 2177 5790 ἢκαὶ

617 5811 694 5874 τῷ
720 5812 849 5877 θείῳ
880 5813 1042 5866 Δαϐὶδ
1076 5813 1245 5867 ταυτά
1273 5814 1576 5875 πάσχουσα,
1611 5816 1689 5877 εἰς
1718 5816 1832 5868 ἰλὺν
1862 5814 2020 5873 βυθοῦ
2052 5815 2179 5868 ταύ-

2282 3272 2346 3308 συ
2356 3256 2494 3321 χνοῖς
2522 3254 2909 3322 ὑπωπιασμοϊς
2960 3255 3311 3324 κατατήκων,
3352 3253 3483 3324 πρὶν
3513 3253 3860 3307 καταδουλώο

2286 3344 2504 3407 σασθαι,
2532 3347 2627 3398 καὶ
2656 3346 2930 3414 κατήκοον
2961 3344 3440 3413 παραστήσασθαι.

2350 3436 2477 3500 Ναὶ,
2514 3435 2703 3504 φησίνο
2736 3434 2850 3487 ἀλλ’
2876 3433 3003 3501 ἐξῆν
3034 3433 3129 3486 καὶ
3162 3433 3247 3487 σοὶ
3266 3434 3328 3488 τὸ
3359 3433 3503 3487 κατά
3542 3433 3704 3501 φύσιν
3728 3435 3863 3486 fama

2279 3527 2609 3596 τεταγμένον
2664 3525 2763 3595 ἐμὲ
2796 3524 3107 3578 δουλοῦσθαι
3135 3525 3482 3589 ὑπωπιάζειν
3534 3524 3863 3595 βουλομένῃ,

2280 3619 2422 3671 κατὰ
2469 3617 2560 3671 τδν
2606 3615 2966 3669 ἀποστολικδν
3014 3616 3208 3681 τύπον,
3240 3618 3336 3669 καὶ
3383 3615 3443 3667 τὸ
3481 3616 3645 3683 σοφὸν
3682 3617 3866 3667 ἐκεῖ-ιο

2281 3711 2669 3780 παράγγελμα·
2712 3710 2856 3774 Ὀνῳ
2888 3707 3080 3777 χόρτος
3120 3708 3217 3760 καὶ
3249 3706 3467 3778 ῥάϐδος,
3499 3706 3670 3775 δούλῳ
3700 3707 3867 3774 ἀρτος

2280 3804 2372 3855 καὶ
2404 3801 2683 3871 μάστιγες.
2714 3800 2817 3852 Φεῦ
2852 3799 2949 3867 τῆς
2985 3798 3219 3869 χλεύηςί
3260 3793 3348 3851 οἷα
3399 3796 3866 3867 κατειρωνεύεται

2282 3910 2383 3963 μου
2410 3894 2423 3947 ι
2451 3892 2563 3945 Νῦν
2590 3891 2869 3960 ὁμολογεῖς
2900 3890 3201 3943 ύποτακτὸν
3230 3884 3373 3942 εἷναί
3401 3904 3505 3957 μου
3529 3888 3689 3955 φύσει
3723 3903 3737 3917 ·
3766 3887 3867 3939 νῦν

2280 3985 2483 4055 χαρίζῃ
2523 4001 2612 4053 μοι
2641 3982 2820 4050 λόγοις
2859 3981 2920 4034 τδ
2949 3979 3145 4045 ἐξεῖναι
3178 3978 3532 4042 ύποτάσσιιν,
3561 3980 3742 4047 ἔργοις
3772 3979 3861 4030 ἀεὶ

2282 4076 2699 4145 ἀνθιστάμενον.
2748 4074 2891 4142 Ἐγὼ
2938 4073 2994 4127 δὲ
3040 4074 3135 4127 καὶ
3163 4074 3301 4141 αὑτὴ
3354 4073 3438 4126 δτι
3489 4072 3589 4140 μέν
3623 4072 3698 4132 ώς
3741 4072 3866 4123 δνον

2279 4167 2541 4237 ὑϐριστὴν
2565 4166 2874 4219 κόπτεσθαι
2904 4166 3163 4235 ῥοπάλοις
3202 4167 3396 4234 ἐχρῆν,
3442 4166 3539 4218 καὶ
3566 4165 3642 4224 ώς
3675 4164 3869 4217 δοῦλον

2279 4258 2515 4327 πονηρὸν
2548 4257 2769 4327 μάστιξι
2802 4255 3108 4323 ξαίνεσθαι,
3140 4256 3240 4325 ὀψὲ
3284 4255 3513 4326 μαθοῦσ⁹
3545 4256 3653 4325 ἔχω
3680 4273 3693 4285 ·
3720 4256 3869 4324 πλὴν

2277 4351 2438 4419 δεῦρο
2487 4350 2781 4421 ἀπόκριναί
2814 4366 2928 4417 μοι,
2979 4348 3189 4417 πηνίκα
3232 4350 3327 4401 καὶ
3362 4350 3420 4399 ἐν
3448 4348 3556 4401 τίνι
3604 4348 3713 4400 τῶν
3741 4348 3870 4417 ἡλι-

2280 4442 2412 4494 κιῶν
2440 4440 2615 4508 ἒξεστί
2644 4458 2734 4510 μοι
2780 4438 3096 4493 δουλοῦσθαί
3155 4455 3239 4502 σε,
3286 4439 3348 4492 τὸ
3401 4440 3674 4508 μηδέποτε
3706 4439 3871 4490 δυνά-

2209 4514 2255 4571 θ
2285 4550 2443 4603 μενον
2473 4531 2846 4593 ἀποστολικῶς
2897 4532 3063 4601 ἐρεῖν,
3105 4528 3448 4597 ὑποταγῆναι
3474 4528 3554 4600 τῷ
3579 4530 3731 4599 νόμῳ
3769 4530 3868 4582 τοῦ

2282 4624 2627 4693 πνεύματος;
2660 4623 2895 4690 Πότερον
2922 4622 3063 4676 κατά
3101 4622 3198 4690 τὴν
3234 4620 3492 4691 παιδικὴν
3521 4621 3617 4674 καὶ
3666 4638 3862 4691 μειρει⁶

2282 4716 2452 4785 κιώδη
2478 4734 2493 4781 ;
2528 4715 2691 4768 Ἀλλά
2735 4713 2849 4768 τόθ’
2880 4714 2971 4767 ὐπ’
3002 4714 3185 4778 ἀνοίας
3236 4714 3598 4785 ἀφραίνουσα,
3640 4714 3742 4783 ούχ
3773 4715 3867 4766 οῖα

2279 4808 2341 4862 τέ
2391 4809 2506 4877 είμι
2558 4805 2792 4876 χρῆσθαι
2845 4806 3083 4876 ἐμαυτῇ,
3131 4804 3227 4858 καὶ
3274 4804 3516 4857 συνιέναι
3564 4805 3689 4858 ὅσον
3754 4805 3870 4870 ἐγὼ

2282 4898 2378 4951 σοῦ
2413 4898 2673 4968 διήνεγκα
2699 4913 2713 4926 θ
2745 4895 2859 4951 ἀλλ’
2896 4898 2953 4949 ἐν
2987 4898 3055 4966 τῇ
3087 4897 3310 4965 νεανικῇ
3347 4911 3409 4949 τε
3444 4895 3540 4948 καὶ
3590 4894 3819 4960 ἀνδρικῇ
3847 4911 3863 4955 ζ

2282 4989 2390 5042 Καὶ
2423 4988 2528 5058 μὴν
2556 4986 2857 5057 τηνικαῦτα
2889 4990 2998 5040 πᾶν
3045 4987 3214 5039 κακόν
3245 4986 3548 5058 άνέῥρωγε,
3574 4988 3671 5039 καὶ
3706 4989 3736 5038 ό
3766 4990 3857 5038 1:5-

2281 5080 2447 5150 λεμος
2478 5079 2687 5134 ἐνθένδε
2715 5079 3075 5149 σφοδρότερον
3106 5079 3362 5149 ἄρχεται,
3396 5078 3532 5144 ἐμοῦ
3570 5078 3668 5146 μέν
3696 5078 3874 5146 ἐμαυ-

2281 5172 2378 5239 τὴν
2406 5171 2530 5240 ἄρτι
2572 5170 2947 5239 γινωσκούσης
2974 5209 2991 5233 ,
3020 5170 3115 5222 καὶ
3150 5169 3249 5238 τῆς
3289 5168 3639 5236 καθηκούσης
3686 5167 3873 5236 ἀρχῆς

2280 5260 2806 5329 ἐπιλαμῦανομένης,
2837 5261 2931 5313 καὶ
2954 5259 3268 5328 δικαιούσης
3289 5258 3436 5329 ἀλλῳ
3466 5258 3567 5329 βίῳ
3589 5261 3683 5311 καὶ
3728 5257 3872 5329 ἄλλῃ

2279 5353 2457 5424 διαίτῃ
2478 5350 2713 5421 χρῆσθαι
2742 5350 3005 5419 ἀμείνονι,
3030 5350 3123 5403 καὶ
3148 5349 3227 5419 τῷ
3256 5350 3405 5419 νόμῳ
3430 5347 3525 5401 τοῦ
3555 5348 3695 5401 Θεοῦ
3742 5364 3843 5401 συν

2282 5445 2545 5515 ήδεσίιαι·
2606 5442 2702 5495 τοῦ
2753 5443 2809 5495 δέ
2860 5442 2961 5495 οὐκ
3009 5442 3338 5513 ἀνεχομένου
3388 5443 3491 5511 τῆς
3553 5441 3715 5509 φίλης
3770 5442 3871 5491 καὶ

2284 5538 2566 5608 συνήλικος
2597 5536 2885 5606 συνηθείας
2917 5534 3281 5605 ἀποσχέσθαι.
3314 5535 3409 5589 an
3448 5533 3559 5587 ἀπὸ
3586 5532 3867 5601 γενέσεως

2280 5631 2384 5694 ἐως
2421 5628 2853 5698 είκοσαετηρίδος
2891 5628 3186 5698 αὐτονομίᾳ
3208 5627 3585 5687 ἐννεάσαντος,
3628 5628 3722 5676 καὶ
3766 5641 3873 5689 γα-

2284 5723 2597 5792 στρίζεσθαι
2655 5721 3205 5790 παιδοτρι6ηθέντοτ,
3267 5721 3361 5773 καὶ
3440 5718 3633 5788 ἡδονὴν
3692 5720 3871 5786 μόνην

2286 5818 2659 5875 άσκὶ,σαντοςο
2698 5815 2789 5867 καὶ
2820 5815 2919 5866 οὐκ
2956 5816 3100 5866 ἔστιν
3136 5814 3313 5865 εἰπεῖν
3356 5813 3505 5872 ὃπως
3538 5808 3868 5863 ἀνθίσταται
