4224 6464
358 431 495 495 1357

1678 424 2154 491 PROSOPOPGEI
2170 428 2251 491 (Ε.

3454 416 3592 481 1358

350 569 443 620 μοι
493 548 797 623 κρατερῶς,
829 552 921 603 καὶ
964 551 1039 614 ὡς
1075 551 1383 621 καινοτὸμῳ
1432 564 1526 601 και
1560 552 1711 614 παρὰ
1762 548 1916 615 δίκην
1947 538 1990 592 Α
2022 536 2147 602 ρίας
2176 536 2275 587 οὐκ
2308 534 2461 600 ἀξιον
2494 534 2552 588 τδ
2582 532 2756 597 οὕτως
2805 531 3181 603 ἀγνωμονοῦν.
3220 538 3327 588 MV
3349 538 3595 601 ὕδριστι·

344 632 708 713 τυραννούσῃ,
742 643 834 695 καὶ
858 643 920 695 τδ
944 644 1159 713 χρόνιον
1195 642 1315 705 ἔθος
1344 646 1434 697 καὶ
1461 642 1553 696 τὸν
1583 644 1810 712 φυσικδν
1834 643 1919 695 νό-

353 751 452 802 μον
479 734 800 802 ἐπιτειχίζει
834 752 944 800 μοι,
977 737 1068 789 καὶ
1102 735 1317 805 μάλισθ’
1352 737 1433 789 ὅτι
1485 738 1578 789 καὶ
1608 737 1732 789 ἄλλο
1777 754 1918 805 συμ-

353 827 585 893 μαχικὸν
615 827 678 878 ἐκ
718 829 909 894 καινῆς
955 830 1447 896 προσεταιρίζεται,
1481 832 1541 883 τὸ
1594 835 1679 884 ἐπ’
1720 832 1918 895 ὀσφύος

350 921 446 971 καὶ
497 918 583 969 ἐπ’
612 918 857 986 ὀμφαλοῦ
895 922 1128 991 γαστρὸς
1177 924 1359 994 ἰσχύον
1392 927 1692 989 τηνικαῦτα
1726 927 1916 989 πάθος.

352 1007 450 1059 καὶ
475 1011 612 1078 πρός
638 1028 700 1077 γε
740 1011 799 1063 τὸ
847 1013 1272 1082 φιλοχρήματον,
1304 1017 1363 1069 τὸ
1397 1015 1699 1086 φιλότιμον.
1740 1020 1836 1073 καὶ
1869 1020 1924 1073 εί

348 1116 400 1150 τι
430 1103 642 1165 τούτοις
689 1106 885 1157 ὀπαδὸν
927 1107 1115 1177 ἓτερον
1146 1109 1283 1174 μετά
1327 1111 1542 1163 τοσοῦδε
1593 1114 1683 1165 καί
1712 1113 1917 1166 τοιοῦδε

352 1190 576 1259 στίφους
624 1195 936 1249 συνίσταται
988 1201 1080 1250 καὶ
1129 1201 1609 1266 ἀντιστρατεύεταί
1666 1222 1775 1269 μοι,
1827 1207 1921 1257 καὶ

350 1291 797 1355 καταστρατηγεῖ
847 1291 938 1341 καὶ
980 1290 1368 1361 αἰχμαλωτίζει
1426 1311 1491 1364 με
1521 1293 1596 1362 τῷ
1628 1297 1780 1365 νόμῳ
1821 1298 1921 1366 τῆς

350 1374 647 1442 ἁμαρτίας,
700 1380 793 1431 καὶ
848 1380 1024 1434 πείθει
1079 1384 1339 1450 πράττειν
1390 1390 1483 1439 καὶ
1543 1387 1919 1458 συμπράττειν

351 1465 523 1535 αὐτῷ,
545 1466 574 1518 δ
604 1468 677 1537 μὴ
715 1471 852 1525 θέλω
878 1474 1010 1539 μηδέ
1044 1473 1323 1544 βούλομαι.
1360 1477 1548 1542 Οὕτως
1577 1477 1716 1533 οἶδεν
1754 1484 1920 1552 ἄρχε·

352 1556 510 1609 σθαι·
542 1560 683 1614 οὕτω
716 1562 914 1631 νόμους
943 1565 1219 1632 ὑποταγῆς
1274 1570 1431 1640 τιμᾷ.
1468 1572 1757 1627 Ἐντευυεν
1793 1578 1919 1644 μὲν-

348 1665 433 1700 τοι
481 1655 806 1718 συνήνεγκεν
859 1656 947 1719 ἂν,
1000 1650 1045 1710 ὦ
1098 1660 1240 1726 φίλοι
1300 1661 1457 1729 Θεοῦ,
1524 1666 1597 1733 μὴ
1664 1669 1919 1735 ῥοπάλοις

350 1739 573 1793 κόπτειν
641 1744 975 1812 όνηλατικῶς
1030 1749 1091 1801 τὸ
1138 1752 1511 1820 γαυρούμενον
1573 1754 1714 1811 οὕτω
1766 1764 1918 1829 παρά

352 1830 513 1889 φύσιν
543 1834 636 1886 καὶ
673 1836 910 1905 σκιρτῶν
944 1839 1244 1903 ἀκάθεκτα,
1271 1844 1364 1896 καὶ
1396 1846 1590 1915 μηκέτι
1626 1852 1916 1918 κτηνωδῶς
1951 1867 1991 1920 Β

351 1918 686 1988 ὀγκώμενον,
737 1923 892 1978 ἀλλὰ.
926 1926 1205 1998 θηριωδῶς
1239 1932 1611 2005 βρυχώμενον,
1655 1940 1777 1995 οὔτε
1814 1943 1917 2013 μὴν

356 2013 574 2078 μάστιξι
636 2017 733 2070 καὶ
785 2022 1031 2089 πυγμαῖς
1082 2021 1415 2089 δεσποτικῶς
1470 2024 1815 2095 ὑπωπιάζειν
1859 2037 1919 2088 τὸ

351 2106 801 2175 ἐπανιστάμενον,
849 2113 941 2166 καὶ
971 2116 1247 2183 τυραννίδι
1278 2118 1557 2187 προδήλως
1604 2124 1920 2196 ἐπιτιθέμε-

350 2215 458 2261 νον,
494 2199 628 2253 ἀλλά
678 2202 882 2273 σιδήρῳ
930 2208 1197 2275 μετιέναι,
1245 2210 1273 2262 δ
1311 2228 1465 2277 φασι,
1489 2218 1584 2268 καὶ
1620 2220 1779 2288 πυρὶ,
1824 2224 1919 2275 καὶ

349 2288 611 2359 λαμπράν
664 2295 920 2362 καθάπαξ
948 2299 1183 2367 ἄρασθαι
1235 2305 1434 2374 μάχην,
1482 2309 1581 2363 καὶ
1615 2312 1780 2374 ὁμόσε
1814 2334 1921 2383 χω-

353 2380 599 2450 ρήσασαν
637 2387 714 2456 τῷ
747 2392 1009 2461 πολεμίῳ,
1044 2393 1075 2463 ἢ
1134 2395 1234 2464 ζῇν
1285 2398 1521 2463 εὐκλεῶς
1556 2380 1919 2474 παραστησα-

354 2474 521 2545 μένην
554 2478 766 2549 αὐτὺ,ή
801 2482 861 2534 τὸ
907 2483 1002 2536 τοῦ
1042 2488 1289 2552 γενναίου
1339 2489 1577 2559 Σαμψὼν
1633 2496 1830 2564 δρᾶσαί
1857 2516 1918 2559 τε

351 2566 447 2618 καὶ
495 2570 707 2635 παθεῖν,
744 2574 838 2625 καὶ
894 2576 1096 2631 σπᾶσαι
1127 2576 1271 2646 λέγω
1303 2581 1363 2634 τὸ
1400 2582 1643 2650 ὑϐρίζον,
1676 2589 1773 2641 καὶ
1824 2590 1916 2643 πίσ-

355 2671 543 2712 πτοντι
608 2664 897 2720 ἐπαπιέναι
956 2670 1272 2738 χαίρουσαν.
1322 2668 1428 2727 Ἷίν
1487 2676 1543 2728 δὲ
1591 2679 1697 2745 ἀρα
1753 2682 1920 2749 κάμοὶ

354 2752 666 2819 ουμπίπτον
687 2757 863 2809 ἐκεῖνο
889 2759 947 2811 τὸ
976 2761 1128 2829 παρά
1148 2763 1244 2830 τῆς
1276 2767 1574 2835 παροιμίας
1607 2770 1919 2839 σχετλιαζὸ-

358 2859 538 2905 μενον’
598 2844 665 2898 At
712 2848 791 2909 αῖ,
839 2850 897 2902 τδ
952 2851 1101 2918 δήτοι
1149 2852 1319 2909 δεινὸν
1370 2855 1679 2926 ἀνθρώποις
1729 2864 1916 2926 κακὸν,

349 2932 479 2984 ὅταν
528 2952 609 2997 τις
646 2936 759 3007 εἰδῇ
806 2940 1064 3007 τάγαθὸν,
1120 2944 1320 3014 χρῆται
1351 2945 1408 3001 δέ
1448 2951 1547 3017 μή.
1576 2952 1760 3005 Εἰδυῖα
1812 2958 1920 3024 γὰρ

348 3017 423 3081 ὡς
455 3024 517 3073 οὐ
577 3030 951 3091 μαστιγωτέον
1003 3032 1120 3084 ἐστὶ
1153 3035 1215 3086 τὸ
1271 3034 1444 3100 οὕτως
1502 3040 1747 3106 ἀπειθὲς,
1800 3017 1919 3098 ἀλλ’

352 3112 673 3181 ἐχθραντέον
706 3114 779 3179 ὡς
837 3120 1099 3192 πολεμίῳ,
1133 3126 1283 3193 ὅμως
1340 3128 1401 3182 οὐ
1449 3132 1668 3201 χρῶμαι
1698 3138 1918 3208 τάγαθῷ

2022 625 2133 688 κῶς
2190 642 2280 693 μοι
2331 626 2799 696 προσφερόμενον,
2849 627 2917 694 τῇ
2980 624 3155 687 οὕτως
3210 627 3453 680 ἐπιεικεῖ
3504 632 3593 689 καὶ

2022 718 2452 787 προσπασχούσῃ
2476 717 2723 779 ἐλεεινῶς
2741 716 3094 784 διακειμένῳ,
3126 718 3202 779 ὡς
3231 718 3351 769 οὐδὲ
3383 718 3595 784 σπλάγ-

2024 822 2171 874 χνοις
2206 806 2429 869 οἰκείοις
2463 809 2645 876 μήτηρ
2698 807 3006 873 φιλότεκνος
3029 823 3043 837 ⁸
3076 806 3190 859 ἀλλ’
3221 806 3365 859 οὕτω
3394 809 3492 875 μὲν
3532 810 3595 879 δὴ

2030 898 2526 972 μειρακιευόμενον
2574 898 3059 963 νεανισκευόμενόν
3102 914 3161 950 τε
3190 899 3281 950 καὶ
3315 898 3597 965 ἐξανδρού-

2027 1007 2206 1060 μενον,
2230 993 2290 1044 οὐ
2316 991 2644 1044 κατακούειν
2683 1008 2787 1059 μου
2839 991 3051 1055 πέφυκε
3075 1006 3087 1018 ·
3118 991 3401 1058 γηράσκον
3431 989 3486 1041 δὲ
3511 990 3597 1041 δε-

2022 1083 2135 1148 ξιόν
2180 1085 2296 1135 ἐστι
2350 1084 2445 1135 καὶ
2485 1082 2769 1148 εὐάγωγον
2826 1081 2962 1148 προς
3000 1081 3067 1132 τὰ
3102 1076 3291 1133 δέοντα
3326 1081 3593 1149 ὄργανονς

2022 1174 2193 1229 Πόθεν
2218 1190 2230 1239 ;
2260 1176 2287 1227 ὃ
2319 1192 2382 1241 γε
2413 1176 2523 1228 τῶν
2552 1174 2723 1227 τόνων
2756 1178 2850 1226 καὶ
2880 1174 3191 1240 συνδέσμων
3220 1176 3593 1241 παρειμένων,

2023 1270 2117 1321 καὶ
2168 1267 2265 1341 τοῦ
2319 1267 2563 1336 ἐμφύτου
2606 1265 2988 1334 ἀπεσϐηκότος
3045 1264 3273 1334 Θερμοῦ,
3334 1265 3597 1332 ἀκινησίᾳ

2026 1360 2382 1431 μαρασμὼδει
2433 1361 2759 1429 πεπέδηται,
2809 1359 2902 1412 καί
2962 1358 3278 1428 γερανδρύῳ
3312 1358 3598 1411 ἀνανθέντι

2023 1456 2332 1525 προσέοικε.
2384 1456 2536 1525 Ταχύ
2586 1454 2637 1522 γ’
2675 1455 2741 1507 ἂν
2777 1455 2837 1507 τὸ
2871 1453 3114 1506 τοιοῦτον
3175 1450 3393 1505 δύναιτο
3428 1468 3520 1501 σπι
3536 1469 3597 1501 υ-

2020 1546 2184 1600 δαίων
2225 1548 2667 1614 συνεφάπτεσθαι
2728 1546 3000 1614 πράξεων,
3051 1544 3160 1596 τῶν
3219 1545 3597 1612 ὐπανεχόντων

2022 1637 2117 1693 καί
2149 1640 2714 1710 γερονταγωγούντων
2750 1640 3027 1706 δεόμενον.
3069 1637 3331 1704 Ἥγάπων
3360 1637 3403 1688 δ’
3434 1634 3518 1696 ἂν,
3550 1636 3598 1685 εἰ

2026 1730 2098 1797 μὴ
2131 1730 2615 1798 προσανεμάττετό
2648 1747 2737 1797 μοι
2763 1730 2861 1789 τὰς
2891 1726 3088 1782 ἐαυτοῦ
3119 1729 3317 1796 κῆρπς,
3365 1730 3460 1778 καὶ
3488 1728 3596 1777 τῶν

2022 1817 2185 1874 αὐτοῦ
2239 1821 2624 1891 πρεσϐυτικῶν
2678 1821 2997 1890 ἀνεπίμπλα
3042 1821 3251 1881 κακῶν,
3282 1819 3374 1871 τοῦ
3411 1819 3597 1887 ληρεῖν

2022 1910 2183 1975 λέγω,
2219 1913 2315 1964 καὶ
2344 1912 2704 1979 παραπαίειν,
2741 1911 2838 1963 καὶ
2869 1912 3187 1983 ληθαργεῖν.
3220 1910 3388 1978 Εἴπερ
3416 1912 3521 1977 γάρ
3547 1927 3599 1960 τι

2022 2004 2219 2072 ἀληθὲς
2254 2004 2343 2056 τὸν
2376 2005 2503 2057 νοῦν
2530 2006 2815 2073 συγγηρᾷν
2846 2004 2922 2072 τῷ
2962 2001 3212 2070 Τιθωνῷ,
3245 2005 3337 2056 καὶ
3360 2003 3439 2066 δὶς
3470 2005 3597 2063 τοὺς

2021 2096 2285 2163 γέροντας
2341 2096 2537 2159 παῖδας
2588 2097 2859 2163 γίνεσθαι,
2920 2099 2977 2159 ἐς
3006 2096 3067 2149 τὸ
3100 2097 3389 2165 νηπιάζειν
3417 2097 3598 2150 τοίνυν

2020 2185 2111 2238 διά
2136 2185 2236 2253 τῆς
2269 2186 2519 2253 περιόδου
2554 2186 2663 2239 τῶν
2717 2186 2943 2257 ήλικιῶν
2988 2187 3459 2258 ἁνακάμπτομεν,
3501 2193 3599 2242 καὶ

2024 2281 2185 2351 σῶμα
2221 2280 2320 2347 μὲν
2346 2280 2446 2348 ὁρᾷ
2479 2279 2575 2331 κοιλ⁹
2605 2279 2795 2333 ἀκούει
2825 2278 3172 2349 ἀμϐλύτερον
3193 2298 3207 2311 ι
3242 2280 3377 2349 αὐτὴ
3407 2280 3451 2333 δ’
3485 2282 3597 2348 ἐγὼ

2022 2371 2301 2441 χρονικαῖς
2350 2369 2572 2438 λήμαις,
2603 2371 3036 2439 ἐπισκοτοῦμαι,
3102 2371 3198 2423 καὶ
3241 2372 3425 2423 οὐκέτι
3487 2372 3595 2441 ἔχω

2023 2440 2235 2513 ἐπαΐειν
2294 2461 2581 2531 ὀξύτερονο
2620 2464 2841 2515 κάκεῖνο
2900 2463 3020 2532 μὲν,
3055 2465 3103 2516 εἰ
3139 2466 3231 2516 καὶ
3278 2464 3387 2517 τῶν
3419 2440 3597 2517 ἀλλων

2021 2552 2463 2618 ἐπιλανθάνεται,
2530 2554 2625 2607 τοῦ
2683 2572 2748 2622 γε
2809 2555 2916 2624 μὴν
2963 2556 3262 2624 τρέφεσθαι
3321 2555 3594 2626 μέμνηται

2023 2644 2199 2708 ἐσαεὶ,
2220 2649 2312 2697 καὶ
2332 2643 2583 2714 γομφίων
2604 2645 2785 2697 οὐκέτι
2814 2648 2925 2707 τοῖς
2953 2648 3309 2714 φατνώμασιν
3338 2649 3592 2715 ἐμπεπη-

2024 2736 2219 2803 γότων,
2250 2736 2400 2804 ὅμως
2427 2737 2618 2806 ἀλήθει
2650 2737 2871 2804 γνάθοις
2904 2738 3133 2806 ἀμύλοις
3162 2740 3235 2801 ὡς
3280 2736 3390 2793 οἷόν
3418 2759 3498 2805 τε,
3525 2742 3592 2803 ἀς

2023 2828 2117 2880 καί
2155 2844 2236 2888 τις
2271 2828 2544 2898 παροιμία
2569 2829 2671 2881 ὅσα
2702 2830 2795 2881 καὶ
2848 2830 3153 2899 βακτηρίαν
3190 2831 3589 2899 ἀποχαρίζεται

2022 2918 2178 2988 ἀνδρὶ
2203 2919 2449 2989 γέροντιο
2509 2916 2619 2987 ἐγὼ
2672 2919 2729 2973 δέ
2776 2921 2962 2974 οὐκέτι
3005 2922 3241 2991 μαθήσει
3273 2922 3364 2976 καὶ
3399 2926 3590 2996 μνήμῃ

2022 3010 2306 3080 χρωμένη,
2336 3010 2461 3064 οὐτε
2494 3011 2600 3082 μὴν
2636 3011 3110 3081 ἀναπεμπάςουσα
3138 3017 3233 3076 τὰς
3255 3017 3590 3085 ἀναμνήσεις

2022 3102 2098 3167 ὡς
2136 3104 2361 3173 ἔμαθον,
2418 3106 2580 3173 μόνου
2615 3105 3076 3174 κατεμφοροῦμαι
3106 3107 3201 3158 τοῦ
3236 3108 3459 3177 ληθαίου
3490 3111 3590 3161 πό-

350 3206 549 3271 τουτῳῖ
610 3206 878 3278 λογισμῷ.
933 3192 1296 3285 Ἐκκρούομαι
1346 3192 1462 3289 γὰρ.
1489 3192 1647 3293 ’παρά
1709 3192 1917 3297 μυρίων
1943 3200 1988 3261 C
2025 3212 2193 3297 ματῗς
2219 3212 2234 3227 ’
2272 3197 2367 3297 καὶ
2421 3192 2565 3297 οἷῦτω
2611 3194 3287 3297 f?‘d?"°‘xb_d"“_‘°5‘¢“’
3318 3201 3454 3297 πρὸς

353 3297 563 3353 παθῶν.
623 3297 754 3353 Τίνα
791 3300 1005 3370 ταύτας
1053 3304 1115 3359 οὐ
1170 3309 1278 3378 γὰρ
1328 3311 1719 3385 ἀποκρύψομαι
1750 3318 1914 3386 ὑμᾶς.

354 3388 549 3449 Αἰδὼς,
584 3389 771 3456 φειδὼ,
809 3392 977 3457 ἔλεος,
1007 3396 1126 3460 δέος
1155 3396 1254 3453 οὐκ
1294 3399 1466 3468 ἀδεὲς,
1498 3402 1634 3460 ἀλλὰ
1684 3408 1916 3479 καίριον.

354 3477 620 3539 Αἰδοῦμαι
675 3483 749 3545 ὡς
779 3482 1089 3551 ὁμόδουλον,
1129 3489 1220 3541 καὶ
1264 3485 1340 3554 ὡς
1375 3490 1637 3566 σύνεργόν
1686 3477 1835 3562 ποτε,
1870 3496 1949 3557 εί

354 3570 448 3621 καί⁸
497 3570 570 3637 μὴ
606 3571 719 3637 νῦν,
766 3574 894 3636 ἴσως
942 3577 1217 3646 ἐσόμενον,
1260 3585 1353 3635 καὶ
1388 3581 1462 3646 ὡς
1512 3590 1919 3661 συντεθραμμέ-

353 3675 461 3719 νον,
494 3660 588 3711 καὶ
627 3661 780 3727 φίλον
811 3664 1027 3734 ἑταῖρον
1058 3668 1152 3720 καὶ
1192 3668 1355 3738 ἥλικα
1378 3687 1389 3700 ’
1422 3672 1673 3743 φείδομαι
1710 3660 1791 3739 ὡς
1813 3660 1919 3732 δει-

350 3748 502 3799 λαίου
528 3750 623 3801 καὶ
647 3751 911 3819 δυστήνου
944 3753 1039 3806 καὶ
1067 3754 1332 3822 τλήμονος
1351 3775 1364 3788 ⁸
1394 3760 1486 3813 καί
1522 3780 1608 3828 μοι
1639 3762 1809 3826 δεινός
1835 3784 1917 3827 τις

350 3837 496 3900 ἔλεος
532 3837 738 3902 ὕπεισι,
787 3844 880 3895 καὶ
915 3843 1011 3896 οὐκ
1049 3841 1147 3897 οἶδ’
1175 3846 1322 3909 ὅπως
1374 3852 1710 3919 συνανιῶμαι
1738 3854 1918 3917 πιεξοε-

352 3931 518 3998 μένῳ,
549 3932 642 3985 καὶ
664 3931 966 4003 θλιδομένῳ
991 3935 1383 4007 συνοδυνῶμαι,
1405 3942 1499 3994 καὶ
1527 3942 1776 4008 ἀλγοῦντι
1798 3933 1918 3998 συν-

346 4019 541 4089 έχομαι
570 4039 584 4054 ο
615 4019 697 4074 ἔτι
729 4024 1069 4094 φυλάττομαι
1105 4028 1179 4097 μὴ
1217 4029 1339 4091 ταῖς
1398 4034 1705 4086 κακώσεσιν
1748 4038 1917 4090 ἐκκα-

352 4116 527 4182 κῆσαν
584 4116 737 4169 λάθοι
786 4116 970 4181 πεσδν,
1023 4122 1117 4173 καὶ
1162 4123 1552 4193 προστρίψαιτό
1606 4144 1697 4197 μοι
1740 4132 1919 4183 αἰτίαν

350 4209 705 4278 αὐτοχείρων,
743 4209 775 4279 ἢ
813 4211 1049 4280 δεσμίων
1093 4214 1487 4284 διορυσσόντων
1528 4222 1790 4291 φρουρὰν,
1825 4224 1919 4277 καὶ

347 4298 878 4381 ἀποδιδρασκόντων,
902 4303 934 4373 ἢ
959 4305 1293 4375 θεράποντας
1314 4308 1477 4371 ἰδίους
1498 4309 1918 4381 διαφθειρόντων

347 4386 600 4454 ἐτασμῶν
630 4389 721 4440 καὶ
755 4390 1001 4458 βασάνων
1037 4395 1373 4450 ἐπιτάσεσιν.
1410 4399 1559 4466 Ὀσῳ
1594 4402 1700 4471 γὰρ
1740 4404 1914 4472 θρασύ

345 4478 439 4530 καὶ
468 4480 657 4548 ἰταμόν
692 4483 860 4547 ἐστιν,
892 4484 981 4537 ὅτε
1008 4487 1103 4539 καὶ
1142 4487 1343 4556 μᾶλλον
1371 4491 1651 4561 εὐτραφεῖ,
1678 4496 1917 4568 τοσούτῳ
1939 4524 1996 4585 D

344 4570 499 4638 παρὰ
528 4571 626 4639 τῆς
670 4575 1083 4647 προστυχούσης
1115 4578 1448 4647 τληπαθείας
1500 4588 1915 4658 καταρασσόμε-

344 4676 435 4714 νον
459 4661 891 4740 τέθνηκεν..οὐχ
910 4666 1059 4729 ὅπως
1082 4666 1192 4737 γὰρ
1218 4669 1430 4730 νοσοῦν.
1452 4672 1586 4726 ἀλλά
1612 4676 1704 4726 καὶ
1734 4677 1919 4745 ῥιγοῦν

343 4753 439 4804 καὶ
496 4750 833 4825 ἀγρυπνοῦν,
884 4755 1155 4825 ήπεινῶν
1207 4759 1299 4812 καὶ
1341 4760 1532 4829 διψῶν,
1597 4761 1919 4833 ριπτάζεται

346 4843 490 4894 κατὰ
521 4840 623 4908 γῆς
650 4844 917 4910 ἐκλεῖπον,
957 4847 1049 4898 καὶ
1078 4848 1229 4917 παρὰ
1256 4848 1535 4917 δυσμενῶν
1566 4854 1725 4909 ἕλκον
1750 4856 1915 4911 ἐλεον⁴

351 4933 426 5005 μὴ
455 4936 536 4989 ὅτι
558 4949 621 5003 γε
648 4936 747 5006 τῆς
780 4939 911 5009 παρ’
936 4937 1070 5007 ἐμοῦ
1100 4941 1647 5010 κοινωνοῦγενέσεως
1674 4950 1765 5001 καὶ
1794 4950 1921 5019 βιώο

349 5039 509 5087 σεως,
564 5024 652 5078 ναὶ
682 5028 791 5096 μὴν
846 5028 942 5081 καὶ
988 5024 1407 5099 παλιγγενεσίας
1454 5035 1549 5087 καὶ
1608 5037 1919 5108 παλιμδιὼ·

347 5130 488 5175 σεως

419 5204 686 5271 Τάλαινα,
717 5207 770 5260 τί
795 5208 952 5263 πάθω
978 5209 1010 5281 ἢ
1041 5209 1243 5283 δράσω,
1269 5212 1459 5285 τοιῷδε
1481 5219 1717 5289 συνοίκῳ
1755 5220 1919 5274 πολυα-

351 5297 514 5349 παθεῖ
561 5297 883 5363 συζυγεῖσα,
938 5304 1032 5356 καὶ
1082 5306 1195 5369 τοῖς
1246 5307 1411 5361 αὐτοῦ
1475 5311 1919 5384 συνδιατιθεμένη

306 5388 612 5456 οπάθεσινς
669 5384 714 5459 ᾦ
770 5393 1285 5467 παιδοτροφουμένῳ
1335 5399 1430 5453 ἐπὶ
1482 5401 1575 5454 τδν
1605 5403 1767 5456 αὐτὸν
1818 5401 1919 5473 τῆς

347 5482 567 5546 ἀγνοίας
602 5486 967 5556 κατασπῶμαι
1000 5488 1178 5557 βυθὸν,
1215 5492 1307 5544 καὶ
1355 5494 1656 5562 σφριγῶντι
1691 5495 1825 5567 πρὸς
1852 5497 1920 5550 τὰ

351 5571 653 5643 ἐφύϐριστα
707 5578 1135 5650 συνεκφέρομαι,
1186 5582 1278 5636 καὶ
1328 5585 1643 5656 χαλεπαίνω
1688 5587 1789 5656 μέν
1831 5586 1919 5640 εὐ-

353 5663 721 5730 σωματοῦντι,
762 5669 857 5720 καὶ
1060 5670 1095 5725 δ.
1120 5645 1200 5743 ⁷μὴ
1244 5645 1401 5743 θέμις
1432 5645 1760 5744 ἀρτέάζοντι·
1789 5676 1919 5749 τλη-

356 5754 617 5809 παθοῦντι
668 5758 724 5811 δέ
780 5760 961 5827 πάλιν,
1020 5765 1418 5836 κατακλωμένη
1477 5768 1916 5839 ἐπικάμπτομαι,

350 5844 443 5897 καὶ
479 5847 803 5913 προσϐλέπω
849 5852 1078 5917 ἥμερον.
1128 5854 1297 5917 Ποίας
1340 5854 1516 5922 δίκης,
1559 5857 1702 5923 τίνος
1746 5875 1925 5925 τιμω-

2020 3290 2286 3361 νηπίαχον
2333 3290 2565 3345 ἀνωθεν.
2611 3286 2676 3344 Εἰ
2732 3290 2837 3362 γὰρ
2890 3291 2986 3344 καὶ
3018 3291 3279 3359 κράσεσιν
3314 3296 3588 3356 ἐναντίαις

2021 3380 2357 3433 πεποίωνται
2380 3380 2436 3433 οῖ
2460 3394 2519 3433 τε
2548 3381 2761 3445 παῖδες,
2794 3382 2891 3434 καὶ
2919 3382 2969 3433 οἰ
3015 3383 3472 3452 ἐηατογέροντες
3501 3402 3514 3416 ·
3541 3389 3591 3441 οἱ

2023 3473 2124 3541 μὲν
2156 3472 2261 3542 γὰρ
2290 3473 2568 3542 ὐγροίοκαὶ
2592 3473 2784 3544 θερμοί
2815 3516 2831 3537 ,
2863 3474 2913 3527 οἰ
2946 3475 3003 3528 δὲ
3036 3474 3193 3545 ξηροί
3221 3480 3315 3531 καὶ
3350 3478 3548 3548 ψυχροί
3575 3498 3590 3511 ·

2020 3564 2157 3617 ἀλλά
2206 3564 2301 3617 καὶ
2335 3564 2429 3617 ὐπ’
2462 3560 2790 3635 ἀμφοτέρων
2819 3569 2880 3617 τὸ
2905 3566 3126 3636 φρονεῖν
3158 3573 3588 3640 περικόπτομαι.

2020 3654 2185 3707 Ταῦτ’
2230 3656 2356 3724 ἄρα,
2389 3657 2476 3708 ὅτε
2509 3657 2605 3724 μέν
2632 3658 2689 3710 τὸ
2734 3659 2890 3727 σῶμα
2924 3660 2982 3712 τὸ
3012 3661 3263 3713 παιδικὸν
3293 3664 3397 3716 ὐπδ
3426 3664 3589 3735 βρεχ-

2024 3746 2109 3817 μῷ
2166 3747 2425 3818 πλαδαρῷ
2452 3750 2625 3819 ὐδαρῆ
2651 3754 2808 3820 φορεῖ
2834 3753 2924 3803 τὸν
2953 3754 3274 3821 ἐγκέφαλον,
3292 3756 3367 3819 ὡς
3399 3760 3593 3827 νήπιον

2020 3840 2276 3905 ἀξύνετον
2318 3841 2535 3911 φρονῶ·
2584 3843 2674 3894 ὅτε
2731 3843 2870 3895 δὲτὸ
2922 3843 3294 3912 πρεσὸυτικδν
3325 3849 3589 3920 ὑπανέχει

2020 3935 2261 4001 κρανίον,
2299 3932 2468 4002 μηδὲν
2502 3933 2795 4001 ἀσταφίδος
2827 3935 2887 3986 τὸ
2940 3936 3040 4002 τῆς
3074 3938 3375 4006 παροιμίας
3401 3942 3593 3994 ἀπεοι-

2020 4022 2135 4086 κὸς,
2165 4023 2238 4085 ὡς
2266 4024 2458 4093 νήπιον
2480 4020 2636 4085 αὖθις
2665 4024 2977 4093 λογίζομαι.
3011 4027 3194 4079 Δειναί
3211 4027 3320 4098 γάρ
3352 4032 3594 4102 αἰύπερ-

2021 4113 2173 4166 ϐολαὶ
2230 4114 2340 4167 τῶν
2381 4115 2703 4183 ποιοτήτων,
2759 4114 2854 4167 καὶ
2890 4116 3158 4184 σωμάτων
3194 4119 3290 4187 μὲν
3317 4121 3478 4188 φύσιν
3505 4124 3596 4175 λυ-

2024 4206 2319 4274 μήνασθαι,
2352 4206 2447 4275 οὐχ
2482 4205 2685 4275 ἥκιστα
2712 4206 2768 4258 δὲ
2806 4207 2901 4259 καὶ
2935 4209 2994 4258 τὸ
3024 4209 3270 4279 ἐμαυτῆς
3305 4211 3593 4281 λογιζόμε-

2020 4312 2128 4350 νον.
2168 4292 2276 4348 Ἒῶ
2328 4295 2649 4362 καταλέγειν
2697 4295 2794 4351 καίι
2835 4296 3026 4362 τᾶλλα,
3056 4299 3156 4351 ὅσα
3192 4304 3314 4363 ταῖς
3351 4304 3632 4371 ήλικίαιςξ

2020 4388 2269 4452 ταύταις,
2322 4390 2387 4457 τῇ
2423 4388 2615 4459 πρώτῃ
2646 4387 2789 4455 λέγω
2824 4391 2917 4441 καὶ
2968 4391 3034 4459 τῇ
3069 4392 3293 4464 ἐσχάτῃ,
3331 4395 3590 4465 ἀδελφαῖς

2021 4481 2349 4552 παρέπεται,
2371 4482 2433 4533 τὸ
2459 4485 2931 4553 περιττωματικόν
2953 4500 3097 4556 φημι
3127 4488 3238 4539 τῶν
3264 4490 3587 4559 ἐκκρίσεων,

2022 4571 2119 4643 τὴν
2143 4572 2371 4641 ψίλωσιν
2394 4574 2503 4625 τῶν
2540 4574 2802 4645 κρανίων,
2830 4576 2890 4627 τὸ
2925 4577 3034 4630 τῶν
3068 4580 3355 4648 στομάτων
3385 4585 3591 4637 συελῶ-

2020 4660 2107 4725 δες
2147 4663 2243 4717 καὶ
2271 4662 2654 4729 ἀνοδόντωτον,
2686 4666 2755 4718 τὰ
2790 4665 3080 4739 δακρυὼδη
3104 4671 3202 4723 καὶ
3232 4673 3375 4741 ὑγρὰ
3408 4674 3593 4745 ὄμμα-

2021 4760 2110 4811 τα,
2145 4750 2333 4803 αἰτῶν
2369 4754 2667 4823 μυκτήρων
2719 4755 2973 4825 κόρυζαι,
3015 4761 3112 4812 καὶ
3145 4762 3325 4826 πόδες,
3352 4764 3461 4818 τῶν
3494 4767 3594 4834 μέν

2026 4838 2270 4907 μηδέπω,
2294 4842 2404 4895 τῶν
2433 4843 2488 4896 δέ
2520 4846 2719 4914 μηκέτι
2745 4845 3049 4915 βαδιστικοί
3071 4866 3087 4882 ο
3118 4851 3153 4922 ή
3180 4869 3238 4905 τε
3272 4856 3383 4910 τῶν
3414 4858 3593 4927 μελῶν

2021 4934 2266 5001 τρομερὰ
2298 4934 2557 4994 ἀστασία,
2584 4936 2674 4987 καὶ
2704 4936 2798 4989 τοῦ
2836 4939 3038 5001 παντὸς
3079 4941 3333 5012 σώματος
3360 4948 3593 5016 κράδαν-

2025 5032 2126 5082 σις.
2165 5022 2323 5075 Ἀλλὰ
2357 5025 2517 5094 μέχρι
2547 5024 2691 5090 τινος
2724 5026 3088 5100 φιλονεικήσω
3119 5037 3285 5089 πᾶσιν
3315 5040 3592 5105 ἐπεξιέναι

2021 5117 2134 5175 τοῖς
2167 5114 2262 5167 τοῦ
2304 5116 2558 5186 σώματος
2591 5119 2812 5190 λυγροῖς
2842 5123 3155 5195 παθήμασι,
3187 5127 3256 5181 δι’
3276 5125 3371 5195 ὧν,
3396 5134 3427 5203 ἢ
3455 5137 3590 5203 πρὸς

2020 5204 2080 5256 τὸ
2114 5209 2397 5274 συναλγεῖν
2454 5210 2759 5263 ἐπισπᾶταί
2807 5229 2875 5281 με
2910 5214 3217 5285 δυστυχῶς,
3272 5219 3305 5289 ἢ
3368 5224 3503 5291 πρὸς
3530 5226 3589 5277 τὸ

2024 5299 2342 5368 συνήδεσθαι
2399 5303 2736 5369 συναρπάζει
2780 5318 2849 5372 με
2881 5306 3343 5379 δυστυχέστερον;
3382 5315 3588 5368 Οὐκοῦν

2021 5391 2131 5444 τῶν
2180 5393 2393 5446 πολλῶν
2451 5396 2718 5468 ἀφεμένη,
2781 5400 3216 5471 πα’ραδραμοῦσα
3269 5404 3324 5457 δέ
3379 5412 3472 5460 καὶ
3523 5410 3587 5462 τὸ

2024 5486 2205 5555 σμήνη
2233 5485 2339 5538 τῶν
2369 5488 2696 5556 νοσημάτων
2726 5488 2815 5558 ὑφ’
2854 5483 2929 5543 ὦν
2964 5486 3059 5548 καὶ
3093 5493 3440 5568 θαλπομένῳ,
3498 5506 3586 5558 καὶ

2025 5578 2288 5648 ῥιγοῦντι,
2319 5580 2411 5631 καὶ
2438 5580 2849 5653 στρεϐλουμένῳ
2870 5583 2939 5636 τὰ
2959 5584 3159 5656 ἄρθρα,
3177 5591 3274 5641 καὶ
3305 5592 3585 5647 συνελόντα

2024 5671 2211 5737 φάναι,
2248 5670 2434 5733 κακῶς
2455 5671 2811 5743 διακειμένῳ,
2865 5677 3368 5749 συμῆασανίξομαι,
3394 5685 3579 5737 ἀναιιε-

2025 5762 2409 5833 φαλαιώσομαι
2466 5755 2540 5817 ὧν
2601 5765 2893 5836 ἀδικοῦμαι
2952 5768 3021 5823 τὰ
3054 5773 3586 5846 σχιτλιὼτερα.Ἀπν

2023 5853 2203 5918 έδειξα
2226 5856 2373 5919 ὅπως
2398 5858 2519 5922 ταῖς
2541 5863 2801 5927 φυσικαῖς
2823 5880 2895 5915 πα
2906 5864 3244 5932 ρακέχρηται
3272 5867 3585 5934 δυνάμεσιν,
