4224 6464
642 392 775 455 1259

1935 392 2310 451 GHEGORH
2378 392 2693 451 l’ALASLE

3751 385 3887 452 1360

637 524 716 582 εἰς
768 517 1082 586 ἐςάμαρτον
1138 514 1460 584 πλησμονὴν
1517 515 1607 565 καὶ
1638 515 1852 582 τρυςρὴν
1876 530 1889 545 ο
1928 516 2023 568 καὶ
2053 514 2203 573 ὅπως
2224 520 2276 577 ¹Α
2308 514 2404 581 τῆς
2437 510 2625 580 ὥσπερ
2645 512 2701 562 ἐν
2728 508 2944 577 θεάτρῳ
2963 507 3134 578 κώμῳ
3153 507 3370 576 δούσης,
3394 510 3492 562 οὐκ
3522 510 3577 561 ἐν
3612 510 3872 582 δικαστη-

638 612 763 680 ἐμο“ι
797 609 1116 679 πειρωμένη
1152 606 1561 676 ἐπιτροπεύειν,
1588 607 1682 657 καὶ
1727 604 1861 676 πρὸς
1888 606 1947 657 τὸ
1991 623 2201 676 σωφρο-

645 703 898 769 νέστερον
946 699 1270 767 ἀνακρούειν
1320 696 1701 761 ἐπανίσταται,
1728 698 1820 750 καὶ
1859 697 2201 760 ἀνθίσταται,

638 798 697 845 τὸ
716 795 1012 861 αὐτόνομον
1037 794 1157 855 ἔθος
1184 792 1258 852 ὡς
1280 792 1444 861 νόμον
1462 790 1716 859 ἀκίνητον
1735 789 2201 859 προϐαλλόμενον,

636 885 726 941 οἷά
748 906 830 950 τις
864 889 1178 955 ἀδάμαστος
1212 887 1430 954 μόσχος,
1487 884 1753 951 ἀτιμάζον
1791 883 1884 935 τὸν
1913 882 2077 949 ζυγὸν
2106 882 2202 949 τῆς

637 981 905 1044 δουλείας,
934 980 1029 1032 καὶ
1061 979 1222 1030 πνέον
1252 977 1435 1047 ὓϐριν,
1463 977 1559 1029 καὶ
1586 976 1855 1044 ταυρηδὸν
1891 972 2204 1040 ἐξοιστρού-

643 1088 801 1138 μενον
826 1087 837 1099 ·
870 1069 931 1121 τὸ
965 1068 1284 1138 δεινότερον,
1337 1068 1418 1119 ὅτι
1453 1068 1578 1129 τοὺς
1623 1065 1941 1135 πεπηγότας
1987 1064 2204 1133 φύσεως

636 1166 797 1233 ὅρους
852 1160 1165 1231 ύπερπηδᾷ.
1231 1159 1579 1227 Τεταγμένον
1630 1158 1739 1227 γὰρ
1799 1157 2030 1225 ἄγεσθαι
2063 1157 2203 1225 πρδς

640 1254 796 1323 ἐμοῦ,
833 1254 868 1307 ἃ.
888 1272 949 1305 τε
978 1253 1205 1320 λογικῆς
1236 1252 1327 1304 καὶ
1356 1250 1859 1320 ἡγεμονικωτέρας,
1905 1247 2037 1313 αὐτὸ
2069 1246 2205 1313 μᾶλ-

638 1351 729 1402 λον
752 1348 1049 1417 φιλονεικεῖ
1079 1339 1272 1416 άρχείν
1296 1346 1454 1414 ἐμοῦ,
1484 1346 1718 1399 ἐκοῦσάν
1754 1362 1811 1398 τε
1836 1344 1931 1397 καὶ
1962 1346 2204 1398 ἄκουσαν

639 1436 976 1490 ἐπισπᾶσθαι
1005 1435 1139 1505 πρὸς
1169 1435 1231 1487 τὸ
1284 1433 1696 1500 συνεκπορίζειν
1729 1432 1798 1486 τά
1844 1433 1968 1485 καθ’
2011 1431 2205 1501 ἡδονὴν

638 1531 809 1598 αὐτῷ,
874 1530 969 1582 καὶ
1035 1530 1486 1596 συνασχημονεῖν,
1526 1528 1717 1595 ῶσπερ
1768 1527 1876 1578 τινὶ
1933 1526 2080 1593 χειρὶ
2128 1523 2206 1575 δι-

639 1623 848 1691 πὰλτῳ,
882 1621 1230 1691 αίχμαλωσίᾳ
1262 1619 1548 1687 βιαιοτάτῃ
1594 1619 1688 1670 καὶ
1718 1618 1943 1687 γοητείᾳ
1970 1616 2205 1669 πιθανω-

638 1718 775 1787 τάτῃ
807 1714 1235 1782 ἀπειργομένην.
1274 1709 1749 1779 Παρετραγῲδησα
1771 1710 1867 1762 καὶ
1901 1710 2000 1761 ὅσα
2032 1724 2199 1777 προσ·

638 1807 985 1878 επιτρίϐεταί
1015 1823 1106 1875 μοι
1140 1803 1373 1872 ἐπαχθῆ,
1403 1803 1459 1855 ἔν
1488 1819 1546 1855 τε
1576 1805 1641 1871 τῇ
1666 1801 1928 1871 νηπιώδει
1953 1802 2047 1854 καὶ
2071 1818 2201 1869 πρε-

2308 606 2406 675 ρίῳ
2438 603 2871 672 κατηγορούσης,
2900 600 3174 668 ἠκούσατε
3200 601 3393 669 δήπου,
3422 600 3689 654 θειότατοι
3722 602 3871 655 δικα-

2305 698 2447 750 σταί.
2501 696 2715 765 ’Λφέτῳ
2750 697 2861 763 γάρ
2910 694 3147 763 γλώττῃ.
3200 695 3284 746 ῖνα
3321 693 3394 762 μὴ
3432 694 3597 746 πλέον
3620 711 3670 745 τι
3705 694 3871 759 λέγω,

2303 792 2650 859 ἀταμιεύτως
2703 791 2993 858 ἐχρῆσατο,
3036 788 3147 840 οὐδ’
3202 787 3277 850 ὡς
3331 788 3622 855 ὁμοδούλου
3652 787 3871 857 γοῦν.ἢ

2302 884 2377 945 ὡς
2406 883 2544 949 αστή
2581 898 2737 950 φησι,
2775 880 3043 947 συζυγοῦς
3073 879 3390 949 φειδομένη,
3420 880 3496 942 ὡς
3516 880 3570 931 δὲ
3618 883 3875 950 ἀργυρω-

2302 978 2447 1046 νήτῳ
2500 973 2820 1042 ἀνδραπόδῳ
2875 973 3319 1041 προσφερομένη,
3375 974 3468 1024 καὶ
3500 973 3725 1039 μονονού
3781 976 3877 1023 καὶ

2303 1067 2591 1128 κονδύλους
2611 1068 2837 1133 συχνοὺς
2865 1064 3283 1130 ἐπεντρίϐουσα·
3306 1064 3416 1131 ἐγὼ
3444 1066 3521 1129 δὲ,
3556 1065 3678 1117 ἐπεὶ
3706 1067 3872 1127 κάμοὶ

2301 1160 2481 1226 λέγειν
2521 1159 2739 1226 ἐφίησιν
2792 1159 2824 1222 ἠ
2866 1157 3018 1226 ὑμῶν
3052 1159 3343 1221 ἐπιείκεια,
3376 1158 3619 1227 φλαῦρον
3657 1159 3757 1227 μέν
3787 1163 3877 1211 0:2-

2302 1252 2392 1306 δέν
2422 1252 2551 1319 ἐρῶ’
2579 1252 2851 1321 εὐφημεῖν
2873 1252 2981 1320 γὰρ
3001 1252 3213 1320 ἀνάγκη
3236 1268 3249 1279 ·
3279 1250 3315 1304 ἃ
3334 1251 3390 1303 δὲ
3415 1254 3650 1319 συνείρει
3675 1255 3841 1319 ἐγκλή
3859 1285 3870 1291 -

2307 1352 2453 1414 ματα
2483 1344 2605 1396 κατ’
2649 1342 2800 1410 ἐμοῦ,
2860 1342 3014 1395 ταῦθ’
3042 1343 3116 1405 ὡς
3166 1344 3232 1396 ἂν
3269 1342 3381 1398 οἷον
3412 1362 3472 1398 τε
3509 1342 3574 1407 ὦ,
3620 1346 3871 1399 διαλύσα-

2306 1434 2431 1487 σθαι
2484 1433 2844 1504 πειράσομαι.
2883 1433 3064 1499 ’Δπαξ
3098 1434 3156 1486 δέ
3204 1452 3295 1503 μοι
3323 1436 3381 1489 ἐν
3432 1454 3493 1505 γε
3520 1440 3598 1506 τῷ
3644 1441 3874 1508 παρόντι

2302 1524 2552 1593 δοθείσης
2605 1524 2909 1595 ίσηγορίας,
2956 1526 3223 1594 δεήσομαι
3287 1527 3463 1597 ὑμῶν,
3520 1529 3880 1598 διαπραῢνειν

2302 1617 2404 1685 τὴν
2453 1617 2592 1685 ἐμὴν
2630 1616 2941 1683 δέσποιναν,
2995 1618 3050 1671 ετ
3095 1636 3156 1687 γε
3201 1620 3585 1687 ἀναξιοπαθεῖν
3629 1624 3875 1690 οἶηαένη,

2305 1710 2440 1776 πρὸς
2475 1710 2645 1779 ὀργὴν
2674 1710 2861 1764 ἀκούει
2897 1712 3005 1764 τῶν
3038 1712 3373 1780 λεγομένων,
3407 1716 3493 1766 καὶ
3523 1713 3679 1783 ῦϐριν
3708 1716 3879 1779 ἄλλτν

2308 1808 2401 1857 καὶ
2434 1804 2593 1856 τοῦτο
2620 1802 2852 1871 νομίζει,
2893 1806 2952 1858 τὸ
2973 1804 3437 1874 ἀντιφθέγγεσθαί
3462 1808 3511 1859 οί
3544 1809 3749 1878 τολμᾷν
3776 1811 3877 1876 ἐμὲ

641 1875 869 1966 σϐυτικῇ
924 1896 1131 1965 ἡλικίᾳ,
1188 1894 1237 1945 εί
1284 1895 1376 1946 καὶ
1423 1893 1586 1960 φύσει
1612 1892 1942 1961 ἀνέγκλητα,
1974 1891 2108 1944 ἀλλά
2134 1892 2203 1943 τὰ
2237 1875 2274 1927 Β
2302 1896 2400 1965 τὴν
2436 1898 2607 1965 ἀρχήν
2631 1913 2644 1926 ·
2674 1897 2987 1965 ἀναμνῆσαί
3028 1914 3087 1949 τε
3117 1897 3285 1962 ὅπω·,
3331 1898 3455 1951 οὔτε
3500 1902 3528 1953 ό
3571 1875 3715 1964 θεῖος
3756 1875 3880 1954 Ἰὼϐ

638 1987 1069 2057 κακοδαιμονίαν
1103 1986 1471 2039 ἐπιτείνοντα.
1536 1985 1626 2044 Ὠς
1660 1985 1770 2054 γὰρ
1795 1984 1895 2036 οὐκ
1917 1983 2201 2052 ἀποχρών-

638 2101 747 2135 των
776 2082 884 2135 τῶν
903 2082 961 2133 ἐν
993 2079 1318 2151 ἁκμαζούσῃ
1347 2078 1441 2130 καὶ
1471 2076 1749 2145 σφυζούσῃ
1772 2076 1903 2144 πρὸς
1934 2077 2003 2128 τὰ
2028 2075 2204 2144 αἴσχι-

641 2193 740 2227 στα
778 2174 986 2238 κακῶν,
1016 2172 1110 2224 καὶ
1143 2170 1199 2223 αί
1229 2171 1359 2239 παρ’
1393 2168 1628 2238 ἑκάτερα
1652 2167 1857 2234 ταύτης
1900 2166 1999 2229 τάς
2030 2182 2196 2218 κακο-

639 2269 880 2336 πραγίας
937 2265 1143 2317 ἐαυτῶν
1203 2262 1654 2329 συνεισφέρουσιο
1709 2260 1801 2311 καὶ
1852 2257 1937 2311 διά
1984 2258 2202 2311 πάντων

639 2358 835 2430 ἡλίκην
857 2357 950 2409 καὶ
973 2357 1104 2424 ὅσην
1130 2354 1452 2424 ἐφύϐριστον
1477 2352 1734 2404 ἐπαντλεῖ
1753 2367 1841 2420 μοι
1867 2350 2203 2418 τληπάθειαν

640 2452 701 2505 τὸ
729 2451 968 2523 χρηστὸν
1018 2450 1168 2501 τουτὶ
1223 2446 1403 2515 σῶμα,
1461 2446 1699 2513 μετρίως
1732 2442 2048 2513 παρέδειξα.
2085 2444 2202 2496 Ἰνα

640 2544 772 2613 γοῦν
801 2542 1003 2613 μηκέτι
1033 2540 1273 2611 αἰσχρῶς
1305 2540 1477 2602 οῦτως
1520 2542 1551 2607 ἠ
1578 2539 1743 2590 εἰκὼν
1774 2537 1867 2589 τοῦ
1915 2537 2053 2589 Θεοῦ
2078 2539 2199 2590 ἀτι-

644 2638 868 2706 μάζοιτο
902 2638 969 2707 τῇ
1003 2635 1204 2704 πηλίνῃ
1236 2634 1490 2701 συζυγία,
1522 2633 1615 2683 καὶ
1665 2633 1700 2701 ἠ
1729 2631 1896 2699 κυρία
1927 2630 2076 2701 παρά
2105 2629 2200 2683 τοῦ

641 2732 749 2783 ὐπὸ
805 2731 966 2797 χεῖρα
1009 2726 1349 2797 τυραννοῖτο,
1393 2724 1654 2792 ὑμέτερόν
1708 2726 1823 2773 ἐστι
1886 2723 1980 2773 καὶ
2018 2719 2203 2773 λοιπδν

638 2820 737 2887 τὴν
768 2818 947 2886 ψῆφον
979 2816 1317 2881 ἐπενεγκεῖν,
1368 2814 1461 2864 καὶ
1496 2812 1595 2880 τὴν
1649 2812 2028 2878 ἁρμόττουσαν
2082 2813 2203 2863 ἐπι-

640 2913 811 2964 θεῖναι
860 2909 938 2977 τῷ
983 2907 1257 2977 ὑϐρίζοντι
1313 2904 1508 2974 δίκην,
1563 2905 1655 2956 καὶ
1714 2902 1787 2971 μὴ
1843 2904 2047 2967 ἐφεῖναι
2091 2902 2203 2954 ἀδι-

640 3004 755 3054 κεῖν
785 3016 851 3069 με
897 2999 1198 3051 εἰσέπειτα.
1242 2997 1304 3049 Εἰ
1359 2995 1469 3063 γὰρ
1521 2997 1548 3047 ὁ
1597 2996 1654 3045 ἐν
1680 2994 2026 3061 Εὑαγγε).ίοις
2052 2994 2201 3045 ἐκεῖ-

639 3110 727 3155 νος
758 3089 970 3161 κριτὴς,
1026 3090 1163 3158 μήτε
1218 3087 1287 3139 τὰ
1352 3086 1487 3156 πρὸς
1547 3087 1679 3138 θεὸν
1713 3083 2001 3153 περιδεὴς,
2062 3084 2199 3153 μήτε

638 3186 707 3238 τά
772 3164 925 3252 ⁴’πρὸς
998 3178 1315 3249 ἀνθρώπους
1380 3178 1666 3247 αἰδήμων,
1736 3178 2013 3246 ἐκδίκησιν
2102 3193 2200 3229 πε-

640 3276 858 3345 ποίηκε,
921 3271 1104 3341 πολλῷ
1152 3271 1355 3337 μᾶλλον
1387 3271 1548 3338 ὑμεῖς
1604 3268 1758 3338 ἐμοῦ,
1789 3270 1839 3321 οί
1870 3269 1965 3320 καὶ
1986 3266 2052 3321 τά
2083 3269 2199 3321 θεῖα

638 3364 908 3424 δσιοι.καὶ
935 3364 1183 3424 εὐλαϐεῖς
1211 3364 1281 3414 τά
1306 3360 1647 3432 ἀνθρώπινα.
1680 3358 1763 3428 Μὴ
1791 3359 1899 3426 γάρ
1928 3357 2200 3421 ἀξιούσθω

641 3456 877 3524 φειδοῦς,
912 3458 959 3507 εἰ
984 3454 1120 3522 πρὸς
1154 3453 1441 3522 ἱκετηρίαν
1468 3450 1741 3519 προτείνει
1770 3450 1827 3502 τὸ
1860 3453 2077 3519 οἰκτρὸν
2107 3451 2199 3503 καὶ

644 3549 873 3619 μογερδν
889 3551 985 3617 τῆς
1015 3545 1178 3599 αὑτοῦ
1211 3547 1455 3614 φύσεωςο
1484 3544 1620 3596 ἀλλά
1646 3546 1742 3612 τῆς
1776 3542 2201 3605 ἐπαναστάσεως

639 3644 731 3694 καὶ
766 3638 1113 3706 καταφανοῦς
1139 3636 1458 3705 τυραννίδος
1490 3634 1897 3705 βδελυξάμενοι,
1932 3633 2079 3686 δυοῖν
2104 3632 2200 3686 θά-

642 3748 795 3799 τερον
819 3732 1041 3796 ποιῆσαι
1071 3725 1422 3785 δικαιώσατε,
1459 3724 1493 3794 ἦ
1521 3726 1647 3794 ἐμοὶ
1673 3725 1857 3777 δοῦναι
1886 3723 2124 3795 χρῆσθαί
2150 3725 2199 3776 οί

630 3822 666 3872 ,ὂ
705 3837 757 3871 τι
790 3820 882 3871 καὶ
910 3818 1191 3887 βούλομαι,
1226 3814 1538 3886 στρεϐλοῦν,
1584 3815 1904 3883 μαστιγοῦν,
1939 3821 2200 3884 λιμαγχο-

639 3913 771 3972 νεῖν,
804 3910 952 3978 πάσῃ
1015 3910 1234 3977 μηχανῇ
1289 3906 1618 3976 βασανίζειν,
1657 3906 1752 3958 καὶ
1781 3906 1855 3976 μὴ
1882 3904 2201 3959 εὐθύνεσθαι

639 4003 797 4072 εἴπερ
829 4002 1092 4071 πηρώσω,
1127 4000 1221 4051 καὶ
1250 3998 1513 4066 παράπαν
1551 3995 2199 4066 κατεργάσομαι,ἢκατά

640 4095 799 4163 ζῆλον
825 4092 1183 4145 ἀποστολικδν
1210 4088 1544 4159 παραδοῦναι
1571 4087 1650 4157 τῷ
1676 4088 1840 4155 κοινῷ
1870 4088 2201 4157 παλαμναίῳ

640 4190 733 4239 καὶ
785 4186 1028 4255 δημοσίῳ
1078 4182 1282 4251 δημίῳ,
1335 4180 1412 4250 τῷ
1442 4181 1677 4251 Σατανᾷ.
1709 4174 1808 4232 Ὧν
1849 4180 1958 4249 γὰρ
1999 4181 2201 4247 ἀγγεῖα

640 4280 805 4348 θῆρες
830 4276 1029 4347 ίχθονὸς
1063 4276 1350 4345 οίκήσουσι
1387 4272 1530 4326 κατὰ
1556 4273 1618 4324 τὸ
1666 4271 1869 4338 λόγιον,
1897 4271 2110 4324 οἰκοῦσι
2142 4270 2199 4324 δὲ

638 4374 809 4443 δήπου
832 4372 920 4424 διὰ
948 4370 1047 4438 τῆς
1076 4367 1406 4438 ἐμπαθείας,
1453 4365 1657 4419 τούτων
1696 4364 1792 4417 καὶ
1821 4364 2002 4416 ποιναὶ
2039 4363 2199 4434 μερό-

639 4479 757 4515 πων
794 4462 1084 4529 ἄγκτειραι
1105 4471 1120 4487 ⁸
1160 4456 1335 4517 οὓτως
1368 4455 1599 4523 πληγὲν,
1625 4451 1752 4507 νοῦν
1788 4451 1925 4505 οίσει
1948 4451 2010 4505 τὺ
2038 4453 2200 4522 ἀνόη-

2304 1991 2403 2060 τὴν
2436 1992 2543 2042 τῶν
2576 1991 2720 2043 ἰδίων
2765 1990 2993 2043 οἰκετῶν
3030 1992 3166 2061 πρὶς
3196 1992 3362 2045 αὐτὸν
3412 1995 3597 2062 κρίσιν
3647 1996 3878 2064 ἐφαύλι-

2304 2079 2415 2143 ζεν,
2445 2078 2520 2139 ὡς
2551 2080 2714 2141 αὐτός
2753 2097 2855 2131 που
2892 2081 3050 2148 φησὶ,
3101 2081 3201 2133 καὶ
3242 2080 3303 2133 ού
3353 2080 3609 2150 ψεύδεται
3645 2083 3879 2153 δηλαδή.

2306 2170 2445 2236 Πρὸς
2475 2174 2585 2231 τοῖς
2618 2169 2798 2229 ἄλλοις
2821 2170 2929 2237 γάρ
2956 2170 3141 2233 καλοῖς
3189 2172 3284 2223 καὶ
3306 2171 3561 2242 ἀληθινὸς
3588 2173 3881 2243 ἄνθρωπος

2308 2261 2769 2331 μεμαρτύρηται·
2807 2260 2930 2315 οὕτε
2986 2263 3092 2334 μὴν
3145 2264 3331 2327 ὀΘεδς
3389 2267 3523 2335 παρ’
3555 2268 3722 2320 αὐτοῦ
3780 2270 3879 2321 τοῦ

2315 2351 2436 2402 Ἰὼϐ
2499 2352 2587 2403 ἐπὶ
2643 2353 2798 2420 δίκην
2859 2352 3345 2421 προκαλούμενος,
3409 2356 3486 2414 ὡς
3551 2357 3881 2427 βλάσφημον

2301 2442 2519 2511 ἤλεγξε.
2552 2443 2677 2505 Πῶς
2707 2445 2834 2512 γάρ,
2869 2445 2928 2505 δς
2955 2462 3018 2511 γε
3050 2446 3200 2513 παρά
3236 2449 3333 2515 μὲν
3368 2447 3445 2516 τῷ
3485 2447 3615 2517 θείῳ
3655 2450 3881 2518 Ἡσαΐᾳ,

2311 2556 2326 2583 ι
2362 2536 2521 2588 Δεῦτε
2541 2539 2635 2590 καὶ
2652 2538 3020 2606 διαλεχθῶμεν
3036 2540 3168 2607 πρὸς
3190 2539 3392 2609 ἄνδρας
3411 2540 3878 2612 πεπλημμεληκό-

2302 2645 2421 2688 τας,
2464 2646 2483 2679 ι
2524 2630 2654 2697 φησί
2679 2644 2694 2659 ο
2725 2629 2875 2695 παρὰ
2904 2629 2958 2681 δὲ
2999 2630 3076 2698 τῷ
3113 2632 3336 2699 μεγάλῳ
3374 2635 3541 2688 Δαϐἰδ
3594 2637 3881 2704 εἰσάγεται

2300 2720 2703 2788 δικαιούμενος,
2756 2722 2849 2772 καὶ
2897 2721 3063 2773 νικῶν
3096 2725 3154 2774 ἐν
3187 2722 3265 2793 τῷ
3307 2726 3627 2793 κρίνεσθαι;
3665 2729 3881 2781 Οὐκοῦν

2307 2814 2462 2883 καὶὴ
2511 2814 2633 2866 κατ’
2678 2814 2866 2866 εἰκόνα
2908 2814 3044 2867 Θεοῦ
3085 2816 3359 2884 μιμείσθω
3417 2819 3510 2872 τοῦ
3562 2822 3879 2889 ἀρχετύπου

2302 2907 2402 2973 τὴν
2447 2906 2783 2974 ἀγαθότητα,
2822 2907 2915 2959 καὶ
2974 2909 3369 2979 μεγαλοψύχως
3426 2911 3727 2982 ἀνεχέσθω,
3776 2915 3881 2982 τῆς

2303 3000 2410 3049 εἴτε
2451 2998 2683 3067 κρίσεως
2725 2998 2955 3067 ταυτησὶ
3004 2997 3110 3069 χρὴ
3162 2999 3366 3068 λέγειν,
3410 3004 3520 3055 εἴτε
3574 3007 3671 3057 καὶ
3700 3006 3886 3057 διαλέ-

2305 3089 2461 3151 ξεως,
2495 3090 2588 3141 καὶ
2615 3089 2733 3159 μεθ’
2793 3089 2919 3141 οἴων
2960 3090 3237 3160 λογισμῶν
3256 3094 3459 3158 ἐκεῖνος
3483 3096 3510 3146 ὁ
3531 3097 3629 3164 τῆς
3658 3097 3881 3165 ἀνδρίας

2252 3229 2260 3235 ,
2305 3182 2667 3249 ἀδαμάντινος
2699 3184 2795 3235 καὶ
2838 3182 3075 3251 χρυσοῦς
3100 3184 3346 3253 ἀνδριὰς,
3396 3187 3495 3249 τάς
3534 3190 3670 3256 πρὸς
3712 3192 3882 3243 αὐτὸν

2301 3273 2583 3333 οἰκετικὰς
2632 3271 2789 3333 δίκας
2843 3274 3122 3340 προσίετο.
3176 3275 3414 3345 Πότερον
3462 3278 3594 3347 γάρ,
3634 3280 3820 3347 ἔλεγεν
3849 3285 3883 3336 δ

2305 3366 2594 3432 μακάριος,
2627 3366 2724 3433 οὐχ
2752 3365 2827 3426 ὡς
2856 3367 2952 3416 καὶ
2988 3364 3097 3431 ἐγὼ
3139 3368 3408 3437 ἐγενόμην
3438 3371 3496 3421 ἐν
3526 3374 3746 3440 γαστρὶ,
3780 3375 3883 3441 καὶ

2301 3458 2496 3508 ἐκεῖνοι
2545 3458 2881 3521 γεγόνασιν;
2916 3457 2977 3509 Et
3019 3456 3066 3509 δ’
3119 3457 3248 3520 ἴσως
3285 3459 3423 3530 αὐτὴ
3474 3463 3879 3532 παραπλησίως

2300 3545 2612 3612 λογίζεσθαι
2651 3546 2744 3598 καὶ
2778 3545 2957 3613 λέγειν
3001 3549 3116 3611 τοῖς
3153 3548 3247 3601 τοῦ
3273 3550 3488 3604 δικαίου
3540 3552 3659 3606 Ἰὼϐ
3707 3572 3878 3609 κατο-

2303 3640 2439 3698 κνεῖ,
2470 3637 2584 3688 ἀλλ’
2618 3636 2806 3705 ἔμοιγε
2848 3636 2966 3690 δότε
3002 3640 3202 3703 εἰπεῖν,
3246 3644 3296 3693 εί
3338 3643 3431 3695 καὶ
3470 3645 3875 3714 ἀντιστρόφως,

2301 3729 2393 3780 καὶ
2426 3727 2696 3796 ἀνομοίως
2744 3730 2904 3798 ὃμοια
2928 3746 2941 3760 ·
2980 3732 3111 3801 παρ’
3145 3732 3270 3785 ὅσον
3301 3733 3423 3787 ἐκεῖ
3471 3736 3572 3804 μὲν
3600 3738 3878 3808 δεσπότης

2300 3821 2434 3891 πρὸς
2460 3821 2799 3889 θεράποντας
2832 3822 3203 3877 ἐπιεικεύετο’
3242 3818 3347 3879 ὦδε
3396 3827 3451 3879 δέ
3484 3828 3617 3898 πρὸς
3658 3831 3881 3884 δέσποι-

2300 3932 2397 3966 ναν
2426 3913 2485 3965 τδ
2537 3914 2932 3983 θεραπευτικὸν
2976 3916 3451 3987 παῤῥησιάζομαι.
3490 3915 3565 3972 Ἦ
3600 3923 3709 3992 γὰρ
3750 3925 3879 3994 οὐχὶ

2300 4007 2396 4059 καὶ
2434 4005 2573 4075 αὐτὴ
2599 4007 2743 4075 χειρὶ
2767 4004 2905 4058 Θεοῦ
2939 4006 3208 4071 ἔκτισται,
3244 4008 3322 4073 ὡς
3360 4010 3470 4078 ἐγὼ
3506 4013 3874 4085 πέπλασμαι;

2300 4099 2375 4151 Οὐ
2407 4098 2515 4166 γὰρ
2546 4097 2611 4167 δὴ
2651 4099 2744 4149 καὶ
2774 4097 2834 4157 τὸ
2869 4097 3076 4166 κτίσμα
3103 4093 3243 4152 εἶναι
3289 4101 3425 4155 Θεοῦ
3468 4104 3878 4175 ἀπαρνήσεται,

2299 4190 2349 4242 εί
2376 4191 2471 4240 καὶ
2501 4190 2559 4240 τὸ
2609 4189 2833 4258 πλάσμα
2864 4190 3017 4252 ἴσως,
3055 4190 3129 4253 ῶς
3175 4193 3320 4246 θεῖον
3364 4193 3500 4248 οὖσα
3541 4198 3876 4268 ἐμφύσημα,

2299 4279 2418 4332 οὐδὲ
2471 4277 2826 4348 κακοσχόλοις
2860 4279 3089 4348 ἀνδράσι
3137 4283 3529 4348 φενακισθεῖσα
3582 4288 3882 4357 πεισθήσε-

2299 4386 2414 4432 ται,
2446 4369 2597 4430 θείας
2622 4369 2809 4431 οὐσίας
2849 4364 2990 4423 εἶναι
3026 4372 3324 4442 ἀπόρῤοια,
3360 4374 3415 4427 οῖ
3443 4392 3505 4442 γε
3540 4378 3651 4447 ὅσῳ
3673 4382 3883 4448 σεμνύ-

2300 4476 2413 4513 νειν
2453 4460 2818 4524 ἐσπούδασαν,
2862 4462 3144 4531 ταυτοφυῆ
3188 4462 3268 4534 τῷ
3296 4463 3415 4533 Θεῷ
3450 4466 3882 4536 ἀποφαίνοντες,

639 4572 751 4617 τον,
783 4555 875 4605 καὶ
925 4551 1089 4604 ἐαυτό
1141 4567 1271 4603 ποτε
1324 4547 1617 4615 γνώσεται,
1676 4546 1769 4597 καὶ
1800 4544 1893 4598 τοῦ
1922 4546 2199 4613 παροινεῖν
2229 4553 2276 4608 ι)
2304 4549 2543 4620 τοσούτῳ
2574 4550 2998 4621 καθυϐρίζοντες
3025 4553 3231 4622 ταύτην
3269 4556 3583 4621 ἐλάνθανον,
3612 4559 3717 4623 ἐως
3751 4563 3885 4615 ἀλὸο

641 4644 1009 4709 πεπαύσεται,
1060 4640 1367 4709 μεταϐαλὸν
1394 4639 1501 4692 άπὸ
1520 4638 1614 4690 τοῦ
1632 4638 1796 4690 ὅπλον
1826 4632 1966 4690 εῖναι
1992 4636 2200 4699 ἀδικίας

639 4739 719 4799 είς
746 4734 1097 4803 δικαιοσύνης
1128 4732 1325 4800 εὐφυὲς
1347 4732 1600 4799 ὄργανον.
1660 4728 1846 4790 Οὕτως
1877 4728 1937 4779 ού
1976 4728 2199 4780 στασιά-

640 4845 807 4898 σομεν
831 4828 925 4879 τοῦ
960 4823 1171 4888 λοιποῦ,
1211 4822 1322 4875 οὐδ’
1373 4821 1845 4890 ἐτεροζυγήσομεν
1869 4834 1881 4848 ο
1938 4819 2203 4889 ὁμόφρονι

638 4921 694 4973 δέ
733 4917 1008 4987 συμπνοίᾳ
1036 4918 1105 4968 τά
1137 4915 1405 4967 σπουδαῖα
1437 4912 1955 4980 συνεκπονήσομεν,
1991 4911 2087 4962 καὶ
2113 4909 2204 4961 θε-

644 5012 992 5082 ραπεύσομεν
1014 5010 1106 5061 τὸν
1137 5006 1495 5070 συζεύξαντα,
1520 5007 1613 5058 καὶ
1645 5004 2055 5073 μνηστεύσομεν
2078 5004 2203 5056 ἐαυ-

641 5107 753 5166 τοῖς
779 5104 877 5170 τὴν
908 5101 1326 5171 ἐπηγγελμένην
1371 5098 1777 5168 μακαριότητα,
1803 5094 1869 5147 δι’
1897 5095 2047 5164 ὑμῶν
2070 5094 2211 5167 διαι-¹

642 5195 820 5263 τητῶν
858 5195 975 5262 ἅμα
1005 5194 1097 5245 καὶ
1120 5191 1423 5260 πρέσϐεων.

713 5327 936 5383 ΕΤΕΡΑ
973 5326 1279 5386 ΜΕΛΕῘΗ,
1315 5327 1431 5379 ΚΑΙ
1481 5325 1667 5378 ΑΥΤΗ
1705 5317 2134 5376 ΑΝΤΙΘΕἸΊΚΗ

1222 5396 1618 5450 ΑΝΑΣΚΕΙἩ.

645 5535 823 5603 Τίνας
845 5534 918 5591 ἂν
944 5535 1099 5588 εἴποι
1122 5534 1344 5601 λόγους
1379 5531 1551 5599 Σῶμα
1588 5528 1739 5584 κατὰ
1796 5526 2008 5598 Ψυχῆς
2045 5528 2207 5580 δικα-

887 5627 1131 5696 ζόμενον
1149 5624 1277 5694 μετ’
1300 5623 1492 5691 αὐτῆς
1523 5623 1593 5675 ἐν
1622 5620 1958 5686 δικασταῖς.

715 5740 890 5809 Ὀσην
924 5738 1025 5807 μὲν
1049 5736 1208 5808 ὓϐριν
1238 5736 1331 5788 καὶ
1360 5734 1651 5805 λοιδορίαν,
1683 5736 1778 5786 καὶ
1807 5733 1969 5801 ἡλίκα
2015 5731 2205 5801 σκώμ-

649 5848 793 5901 ματα
823 5830 1219 5900 ξυμφορήσασα
1245 5825 1469 5896 κατέχεέ
1509 5843 1610 5897 μου
1641 5828 1671 5897 ἡ
1711 5824 1885 5896 σεμνὴ
1908 5824 2077 5894 ψυχὴ,
2110 5824 2205 5876 αύ-

2302 4657 2417 4707 γων
2455 4642 2549 4692 καὶ
2579 4641 2799 4709 θάμνων
2828 4642 2921 4694 καὶ
2948 4642 3153 4697 σικυῶν
3177 4644 3535 4713 κατάγοντες,
3567 4650 3659 4701 καὶ
3688 4651 3752 4702 ού
3778 4653 3884 4719 μό-

2305 4748 2393 4783 νον
2421 4732 2596 4799 αύτην
2649 4733 2990 4802 ἀσυμμέτρῳ
3027 4738 3160 4803 τιμῇ
3211 4737 3303 4787 καὶ
3350 4738 3567 4808 ἀτιμίᾳ,
3599 4740 3733 4793 ἀλλὰ
3781 4746 3884 4795 καὶ

2300 4822 2399 4892 τὴν
2424 4822 2685 4874 ἀνωτάτω
2719 4823 2880 4889 φύσιν
2909 4824 3241 4894 ὑϐρίζοντες.
3278 4828 3495 4899 Ἐπειδὴ
3529 4834 3635 4899 γάρ
3680 4833 3886 4903 βουλη-

2303 4914 2421 4984 θείη
2448 4914 2579 4966 ποτέ
2613 4913 2746 4978 Θεδς
2778 4915 2979 4969 πλάσαι
3003 4918 3095 4969 τὸν
3121 4918 3410 4984 ἄνθρωπον
3431 4939 3445 4953 ο
3477 4924 3740 4976 άνακτὲον
3766 4928 3883 4993 γάρ

2305 5023 2399 5076 μοι
2429 5007 2518 5059 τὸν
2553 5006 2710 5075 λόγον
2750 5010 2827 5070 εἰς
2853 5009 3063 5061 οἰκείαν
3088 5011 3265 5080 ἀρχήν
3292 5028 3307 5043 ο
3346 5013 3409 5064 οὐ
3452 5016 3516 5082 τῇ
3549 5018 3642 5083 γῇ,
3670 5017 3734 5068 οὐ
3760 5021 3883 5077 τοῖς

2305 5096 2494 5150 ῦδασιν
2524 5097 2815 5164 ἐξαγαγεῖν
2862 5098 2960 5151 καὶ
3000 5100 3209 5163 τοῦτον,
3254 5100 3329 5157 ὡς
3373 5104 3541 5156 τάλλα
3581 5106 3714 5173 γένη
3764 5107 3883 5158 τῶν

2304 5187 2459 5252 ζώων
2488 5190 2795 5254 ἐκέλευσεν,
2841 5190 2976 5244 ἀλλὰ
3018 5190 3147 5261 χοῦν
3176 5191 3378 5259 λαϐὼν,
3423 5193 3589 5257 αὐτὸς
3620 5196 3831 5249 ἔπλασε
3860 5214 3879 5231 ·

2304 5279 2401 5332 καὶ
2433 5278 2509 5341 ὡς
2538 5280 2570 5348 ἡ
2603 5276 2805 5340 πλάσις
2847 5278 3121 5345 θειοτέρα,
3153 5279 3294 5333 οὕτω
3318 5284 3413 5335 καὶ
3446 5282 3507 5335 τὸ
3533 5285 3721 5353 σχῆμα
3750 5287 3885 5338 τού-

2307 5370 2407 5438 μὸν
2434 5368 2826 5439 ἀρχικώτερον.
2860 5370 2934 5423 Οὐ
2964 5369 3073 5441 γὰρ
3113 5373 3475 5441 τετρασηλές
3519 5375 3615 5427 καὶ
3644 5377 3884 5445 πρηνὲς,

2304 5463 2544 5532 γαστέρα
2573 5462 2668 5515 καὶ
2697 5463 2939 5532 κεφαλὴν
2969 5466 3102 5535 πρὸς
3134 5466 3240 5534 γῆν
3262 5465 3618 5521 διατανυσθέν
3648 5469 3747 5521 καὶ
3780 5487 3888 5522 κυ-

2304 5555 2511 5617 πτάζον
2547 5554 2657 5618 ἀεὶ,
2684 5553 2800 5609 ἀλλ’
2837 5555 3018 5625 ὄρθιον
3041 5556 3138 5615 καὶ
3160 5558 3279 5631 ὅλον
3312 5558 3609 5629 μετέωρον,
3655 5564 3885 5629 μικροῖς

2308 5647 2404 5714 μὲν
2437 5645 2532 5697 καὶ
2566 5644 2734 5714 ίχνεσι
2780 5645 3080 5714 πελμάτων
3124 5647 3269 5701 δυοῖν
3301 5649 3573 5717 ἐπιψαῦον
3615 5653 3719 5719 τῆς
3748 5652 3883 5717 γῆς.

2306 5734 2441 5803 ὑψοῦ
2467 5734 2523 5786 δὲ
2569 5734 2810 5803 κεφαλὴν
2853 5735 3047 5805 ἀνέχον
3079 5738 3176 5791 καὶ
3206 5738 3474 5791 ἀναπνέον
3524 5739 3741 5808 αίθρια,
3784 5758 3891 5794 και

2308 5821 2537 5890 οὐρανοῦ
2568 5824 2740 5895 κάλλη
2765 5824 3205 5895 καταθεώμενον,
3240 5828 3336 5880 καὶ
3371 5827 3580 5898 γυμνὸν
3610 5830 3713 5899 μὲν
3736 5844 3887 5898 συμ-
