4132 6294
543 328 599 388 il
1687 333 1939 394 CONST.
1985 328 2616 392 HARMENOPULUS
3699 334 3759 397 12

539 444 691 496 tricis
728 444 896 497 Anna:
924 439 1315 511 Palatologinm.
1360 441 1627 508 hujnsque
1660 443 1782 506 illii,
1826 441 2048 494 Joannis
2082 437 2363 507 Palazologi
2391 452 2520 491 anu.
2566 453 2593 489 a
2630 447 2814 491 creato
2866 439 3065 492 mundo
3093 439 3254 505 6855,
3304 442 3356 498 Ιι.
3388 458 3436 495 e.
3471 459 3599 498 ann.
3624 445 3756 501 Chr.

542 530 698 594 1515,
752 542 805 583 et
859 538 1140 593 retractat,
1194 530 1423 582 aliorum
1462 529 1589 581 olim
1647 539 1868 583 secutus
1909 529 2164 588 rationes,
2225 526 2544 578 sententiam
2597 533 2751 583 antea
2802 525 2941 579 libro
2990 525 3352 582 vComment.
3408 531 3461 583 in
3502 531 3754 597 Iudicat,

542 633 593 683 p.
622 616 726 669 688
750 631 857 682 sq.,
890 624 944 668 et
999 614 1097 668 771
1129 615 1245 685 (sed
1286 631 1333 668 v.
1380 616 1584 669 Kollar.
1622 616 1776 681 ibitl.,
1814 633 1865 685 p.
1891 617 2016 683 555)
2045 616 2329 682 prolatam,
2363 615 2642 684 rejicitque
2676 616 2960 684 opiniones
2988 617 3195 671 Theod.
3224 619 3326 670 Ad.
3358 617 3754 687 Svallembcrg.
3790 678 3797 685 ,

538 700 630 769 (γ.
664 711 847 769 postea
874 701 943 754 ad
968 711 1103 754 sect.
1128 700 1193 767 t),
1225 700 1530 769 Marquardi
1557 698 1779 755 Frcheri
1827 702 1879 754 in
1917 702 2294 770 Chronologia,
2336 702 2551 771 prmlixa
2574 700 2690 755 Juri
2714 701 2903 757 Grmco
2934 702 3200 760 Romano.
3233 720 3295 757 ac
3324 704 3544 775 Josephi
3572 709 3757 760 Maria:

537 788 773 841 Suaresii
813 788 865 839 in
900 786 1097 840 Notitia
1137 788 1487 841 Basilicormn
1519 787 1655 854 (12),
1694 788 1785 856 qui
1826 796 2036 842 :rtatem
2070 789 2404 843 Constantini
2439 787 2695 842 llarmen.
2733 789 3021 858 alligarunt
3049 805 3100 843 a.
3128 789 3190 844 C.
3228 791 3366 845 1145
3394 795 3558 861 (quos
3589 796 3754 847 etiam

536 885 749 927 secutus
772 883 855 926 est
890 872 1050 926 Burc.
1083 873 1341 928 Gotthell‘.
1374 873 1565 928 Struv.
1594 874 1646 927 in
1679 872 1916 927 Historia
1956 876 2116 942 juris,
2150 875 2283 928 leua!
2314 874 2472 937 1718,
2505 876 2557 931 4.
2582 890 2634 942 p.
2667 875 2762 927 511
2793 890 2857 928 ac
2879 875 3043 938 605);
3076 886 3237 942 atque
3270 877 3387 931 Jac.
3418 878 3756 943 Gothofredi,

535 963 586 1013 in
623 954 858 1013 Manuali
882 960 1022 1027 juris
1051 961 1129 1030 (p.
1164 960 1251 1021 79.
1280 961 1410 1014 edit.
1448 961 1506 1014 11
1547 961 1754 1016 Genev.
1786 961 1943 1025 1710,
1999 961 2115 1026 l2);
2152 977 2215 1015 ac
2250 960 2482 1028 Philippi
2518 961 2717 1015 Labbei
2770 961 2823 1014 in
2872 961 3125 1016 Biblioth.
3158 964 3467 1032 chronolog.
3507 964 3612 1021 SS.
3654 966 3755 1018 Ec-

535 1047 679 1111 rles.,
711 1048 801 1114 qui
842 1046 985 1099 illius
1013 1055 1225 1100 :ctatem
1258 1047 1559 1102 retulerunt
1594 1042 1659 1099 ad
1694 1063 1821 1101 ann.
1852 1048 1981 1103 Chr.
2030 1045 2196 1113 115ος
2234 1049 2485 1102 Christl‘r.
2516 1063 2730 1117 quoque
2773 1046 3152 1105 Waechtlerus
3205 1051 3258 1104 in
3291 1050 3514 1121 Opusm,
3553 1070 3603 1119 p.
3634 1055 3757 1113 591.

534 1137 807 1203 vulgarem
840 1134 1166 1188 sententiam
1194 1134 1493 1203 amplexus,
1523 1135 1979 1203 llarmenopulum
2002 1137 2111 1202 jam
2141 1150 2266 1189 szec.
2296 1151 2369 1188 sn
2400 1135 2603 1189 vixisse
2627 1136 2929 1200 contendit,
2961 1137 3058 1192 sed
3090 1138 3210 1192 ideo
3243 1149 3464 1192 notatus
3486 1156 3513 1191 a
3542 1140 3758 1191 Trotz=n

534 1221 585 1272 in
614 1219 819 1288 praefat.
860 1220 927 1273 ad
958 1219 1283 1275 Wacchtleri
1311 1218 1507 1288 Opusc.
1541 1236 1593 1288 p.
1644 1220 1710 1274 75
1747 1221 1969 1286 aliique.
2010 1220 2123 1274 Vid.
2157 1224 2222 1274 ad
2259 1224 2352 1276 (in.
2402 1223 2680 1292 sequentis
2728 1224 3049 1292 paragraphi
3082 1225 3228 1281 2.-
3256 1226 3452 1280 Contra
3490 1228 3555 1281 de
3601 1240 3761 1281 astate

534 1308 646 1375 ejus
677 1324 798 1359 cum
837 1306 1086 1361 Fabricio
1115 1308 1465 1362 consentiunt
1492 1304 1689 1363 Oudin.
1722 1308 1773 1360 in
1807 1307 2109 1360 Coniment.
2137 1307 2205 1360 de
2232 1306 2329 1362 SS.
2367 1310 2569 1362 Eccles.
2614 1320 2744 1365 tom.
2781 1309 2873 1371 Ill.
2906 1325 2957 1378 p.
2992 1311 3116 1375 9‘24,
3143 1313 3208 1365 ad
3232 1328 3358 1365 ann.
3392 1314 3572 1377 154ος
3601 1315 3763 1368 Halu-

534 1395 728 1465 bergcr
757 1394 810 1447 in
848 1396 1156 1449 Zuverltiss.
1189 1394 1528 1458 Nacliricln.,
1560 1406 1599 1448 t.
1654 1392 1744 1456 IV,
1777 1411 1828 1463 p.
1865 1393 1969 1446 615
2013 1409 2132 1463 sq.;
2168 1394 2382 1457 Saxius,
2420 1395 2471 1447 iu
2509 1394 2701 1448 Onam.
2743 1396 2852 1459 Iit.,
2884 1407 3025 1464 part.
3061 1413 3119 1459 ιι,
3170 1414 3221 1464 p.
3259 1400 3365 1452 563
3394 1415 3502 1469 sq..
3535 1403 3600 1453 ad
3632 1417 3757 1453 ann.

535 1483 694 1546 1515,
725 1483 817 1551 qui
847 1489 1107 1550 praeterea
1142 1481 1325 1549 plures
1360 1483 1505 1533 viros
1536 1482 1730 1535 doctos
1762 1482 2030 1549 praecipue
2064 1481 2356 1546 scriptores
2389 1480 2597 1535 "ister.
2622 1483 2767 1549 juris
2800 1485 2863 1534 de
2893 1499 2958 1537 eo
2984 1483 3196 1549 laudat;
3235 1486 3495 1552 Sammet,
3532 1489 3583 1542 in
3617 1489 3763 1556 Opu-

533 1570 717 1631 seulis,
743 1568 892 1633 Lips.
928 1568 1089 1631 1765,
1139 1568 1195 1629 4,
1239 1583 1294 1637 p.
1337 1567 1436 1625 50:
1471 1597 1539 1606 —
1562 1564 1648 1620 Jo.
1676 1569 1811 1634 Aug.
1854 1566 2105 1633 Bachius,
2134 1568 2186 1619 in
2225 1566 2362 1619 Hist.
2388 1567 2687 1632 jurisprud.
2722 1568 2897 1631 Rom.,
2939 1578 2994 1623 et
3019 1571 3155 1640 Aug.
3193 1571 3363 1627 Corn.
3400 1572 3759 1633 Stockmann.

534 1659 586 1711 in
610 1655 733 1709 Not.
771 1657 837 1709 ad
871 1656 1038 1715 illam.
1071 1670 1123 1722 p.
1148 1655 1253 1709 655
1282 1671 1363 1723 sq.
1403 1654 1490 1707 ed.
1517 1654 1750 1723 quintzc;
1787 1653 1939 1707 l’ohl.
1973 1656 2039 1706 ad
2083 1652 2305 1707 Suarcs.
2339 1655 2373 1706 Ι.
2413 1671 2461 1708 c.
2497 1670 2549 1722 p.
2582 1656 2667 1719 16,
2705 1658 2794 1723 qui
2831 1672 2951 1725 pag.
2987 1658 3054 1709 17
3101 1674 3223 1726 sqq.
3256 1661 3537 1715 editiones
3577 1679 3761 1715 τρυυιι·

533 1752 650 1807 set;
692 1755 747 1797 et
783 1744 911 1797 Car.
945 1743 1092 1797 Frid.
1136 1741 1433 1810 Zepernick
1474 1742 1540 1795 ad
1580 1742 1809 1809 Caspar.
1845 1742 2039 1794 Arhat.
2086 1740 2243 1794 Beck.
2286 1738 2359 1794 De
2392 1740 2626 1795 Novelli:
2657 1740 2845 1795 Leonis
2876 1744 3126 1813 Augusti.
3152 1756 3285 1809 etc.,
3324 1746 3468 1801 llalze
3511 1750 3666 1809 I779,
3697 1750 3754 1811 8,

535 1849 585 1905 p.
617 1832 688 1884 22
714 1848 833 1900 sqq.
871 1832 1010 1884 Add.
1041 1847 1211 1885 meam
1245 1831 1570 1894 lntroduct.,
1596 1840 1728 1895 etc.,
1756 1829 1819 1893 Il,
1853 1836 1992 1899 part.
2024 1844 2061 1891 ι,
2084 1828 2149 1899 ⁸ιι.
2187 1828 2291 1883 559
2321 1843 2405 1897 sq.
2451 1839 2505 1883 et
2542 1827 2922 1898 Supplementa
2979 1832 3046 1884 ad
3098 1831 3267 1899 illam,
3314 1833 3382 1899 ll,
3409 1851 3527 1905 pag.
3574 1836 3635 1890 61
3674 1853 3757 1904 εει.

534 1903 759 1988 illam.)

1531 2041 1865 2127 Constantini
1896 2071 2283 2145 Harmenopnli
2315 2075 2515 2139 scripta
2551 2074 2715 2129 edita.

604 2233 645 2272 ι.
682 2215 1011 2283 Ἐξάϐιὸλος,
1050 2214 1162 2269 sive
1192 2215 1490 2283 Πρόχειρον
1525 2217 1728 2282 νόμων,
1759 2210 2196 2279 Promptuarium
2218 2216 2236 2278 ,τ

2190 2211 2355 2278 ιῙιιτίε
2384 2208 2556 2262 civilis
2585 2210 2638 2261 in
2666 2222 2759 2265 sex
2780 2208 2969 2273 libros,
2995 2207 3179 2263 titulos
3227 2208 3463 2263 LXXXII
3492 2211 3753 2275 divisum,
3816 2228 3822 2235 ·

530 2306 674 2374 quod
700 2319 805 2358 una
836 2318 958 2358 cum
1000 2301 1196 2365 Ecloga
1240 2300 1412 2369 legum
1452 2299 1816 2369 georgicorum
1835 2314 1900 2351 ea:
1954 2298 2102 2367 jure.
2131 2295 2498 2360 Justinianeo,
2530 2295 2719 2350 Graece
2757 2309 2888 2349 cura
2928 2293 3260 2350 Theoderici
3320 2299 3557 2353 Adamsei
3596 2299 3755 2355 Sual-

531 2391 813 2459 lembergii
841 2391 1019 2443 lucem
1054 2390 1192 2443 vidit
1221 2388 1452 2443 Parisiis
1483 2386 1622 2453 apud
1648 2385 2022 2440 Christianum
2060 2381 2385 2435 Wecbelum
2420 2379 2580 2446 1510,
2609 2380 2663 2443 4,
2691 2379 2881 2433 Latine
2907 2382 3070 2434 vertit
3100 2383 3161 2435 D.
3194 2381 3547 2440 Bernhardus
3579 2403 3607 2440 a
3642 2386 3754 2458 Rey

529 2476 721 2533 Colon.
764 2476 922 2539 1517,
946 2475 1003 2540 8,
1042 2476 1182 2543 apud
1211 2473 1503 2527 Martinum
1534 2471 1876 2541 Gympicum,
1908 2477 1965 2522 et
2003 2484 2070 2522 ex
2118 2467 2353 2521 secunda
2406 2466 2782 2536 recognitione
2819 2467 2949 2521 ibid.
2980 2470 3121 2536 apud
3157 2469 3517 2526 Gualtherum
3559 2472 3755 2529 Fabri-

528 2566 672 2618 cium
700 2564 862 2627 1556,
893 2564 947 2617 8.
978 2561 1189 2615 Etcum
1223 2559 1537 2614 Enchiridio
1573 2574 1768 2612 usumn
1802 2557 2101 2610 leudalimn
2138 2571 2235 2625 per
2266 2557 2614 2623 interpretem
2651 2554 2857 2622 addito,
2892 2555 3052 2618 1566,
3083 2557 3136 2611 8.
3178 2557 3505 2617 Accuratius
3559 2565 3755 2618 deinde

532 2663 586 2706 et
618 2651 944 2719 elegantius,
990 2650 1191 2702 additis
1216 2647 1378 2701 etiam
1436 2644 1680 2699 scholiis.
1731 2643 1973 2698 Joannes
2026 2644 2329 2708 Mercerus,
2373 2660 2493 2698 cum
2542 2642 2866 2713 praefatione
2895 2643 2962 2698 ad
3006 2643 3325 2702 Michaelem
3367 2648 3755 2718 Hospitalium,

532 2739 702 2807 Lugd.
731 2735 890 2800 1656,
932 2735 1002 2800 4;
1032 2746 1087 2788 et
1116 2735 1446 2796 Lausanme,
1476 2733 1617 2801 apud
1668 2729 2015 2813 Franciscum
2045 2730 2094 2784 le
2128 2729 2328 2793 Preux,
2358 2730 2556 2785 illustr.
2592 2732 2654 2784 υ.
2689 2730 3043 2786 Bernensinm
3063 2735 3456 2804 typographum
3501 2738 3659 2801 1580,
3691 2739 3745 2793 8.

532 2827 672 2882 Hinc
701 2827 893 2881 Graece
929 2836 985 2881 et
1020 2825 1215 2879 Latine
1244 2838 1364 2879 cum
1391 2823 1616 2878 Merceri
1646 2822 1891 2877 versione
1920 2829 1973 2875 et
2022 2821 2264 2885 scholiis,
2311 2833 2366 2876 et
2410 2822 2679 2890 paratitlis
2730 2823 2967 2890 Dionysii
3020 2824 3336 2880 Gotliolredi
3370 2838 3424 2881 et
3472 2834 3744 2884 variarunt

531 2916 821 2970 lectionum
859 2913 1037 2967 libello
1069 2928 1134 2966 ex
1164 2912 1351 2965 codice
1380 2926 1481 2964 ms.
1515 2908 1701 2964 Jacobi
1733 2909 1933 2973 Lectii;
1962 2920 2018 2962 et
2064 2905 2467 2961 nomenclatore
2493 2901 2805 2958 Graacarum
2845 2905 3140 2983 dictionum
3186 2907 3326 2974 juris
3357 2911 3423 2961 ad
3453 2910 3754 2965 Harmcnu-

530 3002 734 3070 pulum,
774 3000 979 3053 Geuev.
1011 2998 1189 3061 ’1587,
1239 2998 1292 3050 4.
1348 2995 1711 3067 [Constantini
1761 2995 1987 3049 Selectae
2027 2992 2417 3063 prmccptiones
2457 2992 2523 3045 de
2563 2991 2916 3059 agricultura,
2956 2991 3169 3055 Latine,
3228 3010 3325 3063 per
3371 2994 3493 3052 Jan.
3540 2999 3748 3053 Cerna-

530 3091 688 3151 rium,
720 3089 881 3143 Basil.
912 3087 1072 3150 1558,
1099 3085 1152 3139 8.
1181 3083 1256 3155 (in
1279 3084 1401 3140 Cat.
1423 3084 1552 3139 bibl.
1579 3083 1834 3137 Leidens.
1862 3097 1986 3152 pag.
2031 3080 2179 3148 142.)
2211 3078 2449 3134 Postltzcc
2472 3079 2666 3132 edituri
2692 3087 2848 3132 erant
2896 3078 3281 3147 ilarmenopuli
3309 3080 3748 3155 Promptuarium
3804 3159 3809 3165 .

530 3174 698 3229 lleur.
760 3176 1029 3237 Erustms,
1091 3173 1223 3225 Ahr.
1287 3169 1739 3238 Ilaverkampius,
1794 3166 1884 3237 qui
1950 3168 2117 3220 edidit
2168 3166 2450 3233 Specimen
2499 3167 2790 3234 jnridicum
2849 3167 2913 3220 ad
2967 3168 3309 3222 Constantini
3369 3170 3750 3244 llarmenOpuli

530 3263 887 3331 Promptuarii
922 3262 1013 3322 lib,
1050 3278 1109 3322 ιι,
1149 3261 1234 3313 tit.
1268 3258 1489 3337 4,ξὸ4,
1528 3258 1698 3325 Lugd.
1739 3258 1925 3309 Batav.
1958 3254 2116 3318 1758,
2144 3263 2331 3323 postea
2371 3270 2399 3305 a
2443 3253 2611 3307 Gerli.
2642 3252 2914 3314 Oelrichs.
2950 3254 3101 3310 Thes.
3149 3256 3281 3311 diss.
3321 3258 3488 3321 iurid.
3534 3264 3644 3315 vol.
3686 3264 3750 3329 l.,

528 3367 657 3406 tom.
714 3349 802 3415 Ill,
857 3368 908 3419 ρ.
961 3350 1050 3411 45,
1095 3349 1387 3409 insertum;
1438 3357 1493 3400 et
1563 3345 1693 3401 Dav.
1745 3342 2032 3395 Ruhnken.
2085 3340 2189 3395 Sed
2246 3342 2438 3394 horum
2499 3351 2728 3393 conatus
2774 3338 2990 3394 fuerunt
3045 3339 3212 3396 irriti.
3259 3344 3381 3410 Quo
3430 3346 3576 3400 facto
3619 3349 3746 3403 Ger.

524 3436 856 3492 Meermann.
914 3438 1183 3504 persuasit
1232 3433 1352 3487 Gul.
1404 3433 1589 3486 Otton.
1648 3433 1878 3492 Reitzio,
1923 3438 1979 3482 ut
2026 3443 2214 3482 curam
2264 3444 2414 3481 nova:
2454 3430 2716 3481 editionis
2767 3429 3092 3496 susciperet,
3119 3432 3301 3496 eique,
3331 3449 3550 3500 Operam
3595 3454 3746 3489 suam
3794 3492 3801 3499 ,

527 3532 592 3585 ad
632 3531 776 3583 hunc
832 3529 1070 3582 laborem
1099 3526 1485 3595 proliigandum
1526 3524 1789 3593 pollicito,
1833 3521 2216 3592 suppeditavit,
2245 3529 2509 3589 quotquot
2538 3520 2651 3587 ipse
2683 3520 2976 3586 collegerat
3010 3523 3063 3574 in
3089 3521 3336 3577 Graecum
3367 3525 3747 3609 interpretem.

526 3623 767 3677 subsidia
794 3630 904 3674 tum
930 3620 1087 3675 codd.
1118 3634 1254 3673 mss.
1308 3626 1421 3671 tum
1451 3617 1825 3679 collationnm,
1851 3624 1961 3668 tum
1994 3613 2543 3671 animadversionum.
2571 3612 2639 3665 ab
2662 3613 2891 3667 eruditis
2919 3613 3049 3667 viris
3072 3613 3463 3682 proiectorum.
3495 3619 3712 3676 Reitziu
3736 3642 3748 3670 ς

525 3714 689 3782 igitur
719 3711 929 3765 duobus
958 3711 1115 3763 codd.
1147 3705 1301 3760 MSS.
1328 3707 1564 3775 aliisque
1595 3704 1853 3759 subsidiis
1873 3717 2004 3758 usus
2033 3712 2235 3755 testum
2259 3699 2435 3753 Graec.
2470 3700 2708 3752 restituit
2742 3710 2904 3768 atque
2935 3704 3267 3765 emendavit.
3300 3720 3493 3758 novam
3521 3721 3746 3778 eamque

525 3798 917 3866 elegantiorem
959 3796 1266 3848 versionem
1301 3792 1538 3848 coniecit
1570 3801 1623 3844 et
1657 3791 2121 3845 nomenclatorem
2151 3786 2399 3841 Graecum
2441 3784 2756 3840 Gothofredi
2799 3786 3027 3841 editioni
3080 3786 3350 3857 adjectum
3398 3794 3573 3847 auxit.
3611 3795 3746 3860 Quia

528 3901 656 3940 vero
689 3884 934 3939 licitzins
972 3900 1095 3936 cum
1140 3884 1227 3935 vix
1274 3883 1340 3934 ad
1394 3882 1553 3933 tinem
1596 3893 1732 3946 opus
1761 3877 2125 3946 perduxisset,
2153 3882 2208 3926 et
2237 3872 2542 3941 ιιι-,νῆιιὶοηί
2576 3872 2816 3926 ultimam
2850 3875 3187 3929 admovisset
3233 3893 3472 3945 manum,
3507 3882 3744 3937 animam

521 3972 723 4028 emavit
758 3972 920 4041 :ejus
944 3971 1110 4033 ﬁlius,
1146 3971 1377 4024 Carolus
1409 3968 1717 4031 Conradus,
1747 3982 1774 4017 a
1798 3964 2145 4018 Meermanno
2183 3969 2422 4027 rogatus,
2457 3959 2753 4013 secundum
2787 3962 3018 4014 schedas
3044 3973 3300 4031 paternas
3326 3981 3464 4034 opus
3487 3969 3742 4034 absolvit,

520 4062 663 4128 quod
692 4068 811 4129 post
852 4069 1083 4113 mortem
1115 4057 1243 4111 Ger.
1273 4055 1602 4109 Meermanni
1645 4052 1863 4106 tandem
1908 4049 2069 4114 hujus
2095 4048 2240 4102 lilius
2271 4047 2355 4100 Jo.
2390 4048 2450 4102 L.
2484 4048 2543 4102 Β.
2574 4047 2643 4101 de
2682 4048 2991 4103 Meermann
3022 4053 3196 4105 edidit
3227 4052 3602 4123 Supplementa
3626 4060 3746 4112 novi

520 4149 758 4202 thesauri
786 4147 957 4199 civilis
980 4158 1026 4199 et
1055 4146 1320 4207 cationici,
1361 4144 1525 4212 Hagm
1570 4141 1864 4203 Comitum,
1896 4139 2033 4193 1780
2075 4137 2172 4191 fol.
2209 4136 2328 4188 init.
2367 4151 2489 4189 cum
2529 4136 2882 4202 inscriptione
2910 4152 2928 4189 .'
2969 4136 3327 4194 Constantini
3372 4144 3749 4209 lluronmapuli

520 4239 776 4293 Manuale
809 4240 1005 4309 legum,
1031 4241 1150 4292 item
1177 4238 1309 4307 leges
1343 4238 1571 4306 agraria:
1593 4250 1658 4289 ea:
1692 4235 1854 4287 variis
1879 4231 2030 4285 codd.
2057 4228 2350 4283 emendavit
2377 4238 2532 4295 atque
2554 4229 2707 4280 auxit
2730 4245 2747 4292 ;
2779 4244 2909 4281 nova
2948 4232 3182 4284 versione
3209 4230 3403 4286 Latina
3429 4237 3745 4299 adornavit;

522 4335 776 4391 notasque
811 4338 856 4377 et
911 4325 1195 4378 observatt.
1223 4323 1574 4387 complurium
1608 4323 1966 4380 eruditorum,
2002 4327 2108 4369 tam
2141 4318 2312 4368 editas
2337 4314 2428 4383 (η.
2455 4313 2616 4369 Bern.
2651 4330 2681 4368 a
2716 4314 2853 4385 Rey,
2879 4315 2962 4371 Jo.
2997 4318 3244 4373 Mercerii
3270 4331 3324 4373 et
3358 4322 3511 4375 Di0n.
3542 4322 3747 4376 Gotho-

521 4412 703 4480 t'redi),
736 4429 893 4481 quant
921 4413 1173 4473 ineditus,
1209 4422 1261 4462 ut
1296 4419 1344 4463 et
1392 4425 1539 4471 suus,
1582 4407 1800 4475 adjecit,
1837 4420 1927 4458 nec
1968 4420 2071 4457 non
2099 4400 2152 4456 I.
2185 4399 2249 4456 G.
2277 4400 2507 4455 Sammet
2541 4399 2838 4456 Diatribom
2876 4406 2943 4458 de
2991 4405 3268 4475 llgpobolo
3304 4410 3575 4476 subjunxit
3614 4410 3738 4466 Gul.

517 4500 635 4556 Otto
661 4501 915 4555 Reitzius.
951 4497 1143 4553 Textui
1185 4497 1288 4552 Gr.
1318 4513 1493 4565 apag.
1526 4496 1549 4548 1
1588 4495 1819 4565 subjecit
1852 4494 2139 4548 lecticarum
2176 4493 2513 4556 varietatem,
2546 4491 2752 4545 scholia
2810 4502 2992 4545 vetera
3039 4503 3204 4561 atque
3256 4496 3590 4549 eruditorum
3624 4503 3734 4551 ani-

521 4588 960 4651 madversiones;
996 4589 1047 4639 in
1091 4585 1419 4639 I‘rmfatinne
1447 4594 1631 4636 autem
1675 4583 1903 4635 uberius
1953 4588 2202 4634 recenset
2230 4579 2499 4642 subsidia,
2527 4578 2724 4648 quibus
2758 4583 2825 4634 ad
2866 4583 3266 4636 emendandum
3311 4599 3464 4652 aeque
3509 4600 3572 4637 ac
3621 4587 3747 4638 illn-

520 4676 802 4730 atrandum
836 4672 1084 4727 Manuale
1118 4688 1250 4726 usus
1286 4679 1393 4725 est.
1437 4668 1512 4722 Ea
1546 4681 1727 4724 antem
1778 4668 1994 4723 luerunt
2026 4669 2133 4721 duo
2155 4664 2317 4720 codd.
2366 4664 2817 4730 Meermanniani,
2868 4670 3104 4724 ineditus
3146 4680 3503 4724 commentar.
3550 4672 3740 4726 Binan.

516 4763 717 4818 Soarez
751 4778 781 4815 a
813 4760 1072 4826 Ribeira;
1103 4763 1253 4814 obss.
1293 4769 1348 4812 ct
1393 4757 1714 4811 rollatioues
1746 4758 1811 4808 ad
1842 4756 2004 4808 codd.
2048 4754 2330 4808 anecdotze
2384 4754 2448 4806 Α.
2499 4752 2689 4820 Petrae,
2724 4755 2853 4809 Ant.
2879 4755 3084 4819 Gentii,
3135 4756 3304 4810 Gcrh.
3337 4756 3738 4825 Falkenbnrgii.

513 4847 625 4904 Jas.
660 4847 892 4915 Cujacii,
937 4845 1049 4901 Jos.
1092 4845 1375 4915 Scaligeri,
1408 4844 1598 4900 Claud.
1650 4842 1924 4904 Salmasii,
1957 4840 2091 4896 Abr.
2125 4840 2507 4913 llaverkampii
2566 4851 2624 4897 et
2671 4842 2757 4897 Jo.
2803 4844 2940 4897 Dan.
2992 4843 3211 4906 nitu-ri,
3238 4858 3467 4912 quorum
3518 4846 3743 4901 nltinms

520 4943 782 4997 lectiones
818 4957 964 4996 varr.
1008 4954 1063 4997 et
1085 4943 1200 4995 loca
1245 4942 1479 4997 Ietorum
1526 4939 1818 5007 exscripsit
1848 4953 1915 4993 ex
1965 4935 2365 5008 llarmenopulo
2394 4938 2624 5006 Cujacii,
2676 4955 2837 5007 quem
2892 4948 3075 4993 servat
3117 4939 3443 4993 bibliotheca
3492 4941 3728 4993 Senatu.

513 5029 830 5098 Lipsiensis,
864 5028 1043 5097 iisque
1078 5044 1209 5082 suas
1253 5030 1462 5082 addidit
1489 5029 1786 5081 observatt.
1818 5041 1939 5094 pag.
1977 5040 2050 5085 γι,
2075 5023 2290 5077 Pra-fat.
2327 5041 2393 5078 ex
2438 5028 2561 5080 cod.
2607 5024 2941 5080 Meermann.
2983 5027 3193 5094 integro
3247 5040 3406 5081 vetus
3440 5029 3736 5099 Πρὸχειρον

511 5119 675 5186 νόμον
706 5118 758 5169 in
789 5116 859 5169 ιο
903 5116 1161 5169 trilmtum
1207 5115 1393 5170 titulos
1432 5118 1771 5179 continente,
1808 5113 2008 5173 locum,
2044 5112 2109 5163 ad

2101 5112 2109 5162 |
2152 5113 2371 5164 initium
2409 5113 2764 5181 Προθεωρξας
2797 5102 3132 5181 11.ιί“ιιιθιιθρ.
3171 5113 3198 5184 §
3234 5113 3319 5177 18,
3355 5116 3733 5178 pertinentem,

515 5221 632 5257 cum
672 5207 847 5256 tabula
881 5204 1182 5269 titulorum,
1208 5202 1304 5257 Gr.
1332 5211 1385 5256 et
1416 5203 1534 5256 Lat.
1567 5219 1690 5255 cum
1725 5199 2060 5261 Vavassoris,
2089 5199 2221 5254 illud
2254 5201 2474 5263 edituri,
2508 5202 2732 5268 suisque
2768 5202 2910 5254 netis
2941 5202 3193 5267 insornit,
3223 5213 3279 5257 et
3322 5219 3441 5272 pag.
3478 5219 3530 5256 ix
3561 5204 3734 5256 anim-

510 5291 737 5356 adverit,
797 5293 896 5343 hoc
947 5290 1245 5359 Πρόχειρον
1277 5305 1382 5344 non
1419 5290 1563 5341 aliud
1611 5304 1750 5349 esse,
1784 5302 1845 5341 ac
1866 5288 2025 5354 cujus
2057 5288 2141 5351 litt

2103 5288 2242 5343 tulas
2267 5288 2314 5343 J.
2343 5290 2408 5341 11.
2441 5292 2614 5355 Majus
2648 5292 2699 5343 in
2722 5289 2858 5343 Bibl.
2891 5287 3340 5357 Ull'enbachiana,
3373 5308 3427 5360 p.
3460 5310 3498 5352 ι,
3532 5308 3585 5360 ρ.
3609 5292 3732 5351 522.

507 5380 775 5443 exhibuit,
802 5379 858 5432 in
880 5379 1212 5447 quibusdam
1243 5388 1423 5430 tamen
1456 5375 1675 5430 dilTerre
1697 5387 1852 5441 ;_tnm
1882 5391 2003 5443 pag.
2036 5390 2129 5427 xm
2155 5394 2278 5445 sqq.
2310 5390 2632 5445 repetuntur
2655 5378 2997 5446 superiorum
3037 5380 3334 5433 editionum
3362 5378 3734 5433 Dedicationes

506 5483 566 5519 ac
598 5464 973 5518 Przel‘ationes.
1002 5464 1264 5518 Sammeti
1297 5464 1570 5516 lliatrihen
1604 5463 1899 5529 excipiunt,
1927 5477 1979 5530 p.
2024 5461 2127 5515 586
2164 5479 2281 5531 sqq.
2320 5464 2456 5532 leges
2487 5466 2740 5535 agrarian
2767 5480 2833 5517 ex
2861 5474 3097 5531 quatuor
3128 5468 3296 5519 codd.
3335 5464 3734 5518 Sleermannia-

509 5553 590 5604 uis
626 5552 943 5612 emendata,
976 5549 1070 5603 Gr.
1104 5560 1155 5605 et
1193 5548 1311 5601 Lat.
1343 5564 1466 5600 eum
1502 5551 1642 5601 notis
1698 5548 1889 5600 Reitzii
1940 5560 1994 5601 et
2031 5550 2283 5601 aliorum.
2336 5550 2408 5601 Ex
2444 5551 2625 5600 indice
2672 5550 2955 5603 nominum
2991 5553 3339 5619 prepriorum
3386 5551 3453 5605 de
3489 5550 3731 5620 Magistri

573 5724 685 5793 (1‘2)
739 5721 796 5779 γ.
832 5694 953 5793 pag.
994 5723 1061 5778 16
1090 5724 1172 5777 ed.
1222 5723 1370 5778 Pohl.
1400 5690 1505 5790 qui
1542 5725 1592 5775 in
1642 5731 1750 5775 not.
1804 5724 1953 5791 plura
2002 5732 2054 5777 et
2096 5722 2324 5775 certiora
2361 5723 2424 5773 de
2464 5721 2649 5774 Const.
2688 5718 2943 5775 llarmeu.
2974 5725 3216 5792 scripsit.
