4156 6302
505 331 571 392 11
1695 338 1944 398 CONST.
1993 340 2042 397 ll

2161 343 2547 402 MENUI’UH
3637 339 3707 400 20

501 450 704 508 septem
749 441 873 494 folia
929 443 979 495 in
1017 455 1210 508 quarto
1246 442 1472 511 impleas
1518 454 1692 496 exstot
1743 446 2006 512 integrum
2063 447 2240 501 inalio
2281 450 2486 514 codice,
2518 463 2678 518 atque
2723 448 3090 503 inscribitur:
3134 445 3362 510 Λεξικδν
3401 443 3541 497 κατὰ
3569 460 3708 496 στοι-

494 532 637 598 χεῖον
675 530 932 598 περιέχον
967 531 1033 582 τά
1060 527 1389 597 πολυώνυμα
1421 529 1528 581 τῶν
1559 531 1837 599 ῥημάτων.
1877 531 2037 600 Incipi

2148 533 2394 600 Ἀγαπῶ,
2431 535 2591 602 φιλῶ.
2631 535 2763 589 Vide
2807 533 3109 588 Nesselium
3149 532 3216 597 |.,
3255 549 3308 600 p.
3363 530 3490 594 598,
3540 536 3594 584 et
3643 528 3706 581 IV

499 632 554 681 p.
616 615 736 669 120.
775 616 926 681 Quod
980 631 1107 669 vero
1151 617 1219 669 ab
1259 614 1483 683 Dupino,
1536 626 1664 670 tom.
1704 617 1771 670 IX
1824 618 2160 672 Bibliotheca:
2212 621 2456 684 scriptor.
2511 621 2708 674 Eccles.
2759 636 2811 688 ρ.
2842 620 2968 682 200,
3031 628 3358 672 memoratur
3411 617 3706 670 Har-meno-

499 701 608 767 puli
657 701 1070 754 Dictionarium.
1129 701 1482 754 Diclionnnire
1521 703 1590 753 du
1636 702 1772 755 droit
1819 704 1957 766 civil,
1991 706 2130 759 haud
2166 707 2437 761 diversum
2488 719 2568 762 cst
2602 708 2668 760 ab
2712 709 2832 776 ejus
2886 706 3263 774 Promptuario
3295 705 3400 758 sive
3457 701 3708 755 I’rodtilo

489 788 652 856 juris,
672 789 736 842 de
753 803 858 858 quo
883 802 1044 851 supra
1069 789 1289 842 dictum.
1315 785 1445 841 Vide
1470 788 1635 842 Baelii
1657 788 1904 856 Respons.
1930 793 1998 842 ad
2017 795 2330 858 quwstiones
2356 795 2580 848 hominis
2605 811 2630 848 e
2658 793 2955 857 Prorincia,
2976 807 3095 861 cap.
3121 791 3208 853 53,
3229 801 3338 845 tom
3361 790 3398 844 1.
3415 788 3576 857 p.482
3593 801 3710 851 seq.

569 875 654 928 11.
704 875 748 926 Α
795 874 1016 928 Nicolao
1062 873 1338 928 Conineno
1381 875 1434 926 in
1494 873 1922 930 Prcnotionibus
1973 881 2344 948 mustagogicis
2403 891 2678 948 praeterea
2729 880 2957 933 subinde
3017 880 3255 932 citantur
3321 873 3705 939 HarmenOpuli

491 969 701 1022 Stltolia
769 971 823 1021 in
872 969 1184 1030 Pandectas,
1231 969 1415 1038 p.235,
1449 969 1576 1030 2'58.
1608 969 1734 1032 259,
1763 969 1889 1035 268,
1918 972 2044 1037 282,
2077 973 2181 1026 400
2209 991 2224 1036 ;
2263 976 2315 1027 in
2346 976 2592 1034 codicem.
2657 990 2706 1042 p.
2739 975 2864 1033 320.
2897 973 3021 1037 521,
3054 973 3107 1026 in
3148 968 3418 1031 Nouellas,
3475 982 3528 1036 p.
3577 964 3702 1024 522.

495 1056 620 1123 588;
673 1057 726 1110 in
772 1056 1045 1110 Novellum
1095 1054 1299 1117 Leonis,
1351 1057 1480 1111 ibid.
1527 1067 1581 1111 et
1634 1056 1776 1122 197;
1808 1056 2035 1112 Libellus
2059 1061 2122 1113 de
2156 1062 2393 1125 testibus,
2444 1077 2493 1128 p.
2537 1061 2658 1124 $03;
2731 1058 2984 1113 Libellius
3027 1060 3088 1111 de
3130 1054 3428 1110 testimonio
3489 1066 3710 1120 quomo-

494 1147 561 1195 do
595 1145 713 1210 βαι,
785 1159 940 1211 quem
976 1144 1028 1196 in
1093 1158 1246 1196 suam
1314 1142 1585 1212 Syuopsin
1622 1144 1764 1210 juris
1809 1147 1996 1200 retulit
2044 1146 2281 1201 Thomas
2334 1147 2732 1214 Dipluvatacius
2775 1147 2848 1200 id.
2898 1145 3023 1199 584.
3071 1142 3310 1214 Epistola
3345 1141 3409 1194 2|
3454 1139 3522 1190 ad
3562 1137 3709 1191 δειε-

497 1245 633 1294 rum,
679 1247 730 1298 p.
765 1230 888 1284 226.
922 1230 1046 1284 56:2.
1093 1227 1234 1284 Idem
1281 1229 1588 1284 Comuenus
1651 1233 1931 1296 observat,
1971 1231 2423 1300 Harmenopulum
2484 1233 2714 1286 libenter
2787 1231 3036 1284 insistere
3103 1229 3345 1295 vestigiis
3392 1223 3498 1278 lCti
3571 1223 3710 1275 inter

493 1317 712 1371 Graecos
777 1316 1268 1384 celebrisTipuciti,
1313 1316 1496 1384 p.884;
1549 1330 1604 1370 et
1653 1333 1920 1372 canonum
1972 1318 2286 1386 interpretis
2359 1318 2627 1373 Theodori
2672 1317 2975 1378 Prodrouti,
3029 1332 3081 1384 p.
3126 1314 3251 1369 364.
3303 1311 3499 1366 Multus
3547 1307 3706 1363 etiam

497 1407 547 1454 in
599 1417 664 1456 eo
709 1401 1018 1457 Comnenus
1058 1412 1162 1467 est,
1197 1418 1250 1470 p.
1283 1403 1384 1455 ML
1438 1415 1489 1455 et
1530 1403 1660 1464 (251,
1699 1413 1758 1456 ιιι
1809 1402 2261 1473 Harmenopulum
2313 1404 2618 1458 Balsamoni
2655 1404 2923 1472 praeferat,
2971 1413 3023 1454 et
3057 1419 3084 1454 a
3118 1403 3408 1455 schismate
3445 1395 3708 1451 Pbotiauo

494 1490 721 1542 alienum
776 1489 948 1542 fuisse
988 1489 1198 1556 probet,
1274 1488 1600 1556 insultetque
1658 1489 1893 1544 Maximo
1965 1491 2265 1558 Margunio,
2331 1489 2704 1544 Balsamonem
2758 1505 2866 1557 pra.
2935 1489 3028 1541 illo
3099 1484 3398 1539 extollenti.
3445 1481 3706 1536 Eumdeut

496 1575 850 1643 Margunium,
907 1573 1289 1643 llarmennpuli
1339 1576 1604 1628 orationes
1655 1575 1934 1637 citantem,
1987 1577 2185 1630 refellit
2241 1591 2364 1645 pag.
2416 1575 2541 1640 272,
2596 1587 2864 1642 negatque
2936 1574 3209 1626 orationes
3278 1570 3414 1622 ullas
3467 1577 3557 1623 aut
3627 1565 3708 1617 di-

499 1663 639 1716 xisse
686 1662 886 1724 vivum,
926 1673 1015 1715 aut
1048 1662 1160 1716 fato
1216 1664 1455 1716 functum
1512 1663 1812 1730 reliquisse.
1857 1661 1978 1731 Ipse
2018 1665 2176 1726 enim,
2217 1663 2414 1731 inquit,
2461 1662 2612 1715 initia
2654 1659 3142 1734 commentariorum
3201 1671 3417 1708 suorum
3512 1654 3566 1703 in
3619 1650 3709 1702 Di-

495 1760 693 1816 gestum
732 1765 787 1802 se
836 1750 1181 1815 infacundum
1234 1761 1281 1803 et
1328 1752 1575 1804 tardioris
1625 1751 2070 1816 pronuntiationis
2113 1750 2368 1801 hominem
2415 1748 2635 1817 fatetur,
2678 1762 2894 1816 eamque
2935 1760 3152 1796 causam
3193 1742 3386 1808 adfert,
3439 1741 3499 1792 ob
3549 1754 3704 1806 quam

492 1851 523 1884 ιι
573 1834 811 1887 dicundis
849 1837 1017 1888 musis
1076 1839 1516 1901 inmemlemloque
1589 1838 1858 1889 clientibus
1934 1836 2221 1902 patrocinio
2271 1851 2323 1888 se
2379 1835 2651 1886 transtulit
2703 1835 2769 1886 ad
2826 1833 3134 1899 quietiorem
3179 1830 3388 1906 degunt
3450 1826 3710 1878 meditati-

492 1922 704 1970 tionem.

488 2111 814 2128 sM—“—-
848 2117 917 2122 ----—
986 2118 1060 2139 H-H"

1221 2297 2994 2472 ΚΩΝΣΤΑΝΤΙΝΟΥ

1519 2576 1746 2660 ΤΟΥ
1775 2577 2696 2663 ΛΡΜΕΝΟΠΟΥΛΟΥ

1006 2753 1378 2814 ΣΕΒΛΣΊῸΥ,
1415 2753 1533 2804 ΚΑΙ
1570 2753 2111 2818 ΝΟΜΟΦΥΛΔΚΟΣ,
2142 2754 2261 2806 ΚΑΙ
2312 2753 2570 2807 ΚΡΙΤΟΥ
2628 2753 3176 2824 ΘΕΣΣΑΛΟΚΙΝΗΣ,

1147 2915 1326 2969 ΠΕΡΙ
1380 2917 1478 2968 ΩΝ
1520 2915 1597 2966 Ol
1637 2915 1814 2966 ΚΑΤΑ
1874 2912 2164 2966 ΚΑΙΡΟΥΣ
2209 2910 2587 2965 ΑΙΡΕΤΙΚΟΙ
2650 2911 3045 2965 ΕΔΟΞΑΣΑΝ.

743 3239 2012 3396 CONSTANTINI
2077 3242 3459 3401 HARMENOPULI

1075 3511 1380 3573 SEBASTI.
1413 3510 1965 3576 NOMOPHYLACIS,
2000 3511 2086 3566 ET
2127 3509 2391 3566 JUDICIS
2430 3510 3124 3577 TIIESSAIDNICENSIS,

565 3669 674 3729 DE
715 3667 1232 3729 OPINIONIBUS
1281 3666 1909 3739 HIERETICORUM,
1941 3664 2080 3738 QUI
2115 3666 2472 3726 SINGULIS
2514 3665 3013 3726 TEMPORIBUS
3045 3665 3625 3728 EXSTITERUNT.

1797 3829 1888 3890 (Ex
1925 3828 2092 3878 Ducaai
2115 3828 2380 3891 supplem.)

555 4134 762 4198 Ariani,
799 4133 994 4190 Filium
1015 4132 1106 4188 Dei
1143 4145 1448 4190 creaturam
1483 4151 1607 4191 esse
1634 4135 1894 4202 dicentes,
1920 4149 2040 4189 ver-

2211 4130 2281 4184 a'.
2310 4132 2373 4183 Oi
2399 4134 2526 4200 περὶ
2556 4128 2646 4182 τὸν
2679 4129 2916 4196 Ἀρειον,
2947 4127 3150 4195 κτίσμα
3177 4128 3266 4179 τὸν
3298 4127 3424 4180 Υἱὸν
3448 4125 3540 4181 τοῦ
3570 4126 3706 4180 Θεοῦ

489 4224 612 4278 bum
640 4225 820 4277 istud:
859 4244 876 4275 ι
905 4227 1043 4278 Ante
1094 4241 1177 4279 me
1223 4227 1400 4280 factus
1431 4237 1536 4290 est,
1564 4245 1581 4276 ι
1623 4228 1761 4294 quod
1815 4241 2042 4291 evange-

2147 4223 2428 4289 λέγοντες,
2476 4221 2536 4272 τὸ
2587 4239 2605 4271 ι
2651 4218 3001 4287 Ἐμπροσθὲν
3047 4235 3150 4286 μου
3193 4219 3452 4286 γέγονεν,
3507 4238 3525 4270 ›
3570 4220 3705 4289 ὅπερ

485 4317 608 4368 lista
649 4313 884 4368 Joannes
941 4315 991 4369 in
1029 4331 1255 4383 persona
1297 4320 1648 4392 prmcursoris
1693 4327 1745 4370 et
1794 4318 2048 4386 Baptista:

483 4407 706 4461 Joannis
757 4407 1016 4475 protulit,
1069 4408 1206 4461 male
1256 4422 1350 4475 pro
1403 4423 1486 4472 eo,
1538 4423 1600 4462 ac
1654 4407 1698 4460 si
1749 4407 2046 4470 diceretur,

493 4521 508 4553 ι
543 4504 678 4553 Ante
711 4515 796 4553 me
825 4508 1040 4554 creatus
1081 4509 1182 4566 est,
1230 4519 1249 4550 ι
1287 4502 1726 4566 interpretantur.
1774 4497 1878 4551 Sed
1911 4498 2046 4551 male

485 4593 688 4645 sentire
741 4593 1172 4651 convincuntur,
1235 4605 1296 4642 ex
1361 4590 1452 4643 illo
1528 4598 1784 4657 sequente
1841 4592 2041 4642 verbo:

489 4704 506 4734 ι
539 4684 805 4748 Quoniam
849 4698 932 4736 me
961 4681 1110 4751 prior
1155 4690 1289 4734 erat.
1324 4700 1342 4732 ι
1378 4681 1606 4734 Omnino
1647 4681 1788 4732 enim
1833 4692 2044 4732 contra-

486 4775 620 4828 rium
656 4773 840 4828 dicere
869 4774 1120 4837 debebat,
1150 4773 1254 4827 hoc
1287 4772 1516 4840 quodam
1556 4771 1714 4825 modo
1744 4789 1758 4824 :
1792 4771 1870 4824 Me
1897 4771 2044 4838 prior

483 4876 584 4929 est,
619 4865 872 4933 quoniam
901 4865 1047 4933 prior
1077 4879 1162 4916 me
1197 4861 1370 4915 factus
1410 4871 1512 4916 est.
1544 4861 1649 4915 Nos
1680 4869 1854 4914 autem
1888 4860 2041 4923 illud,

484 4955 620 5006 Ante
659 4970 740 5006 me
776 4954 949 5009 factus
994 4963 1096 5020 est,
1129 4967 1226 5023 pro
1271 4967 1357 5016 eo,
1399 4969 1461 5007 ac
1496 4952 1540 5007 si
1585 4953 1876 5015 diceretur,
1921 4951 2044 5006 Glo-

485 5044 678 5098 riosior
701 5055 756 5097 et
788 5045 1097 5098 honoratior
1117 5060 1201 5098 me
1229 5043 1402 5098 factus
1438 5053 1540 5110 est,
1578 5054 1722 5097 recte
1748 5043 2044 5097 sentientes

483 5124 800 5202 accipimus.
854 5134 1178 5190 Refutautur
1213 5137 1397 5199 etiam,
1445 5150 1568 5188 cum
1627 5134 1870 5203 pluribus
1900 5135 2041 5201 aliis,

485 5242 592 5283 tum
654 5228 794 5297 quod
854 5227 990 5280 idem
1043 5227 1277 5283 Joannes
1327 5228 1566 5283 dixerit:
1612 5247 1630 5280 ι
1664 5227 1722 5281 lu
1777 5228 2043 5296 principio

482 5321 556 5384 (id
605 5331 707 5384 est,
756 5337 786 5373 a
837 5321 1123 5388 principio)
1163 5330 1277 5375 erat
1319 5319 1530 5384 Sermo,
1580 5327 1633 5372 et
1684 5320 1876 5373 Seruio
1926 5333 2042 5372 erat

484 5411 642 5465 Deus.
679 5430 696 5462 ι
735 5410 898 5463 [idem
945 5422 999 5462 et
1049 5411 1198 5469 illud,
1247 5428 1264 5460 ι
1295 5410 1484 5465 Omnia
1539 5424 1633 5480 per
1679 5410 1853 5479 ipsum
1904 5411 2037 5464 {ait}:

483 5515 626 5568 sunt,
663 5523 681 5554 ι
737 5505 887 5571 quasi
926 5518 1018 5570 per
1052 5504 1466 5557 instrumentum
1519 5503 1788 5571 quoddam
1842 5503 2036 5555 iutelii-

479 5601 675 5662 gebant
704 5613 717 5659 ;
751 5604 872 5663 puta
912 5610 1141 5654 serram,
1179 5595 1390 5648 aliudve
1431 5598 1554 5648 tale.
1585 5578 1699 5648 Nos
1729 5604 1907 5647 autem
1941 5597 2039 5646 hoc

423 5691 428 5696 ’
472 5704 540 5746 ua
585 5691 796 5745 dictum
851 5686 1165 5751 arripimus,
1215 5697 1272 5741 ut
1327 5689 1469 5755 loqui
1513 5686 1786 5743 solemus,
1859 5701 2036 5753 regem

2160 4313 2410 4381 Ἰωάννης
2453 4312 2480 4361 ὁ
2528 4309 2928 4377 Εὐαγγελιστὴς
2977 4311 3040 4362 ὲκ
3091 4312 3385 4380 προσώπου
3431 4312 3577 4378 λέγει
3610 4310 3706 4363 τοῦ

2149 4403 2455 4472 προδρόμου
2487 4401 2581 4454 καὶ
2624 4400 2929 4455 Βαπτιστοῠ
2977 4399 3221 4454 Ἰωάννου
3249 4445 3264 4467 ,
3296 4403 3420 4455 ἀντὶ
3446 4403 3563 4468 τοῦ,
3597 4402 3707 4472 Πρὸ

2147 4494 2281 4564 ἐμοῦ
2303 4493 2549 4562 ἐκτίσθη,
2577 4492 3033 4562 παρεξηγοῦνται.
3073 4492 3417 4560 Ἐλέγχονται
3439 4493 3494 4545 δὲ
3519 4493 3704 4555 κακῶς

2147 4588 2381 4656 φρονεῖν,
2426 4587 2489 4638 ἐκ
2538 4585 2631 4638 τοῦ
2683 4586 2798 4654 μετ’
2839 4584 3008 4637 αὑτόο
3044 4583 3186 4635 Διότι
3236 4584 3449 4651 πρῶτός
3475 4601 3578 4652 μου
3615 4579 3702 4653 ἦν.

2148 4676 2469 4731 Τοὺναντίον
2510 4677 2616 4745 γὰρ
2651 4677 2866 4735 πάντως
2897 4676 3071 4726 εἰπεῖν
3103 4673 3351 4739 ὤφειλεν,
3382 4675 3465 4726 ὅτι
3489 4674 3705 4743 Πρῶτός

2150 4767 2249 4836 μού
2278 4769 2415 4828 ἐστι.
2438 4767 2569 4818 διότι
2599 4766 2810 4835 πρῶτός
2851 4781 2953 4834 μου
2979 4766 3223 4832 γέγονεν.
3271 4764 3409 4815 Ἀλλ’
3435 4765 3595 4832 ἡμεῖς
3621 4763 3701 4828 τὸ,

2150 4856 2496 4928 Ἐμπροσοέν
2532 4874 2632 4927 μου
2660 4855 2903 4924 γέγονεν,
2935 4855 3054 4906 ἀντὶ
3073 4853 3188 4918 τοῦ,
3234 4853 3599 4925 Ἐνδοξὸτερος
3617 4856 3708 4908 καὶ

2148 4950 2540 5020 προτιμότερός
2578 4967 2680 5018 μου
2714 4949 2957 5016 γέγονεν,
2987 4946 3164 5013 ὀρθῶς
3196 4945 3520 5014 φρονοῦντες
3555 4947 3702 5000 νοοῦ-

2150 5062 2266 5112 μεν.
2289 5044 2634 5111 Ἐλέγχονται
2663 5042 2719 5093 δὲ
2745 5043 2838 5092 καὶ
2859 5040 2917 5104 ἐξ
2942 5040 3117 5094 ἄλλων
3147 5039 3378 5100 πολλῶν.
3407 5041 3500 5092 καὶ
3525 5043 3587 5093 ὲκ
3611 5040 3705 5092 τοῦ

2146 5139 2319 5188 εἰπεῖν
2362 5136 2439 5188 τὸν
2472 5136 2631 5186 αὐτὸν
2673 5134 2922 5203 Ἰωάννην
2950 5148 2963 5161 ’
2996 5150 3016 5184 ‹
3064 5133 3151 5184 Ἐν
3180 5133 3321 5202 ἀρχῇ
3355 5127 3420 5198 ἦν
3455 5132 3483 5184 ὁ
3514 5131 3704 5198 Λόγος,

2149 5231 2305 5297 (ὅπερ
2342 5227 2506 5290 ἑστὶνν
2544 5227 2601 5292 ἐξ
2649 5226 2842 5295 ἀρχῆς)
2879 5226 2972 5277 καὶ
3008 5224 3143 5287 Θεὸς
3173 5221 3239 5296 ἦν
3276 5226 3303 5276 ὁ
3347 5226 3536 5291 Λόγος.
3580 5241 3598 5273 ι
3643 5222 3707 5274 Οἱ

2145 5321 2298 5372 αὐτοὶ
2331 5319 2544 5381 καὶτὸ,
2583 5337 2600 5369 ι
2643 5319 2824 5370 Πάντα
2864 5318 2930 5370 δι’
2967 5316 3133 5370 αὐτοῦ
3176 5316 3413 5383 ἐγένετο,
3453 5332 3470 5364 ι
3521 5313 3596 5375 ὡς
3637 5312 3706 5364 δι’

2147 5411 2378 5479 ὀργάνου
2428 5409 2570 5470 τινος
2617 5410 2882 5477 ἐνόησανο
2936 5408 3150 5478 πρίονος
3198 5408 3390 5475 τυχὸν,
3431 5405 3463 5473 ἢ
3514 5405 3704 5472 ἐτέρου

2145 5502 2409 5554 τοιούτου.
2450 5501 2586 5553 Ἀλλ’
2617 5503 2796 5569 ἡμεῖς,
2819 5501 2891 5563 ὡς
2920 5501 2986 5552 δι’
3021 5499 3138 5551 υἱοῦ
3173 5499 3355 5566 φαμὲν
3375 5498 3706 5563 τὸνβασιλέα

2147 5592 2301 5660 τήνδε
2333 5592 2494 5658 τυχὸν
2543 5592 2723 5642 κτίσαι
2761 5591 2926 5652 πόλιν,
2959 5591 3102 5642 οὕτω
3137 5592 3228 5640 καὶ
3260 5588 3417 5639 τοῦτο
3458 5587 3703 5655 νοοῦμεν.

2148 5687 2208 5735 υἱ
2243 5683 2390 5733 αὐτοὶ
2430 5683 2520 5732 καὶ
2555 5683 2810 5750 μονογενῆ
2842 5683 2932 5733 τδν
2984 5683 3102 5733 Γὶδν
3136 5679 3226 5729 τοῦ
3261 5678 3394 5728 (ν)εοῦ
3429 5678 3702 5745 λέγουσιν,
