  <div class='ocr_page' id='page_1' title='image "/cluster/home/n/w/nwhite01/storage/ocr_20150623/150/mdp.39015078384743/018.png"; bbox 0 0 4156 6302; ppageno 0'>
   <div class='ocr_carea' id='block_1_1' title="bbox 389 287 1974 361">
    <p class='ocr_par' dir='ltr' id='par_1_1' title="bbox 389 288 1974 361">
     <span class='ocr_line' id='line_1_1' title="bbox 389 288 1974 361; baseline 0.009 -28"><span class='ocrx_word' id='word_1_1' title='bbox 389 299 454 361; x_wconf 66' lang='grc' dir='ltr'><strong>ε,</strong></span> <span class='ocrx_word' id='word_1_2' title='bbox 828 336 831 339; x_wconf 70' lang='lat'>.</span> <span class='ocrx_word' id='word_1_3' title='bbox 969 322 974 327; x_wconf 83' lang='lat'><strong>.</strong></span> <span class='ocrx_word' id='word_1_4' title='bbox 1670 290 1770 352; x_wconf 87' lang='lat' dir='ltr'><strong>DE</strong></span> <span class='ocrx_word' id='word_1_5' title='bbox 1807 288 1974 350; x_wconf 68' lang='lat' dir='ltr'><strong>HAEB</strong></span> 
     </span>
    </p>
   </div>
   <div class='ocr_carea' id='block_1_2' title="bbox 2077 287 2287 361">
    <p class='ocr_par' dir='ltr' id='par_1_2' title="bbox 2077 287 2287 350">
     <span class='ocr_line' id='line_1_2' title="bbox 2077 287 2287 350; baseline 0.033 -10"><span class='ocrx_word' id='word_1_6' title='bbox 2077 287 2287 350; x_wconf 79' lang='lat' dir='ltr'><strong>.IBUS.</strong></span> 
     </span>
    </p>
   </div>
   <div class='ocr_carea' id='block_1_3' title="bbox 3541 280 3616 345">
    <p class='ocr_par' dir='ltr' id='par_1_3' title="bbox 3541 280 3616 345">
     <span class='ocr_line' id='line_1_3' title="bbox 3541 280 3616 345; baseline 0 0"><span class='ocrx_word' id='word_1_7' title='bbox 3541 280 3616 345; x_wconf 75' lang='lat'><strong>22</strong></span> 
     </span>
    </p>
   </div>
   <div class='ocr_carea' id='block_1_4' title="bbox 390 399 1974 482">
    <p class='ocr_par' dir='ltr' id='par_1_4' title="bbox 390 408 1948 482">
     <span class='ocr_line' id='line_1_4' title="bbox 390 408 1948 482; baseline -0.001 -21"><span class='ocrx_word' id='word_1_8' title='bbox 390 410 467 472; x_wconf 83' lang='grc' dir='ltr'><strong>ὡς</strong></span> <span class='ocrx_word' id='word_1_9' title='bbox 500 409 663 479; x_wconf 74' lang='grc' dir='ltr'><strong>μόνον</strong></span> <span class='ocrx_word' id='word_1_10' title='bbox 706 410 997 482; x_wconf 79' lang='grc' dir='ltr'><strong>γενόμενον</strong></span> <span class='ocrx_word' id='word_1_11' title='bbox 1027 410 1121 464; x_wconf 76' lang='grc' dir='ltr'><strong>ὑπ’</strong></span> <span class='ocrx_word' id='word_1_12' title='bbox 1150 408 1317 465; x_wconf 76' lang='grc' dir='ltr'><strong>αὐτοῦ</strong></span> <span class='ocrx_word' id='word_1_13' title='bbox 1338 425 1353 442; x_wconf 93' lang='grc'><strong>⁸</strong></span> <span class='ocrx_word' id='word_1_14' title='bbox 1390 409 1466 472; x_wconf 81' lang='grc' dir='ltr'><strong>ὡς</strong></span> <span class='ocrx_word' id='word_1_15' title='bbox 1508 409 1614 461; x_wconf 81' lang='grc' dir='ltr'><strong>τῶν</strong></span> <span class='ocrx_word' id='word_1_16' title='bbox 1643 408 1818 464; x_wconf 77' lang='grc' dir='ltr'><strong>ἄλλων</strong></span> <span class='ocrx_word' id='word_1_17' title='bbox 1855 408 1948 460; x_wconf 77' lang='grc' dir='ltr'><strong>ὑπ’</strong></span> 
     </span>
    </p>
   </div>
   <div class='ocr_carea' id='block_1_5' title="bbox 2077 399 3622 482">
    <p class='ocr_par' dir='ltr' id='par_1_5' title="bbox 2077 399 3622 466">
     <span class='ocr_line' id='line_1_5' title="bbox 2077 399 3622 466; baseline -0.001 -10"><span class='ocrx_word' id='word_1_18' title='bbox 2077 419 2147 458; x_wconf 62' lang='grc' dir='ltr'><strong>μοι·</strong></span> <span class='ocrx_word' id='word_1_19' title='bbox 2190 403 2354 458; x_wconf 84' lang='lat' dir='ltr'><strong>lilium</strong></span> <span class='ocrx_word' id='word_1_20' title='bbox 2400 403 2673 458; x_wconf 81' lang='lat' dir='ltr'><strong>civitatem</strong></span> <span class='ocrx_word' id='word_1_21' title='bbox 2709 404 2947 466; x_wconf 81' lang='lat' dir='ltr'><strong>aliquam</strong></span> <span class='ocrx_word' id='word_1_22' title='bbox 2998 401 3331 456; x_wconf 77' lang='lat' dir='ltr'><strong>condidisse.</strong></span> <span class='ocrx_word' id='word_1_23' title='bbox 3363 399 3532 454; x_wconf 85' lang='lat' dir='ltr'><strong>Iidem</strong></span> <span class='ocrx_word' id='word_1_24' title='bbox 3562 408 3622 455; x_wconf 85' lang='lat' dir='ltr'><strong>et</strong></span> 
     </span>
    </p>
   </div>
   <div class='ocr_carea' id='block_1_6' title="bbox 395 500 1954 572">
    <p class='ocr_par' dir='ltr' id='par_1_6' title="bbox 395 500 1954 572">
     <span class='ocr_line' id='line_1_6' title="bbox 395 500 1954 572; baseline 0.001 -18"><span class='ocrx_word' id='word_1_25' title='bbox 395 500 560 555; x_wconf 84' lang='grc' dir='ltr'><strong>αὐτοῦ</strong></span> <span class='ocrx_word' id='word_1_26' title='bbox 592 501 731 570; x_wconf 88' lang='grc' dir='ltr'><strong>τάχα</strong></span> <span class='ocrx_word' id='word_1_27' title='bbox 761 502 852 555; x_wconf 89' lang='grc' dir='ltr'><strong>τοῦ</strong></span> <span class='ocrx_word' id='word_1_28' title='bbox 871 501 1108 572; x_wconf 77' lang='grc' dir='ltr'><strong>Χριστοῦ</strong></span> <span class='ocrx_word' id='word_1_29' title='bbox 1130 501 1457 570; x_wconf 77' lang='grc' dir='ltr'><strong>γενομένων.</strong></span> <span class='ocrx_word' id='word_1_30' title='bbox 1498 501 1687 569; x_wconf 76' lang='grc' dir='ltr'><strong>Ἡμεῖς</strong></span> <span class='ocrx_word' id='word_1_31' title='bbox 1714 502 1769 555; x_wconf 73' lang='grc' dir='ltr'><strong>δὲ</strong></span> <span class='ocrx_word' id='word_1_32' title='bbox 1800 519 1954 570; x_wconf 87' lang='grc' dir='ltr'><strong>μονο-</strong></span> 
     </span>
    </p>
   </div>
   <div class='ocr_carea' id='block_1_7' title="bbox 2059 489 3621 562">
    <p class='ocr_par' dir='ltr' id='par_1_7' title="bbox 2059 489 3621 562">
     <span class='ocr_line' id='line_1_7' title="bbox 2059 489 3621 562; baseline -0.002 -15"><span class='ocrx_word' id='word_1_33' title='bbox 2059 494 2347 562; x_wconf 73' lang='lat' dir='ltr'><strong>unigenam</strong></span> <span class='ocrx_word' id='word_1_34' title='bbox 2401 492 2490 547; x_wconf 88' lang='lat' dir='ltr'><strong>Dei</strong></span> <span class='ocrx_word' id='word_1_35' title='bbox 2532 491 2727 546; x_wconf 85' lang='lat' dir='ltr'><strong>Filiqu</strong></span> <span class='ocrx_word' id='word_1_36' title='bbox 2773 493 2978 557; x_wconf 86' lang='lat' dir='ltr'><strong>dicunt,</strong></span> <span class='ocrx_word' id='word_1_37' title='bbox 3017 490 3173 560; x_wconf 82' lang='lat' dir='ltr'><strong>quasi</strong></span> <span class='ocrx_word' id='word_1_38' title='bbox 3212 489 3304 559; x_wconf 90' lang='lat' dir='ltr'><strong>qui</strong></span> <span class='ocrx_word' id='word_1_39' title='bbox 3356 490 3505 544; x_wconf 79' lang='lat' dir='ltr'><strong>solus</strong></span> <span class='ocrx_word' id='word_1_40' title='bbox 3551 491 3621 544; x_wconf 79' lang='lat' dir='ltr'><strong>ab</strong></span> 
     </span>
    </p>
   </div>
   <div class='ocr_carea' id='block_1_8' title="bbox 395 579 1974 663">
    <p class='ocr_par' dir='ltr' id='par_1_8' title="bbox 395 590 1952 663">
     <span class='ocr_line' id='line_1_8' title="bbox 395 590 1952 663; baseline 0 -18"><span class='ocrx_word' id='word_1_41' title='bbox 395 593 531 661; x_wconf 85' lang='grc' dir='ltr'><strong>γενῆ</strong></span> <span class='ocrx_word' id='word_1_42' title='bbox 557 593 744 645; x_wconf 84' lang='grc' dir='ltr'><strong>τοῦτον</strong></span> <span class='ocrx_word' id='word_1_43' title='bbox 773 593 972 663; x_wconf 76' lang='grc' dir='ltr'><strong>φαμὲν,</strong></span> <span class='ocrx_word' id='word_1_44' title='bbox 1002 592 1076 656; x_wconf 84' lang='grc' dir='ltr'><strong>ὡς</strong></span> <span class='ocrx_word' id='word_1_45' title='bbox 1109 592 1267 662; x_wconf 83' lang='grc' dir='ltr'><strong>μόνον</strong></span> <span class='ocrx_word' id='word_1_46' title='bbox 1289 593 1543 662; x_wconf 73' lang='grc' dir='ltr'><strong>ἀρρήτως</strong></span> <span class='ocrx_word' id='word_1_47' title='bbox 1566 591 1625 655; x_wconf 70' lang='grc' dir='ltr'><strong>ἐξ</strong></span> <span class='ocrx_word' id='word_1_48' title='bbox 1651 590 1816 644; x_wconf 79' lang='grc' dir='ltr'><strong>αὑτοῦ</strong></span> <span class='ocrx_word' id='word_1_49' title='bbox 1844 594 1952 662; x_wconf 82' lang='grc' dir='ltr'><strong>πρὸ</strong></span> 
     </span>
    </p>
   </div>
   <div class='ocr_carea' id='block_1_9' title="bbox 2077 579 3627 663">
    <p class='ocr_par' dir='ltr' id='par_1_9' title="bbox 2077 579 3627 650">
     <span class='ocr_line' id='line_1_9' title="bbox 2077 579 3627 650; baseline -0.003 -12"><span class='ocrx_word' id='word_1_50' title='bbox 2077 598 2122 638; x_wconf 66' lang='lat' dir='ltr'><strong>eo</strong></span> <span class='ocrx_word' id='word_1_51' title='bbox 2155 582 2331 637; x_wconf 78' lang='lat' dir='ltr'><strong>factus</strong></span> <span class='ocrx_word' id='word_1_52' title='bbox 2370 583 2461 647; x_wconf 80' lang='lat' dir='ltr'><strong>sit,</strong></span> <span class='ocrx_word' id='word_1_53' title='bbox 2510 582 2725 636; x_wconf 63' lang='lat' dir='ltr'><strong>ueteris</strong></span> <span class='ocrx_word' id='word_1_54' title='bbox 2764 583 2831 635; x_wconf 88' lang='lat' dir='ltr'><strong>ab</strong></span> <span class='ocrx_word' id='word_1_55' title='bbox 2879 582 2997 650; x_wconf 85' lang='lat' dir='ltr'><strong>ipso</strong></span> <span class='ocrx_word' id='word_1_56' title='bbox 3038 580 3172 634; x_wconf 73' lang='lat' dir='ltr'><strong>forte</strong></span> <span class='ocrx_word' id='word_1_57' title='bbox 3200 579 3419 635; x_wconf 79' lang='lat' dir='ltr'><strong>Christo</strong></span> <span class='ocrx_word' id='word_1_58' title='bbox 3448 579 3627 633; x_wconf 79' lang='lat' dir='ltr'><strong>factis.</strong></span> 
     </span>
    </p>
   </div>
   <div class='ocr_carea' id='block_1_10' title="bbox 396 681 1955 751">
    <p class='ocr_par' dir='ltr' id='par_1_10' title="bbox 396 681 1955 751">
     <span class='ocr_line' id='line_1_10' title="bbox 396 681 1955 751; baseline 0.001 -14"><span class='ocrx_word' id='word_1_59' title='bbox 396 683 505 737; x_wconf 83' lang='grc' dir='ltr'><strong>τῶν</strong></span> <span class='ocrx_word' id='word_1_60' title='bbox 534 681 741 738; x_wconf 86' lang='grc' dir='ltr'><strong>αίὼνων</strong></span> <span class='ocrx_word' id='word_1_61' title='bbox 772 685 1025 738; x_wconf 80' lang='grc' dir='ltr'><strong>ἁπάντων</strong></span> <span class='ocrx_word' id='word_1_62' title='bbox 1047 683 1460 751; x_wconf 85' lang='grc' dir='ltr'><strong>γεγεννημένον.</strong></span> <span class='ocrx_word' id='word_1_63' title='bbox 1486 684 1594 736; x_wconf 78' lang='lat' dir='ltr'><strong>Kal</strong></span> <span class='ocrx_word' id='word_1_64' title='bbox 1623 681 1758 735; x_wconf 73' lang='grc' dir='ltr'><strong>ἄλλα</strong></span> <span class='ocrx_word' id='word_1_65' title='bbox 1785 683 1955 738; x_wconf 77' lang='grc' dir='ltr'><strong>πολλὰ</strong></span> 
     </span>
    </p>
   </div>
   <div class='ocr_carea' id='block_1_11' title="bbox 394 772 1956 845">
    <p class='ocr_par' dir='ltr' id='par_1_11' title="bbox 394 772 1956 845">
     <span class='ocr_line' id='line_1_11' title="bbox 394 772 1956 845; baseline 0.002 -19"><span class='ocrx_word' id='word_1_66' title='bbox 394 773 614 827; x_wconf 85' lang='grc' dir='ltr'><strong>τοιαῦτα</strong></span> <span class='ocrx_word' id='word_1_67' title='bbox 664 773 1124 845; x_wconf 69' lang='grc' dir='ltr'><strong>παρεξηγοῦνται,</strong></span> <span class='ocrx_word' id='word_1_68' title='bbox 1174 772 1274 843; x_wconf 81' lang='grc' dir='ltr'><strong>τὴν</strong></span> <span class='ocrx_word' id='word_1_69' title='bbox 1322 774 1530 827; x_wconf 78' lang='grc' dir='ltr'>οἰκείαν</span> <span class='ocrx_word' id='word_1_70' title='bbox 1569 774 1782 845; x_wconf 73' lang='grc' dir='ltr'><strong>αἵρεσιν</strong></span> <span class='ocrx_word' id='word_1_71' title='bbox 1825 792 1956 828; x_wconf 83' lang='grc' dir='ltr'><strong>συν-</strong></span> 
     </span>
    </p>
   </div>
   <div class='ocr_carea' id='block_1_12' title="bbox 401 882 674 931">
    <p class='ocr_par' dir='ltr' id='par_1_12' title="bbox 401 882 674 931">
     <span class='ocr_line' id='line_1_12' title="bbox 401 882 674 931; baseline 0.011 -13"><span class='ocrx_word' id='word_1_72' title='bbox 401 882 674 931; x_wconf 85' lang='grc' dir='ltr'><strong>ιστωντες.</strong></span> 
     </span>
    </p>
   </div>
   <div class='ocr_carea' id='block_1_13' title="bbox 469 1036 1964 1115">
    <p class='ocr_par' dir='ltr' id='par_1_13' title="bbox 469 1036 1964 1115">
     <span class='ocr_line' id='line_1_13' title="bbox 469 1036 1964 1115; baseline -0.002 -15"><span class='ocrx_word' id='word_1_73' title='bbox 469 1045 534 1114; x_wconf 81' lang='grc' dir='ltr'><strong>β’.</strong></span> <span class='ocrx_word' id='word_1_74' title='bbox 568 1046 630 1097; x_wconf 79' lang='lat' dir='ltr'><strong>Oi</strong></span> <span class='ocrx_word' id='word_1_75' title='bbox 665 1045 792 1115; x_wconf 73' lang='grc' dir='ltr'><strong>περὶ</strong></span> <span class='ocrx_word' id='word_1_76' title='bbox 814 1044 905 1097; x_wconf 83' lang='grc' dir='ltr'><strong>τδν</strong></span> <span class='ocrx_word' id='word_1_77' title='bbox 936 1036 1282 1108; x_wconf 48' lang='grc' dir='ltr'><strong>Μακεδᾶνιον,</strong></span> <span class='ocrx_word' id='word_1_78' title='bbox 1323 1046 1504 1098; x_wconf 72' lang='grc' dir='ltr'><strong>δοῦλον</strong></span> <span class='ocrx_word' id='word_1_79' title='bbox 1546 1048 1635 1098; x_wconf 74' lang='grc' dir='ltr'><strong>καὶ</strong></span> <span class='ocrx_word' id='word_1_80' title='bbox 1666 1048 1870 1114; x_wconf 78' lang='grc' dir='ltr'><strong>κτίσμα</strong></span> <span class='ocrx_word' id='word_1_81' title='bbox 1902 1049 1964 1101; x_wconf 78' lang='grc' dir='ltr'><strong>τὸ</strong></span> 
     </span>
    </p>
   </div>
   <div class='ocr_carea' id='block_1_14' title="bbox 401 1134 1965 1210">
    <p class='ocr_par' dir='ltr' id='par_1_14' title="bbox 401 1134 1965 1210">
     <span class='ocr_line' id='line_1_14' title="bbox 401 1134 1965 1210; baseline 0.003 -24"><span class='ocrx_word' id='word_1_82' title='bbox 401 1136 664 1202; x_wconf 67' lang='grc' dir='ltr'><strong>πανάγιον</strong></span> <span class='ocrx_word' id='word_1_83' title='bbox 689 1134 940 1202; x_wconf 77' lang='grc' dir='ltr'><strong>λέγοντες</strong></span> <span class='ocrx_word' id='word_1_84' title='bbox 973 1134 1214 1203; x_wconf 82' lang='grc' dir='ltr'><strong>Πνεῦμα,</strong></span> <span class='ocrx_word' id='word_1_85' title='bbox 1243 1138 1332 1188; x_wconf 72' lang='grc' dir='ltr'><strong>καὶ</strong></span> <span class='ocrx_word' id='word_1_86' title='bbox 1363 1136 1423 1187; x_wconf 85' lang='grc' dir='ltr'><strong>τὸ</strong></span> <span class='ocrx_word' id='word_1_87' title='bbox 1449 1138 1599 1206; x_wconf 71' lang='grc' dir='ltr'><strong>παρὰ</strong></span> <span class='ocrx_word' id='word_1_88' title='bbox 1624 1136 1701 1206; x_wconf 82' lang='grc' dir='ltr'><strong>τῷ</strong></span> <span class='ocrx_word' id='word_1_89' title='bbox 1742 1137 1965 1210; x_wconf 77' lang='grc' dir='ltr'><strong>Ἰωάννῃ</strong></span> 
     </span>
    </p>
   </div>
   <div class='ocr_carea' id='block_1_15' title="bbox 401 1214 1964 1296">
    <p class='ocr_par' dir='ltr' id='par_1_15' title="bbox 401 1214 1964 1296">
     <span class='ocr_line' id='line_1_15' title="bbox 401 1214 1964 1296; baseline 0.003 -20"><span class='ocrx_word' id='word_1_90' title='bbox 401 1228 581 1294; x_wconf 79' lang='grc' dir='ltr'><strong>ῥητὸν.</strong></span> <span class='ocrx_word' id='word_1_91' title='bbox 611 1225 672 1278; x_wconf 73' lang='grc' dir='ltr'><strong>τὸ</strong></span> <span class='ocrx_word' id='word_1_92' title='bbox 690 1227 920 1293; x_wconf 71' lang='grc' dir='ltr'><strong>φάσκον,</strong></span> <span class='ocrx_word' id='word_1_93' title='bbox 952 1228 1058 1278; x_wconf 73' lang='lat' dir='ltr'><strong>Kal</strong></span> <span class='ocrx_word' id='word_1_94' title='bbox 1088 1214 1256 1296; x_wconf 75' lang='grc' dir='ltr'><strong>χωρὶς</strong></span> <span class='ocrx_word' id='word_1_95' title='bbox 1277 1227 1440 1280; x_wconf 84' lang='grc' dir='ltr'><strong>αὐτοῦ</strong></span> <span class='ocrx_word' id='word_1_96' title='bbox 1475 1227 1696 1292; x_wconf 70' lang='grc' dir='ltr'><strong>ἐγένετο</strong></span> <span class='ocrx_word' id='word_1_97' title='bbox 1725 1228 1848 1281; x_wconf 73' lang='grc' dir='ltr'><strong>οὐδὲ</strong></span> <span class='ocrx_word' id='word_1_98' title='bbox 1875 1229 1964 1295; x_wconf 72' lang='grc' dir='ltr'><strong>ἓν,</strong></span> 
     </span>
    </p>
   </div>
   <div class='ocr_carea' id='block_1_16' title="bbox 400 1314 1962 1389">
    <p class='ocr_par' dir='ltr' id='par_1_16' title="bbox 400 1314 1962 1389">
     <span class='ocr_line' id='line_1_16' title="bbox 400 1314 1962 1389; baseline 0.006 -22"><span class='ocrx_word' id='word_1_99' title='bbox 400 1314 635 1368; x_wconf 75' lang='grc' dir='ltr'><strong>ἐνταῦθα</strong></span> <span class='ocrx_word' id='word_1_100' title='bbox 656 1315 953 1381; x_wconf 80' lang='grc' dir='ltr'><strong>στίξαντες,</strong></span> <span class='ocrx_word' id='word_1_101' title='bbox 982 1317 1077 1367; x_wconf 81' lang='grc' dir='ltr'><strong>ἀπ’</strong></span> <span class='ocrx_word' id='word_1_102' title='bbox 1094 1316 1260 1386; x_wconf 75' lang='grc' dir='ltr'><strong>ἄλλης</strong></span> <span class='ocrx_word' id='word_1_103' title='bbox 1291 1318 1466 1389; x_wconf 74' lang='grc' dir='ltr'><strong>ἀρχῆς</strong></span> <span class='ocrx_word' id='word_1_104' title='bbox 1493 1314 1765 1384; x_wconf 68' lang='grc' dir='ltr'><strong>λέγουσιν,</strong></span> <span class='ocrx_word' id='word_1_105' title='bbox 1790 1322 1856 1374; x_wconf 84' lang='lat'><strong>&#39;0</strong></span> <span class='ocrx_word' id='word_1_106' title='bbox 1873 1321 1962 1388; x_wconf 71' lang='grc' dir='ltr'><strong>γέ-</strong></span> 
     </span>
    </p>
   </div>
   <div class='ocr_carea' id='block_1_17' title="bbox 379 1394 1965 1479">
    <p class='ocr_par' dir='ltr' id='par_1_17' title="bbox 379 1394 1965 1479">
     <span class='ocr_line' id='line_1_17' title="bbox 379 1394 1965 1479; baseline 0.007 -26"><span class='ocrx_word' id='word_1_107' title='bbox 379 1394 592 1467; x_wconf 80' lang='grc' dir='ltr'><strong>γονεν,</strong></span> <span class='ocrx_word' id='word_1_108' title='bbox 622 1405 681 1457; x_wconf 68' lang='grc' dir='ltr'><strong>ιν</strong></span> <span class='ocrx_word' id='word_1_109' title='bbox 709 1404 858 1474; x_wconf 82' lang='grc' dir='ltr'><strong>αὐτῷ</strong></span> <span class='ocrx_word' id='word_1_110' title='bbox 888 1405 999 1474; x_wconf 82' lang='grc' dir='ltr'><strong>ζωὴ</strong></span> <span class='ocrx_word' id='word_1_111' title='bbox 1037 1400 1134 1476; x_wconf 77' lang='grc' dir='ltr'><strong>ἧν,</strong></span> <span class='ocrx_word' id='word_1_112' title='bbox 1170 1407 1300 1475; x_wconf 78' lang='grc' dir='ltr'><strong>περὶ</strong></span> <span class='ocrx_word' id='word_1_113' title='bbox 1331 1406 1423 1460; x_wconf 84' lang='grc' dir='ltr'><strong>τοῦ</strong></span> <span class='ocrx_word' id='word_1_114' title='bbox 1456 1407 1612 1474; x_wconf 79' lang='grc' dir='ltr'><strong>άγέου</strong></span> <span class='ocrx_word' id='word_1_115' title='bbox 1653 1409 1965 1479; x_wconf 78' lang='grc' dir='ltr'><strong>Πνεῦματος</strong></span> 
     </span>
    </p>
   </div>
   <div class='ocr_carea' id='block_1_18' title="bbox 402 1493 1963 1572">
    <p class='ocr_par' dir='ltr' id='par_1_18' title="bbox 402 1493 1963 1572">
     <span class='ocr_line' id='line_1_18' title="bbox 402 1493 1963 1572; baseline 0.009 -28"><span class='ocrx_word' id='word_1_116' title='bbox 402 1493 561 1547; x_wconf 76' lang='grc' dir='ltr'><strong>τοῦτο</strong></span> <span class='ocrx_word' id='word_1_117' title='bbox 577 1494 823 1559; x_wconf 74' lang='grc' dir='ltr'><strong>νοοῦντες</strong></span> <span class='ocrx_word' id='word_1_118' title='bbox 847 1518 849 1520; x_wconf 90' lang='grc'>·</span> <span class='ocrx_word' id='word_1_119' title='bbox 878 1498 1037 1566; x_wconf 77' lang='grc' dir='ltr'><strong>ἡμεῖς</strong></span> <span class='ocrx_word' id='word_1_120' title='bbox 1058 1496 1115 1549; x_wconf 69' lang='grc' dir='ltr'><strong>δὲ</strong></span> <span class='ocrx_word' id='word_1_121' title='bbox 1140 1495 1621 1565; x_wconf 74' lang='grc' dir='ltr'><strong>ἀναγινώσκοντες,</strong></span> <span class='ocrx_word' id='word_1_122' title='bbox 1638 1499 1711 1563; x_wconf 84' lang='grc' dir='ltr'><strong>ὡς</strong></span> <span class='ocrx_word' id='word_1_123' title='bbox 1738 1502 1796 1554; x_wconf 76' lang='grc' dir='ltr'><strong>ἐν</strong></span> <span class='ocrx_word' id='word_1_124' title='bbox 1821 1504 1963 1572; x_wconf 78' lang='grc' dir='ltr'><strong>ἀρχῇ</strong></span> 
     </span>
    </p>
   </div>
   <div class='ocr_carea' id='block_1_19' title="bbox 409 1584 1962 1662">
    <p class='ocr_par' dir='ltr' id='par_1_19' title="bbox 409 1584 1962 1662">
     <span class='ocr_line' id='line_1_19' title="bbox 409 1584 1962 1662; baseline 0.011 -32"><span class='ocrx_word' id='word_1_125' title='bbox 409 1584 791 1650; x_wconf 65' lang='grc' dir='ltr'><strong>προτέτακται,</strong></span> <span class='ocrx_word' id='word_1_126' title='bbox 828 1589 955 1657; x_wconf 69' lang='grc' dir='ltr'><strong>περὶ</strong></span> <span class='ocrx_word' id='word_1_127' title='bbox 987 1587 1080 1640; x_wconf 86' lang='grc' dir='ltr'><strong>τοῦ</strong></span> <span class='ocrx_word' id='word_1_128' title='bbox 1118 1588 1249 1642; x_wconf 83' lang='grc' dir='ltr'><strong>Υίοῦ</strong></span> <span class='ocrx_word' id='word_1_129' title='bbox 1280 1590 1339 1642; x_wconf 76' lang='grc' dir='ltr'><strong>τὸ</strong></span> <span class='ocrx_word' id='word_1_130' title='bbox 1371 1592 1489 1645; x_wconf 85' lang='grc' dir='ltr'><strong>ὅλον</strong></span> <span class='ocrx_word' id='word_1_131' title='bbox 1524 1591 1775 1662; x_wconf 74' lang='grc' dir='ltr'><strong>εἰρῆσθαι</strong></span> <span class='ocrx_word' id='word_1_132' title='bbox 1810 1595 1962 1647; x_wconf 80' lang='grc' dir='ltr'><strong>νοοῦο</strong></span> 
     </span>
    </p>
   </div>
   <div class='ocr_carea' id='block_1_20' title="bbox 409 1690 530 1741">
    <p class='ocr_par' dir='ltr' id='par_1_20' title="bbox 409 1690 530 1741">
     <span class='ocr_line' id='line_1_20' title="bbox 409 1690 530 1741; baseline 0.05 -17"><span class='ocrx_word' id='word_1_133' title='bbox 409 1690 530 1741; x_wconf 75' lang='grc' dir='ltr'><strong>μεν.</strong></span> 
     </span>
    </p>
   </div>
   <div class='ocr_carea' id='block_1_21' title="bbox 477 1782 1963 1866">
    <p class='ocr_par' dir='ltr' id='par_1_21' title="bbox 477 1782 1963 1866">
     <span class='ocr_line' id='line_1_21' title="bbox 477 1782 1963 1866; baseline 0.008 -29"><span class='ocrx_word' id='word_1_134' title='bbox 477 1782 526 1850; x_wconf 77' lang='grc' dir='ltr'><strong>γ’</strong></span> <span class='ocrx_word' id='word_1_135' title='bbox 535 1801 548 1813; x_wconf 84' lang='grc'><strong>⁸</strong></span> <span class='ocrx_word' id='word_1_136' title='bbox 585 1787 644 1838; x_wconf 86' lang='grc' dir='ltr'><strong>Οί</strong></span> <span class='ocrx_word' id='word_1_137' title='bbox 688 1789 814 1858; x_wconf 80' lang='grc' dir='ltr'><strong>περὶ</strong></span> <span class='ocrx_word' id='word_1_138' title='bbox 848 1789 940 1844; x_wconf 81' lang='grc' dir='ltr'><strong>τὸν</strong></span> <span class='ocrx_word' id='word_1_139' title='bbox 969 1791 1275 1856; x_wconf 73' lang='grc' dir='ltr'><strong>Σαὸἐλλων,</strong></span> <span class='ocrx_word' id='word_1_140' title='bbox 1309 1792 1400 1846; x_wconf 84' lang='grc' dir='ltr'><strong>τὸν</strong></span> <span class='ocrx_word' id='word_1_141' title='bbox 1424 1793 1667 1866; x_wconf 72' lang='grc' dir='ltr'><strong>Πατέρα,</strong></span> <span class='ocrx_word' id='word_1_142' title='bbox 1695 1795 1790 1849; x_wconf 77' lang='grc' dir='ltr'><strong>τὸν</strong></span> <span class='ocrx_word' id='word_1_143' title='bbox 1817 1796 1963 1860; x_wconf 77' lang='grc' dir='ltr'><strong>Υίδν,</strong></span> 
     </span>
    </p>
   </div>
   <div class='ocr_carea' id='block_1_22' title="bbox 406 1876 1967 1956">
    <p class='ocr_par' dir='ltr' id='par_1_22' title="bbox 406 1876 1967 1956">
     <span class='ocr_line' id='line_1_22' title="bbox 406 1876 1967 1956; baseline 0.009 -30"><span class='ocrx_word' id='word_1_144' title='bbox 406 1877 500 1928; x_wconf 75' lang='grc' dir='ltr'><strong>καὶ</strong></span> <span class='ocrx_word' id='word_1_145' title='bbox 518 1876 577 1929; x_wconf 80' lang='grc' dir='ltr'><strong>τδ</strong></span> <span class='ocrx_word' id='word_1_146' title='bbox 590 1876 744 1945; x_wconf 71' lang='grc' dir='ltr'><strong>ἅγιον</strong></span> <span class='ocrx_word' id='word_1_147' title='bbox 767 1881 1011 1949; x_wconf 78' lang='grc' dir='ltr'><strong>Πνεῦμα,</strong></span> <span class='ocrx_word' id='word_1_148' title='bbox 1029 1883 1127 1944; x_wconf 77' lang='grc' dir='ltr'><strong>τὰς</strong></span> <span class='ocrx_word' id='word_1_149' title='bbox 1149 1886 1293 1952; x_wconf 80' lang='grc' dir='ltr'><strong>τρεῖς</strong></span> <span class='ocrx_word' id='word_1_150' title='bbox 1315 1885 1713 1949; x_wconf 78' lang='grc' dir='ltr'><strong>ὑποποστάσεις</strong></span> <span class='ocrx_word' id='word_1_151' title='bbox 1735 1888 1825 1940; x_wconf 76' lang='grc' dir='ltr'><strong>καὶ</strong></span> <span class='ocrx_word' id='word_1_152' title='bbox 1843 1890 1967 1956; x_wconf 78' lang='grc' dir='ltr'><strong>τρία</strong></span> 
     </span>
    </p>
   </div>
   <div class='ocr_carea' id='block_1_23' title="bbox 407 1964 1969 2045">
    <p class='ocr_par' dir='ltr' id='par_1_23' title="bbox 407 1964 1969 2045">
     <span class='ocr_line' id='line_1_23' title="bbox 407 1964 1969 2045; baseline 0.01 -29"><span class='ocrx_word' id='word_1_153' title='bbox 407 1964 669 2035; x_wconf 87' lang='grc' dir='ltr'><strong>πρόσωπα</strong></span> <span class='ocrx_word' id='word_1_154' title='bbox 690 1972 787 2039; x_wconf 83' lang='grc' dir='ltr'><strong>τῆς</strong></span> <span class='ocrx_word' id='word_1_155' title='bbox 808 1973 1085 2044; x_wconf 83' lang='grc' dir='ltr'><strong>μακαρίας</strong></span> <span class='ocrx_word' id='word_1_156' title='bbox 1106 1974 1392 2045; x_wconf 81' lang='grc' dir='ltr'><strong>Θεότητος,</strong></span> <span class='ocrx_word' id='word_1_157' title='bbox 1419 1977 1547 2044; x_wconf 86' lang='grc' dir='ltr'><strong>μίαν</strong></span> <span class='ocrx_word' id='word_1_158' title='bbox 1564 1977 1858 2031; x_wconf 72' lang='grc' dir='ltr'><strong>ὑπόστασιν</strong></span> <span class='ocrx_word' id='word_1_159' title='bbox 1877 1980 1969 2032; x_wconf 74' lang='grc' dir='ltr'><strong>καὶ</strong></span> 
     </span>
    </p>
   </div>
   <div class='ocr_carea' id='block_1_24' title="bbox 406 2057 1967 2137">
    <p class='ocr_par' dir='ltr' id='par_1_24' title="bbox 406 2057 1967 2137">
     <span class='ocr_line' id='line_1_24' title="bbox 406 2057 1967 2137; baseline 0.008 -28"><span class='ocrx_word' id='word_1_160' title='bbox 406 2057 464 2110; x_wconf 78' lang='grc' dir='ltr'><strong>ἓν</strong></span> <span class='ocrx_word' id='word_1_161' title='bbox 507 2062 798 2128; x_wconf 81' lang='grc' dir='ltr'><strong>πρόσωπον</strong></span> <span class='ocrx_word' id='word_1_162' title='bbox 846 2062 1235 2131; x_wconf 72' lang='grc' dir='ltr'><strong>ἑδογμάτιζον·</strong></span> <span class='ocrx_word' id='word_1_163' title='bbox 1288 2066 1420 2118; x_wconf 85' lang='grc' dir='ltr'><strong>ποτὲ</strong></span> <span class='ocrx_word' id='word_1_164' title='bbox 1472 2067 1572 2135; x_wconf 83' lang='grc' dir='ltr'><strong>μὲν</strong></span> <span class='ocrx_word' id='word_1_165' title='bbox 1615 2066 1688 2129; x_wconf 80' lang='grc' dir='ltr'><strong>ὡς</strong></span> <span class='ocrx_word' id='word_1_166' title='bbox 1728 2069 1967 2137; x_wconf 75' lang='grc' dir='ltr'><strong>Πατέρα,</strong></span> 
     </span>
    </p>
   </div>
   <div class='ocr_carea' id='block_1_25' title="bbox 408 2144 1969 2226">
    <p class='ocr_par' dir='ltr' id='par_1_25' title="bbox 408 2144 1969 2226">
     <span class='ocr_line' id='line_1_25' title="bbox 408 2144 1969 2226; baseline 0.008 -27"><span class='ocrx_word' id='word_1_167' title='bbox 408 2150 538 2200; x_wconf 69' lang='grc' dir='ltr'><strong>ποτε</strong></span> <span class='ocrx_word' id='word_1_168' title='bbox 570 2151 627 2203; x_wconf 74' lang='grc' dir='ltr'><strong>δι</strong></span> <span class='ocrx_word' id='word_1_169' title='bbox 659 2152 735 2214; x_wconf 85' lang='grc' dir='ltr'><strong>ὡς</strong></span> <span class='ocrx_word' id='word_1_170' title='bbox 766 2149 1063 2216; x_wconf 73' lang='grc' dir='ltr'><strong>Υξδν,“εστι</strong></span> <span class='ocrx_word' id='word_1_171' title='bbox 1093 2154 1138 2206; x_wconf 73' lang='grc' dir='ltr'>δ’</span> <span class='ocrx_word' id='word_1_172' title='bbox 1170 2156 1258 2208; x_wconf 82' lang='grc' dir='ltr'><strong>ὅτε</strong></span> <span class='ocrx_word' id='word_1_173' title='bbox 1291 2156 1382 2208; x_wconf 73' lang='grc' dir='ltr'><strong>καὶ</strong></span> <span class='ocrx_word' id='word_1_174' title='bbox 1416 2157 1490 2218; x_wconf 83' lang='grc' dir='ltr'><strong>ὠς</strong></span> <span class='ocrx_word' id='word_1_175' title='bbox 1527 2144 1751 2224; x_wconf 74' lang='grc' dir='ltr'><strong>Πνεῦμα</strong></span> <span class='ocrx_word' id='word_1_176' title='bbox 1783 2160 1969 2226; x_wconf 68' lang='grc' dir='ltr'><strong>φαινόι</strong></span> 
     </span>
    </p>
   </div>
   <div class='ocr_carea' id='block_1_26' title="bbox 413 2240 1970 2314">
    <p class='ocr_par' dir='ltr' id='par_1_26' title="bbox 413 2240 1970 2314">
     <span class='ocr_line' id='line_1_26' title="bbox 413 2240 1970 2314; baseline 0.004 -25"><span class='ocrx_word' id='word_1_177' title='bbox 413 2255 592 2305; x_wconf 82' lang='grc' dir='ltr'><strong>μενον.</strong></span> <span class='ocrx_word' id='word_1_178' title='bbox 637 2240 981 2309; x_wconf 70' lang='grc' dir='ltr'><strong>Ἰῑλέγχονται</strong></span> <span class='ocrx_word' id='word_1_179' title='bbox 1034 2242 1090 2295; x_wconf 67' lang='grc' dir='ltr'><strong>δὲ</strong></span> <span class='ocrx_word' id='word_1_180' title='bbox 1121 2245 1186 2296; x_wconf 78' lang='grc' dir='ltr'><strong>ἐκ</strong></span> <span class='ocrx_word' id='word_1_181' title='bbox 1211 2243 1304 2296; x_wconf 85' lang='grc' dir='ltr'><strong>τοῦ</strong></span> <span class='ocrx_word' id='word_1_182' title='bbox 1336 2244 1513 2299; x_wconf 71' lang='grc' dir='ltr'><strong>εἰπεῖν</strong></span> <span class='ocrx_word' id='word_1_183' title='bbox 1541 2244 1634 2296; x_wconf 81' lang='grc' dir='ltr'><strong>τὸν</strong></span> <span class='ocrx_word' id='word_1_184' title='bbox 1675 2245 1932 2314; x_wconf 78' lang='grc' dir='ltr'><strong>Ἰωάννην</strong></span> <span class='ocrx_word' id='word_1_185' title='bbox 1960 2262 1970 2275; x_wconf 78' lang='grc'><strong>⁸</strong></span> 
     </span>
    </p>
   </div>
   <div class='ocr_carea' id='block_1_27' title="bbox 415 2316 1972 2406">
    <p class='ocr_par' dir='ltr' id='par_1_27' title="bbox 415 2316 1972 2406">
     <span class='ocr_line' id='line_1_27' title="bbox 415 2316 1972 2406; baseline 0.005 -26"><span class='ocrx_word' id='word_1_186' title='bbox 415 2350 437 2380; x_wconf 70' lang='lat'><strong>4</strong></span> <span class='ocrx_word' id='word_1_187' title='bbox 469 2331 576 2384; x_wconf 80' lang='lat' dir='ltr'><strong>Kal</strong></span> <span class='ocrx_word' id='word_1_188' title='bbox 616 2333 644 2383; x_wconf 99' lang='lat'><strong>6</strong></span> <span class='ocrx_word' id='word_1_189' title='bbox 672 2316 843 2401; x_wconf 78' lang='grc' dir='ltr'><strong>Λόγος</strong></span> <span class='ocrx_word' id='word_1_190' title='bbox 874 2329 942 2404; x_wconf 81' lang='grc' dir='ltr'><strong>ἦν</strong></span> <span class='ocrx_word' id='word_1_191' title='bbox 974 2334 1108 2403; x_wconf 83' lang='grc' dir='ltr'><strong>πρὸς</strong></span> <span class='ocrx_word' id='word_1_192' title='bbox 1139 2334 1232 2389; x_wconf 80' lang='grc' dir='ltr'><strong>τὸν</strong></span> <span class='ocrx_word' id='word_1_193' title='bbox 1259 2336 1411 2400; x_wconf 86' lang='grc' dir='ltr'><strong>Θεὸν,</strong></span> <span class='ocrx_word' id='word_1_194' title='bbox 1467 2354 1487 2388; x_wconf 71' lang='grc' dir='ltr'><strong>ι</strong></span> <span class='ocrx_word' id='word_1_195' title='bbox 1523 2338 1642 2390; x_wconf 78' lang='grc' dir='ltr'><strong>ἀντὶ</strong></span> <span class='ocrx_word' id='word_1_196' title='bbox 1675 2338 1791 2401; x_wconf 84' lang='grc' dir='ltr'><strong>τοῦ,</strong></span> <span class='ocrx_word' id='word_1_197' title='bbox 1829 2337 1972 2406; x_wconf 69' lang='grc' dir='ltr'><strong>μετὰ</strong></span> 
     </span>
    </p>
   </div>
   <div class='ocr_carea' id='block_1_28' title="bbox 410 2420 1972 2496">
    <p class='ocr_par' dir='ltr' id='par_1_28' title="bbox 410 2420 1972 2496">
     <span class='ocr_line' id='line_1_28' title="bbox 410 2420 1972 2496; baseline 0.006 -26"><span class='ocrx_word' id='word_1_198' title='bbox 410 2420 543 2473; x_wconf 84' lang='grc' dir='ltr'><strong>Θεοῦ</strong></span> <span class='ocrx_word' id='word_1_199' title='bbox 566 2438 581 2451; x_wconf 90' lang='grc'><strong>⁸</strong></span> <span class='ocrx_word' id='word_1_200' title='bbox 624 2423 717 2476; x_wconf 84' lang='grc' dir='ltr'><strong>δύο</strong></span> <span class='ocrx_word' id='word_1_201' title='bbox 751 2423 1057 2493; x_wconf 84' lang='grc' dir='ltr'><strong>προσώπων</strong></span> <span class='ocrx_word' id='word_1_202' title='bbox 1099 2424 1350 2478; x_wconf 76' lang='grc' dir='ltr'><strong>ἐντεῦθεν</strong></span> <span class='ocrx_word' id='word_1_203' title='bbox 1376 2426 1770 2496; x_wconf 76' lang='grc' dir='ltr'><strong>εἰσαγομένων,</strong></span> <span class='ocrx_word' id='word_1_204' title='bbox 1803 2427 1897 2482; x_wconf 73' lang='grc' dir='ltr'><strong>καὶ</strong></span> <span class='ocrx_word' id='word_1_205' title='bbox 1915 2427 1972 2493; x_wconf 71' lang='grc' dir='ltr'><strong>ἐξ</strong></span> 
     </span>
    </p>
   </div>
   <div class='ocr_carea' id='block_1_29' title="bbox 414 2510 1516 2588">
    <p class='ocr_par' dir='ltr' id='par_1_29' title="bbox 414 2510 1516 2588">
     <span class='ocr_line' id='line_1_29' title="bbox 414 2510 1516 2588; baseline 0.009 -24"><span class='ocrx_word' id='word_1_206' title='bbox 414 2510 589 2564; x_wconf 73' lang='grc' dir='ltr'><strong>ἄλλων</strong></span> <span class='ocrx_word' id='word_1_207' title='bbox 628 2514 838 2567; x_wconf 78' lang='grc' dir='ltr'><strong>πολλῶν</strong></span> <span class='ocrx_word' id='word_1_208' title='bbox 869 2515 1243 2583; x_wconf 80' lang='grc' dir='ltr'><strong>εὐαγγελικῶν</strong></span> <span class='ocrx_word' id='word_1_209' title='bbox 1279 2517 1516 2588; x_wconf 80' lang='grc' dir='ltr'><strong>ῥήσεων.</strong></span> 
     </span>
    </p>
   </div>
   <div class='ocr_carea' id='block_1_30' title="bbox 487 2615 1975 2695">
    <p class='ocr_par' dir='ltr' id='par_1_30' title="bbox 487 2615 1975 2695">
     <span class='ocr_line' id='line_1_30' title="bbox 487 2615 1975 2695; baseline 0.009 -28"><span class='ocrx_word' id='word_1_210' title='bbox 487 2615 550 2670; x_wconf 79' lang='grc' dir='ltr'><strong>δ’.</strong></span> <span class='ocrx_word' id='word_1_211' title='bbox 585 2620 649 2669; x_wconf 84' lang='lat' dir='ltr'><strong>Ol</strong></span> <span class='ocrx_word' id='word_1_212' title='bbox 680 2622 809 2688; x_wconf 72' lang='lat' dir='ltr'><strong>mp“.</strong></span> <span class='ocrx_word' id='word_1_213' title='bbox 837 2624 926 2676; x_wconf 83' lang='grc' dir='ltr'><strong>τὸν</strong></span> <span class='ocrx_word' id='word_1_214' title='bbox 969 2624 1346 2695; x_wconf 80' lang='grc' dir='ltr'><strong>’Λπολινάριον</strong></span> <span class='ocrx_word' id='word_1_215' title='bbox 1378 2627 1470 2679; x_wconf 84' lang='grc' dir='ltr'><strong>τδν</strong></span> <span class='ocrx_word' id='word_1_216' title='bbox 1496 2627 1784 2693; x_wconf 75' lang='grc' dir='ltr'><strong>Λαοδικέα,</strong></span> <span class='ocrx_word' id='word_1_217' title='bbox 1815 2629 1975 2683; x_wconf 75' lang='grc' dir='ltr'><strong>ἄνουν</strong></span> 
     </span>
    </p>
   </div>
   <div class='ocr_carea' id='block_1_31' title="bbox 423 2707 1977 2794">
    <p class='ocr_par' dir='ltr' id='par_1_31' title="bbox 423 2707 1977 2794">
     <span class='ocr_line' id='line_1_31' title="bbox 423 2707 1977 2794; baseline 0.012 -37"><span class='ocrx_word' id='word_1_218' title='bbox 423 2707 601 2776; x_wconf 86' lang='grc' dir='ltr'><strong>σάρκα</strong></span> <span class='ocrx_word' id='word_1_219' title='bbox 632 2710 725 2762; x_wconf 78' lang='grc' dir='ltr'><strong>καὶ</strong></span> <span class='ocrx_word' id='word_1_220' title='bbox 751 2712 957 2782; x_wconf 80' lang='grc' dir='ltr'><strong>ἄψυχον</strong></span> <span class='ocrx_word' id='word_1_221' title='bbox 984 2716 1404 2786; x_wconf 78' lang='grc' dir='ltr'><strong>προσειληφέναι</strong></span> <span class='ocrx_word' id='word_1_222' title='bbox 1432 2719 1524 2771; x_wconf 74' lang='grc' dir='ltr'><strong>τὸν</strong></span> <span class='ocrx_word' id='word_1_223' title='bbox 1559 2719 1760 2794; x_wconf 76' lang='grc' dir='ltr'><strong>Κύριον</strong></span> <span class='ocrx_word' id='word_1_224' title='bbox 1790 2720 1977 2788; x_wconf 81' lang='grc' dir='ltr'><strong>λέγου-</strong></span> 
     </span>
    </p>
   </div>
   <div class='ocr_carea' id='block_1_32' title="bbox 421 2798 1975 2883">
    <p class='ocr_par' dir='ltr' id='par_1_32' title="bbox 421 2798 1975 2883">
     <span class='ocr_line' id='line_1_32' title="bbox 421 2798 1975 2883; baseline 0.017 -33"><span class='ocrx_word' id='word_1_225' title='bbox 421 2798 541 2852; x_wconf 67' lang='lat' dir='ltr'><strong>etv&quot;</strong></span> <span class='ocrx_word' id='word_1_226' title='bbox 574 2801 649 2865; x_wconf 84' lang='grc' dir='ltr'><strong>ὡς</strong></span> <span class='ocrx_word' id='word_1_227' title='bbox 688 2804 812 2859; x_wconf 79' lang='grc' dir='ltr'><strong>ἀντὶ</strong></span> <span class='ocrx_word' id='word_1_228' title='bbox 852 2805 943 2858; x_wconf 91' lang='grc' dir='ltr'><strong>νοῦ</strong></span> <span class='ocrx_word' id='word_1_229' title='bbox 992 2809 1086 2861; x_wconf 84' lang='grc' dir='ltr'><strong>καὶ</strong></span> <span class='ocrx_word' id='word_1_230' title='bbox 1123 2808 1323 2879; x_wconf 79' lang='grc' dir='ltr'><strong>ψυχῆς,</strong></span> <span class='ocrx_word' id='word_1_231' title='bbox 1372 2810 1652 2880; x_wconf 11' lang='grc' dir='ltr'><strong>,ἀρκούσης</strong></span> <span class='ocrx_word' id='word_1_232' title='bbox 1702 2812 1850 2883; x_wconf 76' lang='grc' dir='ltr'><strong>αὺτῷ</strong></span> <span class='ocrx_word' id='word_1_233' title='bbox 1879 2815 1975 2876; x_wconf 73' lang='grc' dir='ltr'><strong>τῆς</strong></span> 
     </span>
    </p>
   </div>
   <div class='ocr_carea' id='block_1_33' title="bbox 420 2890 1976 2972">
    <p class='ocr_par' dir='ltr' id='par_1_33' title="bbox 420 2890 1976 2972">
     <span class='ocr_line' id='line_1_33' title="bbox 420 2890 1976 2972; baseline 0.007 -28"><span class='ocrx_word' id='word_1_234' title='bbox 420 2890 699 2963; x_wconf 75' lang='grc' dir='ltr'><strong>θεότητος-⁸</strong></span> <span class='ocrx_word' id='word_1_235' title='bbox 740 2897 1212 2970; x_wconf 75' lang='grc' dir='ltr'><strong>παρεξηγούμενοι</strong></span> <span class='ocrx_word' id='word_1_236' title='bbox 1244 2898 1324 2965; x_wconf 76' lang='grc' dir='ltr'><strong>τὸ,</strong></span> <span class='ocrx_word' id='word_1_237' title='bbox 1366 2917 1386 2951; x_wconf 70' lang='grc' dir='ltr'><strong>ι</strong></span> <span class='ocrx_word' id='word_1_238' title='bbox 1433 2902 1537 2953; x_wconf 71' lang='grc' dir='ltr'><strong>Καὶ</strong></span> <span class='ocrx_word' id='word_1_239' title='bbox 1577 2905 1604 2954; x_wconf 98' lang='lat'><strong>6</strong></span> <span class='ocrx_word' id='word_1_240' title='bbox 1635 2902 1805 2970; x_wconf 84' lang='grc' dir='ltr'><strong>Λόγος</strong></span> <span class='ocrx_word' id='word_1_241' title='bbox 1840 2903 1976 2972; x_wconf 77' lang='grc' dir='ltr'><strong>σὰρξ</strong></span> 
     </span>
    </p>
   </div>
   <div class='ocr_carea' id='block_1_34' title="bbox 420 2989 1976 3071">
    <p class='ocr_par' dir='ltr' id='par_1_34' title="bbox 420 2989 1976 3071">
     <span class='ocr_line' id='line_1_34' title="bbox 420 2989 1976 3071; baseline 0.008 -32"><span class='ocrx_word' id='word_1_242' title='bbox 420 2989 653 3057; x_wconf 76' lang='grc' dir='ltr'><strong>ἐγένετο,</strong></span> <span class='ocrx_word' id='word_1_243' title='bbox 684 3009 704 3043; x_wconf 73' lang='grc' dir='ltr'><strong>ι</strong></span> <span class='ocrx_word' id='word_1_244' title='bbox 754 2993 829 3061; x_wconf 77' lang='grc' dir='ltr'><strong>μὴ</strong></span> <span class='ocrx_word' id='word_1_245' title='bbox 867 2993 1088 3057; x_wconf 74' lang='grc' dir='ltr'><strong>εἰδότες.</strong></span> <span class='ocrx_word' id='word_1_246' title='bbox 1121 2996 1195 3059; x_wconf 84' lang='grc' dir='ltr'><strong>ὡς</strong></span> <span class='ocrx_word' id='word_1_247' title='bbox 1238 2999 1271 3067; x_wconf 73' lang='grc' dir='ltr'>ἡ</span> <span class='ocrx_word' id='word_1_248' title='bbox 1303 2998 1419 3050; x_wconf 88' lang='grc' dir='ltr'><strong>θεία</strong></span> <span class='ocrx_word' id='word_1_249' title='bbox 1464 2998 1654 3068; x_wconf 81' lang='grc' dir='ltr'><strong>Γραφὴ</strong></span> <span class='ocrx_word' id='word_1_250' title='bbox 1676 2998 1855 3071; x_wconf 85' lang='grc' dir='ltr'><strong>σάρκα</strong></span> <span class='ocrx_word' id='word_1_251' title='bbox 1886 3000 1976 3055; x_wconf 78' lang='grc' dir='ltr'><strong>τὸν</strong></span> 
     </span>
    </p>
   </div>
   <div class='ocr_carea' id='block_1_35' title="bbox 2062 671 3630 744">
    <p class='ocr_par' dir='ltr' id='par_1_35' title="bbox 2062 671 3630 744">
     <span class='ocr_line' id='line_1_35' title="bbox 2062 671 3630 744; baseline -0.002 -15"><span class='ocrx_word' id='word_1_252' title='bbox 2062 676 2132 729; x_wconf 78' lang='lat' dir='ltr'><strong>At</strong></span> <span class='ocrx_word' id='word_1_253' title='bbox 2163 690 2261 729; x_wconf 90' lang='lat' dir='ltr'><strong>nos</strong></span> <span class='ocrx_word' id='word_1_254' title='bbox 2303 676 2588 744; x_wconf 76' lang='lat' dir='ltr'><strong>unigenatn</strong></span> <span class='ocrx_word' id='word_1_255' title='bbox 2626 674 2771 728; x_wconf 83' lang='lat' dir='ltr'><strong>hunc</strong></span> <span class='ocrx_word' id='word_1_256' title='bbox 2804 674 3062 736; x_wconf 86' lang='lat' dir='ltr'><strong>dicimus,</strong></span> <span class='ocrx_word' id='word_1_257' title='bbox 3115 671 3282 724; x_wconf 69' lang='lat' dir='ltr'><strong>veluti</strong></span> <span class='ocrx_word' id='word_1_258' title='bbox 3332 672 3423 740; x_wconf 83' lang='lat' dir='ltr'><strong>qui</strong></span> <span class='ocrx_word' id='word_1_259' title='bbox 3481 671 3630 726; x_wconf 79' lang='lat' dir='ltr'><strong>SOlllS</strong></span> 
     </span>
    </p>
   </div>
   <div class='ocr_carea' id='block_1_36' title="bbox 2063 758 3629 837">
    <p class='ocr_par' dir='ltr' id='par_1_36' title="bbox 2063 758 3629 837">
     <span class='ocr_line' id='line_1_36' title="bbox 2063 758 3629 837; baseline -0.004 -17"><span class='ocrx_word' id='word_1_260' title='bbox 2063 783 2124 820; x_wconf 65' lang='lat' dir='ltr'><strong>et</strong></span> <span class='ocrx_word' id='word_1_261' title='bbox 2160 768 2275 837; x_wconf 87' lang='lat' dir='ltr'><strong>Ipso</strong></span> <span class='ocrx_word' id='word_1_262' title='bbox 2304 777 2430 820; x_wconf 86' lang='lat' dir='ltr'><strong>ante</strong></span> <span class='ocrx_word' id='word_1_263' title='bbox 2457 766 2637 820; x_wconf 82' lang='lat' dir='ltr'><strong>omnia</strong></span> <span class='ocrx_word' id='word_1_264' title='bbox 2666 764 2861 820; x_wconf 59' lang='lat' dir='ltr'><strong>sarcula</strong></span> <span class='ocrx_word' id='word_1_265' title='bbox 2894 762 3109 832; x_wconf 79' lang='lat' dir='ltr'><strong>genitus</strong></span> <span class='ocrx_word' id='word_1_266' title='bbox 3142 762 3232 816; x_wconf 82' lang='lat' dir='ltr'><strong>sit.</strong></span> <span class='ocrx_word' id='word_1_267' title='bbox 3266 758 3439 813; x_wconf 84' lang='lat' dir='ltr'><strong>Etiam</strong></span> <span class='ocrx_word' id='word_1_268' title='bbox 3467 761 3629 829; x_wconf 83' lang='lat' dir='ltr'><strong>hujus</strong></span> 
     </span>
    </p>
   </div>
   <div class='ocr_carea' id='block_1_37' title="bbox 2064 851 3632 930">
    <p class='ocr_par' dir='ltr' id='par_1_37' title="bbox 2064 851 3632 930">
     <span class='ocr_line' id='line_1_37' title="bbox 2064 851 3632 930; baseline -0.005 -18"><span class='ocrx_word' id='word_1_269' title='bbox 2064 858 2280 930; x_wconf 78' lang='lat' dir='ltr'><strong>generis</strong></span> <span class='ocrx_word' id='word_1_270' title='bbox 2313 858 2417 912; x_wconf 86' lang='lat' dir='ltr'><strong>alia</strong></span> <span class='ocrx_word' id='word_1_271' title='bbox 2447 857 2598 928; x_wconf 85' lang='lat' dir='ltr'><strong>plura</strong></span> <span class='ocrx_word' id='word_1_272' title='bbox 2633 853 3038 923; x_wconf 86' lang='lat' dir='ltr'><strong>interpretando</strong></span> <span class='ocrx_word' id='word_1_273' title='bbox 3081 851 3378 919; x_wconf 80' lang='lat' dir='ltr'><strong>depravant</strong></span> <span class='ocrx_word' id='word_1_274' title='bbox 3402 890 3421 915; x_wconf 88' lang='lat'><strong>,</strong></span> <span class='ocrx_word' id='word_1_275' title='bbox 3469 861 3632 905; x_wconf 78' lang='lat' dir='ltr'><strong>secta:</strong></span> 
     </span>
    </p>
   </div>
   <div class='ocr_carea' id='block_1_38' title="bbox 2064 951 2729 1005">
    <p class='ocr_par' dir='ltr' id='par_1_38' title="bbox 2064 951 2729 1005">
     <span class='ocr_line' id='line_1_38' title="bbox 2064 951 2729 1005; baseline -0.005 0"><span class='ocrx_word' id='word_1_276' title='bbox 2064 966 2176 1005; x_wconf 72' lang='lat' dir='ltr'><strong>Sua:</strong></span> <span class='ocrx_word' id='word_1_277' title='bbox 2216 951 2373 1003; x_wconf 75' lang='lat' dir='ltr'><strong>fidem</strong></span> <span class='ocrx_word' id='word_1_278' title='bbox 2400 958 2729 1003; x_wconf 87' lang='lat' dir='ltr'><strong>astruentes.</strong></span> 
     </span>
    </p>
   </div>
   <div class='ocr_carea' id='block_1_39' title="bbox 2135 1059 3629 1129">
    <p class='ocr_par' dir='ltr' id='par_1_39' title="bbox 2135 1059 3629 1129">
     <span class='ocr_line' id='line_1_39' title="bbox 2135 1059 3629 1129; baseline -0.008 -13"><span class='ocrx_word' id='word_1_279' title='bbox 2135 1061 2190 1116; x_wconf 68' lang='grc' dir='ltr'><strong>Ξ.</strong></span> <span class='ocrx_word' id='word_1_280' title='bbox 2222 1061 2594 1116; x_wconf 72' lang='lat' dir='ltr'><strong>Macedoniam</strong></span> <span class='ocrx_word' id='word_1_281' title='bbox 2641 1059 2903 1129; x_wconf 87' lang='lat' dir='ltr'><strong>Spiritum</strong></span> <span class='ocrx_word' id='word_1_282' title='bbox 2949 1069 3196 1114; x_wconf 85' lang='lat' dir='ltr'><strong>sanctum</strong></span> <span class='ocrx_word' id='word_1_283' title='bbox 3245 1069 3366 1111; x_wconf 82' lang='lat' dir='ltr'><strong>esse</strong></span> <span class='ocrx_word' id='word_1_284' title='bbox 3410 1069 3629 1110; x_wconf 81' lang='lat' dir='ltr'><strong>servum</strong></span> 
     </span>
    </p>
   </div>
   <div class='ocr_carea' id='block_1_40' title="bbox 2062 1144 3636 1216">
    <p class='ocr_par' dir='ltr' id='par_1_40' title="bbox 2062 1144 3636 1216">
     <span class='ocr_line' id='line_1_40' title="bbox 2062 1144 3636 1216; baseline -0.006 -7"><span class='ocrx_word' id='word_1_285' title='bbox 2062 1163 2121 1209; x_wconf 88' lang='lat' dir='ltr'><strong>et</strong></span> <span class='ocrx_word' id='word_1_286' title='bbox 2149 1161 2456 1208; x_wconf 71' lang='lat' dir='ltr'><strong>creaturam</strong></span> <span class='ocrx_word' id='word_1_287' title='bbox 2496 1161 2826 1216; x_wconf 70' lang='lat' dir='ltr'><strong>asserentes.</strong></span> <span class='ocrx_word' id='word_1_288' title='bbox 2876 1152 2930 1207; x_wconf 89' lang='lat' dir='ltr'><strong>in</strong></span> <span class='ocrx_word' id='word_1_289' title='bbox 2980 1152 3125 1207; x_wconf 84' lang='lat' dir='ltr'><strong>dicto</strong></span> <span class='ocrx_word' id='word_1_290' title='bbox 3166 1148 3415 1213; x_wconf 71' lang='lat' dir='ltr'><strong>Joannis,</strong></span> <span class='ocrx_word' id='word_1_291' title='bbox 3454 1168 3471 1198; x_wconf 78' lang='grc' dir='ltr'><strong>ι</strong></span> <span class='ocrx_word' id='word_1_292' title='bbox 3505 1144 3636 1200; x_wconf 89' lang='lat' dir='ltr'><strong>Sine</strong></span> 
     </span>
    </p>
   </div>
   <div class='ocr_carea' id='block_1_41' title="bbox 2066 1239 3633 1312">
    <p class='ocr_par' dir='ltr' id='par_1_41' title="bbox 2066 1239 3633 1312">
     <span class='ocr_line' id='line_1_41' title="bbox 2066 1239 3633 1312; baseline -0.007 -13"><span class='ocrx_word' id='word_1_293' title='bbox 2066 1244 2184 1312; x_wconf 86' lang='lat' dir='ltr'><strong>ipso</strong></span> <span class='ocrx_word' id='word_1_294' title='bbox 2232 1243 2436 1299; x_wconf 77' lang='lat' dir='ltr'><strong>factum</strong></span> <span class='ocrx_word' id='word_1_295' title='bbox 2485 1252 2570 1300; x_wconf 87' lang='lat' dir='ltr'><strong>est</strong></span> <span class='ocrx_word' id='word_1_296' title='bbox 2621 1243 2776 1310; x_wconf 84' lang='lat' dir='ltr'><strong>nihil,</strong></span> <span class='ocrx_word' id='word_1_297' title='bbox 2807 1263 2827 1290; x_wconf 74' lang='grc' dir='ltr'><strong>ι</strong></span> <span class='ocrx_word' id='word_1_298' title='bbox 2882 1250 3083 1309; x_wconf 89' lang='lat' dir='ltr'><strong>puncto</strong></span> <span class='ocrx_word' id='word_1_299' title='bbox 3127 1248 3251 1310; x_wconf 85' lang='lat' dir='ltr'><strong>post</strong></span> <span class='ocrx_word' id='word_1_300' title='bbox 3303 1239 3419 1295; x_wconf 69' lang='lat' dir='ltr'><strong>haec</strong></span> <span class='ocrx_word' id='word_1_301' title='bbox 3470 1239 3633 1291; x_wconf 76' lang='lat' dir='ltr'><strong>verba</strong></span> 
     </span>
    </p>
   </div>
   <div class='ocr_carea' id='block_1_42' title="bbox 2064 1326 3693 1405">
    <p class='ocr_par' dir='ltr' id='par_1_42' title="bbox 2064 1326 3693 1405">
     <span class='ocr_line' id='line_1_42' title="bbox 2064 1326 3693 1405; baseline -0.01 -11"><span class='ocrx_word' id='word_1_302' title='bbox 2064 1337 2370 1403; x_wconf 81' lang='lat' dir='ltr'><strong>collocato,</strong></span> <span class='ocrx_word' id='word_1_303' title='bbox 2436 1352 2654 1394; x_wconf 77' lang='lat' dir='ltr'><strong>versum</strong></span> <span class='ocrx_word' id='word_1_304' title='bbox 2707 1336 2878 1392; x_wconf 81' lang='lat' dir='ltr'><strong>alium</strong></span> <span class='ocrx_word' id='word_1_305' title='bbox 2939 1333 3019 1389; x_wconf 82' lang='lat' dir='ltr'><strong>sic</strong></span> <span class='ocrx_word' id='word_1_306' title='bbox 3078 1333 3373 1387; x_wconf 81' lang='lat' dir='ltr'><strong>int-boant:</strong></span> <span class='ocrx_word' id='word_1_307' title='bbox 3431 1346 3453 1381; x_wconf 71' lang='grc' dir='ltr'><strong>ι</strong></span> <span class='ocrx_word' id='word_1_308' title='bbox 3481 1326 3635 1394; x_wconf 82' lang='lat' dir='ltr'><strong>Quod</strong></span> <span class='ocrx_word' id='word_1_309' title='bbox 3678 1391 3693 1405; x_wconf 48' lang='lat'><strong>.</strong></span> 
     </span>
    </p>
   </div>
   <div class='ocr_carea' id='block_1_43' title="bbox 2063 1419 3687 1494">
    <p class='ocr_par' dir='ltr' id='par_1_43' title="bbox 2063 1419 3687 1494">
     <span class='ocr_line' id='line_1_43' title="bbox 2063 1419 3687 1494; baseline -0.01 -9"><span class='ocrx_word' id='word_1_310' title='bbox 2063 1428 2269 1485; x_wconf 83' lang='lat' dir='ltr'><strong>laetum</strong></span> <span class='ocrx_word' id='word_1_311' title='bbox 2299 1439 2404 1494; x_wconf 83' lang='lat' dir='ltr'><strong>est,</strong></span> <span class='ocrx_word' id='word_1_312' title='bbox 2440 1429 2494 1484; x_wconf 93' lang='lat' dir='ltr'><strong>in</strong></span> <span class='ocrx_word' id='word_1_313' title='bbox 2519 1443 2587 1484; x_wconf 90' lang='lat' dir='ltr'><strong>eo</strong></span> <span class='ocrx_word' id='word_1_314' title='bbox 2612 1428 2723 1483; x_wconf 79' lang='lat' dir='ltr'><strong>vita</strong></span> <span class='ocrx_word' id='word_1_315' title='bbox 2753 1437 2893 1493; x_wconf 83' lang='lat' dir='ltr'><strong>erat,</strong></span> <span class='ocrx_word' id='word_1_316' title='bbox 2929 1445 2949 1478; x_wconf 75' lang='grc' dir='ltr'><strong>ι</strong></span> <span class='ocrx_word' id='word_1_317' title='bbox 3005 1434 3166 1494; x_wconf 81' lang='lat' dir='ltr'><strong>atque</strong></span> <span class='ocrx_word' id='word_1_318' title='bbox 3196 1427 3297 1478; x_wconf 84' lang='lat' dir='ltr'><strong>hoc</strong></span> <span class='ocrx_word' id='word_1_319' title='bbox 3325 1422 3395 1476; x_wconf 86' lang='lat' dir='ltr'><strong>de</strong></span> <span class='ocrx_word' id='word_1_320' title='bbox 3428 1419 3634 1485; x_wconf 78' lang='lat' dir='ltr'><strong>Spiritu</strong></span> <span class='ocrx_word' id='word_1_321' title='bbox 3680 1434 3687 1443; x_wconf 91' lang='grc'><strong>·</strong></span> 
     </span>
    </p>
   </div>
   <div class='ocr_carea' id='block_1_44' title="bbox 2069 1512 3638 1591">
    <p class='ocr_par' dir='ltr' id='par_1_44' title="bbox 2069 1512 3638 1591">
     <span class='ocr_line' id='line_1_44' title="bbox 2069 1512 3638 1591; baseline -0.011 -13"><span class='ocrx_word' id='word_1_322' title='bbox 2069 1522 2272 1578; x_wconf 83' lang='lat' dir='ltr'><strong>Sancto</strong></span> <span class='ocrx_word' id='word_1_323' title='bbox 2306 1522 2628 1591; x_wconf 74' lang='lat' dir='ltr'><strong>intelligunt.</strong></span> <span class='ocrx_word' id='word_1_324' title='bbox 2662 1519 2769 1574; x_wconf 81' lang='lat' dir='ltr'><strong>Nos</strong></span> <span class='ocrx_word' id='word_1_325' title='bbox 2795 1534 2926 1572; x_wconf 84' lang='lat' dir='ltr'><strong>vero</strong></span> <span class='ocrx_word' id='word_1_326' title='bbox 2962 1518 3139 1572; x_wconf 87' lang='lat' dir='ltr'><strong>locum</strong></span> <span class='ocrx_word' id='word_1_327' title='bbox 3166 1516 3312 1568; x_wconf 87' lang='lat' dir='ltr'><strong>illum</strong></span> <span class='ocrx_word' id='word_1_328' title='bbox 3357 1516 3427 1566; x_wconf 85' lang='lat' dir='ltr'><strong>ita</strong></span> <span class='ocrx_word' id='word_1_329' title='bbox 3460 1512 3638 1579; x_wconf 81' lang='lat' dir='ltr'><strong>legen-</strong></span> 
     </span>
    </p>
   </div>
   <div class='ocr_carea' id='block_1_45' title="bbox 2067 1599 3639 1687">
    <p class='ocr_par' dir='ltr' id='par_1_45' title="bbox 2067 1599 3639 1687">
     <span class='ocr_line' id='line_1_45' title="bbox 2067 1599 3639 1687; baseline -0.01 -17"><span class='ocrx_word' id='word_1_330' title='bbox 2067 1624 2172 1677; x_wconf 87' lang='lat' dir='ltr'><strong>tes,</strong></span> <span class='ocrx_word' id='word_1_331' title='bbox 2206 1622 2265 1668; x_wconf 92' lang='lat' dir='ltr'><strong>ut</strong></span> <span class='ocrx_word' id='word_1_332' title='bbox 2298 1612 2366 1667; x_wconf 86' lang='lat' dir='ltr'><strong>ab</strong></span> <span class='ocrx_word' id='word_1_333' title='bbox 2397 1612 2550 1687; x_wconf 74' lang='lat' dir='ltr'><strong>initio</strong></span> <span class='ocrx_word' id='word_1_334' title='bbox 2574 1611 2741 1667; x_wconf 87' lang='lat' dir='ltr'><strong>series</strong></span> <span class='ocrx_word' id='word_1_335' title='bbox 2770 1611 2881 1679; x_wconf 83' lang='lat' dir='ltr'><strong>ipsa</strong></span> <span class='ocrx_word' id='word_1_336' title='bbox 2907 1608 3174 1672; x_wconf 85' lang='lat' dir='ltr'><strong>declarat,</strong></span> <span class='ocrx_word' id='word_1_337' title='bbox 3208 1615 3378 1661; x_wconf 87' lang='lat' dir='ltr'><strong>totum</strong></span> <span class='ocrx_word' id='word_1_338' title='bbox 3408 1603 3475 1658; x_wconf 79' lang='lat' dir='ltr'><strong>de</strong></span> <span class='ocrx_word' id='word_1_339' title='bbox 3501 1599 3639 1656; x_wconf 79' lang='lat' dir='ltr'><strong>Filio</strong></span> 
     </span>
    </p>
   </div>
   <div class='ocr_carea' id='block_1_46' title="bbox 1998 1704 2676 1784">
    <p class='ocr_par' dir='ltr' id='par_1_46' title="bbox 1998 1704 2676 1784">
     <span class='ocr_line' id='line_1_46' title="bbox 1998 1704 2676 1784; baseline -0.003 -23"><span class='ocrx_word' id='word_1_340' title='bbox 1998 1726 2041 1784; x_wconf 71' lang='grc' dir='ltr'><strong><em>Β</em></strong></span> <span class='ocrx_word' id='word_1_341' title='bbox 2068 1707 2271 1761; x_wconf 90' lang='lat' dir='ltr'><strong>dictum</strong></span> <span class='ocrx_word' id='word_1_342' title='bbox 2305 1704 2676 1772; x_wconf 80' lang='lat' dir='ltr'><strong>intelligimus.</strong></span> 
     </span>
    </p>
   </div>
   <div class='ocr_carea' id='block_1_47' title="bbox 2137 1800 3639 1880">
    <p class='ocr_par' dir='ltr' id='par_1_47' title="bbox 2137 1800 3639 1880">
     <span class='ocr_line' id='line_1_47' title="bbox 2137 1800 3639 1880; baseline -0.013 -4"><span class='ocrx_word' id='word_1_343' title='bbox 2137 1822 2193 1876; x_wconf 77' lang='lat'><strong>5.</strong></span> <span class='ocrx_word' id='word_1_344' title='bbox 2220 1818 2504 1873; x_wconf 82' lang='lat' dir='ltr'><strong>Sabelliani</strong></span> <span class='ocrx_word' id='word_1_345' title='bbox 2537 1815 2774 1878; x_wconf 76' lang='lat' dir='ltr'><strong>Patrem,</strong></span> <span class='ocrx_word' id='word_1_346' title='bbox 2832 1815 3048 1877; x_wconf 74' lang='lat' dir='ltr'><strong>Filium,</strong></span> <span class='ocrx_word' id='word_1_347' title='bbox 3087 1822 3141 1866; x_wconf 89' lang='lat' dir='ltr'><strong>et</strong></span> <span class='ocrx_word' id='word_1_348' title='bbox 3184 1811 3446 1880; x_wconf 80' lang='lat' dir='ltr'><strong>Spiritum</strong></span> <span class='ocrx_word' id='word_1_349' title='bbox 3474 1800 3479 1805; x_wconf 40' lang='grc'><em>“</em></span> <span class='ocrx_word' id='word_1_350' title='bbox 3508 1824 3639 1860; x_wconf 85' lang='lat' dir='ltr'><strong>san-</strong></span> 
     </span>
    </p>
   </div>
   <div class='ocr_carea' id='block_1_48' title="bbox 2069 1911 3641 1979">
    <p class='ocr_par' dir='ltr' id='par_1_48' title="bbox 2069 1911 3641 1979">
     <span class='ocr_line' id='line_1_48' title="bbox 2069 1911 3641 1979; baseline -0.01 -13"><span class='ocrx_word' id='word_1_351' title='bbox 2069 1925 2235 1979; x_wconf 83' lang='lat' dir='ltr'><strong>rtnm,</strong></span> <span class='ocrx_word' id='word_1_352' title='bbox 2287 1924 2395 1965; x_wconf 87' lang='lat' dir='ltr'><strong>tres</strong></span> <span class='ocrx_word' id='word_1_353' title='bbox 2449 1912 2567 1963; x_wconf 84' lang='lat' dir='ltr'><strong>illas</strong></span> <span class='ocrx_word' id='word_1_354' title='bbox 2629 1911 2965 1979; x_wconf 70' lang='lat' dir='ltr'><strong>Ityposmses,</strong></span> <span class='ocrx_word' id='word_1_355' title='bbox 3022 1917 3185 1975; x_wconf 81' lang='lat' dir='ltr'><strong>atque</strong></span> <span class='ocrx_word' id='word_1_356' title='bbox 3237 1916 3349 1956; x_wconf 83' lang='lat' dir='ltr'><strong>tres</strong></span> <span class='ocrx_word' id='word_1_357' title='bbox 3374 1916 3641 1970; x_wconf 80' lang='lat' dir='ltr'><strong>personas</strong></span> 
     </span>
    </p>
   </div>
   <div class='ocr_carea' id='block_1_49' title="bbox 2070 1998 3640 2069">
    <p class='ocr_par' dir='ltr' id='par_1_49' title="bbox 2070 1998 3640 2069">
     <span class='ocr_line' id='line_1_49' title="bbox 2070 1998 3640 2069; baseline -0.01 -10"><span class='ocrx_word' id='word_1_358' title='bbox 2070 2006 2240 2059; x_wconf 70' lang='lat' dir='ltr'><strong>beatzr</strong></span> <span class='ocrx_word' id='word_1_359' title='bbox 2271 2002 2588 2064; x_wconf 79' lang='lat' dir='ltr'><strong>divinitatis,</strong></span> <span class='ocrx_word' id='word_1_360' title='bbox 2639 2017 2798 2054; x_wconf 88' lang='lat' dir='ltr'><strong>unam</strong></span> <span class='ocrx_word' id='word_1_361' title='bbox 2850 1998 3164 2069; x_wconf 64' lang='lat' dir='ltr'><strong>bypostasin</strong></span> <span class='ocrx_word' id='word_1_362' title='bbox 3213 2006 3267 2049; x_wconf 80' lang='lat' dir='ltr'><strong>et</strong></span> <span class='ocrx_word' id='word_1_363' title='bbox 3313 2009 3474 2048; x_wconf 86' lang='lat' dir='ltr'><strong>unam</strong></span> <span class='ocrx_word' id='word_1_364' title='bbox 3520 2006 3640 2060; x_wconf 83' lang='lat' dir='ltr'><strong>pcr-</strong></span> 
     </span>
    </p>
   </div>
   <div class='ocr_carea' id='block_1_50' title="bbox 2072 2085 3640 2159">
    <p class='ocr_par' dir='ltr' id='par_1_50' title="bbox 2072 2085 3640 2159">
     <span class='ocr_line' id='line_1_50' title="bbox 2072 2085 3640 2159; baseline -0.008 -9"><span class='ocrx_word' id='word_1_365' title='bbox 2072 2109 2262 2150; x_wconf 85' lang='lat' dir='ltr'><strong>sonam</strong></span> <span class='ocrx_word' id='word_1_366' title='bbox 2306 2110 2424 2148; x_wconf 86' lang='lat' dir='ltr'><strong>esse</strong></span> <span class='ocrx_word' id='word_1_367' title='bbox 2461 2094 2786 2146; x_wconf 74' lang='lat' dir='ltr'><strong>tradebant:</strong></span> <span class='ocrx_word' id='word_1_368' title='bbox 2842 2106 2959 2159; x_wconf 74' lang='lat' dir='ltr'><strong>qum</strong></span> <span class='ocrx_word' id='word_1_369' title='bbox 3008 2102 3393 2156; x_wconf 81' lang='lat' dir='ltr'><strong>nonnunquam</strong></span> <span class='ocrx_word' id='word_1_370' title='bbox 3444 2085 3640 2147; x_wconf 80' lang='lat' dir='ltr'><strong>Patris,</strong></span> 
     </span>
    </p>
   </div>
   <div class='ocr_carea' id='block_1_51' title="bbox 2074 2177 3640 2252">
    <p class='ocr_par' dir='ltr' id='par_1_51' title="bbox 2074 2177 3640 2252">
     <span class='ocr_line' id='line_1_51' title="bbox 2074 2177 3640 2252; baseline -0.008 -14"><span class='ocrx_word' id='word_1_371' title='bbox 2074 2200 2458 2252; x_wconf 89' lang='lat' dir='ltr'><strong>nonnunquam</strong></span> <span class='ocrx_word' id='word_1_372' title='bbox 2494 2183 2637 2248; x_wconf 85' lang='lat' dir='ltr'><strong>Filii,</strong></span> <span class='ocrx_word' id='word_1_373' title='bbox 2687 2198 3072 2250; x_wconf 80' lang='lat' dir='ltr'><strong>nonnunquam</strong></span> <span class='ocrx_word' id='word_1_374' title='bbox 3122 2180 3360 2246; x_wconf 85' lang='lat' dir='ltr'><strong>Spiritus</strong></span> <span class='ocrx_word' id='word_1_375' title='bbox 3408 2177 3640 2243; x_wconf 76' lang='lat' dir='ltr'><strong>speciem</strong></span> 
     </span>
    </p>
   </div>
   <div class='ocr_carea' id='block_1_52' title="bbox 2076 2267 3644 2343">
    <p class='ocr_par' dir='ltr' id='par_1_52' title="bbox 2076 2267 3644 2343">
     <span class='ocr_line' id='line_1_52' title="bbox 2076 2267 3644 2343; baseline -0.006 -16"><span class='ocrx_word' id='word_1_376' title='bbox 2076 2290 2185 2343; x_wconf 73' lang='lat' dir='ltr'><strong>pne</strong></span> <span class='ocrx_word' id='word_1_377' title='bbox 2213 2290 2273 2329; x_wconf 88' lang='lat' dir='ltr'><strong>se</strong></span> <span class='ocrx_word' id='word_1_378' title='bbox 2302 2274 2486 2328; x_wconf 80' lang='lat' dir='ltr'><strong>ferret.</strong></span> <span class='ocrx_word' id='word_1_379' title='bbox 2542 2274 2647 2328; x_wconf 86' lang='lat' dir='ltr'><strong>Sed</strong></span> <span class='ocrx_word' id='word_1_380' title='bbox 2694 2285 2996 2341; x_wconf 76' lang='lat' dir='ltr'><strong>arguuntur</strong></span> <span class='ocrx_word' id='word_1_381' title='bbox 3020 2286 3086 2325; x_wconf 69' lang='lat' dir='ltr'><strong>ex</strong></span> <span class='ocrx_word' id='word_1_382' title='bbox 3120 2284 3185 2325; x_wconf 91' lang='lat' dir='ltr'><strong>co</strong></span> <span class='ocrx_word' id='word_1_383' title='bbox 3213 2269 3355 2336; x_wconf 79' lang='grc' dir='ltr'><strong>(μιοὰ</strong></span> <span class='ocrx_word' id='word_1_384' title='bbox 3408 2267 3644 2322; x_wconf 77' lang='lat' dir='ltr'><strong>Joannes</strong></span> 
     </span>
    </p>
   </div>
   <div class='ocr_carea' id='block_1_53' title="bbox 2074 2362 3641 2431">
    <p class='ocr_par' dir='ltr' id='par_1_53' title="bbox 2074 2362 3641 2431">
     <span class='ocr_line' id='line_1_53' title="bbox 2074 2362 3641 2431; baseline -0.005 -13"><span class='ocrx_word' id='word_1_385' title='bbox 2074 2368 2245 2421; x_wconf 74' lang='lat' dir='ltr'><strong>dixit:</strong></span> <span class='ocrx_word' id='word_1_386' title='bbox 2282 2384 2300 2417; x_wconf 75' lang='grc' dir='ltr'><strong>ι</strong></span> <span class='ocrx_word' id='word_1_387' title='bbox 2332 2365 2397 2419; x_wconf 86' lang='grc' dir='ltr'><strong>Ει</strong></span> <span class='ocrx_word' id='word_1_388' title='bbox 2430 2366 2621 2420; x_wconf 86' lang='lat' dir='ltr'><strong>Sermo</strong></span> <span class='ocrx_word' id='word_1_389' title='bbox 2652 2375 2771 2418; x_wconf 73' lang='lat' dir='ltr'><strong>erat</strong></span> <span class='ocrx_word' id='word_1_390' title='bbox 2810 2364 2951 2431; x_wconf 75' lang='lat' dir='ltr'><strong>apud</strong></span> <span class='ocrx_word' id='word_1_391' title='bbox 2989 2364 3174 2427; x_wconf 85' lang='lat' dir='ltr'><strong>Deum,</strong></span> <span class='ocrx_word' id='word_1_392' title='bbox 3210 2381 3228 2414; x_wconf 77' lang='grc' dir='ltr'><strong>ι</strong></span> <span class='ocrx_word' id='word_1_393' title='bbox 3259 2362 3359 2415; x_wconf 91' lang='lat' dir='ltr'><strong>hoc</strong></span> <span class='ocrx_word' id='word_1_394' title='bbox 3396 2368 3480 2413; x_wconf 86' lang='lat' dir='ltr'><strong>est</strong></span> <span class='ocrx_word' id='word_1_395' title='bbox 3521 2372 3641 2410; x_wconf 81' lang='lat' dir='ltr'><strong>cum</strong></span> 
     </span>
    </p>
   </div>
   <div class='ocr_carea' id='block_1_54' title="bbox 2075 2450 3648 2520">
    <p class='ocr_par' dir='ltr' id='par_1_54' title="bbox 2075 2450 3648 2520">
     <span class='ocr_line' id='line_1_54' title="bbox 2075 2450 3648 2520; baseline -0.006 -11"><span class='ocrx_word' id='word_1_396' title='bbox 2075 2454 2227 2520; x_wconf 74' lang='lat' dir='ltr'><strong>Deo;</strong></span> <span class='ocrx_word' id='word_1_397' title='bbox 2276 2456 2419 2510; x_wconf 90' lang='lat' dir='ltr'><strong>unde</strong></span> <span class='ocrx_word' id='word_1_398' title='bbox 2466 2454 2796 2520; x_wconf 79' lang='lat' dir='ltr'><strong>colliguntur</strong></span> <span class='ocrx_word' id='word_1_399' title='bbox 2844 2466 2965 2504; x_wconf 80' lang='lat' dir='ltr'><strong>esse</strong></span> <span class='ocrx_word' id='word_1_400' title='bbox 3016 2466 3258 2518; x_wconf 69' lang='lat' dir='ltr'><strong>persona:</strong></span> <span class='ocrx_word' id='word_1_401' title='bbox 3286 2450 3424 2511; x_wconf 59' lang='lat' dir='ltr'><strong>dure.</strong></span> <span class='ocrx_word' id='word_1_402' title='bbox 3474 2450 3648 2515; x_wconf 75' lang='lat' dir='ltr'><strong>deque</strong></span> 
     </span>
    </p>
   </div>
   <div class='ocr_carea' id='block_1_55' title="bbox 2076 2542 3047 2613">
    <p class='ocr_par' dir='ltr' id='par_1_55' title="bbox 2076 2542 3047 2613">
     <span class='ocr_line' id='line_1_55' title="bbox 2076 2542 3047 2613; baseline 0.001 -17"><span class='ocrx_word' id='word_1_403' title='bbox 2076 2546 2320 2613; x_wconf 80' lang='lat' dir='ltr'><strong>pluribus</strong></span> <span class='ocrx_word' id='word_1_404' title='bbox 2352 2546 2470 2599; x_wconf 84' lang='lat' dir='ltr'><strong>aliis</strong></span> <span class='ocrx_word' id='word_1_405' title='bbox 2501 2544 2665 2599; x_wconf 80' lang='lat' dir='ltr'><strong>dictis</strong></span> <span class='ocrx_word' id='word_1_406' title='bbox 2696 2542 3047 2609; x_wconf 70' lang='lat' dir='ltr'><strong>evangelicis.</strong></span> 
     </span>
    </p>
   </div>
   <div class='ocr_carea' id='block_1_56' title="bbox 2147 2657 3645 2728">
    <p class='ocr_par' dir='ltr' id='par_1_56' title="bbox 2147 2657 3645 2728">
     <span class='ocr_line' id='line_1_56' title="bbox 2147 2657 3645 2728; baseline -0.007 -11"><span class='ocrx_word' id='word_1_407' title='bbox 2147 2663 2201 2717; x_wconf 69' lang='grc'><strong>4.</strong></span> <span class='ocrx_word' id='word_1_408' title='bbox 2271 2659 2596 2728; x_wconf 79' lang='lat' dir='ltr'><strong>Apollinaris</strong></span> <span class='ocrx_word' id='word_1_409' title='bbox 2664 2657 3012 2713; x_wconf 84' lang='lat' dir='ltr'><strong>Laodicensis</strong></span> <span class='ocrx_word' id='word_1_410' title='bbox 3079 2666 3384 2710; x_wconf 83' lang='lat' dir='ltr'><strong>sectatores</strong></span> <span class='ocrx_word' id='word_1_411' title='bbox 3453 2657 3645 2717; x_wconf 76' lang='lat' dir='ltr'><strong>aiunt,</strong></span> 
     </span>
    </p>
   </div>
   <div class='ocr_carea' id='block_1_57' title="bbox 2078 2747 3643 2817">
    <p class='ocr_par' dir='ltr' id='par_1_57' title="bbox 2078 2747 3643 2817">
     <span class='ocr_line' id='line_1_57' title="bbox 2078 2747 3643 2817; baseline -0.006 -10"><span class='ocrx_word' id='word_1_412' title='bbox 2078 2752 2441 2817; x_wconf 78' lang='lat' dir='ltr'><strong>assumpsisse</strong></span> <span class='ocrx_word' id='word_1_413' title='bbox 2494 2750 2782 2803; x_wconf 89' lang='lat' dir='ltr'><strong>Dominum</strong></span> <span class='ocrx_word' id='word_1_414' title='bbox 2839 2763 3060 2803; x_wconf 80' lang='lat' dir='ltr'><strong>carnem</strong></span> <span class='ocrx_word' id='word_1_415' title='bbox 3123 2747 3323 2802; x_wconf 87' lang='lat' dir='ltr'><strong>mentis</strong></span> <span class='ocrx_word' id='word_1_416' title='bbox 3370 2756 3643 2813; x_wconf 71' lang='lat' dir='ltr'><strong>expertem</strong></span> 
     </span>
    </p>
   </div>
   <div class='ocr_carea' id='block_1_58' title="bbox 2078 2839 3648 2903">
    <p class='ocr_par' dir='ltr' id='par_1_58' title="bbox 2078 2839 3648 2903">
     <span class='ocr_line' id='line_1_58' title="bbox 2078 2839 3648 2903; baseline -0.006 -7"><span class='ocrx_word' id='word_1_417' title='bbox 2078 2854 2131 2896; x_wconf 89' lang='lat' dir='ltr'><strong>et</strong></span> <span class='ocrx_word' id='word_1_418' title='bbox 2163 2842 2496 2903; x_wconf 84' lang='lat' dir='ltr'><strong>inanimam;</strong></span> <span class='ocrx_word' id='word_1_419' title='bbox 2553 2850 2610 2894; x_wconf 90' lang='lat' dir='ltr'><strong>ut</strong></span> <span class='ocrx_word' id='word_1_420' title='bbox 2656 2841 2744 2895; x_wconf 90' lang='lat' dir='ltr'><strong>cui</strong></span> <span class='ocrx_word' id='word_1_421' title='bbox 2793 2840 3048 2895; x_wconf 79' lang='lat' dir='ltr'><strong>divinitas</strong></span> <span class='ocrx_word' id='word_1_422' title='bbox 3095 2840 3292 2893; x_wconf 81' lang='lat' dir='ltr'><strong>mentis</strong></span> <span class='ocrx_word' id='word_1_423' title='bbox 3347 2849 3397 2889; x_wconf 83' lang='lat' dir='ltr'><strong>et</strong></span> <span class='ocrx_word' id='word_1_424' title='bbox 3452 2839 3648 2891; x_wconf 71' lang='lat' dir='ltr'><strong>animm</strong></span> 
     </span>
    </p>
   </div>
   <div class='ocr_carea' id='block_1_59' title="bbox 2079 2929 3645 2999">
    <p class='ocr_par' dir='ltr' id='par_1_59' title="bbox 2079 2929 3645 2999">
     <span class='ocr_line' id='line_1_59' title="bbox 2079 2929 3645 2999; baseline -0.004 -12"><span class='ocrx_word' id='word_1_425' title='bbox 2079 2932 2199 2987; x_wconf 86' lang='lat' dir='ltr'><strong>loco</strong></span> <span class='ocrx_word' id='word_1_426' title='bbox 2249 2932 2518 2987; x_wconf 86' lang='lat' dir='ltr'><strong>sutlicerct</strong></span> <span class='ocrx_word' id='word_1_427' title='bbox 2564 2947 2579 2984; x_wconf 91' lang='lat'><strong>:</strong></span> <span class='ocrx_word' id='word_1_428' title='bbox 2622 2946 2786 2999; x_wconf 75' lang='lat' dir='ltr'><strong>prave</strong></span> <span class='ocrx_word' id='word_1_429' title='bbox 2843 2932 3051 2991; x_wconf 79' lang='lat' dir='ltr'><strong>scilicet</strong></span> <span class='ocrx_word' id='word_1_430' title='bbox 3110 2941 3430 2985; x_wconf 80' lang='lat' dir='ltr'><strong>enarrantcs</strong></span> <span class='ocrx_word' id='word_1_431' title='bbox 3484 2929 3645 2992; x_wconf 84' lang='lat' dir='ltr'><strong>illud,</strong></span> 
     </span>
    </p>
   </div>
   <div class='ocr_carea' id='block_1_60' title="bbox 2087 3020 3647 3078">
    <p class='ocr_par' dir='ltr' id='par_1_60' title="bbox 2087 3020 3647 3078">
     <span class='ocr_line' id='line_1_60' title="bbox 2087 3020 3647 3078; baseline -0.002 -1"><span class='ocrx_word' id='word_1_432' title='bbox 2087 3043 2105 3076; x_wconf 80' lang='grc' dir='ltr'><strong>ι</strong></span> <span class='ocrx_word' id='word_1_433' title='bbox 2140 3024 2203 3077; x_wconf 79' lang='lat' dir='ltr'><strong>Et</strong></span> <span class='ocrx_word' id='word_1_434' title='bbox 2237 3022 2428 3078; x_wconf 85' lang='lat' dir='ltr'><strong>Sermo</strong></span> <span class='ocrx_word' id='word_1_435' title='bbox 2478 3036 2606 3077; x_wconf 85' lang='lat' dir='ltr'><strong>caro</strong></span> <span class='ocrx_word' id='word_1_436' title='bbox 2659 3022 2832 3078; x_wconf 82' lang='lat' dir='ltr'><strong>factus</strong></span> <span class='ocrx_word' id='word_1_437' title='bbox 2866 3032 2966 3076; x_wconf 89' lang='lat' dir='ltr'><strong>est.</strong></span> <span class='ocrx_word' id='word_1_438' title='bbox 3001 3041 3019 3073; x_wconf 73' lang='grc' dir='ltr'><strong>ι</strong></span> <span class='ocrx_word' id='word_1_439' title='bbox 3069 3020 3183 3075; x_wconf 81' lang='lat' dir='ltr'><strong>Non</strong></span> <span class='ocrx_word' id='word_1_440' title='bbox 3237 3020 3381 3075; x_wconf 88' lang='lat' dir='ltr'><strong>enim</strong></span> <span class='ocrx_word' id='word_1_441' title='bbox 3433 3029 3647 3074; x_wconf 85' lang='lat' dir='ltr'><strong>norant.</strong></span> 
     </span>
    </p>
   </div>
   <div class='ocr_carea' id='block_1_61' title="bbox 420 3079 1974 3180">
    <p class='ocr_par' dir='ltr' id='par_1_61' title="bbox 420 3079 1974 3173">
     <span class='ocr_line' id='line_1_61' title="bbox 420 3079 1974 3173; baseline 0.006 -38"><span class='ocrx_word' id='word_1_442' title='bbox 420 3079 703 3150; x_wconf 76' lang='grc' dir='ltr'><strong>ἄνθρωπον</strong></span> <span class='ocrx_word' id='word_1_443' title='bbox 731 3085 1019 3173; x_wconf 63' lang='grc' dir='ltr'><strong>ὀνομάζεν</strong></span> <span class='ocrx_word' id='word_1_444' title='bbox 1050 3088 1126 3146; x_wconf 83' lang='grc' dir='ltr'><strong>ὡς</strong></span> <span class='ocrx_word' id='word_1_445' title='bbox 1152 3088 1376 3157; x_wconf 74' lang='grc' dir='ltr'><strong>ἔχεικαὶ</strong></span> <span class='ocrx_word' id='word_1_446' title='bbox 1411 3090 1494 3154; x_wconf 82' lang='grc' dir='ltr'><strong>τὸ,</strong></span> <span class='ocrx_word' id='word_1_447' title='bbox 1532 3110 1551 3142; x_wconf 73' lang='grc' dir='ltr'><strong>ι</strong></span> <span class='ocrx_word' id='word_1_448' title='bbox 1587 3080 1814 3159; x_wconf 59' lang='lat' dir='ltr'><strong>&quot;Uti/erat</strong></span> <span class='ocrx_word' id='word_1_449' title='bbox 1838 3096 1974 3147; x_wconf 83' lang='grc' dir='ltr'><strong>πᾶσα</strong></span> 
     </span>
    </p>
   </div>
   <div class='ocr_carea' id='block_1_62' title="bbox 2077 3079 3649 3180">
    <p class='ocr_par' dir='ltr' id='par_1_62' title="bbox 2091 3110 3649 3180">
     <span class='ocr_line' id='line_1_62' title="bbox 2091 3110 3649 3180; baseline -0.001 -16"><span class='ocrx_word' id='word_1_450' title='bbox 2091 3113 2301 3167; x_wconf 81' lang='lat' dir='ltr'><strong>divinas</strong></span> <span class='ocrx_word' id='word_1_451' title='bbox 2352 3112 2582 3166; x_wconf 85' lang='lat' dir='ltr'><strong>Litteras</strong></span> <span class='ocrx_word' id='word_1_452' title='bbox 2630 3127 2846 3167; x_wconf 89' lang='lat' dir='ltr'><strong>carnem</strong></span> <span class='ocrx_word' id='word_1_453' title='bbox 2901 3110 3171 3180; x_wconf 87' lang='lat' dir='ltr'><strong>appellare</strong></span> <span class='ocrx_word' id='word_1_454' title='bbox 3221 3110 3541 3176; x_wconf 81' lang='lat' dir='ltr'><strong>hominem;</strong></span> <span class='ocrx_word' id='word_1_455' title='bbox 3593 3117 3649 3162; x_wconf 88' lang='lat' dir='ltr'><strong>ut</strong></span> 
     </span>
    </p>
   </div>
   <div class='ocr_carea' id='block_1_63' title="bbox 422 3166 1982 3250">
    <p class='ocr_par' dir='ltr' id='par_1_63' title="bbox 422 3166 1982 3250">
     <span class='ocr_line' id='line_1_63' title="bbox 422 3166 1982 3250; baseline 0.009 -26"><span class='ocrx_word' id='word_1_456' title='bbox 422 3172 560 3240; x_wconf 71' lang='grc' dir='ltr'><strong>σὰρξ</strong></span> <span class='ocrx_word' id='word_1_457' title='bbox 590 3174 651 3225; x_wconf 77' lang='grc' dir='ltr'><strong>τὸ</strong></span> <span class='ocrx_word' id='word_1_458' title='bbox 682 3166 947 3247; x_wconf 81' lang='grc' dir='ltr'><strong>σωτήριον</strong></span> <span class='ocrx_word' id='word_1_459' title='bbox 975 3179 1069 3231; x_wconf 87' lang='grc' dir='ltr'><strong>τοῦ</strong></span> <span class='ocrx_word' id='word_1_460' title='bbox 1104 3178 1258 3233; x_wconf 87' lang='grc' dir='ltr'><strong>Θεοῦ.</strong></span> <span class='ocrx_word' id='word_1_461' title='bbox 1297 3199 1316 3233; x_wconf 75' lang='grc' dir='ltr'><strong>ι</strong></span> <span class='ocrx_word' id='word_1_462' title='bbox 1353 3181 1416 3235; x_wconf 84' lang='lat' dir='ltr'><strong>Ol</strong></span> <span class='ocrx_word' id='word_1_463' title='bbox 1446 3182 1602 3235; x_wconf 73' lang='grc' dir='ltr'><strong>αὐτοὶ</strong></span> <span class='ocrx_word' id='word_1_464' title='bbox 1633 3182 1725 3237; x_wconf 79' lang='grc' dir='ltr'><strong>καὶ</strong></span> <span class='ocrx_word' id='word_1_465' title='bbox 1771 3185 1835 3237; x_wconf 70' lang='grc' dir='ltr'><strong>ἐκ</strong></span> <span class='ocrx_word' id='word_1_466' title='bbox 1865 3185 1982 3250; x_wconf 83' lang='grc' dir='ltr'><strong>τοῦ,</strong></span> 
     </span>
    </p>
   </div>
   <div class='ocr_carea' id='block_1_64' title="bbox 426 3263 1985 3341">
    <p class='ocr_par' dir='ltr' id='par_1_64' title="bbox 426 3263 1985 3341">
     <span class='ocr_line' id='line_1_64' title="bbox 426 3263 1985 3341; baseline 0.008 -27"><span class='ocrx_word' id='word_1_467' title='bbox 426 3280 447 3314; x_wconf 74' lang='grc' dir='ltr'><strong>ι</strong></span> <span class='ocrx_word' id='word_1_468' title='bbox 488 3263 701 3317; x_wconf 80' lang='grc' dir='ltr'><strong>Λύσατε</strong></span> <span class='ocrx_word' id='word_1_469' title='bbox 741 3266 833 3319; x_wconf 67' lang='grc' dir='ltr'><strong>τὸν</strong></span> <span class='ocrx_word' id='word_1_470' title='bbox 879 3267 1008 3321; x_wconf 79' lang='grc' dir='ltr'><strong>ναὸν</strong></span> <span class='ocrx_word' id='word_1_471' title='bbox 1058 3268 1268 3335; x_wconf 85' lang='grc' dir='ltr'><strong>τοῦτον,</strong></span> <span class='ocrx_word' id='word_1_472' title='bbox 1312 3288 1331 3322; x_wconf 76' lang='grc' dir='ltr'><strong>ι</strong></span> <span class='ocrx_word' id='word_1_473' title='bbox 1384 3272 1713 3341; x_wconf 78' lang='grc' dir='ltr'><strong>συνηγορίαν</strong></span> <span class='ocrx_word' id='word_1_474' title='bbox 1769 3275 1985 3341; x_wconf 79' lang='grc' dir='ltr'><strong>ἑαυτοῖς</strong></span> 
     </span>
    </p>
   </div>
   <div class='ocr_carea' id='block_1_65' title="bbox 423 3356 1985 3435">
    <p class='ocr_par' dir='ltr' id='par_1_65' title="bbox 423 3356 1985 3435">
     <span class='ocr_line' id='line_1_65' title="bbox 423 3356 1985 3435; baseline 0.007 -28"><span class='ocrx_word' id='word_1_475' title='bbox 423 3356 822 3425; x_wconf 76' lang='grc' dir='ltr'><strong>πεποιήκασιν,</strong></span> <span class='ocrx_word' id='word_1_476' title='bbox 864 3356 1007 3412; x_wconf 70' lang='grc' dir='ltr'><strong>οὕτω</strong></span> <span class='ocrx_word' id='word_1_477' title='bbox 1046 3359 1297 3427; x_wconf 82' lang='grc' dir='ltr'><strong>λέγοντες</strong></span> <span class='ocrx_word' id='word_1_478' title='bbox 1320 3379 1335 3394; x_wconf 88' lang='grc'><strong>⁸</strong></span> <span class='ocrx_word' id='word_1_479' title='bbox 1377 3363 1437 3415; x_wconf 84' lang='lat' dir='ltr'><strong>Ei</strong></span> <span class='ocrx_word' id='word_1_480' title='bbox 1469 3364 1596 3426; x_wconf 78' lang='grc' dir='ltr'><strong>ναὸς</strong></span> <span class='ocrx_word' id='word_1_481' title='bbox 1640 3365 1673 3435; x_wconf 82' lang='grc' dir='ltr'><strong>ἠ</strong></span> <span class='ocrx_word' id='word_1_482' title='bbox 1712 3363 1848 3435; x_wconf 79' lang='grc' dir='ltr'><strong>σάρξ</strong></span> <span class='ocrx_word' id='word_1_483' title='bbox 1887 3366 1985 3419; x_wconf 89' lang='grc' dir='ltr'><strong>τοῦ</strong></span> 
     </span>
    </p>
   </div>
   <div class='ocr_carea' id='block_1_66' title="bbox 424 3446 1985 3524">
    <p class='ocr_par' dir='ltr' id='par_1_66' title="bbox 424 3446 1985 3524">
     <span class='ocr_line' id='line_1_66' title="bbox 424 3446 1985 3524; baseline 0.006 -27"><span class='ocrx_word' id='word_1_484' title='bbox 424 3446 633 3515; x_wconf 80' lang='grc' dir='ltr'><strong>Κυρίου</strong></span> <span class='ocrx_word' id='word_1_485' title='bbox 680 3446 920 3515; x_wconf 80' lang='grc' dir='ltr'><strong>λέγεται,</strong></span> <span class='ocrx_word' id='word_1_486' title='bbox 955 3449 1163 3518; x_wconf 75' lang='grc' dir='ltr'><strong>ἄψυχος</strong></span> <span class='ocrx_word' id='word_1_487' title='bbox 1204 3450 1258 3503; x_wconf 69' lang='grc' dir='ltr'><strong>δὲ</strong></span> <span class='ocrx_word' id='word_1_488' title='bbox 1304 3452 1426 3514; x_wconf 84' lang='grc' dir='ltr'><strong>ναός</strong></span> <span class='ocrx_word' id='word_1_489' title='bbox 1451 3470 1465 3486; x_wconf 87' lang='grc'><strong>·</strong></span> <span class='ocrx_word' id='word_1_490' title='bbox 1498 3452 1701 3523; x_wconf 78' lang='grc' dir='ltr'><strong>ἄψυχος</strong></span> <span class='ocrx_word' id='word_1_491' title='bbox 1737 3454 1846 3524; x_wconf 75' lang='grc' dir='ltr'><strong>ἄρα</strong></span> <span class='ocrx_word' id='word_1_492' title='bbox 1891 3455 1985 3509; x_wconf 73' lang='grc' dir='ltr'><strong>καὶ</strong></span> 
     </span>
    </p>
   </div>
   <div class='ocr_carea' id='block_1_67' title="bbox 423 3534 1982 3618">
    <p class='ocr_par' dir='ltr' id='par_1_67' title="bbox 423 3534 1982 3618">
     <span class='ocr_line' id='line_1_67' title="bbox 423 3534 1982 3618; baseline 0.008 -29"><span class='ocrx_word' id='word_1_493' title='bbox 423 3534 585 3605; x_wconf 79' lang='grc' dir='ltr'><strong>αῦτη.</strong></span> <span class='ocrx_word' id='word_1_494' title='bbox 621 3537 685 3590; x_wconf 83' lang='lat' dir='ltr'><strong>Oi</strong></span> <span class='ocrx_word' id='word_1_495' title='bbox 725 3537 877 3590; x_wconf 79' lang='grc' dir='ltr'><strong>αὐτοὶ</strong></span> <span class='ocrx_word' id='word_1_496' title='bbox 909 3540 1004 3592; x_wconf 77' lang='grc' dir='ltr'><strong>καὶ</strong></span> <span class='ocrx_word' id='word_1_497' title='bbox 1030 3542 1132 3610; x_wconf 84' lang='grc' dir='ltr'><strong>τὴν</strong></span> <span class='ocrx_word' id='word_1_498' title='bbox 1166 3542 1345 3611; x_wconf 82' lang='grc' dir='ltr'><strong>σάρκα</strong></span> <span class='ocrx_word' id='word_1_499' title='bbox 1372 3543 1581 3614; x_wconf 84' lang='grc' dir='ltr'><strong>ταύτην</strong></span> <span class='ocrx_word' id='word_1_500' title='bbox 1605 3546 1669 3599; x_wconf 77' lang='grc' dir='ltr'><strong>ὲκ</strong></span> <span class='ocrx_word' id='word_1_501' title='bbox 1695 3547 1789 3600; x_wconf 84' lang='grc' dir='ltr'><strong>τοῦ</strong></span> <span class='ocrx_word' id='word_1_502' title='bbox 1818 3549 1982 3618; x_wconf 85' lang='grc' dir='ltr'><strong>οὐρα-</strong></span> 
     </span>
    </p>
   </div>
   <div class='ocr_carea' id='block_1_68' title="bbox 424 3626 1983 3710">
    <p class='ocr_par' dir='ltr' id='par_1_68' title="bbox 424 3626 1983 3710">
     <span class='ocr_line' id='line_1_68' title="bbox 424 3626 1983 3710; baseline 0.009 -31"><span class='ocrx_word' id='word_1_503' title='bbox 424 3626 516 3680; x_wconf 88' lang='grc' dir='ltr'><strong>νοῦ</strong></span> <span class='ocrx_word' id='word_1_504' title='bbox 547 3628 769 3696; x_wconf 71' lang='grc' dir='ltr'><strong>λέγουσι</strong></span> <span class='ocrx_word' id='word_1_505' title='bbox 810 3631 905 3683; x_wconf 80' lang='grc' dir='ltr'><strong>τὸν</strong></span> <span class='ocrx_word' id='word_1_506' title='bbox 935 3631 1144 3700; x_wconf 81' lang='grc' dir='ltr'><strong>Κύριον</strong></span> <span class='ocrx_word' id='word_1_507' title='bbox 1192 3634 1417 3709; x_wconf 66' lang='grc' dir='ltr'><strong>ἔχοντα.</strong></span> <span class='ocrx_word' id='word_1_508' title='bbox 1462 3637 1537 3701; x_wconf 82' lang='grc' dir='ltr'><strong>ὡς</strong></span> <span class='ocrx_word' id='word_1_509' title='bbox 1585 3638 1671 3691; x_wconf 85' lang='grc' dir='ltr'><strong>διὰ</strong></span> <span class='ocrx_word' id='word_1_510' title='bbox 1707 3638 1946 3710; x_wconf 85' lang='grc' dir='ltr'><strong>σωλῆνος</strong></span> <span class='ocrx_word' id='word_1_511' title='bbox 1967 3679 1983 3704; x_wconf 96' lang='grc'><strong>,</strong></span> 
     </span>
    </p>
   </div>
   <div class='ocr_carea' id='block_1_69' title="bbox 423 3721 1985 3799">
    <p class='ocr_par' dir='ltr' id='par_1_69' title="bbox 423 3721 1985 3799">
     <span class='ocr_line' id='line_1_69' title="bbox 423 3721 1985 3799; baseline 0.008 -25"><span class='ocrx_word' id='word_1_512' title='bbox 423 3721 597 3787; x_wconf 79' lang='grc' dir='ltr'><strong>οὕτως</strong></span> <span class='ocrx_word' id='word_1_513' title='bbox 627 3723 802 3778; x_wconf 75' lang='grc' dir='ltr'><strong>ἐλθεῖν</strong></span> <span class='ocrx_word' id='word_1_514' title='bbox 843 3726 933 3780; x_wconf 79' lang='grc' dir='ltr'><strong>διὰ</strong></span> <span class='ocrx_word' id='word_1_515' title='bbox 961 3728 1061 3796; x_wconf 91' lang='grc' dir='ltr'><strong>τῆς</strong></span> <span class='ocrx_word' id='word_1_516' title='bbox 1108 3730 1384 3799; x_wconf 74' lang='grc' dir='ltr'><strong>Παρθένου</strong></span> <span class='ocrx_word' id='word_1_517' title='bbox 1408 3745 1422 3760; x_wconf 88' lang='grc'><strong>⁸</strong></span> <span class='ocrx_word' id='word_1_518' title='bbox 1470 3734 1534 3784; x_wconf 80' lang='grc' dir='ltr'><strong>ὲκ</strong></span> <span class='ocrx_word' id='word_1_519' title='bbox 1571 3732 1686 3787; x_wconf 87' lang='grc' dir='ltr'><strong>τοῦ·</strong></span> <span class='ocrx_word' id='word_1_520' title='bbox 1740 3752 1759 3787; x_wconf 80' lang='grc' dir='ltr'><strong>ι</strong></span> <span class='ocrx_word' id='word_1_521' title='bbox 1798 3735 1985 3798; x_wconf 72' lang='grc' dir='ltr'><strong>Οὐδεὶς</strong></span> 
     </span>
    </p>
   </div>
   <div class='ocr_carea' id='block_1_70' title="bbox 425 3813 1986 3895">
    <p class='ocr_par' dir='ltr' id='par_1_70' title="bbox 425 3813 1986 3895">
     <span class='ocr_line' id='line_1_70' title="bbox 425 3813 1986 3895; baseline 0.008 -29"><span class='ocrx_word' id='word_1_522' title='bbox 425 3813 764 3885; x_wconf 70' lang='grc' dir='ltr'><strong>ἀναϐέόηκεν</strong></span> <span class='ocrx_word' id='word_1_523' title='bbox 793 3818 870 3877; x_wconf 81' lang='lat' dir='ltr'><strong>sl;</strong></span> <span class='ocrx_word' id='word_1_524' title='bbox 897 3817 991 3870; x_wconf 77' lang='grc' dir='ltr'><strong>τὸν</strong></span> <span class='ocrx_word' id='word_1_525' title='bbox 1019 3818 1267 3888; x_wconf 75' lang='grc' dir='ltr'><strong>οὐρανὸν,</strong></span> <span class='ocrx_word' id='word_1_526' title='bbox 1302 3824 1351 3874; x_wconf 80' lang='grc' dir='ltr'><strong>εἰ</strong></span> <span class='ocrx_word' id='word_1_527' title='bbox 1384 3821 1459 3891; x_wconf 78' lang='grc' dir='ltr'><strong>μὴ</strong></span> <span class='ocrx_word' id='word_1_528' title='bbox 1486 3824 1513 3876; x_wconf 88' lang='lat'><strong>6</strong></span> <span class='ocrx_word' id='word_1_529' title='bbox 1544 3826 1607 3877; x_wconf 71' lang='grc' dir='ltr'><strong>ἐκ</strong></span> <span class='ocrx_word' id='word_1_530' title='bbox 1637 3824 1729 3876; x_wconf 89' lang='grc' dir='ltr'><strong>τοῦ</strong></span> <span class='ocrx_word' id='word_1_531' title='bbox 1758 3825 1986 3895; x_wconf 85' lang='grc' dir='ltr'><strong>οὐρανοῦ</strong></span> 
     </span>
    </p>
   </div>
   <div class='ocr_carea' id='block_1_71' title="bbox 426 3906 1981 3987">
    <p class='ocr_par' dir='ltr' id='par_1_71' title="bbox 426 3906 1981 3987">
     <span class='ocr_line' id='line_1_71' title="bbox 426 3906 1981 3987; baseline 0.006 -30"><span class='ocrx_word' id='word_1_532' title='bbox 426 3906 692 3971; x_wconf 75' lang='grc' dir='ltr'><strong>καταϐὰς,</strong></span> <span class='ocrx_word' id='word_1_533' title='bbox 732 3910 760 3960; x_wconf 89' lang='lat'><strong>6</strong></span> <span class='ocrx_word' id='word_1_534' title='bbox 805 3908 928 3971; x_wconf 76' lang='grc' dir='ltr'><strong>Υἱὸς</strong></span> <span class='ocrx_word' id='word_1_535' title='bbox 960 3908 1055 3963; x_wconf 87' lang='grc' dir='ltr'><strong>τοῦ</strong></span> <span class='ocrx_word' id='word_1_536' title='bbox 1099 3910 1257 3975; x_wconf 84' lang='grc' dir='ltr'><strong>Θεοῦ,</strong></span> <span class='ocrx_word' id='word_1_537' title='bbox 1291 3915 1318 3965; x_wconf 87' lang='grc' dir='ltr'>ὁ</span> <span class='ocrx_word' id='word_1_538' title='bbox 1352 3912 1428 3965; x_wconf 85' lang='grc' dir='ltr'><strong>ὣν</strong></span> <span class='ocrx_word' id='word_1_539' title='bbox 1470 3916 1525 3967; x_wconf 82' lang='grc' dir='ltr'><strong>ὲν</strong></span> <span class='ocrx_word' id='word_1_540' title='bbox 1574 3915 1652 3984; x_wconf 82' lang='grc' dir='ltr'><strong>τῷ</strong></span> <span class='ocrx_word' id='word_1_541' title='bbox 1681 3916 1918 3987; x_wconf 81' lang='grc' dir='ltr'><strong>οὐρανῷ,</strong></span> <span class='ocrx_word' id='word_1_542' title='bbox 1962 3937 1981 3967; x_wconf 72' lang='grc' dir='ltr'><strong>ι</strong></span> 
     </span>
    </p>
   </div>
   <div class='ocr_carea' id='block_1_72' title="bbox 426 3998 1989 4073">
    <p class='ocr_par' dir='ltr' id='par_1_72' title="bbox 426 3998 1989 4073">
     <span class='ocr_line' id='line_1_72' title="bbox 426 3998 1989 4073; baseline 0.007 -24"><span class='ocrx_word' id='word_1_543' title='bbox 426 3998 582 4050; x_wconf 84' lang='grc' dir='ltr'><strong>τοῦτο</strong></span> <span class='ocrx_word' id='word_1_544' title='bbox 618 3999 779 4067; x_wconf 83' lang='grc' dir='ltr'><strong>δῆθεν</strong></span> <span class='ocrx_word' id='word_1_545' title='bbox 812 4000 1183 4069; x_wconf 81' lang='grc' dir='ltr'><strong>πιστούμενοι,</strong></span> <span class='ocrx_word' id='word_1_546' title='bbox 1227 4002 1302 4073; x_wconf 83' lang='grc' dir='ltr'><strong>μὴ</strong></span> <span class='ocrx_word' id='word_1_547' title='bbox 1342 4005 1541 4067; x_wconf 75' lang='grc' dir='ltr'><strong>εἰδότες</strong></span> <span class='ocrx_word' id='word_1_548' title='bbox 1563 4044 1578 4070; x_wconf 94' lang='grc'><strong>,</strong></span> <span class='ocrx_word' id='word_1_549' title='bbox 1608 4007 1682 4069; x_wconf 85' lang='grc' dir='ltr'><strong>ὼς</strong></span> <span class='ocrx_word' id='word_1_550' title='bbox 1710 4008 1795 4060; x_wconf 77' lang='grc' dir='ltr'><strong>διὰ</strong></span> <span class='ocrx_word' id='word_1_551' title='bbox 1828 4009 1889 4060; x_wconf 77' lang='grc' dir='ltr'><strong>τὸ</strong></span> <span class='ocrx_word' id='word_1_552' title='bbox 1931 4011 1989 4060; x_wconf 71' lang='grc' dir='ltr'><strong>ὲν</strong></span> 
     </span>
    </p>
   </div>
   <div class='ocr_carea' id='block_1_73' title="bbox 426 4087 1989 4164">
    <p class='ocr_par' dir='ltr' id='par_1_73' title="bbox 426 4087 1989 4164">
     <span class='ocr_line' id='line_1_73' title="bbox 426 4087 1989 4164; baseline 0.006 -24"><span class='ocrx_word' id='word_1_553' title='bbox 426 4087 521 4140; x_wconf 65' lang='grc' dir='ltr'><strong>δὲο</strong></span> <span class='ocrx_word' id='word_1_554' title='bbox 542 4087 737 4155; x_wconf 82' lang='grc' dir='ltr'><strong>φύσεσι</strong></span> <span class='ocrx_word' id='word_1_555' title='bbox 769 4088 898 4158; x_wconf 88' lang='grc' dir='ltr'><strong>μίαν</strong></span> <span class='ocrx_word' id='word_1_556' title='bbox 926 4090 1221 4145; x_wconf 79' lang='grc' dir='ltr'><strong>ὑπόστασιν</strong></span> <span class='ocrx_word' id='word_1_557' title='bbox 1241 4094 1333 4148; x_wconf 74' lang='grc' dir='ltr'><strong>τὸν</strong></span> <span class='ocrx_word' id='word_1_558' title='bbox 1357 4094 1593 4164; x_wconf 79' lang='grc' dir='ltr'><strong>Χριστὸν</strong></span> <span class='ocrx_word' id='word_1_559' title='bbox 1620 4095 1786 4164; x_wconf 71' lang='grc' dir='ltr'><strong>ἔχειν,</strong></span> <span class='ocrx_word' id='word_1_560' title='bbox 1815 4094 1989 4159; x_wconf 80' lang='grc' dir='ltr'><strong>οὕτως</strong></span> 
     </span>
    </p>
   </div>
   <div class='ocr_carea' id='block_1_74' title="bbox 430 4178 921 4250">
    <p class='ocr_par' dir='ltr' id='par_1_74' title="bbox 430 4178 921 4250">
     <span class='ocr_line' id='line_1_74' title="bbox 430 4178 921 4250; baseline 0.01 -21"><span class='ocrx_word' id='word_1_561' title='bbox 430 4179 650 4250; x_wconf 73' lang='grc' dir='ltr'><strong>εἴρηται</strong></span> <span class='ocrx_word' id='word_1_562' title='bbox 685 4178 868 4234; x_wconf 81' lang='grc' dir='ltr'><strong>τοῦτο.</strong></span> <span class='ocrx_word' id='word_1_563' title='bbox 916 4200 921 4213; x_wconf 59' lang='grc' dir='ltr'>δ</span> 
     </span>
    </p>
   </div>
   <div class='ocr_carea' id='block_1_75' title="bbox 500 4291 1991 4368">
    <p class='ocr_par' dir='ltr' id='par_1_75' title="bbox 500 4291 1991 4368">
     <span class='ocr_line' id='line_1_75' title="bbox 500 4291 1991 4368; baseline 0.007 -24"><span class='ocrx_word' id='word_1_564' title='bbox 500 4291 559 4348; x_wconf 83' lang='grc' dir='ltr'><strong>ε’.</strong></span> <span class='ocrx_word' id='word_1_565' title='bbox 596 4297 659 4347; x_wconf 85' lang='lat' dir='ltr'><strong>Ol</strong></span> <span class='ocrx_word' id='word_1_566' title='bbox 690 4292 820 4364; x_wconf 82' lang='grc' dir='ltr'><strong>περὶ</strong></span> <span class='ocrx_word' id='word_1_567' title='bbox 850 4294 940 4347; x_wconf 71' lang='grc' dir='ltr'><strong>τὸν</strong></span> <span class='ocrx_word' id='word_1_568' title='bbox 966 4295 1179 4368; x_wconf 81' lang='grc' dir='ltr'><strong>Εὐτυχῆ</strong></span> <span class='ocrx_word' id='word_1_569' title='bbox 1210 4297 1303 4349; x_wconf 67' lang='grc' dir='ltr'><strong>καὶ</strong></span> <span class='ocrx_word' id='word_1_570' title='bbox 1338 4297 1650 4366; x_wconf 67' lang='grc' dir='ltr'><strong>Διόσκορον,</strong></span> <span class='ocrx_word' id='word_1_571' title='bbox 1685 4298 1824 4351; x_wconf 78' lang='grc' dir='ltr'><strong>κατὰ</strong></span> <span class='ocrx_word' id='word_1_572' title='bbox 1857 4316 1991 4367; x_wconf 83' lang='grc' dir='ltr'><strong>φαν-</strong></span> 
     </span>
    </p>
   </div>
   <div class='ocr_carea' id='block_1_76' title="bbox 430 4386 1984 4458">
    <p class='ocr_par' dir='ltr' id='par_1_76' title="bbox 430 4386 1984 4458">
     <span class='ocr_line' id='line_1_76' title="bbox 430 4386 1984 4458; baseline 0.004 -21"><span class='ocrx_word' id='word_1_573' title='bbox 430 4388 621 4441; x_wconf 85' lang='grc' dir='ltr'><strong>τασίαν</strong></span> <span class='ocrx_word' id='word_1_574' title='bbox 649 4386 829 4454; x_wconf 77' lang='grc' dir='ltr'><strong>ἔλεγον</strong></span> <span class='ocrx_word' id='word_1_575' title='bbox 865 4388 956 4438; x_wconf 79' lang='grc' dir='ltr'><strong>τὸν</strong></span> <span class='ocrx_word' id='word_1_576' title='bbox 992 4388 1119 4439; x_wconf 72' lang='grc' dir='ltr'><strong>Υἰον</strong></span> <span class='ocrx_word' id='word_1_577' title='bbox 1152 4386 1244 4440; x_wconf 82' lang='grc' dir='ltr'><strong>τοῦ</strong></span> <span class='ocrx_word' id='word_1_578' title='bbox 1273 4387 1408 4440; x_wconf 86' lang='grc' dir='ltr'><strong>Θεοῦ</strong></span> <span class='ocrx_word' id='word_1_579' title='bbox 1438 4388 1723 4458; x_wconf 80' lang='grc' dir='ltr'><strong>ἄνθρωπον</strong></span> <span class='ocrx_word' id='word_1_580' title='bbox 1756 4391 1984 4458; x_wconf 71' lang='grc' dir='ltr'><strong>γεγονέ-</strong></span> 
     </span>
    </p>
   </div>
   <div class='ocr_carea' id='block_1_77' title="bbox 2088 3200 3648 3273">
    <p class='ocr_par' dir='ltr' id='par_1_77' title="bbox 2088 3200 3648 3273">
     <span class='ocr_line' id='line_1_77' title="bbox 2088 3200 3648 3273; baseline -0.003 -17"><span class='ocrx_word' id='word_1_581' title='bbox 2088 3203 2140 3256; x_wconf 93' lang='lat' dir='ltr'><strong>in</strong></span> <span class='ocrx_word' id='word_1_582' title='bbox 2170 3202 2261 3256; x_wconf 91' lang='lat' dir='ltr'><strong>illo</strong></span> <span class='ocrx_word' id='word_1_583' title='bbox 2289 3218 2504 3273; x_wconf 86' lang='lat' dir='ltr'><strong>quoque</strong></span> <span class='ocrx_word' id='word_1_584' title='bbox 2533 3202 2697 3262; x_wconf 87' lang='lat' dir='ltr'><strong>dicto,</strong></span> <span class='ocrx_word' id='word_1_585' title='bbox 2739 3220 2758 3252; x_wconf 74' lang='grc' dir='ltr'><strong>ι</strong></span> <span class='ocrx_word' id='word_1_586' title='bbox 2792 3200 3032 3269; x_wconf 83' lang='lat' dir='ltr'><strong>Aspiciet</strong></span> <span class='ocrx_word' id='word_1_587' title='bbox 3065 3202 3313 3255; x_wconf 81' lang='lat' dir='ltr'><strong>universa</strong></span> <span class='ocrx_word' id='word_1_588' title='bbox 3343 3214 3473 3255; x_wconf 88' lang='lat' dir='ltr'><strong>caro</strong></span> <span class='ocrx_word' id='word_1_589' title='bbox 3503 3200 3648 3253; x_wconf 88' lang='lat' dir='ltr'><strong>salu—</strong></span> 
     </span>
    </p>
   </div>
   <div class='ocr_carea' id='block_1_78' title="bbox 2087 3292 3646 3361">
    <p class='ocr_par' dir='ltr' id='par_1_78' title="bbox 2087 3292 3646 3361">
     <span class='ocr_line' id='line_1_78' title="bbox 2087 3292 3646 3361; baseline -0.003 -13"><span class='ocrx_word' id='word_1_590' title='bbox 2087 3304 2202 3348; x_wconf 89' lang='lat' dir='ltr'><strong>tare</strong></span> <span class='ocrx_word' id='word_1_591' title='bbox 2235 3294 2349 3349; x_wconf 83' lang='lat' dir='ltr'><strong>Dei.</strong></span> <span class='ocrx_word' id='word_1_592' title='bbox 2383 3313 2401 3346; x_wconf 77' lang='grc' dir='ltr'><strong>ι</strong></span> <span class='ocrx_word' id='word_1_593' title='bbox 2433 3294 2758 3358; x_wconf 68' lang='grc' dir='ltr'><strong>Οιιειιτοιιιιηι</strong></span> <span class='ocrx_word' id='word_1_594' title='bbox 2803 3292 2964 3346; x_wconf 86' lang='lat' dir='ltr'><strong>iidem</strong></span> <span class='ocrx_word' id='word_1_595' title='bbox 3010 3293 3113 3346; x_wconf 85' lang='lat' dir='ltr'><strong>sibi</strong></span> <span class='ocrx_word' id='word_1_596' title='bbox 3167 3292 3528 3361; x_wconf 87' lang='lat' dir='ltr'><strong>patrocinium</strong></span> <span class='ocrx_word' id='word_1_597' title='bbox 3581 3307 3646 3344; x_wconf 74' lang='lat' dir='ltr'><strong>cx</strong></span> 
     </span>
    </p>
   </div>
   <div class='ocr_carea' id='block_1_79' title="bbox 2085 3382 3649 3452">
    <p class='ocr_par' dir='ltr' id='par_1_79' title="bbox 2085 3382 3649 3452">
     <span class='ocr_line' id='line_1_79' title="bbox 2085 3382 3649 3452; baseline -0.003 -14"><span class='ocrx_word' id='word_1_598' title='bbox 2085 3385 2263 3440; x_wconf 81' lang='lat' dir='ltr'><strong>verbis</strong></span> <span class='ocrx_word' id='word_1_599' title='bbox 2291 3385 2412 3445; x_wconf 86' lang='lat' dir='ltr'><strong>illis.</strong></span> <span class='ocrx_word' id='word_1_600' title='bbox 2458 3404 2476 3437; x_wconf 78' lang='grc' dir='ltr'><strong>ι</strong></span> <span class='ocrx_word' id='word_1_601' title='bbox 2510 3382 2714 3439; x_wconf 71' lang='lat' dir='ltr'><strong>Solvute</strong></span> <span class='ocrx_word' id='word_1_602' title='bbox 2744 3384 2999 3452; x_wconf 82' lang='lat' dir='ltr'><strong>templum</strong></span> <span class='ocrx_word' id='word_1_603' title='bbox 3033 3385 3156 3448; x_wconf 87' lang='lat' dir='ltr'><strong>hoc,</strong></span> <span class='ocrx_word' id='word_1_604' title='bbox 3194 3402 3212 3433; x_wconf 76' lang='grc' dir='ltr'><strong>ι</strong></span> <span class='ocrx_word' id='word_1_605' title='bbox 3239 3394 3294 3437; x_wconf 92' lang='lat' dir='ltr'><strong>et</strong></span> <span class='ocrx_word' id='word_1_606' title='bbox 3323 3384 3394 3436; x_wconf 91' lang='lat' dir='ltr'><strong>ita</strong></span> <span class='ocrx_word' id='word_1_607' title='bbox 3428 3382 3649 3437; x_wconf 88' lang='lat' dir='ltr'><strong>ratioci—</strong></span> 
     </span>
    </p>
   </div>
   <div class='ocr_carea' id='block_1_80' title="bbox 2086 3470 3650 3542">
    <p class='ocr_par' dir='ltr' id='par_1_80' title="bbox 2086 3470 3650 3542">
     <span class='ocr_line' id='line_1_80' title="bbox 2086 3470 3650 3542; baseline -0.004 -13"><span class='ocrx_word' id='word_1_608' title='bbox 2086 3478 2395 3531; x_wconf 86' lang='lat' dir='ltr'><strong>nabantur:</strong></span> <span class='ocrx_word' id='word_1_609' title='bbox 2437 3476 2492 3529; x_wconf 90' lang='lat' dir='ltr'><strong>Si</strong></span> <span class='ocrx_word' id='word_1_610' title='bbox 2533 3490 2664 3537; x_wconf 82' lang='lat' dir='ltr'><strong>caro</strong></span> <span class='ocrx_word' id='word_1_611' title='bbox 2699 3473 2911 3528; x_wconf 87' lang='lat' dir='ltr'><strong>Domini</strong></span> <span class='ocrx_word' id='word_1_612' title='bbox 2947 3473 3204 3542; x_wconf 84' lang='lat' dir='ltr'><strong>templum</strong></span> <span class='ocrx_word' id='word_1_613' title='bbox 3238 3472 3454 3535; x_wconf 87' lang='lat' dir='ltr'><strong>dicitur,</strong></span> <span class='ocrx_word' id='word_1_614' title='bbox 3505 3480 3561 3525; x_wconf 89' lang='lat' dir='ltr'><strong>et</strong></span> <span class='ocrx_word' id='word_1_615' title='bbox 3606 3470 3650 3524; x_wconf 90' lang='lat' dir='ltr'><strong>si</strong></span> 
     </span>
    </p>
   </div>
   <div class='ocr_carea' id='block_1_81' title="bbox 2088 3565 3655 3635">
    <p class='ocr_par' dir='ltr' id='par_1_81' title="bbox 2088 3565 3655 3635">
     <span class='ocr_line' id='line_1_81' title="bbox 2088 3565 3655 3635; baseline -0.005 -11"><span class='ocrx_word' id='word_1_616' title='bbox 2088 3569 2344 3635; x_wconf 80' lang='lat' dir='ltr'><strong>templum</strong></span> <span class='ocrx_word' id='word_1_617' title='bbox 2398 3584 2484 3623; x_wconf 84' lang='lat' dir='ltr'><strong>res</strong></span> <span class='ocrx_word' id='word_1_618' title='bbox 2532 3577 2612 3621; x_wconf 87' lang='lat' dir='ltr'><strong>est</strong></span> <span class='ocrx_word' id='word_1_619' title='bbox 2664 3567 2899 3620; x_wconf 84' lang='lat' dir='ltr'><strong>inanima</strong></span> <span class='ocrx_word' id='word_1_620' title='bbox 2929 3606 2945 3631; x_wconf 92' lang='lat'><strong>,</strong></span> <span class='ocrx_word' id='word_1_621' title='bbox 3004 3567 3259 3620; x_wconf 90' lang='lat' dir='ltr'><strong>nimirum</strong></span> <span class='ocrx_word' id='word_1_622' title='bbox 3311 3576 3365 3619; x_wconf 89' lang='lat' dir='ltr'><strong>et</strong></span> <span class='ocrx_word' id='word_1_623' title='bbox 3408 3565 3521 3633; x_wconf 81' lang='lat' dir='ltr'><strong>ipsa</strong></span> <span class='ocrx_word' id='word_1_624' title='bbox 3571 3574 3655 3619; x_wconf 87' lang='lat' dir='ltr'><strong>est</strong></span> 
     </span>
    </p>
   </div>
   <div class='ocr_carea' id='block_1_82' title="bbox 2088 3656 3652 3725">
    <p class='ocr_par' dir='ltr' id='par_1_82' title="bbox 2088 3656 3652 3725">
     <span class='ocr_line' id='line_1_82' title="bbox 2088 3656 3652 3725; baseline -0.003 -10"><span class='ocrx_word' id='word_1_625' title='bbox 2088 3660 2351 3716; x_wconf 83' lang='lat' dir='ltr'><strong>inanima.</strong></span> <span class='ocrx_word' id='word_1_626' title='bbox 2383 3660 2572 3714; x_wconf 85' lang='lat' dir='ltr'><strong>Dicunt</strong></span> <span class='ocrx_word' id='word_1_627' title='bbox 2604 3659 2788 3723; x_wconf 87' lang='lat' dir='ltr'><strong>iidem,</strong></span> <span class='ocrx_word' id='word_1_628' title='bbox 2820 3657 3103 3712; x_wconf 88' lang='lat' dir='ltr'><strong>Dominum</strong></span> <span class='ocrx_word' id='word_1_629' title='bbox 3144 3658 3231 3725; x_wconf 79' lang='lat' dir='ltr'><strong>qui</strong></span> <span class='ocrx_word' id='word_1_630' title='bbox 3264 3672 3481 3711; x_wconf 84' lang='lat' dir='ltr'><strong>carnem</strong></span> <span class='ocrx_word' id='word_1_631' title='bbox 3513 3656 3652 3710; x_wconf 81' lang='lat' dir='ltr'><strong>hanc</strong></span> 
     </span>
    </p>
   </div>
   <div class='ocr_carea' id='block_1_83' title="bbox 2089 3746 3654 3817">
    <p class='ocr_par' dir='ltr' id='par_1_83' title="bbox 2089 3746 3654 3817">
     <span class='ocr_line' id='line_1_83' title="bbox 2089 3746 3654 3817; baseline -0.003 -12"><span class='ocrx_word' id='word_1_632' title='bbox 2089 3751 2308 3805; x_wconf 82' lang='lat' dir='ltr'><strong>haberet</strong></span> <span class='ocrx_word' id='word_1_633' title='bbox 2340 3766 2370 3805; x_wconf 86' lang='lat' dir='ltr'><strong>e</strong></span> <span class='ocrx_word' id='word_1_634' title='bbox 2399 3750 2558 3814; x_wconf 73' lang='lat' dir='ltr'><strong>cmlo,</strong></span> <span class='ocrx_word' id='word_1_635' title='bbox 2586 3758 2861 3817; x_wconf 29' lang='lat' dir='ltr'><strong>stanquam</strong></span> <span class='ocrx_word' id='word_1_636' title='bbox 2912 3764 3008 3815; x_wconf 86' lang='lat' dir='ltr'><strong>per</strong></span> <span class='ocrx_word' id='word_1_637' title='bbox 3053 3749 3316 3813; x_wconf 84' lang='lat' dir='ltr'><strong>canalem,</strong></span> <span class='ocrx_word' id='word_1_638' title='bbox 3368 3746 3654 3801; x_wconf 73' lang='lat' dir='ltr'><strong>transiisse</strong></span> 
     </span>
    </p>
   </div>
   <div class='ocr_carea' id='block_1_84' title="bbox 2089 3836 3652 3911">
    <p class='ocr_par' dir='ltr' id='par_1_84' title="bbox 2089 3836 3652 3911">
     <span class='ocr_line' id='line_1_84' title="bbox 2089 3836 3652 3911; baseline -0.004 -17"><span class='ocrx_word' id='word_1_639' title='bbox 2089 3856 2183 3911; x_wconf 86' lang='lat' dir='ltr'><strong>per</strong></span> <span class='ocrx_word' id='word_1_640' title='bbox 2204 3839 2497 3910; x_wconf 80' lang='lat' dir='ltr'><strong>Virginem,</strong></span> <span class='ocrx_word' id='word_1_641' title='bbox 2521 3840 2681 3909; x_wconf 84' lang='lat' dir='ltr'><strong>idque</strong></span> <span class='ocrx_word' id='word_1_642' title='bbox 2705 3845 2770 3893; x_wconf 82' lang='lat' dir='ltr'><strong>de</strong></span> <span class='ocrx_word' id='word_1_643' title='bbox 2788 3840 2966 3894; x_wconf 75' lang='lat' dir='ltr'><strong>verbis</strong></span> <span class='ocrx_word' id='word_1_644' title='bbox 2988 3840 3094 3893; x_wconf 87' lang='lat' dir='ltr'><strong>illis</strong></span> <span class='ocrx_word' id='word_1_645' title='bbox 3112 3839 3367 3909; x_wconf 75' lang='lat' dir='ltr'><strong>colligunt</strong></span> <span class='ocrx_word' id='word_1_646' title='bbox 3394 3856 3408 3893; x_wconf 88' lang='lat'><strong>:</strong></span> <span class='ocrx_word' id='word_1_647' title='bbox 3432 3857 3450 3889; x_wconf 77' lang='grc' dir='ltr'><strong>ι</strong></span> <span class='ocrx_word' id='word_1_648' title='bbox 3486 3836 3652 3891; x_wconf 85' lang='lat' dir='ltr'><strong>Nemo</strong></span> 
     </span>
    </p>
   </div>
   <div class='ocr_carea' id='block_1_85' title="bbox 2087 3928 3652 3999">
    <p class='ocr_par' dir='ltr' id='par_1_85' title="bbox 2087 3928 3652 3999">
     <span class='ocr_line' id='line_1_85' title="bbox 2087 3928 3652 3999; baseline -0.002 -13"><span class='ocrx_word' id='word_1_649' title='bbox 2087 3933 2334 3987; x_wconf 86' lang='lat' dir='ltr'><strong>ascendit</strong></span> <span class='ocrx_word' id='word_1_650' title='bbox 2389 3933 2444 3986; x_wconf 89' lang='lat' dir='ltr'><strong>in</strong></span> <span class='ocrx_word' id='word_1_651' title='bbox 2497 3931 2733 3994; x_wconf 75' lang='lat' dir='ltr'><strong>cmlum,</strong></span> <span class='ocrx_word' id='word_1_652' title='bbox 2786 3932 2887 3984; x_wconf 88' lang='lat' dir='ltr'><strong>nisi</strong></span> <span class='ocrx_word' id='word_1_653' title='bbox 2922 3932 3012 3999; x_wconf 86' lang='lat' dir='ltr'><strong>qui</strong></span> <span class='ocrx_word' id='word_1_654' title='bbox 3050 3933 3114 3984; x_wconf 88' lang='lat' dir='ltr'><strong>de</strong></span> <span class='ocrx_word' id='word_1_655' title='bbox 3160 3932 3299 3986; x_wconf 65' lang='lat' dir='ltr'><strong>casio</strong></span> <span class='ocrx_word' id='word_1_656' title='bbox 3350 3941 3452 3993; x_wconf 87' lang='lat' dir='ltr'><strong>cst,</strong></span> <span class='ocrx_word' id='word_1_657' title='bbox 3484 3928 3652 3983; x_wconf 85' lang='lat' dir='ltr'><strong>Filius</strong></span> 
     </span>
    </p>
   </div>
   <div class='ocr_carea' id='block_1_86' title="bbox 2090 4020 3651 4095">
    <p class='ocr_par' dir='ltr' id='par_1_86' title="bbox 2090 4020 3651 4095">
     <span class='ocr_line' id='line_1_86' title="bbox 2090 4020 3651 4095; baseline -0.003 -18"><span class='ocrx_word' id='word_1_658' title='bbox 2090 4023 2181 4079; x_wconf 91' lang='lat' dir='ltr'><strong>ille</strong></span> <span class='ocrx_word' id='word_1_659' title='bbox 2228 4022 2343 4089; x_wconf 89' lang='lat' dir='ltr'><strong>Dei,</strong></span> <span class='ocrx_word' id='word_1_660' title='bbox 2389 4022 2476 4091; x_wconf 85' lang='lat' dir='ltr'><strong>qui</strong></span> <span class='ocrx_word' id='word_1_661' title='bbox 2530 4031 2615 4076; x_wconf 90' lang='lat' dir='ltr'><strong>est</strong></span> <span class='ocrx_word' id='word_1_662' title='bbox 2667 4023 2718 4074; x_wconf 92' lang='lat' dir='ltr'><strong>in</strong></span> <span class='ocrx_word' id='word_1_663' title='bbox 2770 4022 2930 4095; x_wconf 62' lang='lat' dir='ltr'><strong>ratio.</strong></span> <span class='ocrx_word' id='word_1_664' title='bbox 2969 4040 2988 4074; x_wconf 71' lang='grc' dir='ltr'><strong>ι</strong></span> <span class='ocrx_word' id='word_1_665' title='bbox 3033 4021 3137 4076; x_wconf 87' lang='lat' dir='ltr'><strong>Sed</strong></span> <span class='ocrx_word' id='word_1_666' title='bbox 3193 4020 3538 4089; x_wconf 74' lang='lat' dir='ltr'><strong>ignorabant,</strong></span> <span class='ocrx_word' id='word_1_667' title='bbox 3599 4020 3651 4073; x_wconf 88' lang='lat' dir='ltr'><strong>id</strong></span> 
     </span>
    </p>
   </div>
   <div class='ocr_carea' id='block_1_87' title="bbox 2089 4104 3651 4183">
    <p class='ocr_par' dir='ltr' id='par_1_87' title="bbox 2089 4104 3651 4183">
     <span class='ocr_line' id='line_1_87' title="bbox 2089 4104 3651 4183; baseline 0 -17"><span class='ocrx_word' id='word_1_668' title='bbox 2089 4123 2371 4183; x_wconf 83' lang='lat' dir='ltr'><strong>propterea</strong></span> <span class='ocrx_word' id='word_1_669' title='bbox 2423 4104 2501 4167; x_wconf 78' lang='lat' dir='ltr'><strong>sic</strong></span> <span class='ocrx_word' id='word_1_670' title='bbox 2550 4113 2840 4182; x_wconf 78' lang='lat' dir='ltr'><strong>prolatum,</strong></span> <span class='ocrx_word' id='word_1_671' title='bbox 2891 4113 3034 4181; x_wconf 87' lang='lat' dir='ltr'><strong>quod</strong></span> <span class='ocrx_word' id='word_1_672' title='bbox 3090 4111 3298 4165; x_wconf 85' lang='lat' dir='ltr'><strong>duabus</strong></span> <span class='ocrx_word' id='word_1_673' title='bbox 3349 4112 3404 4165; x_wconf 92' lang='lat' dir='ltr'><strong>in</strong></span> <span class='ocrx_word' id='word_1_674' title='bbox 3443 4112 3651 4166; x_wconf 85' lang='lat' dir='ltr'><strong>naturis</strong></span> 
     </span>
    </p>
   </div>
   <div class='ocr_carea' id='block_1_88' title="bbox 2091 4201 3139 4272">
    <p class='ocr_par' dir='ltr' id='par_1_88' title="bbox 2091 4201 3139 4272">
     <span class='ocr_line' id='line_1_88' title="bbox 2091 4201 3139 4272; baseline -0.002 -14"><span class='ocrx_word' id='word_1_675' title='bbox 2091 4221 2249 4259; x_wconf 85' lang='lat' dir='ltr'><strong>unam</strong></span> <span class='ocrx_word' id='word_1_676' title='bbox 2277 4203 2523 4258; x_wconf 82' lang='lat' dir='ltr'><strong>Christus</strong></span> <span class='ocrx_word' id='word_1_677' title='bbox 2555 4201 2779 4258; x_wconf 82' lang='lat' dir='ltr'><strong>haberet</strong></span> <span class='ocrx_word' id='word_1_678' title='bbox 2807 4203 3139 4272; x_wconf 86' lang='lat' dir='ltr'><strong>bypnstasiu.</strong></span> 
     </span>
    </p>
   </div>
   <div class='ocr_carea' id='block_1_89' title="bbox 2159 4293 3651 4364">
    <p class='ocr_par' dir='ltr' id='par_1_89' title="bbox 2159 4293 3651 4364">
     <span class='ocr_line' id='line_1_89' title="bbox 2159 4293 3651 4364; baseline -0.004 -13"><span class='ocrx_word' id='word_1_679' title='bbox 2159 4297 2212 4351; x_wconf 79' lang='lat'><strong>5.</strong></span> <span class='ocrx_word' id='word_1_680' title='bbox 2260 4294 2520 4364; x_wconf 88' lang='lat' dir='ltr'><strong>Eutychis</strong></span> <span class='ocrx_word' id='word_1_681' title='bbox 2571 4304 2730 4364; x_wconf 87' lang='lat' dir='ltr'><strong>atque</strong></span> <span class='ocrx_word' id='word_1_682' title='bbox 2788 4293 3028 4347; x_wconf 85' lang='lat' dir='ltr'><strong>Dioscori</strong></span> <span class='ocrx_word' id='word_1_683' title='bbox 3082 4302 3400 4357; x_wconf 76' lang='lat' dir='ltr'><strong>sectatores,</strong></span> <span class='ocrx_word' id='word_1_684' title='bbox 3458 4293 3651 4347; x_wconf 86' lang='lat' dir='ltr'><strong>Filium</strong></span> 
     </span>
    </p>
   </div>
   <div class='ocr_carea' id='block_1_90' title="bbox 2092 4384 3649 4456">
    <p class='ocr_par' dir='ltr' id='par_1_90' title="bbox 2092 4384 3649 4456">
     <span class='ocr_line' id='line_1_90' title="bbox 2092 4384 3649 4456; baseline -0.004 -15"><span class='ocrx_word' id='word_1_685' title='bbox 2092 4387 2183 4442; x_wconf 88' lang='lat' dir='ltr'><strong>Dei</strong></span> <span class='ocrx_word' id='word_1_686' title='bbox 2216 4389 2461 4442; x_wconf 85' lang='lat' dir='ltr'><strong>dicebant</strong></span> <span class='ocrx_word' id='word_1_687' title='bbox 2509 4385 2688 4456; x_wconf 88' lang='lat' dir='ltr'><strong>specie</strong></span> <span class='ocrx_word' id='word_1_688' title='bbox 2738 4395 2891 4438; x_wconf 89' lang='lat' dir='ltr'><strong>tenus</strong></span> <span class='ocrx_word' id='word_1_689' title='bbox 2943 4386 3215 4439; x_wconf 79' lang='lat' dir='ltr'><strong>borninetn</strong></span> <span class='ocrx_word' id='word_1_690' title='bbox 3263 4399 3384 4439; x_wconf 87' lang='lat' dir='ltr'><strong>esse</strong></span> <span class='ocrx_word' id='word_1_691' title='bbox 3428 4384 3649 4447; x_wconf 72' lang='lat' dir='ltr'><strong>factum,</strong></span> 
     </span>
    </p>
   </div>
   <div class='ocr_carea' id='block_1_91' title="bbox 432 4458 1974 4548">
    <p class='ocr_par' dir='ltr' id='par_1_91' title="bbox 432 4476 1974 4548">
     <span class='ocr_line' id='line_1_91' title="bbox 432 4476 1974 4548; baseline 0.002 -19"><span class='ocrx_word' id='word_1_692' title='bbox 432 4497 520 4530; x_wconf 85' lang='grc' dir='ltr'><strong>ναι</strong></span> <span class='ocrx_word' id='word_1_693' title='bbox 539 4518 555 4541; x_wconf 96' lang='grc'><strong>,</strong></span> <span class='ocrx_word' id='word_1_694' title='bbox 590 4479 719 4547; x_wconf 81' lang='grc' dir='ltr'><strong>μίαν</strong></span> <span class='ocrx_word' id='word_1_695' title='bbox 760 4478 952 4547; x_wconf 78' lang='grc' dir='ltr'><strong>ἔχοντα</strong></span> <span class='ocrx_word' id='word_1_696' title='bbox 984 4478 1146 4548; x_wconf 82' lang='grc' dir='ltr'><strong>φύσιν</strong></span> <span class='ocrx_word' id='word_1_697' title='bbox 1170 4494 1183 4507; x_wconf 99' lang='grc'><strong>⁸</strong></span> <span class='ocrx_word' id='word_1_698' title='bbox 1222 4479 1321 4531; x_wconf 80' lang='grc' dir='ltr'><strong>οὐκ</strong></span> <span class='ocrx_word' id='word_1_699' title='bbox 1350 4476 1446 4531; x_wconf 75' lang='grc' dir='ltr'><strong>οἷδ’</strong></span> <span class='ocrx_word' id='word_1_700' title='bbox 1478 4480 1622 4540; x_wconf 80' lang='grc' dir='ltr'><strong>ὅπως</strong></span> <span class='ocrx_word' id='word_1_701' title='bbox 1647 4478 1896 4543; x_wconf 86' lang='grc' dir='ltr'><strong>νοοῦντες</strong></span> <span class='ocrx_word' id='word_1_702' title='bbox 1924 4480 1974 4533; x_wconf 68' lang='grc' dir='ltr'><strong>τί</strong></span> 
     </span>
    </p>
   </div>
   <div class='ocr_carea' id='block_1_92' title="bbox 2077 4458 3650 4548">
    <p class='ocr_par' dir='ltr' id='par_1_92' title="bbox 2088 4476 3650 4543">
     <span class='ocr_line' id='line_1_92' title="bbox 2088 4476 3650 4543; baseline -0.003 -9"><span class='ocrx_word' id='word_1_703' title='bbox 2088 4494 2212 4536; x_wconf 91' lang='lat' dir='ltr'><strong>cum</strong></span> <span class='ocrx_word' id='word_1_704' title='bbox 2262 4494 2424 4534; x_wconf 86' lang='lat' dir='ltr'><strong>unam</strong></span> <span class='ocrx_word' id='word_1_705' title='bbox 2471 4488 2717 4533; x_wconf 78' lang='lat' dir='ltr'><strong>naturam</strong></span> <span class='ocrx_word' id='word_1_706' title='bbox 2762 4476 3000 4531; x_wconf 76' lang='lat' dir='ltr'><strong>habeat:</strong></span> <span class='ocrx_word' id='word_1_707' title='bbox 3055 4477 3195 4530; x_wconf 85' lang='lat' dir='ltr'><strong>haud</strong></span> <span class='ocrx_word' id='word_1_708' title='bbox 3234 4478 3369 4539; x_wconf 85' lang='lat' dir='ltr'><strong>scio,</strong></span> <span class='ocrx_word' id='word_1_709' title='bbox 3419 4491 3650 4543; x_wconf 75' lang='lat' dir='ltr'><strong>quonam</strong></span> 
     </span>
    </p>
   </div>
   <div class='ocr_carea' id='block_1_93' title="bbox 433 4569 1990 4640">
    <p class='ocr_par' dir='ltr' id='par_1_93' title="bbox 433 4569 1990 4640">
     <span class='ocr_line' id='line_1_93' title="bbox 433 4569 1990 4640; baseline 0.003 -19"><span class='ocrx_word' id='word_1_710' title='bbox 433 4571 584 4637; x_wconf 75' lang='grc' dir='ltr'><strong>παρὰ</strong></span> <span class='ocrx_word' id='word_1_711' title='bbox 621 4569 844 4640; x_wconf 78' lang='grc' dir='ltr'><strong>Ἰωάννῃ</strong></span> <span class='ocrx_word' id='word_1_712' title='bbox 883 4584 898 4598; x_wconf 90' lang='grc'><strong>⁸</strong></span> <span class='ocrx_word' id='word_1_713' title='bbox 945 4590 962 4620; x_wconf 78' lang='grc' dir='ltr'><strong>ι</strong></span> <span class='ocrx_word' id='word_1_714' title='bbox 993 4570 1098 4622; x_wconf 71' lang='grc' dir='ltr'><strong>Καὶ</strong></span> <span class='ocrx_word' id='word_1_715' title='bbox 1123 4571 1152 4622; x_wconf 90' lang='lat'><strong>6</strong></span> <span class='ocrx_word' id='word_1_716' title='bbox 1182 4571 1352 4637; x_wconf 83' lang='grc' dir='ltr'><strong>Λόγος</strong></span> <span class='ocrx_word' id='word_1_717' title='bbox 1382 4569 1518 4639; x_wconf 76' lang='grc' dir='ltr'><strong>σὰρξ</strong></span> <span class='ocrx_word' id='word_1_718' title='bbox 1539 4570 1758 4639; x_wconf 73' lang='grc' dir='ltr'><strong>ἐγένετο</strong></span> <span class='ocrx_word' id='word_1_719' title='bbox 1779 4584 1794 4601; x_wconf 93' lang='grc'><strong>⁸</strong></span> <span class='ocrx_word' id='word_1_720' title='bbox 1836 4588 1856 4622; x_wconf 72' lang='grc' dir='ltr'><strong>ι</strong></span> <span class='ocrx_word' id='word_1_721' title='bbox 1895 4571 1990 4625; x_wconf 73' lang='grc' dir='ltr'><strong>καὶ</strong></span> 
     </span>
    </p>
   </div>
   <div class='ocr_carea' id='block_1_94' title="bbox 434 4659 1046 4714">
    <p class='ocr_par' dir='ltr' id='par_1_94' title="bbox 434 4659 1046 4714">
     <span class='ocr_line' id='line_1_94' title="bbox 434 4659 1046 4714; baseline 0 -1"><span class='ocrx_word' id='word_1_722' title='bbox 434 4660 566 4713; x_wconf 79' lang='grc' dir='ltr'><strong>ἄλλα</strong></span> <span class='ocrx_word' id='word_1_723' title='bbox 599 4659 821 4713; x_wconf 84' lang='grc' dir='ltr'><strong>τοιαῦτα</strong></span> <span class='ocrx_word' id='word_1_724' title='bbox 854 4659 1046 4714; x_wconf 78' lang='grc' dir='ltr'><strong>πολλὰ.</strong></span> 
     </span>
    </p>
   </div>
   <div class='ocr_carea' id='block_1_95' title="bbox 510 4861 1993 4938">
    <p class='ocr_par' dir='ltr' id='par_1_95' title="bbox 510 4861 1993 4938">
     <span class='ocr_line' id='line_1_95' title="bbox 510 4861 1993 4938; baseline 0.003 -21"><span class='ocrx_word' id='word_1_725' title='bbox 510 4861 584 4925; x_wconf 85' lang='grc' dir='ltr'><strong>ς’.</strong></span> <span class='ocrx_word' id='word_1_726' title='bbox 614 4863 674 4914; x_wconf 87' lang='lat' dir='ltr'><strong>Ol</strong></span> <span class='ocrx_word' id='word_1_727' title='bbox 702 4863 832 4932; x_wconf 71' lang='grc' dir='ltr'><strong>περὶ</strong></span> <span class='ocrx_word' id='word_1_728' title='bbox 867 4861 1077 4916; x_wconf 77' lang='grc' dir='ltr'><strong>Παῦλον</strong></span> <span class='ocrx_word' id='word_1_729' title='bbox 1104 4863 1195 4915; x_wconf 81' lang='grc' dir='ltr'><strong>τδν</strong></span> <span class='ocrx_word' id='word_1_730' title='bbox 1222 4864 1566 4930; x_wconf 76' lang='grc' dir='ltr'><strong>Σαμοσατέα,</strong></span> <span class='ocrx_word' id='word_1_731' title='bbox 1595 4866 1753 4934; x_wconf 82' lang='grc' dir='ltr'><strong>ψιλὸν</strong></span> <span class='ocrx_word' id='word_1_732' title='bbox 1782 4867 1993 4938; x_wconf 79' lang='grc' dir='ltr'><strong>ἄνθρω-</strong></span> 
     </span>
    </p>
   </div>
   <div class='ocr_carea' id='block_1_96' title="bbox 440 4953 1992 5029">
    <p class='ocr_par' dir='ltr' id='par_1_96' title="bbox 440 4953 1992 5029">
     <span class='ocr_line' id='line_1_96' title="bbox 440 4953 1992 5029; baseline 0.005 -24"><span class='ocrx_word' id='word_1_733' title='bbox 440 4970 539 5007; x_wconf 89' lang='grc' dir='ltr'><strong>πον</strong></span> <span class='ocrx_word' id='word_1_734' title='bbox 568 4954 659 5004; x_wconf 82' lang='grc' dir='ltr'><strong>τὸν</strong></span> <span class='ocrx_word' id='word_1_735' title='bbox 693 4953 924 5023; x_wconf 75' lang='grc' dir='ltr'><strong>Χριστὸν</strong></span> <span class='ocrx_word' id='word_1_736' title='bbox 956 4954 1140 5020; x_wconf 79' lang='grc' dir='ltr'><strong>ἔλεγον</strong></span> <span class='ocrx_word' id='word_1_737' title='bbox 1165 4991 1180 5018; x_wconf 91' lang='grc'><strong>,</strong></span> <span class='ocrx_word' id='word_1_738' title='bbox 1213 4954 1366 5016; x_wconf 88' lang='grc' dir='ltr'><strong>θείας</strong></span> <span class='ocrx_word' id='word_1_739' title='bbox 1389 4957 1633 5027; x_wconf 83' lang='grc' dir='ltr'><strong>χάριτος.</strong></span> <span class='ocrx_word' id='word_1_740' title='bbox 1664 4956 1929 5029; x_wconf 77' lang='grc' dir='ltr'><strong>καθάπερ·</strong></span> <span class='ocrx_word' id='word_1_741' title='bbox 1942 4960 1992 5012; x_wconf 79' lang='grc' dir='ltr'><strong>οἱ</strong></span> 
     </span>
    </p>
   </div>
   <div class='ocr_carea' id='block_1_97' title="bbox 440 5042 1993 5117">
    <p class='ocr_par' dir='ltr' id='par_1_97' title="bbox 440 5042 1993 5117">
     <span class='ocr_line' id='line_1_97' title="bbox 440 5042 1993 5117; baseline 0.005 -22"><span class='ocrx_word' id='word_1_742' title='bbox 440 5045 736 5115; x_wconf 80' lang='grc' dir='ltr'><strong>προφῆται,</strong></span> <span class='ocrx_word' id='word_1_743' title='bbox 769 5042 1193 5114; x_wconf 79' lang='grc' dir='ltr'><strong>κατηξιωμένον.</strong></span> <span class='ocrx_word' id='word_1_744' title='bbox 1240 5048 1583 5117; x_wconf 81' lang='grc' dir='ltr'><strong>Ἐλέγχονται</strong></span> <span class='ocrx_word' id='word_1_745' title='bbox 1611 5048 1667 5102; x_wconf 81' lang='grc' dir='ltr'><strong>δὲ</strong></span> <span class='ocrx_word' id='word_1_746' title='bbox 1693 5052 1756 5102; x_wconf 84' lang='grc' dir='ltr'><strong>ὲκ</strong></span> <span class='ocrx_word' id='word_1_747' title='bbox 1777 5051 1870 5104; x_wconf 85' lang='grc' dir='ltr'><strong>τοῦ</strong></span> <span class='ocrx_word' id='word_1_748' title='bbox 1902 5052 1993 5104; x_wconf 79' lang='grc' dir='ltr'><strong>τὸν</strong></span> 
     </span>
    </p>
   </div>
   <div class='ocr_carea' id='block_1_98' title="bbox 443 5136 1988 5212">
    <p class='ocr_par' dir='ltr' id='par_1_98' title="bbox 443 5136 1988 5212">
     <span class='ocr_line' id='line_1_98' title="bbox 443 5136 1988 5212; baseline 0.002 -21"><span class='ocrx_word' id='word_1_749' title='bbox 443 5136 748 5206; x_wconf 69' lang='grc' dir='ltr'><strong>ιῖαπτιστὴν</strong></span> <span class='ocrx_word' id='word_1_750' title='bbox 789 5136 1037 5204; x_wconf 83' lang='grc' dir='ltr'><strong>Ἰωάννην</strong></span> <span class='ocrx_word' id='word_1_751' title='bbox 1063 5139 1259 5203; x_wconf 82' lang='grc' dir='ltr'><strong>είπεῒν,</strong></span> <span class='ocrx_word' id='word_1_752' title='bbox 1293 5138 1375 5191; x_wconf 83' lang='grc' dir='ltr'><strong>ὅτι</strong></span> <span class='ocrx_word' id='word_1_753' title='bbox 1402 5157 1419 5189; x_wconf 85' lang='lat' dir='ltr'><strong>t</strong></span> <span class='ocrx_word' id='word_1_754' title='bbox 1451 5140 1670 5208; x_wconf 81' lang='grc' dir='ltr'><strong>Πρῶτός</strong></span> <span class='ocrx_word' id='word_1_755' title='bbox 1705 5158 1807 5210; x_wconf 88' lang='grc' dir='ltr'><strong>μου</strong></span> <span class='ocrx_word' id='word_1_756' title='bbox 1845 5138 1931 5212; x_wconf 82' lang='grc' dir='ltr'><strong>ἦν,</strong></span> <span class='ocrx_word' id='word_1_757' title='bbox 1969 5161 1988 5194; x_wconf 70' lang='grc' dir='ltr'><strong>ι</strong></span> 
     </span>
    </p>
   </div>
   <div class='ocr_carea' id='block_1_99' title="bbox 438 5229 1994 5303">
    <p class='ocr_par' dir='ltr' id='par_1_99' title="bbox 438 5229 1994 5303">
     <span class='ocr_line' id='line_1_99' title="bbox 438 5229 1994 5303; baseline 0.002 -18"><span class='ocrx_word' id='word_1_758' title='bbox 438 5230 582 5285; x_wconf 79' lang='grc' dir='ltr'><strong>κατὰ</strong></span> <span class='ocrx_word' id='word_1_759' title='bbox 614 5232 710 5299; x_wconf 77' lang='grc' dir='ltr'><strong>τὴν</strong></span> <span class='ocrx_word' id='word_1_760' title='bbox 740 5229 1065 5299; x_wconf 85' lang='grc' dir='ltr'><strong>προαιὼνιον</strong></span> <span class='ocrx_word' id='word_1_761' title='bbox 1095 5231 1327 5297; x_wconf 77' lang='grc' dir='ltr'><strong>ὓπαρξιν</strong></span> <span class='ocrx_word' id='word_1_762' title='bbox 1357 5233 1554 5303; x_wconf 76' lang='grc' dir='ltr'><strong>δηλαδή</strong></span> <span class='ocrx_word' id='word_1_763' title='bbox 1579 5250 1592 5264; x_wconf 94' lang='grc'><strong>⁸</strong></span> <span class='ocrx_word' id='word_1_764' title='bbox 1635 5236 1936 5303; x_wconf 75' lang='grc' dir='ltr'><strong>ἐπειδήπερ</strong></span> <span class='ocrx_word' id='word_1_765' title='bbox 1966 5238 1994 5288; x_wconf 89' lang='lat'><strong>6</strong></span> 
     </span>
    </p>
   </div>
   <div class='ocr_carea' id='block_1_100' title="bbox 439 5318 1994 5395">
    <p class='ocr_par' dir='ltr' id='par_1_100' title="bbox 439 5318 1994 5395">
     <span class='ocr_line' id='line_1_100' title="bbox 439 5318 1994 5395; baseline 0.003 -20"><span class='ocrx_word' id='word_1_766' title='bbox 439 5320 749 5392; x_wconf 75' lang='grc' dir='ltr'><strong>Βαπτισιὴς</strong></span> <span class='ocrx_word' id='word_1_767' title='bbox 779 5318 919 5373; x_wconf 80' lang='grc' dir='ltr'><strong>κατὰ</strong></span> <span class='ocrx_word' id='word_1_768' title='bbox 946 5322 1122 5388; x_wconf 82' lang='grc' dir='ltr'><strong>σάρκα</strong></span> <span class='ocrx_word' id='word_1_769' title='bbox 1154 5324 1411 5392; x_wconf 75' lang='grc' dir='ltr'><strong>πρότερο;</strong></span> <span class='ocrx_word' id='word_1_770' title='bbox 1437 5321 1504 5395; x_wconf 81' lang='grc' dir='ltr'><strong>ἦν</strong></span> <span class='ocrx_word' id='word_1_771' title='bbox 1526 5326 1620 5379; x_wconf 86' lang='grc' dir='ltr'><strong>τοῦ</strong></span> <span class='ocrx_word' id='word_1_772' title='bbox 1644 5327 1901 5395; x_wconf 84' lang='grc' dir='ltr'><strong>Χριστοῦ.</strong></span> <span class='ocrx_word' id='word_1_773' title='bbox 1932 5329 1994 5379; x_wconf 82' lang='grc' dir='ltr'><strong>υἱ</strong></span> 
     </span>
    </p>
   </div>
   <div class='ocr_carea' id='block_1_101' title="bbox 434 5410 1995 5487">
    <p class='ocr_par' dir='ltr' id='par_1_101' title="bbox 434 5410 1995 5487">
     <span class='ocr_line' id='line_1_101' title="bbox 434 5410 1995 5487; baseline 0.003 -21"><span class='ocrx_word' id='word_1_774' title='bbox 434 5416 591 5466; x_wconf 76' lang='grc' dir='ltr'><strong>αὐτοὶ</strong></span> <span class='ocrx_word' id='word_1_775' title='bbox 638 5413 731 5464; x_wconf 82' lang='grc' dir='ltr'><strong>καὶ</strong></span> <span class='ocrx_word' id='word_1_776' title='bbox 761 5412 841 5478; x_wconf 70' lang='grc' dir='ltr'><strong>τὸ,</strong></span> <span class='ocrx_word' id='word_1_777' title='bbox 876 5419 920 5463; x_wconf 80' lang='grc' dir='ltr'><strong>ι’</strong></span> <span class='ocrx_word' id='word_1_778' title='bbox 949 5410 1225 5475; x_wconf 77' lang='grc' dir='ltr'><strong>Ἐξουσίαν</strong></span> <span class='ocrx_word' id='word_1_779' title='bbox 1256 5414 1479 5469; x_wconf 82' lang='grc' dir='ltr'><strong>ἐδωκεν’</strong></span> <span class='ocrx_word' id='word_1_780' title='bbox 1505 5417 1653 5485; x_wconf 82' lang='grc' dir='ltr'><strong>αὐτῷ</strong></span> <span class='ocrx_word' id='word_1_781' title='bbox 1688 5418 1783 5470; x_wconf 78' lang='grc' dir='ltr'><strong>καὶ</strong></span> <span class='ocrx_word' id='word_1_782' title='bbox 1810 5418 1995 5487; x_wconf 82' lang='grc' dir='ltr'><strong>κρίσιν</strong></span> 
     </span>
    </p>
   </div>
   <div class='ocr_carea' id='block_1_102' title="bbox 442 5502 1992 5577">
    <p class='ocr_par' dir='ltr' id='par_1_102' title="bbox 442 5502 1992 5577">
     <span class='ocr_line' id='line_1_102' title="bbox 442 5502 1992 5577; baseline 0.004 -23"><span class='ocrx_word' id='word_1_783' title='bbox 442 5506 652 5569; x_wconf 76' lang='grc' dir='ltr'><strong>ποιεῖν,</strong></span> <span class='ocrx_word' id='word_1_784' title='bbox 701 5503 784 5555; x_wconf 86' lang='grc' dir='ltr'><strong>ὅτι</strong></span> <span class='ocrx_word' id='word_1_785' title='bbox 831 5503 954 5565; x_wconf 75' lang='grc' dir='ltr'><strong>Υἱὸς</strong></span> <span class='ocrx_word' id='word_1_786' title='bbox 999 5502 1286 5573; x_wconf 79' lang='grc' dir='ltr'><strong>ἀνθρώπου</strong></span> <span class='ocrx_word' id='word_1_787' title='bbox 1353 5506 1487 5569; x_wconf 82' lang='grc' dir='ltr'><strong>ἐστὶ,</strong></span> <span class='ocrx_word' id='word_1_788' title='bbox 1558 5508 1634 5577; x_wconf 77' lang='grc' dir='ltr'><strong>μὴ</strong></span> <span class='ocrx_word' id='word_1_789' title='bbox 1689 5507 1992 5576; x_wconf 71' lang='grc' dir='ltr'><strong>θαυμάζετε</strong></span> 
     </span>
    </p>
   </div>
   <div class='ocr_carea' id='block_1_103' title="bbox 431 5593 1994 5665">
    <p class='ocr_par' dir='ltr' id='par_1_103' title="bbox 431 5593 1994 5665">
     <span class='ocr_line' id='line_1_103' title="bbox 431 5593 1994 5665; baseline 0.005 -19"><span class='ocrx_word' id='word_1_790' title='bbox 431 5595 657 5647; x_wconf 74' lang='grc' dir='ltr'><strong>τοῦτο’»</strong></span> <span class='ocrx_word' id='word_1_791' title='bbox 692 5593 862 5665; x_wconf 78' lang='grc' dir='ltr'><strong>οὕτως</strong></span> <span class='ocrx_word' id='word_1_792' title='bbox 889 5593 1317 5662; x_wconf 80' lang='grc' dir='ltr'><strong>ἀναγινώσκουσι</strong></span> <span class='ocrx_word' id='word_1_793' title='bbox 1342 5596 1359 5628; x_wconf 84' lang='grc'><strong>⁸</strong></span> <span class='ocrx_word' id='word_1_794' title='bbox 1383 5600 1492 5651; x_wconf 76' lang='grc' dir='ltr'><strong>Καὶ</strong></span> <span class='ocrx_word' id='word_1_795' title='bbox 1523 5600 1773 5664; x_wconf 76' lang='grc' dir='ltr'><strong>ἐξουσίαν</strong></span> <span class='ocrx_word' id='word_1_796' title='bbox 1794 5602 1994 5655; x_wconf 79' lang='grc' dir='ltr'><strong>ἔδωκεν</strong></span> 
     </span>
    </p>
   </div>
   <div class='ocr_carea' id='block_1_104' title="bbox 432 5688 1987 5757">
    <p class='ocr_par' dir='ltr' id='par_1_104' title="bbox 432 5688 1987 5757">
     <span class='ocr_line' id='line_1_104' title="bbox 432 5688 1987 5757; baseline 0 -12"><span class='ocrx_word' id='word_1_797' title='bbox 432 5688 587 5755; x_wconf 83' lang='grc' dir='ltr'><strong>αὐτῷ</strong></span> <span class='ocrx_word' id='word_1_798' title='bbox 621 5688 713 5743; x_wconf 76' lang='grc' dir='ltr'><strong>καὶ</strong></span> <span class='ocrx_word' id='word_1_799' title='bbox 750 5688 928 5757; x_wconf 78' lang='grc' dir='ltr'><strong>κρίσιν</strong></span> <span class='ocrx_word' id='word_1_800' title='bbox 962 5692 1132 5743; x_wconf 83' lang='grc' dir='ltr'><strong>ποιεῖν</strong></span> <span class='ocrx_word' id='word_1_801' title='bbox 1153 5729 1167 5753; x_wconf 90' lang='grc'><strong>,</strong></span> <span class='ocrx_word' id='word_1_802' title='bbox 1198 5691 1281 5744; x_wconf 82' lang='grc' dir='ltr'><strong>ὅτι</strong></span> <span class='ocrx_word' id='word_1_803' title='bbox 1314 5690 1436 5753; x_wconf 69' lang='grc' dir='ltr'><strong>Υἱὸς</strong></span> <span class='ocrx_word' id='word_1_804' title='bbox 1488 5691 1773 5753; x_wconf 68' lang='grc' dir='ltr'><strong>ἀνθρώπου</strong></span> <span class='ocrx_word' id='word_1_805' title='bbox 1819 5695 1987 5751; x_wconf 75' lang='grc' dir='ltr'><strong>ἐστίν,</strong></span> 
     </span>
    </p>
   </div>
   <div class='ocr_carea' id='block_1_105' title="bbox 2093 4565 3652 4636">
    <p class='ocr_par' dir='ltr' id='par_1_105' title="bbox 2093 4565 3652 4636">
     <span class='ocr_line' id='line_1_105' title="bbox 2093 4565 3652 4636; baseline -0.004 -10"><span class='ocrx_word' id='word_1_806' title='bbox 2093 4572 2253 4626; x_wconf 88' lang='lat' dir='ltr'><strong>modo</strong></span> <span class='ocrx_word' id='word_1_807' title='bbox 2266 4570 2465 4625; x_wconf 90' lang='lat' dir='ltr'><strong>dictum</strong></span> <span class='ocrx_word' id='word_1_808' title='bbox 2494 4569 2622 4623; x_wconf 87' lang='lat' dir='ltr'><strong>illud</strong></span> <span class='ocrx_word' id='word_1_809' title='bbox 2645 4565 2868 4621; x_wconf 75' lang='lat' dir='ltr'><strong>Joannis</strong></span> <span class='ocrx_word' id='word_1_810' title='bbox 2900 4568 3295 4636; x_wconf 81' lang='lat' dir='ltr'><strong>intelligentes:</strong></span> <span class='ocrx_word' id='word_1_811' title='bbox 3325 4587 3343 4619; x_wconf 76' lang='grc' dir='ltr'><strong>ι</strong></span> <span class='ocrx_word' id='word_1_812' title='bbox 3369 4567 3433 4619; x_wconf 80' lang='lat' dir='ltr'><strong>Et</strong></span> <span class='ocrx_word' id='word_1_813' title='bbox 3458 4569 3652 4622; x_wconf 73' lang='lat' dir='ltr'><strong>Sermo</strong></span> 
     </span>
    </p>
   </div>
   <div class='ocr_carea' id='block_1_106' title="bbox 2092 4656 3650 4728">
    <p class='ocr_par' dir='ltr' id='par_1_106' title="bbox 2092 4656 3650 4728">
     <span class='ocr_line' id='line_1_106' title="bbox 2092 4656 3650 4728; baseline -0.001 -13"><span class='ocrx_word' id='word_1_814' title='bbox 2092 4675 2220 4716; x_wconf 83' lang='lat' dir='ltr'><strong>caro</strong></span> <span class='ocrx_word' id='word_1_815' title='bbox 2267 4660 2440 4716; x_wconf 81' lang='lat' dir='ltr'><strong>factus</strong></span> <span class='ocrx_word' id='word_1_816' title='bbox 2497 4667 2600 4714; x_wconf 86' lang='lat' dir='ltr'><strong>est.</strong></span> <span class='ocrx_word' id='word_1_817' title='bbox 2631 4677 2651 4711; x_wconf 71' lang='grc' dir='ltr'><strong>ι</strong></span> <span class='ocrx_word' id='word_1_818' title='bbox 2685 4656 2966 4714; x_wconf 84' lang='lat' dir='ltr'><strong>Atldebaut</strong></span> <span class='ocrx_word' id='word_1_819' title='bbox 3004 4658 3163 4728; x_wconf 87' lang='lat' dir='ltr'><strong>hujus</strong></span> <span class='ocrx_word' id='word_1_820' title='bbox 3195 4660 3409 4728; x_wconf 74' lang='lat' dir='ltr'><strong>generis</strong></span> <span class='ocrx_word' id='word_1_821' title='bbox 3444 4669 3499 4713; x_wconf 90' lang='lat' dir='ltr'><strong>et</strong></span> <span class='ocrx_word' id='word_1_822' title='bbox 3547 4658 3650 4713; x_wconf 82' lang='lat' dir='ltr'><strong>alia</strong></span> 
     </span>
    </p>
   </div>
   <div class='ocr_carea' id='block_1_107' title="bbox 2091 4754 2265 4823">
    <p class='ocr_par' dir='ltr' id='par_1_107' title="bbox 2091 4754 2265 4823">
     <span class='ocr_line' id='line_1_107' title="bbox 2091 4754 2265 4823; baseline 0.011 -16"><span class='ocrx_word' id='word_1_823' title='bbox 2091 4754 2265 4823; x_wconf 85' lang='lat' dir='ltr'><strong>plura.</strong></span> 
     </span>
    </p>
   </div>
   <div class='ocr_carea' id='block_1_108' title="bbox 2163 4863 3653 4933">
    <p class='ocr_par' dir='ltr' id='par_1_108' title="bbox 2163 4863 3653 4933">
     <span class='ocr_line' id='line_1_108' title="bbox 2163 4863 3653 4933; baseline -0.003 -11"><span class='ocrx_word' id='word_1_824' title='bbox 2163 4872 2217 4922; x_wconf 83' lang='lat'><em>6.</em></span> <span class='ocrx_word' id='word_1_825' title='bbox 2246 4866 2396 4922; x_wconf 86' lang='lat' dir='ltr'><strong>Pauli</strong></span> <span class='ocrx_word' id='word_1_826' title='bbox 2428 4865 2765 4920; x_wconf 86' lang='lat' dir='ltr'><strong>Samosatenl</strong></span> <span class='ocrx_word' id='word_1_827' title='bbox 2795 4864 3039 4933; x_wconf 83' lang='lat' dir='ltr'><strong>discipuli</strong></span> <span class='ocrx_word' id='word_1_828' title='bbox 3096 4863 3372 4918; x_wconf 81' lang='lat' dir='ltr'><strong>Christum</strong></span> <span class='ocrx_word' id='word_1_829' title='bbox 3401 4864 3653 4917; x_wconf 85' lang='lat' dir='ltr'><strong>dicebant</strong></span> 
     </span>
    </p>
   </div>
   <div class='ocr_carea' id='block_1_109' title="bbox 2093 4952 3650 5025">
    <p class='ocr_par' dir='ltr' id='par_1_109' title="bbox 2093 4952 3650 5025">
     <span class='ocr_line' id='line_1_109' title="bbox 2093 4952 3650 5025; baseline -0.004 -14"><span class='ocrx_word' id='word_1_830' title='bbox 2093 4972 2213 5012; x_wconf 86' lang='lat' dir='ltr'><strong>esse</strong></span> <span class='ocrx_word' id='word_1_831' title='bbox 2263 4970 2453 5025; x_wconf 85' lang='lat' dir='ltr'><strong>purum</strong></span> <span class='ocrx_word' id='word_1_832' title='bbox 2505 4969 2568 5009; x_wconf 84' lang='lat' dir='ltr'><strong>ac</strong></span> <span class='ocrx_word' id='word_1_833' title='bbox 2617 4956 2789 5008; x_wconf 81' lang='lat' dir='ltr'><strong>solum</strong></span> <span class='ocrx_word' id='word_1_834' title='bbox 2850 4953 3158 5017; x_wconf 85' lang='lat' dir='ltr'><strong>hominem,</strong></span> <span class='ocrx_word' id='word_1_835' title='bbox 3203 4952 3394 5007; x_wconf 69' lang='lat' dir='ltr'><strong>divina:</strong></span> <span class='ocrx_word' id='word_1_836' title='bbox 3445 4954 3650 5023; x_wconf 75' lang='lat' dir='ltr'><strong>gratiae,</strong></span> 
     </span>
    </p>
   </div>
   <div class='ocr_carea' id='block_1_110' title="bbox 2095 5042 3652 5116">
    <p class='ocr_par' dir='ltr' id='par_1_110' title="bbox 2095 5042 3652 5116">
     <span class='ocr_line' id='line_1_110' title="bbox 2095 5042 3652 5116; baseline -0.004 -12"><span class='ocrx_word' id='word_1_837' title='bbox 2095 5050 2236 5104; x_wconf 80' lang='lat' dir='ltr'><strong>sicut</strong></span> <span class='ocrx_word' id='word_1_838' title='bbox 2262 5056 2317 5103; x_wconf 89' lang='lat' dir='ltr'><strong>et</strong></span> <span class='ocrx_word' id='word_1_839' title='bbox 2341 5048 2650 5116; x_wconf 82' lang='lat' dir='ltr'><strong>prepbetas,</strong></span> <span class='ocrx_word' id='word_1_840' title='bbox 2681 5046 2992 5115; x_wconf 87' lang='lat' dir='ltr'><strong>participem</strong></span> <span class='ocrx_word' id='word_1_841' title='bbox 3018 5042 3240 5098; x_wconf 72' lang='lat' dir='ltr'><strong>factum.</strong></span> <span class='ocrx_word' id='word_1_842' title='bbox 3273 5043 3652 5113; x_wconf 72' lang='lat' dir='ltr'><strong>Coarguuntur</strong></span> 
     </span>
    </p>
   </div>
   <div class='ocr_carea' id='block_1_111' title="bbox 2096 5132 3647 5207">
    <p class='ocr_par' dir='ltr' id='par_1_111' title="bbox 2096 5132 3647 5207">
     <span class='ocr_line' id='line_1_111' title="bbox 2096 5132 3647 5207; baseline -0.004 -15"><span class='ocrx_word' id='word_1_843' title='bbox 2096 5148 2271 5192; x_wconf 87' lang='lat' dir='ltr'><strong>autem</strong></span> <span class='ocrx_word' id='word_1_844' title='bbox 2292 5151 2357 5191; x_wconf 79' lang='lat' dir='ltr'><strong>ex</strong></span> <span class='ocrx_word' id='word_1_845' title='bbox 2378 5137 2601 5190; x_wconf 79' lang='lat' dir='ltr'><strong>Joannis</strong></span> <span class='ocrx_word' id='word_1_846' title='bbox 2624 5136 2871 5207; x_wconf 71' lang='lat' dir='ltr'><strong>Baptistae</strong></span> <span class='ocrx_word' id='word_1_847' title='bbox 2895 5132 3094 5199; x_wconf 85' lang='lat' dir='ltr'><strong>verbis,</strong></span> <span class='ocrx_word' id='word_1_848' title='bbox 3127 5152 3145 5184; x_wconf 79' lang='grc' dir='ltr'><strong>ι</strong></span> <span class='ocrx_word' id='word_1_849' title='bbox 3174 5133 3264 5189; x_wconf 76' lang='lat' dir='ltr'><strong>Me</strong></span> <span class='ocrx_word' id='word_1_850' title='bbox 3295 5135 3442 5205; x_wconf 83' lang='lat' dir='ltr'><strong>prior</strong></span> <span class='ocrx_word' id='word_1_851' title='bbox 3459 5145 3595 5199; x_wconf 87' lang='lat' dir='ltr'><strong>erat,</strong></span> <span class='ocrx_word' id='word_1_852' title='bbox 3626 5154 3647 5186; x_wconf 71' lang='grc' dir='ltr'><strong>ι</strong></span> 
     </span>
    </p>
   </div>
   <div class='ocr_carea' id='block_1_112' title="bbox 2094 5213 3647 5301">
    <p class='ocr_par' dir='ltr' id='par_1_112' title="bbox 2094 5213 3647 5301">
     <span class='ocr_line' id='line_1_112' title="bbox 2094 5213 3647 5301; baseline -0.005 -19"><span class='ocrx_word' id='word_1_853' title='bbox 2094 5241 2361 5301; x_wconf 84' lang='lat' dir='ltr'><strong>quatenus</strong></span> <span class='ocrx_word' id='word_1_854' title='bbox 2414 5228 2623 5284; x_wconf 87' lang='lat' dir='ltr'><strong>scilicet</strong></span> <span class='ocrx_word' id='word_1_855' title='bbox 2673 5225 2967 5280; x_wconf 68' lang='lat' dir='ltr'><strong>exsistebat</strong></span> <span class='ocrx_word' id='word_1_856' title='bbox 3018 5232 3144 5278; x_wconf 88' lang='lat' dir='ltr'><strong>ante</strong></span> <span class='ocrx_word' id='word_1_857' title='bbox 3218 5213 3473 5280; x_wconf 33' lang='lat' dir='ltr'><strong>saucula&#39;:</strong></span> <span class='ocrx_word' id='word_1_858' title='bbox 3526 5241 3647 5279; x_wconf 82' lang='lat' dir='ltr'><strong>cum</strong></span> 
     </span>
    </p>
   </div>
   <div class='ocr_carea' id='block_1_113' title="bbox 2098 5314 3650 5385">
    <p class='ocr_par' dir='ltr' id='par_1_113' title="bbox 2098 5314 3650 5385">
     <span class='ocr_line' id='line_1_113' title="bbox 2098 5314 3650 5385; baseline -0.006 -11"><span class='ocrx_word' id='word_1_859' title='bbox 2098 5324 2306 5376; x_wconf 83' lang='lat' dir='ltr'><strong>ratione</strong></span> <span class='ocrx_word' id='word_1_860' title='bbox 2334 5321 2514 5372; x_wconf 76' lang='lat' dir='ltr'><strong>carnis</strong></span> <span class='ocrx_word' id='word_1_861' title='bbox 2555 5316 2793 5385; x_wconf 86' lang='lat' dir='ltr'><strong>Baptista</strong></span> <span class='ocrx_word' id='word_1_862' title='bbox 2836 5314 3054 5369; x_wconf 83' lang='lat' dir='ltr'><strong>Christo</strong></span> <span class='ocrx_word' id='word_1_863' title='bbox 3100 5314 3244 5382; x_wconf 90' lang='lat' dir='ltr'><strong>prior</strong></span> <span class='ocrx_word' id='word_1_864' title='bbox 3293 5325 3455 5370; x_wconf 85' lang='lat' dir='ltr'><strong>esset.</strong></span> <span class='ocrx_word' id='word_1_865' title='bbox 3486 5314 3650 5368; x_wconf 87' lang='lat' dir='ltr'><strong>Iidem</strong></span> 
     </span>
    </p>
   </div>
   <div class='ocr_carea' id='block_1_114' title="bbox 2097 5401 3653 5483">
    <p class='ocr_par' dir='ltr' id='par_1_114' title="bbox 2097 5401 3653 5483">
     <span class='ocr_line' id='line_1_114' title="bbox 2097 5401 3653 5483; baseline -0.009 -14"><span class='ocrx_word' id='word_1_866' title='bbox 2097 5425 2151 5469; x_wconf 90' lang='lat' dir='ltr'><strong>et</strong></span> <span class='ocrx_word' id='word_1_867' title='bbox 2190 5414 2341 5476; x_wconf 86' lang='lat' dir='ltr'><strong>illud,</strong></span> <span class='ocrx_word' id='word_1_868' title='bbox 2379 5429 2397 5462; x_wconf 79' lang='grc' dir='ltr'><strong>ι</strong></span> <span class='ocrx_word' id='word_1_869' title='bbox 2431 5410 2762 5483; x_wconf 81' lang='lat' dir='ltr'><strong>Potestatem</strong></span> <span class='ocrx_word' id='word_1_870' title='bbox 2786 5405 2835 5461; x_wconf 89' lang='lat' dir='ltr'><strong>ei</strong></span> <span class='ocrx_word' id='word_1_871' title='bbox 2867 5405 3136 5461; x_wconf 85' lang='lat' dir='ltr'><strong>concessit</strong></span> <span class='ocrx_word' id='word_1_872' title='bbox 3161 5405 3323 5458; x_wconf 83' lang='lat' dir='ltr'><strong>etiam</strong></span> <span class='ocrx_word' id='word_1_873' title='bbox 3361 5401 3653 5463; x_wconf 80' lang='lat' dir='ltr'><strong>exercendi</strong></span> 
     </span>
    </p>
   </div>
   <div class='ocr_carea' id='block_1_115' title="bbox 2093 5489 3643 5575">
    <p class='ocr_par' dir='ltr' id='par_1_115' title="bbox 2093 5489 3643 5575">
     <span class='ocr_line' id='line_1_115' title="bbox 2093 5489 3643 5575; baseline -0.008 -20"><span class='ocrx_word' id='word_1_874' title='bbox 2093 5504 2302 5575; x_wconf 81' lang='lat' dir='ltr'><strong>judicii,</strong></span> <span class='ocrx_word' id='word_1_875' title='bbox 2334 5506 2477 5570; x_wconf 86' lang='lat' dir='ltr'><strong>quod</strong></span> <span class='ocrx_word' id='word_1_876' title='bbox 2509 5497 2679 5552; x_wconf 85' lang='lat' dir='ltr'><strong>Filius</strong></span> <span class='ocrx_word' id='word_1_877' title='bbox 2703 5496 2774 5552; x_wconf 90' lang='lat' dir='ltr'><strong>sit</strong></span> <span class='ocrx_word' id='word_1_878' title='bbox 2804 5497 3055 5563; x_wconf 78' lang='lat' dir='ltr'><strong>hominis,</strong></span> <span class='ocrx_word' id='word_1_879' title='bbox 3094 5495 3148 5550; x_wconf 90' lang='lat' dir='ltr'><strong>id</strong></span> <span class='ocrx_word' id='word_1_880' title='bbox 3177 5510 3242 5548; x_wconf 91' lang='lat' dir='ltr'><strong>ne</strong></span> <span class='ocrx_word' id='word_1_881' title='bbox 3271 5489 3539 5546; x_wconf 85' lang='lat' dir='ltr'><strong>miremini</strong></span> <span class='ocrx_word' id='word_1_882' title='bbox 3570 5505 3588 5548; x_wconf 83' lang='lat'><strong>:</strong></span> <span class='ocrx_word' id='word_1_883' title='bbox 3622 5507 3643 5543; x_wconf 77' lang='grc' dir='ltr'><strong>ι</strong></span> 
     </span>
    </p>
   </div>
   <div class='ocr_carea' id='block_1_116' title="bbox 2097 5582 3654 5659">
    <p class='ocr_par' dir='ltr' id='par_1_116' title="bbox 2097 5582 3654 5659">
     <span class='ocr_line' id='line_1_116' title="bbox 2097 5582 3654 5659; baseline -0.008 -11"><span class='ocrx_word' id='word_1_884' title='bbox 2097 5595 2198 5648; x_wconf 86' lang='lat' dir='ltr'><strong>hoc</strong></span> <span class='ocrx_word' id='word_1_885' title='bbox 2232 5594 2391 5659; x_wconf 76' lang='lat' dir='ltr'><strong>igitur</strong></span> <span class='ocrx_word' id='word_1_886' title='bbox 2417 5593 2488 5643; x_wconf 83' lang='lat' dir='ltr'><strong>ita</strong></span> <span class='ocrx_word' id='word_1_887' title='bbox 2523 5589 2729 5654; x_wconf 71' lang='lat' dir='ltr'><strong>legunt,</strong></span> <span class='ocrx_word' id='word_1_888' title='bbox 2759 5605 2778 5638; x_wconf 79' lang='grc' dir='ltr'><strong>ι</strong></span> <span class='ocrx_word' id='word_1_889' title='bbox 2833 5587 2899 5641; x_wconf 84' lang='grc' dir='ltr'><strong>Ει</strong></span> <span class='ocrx_word' id='word_1_890' title='bbox 2925 5592 3243 5656; x_wconf 86' lang='lat' dir='ltr'><strong>potestatem</strong></span> <span class='ocrx_word' id='word_1_891' title='bbox 3290 5582 3340 5633; x_wconf 88' lang='lat' dir='ltr'><strong>ei</strong></span> <span class='ocrx_word' id='word_1_892' title='bbox 3385 5582 3654 5635; x_wconf 85' lang='lat' dir='ltr'><strong>concessit</strong></span> 
     </span>
    </p>
   </div>
   <div class='ocr_carea' id='block_1_117' title="bbox 2098 5668 3646 5745">
    <p class='ocr_par' dir='ltr' id='par_1_117' title="bbox 2098 5668 3646 5745">
     <span class='ocr_line' id='line_1_117' title="bbox 2098 5668 3646 5745; baseline -0.01 -7"><span class='ocrx_word' id='word_1_893' title='bbox 2098 5686 2256 5739; x_wconf 82' lang='lat' dir='ltr'><strong>etiam</strong></span> <span class='ocrx_word' id='word_1_894' title='bbox 2305 5679 2593 5737; x_wconf 59' lang='lat' dir='ltr'><strong>exercendi</strong></span> <span class='ocrx_word' id='word_1_895' title='bbox 2639 5676 2848 5745; x_wconf 73' lang='lat' dir='ltr'><strong>iudicii,</strong></span> <span class='ocrx_word' id='word_1_896' title='bbox 2901 5676 3042 5743; x_wconf 82' lang='lat' dir='ltr'><strong>quod</strong></span> <span class='ocrx_word' id='word_1_897' title='bbox 3095 5670 3259 5725; x_wconf 84' lang='lat' dir='ltr'><strong>Filius</strong></span> <span class='ocrx_word' id='word_1_898' title='bbox 3290 5668 3646 5725; x_wconf 78' lang='lat' dir='ltr'><strong>sithominis.</strong></span> 
     </span>
    </p>
   </div>
  </div>
