4132 6294
353 386 426 452 29
1554 382 1652 441 DE
1695 382 1736 439 F
1747 380 1765 440 1
1783 380 1880 440 DE
1920 380 2406 442 ORTIIODOXA.
2916 412 2928 422 -
3546 382 3620 448 30

362 491 581 557 ὑπήνην
602 503 617 518 ο
658 485 746 540 τὸν
771 487 829 540 δὲ
864 487 1014 554 Υἱὸν,
1042 486 1168 558 ἄρτι
1197 487 1289 541 τὸν
1314 486 1491 542 ἴουλον
1521 493 1949 566 παραμτξΰοιςικ

2036 489 2235 554 dicunt,
2273 488 2494 545 Patrem
2527 496 2587 544 ut
2636 502 2849 554 senem,
2878 487 2970 545 cui
3036 489 3254 560 prolixa
3312 490 3482 546 barba
3545 491 3617 547 sit

357 578 619 632 ἐοικότα·
678 577 740 631 τὸ
786 575 845 631 δὲ
892 577 1050 645 ἅγιον
1088 576 1334 648 Πνεῦμα,
1381 579 1459 643 ὡς
1497 579 1717 633 νεανίαν
1742 581 1933 641 δεινῶς
1982 576 1985 579 ’

357 666 697 737 ἐψιλωμένον
724 665 825 728 τὰς
865 665 1123 734 παρειὰς,
1170 665 1282 719 τῶν
1318 665 1589 737 δαιμόνων
1629 666 1805 732 οὕτως
1847 667 1906 732 ἐξ

360 757 698 813 απατώντων
747 758 971 820 αὐτοὺς,
1020 758 1119 811 καὶ
1159 758 1525 813 διδασκόντων
1571 760 1758 814 ἄνισον
1787 758 1931 814 εἶναι

360 851 462 923 τὴν
485 849 649 918 ἁγίαν
675 850 909 921 Τριάδα,
940 849 1086 905 κατὰ
1110 851 1212 920 τὴν
1245 851 1354 906 τῶν
1393 854 1695 926 σχημάτων
1724 853 1931 910 τούτων

359 941 645 1012 διαφοράν.

2042 579 2333 663 admodum
2358 619 2375 645 ,
2410 578 2609 634 Filium
2639 578 2981 663 eigksimilem,
3027 579 3120 648 qui
3152 592 3346 636 recens
3398 580 3616 650 lanugi-

2042 686 2166 726 nem
2209 650 2447 743 prlmam
2483 675 2673 755 Mt,
2698 650 2979 755 'ipiritum
3015 671 3299 743 Sanctum,
3326 672 3500 728 instar
3529 673 3637 753 ,Ῑιι-⁸

2041 762 2218 827 venis,
2244 764 2332 818 cui
2363 758 2846 821 valdéﬂt'mdze‘sint
2874 778 3065 835 gente;
3103 764 3265 833 quod;
3281 763 3503 834 quidem
3538 764 3612 818 ita

2044 852 2124 916 tlt,
2176 852 2576 923 decipientibus
2629 868 2726 908 eos
2769 853 3127 919 daemonibus,
3184 861 3243 907 et
3289 851 3610 922 inaequalem

2041 956 2163 998 esse
2187 940 2511 999 Trinitatem
2537 944 2875 1012 docentibus,
2903 944 3283 1023 projpsarum
3308 942 3608 999 formarum

2041 1033 2383 1089 diversitate.
2768 1094 2771 1095 ν
2854 1051 2907 1099 1'
2920 1045 2925 1048 ’

387 1220 3594 1251 “mm

748 1379 1096 1512 ΤΟΥ
1169 1376 1745 1516 ΑΥΤΟΥ
1805 1379 3225 1519 ΑΡΜΕΝΟΠΟΥΑΟΥ
3316 1471 3326 1482 .
3407 1582 3414 1589 ﬁ

1172 1623 1428 1708 ΠΕΡΙ
1514 1621 1994 1712 ΠΙΣΤΕΩΣ
2059 1623 2787 1714 ΟΡΘΟΔΟΞΟΥ.

1014 1979 1726 2110 EJUSDEM
1823 1980 2972 2127 HABMENOPULI
3083 2041 3097 2064 ε

1296 2236 1441 2325 DE
1508 2236 1785 2326 FIDE
1846 2227 2649 2327 ORTHODOXA.

426 2588 715 2640 Πιστεύειν
741 2589 822 2640 δεῖ
859 2587 950 2638 τὸν
979 2586 1147 2648 δντως
1179 2587 1532 2655 Χριστιανὸν,
1564 2587 1640 2645 ὡς
1688 2590 1928 2655 αί-ἆγιαι

2107 2585 2390 2642 Hominem
2446 2604 2639 2659 reapse
2684 2588 3058 2646 Christianum
3092 2604 3308 2662 oportet
3358 2600 3583 2655 credere

355 2683 451 2732 καὶ
480 2679 862 2749 οἱκουμενικαὶ
890 2678 1103 2730 σύνοδοι
1134 2677 1518 2748 ἐπεκύρωσαν,
1560 2681 1640 2741 εἰς
1673 2679 1771 2732 ἕνα
1800 2679 1933 2731 Θεὸν

355 2772 576 2841 Πατέρα
600 2771 1041 2841 παντοκράτορα,
1074 2769 1312 2840 ἄναρχόν
1336 2786 1396 2822 τε
1426 2771 1521 2823 καὶ
1549 2770 1929 2840 ἀτελεύτητον,

356 2864 580 2916 πάντων
606 2863 821 2932 ὁρατῶν
866 2879 924 2916 τε
978 2863 1072 2916 καὶ
1103 2861 1356 2932 ἀοράτων
1405 2864 1672 2933 ποιητήν
1709 2864 1803 2916 καὶ
1853 2862 1933 2926 είς

355 2957 455 3008 ἕνα
488 2956 695 3025 Κύριον
749 2954 958 3026 Ἰησοῦν
991 2956 1248 3027 Χριστὸν,
1275 2958 1369 3010 τὸν
1404 2956 1532 3009 Υἱὸν
1554 2956 1649 3009 τοῦ
1684 2955 1819 3010 Θεοῦ
1839 2956 1932 3009 τὸν

360 3048 650 3117 μοινογενῆ,
680 3048 773 3100 τὸν
798 3048 985 3111 ἀϊδίως
1014 3049 1110 3101 καὶ
1137 3048 1363 3112 ἀπαθῶς
1394 3048 1456 3113 ἐξ
1479 3048 1645 3101 αὑτοῦ
1676 3047 1812 3101 Θεοῦ
1836 3047 1932 3101 καὶ

355 3140 573 3209 Πατρὸς
602 3137 957 3210 γεννηθέντα,
993 3139 1110 3207 φῶς
1158 3140 1224 3194 ὲκ
1269 3139 1466 3209 φωτὸς,
1501 3139 1636 3193 Θεὸν
1675 3137 1931 3209 ἀληθινὸν

355 3233 423 3281 ἐκ
451 3229 589 3283 Θεοῦ
636 3228 916 3300 ἀληθινοῦ,
949 3231 1238 3299 δμοούσιον
1280 3232 1358 3302 τῷ
1405 3234 1585 3303 Πατρὶ
1622 3232 1718 3286 καὶ
1765 3249 1932 3285 συνα-

358 3321 517 3382 ίδιον,
541 3318 611 3372 δι’
636 3314 696 3374 οὗ
725 3322 793 3372 τὰ
822 3321 996 3374 πάντα
1025 3322 1244 3389 γέγονε*
1266 3323 1360 3375 καὶ
1388 3324 1467 3383 εις
1498 3323 1723 3392 Πνεῦμα
1748 3323 1927 3391 ἀγτον,

354 3411 419 3462 τὸ
455 3410 736 3471 συναῖδίως
765 3412 830 3464 ἐκ
860 3410 954 3463 τοῦ
990 3411 1129 3465 Θεοῦ
1175 3413 1273 3465 xei
1305 3413 1519 3483 [ἰατρὸς
1554 3413 1926 3484 ἐκπορευόμε-

355 3506 473 3565 νον,
514 3503 625 3570 φῶς
654 3501 715 3555 ὃν
745 3504 841 3555 καὶ
865 3503 1018 3570 αὐτὸ,
1058 3504 1154 3558 καὶ
1197 3503 1331 3557 Θεὸν
1380 3504 1658 3574 ἀληθινὸν,
1704 3507 1800 3559 καὶ
1851 3506 1929 3576 τῷ

360 3595 542 3663 lla-:91
571 3597 666 3646 xci
703 3596 809 3664 ι’ίῷ
834 3595 1105 3650 σειναῖδιόν
1130 3612 1191 3647 τε
1227 3598 1323 3648 καὶ
1350 3596 1635 3664 όμοούσιον
1657 3613 1672 3630 ’
1723 3596 1929 3667 Τριάδα

357 3686 668 3755 ὑμοούσιον,
721 3688 815 3753 καὶ
863 3687 1154 3757 ὁμότιμον,
1191 3687 1287 3741 καὶ
1317 3688 1635 3758 όμόθρονον,
1684 3690 1766 3752 εις
1798 3689 1928 3759 μίαν

357 3778 653 3831 συνιοῦσαν
687 3779 934 3850 θεότητα.
983 3779 1190 3849 Τριάδα
1217 3778 1328 3847 γὰρ
1356 3781 1413 3831 ιν
1454 3781 1642 3849 μονάδι
1673 3782 1927 3835 πιστεύο-

358 3884 486 3936 μεν,
512 3868 606 3920 καί
632 3868 838 3938 μονάδα
867 3869 927 3921 ἐν
970 3867 1164 3937 Τριάδι
1195 3866 1491 3935 δοξάζομεν
1513 3881 1527 3897 ο
1560 3868 1769 3936 Τριάδα
1802 3868 1923 3936 μὲν,

355 3959 437 4021 ὡς
468 3960 530 4011 ὲν
548 3962 694 4029 τρισὶ
719 3960 1038 4027 προσώποις
1063 3959 1161 4011 καὶ
1203 3958 1535 4012 ὑποστάσεσι
1564 3959 1664 4025 τὴν
1697 3958 1928 4028 θεότητα

356 4052 747 4123 θεωρουμένην
766 4067 782 4083 ο
812 4050 1015 4121 μονάδα
1039 4050 1119 4116 δὲ,
1145 4049 1220 4112 ὡς
1245 4051 1373 4117 μιᾶς
1395 4048 1524 4102 ὄντα
1553 4050 1728 4103 ταῦτα
1744 4050 1930 4114 ούσίας

355 4163 418 4200 τε
468 4144 563 4197 καὶ
607 4143 881 4212 θεότητος,
915 4143 1007 4196 καὶ
1041 4141 1139 4195 ἕνα
1163 4142 1316 4196 Θεόν.
1364 4142 1498 4194 Ἕνα
1530 4142 1640 4211 γὰρ
1678 4141 1810 4194 Θεὸν
1843 4158 1931 4194 πι-

358 4237 654 4302 στεύομεν,
687 4233 791 4287 κᾶν
837 4234 896 4286 ἐν
926 4231 1116 4302 Τριάδι
1148 4233 1485 4297 γινώσκηται
1507 4249 1522 4264 ’
1570 4235 1661 4285 καὶ
1693 4232 1788 4286 ἕνα
1816 4233 1929 4286 Κύ-

359 4343 481 4394 ριον
508 4323 904 4395 ὁμολογοῦμεν,
937 4323 1041 4377 κᾶν
1063 4324 1123 4376 ἐν
1151 4324 1332 4394 τρισὶν
1362 4323 1930 4378 ύποστάσεσιδείκνυ-

352 4435 482 4473 ταισ
528 4417 625 4471 καὶ
666 4415 794 4470 οὔτε
844 4417 925 4479 εἰς
965 4416 1115 4484 τρεῖς
1166 4415 1450 4485 θεότητας,
1497 4413 1621 4469 οὔτε
1661 4416 1743 4478 εἰς
1783 4418 1930 4485 τρεῖς

353 4510 691 4580 κυριότητας
718 4509 752 4578 ἡ
786 4509 885 4578 μία
915 4507 1108 4578 θεότης
1138 4509 1231 4560 καὶ
1260 4509 1294 4578 ἠ
1335 4508 1434 4576 μία
1469 4509 1729 4576 κυριότης
1771 4509 1932 4575 ἐκφέ-

358 4614 550 4675 ρεται·
588 4598 712 4653 οὗτε
746 4600 845 4668 μὲν
887 4599 1074 4668 ἕτερός
1119 4617 1203 4663 τις
1248 4603 1399 4653 ἐστιν
1432 4601 1459 4652 ό
1496 4598 1648 4666 Θεὸς,
1684 4599 1837 4668 παρὰ
1863 4599 1931 4651 τὰ

354 4696 491 4767 τρία
522 4695 695 4748 ταῦτα
727 4693 1018 4763 πρόσωπα,
1050 4692 1196 4764 ἆπερ
1239 4694 1387 4745 ἐστὶν
1430 4697 1458 4747 ὁ
1489 4694 1698 4764 Πατὴρ,
1722 4695 1750 4746 ὁ
1781 4688 1929 4760 Υἱὸς,

356 4788 459 4840 καὶ
484 4787 546 4840 τὸ
575 4786 732 4853 ἅγιον
759 4785 983 4854 Πνεῦμα
1006 4801 1020 4816 ο
1056 4785 1159 4837 οὐκ
1188 4785 1403 4847 οὐσίαις
1435 4783 1609 4836 ταῦτα
1638 4788 1732 4837 καὶ
1765 4783 1932 4854 φύσε-

358 4895 453 4931 σιν
500 4876 902 4947 ἀριθμούμενα,
949 4874 1066 4929 ἀλλ’
1130 4876 1465 4928 ὑποστάσεσι
1545 4877 1639 4928 καὶ
1704 4876 1930 4946 ἰδιότησι

353 4971 574 5039 vesperi;
607 4969 698 5021 καὶ
743 4967 998 5030 τελείαις.
1049 4967 1115 5020 Ἦ
1164 4969 1273 5037 γὰρ
1313 4967 1555 5032 παναγεα
1601 4966 1775 5037 Τριὰς
1818 4966 1931 5030 τοῖς

353 5059 676 5129 προσώποις
724 5059 1098 5131 διαιρουμένη,
1150 5058 1461 5129 ἀδιαίρετός
1506 5060 1624 5111 ἐστι
1672 5060 1740 5128 τῇ
1771 5057 1932 5129 οὑσίᾳ

352 5156 455 5204 καὶ
501 5152 569 5217 τῇ
604 5148 845 5219 θεότητι.
871 5149 1020 5203 Μίαν
1064 5147 1159 5203 οὖν
1209 5150 1417 5211 οὐσίαν,
1468 5150 1599 5218 μίαν
1631 5148 1927 5218 βασιλείαν,

2036 2678 2198 2734 sicuti
2252 2695 2424 2734 sacrae
2453 2697 2516 2736 ac
2540 2682 2876 2738 universales
2904 2684 3096 2754 synodi
3145 2688 3519 2756 sanciverunt,
3552 2693 3605 2746 in

2038 2786 2205 2825 unum
2246 2771 2411 2827 Deum
2446 2771 2662 2827 Patrem
2695 2775 3142 2844 omnipotentem,
3170 2778 3419 2848 principii
3455 2792 3510 2835 et
3542 2784 3606 2836 tl-

2050 2865 2135 2918 nis
2191 2872 2491 2932 expertem,
2529 2862 2771 2916 omnium
2821 2872 2928 2916 tam
2981 2866 3393 2934 aspeCtabilium
3442 2884 3603 2938 quam

2037 2954 2499 3026 inaspectabilium
2524 2955 2858 3010 conditorem
2881 2994 2900 3022 ,
2929 2964 2984 3011 et
3010 2957 3066 3011 in
3122 2973 3288 3013 unum
3318 2957 3601 3015 Dominum

2040 3047 2226 3103 Jesum
2255 3048 2554 3115 Christum,
2585 3047 2682 3103 Dei
2719 3048 2914 3103 Filium
2940 3050 3255 3120 unigenam,
3305 3050 3373 3103 ab
3401 3060 3605 3107 aeterno

2033 3138 2283 3207 citraque
2337 3139 2643 3208 passionem
2692 3155 2760 3194 ex
2809 3138 2924 3207 ipso
2956 3138 3066 3194 Deo
3091 3155 3155 3195 ac
3192 3139 3356 3195 Patre
3390 3152 3602 3207 natum,
3646 3213 3655 3223 ι

2035 3229 2211 3285 lumen
2243 3232 2313 3286 de
2355 3233 2577 3296 lumine,
2615 3233 2780 3288 Deum
2810 3248 2993 3288 verum
3038 3235 3104 3290 de
3138 3233 3249 3290 lleo
3292 3250 3442 3300 vero,
3474 3252 3604 3293 con-

2032 3323 2452 3381 substantialem
2491 3324 2637 3379 Patri
2694 3335 2752 3378 et
2797 3336 3150 3389 coaeternum,
3175 3341 3271 3396 per
3296 3342 3457 3397 quem
3485 3343 3602 3383 om-

2034 3417 2119 3470 nia
2168 3415 2310 3470 facta
2341 3424 2508 3479 sunt,
2552 3424 2608 3468 et
2649 3414 2702 3468 in
2734 3413 2998 3484 Spiritum
3033 3425 3302 3482 sanctum,
3334 3425 3602 3475 coarterne

2033 3509 2099 3560 de
2158 3506 2267 3560 Deo
2303 3521 2367 3559 ac
2417 3505 2576 3559 Patre
2630 3507 3032 3573 procedentem,
3096 3505 3276 3560 lumen
3312 3520 3367 3563 et
3399 3510 3599 3577 ipsum,

2034 3599 2309 3667 Deumque
2344 3613 2554 3663 verum,
2591 3607 2646 3652 et
2680 3597 2825 3652 Patri
2877 3616 2942 3651 ac
2993 3597 3135 3653 Filio
3166 3610 3517 3666 coaeternutn,
3546 3612 3599 3656 et

2031 3688 2549 3744 consubstantialem
2578 3689 2934 3757 ;Trinitatem
2959 3689 3119 3747 unius
3140 3691 3446 3763 etejusdem
3473 3694 3603 3752 sul:-

2038 3780 2271 3846 Stantiae,
2305 3780 2610 3851 dignitatis,
2661 3782 2806 3850 solii,
2832 3798 2954 3853 quae
2984 3799 3145 3838 unam
3181 3786 3235 3840 in
3266 3785 3600 3842 divinitatem

2035 3875 2175 3937 coit.
2210 3874 2416 3944 quippe
2453 3872 2778 3929 Trinitatem
2834 3877 2886 3929 in
2952 3880 3160 3934 unitate
3213 3880 3509 3944 credimus,
3543 3890 3602 3937 et

2036 3967 2294 4022 unitatem
2319 3967 2372 4020 in
2389 3965 2656 4023 Trinitate
2672 3970 2959 4024 statuimus
2984 3987 3001 4037 ;
3027 3971 3349 4028 Trinitatem
3374 3974 3514 4044 quod
3547 3976 3599 4028 in

2042 4057 2215 4112 tribus
2264 4059 2515 4125 personis
2545 4067 2600 4113 et
2649 4061 3028 4130 hypostasibus
3055 4063 3308 4118 divinitas
3358 4066 3604 4120 conside-

2038 4157 2230 4213 retur;
2273 4147 2535 4202 unitatem
2586 4149 2731 4217 quod
2791 4151 2951 4205 unius
3012 4153 3095 4205 liae
3149 4152 3463 4209 subSIantiae
3495 4157 3601 4210 sint

2035 4254 2095 4290 ar.
2120 4237 2441 4301 divinitatis,
2470 4247 2526 4291 et
2553 4252 2694 4293 unus
2716 4239 2852 4292 adeo
2881 4238 3045 4295 Deus.
3073 4239 3209 4294 Nam
3237 4257 3400 4296 unum
3432 4243 3599 4301 Deum

2034 4326 2327 4390 credimus,
2371 4324 2500 4381 licet
2542 4326 2595 4381 in
2631 4326 2900 4382 Trinitate
2935 4339 3269 4398 agnoscatur
3300 4352 3315 4401 ;
3347 4341 3403 4388 et
3435 4348 3599 4390 unum

2040 4416 2325 4471 hominum
2360 4417 2722 4482 ‘conlltemur,
2752 4418 2881 4473 licet
2921 4420 2977 4474 in
3011 4422 3185 4476 tribus
3212 4421 3602 4492 hypostasibus

2033 4511 2393 4575 ostendatur;
2444 4523 2508 4565 ac
2539 4499 2719 4578 neque
2749 4511 2802 4565 in
2839 4522 2950 4566 tres
2985 4512 3324 4579 divinitates,
3356 4530 3458 4571 nec
3491 4527 3605 4572 tres

2033 4601 2368 4662 dominatus,
2401 4615 2507 4654 una
2553 4600 2834 4666 divinitus,
2865 4612 2921 4656 et
2973 4619 3113 4657 unus
3166 4604 3256 4658 ille
3295 4606 3608 4662 dominatus

2033 4691 2341 4756 exorbitat;
2377 4707 2552 4760 neque
2593 4706 2781 4747 rursus
2829 4695 2969 4747 alius
3017 4696 3288 4764 quispiam
3331 4694 3473 4750 Deus
3499 4710 3605 4764 est,

2035 4790 2230 4849 praeter
2252 4783 2417 4837 hasce
2448 4792 2559 4836 tres
2589 4797 2872 4851 personas,
2896 4800 3014 4852 qua:
3040 4796 3166 4839 sunt
3195 4784 3379 4850 Pater,
3408 4787 3603 4853 Filius,

2033 4885 2086 4926 et
2134 4871 2370 4941 Spiritus
2396 4879 2668 4943 gsanctus;
2709 4887 2763 4928 et
2791 4890 2910 4943 quae
2945 4891 3048 4929 non
3079 4878 3400 4933 substantiis
3426 4894 3490 4935 ac
3517 4897 3606 4932 na-

2035 4963 2172 5018 turis
2204 4974 2585 5028 numerantur,
2613 4966 2706 5019 sed
2744 4966 3128 5036 ltypostasibus
3158 4982 3207 5021 et
3253 4967 3604 5026 intellectibi-

2032 5056 2173 5110 libus
2199 5066 2364 5124 atque
2400 5056 2655 5125 perfectis
2690 5059 3140 5129 proprietatibus.
3175 5059 3386 5115 Etenim
3440 5077 3602 5117 sanc-

2034 5148 2243 5205 tissima
2291 5147 2534 5209 Trinitas
2586 5150 2836 5218 personis
2874 5148 3152 5219 distincta,
3210 5154 3426 5207 ratione
3470 5154 3602 5214 sub.-

355 5243 494 5312 μίαν
532 5239 799 5306 ἐξουσίαν,
837 5240 967 5310 μίαν
997 5241 1298 5311 ἐνέργειαν,
1349 5240 1479 5310 μίαν
1524 5240 1744 5309 βουλὴν,
1795 5239 1925 5310 μίαν

2036 5240 2249 5295 stantiae
2302 5253 2367 5295 ac
2421 5239 2722 5294 divinitatis
2766 5247 2850 5294 cst
2905 5239 3202 5296 individua.
3262 5242 3605 5314 Quapropter

353 5333 607 5404 θέλησιν,
642 5332 774 5401 μίαν
807 5332 1150 5406 δεσποτείαν,
1200 5334 1330 5403 μίαν
1368 5333 1691 5404 κυριότητα,
1727 5332 1785 5383 ὲν
1832 5332 1933 5412 μιᾷ

350 5425 520 5494 of:ch
542 5423 642 5476 καὶ
676 5423 837 5492 φύσει
863 5426 963 5491 τῆς
996 5424 1268 5492 παναγίας
1299 5421 1535 5494 Τριὰδος
1562 5423 1929 5492 γινώσκομεν,

354 5523 437 5591 μὴ
468 5522 548 5583 είς
578 5519 641 5584 ἐν
660 5514 963 5588 ’πρόσωπον
996 5518 1028 5588 ἢ
1070 5519 1201 5586 μίαν
1239 5519 1536 5573 ὑπόστασιν
1567 5516 1774 5587 ταύτην
1804 5534 1934 5587 συγ-

352 5614 599 5684 χέοντες.
654 5611 754 5663 Διὰ
782 5609 941 5663 τοῦτο
979 5610 1183 5673 τέλειος
1225 5609 1357 5673 Θεὸς
1401 5611 1430 5662 ὑ
1466 5610 1678 5679 Πατὴρ,
1725 5609 1930 5673 τέλειος

351 5704 493 5766 Θεὸς
514 5704 545 5754 ὁ
570 5703 712 5768 Υἱὸς,
742 5702 943 5765 τέλειος
967 5702 1097 5766 Θεὸς
1121 5702 1181 5754 τὸ
1207 5700 1429 5770 Πνεῦμα
1452 5704 1515 5754 τὸ
1536 5703 1713 5771 ἅγιον,
1739 5703 1927 5773 ἐπειδὴ

354 5794 458 5866 τὴν
498 5792 676 5860 αὑτὴν
709 5792 803 5845 καὶ
851 5791 978 5862 μίαν
1024 5793 1253 5847 ἕκαστον
1289 5793 1548 5862 ἀνελλιπῆ
1584 5794 1675 5846 καὶ
1716 5792 1925 5847 τελείαν

2037 5347 2197 5386 unam
2245 5331 2625 5397 substantiam,
2661 5346 2828 5385 unum
2874 5346 3122 5402 regnum,
3159 5350 3319 5388 unam
3373 5345 3604 5405 potesta-

2037 5435 2171 5490 tem,
2205 5438 2366 5477 unam
2412 5421 2814 5491 cllicacitatem,
2849 5418 3019 5480 unum
3070 5428 3383 5493 consilium,
3438 5442 3602 5480 unum

2040 5515 2352 5585 imperium,
2385 5530 2549 5569 unum
2580 5515 2943 5583 dominatum,
2978 5523 3031 5573 in
3065 5535 3170 5575 una
3219 5518 3521 5575 substantia
3551 5529 3606 5572 et

2040 5616 2234 5661 natura
2280 5605 2643 5660 sanctissimas
2669 5605 2957 5664 Trinitatis
2988 5612 3331 5682 agnoscimus
3353 5653 3367 5675 ,
3404 5622 3512 5661 non
3545 5607 3601 5664 in
3643 5597 3647 5603 ’

2038 5712 2201 5751 unam
2247 5712 2559 5765 personam,
2604 5699 2687 5752 vel
2734 5715 2895 5756 unam
2947 5702 3280 5772 llyp0§lﬂsilll
3330 5714 3447 5754 eum
3476 5713 3601 5753 con-
3708 5710 3713 5715 ‘

2037 5791 2181 5844 [ηιιώ
2205 5799 2343 5846 ntes.
2376 5790 2500 5845 Ideo
2536 5783 2982 5860 perfectusDcus
3009 5804 3089 5847 est
3120 5784 3302 5855 Pater,
3330 5790 3600 5861 perfectus
