4132 6294
495 374 565 437 31
1668 384 1927 442 CONST.
1965 386 2118 443 NAR
2141 341 2535 445 )iiEN'Ol‘UH
3251 466 3254 470 η
3671 392 3738 451 32

498 486 660 555 Deus,
708 484 914 545 Filius:
965 492 1245 562 perlectus
1278 494 1443 560 Deus,
1498 496 1736 564 Spiritus
1796 508 2059 551 sanctus:

2179 502 2284 569 ἔχει
2320 502 2572 571 Οεόῑητα.
2606 502 2736 563 Θεὸς
2784 502 2914 570 γὰρ,
2955 504 3044 555 καὶ
3084 503 3235 567 Θεὸς,
3275 505 3367 556 καὶ
3406 502 3535 565 Θεὸς
3560 522 3570 536 '

488 594 615 633 cum
652 590 811 635 unam
868 592 922 637 et
973 584 1220 640 eamdem
1287 587 1538 656 quilibet,
1570 589 1707 642 citra
1765 588 2060 651 defectum,

3623 522 3718 555 αιέΛ

2171 587 2251 656 εἷς
2277 593 2345 645 τὰ
2369 595 2498 663 τρία
2525 593 2677 659 Θεὸς,
2711 596 2785 657 ὡς
2830 591 2945 657 τοῖς
2980 596 3153 662 ἁγίοις
3196 596 3443 663 Πατράσι
3478 597 3737 664 κηρύττε-

495 670 899 740 perfectamque
946 673 1284 731 divinitatem
1321 678 1559 743 habeat;
1615 679 1753 734 Deus
1793 679 1962 743 enim,
2012 689 2066 734 et

2179 700 2275 736 ται.
2308 685 2471 737 Οὐδὲν
2489 685 2596 753 γάρ
2624 685 2841 738 κτιστὸν
2867 687 2924 738 ὲν
2951 686 3152 749 αὐτοῖς,
3179 687 3210 756 ἢ
3240 687 3447 752 δοῦλον,
3477 689 3508 757 ἢ
3542 691 3641 739 ἐπε
3654 688 3735 740 ίσ-

496 760 663 825 Deus,
698 771 752 817 et
806 762 979 827 Deus;
1018 767 1111 821 sed
1177 767 1292 823 haec
1349 769 1449 823 tria
1513 768 1652 823 Deus
1713 786 1874 836 unus,
1926 772 2067 827 sicut

499 853 676 906 sancti
710 852 900 910 Patres
931 858 1247 925 praedicant.
1275 859 1409 914 Nam
1443 860 1576 914 nihil
1606 861 1658 913 in
1688 864 1769 914 eis
1799 875 2062 925 creatum,

500 943 579 994 vel
619 957 862 1009 servum,
908 946 988 1002 vel
1036 959 1378 1016 extraneum,
1412 952 1567 1019 quasi
1604 952 1806 1005 facttnn
1857 965 2065 1007 ortum-

501 1046 604 1099 que
636 1037 926 1101 posterius.
962 1036 1094 1092 Cum
1128 1039 1243 1092 hare
1280 1051 1481 1095 sancta:
1512 1043 1583 1096 sit
1615 1053 1669 1096 et
1709 1043 2070 1097 consubstan—

497 1123 646 1177 tialis
699 1124 985 1180 Trinitatis
1035 1128 1196 1195 ratio,
1230 1130 1391 1184 simul
1448 1133 1611 1186 etiant
1672 1133 2069 1190 incarnationis

498 1218 755 1284 mysteria
800 1219 901 1273 hoc
939 1221 1175 1287 quodam
1227 1224 1386 1277 modo
1416 1225 1661 1278 conﬁteri
1695 1240 1917 1279 necesse
1948 1237 2064 1280 est:

498 1308 699 1374 quippe
749 1307 1011 1363 Dominus
1064 1322 1246 1366 noster
1277 1311 1434 1369 Jesus
1481 1314 1759 1378 Christus,
1797 1316 1886 1382 qui
1932 1332 2068 1370 unus

498 1407 581 1450 est
617 1413 647 1449 e
673 1410 858 1453 sancta
894 1398 1195 1475 Trinitate,
1228 1404 1321 1459 Dei
1360 1404 1551 1469 Filius,
1591 1415 1813 1473 propter
1838 1406 2067 1461 salutent

497 1499 759 1552 nostram,
792 1501 986 1559 suopte
1017 1495 1269 1557 consilio,
1298 1496 1502 1565 Deique
1559 1497 1740 1552 Patris
1772 1501 2067 1565 voluntate,

499 1578 554 1630 in
596 1590 793 1633 terram
845 1582 1204 1651 descendens,
1237 1601 1301 1640 cx
1353 1600 1539 1642 sancta
1592 1589 1845 1657 Deipara,
1879 1606 2070 1659 perpe-

500 1675 699 1740 tuaque
724 1672 945 1741 Virgine
968 1674 1157 1741 Maria,
1187 1691 1331 1742 vere,
1375 1694 1480 1733 non
1516 1682 1700 1747 specie
1729 1692 1883 1735 tenus
1916 1695 2072 1737 natus

501 1773 603 1826 ρει,
629 1766 928 1832 composita
961 1766 1063 1820 sibi
1093 1782 1159 1821 ex
1182 1784 1241 1822 ea
1273 1784 1460 1832 carne,
1490 1774 1686 1825 mentis
1721 1782 1885 1840 atque
1904 1775 2069 1826 animi

2169 790 2355 836 ακτον,
2404 775 2478 837 ὡς
2530 775 2764 845 ὕστερον
2794 778 3040 844 γεγονός.
3066 777 3222 830 Οὕτω
3242 778 3306 846 δὴ
3328 777 3423 831 τοῦ
3450 779 3550 846 τῆς
3580 781 3740 846 ἁγίας

2172 867 2267 918 καλ⁵
2296 867 2589 934 όμοουσίου
2627 868 2670 919 Τ
2677 868 2856 936 ριάδος
2894 868 3108 938 ἔχοντος
3139 869 3325 936 λόγου,
3360 872 3742 938 συνομολογεῖν

2170 960 2385 1028 ἀνάγκη
2418 960 2511 1012 καὶ
2538 960 2604 1013 τά
2639 961 2735 1028 τῆς
2756 960 3253 1031 ἐνανθρωπήσεως,
3276 962 3416 1015 οὕτω
3444 966 3737 1031 μυστήρια.

2182 1052 2242 1104 '0
2276 1053 2383 1120 γάρ
2416 1051 2613 1122 Κύριος
2644 1052 2800 1120 ἡμῶν
2846 1053 3051 1120 Ἰησοῦς
3081 1052 3340 1123 Χριστὸς,
3388 1055 3550 1116 αὐτὸς
3595 1054 3668 1106 ὣν
3713 1057 3741 1106 ό

2172 1140 2267 1208 τῆς
2316 1139 2475 1206 ἁγίας
2521 1140 2749 1209 Τριάδος
2785 1135 2887 1205 εἷς,
2933 1140 2961 1189 ό
2997 1140 3122 1200 Υἱὸς
3173 1139 3267 1191 τοῦ
3320 1139 3479 1202 Θεοῦ,
3512 1140 3601 1190 διὰ
3640 1139 3737 1206 τὴν

2170 1229 2447 1298 ἡμετέςαν
2482 1230 2755 1299 σωτηρίαν
2787 1230 3010 1298 ἑκουσίᾳ
3058 1228 3222 1297 βουλῇ
3265 1230 3358 1281 καὶ
3404 1228 3537 1280 Θεοῦ
3574 1228 3732 1295 θελή-

2178 1339 2308 1391 ματι
2342 1321 2432 1372 τοῦ
2483 1322 2865 1391 γεννήσαντος,
2916 1323 3009 1372 ἐπὶ
3043 1320 3150 1388 γῆν
3183 1319 3482 1381 κατελθὼν,
3529 1321 3592 1371 ἐκ
3642 1319 3739 1385 τῆς

2176 1414 2338 1482 ἁγίας
2367 1413 2631 1468 Θεοτόκου
2662 1413 2757 1466 καὶ
2793 1413 3157 1482 ἀειπαρθένου
3192 1413 3413 1481 Μαρίας
3443 1415 3583 1465 κατὰ
3612 1412 3740 1478 ἀλή-

2175 1505 2346 1566 θειαν,
2387 1505 2448 1557 οὐ
2505 1504 2643 1557 κατὰ
2679 1503 2980 1571 φαντασίαν
3025 1503 3387 1573 γεγέννηται,
3446 1503 3624 1572 σάρκα
3681 1504 3739 1566 ἐξ

2152 1599 2348 1668 ἀὐτῆς
2393 1598 2578 1651 ἔννουν
2635 1600 2728 1651 καὶ
2777 1597 3019 1667 ἔμψυχον
3064 1597 3244 1667 ἑαυτῷ
3304 1596 3737 1664 συστησάμενος,

2178 1691 2272 1743 καὶ
2301 1691 2506 1752 τέλειος
2549 1689 2792 1757 γεγονὼς
2831 1690 3140 1758 ἄνθρωπος,
3196 1689 3398 1773 τέλειος
3446 1688 3521 1741 ὢν
3570 1690 3734 1752 Θεόςσ

2178 1781 2253 1843 ὡς
2282 1778 2421 1832 εἶναι
2453 1781 2543 1832 τὸν
2573 1780 2737 1832 αὑτὸν
2768 1780 2886 1832 ὅλον
2927 1780 3015 1832 τὸν
3052 1780 3203 1833 Θεὸν.
3243 1781 3335 1832 καὶ
3368 1779 3487 1832 ὅλον
3525 1779 3737 1849 ἄνθρω·

499 1864 788 1920 compote,
841 1856 1217 1928 perfectusque
1270 1861 1409 1916 Deus
1458 1864 1749 1929 exsisteus,
1800 1865 2071 1931 perlectus

2179 1889 2279 1924 πον
2306 1887 2318 1902 ⁶
2358 1872 2420 1923 ὲκ
2454 1871 2548 1922 δύο
2586 1871 2826 1939 φύσεων,
2860 1871 3113 1939 θεότητός
3155 1888 3211 1923 τε
3245 1873 3341 1923 καὶ
3389 1870 3741 1939 ἀνθρωπότη-

501 1946 665 1998 homo
718 1944 894 2001 lactus
940 1958 1063 2015 est;
1118 1951 1195 2005 ita
1248 1953 1494 2022 quidem,
1528 1965 1585 2008 ut
1619 1957 1758 2010 idem
1812 1965 1956 2009 totus
2005 1957 2075 2010 sit

503 2034 665 2102 Deus,
693 2050 746 2092 et
775 2048 917 2094 totus
948 2041 1146 2109 homo;
1183 2044 1249 2099 de
1275 2048 1484 2104 naturis
1515 2047 1748 2116 duabus,
1789 2048 2074 2103 divinitate

505 2143 569 2184 ac
595 2129 955 2198 humanitate,
986 2150 1089 2188 una
1122 2137 1175 2189 in
1209 2138 1485 2208 hypostasi
1519 2140 1842 2205 subsistens,
1871 2142 2075 2209 absque

502 2220 839 2288 confusione,
868 2226 1186 2293 mutatione,
1220 2229 1526 2296 divisione;
1555 2231 1784 2299 ideoque
1816 2231 1951 2284 duas
1983 2246 2076 2283 vo-

408 2362 414 2368 .
503 2311 746 2395 luntates
808 2319 1105 2383 naturales,
1147 2328 1199 2373 et
1250 2321 1492 2375 actiones
1549 2321 1791 2392 duplices
1848 2322 2070 2376 habens.

505 2396 618 2457 Non
666 2414 842 2461 tamen
875 2409 1013 2463 duos
1040 2410 1203 2476 ﬁlios,
1230 2422 1315 2465 aut
1352 2412 1485 2467 duos
1510 2413 1778 2477 Christos,
1813 2420 1906 2466 aut
1937 2412 2074 2467 duos

507 2493 762 2552 Dominos
796 2498 1070 2556 dicimus:
1108 2502 1204 2557 sed
1252 2518 1422 2558 unum
1456 2503 1675 2567 Filium,
1710 2511 1763 2558 et
1811 2514 1937 2559 ante
1986 2505 2074 2559 itt-

502 2590 896 2656 carnationem,
934 2601 988 2645 et
1019 2602 1139 2661 post
1165 2594 1593 2649 incarnationem
1621 2595 1898 2662 eumdem,
1951 2610 2075 2651 con-

504 2684 921 2737 snbstantialcm
970 2686 1078 2739 Deo
1129 2695 1181 2739 et
1232 2685 1403 2753 Patri,
1441 2702 1506 2742 ac
1545 2687 1703 2742 nobis
1737 2687 2071 2744 hominibus.

502 2775 866 2842 Quamobrem
901 2788 952 2832 et
981 2790 1224 2833 sanctam
1251 2778 1396 2833 illam
1425 2778 1725 2850 Virginem,
1758 2796 1877 2850 quae
1900 2781 2072 2848 ipsum

500 2866 758 2923 inell'abili
807 2869 967 2923 modo
1000 2871 1229 2939 peperit,
1276 2870 1562 2940 Deiparam
1612 2871 1964 2940 appellamus,
1995 2871 2074 2925 uti

501 2971 622 3025 quae
692 2957 862 3013 Deum
920 2963 1215 3029 pepererit,
1265 2976 1428 3015 unum
1459 2975 1490 3016 e
1523 2972 1710 3017 sancta
1764 2959 2072 3015 Trinitate:

400 3094 411 3109 ι
504 3050 595 3118 qui
644 3060 700 3105 et
747 3067 964 3107 crucem
1018 3054 1296 3116 sustinuit,
1336 3062 1591 3123 tauquam
1627 3056 1832 3118 homo;
1865 3061 1918 3107 et
1952 3063 2074 3107 tan-

504 3155 664 3207 quam
698 3138 862 3207 Deus,
903 3143 1066 3197 tertio
1091 3145 1175 3198 die
1200 3145 1497 3199 resurrexit
1542 3144 1597 3198 in
1624 3157 1851 3211 corpore
1880 3157 2073 3196 corru-

503 3230 700 3299 ptionis
732 3243 991 3301 experte;
1025 3250 1257 3305 cumque
1286 3251 1345 3290 se
1371 3235 1653 3300 discipulis
1701 3235 1898 3301 saepius
1941 3249 2073 3286 con-

503 3324 833 3391 spiciendum
893 3326 1252 3392 exhibuisset,
1296 3328 1350 3381 in
1405 3327 1604 3382 caelum
1659 3341 1782 3380 cum
1846 3340 2074 3395 corpore

501 3431 718 3471 sursum
751 3418 902 3480 abiit,
931 3420 1121 3473 eodem
1143 3419 1304 3474 modo
1332 3419 1606 3474 rediturus
1633 3417 1697 3471 ad
1716 3417 2074 3484 iudicandum

502 3510 656 3564 vivos
700 3521 865 3579 atque
898 3522 1159 3579 mortuos,
1193 3529 1317 3569 cum
1354 3527 1575 3583 regnum
1611 3512 1734 3565 linis
1768 3524 1986 3578 expers,
2021 3520 2076 3563 et.

506 3602 788 3670 imperium
846 3620 1119 3673 nunquam
1161 3604 1561 3660 terminandum
1614 3604 1827 3658 habeat.
1870 3602 2073 3670 Exspe-

504 3694 702 3747 ctanda
752 3711 968 3764 quoque
1025 3698 1362 3766 singularum
1418 3698 1698 3751 hominum
1742 3689 2071 3749 resurrectio

2175 1979 2284 2026 τος,
2329 1963 2386 2013 ὲν
2421 1962 2716 2014 ὑποστάσει
2750 1962 2851 2030 μιᾷ
2903 1962 3002 2026 τὴν
3036 1960 3294 2017 σύστασιν
3323 1960 3533 2029 ἔχοντα,
3567 1962 3741 2027 ἀσυγ-

2178 2054 2379 2123 χύτως,
2420 2052 2725 2120 ἀτρέπτως,
2778 2053 3127 2121 ἁδιαιρέτως,
3169 2051 3264 2104 καὶ
3310 2051 3394 2104 διὰ
3442 2051 3600 2103 τοῦτο
3650 2052 3743 2103 δύο

2179 2144 2414 2213 φυσικὰς
2442 2142 2718 2211 θελήσεις,
2774 2143 2992 2195 καὶδύο
3039 2141 3324 2210 ἐνεργείας
3381 2142 3739 2208 κεκτημένον,

2179 2234 2484 2305 Τοιγαροῦν
2507 2235 2569 2288 ού
2606 2234 2702 2287 δύο
2732 2235 2900 2297 υἱοὺς,
2934 2234 2967 2303 ἢ
3001 2234 3094 2286 δύο
3123 2234 3413 2303 Χριστοὺς,
3445 2232 3477 2302 ἢ
3513 2232 3606 2284 δύο
3632 2214 3742 2285 ’Κυ-

2182 2328 2331 2398 ρίους
2361 2328 2539 2397 φαμέν
2559 2343 2573 2358 ο
2608 2325 2722 2379 ἀλλ’
2752 2326 2848 2378 ἕνα
2892 2327 3039 2389 Υίὸν,
3073 2326 3166 2376 τὸν
3196 2325 3359 2377 αὐτὸν
3388 2325 3481 2376 καὶ
3512 2325 3616 2392 πρὸ
3647 2323 3741 2391 τῆς

2179 2416 2642 2484 ὲνανθρωττήσεως
2669 2414 2764 2465 καὶ
2788 2414 2924 2481 μετά
2955 2413 3051 2481 τὴν
3074 2413 3488 2481 ὲνανθρὼπησιν
3511 2429 3525 2443 ·
3552 2412 3745 2479 όμοού-

2180 2523 2294 2558 σιον
2318 2506 2398 2575 τῷ
2429 2522 2487 2557 τε
2517 2504 2636 2574 Θεῷ
2676 2506 2770 2558 καὶ
2815 2507 2944 2576 ἡμῖν
2992 2508 3103 2566 τοῖς
3150 2504 3482 2571 ἀνθρώποις.
3522 2506 3612 2555 Διὸ
3649 2504 3742 2556 καὶ

2177 2597 2278 2665 τὴν
2307 2596 2470 2663 ἁγίαν
2500 2596 2798 2664 Παρθένον,
2844 2596 2946 2665 τὴν
2991 2597 3243 2665 ἀρρήτως
3284 2595 3446 2648 αὐτὸν
3488 2596 3740 2661 τὲξασαν,

2177 2688 2441 2741 Θεοτόκον
2491 2687 2998 2757 προσαγορεύομεν,
3032 2688 3107 2751 ὡς
3140 2687 3231 2739 τὸν
3257 2688 3354 2740 ἕνα
3392 2687 3489 2757 τῆς
3517 2686 3741 2756 Τριάδος

2177 2781 2462 2833 τετοκυῖαν
2493 2780 2625 2833 Θεόν
2645 2798 2660 2812 ·
2694 2780 2752 2841 ὃς
2793 2780 2888 2834 καὶ
2920 2779 3155 2848 σταυρὸν
3194 2777 3584 2848 ὡςάνθρωπος
3615 2778 3745 2830 ὐπο-

2182 2873 2392 2941 μείνας,
2422 2872 2497 2933 ὡς
2528 2872 2662 2935 Θεὸς
2711 2873 2912 2941 ἀνέστη
2941 2872 3241 2941 τριήμερος
3277 2873 3335 2923 ὲν
3378 2871 3641 2940 ἀφθάρτῳ
3664 2869 3745 2936 τῷ

2181 2964 2415 3033 σώματι,
2471 2965 2563 3016 καὶ
2604 2965 2718 3024 τοῖς
2750 2962 3024 3033 μαθηταῖς
3063 2962 3324 3025 πολλάκις
3357 2962 3740 3031 ἐμφανισθεὶς,

2178 3055 2258 3116 είς
2301 3053 2392 3105 τὸν
2442 3052 2672 3122 οὐρανὸν
2726 3052 2861 3121 μετά
2895 3051 3148 3121 σώματος
3180 3051 3498 3122 ἀνελήλυθε,
3534 3050 3743 3120 μέλλων

2179 3144 2340 3198 πάλιν
2362 3143 2537 3206 οὕτως
2561 3142 2900 3207 ἐλεύσεσθαι,
2949 3144 3132 3212 κρίσιν
3160 3141 3382 3206 ζώντων
3418 3142 3513 3193 καὶ
3535 3141 3743 3209 νεκρῶν

2181 3236 2568 3306 ποιησόμενος,
2603 3235 2961 3299 ἀτελεύτητον
3007 3235 3106 3301 τὴν
3142 3232 3423 3303 βασιλείαν
3454 3231 3613 3299 ἔχων,
3651 3232 3745 3283 καὶ

2179 3331 2241 3382 τὸ
2276 3327 2477 3397 κράτος
2503 3327 2835 3396 ἀπέραντον.
2864 3324 3274 3394 Προσδοκητέον
3304 3323 3361 3374 δὲ
3389 3324 3485 3375 καὶ
3514 3322 3742 3374 ἑκάστου

2181 3420 2287 3474 τῶν
2317 3418 2624 3489 ἀνθρώπων
2647 3418 2948 3472 ἀνάστασιν
2977 3415 3115 3485 μετά
3144 3415 3237 3488 τού
3263 3415 3467 3467 οἰκείου
3494 3414 3744 3483 σώματος

2181 3510 2667 3580 ἀρθαρτισθέντος,
2714 3511 2809 3562 καὶ
2864 3507 3012 3577 ζωὴν
3056 3506 3152 3560 τοῦ
3207 3506 3494 3576 μέλλοντος
3529 3505 3743 3566 αἰῶνος,

2178 3604 2281 3672 τήν
2314 3619 2373 3655 τε
2403 3603 2513 3656 τῶν
2544 3602 2770 3655 δικαίων
2795 3599 3114 3668 ἀγαλλίασιν
3138 3598 3358 3652 αἰώνιον
3387 3599 3635 3668 ἔχουσαν,
3657 3596 3746 3650 καὶ

2180 3694 2280 3761 τὴν
2314 3693 2423 3745 τῶν
2466 3692 2807 3762 ἁμαρτωλῶν
2839 3691 3058 3742 κόλασιν
3087 3688 3469 3765 ἀτελεύτητον.

504 3799 626 3839 cum
652 3801 879 3857 corpore
902 3791 971 3845 ab
1002 3792 1220 3847 interitu
1250 3793 1547 3859 vindicato,
1576 3791 1857 3859 futurique
1880 3789 2061 3843 saeculi
2099 3788 2253 3855 vita;
2305 3804 2426 3858 qua:
2474 3799 2527 3844 et
2568 3790 2838 3858 iustorum
2887 3795 3142 3841 aeternam
3190 3783 3455 3849 laetitiam,
3523 3791 3579 3837 et
3644 3780 3748 3837 line

499 3891 700 3935 carens
730 3890 1073 3950 peccatorum
1106 3884 1433 3953 supplicium
1466 3884 1708 3940 habebit.

2082 4063 2156 4085 ρι’

1922 4212 2329 4274 APPENDIX.

505 4379 683 4433 Sancti
736 4375 1012 4445 Augustini
1061 4375 1131 4426 De
1181 4374 1467 4445 Trinilale.
1520 4373 1600 4427 Ea:
1646 4373 1801 4436 libro,
1847 4371 1936 4437 qui
1999 4370 2074 4422 De

576 4444 869 4513 cognitione
916 4459 1051 4497 verre
1084 4447 1198 4496 vita:
1256 4444 1565 4497 inscribitur
1602 4460 1621 4501 :
1654 4447 1707 4495 in
1765 4459 1889 4512 quo.
1948 4451 2072 4492 tau-

571 4532 740 4637 qua";
762 4517 815 4567 in
844 4516 1074 4583 dialogo,
1107 4515 1300 4583 fratres
1334 4514 1943 4583 iuterrogant,magister
1988 4524 2074 4563 re-

572 4603 700 4637 snon
745 4595 812 4637 et.

572 4602 812 4653 spondet.

578 4767 919 4825 ιιίιλτιιιῑδ.
963 4763 1424 4831 Quemadmodum
1464 4763 1674 4833 pondus
1723 4762 1906 4817 carnis
1961 4761 2084 4816 ani—

504 4879 653 4922 mam
680 4868 958 4931 aggravat,
1000 4858 1081 4911 sic
1110 4865 1165 4909 et
1191 4855 1427 4909 carnalis
1451 4854 1709 4924 cogitatio
1750 4864 1982 4908 tuentem
2003 4855 2085 4909 di—

505 4961 631 5013 vina
658 4953 1107 5021 contemplantem
1127 4950 1322 5018 pulsat.
1341 4948 1472 5002 Cum
1497 4950 1640 5002 enim
1662 4948 1913 5016 superius
1946 4947 2083 5001 ratio

504 5063 673 5105 unum
711 5046 875 5101 Deum
917 5041 1198 5096 verissime
1223 5054 1342 5093 esse
1379 5040 1852 5101 demonstraverit,
1892 5049 1949 5092 et
1998 5039 2081 5106 ip-

508 5152 629 5195 sum
675 5133 849 5189 solum
894 5140 1089 5186 cuncta
1139 5146 1206 5185 ex
1261 5129 1430 5183 nihilo
1476 5128 1670 5184 fecisse
1724 5128 2080 5197 probaverit:

502 5225 782 5299 quomodo
820 5223 972 5293 quasi
1033 5231 1141 5277 tres
1181 5220 1312 5275 deos
1363 5221 1592 5275 adOrare
1632 5222 1913 5279 docemur,
1956 5220 2080 5274 dum

506 5321 723 5378 Patrem
757 5314 1052 5385 perfectum
1086 5312 1274 5376 Deum,
1306 5309 1498 5365 Filium
1550 5308 1842 5378 perfectum
1887 5309 2081 5372 Deum,

508 5409 771 5480 Spiritum
844 5402 1139 5475 perlectum
1208 5401 1381 5457 Deum
1442 5401 1689 5455 contiteri
1768 5399 2083 5453 monemur?

517 5502 656 5559 Dum
720 5497 865 5554 enim
946 5493 1312 5555 subdistinctae
1382 5501 1493 5547 tres
1586 5506 1828 5561 persona:
1890 5492 2084 5545 distin-

505 5603 767 5662 guuntur,
823 5586 949 5656 quid
988 5583 1129 5639 aliud
1158 5597 1319 5652 quam
1371 5595 1483 5637 tres
1547 5584 1618 5636 dii
1671 5598 1699 5635 a
1742 5582 1892 5638 nobis
1925 5584 2082 5637 intel-

687 5700 715 5735 n

508 5682 957 5833 hgiigoismu.
990 5772 1106 5838 Ipsa
1136 5768 1309 5827 ial.iu
1344 5767 1713 5837 ipsaivcritat’e
1753 5781 1811 5819 se
1866 5765 2087 5820 demon-

2186 4367 2296 4420 Τοῦ
2325 4348 2497 4434 ἁγίου
2545 4352 2964 4432 Αὐγέουστίνου
2999 4366 3131 4432 περὶ
3185 4364 3444 4433 ΐριάὄος.
3494 4366 3593 4421 Ἕκ
3645 4368 3750 4421 τοῦ

2242 4438 2486 4500 ,βιϐλίου
2518 4436 2624 4488 τοῦ
2658 4438 2791 4499 περὶ
2824 4435 2946 4502 -τῆς
2995 4436 3276 4504 γνώσεως
3327 4434 3437 4502 τῆς
3487 4436 3751 4503 ἀληθοῦς

2106 4481 2153 4538 ⁰
2242 4481 2405 4572 “Ean;
2415 4481 2938 4573 ’ἐπὶξηραρἓὶὶέιέὸϊ
2960 4546 2973 4566 ,
3002 4481 3113 4558 Si;
3121 4481 3237 4571 ἐἴ
3245 4481 3350 4569 ἰδέ
3367 4481 3440 4557 ἔιῖρ
3490 4481 3751 4575 ’ὲῖιῦἕπὶῷ

2257 4575 2516 4647 ἐρωτῶσι
2573 4575 2689 4641 μὲν
2733 4578 2788 4628 οἱ
2844 4575 3122 4647 ἀᾷελφοὶ,
3157 4576 3542 4643 ἀποκρίνεται
3597 4575 3665 4629 δὲ
3720 4580 3753 4633 ό

2212 4698 2217 4703 .
2255 4646 2292 4698 δ
2296 4646 2353 4697 ιδ
2354 4645 2645 4708 done/10¢.

2256 4760 2569 4811 ΔΔΕΛΦΟΙ.
2612 4758 2824 4827 ’Ὥσπερ
2852 4756 2930 4810 τὸ
2965 4757 3065 4826 τῆς
3109 4756 3312 4827 σαρκὸς
3358 4756 3524 4827 βάρος
3572 4759 3748 4822 πιέζει

2184 4852 2283 4921 τὴν
2316 4850 2515 4921 ψυχὴν,
2546 4848 2691 4902 οὕτω
2729 4852 2823 4901 καὶ
2853 4849 2882 4901 ό
2917 4851 3181 4918 σαρκικὸς
3208 4849 3467 4917 λογισμὸς
3488 4850 3588 4919 τὴν
3619 4854 3753 4903 θεω-
3824 4876 3843 4897 -ι

2186 4946 2278 5015 ρὸν
2311 4944 2420 4996 τῶν
2469 4943 2630 4995 θείων
2681 4942 2921 4996 διάνοιαν
2967 4940 3194 5011 ἐνοχλεῖ.
3242 4941 3526 5013 Ἀνωτέρω
3576 4944 3675 5012 μὲν
3721 4946 3749 4995 ὁ

2186 5037 2278 5098 σὸς
2308 5036 2467 5105 λόγος
2493 5035 2590 5088 ἕνα
2615 5034 2751 5088 Θεὸν
2776 5033 3062 5098 ἀπέδειξεν
3085 5032 3447 5103 ἀληθέστατα,
3472 5037 3567 5089 καὶ
3590 5036 3749 5089 αὐτὸν

2188 5129 2351 5199 μόνον
2379 5127 2730 5196 παρέστησεν
2770 5127 2834 5179 ὲκ
2863 5124 2957 5179 τοῦ
2988 5126 3062 5196 μὴ
3096 5125 3248 5190 ὄντος
3289 5127 3468 5181 πάντα
3500 5145 3752 5198 παραγω-

2187 5220 2329 5287 γείν.
2371 5217 2532 5270 Ἀλλά
2562 5215 2658 5271 νῦν
2689 5216 2851 5279 πάλιν
2875 5219 3027 5289 τρεῖς
3056 5217 3215 5280 θεοὺς
3245 5222 3577 5289 προσκυνεῖν
3605 5221 3749 5288 ἡμᾶς

2186 5309 2332 5363 εῐποι
2360 5326 2442 5373 τις
2469 5308 2557 5372 ἂν,
2608 5308 2956 5372 διδάσκοντος
2985 5307 3105 5375 σοῦ,
3134 5310 3341 5364 τέλειον
3370 5311 3505 5364 Θεὸν
3530 5312 3622 5365 τὸν
3648 5315 3754 5365 [lae

2185 5403 2344 5473 τέρα,
2373 5404 2578 5457 τέλειον
2601 5405 2732 5457 Θεὸν
2754 5405 2845 5458 τὸν
2862 5404 3014 5468 Υίὸν,
3039 5405 3245 5458 τέλειον
3277 5406 3409 5459 Θεὸν
3434 5408 3494 5458 τὸ
3526 5406 3751 5475 [Iustitia

2186 5497 2247 5549 τὸ
2287 5496 2442 5563 ἀγιον
2470 5494 2580 5547 δεῖν
2623 5496 2929 5563 ὁμολογεῖν.
2962 5496 3131 5548 Ὅταν
3174 5496 3280 5564 γάρ
3320 5495 3444 5564 τρία
3487 5496 3751 5564 πρόσωπά

2189 5603 2268 5646 τις
2326 5585 2565 5654 ὁμολογῇ
2596 5584 3043 5654 διακεκριμένα,
3096 5585 3248 5638 οὐδὲν
3298 5585 3552 5654 ἓτερονῆ
3607 5589 3753 5655 τρεῖς

2190 5677 2344 5737 θεοὺς
2374 5674 2853 5741 ἀναγκασθήσεται
2896 5677 3111 5740 πάντως
3154 5674 3461 5743 ὁμολογεῖν.

2262 5767 2710 5827 ΔΙΔΑΣΚΛΛΟΣ.
2762 5767 2942 5835 Αὐτῆς
2974 5768 3072 5839 τῆς
3117 5767 3373 5834 ἀληθείας
3415 5769 3616 5838 ἑαυτὴν
3655 5770 3757 5833 δει-
3832 5767 3836 5771 ’
