4156 6302
388 318 457 381 33
834 359 838 361 λ
1600 316 1697 374 DE
1732 316 1910 375 FIDE
1951 315 2437 378 ΟΠῚῚΙΟΟΟΧΑ.
3564 318 3630 383 34

390 428 616 497 κνύσης,
652 430 747 482 καὶ
783 428 874 479 τοῦ
923 425 1081 493 λόγου
1114 422 1705 493 συνεπιψηφιζομένου,
1752 422 1944 490 ὄψεσθε

2059 435 2286 489 stt-ante,
2317 434 2365 475 ei
2400 427 2605 479 ratione
2633 428 2916 494 probante,
2947 427 3104 483 citius
3151 430 3396 485 videbitis
3440 429 3628 486 neces-

391 517 451 582 ἐξ
496 519 739 587 ἀνάγκης
790 519 844 569 ὲν
882 518 980 587 μιᾷ
1031 515 1187 585 οὐσίᾳ
1228 515 1423 581 τριάδα
1471 513 1799 582 προσώπων,
1852 515 1946 565 καὶ

393 610 553 663 πάλιν
578 610 879 677 ἀναγκαίαν
899 609 988 661 διά
1014 608 1232 662 πάντων
1260 609 1318 660 ὲν
1333 608 1446 668 τοῖς
1464 607 1612 676 τρισὶ
1632 605 1946 675 προσώποις

395 704 520 770 μὲαν
541 702 841 773 ἀδιαιρέτου
863 700 1050 762 οὐσίας
1068 700 1317 767 ἑνότητα.
1341 699 1472 751 Ὅτε
1495 700 1674 752 τοίνυν
1695 698 1949 767 ἀνωτέρω

389 792 708 861 διελεγόμην
741 793 868 861 περὶ
901 790 1038 843 Θεοῦ
1083 792 1152 843 δι’
1194 780 1535 858 αἰνίγματος,
1570 790 1696 842 ἐπεὶ
1744 791 1949 859 κυρίως

392 884 485 953 οὐχ
518 878 627 945 οἷός
655 899 713 936 τε
746 879 834 951 ἦν,
883 882 936 935 τί
969 899 1096 936 ποτε
1129 881 1229 953 τὴν
1263 880 1450 935 οὐσίαν
1494 880 1633 951 ἔφην
1659 869 1754 934 τοῦ
1787 880 1945 947 Θεοῦ,

389 976 437 1027 εἰ
470 975 751 1043 μέμνησθε
774 990 791 1039 ;

456 1066 656 1120 AAEA.
687 1067 827 1130 Φῶς.

459 1157 584 1208 ΔΙΔ.
624 1156 722 1211 Ἐκ
748 1152 842 1210 τοῦ
868 1156 1047 1225 φωτὸς
1077 1157 1131 1212 τί
1159 1156 1445 1226 γεννᾶταις

461 1249 663 1303 ΑΔΕΛ.
705 1248 1075 1320 Ἀπαύγασμα
1106 1248 1163 1321 [ἠ
1202 1250 1405 1323 ditt-ig].

458 1341 584 1392 ΔΙΔ.
612 1338 680 1393 Τί
705 1340 763 1394 δὲ
787 1339 949 1394 πάλιν
981 1343 1037 1394 ἐν
1068 1341 1144 1412 τῷ
1168 1343 1308 1411 φωτὶ
1335 1342 1524 1412 καὶτῷ
1551 1343 1948 1413 ἀωυγάσματι

390 1431 584 1492 κοινῶς
619 1430 902 1500 θεωρεῖται
918 1448 933 1497 ;

458 1519 657 1573 ΛΔΕΛ.
693 1504 906 1592 Θέρμῆ.

457 1612 582 1662 ΔΙΔ.
617 1609 707 1679 Μὴ
734 1612 913 1664 τοίνυν
939 1612 996 1665 ἐν
1020 1612 1086 1682 τῇ
1110 1612 1203 1665 τοῦ
1230 1612 1426 1680 φωτὸς,
1452 1611 1547 1666 τοῦ
1580 1614 1945 1684 ἀπαυγάσμα-

386 1718 498 1763 τος,
537 1704 636 1771 τῆς
666 1703 876 1773 θέρμης
910 1702 1066 1774 οὐσίᾳ
1094 1703 1210 1756 ὲστί
1238 1720 1323 1767 τις
1356 1705 1630 1776 διαφοράς

445 1795 649 1850 ἈΔΕΛ.
690 1796 978 1865 Οὐδαμῶς,
1006 1797 1142 1851 ἀ).λά
1182 1798 1382 1868 μᾶλλον
1415 1800 1702 1868 ταυτότης.

457 1886 578 1939 ΔΙΔ.
629 1885 770 1939 Ἀλλ’
800 1887 910 1957 ἀρα
955 1886 1029 1958 μὴ
1070 1890 1103 1957 η
1152 1873 1289 1958 αὐτὴ
1319 1889 1414 1941 καὶ
1446 1891 1554 1951 τοῖς
1593 1889 1822 1958 ὀνόμασι
1852 1890 1946 1942 καὶ

386 1979 505 2038 ταῖς
528 1978 833 2046 ἐνεργείαις
872 1979 1158 2049 θεωρεῖται
1186 1982 1484 2051 ταυτότηςς

455 2066 652 2122 ΛΔΕΛ.
683 2067 1001 2137 Οὐδαμῶςο·
1032 2069 1169 2122 ἀλλά
1218 2070 1422 2139 μᾶλλον
1471 2070 1703 2142 διαφορά
1746 2072 1807 2124 τὸ
1847 2071 1946 2138 μὲν

384 2160 491 2224 γὰρ
525 2158 616 2210 τοῦ
649 2161 827 2227 φωτὸς
860 2160 1051 2229 ὄνομα,
1090 2160 1259 2230 αὐτὴν
1288 2161 1388 2231 τὴν
1431 2162 1650 2228 οὐσίαν,
1680 2162 1739 2215 τὺ
1766 2162 1822 2215 δὲ
1850 2162 1946 2215 τοῦ

383 2251 849 2319 ἀπαυγάσματος,
903 2251 1001 2322 τὴν
1048 2252 1142 2306 τοῦ
1193 2253 1372 2321 φωτὸς
1410 2254 1605 2323 χάριν,
1655 2255 1714 2306 τδ
1749 2255 1804 2307 δὲ
1851 2256 1949 2323 τῆς

384 2340 617 2409 θέρμης,
642 2340 742 2411 τὴν
766 2342 860 2396 τοῦ
889 2343 1066 2412 φωτὸς
1105 2345 1197 2397 καί⁵
1222 2343 1314 2397 τοῦ
1345 2344 1782 2415 ἀπαυγάσματος
1814 2345 1946 2414 δρᾶ-

384 2445 469 2479 σιν
501 2431 782 2498 ἐκφαίνειν
810 2431 980 2486 δοκεῖ.

456 2520 579 2572 ΔΙΔ.
612 2521 783 2590 Δῆλον
812 2522 1015 2585 τοίνυν,
1049 2524 1107 2576 ἓν
1142 2527 1370 2587 τούτοις,
1400 2526 1636 2596 διάφορα
1671 2526 1770 2595 μὲν
1802 2521 1943 2579 εἶναι

382 2613 450 2662 ea
478 2610 741 2678 ὀνόματα,
773 2613 901 2682 μίαν
928 2614 986 2666 δὲ
1011 2615 1103 2668 καὶ
1137 2615 1439 2686 ἀδιαίρετον
1474 2618 1574 2687 τὴν
1600 2618 1809 2671 οὐσίαν.

457 2699 654 2753 ΔΔΕΛ.
693 2701 1102 2769 Ἀριδηλότατα.

456 2784 580 2842 ΔΙΔ.
618 2788 690 2842 Τὸ
726 2789 896 2860 ἀκρον
935 2792 1114 2852 τοίνυν
1144 2790 1388 2863 Πνεῦμα,
1426 2794 1519 2848 τὸν
1557 2795 1795 2866 Πατέρα,
1828 2797 1940 2863 φῶς

387 2878 881 2946 προσαγορεύοντος
917 2879 1187 2949 ἠκούσατε
1225 2882 1473 2939 Ἰωάννου
1499 2883 1592 2937 τοῦ
1620 2887 1941 2951 ἀποστόλου,

389 2983 406 3015 ι
454 2967 512 3019 ’0
538 2966 669 3031 Θεὸς
701 2969 818 3037 φῶς
860 2972 999 3036 ἐστι,
1031 2972 1122 3025 καί⁸
1150 2973 1341 3028 σκοτία
1386 2977 1443 3029 ὲν
1471 2976 1621 3046 αὑτῷ
1652 2978 1754 3030 οὐκ
1792 2977 1942 3031 ἔστιν

2057 515 2257 567 sariam
2303 519 2354 569 in
2410 532 2513 570 una
2580 521 2811 572 essentia
2873 535 3222 587 personarum
3296 523 3626 589 trinitatem;

2053 614 2177 675 item
2252 620 2347 672 per
2408 607 2585 659 omnia
2644 610 3005 663 necessariam
3066 611 3117 662 in
3172 613 3341 665 tribus
3391 617 3631 679 personis

2054 695 2341 751 individua:
2368 699 2688 753 substantia:
2732 701 3016 757 unitatem.
3057 702 3190 756 Cum
3242 704 3349 773 jam
3382 706 3631 773 superius

2049 787 2389 854 anigntatire
2420 790 2484 843 de
2540 787 2650 844 Deo
2677 789 2773 862 [αι.
2817 791 2885 847 de
2912 792 3001 866 eo]
3036 794 3299 862 loquerer,
3348 797 3471 863 quia
3523 811 3627 847 non

2049 886 2291 945 poteram
2361 880 2591 949 proprie,
2678 882 2807 951 quid
2865 883 2975 937 dixi
3045 885 3333 940 essentiam
3387 884 3481 939 ltei
3539 902 3628 939 es-

2048 970 2166 1025 se?

2120 1060 2230 1118 ΡΒ.
2275 1063 2495 1120 Lucem.

2123 1154 2289 1208 MAG.
2325 1155 2398 1209 De
2426 1156 2545 1209 luce
2586 1156 2713 1226 quid
2747 1156 2987 1228 gignitur
3015 1155 3040 1211 ?

2120 1242 2228 1296 ΡΒ.
2262 1245 2551 1315 Splendor.
2638 1300 2647 1309 ,

2079 1360 2081 1362 ·
2118 1332 2282 1390 MAG.
2316 1334 2453 1402 Quid
2484 1339 2537 1393 in
2588 1339 2704 1394 luce
2742 1350 2797 1394 et
2849 1340 3131 1410 splendore
3182 1342 3341 1394 simul
3381 1343 3628 1396 conside-

2049 1428 2250 1483 ratur?

2121 1517 2231 1571 Fit.
2263 1519 2444 1574 Calor.
2842 1578 2849 1585 .

2122 1610 2286 1666 MAG.
2320 1610 2458 1665 Num
2531 1612 2585 1667 in
2625 1611 2925 1669 substantia
2950 1612 3083 1669 lucis
3111 1614 3431 1683 splendoris,
3463 1624 3515 1669 et
3538 1631 3628 1670 ca-

2053 1699 2182 1755 loris
2216 1702 2488 1756 invenitur
2515 1703 2805 1758 diversitas
2835 1705 2859 1759 ἲ

2124 1790 2233 1844 FR.
2266 1790 2408 1854 Non,
2443 1794 2537 1847 sed
2570 1794 2844 1849 identitas.

2123 1881 2288 1938 MAG.
2325 1882 2458 1939 Num
2514 1886 2565 1938 in
2603 1887 2876 1943 vocabulis
2936 1886 3016 1942 vel
3073 1886 3263 1942 ciliciis
3307 1888 3626 1956 praedicatur

2053 1972 2302 2032 identitas
2329 1977 2353 2030 ἲ

2133 2063 2244 2121 FR.
2280 2068 2519 2135 Minime,
2558 2071 2648 2123 sed
2686 2071 2970 2126 diversitas
3005 2088 3018 2125 :
3056 2088 3177 2127 nam
3206 2071 3345 2127 lucis
3387 2072 3627 2126 vocabu-

2054 2161 2164 2212 lum
2196 2160 2367 2226 ipsam
2403 2161 2780 2222 substantiam,
2821 2160 3121 2229 splendoris
3184 2160 3503 2216 vocabulum
3540 2159 3623 2213 lu~

2053 2251 2133 2305 cis
2177 2250 2429 2317 gratiam,
2483 2249 2678 2304 caloris
2722 2267 2852 2304 vero
2900 2251 3217 2306 vocabulum
3269 2250 3484 2306 videtur
3526 2265 3622 2304 ex-

2052 2341 2287 2409 primere
2316 2339 2449 2393 lucis
2481 2338 2767 2395 eilicaeiatn
2800 2339 2900 2410 (l).

2121 2516 2285 2573 MAG.
2318 2515 2491 2585 Igitur
2546 2525 2688 2584 patet
2743 2516 2843 2570 tria
2876 2512 3147 2570 voeabula
3190 2515 3424 2580 diversa,
3457 2529 3622 2569 unam

2050 2619 2298 2663 conSIare
2336 2607 2664 2662 individuam
2691 2606 3001 2661 essentiam.

2118 2696 2230 2751 FR.
2248 2694 2364 2753 Ῥω*
2394 2698 2574 2752 omnia
2607 2705 2778 2767 patet.

2030 2816 2037 2825 -
2120 2789 2284 2845 MAG.
2307 2789 2585 2844 Summum
2599 2790 2881 2858 Spiritum,
2893 2787 3128 2856 Patrem,
3150 2789 3318 2846 lucem
3343 2788 3621 2860 appellari,

2050 2879 2262 2934 babetis
2298 2880 2351 2932 in
2407 2875 2615 2931 Joanne
2664 2876 2951 2945 apostolo:
2985 2875 3156 2933 «Deus
3190 2877 3281 2931 lux
3341 2887 3445 2943 est,
3493 2879 3621 2932 etin

2049 2982 2113 3021 eo
2148 2969 2380 3024 tenebra:
2411 2982 2514 3022 non
2548 2976 2675 3021 sunt
2698 2967 2815 3022 ulla:
2838 2968 2880 3022 ¹.
2905 2987 2924 3018 ι
2949 2969 3231 3023 Summum
3254 2982 3467 3038 quoque
3500 2968 3623 3036 Spi-

382 3057 626 3126 οὑδεμία.
675 3078 692 3111 ι
739 3061 908 3114 Πάλιν
950 3064 1010 3116 τδ
1039 3064 1207 3135 ἄκρον
1256 3065 1500 3137 Πνεῦμα,
1536 3067 1626 3122 τὸν
1663 3067 1813 3132 Υίδν,
1849 3067 1944 3121 τοῦ

2053 3060 2236 3125 ritum,
2275 3057 2492 3123 Filium,
2538 3059 2877 3127 splendorem
2926 3060 3247 3128 nuncupari,
3304 3060 3515 3115 habetis
3563 3062 3617 3114 in

381 3148 681 3203 ἀποστόλου
714 3152 927 3206 Παύλου
958 3154 1229 3225 ἠκούσατε
1267 3158 1611 3226 ἀπαύγασμα
1655 3158 1935 3227 λέγοντοςο

389 3258 406 3289 ι
452 3240 546 3304 Ὃς
574 3240 670 3304 ὣν,
707 3246 892 3313 φησὶν,
926 3246 1266 3314 ἀπαύγασμα
1294 3248 1395 3319 τῆς
1424 3249 1603 3317 δόξης,
1650 3252 1743 3302 καὶ
1772 3267 1942 3320 χαρα-

345 3399 352 3405 _
383 3331 525 3400 κτὴρ
554 3336 653 3411 τῆς
680 3333 870 3397 οὐσίας
908 3335 1096 3391 αὑτοῦ.
1138 3356 1156 3388 ι
1214 3337 1447 3407 Ὁμοίως
1476 3339 1530 3392 δὲ
1558 3341 1651 3391 καὶ
1682 3340 1740 3392 τὸ
1772 3339 1941 3410 ἄκρον

382 3421 630 3491 Πνεῦμα,
667 3425 729 3477 τὸ
757 3426 981 3496 Πνεῦμα
1028 3429 1089 3481 τὸ
1128 3428 1305 3497 ἆγιον,
1339 3430 1550 3499 θέρμην
1578 3431 1941 3499 ὀνομάζεσθαι

380 3514 534 3582 παρὰ
556 3516 631 3583 τῷ
652 3517 876 3570 Μωῦσετ
898 3533 911 3549 ·
944 3538 962 3570 ι
985 3513 1043 3573 '0
1065 3520 1195 3581 Θεὸς
1222 3519 1378 3590 ἡμῶν
1405 3520 1516 3592 πῦρ
1546 3522 1941 3576 καταναλίσκον

377 3606 550 3661 ἐστίν.
581 3624 600 3657 ›
637 3608 843 3678 Ὠσπερ
889 3610 1068 3662 τοίνυν
1107 3611 1166 3663 τὸ
1215 3611 1351 3679 φῶς,
1403 3614 1460 3666 τὸ
1506 3613 1870 3681 ἀπαύγασμα,
1909 3613 1942 3680 ἠ

378 3696 579 3767 οέρμη,
621 3698 716 3767 μία
746 3700 845 3770 μὲν
880 3701 1062 3769 φύσις,
1094 3705 1190 3757 καὶ
1210 3702 1513 3772 ἀδιαίρετος
1543 3703 1722 3767 οὐσία,
1747 3704 1858 3765 τοῖς
1884 3704 1939 3756 δὲ

372 3792 608 3859 ὀνόμασι
650 3791 998 3863 διαιρουμένη
1028 3810 1041 3826 ·
1079 3794 1237 3861 δῆλον
1266 3796 1656 3865 ἀναμφιϐόλως
1705 3796 1938 3866 Πατρδς,

370 3882 642 3936 καὶνΥίοῦ
697 3885 789 3937 καὶ
847 3886 1005 3949 ἁγίου
1060 3885 1399 3955 Πνεῦματος,
1467 3887 1595 3954 μίαν
1645 3887 1804 3955 φύσιν
1851 3887 1945 3940 καὶ

365 3973 687 4041 ἀδιαίρετον
743 3973 933 4026 οὐσίαν
984 3968 1149 4029 εἶναι.
1182 3976 1350 4029 Ὅταν
1402 3971 1446 4043 ᾧ
1497 3976 1750 4047 δηλοῦται
1787 3978 1849 4030 τὸ
1891 3975 1944 4029 τί

363 4067 525 4117 ἐστιν
561 4065 619 4116 ἐν
652 4063 788 4135 αὐτῇ
822 4064 1122 4129 οὐσιωδῶς,
1153 4066 1376 4136 Πνεῦμα
1424 4066 1685 4135 λέγηται·
1721 4067 1815 4119 καὶ
1843 4066 1948 4119 πά-

359 4157 452 4209 λιν
483 4157 547 4209 ὲν
572 4158 685 4219 τοῖς
712 4155 1027 4226 προσώποις
1046 4156 1144 4226 τὴν
1166 4158 1441 4228 διάκρισιν
1462 4159 1791 4226 ἀναγκαίαν,
1818 4159 1947 4210 ὅταν

357 4250 388 4300 ὁ
423 4246 623 4316 Πατὴρ
667 4248 765 4315 μὲν
796 4247 1028 4315 γεννῶν,
1080 4251 1106 4301 6
1146 4247 1201 4300 δὲ
1248 4248 1375 4312 Υἱὸς
1408 4250 1773 4319 γεννώμενος,
1800 4250 1861 4301 τὸ
1888 4248 1943 4303 δὲ

357 4342 601 4409 Πνεῦμα
629 4341 687 4393 τὸ
717 4341 873 4407 ἆγιον
903 4340 1245 4409 κηρύττηται
1278 4338 1337 4403 ὲξ
1358 4340 1623 4413 ἑκατέρου
1646 4338 1944 4408 ἐκπορευό-

356 4449 562 4501 μενον.

429 4523 640 4576 ΑΔΕΛ.
671 4524 925 4593 Φανερῶς
956 4524 1162 4594 Τριάδα
1192 4526 1249 4576 ἐν
1300 4526 1409 4587 τοῖς
1455 4523 1775 4593 προσώποις
1802 4524 1942 4596 ὁρῶ-

351 4630 480 4679 μεν,
526 4614 629 4665 καὶ
664 4611 966 4679 ἀναγκαίαν
998 4615 1055 4665 ἐν
1106 4615 1169 4682 τῇ
1204 4612 1357 4679 οὐσία
1400 4612 1627 4680 ἑνότητα
1668 4613 1941 4683 ἀριδήλως

353 4706 697 4773 κατέχωμεν.

428 4798 562 4847 ΔΙΔ.
597 4794 763 4845 Ὅθεν
793 4793 1162 4864 ἀκριϐέστατα
1194 4795 1259 4846 τὰ
1291 4792 1385 4846 δύο
1416 4795 1586 4846 ταῦτα
1618 4794 1880 4863 ὀνόματα,
1912 4796 1944 4863 ἡ

355 4886 523 4939 σὺσὶα
566 4887 662 4935 καί
694 4886 754 4936 τὸ
784 4885 1080 4954 πρόσωπον
1130 4884 1397 4952 δηλονότι,
1436 4885 1843 4954 ἐφαρμόζονται
1878 4889 1941 4955 τῇ

353 4972 483 5042 Θείᾳ
515 4970 792 5037 ὑπάρξειν
850 4975 881 5042 ἡ
930 4977 1039 5042 γὰρ
1074 4976 1228 5026 οὐσία
1279 4975 1365 5026 ἀεὶ
1412 4975 1553 5025 κατά
1588 4974 1696 5025 τῶν
1727 4975 1947 5043 ἀτόμων

360 5067 472 5119 τῶν
545 5067 608 5115 ἐν
667 5063 860 5130 πλήθει
914 5066 1225 5132 ὑφεοτότων
1288 5069 1717 5134 κατηγορεῖται·
1777 5066 1839 5118 τὸ
1891 5069 1948 5119 δὲ

350 5160 694 5230 πρόσωπον,
738 5156 880 5207 κατά
921 5158 1015 5225 τῆς
1061 5158 1265 5226 ἀτόμου
1312 5159 1535 5227 λογικῆς
1567 5157 1816 5223 φύσεως·
1855 5160 1947 5210 καὶ

354 5258 464 5322 γὰρ
495 5252 601 5304 καὶ
634 5248 797 5316 ἡμεῖς
819 5248 1090 5317 εἰώθαμεν
1127 5254 1238 5313 τοῖς
1264 5252 1367 5318 μὲν
1396 5250 1710 5321 προσώποις
1737 5250 1943 5320 πλῆθος

343 5342 707 5399 ἀναδιδόναι,
737 5339 803 5408 τῇ
834 5338 890 5389 δὲ
920 5340 1149 5405 ὑπάρξει
1178 5341 1422 5411 ἑνότητα.

422 5497 436 5521 ι
478 5491 494 5544 l
532 5492 704 5545 Joan.
734 5502 772 5546 t.
819 5486 871 5540 5.
952 5488 971 5516 ²
1008 5484 1166 5540 llrbr.
1207 5502 1244 5551 t,
1276 5487 1343 5556 εὖ.
1425 5488 1445 5520 ³
1469 5490 1627 5546 Deut.
1660 5505 1734 5556 tv,
1765 5493 1853 5548 24.

420 5639 497 5703 (1)
535 5633 719 5688 Cra'ri
756 5632 1012 5703 Irgt’rtmt,
1046 5631 1182 5703 luris
1212 5643 1261 5689 et
1299 5634 1601 5701 splendoris
1630 5635 1940 5690 tsﬂicacfant.

419 5694 500 5779 (2)
548 5706 770 5760 lnt-lnsa
804 5694 1015 5757 Latinis
1060 5694 1269 5756 ditsunt.

1976 4427 2023 4483 D

2050 3153 2154 3207 alio
2226 3152 2528 3220 apostolo:
2588 3171 2605 3202 ι
2670 3153 2771 3218 Qui
2827 3160 2909 3207 est
2981 3153 3234 3221 splendor
3294 3151 3519 3223 [gloriaa,
3565 3162 3621 3208 et

2048 3243 2464 3314 cbaracter(2)]
2514 3245 2832 3300 substantia;
2871 3246 2989 3313 ejus
3016 3249 3061 3301 ’.
3111 3245 3391 3299 Summum
3452 3245 3622 3301 niltila

2053 3337 2231 3392 minus
2258 3333 2575 3408 [Spiritum]
2631 3336 2889 3404 Spiritum
2950 3346 3195 3391 sanctum
3243 3337 3477 3390 calorem
3521 3350 3621 3389 no-

2051 3427 2243 3481 tninari
2294 3427 2435 3495 apud
2476 3426 2691 3496 Moysen
2724 3443 2739 3481 :
2782 3445 2800 3478 ι
2839 3426 2977 3480 Deus
3012 3434 3195 3481 noster
3236 3427 3371 3495 ignis
3404 3425 3623 3497 [Consuo

2050 3517 2225 3590 mens]
2269 3527 2372 3574 est.
2403 3519 2423 3550 ³
2459 3534 2479 3570 ι
2536 3518 2669 3573 Cum
2724 3520 2901 3587 itaque
2958 3518 3071 3581 lux,
3120 3517 3395 3586 Splendor,
3454 3516 3620 3581 calor,

2050 3626 2153 3663 una
2184 3611 2252 3663 sit
2282 3621 2491 3674 natura,
2541 3610 2814 3663 individua
2859 3608 3178 3675 substantia,
3224 3608 3497 3661 vocabulis
3525 3606 3621 3679 [al-

2051 3699 2343 3773 vocabula]
2385 3715 2511 3754 vero
2559 3702 2794 3765 dircrsa,
2861 3710 3077 3755 constat
3127 3700 3391 3769 profecto,
3428 3699 3622 3764 Patris,
3726 3712 3737 3727 λ

2052 3802 2105 3846 et
2140 3792 2280 3856 Filii,
2306 3803 2358 3847 et
2391 3792 2622 3862 Spiritus
2654 3794 2849 3854 sancti,
2880 3808 3039 3846 unam
3077 3801 3323 3845 naturam
3357 3790 3454 3862 [et]
3480 3791 3621 3843 indi.

2051 3884 2266 3938 viduam
2295 3884 2584 3938 essentiam
2614 3899 2733 3937 esse
2767 3884 2936 3937 :dum
2962 3884 3014 3937 in
3048 3898 3109 3937 ea
3139 3880 3235 3954 [αί.
3269 3881 3359 3954 eo]
3393 3896 3499 3948 quo
3546 3884 3622 3935 si-

2052 3975 2270 4045 gniﬁcat
2300 3976 2428 4045 quid
2455 3976 2525 4029 sit
2554 3976 3005 4039 subslantialiter,
3037 3973 3269 4044 Spiritus
3286 3976 3620 4039 nominatur:

2054 4074 2107 4119 et
2182 4066 2307 4119 item
2388 4066 2440 4119 in
2507 4067 2752 4134 personis
2813 4065 3183 4120 diversitatem
3236 4065 3621 4128 necessariam,

2054 4156 2180 4209 dum
2207 4156 2386 4210 ‘Pater
2415 4157 2661 4225 gignens,
2696 4155 2865 4209 Filius
2914 4170 3166 4219 nascens,
3220 4142 3459 4225 Spiritus
3492 4155 3625 4209 San—

2055 4254 2173 4301 ctus
2203 4245 2274 4299 ab
2308 4254 2535 4313 utroque
2570 4243 2863 4312 procedens
2891 4243 3231 4310 pra-ditatum

2125 4527 2235 4582 FR.
2267 4528 2434 4582 Plane
2458 4526 2776 4581 Trinitatem
2826 4527 2876 4580 in
2920 4524 3168 4594 personis
3211 4525 3493 4592 perspicue
3536 4526 3619 4577 vi-

2052 4617 2263 4680 demus,
2303 4624 2355 4669 et
2378 4616 2741 4670 necessariam
2784 4616 2837 4670 in
2862 4615 3161 4670 substantia
3210 4615 3470 4668 unitatem
3501 4618 3629 4667 eti.
3720 4640 3727 4648 -

2051 4709 2238 4764 denter
2268 4717 2529 4764 tenemus.

2127 4800 2290 4854 MAG.
2336 4800 2458 4854 Ideo
2505 4799 2929 4870 vigilantissime
2954 4800 3067 4853 base
3105 4797 3210 4851 tluo
3238 4797 3476 4857 nomina,
3515 4798 3623 4849 8νί-

2052 4889 2179 4945 licet
2210 4891 2510 4944 substantia
2548 4901 2599 4942 et
2637 4904 2889 4958 persona,
2933 4889 3128 4941 divina:
3173 4885 3420 4939 essentne
3463 4899 3626 4951 conp-

2055 4990 2260 5047 tantur,
2316 4982 2442 5048 quia
2497 4995 2712 5049 semper
2772 4979 3074 5033 substantia
3123 4980 3186 5030 de
3247 4977 3535 5030 individuis
3568 4980 3621 5028 in

2052 5074 2330 5143 pluraliter
2371 5074 2813 5135 consistentibus,
2875 5086 3101 5139 persona
3157 5081 3332 5122 autem
3380 5070 3447 5122 de
3480 5068 3622 5122 indi-

2052 5170 2212 5219 vidua
2256 5167 2502 5219 rationali
2539 5177 2729 5219 natura
2761 5164 3082 5233 praedicatur
3115 5178 3129 5216 :
3158 5177 3276 5217 eum
3309 5177 3403 5214 nos
3441 5162 3619 5212 solea-

2053 5275 2171 5311 mus
2249 5260 2494 5327 persunis
2556 5257 2957 5326 pluralitatcm,
3044 5255 3342 5311 substantia
3439 5260 3620 5302 autem

2052 5353 2335 5418 designare
2364 5349 2634 5420 [essentne
2667 5348 2742 5418 (ὅ)
2769 5345 2788 5417 ]
2830 5346 3109 5404 unitatem.

2128 5641 2201 5692 t5)
2237 5638 2447 5691 inclusa
2481 5654 2578 5689 vox
2621 5653 2643 5688 a
2675 5636 2876 5689 Crmcis
2905 5636 3074 5687 abest.
