4156 6302
520 405 594 467 35
1700 379 1959 442 CONST.
2010 380 2105 439 ΗΑ
2121 376 2571 437 IIMENOPULI
2968 412 2971 417 .
3085 353 3097 359 ’
3711 365 3778 423 ηδ

603 515 710 570 Fit.
771 512 886 579 Qua
929 502 1286 564 similitudine
1339 508 1562 554 vocatur
1616 505 1813 549 teterua
1857 492 1943 545 lux
1998 492 2097 545 Pn-

2281 487 2477 540 ΔΔΕΛ.
2527 484 2645 577 ’ξίνι
2677 481 2932 553 ὁμοιώσει
2990 482 3018 534 ὁ
3068 479 3257 549 Πατὴρ
3311 476 3484 529 ἀΐδιον
3534 474 3778 527 καλεῖται

560 608 653 647 ειην

521 622 555 662 u
576 625 755 753 lliIAG.
782 695 920 761 Quia
951 708 1017 748 ex
1049 703 1111 745 se
1131 684 1470 758 splendorem
1504 680 1579 751 (ὁ)
1606 678 1791 749 genuit
1819 674 2098 744 aequalem.

593 878 703 931 Νι.
743 873 931 928 Name
961 867 1057 922 tibi
1110 862 1279 934 magis
1320 855 1511 914 matris
1561 866 1762 908 nomen
1807 846 2102 906 convenire

520 970 801 1023 videretur
823 961 847 1014 ?

598 1056 765 1113 MAG.
808 1055 863 1109 In
905 1059 1061 1122 patre
1089 1056 1171 1103 est
1192 1055 1407 1113 semper
1434 1032 1750 1109 principalis
1777 1042 1938 1084 causa
1984 1040 2105 1122 pro-

524 1136 614 1220 lis,
644 1160 698 1206 et
724 1151 843 1204 ideo
870 1116 923 1198 a-
961 1137 1244 1210 principali
1277 1149 1412 1190 sexu
1445 1127 1629 1187 debuit
1662 1125 1783 1197 iure
1810 1123 1912 1177 hoc
1938 1116 2110 1173 nomi-

528 1260 595 1300 ne
627 1237 904 1311 appellari.

756 1331 872 1395 Qua
924 1320 1281 1380 similitudine
1330 1315 1528 1372 dicitur
1581 1304 1849 1381 gignens?

597 1424 758 1479 MAG.
791 1421 1011 1476 Certum
1039 1426 1144 1478 est,
1172 1410 1313 1482 quod
1332 1419 1486 1462 mens
1512 1401 1681 1473 gignit
1703 1395 2111 1482 cogitationem.

526 1517 661 1572 Cum
730 1523 910 1565 autem
986 1519 1141 1560 mens
1192 1481 1436 1570 iseipsam
1496 1495 1716 1562 cogitat,
1771 1488 1924 1559 quasi
1971 1481 2115 1539 aliud

531 1606 637 1662 sibi
706 1601 884 1657 simile
931 1597 1116 1671 [aliam
1154 1592 1258 1648 sibi
1286 1586 1544 1661 similem]
1578 1589 1818 1655 generat.
1854 1579 1947 1634 Sic
1968 1591 2115 1632 sum-

532 1711 655 1751 mus
712 1693 874 1757 Deus,
929 1704 1051 1744 cum
1121 1685 1359 1751 seipsum
1410 1681 1596 1743 talem,
1646 1674 1822 1746 qualis
1866 1680 1974 1734 est,
2021 1681 2116 1721 co-

2206 596 2322 649 φως
2341 595 2357 644 ;

2276 671 2404 725 ΔΙΔ.
2445 668 2590 722 Διὸτι
2652 667 2711 732 ἐξ
2781 665 2980 721 ἑαυτοῦ
3038 661 3387 733 ἀπαύγασμα
3447 659 3780 729 γεγέννηκεν

2205 756 2346 816 ἴσον.
3012 808 3015 809 ν

2281 853 2480 908 AAEA.
2513 855 2624 908 Καὶ
2655 854 2715 906 οὐ
2747 850 2950 923 μᾶλλον
2977 851 3125 903 δοκεῖ
3156 846 3602 917 προσφυέστερον
3634 842 3783 912 αὐτῷ

2208 943 2272 997 τὸ
2300 945 2401 1014 τῆς
2434 944 2642 1016 μητρὸς
2675 941 3015 1013 ἁρμόζεσθαι
3040 939 3248 1009 ὁνομα;

2283 1039 2410 1092 ΔΙΔ.
2430 1037 2541 1090 Ἀεὶ
2570 1038 2628 1089 ὲν
2660 1036 2737 1106 τῷ
2770 1034 2935 1105 πατρί
2962 1033 3111 1085 ἐστιν
3135 1032 3169 1102 ἡ
3198 1027 3483 1100 ἀρχοειδὴς
3513 1026 3662 1080 αίτία
3688 1023 3786 1077 εοῦ

2211 1133 2440 1186 τέκνου·
2476 1131 2568 1185 διὰ
2615 1131 2774 1183 τοῦτο
2822 1128 2919 1181 καὶ
2951 1125 3030 1196 τῷ
3068 1123 3168 1177 τοῦ
3223 1118 3672 1194 ἁρχοειδεστέρου
3728 1119 3785 1170 ὲν

2212 1226 2326 1287 τοῖς
2356 1222 2609 1291 γονεῦσιν
2631 1223 2857 1291 ὀνόματι
2894 1217 3282 1288 προσηκόντως
3310 1216 3419 1269 ἔδει
3442 1210 3745 1267 καλεῖσθαι.

2284 1312 2483 1366 AAEA.
2519 1310 2639 1365 Τίνι
2662 1308 2918 1379 ὁμοιώσει
2952 1308 3169 1375 λέγεται
3193 1305 3425 1374 γεννᾷνς

2286 1405 2415 1459 AIA.
2475 1400 2878 1472 ’Λναμφίϐολον
2926 1399 3002 1463 ώς
3041 1401 3070 1453 6
3119 1397 3245 1462 νοῦς
3296 1393 3557 1465 λογισμὸν
3599 1389 3785 1460 γεννᾷ.

2220 1498 2396 1550 ’Ὀταν
2425 1495 2472 1548 δ’
2501 1494 2529 1545 ὁ
2563 1491 2689 1556 νοῦς
2722 1491 3103 1554 ἀναλογίζεται
3139 1489 3352 1553 ἑαυτὸν,
3382 1485 3572 1553 ὥσπερ
3600 1481 3788 1550 ἕτεριν

2217 1589 2401 1657 ὅμοιον
2429 1585 2627 1638 ἑαυτοῦ
2657 1586 2824 1655 γεννᾷ
2845 1601 2859 1614 ο
2892 1581 3036 1637 οὕτω
3063 1582 3158 1635 καὶ
3180 1583 3208 1635 ὁ
3237 1580 3405 1649 ἄκρος
3431 1576 3564 1639 Θεὸς
3595 1570 3789 1627 ἑαυτὸν

2217 1676 2482 1743 τοιοῦτον,
2507 1669 2616 1740 οἷός
2638 1678 2777 1738 ἐστι,
2802 1674 3174 1744 λογιζόμενος,
3199 1667 3585 1736 ἀναμφιϐόλως
3616 1660 3790 1730 ἑαυτῷ

529 1786 764 1857 gitavit,
839 1780 1026 1852 procul
1084 1776 1252 1832 dubio
1318 1772 1546 1827 similem
1616 1768 1717 1824 sibi
1770 1777 1867 1857 per
1938 1759 2118 1857 omnia

2223 1768 2312 1822 διὰ
2343 1769 2563 1824 πάντων
2607 1766 2802 1836 ὁμοίαν
2851 1766 3039 1819 εἰκόνα
3086 1762 3386 1832 γεγέννηκε
3404 1776 3426 1845 δ’
3466 1758 3562 1815 καὶ
3603 1756 3791 1822 ὥσπερ

531 1849 853 1944 ἷιιιιιείηεια
883 1867 1183 1940 generavit.
1231 1865 1297 1920 Et
1344 1865 1488 1919 sicut
1532 1861 1760 1933 gignens
1788 1856 1911 1927 jure
1963 1852 2118 1917 Pate;

2232 1861 2421 1928 Πατὴρ
2453 1861 2482 1912 ὁ
2511 1859 2718 1926 γεννῶν
2749 1857 2979 1918 δικαίως
3004 1853 3277 1917 καλεῖται,
3313 1852 3456 1906 οὕτω
3481 1850 3575 1933 καὶ
3603 1849 3634 1902 ὁ
3665 1864 3790 1916 γεν-

530 1976 777 2029 vocatur,
817 1963 889 2017 ita
920 1960 1193 2016 rectisime
1222 1957 1436 2026 genitus
1464 1952 1634 2009 Filius
1659 1948 1989 2006 nominatur.

602 2055 715 2110 ΕΚ.
780 2053 837 2107 Si
876 2051 1023 2106 Deus
1054 2048 1258 2103 Filium
1300 2045 1507 2114 genuit,
1561 2042 1774 2097 videtur
1822 2034 2116 2106 aliquando

534 2145 726 2209 fuisse,
779 2142 924 2214 quod
969 2140 1165 2196 Filium
1205 2152 1317 2193 non
1371 2135 1644 2199 habuerit,
1674 2140 1729 2187 et
1770 2131 1875 2185 hoc
1921 2140 2114 2183 nomen

531 2253 598 2293 ex
641 2235 919 2293 accidenti,
945 2231 1266 2303 possederit.
1310 2228 1464 2297 Quod
1494 2226 1540 2282 si
1570 2227 1671 2281 hoc
1701 2224 1773 2279 ita
1802 2229 1908 2288 est,
1955 2233 2112 2290 supe-

456 2390 463 2401 ,
532 2328 647 2381 rior
679 2322 911 2395 prolatio
960 2320 1317 2375 labefactatur
1368 2330 1513 2386 :qua
1553 2311 1662 2386 [in]
1720 2311 1829 2368 Deo
1858 2308 1990 2365 nihil
2028 2323 2119 2362 ac-

531 2416 813 2480 cidentale,
842 2413 937 2470 sed
977 2420 1143 2468 totum
1172 2410 1459 2467 essentiale
1489 2408 1901 2475 praedicabatur.

604 2589 770 2646 MAG.
818 2586 937 2642 Jam
966 2583 1153 2640 docuit
1181 2583 1339 2645 ratio,
1373 2578 1467 2634 Dei
1492 2580 1928 2633 essentiam-esse
1965 2585 2121 2631 aeter-

536 2697 659 2737 nam
698 2681 895 2743 vitam,
953 2675 1093 2729 initii
1121 2683 1175 2727 et
1222 2672 1344 2727 finis
1395 2670 1654 2723 nesciam.
1706 2666 1860 2734 Quod
1905 2668 1949 2721 si
2005 2667 2120 2721 haec

537 2769 827 2842 singularis
852 2766 952 2840 [et]
987 2780 1115 2821 vera
1140 2766 1247 2819 vita
1306 2763 1515 2831 absque
1543 2761 1700 2815 initio
1741 2774 1954 2828 semper
1994 2758 2116 2822 fuit;

535 2866 751 2914 constat
789 2855 934 2925 quod
1003 2863 1057 2908 et
1101 2852 1306 2920 absque
1352 2850 1507 2905 initio
1550 2863 1763 2918 semper
1834 2862 1894 2903 se
1938 2847 2120 2901 vivere

537 2951 821 3009 intellexit.
855 2948 1011 3016 Quod
1043 2949 1087 3003 si
1108 2950 1290 3003 vivere
1325 2961 1385 3001 se
1429 2960 1535 3000 non
1586 2942 1874 3009 intellexit,
1904 2941 2120 3012 sapiens

540 3060 648 3100 non
682 3043 786 3098 fuit
815 3060 833 3110 ;
879 3041 1027 3112 quod
1070 3037 1228 3095 nefas
1257 3049 1360 3103 est,
1392 3037 1461 3092 de
1497 3035 1606 3092 Deo
1628 3036 1834 3091 dicere.
1870 3034 2023 3102 Quod
2075 3034 2118 3088 si

540 3132 830 3201 aliquando
856 3129 1179 3201 Sapientiam
1223 3126 1440 3180 aliunde
1468 3124 1696 3195 accepit,
1728 3136 1832 3193 qua
1862 3123 2010 3191 prius
2032 3134 2123 3174 ca-

2223 1950 2411 2020 νηθεὶς
2439 1949 2708 2022 ὀρθότατα
2745 1948 2875 2011 Υίὸς
2913 1945 3264 2017 ὀνομάζεται.

2297 2042 2494 2095 ΔΔΕΛ.
2531 2042 2595 2095 El
2627 2040 2926 2109 γεγέννηκε
2957 2038 3046 2091 τὸν
3077 2036 3205 2091 Υίὸν
3236 2038 3265 2089 6
3304 2032 3460 2097 Θεὸς,
3494 2030 3698 2098 δόξειεν
3729 2028 3793 2080 ἂν

2223 2135 2299 2198 ὡς
2329 2129 2397 2207 ἦν
2428 2151 2581 2201 ποτε,
2622 2133 2712 2186 ὅτε
2745 2133 2846 2186 οὐκ
2889 2123 3035 2201 εἶχεν
3076 2130 3223 2191 Υίὸν,
3268 2129 3361 2191 καὶ
3407 2123 3549 2179 κατὰ
3588 2122 3795 2190 συμϐε-

2225 2224 2393 2296 ϐηχὸς
2424 2224 2585 2279 τοῦτο
2627 2225 2688 2278 τὸ
2735 2224 2908 2294 ὄνομα
2956 2222 3288 2293 κτήσασθαι.
3328 2219 3391 2272 Ei
3423 2217 3480 2272 δὲ
3506 2213 3653 2268 τοῦτ’
3683 2212 3796 2281 εἴη,

2223 2318 2294 2371 τὰ
2347 2317 2607 2388 ἀνωτέρω
2640 2314 2927 2383 δειχθέντα
2971 2313 3388 2384 διαρῤυήσεται,
3421 2307 3493 2362 δι’
3538 2300 3614 2365 ὧν
3662 2303 3799 2358 έδείο

2224 2423 2408 2470 κνυτο,
2456 2406 2623 2474 μηδὲν
2657 2403 3029 2473 συμϐεϐηκὸς,
3078 2403 3191 2454 ἀλλ’
3223 2403 3344 2455 ὅλον
3378 2397 3634 2458 οὐσιῶδες
3656 2389 3798 2447 εἶναι

2226 2498 2287 2550 τὸ
2317 2498 2376 2549 έν
2396 2495 2475 2567 τῷ
2494 2496 2636 2565 Θεῷ.

2298 2588 2421 2642 AIA.
2452 2587 2631 2658 ’Έφθη
2661 2585 2884 2654 διδάξας
2913 2588 2940 2640 6
2969 2585 3127 2654 λόγος
3172 2584 3270 2656 τὴν
3302 2583 3397 2639 τοῦ
3444 2581 3580 2637 Θεοῦ
3609 2581 3795 2635 οὐσίαν

2228 2678 2374 2750 ζωὴν
2401 2677 2623 2733 αἰώνιον
2671 2673 2835 2745 εῖναι,
2879 2676 3133 2746 οὐδαμῶς
3165 2674 3343 2751 ἀρχὴν
3385 2676 3482 2730 καὶ⁹
3532 2674 3683 2738 τέλος
3718 2673 3796 2724 εί·-

2224 2772 2404 2824 δυῖαν.
2439 2772 2504 2825 Εί
2539 2770 2720 2825 τοίνυν
2764 2772 2796 2841 ἡ
2830 2769 3005 2847 είδικὴ
3047 2771 3144 2823 καὶ
3182 2770 3216 2838 ἠ
3266 2766 3473 2839 ἀληθὴς
3506 2765 3646 2836 αὕτη
3678 2763 3792 2833 ζωὴ

2228 2860 2462 2932 ἄναρχος
2493 2856 2563 2932 ἦν
2587 2863 2698 2927 ἀεὶ,
2738 2861 2897 2930 δῆλον
2926 2862 3001 2923 ώς
3036 2861 3154 2931 ᾔδει
3182 2859 3383 2929 ἑαυτὴν
3412 2857 3592 2923 ζῶσαν
3631 2857 3795 2927 ἁνὰρο

2228 2968 2362 3020 χως.
2393 2950 2456 3003 El
2489 2950 2601 3021 γὰρ
2645 2949 2844 3018 ἑαυτὴν
2871 2949 2972 3001 οὐκ
3016 2950 3283 3016 ἐγίνωσκε
3329 2944 3451 3015 ζῇν,
3489 2945 3591 2998 οὐκ
3634 2944 3701 2999 ἂν
3728 2938 3797 3012 ἦν

2230 3041 2368 3111 σοφή
2396 3055 2412 3071 ’
2443 3039 2472 3092 6
2508 3040 2638 3109 περὶ
2670 3038 2808 3093 Θεοῦ
2845 3038 3026 3106 λέγειν
3064 3038 3299 3093 ἁνόσιονι
3344 3037 3407 3090 Εί
3439 3035 3497 3089 δέ
3537 3052 3670 3089 ποτε
3699 3034 3799 3104 τὴν

2230 3132 2425 3199 σοφίαν
2459 3128 2665 3199 ταύτην
2700 3129 2968 3197 ἑτέρωθεν
3011 3128 3226 3195 ἐλαϐεν,
3276 3121 3343 3200 ἦς
3378 3128 3638 3198 ἐστέρητο
3672 3127 3803 3196 πρό-

540 3221 669 3282 ruit,
715 3230 843 3271 tunc
902 3217 953 3270 id
1004 3230 1032 3269 a
1071 3229 1178 3283 quo
1227 3223 1435 3267 tantum
1487 3212 1684 3266 bonum
1737 3209 1966 3279 accepit,
2009 3207 2118 3262 Deo

2230 3239 2414 3293 τερον,
2436 3221 2547 3275 τότ’
2576 3221 2644 3275 ἂν
2675 3217 2745 3291 ἦν
2780 3222 2957 3274 έκεῖνο
2993 3221 3202 3291 βέλτιον
3240 3222 3333 3275 τοῦ
3378 3220 3537 3286 Θεοῦ,
3571 3218 3704 3291 παρ’
3736 3215 3796 3273 οῦ

540 3307 733 3360 melius
779 3304 1011 3368 exstitit,
1052 3301 1194 3372 quod
1249 3300 1705 3357 absurdissimum
1742 3306 1827 3353 est
1870 3314 1885 3352 :
1928 3298 2023 3352 sed
2076 3311 2120 3368 si

539 3396 872 3465 sempiterna
909 3395 1030 3456 vita
1066 3406 1283 3460 semper
1329 3405 1389 3445 se
1435 3389 1621 3445 vivere
1674 3386 1964 3452 intellexit,
2006 3387 2123 3442 haec

542 3485 919 3556 intelligentiae
956 3483 1225 3553 sapientia
1279 3496 1387 3535 non
1420 3480 1640 3535 aliunde
1669 3470 1720 3533 ei
1765 3478 1982 3545 accidit,
2028 3477 2122 3534 sed

538 3594 756 3648 semper
807 3574 1265 3633 eicoessentiaiis
1316 3572 1442 3639 fuit,
1501 3585 1812 3641 quanquam
1865 3571 2008 3625 hanc
2053 3584 2121 3623 ex

540 3682 625 3728 se,
681 3672 741 3718 ut
787 3663 990 3731 prolem
1021 3676 1205 3725 suam,
1241 3659 1590 3713 inen‘abiliter
1634 3658 1904 3728 genuerit.
1955 3658 2123 3727 Igitur

538 3756 706 3812 Pater
730 3769 1010 3825 nunquam
1042 3754 1163 3810 sine
1187 3752 1325 3807 Filio
1355 3752 1588 3808 exsﬁtit.

610 3932 723 3987 Fit.
753 3931 869 3997 Qua
897 3932 1258 3988 similitudine
1279 3933 1519 4003 spendor
1544 3943 1765 3988 aeternae
1793 3933 1932 3988 lucis
1952 3931 2120 3988 Filius

541 4034 790 4091 vocatur,
820 4039 926 4078 non
966 4023 1120 4079 filia?

610 4116 777 4173 MAG.
811 4117 950 4185 Quia
1002 4130 1098 4187 per
1142 4117 1322 4173 omnia
1370 4116 1670 4175 similitudo
1717 4118 1895 4174 Patris
1940 4121 1992 4174 in
2051 4136 2117 4177 eo

540 4209 894 4279 exlirimitur.
933 4206 1088 4262 Unde
1115 4218 1172 4263 et
1193 4208 1503 4264 similitudo
1539 4208 1659 4278 eius
1704 4210 1925 4266 dicitur.
1969 4209 2118 4264 Nihil

543 4299 690 4351 enim
725 4297 781 4350 in
828 4297 992 4350 rebus
1018 4296 1222 4349 creatis
1254 4298 1321 4350 ad
1352 4296 1625 4366 integrum
1665 4296 1783 4366 ejus
1805 4297 2119 4352 similitudi-

543 4404 670 4443 nem
731 4396 938 4452 servat,
1004 4402 1032 4439 a
1073 4401 1182 4454 quo
1218 4387 1493 4442 nascitur.
1544 4387 1737 4457 Capilli
1797 4402 2032 4456 namque
2084 4403 2115 4443 a

2224 3314 2285 3367 τὸ
2330 3313 2589 3367 τοσοῦτον
2638 3313 2864 3383 εἴληφεν
2915 3311 3145 3382 ἀγαθὸν,
3179 3314 3207 3367 ὃ
3256 3313 3506 3385 νομίζειν
3567 3313 3798 3384 ἀνόητον

2226 3405 2443 3476 κομιδῆ.
2501 3406 2565 3460 Εί
2596 3405 2769 3469 ἀΐδιος
2817 3406 3003 3461 τοίνυν
3032 3407 3170 3476 ζωὴ,
3221 3408 3309 3461 ἀεὶ
3366 3407 3568 3477 ἑαυτὴν
3612 3405 3797 3470 ζῶσαν

2225 3498 2386 3559 ἐνόει,
2411 3494 2683 3565 mirabar]
2717 3496 2815 3566 τῆς
2843 3499 3082 3567 νοήσεως
3125 3499 3158 3565 ή
3211 3498 3372 3567 σοφία
3407 3499 3502 3568 οὐχ
3534 3496 3800 3567 ἑτέρωθεν

2225 3588 2419 3658 ἐκείνῳ
2454 3587 2824 3657 συμϐέϐηκεν,
2877 3587 2996 3641 ἀλλ’
3049 3587 3236 3651 ἀϊδίως
3285 3589 3463 3659 τούτῳ
3509 3589 3715 3658 συνῆν
3751 3589 3800 3640 εί

2224 3680 2322 3733 καὶ
2352 3679 2563 3749 ταύτην
2591 3678 2665 3741 ὡς
2695 3677 2894 3732 ἑαυτοῦ
2921 3679 3193 3748 γέννημα,
3226 3678 3286 3745 ἐξ
3323 3677 3520 3733 ἑαυτοῦ
3547 3678 3802 3752 ἀρρήτως

2223 3773 2541 3842 ἐγέννησεν.
2578 3771 2637 3825 ’0
2667 3771 2856 3843 Πατὴρ
2880 3773 3064 3825 τοίνυν
3094 3770 3352 3825 οὐδέποτε
3382 3766 3450 3842 ἦν
3477 3771 3606 3825 ἄνευ
3642 3769 3797 3835 Υίοῦ,

2221 3865 2254 3935 ἢ
2288 3863 2557 3934 ὑπῆρξεν·

2292 3954 2492 4007 AAEA.
2533 3951 2654 4006 Τίνι
2679 3950 2990 4022 ὁμοιώματι
3021 3951 3082 4004 τὸ
3108 3948 3203 4003 τοῦ
3233 3949 3403 4003 ἀϊδίου
3427 3948 3602 4017 φωτδς
3623 3946 3802 4001 ἀπαύ-

2221 4061 2414 4114 γασμα
2454 4043 2604 4108 Υἱὸς,
2638 4042 2752 4098 ἀλλ’
2780 4044 2840 4096 οὐ
2871 4042 3121 4113 θυγάτηρ
3155 4040 3438 4104 καλεῖται;

2290 4136 2416 4188 AIA.
2454 4131 2578 4188 Ὅτι
2622 4134 2711 4187 διὰ
2757 4133 2978 4186 πάντων
3029 4134 3089 4185 ὲν
3131 4132 3307 4201 τούτῳ
3353 4131 3385 4201 ἠ
3433 4128 3528 4183 τοῦ
3588 4127 3803 4199 Πατρὶς

2219 4225 2473 4294 ὁμοιότης
2503 4223 2825 4293 ἑκφαίνεται
2862 4237 2877 4251 ·
2908 4221 3032 4274 ὅθεν
3064 4222 3159 4274 καὶ
3197 4221 3454 4292 ὁμοιότης
3501 4220 3668 4275 αὑτοῦ
3707 4221 3797 4273 λέ-

2186 4329 2401 4378 ιγεται.
2442 4313 2532 4365 Ἐν
2580 4310 2639 4365 δὲ
2676 4312 2792 4374 τοῖς
2842 4312 3084 4372 κτιστοϊς
3136 4311 3460 4380 πράγμασιν
3498 4312 3653 4363 οὐδὲν
3702 4311 3800 4380 τὴν

2220 4403 2398 4472 ἄκραν
2434 4402 2730 4472 ὁμοιότητα
2771 4401 2907 4471 πρὸς
2941 4402 3002 4454 τὸ
3039 4405 3310 4469 γεννῆσαν
3358 4405 3538 4470 τηρεῖ.
3589 4402 3656 4452 Αἱ
3691 4402 3799 4472 γὰρ

539 4480 721 4548 capite
778 4485 890 4531 uati
933 4487 1084 4544 sunt,
1142 4478 1309 4546 capiti
1347 4478 1682 4543 dissimiles;
1728 4494 1886 4549 poma
1919 4482 1985 4535 ab
2019 4495 2113 4533 ar-

547 4573 768 4591 l,__2|.___
803 4579 923 4591 .__.-
957 4577 1073 4591 ---ιι
1142 4569 1248 4591 2112-
1285 4568 1560 4591 -ΙΞ--2--212-
1601 4584 1614 4591 -
1662 4569 1780 4591 1-..-
1846 4569 2114 4591 Δε--ε...ειε-

2223 4495 2410 4564 τρίχες
2466 4492 2619 4563 παρὰ
2668 4492 2770 4561 τῆς
2810 4491 3055 4561 κεφαλῆς
3104 4491 3493 4563 ἐγεννήθησαν,
3544 4493 3799 4561 ἀνόμοιαι

544 4573 771 4628 boribus
802 4579 926 4626 nata
955 4577 1100 4637 sunt,
1142 4569 1249 4625 illis
1282 4568 1565 4625 dissimilia
1600 4584 1616 4635 ;
1662 4569 1785 4623 lana
1841 4569 2118 4626 dissimilis

2226 4581 2384 4639 οὖσαι
2415 4586 2480 4655 τῇ
2511 4584 2721 4654 κεφαλῇ
2747 4599 2763 4616 ο
2792 4586 2902 4646 τοῖς
2941 4583 3219 4648 δένδρεσιν
3250 4585 3299 4637 oi
3344 4584 3570 4652 καρποὶ,
3621 4585 3800 4636 καίτοι

541 4665 779 4728 ovibus,
822 4662 969 4718 fctus
1047 4660 1409 4725 animalium;
1472 4662 1557 4716 vel
1614 4661 1714 4731 ipsi
1774 4661 1871 4717 filii
1942 4665 2122 4718 homi-

542 4771 695 4821 num,
744 4770 849 4809 non
900 4769 996 4825 per
1022 4754 1203 4809 omnia
1252 4754 1456 4809 similes
1501 4752 1761 4823 qualitate
1792 4755 2120 4820 genitorum.

543 4844 645 4901 Hie
703 4858 883 4902 autem
956 4859 1057 4917 per
1107 4845 1290 4900 omnia
1344 4845 1583 4915 gignenti
1639 4832 1725 4899 est
1792 4845 2122 4911 simillimus,

541 4947 598 4991 et
650 4938 769 4990 ideo
825 4937 1110 4993 verissime
1188 4950 1295 4990 non
1374 4934 1504 5001 filia,
1582 4933 1676 4990 sed
1730 4932 1896 4989 Filius
1965 4950 2129 4989 voca-

540 5040 653 5083 ειη.

615 5209 728 5265 ιιίι.
768 5210 884 5277 Qua
941 5224 1120 5268 anu-n1
1178 5213 1490 5268 habitudine
1535 5212 1705 5269 Filius
1769 5215 2005 5272 Verbum
2032 5234 2122 5273 vo-

542 5314 703 5358 eatur
738 5301 762 5353 Ἰ

618 5397 785 5452 MAG.
808 5397 1175 5467 Mnltiplieiter
1202 5398 1407 5471 [Latini
1435 5400 1743 5473 tripliciter]
1768 5399 1998 5456 Verbum
2042 5402 2125 5454 in-

544 5492 855 5561 telligitur;
930 5491 1080 5546 verbi
1138 5495 1334 5561 gratia,
1385 5509 1507 5550 cum
1568 5496 1668 5549 hoc
1717 5494 1937 5549 verbum
2026 5497 2123 5550 lto-

545 5598 635 5635 tno
690 5582 893 5650 profert
944 5596 1086 5647 ore;
1145 5592 1240 5637 aut
1299 5598 1421 5638 cum
1476 5585 1614 5641 idem
1676 5583 1897 5642 verbum
1963 5587 2126 5642 homo

617 5762 700 5828 (4)
736 5760 872 5817 Male
909 5761 1001 5816 alii
1034 5762 1258 5833 prolem.

2232 4677 2362 4748 παρ’
2393 4675 2575 4730 αὐτῶν
2613 4675 2966 4745 γεννηθέντες
2989 4688 3003 4702 ’
3058 4677 3127 4729 τὰ
3164 4676 3309 4747 ἔρια,
3348 4677 3499 4745 παρὰ
3527 4676 3636 4728 τῶν
3666 4693 3804 4748 προ-

2230 4766 2434 4829 ϐάτων,
2475 4766 2684 4827 τούτοις
2725 4766 2956 4835 ἀνόμοια
3005 4766 3071 4818 τὰ
3108 4766 3216 4819 τῶν
3268 4766 3422 4831 ζώων
3465 4768 3635 4837 νήπια
3665 4782 3680 4798 ο
3711 4770 3807 4822 καὶ⁸

2232 4858 2387 4909 αὐτοὶ
2419 4856 2530 4909 τῶν
2579 4856 2838 4924 πατέρων
2875 4856 2924 4909 oi
2974 4857 3081 4908 υἱοὶ
3139 4856 3200 4908 οὐ
3242 4856 3334 4909 διὰ
3382 4855 3599 4911 πάντων
3627 4857 3806 4928 ὅμοιοι

2227 4952 2296 5018 τῇ
2319 4948 2426 4999 τῶν
2452 4948 2654 5016 γονέων
2681 4949 2951 5017 ποιότητι.
2984 4943 3154 5010 Οὗτος
3181 4946 3237 4999 δὲ
3265 4947 3354 5000 διὰ
3384 4952 3601 5003 πάντων
3623 4949 3808 5020 ὅμοιός

2229 5042 2347 5091 ἐστι
2366 5038 2823 5108 τῷογεννήσαντι,
2847 5041 2941 5093 καὶ
2969 5038 3055 5091 διὰ
3071 5038 3215 5092 τοῦτ’
3242 5040 3628 5110 ἀληθεστάτως
3656 5039 3805 5106 Υίδς,

2231 5132 2344 5185 ἀλλ’
2375 5132 2436 5185 οὐ
2474 5131 2748 5202 Θυγάτηρ,
2776 5132 3046 5186 καλεῖται.

2303 5223 2503 5276 ΛΔΕΛ.
2546 5222 2665 5275 Τίνι
2698 5223 2741 5274 δ’
2771 5223 3035 5292 ἀναλογίᾳ
3081 5223 3108 5275 ὁ
3158 5223 3284 5287 Υἱὸς
3323 5221 3476 5290 οὗτος
3502 5227 3670 5292 Λόγος
3703 5243 3804 5279 κα-

2228 5316 2403 5367 λεῖται
2427 5330 2441 5379 ;

2300 5409 2428 5459 AIA.
2466 5406 2753 5476 Πολλαχῶς
2812 5409 2840 5458 ὁ
2895 5409 3068 5488 Λόγος
3118 5413 3357 5465 νοεῖται·
3409 5412 3569 5479 λόγου
3618 5412 3798 5480 χάριν,

2232 5499 2358 5550 ὅταν
2397 5501 2426 5551 ὁ
2457 5494 2742 5568 ἅνθρωπο,
2768 5501 2859 5552 τὸν
2892 5501 3050 5568 λόγον
3080 5502 3268 5556 τοῦτον
3306 5504 3557 5575 προφέρῃ
3584 5504 3659 5573 τῷ
3684 5504 3778 5554 ard

2238 5606 2392 5659 ματι,
2426 5590 2460 5660 ἢ
2485 5591 2615 5643 ὅταν
2664 5593 2751 5644 τὸν
2786 5593 2951 5646 αὐτὸν
3000 5595 3156 5663 λόγον
3186 5598 3213 5649 ὁ
3248 5596 3532 5666 ἄνθρωπος
3571 5596 3721 5651 ἑνῑον
3744 5596 3804 5650 ιν

4000 2666 4127 2751 ί*

4138 5420 4156 5547 ξε
