4132 6294
356 376 447 439 37-

1585 371 1681 430 DE
1732 370 1803 428 Fl
1818 367 1913 427 DE
1948 366 2439 426 OliTIIt’iDOXA.
3539 357 3607 418 33

356 493 427 563 τῇ
462 489 661 545 ἑαυτοῦ
702 488 894 560 καρδίᾳ
927 488 1055 543 ἄνευ
1099 491 1233 559 ἦχον
1275 488 1517 555 γλώττης
1574 484 1862 545 ἀνατυποῖ,
1889 480 1924 550 ἢ

2039 480 2231 547 absque
2286 488 2432 533 motu
2489 477 2704 546 lingum,
2763 475 2815 527 in
2861 474 3024 528 corde
3068 487 3167 527 suo
3224 472 3464 539 iormat;
3515 487 3609 529 aut

357 584 493 638 ὅταν
534 581 669 635 αὐτὸ
695 581 753 632 τὸ
786 581 889 634 ὑπὸ
917 579 1013 634 τοῦ
1064 581 1225 649 λόγου
1261 579 1663 650 σημαινόμενον
1698 575 1933 644 πρᾶγμα

364 667 482 728 οἷόν
515 675 632 728 ἔστι
661 671 875 742 νοῆται.
928 672 1133 725 Τοῦτον
1166 671 1257 725 τὸν
1287 670 1471 741 τρίτον
1514 669 1717 738 τρόπον
1745 666 1773 717 6
1801 664 1934 725 Θεὸς

366 765 458 819 τὸν
486 763 679 820 ἑαυτοῦ
723 763 1025 832 γεγέννηκε
1053 763 1248 830 Λόγον,
1280 761 1340 815 ὃν
1367 760 1558 814 ἑαυτὸν
1585 757 1934 826 λογιζόμενος

363 855 537 912 εἶπεν.
581 857 733 910 Ἐπεὶ
755 857 851 909 καὶ
877 856 937 909 τὺ
964 855 1085 908 ὅλον
1117 850 1253 915 εἶδος
1284 852 1378 906 τοῦ
1404 852 1610 922 κόσμου
1638 850 1827 903 τούτου
1857 845 1934 916 τῷ

363 949 513 1020 αὐτῷ
550 946 804 1017 λογισμῷ
837 946 1134 1015 πεποίηκε,
1171 946 1388 1013 λέγεται
1423 944 1601 996 πάντα
1630 941 1707 1009 τῷ
1734 938 1933 993 ἑαυτοῦ

360 1042 519 1109 Λόγῳ
546 1039 975 1109 δημιουργῆσαι.
1003 1037 1165 1090 Ὂθεν
1194 1039 1290 1089 καὶ
1321 1035 1448 1106 περὶ
1473 1035 1573 1105 τῆς
1607 1033 1700 1086 τοῦ
1728 1034 1933 1099 κόσμου

361 1134 636 1202 ποιήσεως
663 1131 908 1209 λέγεται,
955 1149 975 1180 ι
1009 1130 1180 1192 Αὐτὸς
1213 1123 1355 1191 εἷπε,
1382 1131 1477 1182 καὶ
1506 1126 1927 1196 ἐγεννήθησαν.»

361 1225 533 1277 υύδὲν
563 1224 671 1291 γὰρ
696 1223 891 1292 ἕτερόν
911 1224 1062 1275 ἐστιν
1097 1226 1125 1274 6
1154 1222 1302 1286 Υἱὸς,
1330 1221 1363 1289 ἢ
1390 1224 1417 1274 ὁ
1448 1221 1620 1288 Λόγος
1646 1219 1741 1272 τοῦ
1770 1217 1933 1282 θεοῦ,

359 1319 412 1370 εἰ
456 1318 531 1386 μὴ
562 1318 592 1368 6
622 1316 911 1383 λογισμὸς,
958 1315 990 1383 ἢ
1038 1315 1071 1384 ή
1122 1317 1307 1383 τέχνη,
1362 1314 1392 1382 ἢ
1451 1315 1482 1385 ή
1537 1314 1697 1381 σοφία
1745 1311 1930 1364 αὑτοῦ.

372 1411 592 1479 Ἀμέλει
622 1409 718 1460 καὶ
760 1409 948 1477 ήμεϊς,
988 1407 1118 1459 ὅταν
1160 1405 1289 1476 περί
1324 1421 1471 1467 τινος
1501 1403 1934 1472 διαλογιζώμεθα

357 1504 419 1553 ὲν
454 1501 565 1559 τοῖς
604 1498 911 1565 λογισμοῖς,
967 1496 1180 1549 ἐκείνου
1233 1496 1329 1548 τοῦ
1376 1496 1700 1566 πράγματος
1751 1496 1935 1547 εἰκόνα

357 1589 420 1639 ἐν
449 1590 527 1658 τῷ
559 1588 814 1657 ἡμετέρῳ
833 1586 1005 1638 τυποῦ
1014 1604 1115 1656 μεν
1135 1586 1400 1655 λογισμῷ.
1432 1585 1589 1638 Οὕτω
1615 1587 1707 1640 καὶ
1732 1587 1757 1637 6
1781 1585 1931 1651 Θεὸς,

356 1683 495 1735 ὅταν
528 1684 724 1735 ἑαυτὸν
775 1662 1085 1751 λογίζηται,
1137 1682 1332 1752 ὁμοίαν
1359 1682 1536 1750 ἑαυτῷ
1579 1682 1724 1734 κατὰ
1757 1681 1933 1734 πάντα

358 1777 550 1828 είκόνα
585 1775 855 1834 ἑτόπωσε,
900 1778 996 1828 καὶ
1031 1770 1183 1837 οὗτος
1213 1777 1243 1826 6
1290 1776 1460 1842 Λόγος
1504 1773 1665 1847 [ἐκεῖ]
1709 1773 1872 1827 εἰκὼν
1898 1774 1932 1843 ἢ

357 1869 620 1937 ὁμοιότης
659 1866 878 1934 λέγεται
909 1867 1005 1918 τοῦ
1036 1865 1173 1919 Θεοῦ
1194 1882 1209 1896 ·
1246 1866 1362 1919 ἀλλ’
1390 1866 1542 1919 οὐδὲν
1565 1867 1754 1934 ἕτερον
1789 1867 1934 1919 ἐκεῖ·

360 1957 459 2009 θεν
491 1957 834 2025 ὲκφαίνεται,
876 1959 1027 2025 εἰμὴ
1077 1958 1110 2027 ή
1157 1957 1299 2029 αὐτὴ
1353 1959 1538 2026 ἐκείνη
1580 1956 1738 2012 οὐσία
1768 1972 1784 1988 ·
1813 1955 1937 2010 ὅθεν

358 2047 460 2101 καὶ
493 2046 672 2114 λόγος,
707 2045 907 2100 ὡσανεὶ
934 2046 1148 2115 ἀληθῶς
1179 2046 1406 2115 ἀγαθόν.

431 2139 632 2195 ΛΔΕΛ.
682 2138 838 2193 Ἐπεὶ
882 2138 1126 2209 ἀριδήλῳ
1178 2140 1274 2191 καὶ
1311 2137 1746 2208 ἀκαταγωνίστῳ
1790 2138 1936 2208 λόγῳ

356 2233 496 2301 μίαν
530 2232 623 2284 καὶ
658 2231 964 2299 ἀδιαίρετον
1009 2231 1200 2284 οὐσίαν
1244 2227 1385 2284 εἰναι
1416 2230 1511 2284 τοῦ
1541 2230 1716 2298 Λόγου
1743 2229 1934 2284 τούτου

360 2325 509 2393 μετὰ
537 2323 632 2375 τοῦ
660 2323 871 2392 Πατρὸς
901 2325 998 2376 καὶ
1022 2323 1118 2376 τοῦ
1146 2323 1290 2376 Πνεύ
1299 2339 1468 2391 ματος
1489 2322 1786 2388 δέδεικται,
1816 2320 1935 2384 πῶς

356 2417 428 2468 ἂν
462 2415 550 2486 εἴη
577 2414 822 2477 δυνατὸν,
844 2415 1009 2484 μόνον
1035 2413 1126 2468 τὸν
1151 2413 1278 2466 Υίδν
1299 2412 1654 2484 σαρκωθῆναι
1682 2429 1698 2478 ;
1730 2411 1794 2465 Ei
1825 2410 1935 2482 γὰρ

354 2511 460 2578 τῆς
488 2507 583 2560 τοῦ
615 2509 826 2579 [ἰατρὸς
869 2507 1062 2569 οὐσίας
1109 2505 1426 2577 χωρισθεὶς,
1472 2506 1618 2568 ίδίως
1656 2504 1934 2572 σεσάρκω-

355 2615 491 2653 ταιο
536 2598 716 2667 δῆλον,
762 2597 838 2661 ὡς
882 2600 916 2667 ἡ
951 2597 1046 2651 τοῦ
1097 2598 1332 2668 Πατρδς,
1381 2599 1474 2653 καὶ
1509 2596 1604 2649 τοῦ
1645 2595 1796 2658 Υἱοῦ,
1838 2596 1935 2647 καὶ

358 2689 461 2743 τοῦ
492 2690 650 2757 ἁγίου
682 2689 1005 2759 Πνεῦματος
1033 2688 1220 2755 οὐσία,
1254 2688 1358 2742 οὐκ
1405 2687 1555 2741 ἔστιν
1600 2670 1931 2756 ἀδιαίρετος,

358 2782 535 2846 πάθος
570 2784 852 2836 ὑποστεισα
889 2780 1191 2853 χωρισμοῦ.

434 2965 564 3016 au.
597 2964 812 3031 Ὠσπερ
839 2962 1008 3022 ἀίδιος
1032 2961 1265 3030 δύναμις
1319 2960 1415 3014 καὶ
1458 2959 1670 3028 θειότης
1705 2958 1795 3012 διὰ
1822 2958 1932 3011 τῶν

362 3059 678 3127 γενομένων
711 3055 1049 3123 καθορᾶται⁸
1089 3052 1234 3107 οὕτω
1279 3051 1505 3106 δυνατὸν
1540 3052 1795 3121 νοηθῆναι
1836 3049 1931 3101 καὶ

359 3149 423 3201 τδ
470 3148 610 3219 βαθὺ
643 3148 801 3200 τοῦτο
855 3148 948 3199 καὶ
993 3146 1476 3214 συνεσκιασμένον,
1517 3143 1606 3198 διὰ
1648 3143 1757 3195 τῶν
1804 3141 1933 3209 παρ’
1962 3153 2005 3211 ε

359 3244 498 3311 ἡμῖν
528 3242 851 3310 γινομένων,
882 3246 979 3293 καὶ
1010 3240 1101 3293 διὰ
1140 3238 1236 3295 τοῦ
1281 3239 1444 3307 λόγου
1478 3234 1931 3305 διερευνωμένου,

357 3336 593 3388 δυνατὸν
637 3336 730 3386 καὶ
759 3331 921 3384 τοῦτο
956 3330 1353 3401 κατοραθῆναι.
1389 3329 1557 3395 Δῆλον
1586 3327 1695 3397 γὰρ
1722 3326 1815 3378 τὸν
1844 3327 1935 3379 ἀν-

359 3426 639 3494 θρώπινον
694 3426 820 3478 νοῦν
877 3424 1231 3494 λογιζόμενον
1284 3421 1380 3491 ἀφ’
1418 3420 1617 3474 ἑαυτοῦ
1672 3418 1934 3487 γεννῆσαι

360 3520 558 3572 τοῦτον
589 3518 654 3586 δὴ
683 3518 774 3569 τὸν
802 3518 901 3586 τῆς
931 3516 1119 3585 κοινῆς
1142 3515 1428 3569 διαλέκτου
1465 3515 1623 3580 λόγον
1643 3529 1657 3543 ⁸
1691 3512 1784 3565 καὶ
1810 3508 1935 3563 τοῦ-

356 3627 457 3663 τον
484 3609 577 3661 τὸν
610 3608 769 3677 λόγον
813 3609 871 3659 ὲν
903 3607 983 3677 τῷ
1032 3606 1107 3676 νῷ
1141 3608 1239 3660 καὶ
1274 3608 1337 3675 τῇ
1375 3607 1586 3675 μνήμῃ,
1629 3602 1767 3674 ὁμοῦ
1805 3601 1934 3673 μίαν

359 3697 508 3754 εἶναι
543 3700 753 3752 οὐσίαν.
800 3699 970 3751 Ὀταν
1004 3699 1063 3750 δὲ
1095 3697 1186 3749 τὸν
1230 3695 1395 3749 αὐτοῦ
1436 3696 1591 3763 λόγον
1631 3694 1726 3748 καὶ
1755 3692 1936 3755 ἄλλοις

358 3790 688 3861 ἐπιθυμήσῃ
736 3788 963 3857 ποιῆσαι
1000 3788 1301 3856 γνώριμον,
1333 3788 1610 3852 οἰκονομεῖ
1657 3785 1793 3854 μετὰ
1839 3782 1936 3835 τοῦ

360 3880 501 3933 ιδίου
552 3879 840 3950 λογισμοῦ,
890 3880 948 3943 ὃς
1000 3878 1156 3932 οὐδὲν
1206 3879 1393 3947 ἔτερόν
1437 3879 1609 3942 ἐστιν,
1642 3878 1683 3947 ἢι
1719 3879 1748 3929 6
1777 3876 1938 3943 λόγος

360 3973 536 4025 αὑτοῦ
587 3976 681 4026 καὶ
741 3974 883 4042 μετὰ
935 3970 1039 4040 τῆς
1083 3971 1304 4040 μνήμης
1344 3970 1507 4024 αὑτὸν
1563 3969 1724 4035 λόγον
1778 3967 1938 4036 σῶμα

361 4065 553 4134 φωνῆς
578 4065 929 4124 ἐνδύσασθαι,
959 4063 1057 4117 καὶ
1085 4066 1198 4126 τοῖς
1221 4063 1355 4118 ὠσὶν
1376 4063 1664 4125 ἀκουστὸν,
1696 4065 1789 4116 καὶ
1817 4063 1938 4123 τοῖς

358 4156 475 4209 τῶν
506 4157 820 4210 ἀκουόντων
878 4156 1129 4225 καρδίαις
1179 4156 1372 4226 ὁρατὸν
1420 4154 1608 4224 ἐφίησι
1650 4153 1938 4221 γενέσθαι*

359 4247 447 4299 ἔτι
476 4249 575 4311 καὶ
599 4248 898 4316 γράμμασι
924 4247 1314 4317 περισφίγγων
1344 4246 1404 4299 τὸ
1432 4246 1594 4313 σῶμα
1616 4244 1709 4297 τοῦ
1740 4244 1901 4314 λόγου
1922 4259 1937 4275 ο

358 4337 479 4392 ἀλλ’
527 4338 679 4407 ὅμως
722 4340 751 4390 6
802 4338 960 4404 λόγος
1009 4339 1218 4403 ἐκεῖνος
1243 4340 1472 4409 ἀόρατος
1507 4338 1685 4407 μένων
1714 4336 1811 4405 τῆς
1846 4335 1940 4389 τοῦ

363 4429 458 4482 νοῦ
499 4429 723 4497 καὶτῆς
777 4429 998 4498 μνήμης
1039 4428 1326 4500 ὑπάρξεως
1371 4429 1472 4482 οὐκ
1512 4428 1811 4501 ἀποχωρεῖ.
1862 4428 1938 4480 Οὐ

2035 583 2156 623 cum
2241 584 2328 623 res
2406 568 2519 638 ipsa
2595 580 2758 637 quam
2826 564 3098 635 signiﬁcat
3154 563 3280 617 illud
3360 564 3604 626 verbmn,

2035 661 2214 729 qualis
2261 661 2379 725 sit,‘
2414 658 2693 714 intellectu
2748 657 3040 727 cogitatur.
3097 655 3207 709 [loc
3275 653 3436 708 tertio
3489 669 3607 707 mo-

2036 752 2103 804 do
2153 749 2294 803 Deus
2336 747 2573 803 Verbum
2633 763 2789 803 suum
2838 749 3043 816 genuit,
3095 762 3216 799 cum
3252 746 3488 813 seipsum
3514 759 3608 797 eo-

2034 840 2254 910 gitando
2309 839 2466 893 dixit.
2528 838 2596 893 Et
2623 839 2751 907 quia
2806 846 2973 892 totam
3030 836 3213 889 mundi
3269 836 3608 888 formamen-

2012 930 2157 986 tdem
2209 931 2535 1001 cogitatione
2583 928 2809 995 creavit,
2858 929 2979 982 ideo
3047 929 3265 990 dicitur,
3317 927 3455 996 quod
3500 941 3615 978 om-

2036 1021 2123 1075 nia
2174 1022 2228 1075 in
2282 1021 2463 1077 Verbo
2536 1034 2637 1077 suo
2676 1019 2888 1076 fecerit.
2920 1019 3074 1074 Unde
3111 1030 3166 1073 et
3222 1018 3291 1073 de
3337 1016 3615 1072 creatione

2037 1115 2220 1168 mundi
2275 1114 2518 1183 legitur:
2564 1113 2713 1181 «Ipse
2786 1113 2945 1176 dixit,
2995 1125 3052 1166 et
3128 1111 3266 1164 fat-ta
3337 1109 3529 1163 sunt‘.
3588 1125 3607 1156 ι

2037 1204 2178 1259 Nihil
2239 1206 2383 1259 enim
2455 1207 2600 1259 aliud
2663 1214 2746 1260 est
2796 1204 2988 1270 Filius,
3060 1205 3141 1257 vel
3214 1202 3445 1257 Verbum
3497 1201 3612 1264 Dei,

2037 1314 2196 1367 quam
2263 1299 2538 1370 cogitatio,
2571 1298 2654 1353 vel
2687 1313 2800 1364 ars,
2858 1297 2941 1352 vel
2974 1296 3236 1365 sapientia
3285 1295 3425 1364 ejus.
3456 1291 3616 1345 Netu-

2037 1405 2102 1456 pe
2157 1405 2279 1443 cum
2341 1404 2442 1444 nos
2490 1390 2726 1458 aliquam
2794 1403 2910 1444 rem
2957 1387 3287 1457 cogitamus,
3338 1384 3508 1453 ipsius
3540 1383 3614 1434 rei

2038 1481 2326 1551 imaginem
2378 1484 2432 1535 in
2491 1481 2816 1552 cogitatione
2880 1488 3066 1535 nostra
3141 1476 3454 1529 formamus.
3527 1472 3618 1525 Sic

2001 1571 2205 1637 ‘Dcus,
2242 1587 2363 1626 cum
2426 1573 2667 1641 seipsuut
2749 1569 3026 1640 cogitavit,
3079 1567 3306 1623 similem
3372 1565 3455 1618 sui
3524 1578 3614 1632 per

2035 1666 2218 1720 omnia
2290 1665 2575 1735 imaginem
2653 1663 2926 1718 formavit.
2991 1662 3116 1715 Ideo
3181 1660 3283 1713 hoc
3358 1657 3614 1720 Verbum,

2038 1759 2233 1828 imago,
2299 1757 2383 1812 vel
2462 1757 2758 1812 similitudo
2831 1754 2927 1810 Dei
2985 1755 3237 1822 dicitur;
3312 1756 3406 1809 sed
3481 1753 3615 1808 nihil

2037 1854 2227 1915 aliud,
2286 1852 2386 1907 nisi
2438 1852 2628 1907 eadem
2659 1840 2924 1916 essentia,
2985 1850 3328 1918 exprimitur.
3388 1848 3539 1904 Unde
3565 1860 3613 1899 et

2037 1943 2142 2000 hoc
2190 1944 2415 1998 verbum
2469 1944 2690 2008 dicitur,
2744 1942 2896 2011 quasi
2952 1956 3079 1997 vere
3133 1942 3353 1995 bonum.

2090 2143 2217 2198 FB.
2268 2142 2405 2198 Cum
2467 2142 2688 2199 evidens
2761 2142 2897 2197 ratio
2967 2141 3139 2199 idem,
3184 2138 3419 2195 Verbum
3493 2155 3615 2194 cum
3664 2156 3669 2160 ο

2035 2235 2217 2300 Patre,
2275 2245 2329 2289 et
2388 2234 2593 2305 Spiritu
2653 2234 2881 2298 Sancto,
2919 2248 3078 2288 unam
3151 2242 3205 2286 et
3288 2232 3615 2288 individuam

2035 2326 2397 2383 substantiam
2486 2324 2983 2393 inexpugnabiliter
3060 2325 3404 2392 probaverit;
3480 2339 3615 2394 quo-

2038 2419 2201 2476 modo
2251 2418 2426 2477 solum
2493 2417 2767 2473 inearnari
2812 2416 2990 2484 potuit
3036 2414 3061 2469 1
3113 2415 3168 2469 Si
3228 2416 3371 2470 enim
3436 2429 3467 2470 a
3507 2415 3615 2470 Pa-

2036 2516 2135 2570 tris
2183 2512 2245 2570 et'
2307 2514 2542 2584 Spiritus
2619 2513 2792 2567 sancti
2859 2510 3090 2567 essentia
3141 2489 3224 2565 esi
3282 2519 3614 2580 separatum,

2033 2619 2088 2662 et
2123 2609 2201 2661 sic
2242 2606 2592 2675 singulariter
2634 2605 3051 2659 inltumanatum
3085 2603 3163 2675 (5)
3207 2620 3222 2658 :
3255 2612 3470 2659 constat
3496 2619 3615 2673 pm-

2034 2701 2199 2766 feeto,
2232 2700 2373 2770 quod
2419 2698 2620 2764 Patris,
2682 2709 2738 2753 et
2794 2696 2939 2762 Filii,
3018 2709 3073 2752 et
3139 2696 3376 2766 Spiritus
3443 2696 3616 2749 sancti

2031 2791 2357 2855 substantia,
2419 2805 2523 2843 non
2573 2800 2660 2844 est
2714 2789 3018 2856 individua,
3079 2803 3201 2858 qua:
3266 2788 3446 2858 potuit
3505 2789 3616 2857 pati

2031 2884 2388 2955 separatioais
2440 2883 2779 2951 discrimina,

2102 2976 2267 3034 MAG.
2310 2976 2457 3030 Sicut
2507 2976 2833 3042 senmiterna
2872 2975 3050 3028 virtus
3093 2973 3387 3029 divinitatis
3435 2989 3528 3042 per
3553 2988 3615 3027 ea

2033 3087 2152 3140 qua;
2207 3068 2351 3123 facta
2397 3069 2828 3137 conspiciuntur,
2893 3079 3069 3138 potest
3114 3067 3332 3138 intelligi
3367 3082 3383 3121 :
3414 3068 3618 3121 siclmc

2038 3160 2363 3231 profundum
2422 3158 2732 3228 mysterium
2786 3166 2840 3212 et
2886 3159 3184 3221 occultum,
3245 3173 3341 3225 per
3400 3174 3464 3211 ea
3495 3172 3619 3224 qua!

2038 3255 2089 3306 in
2167 3253 2322 3307 nobis
2366 3262 2647 3321 geruntur,
2715 3251 2925 3305 ratione
2972 3256 3353 3319 perscrutante
3415 3251 3617 3317 ροιιτξι

2034 3345 2251 3411 inspici.
2310 3341 2505 3397 Notum
2569 3350 2651 3395 est
2707 3342 2872 3404 enim,
2936 3341 3080 3410 quod
3156 3339 3390 3395 humana
3469 3354 3618 3391 tuens

2035 3440 2257 3489 verbum
2334 3436 2639 3489 communis
2714 3432 3003 3487 locutionis
3075 3448 3139 3486 ex
3205 3446 3263 3486 se
3330 3432 3619 3496 cOgitandu

2033 3526 2203 3595 gignit
2237 3543 2252 3580 :
2298 3533 2352 3579 et
2390 3525 2527 3578 idem
2560 3523 2779 3577 verbum
2815 3522 2867 3576 in
2899 3530 3099 3586 mente,
3140 3530 3193 3576 et
3235 3522 3286 3574 in
3335 3523 3617 3579 memoria,

2034 3616 2190 3671 simul
2255 3631 2357 3669 una
2445 3615 2680 3669 essentia
2735 3612 2968 3666 exsistit.
3050 3611 3185 3666 Cum
3272 3626 3401 3666 vero
3462 3627 3614 3664 mens

2037 3708 2260 3762 verbum
2306 3722 2461 3761 suum
2511 3705 2629 3760 aliis
2697 3706 3034 3758 innotescere
3114 3705 3282 3772 ('ttpil,
3348 3718 3471 3756 cum
3529 3718 3620 3757 ea-

2037 3803 2155 3853 tlezn
2189 3800 2537 3866 cogitatione,
2593 3815 2711 3867 qua:
2761 3798 2893 3851 nihil
2951 3797 3095 3851 aliud
3146 3808 3229 3850 est
3277 3810 3436 3864 quam
3490 3811 3616 3849 ver-

2039 3883 2162 3936 bum
2216 3898 2370 3935 suum
2401 3891 2455 3935 ct
2507 3897 2629 3934 cum
2667 3881 2924 3934 memoria
2975 3881 3260 3950 disponit;
3292 3880 3433 3947 quod
3476 3881 3614 3932 idem

2039 3978 2260 4030 verbum
2314 3985 2511 4041 corpus
2569 3972 2719 4025 vocis
2776 3973 2971 4037 induit,
3035 3983 3088 4025 et
3132 3973 3353 4025 auribus
3408 3972 3618 4026 audibi-

2042 4066 2129 4128 le,
2191 4076 2243 4117 et
2291 4064 2545 4118 cordibus
2592 4063 2929 4117 audientium
2983 4063 3192 4116 visibile
3253 4062 3518 4129 procedit,
3565 4070 3618 4110 et

2045 4157 2240 4210 litteris
2297 4157 2459 4210 etiam
2513 4169 2709 4223 corpus
2757 4170 2913 4209 suum
2967 4153 3125 4220 ligari
3177 4152 3438 4218 permittit
3498 4169 3512 4205 :
3565 4164 3619 4205 et

2046 4261 2224 4306 tamen
2292 4250 2561 4305 imisibile
2616 4264 2861 4314 manens,
2916 4248 2981 4302 de
3022 4247 3257 4301 essentia
3313 4244 3512 4299 mentis
3566 4259 3619 4298 et

2052 4345 2325 4398 memorim
2370 4358 2476 4396 non
2530 4342 2754 4397 recedit.
2811 4339 2928 4393 Non
3010 4354 3140 4407 ergo
3212 4340 3388 4399 mens,
3449 4352 3623 4405 neque

2051 4437 2334 4501 memoria,
2372 4434 2464 4489 sed
2511 4434 2683 4489 solmn
2737 4431 2975 4487 Verbum
3037 4428 3380 4498 singulariter
3437 4431 3621 4484 sonuit

357 4519 552 4573 τοίνυν
578 4521 607 4572 ὁ
633 4517 759 4581 νοῦς
793 4518 823 4588 ἢ
853 4521 889 4589 ή
924 4521 1139 4590 μνήμη,
1177 4519 1312 4572 ἀλλὰ
1342 4521 1503 4590 μόνος
1525 4522 1554 4574 6
1582 4520 1752 4587 Λόγος
1772 4521 1936 4590 ἤχησε

2057 4542 2150 4597 per
2217 4541 2413 4593 corpus
2478 4525 2624 4579 vocis
2693 4522 2992 4586 sensibile;
3044 4530 3097 4574 et
3174 4532 3351 4573 tamen
3408 4518 3622 4590 insepa-

362 4610 456 4664 διὰ
485 4609 581 4663 τοῦ
633 4610 901 4682 αἰσθητοῦ
950 4611 1204 4680 σώματος
1254 4611 1354 4680 τῆς
1399 4610 1604 4681 φωνῆς,
1651 4614 1745 4664 καὶ
1792 4612 1939 4680 ὅμως

358 4701 669 4771 ἀδιαίρετος
697 4702 918 4772 ἔμεινεν
960 4703 1021 4754 ἐν
1060 4704 1128 4773 τῇ
1161 4700 1259 4754 τοῦ
1301 4702 1394 4755 νοῦ
1445 4702 1540 4755 καὶ
1580 4700 1679 4771 τῆς
1716 4702 1938 4771 μνήμης

360 4792 543 4864 οὐσίᾳ.
574 4790 736 4847 οὕτω
759 4794 854 4848 καὶ
877 4795 908 4846 ό
931 4795 1102 4864 ἄκρος
1129 4794 1321 4864 Πατὴρ
1348 4793 1429 4863 τῷ
1457 4794 1600 4845 νοεῖν
1628 4792 1819 4844 ἑαυτὸν
1844 4791 1938 4846 τὸν

362 4885 562 4936 ἑαυτὸν
611 4885 788 4953 Λόγον
836 4886 1055 4956 ἐνόησε,
1079 4885 1181 4940 κᾶν
1224 4890 1290 4956 τῇ
1332 4884 1427 4939 τοῦ
1459 4886 1674 4956 Πατρὸς
1714 4893 1809 4938 καὶ
1841 4884 1937 4937 τοῦ

363 4975 528 5044 ἁγίου
560 4978 878 5049 Πνεύματος
907 4979 1070 5050 οὐσίᾳ
1110 4981 1412 5049 δμοουσίως
1452 4979 1792 5049 ὑφέστηκενο
1827 4979 1939 5032 ἀλλ’

358 5069 516 5138 ὅμως
559 5069 648 5122 διὰ
690 5071 853 5124 τοῦτο
897 5070 1067 5124 οῠθ’ό
1103 5070 1295 5143 Πατὴρ
1338 5071 1460 5125 οὔτε
1503 5070 1564 5124 τὸ
1614 5070 1838 5142 Πνεῦμα
1880 5070 1943 5124 τὸ

358 5160 524 5228 ἆγιον
549 5179 562 5193 ·
597 5161 718 5216 ἀλλ’
747 5164 776 5215 ό
823 5162 997 5232 Λόγος
1034 5164 1220 5231 μόνος,
1251 5165 1281 5216 6
1307 5164 1400 5217 τοῦ
1450 5164 1659 5234 Πατρὸς
1685 5165 1717 5216 ἴ
1736 5164 1810 5226 ίδς
1847 5163 1941 5234 δη·-

357 5252 520 5324 λαδὴ,
561 5254 708 5319 ἰδίως
742 5256 1094 5327 ἀνθρώπινον
1139 5258 1300 5328 σῶμα
1337 5257 1936 5329 αἰσθητὸνὲνεδὸσατο,

360 5346 461 5396 καὶ
494 5346 690 5399 ἑαυτὸν
722 5352 839 5411 τοῖς
881 5351 1194 5423 ἀνθρώποις
1227 5354 1567 5422 παρέστησε.
1600 5350 1673 5401 Τὸ
1703 5349 1943 5419 προσλη-

356 5437 498 5505 φθὲν
549 5440 714 5509 σῶμα
754 5442 983 5511 ἀτιμίαν
1014 5446 1338 5513 ὑπενεγκεῖν
1386 5441 1791 5513 συνεχώρησεν,
1823 5441 1941 5496 ἀλλ’

428 5648 454 5678 ⁸
500 5649 646 5703 l’sal.
686 5665 873 5714 usu,-
892 5650 948 5704 9.

427 5836 510 5910 ιδ)
544 5835 728 5896 Latini
769 5837 987 5895 codices
1018 5838 1241 5910 habent,
1271 5841 1327 5897 in
1360 5842 1714 5897 humanitate.

2048 4617 2291 4673 rabiliter
2350 4617 2550 4671 mansit
2612 4618 2664 4670 in
2719 4618 2951 4669 essentia
3003 4615 3200 4667 mentis
3246 4622 3302 4667 et
3324 4613 3618 4667 memoriae.

2049 4711 2142 4764 Sic
2175 4725 2420 4764 summus
2461 4706 2622 4764 Pater
2664 4707 2896 4763 Verbum
2947 4722 3125 4766 suum,
3171 4705 3404 4771 seipsum
3467 4708 3620 4774 engi-

2046 4801 2231 4865 tamin,
2286 4802 2472 4870 genuit
2517 4817 2532 4855 :
2590 4804 2733 4870 quod
2781 4802 2831 4854 in
2874 4798 3074 4865 Patris,
3131 4810 3182 4854 et
3222 4798 3455 4868 Spiritus
3497 4816 3615 4854 sau-

2053 4894 2125 4946 cti
2157 4895 2397 4947 essentia
2454 4893 2617 4947 simul
2681 4893 3044 4947 coessentiale
3089 4893 3367 4946 consistit.
3396 4890 3501 4945 Sed
3540 4903 3621 4944 ta-

2048 5005 2173 5043 men
2207 5006 2307 5044 nee
2355 4988 2541 5051 Pater,
2591 5005 2688 5043 nec
2721 4987 2959 5059 Spiritus
3012 4998 3258 5051 sanctus,
3307 4990 3398 5041 sed
3448 4987 3625 5042 solum

2048 5082 2312 5145 Verbum,
2347 5084 2492 5151 quod
2529 5092 2611 5137 est
2650 5080 2830 5136 Patris
2876 5080 3069 5146 Filius,
3104 5081 3457 5152 singulariter
3520 5082 3621 5135 ltu-

2052 5187 2272 5225 manum
2305 5182 2520 5239 ;corpus
2552 5170 2628 5238 (6)
2658 5170 2833 5224 induit
2863 5168 3142 5232 sensibile,
3188 5185 3249 5225 se
3309 5169 3624 5224 nominibus

2046 5264 2316 5328 exhibuit,
2353 5279 2553 5332 corpus
2604 5271 2883 5331 sumptum
2927 5260 3295 5331 indigna_pati
3349 5262 3621 5333 permisit,

2049 5367 2103 5411 et
2132 5357 2309 5425 ipsum
2350 5355 2788 5424 inseparabiliter
2830 5355 2881 5407 in
2932 5356 3175 5409 essentia
3210 5353 3388 5407 Patris
3412 5361 3465 5404 et
3496 5350 3625 5416 Spi~

2051 5447 2189 5501 ritus
2229 5446 2404 5501 sancti
2441 5444 2714 5500 invisibile
2750 5451 2804 5499 et
2836 5443 3170 5513 impassibile
3191 5448 3509 5513 permansit.

2117 5841 2210 5915 ’(6)
2241 5840 2365 5898 Haec
2393 5840 2445 5896 in
2468 5839 2678 5928 Latinis
2701 5840 2925 5910 trajecta
2953 5850 3105 5897 sunt.
