4156 6302
499 400 568 461 39
827 444 835 450 _
1657 386 1912 446 ans'r.
1958 383 2514 443 uanumoruu
3649 388 3720 455 to

503 509 662 572 αὐτὸς
689 507 1006 578 ἀχωρίστως
1049 504 1105 555 ὲν
1137 504 1202 573 τῇ
1235 500 1326 554 τοῦ
1377 501 1588 569 Πατρδς
1626 502 1717 552 καὶ
1762 497 1856 550 τοῦ
1898 498 2051 562 ἁγίου
2130 498 2443 565 Πνεύματος
2491 499 2647 568 οὐσίᾳ
2696 498 2910 568 ἀπαθὴς
2950 498 3345 568 διαμεμένηκε,
3395 501 3483 552 καὶ
3557 502 3723 571 ἀόρα-

501 616 593 662 τος
602 640 614 653 .

571 690 684 747 FR.
740 690 857 754 Qua
893 695 1072 742 autem
1117 682 1473 739 similitudine
1497 695 1649 735 amor
1684 679 1777 735 Dei
1827 680 2063 748 Spiritus

2190 706 2196 712 -
2236 678 2431 729 AAEA.
2498 675 2617 728 Τίνι
2666 677 2809 747 λόγῳ
2873 679 2931 730 τὸ
2960 679 3184 748 Πνεῦμα
3229 680 3370 749 ἔρως
3399 678 3723 749 ὀνομάζεται

499 792 720 840 sanctus
745 777 1094 834 nominatur?

570 873 732 929 MAG.
764 871 854 925 Dei
877 868 1168 925 essentiam
1197 865 1305 920 dixi
1336 878 1456 920 esse
1487 864 1693 929 vitam;
1719 876 1847 917 vera
1881 873 2056 915 autem

499 967 609 1019 vita
642 978 702 1017 se
734 963 915 1016 vivere
940 958 1219 1027 intelligit,
1243 965 1297 1010 et
1338 955 1381 1010 si
1412 970 1471 1010 se
1502 953 1667 1006 vitam
1698 951 1972 1021 intelligit,
2002 967 2059 1006 se

503 1052 690 1119 utique
740 1049 937 1115 diligit.
968 1047 1062 1102 Dei
1112 1054 1290 1100 autem
1332 1044 1536 1105 vivere,
1568 1040 1891 1110 intelligere,
1939 1040 2061 1093 dili‘

502 1159 650 1213 gere,
686 1140 833 1198 nihil
864 1151 945 1197 est
978 1140 1122 1195 aliud
1145 1154 1305 1206 quam
1341 1136 1627 1192 exsistere.
1661 1132 1888 1189 Dilectio
1931 1147 2059 1200 ergo

476 1233 620 1298 -Dei,
666 1242 749 1287 est
795 1232 945 1297 vita;
989 1241 1042 1286 et
1094 1230 1223 1295 vita,
1255 1237 1338 1282 est
1383 1227 1627 1296 spiritus.
1672 1224 1883 1293 thuia
1921 1223 2062 1279 Dens

500 1337 598 1391 per
653 1321 999 1378 dilectionem
1057 1319 1270 1373 cunctis
1327 1332 1445 1372 esse
1486 1316 1569 1371 vel
1625 1316 1808 1369 vivere
1851 1314 2059 1375 tribuit,

501 1410 704 1466 ideirco
762 1409 999 1479 Spiritus
1028 1412 1393 1476 nuncupatur.
1448 1405 1572 1459 Ideo
1618 1412 1799 1457 autem
1845 1410 2063 1455 sanctus

498 1500 737 1565 additur,
767 1498 892 1568 quia
924 1507 1117 1552 cuncta
1147 1512 1240 1565 per
1265 1510 1387 1551 eum
1419 1494 1855 1560 sanetiticantur.

572 1678 679 1731 ΡΠ.
712 1674 951 1741 Qualiter
977 1673 1234 1743 probatur
1265 1672 1351 1727 hic
1385 1672 1614 1740 Spiritus
1650 1688 1677 1725 a
1710 1672 1865 1727 Patre
1896 1683 1947 1727 et
1978 1670 2065 1726 Fi-

503 1787 576 1823 tto
603 1765 934 1838 procedere?
1350 1778 1353 1783 ί
1596 1832 1599 1835 _

573 1860 738 1914 MAG.
766 1855 908 1910 Nihil
944 1856 1089 1910 aliud
1131 1854 1368 1924 Spiritus
1430 1849 1887 1920 sanctus,-’quani
1918 1866 2066 1905 amor

503 1953 597 2006 Dei
647 1949 991 2018 intelligitur.
1043 1947 1196 2001 Unde
1254 1954 1308 2001 et
1365 1944 1505 1999 Deus
1544 1944 1791 1999 ‘cliaritas
1844 1944 2058 1998 dicitur.

504 2043 732 2096 Constat
765 2049 967 2101 autem,
1005 2037 1131 2105 quia
1161 2036 1323 2089 Pater
1354 2034 1569 2098 Filium,
1595 2043 1653 2086 ut
1686 2032 1953 2101 seipsum,
1984 2032 2066 2083 di—

503 2131 661 2200 ligit;
716 2137 771 2185 et
816 2116 959 2199 item,
1000 2124 1172 2181 Filius
1208 2124 1464 2189 Patrem,
1523 2134 1580 2179 ut
1638 2125 1882 2193 seipsum
1946 2122 2070 2177 dili-

500 2225 601 2293 git.
644 2219 767 2275 Vita
817 2234 1048 2289 namque
1094 2217 1263 2288 diligit
1299 2233 1357 2271 se
1390 2230 1600 2285 sapere,
1648 2224 1703 2270 et
1741 2215 1935 2271 iterum
1983 2229 2072 2268 sa-

506 2314 712 2382 pientia
741 2309 919 2381 diligit
947 2320 1009 2364 se
1041 2309 1244 2365 vivere.
1274 2305 1406 2361 Vitre
1437 2316 1651 2371 autem,
1684 2314 1738 2359 et
1763 2303 2069 2374 sapientiie,

506 2405 730 2473 probata
762 2411 853 2458 est
886 2415 993 2457 una
1037 2399 1276 2455 essentia
1317 2411 1460 2472 esse.
1490 2396 1677 2466 ,igitur
1708 2394 1945 2458 dilectio,
1988 2394 2071 2447 vel

505 2511 680 2561 arnor,
734 2493 816 2549 vel
849 2492 1110 2554 charitas,
1165 2489 1305 2557 quod
1334 2497 1419 2543 est
1455 2486 1693 2555 Spiritus
1734 2496 1976 2547 sanctus,
2019 2483 2072 2536 in

506 2566 813 2643 substantia
832 2581 1016 2639 Fatris
1066 2592 1120 2636 et
1172 2580 1292 2635 Filii
1339 2576 1704 2632 eoesseutialis
1741 2575 1973 2636 exsistit,
2023 2583 2076 2629 et

505 2680 632 2733 ideo
667 2677 736 2730 ab
766 2687 994 2743 utroque
1029 2673 1304 2744 aequaliter
1322 2668 1584 2739 procedit.

574 2766 685 2823 FB.
720 2765 776 2821 Si
807 2766 1042 2835 Spiritus
1079 2771 1302 2818 sanctus
1327 2760 1471 2814 Patri
1503 2769 1557 2814 et
1578 2756 1713 2812 Filio
1744 2760 2073 2814 coesseutia-

507 2858 575 2913 lis
603 2856 839 2920 exsistit,
867 2854 1136 2925 quomodo
1166 2853 1234 2908 ab
1264 2850 1535 2905 individua
1579 2849 1880 2903 substantia
1916 2864 2076 2916 sepa-

509 2946 617 2999 rari
650 2943 727 3014 (7)
763 2941 956 3011 potuit,
992 2955 1113 2993 cum
1152 2939 1205 2992 in
1231 2937 1411 3006 specie
1441 2935 1701 2988 columbae
1758 2948 1920 3002 super
1972 2933 2074 2987 Do-

510 3035 735 3097 Iltitlllm,
756 3031 913 3098 vel_in
939 3026 1111 3084 forma
1140 3026 1280 3098 ignis
1305 3041 1465 3094 super
1496 3024 1768 3094 apostolos
1795 3021 2077 3092 apparuit?

577 3121 742 3176 MAG.
774 3118 961 3173 Sancti
987 3116 1224 3186 Spiritus
1241 3114 1538 3171 substantia
1560 3129 1664 3167 non
1694 3113 1746 3166 in
1774 3110 2075 3167 columbam

508 3223 593 3269 est
640 3217 1026 3272 transmutata,
1088 3210 1225 3262 sicut
1280 3221 1380 3261 nec
1422 3202 1580 3260 Verbi
1615 3201 1965 3277 [substantia]
2020 3203 2074 3256 in

2164 769 2255 819 τοῦ
2282 768 2417 820 Θεοῦ
2443 785 2458 831 ;
2620 798 2635 809 κ
3678 789 3709 801 -

2234 862 2359 915 ΔΙΔ.
2392 862 2504 930 Τὴν
2532 858 2625 914 τοῦ
2661 861 2797 913 Θεοῦ
2841 861 3029 914 οὐσίαν
3068 861 3213 928 ζωὴν
3272 858 3424 914 εἶπον
3477 860 3616 916 εἶναι
3646 879 3660 894 ⁸
3692 864 3725 932 ἡ

2160 949 2216 1002 δὲ
2246 949 2451 1021 ἀληθὴς
2475 951 2588 1020 ζωὴ
2617 951 2817 1019 ἑαυτὴν
2848 949 3030 1014 ζῶσαν
3076 953 3190 1004 νοεῖ
3221 967 3235 981 ·
3265 953 3315 1004 εἰ
3373 952 3553 1005 τοίνυν
3593 954 3726 1006 ἑαυο

2160 1039 2259 1107 τὴν
2280 1038 2426 1109 ζωὴν
2466 1037 2637 1107 οὖσαν
2668 1042 2801 1105 νοεῖ,
2848 1040 3051 1108 ἑαυτὴν
3081 1042 3300 1104 πάντως
3360 1042 3570 1112 ἀγαπᾷ.
3620 1042 3726 1095 Τοῦ

2161 1132 2216 1182 δὶ
2245 1130 2381 1183 Θεοῦ
2430 1132 2489 1184 τὸ
2528 1131 2650 1201 ζῇν,
2697 1132 2759 1185 τὸ
2784 1133 2946 1195 νοεῖν,
2992 1128 3054 1184 τὸ
3102 1134 3346 1202 ἀγαπᾷν,
3392 1132 3545 1185 οὐδέν
3578 1133 3728 1185 ἐστιν

2162 1222 2373 1290 ἕτερον,
2417 1221 2450 1289 ἢ
2498 1222 2558 1273 τὸ
2600 1218 2742 1275 εἶναι
2773 1224 2805 1290 ἡ
2841 1224 3029 1291 ἀγάπη
3060 1223 3241 1275 τοίνυν
3281 1221 3375 1276 τοῦ
3419 1222 3727 1288 Θεοῦ,,ζωή

2165 1316 2284 1366 ἔστι
2313 1332 2326 1345 ·
2366 1314 2512 1383 καὶὴ
2550 1315 2685 1383 ζωὴ,
2706 1312 2925 1384 πνεῦμά
2959 1317 3096 1368 ἐστι.
3132 1315 3241 1368 Καὶ
3272 1315 3397 1367 ἐπεὶ
3426 1316 3454 1367 ὁ
3497 1315 3627 1376 Θεὸς
3660 1313 3728 1364 δι’

2165 1406 2384 1475 ἀγάπην
2429 1406 2562 1458 πᾶσι
2606 1406 2665 1458 τὸ
2716 1401 2852 1460 εἶναι
2905 1406 2997 1458 καὶ
3040 1406 3139 1474 ζῇν
3166 1407 3391 1471 δέδωκε,
3443 1405 3529 1458 διὰ
3571 1404 3729 1457 τοῦτο

2166 1495 2387 1562 Πνεῦμα
2444 1495 2934 1568 προσαγορεύεται.
2970 1496 3118 1549 Ἐκεῖ
3159 1497 3214 1549 δὲ
3262 1497 3320 1550 τὸ
3369 1497 3526 1564 ἅγιον
3560 1495 3728 1566 πράσα

2167 1601 2361 1650 κειται,
2389 1587 2469 1640 ὅτι
2503 1587 2566 1638 δι’
2581 1582 2760 1641 ιὰυτοῦ
2788 1587 2961 1639 πάντα
2990 1584 3297 1654 ἁγιάζεται.

2235 1680 2430 1730 ΑΔΕΛ.
2468 1679 2591 1739 Πῶς
2624 1678 2903 1731 δείκνυται
2926 1677 3084 1731 τοῦτο
3140 1668 3364 1747 Πνεῦμα
3418 1678 3563 1749 παρά
3623 1676 3729 1729 Πα⁸

2165 1771 2289 1835 τρδς
2314 1770 2407 1823 καὶ
2464 1770 2593 1822 Υίοῦ
2650 1769 3088 1838 ὲκπορεύεσθαι;

2238 1862 2360 1915 ΔῘΔ.
2395 1863 2470 1914 To
2511 1860 2733 1927 Πνεῦμα
2764 1863 2825 1913 τὸ
2859 1860 3015 1927 ἀγιον
3056 1861 3207 1913 οὐδὲν
3261 1861 3468 1930 ἕτερον,
3500 1862 3532 1931 ἢ
3597 1862 3731 1932 ἔρως

2169 1952 2261 2003 τοῦ
2293 1951 2429 2004 Θεοῦ
2460 1952 2682 2003 νοεῖται⁶
2706 1950 2830 2003 ὅθεν
2856 1951 2951 2003 καὶ
2977 1951 3004 2002 ὁ
3036 1950 3169 2010 Θεὸς
3234 1952 3423 2019 ἀγάπη
3481 1951 3727 2020 λέγεται’
3814 1946 3819 1955 ’

2174 2043 2335 2109 δῆλον
2374 2041 2453 2102 δὲ,
2487 2041 2561 2103 ὡς
2587 2042 2615 2093 ὁ
2651 2042 2838 2110 Πατὴρ
2865 2041 2953 2093 τὸν
2991 2039 3226 2103 Υίδν,ὠς
3253 2041 3465 2101 ἑαυτὸν.
3496 2042 3707 2111 ἀγαπᾷ·

2176 2131 2269 2184 καὶ
2291 2132 2452 2199 δῆλον
2492 2133 2520 2184 ὁ
2565 2132 2678 2194 υίὸς
2701 2132 2791 2183 τὸν
2822 2132 3063 2201 Πατέρα,
3124 2129 3201 2193 ὡς
3249 2132 3464 2194 ἑαυτὸν,
3522 2131 3730 2201 ἀγαπᾷ.

2176 2224 2288 2276 Καὶ
2320 2225 2429 2293 γὰρ
2460 2225 2495 2292 ὴ
2531 2222 2646 2295 ζωὴ
2680 2224 2876 2294 ἀγαπᾷ
2909 2224 3112 2294 ἑαυτὴν
3178 2222 3491 2292 γινώσκειν,
3540 2223 3637 2276 καὶ
3699 2225 3731 2291 ἡ

2179 2313 2339 2382 σοφία
2365 2314 2556 2383 ἀγαπᾷ
2583 2314 2782 2381 ἑαυτὴν
2816 2315 2937 2382 ζῇν.
2971 2313 3080 2381 Τῆς
3104 2312 3162 2365 δὲ
3195 2312 3341 2380 ζωῆς
3372 2312 3468 2363 καὶ
3521 2312 3618 2381 τῆς
3653 2328 3736 2364 σο-

2177 2405 2306 2468 φίας
2335 2402 2603 2455 δέδεικται
2629 2400 2839 2469 ὁμοίαν.
2890 2402 2960 2455 Ἦ
2994 2402 3144 2469 φιλία
3206 2401 3383 2454 τοίνυν
3419 2402 3451 2470 ἢ
3521 2386 3735 2469 δέρως,

2176 2488 2209 2558 ἦ
2242 2490 2453 2557 ἀγάπη,
2495 2490 2530 2560 ἥ
2559 2490 2650 2552 τίς
2676 2491 2804 2542 ἐστι
2829 2490 2890 2543 τὸ
2952 2490 3175 2558 Πνεῦμα
3211 2490 3271 2542 τὸ
3330 2493 3505 2559 ἅγιον,
3544 2495 3602 2545 ὲν
3666 2496 3734 2563 τῇ

2176 2580 2334 2651 οὐσίᾳ
2364 2579 2458 2632 τοῦ
2493 2581 2700 2649 Harpe;
2733 2582 2825 2633 καὶ
2850 2581 2945 2634 τοῦ
2975 2579 3129 2643 Υξοῦ,
3154 2581 3438 2650 ὁμοούσιός
3476 2585 3617 2649 ἐστι,
3644 2591 3737 2636 καὶ

2177 2671 2305 2741 παρ’
2345 2672 2609 2743 ἑκατέρου
2647 2670 3008 2743 ἐκπορεύεται
3037 2672 3257 2743 ἐπίσης.
3553 2692 3567 2700 '
3746 2716 3755 2728 .

2249 2764 2449 2817 AAEA.
2495 2762 2638 2816 Ἀλλ’
2662 2764 2782 2814 ἐπεὶ
2807 2762 2868 2815 τὸ
2906 2762 3132 2834 Πνεῦμα
3157 2763 3217 2815 τὸ
3247 2763 3403 2830 ἅγιον
3434 2763 3607 2834 Πατρὶ
3642 2763 3736 2815 καὶ

2180 2854 2294 2924 Υἱῷ
2319 2855 2466 2907 ἐστὶν
2517 2854 2829 2924 ὁμοούσιον,
2863 2855 2979 2917 πῶς
3036 2846 3135 2924 τῆς
3186 2854 3492 2925 ἀδιαιρέτου
3553 2857 3736 2918 οὐσίας

2179 2945 2516 3016 χωρισθῆναι
2546 2944 2849 3015 δεδύνηται,
2896 2945 2985 2998 ὅτε
3016 2948 3345 3016 περιστερᾶς
3376 2947 3504 3000 εῖδει
3530 2948 3622 3001 ἐπὶ
3650 2948 3739 3000 τὸν

2181 3035 2454 3106 ΚύριονΑῆ
2483 3034 2655 3104 πυρὸς
2693 3037 2874 3106 μορφῇ
2898 3036 2992 3088 ἐπὶ
3012 3039 3135 3098 τοὺς
3165 3039 3495 3101 ἀποστόλους
3523 3038 3693 3106 ἐφάνη
3721 3054 3737 3102 ς

2251 3126 2377 3179 AIA.
2416 3125 2522 3179 Τοῦ
2559 3126 2717 3192 ἁγίου
2771 3126 3089 3189 Πνεύματος
3144 3129 3300 3180 οὐσία
3350 3130 3450 3182 οὐκ
3506 3131 3587 3190 είς
3642 3128 3740 3199 τὴν

2183 3215 2513 3284 περιστερὰν
2547 3214 2815 3284 ἠμείφθη,
2881 3213 3069 3284 ὥσπερ
3098 3217 3214 3269 οὐδὲ
3249 3217 3280 3286 ὴ
3321 3217 3413 3270 τοῦ
3456 3218 3629 3286 Λόγου
3661 3219 3740 3280 είς

512 3320 732 3360 carnem
760 3312 844 3359 est
877 3299 1289 3366 transformata,
1322 3299 1416 3352 sed
1463 3295 1697 3368 Spiritus
1739 3307 1960 3353 sanctus
1985 3309 2076 3351 co-

2183 3305 2283 3375 τὴν
2315 3306 2500 3377 σάρκα
2533 3305 2960 3377 μεταϐέϐληταιο
2991 3308 3127 3361 ἀ).λά
3152 3308 3212 3361 τὸ
3245 3310 3473 3378 Πνεῦμα
3495 3310 3557 3363 τὸ
3586 3310 3740 3377 ἅγιον
3772 3358 3777 3363 ,

510 3397 706 3451 lumba:
740 3410 935 3464 corpus
967 3391 1224 3446 condidit.

509 3490 693 3567 Sancti
731 3508 776 3561 Η
786 3506 1298 3572 ilarii,Pictavorum
1325 3504 1572 3573 episcopi.
1599 3501 1683 3573 Ex
1700 3501 1956 3568 sermone,
1984 3503 2073 3570 qui

577 3591 688 3649 post
728 3575 1090 3649 Pentecouen,
1115 3578 1166 3628 in
1200 3578 1331 3645 festo
1368 3572 1571 3629 sancta:
1597 3572 1895 3638 Trinitatis,
1937 3573 2073 3626 reci-

580 3647 725 3701 tatur
763 3647 863 3717 (8).

580 3758 864 3814 Credimus
899 3765 1144 3811 sanctam
1196 3750 1538 3814 Trinitatem.
1582 3754 1681 3808 lioc
1711 3760 1814 3819 est,
1859 3750 2073 3806 Patrem

512 3860 565 3905 et
588 3848 786 3904 Filium
821 3860 876 3902 et
907 3848 1168 3917 Spiritum
1199 3855 1468 3911 sanctum,
1505 3859 1670 3899 unum
1705 3843 1871 3899 Deum
1900 3843 2077 3897 omni-

512 3952 807 4011 potentem,
852 3942 1011 3995 unius
1045 3939 1382 4004 substantiae,
1423 3937 1582 3992 unius
1616 3936 1885 3999 essentne,
1922 3936 2078 3990 unius

512 4034 818 4105 potestatis,
843 4033 1175 4088 conditorem
1198 4030 1436 4084 oninium
1461 4036 1858 4093 creaturarum,
1887 4042 1950 4081 ex
1973 4041 2079 4097 quo

510 4127 711 4192 omnia,
749 4141 843 4195 per
877 4140 1032 4193 quem
1087 4123 1291 4187 omnia,
1325 4122 1376 4175 in
1400 4135 1509 4191 quo
1560 4120 1761 4187 omnia;
1796 4117 2007 4173 Patrem
2050 4135 2077 4171 a

510 4221 706 4287 seipso,
736 4234 840 4273 non
861 4218 928 4272 ab
959 4216 1085 4281 alio;
1120 4214 1312 4269 Filium
1341 4228 1404 4269 ex
1436 4210 1594 4266 Patre
1620 4210 1882 4280 genitum,
1913 4209 2078 4263 Deum

511 4326 720 4371 verum,
751 4310 816 4361 de
845 4309 951 4360 Deo
983 4322 1132 4371 vero;
1170 4307 1348 4358 lumen
1375 4318 1584 4367 verum,
1613 4316 1677 4356 ex
1698 4316 1827 4354 vero
1854 4301 2077 4365 lumine;

512 4415 617 4450 non
646 4409 825 4449 tamen
852 4397 958 4448 duo
992 4395 1217 4454 lumina,
1259 4394 1350 4447 sed
1378 4407 1542 4445 unum
1569 4390 1746 4443 lumen
1777 4408 1789 4443 :
1821 4389 2081 4457 Spiritum

513 4499 784 4551 sanctum,
818 4504 845 4540 a
900 4487 1055 4539 Patre
1088 4502 1146 4537 ac
1186 4484 1321 4538 Filio
1365 4484 1645 4552 aequaliter
1680 4484 2077 4549 procedentem,

513 4578 1023 4635 consubStantialem
1054 4589 1106 4630 et
1133 4588 1456 4630 οοίυιυινιιυιιι
1482 4573 1621 4627 Patri
1656 4588 1718 4626 ac
1741 4572 1896 4627 Filio.
1927 4572 2084 4626 Pater

2179 3394 2239 3447 τὸ
2269 3394 2366 3462 τῆς
2405 3396 2732 3468 περιστερᾶς
2762 3395 2999 3449 ἐπλασσε
3042 3398 3220 3469 σῶμα.

2185 3505 2295 3560 Τοῦ
2322 3508 2797 3587 ᾀγίουςηαρίου
2851 3510 3161 3587 Πικτάΰῳν
3196 3513 3578 3587 ’ἐπιοςκόποω
3618 3513 3744 3587 ,Ἐκ

2249 3577 2356 3657 τοτ’)
2385 3578 2535 3657 patri
2564 3577 2676 3657 τὴ]-
2702 3580 3142 3657 μενζηκρστῂῂ
3178 3581 3744 3657 ἀνξξγῖιςῳσκομένου

2249 3646 2458 3714 λόγου,
2482 3648 2552 3700 ἐν
2577 3646 2652 3715 τῇ
2690 3647 2868 3716 ἑορτῇ
2903 3648 3015 3717 τῆς
3044 3651 3216 3718 ἁγίας
3249 3646 3514 3719 Τριἀδος.

2252 3757 2590 3828 Πιστεύομεν
2655 3758 2753 3825 τὴν
2811 3759 2973 3828 ἁγίαν
3042 3760 3266 3832 Τριάδα,
3342 3764 3591 3817 τουτέστι
3654 3766 3746 3817 τὸν

2185 3847 2429 3918 Πατέρα,
2462 3846 2557 3901 καὶ
2586 3848 2677 3901 τὶν
2705 3848 2857 3917 Υίδν,
2909 3852 3004 3904 καὶ
3039 3851 3098 3903 τὸ
3145 3852 3302 3919 ἅγιον
3353 3852 3601 3924 Πνεῦμα,
3648 3855 3747 3908 ἔνι

2191 3939 2326 3993 Θεὸν
2359 3939 2792 4010 παντοδύναμον,
2827 3942 2957 4011 μιᾶς
2993 3942 3203 4006 οὐσίας,
3271 3943 3399 4012 μιᾶς
3441 3945 3744 4012 ὑπάρξεως,

2190 4032 2319 4102 μιᾶς
2360 4030 2986 4105 ὲξουσίας,δημιουργὸν
3014 4035 3227 4092 πάντων
3260 4036 3366 4089 τῶν
3414 4041 3747 4101 κτισμάτων,

2186 4123 2245 4189 ἐξ
2273 4114 2333 4174 οῦ
2363 4121 2561 4186 πάντα,
2590 4123 2658 4175 δι’
2684 4117 2745 4176 οῦ
2778 4125 2981 4193 πάντα,
3015 4119 3129 4193 ὲ.νῷ
3174 4128 3371 4183 πάνταο
3403 4130 3621 4198 Πατέρα
3656 4131 3750 4197 ἀφ’

2188 4213 2423 4279 ἑαυτοῦ,
2465 4215 2580 4267 ἀλλ’
2614 4214 2714 4267 οὐκ
2743 4216 2839 4283 ἀφ’
2892 4217 3103 4287 ἑτέρουο
3160 4219 3291 4272 Υἰδν
3314 4224 3377 4274 ὲκ
3406 4223 3498 4273 τοῦ
3544 4222 3751 4290 Πατρὸς

2190 4306 2619 4380 γεννητὸν,φεδν
2669 4306 2948 4376 ἀληθινὸν,
2984 4310 3047 4361 ἐκ
3102 4310 3241 4362 Θεοῦ
3299 4313 3575 4381 ἀληθινοῦο
3638 4314 3751 4380 φὼς

2191 4394 2468 4462 ἀληθινὸν,
2510 4399 2571 4448 ὲκ
2611 4397 2786 4462 φωτὸς
2839 4398 3125 4466 ἀληθινοῦ,
3170 4403 3230 4452 οὐ
3265 4402 3370 4471 μὴν
3435 4404 3530 4456 δύο
3577 4404 3750 4473 φὼτλ,

2190 4486 2304 4538 ἀλλ’
2334 4486 2390 4538 ἓν
2421 4487 2555 4554 φῶς
2591 4487 2814 4557 Πνεῦμα
2840 4490 3019 4557 ἆγιον,
3053 4492 3208 4560 παρά
3237 4492 3446 4563 Harpe;
3492 4493 3753 4546 καὶιΥιοῦ

2194 4579 2387 4647 ἐπίσης
2404 4579 2853 4650 ἐκπορευόμενον,
2880 4581 3160 4650 ὁμοούσιον
3180 4583 3274 4635 καὶ
3294 4583 3561 4635 συναῖδιον
3582 4587 3691 4636 Πατ
3703 4585 3754 4655 pl.

515 4674 565 4726 in
590 4673 766 4742 s‘eipso
797 4671 1071 4741 perfectus
1113 4670 1271 4733 Deus;
1298 4667 1485 4734 Filius,
1519 4665 1790 4742 perfectus
1825 4665 1985 4731 Deus,
2016 4682 2076 4720 ex

2190 4671 2281 4721 ml.
2309 4669 2436 4738 Υίῴ.
2475 4670 2664 4741 Πατὴρ
2695 4671 2752 4722 ὲν
2775 4672 2951 4739 ἑαυτῷ
2977 4673 3187 4741 πλήρης
3208 4672 3361 4738 Θεὸς,
3386 4672 3513 4735 Υἳος
3540 4676 3754 4742 πλήρης

516 4765 672 4818 Patre
728 4773 907 4829 natus;
948 4761 1180 4830 Spiritus
1240 4769 1482 4823 sanctus,
1538 4737 1810 4824 perfectus
1856 4757 2013 4816 Deus,
2058 4775 2085 4810 a

514 4857 673 4910 Parre
699 4871 761 4908 ac
787 4855 918 4909 Filio
949 4854 1265 4924 procedens.
1301 4848 1416 4905 Non
1449 4862 1557 4906 tres
1593 4861 1768 4906 autem
1802 4850 1928 4905 deos
1961 4851 2089 4902 dici-

517 4963 656 5010 mus,
690 4947 779 4999 scd
810 4963 970 5001 unum
1003 4946 1170 4999 Deum
1206 4944 1645 5013 omnipotentem,
1682 4955 1966 5019 internum,
2006 4944 2085 4993 in-

517 5038 806 5102 visibilein,
844 5035 1365 5099 incommutabilem,
1407 5046 1574 5090 totum
1612 5036 1812 5104 ubique
1849 5050 2082 5103 praesum-

521 5133 651 5190 tem,
682 5140 783 5177 non
812 5129 862 5179 in
892 5134 1073 5194 partes
1096 5126 1349 5186 divisum,
1379 5126 1475 5179 sed
1501 5134 1666 5179 totum
1699 5127 1749 5178 in
1784 5125 2087 5187 universis;

516 5232 620 5270 non
647 5217 906 5280 localiter,
932 5218 1025 5271 sed
1057 5227 1340 5287 potesrate;
1370 5216 1459 5285 qui
1491 5230 1609 5270 cum
1635 5216 1708 5268 sit
1733 5216 2092 5269 incommuta-

2189 4759 2323 4824 Θὲος
2349 4762 2412 4812 ἐκ
2435 4760 2528 4812 τοῦ
2558 4760 2770 4829 Πατρδς
2793 4761 3090 4830 γεννηθείς
3113 4763 3337 4829 Πνεῦμα
3364 4764 3517 4830 ἅγιον
3546 4765 3750 4834 πλήρης

2185 4849 2341 4915 Θεὸς,
2360 4852 2510 4920 παρὰ
2537 4851 2746 4920 Πατρὸς
2770 4852 2865 4905 καὶ
2894 4852 3015 4904 ι’ἱοῦ
3042 4853 3492 4922 ἐκπορευόμενον.
3515 4855 3588 4907 Οὐ
3609 4861 3754 4925 τρεῖς

2188 4944 2245 4996 δέ
2291 4960 2473 5012 φαμεν
2501 4943 2676 5005 Θεοὺς.
2709 4942 2823 4994 ἀλλ’
2852 4943 2948 4995 ἕνα
2996 4943 3129 4995 Θεὸν
3164 4946 3507 5014 πανγκρατῆ,
3540 4947 3754 4999 αίώνιον

2185 5038 2438 5105 ἀόρατον,
2474 5036 2880 5102 ἀμετάϐλητον,
2914 5033 3032 5087 ὅ).ον
3064 5033 3338 5105 πανταχοῦ
3362 5039 3626 5106 παρόντα,
3661 5041 3758 5092 οὐκ

2191 5130 2269 5191 εἰς
2305 5132 2444 5199 μέρη
2472 5128 2873 5199 διαιρούμενον,
2906 5129 3020 5182 ἀλλ’
3053 5129 3175 5182 ὅλον
3213 5133 3272 5183 ὲν
3338 5134 3521 5198 πᾶσιν,
3558 5135 3619 5185 ού
3670 5152 3758 5186 το-

2191 5221 2391 5286 πικῶς,
2412 5220 2545 5272 ἀλλὰ
2578 5222 2717 5272 κατὰ
2737 5220 2860 5272 δύν)
2875 5237 2967 5287 μιν
3004 5236 3016 5249 ·
3038 5219 3094 5282 ὃς
3114 5221 3495 5292 ἀμετάϐλητος
3524 5222 3619 5288 ὢν,
3644 5224 3760 5275 Em:

523 5310 665 5373 bilis,
701 5310 975 5362 imitabilia
1011 5312 1238 5375 creavit,
1269 5319 1323 5362 et
1347 5319 1533 5362 creata
1563 5309 1848 5378 gubernat;
1880 5322 2076 5374 sempr:

2193 5332 2249 5365 σε
2304 5315 2371 5366 τὰ
2429 5312 2765 5383 μεταϐλητὰ,
2798 5313 2987 5365 καὶτὰ
3036 5315 3327 5369 κτισθέντα
3359 5318 3622 5386 κυϐερνᾷ,
3675 5318 3770 5381 ἀεὶ⁴

520 5411 722 5464 manet,
761 5402 902 5467 quod
954 5411 1055 5465 est;
1083 5401 1166 5453 cui
1227 5400 1557 5469 impossibile
1594 5409 1694 5465 est,
1714 5400 1967 5453 accidens
1993 5400 2092 5448 ati-

517 5491 656 5561 quod
699 5492 886 5544 adesse
924 5496 1068 5555 (nam
1122 5492 1351 5559 simplici
1374 5493 1670 5545 divinitatis
1703 5503 1902 5543 natura:
1934 5491 2084 5556 quid.

519 5603 677 5653 quam
701 5584 882 5653 :ttljit'i,
909 5583 987 5634 vel
1025 5582 1187 5635 adimi
1210 5584 1410 5651 nequit;
1457 5600 1662 5652 semper
1686 5596 1765 5637 cst
1792 5583 1929 5633 enim
1954 5584 2093 5648 quod

590 5761 662 5831 (Ἰ)
693 5760 732 5812 Ε
756 5763 829 5814 liti
863 5763 1019 5827 tn:.le,
1054 5762 1304 5828 arpi-rari.

2198 5405 2377 5472 μένων
2433 5404 2567 5473 ὅπερ
2626 5405 2791 5468 ἐστιν,
2965 5405 3312 5475 συμϐεϐηκὸς
3372 5406 3633 5459 ἀδύνατόν
3709 5390 3770 5479 τις

2205 5498 2462 5563 παρεῖναι
2489 5497 2576 5563 (τῇ
2605 5495 2710 5562 γὰρ
2740 5495 2885 5564 ἁπλῇ
2917 5495 3015 5564 τῆς
3051 5496 3303 5565 θεότητος
3339 5498 3499 5564 φύσει
3533 5496 3771 5569 προστεοξ

2207 5582 2416 5648 (ιὴναιῆ
2460 5583 2901 5650 ἀφαιρεθῆναιτι
2950 5585 3256 5651 ἀμήχανον,
3315 5587 3401 5638 ἀεὶ
3456 5588 3562 5658 γάρ
3620 5589 3765 5639 ἐστιν

2275 5759 2346 5827 t8)
2375 5757 2485 5811 Non
2519 5772 2688 5813 ριειςιι
2725 5763 2864 5815 inter
2897 5762 3039 5814 edita
3075 5761 3232 5815 huius
3263 5777 3447 5830 Opera.
