4156 6302
384 403 446 466 ιι
874 394 876 396 '
1583 396 1682 454 DE
1719 393 1897 451 FIDE
1938 393 1954 446 ‹

2059 363 2425 451 τ’ὶιιιῡυχλ,
3255 446 3258 448 .
3563 394 3635 455 t2

377 521 514 589 ὅπερ
715 510 759 586 ᾦ
774 517 904 571 ἴδιόν
921 518 1088 583 ἐστιν,
1169 516 1340 569 ἀΐδιόν
1363 514 1528 576 ἐστιν,
1551 505 1595 578 ᾦ
1618 511 1810 563 ταυτὸν
1832 510 1954 560 ἐστι

2075 514 2176 575 est)
2199 509 2280 560 cui
2312 510 2695 577 prnpriunmst,
2715 509 2800 563 Cui
2823 517 3105 574 intentum,
3132 511 3217 565 cui
3237 510 3395 573 ide"),
3423 521 3473 565 et
3493 527 3632 575 esse,

377 611 437 662 τό
479 606 644 674 εἶναι,
677 611 908 679 καὶζῆν,
958 610 1051 662 καὶ
1079 610 1217 660 νοεῖν
1241 624 1254 636 ο
1303 605 1398 658 καὶ
1415 603 1588 656 ταῦτα
1619 605 1687 653 τὰ
1703 601 1850 671 τρία,
1873 594 1954 661 εἷς

376 702 512 764 Θεός
541 719 557 735 ο
593 701 689 754 καὶ
719 703 747 753 6
775 696 854 763 εἷς
877 702 1030 766 Θεὸς,
1079 701 1252 752 ταῦτα
1269 699 1337 754 τὰ
1383 697 1530 766 τρία,
1551 696 1798 748 τουτέστι
1817 692 1947 749 Θεὸς

379 794 476 844 καὶ
511 794 732 862 Κύριος,
780 791 984 861 ἀληθὴς
1035 791 1132 843 καὶ
1185 790 1354 851 ἀΐδιος
1381 789 1439 840 ὲν
1469 790 1582 848 τοῖς
1641 783 1957 852 προσώποις

382 883 574 952 Τριάςο
595 883 799 953 ἀληθὴς
831 884 928 936 καὶ
948 883 1118 943 ἀΐδιος
1147 883 1204 932 ὲν
1230 882 1296 949 τῇ
1320 880 1479 948 οὐσίᾳ
1504 878 1687 948 μονάς·
1709 877 1830 928 ἐπεὶ
1861 874 1960 943 μία

378 972 534 1025 οὐσία
551 973 579 1025 6
598 972 808 1041 Πατὴρ,
830 974 926 1026 καὶ
951 975 978 1025 6
1005 971 1130 1034 Υίδς
1173 972 1263 1021 καὶ
1286 969 1346 1020 τὸ
1366 969 1518 1035 ἅγιον
1532 969 1774 1036 Πνεῦμα.
1805 964 1954 1033 Αὕτη

379 1064 436 1116 δὲ
462 1065 496 1133 ἡ
532 1064 664 1132 ἁγία
688 1063 884 1134 Τριὰς,
915 1064 1068 1117 οὐδέν
1094 1079 1146 1114 τι
1178 1060 1363 1131 μεῖζόν
1395 1063 1544 1112 ἐστιν
1569 1062 1627 1112 ἐν
1664 1062 1776 1121 τοῖς
1808 1061 1958 1128 τρισὶ

383 1154 695 1223 προσώποις
725 1152 862 1220 ὁμοῦ
896 1154 1215 1223 ρηθεῖσιν,ἢ
1247 1155 1306 1207 ἐν
1329 1155 1409 1206 ἑνὶ
1437 1154 1653 1223 ἑκάστῳ
1677 1153 1960 1223 προσώπῳ

379 1246 525 1309 ἅπαξ
554 1245 831 1315 ῥηθέντες.
852 1245 1123 1297 Ἔκαστον
1141 1243 1249 1314 γὰρ
1269 1247 1378 1297 τῶν
1400 1245 1712 1313 προσώπων
1743 1245 1958 1312 πλήρης

377 1337 526 1386 ἐστὶν
561 1334 723 1387 οὐσία
767 1335 826 1385 ἐν
883 1333 1081 1402 ἑαυτῷ,
1129 1333 1190 1384 οὐ
1231 1333 1337 1402 μὴν
1392 1334 1542 1402 τρεῖς
1589 1333 1792 1395 οὐσίαι,
1841 1330 1958 1384 ἀλλ’

378 1421 460 1487 εἷς
518 1427 675 1488 θεὸς,
727 1427 826 1494 μία
885 1427 1063 1489 οὐσία,
1108 1426 1206 1495 μία
1264 1425 1510 1490 ἐξουσία,
1557 1424 1657 1494 μία
1701 1422 1957 1493 ὓπαρξις,

385 1519 481 1587 μία
534 1519 798 1588 ἀῖδιότης,
844 1520 942 1587 μία
969 1519 1350 1588 μεγαλειότης,
1389 1517 1488 1586 μία
1518 1518 1812 1584 ἀγαθότης,
1841 1518 1958 1570 Πα-

380 1610 508 1675 τὴρ,
531 1609 629 1662 καὶ
645 1609 770 1670 Υἱὸς
795 1612 885 1661 καὶ
929 1608 1086 1677 ἅγιον
1105 1608 1348 1679 Πνεῦμα.
1375 1609 1486 1679 Οὐκ
1506 1609 1693 1677 ἕτερον
1719 1609 1777 1662 δέ
1804 1609 1954 1662 ἐστιν
1985 1674 1994 1682 _

379 1702 408 1751 ὁ
461 1699 649 1767 Πατὴρ
688 1702 747 1754 ὲν
778 1704 844 1770 τῇ
873 1704 1036 1769 φύσει
1075 1701 1167 1753 τοῦ
1190 1702 1344 1764 Υἱοῦ,
1373 1703 1406 1770 ἢ
1443 1701 1540 1754 τυό
1591 1703 1746 1769 ἁγίου
1793 1697 1962 1754 Πνεύέ

2059 607 2111 650 et
2136 599 2336 663 vivere,
2364 607 2417 652 et
2440 599 2712 669 cogitare:
2745 610 2904 669 atque
2927 601 3040 655 haec
3065 601 3187 664 tria,
3224 603 3364 656 Deus
3394 619 3557 670 unus;
3581 617 3638 659 et

2059 704 2196 743 unus
2239 690 2400 754 Dens,
2455 693 2565 746 h‘aac
2611 693 2735 757 tria,
2766 692 2866 747 hoc
2914 705 3017 759 est,
3051 694 3190 751 Dens
3236 710 3298 749 ac
3353 695 3634 760 Dominus,

2059 797 2186 838 vera
2217 794 2272 838 et
2295 794 2494 838 aeterna
2528 785 2579 839 in
2609 787 2854 855 personis
2886 785 3162 852 Trinitas;
3187 802 3310 841 vera
3344 797 3399 840 et
3433 797 3636 841 arternn

2062 875 2114 928 in
2142 878 2441 931 substantia
2470 878 2670 933 unitas:
2701 881 2956 946 quoniam
2986 894 3092 933 una
3123 879 3430 936 substantia
3453 877 3646 943 Pater,

2059 977 2116 1020 et
2157 966 2344 1032 Filius,
2380 980 2430 1023 et
2464 968 2698 1042 Spiritus
2729 979 2969 1024 sam-tus.
3036 971 3163 1025 Haec
3211 981 3391 1025 autem
3449 959 3639 1024 sancta

2062 1056 2301 1110 Trinitas
2331 1057 2500 1112 nihilo
2531 1058 2700 1129 magis
2745 1058 2902 1114 estin
2962 1059 3134 1114 tribus
3183 1061 3430 1130 personis
3477 1060 3645 1113 simul

2062 1146 2243 1212 dictis,
2267 1163 2428 1216 quam
2450 1147 2496 1204 si
2521 1147 2764 1216 qualibet
2793 1148 2843 1202 in
2864 1163 3094 1218 persona
3117 1150 3284 1204 semel
3311 1152 3638 1206 enuntietur.

2067 1237 2195 1290 Nam
2223 1239 2474 1307 qumlibet
2507 1255 2733 1308 persona
2769 1241 3008 1311 perlecta
3048 1243 3098 1295 in
3126 1257 3186 1297 se
3211 1243 3644 1308 substantiaest,

2068 1339 2169 1380 It0tt
2192 1335 2371 1382 tamen
2406 1339 2518 1384 tres
2553 1332 2870 1385 substantia:
2887 1341 3032 1394 sunt,
3057 1333 3151 1387 sed
3175 1347 3314 1387 unus
3345 1333 3510 1395 Deus,
3532 1351 3640 1387 una

2065 1419 2385 1484 substantia,
2405 1434 2508 1472 una
2530 1429 2790 1490 potestas,
2809 1437 2911 1476 una
2935 1421 3196 1484 essentia,
3220 1437 3323 1476 una
3342 1424 3641 1485 aeternitas.

2067 1525 2170 1562 una
2194 1512 2468 1580 maiestas,
2488 1527 2590 1568 una
2611 1514 2843 1581 bonitas;
2860 1513 3040 1578 Pater,
3055 1525 3110 1568 et
3129 1515 3317 1582 Filius,
3337 1525 3390 1570 et
3405 1515 3641 1586 Spiritus
3685 1558 3688 1563 .

2064 1613 2305 1656 sanctus.
2339 1603 2456 1658 Non
2493 1617 2580 1660 εει
2608 1616 2790 1660 autem
2817 1606 2960 1661 aliud
2993 1607 3157 1663 Pater
3187 1609 3238 1663 in
3270 1619 3464 1666 natura
3496 1610 3640 1676 Filii,

2068 1695 2149 1745 vel
2180 1693 2418 1761 Spiritus
2457 1697 2654 1750 sancti:
2685 1711 2784 1750 nec
2811 1696 2957 1752 aliud
2995 1695 3163 1754 Filius
3185 1711 3237 1754 et
3261 1699 3493 1770 Spiritus
3517 1717 3642 1754 san-

387 1806 581 1856 ματος·
614 1793 725 1844 οὐθ’
755 1792 943 1860 ἕτερον
973 1795 1000 1845 6
1035 1794 1160 1856 Υἱὸς
1194 1797 1290 1847 καὶ
1330 1794 1390 1845 τὸ
1417 1795 1573 1860 ἅγιον
1602 1794 1826 1862 Πνεῦμα
1856 1793 1952 1846 τοῦ

2065 1792 2182 1838 ctus
2218 1786 2269 1838 in
2297 1797 2483 1868 natura
2518 1785 2712 1851 Patris,
2772 1803 2893 1843 cum
2925 1806 3026 1843 una
3069 1791 3142 1845 sit
3186 1791 3271 1845 bis
3310 1803 3526 1857 natura,
3553 1810 3642 1847 vc-

383 1855 592 1948 Πιτρὸς
615 1882 673 1932 ἐν
710 1884 774 1951 τῇ
801 1855 982 1948 φόσει·
1017 1877 1096 1945 οἷς
1120 1855 1238 1936 ἐστι
1273 1885 1371 1952 μία
1405 1855 1587 1951 φάσιν
1626 1855 1767 1953 πλὴν
1792 1883 1950 1948 ἄλλος

2059 1893 2174 1930 rmn
2204 1870 2344 1932 alius
2373 1860 2454 1934 est
2482 1877 2665 1943 Pater,
2689 1895 2942 1948 persona;
2971 1883 3108 1937 alius
3137 1895 3220 1938 est
3244 1882 3429 1948 Filius,
3454 1855 3640 1954 perso-

382 1971 532 2022 ἐστὶν
564 1973 590 2022 6
651 1974 860 2042 Πατὴρ,
909 1975 986 2044 τῷ
1047 1974 1327 2043 προσώπῳ
1365 1992 1379 2006 ο
1416 1975 1576 2036 ἄλλος
1607 1978 1636 2026 ὁ
1689 1976 1839 2037 Υἱὸς,
1869 1976 1949 2044 τῷ

381 2061 679 2132 προσώπῳ·
742 2065 836 2117 καὶ
868 2065 1058 2134 ἕτερον
1107 2065 1171 2116 τὸ
1227 2065 1456 2134 Πνεῦμα
1519 2065 1582 2116 τὸ
1635 2065 1811 2133 ἆγέον,
1870 2066 1950 2135 τῷ

381 2155 680 2225 προσώπῳ.
718 2158 807 2208 Ἐν
823 2158 903 2225 τῷ
919 2159 1096 2227 Ila.th
1119 2157 1381 2226 ὰῖδιότης,
1407 2159 1464 2207 ὲν
1497 2156 1576 2226 τῷ
1603 2157 1713 2225 Tit?)
1744 2159 1950 2226 ἰσότης,

379 2249 437 2298 ὲν
462 2249 538 2316 τῷ
570 2248 710 2316 ἁγίῳ
744 2249 1024 2316 ιΙνεύματι
1072 2249 1172 2318 τῆς
1206 2248 1504 2316 αῖὸιότητος
1546 2251 1640 2301 καὶ
1671 2249 1769 2318 τῆς
1843 2249 1954 2301 ίσό-

378 2356 537 2408 τητος
568 2339 884 2409 σύνδεσμος.
933 2341 1028 2393 Ἓν
1067 2342 1114 2392 οἱ
1154 2341 1354 2401 πάντες
1380 2343 1445 2410 τῇ
1476 2341 1655 2409 οὐσίᾳ,
1679 2345 1746 2407 τῇ
1775 2341 1956 2414 ὑπάρ-

380 2426 480 2490 ξει,
515 2430 583 2497 τῇ
635 2427 1166 2498 παντοδυναμότητι.
1195 2433 1260 2498 τῇ
1319 2429 1553 2498 θεότητι.
1589 2430 1801 2498 Ὥσπερ
1839 2431 1949 2500 γὰρ

380 2519 522 2588 αὕτη
547 2523 580 2590 ἡ
617 2521 752 2587 ἁγία
781 2523 958 2591 Τριὰς
992 2521 1307 2591 ἀδιαίρετός
1333 2523 1449 2577 ἐστι
1469 2525 1536 2592 τῇ
1565 2522 1744 2592 οὐσίᾳ,
1805 2522 1952 2576 οὕτω

381 2615 606 2676 καὶτοῖς
632 2613 814 2680 ἔργοις
853 2614 1000 2664 ἐστὶν
1031 2612 1356 2683 ἀδιαίρετος·
1393 2614 1444 2665 εί
1509 2615 1604 2666 καί
1666 2631 1787 2668 τινα
1843 2617 1951 2669 τῶν

383 2703 476 2755 τοῦ
497 2702 632 2754 Θεοῦ
655 2703 831 2770 ἔργων
853 2703 997 2764 ἰδίως
1015 2705 1128 2754 τισὶ
1142 2703 1251 2754 τῶν
1272 2703 1580 2770 προσώπων
1599 2705 1951 2774 ἁρμόζουσιν,

385 2792 634 2862 ὥσπερὴ
688 2793 752 2844 ἐκ
785 2792 890 2844 τῶν
937 2793 1186 2862 οὐρανῶν
1231 2793 1483 2862 ἠχήσασα
1552 2795 1730 2865 φωνὴ.
1780 2797 1868 2849 ὅτε
1924 2800 1952 2850 6

385 2885 616 2953 Χριστὸς
650 2886 993 2950 ἐϐαπτίζετο,
1026 2885 1102 2953 τῷ
1151 2887 1348 2956 Πατρί·
1404 2888 1499 2939 καὶ
1546 2887 1624 2958 τῷ
1675 2890 1951 2958 προσώπῳ

385 2978 479 3030 τοῦ
539 2977 662 3030 Υίοῦ
734 2979 880 3048 μόνῳ
913 2979 1181 3048 προσήκει
1243 2979 1276 3047 ἡ
1333 2979 1433 3046 τῆς
1521 2979 1949 3050 ἀνθρωπότητος

388 3070 714 3138 πρόσληψις
749 3069 944 3139 καὶτῷ
970 3070 1251 3140 προσώπῳ
1275 3069 1367 3123 τοῦ
1422 3071 1576 3138 ἁγίου
1635 3073 1953 3143 Πνεύματος

2055 1984 2161 2032 na;
2224 1969 2362 2025 alius
2397 1981 2483 2025 est
2517 1972 2752 2041 Spiritus
2800 1987 3041 2040 sanctus,
3098 1990 3355 2044 persona.
3393 1975 3447 2030 In
3485 1977 3643 2032 l'atre

2054 2060 2349 2126 :ctcrnitas,
2404 2061 2456 2114 in
2513 2061 2653 2118 Filio
2698 2066 3007 2133 aequalitas,
3074 2067 3125 2120 itt
3169 2066 3402 2136 ,Spiritu
3446 2081 3637 2124 Sancto

2056 2151 2774 2224 :rternitatiset:eqnalitatis
2798 2158 3086 2213 connexio.
3113 2157 3282 2213 Unum
3307 2176 3499 2215 mnnes
3517 2161 3641 2215 sub-

2057 2242 2274 2304 stantia,
2294 2243 2970 2321 essentia,omnipotentia,
2984 2248 3283 2302 divinitate.
3300 2249 3433 2303 Nam
3453 2264 3610 2320 quem
3624 2283 3641 2292 -

2057 2332 2343 2385 admodum
2400 2334 2512 2387 haec
2573 2344 2758 2388 sancta
2803 2334 3044 2389 Trinitas
3084 2337 3356 2391 individua
3381 2356 3463 2394 est
3513 2343 3640 2392 sub-

2055 2423 2290 2488 stantia,
2343 2423 2422 2478 sic
2477 2433 2535 2478 et
2582 2425 2836 2492 Operibus
2897 2437 2981 2482 est
3028 2427 3343 2483 individua:
3398 2430 3523 2484 licet
3574 2448 3638 2484 ex

2055 2515 2312 2584 aperibus
2335 2515 2425 2568 Dei
2459 2516 2706 2584 quaedam
2726 2517 3078 2584 singulariter
3095 2517 3369 2591 aliquibus
3391 2526 3638 2591 personis

2055 2617 2379 2676 congruunt,
2405 2619 2463 2661 ut
2483 2622 2586 2662 vox
2609 2608 2730 2671 ista,
2753 2623 2874 2677 qua:
2909 2608 2978 2664 de
2992 2610 3147 2666 caelis
3173 2587 3382 2678 sonuit,
3420 2617 3638 2684 quando

2057 2697 2438 2766 baptizabatur
2466 2699 2736 2765 Christus,
2768 2699 2952 2766 Patri;
2992 2712 3044 2756 et
3070 2703 3172 2756 soli
3219 2720 3462 2773 persona:
3490 2705 3638 2772 Filii,

2054 2791 2404 2846 humanitatis
2474 2794 2770 2862 assumptio
2821 2794 3118 2863 competit;
3171 2809 3227 2851 et
3284 2797 3640 2868 singulariter

2055 2897 2302 2952 persona:
2331 2883 2569 2951 Spiritus
2598 2886 2796 2950 sancti,
2825 2886 3096 2940 columba.
3146 2889 3199 2942 itt
3251 2889 3407 2958 cnjns
3455 2892 3639 2959 Specie

2056 2975 2192 3033 Idem
2247 2975 2482 3042 Spiritus
2527 2986 2750 3032 sanctus
2794 2992 2959 3046 supra
3016 2977 3212 3034 Filium
3268 2982 3402 3046 Dei,
3457 2985 3547 3051 qui
3582 2993 3642 3036 nt

2055 3069 2214 3123 homo
2229 3068 2627 3142 baptizabatur,
2656 3068 2956 3127 descendit.
2979 3069 3171 3126 Procul
3196 3071 3356 3126 dubio
3375 3082 3553 3127 tamen
3579 3081 3634 3126 et

383 3160 528 3221 l6iut;
558 3162 591 3229 ἡ
628 3163 951 3230 περιστερὰ,
988 3156 1054 3231 ἦς
1117 3163 1178 3213 ὲν
1231 3162 1365 3214 εῖδει
1422 3163 1482 3213 τὸ
1542 3163 1677 3215 αὐτὸ
1722 3163 1949 3234 Πνεῦμα

2059 3175 2238 3217 vocent
2279 3160 2450 3224 illam,
2474 3170 2530 3215 et
2551 3161 2878 3226 columbam,
2908 3172 2962 3223 et
2990 3160 3382 3218 humanitatem
3413 3166 3638 3229 Christi,

381 3250 540 3317 ἅγιον
566 3250 934 3319 κατελήλυοεν
964 3251 1060 3304 int
1085 3255 1176 3305 τὸν
1205 3252 1336 3304 Τίδν
1375 3252 1469 3303 τοῦ
1510 3252 1669 3317 Θεοῦ,
1718 3254 1796 3318 ὡς
1847 3256 1941 3310 ἇν-

2054 3262 2164 3309 tota
2186 3250 2423 3307 Trinitas
2447 3251 2651 3318 eﬂecit,
2683 3253 2840 3323 cujus
2863 3268 3025 3322 opera
3057 3266 3182 3310 sunt
3220 3256 3518 3311 individua.

383 3340 604 3410 Θρωπον
667 3341 1086 3411 βαπτιζόμενον.
1151 3342 1294 3412 Πλὴν
1386 3345 1772 3414 ἀναμφιϐόλως
1852 3348 1953 3419 τὴν
1987 3350 2171 3418 φωνὴν
2201 3347 2440 3416 ἐκείνην,
2496 3347 2588 3399 καὶ
2614 3347 2711 3417 τὴν
2740 3347 3095 3418 περιστερὰν,
3138 3349 3232 3402 καὶ
3269 3351 3369 3420 τὴν
3410 3351 3638 3422 ἀνθρω-

388 3434 598 3502 πὸτητα
629 3433 724 3485 τοῦ
767 3435 1026 3505 Χριστοῦ,
1061 3437 1160 3504 ὅλη
1189 3438 1222 3505 ἡ
1286 3437 1458 3505 Τριάς
1527 3441 1860 3508 ἐνήργησεν,
1904 3437 1971 3512 ἧς
2005 3444 2078 3496 τὰ
2106 3443 2242 3510 ἔργα
2272 3442 2563 3512 ἀδιαίρετά
2584 3445 2754 3496 ἐστιν.

965 3590 1262 3604 m

1553 3591 1697 3605 μιν*
1711 3595 1721 3602 ο

1276 3593 1550 3606 -———_

1730 3593 1878 3607 4-...—

1907 3593 2276 3608 *c—hn-

1623 3723 2198 3815 MONITUM
2287 3709 2362 3777 υ)

458 3991 813 4063 Snbsequens
835 3995 1267 4055 narratiuncula,
1295 4004 1544 4064 tanquam
1569 3995 1980 4065 llarmetmpuli,
2001 4005 2317 4051 recensetur
2340 3997 2390 4048 itt
2409 3993 2666 4066 Catalogo
2684 3995 3022 4066 Nesseliano,
3040 4011 3200 4069 parte
3226 4019 3288 4069 ιι,
3313 4018 3365 4072 p.
3393 4003 3483 4071 27,
3511 4007 3635 4061 cod.

387 4091 478 4156 12,
527 4105 679 4146 nttm.
706 4091 764 4155 '5,
797 4092 1171 4165 nondumque,
1212 4088 1464 4144 Fabricio
1497 4099 1657 4154 teste,
1688 4091 1864 4145 lucem
1889 4091 2054 4144 vidit.
2087 4091 2434 4160 Quapropter
2462 4093 2530 4147 ad
2561 4109 2682 4148 eam
2714 4094 2817 4162 ipsi
2857 4095 3188 4152 alierendam
3229 4098 3454 4168 jamjam
3483 4099 3635 4157 laetus

386 4180 740 4249 accingebar,
772 4194 898 4231 cum
953 4193 981 4230 a
1029 4159 1204 4231 doctis
1240 4176 1588 4230 BibliOthcca:
1646 4176 1795 4244 Regii
1846 4159 2221 4233 Taurinensis
2267 4179 2515 4234 Athentei
2572 4159 2872 4238 triumviris
2915 4185 2966 4237 id
3016 4187 3147 4240 mihi
3201 4159 3315 4242 sive
3343 4159 3633 4259 'gloriolae,

391 4267 509 4320 sive
545 4265 924 4320 deliciolarum
974 4273 1298 4334 praereptum
1345 4264 1530 4319 inveni
1568 4264 1669 4332 (9.).
1716 4265 2129 4334 Verumtamen,
2173 4270 2437 4336 quoniam
2488 4271 2772 4340 exemplar
2829 4270 3150 4330 Matritense
3200 4276 3252 4329 in
3305 4277 3633 4345 quibusdam

405 4353 547 4406 haud
591 4351 820 4406 levioris
847 4351 1106 4405 momenti
1142 4351 1376 4405 alienum
1405 4365 1435 4404 a
1471 4349 1793 4406 Tanrinensi
1830 4352 2330 4421 deprehendet-am,
2361 4366 2732 4426 praetereaque
2761 4359 3262 4416 animadversiones
3293 4363 3409 4433 ejus
3436 4365 3630 4420 lectio-

395 4454 524 4492 nnm
573 4439 827 4492 varietati
880 4437 1240 4504 adhibendas,
1279 4453 1382 4492 non
1437 4439 1614 4492 minus
1642 4438 1802 4507 spatii
1841 4451 2005 4507 quam
2052 4440 2230 4511 ipsum
2264 4445 2609 4516 opusculum,
2644 4459 3008 4516 occupaturas
3042 4449 3456 4520 intellexeram;
3491 4469 3642 4510 eam-

395 4529 514 4579 dem
543 4527 801 4582 craman
846 4527 964 4581 sine
1007 4527 1224 4583 lectoris
1272 4527 1525 4592 fastidio,
1561 4528 1677 4583 sine
1723 4529 1931 4583 charta:
1962 4527 2250 4608 dispendio
2286 4530 2483 4585 iterum
2545 4533 2753 4601 apponi
2789 4549 2949 4604 posse
3001 4536 3174 4592 visum
3223 4549 3330 4593 est.
3367 4539 3524 4608 Quod
3562 4545 3633 4594 ita

393 4613 640 4667 lubenter
661 4625 1007 4682 prmstamns.

552 4713 576 4742 ἢ

874 4901 1542 4962 NARRATIUNCULA
1619 4905 1726 4964 DE
1807 4906 2098 4968 TRIBUS
2172 4909 2424 4970 'l'OMlS
2505 4910 2941 4975 SYNODICIS
3016 4914 3161 4975 SUB

951 5001 1044 5062 ΙΜ
1055 5002 1596 5064 PERATORIBUS
1627 5004 1675 5065 C
1679 5001 1838 5066 0N3
1849 5005 2013 5069 ΤΑΝ
2021 5006 2170 5069 ΤΙΝ
2173 5007 2225 5069 0
2260 5007 2545 5070 ΡΟΗΡΗ
2556 5011 2938 5075 YROGENI
2951 5013 3078 5086 T0,

430 5100 853 5163 MANUELE
883 5103 1323 5177 COMNENO,
1354 5107 1455 5166 ET
1501 5107 1954 5170 MICIIAELE

2059 5109 2508 5175 ΑιΑΕοιοϐο
2549 5115 3123 5190 PROMULGATIS,
3174 5117 3253 5177 ΙΝ
3313 5118 3604 5191 QUIBUS

642 5205 911 5266 OMNES
977 5209 1382 5270 ADVERSUS
1464 5212 2083 5274 IMPERATORIAM
2161 5217 2690 5278 MAJESTATEM
2766 5219 3218 5298 TURBARUM|
3281 5225 3442 5284 AUT

1349 5313 1874 5374 BEBELLIONIS
1923 5315 2174 5376 DUCES
2190 5359 2206 5386 ,
2255 5317 2709 5390 EORUMQUE

878 5414 1187 5476 ADJUTO
1199 5416 1344 5476 RES
1423 5419 1526 5477 ET
1593 5419 1892 5480 CONSCII

2059 5421 2526 5482 ΙΛἸἮΕΜΛΤΕ
2599 5424 3236 5491 PERCUTIUNTUR.
3317 5427 3334 5442 “

478 5563 601 5615 Ἐπὶ
631 5563 730 5632 τῆς
753 5560 1030 5630 βασιλείας
1063 5563 1468 5616 Κωνσταντίνου
1510 5565 1604 5616 τοῦ
1676 5567 1954 5639 Πορφυρο·

2136 5567 2246 5621 Sub
2268 5569 2490 5634 imperio
2517 5567 2862 5626 Constantini
2898 5573 3365 5647 Porphyrogeniti,
3403 5587 3642 5631 consen-

390 5655 674 5723 γεννήτου,
728 5652 893 5722 τόμος
938 5653 1254 5724 ὲξεφωνήοη
1287 5697 1302 5720 ,
1369 5658 1791 5726 συμπράξαντες
1867 5661 1954 5713 καὶ

452 5769 521 5840 (ι’)
551 5751 760 5840 ξηρῆς,
784 5770 1012 5840 co_d._(}r.
1043 5771 1232 5840 Matri}.
1260 5787 1306 5835 p.
1326 5775 1432 5824 διε).
1454 5788 1473 5804 ~

454 5834 526 5900 (ξ)
566 5835 734 5882 l‘asiui
759 5834 866 5882 cod.
897 5834 1101 5889 Tauri",
1125 5843 1160 5884 t.
1193 5835 1226 5882 l.

719 5920 987 5981 PATROL.
1039 5923 1151 5983 Gn.
1204 5924 1316 5985 CL.

2074 5660 2240 5714 ticnte
2276 5661 2584 5728 patriarcha
2628 5663 2677 5716 id
2730 5666 2991 5732 temporis
3031 5668 3245 5727 Alexio,
3285 5676 3348 5711 ac
3403 5672 3640 5738 synodo,

3179 5932 3222 5988 9.
