4156 6302
485 317 561 378 τι
1663 306 1917 375 CUNST.
1981 311 2543 374 IIARMENOPULI
3633 305 3723 364 ἐκ

497 444 674 484 tutlttts
706 431 1079 498 promulgatus
1112 439 1217 492 cst,
1250 430 1301 484 in
1343 445 1449 498 quo
1492 431 2047 493 anathematizantur,

2175 429 2246 481 τοῦ
2276 429 2395 481 τότε
2434 429 2769 497 πατριάρχου
2803 424 3047 487 Ἀλεξίοδ
3083 421 3173 475 καὶ
3207 422 3304 489 τῆς
3336 419 3725 475 συνόδου.ἀνα-

491 523 583 590 ιιιιί
643 522 889 574 auserint
939 521 1293 575 rebellionem
1349 520 1549 586 facere,
1582 522 1666 574 vel
1713 520 2051 591 tyrannidem

2175 525 2217 575 ὶε
2227 523 2467 593 ματίζων
2554 521 2679 581 τοὺς

495 626 763 678 usurpare
817 616 1082 665 adversus
1150 611 1535 679 imperatores,
1593 619 1757 679 atque
1815 611 2061 663 subditos

496 704 842 770 propriorum
896 702 1248 770 despotarum
1291 701 1357 756 ad
1407 701 1458 754 id
1488 713 1747 771 parantes
1792 702 2056 754 excitare.
2102 710 2109 719 '

499 791 589 843 Sic
620 804 801 845 autem
839 778 1024 846 habet.

566 883 991 952 Quilmscunque
1025 883 1252 937 insidias
1285 883 1452 949 ciere,
1486 883 1568 937 vel
1596 890 1825 937 mortem
1859 881 2062 936 inferre

498 966 939 1041 aggredicntibus
968 975 1277 1029 anathema.

567 1065 1079 1130 (lousentientibus,
1124 1073 1179 1120 et
1215 1064 1752 1119 cummunicantibus
1786 1064 1840 1117 in
1882 1061 2060 1117 rebel-

498 1154 642 1207 lione
671 1156 983 1208 anathema.

569 1246 866 1301 Consilium
900 1247 1180 1309 dantibus,
1223 1255 1388 1316 atque
1437 1245 1794 1301 incitantibus
1836 1246 1901 1299 ad
1948 1245 2065 1300 hate

500 1338 804 1389 anathema.
954 1332 961 1337 ’

572 1424 661 1489 lis,
698 1427 791 1493 qui
826 1426 991 1480 simul
1021 1440 1170 1480 arma
1195 1429 1605 1498 conjunxerint,
1647 1430 1956 1484 anathema.

575 1515 1010 1586 Suscipieutibus
1042 1518 1191 1587 ipsos
1219 1521 1285 1572 ad
1324 1523 1726 1589 pmuitentiam,
1757 1536 1880 1575 cum
1911 1535 1938 1571 a
1981 1535 2068 1573 rc-

504 1608 734 1662 bellione
763 1611 1001 1663 nuntium
1031 1610 1400 1680 resipuerunt,
1438 1612 1492 1666 in
1525 1627 1698 1683 eaque
1734 1613 1909 1667 adhuc
1948 1626 2068 1666 vcr-

416 1702 437 1719 ’
505 1707 715 1762 santur,
754 1699 1069 1754 anathema.

578 1787 786 1843 Similis
815 1789 942 1859 item
976 1791 1079 1844 sub
1111 1789 1341 1859 imperio
1369 1791 1628 1845 Comneni
1661 1790 1946 1855 Manuclis,
1967 1790 2063 1860 qui
2098 1789 2139 1845 Β

507 1899 534 1933 a
582 1882 1018 1950 magistratibus,
1055 1892 1221 1950 atque
1263 1884 1315 1936 id
1349 1887 1616 1952 temporis
1647 1882 1976 1951 patriarcha.
2016 1891 2069 1937 et

506 1984 695 2025 coacta
727 1973 793 2025 ab
842 1973 962 2039 ipso
993 1975 1206 2042 synodo
1242 1973 1416 2028 factus
1458 1985 1563 2038 est,
1595 1973 2069 2028 anathematizans

506 2078 601 2115 eos
626 2063 717 2131 qui
753 2064 978 2118 insidias
1037 2078 1098 2117 ac
1126 2064 1479 2119 rebellionem
1516 2067 1780 2120 adversus
1818 2065 2070 2118 Alcxium

510 2156 655 2209 illius
693 2156 860 2208 lilium
897 2155 1076 2209 moliri
1124 2157 1477 2220 tentaverint,
1520 2158 1601 2211 vel
1647 2158 1765 2212 istis
1804 2157 2069 2211 auxilium

510 2244 862 2311 prmbueriut.

580 2336 824 2388 Alterum
855 2337 1087 2389 similem
1135 2337 1502 2405 promulgavit
1538 2337 1766 2391 Michael
1815 2336 2073 2390 Palmolo-

509 2440 634 2488 gus,
713 2424 1017 2490 prolectum
1105 2440 1302 2492 parans
1361 2426 1625 2479 adversus
1692 2425 1860 2478 lilium
1920 2440 2075 2478 suum

510 2516 882 2567 Andronicum
921 2515 1227 2582 piissimum
1269 2516 1673 2583 imperatorem.
1707 2518 1942 2570 Aderant
1979 2532 2076 2569 an-

513 2614 620 2656 tem
673 2603 819 2655 velut
863 2603 918 2655 in
978 2613 1132 2671 septo
1200 2605 1585 2674 magistratus,
1662 2616 1718 2661 et
1775 2609 2077 2676 patriarcha

512 2694 805 2761 Josephus,
857 2693 949 2762 qui
1003 2704 1056 2747 et
1104 2694 1156 2746 iu
1197 2697 1567 2749 testimonium
1618 2713 1758 2751 vera:
1809 2698 2083 2768 religionis

519 2786 761 2855 martyrii
817 2801 1072 2840 coronam
1136 2786 1366 2857 adeptus
1427 2799 1535 2853 est,
1591 2804 1691 2842 nec
1748 2804 1856 2843 non
1923 2804 2081 2843 sacra

2779 515 3192 587 ἐπιχειροῦντας
3270 511 3614 564 ἀποστασίαν
3685 507 3720 575 ἦ

2160 611 2446 682 τυραννίδα
2479 609 2617 662 κατὰ
2642 604 2906 675 βασιλέων
2940 603 3183 668 ποιῆσαι.
3214 599 3293 660 ὡς·
3319 597 3573 652 ἐντεῦθεν
3601 596 3726 651 τοὺς

2167 702 2442 770 ὑπηκόους
2494 699 2601 751 τῶν
2630 695 2849 749 οἰκείων
2900 690 3175 745 δεσποτῶν
3207 684 3726 757 παρασκευάζον-ως

2162 792 2577 846 ἐπανίστασθαι.
2613 788 2767 857 Ἔχει
2792 786 2849 838 δέ
2875 784 3047 845 οὕτως
3077 798 3093 813 ⁸

2234 883 2359 943 Τοῖς
2381 879 2665 949 μέλλουσιν
2692 873 3008 933 ἐπιϐουλαῖς
3035 870 3140 923 ἀπό
3161 885 3224 935 γε
3254 864 3347 920 τοῦ
3374 864 3476 919 νῦν
3495 864 3532 935 ἢ
3562 861 3729 933 9069-

2163 989 2273 1034 τοις
2304 970 2627 1040 ἐπιχειρεῖν,
2654 967 2929 1035 ἀνάθεμα.

2238 1064 2364 1125 Τοῖς
2425 1060 2874 1130 συμπράττουσιν
2905 1053 3086 1110 αὐτοῖς
3136 1050 3235 1104 ’καὶ
3279 1050 3390 1111 τοῖς
3433 1061 3723 1113 συγκοινω-

2164 1153 2344 1207 νοῦσιν
2371 1153 2429 1204 ἐν
2460 1153 2526 1220 τῇ
2561 1147 2885 1210 ἀποστάσει,
2927 1143 3198 1211 ἀνάθεμα.

2233 1246 2358 1307 Τοῖς
2388 1238 2822 1311 συμϐουλεύουσι
2856 1236 2949 1289 καὶ
2976 1236 3091 1297 τοῖς
3116 1231 3479 1302 παρορμῶσιν
3516 1229 3603 1317 εἰς
3656 1226 3729 1279 τὰ

2165 1334 2413 1398 τοιαῦτα,
2438 1331 2709 1400 ἀνάθεμα.

2238 1427 2364 1488 Τοῖς
2394 1420 2919 1492 συνεκστρατεὼυσι
2950 1418 3185 1478 τούτοις,
3215 1414 3486 1482 ἀνάθεμα.

2238 1518 2364 1579 Τοῖς
2418 1514 2727 1585 δεχομένοις
2781 1512 2977 1573 αὐτοὺς
3024 1511 3104 1571 είς
3156 1506 3449 1577 μετάνοιαν
3477 1541 3496 1569 ,
3534 1502 3628 1555 καὶ
3656 1502 3733 1571 μὴ

2174 1607 2652 1681 μεταμελομένους
2678 1605 2787 1661 ἀπὸ
2814 1605 2913 1672 τῆς
2939 1599 3277 1662 ἀποστασίας
3310 1598 3407 1651 καὶ
3465 1593 3733 1661 καταλιμ-

2173 1702 2441 1762 πάνοντας
2465 1699 2659 1766 αὐτὴν,
2687 1696 2955 1765 ἀνάθεμα.

2238 1794 2462 1862 Ὀμοιος
2489 1792 2581 1842 ἐπὶ
2611 1789 2709 1858 τῆς
2740 1787 3014 1858 βασιλείας
3043 1784 3136 1838 τοῦ
3158 1779 3445 1853 Κομνηνού
3462 1777 3736 1848 Μανουὴλ,

2171 1886 2228 1949 ὃς
2259 1886 2395 1954 μετὰ
2424 1884 2533 1936 τῶν
2578 1885 2638 1935 ἐν
2673 1881 2820 1935 τέλει
2858 1882 2956 1934 καὶ
2974 1877 3071 1931 τοῦ
3114 1874 3417 1947 τηνικαῦτα
3468 1873 3738 1940 πατριάρο

2172 1997 2267 2050 χου
2299 1978 2394 2030 καὶ
2429 1977 2528 2046 τῆς
2560 1977 2651 2030 ὐπ’
2693 1975 2855 2028 αὐτὸν
2896 1973 3119 2026 συνόδου
3154 1970 3372 2037 ἐγένετο
3407 1962 3741 2033 ἀναθεματί-

2174 2072 2286 2135 ζων
2312 2070 2442 2132 τοὺς
2475 2068 2771 2134 ἐπιϐουλὴν
2805 2067 2838 2137 ἢ
2874 2064 3248 2117 ἐπανάστασιν
3300 2061 3444 2111 κατὰ
3485 2053 3579 2108 τοῦ
3624 2052 3738 2108 υίού

2175 2159 2344 2214 αὐτοῦ
2374 2159 2613 2225 Ἀλεξίου
2645 2157 3004 2227 βουληθέντας
3033 2151 3423 2221 ἐπιχειρῆσαι,
3476 2146 3570 2198 καὶ
3615 2147 3740 2206 τοὺς

2175 2252 2357 2312 αὐτοῖς
2392 2246 2832 2316 συναιρομένους.

2250 2342 2480 2410 Ἕτερον
2511 2336 2900 2408 παραπλήσιον
2931 2337 2958 2387 ὁ
2995 2333 3249 2400 βασιλεὺς
3297 2329 3516 2400 Μιχαὴλ
3556 2331 3583 2380 ὁ
3629 2329 3741 2381 Πα-

2178 2431 2452 2499 λαιολόγος
2476 2429 2746 2500 προϐῆναι
2768 2428 3178 2495 παρεσκεύασεν
3200 2463 3220 2487 ,
3276 2425 3372 2475 ἐπί
3396 2421 3473 2489 τῷ
3501 2417 3603 2489 υίῷ
3641 2417 3738 2469 αὐ-

2179 2521 2275 2575 τοῦ
2290 2520 2615 2590 Ἀνδρονίκῳ
2634 2519 2714 2588 τῷ
2733 2517 2949 2571 εὐσεϐεῖ
2968 2512 3373 2586 βασ-ιλεῖ.Ἔνθα
3386 2512 3449 2581 δὴ
3468 2509 3740 2579 παρῆσαν,

2181 2613 2255 2675 ὡς
2309 2610 2494 2673 είκὼς.
2561 2611 2611 2664 οί
2648 2611 2708 2662 ἐν
2733 2608 2881 2661 τέλει
2929 2608 3022 2661 καὶ
3063 2608 3092 2657 ὁ
3118 2605 3466 2676 πατριάρχης
3522 2600 3739 2669 Ἰωσήφ,

2181 2707 2238 2768 ὃς
2275 2721 2359 2767 τις
2390 2705 2539 2773 ὑπὲρ
2571 2702 2675 2772 τῆς
2703 2702 2936 2768 ἀληθοῦς
2967 2699 3249 2760 εὐσεϐείας
3291 2697 3381 2749 τὸν
3424 2697 3523 2764 τῆς
3556 2693 3745 2761 ὁμολο⁸

2184 2796 2311 2864 γίας
2368 2794 2669 2862 ἀνεδήσατο
2721 2792 2985 2859 στέφανον
3013 2806 3028 2820 ’
3072 2789 3242 2842 ἔτιδὲ
3281 2790 3375 2842 καὶ
3424 2790 3455 2853 ἡ
3522 2784 3615 2838 ὐπ’
3653 2784 3745 2836 αὐ-

517 2864 756 2943 syuodus
810 2877 877 2930 ab
927 2877 1045 2945 ipso
1097 2889 1310 2941 coacta,
1376 2895 1499 2948 qua}
1549 2880 1681 2934 diris
1728 2882 2080 2937 anathematis

2185 2890 2275 2941 τὸν
2304 2887 2428 2957 ίερά
2479 2885 2698 2948 σύνοδος
2731 2902 2745 2916 ⁸
2784 2885 2834 2938 οἳ
2871 2886 2998 2955 (leg.
3031 2884 3103 2952 οἳ)
3145 2884 3241 2935 καὶ⁹
3284 2880 3585 2948 ἀρναθέματι
3639 2878 3743 2929 ὐπ-

520 2979 681 3035 atque
709 2971 1177 3024 exsecrationibus
1206 2970 1438 3040 subjecit
1463 2987 1584 3036 eos,
1623 2972 1715 3041 qui
1745 2973 1970 3027 insidias
2022 2987 2080 3027 ac

2184 2979 2379 3033 έϐαλον
2411 2980 2506 3031 καὶ
2558 2979 2720 3047 ἀραῖς
2748 2976 3197 3045 φρικοδεστάταις
3241 2973 3365 3035 τοὺς
3392 2969 3680 3039 ἐπιϐουλὴν
3709 2968 3742 3037 ἢ

527 3059 715 3114 turbas
752 3061 960 3115 ciercnt
992 3061 1044 3115 iu
1078 3061 1395 3132 expellendo
1429 3065 1496 3118 ab
1540 3063 1766 3133 imperio
1807 3064 2080 3133 religionis

2191 3071 2563 3125 ἐπανάστασιν
2593 3068 2885 3138 μέλλοντας
2940 3070 3304 3136 σκαιωρήσειν
3338 3067 3418 3128 είς
3462 3064 3523 3115 τὸ
3549 3061 3745 3126 ἐξῶσαι

520 3151 852 3219 Culumnam,
889 3154 1130 3210 divinum
1172 3155 1579 3226 Imperatorem,
1607 3157 1996 3213 Andronicum.

2185 3159 2285 3229 τῆς
2318 3158 2618 3228 βασιλείας,
2645 3157 2736 3211 τὸν
2793 3157 2892 3226 τῆς
2932 3157 3215 3220 εὐσεϐείας
3261 3156 3482 3219 στύλον,
3520 3153 3610 3206 τὸν
3650 3151 3746 3220 βα-

2189 3251 2340 3305 σιλέα
2370 3251 2513 3305 θεῖον
2544 3250 2902 3315 Ἀνδρόνικον.

533 3455 2373 3484 mm

1099 3629 2072 3746 CONSTANTINI
2162 3593 3182 3752 HABMENOPULl

2005 3856 2265 3919 TOMUS

1162 4020 1646 4114 "CONTRA
1726 4027 2436 4119 GREGORIUM
2528 4032 2664 4120 PA
2687 4032 3088 4120 LAMAM

776 4216 917 4278 Vide
975 4216 1042 4276 in
1070 4216 1379 4295 Gregorio
1413 4214 1665 4279 Palama
1698 4218 1863 4279 inter
1906 4218 2266 4280 Graecorum
2298 4218 2369 4278 de
2416 4238 2482 4280 eo
2539 4224 2875 4286 sententias
2912 4223 2986 4284 ab
3031 4223 3263 4288 Allatio
3302 4227 3523 4290 editas.

1576 4360 1724 4421 (lnl‘ra
1756 4365 1849 4414 col.
1885 4366 1994 4429 864,
2027 4366 2111 4417 ubi
2144 4367 2396 4431 Anonymo
2429 4370 2698 4435 tribuitur.)
