4156 6302
399 386 476 453 ta
1637 371 1972 437 EPI'I‘UME
2009 369 2395 431 calamum.
3597 364 3686 423 ωε..

1504 546 1881 558 mw

1928 540 2338 553 ..___-—.—--———

1765 700 2289 788 EHITOMH

673 908 1010 1035 ΤΩΝ
1096 902 1610 1036 ΘΕΙΩΝ
1666 897 1966 1028 ΚΑΙ
2035 895 2524 1028 ΙΕΡΩΝ
2576 884 3393 1062 ΚΑΝΟΝΩΝ

1858 1129 2210 1178 I‘ENOMENH

574 1285 759 1340 UAPA
841 1281 978 1336 ΤΟΥ
1059 1271 1560 1334 ΠᾹΝΣΕΒΔΣΤΟΥ
1639 1276 1758 1327 ΚΑΙ
1830 1271 2355 1327 ΝΟΜΟΦΥΔΔΚΟΣ

2431 1268 2552 1321 ΚΑΙ
2631 1265 2888 1322 ΚΡΙΤΟΥ
2966 1261 3499 1319 ΘΕΣΣΑΛΟΝΙΚΗΣ

1924 1428 2132 1478 ΚΥΡΟΥ

1137 1575 2932 1762 ΚΩΝΣΤΑΝΤΙΝΟΥ

1429 1865 1658 1952 ΤΟΥ
1723 1858 2606 1951 ΑΡΜΕΝΟΠΟΛΟΥ.

1968 2071 2043 2083 ’.ι-

1756 2218 2298 2310 EPITOME

646 2405 1465 2561 DIVINORUM
1561 2431 2626 2554 SACRORUMOUE
2717 2426 3422 2541 CANONUM

485 2675 539 2734 Α
588 2659 1463 2729 VENERABILISEBASTO
1518 2657 1617 2716 ET
1659 2651 2253 2714 NOMOPHYLACE
2312 2648 2770 2722 'JUDICEQUE
2841 2645 3583 2709 THESSALONICENSi

405 2872 593 3016 D.
714 2843 2065 3013 CONSTANTINO
2193 2840 3675 2999 HARMENOPULO.

1810 3115 2258 3180 CONFECTA.
2463 3101 2466 3104 ’
3157 3162 3166 3172 .

1427 3283 1794 3348 (Leunclavius,
1841 3282 1932 3330 Jus
1956 3281 2448 3341 Graeco-Romanum,
2485 3284 2522 3328 t.
2567 3281 2632 3342 l.)

984 3581 1393 3652 neoesoeta.

479 3700 602 3755 Τῶν
630 3697 872 3751 κανόνων
916 3692 966 3744 οί
1005 3691 1104 3758 μέν
1137 3693 1245 3742 εἰσι
1277 3689 1386 3740 τῶν
1428 3687 1603 3751 ἁγίων
1636 3684 1973 3748 ἀποστόλων,

405 3795 456 3848 οἱ
486 3793 541 3845 δὲ
568 3789 678 3844 τῶν
722 3781 1122 3854 οίκουμενικῶν
1167 3781 1306 3833 ἑπτὰ
1333 3779 1509 3845 ἁγίων
1547 3776 1803 3838 συνόδων,
1842 3776 1891 3826 οἱ
1921 3774 1978 3826 δὲ

404 3887 515 3939 τῶν
547 3881 788 3953 μερικῶν
814 3876 1072 3936 συνόδων,
1107 3874 1157 3925 οἱ
1189 3872 1246 3924 δὲ
1274 3873 1471 3937 ἁγίων.
1507 3869 1631 3922 Τῶν
1663 3870 1977 3936 οἰκουμενι-

405 3978 518 4030 κῶν
545 3975 777 4029 συνόδων
808 3972 841 4040 ἠ
871 3969 968 4038 μὲν
995 3965 1189 4035 πρώτη
1215 3967 1274 4016 ἐν
1303 3962 1533 4030 Νικαίᾳ,
1568 3961 1661 4012 ἐπὶ
1688 3962 1981 4012 Κωνσταν-

403 4071 550 4122 τίνου
584 4065 677 4119 τοῦ
705 4061 985 4128 Μεγάλου,
1027 4055 1170 4109 κατὰ
1212 4052 1454 4121 Ἀρείου,
1499 4050 1593 4103 τοῦ
1639 4051 1847 4117 κτίσμα
1890 4049 1980 4100 τὸν

415 4161 536 4211 Υίὺν
566 4154 659 4208 τοῦ
706 4151 843 4206 Θεοῦ
882 4151 1159 4216 λέγοντος,
1199 4142 1589 4212 συνηθροίσθη,
1642 4138 1981 4209 τριακοσίων

405 4251 537 4302 δέκα
562 4245 658 4297 καὶ
689 4240 835 4295 ὀκτὼ
865 4238 1144 4306 θεοφόρων
1196 4233 1369 4296 ἁγίων
1419 4231 1553 4284 οὖσα
1588 4229 1871 4298 Πατέρων,
1919 4226 1979 4280 ὃν

406 4340 501 4390 καὶ
528 4333 945 4401 ἁνεθεμάτισεν.
998 4327 1060 4378 Ἦ
1091 4326 1148 4378 δὲ
1177 4323 1409 4392 δευτέρα
1441 4322 1498 4374 ὲν
1531 4322 1977 4373 Κωνσταντινου-

408 4430 560 4481 πόλει
595 4425 689 4478 ἐπὶ
717 4420 999 4475 Θεοδοσίου
1025 4417 1120 4470 τοῦ
1157 4414 1408 4483 Μεγάλου
1441 4409 1810 4481 συνηθροίσθη
1839 4409 1980 4461 κατὰ

407 4521 516 4573 τῶν
537 4512 1044 4585 Πνευματομὰχων,
1071 4510 1264 4561 ἑκατὸν
1286 4506 1628 4574 πεντήκοντα
1651 4503 1822 4570 ἁγίων
1845 4501 1982 4553 οὖσα

410 4613 690 4678 Πατέρων,
741 4606 837 4668 οὓς
887 4604 980 4658 καὶ
1024 4598 1444 4666 ἁνεθεμάτισεν.
1496 4595 1560 4647 Ἦ
1599 4595 1656 4646 δὲ
1697 4592 1857 4664 τρίτη
1916 4596 1975 4644 ὲν

358 4749 371 4760 ,
423 4701 637 4770 Ἐφέσῳ
665 4700 756 4752 ἐπὶ
779 4695 1066 4750 Θεοδοσίου
1099 4690 1193 4745 τοῦ
1216 4689 1418 4759 μικροῦ
1445 4686 1809 4756 συνηθροίσθη
1839 4685 1980 4736 κατὰ

411 4791 726 4862 Νεστορίου,
751 4787 848 4842 τοῦ
884 4786 1039 4857 ψιλὸν
1069 4783 1358 4851 ἄνθρωπον
1384 4779 1476 4831 τὸν
1509 4778 1746 4847 Χριστὸν
1777 4777 1983 4844 δογμα-

411 4887 673 4948 τίζοντος,
716 4879 814 4933 καὶ
852 4875 1211 4935 Κελεστίνου,
1271 4869 1566 4923 διακοσίων
1616 4869 1790 4938 ἁγίων
1843 4862 1980 4920 οὖσα

397 4975 693 5044 .ῐ1ατέρων,
728 4965 821 5034 ob};
858 4968 954 5022 καὶ
997 4962 1417 5033 ἁνεθεμὰτισεν.
1461 4961 1525 5011 Ἡ
1549 4960 1608 5011 δὲ
1646 4960 1881 5026 τετάρτη
1921 4958 1978 5008 ὲν

413 5063 717 5129 Χαλκηδόνι
740 5063 834 5114 επὶ
854 5054 1180 5130 Μαρκιανοῦ
1203 5050 1578 5120 συνηθροίσθη
1601 5051 1742 5102 κατὰ
1763 5048 1982 5100 Διοσκό-

416 5175 512 5228 ρου
545 5156 640 5208 καὶ
683 5150 974 5221 Εὐτυχοῦς,
1012 5148 1111 5215 τὰς
1141 5145 1236 5200 δύο
1270 5143 1464 5211 φύσεις
1495 5139 1590 5193 τοῦ
1626 5138 1980 5208 θεανθρώπου

413 5250 590 5316 Λόγου
637 5243 776 5314 μετὰ
800 5243 898 5311 τὴν
930 5241 1124 5292 ἕνωσιν
1153 5235 1426 5304 λεγόντων
1453 5229 1856 5300 συγκραθῆναι,
1889 5228 1984 5282 καὶ

417 5342 494 5399 εἰς
530 5337 663 5407 μίαν
689 5331 852 5400 φύσιν
881 5325 1336 5394 ἀποτελεσθῆναι,
1362 5320 1662 5386 ἑξακοσίων
1684 5319 1984 5389 τριάκοντα

417 5430 588 5497 ἁγίων
632 5423 766 5478 οὖσα
806 5419 1088 5482 Πατὲρων,
1118 5415 1211 5478 οὓς
1240 5416 1334 5467 καὶ
1365 5413 1784 5482 ἀνεθεμάτισεν.
1831 5410 1896 5462 Ἦ
1929 5409 1986 5462 δὲ

417 5524 642 5590 πέμπτη
677 5519 768 5570 ἐπὶ
816 5509 1201 5567 Ἰουστινιανοῦ
1232 5506 1327 5560 τοῦ
1356 5509 1575 5576 πρώτου
1608 5507 1665 5555 ἐν
1689 5506 1986 5557 Κωνστανο

416 5610 722 5664 τινουπόλει
793 5602 1270 5668 συναθροισθεῖσα,
1336 5597 1533 5650 ἑκατὸν
1588 5595 1850 5667 ἐξήκοντα
1892 5595 1988 5646 καὶ

419 5700 582 5751 πέντε
635 5697 809 5764 ἁγίων
847 5710 982 5748 ουσα
1018 5691 1306 5760 Πατέρων,
1348 5687 1417 5738 τὰ
1457 5687 1555 5755 τῆς
1584 5686 1854 5753 τετάρτης
1887 5686 1986 5735 ὲπ-

419 5789 662 5859 εκύρωσε
697 5789 968 5858 δόγματα,
1025 5788 1118 5835 καὶ
1171 5783 1296 5843 τοὺς
1341 5778 1772 5847 ἀνθισταμένους
1813 5777 1986 5844 ταύτῃ

2638 3581 3112 3651 PROLOQUIUM.

2155 3683 2404 3737 Catones
2447 3684 2536 3736 alii
2591 3693 2719 3735 sunt
2761 3691 3079 3734 sanctorum
3129 3680 3529 3746 apostolorum,
3567 3680 3661 3736 alii

2083 3789 2361 3828 sacrarum
2411 3785 2621 3842 septem
2676 3770 3140 3828 (tecumenicarum
3169 3771 3528 3838 synodorum,
3569 3771 3660 3823 alii

2084 3865 2413 3935 synodorum
2450 3862 2893 3933 particularium,
2927 3859 3018 3913 alii
3050 3861 3412 3927 quorumdam
3443 3873 3662 3914 sancto-

2085 3973 2226 4010 rum.
2312 3955 2496 4009 Prima
2557 3955 2799 4025 synodus
2872 3951 3212 4004 memneniea
3276 3949 3492 4014 Nicaeae,
3561 3957 3662 4006 sub

2083 4048 2443 4104 Constantino
2465 4047 2680 4117 Magno,
2701 4047 2969 4100 adversus
2999 4044 3210 4107 Arium,
3233 4045 3322 4113 qui
3351 4055 3657 4099 creaturam

2083 4155 2208 4196 esse
2237 4141 2454 4194 dicebat
2484 4140 2577 4192 Dei
2617 4139 2841 4199 Filium,
2879 4136 3166 4201 convenit;
3202 4150 3267 4188 ac
3299 4138 3525 4189 omnino
3556 4139 3661 4191 513

2084 4231 2226 4285 divis
2256 4234 2573 4299 sanctisque
2605 4229 2860 4282 Patribus
2923 4227 3250 4296 congressis,
3300 4229 3489 4281 Arium
3533 4245 3663 4282 ana-

2084 4323 2312 4376 themati
2376 4321 2629 4391 subjecit.
2693 4320 2945 4374 Secunda
3018 4319 3120 4374 150
3179 4319 3370 4373 Patres
3442 4320 3655 4382 habuit,

2085 4425 2273 4468 coacta
2345 4411 2821 4480 Constantinopoli
2904 4409 3004 4464 sub
3078 4410 3388 4465 The0d0sio
3443 4409 3661 4480 Magno,

2083 4516 2276 4560 contra
2311 4503 2870 4561 Pueumatomachos.
2913 4517 3052 4569 quos
3109 4502 3457 4555 anathemate
3491 4504 3655 4555 l‘eriit.

2085 4594 2271 4648 Tertia
2314 4595 2416 4648 sub
2455 4591 2764 4647 Theodosio
2805 4592 3017 4646 minore
3045 4592 3176 4646 coiit
3226 4593 3427 4660 Ephesi
3463 4579 3670 4646 contra~

2082 4679 2412 4743 Nestorium,
2441 4681 2532 4748 qui
2557 4681 2831 4734 Christum
2866 4680 3114 4733 tradebat
3141 4681 3345 4733 nudum
3383 4680 3662 4733 hominem

2082 4789 2223 4836 esse,
2258 4785 2558 4841 contraque
2602 4772 2957 4827 Celestinum.
3017 4771 3254 4825 Adfuere
3295 4771 3484 4825 Patres
3527 4773 3658 4840 200,

2083 4867 2214 4922 etin
2242 4867 2378 4920 istos
2421 4865 2787 4919 auathemalis
2833 4875 2917 4919 est
2957 4863 3298 4932 promulgata
3350 4866 3650 4917 sententia.

2088 4957 2293 5023 Quarta
2324 4954 2672 5010 Chalcedone
2704 4955 2959 5007 convenit
2988 4952 3088 5005 sub
3130 4949 3428 5014 Marciano,
3462 4955 3661 5005 adver-

2086 5065 2181 5105 sus
2227 5049 2544 5102 Dioscorum
2580 5058 2634 5101 et
2683 5045 3001 5116 Eutychem,
3032 5043 3121 5110 qui
3172 5041 3308 5095 duas
3353 5042 3660 5104 Sermonis,

2088 5141 2179 5195 Dei
2234 5141 2439 5208 pariter
2501 5147 2557 5191 et
2610 5138 2871 5199 hominis,
2937 5145 3167 5187 naturas
3226 5143 3345 5202 post
3400 5135 3657 5188 unionem

2085 5229 2427 5291 commislas,
2466 5228 2520 5280 in
2555 5241 2714 5280 uuam
2767 5233 3015 5277 naturam
3050 5223 3303 5277 redactas
3351 5225 3604 5278 dicebant
3641 5263 3652 5274 .

2089 5321 2321 5388 ideoque
2346 5335 2374 5372 a
2407 5317 2680 5372 sexcentis
2700 5315 2916 5384 triginta
2938 5313 3190 5369 Patribus
3215 5317 3412 5371 ibidem
3432 5317 3650 5370 anathe-

2092 5410 2219 5462 mati
2253 5409 2481 5476 subjecti
2508 5407 2746 5460 fuerunt.
2786 5404 2983 5470 Quinta
3009 5407 3112 5458 sub
3141 5404 3452 5459 Iustiniano
3480 5406 3655 5473 primo

2089 5496 2559 5566 Constantinopoli
2602 5495 2857 5559 collecta,
2921 5511 3043 5549 cum
3104 5495 3206 5548 160
3243 5497 3414 5548 sancti
3467 5495 3653 5545 Ινίιιτρς

2095 5593 2375 5652 adessent,
2409 5597 2604 5654 quarta
2631 5586 2818 5654 synodi
2851 5585 3073 5639 decreta
3105 5585 3445 5638 confirmavit
3491 5583 3653 5651 eique

2097 5684 2431 5744 resistentes,
2481 5687 2536 5732 et
2586 5680 2728 5731 inter
2772 5677 2870 5730 hos
2915 5675 3223 5743 Origenem,
3261 5682 3418 5738 atque
3461 5687 3654 5728 omnes

2095 5773 2399 5834 lia-retices,
2433 5770 2779 5823 anathemate
2817 5767 3085 5818 multavit.
3111 5763 3272 5813 Sexta
3301 5763 3485 5817 itidem
3509 5765 3654 5817 Con-
