4132 6294
513 318 582 380 55
1683 317 1944 377 CONST.
1981 312 2543 375 HARMENOPULI
2803 311 2813 322 ·
3671 298 3741 378 56

512 431 756 496 cognatis
791 427 965 480 dando
1010 427 1135 495 (nisi
1189 427 1324 480 forte
1380 435 1632 494 tauquam
1685 425 2067 495 pauperibus),

2189 423 2618 494 (αταχρὼμενος,
2653 423 2686 491 ἦ
2717 423 2826 484 τοῖς
2876 423 3160 490 συγγενέσι
3197 423 3397 488 διδοὺς,
3431 426 3478 476 εἰ
3518 425 3590 492 μή
3644 442 3748 477 που
3837 445 3844 450 ·

517 521 598 573 vel
634 527 950 588 potestatem
982 517 1034 569 itt
1066 530 1158 570 eas
1190 518 1432 584 cognatis
1453 515 1822 570 concedendo.
1849 516 1948 581 Qui
1984 513 2079 567 tle-

515 608 729 676 linquit,
761 605 827 661 ab
861 603 1100 658 Ecclesia
1138 604 1409 657 tnultator.

771 785 840 840 40
865 785 1244 853 apostolorum,
1293 795 1340 837 et
1372 783 1442 836 24
1473 782 1827 836 ΑηιίοσΙιεηω.

589 939 722 992 Tam
781 940 1042 1009 episcopi.
1077 953 1237 1006 quam
1291 937 1535 991 ecclesia:
1586 953 1673 990 res
1717 936 2082 990 manifesten-

523 1044 634 1097 tur,
697 1041 753 1084 ιιι
785 1042 837 1086 et
875 1031 944 1086 de
975 1033 1087 1084 suis
1121 1032 1371 1098 disponat
1406 1031 1718 1100 episcOpus,
1752 1040 1807 1082 et
1854 1029 2080 1084 ecclesia

521 1123 700 1178 datnui
736 1131 951 1176 maneat
982 1136 1198 1190 expers.

1065 1212 1127 1266 Μ
1172 1213 1554 1278 apostolorum.

593 1304 845 1360 Ecclesia:
870 1321 955 1358 res
984 1307 1266 1372 episcopus
1298 1305 1350 1357 iu
1399 1315 1665 1369 potestate
1699 1305 1914 1369 haheat,
1963 1320 2082 1358 cas-

519 1414 624 1466 que
649 1407 808 1468 prout
837 1399 942 1452 Deo
973 1406 1184 1465 gratum
1220 1397 1405 1458 fuerit,
1437 1398 1802 1451 admittistt‘ct.

1117 1572 1186 1624 9.6
1228 1572 1411 1640 synodi
1455 1572 1505 1623 4.

589 1661 823 1716 (Συῐιὶιιοιι
851 1661 1097 1716 ecclesia:
1124 1662 1469 1729 dispensator
1512 1676 1576 1713 ex
1609 1661 1756 1714 clero
1797 1662 2084 1714 constitui-

2183 520 2256 578 ὡς
2292 517 2540 585 πένησιν,
2570 515 2602 582 ἢ
2627 515 2724 584 τὴν
2769 514 3017 578 ἐξουσίαν
3047 514 3246 568 τούτων
3298 518 3408 578 τοῖς
3458 517 3746 583 συγγενέσι

2185 610 2456 676 παρέχων.
2503 607 2562 659 Ὀ
2600 606 2656 657 δὲ
2687 606 3059 674 παραϐαίνων,
3093 609 3437 676 ἐπι-τιμάσθω
3469 610 3613 678 παρὰ
3656 612 3748 678 τῆς

2194 699 2545 766 Ὶίκκλησίας.

2200 789 2252 841 '0
2277 794 2330 854 μ’
2357 793 2474 844 τῶν
2503 793 2884 853 ἀποστόλων.
2914 791 3011 843 καὶ
3043 795 3074 844 ὁ
3128 789 3214 844 κδ’
3248 789 3356 858 τῆς
3405 792 3473 844 ἐν
3537 792 3748 845 Ἀντιο-

2899 863 3049 928 χείᾳ.
3491 929 3494 934 ν

2251 953 2610 1021 Φανερούσθω
2648 955 2716 1006 τὰ
2735 952 2828 1005 τοῦ
2853 952 3176 1012 ἐπισκόπου,
3203 952 3296 1003 καὶ
3325 950 3390 1004 τὰ
3428 952 3524 1018 τῆς
3551 952 3752 1019 ἐκκλη-

2187 1043 2306 1104 σίας
2339 1043 2658 1110 πράγματα,
2687 1045 2761 1105 ὡς
2789 1044 2856 1096 ἂν
2886 1046 2977 1095 καὶ
3022 1043 3051 1094 6
3071 1042 3367 1104 ἐπίσκοπος
3422 1043 3748 1110 Gaurion-cat,

2185 1138 2277 1183 καὶ
2308 1133 2340 1202 ἡ
2369 1131 2632 1200 ἐκκλησία
2664 1134 2800 1202 μένῃ
2833 1133 3091 1201 ἀζήμιος.

2616 1224 2670 1276 '0
2695 1231 2790 1292 μα’
2818 1223 2935 1278 τῶν
2963 1223 3351 1276 ἀποστόλων.

2259 1317 2378 1369 Τῶν
2434 1318 2531 1382 τῆς
2588 1315 2878 1376 ἐκκλησίας
2951 1312 3294 1383 πραγμάτιον
3365 1311 3394 1362 6
3456 1307 3752 1371 ἐπίσκοπος

2187 1410 2563 1473 ἐξουσιαζέτω,
2622 1409 2716 1460 καὶ
2766 1406 3039 1460 διοικείτω
3108 1403 3283 1457 ταῦτα
3331 1405 3473 1457 κατὰ
3514 1405 3576 1454 τὸ
3628 1404 3748 1470 Θεῷ

2187 1502 2360 1569 φίλον.

2635 1594 2694 1646 Ὀ
2719 1591 2814 1657 κς¹
2839 1591 2950 1660 τῆς
2977 1589 3288 1657 τετάρτης.

2258 1687 2551 1756 Οἰκονὸμος
2579 1687 2784 1756 ἑκάστῃ
2810 1685 2920 1738 τῶν
2957 1683 3264 1751 ἐκκλησιῶν
3292 1681 3399 1734 ἀπὸ
3427 1683 3520 1734 τοῦ
3548 1681 3748 1747 κλήρου

523 1763 631 1808 tor.
672 1753 780 1806 lloc
811 1753 900 1820 qui
952 1753 1174 1820 uegligit
1205 1753 1514 1820 episcopus.
1553 1752 1889 1806 multabitur.
1929 1753 2081 1818 Quod

2189 1779 2435 1845 γινέσθω.
2482 1778 2543 1833 ’0
2575 1779 2630 1830 δὲ
2657 1777 2850 1829 τούτου
2888 1773 3251 1842 καταφρονῶν
3287 1773 3608 1832 ἐπίσκοπος,
3629 1773 3750 1820 ἐπι·

526 1843 569 1896 si
625 1842 1072 1909 metropolitauus
1121 1842 1170 1893 iu
1229 1841 1454 1894 ecclesia
1509 1859 1601 1892 sua
1656 1842 2080 1910 dispensatorem

527 1950 634 1986 non
669 1933 817 1994 facit,
843 1934 1152 1999 patriarcha
1186 1932 1388 1994 faciat;
1420 1941 1474 1984 et
1511 1933 1553 1983 si
1584 1950 1686 1983 nou
1723 1933 1844 1986 facit
1876 1935 2085 2000 episco-

523 2041 650 2094 pus,
690 2026 854 2078 l'aciat
905 2025 1374 2092 tnetropolitauns.
1402 2023 1770 2078 Consimiliter
1800 2033 1854 2078 et
1885 2026 1934 2078 in
1973 2042 2086 2080 tuo—

528 2118 783 2172 uasteriis
811 2117 1101 2186 agendum.

963 2234 974 2250 ε
1001 2211 1066 2263 19
1103 2211 1297 2263 habita:
1323 2211 1373 2262 in
1408 2209 1610 2263 Trulla.

597 2301 694 2362 Qui
755 2309 992 2367 praesunt
1047 2301 1329 2364 ecclesiis,
1384 2303 1618 2354 maxime
1670 2301 1888 2368 quidem
1941 2301 2084 2352 omni

527 2404 803 2459 tempore,
851 2394 944 2447 sed
1002 2395 1278 2462 praecipue
1323 2403 1502 2446 tamen
1559 2395 1751 2447 diebus
1798 2392 2089 2445 Dominicis

530 2486 779 2546 doceant,
811 2499 878 2538 ex
928 2486 1099 2538 sacris
1144 2484 1468 2554 Scripturis,
1524 2485 1741 2540 oracala
1794 2484 2089 2552 Scriptura:

530 2589 759 2630 euarrau
770 2585 868 2629 tes.

1043 2668 1078 2720 3
1113 2667 1568 2737 Carthaginemis.

605 2759 878 2827 Episcopi,
923 2759 1226 2826 presbyteri
1277 2769 1332 2811 et
1365 2757 1602 2820 diaconi,
1647 2757 1986 2811 continentes
2036 2757 2088 2808 in

529 2851 780 2904 omnibus
806 2860 995 2915 sunto;
1028 2857 1086 2902 ut
1114 2864 1232 2917 qua:
1255 2857 1461 2916 petunt,
1495 2849 1818 2916 impetrent:
1843 2857 1898 2902 et
1920 2863 1946 2900 a
1972 2863 2087 2900 tnu-

527 2940 752 2996 lieribus
781 2940 1108 2995 abstinente.

1128 3029 1197 3083 45
1234 3031 1491 3099 ejusdem.

599 3119 1000 3174 Pmuitcntibus
1029 3119 1320 3188 episcopus
1357 3120 1728 3188 paenitentiam
1781 3127 2002 3180 statuat,
2037 3127 2090 3170 et
2119 3105 2162 3162 C

535 3224 732 3279 praztcr
756 3212 924 3280 ipsius
949 3210 1276 3265 sententiam
1307 3210 1591 3280 presbyter
1611 3225 1726 3274 eos,
1749 3209 1848 3263 uisi
1873 3217 2092 3277 urgente

537 3303 882 3369 necessitate,
915 3317 1020 3356 non
1052 3301 1382 3357 reconciliet.
1411 3299 1545 3355 Tum
1585 3303 1677 3370 qui
1723 3299 2091 3370 paenitentiam

536 3404 756 3462 agentes
786 3407 890 3446 non
921 3393 1131 3462 recipit,
1166 3394 1473 3461 deponitor.

1057 3578 1091 3628 ι
1131 3575 1319 3629 Basilii
1361 3574 1564 3643 Magni.

603 3667 758 3734 Quod
813 3670 857 3723 si
921 3668 1114 3721 horum
1182 3667 1416 3733 aliquem
1473 3665 1762 3720 humanius
1826 3674 2093 3720 tractave-

538 3761 628 3821 rit,
676 3759 747 3812 ob
800 3755 1153 3812 excellentem
1210 3755 1650 3821 confessionem,
1705 3756 1920 3811 veniam
1975 3773 2088 3812 me-

530 3861 702 3906 retur.

1041 3943 1075 3997 5
1115 3942 1586 4012 Carthaginiensis.

609 4038 728 4090 Sitit
765 4035 1078 4092 defensores
1111 4031 1536 4107 [ecclesiarum],
1577 4041 1634 4090 ut
1665 4036 1952 4106 episcopus
1984 4050 2088 4090 non

534 4134 864 4188 tuolcstetur.

1128 4225 1196 4279 54
1235 4226 1492 4295 ejurdem.

603 4318 701 4382 Qui
754 4317 808 4369 in
857 4317 1090 4384 partecia
1136 4318 1204 4370 de
1234 4317 1504 4372 sententia
1544 4316 1705 4381 illius,
1733 4314 1818 4369 cui
1878 4315 2086 4378 subest,

2183 1873 2579 1941 τιμηθήσεταιο
2634 1873 2727 1924 τοῦ
2787 1871 3188 1940 μητροπολίτου
3226 1868 3284 1920 δὲ
3351 1866 3424 1934 μὴ
3475 1864 3752 1922 ποιοῦντος

2185 1965 2464 2032 οἶκονὸμον
2523 1967 2580 2016 ἐν
2635 1966 2700 2032 τῇ
2763 1962 3028 2032 ἐκκλησίᾳ
3080 1959 3267 2022 αὐτοῦ,
3329 1960 3358 2010 6
3412 1957 3753 2026 πατριάρχης

2187 2058 2436 2108 ποιείτω’
2471 2056 2564 2105 καὶ
2588 2053 2679 2105 toﬁ
2707 2053 3005 2105 ἐπισκόπου
3034 2054 3106 2120 μὴ
3141 2051 3445 2108 ποιοῦντος.
3489 2050 3516 2098 6
3542 2063 3744 2115 μητρο-
3833 2053 3836 2056 ’

2188 2147 2432 2216 πολίτης.
2458 2146 2612 2198 Κατὰ
2639 2144 2811 2198 ταῦτα
2841 2145 2894 2197 δὲ
2918 2145 3012 2198 καὶ
3035 2144 3125 2196 ἐπὶ
3150 2143 3261 2194 τῶν
3288 2138 3685 2209 μοναστηρίων.

2547 2238 2609 2288 Ὀ
2643 2240 2710 2290 (θ’
2739 2233 2848 2301 τῆς
2873 2237 2946 2288 ἐν
2971 2235 3051 2298 τῷ
3105 2233 3406 2300 Τρυύλλῳ.

2260 2331 2320 2382 Oi
2353 2329 2463 2380 τῶν
2522 2327 2828 2395 ἐκκλησιῶν
2877 2325 3290 2392 προῖστάμενοι,
3355 2321 3588 2392 μάλιστα
3656 2319 3753 2387 μὲν

2188 2420 2498 2480 διαπαντὸς,
2549 2418 2841 2487 ἐξαιρέτως
2870 2417 2925 2468 δὲ
2955 2418 3011 2467 ἐν
3026 2417 3147 2476 ταῖς
3171 2415 3479 2482 Κυριακαῖς
3506 2409 3755 2463 διδασκέ-

2189 2529 2388 2573 τωσαν,
2422 2513 2483 2561 ἐκ
2519 2509 2628 2561 τῶν
2671 2508 2830 2562 οείων
2884 2507 2922 2558 Γ
2928 2505 3136 2578 ραφῶν,
3163 2504 3231 2556 τὰ
3278 2504 3378 2572 τῆς
3410 2503 3629 2570 Γραφῆς
3666 2499 3755 2563 ἐξ·

2191 2603 2481 2672 ηγούμενοι
2510 2601 2687 2667 λόγια.

2617 2693 2683 2745 '0
2711 2699 2760 2759 γ’
2789 2691 2899 2756 τῆς
2929 2691 2998 2744 ἐν
3031 2687 3404 2757 Καρθατέγῃ.

2275 2785 2620 2846 Ἐπίσκοποι,
2649 2785 3029 2852 πρεσϐύτεροι,
3064 2782 3158 2834 καὶ
3179 2780 3437 2844 διάκονοι,
3464 2775 3751 2845 ἐγκρατεῖς

2215 2893 2244 2929 ν
2278 2877 2484 2929 ἅπασιν
2515 2874 2782 2936 ἔστωσαν,
2819 2874 2907 2926 ἵνα
2921 2873 3031 2923 τῶν
3055 2868 3392 2938 αἰτουμένων
3417 2867 3752 2935 τυγχάνωσιο

2195 2969 2288 3020 καὶ⁵
2313 2965 2586 3033 γυναικῶν
2613 2962 3024 3032 ἁπεχέσθωσαν.

2689 3055 2751 3108 ’0
2777 3053 2875 3122 μγ¹
2904 3053 3012 3121 τῆς
3053 3052 3263 3118 αὺτῆςο

2264 3148 2388 3207 Τοῖς
2437 3144 2783 3213 μετανοοῦσιν
2832 3146 2861 3198 6
2921 3143 3217 3207 ἐπίσκοπος
3286 3141 3382 3210 τὴν
3462 3140 3754 3208 μετάνοιαν

2194 3240 2445 3309 ὁριζέτω,
2506 3238 2600 3291 καὶ
2667 3237 2817 3307 παρὰ
2862 3235 3085 3305 γνώμην
3143 3233 3331 3300 αὐτοῦ,
3392 3231 3757 3301 πρεσϐύτερος

2193 3331 2412 3393 αὐτοὺς.
2448 3333 2495 3383 el
2551 3331 2626 3400 μὴ
2649 3329 2716 3382 δι’
2746 3329 3012 3398 ἀνάγκην.
3051 3328 3126 3397 μὴ
3176 3325 3613 3380 mum-mm.
3647 3324 3758 3375 Καὶ

2193 3425 2222 3476 ὁ
2258 3422 2333 3493 μὴ
2367 3422 2794 3492 προσδεχόμενος
2829 3438 2958 3484 τους
3010 3417 3423 3490 μετανοοῦντας,
3475 3413 3757 3484 καθαιρεί-

2197 3515 2327 3568 σθω.

2482 3604 2537 3656 Ὀ
2581 3602 2631 3656 δ’
2661 3604 2767 3657 τοῦ
2809 3601 3072 3671 μεγάλου
3128 3601 3474 3655 Βασιλειου.

2264 3692 2374 3743 Καὶ
2396 3692 2450 3743 εἴ
2492 3708 2598 3742 τινι
2631 3693 2834 3744 τούτων
2882 3691 3386 3759 φιλανθρωπότερος
3417 3687 3486 3739 δι’
3524 3685 3756 3756 ὑπερϐο-

2193 3783 2292 3852 λὴν
2321 3785 2760 3853 ἐξομολογήσεως
2783 3783 3015 3851 γένοιτο,
3044 3782 3437 3850 συγγνωστέος.

2591 3960 2646 4012 '0
2675 3965 2717 4013 ε’
2745 3959 2856 4027 τῆς
2879 3959 2950 4013 ἐν
2977 3955 3354 4028 Καρθηγένῃ.

2269 4050 2551 4103 Ἔστωσαν
2604 4048 2835 4115 ἔκδικοι,
2911 4049 3002 4101 ἵνα
3057 4047 3132 4118 μὴ
3187 4048 3216 4100 6
3292 4047 3586 4110 ἐπίσκοπος
3643 4049 3758 4100 ὲνοο

2191 4141 2406 4210 χλῆται.

2761 4229 2823 4283 '0
2849 4226 2936 4283 rb‘
2965 4230 3208 4296 ταύτης.

2276 4325 2331 4377 ’0
2361 4325 2416 4377 ὲν
2445 4325 2707 4395 παροικίᾳ
2751 4322 2888 4375 κατὰ
2919 4313 3150 4392 γνώμην
3201 4320 3317 4383 τοῦ,
3354 4320 3446 4387 ὑφ’
3483 4319 3542 4372 ὄν
3581 4321 3754 4381 ἐστιν,

537 4411 862 4461 (ιυιιςιῑιιιιιιε
894 4421 976 4462 est
1011 4408 1314 4478 episcopus,
1370 4409 1508 4461 Intra
1548 4407 1746 4461 limites
1792 4422 1918 4461 suos
1975 4423 2087 4460 nta-

2193 4416 2486 4477 ἐπίσκοπος
2534 4413 2833 4479 καταστὰς,
2884 4414 2975 4466 ἐπὶ
3039 4413 3149 4464 τῶν
3204 4411 3422 4465 οἰκείων
3471 4412 3612 4479 ὅρων
3665 4427 3759 4477 με-

528 4509 677 4552 neut.

1092 4634 1392 4692 TITULUS
1436 4635 1525 4692 lV.

774 4776 910 4841 Quae
940 4777 1004 4828 ab
1043 4773 1432 4842 episcopo-meri
1474 4790 1576 4828 non
1604 4773 1843 4830 debeant.

533 4889 713 4944 Conon
749 4891 816 4945 M
847 4890 1227 4958 apostolorum,
1267 4901 1318 4971 et
1351 4891 1420 4945 15
1449 4891 1584 4960 ejus,
1616 4906 1732 4958 qua:
1773 4890 1799 4944 1
1837 4898 1886 4944 et
1923 4889 1957 4942 2
2007 4891 2086 4942 di-

1228 4970 1389 5014 citur.

597 5068 674 5125 Ne
703 5086 853 5125 suam
887 5072 1176 5140 parceciaut
1211 5072 1526 5138 relinquens
1549 5073 1836 5142 episcopus
1888 5073 2092 5127 insiliat

527 5163 582 5215 in
627 5161 888 5215 alteram:
940 5163 1080 5218 uisi‘
1124 5163 1521 5217 οοιιιΙιιοίιιίΙίοι·
1566 5164 1670 5228 eis,
1724 5173 1974 5231 tauquam
2021 5164 2090 5217 ad

527 5257 824 5310 docendum
859 5257 1029 5322 magis
1053 5257 1296 5322 idoneus,
1326 5257 1640 5324 judicetur;
1669 5256 1828 5325 idque
1860 5256 2087 5322 plurium

527 5350 901 5416 episcoporum
938 5358 1041 5399 tam
1067 5349 1296 5416 judicio,
1329 5366 1490 5418 quam
1527 5349 1770 5404 hortatu.

1213 5458 1496 5512 Scltolt'um.

601 5551 742 5617 Non,
769 5561 827 5604 ut
867 5565 1080 5619 semper
1114 5551 1220 5603 illis
1253 5550 1412 5612 adsit,
1463 5553 1601 5604 istuc
1651 5551 1816 5611 dicit;
1869 5551 1963 5602 sed
2023 5549 2088 5600 ad

529 5634 760 5690 tempus,
791 5621 1038 5674 utilitatis
1070 5619 1246 5688 pepuli
1278 5635 1463 5686 causa,
1492 5633 1544 5676 et
1583 5633 1640 5674 ut
1705 5635 1892 5674 rursus
1937 5633 2087 5674 suam

529 5694 594 5746 ad
624 5692 910 5758 parmciam
937 5699 1254 5745 revertatur.

2192 4511 2346 4561 νέτω.

2683 4643 3020 4698 ΕΠΙΓΡΛΦΗ
3044 4643 3119 4696 Δ⁹.

2408 4779 2442 4830 1
2447 4776 2546 4827 ίνα
2575 4775 2668 4828 δεῖ
2693 4775 2779 4844 μὴ
2809 4774 3002 4828 ποιεῖν
3046 4775 3154 4828 τὸν
3181 4773 3542 4827 ἐπίσκοπον.

2205 4892 2257 4942 '0
2291 4891 2359 4943 ιδ’
2393 4889 2512 4944 τῶν
2537 4889 2918 4948 ἀποστόλων,
2949 4889 3048 4941 καί
3081 4891 3114 4941 ό
3140 4886 3205 4942 ιε’
3234 4887 3344 4954 τῆς
3371 4893 3420 4940 α’
3451 4887 3550 4940 καὶ
3572 4886 3633 4950 ,β’
3665 4889 3759 4939 ,ιε-

2819 4960 3095 5027 τομένηςο

2275 5075 2600 5135 Ἐπίσκοπος
2632 5073 2708 5141 μὴ
2734 5073 2840 5123 ἐῶν
2871 5071 2995 5139 τὴνζ
3014 5070 3208 5122 ἑαυτοῦ
3242 5070 3556 5140 παροικίας),
3589 5068 3754 5139 ἑτέρᾳ

2192 5165 2530 5234 ἐπιπηδάτω,
2563 5165 2611 5215 εί
2649 5163 2724 5232 μὴ
2749 5164 2858 5224 τοῖς
2903 5163 3020 5212 ἐκεῖ
3060 5161 3518 5229 λυσιτελέστερος,
3548 5157 3623 5220 ὡς
3673 5159 3756 5210 δι·-

2192 5254 2609 5320 δακτικώτερος,
2644 5251 2885 5313 κρίνοιτο
2911 5267 2922 5279 ·
2957 5250 3052 5301 καὶ
3095 5249 3254 5302 τοῦτο
3284 5247 3499 5300 πολλῶν
3526 5247 3744 5299 ἐπισκό·

2195 5360 2312 5396 πων
2358 5343 2453 5395 καὶ
2479 5341 2682 5410 κρίσει,
2705 5345 2798 5392 καὶ
2823 5342 3190 5411 παρακλήσει.

2830 5455 3102 5521 Σχόλιον.

2265 5547 2377 5597 Οὐκ
2415 5546 2508 5597 ἐπὶ
2549 5546 2626 5613 τῷ
2653 5547 2740 5597 ἀεὶ
2773 5550 2882 5606 τοῖς
2913 5549 3030 5598 ἐκεῖ
3062 5564 3322 5610 συνειναι,
3352 5545 3508 5597 τοῦτό
3551 5561 3748 5614 φησιν’

2194 5614 2328 5667 ἀλλὰ
2388 5615 2521 5679 πρὸς
2559 5616 2769 5680 καιρὸν,
2819 5614 3092 5684 ὠφελείας
3122 5617 3280 5684 χάριν
3309 5615 3400 5668 τοῦ
3452 5614 3605 5680 λαοῦ,
3655 5617 3754 5670 καὶ

2194 5685 2356 5735 πάλιν
2391 5685 2469 5746 εἰς
2503 5685 2601 5752 τὴν
2639 5685 2770 5739 ίδίαν
2810 5685 3150 5750 ἀνακάμψαι.
