  <div class='ocr_page' id='page_1' title='image "/cluster/home/n/w/nwhite01/storage/ocr_20150623/150/mdp.39015078384743/039.png"; bbox 0 0 4132 6294; ppageno 0'>
   <div class='ocr_carea' id='block_1_1' title="bbox 521 394 3819 491">
    <p class='ocr_par' dir='ltr' id='par_1_1' title="bbox 521 394 3819 491">
     <span class='ocr_line' id='line_1_1' title="bbox 521 394 3819 491; baseline 0.009 -34"><span class='ocrx_word' id='word_1_1' title='bbox 521 394 600 458; x_wconf 74' lang='lat'><strong>&#39;63</strong></span> <span class='ocrx_word' id='word_1_2' title='bbox 1704 411 1849 471; x_wconf 72' lang='grc' dir='ltr'><strong>(ῖοΝ</strong></span> <span class='ocrx_word' id='word_1_3' title='bbox 1857 414 1962 477; x_wconf 88' lang='lat' dir='ltr'><strong>ST.</strong></span> <span class='ocrx_word' id='word_1_4' title='bbox 2021 415 2502 482; x_wconf 78' lang='lat' dir='ltr'><strong>IIAliMENOPU</strong></span> <span class='ocrx_word' id='word_1_5' title='bbox 2516 422 2586 482; x_wconf 87' lang='lat' dir='ltr'><strong>LI</strong></span> <span class='ocrx_word' id='word_1_6' title='bbox 3732 426 3819 491; x_wconf 65' lang='grc' dir='ltr'><strong>δίε</strong></span> 
     </span>
    </p>
   </div>
   <div class='ocr_carea' id='block_1_2' title="bbox 530 514 2117 613">
    <p class='ocr_par' dir='ltr' id='par_1_2' title="bbox 533 514 2117 598">
     <span class='ocr_line' id='line_1_2' title="bbox 533 514 2117 598; baseline 0.012 -31"><span class='ocrx_word' id='word_1_7' title='bbox 533 515 677 567; x_wconf 83' lang='lat' dir='ltr'><strong>intra</strong></span> <span class='ocrx_word' id='word_1_8' title='bbox 702 527 797 568; x_wconf 77' lang='lat' dir='ltr'><strong>sex</strong></span> <span class='ocrx_word' id='word_1_9' title='bbox 824 528 1047 571; x_wconf 79' lang='lat' dir='ltr'><strong>menses</strong></span> <span class='ocrx_word' id='word_1_10' title='bbox 1076 514 1331 583; x_wconf 77' lang='lat' dir='ltr'><strong>fecerint,</strong></span> <span class='ocrx_word' id='word_1_11' title='bbox 1360 520 1693 578; x_wconf 79' lang='lat' dir='ltr'><strong>addicuntur</strong></span> <span class='ocrx_word' id='word_1_12' title='bbox 1721 529 1770 582; x_wconf 94' lang='lat' dir='ltr'><strong>ei</strong></span> <span class='ocrx_word' id='word_1_13' title='bbox 1801 528 1894 598; x_wconf 85' lang='lat' dir='ltr'><strong>qui</strong></span> <span class='ocrx_word' id='word_1_14' title='bbox 1917 529 2117 586; x_wconf 85' lang='lat' dir='ltr'><strong>lucrari</strong></span> 
     </span>
    </p>
   </div>
   <div class='ocr_carea' id='block_1_3' title="bbox 2218 514 3802 613">
    <p class='ocr_par' dir='ltr' id='par_1_3' title="bbox 2231 534 3802 613">
     <span class='ocr_line' id='line_1_3' title="bbox 2231 534 3802 613; baseline 0.005 -26"><span class='ocrx_word' id='word_1_15' title='bbox 2231 535 2397 605; x_wconf 65' lang='grc' dir='ltr'>μηδὲν</span> <span class='ocrx_word' id='word_1_16' title='bbox 2427 536 2579 599; x_wconf 71' lang='grc' dir='ltr'>ἐντὸς</span> <span class='ocrx_word' id='word_1_17' title='bbox 2607 536 2668 602; x_wconf 78' lang='grc' dir='ltr'>ἐξ</span> <span class='ocrx_word' id='word_1_18' title='bbox 2702 537 2892 608; x_wconf 85' lang='grc' dir='ltr'>μηνῶν</span> <span class='ocrx_word' id='word_1_19' title='bbox 2920 534 3206 607; x_wconf 65' lang='grc' dir='ltr'>δράσαιεν,</span> <span class='ocrx_word' id='word_1_20' title='bbox 3239 537 3317 609; x_wconf 82' lang='grc' dir='ltr'>τῷ</span> <span class='ocrx_word' id='word_1_21' title='bbox 3344 536 3632 611; x_wconf 81' lang='grc' dir='ltr'><strong>δυναμένῳ</strong></span> <span class='ocrx_word' id='word_1_22' title='bbox 3671 559 3802 613; x_wconf 82' lang='grc' dir='ltr'>κερ-</span> 
     </span>
    </p>
   </div>
   <div class='ocr_carea' id='block_1_4' title="bbox 529 607 2117 701">
    <p class='ocr_par' dir='ltr' id='par_1_4' title="bbox 529 607 2117 678">
     <span class='ocr_line' id='line_1_4' title="bbox 529 607 2117 678; baseline 0.013 -22"><span class='ocrx_word' id='word_1_23' title='bbox 529 613 707 672; x_wconf 86' lang='lat' dir='ltr'><strong>potest</strong></span> <span class='ocrx_word' id='word_1_24' title='bbox 737 622 751 672; x_wconf 92' lang='lat'>;</span> <span class='ocrx_word' id='word_1_25' title='bbox 779 607 880 661; x_wconf 83' lang='lat' dir='ltr'><strong>nisi</strong></span> <span class='ocrx_word' id='word_1_26' title='bbox 936 608 1074 665; x_wconf 76' lang='lat' dir='ltr'><strong>forte</strong></span> <span class='ocrx_word' id='word_1_27' title='bbox 1120 610 1384 677; x_wconf 83' lang='lat' dir='ltr'><strong>paruerit,</strong></span> <span class='ocrx_word' id='word_1_28' title='bbox 1431 614 1481 665; x_wconf 91' lang='lat' dir='ltr'><strong>id</strong></span> <span class='ocrx_word' id='word_1_29' title='bbox 1528 631 1624 670; x_wconf 74' lang='lat' dir='ltr'><strong>eos</strong></span> <span class='ocrx_word' id='word_1_30' title='bbox 1677 618 1857 674; x_wconf 83' lang='lat' dir='ltr'><strong>facere</strong></span> <span class='ocrx_word' id='word_1_31' title='bbox 1906 623 2117 678; x_wconf 83' lang='lat' dir='ltr'><strong>ratione</strong></span> 
     </span>
    </p>
   </div>
   <div class='ocr_carea' id='block_1_5' title="bbox 2218 607 3799 701">
    <p class='ocr_par' dir='ltr' id='par_1_5' title="bbox 2222 627 3799 701">
     <span class='ocr_line' id='line_1_5' title="bbox 2222 627 3799 701; baseline 0.004 -22"><span class='ocrx_word' id='word_1_32' title='bbox 2222 628 2383 680; x_wconf 74' lang='grc' dir='ltr'>δᾶναι</span> <span class='ocrx_word' id='word_1_33' title='bbox 2423 627 2985 698; x_wconf 61' lang='grc' dir='ltr'>προσκυρούσθωσαν,</span> <span class='ocrx_word' id='word_1_34' title='bbox 3020 630 3069 682; x_wconf 85' lang='grc' dir='ltr'><strong>εί</strong></span> <span class='ocrx_word' id='word_1_35' title='bbox 3119 630 3193 699; x_wconf 85' lang='grc' dir='ltr'>μή</span> <span class='ocrx_word' id='word_1_36' title='bbox 3228 648 3332 683; x_wconf 89' lang='grc' dir='ltr'><strong>που</strong></span> <span class='ocrx_word' id='word_1_37' title='bbox 3364 631 3432 683; x_wconf 84' lang='grc' dir='ltr'>δι’</span> <span class='ocrx_word' id='word_1_38' title='bbox 3464 632 3799 701; x_wconf 72' lang='grc' dir='ltr'>οἰκονομεαν,</span> 
     </span>
    </p>
   </div>
   <div class='ocr_carea' id='block_1_6' title="bbox 530 696 1760 773">
    <p class='ocr_par' dir='ltr' id='par_1_6' title="bbox 530 696 1760 773">
     <span class='ocr_line' id='line_1_6' title="bbox 530 696 1760 773; baseline 0.013 -24"><span class='ocrx_word' id='word_1_39' title='bbox 530 696 1044 763; x_wconf 83' lang='lat' dir='ltr'><strong>administrationis,</strong></span> <span class='ocrx_word' id='word_1_40' title='bbox 1076 716 1179 755; x_wconf 90' lang='lat' dir='ltr'><strong>non</strong></span> <span class='ocrx_word' id='word_1_41' title='bbox 1235 717 1330 769; x_wconf 88' lang='lat' dir='ltr'><strong>per</strong></span> <span class='ocrx_word' id='word_1_42' title='bbox 1359 706 1760 773; x_wconf 68' lang='lat' dir='ltr'><strong>negligentiam.</strong></span> 
     </span>
    </p>
   </div>
   <div class='ocr_carea' id='block_1_7' title="bbox 837 789 1814 868">
    <p class='ocr_par' dir='ltr' id='par_1_7' title="bbox 837 789 1814 868">
     <span class='ocr_line' id='line_1_7' title="bbox 837 789 1814 868; baseline 0.013 -25"><span class='ocrx_word' id='word_1_43' title='bbox 837 789 906 844; x_wconf 74' lang='grc'><strong>12</strong></span> <span class='ocrx_word' id='word_1_44' title='bbox 942 792 1139 847; x_wconf 75' lang='lat' dir='ltr'><strong>habita:</strong></span> <span class='ocrx_word' id='word_1_45' title='bbox 1159 795 1227 846; x_wconf 75' lang='lat' dir='ltr'><strong>ad</strong></span> <span class='ocrx_word' id='word_1_46' title='bbox 1250 791 1508 849; x_wconf 75' lang='lat' dir='ltr'><strong>Sanctum</strong></span> <span class='ocrx_word' id='word_1_47' title='bbox 1543 797 1814 868; x_wconf 66' lang='lat' dir='ltr'><strong>Sophim».</strong></span> 
     </span>
    </p>
   </div>
   <div class='ocr_carea' id='block_1_8' title="bbox 603 880 2115 968">
    <p class='ocr_par' dir='ltr' id='par_1_8' title="bbox 603 880 2115 968">
     <span class='ocr_line' id='line_1_8' title="bbox 603 880 2115 968; baseline 0.012 -35"><span class='ocrx_word' id='word_1_48' title='bbox 603 880 853 937; x_wconf 77' lang='lat' dir='ltr'><strong>Pontifex</strong></span> <span class='ocrx_word' id='word_1_49' title='bbox 879 885 947 938; x_wconf 80' lang='lat' dir='ltr'><strong>ad</strong></span> <span class='ocrx_word' id='word_1_50' title='bbox 990 885 1169 939; x_wconf 86' lang='lat' dir='ltr'><strong>locum</strong></span> <span class='ocrx_word' id='word_1_51' title='bbox 1200 889 1585 956; x_wconf 73' lang='lat' dir='ltr'><strong>prenitentitnn</strong></span> <span class='ocrx_word' id='word_1_52' title='bbox 1632 906 1754 947; x_wconf 89' lang='lat' dir='ltr'><strong>sese</strong></span> <span class='ocrx_word' id='word_1_53' title='bbox 1784 910 1887 948; x_wconf 89' lang='lat' dir='ltr'><strong>non</strong></span> <span class='ocrx_word' id='word_1_54' title='bbox 1921 897 2115 968; x_wconf 77' lang='lat' dir='ltr'><strong>degra-</strong></span> 
     </span>
    </p>
   </div>
   <div class='ocr_carea' id='block_1_9' title="bbox 526 977 2116 1059">
    <p class='ocr_par' dir='ltr' id='par_1_9' title="bbox 526 977 2116 1059">
     <span class='ocr_line' id='line_1_9' title="bbox 526 977 2116 1059; baseline 0.011 -29"><span class='ocrx_word' id='word_1_55' title='bbox 526 978 638 1031; x_wconf 85' lang='lat' dir='ltr'><strong>dct.</strong></span> <span class='ocrx_word' id='word_1_56' title='bbox 669 977 725 1031; x_wconf 82' lang='lat' dir='ltr'><strong>Si</strong></span> <span class='ocrx_word' id='word_1_57' title='bbox 762 993 891 1033; x_wconf 86' lang='lat' dir='ltr'><strong>vero</strong></span> <span class='ocrx_word' id='word_1_58' title='bbox 931 980 1333 1049; x_wconf 78' lang='lat' dir='ltr'><strong>degradaverit,</strong></span> <span class='ocrx_word' id='word_1_59' title='bbox 1396 1001 1505 1041; x_wconf 92' lang='lat' dir='ltr'><strong>non</strong></span> <span class='ocrx_word' id='word_1_60' title='bbox 1565 989 1799 1059; x_wconf 86' lang='lat' dir='ltr'><strong>amplius</strong></span> <span class='ocrx_word' id='word_1_61' title='bbox 1857 992 2116 1049; x_wconf 83' lang='lat' dir='ltr'><strong>honorem</strong></span> 
     </span>
    </p>
   </div>
   <div class='ocr_carea' id='block_1_10' title="bbox 524 1070 1312 1140">
    <p class='ocr_par' dir='ltr' id='par_1_10' title="bbox 524 1070 1312 1140">
     <span class='ocr_line' id='line_1_10' title="bbox 524 1070 1312 1140; baseline 0.01 -17"><span class='ocrx_word' id='word_1_62' title='bbox 524 1070 890 1140; x_wconf 82' lang='lat' dir='ltr'><strong>pontiﬁcalem</strong></span> <span class='ocrx_word' id='word_1_63' title='bbox 923 1073 1027 1128; x_wconf 86' lang='lat' dir='ltr'><strong>sibi</strong></span> <span class='ocrx_word' id='word_1_64' title='bbox 1056 1075 1312 1131; x_wconf 76' lang='lat' dir='ltr'><strong>vindicet.</strong></span> 
     </span>
    </p>
   </div>
   <div class='ocr_carea' id='block_1_11' title="bbox 1093 1167 1512 1225">
    <p class='ocr_par' dir='ltr' id='par_1_11' title="bbox 1093 1167 1512 1225">
     <span class='ocr_line' id='line_1_11' title="bbox 1093 1167 1512 1225; baseline 0.01 -4"><span class='ocrx_word' id='word_1_65' title='bbox 1093 1167 1128 1221; x_wconf 73' lang='grc'><strong>4</strong></span> <span class='ocrx_word' id='word_1_66' title='bbox 1154 1167 1512 1225; x_wconf 65' lang='lat' dir='ltr'><strong>Antiocheam.</strong></span> 
     </span>
    </p>
   </div>
   <div class='ocr_carea' id='block_1_12' title="bbox 600 1257 2117 1341">
    <p class='ocr_par' dir='ltr' id='par_1_12' title="bbox 600 1257 2117 1341">
     <span class='ocr_line' id='line_1_12' title="bbox 600 1257 2117 1341; baseline 0.01 -30"><span class='ocrx_word' id='word_1_67' title='bbox 600 1257 898 1327; x_wconf 79' lang='lat' dir='ltr'><strong>EpiscOpns</strong></span> <span class='ocrx_word' id='word_1_68' title='bbox 936 1272 964 1311; x_wconf 68' lang='grc' dir='ltr'>α</span> <span class='ocrx_word' id='word_1_69' title='bbox 988 1261 1197 1330; x_wconf 79' lang='lat' dir='ltr'><strong>synodo</strong></span> <span class='ocrx_word' id='word_1_70' title='bbox 1230 1264 1532 1329; x_wconf 82' lang='lat' dir='ltr'><strong>depositus,</strong></span> <span class='ocrx_word' id='word_1_71' title='bbox 1562 1275 1656 1320; x_wconf 86' lang='lat' dir='ltr'><strong>ant</strong></span> <span class='ocrx_word' id='word_1_72' title='bbox 1690 1270 1994 1341; x_wconf 69' lang='lat' dir='ltr'><strong>presbyter,</strong></span> <span class='ocrx_word' id='word_1_73' title='bbox 2022 1282 2117 1327; x_wconf 89' lang='lat' dir='ltr'><strong>aut</strong></span> 
     </span>
    </p>
   </div>
   <div class='ocr_carea' id='block_1_13' title="bbox 527 1346 2120 1422">
    <p class='ocr_par' dir='ltr' id='par_1_13' title="bbox 527 1346 2120 1422">
     <span class='ocr_line' id='line_1_13' title="bbox 527 1346 2120 1422; baseline 0.01 -23"><span class='ocrx_word' id='word_1_74' title='bbox 527 1346 810 1410; x_wconf 78' lang='lat' dir='ltr'><strong>diaconus,</strong></span> <span class='ocrx_word' id='word_1_75' title='bbox 840 1346 909 1401; x_wconf 81' lang='lat' dir='ltr'><strong>ab</strong></span> <span class='ocrx_word' id='word_1_76' title='bbox 933 1349 1191 1419; x_wconf 81' lang='lat' dir='ltr'><strong>episcopo</strong></span> <span class='ocrx_word' id='word_1_77' title='bbox 1219 1366 1319 1405; x_wconf 87' lang='lat' dir='ltr'><strong>suo</strong></span> <span class='ocrx_word' id='word_1_78' title='bbox 1343 1392 1357 1414; x_wconf 88' lang='lat'><strong><em>.</em></strong></span> <span class='ocrx_word' id='word_1_79' title='bbox 1388 1354 1432 1406; x_wconf 93' lang='lat' dir='ltr'><strong>si</strong></span> <span class='ocrx_word' id='word_1_80' title='bbox 1483 1355 1613 1422; x_wconf 88' lang='lat' dir='ltr'><strong>quid</strong></span> <span class='ocrx_word' id='word_1_81' title='bbox 1649 1356 1804 1412; x_wconf 89' lang='lat' dir='ltr'><strong>obire</strong></span> <span class='ocrx_word' id='word_1_82' title='bbox 1838 1362 1978 1414; x_wconf 85' lang='lat' dir='ltr'><strong>sacri</strong></span> <span class='ocrx_word' id='word_1_83' title='bbox 2020 1363 2120 1414; x_wconf 73' lang='lat' dir='ltr'><strong>mi-</strong></span> 
     </span>
    </p>
   </div>
   <div class='ocr_carea' id='block_1_14' title="bbox 528 1438 2118 1513">
    <p class='ocr_par' dir='ltr' id='par_1_14' title="bbox 528 1438 2118 1513">
     <span class='ocr_line' id='line_1_14' title="bbox 528 1438 2118 1513; baseline 0.009 -19"><span class='ocrx_word' id='word_1_84' title='bbox 528 1439 735 1495; x_wconf 87' lang='lat' dir='ltr'><strong>nisterii</strong></span> <span class='ocrx_word' id='word_1_85' title='bbox 760 1438 928 1495; x_wconf 81' lang='lat' dir='ltr'><strong>fuerit</strong></span> <span class='ocrx_word' id='word_1_86' title='bbox 958 1455 1142 1506; x_wconf 88' lang='lat' dir='ltr'><strong>ausus,</strong></span> <span class='ocrx_word' id='word_1_87' title='bbox 1168 1457 1275 1497; x_wconf 89' lang='lat' dir='ltr'><strong>non</strong></span> <span class='ocrx_word' id='word_1_88' title='bbox 1304 1444 1538 1513; x_wconf 85' lang='lat' dir='ltr'><strong>amplius</strong></span> <span class='ocrx_word' id='word_1_89' title='bbox 1564 1446 1725 1500; x_wconf 88' lang='lat' dir='ltr'><strong>ullam</strong></span> <span class='ocrx_word' id='word_1_90' title='bbox 1758 1450 2118 1509; x_wconf 82' lang='lat' dir='ltr'><strong>restitutionis</strong></span> 
     </span>
    </p>
   </div>
   <div class='ocr_carea' id='block_1_15' title="bbox 522 1531 2118 1608">
    <p class='ocr_par' dir='ltr' id='par_1_15' title="bbox 522 1531 2118 1608">
     <span class='ocr_line' id='line_1_15' title="bbox 522 1531 2118 1608; baseline 0.009 -23"><span class='ocrx_word' id='word_1_91' title='bbox 522 1531 582 1585; x_wconf 89' lang='lat' dir='ltr'><strong>in</strong></span> <span class='ocrx_word' id='word_1_92' title='bbox 609 1531 874 1602; x_wconf 75' lang='lat' dir='ltr'><strong>integrum</strong></span> <span class='ocrx_word' id='word_1_93' title='bbox 946 1548 1097 1603; x_wconf 86' lang='lat' dir='ltr'><strong>spem</strong></span> <span class='ocrx_word' id='word_1_94' title='bbox 1145 1536 1386 1601; x_wconf 78' lang='lat' dir='ltr'><strong>habeat;</strong></span> <span class='ocrx_word' id='word_1_95' title='bbox 1419 1548 1469 1590; x_wconf 89' lang='lat' dir='ltr'><strong>et</strong></span> <span class='ocrx_word' id='word_1_96' title='bbox 1502 1539 1594 1608; x_wconf 89' lang='lat' dir='ltr'><strong>qui</strong></span> <span class='ocrx_word' id='word_1_97' title='bbox 1628 1556 1753 1594; x_wconf 89' lang='lat' dir='ltr'><strong>cum</strong></span> <span class='ocrx_word' id='word_1_98' title='bbox 1781 1555 1847 1595; x_wconf 81' lang='lat' dir='ltr'><strong>eo</strong></span> <span class='ocrx_word' id='word_1_99' title='bbox 1873 1559 2118 1598; x_wconf 89' lang='lat' dir='ltr'><strong>commn-</strong></span> 
     </span>
    </p>
   </div>
   <div class='ocr_carea' id='block_1_16' title="bbox 526 1629 2115 1705">
    <p class='ocr_par' dir='ltr' id='par_1_16' title="bbox 526 1629 2115 1705">
     <span class='ocr_line' id='line_1_16' title="bbox 526 1629 2115 1705; baseline 0.008 -24"><span class='ocrx_word' id='word_1_100' title='bbox 526 1629 734 1689; x_wconf 69' lang='lat' dir='ltr'><strong>uiuant.</strong></span> <span class='ocrx_word' id='word_1_101' title='bbox 791 1641 1160 1703; x_wconf 81' lang='lat' dir='ltr'><strong>segregantor,</strong></span> <span class='ocrx_word' id='word_1_102' title='bbox 1219 1639 1520 1705; x_wconf 66' lang='lat' dir='ltr'><strong>praesertim</strong></span> <span class='ocrx_word' id='word_1_103' title='bbox 1567 1640 1615 1694; x_wconf 90' lang='lat' dir='ltr'><strong>si</strong></span> <span class='ocrx_word' id='word_1_104' title='bbox 1664 1638 1827 1696; x_wconf 89' lang='lat' dir='ltr'><strong>latam</strong></span> <span class='ocrx_word' id='word_1_105' title='bbox 1879 1639 1928 1692; x_wconf 91' lang='lat' dir='ltr'><strong>in</strong></span> <span class='ocrx_word' id='word_1_106' title='bbox 1989 1655 2115 1694; x_wconf 89' lang='lat' dir='ltr'><strong>eum</strong></span> 
     </span>
    </p>
   </div>
   <div class='ocr_carea' id='block_1_17' title="bbox 529 1723 1094 1780">
    <p class='ocr_par' dir='ltr' id='par_1_17' title="bbox 529 1723 1094 1780">
     <span class='ocr_line' id='line_1_17' title="bbox 529 1723 1094 1780; baseline 0.009 -5"><span class='ocrx_word' id='word_1_107' title='bbox 529 1723 859 1778; x_wconf 83' lang='lat' dir='ltr'><strong>sententiam</strong></span> <span class='ocrx_word' id='word_1_108' title='bbox 883 1724 1094 1780; x_wconf 88' lang='lat' dir='ltr'><strong>norint.</strong></span> 
     </span>
    </p>
   </div>
   <div class='ocr_carea' id='block_1_18' title="bbox 1080 1820 1562 1880">
    <p class='ocr_par' dir='ltr' id='par_1_18' title="bbox 1080 1820 1562 1880">
     <span class='ocr_line' id='line_1_18' title="bbox 1080 1820 1562 1880; baseline 0.012 -7"><span class='ocrx_word' id='word_1_109' title='bbox 1080 1820 1141 1874; x_wconf 74' lang='lat' dir='ltr'>ﬂ</span> <span class='ocrx_word' id='word_1_110' title='bbox 1185 1821 1236 1875; x_wconf 80' lang='grc' dir='ltr'><em>Ἀ</em></span> <span class='ocrx_word' id='word_1_111' title='bbox 1250 1823 1562 1880; x_wconf 74' lang='grc' dir='ltr'>ηιὶοεΙιεηιτ.</span> 
     </span>
    </p>
   </div>
   <div class='ocr_carea' id='block_1_19' title="bbox 601 1893 2188 1985">
    <p class='ocr_par' dir='ltr' id='par_1_19' title="bbox 601 1893 2188 1985">
     <span class='ocr_line' id='line_1_19' title="bbox 601 1893 2188 1985; baseline 0.008 -27"><span class='ocrx_word' id='word_1_112' title='bbox 601 1905 921 1977; x_wconf 80' lang='lat' dir='ltr'><strong>Episcopus,</strong></span> <span class='ocrx_word' id='word_1_113' title='bbox 953 1920 1045 1964; x_wconf 84' lang='lat' dir='ltr'><strong>aut</strong></span> <span class='ocrx_word' id='word_1_114' title='bbox 1072 1912 1378 1983; x_wconf 82' lang='lat' dir='ltr'><strong>presbyter,</strong></span> <span class='ocrx_word' id='word_1_115' title='bbox 1438 1914 1529 1985; x_wconf 89' lang='lat' dir='ltr'><strong>qui</strong></span> <span class='ocrx_word' id='word_1_116' title='bbox 1574 1927 1773 1984; x_wconf 65' lang='lat' dir='ltr'><strong>praeter</strong></span> <span class='ocrx_word' id='word_1_117' title='bbox 1797 1915 2112 1985; x_wconf 84' lang='lat' dir='ltr'><strong>metropoli-</strong></span> <span class='ocrx_word' id='word_1_118' title='bbox 2139 1893 2188 1954; x_wconf 77' lang='grc' dir='ltr'><strong>Β</strong></span> 
     </span>
    </p>
   </div>
   <div class='ocr_carea' id='block_1_20' title="bbox 537 1998 2108 2075">
    <p class='ocr_par' dir='ltr' id='par_1_20' title="bbox 537 1998 2108 2075">
     <span class='ocr_line' id='line_1_20' title="bbox 537 1998 2108 2075; baseline 0.006 -25"><span class='ocrx_word' id='word_1_119' title='bbox 537 1998 648 2051; x_wconf 84' lang='lat' dir='ltr'><strong>tani</strong></span> <span class='ocrx_word' id='word_1_120' title='bbox 684 1999 766 2053; x_wconf 89' lang='lat' dir='ltr'><strong>sui</strong></span> <span class='ocrx_word' id='word_1_121' title='bbox 806 2001 1141 2057; x_wconf 83' lang='lat' dir='ltr'><strong>voluntatem</strong></span> <span class='ocrx_word' id='word_1_122' title='bbox 1188 2006 1255 2057; x_wconf 90' lang='lat' dir='ltr'><strong>ad</strong></span> <span class='ocrx_word' id='word_1_123' title='bbox 1285 2006 1667 2075; x_wconf 84' lang='lat' dir='ltr'><strong>imperatorem</strong></span> <span class='ocrx_word' id='word_1_124' title='bbox 1726 2009 1884 2074; x_wconf 86' lang='lat' dir='ltr'><strong>abiit,</strong></span> <span class='ocrx_word' id='word_1_125' title='bbox 1938 2018 2048 2063; x_wconf 88' lang='lat' dir='ltr'><strong>tam</strong></span> <span class='ocrx_word' id='word_1_126' title='bbox 2079 2022 2108 2060; x_wconf 84' lang='lat' dir='ltr'><strong>a</strong></span> 
     </span>
    </p>
   </div>
   <div class='ocr_carea' id='block_1_21' title="bbox 528 2091 1861 2165">
    <p class='ocr_par' dir='ltr' id='par_1_21' title="bbox 528 2091 1861 2165">
     <span class='ocr_line' id='line_1_21' title="bbox 528 2091 1861 2165; baseline 0.009 -23"><span class='ocrx_word' id='word_1_127' title='bbox 528 2091 936 2157; x_wconf 85' lang='lat' dir='ltr'><strong>communione,</strong></span> <span class='ocrx_word' id='word_1_128' title='bbox 969 2109 1132 2164; x_wconf 88' lang='lat' dir='ltr'><strong>quam</strong></span> <span class='ocrx_word' id='word_1_129' title='bbox 1165 2097 1432 2165; x_wconf 81' lang='lat' dir='ltr'><strong>dignitate</strong></span> <span class='ocrx_word' id='word_1_130' title='bbox 1466 2112 1861 2155; x_wconf 82' lang='lat' dir='ltr'><strong>smnmovetor.</strong></span> 
     </span>
    </p>
   </div>
   <div class='ocr_carea' id='block_1_22' title="bbox 1115 2188 1543 2247">
    <p class='ocr_par' dir='ltr' id='par_1_22' title="bbox 1115 2188 1543 2247">
     <span class='ocr_line' id='line_1_22' title="bbox 1115 2188 1543 2247; baseline 0.016 -7"><span class='ocrx_word' id='word_1_131' title='bbox 1115 2188 1148 2240; x_wconf 90' lang='lat'><strong>7</strong></span> <span class='ocrx_word' id='word_1_132' title='bbox 1189 2189 1543 2247; x_wconf 74' lang='lat' dir='ltr'><strong>Sardicensis.</strong></span> 
     </span>
    </p>
   </div>
   <div class='ocr_carea' id='block_1_23' title="bbox 603 2277 2107 2354">
    <p class='ocr_par' dir='ltr' id='par_1_23' title="bbox 603 2277 2107 2354">
     <span class='ocr_line' id='line_1_23' title="bbox 603 2277 2107 2354; baseline 0.005 -25"><span class='ocrx_word' id='word_1_133' title='bbox 603 2277 777 2331; x_wconf 78' lang='lat' dir='ltr'><strong>Aiiter</strong></span> <span class='ocrx_word' id='word_1_134' title='bbox 839 2279 904 2333; x_wconf 85' lang='lat' dir='ltr'><strong>ad</strong></span> <span class='ocrx_word' id='word_1_135' title='bbox 968 2279 1352 2343; x_wconf 86' lang='lat' dir='ltr'><strong>imperatorem</strong></span> <span class='ocrx_word' id='word_1_136' title='bbox 1417 2299 1524 2337; x_wconf 89' lang='lat' dir='ltr'><strong>non</strong></span> <span class='ocrx_word' id='word_1_137' title='bbox 1583 2286 1743 2340; x_wconf 87' lang='lat' dir='ltr'><strong>abeat</strong></span> <span class='ocrx_word' id='word_1_138' title='bbox 1796 2285 2107 2354; x_wconf 82' lang='lat' dir='ltr'><strong>episcopus.</strong></span> 
     </span>
    </p>
   </div>
   <div class='ocr_carea' id='block_1_24' title="bbox 529 2366 2108 2440">
    <p class='ocr_par' dir='ltr' id='par_1_24' title="bbox 529 2366 2108 2440">
     <span class='ocr_line' id='line_1_24' title="bbox 529 2366 2108 2440; baseline 0.004 -22"><span class='ocrx_word' id='word_1_139' title='bbox 529 2382 693 2436; x_wconf 85' lang='lat' dir='ltr'><strong>quam</strong></span> <span class='ocrx_word' id='word_1_140' title='bbox 730 2368 775 2421; x_wconf 90' lang='lat' dir='ltr'><strong>si</strong></span> <span class='ocrx_word' id='word_1_141' title='bbox 827 2366 1139 2436; x_wconf 81' lang='lat' dir='ltr'><strong>viduarum,</strong></span> <span class='ocrx_word' id='word_1_142' title='bbox 1181 2381 1239 2426; x_wconf 91' lang='lat' dir='ltr'><strong>et</strong></span> <span class='ocrx_word' id='word_1_143' title='bbox 1273 2372 1627 2440; x_wconf 87' lang='lat' dir='ltr'><strong>pupillorum,</strong></span> <span class='ocrx_word' id='word_1_144' title='bbox 1674 2383 1729 2428; x_wconf 88' lang='lat' dir='ltr'><strong>et</strong></span> <span class='ocrx_word' id='word_1_145' title='bbox 1783 2373 2108 2429; x_wconf 89' lang='lat' dir='ltr'><strong>alllictornm</strong></span> 
     </span>
    </p>
   </div>
   <div class='ocr_carea' id='block_1_25' title="bbox 526 2457 1433 2529">
    <p class='ocr_par' dir='ltr' id='par_1_25' title="bbox 526 2457 1433 2529">
     <span class='ocr_line' id='line_1_25' title="bbox 526 2457 1433 2529; baseline 0.009 -19"><span class='ocrx_word' id='word_1_146' title='bbox 526 2457 733 2526; x_wconf 82' lang='lat' dir='ltr'><strong>justum</strong></span> <span class='ocrx_word' id='word_1_147' title='bbox 766 2460 1130 2529; x_wconf 80' lang='lat' dir='ltr'><strong>patrocinium</strong></span> <span class='ocrx_word' id='word_1_148' title='bbox 1170 2462 1433 2529; x_wconf 86' lang='lat' dir='ltr'><strong>impellat.</strong></span> 
     </span>
    </p>
   </div>
   <div class='ocr_carea' id='block_1_26' title="bbox 1157 2552 1491 2622">
    <p class='ocr_par' dir='ltr' id='par_1_26' title="bbox 1157 2552 1491 2622">
     <span class='ocr_line' id='line_1_26' title="bbox 1157 2552 1491 2622; baseline 0.006 -16"><span class='ocrx_word' id='word_1_149' title='bbox 1157 2552 1191 2606; x_wconf 90' lang='lat'>8</span> <span class='ocrx_word' id='word_1_150' title='bbox 1230 2553 1491 2622; x_wconf 75' lang='lat' dir='ltr'><strong>ejusdem.</strong></span> 
     </span>
    </p>
   </div>
   <div class='ocr_carea' id='block_1_27' title="bbox 603 2642 2108 2720">
    <p class='ocr_par' dir='ltr' id='par_1_27' title="bbox 603 2642 2108 2720">
     <span class='ocr_line' id='line_1_27' title="bbox 603 2642 2108 2720; baseline 0.007 -25"><span class='ocrx_word' id='word_1_151' title='bbox 603 2642 698 2695; x_wconf 86' lang='lat' dir='ltr'><strong>Sin</strong></span> <span class='ocrx_word' id='word_1_152' title='bbox 730 2643 844 2710; x_wconf 81' lang='lat' dir='ltr'><strong>ipse</strong></span> <span class='ocrx_word' id='word_1_153' title='bbox 872 2653 1093 2713; x_wconf 82' lang='lat' dir='ltr'><strong>pmpter</strong></span> <span class='ocrx_word' id='word_1_154' title='bbox 1121 2644 1359 2713; x_wconf 82' lang='lat' dir='ltr'><strong>aliquam</strong></span> <span class='ocrx_word' id='word_1_155' title='bbox 1390 2647 1699 2713; x_wconf 78' lang='lat' dir='ltr'><strong>linjusmodi</strong></span> <span class='ocrx_word' id='word_1_156' title='bbox 1729 2665 1949 2705; x_wconf 87' lang='lat' dir='ltr'><strong>causam</strong></span> <span class='ocrx_word' id='word_1_157' title='bbox 1981 2667 2108 2720; x_wconf 57' lang='lat' dir='ltr'><strong>pro.</strong></span> 
     </span>
    </p>
   </div>
   <div class='ocr_carea' id='block_1_28' title="bbox 533 2734 2115 2814">
    <p class='ocr_par' dir='ltr' id='par_1_28' title="bbox 533 2734 2115 2814">
     <span class='ocr_line' id='line_1_28' title="bbox 533 2734 2115 2814; baseline 0.007 -28"><span class='ocrx_word' id='word_1_158' title='bbox 533 2734 699 2788; x_wconf 82' lang='lat' dir='ltr'><strong>ﬁcisci</strong></span> <span class='ocrx_word' id='word_1_159' title='bbox 732 2734 886 2795; x_wconf 83' lang='lat' dir='ltr'><strong>nolit,</strong></span> <span class='ocrx_word' id='word_1_160' title='bbox 931 2735 1073 2803; x_wconf 83' lang='lat' dir='ltr'><strong>quod</strong></span> <span class='ocrx_word' id='word_1_161' title='bbox 1126 2750 1248 2788; x_wconf 85' lang='lat' dir='ltr'><strong>eum</strong></span> <span class='ocrx_word' id='word_1_162' title='bbox 1298 2736 1352 2790; x_wconf 89' lang='lat' dir='ltr'><strong>in</strong></span> <span class='ocrx_word' id='word_1_163' title='bbox 1392 2739 1588 2794; x_wconf 84' lang='lat' dir='ltr'><strong>castris</strong></span> <span class='ocrx_word' id='word_1_164' title='bbox 1630 2744 1965 2799; x_wconf 87' lang='lat' dir='ltr'><strong>conunorari</strong></span> <span class='ocrx_word' id='word_1_165' title='bbox 2017 2760 2115 2814; x_wconf 81' lang='lat' dir='ltr'><strong>pn-</strong></span> 
     </span>
    </p>
   </div>
   <div class='ocr_carea' id='block_1_29' title="bbox 531 2823 1294 2895">
    <p class='ocr_par' dir='ltr' id='par_1_29' title="bbox 531 2823 1294 2895">
     <span class='ocr_line' id='line_1_29' title="bbox 531 2823 1294 2895; baseline 0.004 -18"><span class='ocrx_word' id='word_1_166' title='bbox 531 2825 677 2889; x_wconf 75' lang='lat' dir='ltr'><strong>ticat,</strong></span> <span class='ocrx_word' id='word_1_167' title='bbox 707 2823 967 2878; x_wconf 76' lang='lat' dir='ltr'><strong>diaconus</strong></span> <span class='ocrx_word' id='word_1_168' title='bbox 996 2825 1294 2895; x_wconf 79' lang='lat' dir='ltr'><strong>ablegator.</strong></span> 
     </span>
    </p>
   </div>
   <div class='ocr_carea' id='block_1_30' title="bbox 1144 2915 1510 2986">
    <p class='ocr_par' dir='ltr' id='par_1_30' title="bbox 1144 2915 1510 2986">
     <span class='ocr_line' id='line_1_30' title="bbox 1144 2915 1510 2986; baseline 0.014 -18"><span class='ocrx_word' id='word_1_169' title='bbox 1144 2915 1208 2970; x_wconf 70' lang='lat'><strong>2|</strong></span> <span class='ocrx_word' id='word_1_170' title='bbox 1254 2918 1510 2986; x_wconf 76' lang='lat' dir='ltr'><strong>ejusdem.</strong></span> 
     </span>
    </p>
   </div>
   <div class='ocr_carea' id='block_1_31' title="bbox 604 3004 2107 3083">
    <p class='ocr_par' dir='ltr' id='par_1_31' title="bbox 604 3004 2107 3083">
     <span class='ocr_line' id='line_1_31' title="bbox 604 3004 2107 3083; baseline 0.007 -25"><span class='ocrx_word' id='word_1_171' title='bbox 604 3004 903 3076; x_wconf 72' lang='lat' dir='ltr'><strong>Episcopus</strong></span> <span class='ocrx_word' id='word_1_172' title='bbox 939 3009 1254 3076; x_wconf 84' lang='lat' dir='ltr'><strong>episcopum</strong></span> <span class='ocrx_word' id='word_1_173' title='bbox 1288 3008 1389 3062; x_wconf 87' lang='lat' dir='ltr'><strong>iter</strong></span> <span class='ocrx_word' id='word_1_174' title='bbox 1420 3008 1708 3066; x_wconf 77' lang='lat' dir='ltr'><strong>facientem</strong></span> <span class='ocrx_word' id='word_1_175' title='bbox 1740 3014 2107 3083; x_wconf 72' lang='lat' dir='ltr'><strong>conspiciens,</strong></span> 
     </span>
    </p>
   </div>
   <div class='ocr_carea' id='block_1_32' title="bbox 533 3102 2110 3177">
    <p class='ocr_par' dir='ltr' id='par_1_32' title="bbox 533 3102 2110 3177">
     <span class='ocr_line' id='line_1_32' title="bbox 533 3102 2110 3177; baseline 0.004 -25"><span class='ocrx_word' id='word_1_176' title='bbox 533 3102 747 3155; x_wconf 89' lang='lat' dir='ltr'><strong>itineris</strong></span> <span class='ocrx_word' id='word_1_177' title='bbox 779 3117 996 3154; x_wconf 82' lang='lat' dir='ltr'><strong>causam</strong></span> <span class='ocrx_word' id='word_1_178' title='bbox 1053 3104 1310 3171; x_wconf 78' lang='lat' dir='ltr'><strong>exquirat</strong></span> <span class='ocrx_word' id='word_1_179' title='bbox 1335 3123 1364 3170; x_wconf 70' lang='grc' dir='ltr'><strong>ςι</strong></span> <span class='ocrx_word' id='word_1_180' title='bbox 1396 3120 1458 3159; x_wconf 81' lang='lat' dir='ltr'><strong>ac</strong></span> <span class='ocrx_word' id='word_1_181' title='bbox 1498 3107 1764 3176; x_wconf 78' lang='lat' dir='ltr'><strong>siquidezn</strong></span> <span class='ocrx_word' id='word_1_182' title='bbox 1806 3108 2110 3177; x_wconf 74' lang='lat' dir='ltr'><strong>deprellen-</strong></span> 
     </span>
    </p>
   </div>
   <div class='ocr_carea' id='block_1_33' title="bbox 2224 716 3651 790">
    <p class='ocr_par' dir='ltr' id='par_1_33' title="bbox 2224 716 3651 790">
     <span class='ocr_line' id='line_1_33' title="bbox 2224 716 3651 790; baseline 0.004 -19"><span class='ocrx_word' id='word_1_183' title='bbox 2224 716 2338 771; x_wconf 74' lang='grc' dir='ltr'>ἀλλ’</span> <span class='ocrx_word' id='word_1_184' title='bbox 2363 720 2485 789; x_wconf 69' lang='grc' dir='ltr'>οὐχὶ</span> <span class='ocrx_word' id='word_1_185' title='bbox 2509 718 2578 771; x_wconf 83' lang='grc' dir='ltr'><strong>δι’</strong></span> <span class='ocrx_word' id='word_1_186' title='bbox 2609 719 2873 786; x_wconf 79' lang='grc' dir='ltr'>ἀμέλειαν</span> <span class='ocrx_word' id='word_1_187' title='bbox 2908 722 3138 790; x_wconf 82' lang='grc' dir='ltr'><strong>φανεῖεν</strong></span> <span class='ocrx_word' id='word_1_188' title='bbox 3160 721 3323 774; x_wconf 83' lang='grc' dir='ltr'>τοῦτο</span> <span class='ocrx_word' id='word_1_189' title='bbox 3346 720 3651 789; x_wconf 83' lang='grc' dir='ltr'>ποιοῦντες.</span> 
     </span>
    </p>
   </div>
   <div class='ocr_carea' id='block_1_34' title="bbox 2510 810 3519 883">
    <p class='ocr_par' dir='ltr' id='par_1_34' title="bbox 2510 810 3519 883">
     <span class='ocr_line' id='line_1_34' title="bbox 2510 810 3519 883; baseline 0.004 -20"><span class='ocrx_word' id='word_1_190' title='bbox 2510 812 2569 863; x_wconf 86' lang='lat'><strong>&#39;0</strong></span> <span class='ocrx_word' id='word_1_191' title='bbox 2599 811 2679 875; x_wconf 74' lang='grc' dir='ltr'><strong>ιβ’</strong></span> <span class='ocrx_word' id='word_1_192' title='bbox 2719 810 2831 881; x_wconf 81' lang='grc' dir='ltr'>τῆς</span> <span class='ocrx_word' id='word_1_193' title='bbox 2865 812 2937 865; x_wconf 80' lang='grc' dir='ltr'>ἐν</span> <span class='ocrx_word' id='word_1_194' title='bbox 2974 811 3051 880; x_wconf 77' lang='grc' dir='ltr'>τῇ</span> <span class='ocrx_word' id='word_1_195' title='bbox 3089 812 3258 882; x_wconf 78' lang='grc' dir='ltr'><strong>Ἀγίᾳ</strong></span> <span class='ocrx_word' id='word_1_196' title='bbox 3305 813 3519 883; x_wconf 70' lang='grc' dir='ltr'>Σοφίᾳ.</span> 
     </span>
    </p>
   </div>
   <div class='ocr_carea' id='block_1_35' title="bbox 2302 907 3806 980">
    <p class='ocr_par' dir='ltr' id='par_1_35' title="bbox 2302 907 3806 980">
     <span class='ocr_line' id='line_1_35' title="bbox 2302 907 3806 980; baseline 0.001 -20"><span class='ocrx_word' id='word_1_197' title='bbox 2302 908 2622 978; x_wconf 80' lang='grc' dir='ltr'>Ἀρχιερεὺς</span> <span class='ocrx_word' id='word_1_198' title='bbox 2637 908 2719 971; x_wconf 87' lang='grc' dir='ltr'><strong>είς</strong></span> <span class='ocrx_word' id='word_1_199' title='bbox 2747 907 2850 976; x_wconf 81' lang='grc' dir='ltr'><strong>τὴν</strong></span> <span class='ocrx_word' id='word_1_200' title='bbox 2879 908 2989 963; x_wconf 86' lang='grc' dir='ltr'>τῶν</span> <span class='ocrx_word' id='word_1_201' title='bbox 3022 907 3440 977; x_wconf 78' lang='grc' dir='ltr'><strong>μετανοούντων</strong></span> <span class='ocrx_word' id='word_1_202' title='bbox 3460 908 3646 980; x_wconf 84' lang='grc' dir='ltr'>χώραν</span> <span class='ocrx_word' id='word_1_203' title='bbox 3672 911 3806 963; x_wconf 81' lang='grc' dir='ltr'>ἐαυ-</span> 
     </span>
    </p>
   </div>
   <div class='ocr_carea' id='block_1_36' title="bbox 2217 1002 3808 1075">
    <p class='ocr_par' dir='ltr' id='par_1_36' title="bbox 2217 1002 3808 1075">
     <span class='ocr_line' id='line_1_36' title="bbox 2217 1002 3808 1075; baseline 0.001 -19"><span class='ocrx_word' id='word_1_204' title='bbox 2217 1003 2310 1056; x_wconf 82' lang='grc' dir='ltr'><strong>τὺν</strong></span> <span class='ocrx_word' id='word_1_205' title='bbox 2348 1002 2424 1071; x_wconf 84' lang='grc' dir='ltr'>μὴ</span> <span class='ocrx_word' id='word_1_206' title='bbox 2458 1002 2882 1067; x_wconf 79' lang='grc' dir='ltr'>κατασιὸαζέτω</span> <span class='ocrx_word' id='word_1_207' title='bbox 2908 1018 2924 1034; x_wconf 82' lang='grc'>⁶</span> <span class='ocrx_word' id='word_1_208' title='bbox 2955 1002 3338 1067; x_wconf 77' lang='grc' dir='ltr'>καταϐιϐάσας</span> <span class='ocrx_word' id='word_1_209' title='bbox 3370 1004 3451 1068; x_wconf 68' lang='grc' dir='ltr'>δὲ,</span> <span class='ocrx_word' id='word_1_210' title='bbox 3481 1002 3681 1075; x_wconf 79' lang='grc' dir='ltr'><strong>μηκέτι</strong></span> <span class='ocrx_word' id='word_1_211' title='bbox 3705 1003 3808 1072; x_wconf 76' lang='grc' dir='ltr'>τῆς</span> 
     </span>
    </p>
   </div>
   <div class='ocr_carea' id='block_1_37' title="bbox 2219 1093 3273 1166">
    <p class='ocr_par' dir='ltr' id='par_1_37' title="bbox 2219 1093 3273 1166">
     <span class='ocr_line' id='line_1_37' title="bbox 2219 1093 3273 1166; baseline 0.003 -19"><span class='ocrx_word' id='word_1_212' title='bbox 2219 1093 2620 1165; x_wconf 78' lang='grc' dir='ltr'><strong>ἀρχιερατικῆς</strong></span> <span class='ocrx_word' id='word_1_213' title='bbox 2656 1093 3050 1148; x_wconf 85' lang='grc' dir='ltr'>ἀντιποιείσθω</span> <span class='ocrx_word' id='word_1_214' title='bbox 3081 1094 3273 1166; x_wconf 83' lang='grc' dir='ltr'>τιμῆς.</span> 
     </span>
    </p>
   </div>
   <div class='ocr_carea' id='block_1_38' title="bbox 2621 1185 3414 1259">
    <p class='ocr_par' dir='ltr' id='par_1_38' title="bbox 2621 1185 3414 1259">
     <span class='ocr_line' id='line_1_38' title="bbox 2621 1185 3414 1259; baseline 0.004 -21"><span class='ocrx_word' id='word_1_215' title='bbox 2621 1185 2686 1239; x_wconf 90' lang='lat'><strong>&#39;0</strong></span> <span class='ocrx_word' id='word_1_216' title='bbox 2721 1185 2772 1238; x_wconf 80' lang='grc' dir='ltr'>δ’</span> <span class='ocrx_word' id='word_1_217' title='bbox 2801 1185 2914 1256; x_wconf 79' lang='grc' dir='ltr'>τῆς</span> <span class='ocrx_word' id='word_1_218' title='bbox 2945 1188 3018 1241; x_wconf 78' lang='grc' dir='ltr'>ἐν</span> <span class='ocrx_word' id='word_1_219' title='bbox 3057 1187 3414 1259; x_wconf 74' lang='grc' dir='ltr'><strong>Ἀντιοχείᾳ.</strong></span> 
     </span>
    </p>
   </div>
   <div class='ocr_carea' id='block_1_39' title="bbox 2305 1279 3808 1352">
    <p class='ocr_par' dir='ltr' id='par_1_39' title="bbox 2305 1279 3808 1352">
     <span class='ocr_line' id='line_1_39' title="bbox 2305 1279 3808 1352; baseline 0 -19"><span class='ocrx_word' id='word_1_220' title='bbox 2305 1279 2641 1342; x_wconf 77' lang='grc' dir='ltr'><strong>Ἐπίσκοπος</strong></span> <span class='ocrx_word' id='word_1_221' title='bbox 2671 1279 2778 1333; x_wconf 71' lang='grc' dir='ltr'><strong>ὑπὸ</strong></span> <span class='ocrx_word' id='word_1_222' title='bbox 2804 1280 3028 1335; x_wconf 83' lang='grc' dir='ltr'>συνόδου</span> <span class='ocrx_word' id='word_1_223' title='bbox 3056 1280 3469 1352; x_wconf 80' lang='grc' dir='ltr'>καθῃρημένος,</span> <span class='ocrx_word' id='word_1_224' title='bbox 3498 1280 3532 1352; x_wconf 72' lang='grc' dir='ltr'>ἢ</span> <span class='ocrx_word' id='word_1_225' title='bbox 3561 1281 3808 1351; x_wconf 80' lang='grc' dir='ltr'>πρεσϐύ·</span> 
     </span>
    </p>
   </div>
   <div class='ocr_carea' id='block_1_40' title="bbox 2218 1371 3805 1443">
    <p class='ocr_par' dir='ltr' id='par_1_40' title="bbox 2218 1371 3805 1443">
     <span class='ocr_line' id='line_1_40' title="bbox 2218 1371 3805 1443; baseline -0.002 -16"><span class='ocrx_word' id='word_1_226' title='bbox 2218 1389 2402 1443; x_wconf 84' lang='grc' dir='ltr'>τερος,</span> <span class='ocrx_word' id='word_1_227' title='bbox 2432 1372 2467 1443; x_wconf 76' lang='grc' dir='ltr'>ἢ</span> <span class='ocrx_word' id='word_1_228' title='bbox 2503 1371 2751 1435; x_wconf 81' lang='grc' dir='ltr'>διάκονος</span> <span class='ocrx_word' id='word_1_229' title='bbox 2780 1371 2886 1425; x_wconf 60' lang='lat' dir='ltr'><strong>sub</strong></span> <span class='ocrx_word' id='word_1_230' title='bbox 2909 1371 3006 1425; x_wconf 80' lang='grc' dir='ltr'>τοῦ</span> <span class='ocrx_word' id='word_1_231' title='bbox 3057 1371 3191 1426; x_wconf 82' lang='grc' dir='ltr'>ίδίου</span> <span class='ocrx_word' id='word_1_232' title='bbox 3233 1372 3565 1438; x_wconf 81' lang='grc' dir='ltr'>ἐπισκόπου,</span> <span class='ocrx_word' id='word_1_233' title='bbox 3602 1375 3650 1426; x_wconf 88' lang='grc' dir='ltr'><strong>εί</strong></span> <span class='ocrx_word' id='word_1_234' title='bbox 3682 1374 3805 1427; x_wconf 54' lang='lat' dir='ltr'><strong>to}:</strong></span> 
     </span>
    </p>
   </div>
   <div class='ocr_carea' id='block_1_41' title="bbox 2222 1462 3802 1534">
    <p class='ocr_par' dir='ltr' id='par_1_41' title="bbox 2222 1462 3802 1534">
     <span class='ocr_line' id='line_1_41' title="bbox 2222 1462 3802 1534; baseline 0.001 -17"><span class='ocrx_word' id='word_1_235' title='bbox 2222 1464 2418 1534; x_wconf 78' lang='grc' dir='ltr'>μήσειέ</span> <span class='ocrx_word' id='word_1_236' title='bbox 2448 1481 2502 1516; x_wconf 91' lang='grc' dir='ltr'><strong>τι</strong></span> <span class='ocrx_word' id='word_1_237' title='bbox 2545 1462 2755 1532; x_wconf 74' lang='grc' dir='ltr'>πρᾶξαι</span> <span class='ocrx_word' id='word_1_238' title='bbox 2801 1463 2905 1532; x_wconf 82' lang='grc' dir='ltr'>τῆς</span> <span class='ocrx_word' id='word_1_239' title='bbox 2922 1463 3326 1534; x_wconf 59' lang='grc' dir='ltr'>κλειτουργίας,</span> <span class='ocrx_word' id='word_1_240' title='bbox 3377 1464 3581 1532; x_wconf 82' lang='grc' dir='ltr'>μηκέτι</span> <span class='ocrx_word' id='word_1_241' title='bbox 3631 1467 3706 1533; x_wconf 82' lang='grc' dir='ltr'>μὴ</span> <span class='ocrx_word' id='word_1_242' title='bbox 3742 1466 3802 1519; x_wconf 78' lang='grc' dir='ltr'><strong>δὲ</strong></span> 
     </span>
    </p>
   </div>
   <div class='ocr_carea' id='block_1_42' title="bbox 2218 1554 3805 1625">
    <p class='ocr_par' dir='ltr' id='par_1_42' title="bbox 2218 1554 3805 1625">
     <span class='ocr_line' id='line_1_42' title="bbox 2218 1554 3805 1625; baseline 0 -16"><span class='ocrx_word' id='word_1_243' title='bbox 2218 1554 2727 1619; x_wconf 79' lang='grc' dir='ltr'><strong>ἀποκαταστάσεως</strong></span> <span class='ocrx_word' id='word_1_244' title='bbox 2774 1555 2971 1611; x_wconf 87' lang='grc' dir='ltr'>ἐλπίδα</span> <span class='ocrx_word' id='word_1_245' title='bbox 3010 1554 3220 1625; x_wconf 79' lang='grc' dir='ltr'>ἐχέτω·</span> <span class='ocrx_word' id='word_1_246' title='bbox 3251 1554 3350 1609; x_wconf 68' lang='grc' dir='ltr'><strong>καὶ</strong></span> <span class='ocrx_word' id='word_1_247' title='bbox 3398 1558 3448 1608; x_wconf 88' lang='grc' dir='ltr'>οἱ</span> <span class='ocrx_word' id='word_1_248' title='bbox 3478 1555 3655 1625; x_wconf 85' lang='grc' dir='ltr'>τούτῳ</span> <span class='ocrx_word' id='word_1_249' title='bbox 3683 1574 3805 1609; x_wconf 86' lang='grc' dir='ltr'>κοι-</span> 
     </span>
    </p>
   </div>
   <div class='ocr_carea' id='block_1_43' title="bbox 2218 1648 3806 1719">
    <p class='ocr_par' dir='ltr' id='par_1_43' title="bbox 2218 1648 3806 1719">
     <span class='ocr_line' id='line_1_43' title="bbox 2218 1648 3806 1719; baseline 0 -17"><span class='ocrx_word' id='word_1_250' title='bbox 2218 1648 2544 1711; x_wconf 78' lang='grc' dir='ltr'>νωνοῦντες,</span> <span class='ocrx_word' id='word_1_251' title='bbox 2587 1648 3069 1717; x_wconf 75' lang='grc' dir='ltr'>ἀφοριζὲσθωσαν,</span> <span class='ocrx_word' id='word_1_252' title='bbox 3150 1649 3248 1702; x_wconf 74' lang='grc' dir='ltr'><strong>καὶ</strong></span> <span class='ocrx_word' id='word_1_253' title='bbox 3303 1649 3564 1719; x_wconf 81' lang='grc' dir='ltr'>μάλιστα,</span> <span class='ocrx_word' id='word_1_254' title='bbox 3610 1649 3661 1700; x_wconf 89' lang='grc' dir='ltr'>εἰ</span> <span class='ocrx_word' id='word_1_255' title='bbox 3712 1651 3806 1702; x_wconf 76' lang='grc' dir='ltr'>καὶ</span> 
     </span>
    </p>
   </div>
   <div class='ocr_carea' id='block_1_44' title="bbox 2217 1740 3229 1811">
    <p class='ocr_par' dir='ltr' id='par_1_44' title="bbox 2217 1740 3229 1811">
     <span class='ocr_line' id='line_1_44' title="bbox 2217 1740 3229 1811; baseline 0.001 -20"><span class='ocrx_word' id='word_1_256' title='bbox 2217 1740 2317 1811; x_wconf 77' lang='grc' dir='ltr'>τὴν</span> <span class='ocrx_word' id='word_1_257' title='bbox 2346 1741 2467 1794; x_wconf 82' lang='grc' dir='ltr'>κατ’</span> <span class='ocrx_word' id='word_1_258' title='bbox 2499 1740 2667 1795; x_wconf 75' lang='grc' dir='ltr'>αὐτοῦ</span> <span class='ocrx_word' id='word_1_259' title='bbox 2706 1740 2901 1794; x_wconf 77' lang='grc' dir='ltr'>εἰδεῖεν</span> <span class='ocrx_word' id='word_1_260' title='bbox 2928 1740 3229 1809; x_wconf 76' lang='grc' dir='ltr'>ἀπὸῳασιν.</span> 
     </span>
    </p>
   </div>
   <div class='ocr_carea' id='block_1_45' title="bbox 2617 1833 3416 1903">
    <p class='ocr_par' dir='ltr' id='par_1_45' title="bbox 2617 1833 3416 1903">
     <span class='ocr_line' id='line_1_45' title="bbox 2617 1833 3416 1903; baseline -0.003 -16"><span class='ocrx_word' id='word_1_261' title='bbox 2617 1834 2771 1888; x_wconf 79' lang='grc' dir='ltr'>Ὀιια¹</span> <span class='ocrx_word' id='word_1_262' title='bbox 2802 1833 2916 1903; x_wconf 82' lang='grc' dir='ltr'>τῆς</span> <span class='ocrx_word' id='word_1_263' title='bbox 2949 1833 3020 1887; x_wconf 87' lang='grc' dir='ltr'>ἐν</span> <span class='ocrx_word' id='word_1_264' title='bbox 3063 1833 3416 1902; x_wconf 77' lang='grc' dir='ltr'><strong>Ἀντιοχείᾳ.</strong></span> 
     </span>
    </p>
   </div>
   <div class='ocr_carea' id='block_1_46' title="bbox 2298 1924 3797 1996">
    <p class='ocr_par' dir='ltr' id='par_1_46' title="bbox 2298 1924 3797 1996">
     <span class='ocr_line' id='line_1_46' title="bbox 2298 1924 3797 1996; baseline 0.001 -15"><span class='ocrx_word' id='word_1_265' title='bbox 2298 1927 2631 1989; x_wconf 76' lang='grc' dir='ltr'>Ἐπίσκοπος</span> <span class='ocrx_word' id='word_1_266' title='bbox 2692 1925 2727 1996; x_wconf 78' lang='grc' dir='ltr'>ἢ</span> <span class='ocrx_word' id='word_1_267' title='bbox 2774 1924 3180 1995; x_wconf 82' lang='grc' dir='ltr'>πρεσϐύτερος,</span> <span class='ocrx_word' id='word_1_268' title='bbox 3215 1927 3369 1993; x_wconf 88' lang='grc' dir='ltr'><strong>παρά</strong></span> <span class='ocrx_word' id='word_1_269' title='bbox 3418 1928 3648 1996; x_wconf 83' lang='grc' dir='ltr'>γνώμην</span> <span class='ocrx_word' id='word_1_270' title='bbox 3702 1929 3797 1982; x_wconf 74' lang='grc' dir='ltr'>τοῦ</span> 
     </span>
    </p>
   </div>
   <div class='ocr_carea' id='block_1_47' title="bbox 2219 2016 3800 2090">
    <p class='ocr_par' dir='ltr' id='par_1_47' title="bbox 2219 2016 3800 2090">
     <span class='ocr_line' id='line_1_47' title="bbox 2219 2016 3800 2090; baseline -0.003 -15"><span class='ocrx_word' id='word_1_271' title='bbox 2219 2022 2352 2076; x_wconf 77' lang='grc' dir='ltr'>ῑδίου</span> <span class='ocrx_word' id='word_1_272' title='bbox 2387 2018 2791 2090; x_wconf 80' lang='grc' dir='ltr'>μητροπολίτου</span> <span class='ocrx_word' id='word_1_273' title='bbox 2824 2016 3080 2072; x_wconf 80' lang='grc' dir='ltr'>ἀπελθὼν</span> <span class='ocrx_word' id='word_1_274' title='bbox 3112 2016 3250 2089; x_wconf 78' lang='grc' dir='ltr'>πρὸς</span> <span class='ocrx_word' id='word_1_275' title='bbox 3284 2017 3530 2086; x_wconf 80' lang='grc' dir='ltr'><strong>βασιλέα,</strong></span> <span class='ocrx_word' id='word_1_276' title='bbox 3558 2019 3800 2086; x_wconf 80' lang='grc' dir='ltr'>ἀπόϐλη-</span> 
     </span>
    </p>
   </div>
   <div class='ocr_carea' id='block_1_48' title="bbox 2212 2111 3654 2183">
    <p class='ocr_par' dir='ltr' id='par_1_48' title="bbox 2212 2111 3654 2183">
     <span class='ocr_line' id='line_1_48' title="bbox 2212 2111 3654 2183; baseline -0.003 -14"><span class='ocrx_word' id='word_1_277' title='bbox 2212 2133 2304 2179; x_wconf 88' lang='grc' dir='ltr'><strong>τος</strong></span> <span class='ocrx_word' id='word_1_278' title='bbox 2334 2114 2571 2183; x_wconf 80' lang='grc' dir='ltr'>γινέσθω</span> <span class='ocrx_word' id='word_1_279' title='bbox 2601 2112 2700 2167; x_wconf 77' lang='grc' dir='ltr'><strong>καὶ</strong></span> <span class='ocrx_word' id='word_1_280' title='bbox 2732 2115 2834 2183; x_wconf 85' lang='grc' dir='ltr'>τῆς</span> <span class='ocrx_word' id='word_1_281' title='bbox 2872 2111 3187 2175; x_wconf 87' lang='grc' dir='ltr'>κοινωνίας,</span> <span class='ocrx_word' id='word_1_282' title='bbox 3216 2112 3314 2165; x_wconf 77' lang='grc' dir='ltr'><strong>καὶ</strong></span> <span class='ocrx_word' id='word_1_283' title='bbox 3346 2112 3449 2181; x_wconf 81' lang='grc' dir='ltr'>τῆς</span> <span class='ocrx_word' id='word_1_284' title='bbox 3476 2111 3654 2180; x_wconf 81' lang='grc' dir='ltr'>ἀξίας.</span> 
     </span>
    </p>
   </div>
   <div class='ocr_carea' id='block_1_49' title="bbox 2648 2202 3344 2273">
    <p class='ocr_par' dir='ltr' id='par_1_49' title="bbox 2648 2202 3344 2273">
     <span class='ocr_line' id='line_1_49' title="bbox 2648 2202 3344 2273; baseline -0.001 -14"><span class='ocrx_word' id='word_1_285' title='bbox 2648 2204 2713 2259; x_wconf 87' lang='lat'><strong>&#39;0</strong></span> <span class='ocrx_word' id='word_1_286' title='bbox 2738 2202 2786 2263; x_wconf 69' lang='grc' dir='ltr'><strong>ζ’</strong></span> <span class='ocrx_word' id='word_1_287' title='bbox 2811 2203 2923 2273; x_wconf 79' lang='grc' dir='ltr'>τῆς</span> <span class='ocrx_word' id='word_1_288' title='bbox 2953 2205 3025 2259; x_wconf 80' lang='grc' dir='ltr'>ἐν</span> <span class='ocrx_word' id='word_1_289' title='bbox 3053 2203 3344 2273; x_wconf 79' lang='grc' dir='ltr'>Σαρόικῇ.</span> 
     </span>
    </p>
   </div>
   <div class='ocr_carea' id='block_1_50' title="bbox 2290 2295 3801 2367">
    <p class='ocr_par' dir='ltr' id='par_1_50' title="bbox 2290 2295 3801 2367">
     <span class='ocr_line' id='line_1_50' title="bbox 2290 2295 3801 2367; baseline -0.004 -13"><span class='ocrx_word' id='word_1_290' title='bbox 2290 2300 2499 2364; x_wconf 75' lang='grc' dir='ltr'>Ἄλλως</span> <span class='ocrx_word' id='word_1_291' title='bbox 2535 2298 2591 2351; x_wconf 82' lang='grc' dir='ltr'>δὲ</span> <span class='ocrx_word' id='word_1_292' title='bbox 2645 2296 2947 2360; x_wconf 80' lang='grc' dir='ltr'>ἐπίσκοπος</span> <span class='ocrx_word' id='word_1_293' title='bbox 3002 2295 3142 2367; x_wconf 76' lang='grc' dir='ltr'>πρὸς</span> <span class='ocrx_word' id='word_1_294' title='bbox 3183 2295 3411 2367; x_wconf 80' lang='grc' dir='ltr'><strong>βασιλέα</strong></span> <span class='ocrx_word' id='word_1_295' title='bbox 3462 2295 3537 2367; x_wconf 84' lang='grc' dir='ltr'>μὴ</span> <span class='ocrx_word' id='word_1_296' title='bbox 3567 2295 3801 2367; x_wconf 79' lang='grc' dir='ltr'>ἀπερχέ-</span> 
     </span>
    </p>
   </div>
   <div class='ocr_carea' id='block_1_51' title="bbox 2216 2387 3801 2458">
    <p class='ocr_par' dir='ltr' id='par_1_51' title="bbox 2216 2387 3801 2458">
     <span class='ocr_line' id='line_1_51' title="bbox 2216 2387 3801 2458; baseline -0.002 -14"><span class='ocrx_word' id='word_1_297' title='bbox 2216 2394 2352 2451; x_wconf 82' lang='grc' dir='ltr'>σθω,</span> <span class='ocrx_word' id='word_1_298' title='bbox 2384 2391 2434 2442; x_wconf 84' lang='grc' dir='ltr'><strong>εί</strong></span> <span class='ocrx_word' id='word_1_299' title='bbox 2485 2390 2562 2458; x_wconf 78' lang='grc' dir='ltr'>μὴ</span> <span class='ocrx_word' id='word_1_300' title='bbox 2587 2388 2801 2458; x_wconf 86' lang='grc' dir='ltr'>χηρῶν,</span> <span class='ocrx_word' id='word_1_301' title='bbox 2841 2390 2939 2441; x_wconf 72' lang='grc' dir='ltr'>καὶ</span> <span class='ocrx_word' id='word_1_302' title='bbox 2974 2387 3258 2457; x_wconf 83' lang='grc' dir='ltr'><strong>ὀρφανῶν,</strong></span> <span class='ocrx_word' id='word_1_303' title='bbox 3310 2389 3406 2441; x_wconf 71' lang='grc' dir='ltr'><strong>καὶ</strong></span> <span class='ocrx_word' id='word_1_304' title='bbox 3444 2405 3801 2444; x_wconf 78' lang='grc' dir='ltr'>καταπονου-</span> 
     </span>
    </p>
   </div>
   <div class='ocr_carea' id='block_1_52' title="bbox 2219 2466 3332 2554">
    <p class='ocr_par' dir='ltr' id='par_1_52' title="bbox 2219 2466 3332 2554">
     <span class='ocr_line' id='line_1_52' title="bbox 2219 2466 3332 2554; baseline -0.001 -19"><span class='ocrx_word' id='word_1_305' title='bbox 2219 2484 2398 2554; x_wconf 83' lang='grc' dir='ltr'>μένων</span> <span class='ocrx_word' id='word_1_306' title='bbox 2426 2466 2610 2539; x_wconf 76' lang='grc' dir='ltr'>δικαία</span> <span class='ocrx_word' id='word_1_307' title='bbox 2646 2479 3057 2549; x_wconf 76' lang='grc' dir='ltr'>καταναγκάζει</span> <span class='ocrx_word' id='word_1_308' title='bbox 3083 2478 3332 2550; x_wconf 83' lang='grc' dir='ltr'>βοήθεια.</span> 
     </span>
    </p>
   </div>
   <div class='ocr_carea' id='block_1_53' title="bbox 2789 2569 3214 2638">
    <p class='ocr_par' dir='ltr' id='par_1_53' title="bbox 2789 2569 3214 2638">
     <span class='ocr_line' id='line_1_53' title="bbox 2789 2569 3214 2638; baseline 0.002 -14"><span class='ocrx_word' id='word_1_309' title='bbox 2789 2570 2856 2624; x_wconf 88' lang='lat'><strong>&#39;0</strong></span> <span class='ocrx_word' id='word_1_310' title='bbox 2884 2569 2936 2638; x_wconf 81' lang='grc' dir='ltr'>η’</span> <span class='ocrx_word' id='word_1_311' title='bbox 2967 2571 3214 2638; x_wconf 83' lang='grc' dir='ltr'>ταύτης.</span> 
     </span>
    </p>
   </div>
   <div class='ocr_carea' id='block_1_54' title="bbox 2288 2659 3795 2731">
    <p class='ocr_par' dir='ltr' id='par_1_54' title="bbox 2288 2659 3795 2731">
     <span class='ocr_line' id='line_1_54' title="bbox 2288 2659 3795 2731; baseline -0.003 -13"><span class='ocrx_word' id='word_1_312' title='bbox 2288 2665 2353 2718; x_wconf 77' lang='lat' dir='ltr'><strong>Ei.</strong></span> <span class='ocrx_word' id='word_1_313' title='bbox 2383 2665 2438 2718; x_wconf 78' lang='grc' dir='ltr'>δὲ</span> <span class='ocrx_word' id='word_1_314' title='bbox 2468 2664 2629 2727; x_wconf 75' lang='grc' dir='ltr'>αὐτὸς</span> <span class='ocrx_word' id='word_1_315' title='bbox 2656 2662 2917 2716; x_wconf 75' lang='grc' dir='ltr'>ἀπελθεῖν</span> <span class='ocrx_word' id='word_1_316' title='bbox 2944 2661 3036 2716; x_wconf 79' lang='grc' dir='ltr'>διά</span> <span class='ocrx_word' id='word_1_317' title='bbox 3083 2678 3136 2714; x_wconf 87' lang='grc' dir='ltr'><strong>τι</strong></span> <span class='ocrx_word' id='word_1_318' title='bbox 3182 2660 3389 2714; x_wconf 85' lang='grc' dir='ltr'>τούτων</span> <span class='ocrx_word' id='word_1_319' title='bbox 3432 2660 3492 2713; x_wconf 85' lang='grc' dir='ltr'><strong>οὐ</strong></span> <span class='ocrx_word' id='word_1_320' title='bbox 3522 2659 3795 2731; x_wconf 81' lang='grc' dir='ltr'>βούλεται.</span> 
     </span>
    </p>
   </div>
   <div class='ocr_carea' id='block_1_55' title="bbox 2216 2751 3798 2826">
    <p class='ocr_par' dir='ltr' id='par_1_55' title="bbox 2216 2751 3798 2826">
     <span class='ocr_line' id='line_1_55' title="bbox 2216 2751 3798 2826; baseline -0.003 -15"><span class='ocrx_word' id='word_1_321' title='bbox 2216 2757 2612 2826; x_wconf 75' lang='grc' dir='ltr'>αἰσχυνόμενος</span> <span class='ocrx_word' id='word_1_322' title='bbox 2643 2754 2806 2822; x_wconf 75' lang='grc' dir='ltr'>δῆθεν</span> <span class='ocrx_word' id='word_1_323' title='bbox 2836 2752 3139 2824; x_wconf 76' lang='grc' dir='ltr'>διατρίϐειν</span> <span class='ocrx_word' id='word_1_324' title='bbox 3189 2753 3248 2803; x_wconf 83' lang='grc' dir='ltr'><strong>ἐν</strong></span> <span class='ocrx_word' id='word_1_325' title='bbox 3281 2752 3651 2822; x_wconf 78' lang='grc' dir='ltr'>στρατοπέδῳ,</span> <span class='ocrx_word' id='word_1_326' title='bbox 3682 2751 3798 2806; x_wconf 80' lang='grc' dir='ltr'>διά·</span> 
     </span>
    </p>
   </div>
   <div class='ocr_carea' id='block_1_56' title="bbox 2216 2845 2850 2910">
    <p class='ocr_par' dir='ltr' id='par_1_56' title="bbox 2216 2845 2850 2910">
     <span class='ocr_line' id='line_1_56' title="bbox 2216 2845 2850 2910; baseline -0.005 -9"><span class='ocrx_word' id='word_1_327' title='bbox 2216 2865 2372 2910; x_wconf 87' lang='grc' dir='ltr'>κονος</span> <span class='ocrx_word' id='word_1_328' title='bbox 2407 2845 2850 2899; x_wconf 77' lang='grc' dir='ltr'>ἀποστελλέσθω.</span> 
     </span>
    </p>
   </div>
   <div class='ocr_carea' id='block_1_57' title="bbox 2773 2917 3230 3000">
    <p class='ocr_par' dir='ltr' id='par_1_57' title="bbox 2773 2934 3230 3000">
     <span class='ocr_line' id='line_1_57' title="bbox 2773 2934 3230 3000; baseline 0.002 -13"><span class='ocrx_word' id='word_1_329' title='bbox 2773 2934 2838 2987; x_wconf 89' lang='grc'><strong>’0</strong></span> <span class='ocrx_word' id='word_1_330' title='bbox 2863 2941 2955 2987; x_wconf 77' lang='grc' dir='ltr'>κα¹</span> <span class='ocrx_word' id='word_1_331' title='bbox 2986 2934 3230 3000; x_wconf 78' lang='grc' dir='ltr'>ταύτης.</span> 
     </span>
    </p>
   </div>
   <div class='ocr_carea' id='block_1_58' title="bbox 2284 3023 3798 3092">
    <p class='ocr_par' dir='ltr' id='par_1_58' title="bbox 2284 3023 3798 3092">
     <span class='ocr_line' id='line_1_58' title="bbox 2284 3023 3798 3092; baseline -0.003 -13"><span class='ocrx_word' id='word_1_332' title='bbox 2284 3028 2617 3088; x_wconf 80' lang='grc' dir='ltr'>Ἐπίσκοπος</span> <span class='ocrx_word' id='word_1_333' title='bbox 2644 3026 2947 3078; x_wconf 75' lang='grc' dir='ltr'>ἐπίσκοπον</span> <span class='ocrx_word' id='word_1_334' title='bbox 2997 3023 3251 3077; x_wconf 73' lang='grc' dir='ltr'>ὁδεύοντα</span> <span class='ocrx_word' id='word_1_335' title='bbox 3302 3024 3660 3092; x_wconf 68' lang='grc' dir='ltr'>θεασάμενος,</span> <span class='ocrx_word' id='word_1_336' title='bbox 3696 3023 3798 3092; x_wconf 75' lang='grc' dir='ltr'>τὴν</span> 
     </span>
    </p>
   </div>
   <div class='ocr_carea' id='block_1_59' title="bbox 2212 3114 3799 3188">
    <p class='ocr_par' dir='ltr' id='par_1_59' title="bbox 2212 3114 3799 3188">
     <span class='ocr_line' id='line_1_59' title="bbox 2212 3114 3799 3188; baseline -0.004 -15"><span class='ocrx_word' id='word_1_337' title='bbox 2212 3120 2396 3174; x_wconf 77' lang='grc' dir='ltr'>αἰτίαν</span> <span class='ocrx_word' id='word_1_338' title='bbox 2447 3117 2547 3188; x_wconf 82' lang='grc' dir='ltr'>τῆς</span> <span class='ocrx_word' id='word_1_339' title='bbox 2577 3116 2888 3184; x_wconf 67' lang='grc' dir='ltr'>ὁδοιπορίας</span> <span class='ocrx_word' id='word_1_340' title='bbox 2949 3116 3271 3183; x_wconf 75' lang='grc' dir='ltr'>ἐξεταζέτωο</span> <span class='ocrx_word' id='word_1_341' title='bbox 3310 3116 3414 3168; x_wconf 71' lang='grc' dir='ltr'><strong>κᾶν</strong></span> <span class='ocrx_word' id='word_1_342' title='bbox 3448 3115 3610 3167; x_wconf 75' lang='grc' dir='ltr'>αὑτὸν</span> <span class='ocrx_word' id='word_1_343' title='bbox 3636 3114 3799 3186; x_wconf 77' lang='grc' dir='ltr'>εὕρῃ.</span> 
     </span>
    </p>
   </div>
   <div class='ocr_carea' id='block_1_60' title="bbox 530 3193 2117 3295">
    <p class='ocr_par' dir='ltr' id='par_1_60' title="bbox 530 3193 2108 3267">
     <span class='ocr_line' id='line_1_60' title="bbox 530 3193 2108 3267; baseline 0.004 -21"><span class='ocrx_word' id='word_1_344' title='bbox 530 3193 672 3247; x_wconf 78' lang='lat' dir='ltr'><strong>derit</strong></span> <span class='ocrx_word' id='word_1_345' title='bbox 703 3208 825 3246; x_wconf 87' lang='lat' dir='ltr'><strong>eum</strong></span> <span class='ocrx_word' id='word_1_346' title='bbox 857 3209 963 3247; x_wconf 93' lang='lat' dir='ltr'><strong>non</strong></span> <span class='ocrx_word' id='word_1_347' title='bbox 1004 3196 1074 3249; x_wconf 86' lang='lat' dir='ltr'><strong>ob</strong></span> <span class='ocrx_word' id='word_1_348' title='bbox 1104 3195 1341 3265; x_wconf 85' lang='lat' dir='ltr'><strong>aliquam</strong></span> <span class='ocrx_word' id='word_1_349' title='bbox 1374 3214 1595 3253; x_wconf 86' lang='lat' dir='ltr'><strong>causam</strong></span> <span class='ocrx_word' id='word_1_350' title='bbox 1623 3215 1687 3253; x_wconf 83' lang='lat' dir='ltr'><strong>ex</strong></span> <span class='ocrx_word' id='word_1_351' title='bbox 1719 3200 1806 3263; x_wconf 78' lang='lat' dir='ltr'><strong>iis,</strong></span> <span class='ocrx_word' id='word_1_352' title='bbox 1847 3214 1985 3267; x_wconf 88' lang='lat' dir='ltr'><strong>quas</strong></span> <span class='ocrx_word' id='word_1_353' title='bbox 2015 3201 2108 3253; x_wconf 51' lang='lat' dir='ltr'><strong>de-</strong></span> 
     </span>
    </p>
   </div>
   <div class='ocr_carea' id='block_1_61' title="bbox 2218 3193 3798 3295">
    <p class='ocr_par' dir='ltr' id='par_1_61' title="bbox 2219 3204 3798 3281">
     <span class='ocr_line' id='line_1_61' title="bbox 2219 3204 3798 3281; baseline -0.004 -18"><span class='ocrx_word' id='word_1_354' title='bbox 2219 3211 2292 3281; x_wconf 82' lang='grc' dir='ltr'>μὴ</span> <span class='ocrx_word' id='word_1_355' title='bbox 2323 3210 2413 3263; x_wconf 85' lang='grc' dir='ltr'><strong>διά</strong></span> <span class='ocrx_word' id='word_1_356' title='bbox 2437 3228 2487 3262; x_wconf 91' lang='grc' dir='ltr'><strong>τι</strong></span> <span class='ocrx_word' id='word_1_357' title='bbox 2514 3208 2625 3261; x_wconf 82' lang='grc' dir='ltr'><strong>τῶν</strong></span> <span class='ocrx_word' id='word_1_358' title='bbox 2654 3209 2787 3279; x_wconf 83' lang='grc' dir='ltr'>ἡμῖν</span> <span class='ocrx_word' id='word_1_359' title='bbox 2817 3208 3145 3277; x_wconf 78' lang='grc' dir='ltr'>ὀρισθέντων</span> <span class='ocrx_word' id='word_1_360' title='bbox 3180 3207 3213 3279; x_wconf 80' lang='grc' dir='ltr'>ἢ</span> <span class='ocrx_word' id='word_1_361' title='bbox 3266 3207 3401 3277; x_wconf 73' lang='grc' dir='ltr'>πρὸς</span> <span class='ocrx_word' id='word_1_362' title='bbox 3457 3204 3704 3275; x_wconf 81' lang='grc' dir='ltr'>βασιλέα,</span> <span class='ocrx_word' id='word_1_363' title='bbox 3763 3207 3798 3277; x_wconf 68' lang='grc' dir='ltr'>ἢ</span> 
     </span>
    </p>
   </div>
   <div class='ocr_carea' id='block_1_62' title="bbox 536 3284 2117 3371">
    <p class='ocr_par' dir='ltr' id='par_1_62' title="bbox 536 3284 2113 3361">
     <span class='ocr_line' id='line_1_62' title="bbox 536 3284 2113 3361; baseline 0.004 -23"><span class='ocrx_word' id='word_1_364' title='bbox 536 3284 979 3350; x_wconf 80' lang='lat' dir='ltr'><strong>terminavimus,</strong></span> <span class='ocrx_word' id='word_1_365' title='bbox 1035 3288 1101 3340; x_wconf 82' lang='lat' dir='ltr'><strong>ad</strong></span> <span class='ocrx_word' id='word_1_366' title='bbox 1166 3288 1570 3357; x_wconf 84' lang='lat' dir='ltr'><strong>imperatorem,</strong></span> <span class='ocrx_word' id='word_1_367' title='bbox 1620 3293 1701 3345; x_wconf 79' lang='lat' dir='ltr'><strong>vel</strong></span> <span class='ocrx_word' id='word_1_368' title='bbox 1754 3294 1859 3347; x_wconf 88' lang='lat' dir='ltr'><strong>alio</strong></span> <span class='ocrx_word' id='word_1_369' title='bbox 1889 3292 2113 3361; x_wconf 64' lang='lat' dir='ltr'><strong>pretii-io</strong></span> 
     </span>
    </p>
   </div>
   <div class='ocr_carea' id='block_1_63' title="bbox 2218 3284 3799 3371">
    <p class='ocr_par' dir='ltr' id='par_1_63' title="bbox 2218 3297 3799 3371">
     <span class='ocr_line' id='line_1_63' title="bbox 2218 3297 3799 3371; baseline -0.003 -16"><span class='ocrx_word' id='word_1_370' title='bbox 2218 3301 2480 3371; x_wconf 69' lang='grc' dir='ltr'>ἀλλαχόσε</span> <span class='ocrx_word' id='word_1_371' title='bbox 2507 3299 2787 3359; x_wconf 82' lang='grc' dir='ltr'>ὁδεύοντα.</span> <span class='ocrx_word' id='word_1_372' title='bbox 2821 3300 2895 3369; x_wconf 86' lang='grc' dir='ltr'>μὴ</span> <span class='ocrx_word' id='word_1_373' title='bbox 2935 3301 3048 3361; x_wconf 87' lang='grc' dir='ltr'>τοῖς</span> <span class='ocrx_word' id='word_1_374' title='bbox 3071 3297 3241 3352; x_wconf 82' lang='grc' dir='ltr'>αὑτοῦ</span> <span class='ocrx_word' id='word_1_375' title='bbox 3298 3298 3625 3368; x_wconf 85' lang='grc' dir='ltr'>γράμμασιν</span> <span class='ocrx_word' id='word_1_376' title='bbox 3657 3297 3799 3351; x_wconf 71' lang='lat' dir='ltr'><strong>imo-</strong></span> 
     </span>
    </p>
   </div>
   <div class='ocr_carea' id='block_1_64' title="bbox 529 3378 2112 3448">
    <p class='ocr_par' dir='ltr' id='par_1_64' title="bbox 529 3378 2112 3448">
     <span class='ocr_line' id='line_1_64' title="bbox 529 3378 2112 3448; baseline 0.003 -19"><span class='ocrx_word' id='word_1_377' title='bbox 529 3386 767 3430; x_wconf 88' lang='lat' dir='ltr'><strong>scentem</strong></span> <span class='ocrx_word' id='word_1_378' title='bbox 802 3395 816 3432; x_wconf 90' lang='lat'><strong>:</strong></span> <span class='ocrx_word' id='word_1_379' title='bbox 851 3378 1047 3435; x_wconf 86' lang='lat' dir='ltr'><strong>litteris</strong></span> <span class='ocrx_word' id='word_1_380' title='bbox 1083 3379 1203 3448; x_wconf 82' lang='lat' dir='ltr'><strong>ejus</strong></span> <span class='ocrx_word' id='word_1_381' title='bbox 1234 3396 1342 3436; x_wconf 91' lang='lat' dir='ltr'><strong>non</strong></span> <span class='ocrx_word' id='word_1_382' title='bbox 1373 3384 1705 3440; x_wconf 87' lang='lat' dir='ltr'><strong>subseribat.</strong></span> <span class='ocrx_word' id='word_1_383' title='bbox 1751 3399 1851 3437; x_wconf 90' lang='lat' dir='ltr'><strong>nec</strong></span> <span class='ocrx_word' id='word_1_384' title='bbox 1878 3399 2003 3439; x_wconf 88' lang='lat' dir='ltr'><strong>cum</strong></span> <span class='ocrx_word' id='word_1_385' title='bbox 2046 3397 2112 3436; x_wconf 91' lang='lat' dir='ltr'><strong>eo</strong></span> 
     </span>
    </p>
   </div>
   <div class='ocr_carea' id='block_1_65' title="bbox 530 3471 923 3525">
    <p class='ocr_par' dir='ltr' id='par_1_65' title="bbox 530 3471 923 3525">
     <span class='ocr_line' id='line_1_65' title="bbox 530 3471 923 3525; baseline 0 -4"><span class='ocrx_word' id='word_1_386' title='bbox 530 3471 923 3525; x_wconf 85' lang='lat' dir='ltr'><strong>communicet.</strong></span> 
     </span>
    </p>
   </div>
   <div class='ocr_carea' id='block_1_66' title="bbox 566 3562 1557 3618">
    <p class='ocr_par' dir='ltr' id='par_1_66' title="bbox 566 3562 1557 3618">
     <span class='ocr_line' id='line_1_66' title="bbox 566 3562 1557 3618; baseline 0.004 -5"><span class='ocrx_word' id='word_1_387' title='bbox 566 3575 580 3581; x_wconf 77' lang='lat'><strong><em>‘</em></strong></span> <span class='ocrx_word' id='word_1_388' title='bbox 1093 3562 1161 3615; x_wconf 72' lang='grc'><strong>12</strong></span> <span class='ocrx_word' id='word_1_389' title='bbox 1197 3562 1557 3618; x_wconf 67' lang='lat' dir='ltr'><strong>Antiocheam.</strong></span> 
     </span>
    </p>
   </div>
   <div class='ocr_carea' id='block_1_67' title="bbox 608 3651 2113 3731">
    <p class='ocr_par' dir='ltr' id='par_1_67' title="bbox 608 3651 2113 3731">
     <span class='ocr_line' id='line_1_67' title="bbox 608 3651 2113 3731; baseline 0.002 -27"><span class='ocrx_word' id='word_1_390' title='bbox 608 3651 920 3720; x_wconf 86' lang='lat' dir='ltr'><strong>Depositus,</strong></span> <span class='ocrx_word' id='word_1_391' title='bbox 946 3652 1051 3707; x_wconf 90' lang='lat' dir='ltr'><strong>nisi</strong></span> <span class='ocrx_word' id='word_1_392' title='bbox 1086 3658 1346 3720; x_wconf 80' lang='lat' dir='ltr'><strong>majorem</strong></span> <span class='ocrx_word' id='word_1_393' title='bbox 1381 3655 1450 3707; x_wconf 82' lang='lat' dir='ltr'><strong>ad</strong></span> <span class='ocrx_word' id='word_1_394' title='bbox 1483 3655 1747 3731; x_wconf 75' lang='lat' dir='ltr'><strong>synodum</strong></span> <span class='ocrx_word' id='word_1_395' title='bbox 1779 3669 1838 3709; x_wconf 87' lang='lat' dir='ltr'><strong>se</strong></span> <span class='ocrx_word' id='word_1_396' title='bbox 1870 3655 2113 3709; x_wconf 75' lang='lat' dir='ltr'><strong>contule—</strong></span> 
     </span>
    </p>
   </div>
   <div class='ocr_carea' id='block_1_68' title="bbox 534 3741 2115 3813">
    <p class='ocr_par' dir='ltr' id='par_1_68' title="bbox 534 3741 2115 3813">
     <span class='ocr_line' id='line_1_68' title="bbox 534 3741 2115 3813; baseline 0.005 -18"><span class='ocrx_word' id='word_1_397' title='bbox 534 3741 624 3805; x_wconf 84' lang='lat' dir='ltr'><strong>rit,</strong></span> <span class='ocrx_word' id='word_1_398' title='bbox 656 3750 712 3796; x_wconf 91' lang='lat' dir='ltr'><strong>et</strong></span> <span class='ocrx_word' id='word_1_399' title='bbox 763 3743 829 3797; x_wconf 85' lang='lat' dir='ltr'><strong>ad</strong></span> <span class='ocrx_word' id='word_1_400' title='bbox 856 3759 975 3797; x_wconf 89' lang='lat' dir='ltr'><strong>eam</strong></span> <span class='ocrx_word' id='word_1_401' title='bbox 1012 3744 1262 3799; x_wconf 89' lang='lat' dir='ltr'><strong>retulerit</strong></span> <span class='ocrx_word' id='word_1_402' title='bbox 1290 3745 1357 3798; x_wconf 89' lang='lat' dir='ltr'><strong>de</strong></span> <span class='ocrx_word' id='word_1_403' title='bbox 1380 3744 1622 3813; x_wconf 82' lang='lat' dir='ltr'><strong>jnribus,</strong></span> <span class='ocrx_word' id='word_1_404' title='bbox 1653 3761 1773 3813; x_wconf 73' lang='lat' dir='ltr'><strong>qua:</strong></span> <span class='ocrx_word' id='word_1_405' title='bbox 1827 3746 2025 3801; x_wconf 69' lang='lat' dir='ltr'><strong>habere</strong></span> <span class='ocrx_word' id='word_1_406' title='bbox 2054 3764 2115 3803; x_wconf 87' lang='lat' dir='ltr'><strong>se</strong></span> 
     </span>
    </p>
   </div>
   <div class='ocr_carea' id='block_1_69' title="bbox 534 3833 2114 3903">
    <p class='ocr_par' dir='ltr' id='par_1_69' title="bbox 534 3833 2114 3903">
     <span class='ocr_line' id='line_1_69' title="bbox 534 3833 2114 3903; baseline 0.004 -18"><span class='ocrx_word' id='word_1_407' title='bbox 534 3840 709 3901; x_wconf 87' lang='lat' dir='ltr'><strong>putat,</strong></span> <span class='ocrx_word' id='word_1_408' title='bbox 765 3834 861 3888; x_wconf 87' lang='lat' dir='ltr'><strong>sed</strong></span> <span class='ocrx_word' id='word_1_409' title='bbox 910 3833 1227 3903; x_wconf 87' lang='lat' dir='ltr'><strong>imperatori</strong></span> <span class='ocrx_word' id='word_1_410' title='bbox 1280 3836 1459 3903; x_wconf 89' lang='lat' dir='ltr'><strong>potius</strong></span> <span class='ocrx_word' id='word_1_411' title='bbox 1511 3836 1773 3892; x_wconf 79' lang='lat' dir='ltr'><strong>molestus</strong></span> <span class='ocrx_word' id='word_1_412' title='bbox 1825 3839 2013 3901; x_wconf 79' lang='lat' dir='ltr'><strong>fuerit,</strong></span> <span class='ocrx_word' id='word_1_413' title='bbox 2046 3854 2114 3892; x_wconf 89' lang='lat' dir='ltr'><strong>ne</strong></span> 
     </span>
    </p>
   </div>
   <div class='ocr_carea' id='block_1_70' title="bbox 532 3925 2114 3998">
    <p class='ocr_par' dir='ltr' id='par_1_70' title="bbox 532 3925 2114 3998">
     <span class='ocr_line' id='line_1_70' title="bbox 532 3925 2114 3998; baseline 0.005 -22"><span class='ocrx_word' id='word_1_414' title='bbox 532 3925 751 3993; x_wconf 85' lang='lat' dir='ltr'><strong>quidem</strong></span> <span class='ocrx_word' id='word_1_415' title='bbox 784 3925 1052 3996; x_wconf 81' lang='lat' dir='ltr'><strong>purgandi</strong></span> <span class='ocrx_word' id='word_1_416' title='bbox 1099 3927 1183 3980; x_wconf 92' lang='lat' dir='ltr'><strong>sui</strong></span> <span class='ocrx_word' id='word_1_417' title='bbox 1216 3927 1394 3982; x_wconf 87' lang='lat' dir='ltr'><strong>locum</strong></span> <span class='ocrx_word' id='word_1_418' title='bbox 1437 3928 1660 3992; x_wconf 85' lang='lat' dir='ltr'><strong>habeat,</strong></span> <span class='ocrx_word' id='word_1_419' title='bbox 1697 3943 1799 3983; x_wconf 89' lang='lat' dir='ltr'><strong>nec</strong></span> <span class='ocrx_word' id='word_1_420' title='bbox 1832 3946 1983 3998; x_wconf 90' lang='lat' dir='ltr'><strong>spem</strong></span> <span class='ocrx_word' id='word_1_421' title='bbox 2033 3930 2114 3985; x_wconf 79' lang='lat' dir='ltr'><strong>fu-</strong></span> 
     </span>
    </p>
   </div>
   <div class='ocr_carea' id='block_1_71' title="bbox 537 4018 1504 4091">
    <p class='ocr_par' dir='ltr' id='par_1_71' title="bbox 537 4018 1504 4091">
     <span class='ocr_line' id='line_1_71' title="bbox 537 4018 1504 4091; baseline 0.004 -19"><span class='ocrx_word' id='word_1_422' title='bbox 537 4029 671 4073; x_wconf 77' lang='lat' dir='ltr'><strong>tura:</strong></span> <span class='ocrx_word' id='word_1_423' title='bbox 704 4018 758 4073; x_wconf 90' lang='lat' dir='ltr'><strong>in</strong></span> <span class='ocrx_word' id='word_1_424' title='bbox 802 4019 1072 4091; x_wconf 81' lang='lat' dir='ltr'><strong>integrum</strong></span> <span class='ocrx_word' id='word_1_425' title='bbox 1115 4020 1504 4076; x_wconf 88' lang='lat' dir='ltr'><strong>restitutionis.</strong></span> 
     </span>
    </p>
   </div>
   <div class='ocr_carea' id='block_1_72' title="bbox 607 4133 2020 4211">
    <p class='ocr_par' dir='ltr' id='par_1_72' title="bbox 607 4133 2020 4211">
     <span class='ocr_line' id='line_1_72' title="bbox 607 4133 2020 4211; baseline 0.004 -22"><span class='ocrx_word' id='word_1_426' title='bbox 607 4135 676 4189; x_wconf 73' lang='grc'><strong>40</strong></span> <span class='ocrx_word' id='word_1_427' title='bbox 708 4133 1043 4204; x_wconf 63' lang='lat' dir='ltr'><strong>Laodicenis,</strong></span> <span class='ocrx_word' id='word_1_428' title='bbox 1071 4147 1120 4191; x_wconf 82' lang='lat' dir='ltr'><strong>et</strong></span> <span class='ocrx_word' id='word_1_429' title='bbox 1151 4136 1218 4192; x_wconf 73' lang='lat'><strong>5&#39;5</strong></span> <span class='ocrx_word' id='word_1_430' title='bbox 1244 4133 1363 4211; x_wconf 79' lang='lat'><strong>[56]</strong></span> <span class='ocrx_word' id='word_1_431' title='bbox 1387 4155 1452 4194; x_wconf 83' lang='lat' dir='ltr'><strong>ac</strong></span> <span class='ocrx_word' id='word_1_432' title='bbox 1483 4138 1550 4192; x_wconf 75' lang='lat'><strong>76</strong></span> <span class='ocrx_word' id='word_1_433' title='bbox 1571 4138 2020 4210; x_wconf 76' lang='lat' dir='ltr'><strong>Cartltaginemis.</strong></span> 
     </span>
    </p>
   </div>
   <div class='ocr_carea' id='block_1_73' title="bbox 607 4295 2114 4371">
    <p class='ocr_par' dir='ltr' id='par_1_73' title="bbox 607 4295 2114 4371">
     <span class='ocr_line' id='line_1_73' title="bbox 607 4295 2114 4371; baseline 0.007 -26"><span class='ocrx_word' id='word_1_434' title='bbox 607 4295 981 4371; x_wconf 77' lang='lat' dir='ltr'><strong>Qul_vocatur</strong></span> <span class='ocrx_word' id='word_1_435' title='bbox 1021 4296 1088 4350; x_wconf 87' lang='lat' dir='ltr'><strong>ad</strong></span> <span class='ocrx_word' id='word_1_436' title='bbox 1118 4298 1381 4367; x_wconf 81' lang='lat' dir='ltr'><strong>synodum</strong></span> <span class='ocrx_word' id='word_1_437' title='bbox 1425 4298 1742 4369; x_wconf 79' lang='lat' dir='ltr'><strong>episcopus,</strong></span> <span class='ocrx_word' id='word_1_438' title='bbox 1787 4300 1953 4370; x_wconf 82' lang='lat' dir='ltr'><strong>idque</strong></span> <span class='ocrx_word' id='word_1_439' title='bbox 2017 4316 2114 4371; x_wconf 89' lang='lat' dir='ltr'><strong>pro</strong></span> 
     </span>
    </p>
   </div>
   <div class='ocr_carea' id='block_1_74' title="bbox 535 4386 2111 4462">
    <p class='ocr_par' dir='ltr' id='par_1_74' title="bbox 535 4386 2111 4462">
     <span class='ocr_line' id='line_1_74' title="bbox 535 4386 2111 4462; baseline 0.006 -23"><span class='ocrx_word' id='word_1_440' title='bbox 535 4386 708 4440; x_wconf 82' lang='lat' dir='ltr'><strong>nihilo</strong></span> <span class='ocrx_word' id='word_1_441' title='bbox 752 4387 924 4450; x_wconf 85' lang='lat' dir='ltr'><strong>ducit,</strong></span> <span class='ocrx_word' id='word_1_442' title='bbox 974 4397 1198 4456; x_wconf 82' lang='lat' dir='ltr'><strong>excepta</strong></span> <span class='ocrx_word' id='word_1_443' title='bbox 1239 4390 1573 4444; x_wconf 77' lang='lat' dir='ltr'><strong>inﬁrmitatis</strong></span> <span class='ocrx_word' id='word_1_444' title='bbox 1622 4408 1816 4458; x_wconf 80' lang='lat' dir='ltr'><strong>causa,</strong></span> <span class='ocrx_word' id='word_1_445' title='bbox 1865 4395 2111 4462; x_wconf 72' lang='lat' dir='ltr'><strong>inerepa-</strong></span> 
     </span>
    </p>
   </div>
   <div class='ocr_carea' id='block_1_75' title="bbox 536 4477 2111 4542">
    <p class='ocr_par' dir='ltr' id='par_1_75' title="bbox 536 4477 2111 4542">
     <span class='ocr_line' id='line_1_75' title="bbox 536 4477 2111 4542; baseline 0.002 -11"><span class='ocrx_word' id='word_1_446' title='bbox 536 4487 644 4531; x_wconf 89' lang='lat' dir='ltr'><strong>tor.</strong></span> <span class='ocrx_word' id='word_1_447' title='bbox 675 4477 771 4531; x_wconf 90' lang='lat' dir='ltr'><strong>Sin</strong></span> <span class='ocrx_word' id='word_1_448' title='bbox 812 4477 1159 4532; x_wconf 88' lang='lat' dir='ltr'><strong>multitudine</strong></span> <span class='ocrx_word' id='word_1_449' title='bbox 1190 4494 1286 4533; x_wconf 88' lang='lat' dir='ltr'><strong>sua</strong></span> <span class='ocrx_word' id='word_1_450' title='bbox 1322 4479 1516 4542; x_wconf 83' lang='lat' dir='ltr'><strong>fretus,</strong></span> <span class='ocrx_word' id='word_1_451' title='bbox 1549 4481 1877 4535; x_wconf 77' lang='lat' dir='ltr'><strong>cliarilatem</strong></span> <span class='ocrx_word' id='word_1_452' title='bbox 1907 4482 2111 4537; x_wconf 75' lang='lat' dir='ltr'><strong>frater—</strong></span> 
     </span>
    </p>
   </div>
   <div class='ocr_carea' id='block_1_76' title="bbox 2214 3390 3393 3465">
    <p class='ocr_par' dir='ltr' id='par_1_76' title="bbox 2214 3390 3393 3465">
     <span class='ocr_line' id='line_1_76' title="bbox 2214 3390 3393 3465; baseline -0.005 -17"><span class='ocrx_word' id='word_1_453' title='bbox 2214 3393 2495 3464; x_wconf 81' lang='grc' dir='ltr'>γραφέτω,</span> <span class='ocrx_word' id='word_1_454' title='bbox 2539 3392 2685 3465; x_wconf 83' lang='grc' dir='ltr'>μήτε</span> <span class='ocrx_word' id='word_1_455' title='bbox 2719 3391 2829 3462; x_wconf 83' lang='grc' dir='ltr'>μὴν</span> <span class='ocrx_word' id='word_1_456' title='bbox 2856 3390 3006 3461; x_wconf 86' lang='grc' dir='ltr'><strong>αύτῷ</strong></span> <span class='ocrx_word' id='word_1_457' title='bbox 3035 3393 3393 3445; x_wconf 75' lang='grc' dir='ltr'>κοινωνείτω.</span> 
     </span>
    </p>
   </div>
   <div class='ocr_carea' id='block_1_77' title="bbox 2610 3571 3413 3641">
    <p class='ocr_par' dir='ltr' id='par_1_77' title="bbox 2610 3571 3413 3641">
     <span class='ocr_line' id='line_1_77' title="bbox 2610 3571 3413 3641; baseline -0.005 -12"><span class='ocrx_word' id='word_1_458' title='bbox 2610 3575 2671 3629; x_wconf 87' lang='grc' dir='ltr'>Ὀ</span> <span class='ocrx_word' id='word_1_459' title='bbox 2703 3572 2780 3640; x_wconf 77' lang='grc' dir='ltr'><strong>ιβ’</strong></span> <span class='ocrx_word' id='word_1_460' title='bbox 2807 3573 2920 3641; x_wconf 83' lang='grc' dir='ltr'>τῆς</span> <span class='ocrx_word' id='word_1_461' title='bbox 2948 3572 3019 3627; x_wconf 78' lang='grc' dir='ltr'>ἐν</span> <span class='ocrx_word' id='word_1_462' title='bbox 3066 3571 3413 3639; x_wconf 74' lang='grc' dir='ltr'>Ἀντιοχείᾳ.</span> 
     </span>
    </p>
   </div>
   <div class='ocr_carea' id='block_1_78' title="bbox 2297 3660 3800 3741">
    <p class='ocr_par' dir='ltr' id='par_1_78' title="bbox 2297 3660 3800 3741">
     <span class='ocr_line' id='line_1_78' title="bbox 2297 3660 3800 3741; baseline -0.007 -19"><span class='ocrx_word' id='word_1_463' title='bbox 2297 3668 2357 3723; x_wconf 90' lang='grc'><strong>⁸0</strong></span> <span class='ocrx_word' id='word_1_464' title='bbox 2390 3665 2796 3741; x_wconf 80' lang='grc' dir='ltr'>καθῃρημένος,</span> <span class='ocrx_word' id='word_1_465' title='bbox 2840 3667 2889 3718; x_wconf 83' lang='grc' dir='ltr'><strong>εί</strong></span> <span class='ocrx_word' id='word_1_466' title='bbox 2928 3663 3009 3735; x_wconf 79' lang='grc' dir='ltr'>μὴ</span> <span class='ocrx_word' id='word_1_467' title='bbox 3032 3664 3127 3716; x_wconf 84' lang='grc' dir='ltr'>ἐπὶ</span> <span class='ocrx_word' id='word_1_468' title='bbox 3147 3662 3375 3732; x_wconf 78' lang='grc' dir='ltr'>μείζονα</span> <span class='ocrx_word' id='word_1_469' title='bbox 3398 3661 3639 3731; x_wconf 85' lang='grc' dir='ltr'>τραποίη</span> <span class='ocrx_word' id='word_1_470' title='bbox 3671 3660 3800 3713; x_wconf 82' lang='grc' dir='ltr'>σύν-</span> 
     </span>
    </p>
   </div>
   <div class='ocr_carea' id='block_1_79' title="bbox 2216 3754 3800 3827">
    <p class='ocr_par' dir='ltr' id='par_1_79' title="bbox 2216 3754 3800 3827">
     <span class='ocr_line' id='line_1_79' title="bbox 2216 3754 3800 3827; baseline -0.005 -15"><span class='ocrx_word' id='word_1_471' title='bbox 2216 3760 2358 3823; x_wconf 86' lang='grc' dir='ltr'>οδον,</span> <span class='ocrx_word' id='word_1_472' title='bbox 2418 3760 2511 3813; x_wconf 73' lang='grc' dir='ltr'>καὶ</span> <span class='ocrx_word' id='word_1_473' title='bbox 2563 3759 2599 3813; x_wconf 70' lang='grc' dir='ltr'>ἃ</span> <span class='ocrx_word' id='word_1_474' title='bbox 2648 3758 2862 3827; x_wconf 74' lang='grc' dir='ltr'>νομίζει</span> <span class='ocrx_word' id='word_1_475' title='bbox 2924 3757 3111 3809; x_wconf 88' lang='grc' dir='ltr'>δίκαια</span> <span class='ocrx_word' id='word_1_476' title='bbox 3163 3754 3313 3826; x_wconf 75' lang='grc' dir='ltr'>ἔχειν</span> <span class='ocrx_word' id='word_1_477' title='bbox 3366 3755 3800 3825; x_wconf 79' lang='grc' dir='ltr'>προσαναφέροι,</span> 
     </span>
    </p>
   </div>
   <div class='ocr_carea' id='block_1_80' title="bbox 2214 3845 3801 3920">
    <p class='ocr_par' dir='ltr' id='par_1_80' title="bbox 2214 3845 3801 3920">
     <span class='ocr_line' id='line_1_80' title="bbox 2214 3845 3801 3920; baseline -0.005 -16"><span class='ocrx_word' id='word_1_478' title='bbox 2214 3851 2332 3904; x_wconf 74' lang='grc' dir='ltr'>ἀλλ’</span> <span class='ocrx_word' id='word_1_479' title='bbox 2405 3849 2649 3920; x_wconf 76' lang='grc' dir='ltr'>ἐνοχλοίη</span> <span class='ocrx_word' id='word_1_480' title='bbox 2740 3848 2970 3918; x_wconf 76' lang='grc' dir='ltr'>βασιλεῖ,</span> <span class='ocrx_word' id='word_1_481' title='bbox 3030 3848 3169 3918; x_wconf 84' lang='grc' dir='ltr'>μήτε</span> <span class='ocrx_word' id='word_1_482' title='bbox 3238 3845 3425 3916; x_wconf 83' lang='grc' dir='ltr'>χώραν</span> <span class='ocrx_word' id='word_1_483' title='bbox 3498 3845 3801 3910; x_wconf 64' lang='grc' dir='ltr'>ἀπολογίας</span> 
     </span>
    </p>
   </div>
   <div class='ocr_carea' id='block_1_81' title="bbox 2216 3935 3722 4010">
    <p class='ocr_par' dir='ltr' id='par_1_81' title="bbox 2216 3935 3722 4010">
     <span class='ocr_line' id='line_1_81' title="bbox 2216 3935 3722 4010; baseline -0.005 -20"><span class='ocrx_word' id='word_1_484' title='bbox 2216 3939 2411 4008; x_wconf 79' lang='grc' dir='ltr'>ἐχέτω,</span> <span class='ocrx_word' id='word_1_485' title='bbox 2449 3939 2574 4010; x_wconf 86' lang='grc' dir='ltr'>μήτ’</span> <span class='ocrx_word' id='word_1_486' title='bbox 2606 3938 2797 3993; x_wconf 79' lang='grc' dir='ltr'>ἐλπίδα</span> <span class='ocrx_word' id='word_1_487' title='bbox 2836 3935 3142 4005; x_wconf 82' lang='grc' dir='ltr'>μελλούσης</span> <span class='ocrx_word' id='word_1_488' title='bbox 3201 3936 3722 3995; x_wconf 81' lang='grc' dir='ltr'>ἀποκαταστάσεως.</span> 
     </span>
    </p>
   </div>
   <div class='ocr_carea' id='block_1_82' title="bbox 2230 4135 3796 4213">
    <p class='ocr_par' dir='ltr' id='par_1_82' title="bbox 2230 4135 3796 4213">
     <span class='ocr_line' id='line_1_82' title="bbox 2230 4135 3796 4213; baseline -0.004 -17"><span class='ocrx_word' id='word_1_489' title='bbox 2230 4142 2376 4213; x_wconf 81' lang='grc' dir='ltr'><strong>Ὀμ’</strong></span> <span class='ocrx_word' id='word_1_490' title='bbox 2420 4142 2530 4211; x_wconf 78' lang='grc' dir='ltr'>τῆς</span> <span class='ocrx_word' id='word_1_491' title='bbox 2560 4143 2629 4197; x_wconf 80' lang='grc' dir='ltr'>ἐν</span> <span class='ocrx_word' id='word_1_492' title='bbox 2683 4141 3024 4213; x_wconf 64' lang='grc' dir='ltr'>Λαοδικείᾳ,</span> <span class='ocrx_word' id='word_1_493' title='bbox 3054 4140 3162 4213; x_wconf 69' lang='grc' dir='ltr'>καὶ</span> <span class='ocrx_word' id='word_1_494' title='bbox 3213 4143 3245 4194; x_wconf 86' lang='grc' dir='ltr'><em>ό</em></span> <span class='ocrx_word' id='word_1_495' title='bbox 3290 4146 3379 4213; x_wconf 64' lang='grc' dir='ltr'><strong>κγ’</strong></span> <span class='ocrx_word' id='word_1_496' title='bbox 3420 4137 3521 4210; x_wconf 79' lang='grc' dir='ltr'>[αι.</span> <span class='ocrx_word' id='word_1_497' title='bbox 3549 4135 3660 4209; x_wconf 72' lang='grc' dir='ltr'>νςν]</span> <span class='ocrx_word' id='word_1_498' title='bbox 3698 4138 3796 4191; x_wconf 77' lang='grc' dir='ltr'><strong>καὶ</strong></span> 
     </span>
    </p>
   </div>
   <div class='ocr_carea' id='block_1_83' title="bbox 2599 4209 3419 4277">
    <p class='ocr_par' dir='ltr' id='par_1_83' title="bbox 2599 4209 3419 4277">
     <span class='ocr_line' id='line_1_83' title="bbox 2599 4209 3419 4277; baseline -0.006 -11"><span class='ocrx_word' id='word_1_499' title='bbox 2599 4214 2632 4265; x_wconf 84' lang='grc' dir='ltr'><strong><em>ό</em></strong></span> <span class='ocrx_word' id='word_1_500' title='bbox 2662 4210 2755 4276; x_wconf 82' lang='grc' dir='ltr'>ος’</span> <span class='ocrx_word' id='word_1_501' title='bbox 2779 4209 2892 4277; x_wconf 74' lang='grc' dir='ltr'>τῆς</span> <span class='ocrx_word' id='word_1_502' title='bbox 2940 4210 3011 4263; x_wconf 82' lang='grc' dir='ltr'>ἐν</span> <span class='ocrx_word' id='word_1_503' title='bbox 3042 4209 3419 4276; x_wconf 73' lang='grc' dir='ltr'>Καρθαγένη.</span> 
     </span>
    </p>
   </div>
   <div class='ocr_carea' id='block_1_84' title="bbox 2286 4298 3798 4369">
    <p class='ocr_par' dir='ltr' id='par_1_84' title="bbox 2286 4298 3798 4369">
     <span class='ocr_line' id='line_1_84' title="bbox 2286 4298 3798 4369; baseline -0.007 -12"><span class='ocrx_word' id='word_1_504' title='bbox 2286 4304 2621 4366; x_wconf 78' lang='grc' dir='ltr'>Ἐπίσκοπος</span> <span class='ocrx_word' id='word_1_505' title='bbox 2655 4301 2992 4369; x_wconf 81' lang='grc' dir='ltr'>καλούμενος</span> <span class='ocrx_word' id='word_1_506' title='bbox 3026 4301 3118 4353; x_wconf 74' lang='grc' dir='ltr'><strong>ἐπὶ</strong></span> <span class='ocrx_word' id='word_1_507' title='bbox 3156 4300 3402 4363; x_wconf 82' lang='grc' dir='ltr'>σύνοδον,</span> <span class='ocrx_word' id='word_1_508' title='bbox 3439 4300 3535 4352; x_wconf 58' lang='grc' dir='ltr'><strong>καί⁵</strong></span> <span class='ocrx_word' id='word_1_509' title='bbox 3564 4298 3798 4360; x_wconf 84' lang='grc' dir='ltr'>ἀθετῶν,</span> 
     </span>
    </p>
   </div>
   <div class='ocr_carea' id='block_1_85' title="bbox 2219 4388 3800 4462">
    <p class='ocr_par' dir='ltr' id='par_1_85' title="bbox 2219 4388 3800 4462">
     <span class='ocr_line' id='line_1_85' title="bbox 2219 4388 3800 4462; baseline -0.006 -15"><span class='ocrx_word' id='word_1_510' title='bbox 2219 4398 2267 4447; x_wconf 90' lang='grc' dir='ltr'>εἰ</span> <span class='ocrx_word' id='word_1_511' title='bbox 2294 4394 2369 4462; x_wconf 75' lang='grc' dir='ltr'>μὴ</span> <span class='ocrx_word' id='word_1_512' title='bbox 2395 4392 2465 4446; x_wconf 78' lang='grc' dir='ltr'>δι’</span> <span class='ocrx_word' id='word_1_513' title='bbox 2491 4392 2837 4462; x_wconf 81' lang='grc' dir='ltr'>ἀνωμαλίαν,</span> <span class='ocrx_word' id='word_1_514' title='bbox 2860 4390 3214 4459; x_wconf 84' lang='grc' dir='ltr'>ἐπιτιμάσΟω</span> <span class='ocrx_word' id='word_1_515' title='bbox 3244 4407 3259 4422; x_wconf 77' lang='grc' dir='ltr'><strong><em>ο</em></strong></span> <span class='ocrx_word' id='word_1_516' title='bbox 3296 4391 3345 4442; x_wconf 81' lang='grc' dir='ltr'><strong>εί</strong></span> <span class='ocrx_word' id='word_1_517' title='bbox 3367 4390 3423 4443; x_wconf 80' lang='grc' dir='ltr'><strong>δέ</strong></span> <span class='ocrx_word' id='word_1_518' title='bbox 3462 4392 3556 4444; x_wconf 76' lang='grc' dir='ltr'>καὶ</span> <span class='ocrx_word' id='word_1_519' title='bbox 3580 4388 3659 4459; x_wconf 81' lang='grc' dir='ltr'>τῷ</span> <span class='ocrx_word' id='word_1_520' title='bbox 3684 4388 3800 4455; x_wconf 76' lang='grc' dir='ltr'>ἰδίῳ</span> 
     </span>
    </p>
   </div>
   <div class='ocr_carea' id='block_1_86' title="bbox 2219 4478 3799 4553">
    <p class='ocr_par' dir='ltr' id='par_1_86' title="bbox 2219 4478 3799 4553">
     <span class='ocr_line' id='line_1_86' title="bbox 2219 4478 3799 4553; baseline -0.004 -17"><span class='ocrx_word' id='word_1_521' title='bbox 2219 4484 2415 4552; x_wconf 82' lang='grc' dir='ltr'>πλήθει</span> <span class='ocrx_word' id='word_1_522' title='bbox 2446 4482 2692 4553; x_wconf 64' lang='grc' dir='ltr'>θαρρῶν,</span> <span class='ocrx_word' id='word_1_523' title='bbox 2720 4481 2821 4548; x_wconf 77' lang='grc' dir='ltr'>τῆς</span> <span class='ocrx_word' id='word_1_524' title='bbox 2851 4478 3155 4547; x_wconf 79' lang='grc' dir='ltr'>ἀδελφικῆς</span> <span class='ocrx_word' id='word_1_525' title='bbox 3191 4480 3416 4547; x_wconf 84' lang='grc' dir='ltr'>ἀγάπης</span> <span class='ocrx_word' id='word_1_526' title='bbox 3443 4480 3799 4547; x_wconf 74' lang='grc' dir='ltr'>καταφρονεῖ,</span> 
     </span>
    </p>
   </div>
   <div class='ocr_carea' id='block_1_87' title="bbox 535 4570 2117 4646">
    <p class='ocr_par' dir='ltr' id='par_1_87' title="bbox 535 4570 2109 4640">
     <span class='ocr_line' id='line_1_87' title="bbox 535 4570 2109 4640; baseline 0.004 -15"><span class='ocrx_word' id='word_1_527' title='bbox 535 4585 660 4625; x_wconf 87' lang='lat' dir='ltr'><strong>nam</strong></span> <span class='ocrx_word' id='word_1_528' title='bbox 691 4570 941 4640; x_wconf 85' lang='lat' dir='ltr'><strong>despicit,</strong></span> <span class='ocrx_word' id='word_1_529' title='bbox 997 4573 1350 4640; x_wconf 75' lang='lat' dir='ltr'><strong>magistratus</strong></span> <span class='ocrx_word' id='word_1_530' title='bbox 1410 4572 1882 4628; x_wconf 84' lang='lat' dir='ltr'><strong>animadversione</strong></span> <span class='ocrx_word' id='word_1_531' title='bbox 1948 4578 2109 4631; x_wconf 69' lang='lat' dir='ltr'><strong>casu-</strong></span> 
     </span>
    </p>
   </div>
   <div class='ocr_carea' id='block_1_88' title="bbox 2218 4570 2948 4646">
    <p class='ocr_par' dir='ltr' id='par_1_88' title="bbox 2218 4571 2948 4646">
     <span class='ocr_line' id='line_1_88' title="bbox 2218 4571 2948 4646; baseline -0.007 -16"><span class='ocrx_word' id='word_1_532' title='bbox 2218 4576 2559 4646; x_wconf 72' lang='grc' dir='ltr'>ἆρχοντικῶς</span> <span class='ocrx_word' id='word_1_533' title='bbox 2585 4571 2948 4626; x_wconf 77' lang='grc' dir='ltr'>παιδευέσοω.</span> 
     </span>
    </p>
   </div>
   <div class='ocr_carea' id='block_1_89' title="bbox 533 4672 709 4733">
    <p class='ocr_par' dir='ltr' id='par_1_89' title="bbox 533 4672 709 4733">
     <span class='ocr_line' id='line_1_89' title="bbox 533 4672 709 4733; baseline -0.017 -17"><span class='ocrx_word' id='word_1_534' title='bbox 533 4672 709 4733; x_wconf 83' lang='lat' dir='ltr'><strong>gator.</strong></span> 
     </span>
    </p>
   </div>
   <div class='ocr_carea' id='block_1_90' title="bbox 1100 4752 1543 4811">
    <p class='ocr_par' dir='ltr' id='par_1_90' title="bbox 1100 4752 1543 4811">
     <span class='ocr_line' id='line_1_90' title="bbox 1100 4752 1543 4811; baseline 0 -2"><span class='ocrx_word' id='word_1_535' title='bbox 1100 4754 1137 4809; x_wconf 80' lang='grc'><strong>5</strong></span> <span class='ocrx_word' id='word_1_536' title='bbox 1184 4752 1543 4811; x_wconf 74' lang='grc' dir='ltr'>εατάὶεεηδὶε.</span> 
     </span>
    </p>
   </div>
   <div class='ocr_carea' id='block_1_91' title="bbox 606 4845 2109 4921">
    <p class='ocr_par' dir='ltr' id='par_1_91' title="bbox 606 4845 2109 4921">
     <span class='ocr_line' id='line_1_91' title="bbox 606 4845 2109 4921; baseline 0.005 -22"><span class='ocrx_word' id='word_1_537' title='bbox 606 4845 904 4916; x_wconf 81' lang='lat' dir='ltr'><strong>Episcopus</strong></span> <span class='ocrx_word' id='word_1_538' title='bbox 938 4849 1082 4901; x_wconf 84' lang='lat' dir='ltr'><strong>haud</strong></span> <span class='ocrx_word' id='word_1_539' title='bbox 1109 4848 1409 4903; x_wconf 83' lang='lat' dir='ltr'><strong>arcessitus</strong></span> <span class='ocrx_word' id='word_1_540' title='bbox 1459 4849 1526 4901; x_wconf 89' lang='lat' dir='ltr'><strong>ad</strong></span> <span class='ocrx_word' id='word_1_541' title='bbox 1556 4850 1744 4904; x_wconf 84' lang='lat' dir='ltr'><strong>urbem</strong></span> <span class='ocrx_word' id='word_1_542' title='bbox 1797 4867 1863 4905; x_wconf 84' lang='lat' dir='ltr'><strong>ne</strong></span> <span class='ocrx_word' id='word_1_543' title='bbox 1898 4860 2109 4921; x_wconf 80' lang='lat' dir='ltr'><strong>pergat.</strong></span> 
     </span>
    </p>
   </div>
   <div class='ocr_carea' id='block_1_92' title="bbox 536 4938 2109 5009">
    <p class='ocr_par' dir='ltr' id='par_1_92' title="bbox 536 4938 2109 5009">
     <span class='ocr_line' id='line_1_92' title="bbox 536 4938 2109 5009; baseline 0.003 -16"><span class='ocrx_word' id='word_1_544' title='bbox 536 4938 602 4993; x_wconf 85' lang='lat' dir='ltr'><strong>Et</strong></span> <span class='ocrx_word' id='word_1_545' title='bbox 650 4955 679 4993; x_wconf 88' lang='lat' dir='ltr'><strong>a</strong></span> <span class='ocrx_word' id='word_1_546' title='bbox 721 4939 1044 5008; x_wconf 83' lang='lat' dir='ltr'><strong>coepiscopo</strong></span> <span class='ocrx_word' id='word_1_547' title='bbox 1077 4939 1347 4993; x_wconf 88' lang='lat' dir='ltr'><strong>dissidens</strong></span> <span class='ocrx_word' id='word_1_548' title='bbox 1376 4940 1441 4991; x_wconf 86' lang='lat' dir='ltr'><strong>ad</strong></span> <span class='ocrx_word' id='word_1_549' title='bbox 1473 4938 1635 4993; x_wconf 83' lang='lat' dir='ltr'><strong>aliam</strong></span> <span class='ocrx_word' id='word_1_550' title='bbox 1669 4942 2004 5009; x_wconf 76' lang='lat' dir='ltr'><strong>provinciam</strong></span> <span class='ocrx_word' id='word_1_551' title='bbox 2041 4957 2109 4997; x_wconf 87' lang='lat' dir='ltr'><strong>ne</strong></span> 
     </span>
    </p>
   </div>
   <div class='ocr_carea' id='block_1_93' title="bbox 535 5030 2116 5101">
    <p class='ocr_par' dir='ltr' id='par_1_93' title="bbox 535 5030 2116 5101">
     <span class='ocr_line' id='line_1_93' title="bbox 535 5030 2116 5101; baseline 0.003 -20"><span class='ocrx_word' id='word_1_552' title='bbox 535 5040 794 5095; x_wconf 83' lang='lat' dir='ltr'><strong>provocet</strong></span> <span class='ocrx_word' id='word_1_553' title='bbox 828 5049 842 5085; x_wconf 90' lang='lat'><strong>:</strong></span> <span class='ocrx_word' id='word_1_554' title='bbox 880 5031 982 5084; x_wconf 77' lang='lat' dir='ltr'><strong>nisi</strong></span> <span class='ocrx_word' id='word_1_555' title='bbox 1032 5030 1175 5084; x_wconf 84' lang='lat' dir='ltr'><strong>forte</strong></span> <span class='ocrx_word' id='word_1_556' title='bbox 1203 5030 1376 5084; x_wconf 81' lang='lat' dir='ltr'><strong>visum</strong></span> <span class='ocrx_word' id='word_1_557' title='bbox 1427 5030 1591 5085; x_wconf 78' lang='lat' dir='ltr'><strong>fuerit</strong></span> <span class='ocrx_word' id='word_1_558' title='bbox 1628 5032 1883 5101; x_wconf 73' lang='lat' dir='ltr'><strong>episcopo</strong></span> <span class='ocrx_word' id='word_1_559' title='bbox 1915 5033 2116 5086; x_wconf 81' lang='lat' dir='ltr'><strong>Roma-</strong></span> 
     </span>
    </p>
   </div>
   <div class='ocr_carea' id='block_1_94' title="bbox 539 5122 1827 5195">
    <p class='ocr_par' dir='ltr' id='par_1_94' title="bbox 539 5122 1827 5195">
     <span class='ocr_line' id='line_1_94' title="bbox 539 5122 1827 5195; baseline 0.003 -20"><span class='ocrx_word' id='word_1_560' title='bbox 539 5140 629 5190; x_wconf 89' lang='lat' dir='ltr'><strong>no,</strong></span> <span class='ocrx_word' id='word_1_561' title='bbox 668 5122 869 5178; x_wconf 84' lang='lat' dir='ltr'><strong>debere</strong></span> <span class='ocrx_word' id='word_1_562' title='bbox 898 5138 1118 5178; x_wconf 83' lang='lat' dir='ltr'><strong>causam</strong></span> <span class='ocrx_word' id='word_1_563' title='bbox 1147 5123 1265 5195; x_wconf 85' lang='lat' dir='ltr'><strong>ejus</strong></span> <span class='ocrx_word' id='word_1_564' title='bbox 1297 5124 1365 5176; x_wconf 87' lang='lat' dir='ltr'><strong>ab</strong></span> <span class='ocrx_word' id='word_1_565' title='bbox 1394 5124 1517 5178; x_wconf 90' lang='lat' dir='ltr'><strong>aliis</strong></span> <span class='ocrx_word' id='word_1_566' title='bbox 1547 5125 1827 5195; x_wconf 78' lang='lat' dir='ltr'><strong>cognosci.</strong></span> 
     </span>
    </p>
   </div>
   <div class='ocr_carea' id='block_1_95' title="bbox 1153 5216 1498 5286">
    <p class='ocr_par' dir='ltr' id='par_1_95' title="bbox 1153 5216 1498 5286">
     <span class='ocr_line' id='line_1_95' title="bbox 1153 5216 1498 5286; baseline -0.014 -13"><span class='ocrx_word' id='word_1_567' title='bbox 1153 5217 1186 5273; x_wconf 88' lang='lat'><strong>9</strong></span> <span class='ocrx_word' id='word_1_568' title='bbox 1223 5217 1411 5286; x_wconf 76' lang='lat' dir='ltr'><strong>synodi</strong></span> <span class='ocrx_word' id='word_1_569' title='bbox 1446 5216 1498 5269; x_wconf 72' lang='grc'><strong>4.</strong></span> 
     </span>
    </p>
   </div>
   <div class='ocr_carea' id='block_1_96' title="bbox 608 5306 2115 5377">
    <p class='ocr_par' dir='ltr' id='par_1_96' title="bbox 608 5306 2115 5377">
     <span class='ocr_line' id='line_1_96' title="bbox 608 5306 2115 5377; baseline -0.001 -16"><span class='ocrx_word' id='word_1_570' title='bbox 608 5307 663 5361; x_wconf 88' lang='lat' dir='ltr'><strong>Si</strong></span> <span class='ocrx_word' id='word_1_571' title='bbox 693 5307 818 5377; x_wconf 82' lang='lat' dir='ltr'><strong>quis</strong></span> <span class='ocrx_word' id='word_1_572' title='bbox 869 5306 1176 5376; x_wconf 85' lang='lat' dir='ltr'><strong>cpiscopus,</strong></span> <span class='ocrx_word' id='word_1_573' title='bbox 1213 5310 1540 5370; x_wconf 83' lang='lat' dir='ltr'><strong>clericusve,</strong></span> <span class='ocrx_word' id='word_1_574' title='bbox 1577 5322 1697 5361; x_wconf 77' lang='lat' dir='ltr'><strong>cum</strong></span> <span class='ocrx_word' id='word_1_575' title='bbox 1742 5307 2115 5376; x_wconf 86' lang='lat' dir='ltr'><strong>metropolita-</strong></span> 
     </span>
    </p>
   </div>
   <div class='ocr_carea' id='block_1_97' title="bbox 539 5399 2114 5469">
    <p class='ocr_par' dir='ltr' id='par_1_97' title="bbox 539 5399 2114 5469">
     <span class='ocr_line' id='line_1_97' title="bbox 539 5399 2114 5469; baseline -0.002 -12"><span class='ocrx_word' id='word_1_576' title='bbox 539 5419 610 5457; x_wconf 90' lang='lat' dir='ltr'><strong>no</strong></span> <span class='ocrx_word' id='word_1_577' title='bbox 637 5400 1066 5456; x_wconf 75' lang='lat' dir='ltr'><strong>controversiam</strong></span> <span class='ocrx_word' id='word_1_578' title='bbox 1102 5401 1320 5469; x_wconf 82' lang='lat' dir='ltr'><strong>habeat,</strong></span> <span class='ocrx_word' id='word_1_579' title='bbox 1369 5415 1555 5457; x_wconf 87' lang='lat' dir='ltr'><strong>coram</strong></span> <span class='ocrx_word' id='word_1_580' title='bbox 1604 5399 2114 5469; x_wconf 84' lang='lat' dir='ltr'><strong>Constantinopoli-</strong></span> 
     </span>
    </p>
   </div>
   <div class='ocr_carea' id='block_1_98' title="bbox 539 5493 889 5563">
    <p class='ocr_par' dir='ltr' id='par_1_98' title="bbox 539 5493 889 5563">
     <span class='ocr_line' id='line_1_98' title="bbox 539 5493 889 5563; baseline -0.011 -13"><span class='ocrx_word' id='word_1_581' title='bbox 539 5508 669 5550; x_wconf 83' lang='lat' dir='ltr'><strong>lano</strong></span> <span class='ocrx_word' id='word_1_582' title='bbox 696 5493 889 5563; x_wconf 79' lang='lat' dir='ltr'><strong>litiget.</strong></span> 
     </span>
    </p>
   </div>
   <div class='ocr_carea' id='block_1_99' title="bbox 1102 5582 1550 5649">
    <p class='ocr_par' dir='ltr' id='par_1_99' title="bbox 1102 5582 1550 5649">
     <span class='ocr_line' id='line_1_99' title="bbox 1102 5582 1550 5649; baseline 0 -11"><span class='ocrx_word' id='word_1_583' title='bbox 1102 5583 1141 5649; x_wconf 83' lang='grc'>5</span> <span class='ocrx_word' id='word_1_584' title='bbox 1192 5582 1550 5645; x_wconf 80' lang='lat' dir='ltr'><strong>Sardicemis.</strong></span> 
     </span>
    </p>
   </div>
   <div class='ocr_carea' id='block_1_100' title="bbox 614 5674 2112 5749">
    <p class='ocr_par' dir='ltr' id='par_1_100' title="bbox 614 5674 2112 5749">
     <span class='ocr_line' id='line_1_100' title="bbox 614 5674 2112 5749; baseline -0.003 -17"><span class='ocrx_word' id='word_1_585' title='bbox 614 5680 914 5749; x_wconf 80' lang='lat' dir='ltr'><strong>Episcopus</strong></span> <span class='ocrx_word' id='word_1_586' title='bbox 971 5692 1000 5731; x_wconf 91' lang='lat' dir='ltr'><strong>a</strong></span> <span class='ocrx_word' id='word_1_587' title='bbox 1051 5678 1388 5744; x_wconf 87' lang='lat' dir='ltr'><strong>coepiscopis</strong></span> <span class='ocrx_word' id='word_1_588' title='bbox 1419 5678 1735 5738; x_wconf 77' lang='lat' dir='ltr'><strong>damnatus,</strong></span> <span class='ocrx_word' id='word_1_589' title='bbox 1781 5674 1825 5729; x_wconf 91' lang='lat' dir='ltr'><strong>si</strong></span> <span class='ocrx_word' id='word_1_590' title='bbox 1881 5674 2112 5730; x_wconf 77' lang='lat' dir='ltr'><strong>Romani</strong></span> 
     </span>
    </p>
   </div>
   <div class='ocr_carea' id='block_1_101' title="bbox 543 5766 2116 5839">
    <p class='ocr_par' dir='ltr' id='par_1_101' title="bbox 543 5766 2116 5839">
     <span class='ocr_line' id='line_1_101' title="bbox 543 5766 2116 5839; baseline -0.003 -17"><span class='ocrx_word' id='word_1_591' title='bbox 543 5769 781 5838; x_wconf 83' lang='lat' dir='ltr'><strong>episcopi</strong></span> <span class='ocrx_word' id='word_1_592' title='bbox 832 5784 988 5839; x_wconf 88' lang='lat' dir='ltr'><strong>opem</strong></span> <span class='ocrx_word' id='word_1_593' title='bbox 1038 5766 1435 5837; x_wconf 80' lang='lat' dir='ltr'><strong>iutploravcrit,</strong></span> <span class='ocrx_word' id='word_1_594' title='bbox 1470 5767 1622 5832; x_wconf 85' lang='lat' dir='ltr'><strong>isque</strong></span> <span class='ocrx_word' id='word_1_595' title='bbox 1664 5766 1937 5823; x_wconf 83' lang='lat' dir='ltr'><strong>stamcrit.</strong></span> <span class='ocrx_word' id='word_1_596' title='bbox 1984 5781 2116 5819; x_wconf 77' lang='lat' dir='ltr'><strong>cau-</strong></span> 
     </span>
    </p>
   </div>
   <div class='ocr_carea' id='block_1_102' title="bbox 542 5856 2114 5931">
    <p class='ocr_par' dir='ltr' id='par_1_102' title="bbox 542 5856 2114 5931">
     <span class='ocr_line' id='line_1_102' title="bbox 542 5856 2114 5931; baseline -0.003 -16"><span class='ocrx_word' id='word_1_597' title='bbox 542 5876 659 5915; x_wconf 82' lang='lat' dir='ltr'><strong>sam</strong></span> <span class='ocrx_word' id='word_1_598' title='bbox 711 5861 828 5931; x_wconf 83' lang='lat' dir='ltr'><strong>ejus</strong></span> <span class='ocrx_word' id='word_1_599' title='bbox 860 5877 887 5915; x_wconf 87' lang='lat' dir='ltr'><strong>a</strong></span> <span class='ocrx_word' id='word_1_600' title='bbox 919 5859 1161 5915; x_wconf 80' lang='lat' dir='ltr'><strong>littititttis</strong></span> <span class='ocrx_word' id='word_1_601' title='bbox 1195 5859 1391 5915; x_wconf 81' lang='lat' dir='ltr'><strong>debere</strong></span> <span class='ocrx_word' id='word_1_602' title='bbox 1422 5857 1699 5928; x_wconf 79' lang='lat' dir='ltr'><strong>cognosci,</strong></span> <span class='ocrx_word' id='word_1_603' title='bbox 1734 5856 1846 5912; x_wconf 77' lang='lat' dir='ltr'><strong>ﬁat.</strong></span> <span class='ocrx_word' id='word_1_604' title='bbox 1903 5859 1960 5913; x_wconf 87' lang='lat' dir='ltr'><strong>St</strong></span> <span class='ocrx_word' id='word_1_605' title='bbox 1993 5872 2114 5911; x_wconf 84' lang='lat' dir='ltr'><strong>rur-</strong></span> 
     </span>
    </p>
   </div>
   <div class='ocr_carea' id='block_1_103' title="bbox 2652 4748 3363 4821">
    <p class='ocr_par' dir='ltr' id='par_1_103' title="bbox 2652 4748 3363 4821">
     <span class='ocr_line' id='line_1_103' title="bbox 2652 4748 3363 4821; baseline -0.007 -15"><span class='ocrx_word' id='word_1_606' title='bbox 2652 4754 2709 4806; x_wconf 88' lang='grc' dir='ltr'><strong><em>Ὁ</em></strong></span> <span class='ocrx_word' id='word_1_607' title='bbox 2761 4750 2809 4821; x_wconf 80' lang='grc' dir='ltr'><strong>γ’</strong></span> <span class='ocrx_word' id='word_1_608' title='bbox 2837 4750 2949 4821; x_wconf 82' lang='grc' dir='ltr'>τῆς</span> <span class='ocrx_word' id='word_1_609' title='bbox 2974 4750 3043 4803; x_wconf 80' lang='grc' dir='ltr'>ἐν</span> <span class='ocrx_word' id='word_1_610' title='bbox 3075 4748 3363 4816; x_wconf 78' lang='grc' dir='ltr'>Σαρόικῇ.</span> 
     </span>
    </p>
   </div>
   <div class='ocr_carea' id='block_1_104' title="bbox 2297 4839 3798 4915">
    <p class='ocr_par' dir='ltr' id='par_1_104' title="bbox 2297 4839 3798 4915">
     <span class='ocr_line' id='line_1_104' title="bbox 2297 4839 3798 4915; baseline -0.007 -13"><span class='ocrx_word' id='word_1_611' title='bbox 2297 4844 2894 4915; x_wconf 79' lang='grc' dir='ltr'>Ἐπίσκοποςᾶκλητος</span> <span class='ocrx_word' id='word_1_612' title='bbox 2941 4845 3023 4906; x_wconf 89' lang='grc' dir='ltr'><strong>είς</strong></span> <span class='ocrx_word' id='word_1_613' title='bbox 3077 4843 3235 4894; x_wconf 72' lang='grc' dir='ltr'>πόλιν</span> <span class='ocrx_word' id='word_1_614' title='bbox 3274 4841 3349 4909; x_wconf 83' lang='grc' dir='ltr'>μὴ</span> <span class='ocrx_word' id='word_1_615' title='bbox 3420 4839 3750 4893; x_wconf 80' lang='grc' dir='ltr'>διαϐαινέτω</span> <span class='ocrx_word' id='word_1_616' title='bbox 3781 4856 3798 4873; x_wconf 90' lang='grc'><strong>·</strong></span> 
     </span>
    </p>
   </div>
   <div class='ocr_carea' id='block_1_105' title="bbox 2215 4929 3800 5008">
    <p class='ocr_par' dir='ltr' id='par_1_105' title="bbox 2215 4929 3800 5008">
     <span class='ocr_line' id='line_1_105' title="bbox 2215 4929 3800 5008; baseline -0.008 -14"><span class='ocrx_word' id='word_1_617' title='bbox 2215 4940 2313 4995; x_wconf 78' lang='grc' dir='ltr'>καὶ</span> <span class='ocrx_word' id='word_1_618' title='bbox 2351 4938 2736 5008; x_wconf 80' lang='grc' dir='ltr'>συνεπισκόπῳ</span> <span class='ocrx_word' id='word_1_619' title='bbox 2755 4935 3172 5006; x_wconf 84' lang='grc' dir='ltr'>διαφερόμενος,</span> <span class='ocrx_word' id='word_1_620' title='bbox 3202 4932 3372 5001; x_wconf 78' lang='grc' dir='ltr'>ἀλλην</span> <span class='ocrx_word' id='word_1_621' title='bbox 3420 4929 3693 5001; x_wconf 81' lang='grc' dir='ltr'>ἐπαρχίαν</span> <span class='ocrx_word' id='word_1_622' title='bbox 3726 4930 3800 4998; x_wconf 78' lang='grc' dir='ltr'><strong>μὴ</strong></span> 
     </span>
    </p>
   </div>
   <div class='ocr_carea' id='block_1_106' title="bbox 2216 5023 3795 5099">
    <p class='ocr_par' dir='ltr' id='par_1_106' title="bbox 2216 5023 3795 5099">
     <span class='ocr_line' id='line_1_106' title="bbox 2216 5023 3795 5099; baseline -0.008 -12"><span class='ocrx_word' id='word_1_623' title='bbox 2216 5032 2648 5095; x_wconf 85' lang='grc' dir='ltr'>ἐκκαλείσθω,εί</span> <span class='ocrx_word' id='word_1_624' title='bbox 2691 5031 2767 5099; x_wconf 91' lang='grc' dir='ltr'>μή</span> <span class='ocrx_word' id='word_1_625' title='bbox 2802 5046 2906 5082; x_wconf 90' lang='grc' dir='ltr'><strong>που</strong></span> <span class='ocrx_word' id='word_1_626' title='bbox 2960 5026 3103 5090; x_wconf 75' lang='grc' dir='ltr'>δόξει</span> <span class='ocrx_word' id='word_1_627' title='bbox 3137 5025 3216 5094; x_wconf 84' lang='grc' dir='ltr'>τῷ</span> <span class='ocrx_word' id='word_1_628' title='bbox 3261 5023 3480 5093; x_wconf 82' lang='grc' dir='ltr'>Ῥώμης</span> <span class='ocrx_word' id='word_1_629' title='bbox 3532 5023 3626 5076; x_wconf 75' lang='grc' dir='ltr'>καὶ</span> <span class='ocrx_word' id='word_1_630' title='bbox 3663 5023 3795 5092; x_wconf 87' lang='grc' dir='ltr'>παρ’</span> 
     </span>
    </p>
   </div>
   <div class='ocr_carea' id='block_1_107' title="bbox 2216 5118 2923 5190">
    <p class='ocr_par' dir='ltr' id='par_1_107' title="bbox 2216 5118 2923 5190">
     <span class='ocr_line' id='line_1_107' title="bbox 2216 5118 2923 5190; baseline -0.008 -14"><span class='ocrx_word' id='word_1_631' title='bbox 2216 5122 2397 5183; x_wconf 80' lang='grc' dir='ltr'>ἄλλοις</span> <span class='ocrx_word' id='word_1_632' title='bbox 2419 5119 2609 5176; x_wconf 83' lang='grc' dir='ltr'>τοῦτον</span> <span class='ocrx_word' id='word_1_633' title='bbox 2638 5118 2923 5190; x_wconf 88' lang='grc' dir='ltr'>κριθῆναι.</span> 
     </span>
    </p>
   </div>
   <div class='ocr_carea' id='block_1_108' title="bbox 2819 5206 3197 5274">
    <p class='ocr_par' dir='ltr' id='par_1_108' title="bbox 2819 5206 3197 5274">
     <span class='ocr_line' id='line_1_108' title="bbox 2819 5206 3197 5274; baseline -0.003 -12"><span class='ocrx_word' id='word_1_634' title='bbox 2819 5209 2883 5262; x_wconf 89' lang='lat'><strong>&#39;0</strong></span> <span class='ocrx_word' id='word_1_635' title='bbox 2908 5206 2955 5262; x_wconf 82' lang='grc' dir='ltr'>θ’</span> <span class='ocrx_word' id='word_1_636' title='bbox 2984 5207 3097 5274; x_wconf 85' lang='grc' dir='ltr'>τῆς</span> <span class='ocrx_word' id='word_1_637' title='bbox 3124 5207 3197 5261; x_wconf 85' lang='grc' dir='ltr'>δ’.</span> 
     </span>
    </p>
   </div>
   <div class='ocr_carea' id='block_1_109' title="bbox 2290 5300 3798 5372">
    <p class='ocr_par' dir='ltr' id='par_1_109' title="bbox 2290 5300 3798 5372">
     <span class='ocr_line' id='line_1_109' title="bbox 2290 5300 3798 5372; baseline -0.013 -12"><span class='ocrx_word' id='word_1_638' title='bbox 2290 5307 2353 5361; x_wconf 84' lang='lat' dir='ltr'><strong>Ei</strong></span> <span class='ocrx_word' id='word_1_639' title='bbox 2378 5306 2437 5360; x_wconf 82' lang='grc' dir='ltr'><strong>δέ</strong></span> <span class='ocrx_word' id='word_1_640' title='bbox 2463 5322 2548 5366; x_wconf 88' lang='grc' dir='ltr'><strong>τις</strong></span> <span class='ocrx_word' id='word_1_641' title='bbox 2572 5303 2869 5364; x_wconf 82' lang='grc' dir='ltr'>ἐπίσκοπος</span> <span class='ocrx_word' id='word_1_642' title='bbox 2899 5302 2933 5372; x_wconf 79' lang='grc' dir='ltr'>ἢ</span> <span class='ocrx_word' id='word_1_643' title='bbox 2969 5300 3233 5370; x_wconf 74' lang='grc' dir='ltr'>κληρικδς</span> <span class='ocrx_word' id='word_1_644' title='bbox 3294 5303 3431 5371; x_wconf 68' lang='grc' dir='ltr'>πρδς</span> <span class='ocrx_word' id='word_1_645' title='bbox 3465 5300 3798 5372; x_wconf 72' lang='grc' dir='ltr'>μητροπολί.</span> 
     </span>
    </p>
   </div>
   <div class='ocr_carea' id='block_1_110' title="bbox 2216 5392 3800 5469">
    <p class='ocr_par' dir='ltr' id='par_1_110' title="bbox 2216 5392 3800 5469">
     <span class='ocr_line' id='line_1_110' title="bbox 2216 5392 3800 5469; baseline -0.006 -16"><span class='ocrx_word' id='word_1_646' title='bbox 2216 5418 2317 5462; x_wconf 90' lang='grc' dir='ltr'><strong>την</strong></span> <span class='ocrx_word' id='word_1_647' title='bbox 2341 5393 2738 5469; x_wconf 81' lang='grc' dir='ltr'>ἀμφισϐητοίη,</span> <span class='ocrx_word' id='word_1_648' title='bbox 2759 5394 2850 5447; x_wconf 76' lang='grc' dir='ltr'>ἐπὶ</span> <span class='ocrx_word' id='word_1_649' title='bbox 2879 5392 2958 5462; x_wconf 85' lang='grc' dir='ltr'>τῷ</span> <span class='ocrx_word' id='word_1_650' title='bbox 2989 5394 3619 5454; x_wconf 72' lang='grc' dir='ltr'>Κωνσταντινουπό).ε.υς</span> <span class='ocrx_word' id='word_1_651' title='bbox 3646 5394 3800 5446; x_wconf 76' lang='grc' dir='ltr'>δικα-</span> 
     </span>
    </p>
   </div>
   <div class='ocr_carea' id='block_1_111' title="bbox 2220 5489 2419 5556">
    <p class='ocr_par' dir='ltr' id='par_1_111' title="bbox 2220 5489 2419 5556">
     <span class='ocr_line' id='line_1_111' title="bbox 2220 5489 2419 5556; baseline -0.01 -12"><span class='ocrx_word' id='word_1_652' title='bbox 2220 5489 2419 5556; x_wconf 76' lang='grc' dir='ltr'>ζέσθω.</span> 
     </span>
    </p>
   </div>
   <div class='ocr_carea' id='block_1_112' title="bbox 2652 5575 3337 5645">
    <p class='ocr_par' dir='ltr' id='par_1_112' title="bbox 2652 5575 3337 5645">
     <span class='ocr_line' id='line_1_112' title="bbox 2652 5575 3337 5645; baseline -0.001 -16"><span class='ocrx_word' id='word_1_653' title='bbox 2652 5577 2707 5629; x_wconf 87' lang='grc' dir='ltr'><em>Ὀ</em></span> <span class='ocrx_word' id='word_1_654' title='bbox 2737 5583 2781 5631; x_wconf 83' lang='lat' dir='ltr'><strong>s&#39;</strong></span> <span class='ocrx_word' id='word_1_655' title='bbox 2807 5575 2916 5645; x_wconf 83' lang='grc' dir='ltr'>τῆς</span> <span class='ocrx_word' id='word_1_656' title='bbox 2941 5576 3010 5629; x_wconf 82' lang='grc' dir='ltr'>ἐν</span> <span class='ocrx_word' id='word_1_657' title='bbox 3055 5575 3337 5645; x_wconf 80' lang='grc' dir='ltr'>Σαρδικῇ.</span> 
     </span>
    </p>
   </div>
   <div class='ocr_carea' id='block_1_113' title="bbox 2302 5668 3795 5740">
    <p class='ocr_par' dir='ltr' id='par_1_113' title="bbox 2302 5668 3795 5740">
     <span class='ocr_line' id='line_1_113' title="bbox 2302 5668 3795 5740; baseline -0.007 -13"><span class='ocrx_word' id='word_1_658' title='bbox 2302 5673 2633 5735; x_wconf 81' lang='grc' dir='ltr'>Ἐπίσκοπος</span> <span class='ocrx_word' id='word_1_659' title='bbox 2666 5670 2821 5740; x_wconf 86' lang='grc' dir='ltr'><strong>παρά</strong></span> <span class='ocrx_word' id='word_1_660' title='bbox 2844 5669 2950 5722; x_wconf 81' lang='grc' dir='ltr'><strong>τῶν</strong></span> <span class='ocrx_word' id='word_1_661' title='bbox 2972 5669 3389 5722; x_wconf 78' lang='grc' dir='ltr'>συνεπισκόπων</span> <span class='ocrx_word' id='word_1_662' title='bbox 3421 5668 3795 5738; x_wconf 67' lang='grc' dir='ltr'>κατακριθεὶς,</span> 
     </span>
    </p>
   </div>
   <div class='ocr_carea' id='block_1_114' title="bbox 2221 5756 3798 5838">
    <p class='ocr_par' dir='ltr' id='par_1_114' title="bbox 2221 5756 3798 5838">
     <span class='ocr_line' id='line_1_114' title="bbox 2221 5756 3798 5838; baseline -0.007 -20"><span class='ocrx_word' id='word_1_663' title='bbox 2221 5767 2270 5818; x_wconf 79' lang='grc' dir='ltr'><strong>εί</strong></span> <span class='ocrx_word' id='word_1_664' title='bbox 2311 5764 2401 5816; x_wconf 66' lang='grc' dir='ltr'><strong>τὸν</strong></span> <span class='ocrx_word' id='word_1_665' title='bbox 2437 5763 2660 5832; x_wconf 68' lang='grc' dir='ltr'>Ῥώμης</span> <span class='ocrx_word' id='word_1_666' title='bbox 2696 5759 3112 5825; x_wconf 78' lang='grc' dir='ltr'>ἐπικαλέσεται,</span> <span class='ocrx_word' id='word_1_667' title='bbox 3146 5757 3399 5821; x_wconf 74' lang='grc' dir='ltr'>κάκεῖνος</span> <span class='ocrx_word' id='word_1_668' title='bbox 3432 5757 3611 5825; x_wconf 79' lang='grc' dir='ltr'>ὁρίσει</span> <span class='ocrx_word' id='word_1_669' title='bbox 3650 5756 3798 5838; x_wconf 57' lang='grc' dir='ltr'>πειρά</span> 
     </span>
    </p>
   </div>
   <div class='ocr_carea' id='block_1_115' title="bbox 2222 5846 3797 5926">
    <p class='ocr_par' dir='ltr' id='par_1_115' title="bbox 2222 5846 3797 5926">
     <span class='ocr_line' id='line_1_115' title="bbox 2222 5846 3797 5926; baseline -0.006 -16"><span class='ocrx_word' id='word_1_670' title='bbox 2222 5859 2328 5910; x_wconf 72' lang='grc' dir='ltr'>τιίν</span> <span class='ocrx_word' id='word_1_671' title='bbox 2359 5855 2788 5926; x_wconf 71' lang='grc' dir='ltr'>ἀγχιστευόντων</span> <span class='ocrx_word' id='word_1_672' title='bbox 2835 5851 2995 5905; x_wconf 74' lang='grc' dir='ltr'>αὑτὸν</span> <span class='ocrx_word' id='word_1_673' title='bbox 3049 5850 3324 5921; x_wconf 60' lang='grc' dir='ltr'>κριθῆναι,</span> <span class='ocrx_word' id='word_1_674' title='bbox 3383 5848 3638 5917; x_wconf 79' lang='grc' dir='ltr'>γινέσθω.</span> <span class='ocrx_word' id='word_1_675' title='bbox 3687 5846 3797 5902; x_wconf 74' lang='grc' dir='ltr'><strong>Καὶ</strong></span> 
     </span>
    </p>
   </div>
  </div>
