4156 6302
311 396 377 455 35
1549 375 1888 436 EPITOME
1929 373 2320 434 CANONUM.
3506 351 3578 416 86

306 516 423 572 τεῐς
456 513 514 562 ὲν
555 506 761 560 ἅπασιν
790 505 1054 565 ἔστωσαν,
1089 500 1175 552 ἴνα
1199 497 1303 551 τῶν
1327 495 1666 566 αἰτουμένων
1692 489 1894 572 τυγχά-

2003 488 2048 542 in
2086 487 2336 554 omnibus
2360 485 2487 547 sint,
2532 490 2588 536 ut
2636 495 2756 550 quae
2796 483 2985 548 petunt
3080 478 3504 540 consequantur,
3527 476 3579 524 et

314 619 474 666 νωσι,
505 603 600 654 καὶ
634 593 913 667 γυναικῶν
943 593 1358 663 ἀπεχέσθωσαν.

708 689 762 744 '0
805 688 876 742 m'
903 687 1008 755 τῆς
1039 687 1110 740 ἐν
1150 683 1504 770 Ἀζτιοχείφ

403 783 751 844 Ἐπίσκοπος,
809 780 842 850 ἢ
890 777 1269 850 πρεσϐύτερος
1317 776 1471 846 παρά
1518 775 1745 844 γνώμην
1796 770 1892 826 τοῦ

323 874 456 930 ὶδίου
481 873 884 947 μητροπολίτου
915 869 1168 924 ἀπελθὼν
1195 869 1276 932 είς
1303 867 1554 938 βασιλέα,
1587 864 1892 936 ἀπόϐλητος

319 966 575 1036 γινέσθω,
607 967 704 1020 καὶ
728 965 829 1034 τῆς
865 960 1173 1023 κοινωνίας,
1204 958 1421 1024 καὶτῆς
1447 957 1626 1020 ἀξίας.

715 1059 780 1112 '0
817 1053 904 1124 γ’γ’
935 1053 1054 1108 τῶν
1099 1052 1506 1107 Ἀποστόλων.

401 1152 489 1204 Ἐν
519 1152 639 1215 ταῖς
668 1151 906 1219 ἑορταῖς,
936 1146 1082 1200 οἴνου
1130 1143 1226 1197 καὶ
1258 1143 1436 1212 κρεῶν
1472 1141 1658 1211 ἱερεὺς
1694 1138 1769 1209 μὴ
1797 1154 1895 1207 μεο

315 1242 713 1309 ταλαμὸἀνων,
740 1241 788 1293 εί
823 1239 898 1309 μὴ
929 1237 998 1292 δι’
1030 1235 1285 1306 ἄσκησιν,
1322 1231 1716 1302 καθαιρείσθω.

759 1419 824 1475 '0
846 1417 913 1472 ιδ’
948 1416 1057 1485 τῆς
1081 1416 1151 1470 ἐν
1192 1406 1467 1484 Ἀγκῦρᾳ.

393 1517 502 1570 Καὶ
561 1513 858 1585 ἱερωμένος
910 1509 1091 1579 κρεῶν
1140 1507 1504 1575 ἀπεχόμενος,
1555 1505 1900 1575 γευσάμενος

322 1609 511 1679 μόνον,
561 1605 736 1667 οὕτως
787 1601 964 1656 αὐτῶν
1011 1597 1393 1669 ἀπεχέσθω,ἢ
1445 1595 1547 1650 κᾶν
1588 1595 1697 1648 τῶν
1760 1594 1899 1665 μετὰ

319 1704 552 1773 κρέατος
587 1699 857 1771 λαχάνων.

721 1791 784 1844 '0
813 1789 908 1855 νς¹
947 1789 1062 1844 τῶν
1101 1786 1484 1843 ἀποστόλων.

398 1879 773 1950 Πρεσϐύτερος
813 1877 1118 1949 ῆδιάκονος
1165 1874 1402 1944 ὑϐρίζων
1451 1873 1770 1938 ἐπίσκοπον,
1796 1874 1901 1943 ἀφ·

321 1973 612 2042 οριζέσθω.

828 2064 892 2116 '0
922 2060 1010 2123 νζ*
1033 2059 1156 2116 τῶν
1186 2059 1407 2118 αὐτῶν.

405 2147 685 2218 Ὡσαύτως
737 2155 834 2208 καὶ
887 2155 937 2206 εί
990 2150 1204 2222 χωλὸν,
1253 2151 1288 2223 ἢ
1352 2148 1574 2218 τυφλὸν,
1627 2148 1660 2217 ἢ
1715 2146 1906 2214 κωφὸν

323 2248 599 2318 χλευάζει.

823 2340 887 2393 '0
911 2338 1004 2407 rn'
1032 2337 1154 2393 τῶν
1187 2335 1410 2392 αὐτῶν.

395 2436 508 2507 Τὴν
535 2434 821 2488 εὐσέϐειαν
857 2433 1038 2501 ίερεὺς
1072 2432 1148 2502 μὴ
1189 2429 1484 2493 διδάσκων,
1515 2426 1864 2499 ἀφοριζέσθω
1884 2440 1898 2455 ·

324 2525 603 2594 ἐπιμένων
628 2524 709 2588 δὲ,
745 2523 1147 2594 καθαιρείσθω.

835 2617 889 2668 '0
917 2619 1004 2670 νθ¹
1035 2615 1155 2668 τῶν
1185 2612 1406 2669 αὐτῶν.

417 2712 699 2773 Ὡσαύτως
728 2710 824 2764 καὶ
864 2711 939 2778 μὴ
972 2706 1034 2765 εὖ
1076 2708 1247 2762 ποιῶν
1286 2707 1448 2760 ἐνδεᾶ
1478 2704 1763 2776 κληρικόν.

858 2801 912 2854 Ὁ
944 2801 996 2864 ξ’
1029 2799 1149 2853 τῶν
1171 2797 1387 2854 αὐτῶν.

412 2895 474 2954 ’0
502 2894 730 2957 ἀσεϐοῦς
779 2893 984 2964 βιδλίον
1007 2891 1410 2962 ἐκκλησιάζων,
1437 2887 1828 2960 καθαιρείσθω.

825 3074 887 3127 '0
926 3072 1013 3137 ξδ’
1038 3072 1157 3126 τῶν
1184 3069 1405 3126 αὐτῶν.

1997 597 2026 635 a
2065 578 2385 633 mulieribus
2427 574 2755 630 abstineant.

2543 665 2603 718 ll
2657 662 3015 718 Antiocheam.

2049 761 2377 831 EpiscOpus,
2403 766 2494 811 aut
2549 756 2855 827 presbyter,
2913 751 3125 819 absque
3173 746 3446 803 sententia
3495 744 3576 798 sui

1996 853 2398 923 metropolitani
2474 851 2541 904 ad
2583 849 2964 918 imperatorem
3015 841 3294 910 prolectus
3323 878 3339 904 ,
3384 848 3494 890 tam
3548 853 3576 888 a

1996 941 2394 1005 communione,
2439 952 2602 1009 quam
2641 951 2668 990 a
2700 935 2962 1004 dignitate
2989 931 3252 1000 rejicitor.

2523 1027 2593 1084 55
2655 1027 3034 1098 apostolorum.

2059 1123 2326 1178 Sacerdos
2363 1119 2518 1176 festis
2570 1118 2813 1173 diebusa
2861 1115 2986 1167 vino
3028 1122 3083 1167 et
3127 1111 3382 1167 carnibus
3413 1110 3582 1163 absti-

2002 1227 2158 1276 nens,
2192 1211 2519 1279 deponitor,
2573 1218 2898 1276 extraquam
2959 1204 3006 1260 si
3063 1201 3473 1258 exercitationis
3529 1201 3579 1253 id

2001 1321 2166 1361 causa
2192 1303 2309 1358 ﬁat.

2585 1413 2652 1469 14
2697 1412 3014 1483 Ancyranw.

2059 1509 2236 1563 Etiam
2275 1508 2531 1564 sacerdos
2560 1523 2680 1564 cum
2723 1509 2961 1563 abstinet
2989 1521 3016 1559 a
3050 1505 3329 1566 carnibus,
3387 1502 3596 1555 dunta--

2002 1609 2093 1658 sat
2121 1602 2188 1656 iis
2215 1599 2535 1671 degustatis,
2589 1600 2882 1663 abstineat,
2925 1606 3018 1652 aut
3063 1597 3310 1653 oleribus
3368 1593 3582 1658 saltem,

2001 1717 2122 1758 cum
2151 1711 2316 1758 carne
2361 1695 2557 1753 coctis.

2566 1785 2636 1841 56
2673 1785 3052 1855 apostolorum.

2075 1883 2370 1954 Presbyter
2431 1887 2526 1938 aut
2567 1878 2852 1941 diaconus,
2915 1875 3010 1944 qui
3055 1876 3372 1945 episcopum
3426 1866 3586 1923 adicit

2005 1979 2223 2052 injuria,
2258 1986 2594 2048 segregator.

2566 2066 2636 2125 57
2687 2065 3012 2123 earumdem.

2053 2161 2315 2218 Similiter
2353 2170 2409 2216 et
2453 2161 2497 2216 si
2527 2160 2802 2226 claudum,
2837 2157 2923 2212 vel
2953 2169 3180 2218 caecum,
3234 2153 3320 2208 vel
3363 2152 3584 2207 surdum

2007 2253 2326 2309 subsannat.

2578 2341 2647 2397 58
2697 2339 3018 2395 earumdem.

2077 2435 2364 2500 Sacerdos,
2403 2434 2494 2504 qui
2536 2435 2790 2504 pietatem
2820 2445 2924 2485 non
2984 2429 3162 2496 donet,
3226 2436 3586 2496 segregator;

2004 2527 2087 2582 sin
2129 2525 2406 2596 proposito
2433 2525 2718 2589 inhaereat,
2747 2523 3052 2592 deponitur.

2567 2617 2635 2673 59
2685 2617 3025 2672 eorumdem.‘

2075 2707 2338 2765 Similiter
2369 2716 2423 2763 et
2458 2707 2632 2780 egenti
2663 2709 2861 2764 clerico
2895 2721 3001 2761 non
3033 2703 3398 2765 benefaciens.

2583 2800 2652 2856 60
2683 2799 3011 2855 earumdem.
3120 2793 3132 2804 ’

2073 2895 2174 2960 Qui
2217 2893 2414 2948 librum
2441 2891 2593 2964 impii
2618 2893 2830 2964 publice
2895 2891 3092 2961 populo
3147 2892 3416 2962 proponit,
3485 2890 3586 2946 do-

2007 2989 2242 3058 ponitor.

2583 3077 2654 3133 οι
2679 3080 3002 3134 earumdem.

412 3167 468 3219 Ὅ
501 3167 898 3236 συνευχόμενος
941 3163 1241 3227 Ἰουδαίοις,
1272 3160 1306 3232 ἢ
1341 3161 1663 3232 αίρετικοῖς,
1711 3157 1900 3212 καθαι-

2072 3175 2326 3242 Quicum
2380 3172 2580 3229 Iudaeis
2644 3182 2920 3243 precatur,
2973 3169 3060 3226 vel
3122 3184 3246 3227 cum
3295 3170 3586 3235 lueretieis,

329 3258 530 3330 ρείσθω
559 3274 619 3310 τε
654 3256 748 3310 καὶ
782 3253 1158 3325 ἀφοριζέσθω.

827 3349 891 3401 Ὃ
918 3344 1008 3414 ξηῗ
1041 3345 1160 3400 τῶν
1191 3343 1412 3400 αὐτῶν.

414 3442 474 3497 '0
503 3443 589 3507 δὶς
635 3441 1036 3514 χειροτονηθεὶς
1065 3437 1437 3509 καθαιρείσθω
1471 3437 1571 3491 σὺν
1614 3434 1693 3506 τῷ
1719 3451 1901 3506 χειρον

324 3537 638 3606 τονήσαντι,
667 3537 717 3589 ει
741 3534 819 3606 μὴ
848 3534 1100 3606 αίρετικὴ
1134 3533 1256 3602 χεὶρ
1281 3532 1313 3602 ἡ
1341 3528 1554 3601 πρώτη.

945 3716 1012 3770 Ὃ
1041 3721 1090 3787 7’
1131 3716 1240 3784 τῆς
1270 3722 1342 3770 α’.

409 3807 732 3878 Ἰερωμένος
779 3808 1134 3862 συνείσακτον
1167 3809 1242 3877 μὴ
1277 3805 1590 3876 κεκτήσθω,
1623 3805 1762 3876 πλὴν
1798 3823 1902 3876 μη-

326 3901 473 3972 τρὸς,
517 3902 613 3955 καὶ
642 3901 903 3972 ἀδελφῆς,
952 3901 1048 3954 καὶ
1085 3898 1260 3962 θείας,
1290 3899 1389 3953 καὶ
1434 3901 1536 3952 ὅσα
1565 3902 1674 3955 τῶν
1725 3918 1900 3972 ιιιιροσι⁸

324 3996 490 4046 ώπων
516 3994 703 4053 πᾶσαν
725 3991 1094 4060 διαπέφευγεν
1132 3987 1392 4057 ὑποψίαν.

921 4081 986 4137 '0
1020 4081 1082 4135 0’—
1116 4079 1332 4148 αὐτῆς.

397 4178 460 4231 Οἳ
491 4174 868 4241 ἀνεξετάστως
917 4172 1260 4244 ίερωθέντες,
1295 4171 1327 4241 ἢ
1381 4171 1808 4242 ἀνακρινόμενοι
1833 4171 1903 4227 τὰ

326 4270 509 4338 αὐτῶν
564 4268 1004 4338 ὁμολογήσαντες
1052 4264 1514 4336 ,πλημμελήματα
1574 4261 1902 4335 ίερὼθησαν,

328 4361 820 4432 καθαιρείσθωσαν.
1188 4381 1196 4388 ·
1784 4342 1787 4344 ’

935 4448 1056 4504 Ὀί
1086 4447 1297 4515 αὐτῆς.

2006 3253 2286 3336 ὁοροιιῖιοι·
2317 3273 2371 3322 et
2403 3274 2734 3335 segregator.

2575 3355 2645 3411 68
2702 3354 3022 3410 earumdem.

2077 3449 2170 3503 Bis
2223 3448 2508 3504 ordinatus
2570 3462 2666 3517 per
2730 3463 2926 3502 manus
2989 3446 3412 3518 impositionem,
3481 3460 3589 3498 una

2004 3557 2128 3599 cum
2188 3557 2276 3607 eo,
2335 3541 2424 3610 qui
2483 3541 2774 3606 ordinavit,
2842 3539 3160 3610 deponitor,
3225 3537 3329 3592 nisi
3400 3551 3592 3591 manus

2005 3637 2154 3708 prior
2192 3635 2444 3691 haeretica
2480 3634 2665 3690 fuerit.

2651 3727 2687 3781 '5
2729 3728 2935 3796 prima.

2075 3821 2342 3877 Sacerdos
2381 3821 2660 3876 mulierem
2701 3821 2994 3885 ascititiam
3048 3835 3152 3874 non
3219 3820 3436 3886 habeat,
3485 3819 3586 3873 uisi

2005 3921 2336 3982 matrem,et
2370 3926 2612 3967 sororem
2643 3951 2659 3978 ,
2691 3921 2746 3966 et
2809 3913 3063 3975 amitam,
3131 3921 3187 3966 et
3253 3925 3591 3982 qumcunque

1976 4072 1978 4075 τ
2005 4016 2250 4072 persona:
2282 4009 2411 4057 sunt
2435 4001 2503 4056 ab
2525 4001 2675 4056 omni
2703 4001 3014 4070 suspicione
3053 4000 3254 4056 liberae.

2613 4090 2648 4146 9
2689 4091 2947 4158 ejusdem.

2025 4253 2039 4263 ο
2077 4182 2179 4248 Qui
2213 4184 2280 4238 ad
2304 4181 2664 4237 sacerdotium
2697 4181 2902 4248 absque
2926 4158 3173 4234 examine
3197 4188 3320 4234 sunt
3343 4179 3588 4246 admissi,

2006 4273 2088 4328 vel
2121 4291 2242 4329 cum
2277 4273 2741 4337 examinarentur,
2778 4287 2874 4326 sua
2905 4271 3145 4327 confessi
3167 4272 3382 4340 delicta,
3407 4288 3590 4329 sacer-

2006 4367 2155 4421 dotes
2184 4365 2312 4421 facti
2349 4375 2509 4431 sunt,-
2531 4364 2890 4433 deponuntor.

2606 4456 2672 4510 10
2727 4457 2979 4525 ejusdem.

397 4546 554 4598 Ὅσοι
591 4541 702 4594 τῶν
746 4538 1182 4610 παραπεσόντων
1230 4534 1746 4606 προεχειρίσθησαν,
1778 4536 1809 4606 ἢ
1843 4536 1900 4588 ἐν

2079 4549 2355 4618 Quotquot
2387 4564 2450 4604 ex
2485 4548 2646 4616 lapsis
2676 4549 2948 4617 praepositi
2986 4550 3211 4614 fuerint,
3240 4551 3320 4604 vel
3358 4552 3585 4616 sciente,

328 4637 550 4702 γνώσει,
583 4633 617 4703 ἢ
662 4634 719 4686 ὲν
749 4630 945 4699 ἀγνοίᾳ
979 4627 1070 4681 τοῦ
1100 4626 1575 4698 προχειρίσαντος,
1620 4625 1901 4695 καθαιρεί-

329 4729 562 4782 σθωσαν.

444 4823 510 4872 '0
541 4819 618 4882 ις’
651 4818 898 4884 ταύτης,
929 4813 1029 4869 καί
1061 4813 1172 4881 τῆς
1216 4813 1290 4866 ἐν
1338 4812 1660 4881 Ἀντιοχείᾳ
1684 4814 1795 4867 λε’.

399 4909 772 4983 Πρεσϐύτεροι
824 4907 1130 4978 ἥδιάκονοι
1176 4905 1277 4974 τῆς
1321 4904 1620 4975 ἐκκλησίας
1669 4904 1902 4958 ἐκστάν-

2005 4644 2095 4713 qui
2120 4657 2213 4700 eos
2249 4641 2506 4711 praefecit,
2544 4640 2627 4700 vel
2667 4643 2949 4709 ignorante
2974 4683 2988 4705 ,
3044 4643 3406 4711 deponuutor.

2335 4817 2401 4872 16
2430 4817 2682 4887 ejusdem,
2714 4828 2763 4872 et
2797 4819 3128 4873 Antiocheam
3163 4821 3251 4873 '55.

2076 4909 2410 4980 Presbyteri,
2447 4909 2532 4963 vel
2571 4911 2802 4969 diaconi.
2836 4912 2879 4964 si
2916 4911 2984 4962 ab
3012 4910 3238 4963 ecclesia
3267 4927 3361 4965 sua
3387 4912 3587 4967 disces-

326 5025 443 5071 τες,
477 5006 690 5060 ἀδεκτοι
722 5003 856 5071 παρ’
886 5000 1069 5064 ἄλλοις
1094 4997 1430 5070 μενέτωσαν,
1461 5000 1543 5061 είς
1567 4997 1669 5061 τὰς
1690 4998 1900 5053 ἑαυτῶν

2004 5005 2194 5069 serint,
2219 5005 2286 5058 ab
2315 5003 2433 5057 aliis
2463 5019 2568 5057 non
2617 5003 2837 5056 admissi
2875 5010 3156 5066 maneant,
3222 5013 3279 5056 ut
3337 5020 3463 5059 suas
3514 5008 3580 5059 ad

327 5098 632 5168 ἐκκλησίας
681 5093 1042 5164 ἀναστρέφειν
1095 5089 1576 5162 ἀναγκαζόμενοι·
1616 5089 1904 5159 ἔπιμένονρ

326 5209 420 5256 τες
448 5190 527 5257 δὲ,
560 5188 674 5250 τοῖς
707 5183 948 5254 ίερεῦσιν
972 5181 1218 5235 εστωσαν
1251 5181 1630 5252 ἀκοινιῖινητοι.

720 5278 786 5332 '0
816 5275 866 5331 δ’
896 5275 1008 5344 τῆς
1056 5276 1126 5329 ἐν
1169 5274 1522 5343 Ἀντιοχείᾳ.

411 5377 745 5437 Ἐπίσκοπος
772 5370 878 5425 ὑπὸ
904 5368 1122 5423 συνόδου
1156 5367 1562 5439 καθῃρημένος,
1593 5367 1637 5439 ἧς
1661 5368 1904 5439 πρεσδύ..

327 5487 509 5540 τερος,
539 5468 571 5539 ἢ
603 5466 874 5528 διάκονος,
905 5463 938 5533 ἢ
981 5459 1339 5523 ὑποδιάκονος
1365 5459 1468 5513 ὑπὸ
1493 5459 1590 5512 τοῦ
1628 5458 1758 5512 ίδίου
1784 5461 1902 5513 ὲπιο

332 5563 563 5626 σκόπου,
611 5559 661 5612 εί
715 5554 1013 5627 τολμήσειέ
1043 5571 1095 5607 τι
1145 5551 1348 5623 πρᾶξαι
1392 5555 1494 5623 τῆς
1534 5553 1900 5623 λειτουργίας,

309 5654 534 5723 .μηκέτι
571 5651 705 5720 μηδὲ
735 5647 1239 5708 ἀποκαταστάσεως
1270 5646 1462 5700 ἐλπίδα
1489 5647 1661 5714 ἐχέτω
1686 5664 1700 5676 ⁸
1734 5647 1826 5700 καὶ
1855 5649 1902 5698 oi

331 5746 509 5810 τούτῳ
548 5741 953 5804 κοινωνοῦντες,
995 5738 1466 5808 ὲπιτιμάσθωσαν,
1519 5737 1614 5791 καὶ
1647 5739 1901 5806 μάλιστα,

335 5841 380 5892 εί
409 5837 496 5892 καὶ
532 5839 625 5907 τὴν
655 5837 774 5888 κατ’
807 5832 970 5888 αὐτοῦ
1000 5833 1189 5885 εἰδεῖεν
1216 5834 1515 5903 ἀπόφασιν.

1977 5087 2262 5151 ecclesias
2304 5097 2510 5150 reverti.
2557 5105 2840 5165 cogantur.
2882 5094 2936 5146 In
2975 5096 3245 5160 proposito
3289 5101 3583 5166 persisten-

2005 5197 2104 5254 tes,
2136 5203 2257 5243 cum
2289 5189 2657 5242 sacerdotibus
2689 5203 2792 5239 non
2826 5185 3247 5242 communicent.

2584 5280 2618 5332 4
2654 5277 3008 5330 Amice/tenor.

2075 5371 2374 5440 EpisCOpus
2399 5385 2426 5424 a
2459 5368 2671 5438 synodo
2700 5364 2995 5432 depositus,
3029 5377 3118 5420 aut
3151 5372 3451 5440 presbyter,
3486 5381 3582 5422 aut

2005 5465 2281 5526 diaconus,
2312 5471 2405 5514 aut
2431 5460 2790 5514 subdiaconus
2819 5457 2886 5512 ab
2940 5459 3193 5528 episcopo
3223 5475 3341 5522 suo,
3365 5462 3410 5514 si
3431 5459 3584 5513 obito

2007 5565 2211 5626 partem
2253 5554 2486 5622 aliquam
2525 5549 2811 5603 ministerii
2857 5550 2997 5602 sacri
3033 5550 3192 5604 fuerit
3224 5565 3409 5609 ausus,
3475 5563 3579 5601 non

2007 5646 2236 5714 amplius
2267 5643 2426 5694 ullam
2460 5655 2606 5709 spem
2640 5639 3000 5693 restitutionis
3050 5638 3100 5689 in
3153 5639 3416 5703 integrum
3482 5636 3580 5689 ha—

2009 5741 2151 5800 beat,
2185 5736 2347 5803 et‘qui
2382 5750 2502 5788 cum
2524 5749 2590 5787 eo
2618 5731 3040 5792 communicant,
3073 5729 3386 5790 multanlor,
3449 5741 3584 5796 pree-

2008 5832 2190 5884 sertiin
2223 5830 2265 5883 si
2304 5827 2464 5881 latam
2500 5825 2552 5879 in
2589 5826 2762 5892 ipsum
2807 5818 3128 5874 sententiam
3172 5821 3376 5874 norint.
