4156 6302
577 356 646 420 87
1741 363 2001 425 (ΣΟΝδΤ.
2047 363 2150 423 ΗΑ

2260 363 2617 426 IENOPULI
3769 370 3842 432 83

1067 475 1100 530 6
1131 475 1324 529 habita:
1361 476 1414 529 in
1447 475 1655 529 Trullo.

643 567 933 633 Sacerdos,
993 579 1089 624 aut
1142 570 1427 634 diaconus,
1473 578 1568 622 aut
1620 568 2011 632 subdiaconus,
2057 568 2146 638 qui

573 673 697 735 post
726 654 1128 719 ordinationem
1171 678 1394 718 uxorem
1423 663 1658 728 duxerit,
1693 662 1726 698 "
1756 664 2070 734 deponitor.

1173 757 1207 791 ⁸
1231 754 1525 812 Scholium.

646 848 758 904 Hoc
801 861 908 912 est,
956 864 986 904 a
1045 849 1352 905 sacerdotio
1383 850 1600 919 quidem
1661 858 1989 912 removetor,
2053 849 2148 904 sed

2686 479 2748 529 Ὀ
2786 475 2837 542 ς’
2865 475 2972 544 τῆς
3006 477 3076 531 ἐν
3113 479 3409 547 Τρούλλῳ.

2339 571 2565 641 Ἱερεὺς,
2596 569 2628 638 ἢ
2664 569 2928 634 διάκονος,
2959 571 2992 641 ἢ
3031 551 3384 636 ὑποδιᾶκονος
3423 572 3564 642 μετὰ
3595 573 3696 644 τὴν
3725 591 3840 644 χει-

2257 660 2500 729 ροτονίαν
2532 661 2738 732 γήμας,
2775 661 3163 730 καθαιρείσθω.

2901 756 3184 826 Σχὸλιον.

2327 846 2538 920 ᾜγοῦν
2567 848 2667 914 τῆς
2707 851 2807 920 μὲν
2842 848 3144 920 ἱερωσύνης
3184 847 3614 920 μετακινείσθιο,
3647 849 3747 920 τῆς
3778 850 3837 920 δὲ

569 920 795 992 honoris
844 929 1022 974 tamen
1063 921 1320 992 sedisque
1365 917 1634 992 particeps
1700 931 1836 992 esm.
1884 919 1982 986 Qui
2023 934 2150 972 vero

2260 917 2751 992 τιμῆς-μετεχέτω,
2779 921 2875 992 καὶ
2898 917 3002 992 τῆς
3031 919 3329 992 καθέδρας.
3355 918 3668 992 Πορνεύσας
3694 918 3772 992 δε.

570 991 988 1053 scortationem,
1024 989 1102 1042 vel
1148 988 1473 1046 adulterium
1520 988 1878 1053 commiserit,
1925 1003 2150 1058 prorsus

2260 988 2782 1058 ppqsdqagfﬂeov
2807 988 3134 1056 ἐξωθείσθω.
3159 990 3258 1042 καὶ
3283 989 3363 1051 είς
3395 988 3686 1058 μετάνοιαν
3707 989 3840 1057 ἀγὲο

570 1061 886 1128 ιιχιιρΙΙῐιοι.
914 1069 967 1114 et
1021 1061 1087 1112 ad
1128 1059 1506 1126 paenitentiam
1550 1061 1801 1127 adigitor.
1860 1060 1951 1114 Sic
2000 1059 2147 1113 enim

570 1131 833 1200 quosdam
861 1130 1184 1199 interpretes
1213 1131 1328 1184 Itaac
1357 1130 1667 1186 declarasse
1710 1129 2035 1200 reperimus.

1053 1220 1114 1275 21
1149 1221 1345 1276 habita:
1384 1221 1437 1276 in
1463 1221 1666 1278 Trulla.

645 1313 746 1379 Qui
780 1314 942 1381 plane
977 1314 1256 1384 depositus
1291 1323 1376 1368 est
1414 1313 1646 1382 alicujus
1676 1315 1922 1371 criminis
1959 1329 2148 1378 causa,

569 1406 615 1459 si
661 1407 1032 1471 ptenitentiam
1085 1415 1231 1474 agat,
1277 1405 1454 1461 instar
1496 1406 1821 1462 clericorum
1875 1410 2146 1463 tondetor.

572 1497 668 1554 Sin
695 1509 898 1560 autem,
930 1495 1191 1551 laicormn
1225 1511 1374 1551 more
1401 1511 1613 1552 comam
1641 1497 1790 1552 alito.

1180 1586 1253 1642 25
1287 1588 1546 1658 ejusdem.
1741 1597 1745 1601 ’

643 1681 744 1747 Qui
793 1695 942 1751 purae
987 1681 1394 1737 communionis
1438 1680 1625 1735 ﬁdeles
1655 1680 1948 1752 participes
1998 1681 2148 1744 fecit,

2254 1057 2400 1112 σθω·
2433 1057 2578 1113 οὕτω
2607 1060 2718 1131 γὰρ
2748 1059 2806 1114 εν
2836 1076 2947 1114 τισι
2975 1060 3085 1114 τῶν
3113 1060 3400 1131 ἐξηγητῶν
3426 1058 3680 1131 εὕρηται.

2669 1239 2733 1292 '0
2761 1243 2852 1293 καί
2873 1235 2987 1304 τῆς
3014 1239 3086 1292 ἐν
3116 1238 3421 1304 Τρούλλφ.

2337 1330 2397 1384 '0
2428 1329 2612 1383 τέλεον
2646 1329 2996 1400 καθαιρεθεὶς
3029 1330 3119 1383 ἐπ’
3142 1329 3472 1398 ἐγκλήματι,
3506 1331 3555 1382 εί
3595 1329 3840 1398 μεταμέ-

2252 1418 2397 1470 λοιτο
2417 1457 2432 1481 ,
2462 1416 2541 1487 τῷ
2567 1416 2661 1471 τοῦ
2694 1417 2898 1489 κλήρου
2928 1418 3198 1488 κειρέσθω
3231 1421 3471 1488 σχήματι
3495 1436 3509 1451 ·
3544 1419 3594 1473 εί
3626 1419 3670 1472 δ’
3701 1416 3834 1482 οὖν,

2253 1505 2506 1575 καθάπερ
2533 1508 2580 1560 oi
2609 1507 2786 1562 λαῖκοὶ
2812 1506 2910 1578 τὴν
2935 1508 3112 1576 κόμην
3139 1509 3410 1576 τρεφέτω.

2831 1601 2895 1654 '0
2926 1606 3016 1670 κγ’
3040 1599 3254 1668 αὐτῆς.

2337 1691 2397 1746 '0
2432 1693 2528 1762 τῆς
2565 1691 2834 1762 ἁχράντου
2877 1691 3195 1760 μεταδιδοὺς
3228 1693 3343 1756 τοῖς
3383 1694 3602 1756 πιστοῖς
3642 1707 3836 1745 κοινω-

571 1781 627 1826 et
687 1772 956 1828 mercedis
991 1773 1164 1843 gratia
1205 1773 1588 1843 quamcunque
1632 1787 1746 1829 rem
1787 1774 1940 1843 petit,
1986 1773 2151 1842 depo-

2260 1785 2408 1848 νίας.
2455 1785 2552 1838 καὶ
2597 1781 2793 1854 μισθοῦ
2836 1782 2996 1855 χάριν
3035 1784 3098 1836 τὸ
3140 1783 3347 1838 οἱονοῠν
3386 1784 3594 1852 αἰτῶν,
3641 1782 3835 1839 καθαι-

573 1865 736 1920 nitor.

875 1955 946 2010 26
975 1954 1228 2024 ejusdem,
1261 1963 1311 2010 el
1343 1955 1415 2011 ΞἹ
1445 1955 1636 2010 Basilii
1663 1956 1861 2029 Magni.

645 2043 703 2099 Si
735 2059 831 2114 per
860 2045 1259 2115 ignorationem
1304 2045 1360 2100 in
1393 2047 1412 2069 ⁶
1442 2042 1663 2102 illicitas
1701 2048 1915 2117 nuptias
1940 2048 2147 2105 incide-

575 2137 647 2192 rit
683 2138 983 2205 presbyter,
1031 2138 1212 2194 soluto
1249 2139 1619 2218 matrimonio,
1659 2140 1847 2198 sedem
1883 2140 2151 2197 duntaxat

574 2229 804 2295 habeat,
842 2235 909 2285 ab
943 2229 1215 2302 universis
1245 2230 1524 2286 abstinens
1557 2231 1789 2288 actibus.

1173 2328 1193 2348 '
1239 2322 1524 2380 Scholium.

645 2415 907 2490 Videlicet
939 2420 986 2475 si
1030 2419 1310 2488 sanguinis
1359 2418 1592 2490 fortasse
1623 2419 1840 2490 vinculo
1870 2419 1975 2476 sibi
2023 2420 2150 2490 jun-

571 2496 716 2540 ctam
761 2489 811 2542 in
842 2492 1062 2543 domum
1096 2487 1330 2553 duxerit,
1365 2490 1448 2543 vel
1484 2487 1807 2558 solitariam,
1841 2505 1962 2558 quae
1995 2487 2150 2542 habi-

575 2567 688 2628 tum
725 2573 942 2612 sacrum
979 2560 1208 2612 inﬁtiata
1250 2558 1340 2621 sit,
1393 2558 1475 2612 vel
1507 2556 1788 2628 pupillam,
1832 2556 1987 2627 cujus
2013 2567 2153 2613 tute-

573 2625 680 2679 lam
710 2638 863 2695 pater
893 2628 1060 2696 ipsius
1094 2628 1340 2695 gesserit.

1051 2719 1122 2775 29
1149 2722 1343 2775 habita:
1381 2722 1436 2777 in
1466 2722 1669 2780 Trulla.

649 2809 802 2865 Licet
855 2821 910 2864 et
957 2809 1424 2883 Carthaginiensis
1475 2817 1714 2886 synodus
1771 2815 2046 2885 prohibet,
2084 2829 2154 2869 ne

575 2912 945 2959 sacrosanctae
982 2918 1154 2960 canae
1188 2906 1295 2972 die,
1328 2917 1612 2978 postquam
1649 2911 1835 2977 pransi
1874 2916 2022 2970 sunt,
2057 2922 2150 2962 sa-

575 2999 824 3053 cerdotes
863 2996 1096 3053 oli‘erant
1124 3014 1140 3064 ;
1171 3013 1329 3054 nemo
1366 3010 1547 3056 tamen
1598 3003 1650 3055 id
1694 3002 1928 3070 amplius
1960 3000 2148 3064 faciat,

575 3100 632 3148 et
682 3105 779 3160 per
832 3090 1076 3158 quintam
1134 3090 1274 3144 diem
1325 3093 1640 3160 septimanae
1687 3092 1930 3164 septimm
1982 3098 2150 3145 totam

577 3182 1065 3253 Quadragesimam
1096 3182 1434 3238 debonestet.

1180 3275 1250 3330 50
1291 3277 1552 3348 ejusdem.
1968 3268 2006 3303 ⁸

648 3370 1066 3427 Barbaricarum
1093 3371 1449 3426 ecclesiarum
1497 3373 1832 3438 sacerdotes,
1869 3372 1912 3427 si
1938 3371 2008 3426 de
2037 3385 2155 3422 ιιιιι-

577 3471 669 3516 tuo
695 3475 968 3517 consensu
994 3474 1024 3514 a
1050 3460 1372 3532 coniugibus
1399 3462 1704 3528 abstinent,
1741 3465 1758 3484 ‘
1789 3475 2020 3531 prorsus
2040 3458 2160 3515 abs-

577 3537 804 3611 tineam:

1198 3659 1217 3678 ‘
1245 3652 1540 3709 Scltolium.

578 3812 630 3866 ὁ,
651 3725 769 3823 Hoc
799 3751 1025 3812 propter
1053 3742 1463 3798 instabilitatem
1495 3755 1681 3795 eorum
1706 3747 1761 3793 et
1787 3734 2157 3792 inﬁrmitatem

619 3823 800 3866 icitur.

619 3823 800 3867 lClllll'.

827 3905 891 3961 5'1
922 3905 1178 3976 ejusdem,
1202 3916 1248 3960 et
1276 3903 1345 3958 12
1370 3902 1556 3970 prima:
1581 3919 1644 3956 ac
1665 3901 1930 3956 secundm.

647 3997 750 4064 Qui
774 4011 880 4052 non
914 3998 982 4053 de
1013 3995 1255 4068 episcopi
1315 3994 1594 4052 sententia
1627 3994 1680 4049 in
1711 3991 1977 4058 oratorio,
2015 3988 2159 4062 quod

2257 1877 2478 1950 ρείσθω.

2264 1970 2328 2022 '0
2362 1967 2457 2034 κς¹
2478 1969 2690 2036 αὐτῆς,
2720 1971 2818 2024 καὶ
2853 1973 2886 2024 ό
2916 1968 3006 2032 κζ’
3031 1969 3140 2025 τοῦ
3171 1968 3454 2038 Μεγάλου
3484 1969 3832 2026 Βασίλειον.

2325 2061 2390 2114 Ei
2417 2061 2556 2116 κατὰ
2586 2061 2808 2129 ἄγνοιαν
2833 2059 3059 2131 ἁθέσμῳ
3086 2061 3250 2130 γάμῳ
3277 2059 3568 2130 περιπέσοι
3595 2058 3836 2135 πρεσϐύ-

2252 2170 2434 2222 τερος,
2478 2155 2572 2207 τοῦ
2620 2153 2960 2208 συνοικεσίου
3003 2152 3375 2216 διαλυθέντος,
3418 2151 3520 2221 τὴν
3561 2141 3836 2221 καθέδραν

2257 2246 2419 2318 μόνον
2448 2247 2640 2317 ἐχέτω,
2669 2245 2776 2300 τῶν
2807 2246 3102 2316 ἐνεργειῶν
3133 2245 3324 2300 πασῶν
3362 2243 3725 2314 ἀπεχόμενος.

2905 2338 3190 2407 Σχόλιον.

2328 2429 2535 2499 Ἥγουν
2561 2429 2662 2498 τὴν
2691 2427 2816 2484 καθ’
2843 2423 2984 2496 αἷμα
3011 2429 3175 2499 τυχὸν
3206 2428 3590 2499 προσήκουσαν
3619 2427 3838 2499 stagnu-

2257 2495 2519 2569 σάμενος,
2545 2499 2577 2566 ἢ
2609 2495 2941 2570 μονάστριαν
2966 2501 3024 2550 τὸ
3050 2495 3193 2563 ιέρδν
3220 2495 3606 2570 α’ρνησαμένην
3631 2495 3835 2566 σχῆμα,

2254 2571 2288 2642 ἢ
2319 2568 2396 2642 τῷ
2423 2571 2592 2639 πατρὶ
2619 2568 2781 2622 αὐτοῦ
2811 2568 3319 2640 ὲπιτροπευθεῖσαν.

2671 2731 2734 2784 '0
2765 2727 2852 2785 καθ’
2875 2728 2988 2798 τῆς
3019 2729 3092 2784 ἐν
3124 2729 3426 2799 Τρούλλῳ.

2329 2825 2392 2876 El
2426 2827 2522 2877 καὶ
2553 2825 2586 2894 ἡ
2621 2825 2678 2876 ὲν
2711 2821 3037 2892 Καρθαγένῃ
3069 2820 3400 2889 διαγοριῦει,
3431 2821 3500 2891 τῇ
3529 2818 3714 2890 ἡμέρᾳ
3741 2814 3834 2869 τοῦ

2257 2915 2406 2969 θείου
2445 2914 2662 2968 δείπνου
2705 2915 2841 2979 μετὰ
2877 2915 2939 2965 τδ
2971 2913 3260 2983 δειπνῆσαι
3291 2912 3418 2974 τοὺς
3454 2911 3636 2978 ἱερέας
3672 2924 3838 2980 προσ-

2257 3008 2437 3076 ἀγειν,
2463 3004 2650 3074 μηδεὶς
2674 3003 2754 3055 ἔτι
2779 3002 2937 3056 τοῦτο
2961 3003 3201 3064 ποιείτω,
3227 3003 3326 3056 καλ⁸
3344 3001 3434 3056 διὰ
3454 3003 3552 3072 τῆς
3579 3002 3836 3070 πέμπτης

2255 3101 2358 3170 τῆς
2387 3099 2626 3170 ἑϐδόμης
2653 3095 2944 3167 ἑϐδομάδος
2970 3094 3070 3166 τὴν
3095 3093 3552 3166 Τεσσαρακοστὴν
3576 3093 3705 3164 ὃλην
3730 3094 3839 3148 ἀτι-

2179 3171 2225 3232 C
2262 3191 2502 3262 μαζέτω.

2848 3279 2911 3333 '0
2937 3279 2994 3334 λ’
3015 3280 3260 3347 ταύτης.

2331 3374 2396 3426 Οἱ
2433 3374 2492 3425 ὲν
2527 3371 2892 3442 βαρϐαρικαῖς
2925 3369 3244 3440 ἐκκλησίαις
3280 3370 3482 3440 ἱερεῖς,
3516 3369 3566 3420 εἰ
3598 3368 3664 3420 ἐκ
3698 3381 3839 3434 συμ-

2262 3463 2440 3536 φώνου
2463 3464 2572 3518 τῶν
2585 3469 2661 3517 ’συ
2672 3462 2846 3530 μσίων
2868 3462 3164 3532 ἀπέχονται
3181 3499 3196 3524 ,
3219 3455 3838 3529 τέλεονὰπεχέσθωσαν.

2908 3647 3192 3701 Σγόλιον.

2908 3665 2953 3701 1.;
2997 3665 3192 3701 OJLO'V'.

2334 3739 2506 3795 Τοῦτο
2531 3740 2621 3798 διὰ
2643 3740 2704 3796 τδ
2728 3665 3150 3809 ἀπαγὲςῖιῠτῶν
3176 3744 3270 3795 καὶ
3297 3743 3629 3815 ἀστήρικτόν
3654 3755 3840 3812 φησιν.

2454 3916 2517 3970 '0
2543 3915 2636 3971 λα’
2658 3915 2906 3984 ταύτης,
2935 3914 3036 3970 καί
3065 3916 3099 3970 δ
3129 3913 3208 3978 ιβ’
3228 3913 3339 3982 τῆς
3369 3911 3421 3967 α’
3443 3911 3541 3968 καί
3564 3911 3650 3975 β’.

2343 4009 2403 4064 Ὀ
2432 4009 2507 4080 μὴ
2535 4007 2677 4064 κατὰ
2703 4009 2931 4080 γνώμην
2953 4007 3278 4072 ἐπισκόπου,
3307 4006 3366 4060 ὲν
3390 4002 3668 4075 εὐκτηρίῳ
3693 4001 3844 4058 ἔνδον

583 4092 725 4146 intra
759 4090 981 4147 domum
1011 4089 1252 4160 aliquam
1285 4097 1392 4157 est,
1422 4087 1582 4145 oﬂ‘ert
1615 4096 1706 4142 aut
1759 4083 2031 4156 baptizat,
2068 4082 2154 4138 de-

2262 4101 2438 4166 οίκίας
2467 4101 2603 4169 ὄντι,
2635 4100 2932 4173 προσάγων
2958 4098 2992 4170 ἢ
3028 4097 3332 4171 βαπτίζων,
3363 4092 3760 4165 καθαιρείσθω.

580 4185 815 4256 pouitor.

1064 4279 1137 4334 85
1165 4279 1359 4334 habita:
1387 4277 1444 4332 in
1475 4274 1678 4330 Trulla.

655 4365 734 4423 Ne
762 4368 887 4438 quis
921 4377 1141 4422 mortuo
1163 4367 1381 4438 corpori
1413 4372 1758 4420 sacramenta
1793 4361 2052 4434 praebeat.

1188 4547 1257 4603 99
1281 4532 1550 4618 'ejusdem.

653 4641 948 4709 Sacerdos,
973 4639 1068 4712 qui
1111 4621 1498 4695 Armeniorum
1536 4651 1689 4692 more
1713 4651 1910 4692 carnes
1941 4636 1993 4691 in
2028 4644 2161 4690 tem-

583 4734 673 4806 plo
694 4735 854 4806 coqui
881 4731 1173 4806 permittit,
1195 4742 1250 4788 et
1272 4739 1479 4803 partem
1502 4745 1690 4788 earum
1719 4729 1786 4784 ab
1807 4729 2160 4785 olferentibus

583 4826 796 4896 recipit,
829 4833 1164 4895 segregator.
1670 4821 1674 4824 ‘

1038 4917 1106 4974 15
1140 4916 1330 4987 prima:
1352 4931 1414 4968 ac
1437 4917 1698 4970 secundis.

657 5009 968 5081 Presbyter,
994 5010 1078 5067 vel
1108 5009 1398 5075 diaconus,
1421 5011 1515 5078 qui
1554 5008 1701 5064 velut
1725 5007 1793 5064 ob
1827 5010 2028 5064 :rimen
2055 5007 2160 5062 ali-

584 5097 731 5167 quod
760 5098 1076 5168 episcopum
1111 5112 1270 5154 suum
1301 5097 1666 5162 damnaverit,
1693 5105 1748 5152 et
1783 5107 1912 5153 ante
1939 5096 2161 5168 synodi-

584 5205 703 5244 cam
735 5189 1098 5259 cognitionem
1129 5192 1198 5246 ab
1238 5191 1360 5262 ejus
1386 5190 1768 5246 communione
1808 5199 1987 5246 semet
2012 5187 2160 5244 avel-

584 5283 696 5337 lere
728 5282 892 5337 l'uerit
921 5298 1111 5347 ausus,
1141 5295 1196 5340 et
1218 5285 1529 5355 depunitor,
1561 5294 1617 5337 et
1641 5284 1789 5337 oumi
1833 5283 2040 5338 honore
2078 5297 2161 5338 sa.

581 5373 846 5430 cerdotali
891 5373 1164 5443 privator;
1195 5377 1398 5445 quique
1443 5376 1616 5432 secuti
1665 5389 1788 5430 eum
1819 5373 2042 5439 fuerint,
2075 5389 2162 5429 sa-

582 5469 690 5522 cris
739 5465 956 5534 quidem
1023 5465 1218 5521 initiati
1274 5472 1644 5537 deponuntor;
1705 5466 1957 5523 monachi
2009 5481 2158 5532 vero,

580 5561 667 5614 vel
701 5557 846 5615 laici.
884 5568 1260 5628 segregantor.

1086 5653 1154 5707 55
1188 5651 1663 5725 Carthaginiensis.

656 5741 967 5814 Presbyteri
991 5747 1196 5818 absque
1227 5748 1499 5806 sententia
1525 5747 1762 5821 episcopi
1791 5761 1882 5804 res
1910 5745 2164 5802 Ecclesia:

585 5855 654 5896 ne
688 5841 1048 5897 distrahuuto.

2677 4271 2742 4324 '0
2771 4268 2869 4339 πτ¹
2891 4268 3004 4340 τῆς
3032 4271 3104 4325 ἐν
3135 4271 3434 4341 nomine».

2335 4364 2559 4434 Σώματι
2604 4362 2785 4434 νεκρῷ
2835 4363 2912 4436 μή
2953 4380 3039 4428 τις
3081 4363 3188 4416 τῶν
3229 4362 3586 4434 ἁγιασμάτων
3629 4356 3844 4429 μεταδιυ

2262 4458 2419 4512 δότω.

2841 4548 2904 4602 '0
2933 4546 3020 4616 ιβ’
3041 4550 3283 4616 ταύτης.

2345 4639 2548 4712 Ἱερεὺς
2584 4642 2614 4694 ό
2653 4639 2797 4694 κατὰ
2826 4641 2956 4704 τοὺς
2988 4641 3309 4710 Ἀρμενίους
3351 4640 3409 4691 ὲν
3444 4637 3519 4708 τῷ
3555 4635 3669 4706 ναῷ
3707 4633 3843 4705 κρέα

2262 4730 2614 4804 παραχωρῶν
2659 4730 2920 4801 ἕψεσθαι,
2970 4729 3063 4783 καί
3112 4747 3236 4781 τινα
3281 4727 3488 4782 τούτων
3536 4728 3690 4799 παρὰ
3733 4728 3842 4782 τῶν

2263 4827 2615 4896 προαγόντων
2642 4823 2953 4895 δεχόμενος,
2985 4821 3356 4893 ἁφοριζέσὺω.

2753 4917 2818 4969 '0
2848 4919 2917 4983 ιγ’
2939 4911 3048 4980 τῆς
3075 4909 3129 4968 α’
3149 4913 3249 4967 καί
3275 4911 3360 4976 β’.
3862 4982 3863 4985 η

2336 5009 2718 5082 Πρεσϐύτερος
2751 5007 2785 5078 ἢ
2817 5008 3085 5072 διάκονος,
3118 5005 3193 5070 ὡς
3228 5006 3315 5057 ἐπ’
3338 5005 3648 5076 ἐγκλήματι
3680 5004 3843 5070 δῆθεν

2265 5099 2628 5166 κατεγνωκὼς
2653 5097 2746 5152 τοῦ
2772 5097 2973 5152 οἰκείου
3006 5097 3332 5165 ἐπισκόπου,
3359 5098 3454 5152 καὶ
3483 5099 3590 5168 πρὸ
3641 5096 3844 5150 συνοδιο

2264 5191 2364 5262 κῆς
2415 5188 2763 5253 διαγνώσεως
2814 5187 3120 5259 ἀποστῆναι
3163 5188 3356 5243 τούτου
3405 5192 3504 5260 τῆς
3556 5186 3844 5250 κοινωνίας

2263 5283 2562 5353 τολμήσας,
2589 5279 2961 5352 καθαιρείσθω
2982 5297 3040 5334 τε
3069 5283 3162 5336 καὶ
3189 5283 3371 5354 πάσης
3401 5280 3683 5353 ἱερατικῆς
3711 5283 3844 5332 ἀποο

2267 5375 2570 5445 περείσθω
2613 5373 2821 5443 τιμῆς·
2875 5375 2968 5427 καὶ
3017 5375 3066 5429 οἱ
3117 5375 3508 5445 συνεπόμενοι,
3559 5372 3844 5442 ἱερωμένοι

2265 5468 2390 5536 μὲν,
2425 5465 2917 5535 καθαιρείσθωσαν,
2965 5469 3191 5537 μοναχοὶ
3219 5467 3296 5532 δὲ,
3327 5466 3360 5536 ἢ
3391 5464 3622 5529 λαοικοὶ,
3655 5466 3847 5534 ἀφορι-

2267 5560 2566 5624 ζὲσθωσαν.

2651 5651 2714 5705 '0
2741 5655 2832 5721 .Zr’
2855 5651 2965 5720 τῆς
2995 5652 3063 5705 ἐν
3088 5650 3460 5721 Καρθαγένῃ.

2340 5737 2715 5815 Πρεσϐύτεροι
2757 5748 2907 5816 παρὰ
2949 5745 3172 5814 γνώμην
3213 5744 3309 5796 τοῦ
3354 5743 3657 5797 ἐπισκόπου
3703 5742 3847 5812 πρά·

2268 5854 2454 5907 γματα
2482 5835 2584 5906 τῆς
2619 5837 2944 5908 Ἐκκλησίας
2980 5838 3054 5908 μὴ
3090 5836 3577 5908 πιπρασκέτωσαν.
