4156 6302
555 362 617 431 91
1716 375 1978 438 CONS'I‘.
2019 373 2504 437 HARMENOPU
2518 375 2589 436 LI
3741 372 3822 435 92

1187 486 1216 536 ’7
1249 485 1508 553 ejusdem.

624 581 682 636 Si
733 581 854 651 quis
901 590 1080 634 autem
1123 583 1177 634 in
1210 581 1452 649 periculo
1503 583 1858 648 constitutus,
1892 583 2146 651 episc0po

553 689 662 728 non
711 684 999 744 praesente,
1042 673 1150 728 aris
1178 673 1523 728 reconciliari
1557 675 1798 744 petierit,
1831 675 2146 744 episcopum

551 765 832 834 presbyter
870 765 1186 836 interroget,
1219 780 1283 820 ac
1323 774 1480 834 prout
1515 765 1566 821 ei
1600 780 1920 835 responsum
1957 765 2142 828 fuerit,

556 870 704 930 agat.

1184 950 1250 1005 20
1277 951 1532 1020 ejusdem.

622 1041 1004 1111 Presbyterum
1037 1053 1345 1098 accusatum
1374 1044 1661 1113 episcopus
1688 1059 1819 1100 suus
1845 1043 2143 1108 exauiinet,

554 1149 658 1186 una
689 1149 806 1187 cum
841 1150 932 1188 sex
968 1134 1087 1189 aliis
1122 1135 1414 1204 episcopis,
1452 1151 1589 1203 quos
1628 1146 1780 1190 actor
1805 1143 1859 1189 et
1892 1150 2017 1190 reus
2049 1135 2146 1189 eli-

555 1237 710 1295 gent;
747 1226 1030 1280 diaconum
1087 1243 1234 1292 vero,
1290 1243 1410 1279 cum
1457 1228 1577 1282 aliis
1629 1228 1800 1282 tribus
1831 1227 2138 1295 episcopis;

555 1317 790 1385 reliquos
817 1319 1064 1384 clericus,
1091 1321 1262 1374 solus.
1297 1316 1634 1374 Observetur
1663 1327 1842 1372 autem
1883 1327 1938 1371 et
1969 1318 2022 1370 in
2054 1317 2138 1371 his

555 1409 690 1462 idem
724 1411 958 1478 spatium
987 1421 1286 1480 temporum
1320 1411 1421 1480 (l),
1460 1412 1602 1480 quod
1639 1411 1694 1465 in
1722 1411 2017 1480 episcopis.

1148 1588 1220 1642 25
1253 1587 1512 1655 ejusdem.
1957 1631 1959 1634 ι

624 1675 726 1741 Qui
761 1691 912 1730 sacra
954 1687 1208 1742 tractant,
1246 1693 1277 1732 a
1326 1678 1647 1749 conjugibus
1707 1681 2038 1737 abstineant.
2087 1681 2143 1736 ld

552 1769 653 1822 nisi
672 1769 898 1834 faciunt,
928 1771 1300 1840 deponuntor.

1149 1949 1219 2002 27
1249 1949 1507 2018 ejusdem.

622 2032 889 2090 Sacerdos
907 2039 1184 2094 convictus
1203 2050 1258 2094 et
1276 2041 1550 2110 depositus
1570 2056 1742 2112 neque
1766 2049 1821 2095 ut
1844 2042 2017 2099 laicus
2033 2059 2147 2112 pm-

488 2185 497 2194 _
551 2125 836 2181 nitentium
872 2145 1037 2199 agens
1075 2146 1262 2186 rursus
1297 2134 1602 2198 ordinator,
1636 2149 1811 2204 neque
1838 2135 2144 2206 rebaptiza-

553 2225 658 2279 tor,
684 2220 836 2285 quasi
863 2221 991 2288 quid
1032 2222 1158 2276 inde
1190 2225 1550 2290 proiecturus.

1142 2314 1211 2369 48
1235 2315 1494 2383 ejusdem.

633 2398 1126 2470 Rebaptizatioues,
1151 2417 1203 2459 et
1228 2412 1433 2462 iterata:
1458 2409 1854 2477 ordinationes,
1878 2423 1933 2467 et
1967 2428 2144 2470 remo-

552 2492 726 2547 tiones
769 2495 1168 2565 episcoporum,
1204 2514 1269 2552 ne
1304 2499 1454 2554 Ilum.

1186 2589 1248 2642 51
1284 2592 1539 2659 ejusdem.

624 2674 724 2740 Qui
759 2677 1018 2733 honorem
1063 2682 1407 2749 ampliorem,
1473 2697 1732 2753 poscente
1793 2694 2139 2760 necessitate,

555 2767 823 2834 repudiat,
859 2768 1006 2823 illum
1042 2773 1230 2837 etiam,
1262 2789 1422 2842 quem
1462 2777 1646 2846 habet,
1679 2781 1892 2849 perdet.

1146 2865 1216 2918 29
1237 2865 1502 2935 ejusdem.

629 2949 1164 3019 Excommunicatus,
1209 2958 1254 3011 si
1293 2969 1418 3014 ante
1441 2963 1878 3032 compassionem
1899 2982 2145 3026 commu-

557 3043 843 3111 nicaverit,
870 3051 1218 3118 semetipsum
1248 3050 1489 3109 damnat.

1156 3144 1258 3198 104
1282 3146 1541 3212 eiusdem.

626 3230 915 3299 Sacerdos,
949 3234 1040 3304 qui
1073 3233 1334 3303 judicium
1369 3242 1645 3308 publicum
1701 3244 1769 3301 ab
1805 3247 2137 3318 imperatore

556 3322 709 3389 petit,
747 3323 940 3392 deponi
950 3334 1054 3380 tor.

753 3489 755 3499 1
1137 3424 1240 3479 122
1271 3427 1510 3496 ejusdem
1527 3470 1540 3484 .

624 3503 726 3573 Qui
762 3507 828 3562 de
879 3523 1147 3568 consensu
1192 3521 1466 3573 communi
1508 3523 1985 3589 pronuntiatorum
2016 3540 2140 3581 sen-

558 3600 780 3653 tentiam
813 3619 918 3656 nou
947 3607 1166 3671 accipit,
1197 3613 1594 3668 communionis
1625 3629 1821 3672 exsors
1855 3628 1993 3673 esto.

1062 3697 1125 3751 l7
1155 3698 1351 3753 Basilii
1380 3701 1586 3775 Magni.

630 3782 936 3854 Presbyter,
993 3787 1082 3856 qui
1139 3803 1234 3856 per
1281 3795 1618 3850 coactionem
1664 3795 1890 3864 iuravit,
1927 3817 1987 3855 se
2027 3818 2133 3856 non

557 3875 832 3930 obiturum
881 3877 1237 3942 ministerium
1291 3899 1527 3948 sacrum.
1582 3890 1626 3943 si
1678 3890 2144 3963 lactieumpaaui-

562 3976 690 4034 teat,
716 3970 988 4038 privatim,
1025 3988 1132 4026 non
1161 3976 1393 4044 publice,
1422 3993 1578 4034 sacro
1607 3980 1844 4053 fungitor
1870 3985 2068 4045 oﬂicio.

1082 4065 1149 4120 7O
1177 4066 1368 4122 Basilii
1405 4069 1610 4140 Magni.

630 4150 919 4220 Diaconus,
966 4156 1051 4210 vel
1108 4158 1414 4230 presbyter.
1465 4162 1554 4230 qui
1583 4178 1642 4218 se
1677 4165 1942 4235 pollutum
1988 4168 2144 4225 labiis

561 4242 738 4299 fassus
759 4245 942 4312 fuerit,
966 4263 995 4302 a
1020 4250 1318 4306 ministerio
1337 4267 1491 4308 sacro
1508 4257 1782 4322 exclusus,
1806 4270 2144 4317 sacramenta

559 4335 820 4404 percipiat
847 4352 968 4390 cum
1001 4339 1243 4395 diaconis
1279 4353 1372 4396 aut
1403 4347 1752 4416 presbyteris.
1789 4349 1884 4404 Sin
1937 4355 2142 4422 aliquid

561 4426 724 4481 etiam
754 4429 985 4498 amplius
1010 4445 1130 4486 eum
1159 4436 1497 4491 commisisse
1546 4443 1809 4508 paruerit,
1838 4445 2140 4513 deponitor-

1178 4614 1200 4667 Ι
1235 4615 1550 4685 Ancyrauaz.

629 4702 942 4774 Presbyter,
963 4704 1054 4772 qui
1085 4719 1180 4774 per
1217 4709 1552 4764 coactionem
1585 4712 1921 4772 dremonibus
1956 4720 2150 4777 immo—

562 4795 776 4857 laverit,
822 4811 886 4851 ac
915 4797 1114 4853 deinde
1156 4814 1347 4854 rursus
1383 4812 1671 4857 certamen
1694 4804 1935 4872 iniverit,
1977 4812 2149 4867 hono-

2173 485 2220 543 Α

2166 3169 2214 3232 C

2825 487 2880 538 '0
2909 484 2958 545 ζ’
2994 486 3236 554 ταύτης.

2337 576 2462 630 Ἐὰν
2495 578 2551 631 δέ
2579 597 2664 643 τις
2706 579 3036 635 κινδυνεύων
3060 579 3368 633 ἐπισκόπου
3424 577 3500 650 μὴ
3533 579 3825 650 παρόντος,

2252 669 2455 742 αἰτήσῃ
2483 669 2894 740 καταλλαγῆναι
2918 671 3032 735 τοῖς
3055 670 3492 740 θυσιαστηρίοις,
3527 672 3553 723 6
3583 671 3823 739 πρεσϐύ-

2250 778 2406 830 τερος
2429 761 2521 815 τὸν
2544 765 2844 817 ἐπίσκοπον
2865 761 3226 834 ὲρωτησᾶτω,
3256 761 3522 816 καὶκατὰ
3549 760 3611 815 τὸ
3634 761 3826 834 λεχθὲν

2252 853 2445 925 ἐκείνῳ
2480 856 2727 912 ποιείτω.

2833 949 2898 1003 '0
2925 948 2974 1003 κ’
3006 951 3228 1018 ταύτης

2319 1041 2702 1112 Πρεσϐύτερον
2739 1042 3242 1111 κατηγορούμενος,
3269 1040 3369 1094 σὺν
3400 1041 3581 1104 ἄλλοις
3607 1041 3667 1106 ἒξ
3697 1041 3820 1093 ἐπι·

2252 1135 2499 1194 σκόποις.
2557 1132 2650 1196 οὓς
2699 1136 2726 1186 6
2777 1134 3106 1204 κατηγορῶν
3134 1134 3227 1188 καὶ⁹
3257 1133 3286 1186 6
3341 1134 3822 1203 κατηγορούμενος

2250 1224 2605 1294 αἱρήσονται,
2641 1225 2672 1275 ὁ
2704 1223 2833 1286 ἴδιος
2883 1225 3184 1287 ἐπίσκοπος
3235 1224 3582 1289 ὲξετασάτωο
3635 1224 3819 1278 διάκο-

2248 1333 2337 1368 νον
2363 1315 2446 1382 δὲ,
2479 1317 2576 1370 σὺν
2601 1316 2782 1377 ἄλλοις
2805 1315 3011 1386 τρισίν
3048 1317 3141 1368 ἐπὶ
3174 1317 3232 1370 δὲ
3260 1316 3371 1368 τῶν
3397 1316 3602 1369 λοιπῶν
3625 1315 3822 1384 κληρι-

2249 1408 2382 1473 κῶν,
2420 1410 2604 1478 μόνος.
2633 1411 2816 1462 Ἔστω
2866 1409 2924 1462 δὶ
2964 1410 3060 1463 καὶ
3090 1409 3181 1462 ἐπὶ
3211 1410 3420 1462 τούτων
3462 1409 3497 1478 ή
3544 1409 3682 1480 αὐτὴ
3711 1407 3822 1462 τῶν

2285 1502 2459 1569 αιρῶν
2499 1501 2822 1572 προθεσμία,
2857 1504 2891 1572 ή
2923 1503 3018 1554 καὶ
3041 1503 3134 1554 ἐπὶ
3166 1503 3276 1555 τῶν
3306 1502 3645 1559 ἐπισκόπων.

2825 1592 2880 1645 '0
2926 1592 3008 1647 κε’
3038 1596 3283 1660 ταύτης.

2286 1673 2481 1738 Ὀίτὰ
2539 1684 2662 1755 ἱερὰ
2715 1687 3246 1756 μεταχειριζόμενοι,
3297 1690 3361 1741 ὲκ
3415 1687 3524 1740 τῶν
3579 1687 3824 1757 συμϐίων

2249 1777 2772 1846 ὲγκρατευὲσθωσαν
2805 1796 2816 1808 ·
2856 1780 2932 1851 μὴ
2968 1781 3252 1844 ποιοῦντες
3285 1779 3362 1847 δὲ,
3422 1779 3824 1851 καθαιρείσθωτ

2250 1885 2377 1922 σαν.
3247 1948 3254 1955 ι

2809 1965 2873 2020 '0
2901 1964 2990 2026 κζ’
3015 1967 3262 2036 ταύτης.

2332 2056 2653 2126 Ἱερωμένος
2685 2059 2965 2130 ἐλεγχθεὶς
2999 2059 3096 2114 καὶ
3158 2058 3531 2130 καθαιρεθεὶς,
3577 2061 3716 2130 μήτε
3746 2060 3824 2122 ῶς

2246 2146 2433 2210 λαῖκὸς
2499 2147 2778 2217 μετανοῶν
2829 2147 2988 2211 αὖθις
3035 2147 3474 2220 χειροτονείσθω,
3540 2147 3676 2216 μήτε
3716 2145 3822 2229 μὴν

2244 2239 2726 2307 ἁναϐαπτιζέσθω,
2759 2240 2834 2304 ῶς
2857 2259 2908 2294 τι
2938 2242 3234 2310 προκόψων
3265 2239 3544 2294 ἐντεῦθεν.

2799 2334 2863 2390 '0
2888 2336 2988 2406 μη⁰
3018 2337 3264 2403 ταύτης.

2329 2427 2772 2493 Ἀναϐαπτίσεις,
2796 2429 2892 2481 καὶ
2921 2428 3452 2498 ἀναχειροτονήσεις,
3475 2419 3573 2478 καί
3594 2439 3821 2495 μετακι-
3887 2426 3891 2430 ’

2244 2518 2427 2585 νήσεις
2457 2518 2790 2583 ἐπισκόπων,
2825 2521 2900 2590 μὴ
2933 2520 3287 2586 γινέσθωσαν.

2369 2645 2372 2648 ~
2787 2611 2851 2665 '0
2885 2612 2981 2666 λα’
3021 2614 3268 2680 ταύτης.

2329 2702 2390 2754 Ὀ
2424 2701 2598 2772 μείζω
2643 2704 2812 2776 τιμὴν
2841 2703 3259 2774 ἀπωθούμενος,
3308 2707 3559 2778 ἀνᾴγκης
3618 2706 3818 2776 καλού-

2246 2811 2368 2864 σης,
2394 2795 2490 2846 καὶ
2523 2793 2591 2864 ἣν
2623 2792 2737 2865 ἔχει
2774 2795 3204 2865 προσαπολέσει.

2785 2883 2847 2942 '0
2870 2891 2955 2942 κθν
2986 2892 3228 2959 ταύτης.
3732 2945 3738 2954 ,

2328 2976 2726 3052 Ἀκοινὼνητος
2752 2982 3094 3053 κοινωνήσας
3123 2983 3229 3054 πρὸ
3257 2982 3629 3055 συμπαθείας,
3657 2985 3815 3040 αὐτο-

2244 3073 2603 3144 κατάκριτος.

2811 3165 2875 3220 ’0
2897 3167 2992 3236 ρδ¹
3009 3168 3247 3236 ταύτης.

2323 3258 2649 3329 Ἰερωμένος
2698 3259 2969 3330 δημοσίαν
3015 3261 3201 3332 κρίσιν
3239 3261 3392 3331 παρὰ
3432 3259 3698 3331 βασιλέως
3727 3263 3816 3316 αι-

2237 3348 2368 3413 τῶν,
2393 3349 2796 3421 καθαιρείσθω.

2784 3436 2840 3495 Ὅ
2855 3444 2999 3512 ρκβ¹
3037 3446 3286 3521 ταύτης.

2308 3533 2430 3586 Τῶν
2461 3534 2604 3588 κατᾶ
2632 3535 2819 3606 κοινὴν
2840 3536 3147 3590 συναίνεσιν
3187 3538 3531 3609 ἐκλεγέντων
3548 3539 3661 3611 υτὴν
3687 3538 3811 3618 κρί-

2242 3640 2328 3678 σιν
2349 3626 2379 3679 ὀ
2415 3625 2490 3697 μὴ
2519 3623 2827 3694 δεχόμενος,
2855 3628 3246 3699 ἀκοινώνητος.

2554 3719 2618 3772 '0
2648 3717 2718 3778 ιζ’
2748 3720 2853 3772 τοῦ
2881 3721 3157 3784 Μεγάλου
3184 3725 3543 3779 Βασιλεῖου.

2313 3810 2696 3881 Πρεσϐύτερος
2726 3811 2796 3864 δι’
2823 3813 3072 3882 ἀνάγκην
3102 3817 3307 3885 ὀμόσας
3350 3821 3423 3887 μὴ
3455 3819 3818 3890 λειτουργεῖν,

2245 3901 2691 3974 μεταμελόμενος
2722 3903 2829 3975 ίδίᾳ
2859 3907 2952 3958 καὶ
2987 3905 3064 3977 μὴ
3094 3905 3333 3977 δημοσία
3364 3908 3776 3982 λειτουργείτω.

2571 4081 2635 4136 '0
2657 4081 2702 4137 θ’
2737 4083 2844 4136 τοῦ
2869 4083 3152 4153 Μεγάλου
3177 4086 3525 4142 Βασιλείου.

2316 4174 2578 4237 Διάκονος
2604 4175 2637 4244 ἢ
2669 4174 3045 4243 πρεσϐύτερος
3068 4177 3412 4248 ὁμολογήσας
3434 4177 3640 4248 χείλεσι
3665 4195 3827 4249 μιαν-

2247 4267 2429 4336 θῆναι,
2484 4266 2583 4333 τῆς
2617 4264 2967 4335 λειτουργίας
3019 4266 3282 4336 εἱρχθεὶς,
3314 4269 3422 4323 τῶν
3459 4270 3825 4338 ἁγιασμάτων

2251 4351 2530 4427 μετεχέτω
2561 4355 2700 4426 μετὰ
2752 4355 2864 4408 τῶν
2922 4355 3252 4431 διακόνωνῆ
3312 4361 3728 4433 πρεσϐυτέρων.
3763 4364 3826 4416 Ei

2247 4447 2303 4501 δέ
2327 4465 2380 4501 τι
2421 4449 2517 4500 καὶ
2549 4447 2711 4500 πλέον
2739 4447 2930 4501 τούτου
2959 4443 3165 4523 ’φανείη
3217 4454 3577 4524 ἡμαρτηκὼς,
3626 4455 3824 4508 καθαι-

2253 4539 2472 4608 ρείσθω.

2685 4635 2748 4688 Ὀ
2778 4635 2832 4688 α’
2855 4633 2963 4703 τῆς
2992 4636 3063 4690 ἐν
3109 4638 3385 4706 Ἀγκύρῃ.

2321 4723 2702 4794 Πρεσϐύτερος
2755 4727 2784 4779 6
2811 4727 2878 4780 6t'
2918 4728 3171 4797 ἀνάγκην
3219 4731 3331 4793 τοῖς
3379 4730 3603 4799 δαίμοσι
3635 4730 3824 4794 θύσας,

2250 4811 2368 4872 εἶτα
2401 4817 2803 4884 ἀναπαλαίσας,
2838 4819 2944 4888 τῆς
2971 4820 3070 4890 μὲν
3100 4820 3267 4890 τιμῆς
3300 4823 3579 4891 μετεχέτω
3605 4823 3700 4876 καὶ
3727 4823 3828 4891 τῆς

560 4890 636 4942 ris
667 4891 904 4957 quidem,
939 4906 1005 4945 ac
1035 4892 1182 4947 sedis
1218 4895 1488 4962 particeps
1521 4907 1677 4951 esto:
1711 4901 1804 4953 sed
1835 4903 1968 4956 nihil
1990 4905 2143 4961 obeat

2255 4909 2542 4979 καθέδρας,
2575 4911 2742 4982 μηδὲν
2775 4912 2831 4964 δέ
2853 4930 2908 4964 τι
2936 4913 3044 4966 τῶν
3076 4912 3374 4982 ἱερατικῶν
3412 4890 3825 4984 λειτουργείτω.

558 4997 746 5037 eorum
774 5000 894 5053 qua:
924 4986 990 5040 ad
1017 4987 1353 5042 sacerdotale
1381 5005 1573 5046 munus
1601 4992 1896 5061 pertinent.

1194 5077 1228 5130 2
1255 5077 1512 5150 ejusdem.

633 5162 896 5218 Similiter
930 5173 982 5219 et
1027 5166 1303 5222 diaconus.
1364 5167 1612 5224 lntendat
1648 5181 1827 5226 autem
1883 5169 2148 5242 [pugnam]

560 5257 869 5325 episcopus,
912 5256 996 5311 vel
1028 5258 1255 5325 minuat,
1293 5274 1390 5330 pro
1433 5261 1671 5331 ipsorum
1705 5264 2040 5331 pcenitentize
2066 5279 2151 5320 ra-

563 5352 727 5405 done.

1089 5443 1122 5497 5
1150 5444 1344 5501 habita!
1377 5448 1433 5502 in
1461 5447 1668 5503 Trulla.

637 5534 960 5592 Sacerdotes
985 5535 1057 5590 ‘et
1096 5537 1328 5604 diaconi,
1387 5551 1654 5612 quotquot
1681 5553 1807 5598 ante
1857 5542 2147 5598 concilium

2843 5095 2898 5146 '0
2919 5094 2981 5159 β’
3003 5095 3246 5164 ταύτης.

2332 5185 2608 5250 Ὡσαύτως
2651 5189 2742 5242 καὶ
2775 5187 3043 5252 διάκονος·
3075 5189 3396 5245 ὲπιτεινέτω
3428 5191 3487 5244 δὲ
3518 5193 3545 5244 6
3587 5192 3825 5245 ἐπίσκο-

2255 5297 2376 5354 πος,
2400 5281 2432 5350 ἢ
2459 5280 2785 5351 ἀφαιρείτω.
2813 5280 2947 5350 πρὸς
2978 5282 3078 5355 τὴν
3105 5283 3314 5340 τούτων
3351 5285 3670 5355 μετάνοιαν.

2677 5459 2742 5513 Ὃ
2771 5460 2821 5530 τ’
2851 5459 2964 5530 τῆς
2992 5462 3063 5516 ἐν
3100 5463 3400 5532 Τρούλλῳ.

2333 5550 2520 5621 ’ἱερεῖς
2549 5551 2644 5604 καὶ
2674 5550 2939 5616 διάκονοι,
2975 5554 3089 5608 ὅσοι
3115 5555 3221 5626 πρὸ
3251 5555 3352 5624 τῆς
3381 5555 3541 5626 ἡμῶν
3574 5556 3830 5611 σονελεύ-

567 5628 948 5714 hoc.nostrum
1001 5627 1189 5686 illicite
1235 5633 1454 5704 nuptias
1499 5635 1786 5710 iterarunt.
1829 5646 1923 5690 aut
1955 5636 2143 5704 viduas

2255 5659 2391 5707 σεως
2419 5641 2673 5713 ἁθέσμως
2696 5644 2819 5702 δυαὶ
2841 5647 3273 5714 προσωμίλησαν
3305 5648 3528 5715 γάμοις,
3586 5649 3618 5718 ἢ
3647 5650 3826 5721 χήρας

645 5806 723 5876 (1)
763 5807 872 5866 Iloc
905 5820 1007 5881 est,
1039 5814 1176 5876 idem
1211 5821 1350 5894 dies,
1388 5832 1442 5879 ut
1467 5817 1663 5876 Jurisc.
1697 5818 2011 5890 loquuntur.
