  <div class='ocr_page' id='page_1' title='image "/cluster/home/n/w/nwhite01/storage/ocr_20150623/150/mdp.39015078384743/058.png"; bbox 0 0 4132 6294; ppageno 0'>
   <div class='ocr_carea' id='block_1_1' title="bbox 883 500 1331 568">
    <p class='ocr_par' dir='ltr' id='par_1_1' title="bbox 883 500 1331 568">
     <span class='ocr_line' id='line_1_1' title="bbox 883 500 1331 568; baseline -0.009 -10"><span class='ocrx_word' id='word_1_1' title='bbox 883 503 948 558; x_wconf 84' lang='grc' dir='ltr'><strong>Ὀ</strong></span> <span class='ocrx_word' id='word_1_2' title='bbox 979 503 1083 568; x_wconf 69' lang='grc' dir='ltr'><strong>πβυ</strong></span> <span class='ocrx_word' id='word_1_3' title='bbox 1110 500 1331 557; x_wconf 81' lang='grc' dir='ltr'><strong>αὐτῶν.</strong></span> 
     </span>
    </p>
   </div>
   <div class='ocr_carea' id='block_1_2' title="bbox 371 585 1885 669">
    <p class='ocr_par' dir='ltr' id='par_1_2' title="bbox 371 585 1885 669">
     <span class='ocr_line' id='line_1_2' title="bbox 371 585 1885 669; baseline -0.008 -15"><span class='ocrx_word' id='word_1_4' title='bbox 371 598 614 669; x_wconf 83' lang='grc' dir='ltr'><strong>Οἰκέτης</strong></span> <span class='ocrx_word' id='word_1_5' title='bbox 675 599 733 652; x_wconf 78' lang='grc' dir='ltr'><strong>οὗ</strong></span> <span class='ocrx_word' id='word_1_6' title='bbox 794 596 1093 668; x_wconf 80' lang='grc' dir='ltr'><strong>κληροῦται</strong></span> <span class='ocrx_word' id='word_1_7' title='bbox 1151 595 1302 663; x_wconf 81' lang='grc' dir='ltr'><strong>παρὰ</strong></span> <span class='ocrx_word' id='word_1_8' title='bbox 1361 591 1590 663; x_wconf 82' lang='grc' dir='ltr'><strong>γνώμην</strong></span> <span class='ocrx_word' id='word_1_9' title='bbox 1644 591 1736 643; x_wconf 83' lang='grc' dir='ltr'><strong>τοῦ</strong></span> <span class='ocrx_word' id='word_1_10' title='bbox 1799 585 1885 644; x_wconf 83' lang='grc' dir='ltr'><strong>δε-</strong></span> 
     </span>
    </p>
   </div>
   <div class='ocr_carea' id='block_1_3' title="bbox 302 692 537 747">
    <p class='ocr_par' dir='ltr' id='par_1_3' title="bbox 302 692 537 747">
     <span class='ocr_line' id='line_1_3' title="bbox 302 692 537 747; baseline -0.009 0"><span class='ocrx_word' id='word_1_11' title='bbox 302 692 537 747; x_wconf 73' lang='grc' dir='ltr'><strong>σπότου.</strong></span> 
     </span>
    </p>
   </div>
   <div class='ocr_carea' id='block_1_4' title="bbox 705 778 1490 852">
    <p class='ocr_par' dir='ltr' id='par_1_4' title="bbox 705 778 1490 852">
     <span class='ocr_line' id='line_1_4' title="bbox 705 778 1490 852; baseline -0.006 -16"><span class='ocrx_word' id='word_1_12' title='bbox 705 783 770 836; x_wconf 82' lang='grc' dir='ltr'><strong>Ὀ</strong></span> <span class='ocrx_word' id='word_1_13' title='bbox 798 778 890 852; x_wconf 61' lang='grc' dir='ltr'><strong>,ιγ’</strong></span> <span class='ocrx_word' id='word_1_14' title='bbox 932 779 1041 848; x_wconf 82' lang='grc' dir='ltr'><strong>τῆς</strong></span> <span class='ocrx_word' id='word_1_15' title='bbox 1080 781 1151 833; x_wconf 82' lang='grc' dir='ltr'><strong>ἐν</strong></span> <span class='ocrx_word' id='word_1_16' title='bbox 1195 781 1490 848; x_wconf 76' lang='grc' dir='ltr'><strong>Τρούλλῳ.</strong></span> 
     </span>
    </p>
   </div>
   <div class='ocr_carea' id='block_1_5' title="bbox 380 871 1453 947">
    <p class='ocr_par' dir='ltr' id='par_1_5' title="bbox 380 871 1453 947">
     <span class='ocr_line' id='line_1_5' title="bbox 380 871 1453 947; baseline -0.007 -17"><span class='ocrx_word' id='word_1_17' title='bbox 380 875 674 947; x_wconf 81' lang='grc' dir='ltr'><strong>Κληρικὺς.</strong></span> <span class='ocrx_word' id='word_1_18' title='bbox 731 873 808 946; x_wconf 75' lang='grc' dir='ltr'><strong>μὴ</strong></span> <span class='ocrx_word' id='word_1_19' title='bbox 863 875 889 917; x_wconf 66' lang='grc'><strong>³»</strong></span> <span class='ocrx_word' id='word_1_20' title='bbox 937 874 1002 925; x_wconf 84' lang='grc' dir='ltr'><strong>ὲκ</strong></span> <span class='ocrx_word' id='word_1_21' title='bbox 1065 872 1276 941; x_wconf 81' lang='grc' dir='ltr'><strong>γένους,</strong></span> <span class='ocrx_word' id='word_1_22' title='bbox 1338 871 1453 925; x_wconf 87' lang='grc' dir='ltr'><strong>ἀλλ’</strong></span> 
     </span>
    </p>
   </div>
   <div class='ocr_carea' id='block_1_6' title="bbox 311 967 503 1022">
    <p class='ocr_par' dir='ltr' id='par_1_6' title="bbox 311 967 503 1022">
     <span class='ocr_line' id='line_1_6' title="bbox 311 967 503 1022; baseline -0.01 -3"><span class='ocrx_word' id='word_1_23' title='bbox 311 967 503 1022; x_wconf 68' lang='grc' dir='ltr'><strong>νέσθω.</strong></span> 
     </span>
    </p>
   </div>
   <div class='ocr_carea' id='block_1_7' title="bbox 1548 869 1888 938">
    <p class='ocr_par' dir='ltr' id='par_1_7' title="bbox 1548 869 1888 938">
     <span class='ocr_line' id='line_1_7' title="bbox 1548 869 1888 938; baseline -0.006 -15"><span class='ocrx_word' id='word_1_24' title='bbox 1548 869 1728 936; x_wconf 79' lang='grc' dir='ltr'><strong>ἄξιος,</strong></span> <span class='ocrx_word' id='word_1_25' title='bbox 1804 887 1888 938; x_wconf 85' lang='grc' dir='ltr'><strong>γι-</strong></span> 
     </span>
    </p>
   </div>
   <div class='ocr_carea' id='block_1_8' title="bbox 668 1053 1540 1123">
    <p class='ocr_par' dir='ltr' id='par_1_8' title="bbox 668 1053 1540 1123">
     <span class='ocr_line' id='line_1_8' title="bbox 668 1053 1540 1123; baseline -0.002 -15"><span class='ocrx_word' id='word_1_26' title='bbox 668 1055 728 1108; x_wconf 91' lang='lat'><strong>&#39;0</strong></span> <span class='ocrx_word' id='word_1_27' title='bbox 771 1054 826 1123; x_wconf 81' lang='grc' dir='ltr'><strong>η’</strong></span> <span class='ocrx_word' id='word_1_28' title='bbox 889 1054 999 1119; x_wconf 82' lang='grc' dir='ltr'><strong>τῆς</strong></span> <span class='ocrx_word' id='word_1_29' title='bbox 1052 1053 1123 1106; x_wconf 79' lang='grc' dir='ltr'><strong>ἐν</strong></span> <span class='ocrx_word' id='word_1_30' title='bbox 1192 1054 1540 1121; x_wconf 74' lang='grc' dir='ltr'><strong>Καισαρείᾳ.</strong></span> 
     </span>
    </p>
   </div>
   <div class='ocr_carea' id='block_1_9' title="bbox 376 1140 1887 1216">
    <p class='ocr_par' dir='ltr' id='par_1_9' title="bbox 376 1140 1887 1216">
     <span class='ocr_line' id='line_1_9' title="bbox 376 1140 1887 1216; baseline -0.004 -14"><span class='ocrx_word' id='word_1_31' title='bbox 376 1147 601 1211; x_wconf 79' lang='grc' dir='ltr'><strong>Λαῖκδς,</strong></span> <span class='ocrx_word' id='word_1_32' title='bbox 639 1140 700 1200; x_wconf 76' lang='grc' dir='ltr'><strong>οὗ</strong></span> <span class='ocrx_word' id='word_1_33' title='bbox 735 1149 768 1216; x_wconf 82' lang='grc' dir='ltr'>ἡ</span> <span class='ocrx_word' id='word_1_34' title='bbox 802 1147 941 1216; x_wconf 82' lang='grc' dir='ltr'><strong>γυνὴ</strong></span> <span class='ocrx_word' id='word_1_35' title='bbox 965 1145 1215 1214; x_wconf 80' lang='grc' dir='ltr'><strong>φανερῶς</strong></span> <span class='ocrx_word' id='word_1_36' title='bbox 1242 1146 1483 1216; x_wconf 75' lang='grc' dir='ltr'><strong>ἠλέγχθη</strong></span> <span class='ocrx_word' id='word_1_37' title='bbox 1519 1144 1887 1216; x_wconf 77' lang='grc' dir='ltr'><strong>μοιχευθεῖσα,</strong></span> 
     </span>
    </p>
   </div>
   <div class='ocr_carea' id='block_1_10' title="bbox 311 1238 1891 1310">
    <p class='ocr_par' dir='ltr' id='par_1_10' title="bbox 311 1238 1891 1310">
     <span class='ocr_line' id='line_1_10' title="bbox 311 1238 1891 1310; baseline -0.003 -16"><span class='ocrx_word' id='word_1_38' title='bbox 311 1244 386 1309; x_wconf 77' lang='grc' dir='ltr'><strong>μὴ</strong></span> <span class='ocrx_word' id='word_1_39' title='bbox 412 1241 742 1309; x_wconf 78' lang='grc' dir='ltr'><strong>κληρούσθω</strong></span> <span class='ocrx_word' id='word_1_40' title='bbox 772 1255 785 1269; x_wconf 87' lang='lat'><strong><em>°</em></strong></span> <span class='ocrx_word' id='word_1_41' title='bbox 821 1241 918 1294; x_wconf 77' lang='grc' dir='ltr'><strong>καὶ</strong></span> <span class='ocrx_word' id='word_1_42' title='bbox 941 1241 967 1292; x_wconf 84' lang='grc' dir='ltr'>ὁ</span> <span class='ocrx_word' id='word_1_43' title='bbox 1020 1239 1438 1308; x_wconf 77' lang='grc' dir='ltr'><strong>κεκληρωμένος</strong></span> <span class='ocrx_word' id='word_1_44' title='bbox 1468 1241 1515 1292; x_wconf 80' lang='grc' dir='ltr'><strong>εἰ</strong></span> <span class='ocrx_word' id='word_1_45' title='bbox 1548 1241 1768 1310; x_wconf 76' lang='grc' dir='ltr'><strong>κατέχει</strong></span> <span class='ocrx_word' id='word_1_46' title='bbox 1794 1238 1891 1308; x_wconf 78' lang='grc' dir='ltr'><strong>τὴν</strong></span> 
     </span>
    </p>
   </div>
   <div class='ocr_carea' id='block_1_11' title="bbox 315 1329 1891 1402">
    <p class='ocr_par' dir='ltr' id='par_1_11' title="bbox 315 1329 1891 1402">
     <span class='ocr_line' id='line_1_11' title="bbox 315 1329 1891 1402; baseline -0.001 -18"><span class='ocrx_word' id='word_1_47' title='bbox 315 1333 726 1401; x_wconf 80' lang='grc' dir='ltr'><strong>μοιχευθεῖσαν,</strong></span> <span class='ocrx_word' id='word_1_48' title='bbox 759 1329 1068 1394; x_wconf 75' lang='grc' dir='ltr'><strong>ἐξωθείσθω</strong></span> <span class='ocrx_word' id='word_1_49' title='bbox 1111 1331 1209 1401; x_wconf 86' lang='grc' dir='ltr'><strong>τῆς</strong></span> <span class='ocrx_word' id='word_1_50' title='bbox 1243 1332 1684 1402; x_wconf 77' lang='grc' dir='ltr'><strong>ὲγχειρισθείσης</strong></span> <span class='ocrx_word' id='word_1_51' title='bbox 1743 1329 1891 1400; x_wconf 81' lang='grc' dir='ltr'><strong>αὐτῷ</strong></span> 
     </span>
    </p>
   </div>
   <div class='ocr_carea' id='block_1_12' title="bbox 309 1423 610 1485">
    <p class='ocr_par' dir='ltr' id='par_1_12' title="bbox 309 1423 610 1485">
     <span class='ocr_line' id='line_1_12' title="bbox 309 1423 610 1485; baseline 0 -10"><span class='ocrx_word' id='word_1_52' title='bbox 309 1423 610 1485; x_wconf 71' lang='grc' dir='ltr'><strong>διακονίας.</strong></span> 
     </span>
    </p>
   </div>
   <div class='ocr_carea' id='block_1_13' title="bbox 645 1515 1560 1584">
    <p class='ocr_par' dir='ltr' id='par_1_13' title="bbox 645 1515 1560 1584">
     <span class='ocr_line' id='line_1_13' title="bbox 645 1515 1560 1584; baseline 0.002 -16"><span class='ocrx_word' id='word_1_53' title='bbox 645 1515 711 1568; x_wconf 89' lang='lat'><strong>&#39;0</strong></span> <span class='ocrx_word' id='word_1_54' title='bbox 743 1524 788 1584; x_wconf 77' lang='grc' dir='ltr'><strong>γ’</strong></span> <span class='ocrx_word' id='word_1_55' title='bbox 835 1515 940 1570; x_wconf 88' lang='grc' dir='ltr'><strong>τοῦ</strong></span> <span class='ocrx_word' id='word_1_56' title='bbox 1005 1515 1182 1580; x_wconf 75' lang='grc' dir='ltr'>ἁγίου</span> <span class='ocrx_word' id='word_1_57' title='bbox 1233 1517 1560 1582; x_wconf 76' lang='grc' dir='ltr'><strong>Κυρὶλλου.</strong></span> 
     </span>
    </p>
   </div>
   <div class='ocr_carea' id='block_1_14' title="bbox 382 1608 1892 1682">
    <p class='ocr_par' dir='ltr' id='par_1_14' title="bbox 382 1608 1892 1682">
     <span class='ocr_line' id='line_1_14' title="bbox 382 1608 1892 1682; baseline 0.003 -22"><span class='ocrx_word' id='word_1_58' title='bbox 382 1608 560 1661; x_wconf 84' lang='grc' dir='ltr'><strong>Ὅταν</strong></span> <span class='ocrx_word' id='word_1_59' title='bbox 628 1609 796 1681; x_wconf 79' lang='grc' dir='ltr'><strong>μέλλῃ</strong></span> <span class='ocrx_word' id='word_1_60' title='bbox 845 1611 1274 1679; x_wconf 82' lang='grc' dir='ltr'><strong>χειροτονεῖσθαι</strong></span> <span class='ocrx_word' id='word_1_61' title='bbox 1329 1611 1611 1680; x_wconf 85' lang='grc' dir='ltr'><strong>κληρικδς,</strong></span> <span class='ocrx_word' id='word_1_62' title='bbox 1663 1613 1892 1682; x_wconf 73' lang='grc' dir='ltr'><strong>ὲρευνᾱι-</strong></span> 
     </span>
    </p>
   </div>
   <div class='ocr_carea' id='block_1_15' title="bbox 309 1699 1891 1774">
    <p class='ocr_par' dir='ltr' id='par_1_15' title="bbox 309 1699 1891 1774">
     <span class='ocr_line' id='line_1_15' title="bbox 309 1699 1891 1774; baseline 0 -19"><span class='ocrx_word' id='word_1_63' title='bbox 309 1699 426 1755; x_wconf 88' lang='grc' dir='ltr'><strong>σθω</strong></span> <span class='ocrx_word' id='word_1_64' title='bbox 468 1705 497 1754; x_wconf 86' lang='grc' dir='ltr'><strong>δ</strong></span> <span class='ocrx_word' id='word_1_65' title='bbox 528 1702 642 1772; x_wconf 76' lang='grc' dir='ltr'><strong>βίος</strong></span> <span class='ocrx_word' id='word_1_66' title='bbox 676 1705 865 1770; x_wconf 77' lang='grc' dir='ltr'><strong>αὑτοῦ,</strong></span> <span class='ocrx_word' id='word_1_67' title='bbox 899 1702 947 1756; x_wconf 80' lang='grc' dir='ltr'><strong>εἰ</strong></span> <span class='ocrx_word' id='word_1_68' title='bbox 978 1703 1227 1774; x_wconf 78' lang='grc' dir='ltr'><strong>γαμετὴν</strong></span> <span class='ocrx_word' id='word_1_69' title='bbox 1259 1702 1394 1773; x_wconf 75' lang='grc' dir='ltr'><strong>ἔχει,</strong></span> <span class='ocrx_word' id='word_1_70' title='bbox 1427 1702 1459 1774; x_wconf 83' lang='grc' dir='ltr'>ἢ</span> <span class='ocrx_word' id='word_1_71' title='bbox 1493 1704 1591 1774; x_wconf 80' lang='grc' dir='ltr'><strong>μὴ,</strong></span> <span class='ocrx_word' id='word_1_72' title='bbox 1624 1705 1718 1758; x_wconf 71' lang='grc' dir='ltr'><strong>καὶ</strong></span> <span class='ocrx_word' id='word_1_73' title='bbox 1749 1704 1891 1769; x_wconf 79' lang='grc' dir='ltr'><strong>πῶς,</strong></span> 
     </span>
    </p>
   </div>
   <div class='ocr_carea' id='block_1_16' title="bbox 308 1795 1968 1890">
    <p class='ocr_par' dir='ltr' id='par_1_16' title="bbox 308 1795 1968 1890">
     <span class='ocr_line' id='line_1_16' title="bbox 308 1795 1968 1890; baseline -0.001 -42"><span class='ocrx_word' id='word_1_74' title='bbox 308 1797 409 1849; x_wconf 77' lang='grc' dir='ltr'><strong>καὶ</strong></span> <span class='ocrx_word' id='word_1_75' title='bbox 438 1796 571 1848; x_wconf 75' lang='grc' dir='ltr'><strong>πότε</strong></span> <span class='ocrx_word' id='word_1_76' title='bbox 604 1797 873 1866; x_wconf 81' lang='grc' dir='ltr'><strong>ἐγήματο,</strong></span> <span class='ocrx_word' id='word_1_77' title='bbox 899 1797 992 1850; x_wconf 77' lang='grc' dir='ltr'><strong>καὶ</strong></span> <span class='ocrx_word' id='word_1_78' title='bbox 1017 1797 1064 1848; x_wconf 88' lang='grc' dir='ltr'><strong>εἰ</strong></span> <span class='ocrx_word' id='word_1_79' title='bbox 1093 1795 1382 1865; x_wconf 81' lang='grc' dir='ltr'><strong>ἀπέσχετο,</strong></span> <span class='ocrx_word' id='word_1_80' title='bbox 1419 1799 1513 1848; x_wconf 73' lang='grc' dir='ltr'><strong>καὶ</strong></span> <span class='ocrx_word' id='word_1_81' title='bbox 1549 1797 1599 1848; x_wconf 88' lang='grc' dir='ltr'><strong>εἰ</strong></span> <span class='ocrx_word' id='word_1_82' title='bbox 1629 1795 1704 1866; x_wconf 78' lang='grc' dir='ltr'><strong>μὴ</strong></span> <span class='ocrx_word' id='word_1_83' title='bbox 1727 1795 1886 1848; x_wconf 75' lang='grc' dir='ltr'><strong>ἐκϐέυ</strong></span> <span class='ocrx_word' id='word_1_84' title='bbox 1926 1832 1968 1890; x_wconf 70' lang='grc' dir='ltr'><strong>Β</strong></span> 
     </span>
    </p>
   </div>
   <div class='ocr_carea' id='block_1_17' title="bbox 308 1887 1890 1958">
    <p class='ocr_par' dir='ltr' id='par_1_17' title="bbox 308 1887 1890 1958">
     <span class='ocr_line' id='line_1_17' title="bbox 308 1887 1890 1958; baseline 0.003 -19"><span class='ocrx_word' id='word_1_85' title='bbox 308 1890 509 1957; x_wconf 71' lang='grc' dir='ltr'><strong>ὄληται</strong></span> <span class='ocrx_word' id='word_1_86' title='bbox 539 1888 571 1956; x_wconf 82' lang='grc' dir='ltr'>ἢ</span> <span class='ocrx_word' id='word_1_87' title='bbox 606 1891 738 1958; x_wconf 74' lang='grc' dir='ltr'><strong>παρ’</strong></span> <span class='ocrx_word' id='word_1_88' title='bbox 773 1889 1104 1950; x_wconf 79' lang='grc' dir='ltr'><strong>ἐπισκόπου,</strong></span> <span class='ocrx_word' id='word_1_89' title='bbox 1167 1888 1201 1958; x_wconf 83' lang='grc' dir='ltr'>ἢ</span> <span class='ocrx_word' id='word_1_90' title='bbox 1236 1890 1300 1941; x_wconf 80' lang='grc' dir='ltr'><strong>ὲκ</strong></span> <span class='ocrx_word' id='word_1_91' title='bbox 1351 1887 1758 1958; x_wconf 70' lang='grc' dir='ltr'><strong>μοναστηρίοοο</strong></span> <span class='ocrx_word' id='word_1_92' title='bbox 1794 1889 1890 1943; x_wconf 72' lang='grc' dir='ltr'><strong>καὶ</strong></span> 
     </span>
    </p>
   </div>
   <div class='ocr_carea' id='block_1_18' title="bbox 306 1979 1647 2051">
    <p class='ocr_par' dir='ltr' id='par_1_18' title="bbox 306 1979 1647 2051">
     <span class='ocr_line' id='line_1_18' title="bbox 306 1979 1647 2051; baseline 0.001 -19"><span class='ocrx_word' id='word_1_93' title='bbox 306 1980 486 2044; x_wconf 76' lang='grc' dir='ltr'><strong>οὕτως</strong></span> <span class='ocrx_word' id='word_1_94' title='bbox 517 1980 846 2049; x_wconf 73' lang='grc' dir='ltr'><strong>ἀδιάϐλητος</strong></span> <span class='ocrx_word' id='word_1_95' title='bbox 893 1981 1167 2051; x_wconf 74' lang='grc' dir='ltr'><strong>εὑρεθεὶς,</strong></span> <span class='ocrx_word' id='word_1_96' title='bbox 1204 1979 1647 2051; x_wconf 78' lang='grc' dir='ltr'><strong>χειροτονεῖσθω.</strong></span> 
     </span>
    </p>
   </div>
   <div class='ocr_carea' id='block_1_19' title="bbox 901 2160 1328 2228">
    <p class='ocr_par' dir='ltr' id='par_1_19' title="bbox 901 2160 1328 2228">
     <span class='ocr_line' id='line_1_19' title="bbox 901 2160 1328 2228; baseline 0 -14"><span class='ocrx_word' id='word_1_97' title='bbox 901 2162 966 2214; x_wconf 81' lang='grc'><strong>’0</strong></span> <span class='ocrx_word' id='word_1_98' title='bbox 1024 2168 1057 2214; x_wconf 87' lang='lat' dir='ltr'><strong>t&#39;</strong></span> <span class='ocrx_word' id='word_1_99' title='bbox 1094 2160 1202 2228; x_wconf 83' lang='grc' dir='ltr'><strong>τῆς</strong></span> <span class='ocrx_word' id='word_1_100' title='bbox 1258 2160 1328 2214; x_wconf 85' lang='grc' dir='ltr'><strong>δ’.</strong></span> 
     </span>
    </p>
   </div>
   <div class='ocr_carea' id='block_1_20' title="bbox 385 2253 1897 2325">
    <p class='ocr_par' dir='ltr' id='par_1_20' title="bbox 385 2253 1897 2325">
     <span class='ocr_line' id='line_1_20' title="bbox 385 2253 1897 2325; baseline 0.001 -17"><span class='ocrx_word' id='word_1_101' title='bbox 385 2254 596 2323; x_wconf 80' lang='grc' dir='ltr'><strong>Μηδεὶς</strong></span> <span class='ocrx_word' id='word_1_102' title='bbox 628 2254 724 2308; x_wconf 76' lang='grc' dir='ltr'><strong>δύο</strong></span> <span class='ocrx_word' id='word_1_103' title='bbox 769 2253 974 2308; x_wconf 81' lang='grc' dir='ltr'><strong>πόλεων</strong></span> <span class='ocrx_word' id='word_1_104' title='bbox 1028 2257 1175 2318; x_wconf 83' lang='grc' dir='ltr'><strong>ναοῖς</strong></span> <span class='ocrx_word' id='word_1_105' title='bbox 1221 2253 1565 2325; x_wconf 78' lang='grc' dir='ltr'><strong>κληρούσθω.</strong></span> <span class='ocrx_word' id='word_1_106' title='bbox 1627 2257 1690 2312; x_wconf 82' lang='grc' dir='ltr'><strong>Εἰ</strong></span> <span class='ocrx_word' id='word_1_107' title='bbox 1723 2256 1779 2310; x_wconf 87' lang='grc' dir='ltr'><strong>δέ</strong></span> <span class='ocrx_word' id='word_1_108' title='bbox 1811 2273 1897 2321; x_wconf 85' lang='grc' dir='ltr'><strong>τις</strong></span> 
     </span>
    </p>
   </div>
   <div class='ocr_carea' id='block_1_21' title="bbox 315 2345 1898 2421">
    <p class='ocr_par' dir='ltr' id='par_1_21' title="bbox 315 2345 1898 2421">
     <span class='ocr_line' id='line_1_21' title="bbox 315 2345 1898 2421; baseline 0.002 -22"><span class='ocrx_word' id='word_1_109' title='bbox 315 2345 380 2410; x_wconf 72' lang='grc' dir='ltr'><strong>ἐξ</strong></span> <span class='ocrx_word' id='word_1_110' title='bbox 421 2346 591 2414; x_wconf 83' lang='grc' dir='ltr'><strong>ἄλλης</strong></span> <span class='ocrx_word' id='word_1_111' title='bbox 639 2347 717 2408; x_wconf 84' lang='grc' dir='ltr'><strong>εἰς</strong></span> <span class='ocrx_word' id='word_1_112' title='bbox 756 2346 924 2415; x_wconf 77' lang='grc' dir='ltr'><strong>ἄλλην</strong></span> <span class='ocrx_word' id='word_1_113' title='bbox 955 2347 1255 2413; x_wconf 74' lang='grc' dir='ltr'><strong>ἐκκλησίαν</strong></span> <span class='ocrx_word' id='word_1_114' title='bbox 1288 2348 1578 2417; x_wconf 82' lang='grc' dir='ltr'><strong>μετετέθη,</strong></span> <span class='ocrx_word' id='word_1_115' title='bbox 1615 2349 1762 2402; x_wconf 79' lang='grc' dir='ltr'><strong>κατὰ</strong></span> <span class='ocrx_word' id='word_1_116' title='bbox 1790 2367 1898 2421; x_wconf 86' lang='grc' dir='ltr'><strong>μη-</strong></span> 
     </span>
    </p>
   </div>
   <div class='ocr_carea' id='block_1_22' title="bbox 314 2438 1895 2513">
    <p class='ocr_par' dir='ltr' id='par_1_22' title="bbox 314 2438 1895 2513">
     <span class='ocr_line' id='line_1_22' title="bbox 314 2438 1895 2513; baseline 0.002 -22"><span class='ocrx_word' id='word_1_117' title='bbox 314 2438 404 2491; x_wconf 73' lang='grc' dir='ltr'><strong>δὲν</strong></span> <span class='ocrx_word' id='word_1_118' title='bbox 431 2439 710 2508; x_wconf 78' lang='grc' dir='ltr'><strong>μετεχέτω</strong></span> <span class='ocrx_word' id='word_1_119' title='bbox 739 2438 845 2492; x_wconf 80' lang='grc' dir='ltr'><strong>τῶν</strong></span> <span class='ocrx_word' id='word_1_120' title='bbox 874 2438 974 2506; x_wconf 75' lang='grc' dir='ltr'><strong>τῆς</strong></span> <span class='ocrx_word' id='word_1_121' title='bbox 1025 2439 1316 2510; x_wconf 75' lang='grc' dir='ltr'><strong>προτέρας,</strong></span> <span class='ocrx_word' id='word_1_122' title='bbox 1350 2438 1381 2510; x_wconf 73' lang='grc' dir='ltr'>ἢ</span> <span class='ocrx_word' id='word_1_123' title='bbox 1417 2438 1511 2493; x_wconf 85' lang='grc' dir='ltr'><strong>τοῦ</strong></span> <span class='ocrx_word' id='word_1_124' title='bbox 1573 2439 1706 2494; x_wconf 79' lang='grc' dir='ltr'><strong>ἰδίου</strong></span> <span class='ocrx_word' id='word_1_125' title='bbox 1748 2440 1895 2513; x_wconf 75' lang='grc' dir='ltr'><strong>’βαθο</strong></span> 
     </span>
    </p>
   </div>
   <div class='ocr_carea' id='block_1_23' title="bbox 320 2527 801 2598">
    <p class='ocr_par' dir='ltr' id='par_1_23' title="bbox 320 2527 801 2598">
     <span class='ocr_line' id='line_1_23' title="bbox 320 2527 801 2598; baseline -0.002 -15"><span class='ocrx_word' id='word_1_126' title='bbox 320 2527 426 2598; x_wconf 88' lang='grc' dir='ltr'>μοῦ</span> <span class='ocrx_word' id='word_1_127' title='bbox 457 2530 801 2584; x_wconf 75' lang='grc' dir='ltr'><strong>ἐκπεσεῖται.</strong></span> 
     </span>
    </p>
   </div>
   <div class='ocr_carea' id='block_1_24' title="bbox 897 2619 1337 2690">
    <p class='ocr_par' dir='ltr' id='par_1_24' title="bbox 897 2619 1337 2690">
     <span class='ocr_line' id='line_1_24' title="bbox 897 2619 1337 2690; baseline 0.002 -15"><span class='ocrx_word' id='word_1_128' title='bbox 897 2619 962 2675; x_wconf 87' lang='grc' dir='ltr'>Ὀ</span> <span class='ocrx_word' id='word_1_129' title='bbox 1018 2629 1081 2676; x_wconf 79' lang='grc' dir='ltr'><strong>ιε’</strong></span> <span class='ocrx_word' id='word_1_130' title='bbox 1124 2621 1235 2690; x_wconf 85' lang='grc' dir='ltr'><strong>τῆς</strong></span> <span class='ocrx_word' id='word_1_131' title='bbox 1274 2619 1337 2682; x_wconf 67' lang='grc' dir='ltr'><strong>ζ’.</strong></span> 
     </span>
    </p>
   </div>
   <div class='ocr_carea' id='block_1_25' title="bbox 391 2710 1899 2783">
    <p class='ocr_par' dir='ltr' id='par_1_25' title="bbox 391 2710 1899 2783">
     <span class='ocr_line' id='line_1_25' title="bbox 391 2710 1899 2783; baseline -0.003 -15"><span class='ocrx_word' id='word_1_132' title='bbox 391 2713 598 2783; x_wconf 63' lang='grc' dir='ltr'><strong>Μηδεὶς</strong></span> <span class='ocrx_word' id='word_1_133' title='bbox 637 2713 698 2766; x_wconf 79' lang='grc' dir='ltr'><strong>ὲν</strong></span> <span class='ocrx_word' id='word_1_134' title='bbox 760 2713 1332 2766; x_wconf 82' lang='grc' dir='ltr'><strong>Κωνσταντινουπόλει</strong></span> <span class='ocrx_word' id='word_1_135' title='bbox 1374 2713 1432 2766; x_wconf 75' lang='grc' dir='ltr'><strong>ὲν</strong></span> <span class='ocrx_word' id='word_1_136' title='bbox 1483 2711 1634 2765; x_wconf 77' lang='grc' dir='ltr'><strong>δυσὶν</strong></span> <span class='ocrx_word' id='word_1_137' title='bbox 1694 2710 1899 2783; x_wconf 78' lang='grc' dir='ltr'><strong>ἔκκλη-</strong></span> 
     </span>
    </p>
   </div>
   <div class='ocr_carea' id='block_1_26' title="bbox 324 2802 1899 2876">
    <p class='ocr_par' dir='ltr' id='par_1_26' title="bbox 324 2802 1899 2876">
     <span class='ocr_line' id='line_1_26' title="bbox 324 2802 1899 2876; baseline 0 -18"><span class='ocrx_word' id='word_1_138' title='bbox 324 2804 470 2868; x_wconf 84' lang='grc' dir='ltr'><strong>σίαις</strong></span> <span class='ocrx_word' id='word_1_139' title='bbox 530 2802 868 2876; x_wconf 72' lang='grc' dir='ltr'><strong>κληρούσθω</strong></span> <span class='ocrx_word' id='word_1_140' title='bbox 902 2821 916 2834; x_wconf 83' lang='lat'><strong><em>°</em></strong></span> <span class='ocrx_word' id='word_1_141' title='bbox 949 2804 1368 2875; x_wconf 80' lang='grc' dir='ltr'><strong>αἰσχροκέρδεια</strong></span> <span class='ocrx_word' id='word_1_142' title='bbox 1437 2803 1564 2874; x_wconf 83' lang='grc' dir='ltr'><strong>γάρ.</strong></span> <span class='ocrx_word' id='word_1_143' title='bbox 1634 2803 1899 2876; x_wconf 83' lang='grc' dir='ltr'><strong>Ἀλλαχοῦ</strong></span> 
     </span>
    </p>
   </div>
   <div class='ocr_carea' id='block_1_27' title="bbox 321 2893 1901 2966">
    <p class='ocr_par' dir='ltr' id='par_1_27' title="bbox 321 2893 1901 2966">
     <span class='ocr_line' id='line_1_27' title="bbox 321 2893 1901 2966; baseline 0.001 -18"><span class='ocrx_word' id='word_1_144' title='bbox 321 2893 382 2948; x_wconf 82' lang='grc' dir='ltr'><strong>δὲ</strong></span> <span class='ocrx_word' id='word_1_145' title='bbox 431 2895 590 2951; x_wconf 81' lang='grc' dir='ltr'><strong>τοῦτο</strong></span> <span class='ocrx_word' id='word_1_146' title='bbox 645 2895 903 2965; x_wconf 81' lang='grc' dir='ltr'><strong>γινέσθω,</strong></span> <span class='ocrx_word' id='word_1_147' title='bbox 961 2895 1048 2949; x_wconf 87' lang='grc' dir='ltr'><strong>διὰ</strong></span> <span class='ocrx_word' id='word_1_148' title='bbox 1094 2896 1196 2966; x_wconf 81' lang='grc' dir='ltr'><strong>τὴν</strong></span> <span class='ocrx_word' id='word_1_149' title='bbox 1255 2895 1364 2952; x_wconf 86' lang='grc' dir='ltr'><strong>τῶν</strong></span> <span class='ocrx_word' id='word_1_150' title='bbox 1440 2893 1747 2966; x_wconf 83' lang='grc' dir='ltr'><strong>ἀνθρώπων</strong></span> <span class='ocrx_word' id='word_1_151' title='bbox 1814 2895 1901 2950; x_wconf 77' lang='grc' dir='ltr'><strong>ἐν·</strong></span> 
     </span>
    </p>
   </div>
   <div class='ocr_carea' id='block_1_28' title="bbox 322 2989 495 3046">
    <p class='ocr_par' dir='ltr' id='par_1_28' title="bbox 322 2989 495 3046">
     <span class='ocr_line' id='line_1_28' title="bbox 322 2989 495 3046; baseline 0.023 -5"><span class='ocrx_word' id='word_1_152' title='bbox 322 2989 495 3046; x_wconf 83' lang='grc' dir='ltr'><strong>δειαν.</strong></span> 
     </span>
    </p>
   </div>
   <div class='ocr_carea' id='block_1_29' title="bbox 892 3077 1348 3134">
    <p class='ocr_par' dir='ltr' id='par_1_29' title="bbox 892 3077 1348 3134">
     <span class='ocr_line' id='line_1_29' title="bbox 892 3077 1348 3134; baseline -0.004 0"><span class='ocrx_word' id='word_1_153' title='bbox 892 3079 1239 3134; x_wconf 75' lang='grc' dir='ltr'><strong>ΕΠιΓΡΑφΗ</strong></span> <span class='ocrx_word' id='word_1_154' title='bbox 1286 3077 1348 3132; x_wconf 89' lang='grc' dir='ltr'><strong>Β.</strong></span> 
     </span>
    </p>
   </div>
   <div class='ocr_carea' id='block_1_30' title="bbox 333 3136 1982 3240">
    <p class='ocr_par' dir='ltr' id='par_1_30' title="bbox 333 3136 1982 3240">
     <span class='ocr_line' id='line_1_30' title="bbox 333 3136 1982 3240; baseline 0.001 -15"><span class='ocrx_word' id='word_1_155' title='bbox 333 3173 475 3226; x_wconf 79' lang='grc' dir='ltr'><strong>Τίνα</strong></span> <span class='ocrx_word' id='word_1_156' title='bbox 528 3171 626 3227; x_wconf 78' lang='grc' dir='ltr'><strong>δεῖ</strong></span> <span class='ocrx_word' id='word_1_157' title='bbox 673 3172 784 3226; x_wconf 80' lang='grc' dir='ltr'><strong>τὸν</strong></span> <span class='ocrx_word' id='word_1_158' title='bbox 829 3162 1400 3240; x_wconf 15' lang='grc' dir='ltr'><strong>πληρικὸνίποιεῖν,</strong></span> <span class='ocrx_word' id='word_1_159' title='bbox 1456 3169 1556 3223; x_wconf 76' lang='grc' dir='ltr'><strong>καὶ</strong></span> <span class='ocrx_word' id='word_1_160' title='bbox 1622 3169 1759 3226; x_wconf 74' lang='grc' dir='ltr'><strong>τινα</strong></span> <span class='ocrx_word' id='word_1_161' title='bbox 1821 3136 1907 3240; x_wconf 63' lang='lat' dir='ltr'><strong>uit</strong></span> <span class='ocrx_word' id='word_1_162' title='bbox 1938 3175 1982 3234; x_wconf 76' lang='grc' dir='ltr'>Ο</span> 
     </span>
    </p>
   </div>
   <div class='ocr_carea' id='block_1_31' title="bbox 1008 3239 1224 3294">
    <p class='ocr_par' dir='ltr' id='par_1_31' title="bbox 1008 3239 1224 3294">
     <span class='ocr_line' id='line_1_31' title="bbox 1008 3239 1224 3294; baseline -0.005 0"><span class='ocrx_word' id='word_1_163' title='bbox 1008 3239 1224 3294; x_wconf 83' lang='grc' dir='ltr'><strong>ποιεῖν.</strong></span> 
     </span>
    </p>
   </div>
   <div class='ocr_carea' id='block_1_32' title="bbox 338 3328 1900 3400">
    <p class='ocr_par' dir='ltr' id='par_1_32' title="bbox 338 3328 1900 3400">
     <span class='ocr_line' id='line_1_32' title="bbox 338 3328 1900 3400; baseline -0.001 -13"><span class='ocrx_word' id='word_1_164' title='bbox 338 3333 404 3387; x_wconf 89' lang='lat'><strong>&#39;0</strong></span> <span class='ocrx_word' id='word_1_165' title='bbox 448 3341 511 3388; x_wconf 78' lang='grc' dir='ltr'><strong>ιε’</strong></span> <span class='ocrx_word' id='word_1_166' title='bbox 549 3335 666 3389; x_wconf 77' lang='grc' dir='ltr'><strong>τῶν</strong></span> <span class='ocrx_word' id='word_1_167' title='bbox 695 3333 1079 3395; x_wconf 77' lang='grc' dir='ltr'><strong>ἀποστόλων,</strong></span> <span class='ocrx_word' id='word_1_168' title='bbox 1117 3332 1210 3386; x_wconf 76' lang='grc' dir='ltr'><strong>καὶ</strong></span> <span class='ocrx_word' id='word_1_169' title='bbox 1257 3332 1291 3384; x_wconf 85' lang='grc' dir='ltr'><em>δ</em></span> <span class='ocrx_word' id='word_1_170' title='bbox 1334 3328 1377 3384; x_wconf 82' lang='grc' dir='ltr'><strong>ε’</strong></span> <span class='ocrx_word' id='word_1_171' title='bbox 1420 3328 1533 3399; x_wconf 78' lang='grc' dir='ltr'><strong>τῆς</strong></span> <span class='ocrx_word' id='word_1_172' title='bbox 1572 3329 1624 3382; x_wconf 76' lang='grc' dir='ltr'><strong>δ’</strong></span> <span class='ocrx_word' id='word_1_173' title='bbox 1656 3330 1756 3384; x_wconf 81' lang='grc' dir='ltr'><strong>καὶ</strong></span> <span class='ocrx_word' id='word_1_174' title='bbox 1785 3333 1818 3385; x_wconf 88' lang='lat' dir='ltr'><strong>d</strong></span> <span class='ocrx_word' id='word_1_175' title='bbox 1850 3337 1900 3400; x_wconf 84' lang='grc' dir='ltr'><em>τ’</em></span> 
     </span>
    </p>
   </div>
   <div class='ocr_carea' id='block_1_33' title="bbox 821 3402 1406 3471">
    <p class='ocr_par' dir='ltr' id='par_1_33' title="bbox 821 3402 1406 3471">
     <span class='ocr_line' id='line_1_33' title="bbox 821 3402 1406 3471; baseline -0.002 -14"><span class='ocrx_word' id='word_1_176' title='bbox 821 3402 932 3471; x_wconf 84' lang='grc' dir='ltr'><strong>τῆς</strong></span> <span class='ocrx_word' id='word_1_177' title='bbox 951 3438 954 3440; x_wconf 75' lang='lat'><strong><em>~</em></strong></span> <span class='ocrx_word' id='word_1_178' title='bbox 975 3405 1046 3457; x_wconf 72' lang='grc' dir='ltr'><strong>ἐν</strong></span> <span class='ocrx_word' id='word_1_179' title='bbox 1059 3403 1406 3470; x_wconf 75' lang='grc' dir='ltr'><strong>Ἀντιοχείᾳ.</strong></span> 
     </span>
    </p>
   </div>
   <div class='ocr_carea' id='block_1_34' title="bbox 401 3491 1904 3565">
    <p class='ocr_par' dir='ltr' id='par_1_34' title="bbox 401 3491 1904 3565">
     <span class='ocr_line' id='line_1_34' title="bbox 401 3491 1904 3565; baseline -0.003 -16"><span class='ocrx_word' id='word_1_180' title='bbox 401 3494 680 3565; x_wconf 74' lang='grc' dir='ltr'><strong>Κληρικδς</strong></span> <span class='ocrx_word' id='word_1_181' title='bbox 707 3495 808 3565; x_wconf 85' lang='grc' dir='ltr'><strong>τῆς</strong></span> <span class='ocrx_word' id='word_1_182' title='bbox 853 3495 1061 3556; x_wconf 79' lang='grc' dir='ltr'><strong>οἰκείας</strong></span> <span class='ocrx_word' id='word_1_183' title='bbox 1105 3495 1326 3557; x_wconf 75' lang='grc' dir='ltr'><strong>ἐκστὰς,</strong></span> <span class='ocrx_word' id='word_1_184' title='bbox 1362 3493 1454 3546; x_wconf 79' lang='grc' dir='ltr'><strong>καὶ</strong></span> <span class='ocrx_word' id='word_1_185' title='bbox 1488 3492 1576 3546; x_wconf 78' lang='grc' dir='ltr'><strong>ἐπ’</strong></span> <span class='ocrx_word' id='word_1_186' title='bbox 1607 3491 1904 3563; x_wconf 82' lang='grc' dir='ltr'><strong>ἀλλοτρίας</strong></span> 
     </span>
    </p>
   </div>
   <div class='ocr_carea' id='block_1_35' title="bbox 1543 334 2324 447">
    <p class='ocr_par' dir='ltr' id='par_1_35' title="bbox 1543 334 2324 447">
     <span class='ocr_line' id='line_1_35' title="bbox 1543 334 2324 447; baseline -0.003 -3"><span class='ocrx_word' id='word_1_187' title='bbox 1543 334 1588 444; x_wconf 76' lang='grc' dir='ltr'><strong>Ε</strong></span> <span class='ocrx_word' id='word_1_188' title='bbox 1607 374 2016 447; x_wconf 68' lang='grc' dir='ltr'><strong>ΡΙΊῸΜΕΣΕΑ</strong></span> <span class='ocrx_word' id='word_1_189' title='bbox 2027 372 2324 442; x_wconf 77' lang='lat' dir='ltr'><strong>NONUM.</strong></span> 
     </span>
    </p>
   </div>
   <div class='ocr_carea' id='block_1_36' title="bbox 3467 373 3582 442">
    <p class='ocr_par' dir='ltr' id='par_1_36' title="bbox 3467 373 3582 442">
     <span class='ocr_line' id='line_1_36' title="bbox 3467 373 3582 442; baseline -0.009 -1"><span class='ocrx_word' id='word_1_190' title='bbox 3467 373 3582 442; x_wconf 79' lang='grc' dir='ltr'><strong>1θέ</strong></span> 
     </span>
    </p>
   </div>
   <div class='ocr_carea' id='block_1_37' title="bbox 2573 491 2998 548">
    <p class='ocr_par' dir='ltr' id='par_1_37' title="bbox 2573 491 2998 548">
     <span class='ocr_line' id='line_1_37' title="bbox 2573 491 2998 548; baseline 0 0"><span class='ocrx_word' id='word_1_191' title='bbox 2573 493 2642 548; x_wconf 74' lang='lat'><strong>82</strong></span> <span class='ocrx_word' id='word_1_192' title='bbox 2676 491 2998 548; x_wconf 78' lang='lat' dir='ltr'><strong>earumdem.</strong></span> 
     </span>
    </p>
   </div>
   <div class='ocr_carea' id='block_1_38' title="bbox 2059 583 3575 656">
    <p class='ocr_par' dir='ltr' id='par_1_38' title="bbox 2059 583 3575 656">
     <span class='ocr_line' id='line_1_38' title="bbox 2059 583 3575 656; baseline -0.001 -15"><span class='ocrx_word' id='word_1_193' title='bbox 2059 587 2260 641; x_wconf 74' lang='lat' dir='ltr'><strong>Servus</strong></span> <span class='ocrx_word' id='word_1_194' title='bbox 2294 595 2490 656; x_wconf 64' lang='lat' dir='ltr'><strong>praeter</strong></span> <span class='ocrx_word' id='word_1_195' title='bbox 2546 587 2884 642; x_wconf 81' lang='lat' dir='ltr'><strong>sententiam.</strong></span> <span class='ocrx_word' id='word_1_196' title='bbox 2910 583 3116 640; x_wconf 88' lang='lat' dir='ltr'><strong>domini</strong></span> <span class='ocrx_word' id='word_1_197' title='bbox 3172 597 3278 638; x_wconf 90' lang='lat' dir='ltr'><strong>non</strong></span> <span class='ocrx_word' id='word_1_198' title='bbox 3341 584 3402 638; x_wconf 85' lang='lat' dir='ltr'><strong>llt</strong></span> <span class='ocrx_word' id='word_1_199' title='bbox 3461 585 3575 639; x_wconf 80' lang='lat' dir='ltr'><strong>cle-</strong></span> 
     </span>
    </p>
   </div>
   <div class='ocr_carea' id='block_1_39' title="bbox 1989 679 2157 732">
    <p class='ocr_par' dir='ltr' id='par_1_39' title="bbox 1989 679 2157 732">
     <span class='ocr_line' id='line_1_39' title="bbox 1989 679 2157 732; baseline 0.006 -1"><span class='ocrx_word' id='word_1_200' title='bbox 1989 679 2157 732; x_wconf 88' lang='lat' dir='ltr'><strong>ricus.</strong></span> 
     </span>
    </p>
   </div>
   <div class='ocr_carea' id='block_1_40' title="bbox 2462 768 3089 825">
    <p class='ocr_par' dir='ltr' id='par_1_40' title="bbox 2462 768 3089 825">
     <span class='ocr_line' id='line_1_40' title="bbox 2462 768 3089 825; baseline -0.002 -1"><span class='ocrx_word' id='word_1_201' title='bbox 2462 769 2534 825; x_wconf 77' lang='grc'><strong>35</strong></span> <span class='ocrx_word' id='word_1_202' title='bbox 2572 771 2765 825; x_wconf 79' lang='lat' dir='ltr'><strong>habita:</strong></span> <span class='ocrx_word' id='word_1_203' title='bbox 2796 771 2847 823; x_wconf 86' lang='lat' dir='ltr'><strong>in</strong></span> <span class='ocrx_word' id='word_1_204' title='bbox 2886 768 3089 823; x_wconf 84' lang='lat' dir='ltr'><strong>Trulla.</strong></span> 
     </span>
    </p>
   </div>
   <div class='ocr_carea' id='block_1_41' title="bbox 2059 859 3573 932">
    <p class='ocr_par' dir='ltr' id='par_1_41' title="bbox 2059 859 3573 932">
     <span class='ocr_line' id='line_1_41' title="bbox 2059 859 3573 932; baseline -0.001 -15"><span class='ocrx_word' id='word_1_205' title='bbox 2059 861 2304 917; x_wconf 77' lang='lat' dir='ltr'><strong>CleriCus</strong></span> <span class='ocrx_word' id='word_1_206' title='bbox 2343 859 2459 926; x_wconf 82' lang='lat' dir='ltr'><strong>ﬁat,</strong></span> <span class='ocrx_word' id='word_1_207' title='bbox 2491 877 2598 916; x_wconf 87' lang='lat' dir='ltr'><strong>non</strong></span> <span class='ocrx_word' id='word_1_208' title='bbox 2635 875 2835 932; x_wconf 74' lang='lat' dir='ltr'><strong>genere</strong></span> <span class='ocrx_word' id='word_1_209' title='bbox 2871 861 3052 914; x_wconf 86' lang='lat' dir='ltr'><strong>clarus</strong></span> <span class='ocrx_word' id='word_1_210' title='bbox 3080 897 3098 924; x_wconf 87' lang='lat'><strong>,</strong></span> <span class='ocrx_word' id='word_1_211' title='bbox 3129 860 3223 914; x_wconf 90' lang='lat' dir='ltr'><strong>sed</strong></span> <span class='ocrx_word' id='word_1_212' title='bbox 3256 859 3347 928; x_wconf 97' lang='lat' dir='ltr'><strong>qui</strong></span> <span class='ocrx_word' id='word_1_213' title='bbox 3377 859 3573 928; x_wconf 78' lang='lat' dir='ltr'><strong>dignus</strong></span> 
     </span>
    </p>
   </div>
   <div class='ocr_carea' id='block_1_42' title="bbox 1991 967 2096 1012">
    <p class='ocr_par' dir='ltr' id='par_1_42' title="bbox 1991 967 2096 1012">
     <span class='ocr_line' id='line_1_42' title="bbox 1991 967 2096 1012; baseline -0.01 0"><span class='ocrx_word' id='word_1_214' title='bbox 1991 967 2096 1012; x_wconf 70' lang='grc' dir='ltr'><strong>εει.</strong></span> 
     </span>
    </p>
   </div>
   <div class='ocr_carea' id='block_1_43' title="bbox 2555 1045 3000 1101">
    <p class='ocr_par' dir='ltr' id='par_1_43' title="bbox 2555 1045 3000 1101">
     <span class='ocr_line' id='line_1_43' title="bbox 2555 1045 3000 1101; baseline -0.007 0"><span class='ocrx_word' id='word_1_215' title='bbox 2555 1046 2591 1101; x_wconf 85' lang='grc'><strong>8</strong></span> <span class='ocrx_word' id='word_1_216' title='bbox 2630 1045 2784 1100; x_wconf 65' lang='lat' dir='ltr'><strong>Cassa</strong></span> <span class='ocrx_word' id='word_1_217' title='bbox 2793 1045 3000 1099; x_wconf 81' lang='lat' dir='ltr'><strong>riensis.</strong></span> 
     </span>
    </p>
   </div>
   <div class='ocr_carea' id='block_1_44' title="bbox 2063 1134 3578 1207">
    <p class='ocr_par' dir='ltr' id='par_1_44' title="bbox 2063 1134 3578 1207">
     <span class='ocr_line' id='line_1_44' title="bbox 2063 1134 3578 1207; baseline -0.003 -15"><span class='ocrx_word' id='word_1_218' title='bbox 2063 1138 2280 1202; x_wconf 89' lang='lat' dir='ltr'><strong>Laicus,</strong></span> <span class='ocrx_word' id='word_1_219' title='bbox 2334 1139 2490 1207; x_wconf 88' lang='lat' dir='ltr'><strong>cujus</strong></span> <span class='ocrx_word' id='word_1_220' title='bbox 2545 1151 2684 1190; x_wconf 77' lang='lat' dir='ltr'><strong>uxor</strong></span> <span class='ocrx_word' id='word_1_221' title='bbox 2736 1134 3027 1188; x_wconf 81' lang='lat' dir='ltr'><strong>manifesto</strong></span> <span class='ocrx_word' id='word_1_222' title='bbox 3080 1135 3325 1188; x_wconf 84' lang='lat' dir='ltr'><strong>convicta</strong></span> <span class='ocrx_word' id='word_1_223' title='bbox 3375 1144 3458 1188; x_wconf 81' lang='lat' dir='ltr'><strong>est</strong></span> <span class='ocrx_word' id='word_1_224' title='bbox 3514 1135 3578 1188; x_wconf 91' lang='lat' dir='ltr'><strong>de</strong></span> 
     </span>
    </p>
   </div>
   <div class='ocr_carea' id='block_1_45' title="bbox 1996 1225 3579 1295">
    <p class='ocr_par' dir='ltr' id='par_1_45' title="bbox 1996 1225 3579 1295">
     <span class='ocr_line' id='line_1_45' title="bbox 1996 1225 3579 1295; baseline -0.005 -11"><span class='ocrx_word' id='word_1_225' title='bbox 1996 1231 2288 1284; x_wconf 89' lang='lat' dir='ltr'><strong>commisso</strong></span> <span class='ocrx_word' id='word_1_226' title='bbox 2316 1229 2604 1292; x_wconf 80' lang='lat' dir='ltr'><strong>adulterio,</strong></span> <span class='ocrx_word' id='word_1_227' title='bbox 2637 1226 2872 1282; x_wconf 76' lang='lat' dir='ltr'><strong>clericus</strong></span> <span class='ocrx_word' id='word_1_228' title='bbox 2895 1241 2971 1281; x_wconf 87' lang='lat' dir='ltr'><strong>ne</strong></span> <span class='ocrx_word' id='word_1_229' title='bbox 3002 1225 3095 1278; x_wconf 81' lang='lat' dir='ltr'><strong>ﬂat</strong></span> <span class='ocrx_word' id='word_1_230' title='bbox 3125 1241 3140 1289; x_wconf 86' lang='lat'><strong>;</strong></span> <span class='ocrx_word' id='word_1_231' title='bbox 3173 1236 3225 1279; x_wconf 88' lang='lat' dir='ltr'><strong>et</strong></span> <span class='ocrx_word' id='word_1_232' title='bbox 3252 1227 3341 1295; x_wconf 90' lang='lat' dir='ltr'><strong>qui</strong></span> <span class='ocrx_word' id='word_1_233' title='bbox 3373 1228 3439 1280; x_wconf 88' lang='lat' dir='ltr'><strong>ad</strong></span> <span class='ocrx_word' id='word_1_234' title='bbox 3469 1227 3579 1279; x_wconf 75' lang='lat' dir='ltr'><strong>cln-</strong></span> 
     </span>
    </p>
   </div>
   <div class='ocr_carea' id='block_1_46' title="bbox 1999 1316 3575 1390">
    <p class='ocr_par' dir='ltr' id='par_1_46' title="bbox 1999 1316 3575 1390">
     <span class='ocr_line' id='line_1_46' title="bbox 1999 1316 3575 1390; baseline -0.003 -15"><span class='ocrx_word' id='word_1_235' title='bbox 1999 1322 2225 1375; x_wconf 90' lang='lat' dir='ltr'><strong>ricatum</strong></span> <span class='ocrx_word' id='word_1_236' title='bbox 2280 1320 2554 1390; x_wconf 84' lang='lat' dir='ltr'><strong>pervenit,</strong></span> <span class='ocrx_word' id='word_1_237' title='bbox 2593 1321 2636 1372; x_wconf 91' lang='lat' dir='ltr'><strong>si</strong></span> <span class='ocrx_word' id='word_1_238' title='bbox 2671 1319 2928 1386; x_wconf 87' lang='lat' dir='ltr'><strong>pollutam</strong></span> <span class='ocrx_word' id='word_1_239' title='bbox 2979 1316 3250 1371; x_wconf 87' lang='lat' dir='ltr'><strong>adulterio</strong></span> <span class='ocrx_word' id='word_1_240' title='bbox 3292 1319 3512 1383; x_wconf 88' lang='lat' dir='ltr'><strong>rctinet,</strong></span> <span class='ocrx_word' id='word_1_241' title='bbox 3547 1334 3575 1370; x_wconf 84' lang='lat' dir='ltr'><strong>a</strong></span> 
     </span>
    </p>
   </div>
   <div class='ocr_carea' id='block_1_47' title="bbox 1997 1409 2965 1477">
    <p class='ocr_par' dir='ltr' id='par_1_47' title="bbox 1997 1409 2965 1477">
     <span class='ocr_line' id='line_1_47' title="bbox 1997 1409 2965 1477; baseline -0.003 -12"><span class='ocrx_word' id='word_1_242' title='bbox 1997 1409 2308 1465; x_wconf 88' lang='lat' dir='ltr'><strong>ministerio</strong></span> <span class='ocrx_word' id='word_1_243' title='bbox 2337 1411 2438 1464; x_wconf 89' lang='lat' dir='ltr'><strong>sibi</strong></span> <span class='ocrx_word' id='word_1_244' title='bbox 2473 1410 2668 1463; x_wconf 85' lang='lat' dir='ltr'><strong>tradito</strong></span> <span class='ocrx_word' id='word_1_245' title='bbox 2701 1409 2965 1477; x_wconf 87' lang='lat' dir='ltr'><strong>rejicitor.</strong></span> 
     </span>
    </p>
   </div>
   <div class='ocr_carea' id='block_1_48' title="bbox 2611 1499 2990 1569">
    <p class='ocr_par' dir='ltr' id='par_1_48' title="bbox 2611 1499 2990 1569">
     <span class='ocr_line' id='line_1_48' title="bbox 2611 1499 2990 1569; baseline -0.003 -15"><span class='ocrx_word' id='word_1_246' title='bbox 2611 1501 2644 1554; x_wconf 75' lang='grc'>5</span> <span class='ocrx_word' id='word_1_247' title='bbox 2681 1500 2743 1554; x_wconf 82' lang='grc'><strong>8.</strong></span> <span class='ocrx_word' id='word_1_248' title='bbox 2781 1499 2990 1569; x_wconf 69' lang='lat' dir='ltr'><strong>Cyrilli.</strong></span> 
     </span>
    </p>
   </div>
   <div class='ocr_carea' id='block_1_49' title="bbox 2067 1593 3580 1662">
    <p class='ocr_par' dir='ltr' id='par_1_49' title="bbox 2067 1593 3580 1662">
     <span class='ocr_line' id='line_1_49' title="bbox 2067 1593 3580 1662; baseline -0.007 -8"><span class='ocrx_word' id='word_1_249' title='bbox 2067 1597 2206 1654; x_wconf 89' lang='lat' dir='ltr'><strong>Cum</strong></span> <span class='ocrx_word' id='word_1_250' title='bbox 2238 1597 2577 1652; x_wconf 89' lang='lat' dir='ltr'><strong>ordinandus</strong></span> <span class='ocrx_word' id='word_1_251' title='bbox 2623 1605 2706 1650; x_wconf 87' lang='lat' dir='ltr'><strong>est</strong></span> <span class='ocrx_word' id='word_1_252' title='bbox 2752 1595 3005 1657; x_wconf 85' lang='lat' dir='ltr'><strong>clericus,</strong></span> <span class='ocrx_word' id='word_1_253' title='bbox 3041 1593 3357 1662; x_wconf 71' lang='lat' dir='ltr'><strong>esplorctur</strong></span> <span class='ocrx_word' id='word_1_254' title='bbox 3407 1593 3580 1660; x_wconf 71' lang='lat' dir='ltr'><strong>ipsius</strong></span> 
     </span>
    </p>
   </div>
   <div class='ocr_carea' id='block_1_50' title="bbox 1997 1686 3578 1756">
    <p class='ocr_par' dir='ltr' id='par_1_50' title="bbox 1997 1686 3578 1756">
     <span class='ocr_line' id='line_1_50' title="bbox 1997 1686 3578 1756; baseline -0.008 -10"><span class='ocrx_word' id='word_1_255' title='bbox 1997 1692 2132 1756; x_wconf 76' lang='lat' dir='ltr'><strong>vita,</strong></span> <span class='ocrx_word' id='word_1_256' title='bbox 2169 1706 2295 1744; x_wconf 85' lang='lat' dir='ltr'><strong>num</strong></span> <span class='ocrx_word' id='word_1_257' title='bbox 2334 1690 2530 1743; x_wconf 83' lang='lat' dir='ltr'><strong>habeat</strong></span> <span class='ocrx_word' id='word_1_258' title='bbox 2583 1702 2831 1750; x_wconf 84' lang='lat' dir='ltr'><strong>nxorem,</strong></span> <span class='ocrx_word' id='word_1_259' title='bbox 2865 1699 3042 1739; x_wconf 83' lang='lat' dir='ltr'><strong>necne</strong></span> <span class='ocrx_word' id='word_1_260' title='bbox 3073 1702 3086 1749; x_wconf 92' lang='lat'>;</span> <span class='ocrx_word' id='word_1_261' title='bbox 3140 1695 3252 1737; x_wconf 89' lang='lat' dir='ltr'><strong>tum</strong></span> <span class='ocrx_word' id='word_1_262' title='bbox 3285 1686 3578 1752; x_wconf 82' lang='lat' dir='ltr'><strong>quomodo,</strong></span> 
     </span>
    </p>
   </div>
   <div class='ocr_carea' id='block_1_51' title="bbox 2000 1776 3580 1851">
    <p class='ocr_par' dir='ltr' id='par_1_51' title="bbox 2000 1776 3580 1851">
     <span class='ocr_line' id='line_1_51' title="bbox 2000 1776 3580 1851; baseline -0.008 -13"><span class='ocrx_word' id='word_1_263' title='bbox 2000 1792 2055 1838; x_wconf 88' lang='lat' dir='ltr'><strong>et</strong></span> <span class='ocrx_word' id='word_1_264' title='bbox 2101 1782 2318 1851; x_wconf 85' lang='lat' dir='ltr'><strong>quando</strong></span> <span class='ocrx_word' id='word_1_265' title='bbox 2367 1778 2784 1832; x_wconf 84' lang='lat' dir='ltr'><strong>matrimonium</strong></span> <span class='ocrx_word' id='word_1_266' title='bbox 2836 1776 3218 1838; x_wconf 79' lang='lat' dir='ltr'><strong>contraxerit,</strong></span> <span class='ocrx_word' id='word_1_267' title='bbox 3288 1790 3352 1828; x_wconf 88' lang='lat' dir='ltr'><strong>an</strong></span> <span class='ocrx_word' id='word_1_268' title='bbox 3409 1776 3580 1828; x_wconf 76' lang='lat' dir='ltr'><strong>absu-</strong></span> 
     </span>
    </p>
   </div>
   <div class='ocr_carea' id='block_1_52' title="bbox 1999 1865 3578 1940">
    <p class='ocr_par' dir='ltr' id='par_1_52' title="bbox 1999 1865 3578 1940">
     <span class='ocr_line' id='line_1_52' title="bbox 1999 1865 3578 1940; baseline -0.008 -12"><span class='ocrx_word' id='word_1_269' title='bbox 1999 1875 2196 1938; x_wconf 88' lang='lat' dir='ltr'><strong>nuerit,</strong></span> <span class='ocrx_word' id='word_1_270' title='bbox 2234 1889 2300 1926; x_wconf 86' lang='lat' dir='ltr'><strong>an</strong></span> <span class='ocrx_word' id='word_1_271' title='bbox 2338 1887 2442 1926; x_wconf 91' lang='lat' dir='ltr'><strong>non</strong></span> <span class='ocrx_word' id='word_1_272' title='bbox 2492 1871 2701 1940; x_wconf 79' lang='lat' dir='ltr'><strong>ejectus</strong></span> <span class='ocrx_word' id='word_1_273' title='bbox 2753 1867 2916 1921; x_wconf 81' lang='lat' dir='ltr'><strong>fuerit</strong></span> <span class='ocrx_word' id='word_1_274' title='bbox 2950 1867 3032 1921; x_wconf 85' lang='lat' dir='ltr'><strong>vel</strong></span> <span class='ocrx_word' id='word_1_275' title='bbox 3083 1867 3151 1921; x_wconf 89' lang='lat' dir='ltr'><strong>ab</strong></span> <span class='ocrx_word' id='word_1_276' title='bbox 3181 1866 3455 1934; x_wconf 87' lang='lat' dir='ltr'><strong>episcopo,</strong></span> <span class='ocrx_word' id='word_1_277' title='bbox 3495 1865 3578 1920; x_wconf 81' lang='lat' dir='ltr'><strong>vel</strong></span> 
     </span>
    </p>
   </div>
   <div class='ocr_carea' id='block_1_53' title="bbox 1998 1955 3578 2030">
    <p class='ocr_par' dir='ltr' id='par_1_53' title="bbox 1998 1955 3578 2030">
     <span class='ocr_line' id='line_1_53' title="bbox 1998 1955 3578 2030; baseline -0.007 -11"><span class='ocrx_word' id='word_1_278' title='bbox 1998 1979 2065 2019; x_wconf 82' lang='lat' dir='ltr'><strong>ex</strong></span> <span class='ocrx_word' id='word_1_279' title='bbox 2100 1962 2427 2018; x_wconf 88' lang='lat' dir='ltr'><strong>monasterio</strong></span> <span class='ocrx_word' id='word_1_280' title='bbox 2455 1977 2469 2028; x_wconf 91' lang='lat'><strong>;</strong></span> <span class='ocrx_word' id='word_1_281' title='bbox 2506 1970 2669 2030; x_wconf 86' lang='lat' dir='ltr'><strong>atque</strong></span> <span class='ocrx_word' id='word_1_282' title='bbox 2699 1959 2772 2012; x_wconf 89' lang='lat' dir='ltr'><strong>ita</strong></span> <span class='ocrx_word' id='word_1_283' title='bbox 2807 1966 3055 2028; x_wconf 87' lang='lat' dir='ltr'><strong>repertus</strong></span> <span class='ocrx_word' id='word_1_284' title='bbox 3085 1971 3280 2025; x_wconf 80' lang='lat' dir='ltr'><strong>expers</strong></span> <span class='ocrx_word' id='word_1_285' title='bbox 3310 1955 3578 2020; x_wconf 77' lang='lat' dir='ltr'><strong>criminis,</strong></span> 
     </span>
    </p>
   </div>
   <div class='ocr_carea' id='block_1_54' title="bbox 1997 2056 2300 2115">
    <p class='ocr_par' dir='ltr' id='par_1_54' title="bbox 1997 2056 2300 2115">
     <span class='ocr_line' id='line_1_54' title="bbox 1997 2056 2300 2115; baseline -0.023 1"><span class='ocrx_word' id='word_1_286' title='bbox 1997 2056 2186 2115; x_wconf 74' lang='lat' dir='ltr'><strong>ordino</strong></span> <span class='ocrx_word' id='word_1_287' title='bbox 2199 2066 2300 2112; x_wconf 89' lang='lat' dir='ltr'><strong>tor.</strong></span> 
     </span>
    </p>
   </div>
   <div class='ocr_carea' id='block_1_55' title="bbox 2619 2141 2952 2210">
    <p class='ocr_par' dir='ltr' id='par_1_55' title="bbox 2619 2141 2952 2210">
     <span class='ocr_line' id='line_1_55' title="bbox 2619 2141 2952 2210; baseline -0.012 -14"><span class='ocrx_word' id='word_1_288' title='bbox 2619 2141 2685 2196; x_wconf 76' lang='grc'><strong>10</strong></span> <span class='ocrx_word' id='word_1_289' title='bbox 2725 2147 2952 2210; x_wconf 74' lang='grc' dir='ltr'><strong>ᾳιιανείυ.</strong></span> 
     </span>
    </p>
   </div>
   <div class='ocr_carea' id='block_1_56' title="bbox 2070 2227 3580 2293">
    <p class='ocr_par' dir='ltr' id='par_1_56' title="bbox 2070 2227 3580 2293">
     <span class='ocr_line' id='line_1_56' title="bbox 2070 2227 3580 2293; baseline -0.007 0"><span class='ocrx_word' id='word_1_290' title='bbox 2070 2237 2239 2293; x_wconf 89' lang='lat' dir='ltr'><strong>Nemo</strong></span> <span class='ocrx_word' id='word_1_291' title='bbox 2267 2239 2491 2291; x_wconf 85' lang='lat' dir='ltr'><strong>duarum</strong></span> <span class='ocrx_word' id='word_1_292' title='bbox 2543 2235 2823 2288; x_wconf 84' lang='lat' dir='ltr'><strong>civitatum</strong></span> <span class='ocrx_word' id='word_1_293' title='bbox 2859 2229 3116 2286; x_wconf 84' lang='lat' dir='ltr'><strong>&quot;clericus</strong></span> <span class='ocrx_word' id='word_1_294' title='bbox 3144 2227 3394 2283; x_wconf 83' lang='lat' dir='ltr'><strong>ellicitor.</strong></span> <span class='ocrx_word' id='word_1_295' title='bbox 3425 2227 3580 2293; x_wconf 84' lang='lat' dir='ltr'><strong>Quod</strong></span> 
     </span>
    </p>
   </div>
   <div class='ocr_carea' id='block_1_57' title="bbox 2001 2319 3584 2401">
    <p class='ocr_par' dir='ltr' id='par_1_57' title="bbox 2001 2319 3584 2401">
     <span class='ocr_line' id='line_1_57' title="bbox 2001 2319 3584 2401; baseline -0.009 -13"><span class='ocrx_word' id='word_1_296' title='bbox 2001 2333 2044 2388; x_wconf 86' lang='lat' dir='ltr'><strong>si</strong></span> <span class='ocrx_word' id='word_1_297' title='bbox 2074 2333 2195 2401; x_wconf 89' lang='lat' dir='ltr'><strong>quis</strong></span> <span class='ocrx_word' id='word_1_298' title='bbox 2225 2347 2292 2385; x_wconf 79' lang='lat' dir='ltr'><strong>ex</strong></span> <span class='ocrx_word' id='word_1_299' title='bbox 2328 2343 2432 2382; x_wconf 87' lang='lat' dir='ltr'><strong>una</strong></span> <span class='ocrx_word' id='word_1_300' title='bbox 2487 2327 2540 2380; x_wconf 89' lang='lat' dir='ltr'><strong>in</strong></span> <span class='ocrx_word' id='word_1_301' title='bbox 2593 2326 2758 2379; x_wconf 85' lang='lat' dir='ltr'><strong>aliam</strong></span> <span class='ocrx_word' id='word_1_302' title='bbox 2802 2323 3086 2378; x_wconf 85' lang='lat' dir='ltr'><strong>ecclesiam</strong></span> <span class='ocrx_word' id='word_1_303' title='bbox 3121 2320 3414 2376; x_wconf 78' lang='lat' dir='ltr'><strong>translatus</strong></span> <span class='ocrx_word' id='word_1_304' title='bbox 3466 2319 3584 2374; x_wconf 83' lang='lat' dir='ltr'><strong>l&#39;tte-</strong></span> 
     </span>
    </p>
   </div>
   <div class='ocr_carea' id='block_1_58' title="bbox 2000 2416 3584 2493">
    <p class='ocr_par' dir='ltr' id='par_1_58' title="bbox 2000 2416 3584 2493">
     <span class='ocr_line' id='line_1_58' title="bbox 2000 2416 3584 2493; baseline -0.008 -13"><span class='ocrx_word' id='word_1_305' title='bbox 2000 2427 2090 2493; x_wconf 85' lang='lat' dir='ltr'><strong>rit,</strong></span> <span class='ocrx_word' id='word_1_306' title='bbox 2126 2428 2176 2478; x_wconf 91' lang='lat' dir='ltr'><strong>in</strong></span> <span class='ocrx_word' id='word_1_307' title='bbox 2205 2423 2350 2477; x_wconf 91' lang='lat' dir='ltr'><strong>nullo</strong></span> <span class='ocrx_word' id='word_1_308' title='bbox 2394 2419 2662 2490; x_wconf 82' lang='lat' dir='ltr'><strong>particeps</strong></span> <span class='ocrx_word' id='word_1_309' title='bbox 2713 2432 2893 2470; x_wconf 86' lang='lat' dir='ltr'><strong>rerum</strong></span> <span class='ocrx_word' id='word_1_310' title='bbox 2941 2416 3138 2484; x_wconf 91' lang='lat' dir='ltr'><strong>prioris</strong></span> <span class='ocrx_word' id='word_1_311' title='bbox 3167 2423 3284 2469; x_wconf 87' lang='lat' dir='ltr'><strong>esto</strong></span> <span class='ocrx_word' id='word_1_312' title='bbox 3307 2453 3324 2479; x_wconf 87' lang='lat'><strong>,</strong></span> <span class='ocrx_word' id='word_1_313' title='bbox 3349 2423 3584 2468; x_wconf 73' lang='lat' dir='ltr'><strong>caetero-</strong></span> 
     </span>
    </p>
   </div>
   <div class='ocr_carea' id='block_1_59' title="bbox 2000 2507 2782 2586">
    <p class='ocr_par' dir='ltr' id='par_1_59' title="bbox 2000 2507 2782 2586">
     <span class='ocr_line' id='line_1_59' title="bbox 2000 2507 2782 2586; baseline -0.012 -16"><span class='ocrx_word' id='word_1_314' title='bbox 2000 2516 2093 2582; x_wconf 88' lang='lat' dir='ltr'><strong>qui</strong></span> <span class='ocrx_word' id='word_1_315' title='bbox 2124 2514 2295 2586; x_wconf 76' lang='lat' dir='ltr'><strong>gradu</strong></span> <span class='ocrx_word' id='word_1_316' title='bbox 2325 2526 2422 2567; x_wconf 89' lang='lat' dir='ltr'><strong>suo</strong></span> <span class='ocrx_word' id='word_1_317' title='bbox 2444 2507 2782 2578; x_wconf 84' lang='lat' dir='ltr'><strong>spoliandus.</strong></span> 
     </span>
    </p>
   </div>
   <div class='ocr_carea' id='block_1_60' title="bbox 2605 2599 2974 2666">
    <p class='ocr_par' dir='ltr' id='par_1_60' title="bbox 2605 2599 2974 2666">
     <span class='ocr_line' id='line_1_60' title="bbox 2605 2599 2974 2666; baseline -0.014 -11"><span class='ocrx_word' id='word_1_318' title='bbox 2605 2601 2675 2655; x_wconf 82' lang='grc'><strong>15</strong></span> <span class='ocrx_word' id='word_1_319' title='bbox 2715 2599 2974 2666; x_wconf 70' lang='lat' dir='ltr'><strong>septimm.</strong></span> 
     </span>
    </p>
   </div>
   <div class='ocr_carea' id='block_1_61' title="bbox 2070 2687 3583 2761">
    <p class='ocr_par' dir='ltr' id='par_1_61' title="bbox 2070 2687 3583 2761">
     <span class='ocr_line' id='line_1_61' title="bbox 2070 2687 3583 2761; baseline -0.011 -4"><span class='ocrx_word' id='word_1_320' title='bbox 2070 2700 2244 2756; x_wconf 84' lang='lat' dir='ltr'><strong>Nemo</strong></span> <span class='ocrx_word' id='word_1_321' title='bbox 2275 2689 2745 2761; x_wconf 83' lang='lat' dir='ltr'><strong>Constantinopoli</strong></span> <span class='ocrx_word' id='word_1_322' title='bbox 2792 2691 3000 2744; x_wconf 83' lang='lat' dir='ltr'><strong>duabus</strong></span> <span class='ocrx_word' id='word_1_323' title='bbox 3030 2689 3080 2742; x_wconf 91' lang='lat' dir='ltr'><strong>in</strong></span> <span class='ocrx_word' id='word_1_324' title='bbox 3109 2687 3357 2742; x_wconf 89' lang='lat' dir='ltr'><strong>ecclesiis</strong></span> <span class='ocrx_word' id='word_1_325' title='bbox 3418 2687 3583 2742; x_wconf 83' lang='lat' dir='ltr'><strong>cleri-</strong></span> 
     </span>
    </p>
   </div>
   <div class='ocr_carea' id='block_1_62' title="bbox 2001 2779 3585 2858">
    <p class='ocr_par' dir='ltr' id='par_1_62' title="bbox 2001 2779 3585 2858">
     <span class='ocr_line' id='line_1_62' title="bbox 2001 2779 3585 2858; baseline -0.011 -8"><span class='ocrx_word' id='word_1_326' title='bbox 2001 2809 2100 2850; x_wconf 87' lang='lat' dir='ltr'><strong>cus</strong></span> <span class='ocrx_word' id='word_1_327' title='bbox 2129 2788 2520 2858; x_wconf 78' lang='lat' dir='ltr'><strong>eﬂicitor;hoc</strong></span> <span class='ocrx_word' id='word_1_328' title='bbox 2551 2784 2694 2840; x_wconf 89' lang='lat' dir='ltr'><strong>enim</strong></span> <span class='ocrx_word' id='word_1_329' title='bbox 2735 2781 2907 2852; x_wconf 89' lang='lat' dir='ltr'><strong>turpis</strong></span> <span class='ocrx_word' id='word_1_330' title='bbox 2938 2781 3070 2835; x_wconf 89' lang='lat' dir='ltr'><strong>lucri</strong></span> <span class='ocrx_word' id='word_1_331' title='bbox 3105 2780 3370 2848; x_wconf 86' lang='lat' dir='ltr'><strong>cupiditas</strong></span> <span class='ocrx_word' id='word_1_332' title='bbox 3401 2779 3585 2833; x_wconf 86' lang='lat' dir='ltr'><strong>luerit.</strong></span> 
     </span>
    </p>
   </div>
   <div class='ocr_carea' id='block_1_63' title="bbox 2001 2870 3587 2943">
    <p class='ocr_par' dir='ltr' id='par_1_63' title="bbox 2001 2870 3587 2943">
     <span class='ocr_line' id='line_1_63' title="bbox 2001 2870 3587 2943; baseline -0.013 -2"><span class='ocrx_word' id='word_1_333' title='bbox 2001 2884 2142 2941; x_wconf 82' lang='lat' dir='ltr'><strong>Alibi</strong></span> <span class='ocrx_word' id='word_1_334' title='bbox 2173 2897 2302 2939; x_wconf 83' lang='lat' dir='ltr'><strong>vero</strong></span> <span class='ocrx_word' id='word_1_335' title='bbox 2336 2881 2389 2936; x_wconf 88' lang='lat' dir='ltr'><strong>id</strong></span> <span class='ocrx_word' id='word_1_336' title='bbox 2438 2876 2553 2934; x_wconf 80' lang='lat' dir='ltr'><strong>ﬁeri</strong></span> <span class='ocrx_word' id='word_1_337' title='bbox 2600 2873 2781 2938; x_wconf 88' lang='lat' dir='ltr'><strong>liceat,</strong></span> <span class='ocrx_word' id='word_1_338' title='bbox 2824 2881 3048 2943; x_wconf 88' lang='lat' dir='ltr'><strong>propter</strong></span> <span class='ocrx_word' id='word_1_339' title='bbox 3099 2870 3376 2925; x_wconf 85' lang='lat' dir='ltr'><strong>hominum</strong></span> <span class='ocrx_word' id='word_1_340' title='bbox 3415 2883 3587 2940; x_wconf 75' lang='lat' dir='ltr'><strong>ponu-</strong></span> 
     </span>
    </p>
   </div>
   <div class='ocr_carea' id='block_1_64' title="bbox 2001 2980 2418 3042">
    <p class='ocr_par' dir='ltr' id='par_1_64' title="bbox 2001 2980 2418 3042">
     <span class='ocr_line' id='line_1_64' title="bbox 2001 2980 2418 3042; baseline -0.01 -6"><span class='ocrx_word' id='word_1_341' title='bbox 2001 2980 2166 3036; x_wconf 86' lang='lat' dir='ltr'><strong>riam.</strong></span> <span class='ocrx_word' id='word_1_342' title='bbox 2415 3039 2418 3042; x_wconf 42' lang='grc'><strong>,</strong></span> 
     </span>
    </p>
   </div>
   <div class='ocr_carea' id='block_1_65' title="bbox 2531 3056 3005 3128">
    <p class='ocr_par' dir='ltr' id='par_1_65' title="bbox 2531 3056 3005 3128">
     <span class='ocr_line' id='line_1_65' title="bbox 2531 3056 3005 3128; baseline -0.015 -14"><span class='ocrx_word' id='word_1_343' title='bbox 2531 3121 2541 3128; x_wconf 87' lang='lat'><em>_</em></span> <span class='ocrx_word' id='word_1_344' title='bbox 2591 3056 2895 3114; x_wconf 81' lang='lat' dir='ltr'><strong>TITULUS</strong></span> <span class='ocrx_word' id='word_1_345' title='bbox 2934 3056 3005 3111; x_wconf 90' lang='lat' dir='ltr'><strong>ll.</strong></span> 
     </span>
    </p>
   </div>
   <div class='ocr_carea' id='block_1_66' title="bbox 2137 3145 3482 3227">
    <p class='ocr_par' dir='ltr' id='par_1_66' title="bbox 2137 3145 3482 3227">
     <span class='ocr_line' id='line_1_66' title="bbox 2137 3145 3482 3227; baseline -0.009 -14"><span class='ocrx_word' id='word_1_346' title='bbox 2137 3160 2269 3227; x_wconf 64' lang='lat' dir='ltr'><strong>Quae</strong></span> <span class='ocrx_word' id='word_1_347' title='bbox 2301 3156 2496 3212; x_wconf 79' lang='lat' dir='ltr'><strong>clerico</strong></span> <span class='ocrx_word' id='word_1_348' title='bbox 2529 3153 2796 3224; x_wconf 67' lang='lat' dir='ltr'><strong>facienda,</strong></span> <span class='ocrx_word' id='word_1_349' title='bbox 2829 3160 2878 3204; x_wconf 89' lang='lat' dir='ltr'><strong>et</strong></span> <span class='ocrx_word' id='word_1_350' title='bbox 2913 3165 3030 3220; x_wconf 77' lang='lat' dir='ltr'><strong>qute</strong></span> <span class='ocrx_word' id='word_1_351' title='bbox 3079 3164 3179 3202; x_wconf 84' lang='lat' dir='ltr'><strong>non</strong></span> <span class='ocrx_word' id='word_1_352' title='bbox 3217 3145 3482 3216; x_wconf 79' lang='lat' dir='ltr'><strong>facienda.</strong></span> 
     </span>
    </p>
   </div>
   <div class='ocr_carea' id='block_1_67' title="bbox 2010 3305 3592 3431">
    <p class='ocr_par' dir='ltr' id='par_1_67' title="bbox 2010 3305 3592 3431">
     <span class='ocr_line' id='line_1_67' title="bbox 2010 3305 3592 3431; baseline -0.008 -59"><span class='ocrx_word' id='word_1_353' title='bbox 2010 3315 2195 3372; x_wconf 83' lang='lat' dir='ltr'><strong>Conon</strong></span> <span class='ocrx_word' id='word_1_354' title='bbox 2237 3313 2304 3367; x_wconf 81' lang='lat'><strong>15</strong></span> <span class='ocrx_word' id='word_1_355' title='bbox 2338 3309 2820 3431; x_wconf 61' lang='lat' dir='ltr'><strong>apostolorumhet</strong></span> <span class='ocrx_word' id='word_1_356' title='bbox 2849 3307 2883 3360; x_wconf 80' lang='lat'><strong>5</strong></span> <span class='ocrx_word' id='word_1_357' title='bbox 2912 3307 3102 3376; x_wconf 80' lang='lat' dir='ltr'><strong>synodi</strong></span> <span class='ocrx_word' id='word_1_358' title='bbox 3134 3305 3192 3371; x_wconf 75' lang='grc'><strong>4,</strong></span> <span class='ocrx_word' id='word_1_359' title='bbox 3245 3315 3296 3360; x_wconf 79' lang='lat' dir='ltr'><strong>st</strong></span> <span class='ocrx_word' id='word_1_360' title='bbox 3339 3306 3372 3359; x_wconf 79' lang='grc'><strong>5</strong></span> <span class='ocrx_word' id='word_1_361' title='bbox 3406 3307 3592 3360; x_wconf 84' lang='lat' dir='ltr'><strong>Antio-</strong></span> 
     </span>
     <span class='ocr_line' id='line_1_68' title="bbox 2699 3393 2896 3431; baseline -0.005 0"><span class='ocrx_word' id='word_1_362' title='bbox 2699 3396 2726 3431; x_wconf 89' lang='lat' dir='ltr'><strong>c</strong></span> <span class='ocrx_word' id='word_1_363' title='bbox 2765 3393 2896 3431; x_wconf 78' lang='lat' dir='ltr'><strong>eme.</strong></span> 
     </span>
    </p>
   </div>
   <div class='ocr_carea' id='block_1_68' title="bbox 2699 3393 2896 3432">
    <p class='ocr_par' dir='ltr' id='par_1_68' title="bbox 2699 3393 2896 3432">
     <span class='ocr_line' id='line_1_69' title="bbox 2699 3393 2896 3432; baseline -0.01 0"><span class='ocrx_word' id='word_1_364' title='bbox 2699 3393 2896 3432; x_wconf 76' lang='lat' dir='ltr'><strong>attente.</strong></span> 
     </span>
    </p>
   </div>
   <div class='ocr_carea' id='block_1_69' title="bbox 2080 3467 3589 3544">
    <p class='ocr_par' dir='ltr' id='par_1_69' title="bbox 2080 3467 3589 3544">
     <span class='ocr_line' id='line_1_70' title="bbox 2080 3467 3589 3544; baseline -0.009 -12"><span class='ocrx_word' id='word_1_365' title='bbox 2080 3476 2348 3539; x_wconf 85' lang='lat' dir='ltr'><strong>Clericus,</strong></span> <span class='ocrx_word' id='word_1_366' title='bbox 2382 3472 2472 3544; x_wconf 89' lang='lat' dir='ltr'><strong>qui</strong></span> <span class='ocrx_word' id='word_1_367' title='bbox 2498 3486 2596 3527; x_wconf 89' lang='lat' dir='ltr'><strong>sua</strong></span> <span class='ocrx_word' id='word_1_368' title='bbox 2625 3469 2836 3533; x_wconf 86' lang='lat' dir='ltr'><strong>relicta,</strong></span> <span class='ocrx_word' id='word_1_369' title='bbox 2866 3467 3014 3538; x_wconf 84' lang='lat' dir='ltr'><strong>degit</strong></span> <span class='ocrx_word' id='word_1_370' title='bbox 3037 3467 3089 3521; x_wconf 92' lang='lat' dir='ltr'><strong>in</strong></span> <span class='ocrx_word' id='word_1_371' title='bbox 3121 3468 3293 3522; x_wconf 83' lang='lat' dir='ltr'><strong>aliena</strong></span> <span class='ocrx_word' id='word_1_372' title='bbox 3325 3467 3589 3533; x_wconf 65' lang='lat' dir='ltr'><strong>panacis,</strong></span> 
     </span>
    </p>
   </div>
   <div class='ocr_carea' id='block_1_70' title="bbox 329 3557 1913 3656">
    <p class='ocr_par' dir='ltr' id='par_1_70' title="bbox 329 3557 1905 3656">
     <span class='ocr_line' id='line_1_71' title="bbox 329 3557 1905 3656; baseline -0.001 -16"><span class='ocrx_word' id='word_1_373' title='bbox 329 3557 629 3652; x_wconf 43' lang='grc' dir='ltr'><strong>οἰκῶνϊὼς</strong></span> <span class='ocrx_word' id='word_1_374' title='bbox 713 3557 898 3650; x_wconf 75' lang='grc' dir='ltr'><strong>λαῖκδς</strong></span> <span class='ocrx_word' id='word_1_375' title='bbox 951 3583 1202 3656; x_wconf 70' lang='grc' dir='ltr'><strong>μενέτω,</strong></span> <span class='ocrx_word' id='word_1_376' title='bbox 1227 3584 1322 3639; x_wconf 76' lang='grc' dir='ltr'><strong>καὶ</strong></span> <span class='ocrx_word' id='word_1_377' title='bbox 1356 3586 1613 3655; x_wconf 83' lang='grc' dir='ltr'><strong>μάλιστα,</strong></span> <span class='ocrx_word' id='word_1_378' title='bbox 1658 3586 1709 3638; x_wconf 81' lang='grc' dir='ltr'><strong>εἰ</strong></span> <span class='ocrx_word' id='word_1_379' title='bbox 1753 3557 1905 3655; x_wconf 64' lang='grc' dir='ltr'><strong>παρὰ</strong></span> 
     </span>
    </p>
   </div>
   <div class='ocr_carea' id='block_1_71' title="bbox 2013 3557 3594 3656">
    <p class='ocr_par' dir='ltr' id='par_1_71' title="bbox 2014 3557 3594 3629">
     <span class='ocr_line' id='line_1_72' title="bbox 2014 3557 3594 3629; baseline -0.009 -5"><span class='ocrx_word' id='word_1_380' title='bbox 2014 3585 2112 3625; x_wconf 87' lang='lat' dir='ltr'><strong>ceu</strong></span> <span class='ocrx_word' id='word_1_381' title='bbox 2149 3569 2323 3622; x_wconf 85' lang='lat' dir='ltr'><strong>laicus</strong></span> <span class='ocrx_word' id='word_1_382' title='bbox 2355 3572 2573 3618; x_wconf 87' lang='lat' dir='ltr'><strong>maneto</strong></span> <span class='ocrx_word' id='word_1_383' title='bbox 2598 3602 2615 3629; x_wconf 93' lang='lat'><strong>,</strong></span> <span class='ocrx_word' id='word_1_384' title='bbox 2649 3559 2910 3622; x_wconf 79' lang='lat' dir='ltr'><strong>maxime.</strong></span> <span class='ocrx_word' id='word_1_385' title='bbox 2944 3558 2989 3614; x_wconf 84' lang='lat' dir='ltr'><strong>si</strong></span> <span class='ocrx_word' id='word_1_386' title='bbox 3023 3559 3092 3611; x_wconf 83' lang='lat' dir='ltr'><strong>ab</strong></span> <span class='ocrx_word' id='word_1_387' title='bbox 3127 3557 3380 3625; x_wconf 85' lang='lat' dir='ltr'><strong>episcopo</strong></span> <span class='ocrx_word' id='word_1_388' title='bbox 3409 3570 3594 3610; x_wconf 84' lang='lat' dir='ltr'><strong>arces-</strong></span> 
     </span>
    </p>
   </div>
   <div class='ocr_carea' id='block_1_72' title="bbox 332 3676 1693 3746">
    <p class='ocr_par' dir='ltr' id='par_1_72' title="bbox 332 3676 1693 3746">
     <span class='ocr_line' id='line_1_73' title="bbox 332 3676 1693 3746; baseline 0.001 -18"><span class='ocrx_word' id='word_1_389' title='bbox 332 3676 432 3730; x_wconf 78' lang='grc' dir='ltr'><strong>τοῦ</strong></span> <span class='ocrx_word' id='word_1_390' title='bbox 469 3678 776 3734; x_wconf 64' lang='grc' dir='ltr'><strong>ἐπισκόπου</strong></span> <span class='ocrx_word' id='word_1_391' title='bbox 813 3677 1173 3745; x_wconf 84' lang='grc' dir='ltr'><strong>καλούμενος,</strong></span> <span class='ocrx_word' id='word_1_392' title='bbox 1203 3676 1302 3745; x_wconf 85' lang='grc' dir='ltr'><strong>οὐχ</strong></span> <span class='ocrx_word' id='word_1_393' title='bbox 1356 3676 1693 3746; x_wconf 80' lang='grc' dir='ltr'><strong>ὑπήκουσεν.</strong></span> 
     </span>
    </p>
   </div>
   <div class='ocr_carea' id='block_1_73' title="bbox 732 3765 1523 3833">
    <p class='ocr_par' dir='ltr' id='par_1_73' title="bbox 732 3765 1523 3833">
     <span class='ocr_line' id='line_1_74' title="bbox 732 3765 1523 3833; baseline -0.005 -10"><span class='ocrx_word' id='word_1_394' title='bbox 732 3770 798 3823; x_wconf 89' lang='grc' dir='ltr'><strong>ὀ</strong></span> <span class='ocrx_word' id='word_1_395' title='bbox 851 3775 931 3833; x_wconf 78' lang='grc' dir='ltr'><strong>ις’</strong></span> <span class='ocrx_word' id='word_1_396' title='bbox 970 3765 1092 3820; x_wconf 79' lang='grc' dir='ltr'><strong>τῶν</strong></span> <span class='ocrx_word' id='word_1_397' title='bbox 1136 3768 1523 3822; x_wconf 68' lang='grc' dir='ltr'><strong>ἀποστόλων.</strong></span> 
     </span>
    </p>
   </div>
   <div class='ocr_carea' id='block_1_74' title="bbox 406 3853 1909 3926">
    <p class='ocr_par' dir='ltr' id='par_1_74' title="bbox 406 3853 1909 3926">
     <span class='ocr_line' id='line_1_75' title="bbox 406 3853 1909 3926; baseline -0.002 -12"><span class='ocrx_word' id='word_1_398' title='bbox 406 3859 520 3914; x_wconf 76' lang='grc' dir='ltr'><strong>Καὶ</strong></span> <span class='ocrx_word' id='word_1_399' title='bbox 543 3861 572 3912; x_wconf 85' lang='grc' dir='ltr'>ὁ</span> <span class='ocrx_word' id='word_1_400' title='bbox 629 3859 824 3912; x_wconf 81' lang='grc' dir='ltr'><strong>τοῦτον</strong></span> <span class='ocrx_word' id='word_1_401' title='bbox 854 3859 914 3912; x_wconf 72' lang='grc' dir='ltr'><strong>ἐν</strong></span> <span class='ocrx_word' id='word_1_402' title='bbox 935 3853 1137 3926; x_wconf 85' lang='grc' dir='ltr'><strong>γνώσει</strong></span> <span class='ocrx_word' id='word_1_403' title='bbox 1159 3859 1406 3926; x_wconf 81' lang='grc' dir='ltr'><strong>κατέχων</strong></span> <span class='ocrx_word' id='word_1_404' title='bbox 1435 3857 1754 3921; x_wconf 74' lang='grc' dir='ltr'><strong>ἐπίσκοπος,</strong></span> <span class='ocrx_word' id='word_1_405' title='bbox 1805 3857 1909 3926; x_wconf 83' lang='grc' dir='ltr'><strong>ἀφ·</strong></span> 
     </span>
    </p>
   </div>
   <div class='ocr_carea' id='block_1_75' title="bbox 333 3951 629 4022">
    <p class='ocr_par' dir='ltr' id='par_1_75' title="bbox 333 3951 629 4022">
     <span class='ocr_line' id='line_1_76' title="bbox 333 3951 629 4022; baseline -0.007 -16"><span class='ocrx_word' id='word_1_406' title='bbox 333 3951 629 4022; x_wconf 77' lang='grc' dir='ltr'><strong>οριζέσθω.</strong></span> 
     </span>
    </p>
   </div>
   <div class='ocr_carea' id='block_1_76' title="bbox 744 4041 1520 4111">
    <p class='ocr_par' dir='ltr' id='par_1_76' title="bbox 744 4041 1520 4111">
     <span class='ocr_line' id='line_1_77' title="bbox 744 4041 1520 4111; baseline 0 -15"><span class='ocrx_word' id='word_1_407' title='bbox 744 4041 808 4096; x_wconf 89' lang='lat'><strong>&#39;0</strong></span> <span class='ocrx_word' id='word_1_408' title='bbox 841 4047 916 4110; x_wconf 84' lang='grc' dir='ltr'><strong>ιη’</strong></span> <span class='ocrx_word' id='word_1_409' title='bbox 961 4041 1074 4111; x_wconf 80' lang='grc' dir='ltr'><strong>τῆς</strong></span> <span class='ocrx_word' id='word_1_410' title='bbox 1101 4042 1173 4096; x_wconf 79' lang='grc' dir='ltr'><strong>ἐν</strong></span> <span class='ocrx_word' id='word_1_411' title='bbox 1220 4041 1520 4110; x_wconf 72' lang='grc' dir='ltr'><strong>Τρούλλφ.</strong></span> 
     </span>
    </p>
   </div>
   <div class='ocr_carea' id='block_1_77' title="bbox 407 4133 1914 4206">
    <p class='ocr_par' dir='ltr' id='par_1_77' title="bbox 407 4133 1914 4206">
     <span class='ocr_line' id='line_1_78' title="bbox 407 4133 1914 4206; baseline -0.001 -16"><span class='ocrx_word' id='word_1_412' title='bbox 407 4139 518 4192; x_wconf 76' lang='grc' dir='ltr'><strong>Καὶ</strong></span> <span class='ocrx_word' id='word_1_413' title='bbox 557 4138 587 4190; x_wconf 86' lang='grc' dir='ltr'><strong>ὁ</strong></span> <span class='ocrx_word' id='word_1_414' title='bbox 635 4135 726 4190; x_wconf 85' lang='grc' dir='ltr'><strong>διὰ</strong></span> <span class='ocrx_word' id='word_1_415' title='bbox 772 4133 1070 4206; x_wconf 74' lang='grc' dir='ltr'><strong>βαρϐάρων</strong></span> <span class='ocrx_word' id='word_1_416' title='bbox 1115 4135 1440 4206; x_wconf 73' lang='grc' dir='ltr'><strong>ἐπιδρομὴν,</strong></span> <span class='ocrx_word' id='word_1_417' title='bbox 1494 4134 1531 4206; x_wconf 73' lang='grc' dir='ltr'><strong>ἧ</strong></span> <span class='ocrx_word' id='word_1_418' title='bbox 1566 4151 1690 4189; x_wconf 88' lang='grc' dir='ltr'><strong>τινα</strong></span> <span class='ocrx_word' id='word_1_419' title='bbox 1745 4134 1914 4206; x_wconf 80' lang='grc' dir='ltr'>ἄλλην</span> 
     </span>
    </p>
   </div>
   <div class='ocr_carea' id='block_1_78' title="bbox 343 4201 1913 4300">
    <p class='ocr_par' dir='ltr' id='par_1_78' title="bbox 343 4201 1912 4300">
     <span class='ocr_line' id='line_1_79' title="bbox 343 4201 1912 4300; baseline 0 -18"><span class='ocrx_word' id='word_1_420' title='bbox 343 4229 666 4300; x_wconf 75' lang='grc' dir='ltr'><strong>περίστασιν</strong></span> <span class='ocrx_word' id='word_1_421' title='bbox 693 4201 932 4298; x_wconf 72' lang='grc' dir='ltr'><strong>ἀλλαχοῦ</strong></span> <span class='ocrx_word' id='word_1_422' title='bbox 961 4201 1255 4298; x_wconf 71' lang='grc' dir='ltr'><strong>γενόμενος</strong></span> <span class='ocrx_word' id='word_1_423' title='bbox 1284 4201 1568 4298; x_wconf 38' lang='lat' dir='ltr'><strong>impubi,</strong></span> <span class='ocrx_word' id='word_1_424' title='bbox 1615 4226 1664 4279; x_wconf 80' lang='lat' dir='ltr'><strong>sl</strong></span> <span class='ocrx_word' id='word_1_425' title='bbox 1713 4225 1790 4297; x_wconf 84' lang='grc' dir='ltr'><strong>μὴ</strong></span> <span class='ocrx_word' id='word_1_426' title='bbox 1817 4201 1912 4282; x_wconf 81' lang='grc' dir='ltr'><strong>τοῦ</strong></span> 
     </span>
    </p>
   </div>
   <div class='ocr_carea' id='block_1_79' title="bbox 2013 4201 2682 4300">
    <p class='ocr_par' dir='ltr' id='par_1_79' title="bbox 2021 4201 2682 4278">
     <span class='ocr_line' id='line_1_80' title="bbox 2021 4201 2682 4278; baseline -0.015 -14"><span class='ocrx_word' id='word_1_427' title='bbox 2021 4210 2166 4264; x_wconf 86' lang='lat' dir='ltr'><strong>aliud</strong></span> <span class='ocrx_word' id='word_1_428' title='bbox 2203 4206 2521 4278; x_wconf 86' lang='lat' dir='ltr'><strong>periculum,</strong></span> <span class='ocrx_word' id='word_1_429' title='bbox 2556 4201 2682 4257; x_wconf 84' lang='lat' dir='ltr'><strong>alibi</strong></span> 
     </span>
    </p>
   </div>
   <div class='ocr_carea' id='block_1_80' title="bbox 326 4315 1914 4407">
    <p class='ocr_par' dir='ltr' id='par_1_80' title="bbox 326 4315 1914 4407">
     <span class='ocr_line' id='line_1_81' title="bbox 326 4315 1914 4407; baseline -0.003 -33"><span class='ocrx_word' id='word_1_430' title='bbox 326 4322 513 4407; x_wconf 39' lang='grc' dir='ltr'><strong>’δεινοῦ</strong></span> <span class='ocrx_word' id='word_1_431' title='bbox 558 4319 942 4388; x_wconf 82' lang='grc' dir='ltr'><strong>παυσαμένου,</strong></span> <span class='ocrx_word' id='word_1_432' title='bbox 974 4319 1055 4380; x_wconf 78' lang='grc' dir='ltr'><strong>εἰς</strong></span> <span class='ocrx_word' id='word_1_433' title='bbox 1082 4317 1176 4371; x_wconf 77' lang='grc' dir='ltr'><strong>τὸν</strong></span> <span class='ocrx_word' id='word_1_434' title='bbox 1228 4317 1429 4372; x_wconf 85' lang='grc' dir='ltr'><strong>οἰκεῖον</strong></span> <span class='ocrx_word' id='word_1_435' title='bbox 1461 4315 1751 4371; x_wconf 74' lang='grc' dir='ltr'><strong>ἐπανέλθοι</strong></span> <span class='ocrx_word' id='word_1_436' title='bbox 1773 4317 1914 4388; x_wconf 81' lang='grc' dir='ltr'><strong>,κλῆ-</strong></span> 
     </span>
    </p>
   </div>
   <div class='ocr_carea' id='block_1_81' title="bbox 346 4409 1450 4484">
    <p class='ocr_par' dir='ltr' id='par_1_81' title="bbox 346 4409 1450 4484">
     <span class='ocr_line' id='line_1_82' title="bbox 346 4409 1450 4484; baseline 0.001 -20"><span class='ocrx_word' id='word_1_437' title='bbox 346 4431 458 4480; x_wconf 73' lang='grc' dir='ltr'><strong>ρον,</strong></span> <span class='ocrx_word' id='word_1_438' title='bbox 499 4410 876 4484; x_wconf 82' lang='grc' dir='ltr'><strong>καθαιρείσθω</strong></span> <span class='ocrx_word' id='word_1_439' title='bbox 903 4410 1000 4463; x_wconf 83' lang='grc' dir='ltr'><strong>σὺν</strong></span> <span class='ocrx_word' id='word_1_440' title='bbox 1026 4409 1106 4480; x_wconf 85' lang='grc' dir='ltr'><strong>τῷ</strong></span> <span class='ocrx_word' id='word_1_441' title='bbox 1142 4409 1450 4479; x_wconf 80' lang='grc' dir='ltr'><strong>κατέχοντι.</strong></span> 
     </span>
    </p>
   </div>
   <div class='ocr_carea' id='block_1_82' title="bbox 780 4497 1491 4570">
    <p class='ocr_par' dir='ltr' id='par_1_82' title="bbox 780 4497 1491 4570">
     <span class='ocr_line' id='line_1_83' title="bbox 780 4497 1491 4570; baseline -0.006 -13"><span class='ocrx_word' id='word_1_442' title='bbox 780 4501 843 4556; x_wconf 89' lang='lat'><strong>&#39;0</strong></span> <span class='ocrx_word' id='word_1_443' title='bbox 883 4505 929 4557; x_wconf 85' lang='grc' dir='ltr'><strong>θ’</strong></span> <span class='ocrx_word' id='word_1_444' title='bbox 961 4499 1070 4570; x_wconf 81' lang='grc' dir='ltr'><strong>τῆς</strong></span> <span class='ocrx_word' id='word_1_445' title='bbox 1101 4501 1171 4554; x_wconf 81' lang='grc' dir='ltr'><strong>ἐν</strong></span> <span class='ocrx_word' id='word_1_446' title='bbox 1203 4497 1491 4568; x_wconf 76' lang='grc' dir='ltr'><strong>Σαρδικῇ.</strong></span> 
     </span>
    </p>
   </div>
   <div class='ocr_carea' id='block_1_83' title="bbox 425 4592 1914 4665">
    <p class='ocr_par' dir='ltr' id='par_1_83' title="bbox 425 4592 1914 4665">
     <span class='ocr_line' id='line_1_84' title="bbox 425 4592 1914 4665; baseline -0.004 -15"><span class='ocrx_word' id='word_1_447' title='bbox 425 4599 482 4650; x_wconf 90' lang='lat'><strong>&#39;0</strong></span> <span class='ocrx_word' id='word_1_448' title='bbox 513 4597 571 4649; x_wconf 81' lang='grc' dir='ltr'><strong>δὲ</strong></span> <span class='ocrx_word' id='word_1_449' title='bbox 612 4595 693 4665; x_wconf 75' lang='grc' dir='ltr'><strong>μὴ</strong></span> <span class='ocrx_word' id='word_1_450' title='bbox 725 4594 1050 4665; x_wconf 81' lang='grc' dir='ltr'><strong>βουλόμενος</strong></span> <span class='ocrx_word' id='word_1_451' title='bbox 1070 4592 1330 4648; x_wconf 84' lang='grc' dir='ltr'><strong>ἀπελθεῖν</strong></span> <span class='ocrx_word' id='word_1_452' title='bbox 1354 4594 1435 4657; x_wconf 83' lang='grc' dir='ltr'><strong>εἰς</strong></span> <span class='ocrx_word' id='word_1_453' title='bbox 1459 4592 1529 4663; x_wconf 79' lang='grc' dir='ltr'><strong>ἣν</strong></span> <span class='ocrx_word' id='word_1_454' title='bbox 1547 4592 1914 4664; x_wconf 75' lang='grc' dir='ltr'><strong>κεκλήρωται,</strong></span> 
     </span>
    </p>
   </div>
   <div class='ocr_carea' id='block_1_84' title="bbox 345 4685 1098 4757">
    <p class='ocr_par' dir='ltr' id='par_1_84' title="bbox 345 4685 1098 4757">
     <span class='ocr_line' id='line_1_85' title="bbox 345 4685 1098 4757; baseline -0.003 -15"><span class='ocrx_word' id='word_1_455' title='bbox 345 4689 434 4742; x_wconf 71' lang='grc' dir='ltr'><strong>τοῦ</strong></span> <span class='ocrx_word' id='word_1_456' title='bbox 460 4685 650 4742; x_wconf 77' lang='grc' dir='ltr'><strong>λοιποῦ</strong></span> <span class='ocrx_word' id='word_1_457' title='bbox 685 4687 762 4757; x_wconf 82' lang='grc' dir='ltr'><strong>μὴ</strong></span> <span class='ocrx_word' id='word_1_458' title='bbox 786 4686 1044 4756; x_wconf 82' lang='grc' dir='ltr'><strong>δεχέσθω.</strong></span> <span class='ocrx_word' id='word_1_459' title='bbox 1095 4715 1098 4718; x_wconf 80' lang='lat'><strong><em>~</em></strong></span> 
     </span>
    </p>
   </div>
   <div class='ocr_carea' id='block_1_85' title="bbox 784 4779 1494 4835">
    <p class='ocr_par' dir='ltr' id='par_1_85' title="bbox 784 4779 1494 4835">
     <span class='ocr_line' id='line_1_86' title="bbox 784 4779 1494 4835; baseline -0.003 0"><span class='ocrx_word' id='word_1_460' title='bbox 784 4779 848 4835; x_wconf 86' lang='lat'><strong>&#39;0</strong></span> <span class='ocrx_word' id='word_1_461' title='bbox 878 4786 928 4834; x_wconf 81' lang='grc' dir='ltr'><strong>κ·</strong></span> <span class='ocrx_word' id='word_1_462' title='bbox 957 4779 1077 4833; x_wconf 72' lang='grc' dir='ltr'><strong>τιῖῐηι⁹</strong></span> <span class='ocrx_word' id='word_1_463' title='bbox 1107 4779 1494 4833; x_wconf 68' lang='grc' dir='ltr'><strong>ἀποστόλων.</strong></span> 
     </span>
    </p>
   </div>
   <div class='ocr_carea' id='block_1_86' title="bbox 271 4867 1921 4942">
    <p class='ocr_par' dir='ltr' id='par_1_86' title="bbox 271 4867 1921 4942">
     <span class='ocr_line' id='line_1_87' title="bbox 271 4867 1921 4942; baseline -0.002 -17"><span class='ocrx_word' id='word_1_464' title='bbox 271 4917 281 4925; x_wconf 94' lang='grc'><strong>.</strong></span> <span class='ocrx_word' id='word_1_465' title='bbox 420 4877 529 4928; x_wconf 80' lang='grc' dir='ltr'><strong>Καὶ</strong></span> <span class='ocrx_word' id='word_1_466' title='bbox 558 4876 614 4928; x_wconf 74' lang='lat' dir='ltr'><strong>al</strong></span> <span class='ocrx_word' id='word_1_467' title='bbox 662 4891 746 4935; x_wconf 87' lang='grc' dir='ltr'><strong>τις</strong></span> <span class='ocrx_word' id='word_1_468' title='bbox 774 4871 1006 4942; x_wconf 79' lang='grc' dir='ltr'><strong>γνώμης</strong></span> <span class='ocrx_word' id='word_1_469' title='bbox 1036 4870 1162 4940; x_wconf 78' lang='grc' dir='ltr'><strong>δίχα</strong></span> <span class='ocrx_word' id='word_1_470' title='bbox 1207 4868 1305 4922; x_wconf 81' lang='grc' dir='ltr'><strong>τοῦ</strong></span> <span class='ocrx_word' id='word_1_471' title='bbox 1360 4868 1566 4924; x_wconf 73' lang='grc' dir='ltr'><strong>οἰκείου</strong></span> <span class='ocrx_word' id='word_1_472' title='bbox 1618 4867 1921 4922; x_wconf 76' lang='grc' dir='ltr'><strong>ἐπισκόπου</strong></span> 
     </span>
    </p>
   </div>
   <div class='ocr_carea' id='block_1_87' title="bbox 351 4959 1925 5052">
    <p class='ocr_par' dir='ltr' id='par_1_87' title="bbox 351 4959 1925 5052">
     <span class='ocr_line' id='line_1_88' title="bbox 351 4959 1925 5052; baseline -0.006 -33"><span class='ocrx_word' id='word_1_473' title='bbox 351 4968 481 5035; x_wconf 78' lang='grc' dir='ltr'><strong>πρὸς</strong></span> <span class='ocrx_word' id='word_1_474' title='bbox 506 4966 668 5022; x_wconf 69' lang='grc' dir='ltr'><strong>ἄλλον</strong></span> <span class='ocrx_word' id='word_1_475' title='bbox 699 4965 901 5032; x_wconf 79' lang='grc' dir='ltr'><strong>κλῆρον</strong></span> <span class='ocrx_word' id='word_1_476' title='bbox 931 4959 1188 5018; x_wconf 79' lang='grc' dir='ltr'><strong>ἀπελθὼν</strong></span> <span class='ocrx_word' id='word_1_477' title='bbox 1221 4959 1602 5052; x_wconf 75' lang='grc' dir='ltr'><strong>προσδεχθείη,</strong></span> <span class='ocrx_word' id='word_1_478' title='bbox 1638 4959 1925 5031; x_wconf 80' lang='grc' dir='ltr'><strong>καθαιρεί-</strong></span> 
     </span>
    </p>
   </div>
   <div class='ocr_carea' id='block_1_88' title="bbox 353 5056 1045 5128">
    <p class='ocr_par' dir='ltr' id='par_1_88' title="bbox 353 5056 1045 5128">
     <span class='ocr_line' id='line_1_89' title="bbox 353 5056 1045 5128; baseline -0.006 -14"><span class='ocrx_word' id='word_1_479' title='bbox 353 5063 463 5117; x_wconf 86' lang='grc' dir='ltr'><strong>σθω</strong></span> <span class='ocrx_word' id='word_1_480' title='bbox 491 5062 590 5115; x_wconf 79' lang='grc' dir='ltr'><strong>σὺν</strong></span> <span class='ocrx_word' id='word_1_481' title='bbox 625 5058 704 5128; x_wconf 83' lang='grc' dir='ltr'><strong>τῷ</strong></span> <span class='ocrx_word' id='word_1_482' title='bbox 737 5056 1045 5127; x_wconf 82' lang='grc' dir='ltr'><strong>δεξαμένῳ.</strong></span> 
     </span>
    </p>
   </div>
   <div class='ocr_carea' id='block_1_89' title="bbox 757 5143 1555 5214">
    <p class='ocr_par' dir='ltr' id='par_1_89' title="bbox 757 5143 1555 5214">
     <span class='ocr_line' id='line_1_90' title="bbox 757 5143 1555 5214; baseline -0.009 -11"><span class='ocrx_word' id='word_1_483' title='bbox 757 5147 822 5203; x_wconf 85' lang='grc' dir='ltr'><strong><em>Ὀ</em></strong></span> <span class='ocrx_word' id='word_1_484' title='bbox 848 5145 904 5211; x_wconf 84' lang='grc' dir='ltr'><strong>ς’</strong></span> <span class='ocrx_word' id='word_1_485' title='bbox 928 5145 1040 5214; x_wconf 83' lang='grc' dir='ltr'><strong>τῆς</strong></span> <span class='ocrx_word' id='word_1_486' title='bbox 1084 5145 1155 5198; x_wconf 70' lang='grc' dir='ltr'><strong>ἐν</strong></span> <span class='ocrx_word' id='word_1_487' title='bbox 1181 5143 1555 5212; x_wconf 71' lang='grc' dir='ltr'><strong>Καρθαγένῃ.</strong></span> 
     </span>
    </p>
   </div>
   <div class='ocr_carea' id='block_1_90' title="bbox 429 5231 1926 5312">
    <p class='ocr_par' dir='ltr' id='par_1_90' title="bbox 429 5231 1926 5312">
     <span class='ocr_line' id='line_1_91' title="bbox 429 5231 1926 5312; baseline -0.011 -12"><span class='ocrx_word' id='word_1_488' title='bbox 429 5245 488 5299; x_wconf 84' lang='lat'><strong>&#39;0</strong></span> <span class='ocrx_word' id='word_1_489' title='bbox 529 5243 642 5312; x_wconf 80' lang='grc' dir='ltr'><strong>γὰρ</strong></span> <span class='ocrx_word' id='word_1_490' title='bbox 671 5239 822 5306; x_wconf 74' lang='grc' dir='ltr'><strong>ἅπαξ</strong></span> <span class='ocrx_word' id='word_1_491' title='bbox 853 5239 1122 5306; x_wconf 81' lang='grc' dir='ltr'><strong>ἀναγνοὺς</strong></span> <span class='ocrx_word' id='word_1_492' title='bbox 1152 5237 1212 5290; x_wconf 74' lang='grc' dir='ltr'><strong>ὲν</strong></span> <span class='ocrx_word' id='word_1_493' title='bbox 1240 5235 1514 5305; x_wconf 70' lang='grc' dir='ltr'><strong>ἐκκλησίᾳ</strong></span> <span class='ocrx_word' id='word_1_494' title='bbox 1543 5236 1601 5288; x_wconf 65' lang='grc' dir='ltr'><strong>ἐν</strong></span> <span class='ocrx_word' id='word_1_495' title='bbox 1629 5232 1768 5303; x_wconf 75' lang='grc' dir='ltr'><strong>ἄλλῃ</strong></span> <span class='ocrx_word' id='word_1_496' title='bbox 1789 5231 1926 5302; x_wconf 79' lang='grc' dir='ltr'><strong>πρὸς</strong></span> 
     </span>
    </p>
   </div>
   <div class='ocr_carea' id='block_1_91' title="bbox 353 5331 1038 5408">
    <p class='ocr_par' dir='ltr' id='par_1_91' title="bbox 353 5331 1038 5408">
     <span class='ocr_line' id='line_1_92' title="bbox 353 5331 1038 5408; baseline -0.007 -17"><span class='ocrx_word' id='word_1_497' title='bbox 353 5339 627 5408; x_wconf 82' lang='grc' dir='ltr'><strong>κλήρωσιν</strong></span> <span class='ocrx_word' id='word_1_498' title='bbox 666 5333 745 5405; x_wconf 81' lang='grc' dir='ltr'><strong>μὴ</strong></span> <span class='ocrx_word' id='word_1_499' title='bbox 773 5331 1038 5402; x_wconf 80' lang='grc' dir='ltr'><strong>δεχέσθω.</strong></span> 
     </span>
    </p>
   </div>
   <div class='ocr_carea' id='block_1_92' title="bbox 793 5421 1505 5488">
    <p class='ocr_par' dir='ltr' id='par_1_92' title="bbox 793 5421 1505 5488">
     <span class='ocr_line' id='line_1_93' title="bbox 793 5421 1505 5488; baseline -0.011 -8"><span class='ocrx_word' id='word_1_500' title='bbox 793 5426 856 5480; x_wconf 83' lang='lat'><strong>’0</strong></span> <span class='ocrx_word' id='word_1_501' title='bbox 876 5431 926 5478; x_wconf 81' lang='grc' dir='ltr'><strong>κ’</strong></span> <span class='ocrx_word' id='word_1_502' title='bbox 950 5421 1072 5488; x_wconf 74' lang='grc' dir='ltr'><strong>τῶν</strong></span> <span class='ocrx_word' id='word_1_503' title='bbox 1118 5421 1505 5475; x_wconf 72' lang='grc' dir='ltr'><strong>ἀποστόλων.</strong></span> 
     </span>
    </p>
   </div>
   <div class='ocr_carea' id='block_1_93' title="bbox 435 5507 1633 5592">
    <p class='ocr_par' dir='ltr' id='par_1_93' title="bbox 435 5507 1633 5592">
     <span class='ocr_line' id='line_1_94' title="bbox 435 5507 1633 5592; baseline -0.012 -17"><span class='ocrx_word' id='word_1_504' title='bbox 435 5519 711 5592; x_wconf 77' lang='grc' dir='ltr'><strong>Κληρικὺς</strong></span> <span class='ocrx_word' id='word_1_505' title='bbox 754 5514 962 5584; x_wconf 72' lang='grc' dir='ltr'><strong>ἐγγύας</strong></span> <span class='ocrx_word' id='word_1_506' title='bbox 998 5511 1202 5575; x_wconf 75' lang='grc' dir='ltr'><strong>διδοὺς,</strong></span> <span class='ocrx_word' id='word_1_507' title='bbox 1237 5507 1633 5581; x_wconf 77' lang='grc' dir='ltr'><strong>καθαιρείσθω.</strong></span> 
     </span>
    </p>
   </div>
   <div class='ocr_carea' id='block_1_94' title="bbox 1019 5601 1298 5671">
    <p class='ocr_par' dir='ltr' id='par_1_94' title="bbox 1019 5601 1298 5671">
     <span class='ocr_line' id='line_1_95' title="bbox 1019 5601 1298 5671; baseline -0.004 -17"><span class='ocrx_word' id='word_1_508' title='bbox 1019 5603 1059 5654; x_wconf 84' lang='grc' dir='ltr'>Σ</span> <span class='ocrx_word' id='word_1_509' title='bbox 1064 5601 1298 5671; x_wconf 76' lang='grc' dir='ltr'><strong>χόλιον.</strong></span> 
     </span>
    </p>
   </div>
   <div class='ocr_carea' id='block_1_95' title="bbox 434 5657 1936 5768">
    <p class='ocr_par' dir='ltr' id='par_1_95' title="bbox 434 5657 1936 5768">
     <span class='ocr_line' id='line_1_96' title="bbox 434 5657 1936 5768; baseline -0.01 -15"><span class='ocrx_word' id='word_1_510' title='bbox 434 5701 494 5754; x_wconf 84' lang='lat' dir='ltr'><strong>El</strong></span> <span class='ocrx_word' id='word_1_511' title='bbox 519 5701 586 5753; x_wconf 84' lang='grc' dir='ltr'><strong>δι’</strong></span> <span class='ocrx_word' id='word_1_512' title='bbox 642 5657 1114 5768; x_wconf 74' lang='grc' dir='ltr'><strong>αἰσχροκέρδειαὶ</strong></span> <span class='ocrx_word' id='word_1_513' title='bbox 1162 5691 1256 5768; x_wconf 57' lang='grc' dir='ltr'><strong>καί</strong></span> <span class='ocrx_word' id='word_1_514' title='bbox 1294 5687 1416 5768; x_wconf 38' lang='grc' dir='ltr'><strong>’ἐπὶ</strong></span> <span class='ocrx_word' id='word_1_515' title='bbox 1455 5657 1716 5768; x_wconf 38' lang='grc' dir='ltr'><strong>ιτελωνρν</strong></span> <span class='ocrx_word' id='word_1_516' title='bbox 1775 5685 1936 5768; x_wconf 69' lang='grc' dir='ltr'><strong>τοῦτο</strong></span> 
     </span>
    </p>
   </div>
   <div class='ocr_carea' id='block_1_96' title="bbox 362 5758 1937 5831">
    <p class='ocr_par' dir='ltr' id='par_1_96' title="bbox 362 5758 1937 5831">
     <span class='ocr_line' id='line_1_97' title="bbox 362 5758 1937 5831; baseline -0.01 -9"><span class='ocrx_word' id='word_1_517' title='bbox 362 5774 536 5822; x_wconf 75' lang='grc' dir='ltr'><strong>ποιεῖ’</strong></span> <span class='ocrx_word' id='word_1_518' title='bbox 589 5771 640 5822; x_wconf 83' lang='grc' dir='ltr'><strong>εἰ</strong></span> <span class='ocrx_word' id='word_1_519' title='bbox 671 5758 833 5821; x_wconf 55' lang='grc' dir='ltr'><strong>δὲ’ἶϋ</strong></span> <span class='ocrx_word' id='word_1_520' title='bbox 867 5758 1137 5831; x_wconf 74' lang='grc' dir='ltr'><strong>ἀνάγκην,</strong></span> <span class='ocrx_word' id='word_1_521' title='bbox 1169 5761 1263 5815; x_wconf 69' lang='grc' dir='ltr'><strong>καὶ</strong></span> <span class='ocrx_word' id='word_1_522' title='bbox 1293 5760 1388 5812; x_wconf 70' lang='grc' dir='ltr'><strong>ἐπὶ</strong></span> <span class='ocrx_word' id='word_1_523' title='bbox 1420 5758 1719 5828; x_wconf 83' lang='grc' dir='ltr'><strong>κληρικῶν,</strong></span> <span class='ocrx_word' id='word_1_524' title='bbox 1775 5760 1937 5810; x_wconf 79' lang='grc' dir='ltr'><strong>ἐπαι-</strong></span> 
     </span>
    </p>
   </div>
   <div class='ocr_carea' id='block_1_97' title="bbox 360 5855 561 5902">
    <p class='ocr_par' dir='ltr' id='par_1_97' title="bbox 360 5855 561 5902">
     <span class='ocr_line' id='line_1_98' title="bbox 360 5855 561 5902; baseline 0.015 -11"><span class='ocrx_word' id='word_1_525' title='bbox 360 5855 561 5902; x_wconf 75' lang='grc' dir='ltr'><strong>νετεος.</strong></span> 
     </span>
    </p>
   </div>
   <div class='ocr_carea' id='block_1_98' title="bbox 2013 3654 2670 3724">
    <p class='ocr_par' dir='ltr' id='par_1_98' title="bbox 2013 3654 2670 3724">
     <span class='ocr_line' id='line_1_99' title="bbox 2013 3654 2670 3724; baseline -0.012 -8"><span class='ocrx_word' id='word_1_526' title='bbox 2013 3661 2171 3724; x_wconf 85' lang='lat' dir='ltr'><strong>situs,</strong></span> <span class='ocrx_word' id='word_1_527' title='bbox 2208 3673 2316 3715; x_wconf 83' lang='lat' dir='ltr'><strong>non</strong></span> <span class='ocrx_word' id='word_1_528' title='bbox 2347 3654 2670 3713; x_wconf 79' lang='lat' dir='ltr'><strong>obediverit.</strong></span> 
     </span>
    </p>
   </div>
   <div class='ocr_carea' id='block_1_99' title="bbox 2559 3744 3050 3812">
    <p class='ocr_par' dir='ltr' id='par_1_99' title="bbox 2559 3744 3050 3812">
     <span class='ocr_line' id='line_1_100' title="bbox 2559 3744 3050 3812; baseline -0.012 -11"><span class='ocrx_word' id='word_1_529' title='bbox 2559 3747 2626 3801; x_wconf 80' lang='grc'>16</span> <span class='ocrx_word' id='word_1_530' title='bbox 2667 3744 3050 3812; x_wconf 77' lang='lat' dir='ltr'><strong>apostolorum.</strong></span> 
     </span>
    </p>
   </div>
   <div class='ocr_carea' id='block_1_100' title="bbox 2090 3831 3595 3912">
    <p class='ocr_par' dir='ltr' id='par_1_100' title="bbox 2090 3831 3595 3912">
     <span class='ocr_line' id='line_1_101' title="bbox 2090 3831 3595 3912; baseline -0.008 -15"><span class='ocrx_word' id='word_1_531' title='bbox 2090 3843 2154 3897; x_wconf 86' lang='lat' dir='ltr'><strong>Et</strong></span> <span class='ocrx_word' id='word_1_532' title='bbox 2203 3841 2514 3912; x_wconf 82' lang='lat' dir='ltr'><strong>episcopus,</strong></span> <span class='ocrx_word' id='word_1_533' title='bbox 2564 3839 2656 3910; x_wconf 80' lang='lat' dir='ltr'><strong>qui</strong></span> <span class='ocrx_word' id='word_1_534' title='bbox 2693 3837 2874 3892; x_wconf 86' lang='lat' dir='ltr'><strong>sciens</strong></span> <span class='ocrx_word' id='word_1_535' title='bbox 2907 3837 3050 3891; x_wconf 87' lang='lat' dir='ltr'><strong>hunc</strong></span> <span class='ocrx_word' id='word_1_536' title='bbox 3085 3847 3250 3904; x_wconf 82' lang='lat' dir='ltr'><strong>penes</strong></span> <span class='ocrx_word' id='word_1_537' title='bbox 3281 3847 3342 3888; x_wconf 88' lang='lat' dir='ltr'><strong>se</strong></span> <span class='ocrx_word' id='word_1_538' title='bbox 3375 3831 3595 3898; x_wconf 87' lang='lat' dir='ltr'><strong>retinet,</strong></span> 
     </span>
    </p>
   </div>
   <div class='ocr_carea' id='block_1_101' title="bbox 2019 3943 2354 4006">
    <p class='ocr_par' dir='ltr' id='par_1_101' title="bbox 2019 3943 2354 4006">
     <span class='ocr_line' id='line_1_102' title="bbox 2019 3943 2354 4006; baseline -0.018 -15"><span class='ocrx_word' id='word_1_539' title='bbox 2019 3943 2354 4006; x_wconf 74' lang='lat' dir='ltr'><strong>segregator.</strong></span> 
     </span>
    </p>
   </div>
   <div class='ocr_carea' id='block_1_102' title="bbox 2499 4015 3116 4076">
    <p class='ocr_par' dir='ltr' id='par_1_102' title="bbox 2499 4015 3116 4076">
     <span class='ocr_line' id='line_1_103' title="bbox 2499 4015 3116 4076; baseline -0.008 0"><span class='ocrx_word' id='word_1_540' title='bbox 2499 4021 2566 4076; x_wconf 74' lang='grc'><strong>18</strong></span> <span class='ocrx_word' id='word_1_541' title='bbox 2605 4020 2793 4074; x_wconf 74' lang='lat' dir='ltr'><strong>habita:</strong></span> <span class='ocrx_word' id='word_1_542' title='bbox 2824 4019 2879 4071; x_wconf 87' lang='lat' dir='ltr'><strong>in</strong></span> <span class='ocrx_word' id='word_1_543' title='bbox 2913 4015 3116 4071; x_wconf 87' lang='lat' dir='ltr'><strong>Trulla.</strong></span> 
     </span>
    </p>
   </div>
   <div class='ocr_carea' id='block_1_103' title="bbox 2091 4081 3603 4188">
    <p class='ocr_par' dir='ltr' id='par_1_103' title="bbox 2091 4081 3603 4188">
     <span class='ocr_line' id='line_1_104' title="bbox 2091 4081 3603 4188; baseline -0.011 -17"><span class='ocrx_word' id='word_1_544' title='bbox 2091 4118 2158 4171; x_wconf 87' lang='lat' dir='ltr'><strong>Et</strong></span> <span class='ocrx_word' id='word_1_545' title='bbox 2192 4117 2283 4188; x_wconf 88' lang='lat' dir='ltr'><strong>qui</strong></span> <span class='ocrx_word' id='word_1_546' title='bbox 2323 4123 2541 4185; x_wconf 86' lang='lat' dir='ltr'><strong>propter</strong></span> <span class='ocrx_word' id='word_1_547' title='bbox 2573 4115 2852 4167; x_wconf 89' lang='lat' dir='ltr'><strong>incursum</strong></span> <span class='ocrx_word' id='word_1_548' title='bbox 2902 4107 3288 4167; x_wconf 84' lang='lat' dir='ltr'><strong>Barbarorum,</strong></span> <span class='ocrx_word' id='word_1_549' title='bbox 3336 4103 3416 4156; x_wconf 82' lang='lat' dir='ltr'><strong>vel</strong></span> <span class='ocrx_word' id='word_1_550' title='bbox 3451 4081 3603 4171; x_wconf 70' lang='lat' dir='ltr'><strong>quod</strong></span> 
     </span>
    </p>
   </div>
   <div class='ocr_carea' id='block_1_104' title="bbox 2734 4193 3594 4257">
    <p class='ocr_par' dir='ltr' id='par_1_104' title="bbox 2734 4193 3594 4257">
     <span class='ocr_line' id='line_1_105' title="bbox 2734 4193 3594 4257; baseline -0.009 -5"><span class='ocrx_word' id='word_1_551' title='bbox 2734 4199 2906 4254; x_wconf 78' lang='lat' dir='ltr'><strong>lactus</strong></span> <span class='ocrx_word' id='word_1_552' title='bbox 2939 4205 3023 4251; x_wconf 91' lang='lat' dir='ltr'><strong>cst</strong></span> <span class='ocrx_word' id='word_1_553' title='bbox 3053 4193 3302 4257; x_wconf 85' lang='lat' dir='ltr'><strong>clericus,</strong></span> <span class='ocrx_word' id='word_1_554' title='bbox 3337 4193 3441 4246; x_wconf 90' lang='lat' dir='ltr'><strong>nisi</strong></span> <span class='ocrx_word' id='word_1_555' title='bbox 3473 4207 3594 4245; x_wconf 87' lang='lat' dir='ltr'><strong>cum</strong></span> 
     </span>
    </p>
   </div>
   <div class='ocr_carea' id='block_1_105' title="bbox 2030 4285 3605 4356">
    <p class='ocr_par' dir='ltr' id='par_1_105' title="bbox 2030 4285 3605 4356">
     <span class='ocr_line' id='line_1_106' title="bbox 2030 4285 3605 4356; baseline -0.013 0"><span class='ocrx_word' id='word_1_556' title='bbox 2030 4301 2228 4356; x_wconf 84' lang='lat' dir='ltr'><strong>malum</strong></span> <span class='ocrx_word' id='word_1_557' title='bbox 2277 4296 2572 4354; x_wconf 83' lang='lat' dir='ltr'><strong>cessaverit</strong></span> <span class='ocrx_word' id='word_1_558' title='bbox 2617 4307 2771 4348; x_wconf 86' lang='lat' dir='ltr'><strong>suum</strong></span> <span class='ocrx_word' id='word_1_559' title='bbox 2805 4292 2872 4344; x_wconf 88' lang='lat' dir='ltr'><strong>ad</strong></span> <span class='ocrx_word' id='word_1_560' title='bbox 2904 4289 3108 4344; x_wconf 88' lang='lat' dir='ltr'><strong>clerum</strong></span> <span class='ocrx_word' id='word_1_561' title='bbox 3144 4285 3388 4350; x_wconf 78' lang='lat' dir='ltr'><strong>redierit,</strong></span> <span class='ocrx_word' id='word_1_562' title='bbox 3440 4285 3605 4354; x_wconf 85' lang='lat' dir='ltr'><strong>depo-</strong></span> 
     </span>
    </p>
   </div>
   <div class='ocr_carea' id='block_1_106' title="bbox 2023 4377 3423 4454">
    <p class='ocr_par' dir='ltr' id='par_1_106' title="bbox 2023 4377 3423 4454">
     <span class='ocr_line' id='line_1_107' title="bbox 2023 4377 3423 4454; baseline -0.011 -5"><span class='ocrx_word' id='word_1_563' title='bbox 2023 4379 2176 4450; x_wconf 82' lang='lat' dir='ltr'><strong>nitur</strong></span> <span class='ocrx_word' id='word_1_564' title='bbox 2206 4406 2312 4446; x_wconf 90' lang='lat' dir='ltr'><strong>una</strong></span> <span class='ocrx_word' id='word_1_565' title='bbox 2342 4403 2468 4445; x_wconf 91' lang='lat' dir='ltr'><strong>cum</strong></span> <span class='ocrx_word' id='word_1_566' title='bbox 2496 4387 2612 4449; x_wconf 91' lang='lat' dir='ltr'><strong>illo,</strong></span> <span class='ocrx_word' id='word_1_567' title='bbox 2645 4383 2736 4454; x_wconf 87' lang='lat' dir='ltr'><strong>qni</strong></span> <span class='ocrx_word' id='word_1_568' title='bbox 2769 4397 2890 4438; x_wconf 89' lang='lat' dir='ltr'><strong>eum</strong></span> <span class='ocrx_word' id='word_1_569' title='bbox 2916 4395 3084 4450; x_wconf 85' lang='lat' dir='ltr'><strong>penes</strong></span> <span class='ocrx_word' id='word_1_570' title='bbox 3117 4392 3178 4434; x_wconf 80' lang='lat' dir='ltr'><strong>se</strong></span> <span class='ocrx_word' id='word_1_571' title='bbox 3205 4377 3423 4433; x_wconf 81' lang='lat' dir='ltr'><strong>retinet.</strong></span> 
     </span>
    </p>
   </div>
   <div class='ocr_carea' id='block_1_107' title="bbox 2605 4474 3028 4533">
    <p class='ocr_par' dir='ltr' id='par_1_107' title="bbox 2605 4474 3028 4533">
     <span class='ocr_line' id='line_1_108' title="bbox 2605 4474 3028 4533; baseline -0.019 0"><span class='ocrx_word' id='word_1_572' title='bbox 2605 4477 2638 4533; x_wconf 84' lang='lat'><strong>9</strong></span> <span class='ocrx_word' id='word_1_573' title='bbox 2671 4474 3028 4532; x_wconf 84' lang='lat' dir='ltr'><strong>Sardirensis.</strong></span> 
     </span>
    </p>
   </div>
   <div class='ocr_carea' id='block_1_108' title="bbox 2097 4556 3607 4642">
    <p class='ocr_par' dir='ltr' id='par_1_108' title="bbox 2097 4556 3607 4642">
     <span class='ocr_line' id='line_1_109' title="bbox 2097 4556 3607 4642; baseline -0.013 -12"><span class='ocrx_word' id='word_1_574' title='bbox 2097 4576 2199 4642; x_wconf 83' lang='lat' dir='ltr'><strong>Qui</strong></span> <span class='ocrx_word' id='word_1_575' title='bbox 2246 4573 2398 4628; x_wconf 87' lang='lat' dir='ltr'><strong>abire</strong></span> <span class='ocrx_word' id='word_1_576' title='bbox 2427 4585 2534 4625; x_wconf 87' lang='lat' dir='ltr'><strong>non</strong></span> <span class='ocrx_word' id='word_1_577' title='bbox 2579 4567 2697 4623; x_wconf 77' lang='lat' dir='ltr'><strong>vult</strong></span> <span class='ocrx_word' id='word_1_578' title='bbox 2741 4566 2808 4619; x_wconf 83' lang='lat' dir='ltr'><strong>ad</strong></span> <span class='ocrx_word' id='word_1_579' title='bbox 2839 4561 3148 4625; x_wconf 85' lang='lat' dir='ltr'><strong>ecclesiam,</strong></span> <span class='ocrx_word' id='word_1_580' title='bbox 3181 4557 3338 4629; x_wconf 80' lang='lat' dir='ltr'><strong>cujus</strong></span> <span class='ocrx_word' id='word_1_581' title='bbox 3367 4556 3607 4612; x_wconf 86' lang='lat' dir='ltr'><strong>clericus</strong></span> 
     </span>
    </p>
   </div>
   <div class='ocr_carea' id='block_1_109' title="bbox 2027 4653 3179 4728">
    <p class='ocr_par' dir='ltr' id='par_1_109' title="bbox 2027 4653 3179 4728">
     <span class='ocr_line' id='line_1_110' title="bbox 2027 4653 3179 4728; baseline -0.016 -6"><span class='ocrx_word' id='word_1_582' title='bbox 2027 4668 2202 4723; x_wconf 76' lang='lat' dir='ltr'><strong>lactus</strong></span> <span class='ocrx_word' id='word_1_583' title='bbox 2229 4673 2336 4728; x_wconf 86' lang='lat' dir='ltr'><strong>est,</strong></span> <span class='ocrx_word' id='word_1_584' title='bbox 2371 4663 2440 4718; x_wconf 89' lang='lat' dir='ltr'><strong>de</strong></span> <span class='ocrx_word' id='word_1_585' title='bbox 2469 4670 2672 4716; x_wconf 66' lang='lat' dir='ltr'><strong>caetero</strong></span> <span class='ocrx_word' id='word_1_586' title='bbox 2701 4671 2807 4711; x_wconf 91' lang='lat' dir='ltr'><strong>non</strong></span> <span class='ocrx_word' id='word_1_587' title='bbox 2852 4653 3179 4709; x_wconf 74' lang='lat' dir='ltr'><strong>atlniittitor.</strong></span> 
     </span>
    </p>
   </div>
   <div class='ocr_carea' id='block_1_110' title="bbox 2586 4747 3061 4816">
    <p class='ocr_par' dir='ltr' id='par_1_110' title="bbox 2586 4747 3061 4816">
     <span class='ocr_line' id='line_1_111' title="bbox 2586 4747 3061 4816; baseline -0.013 -14"><span class='ocrx_word' id='word_1_588' title='bbox 2586 4749 2656 4804; x_wconf 73' lang='lat'><strong>20</strong></span> <span class='ocrx_word' id='word_1_589' title='bbox 2682 4747 3061 4816; x_wconf 74' lang='lat' dir='ltr'><strong>apostolorum.</strong></span> 
     </span>
    </p>
   </div>
   <div class='ocr_carea' id='block_1_111' title="bbox 2100 4827 3609 4916">
    <p class='ocr_par' dir='ltr' id='par_1_111' title="bbox 2100 4827 3609 4916">
     <span class='ocr_line' id='line_1_112' title="bbox 2100 4827 3609 4916; baseline -0.014 -14"><span class='ocrx_word' id='word_1_590' title='bbox 2100 4847 2166 4902; x_wconf 76' lang='lat' dir='ltr'><strong>Et</strong></span> <span class='ocrx_word' id='word_1_591' title='bbox 2200 4847 2246 4903; x_wconf 86' lang='lat' dir='ltr'><strong>si</strong></span> <span class='ocrx_word' id='word_1_592' title='bbox 2277 4844 2400 4916; x_wconf 86' lang='lat' dir='ltr'><strong>quis</strong></span> <span class='ocrx_word' id='word_1_593' title='bbox 2444 4841 2649 4911; x_wconf 81' lang='lat' dir='ltr'><strong>absque</strong></span> <span class='ocrx_word' id='word_1_594' title='bbox 2683 4836 2952 4894; x_wconf 81' lang='lat' dir='ltr'><strong>sententia</strong></span> <span class='ocrx_word' id='word_1_595' title='bbox 2997 4833 3081 4888; x_wconf 85' lang='lat' dir='ltr'><strong>sui</strong></span> <span class='ocrx_word' id='word_1_596' title='bbox 3132 4829 3369 4900; x_wconf 83' lang='lat' dir='ltr'><strong>episcopi</strong></span> <span class='ocrx_word' id='word_1_597' title='bbox 3427 4827 3609 4898; x_wconf 79' lang='lat' dir='ltr'><strong>prole-</strong></span> 
     </span>
    </p>
   </div>
   <div class='ocr_carea' id='block_1_112' title="bbox 2029 4924 3606 5000">
    <p class='ocr_par' dir='ltr' id='par_1_112' title="bbox 2029 4924 3606 5000">
     <span class='ocr_line' id='line_1_113' title="bbox 2029 4924 3606 5000; baseline -0.015 -1"><span class='ocrx_word' id='word_1_598' title='bbox 2029 4954 2150 4999; x_wconf 83' lang='lat' dir='ltr'><strong>ctus</strong></span> <span class='ocrx_word' id='word_1_599' title='bbox 2181 4941 2248 4995; x_wconf 86' lang='lat' dir='ltr'><strong>ad</strong></span> <span class='ocrx_word' id='word_1_600' title='bbox 2287 4937 2448 4992; x_wconf 85' lang='lat' dir='ltr'><strong>alium</strong></span> <span class='ocrx_word' id='word_1_601' title='bbox 2470 4935 2697 4994; x_wconf 84' lang='lat' dir='ltr'><strong>clerum.</strong></span> <span class='ocrx_word' id='word_1_602' title='bbox 2727 4939 2978 5000; x_wconf 81' lang='lat' dir='ltr'><strong>receptus</strong></span> <span class='ocrx_word' id='word_1_603' title='bbox 3003 4924 3188 4991; x_wconf 82' lang='lat' dir='ltr'><strong>fuerit,</strong></span> <span class='ocrx_word' id='word_1_604' title='bbox 3233 4938 3339 4979; x_wconf 83' lang='lat' dir='ltr'><strong>una</strong></span> <span class='ocrx_word' id='word_1_605' title='bbox 3367 4937 3490 4978; x_wconf 90' lang='lat' dir='ltr'><strong>cum</strong></span> <span class='ocrx_word' id='word_1_606' title='bbox 3521 4937 3606 4988; x_wconf 87' lang='lat' dir='ltr'><strong>eo,</strong></span> 
     </span>
    </p>
   </div>
   <div class='ocr_carea' id='block_1_113' title="bbox 2032 5021 3041 5107">
    <p class='ocr_par' dir='ltr' id='par_1_113' title="bbox 2032 5021 3041 5107">
     <span class='ocr_line' id='line_1_114' title="bbox 2032 5021 3041 5107; baseline -0.022 -16"><span class='ocrx_word' id='word_1_607' title='bbox 2032 5036 2120 5107; x_wconf 91' lang='lat' dir='ltr'><strong>qui</strong></span> <span class='ocrx_word' id='word_1_608' title='bbox 2163 5034 2436 5088; x_wconf 88' lang='lat' dir='ltr'><strong>hominem</strong></span> <span class='ocrx_word' id='word_1_609' title='bbox 2467 5025 2700 5096; x_wconf 90' lang='lat' dir='ltr'><strong>recepit,</strong></span> <span class='ocrx_word' id='word_1_610' title='bbox 2735 5021 3041 5091; x_wconf 86' lang='lat' dir='ltr'><strong>dcponitor.</strong></span> 
     </span>
    </p>
   </div>
   <div class='ocr_carea' id='block_1_114' title="bbox 2543 5111 3094 5185">
    <p class='ocr_par' dir='ltr' id='par_1_114' title="bbox 2543 5111 3094 5185">
     <span class='ocr_line' id='line_1_115' title="bbox 2543 5111 3094 5185; baseline -0.024 -7"><span class='ocrx_word' id='word_1_611' title='bbox 2543 5119 2576 5178; x_wconf 83' lang='lat'><strong><em>6</em></strong></span> <span class='ocrx_word' id='word_1_612' title='bbox 2614 5111 3094 5185; x_wconf 74' lang='lat' dir='ltr'><strong>Carthaginiensis.</strong></span> 
     </span>
    </p>
   </div>
   <div class='ocr_carea' id='block_1_115' title="bbox 2103 5201 3682 5288">
    <p class='ocr_par' dir='ltr' id='par_1_115' title="bbox 2103 5201 3682 5288">
     <span class='ocr_line' id='line_1_116' title="bbox 2103 5201 3682 5288; baseline -0.013 -14"><span class='ocrx_word' id='word_1_613' title='bbox 2103 5219 2239 5274; x_wconf 85' lang='lat' dir='ltr'><strong>Nam</strong></span> <span class='ocrx_word' id='word_1_614' title='bbox 2262 5217 2354 5288; x_wconf 86' lang='lat' dir='ltr'><strong>qui</strong></span> <span class='ocrx_word' id='word_1_615' title='bbox 2385 5213 2558 5271; x_wconf 89' lang='lat' dir='ltr'><strong>semel</strong></span> <span class='ocrx_word' id='word_1_616' title='bbox 2592 5212 2647 5266; x_wconf 89' lang='lat' dir='ltr'><strong>in</strong></span> <span class='ocrx_word' id='word_1_617' title='bbox 2683 5208 2917 5266; x_wconf 85' lang='lat' dir='ltr'><strong>ecclesia</strong></span> <span class='ocrx_word' id='word_1_618' title='bbox 2977 5203 3209 5276; x_wconf 85' lang='lat' dir='ltr'><strong>quadam</strong></span> <span class='ocrx_word' id='word_1_619' title='bbox 3239 5201 3461 5260; x_wconf 87' lang='lat' dir='ltr'><strong>lectoris</strong></span> <span class='ocrx_word' id='word_1_620' title='bbox 3492 5217 3610 5256; x_wconf 78' lang='lat' dir='ltr'><strong>mu-</strong></span> <span class='ocrx_word' id='word_1_621' title='bbox 3679 5226 3682 5230; x_wconf 90' lang='lat'><strong>-</strong></span> 
     </span>
    </p>
   </div>
   <div class='ocr_carea' id='block_1_116' title="bbox 2036 5294 3570 5374">
    <p class='ocr_par' dir='ltr' id='par_1_116' title="bbox 2036 5294 3570 5374">
     <span class='ocr_line' id='line_1_117' title="bbox 2036 5294 3570 5374; baseline -0.014 -6"><span class='ocrx_word' id='word_1_622' title='bbox 2036 5325 2138 5368; x_wconf 87' lang='lat' dir='ltr'><strong>nus</strong></span> <span class='ocrx_word' id='word_1_623' title='bbox 2164 5308 2324 5374; x_wconf 79' lang='lat' dir='ltr'><strong>obiit,</strong></span> <span class='ocrx_word' id='word_1_624' title='bbox 2356 5305 2403 5362; x_wconf 88' lang='lat' dir='ltr'><strong>is</strong></span> <span class='ocrx_word' id='word_1_625' title='bbox 2430 5305 2486 5360; x_wconf 89' lang='lat' dir='ltr'><strong>in</strong></span> <span class='ocrx_word' id='word_1_626' title='bbox 2516 5303 2618 5358; x_wconf 88' lang='lat' dir='ltr'><strong>alia</strong></span> <span class='ocrx_word' id='word_1_627' title='bbox 2652 5301 2718 5354; x_wconf 88' lang='lat' dir='ltr'><strong>ad</strong></span> <span class='ocrx_word' id='word_1_628' title='bbox 2746 5297 3068 5353; x_wconf 87' lang='lat' dir='ltr'><strong>clericatum</strong></span> <span class='ocrx_word' id='word_1_629' title='bbox 3107 5309 3215 5352; x_wconf 92' lang='lat' dir='ltr'><strong>non</strong></span> <span class='ocrx_word' id='word_1_630' title='bbox 3246 5294 3570 5351; x_wconf 85' lang='lat' dir='ltr'><strong>admittitor.</strong></span> 
     </span>
    </p>
   </div>
   <div class='ocr_carea' id='block_1_117' title="bbox 2583 5389 3086 5459">
    <p class='ocr_par' dir='ltr' id='par_1_117' title="bbox 2583 5389 3086 5459">
     <span class='ocr_line' id='line_1_118' title="bbox 2583 5389 3086 5459; baseline -0.01 -12"><span class='ocrx_word' id='word_1_631' title='bbox 2583 5393 2653 5449; x_wconf 76' lang='lat'><strong>20</strong></span> <span class='ocrx_word' id='word_1_632' title='bbox 2705 5389 3086 5459; x_wconf 84' lang='lat' dir='ltr'><strong>apostolorum.</strong></span> 
     </span>
    </p>
   </div>
   <div class='ocr_carea' id='block_1_118' title="bbox 2109 5465 3522 5559">
    <p class='ocr_par' dir='ltr' id='par_1_118' title="bbox 2109 5465 3522 5559">
     <span class='ocr_line' id='line_1_119' title="bbox 2109 5465 3522 5559; baseline -0.018 -7"><span class='ocrx_word' id='word_1_633' title='bbox 2109 5493 2380 5556; x_wconf 78' lang='lat' dir='ltr'><strong>Clericus,</strong></span> <span class='ocrx_word' id='word_1_634' title='bbox 2407 5488 2498 5559; x_wconf 86' lang='lat' dir='ltr'><strong>qui</strong></span> <span class='ocrx_word' id='word_1_635' title='bbox 2534 5481 2915 5552; x_wconf 83' lang='lat' dir='ltr'><strong>lidejussiones</strong></span> <span class='ocrx_word' id='word_1_636' title='bbox 2941 5465 3182 5550; x_wconf 68' lang='lat' dir='ltr'><strong>praestat,</strong></span> <span class='ocrx_word' id='word_1_637' title='bbox 3215 5475 3522 5546; x_wconf 88' lang='lat' dir='ltr'><strong>deponitor.</strong></span> 
     </span>
    </p>
   </div>
   <div class='ocr_carea' id='block_1_119' title="bbox 2687 5572 2980 5629">
    <p class='ocr_par' dir='ltr' id='par_1_119' title="bbox 2687 5572 2980 5629">
     <span class='ocr_line' id='line_1_120' title="bbox 2687 5572 2980 5629; baseline -0.017 0"><span class='ocrx_word' id='word_1_638' title='bbox 2687 5572 2980 5629; x_wconf 85' lang='lat' dir='ltr'><strong>Scholium.</strong></span> 
     </span>
    </p>
   </div>
   <div class='ocr_carea' id='block_1_120' title="bbox 2116 5656 3616 5747">
    <p class='ocr_par' dir='ltr' id='par_1_120' title="bbox 2116 5656 3616 5747">
     <span class='ocr_line' id='line_1_121' title="bbox 2116 5656 3616 5747; baseline -0.022 -11"><span class='ocrx_word' id='word_1_639' title='bbox 2116 5682 2171 5737; x_wconf 90' lang='lat' dir='ltr'><strong>Si</strong></span> <span class='ocrx_word' id='word_1_640' title='bbox 2227 5684 2445 5747; x_wconf 73' lang='lat' dir='ltr'><strong>propter</strong></span> <span class='ocrx_word' id='word_1_641' title='bbox 2493 5680 2650 5747; x_wconf 56' lang='lat' dir='ltr'><strong>turpe</strong></span> <span class='ocrx_word' id='word_1_642' title='bbox 2700 5667 2938 5747; x_wconf 73' lang='lat' dir='ltr'><strong>lucrum.</strong></span> <span class='ocrx_word' id='word_1_643' title='bbox 2996 5672 3052 5717; x_wconf 86' lang='lat' dir='ltr'><strong>et</strong></span> <span class='ocrx_word' id='word_1_644' title='bbox 3102 5656 3616 5747; x_wconf 56' lang='lat' dir='ltr'><strong>in_pttlili_t:enot:unt</strong></span> 
     </span>
    </p>
   </div>
   <div class='ocr_carea' id='block_1_121' title="bbox 2045 5732 3617 5807">
    <p class='ocr_par' dir='ltr' id='par_1_121' title="bbox 2045 5732 3617 5807">
     <span class='ocr_line' id='line_1_122' title="bbox 2045 5732 3617 5807; baseline -0.02 0"><span class='ocrx_word' id='word_1_645' title='bbox 2045 5732 2491 5807; x_wconf 58' lang='lat' dir='ltr'><strong>causis&#39;id&#39;facit.</strong></span> <span class='ocrx_word' id='word_1_646' title='bbox 2529 5732 2626 5794; x_wconf 76' lang='lat' dir='ltr'><strong>Sin</strong></span> <span class='ocrx_word' id='word_1_647' title='bbox 2678 5735 2929 5807; x_wconf 74' lang='lat' dir='ltr'><strong>alicujus</strong></span> <span class='ocrx_word' id='word_1_648' title='bbox 2957 5732 3295 5807; x_wconf 81' lang='lat' dir='ltr'><strong>necessitatis</strong></span> <span class='ocrx_word' id='word_1_649' title='bbox 3345 5732 3617 5795; x_wconf 84' lang='lat' dir='ltr'><strong>respectu,</strong></span> 
     </span>
    </p>
   </div>
   <div class='ocr_carea' id='block_1_122' title="bbox 2046 5803 3315 5879">
    <p class='ocr_par' dir='ltr' id='par_1_122' title="bbox 2046 5803 3315 5879">
     <span class='ocr_line' id='line_1_123' title="bbox 2046 5803 3315 5879; baseline -0.021 -2"><span class='ocrx_word' id='word_1_650' title='bbox 2046 5803 2104 5879; x_wconf 72' lang='grc' dir='ltr'><strong>ἐῐ</strong></span> <span class='ocrx_word' id='word_1_651' title='bbox 2133 5823 2186 5874; x_wconf 89' lang='lat' dir='ltr'><strong>in</strong></span> <span class='ocrx_word' id='word_1_652' title='bbox 2217 5816 2540 5874; x_wconf 79' lang='lat' dir='ltr'><strong>clericorum</strong></span> <span class='ocrx_word' id='word_1_653' title='bbox 2574 5807 2778 5872; x_wconf 79' lang='lat' dir='ltr'><strong>causis,</strong></span> <span class='ocrx_word' id='word_1_654' title='bbox 2809 5803 3022 5858; x_wconf 81' lang='lat' dir='ltr'><strong>laudent</strong></span> <span class='ocrx_word' id='word_1_655' title='bbox 3054 5804 3315 5855; x_wconf 80' lang='lat' dir='ltr'><strong>meretur.</strong></span> 
     </span>
    </p>
   </div>
  </div>
