4132 6294
685 521 749 582 '0
773 526 836 581 ts'
866 507 975 596 τῆς
998 528 1068 582 ἐν
1096 521 1465 597 Καρθαγένῃ.

350 618 637 691 Κληρικδς
671 621 704 692 ἢ
734 620 1034 692 ίερωμὲνος
1084 620 1509 689 ἐγκαλούμενος,
1559 621 1608 673 εί
1638 621 1734 690 τὴν
1766 621 1858 674 ἐκ·

277 713 522 784 κλησίαν
550 714 727 781 ἀφεὶς,
756 711 835 784 τῷ
867 713 1117 783 δημοσίῳ
1149 713 1519 784 προσδρὰμοι,
1551 713 1601 766 εί
1640 713 1742 783 μὲν
1769 712 1858 765 ἐπ’

282 807 708 877 ἐγκληματικοίς
743 804 1056 873 ἐγκαλοῖτο,
1104 806 1199 858 καὶ
1229 799 1548 866 ’δικαιωθεὶς
1593 805 1685 857 τὸν
1728 803 1859 856 ίδιον

1497 394 1838 478 canona
1872 396 2270 481 CANONﬁM.

1879 536 1927 593 Δ

3431 412 3528 483 106

2450 530 2518 585 15
2561 522 3018 600 Carthaginem“.
3311 597 3316 602 _

2033 620 2300 684 Clericus.
2353 620 2446 677 aut
2502 623 2778 690 sacerdos,
2823 624 2914 693 qui
2947 630 3170 679 vocatur
3229 623 3283 677 in
3329 623 3442 692 jus,
3485 629 3534 683 si

1960 711 2189 766 ecclesia
2225 713 2436 777 relicta,
2472 713 2746 781 publicum
2787 713 2853 766 ad
2893 712 3157 784 judicium
3187 716 3531 782 cucurrerit;

1961 802 2226 869 siquidem
2284 803 2353 858 ob
2402 801 2714 858 criminales
2759 818 2954 858 causas
3004 818 3313 870 accusatur,
3363 805 3532 858 etiam

285 900 539 954 ἀπολέσει
563 897 796 969 βαθμόν·
828 897 878 950 εί
923 897 982 950 δὲ
1023 898 1116 950 ἐπὶ
1142 897 1461 962 πολιτικοῖς,
1486 895 1742 950 ἀπολέσει
1766 896 1854 948 τδν

1960 893 2182 948 obtenta
2203 892 2328 963 jure
2357 893 2585 960 gradum
2616 909 2774 950 suum
2805 895 3056 950 amittet:
3094 895 3176 949 sin
3210 897 3278 951 ob
3321 895 3530 960 civiles,

283 992 488 1045 δίκαιον
510 988 698 1056 αὑτοῦ,
730 991 779 1041 εἰ
808 989 901 1042 τὸν
927 988 1060 1042 ίδιον
1081 987 1288 1058 βαθμὸν
1309 987 1557 1056 ἐθελήσει
1580 986 1855 1054 κατέχειν.

282 1081 390 1132 Καὶ
416 1081 513 1132 ἐὰν
541 1079 646 1132 ὑπό
671 1095 836 1132 τινων
861 1078 1137 1135 δικαστῶν
1166 1077 1608 1141 καταδικασθεὶς,
1634 1077 1713 1139 εἰς
1737 1075 1856 1128 ἑτέ-

278 1187 408 1239 ρους
459 1169 718 1241 μείζονας
769 1170 1122 1242 καταδράμῃ,
1173 1169 1268 1223 καὶ
1313 1167 1446 1238 παρ’
1494 1166 1728 1229 ἐκείνοις
1771 1165 1858 1218 δι-

274 1256 519 1332 καιωθῇ,
547 1262 598 1314 οἱ
633 1261 1072 1332 προδικάσαντες
1099 1261 1173 1331 μὴ
1203 1257 1658 1331 βλαπτέσθωσαψ
1697 1257 1746 1309 εί
1779 1257 1854 1328 μή

272 1373 382 1407 που
443 1356 586 1409 κατὰ
640 1354 937 1425 ἔχθραν,ἢ
993 1353 1457 1425 δωροδοκηθέντες
1515 1350 1852 1421 ἐλεγχθῶσιν

272 1452 486 1501 ἐκεῖνον
518 1448 905 1501 καταδικάσαι.
929 1448 1043 1501 Καὶ
1064 1449 1178 1509 τοῖς
1204 1445 1349 1500 κατὰ
1377 1445 1684 1497 συναίνεσιν
1703 1440 1856 1494 ἐκλέ-

272 1542 401 1606 East
425 1524 714 1605 δικαστὰς,
744 1539 841 1592 καὶ
865 1538 1214 1608 ὀλιγωτέροις
1247 1535 1368 1589 οὖσι
1389 1534 1484 1589 τοῦ
1510 1534 1744 1598 δέοντος,
1777 1532 1854 1604 μὴ

269 1633 483 1694 ἐξέστω
514 1630 886 1684 ἐκκαλεῖσθαι.
938 1631 1048 1684 Καὶ
1076 1631 1144 1682 τὰ
1185 1628 1353 1682 τέκνα
1393 1626 1505 1678 τῶν
1547 1623 1850 1696 κληρικῶν,

268 1725 516 1790 θεωρεϊα
539 1723 778 1791 κοσμικὰ
803 1723 879 1791 μὴ
899 1721 1261 1783 ποιείτωσαν,
1290 1719 1426 1788 μηδὲ
1449 1716 1849 1788 θεωρείτωσανο

269 1815 440 1868 τοῦτο
473 1815 528 1868 δὲ
562 1814 655 1868 καὶ
685 1814 822 1866 πᾶσι
852 1813 1206 1883 Χριστιανοῖς
1241 1811 1562 1881 ἀπείρηται.

644 1994 710 2048 Ὃ
746 1990 837 2061 κη’
865 1990 975 2058 τῆς
1023 1991 1092 2046 ἐν
1125 1988 1499 2060 Καρθαγῶθῃ.

351 2084 626 2156 Κληρικοὶ
651 2077 1014 2154 δικαζόμενοι,
1045 2084 1142 2135 ἐὰν
1173 2083 1248 2153 μὴ
1275 2085 1342 2153 τῇ
1366 2079 1548 2152 κρίσει
1579 2078 1674 2132 τοῦ
1701 2077 1850 2146 σφῶν

268 2179 584 2233 ἐπισκόπου
602 2177 955 2247 ἀρέσκονται,
984 2175 1122 2247 μετὰ
1145 2175 1507 2235 συναινέσεως
1526 2171 1693 2226 αὑτοῦ
1717 2171 1853 2240 πρὸς

267 2271 407 2332 τοὺς
458 2269 712 2338 γείτονας
760 2266 1192 2338 ἀπερχέσθωσαν
1226 2265 1636 2336 κριθησόμενοι.
1684 2264 1746 2316 Εἰ
1797 2262 1900 2317 δέ-

278 2361 358 2430 μὴ
387 2361 458 2429 τῇ
483 2358 692 2410 τούτων
723 2356 1066 2427 ἀρέσκοιντο,
1102 2355 1236 2426 πρὸς
1258 2357 1349 2408 τὸν
1379 2352 1728 2422 πρωτεύοντα
1751 2355 1852 2422 τῆς

271 2450 572 2521 ἐπαρχίας.
605 2448 748 2519 Πρὸς
775 2447 966 2518 ἕτερον
993 2445 1050 2500 δὲ
1085 2445 1434 2510 ἀπελθόντες,
1467 2442 1850 2511 ἁκοινώνητοι.

846 2625 902 2678 '0
934 2631 1059 2693 pxa’
1085 2623 1301 2694 αὐτῆς.

351 2720 462 2773 Καὶ
491 2717 746 2789 κληρικοὶ
769 2717 924 2782 δίκας
964 2717 1202 2787 ἔχοντες,
1233 2717 1284 2769 εί
1309 2713 1387 2784 τῷ
1425 2711 1714 2784 ἐπισκόπῳ
1749 2710 1850 2764 αὖ·

274 2814 386 2868 τῶν
421 2813 789 2882 μεμφόμενοι,
825 2811 902 2883 μὴ
934 2811 1082 2881 παρὰ
1130 2811 1244 2872 τοῖς
1287 2807 1495 2876 γείτοσι
1544 2803 1851 2860 συναινέσει

276 2902 464 2969 αὐτοῦ,
498 2901 638 2956 ἀλλὰ
674 2903 791 2965 τοῖς
825 2901 1001 2972 πέραν
1025 2899 1363 2964 δικάσαιντο,
1389 2897 1772 2965 ἁκοινώνητοι.

839 3075 904 3135 ⁵0
935 3083 1023 3134 νϐ’
1051 3079 1300 3145 ταύτης.

1953 984 2046 1054 itis
2077 1001 2232 1042 suum
2279 989 2509 1053 amittet,
2547 987 2594 1041 si
2634 987 2858 1057 gradum
2904 1002 3060 1042 suum
3097 988 3334 1042 retinere
3364 989 3528 1042 volet.

1959 1072 2145 1135 Itidem
2189 1080 2231 1134 si
2280 1095 2308 1132 a
2344 1079 2618 1148 judicibus
2647 1077 2970 1148 quibusdam
3009 1081 3421 1156 condemnatus,
3463 1083 3530 1136 ad

1958 1170 2099 1225 alios
2149 1171 2454 1240 superiores
2507 1171 2835 1238 cucurrerit,
2892 1169 3054 1240 atque
3097 1171 3238 1240 apud
3282 1173 3401 1227 illos
3440 1173 3530 1242 jus

1957 1278 2114 1317 suum
2143 1263 2480 1329 obtinuerit;
2508 1278 2614 1318 non
2647 1263 2714 1318 iis
2742 1263 2846 1318 hoc
2876 1271 3068 1318 noceat
3099 1265 3187 1331 qui
3224 1274 3377 1316 antea
3407 1280 3533 1320 sen-

1960 1353 2184 1408 tentiam
2235 1354 2492 1418 tulerunt,
2542 1355 2646 1409 nisi
2699 1343 2839 1410 forte
2885 1369 2984 1425 per
3023 1354 3391 1418 inimicitiam,
3447 1355 3530 1409 vel

1958 1445 2204 1514 corrupti
2257 1444 2592 1512 muneribus,
2651 1446 2802 1501 illum
2851 1447 3086 1501 alterum
3139 1446 3531 1502 condemnasse

1953 1536 2184 1592 convicti
2220 1535 2439 1593 fuerint.
2483 1538 2673 1592 Itidem
2722 1539 2786 1592 iis
2821 1537 2910 1607 qui
2941 1537 3009 1593 de
3036 1553 3305 1593 consensu
3343 1546 3530 1592 mutuo

1955 1628 2201 1698 delegere
2229 1628 2465 1696 judices,
2496 1629 2709 1684 etiamsi
2738 1629 2864 1683 victi
2895 1628 3198 1692 discedant,
3232 1641 3530 1697 provocare

1955 1735 2059 1775 non
2105 1721 2284 1776 liceat.
2334 1721 2598 1776 Praeterea
2644 1720 2798 1775 liberi
2846 1719 3169 1775 clericorum
3221 1717 3527 1788 spectacula

1954 1811 2227 1866 mundana
2289 1826 2395 1867 non
2446 1812 2760 1876 exhibeant,
2834 1825 3012 1880 neque
3077 1818 3344 1880 spectent,
3385 1810 3528 1878 quod

1959 1906 2176 1975 quidem
2200 1905 2471 1962 universis
2502 1904 2829 1961 Christianis
2879 1913 2964 1960 est
3025 1905 3384 1975 prohibitum.

2447 1996 2518 2050 28
2573 1995 3031 2067 Carthaginensis.

2025 2086 2218 2143 Clerici
2251 2087 2546 2158 litigantes,
2574 2088 2619 2142 si
2663 2089 2870 2158 judicio
2900 2088 3133 2157 episcopi
3169 2087 3251 2141 sui
3281 2102 3385 2140 non
3419 2095 3528 2142 ste-

1954 2181 2142 2245 terint,
2171 2193 2437 2236 consensu
2486 2179 2604 2249 ejus
2628 2179 2694 2233 ad
2723 2178 2981 2234 linitituos
3024 2179 3304 2249 episcOpos
3331 2179 3530 2234 abeant

1954 2271 2023 2325 ab
2050 2270 2240 2324 iisdem
2295 2270 2596 2337 judicaudi.
2651 2270 2811 2334 Quod
2842 2269 2886 2324 si
2945 2285 3012 2324 ne
3057 2272 3250 2324 horum
3311 2270 3526 2338 quidem

1953 2361 2238 2414 sententia:
2271 2358 2666 2427 acquieveriul,
2725 2358 2790 2411 ad
2824 2359 3114 2427 provincia:
3147 2359 3432 2427 primatem
3467 2373 3528 2412 se

1953 2450 2256 2505 conferant.
2303 2450 2383 2502 Ad
2435 2448 2598 2503 alium
2651 2448 2696 2504 si
2727 2448 3080 2514 accesserint,
3135 2448 3529 2505 communionis

1952 2551 2200 2598 exsortes
2227 2550 2412 2597 ειιιιιο.

2544 2619 2648 2685 125
2680 2632 2936 2702 ejusdem.

2029 2720 2197 2775 Etiam
2221 2720 2406 2776 clerici
2434 2721 2527 2790 qui
2559 2722 2681 2777 lites
2721 2723 2945 2788 habent,
2965 2722 3010 2777 si
3045 2722 3111 2776 de
3141 2737 3242 2777 suo
3271 2722 3528 2792 episcOpo

1954 2821 2254 2883 querentes
2283 2853 2298 2879 ,
2335 2828 2440 2866 non
2470 2829 2590 2868 cum
2621 2813 2742 2884 cjus
2763 2828 3029 2870 consensu
3059 2829 3240 2868 coram
3287 2815 3529 2868 ﬁnitimis

1951 2904 2243 2974 episcopis,
2294 2903 2389 2959 sed
2438 2918 2619 2959 coram
2665 2906 3014 2960 ulleriOribus
3085 2905 3440 2974 litigaverint,
3495 2919 3530 2961 a

1951 2999 2331 3051 communione
2360 2995 2765 3051 submoventur.

2546 3086 2613 3143 59
2667 3079 2922 3156 eiusdem.

361 3176 485 3230 Ἐὰν
517 3175 774 3246 κληρικοὶ
799 3173 1101 3228 δικασθῶσι
1142 3172 1298 3241 παρὰ
1328 3171 1395 3240 τῇ
1428 3164 1716 3236 ἐκκλησίᾳ,
1755 3164 1848 3268 καὶ

2028 3178 2082 3233 Si
2104 3179 2288 3235 clerici
2347 3180 2485 3250 apud
2529 3181 2817 3259 ecclesiam
2885 3182 3314 3252 litigaverim,et
3369 3180 3527 3236 alteri

273 3267 358 3338 τῷ
386 3268 466 3320 ἐνὶ
495 3266 702 3321 τούτων
729 3268 763 3337 ἡ
789 3265 970 3335 ψῆφος
998 3265 1313 3336 ἀπαρέσκῃ.
1345 3263 1395 3315 οί
1422 3261 1743 3321 δικάσαντες
1772 3257 1848 3328 μὴ

1959 3269 2154 3324 horum
2195 3270 2463 3324 sententia
2521 3257 2840 3339 displiceat;
2903 3268 3205 3341 litigatores
3261 3272 3326 3325 ad
3381 3269 3528 3325 aliud

274 3357 658 3413 καλείσθωσαν
702 3360 781 3420 είς
814 3357 1003 3426 ἕτερον
1051 3355 1433 3425 δικαστήριον,
1485 3355 1615 3422 περὶ⁵
1667 3348 1852 3402 αὐτῶν

276 3451 656 3522 μαρτυρῆσαι.
708 3451 818 3503 Καὶ
847 3450 986 3510 ὅλως
1029 3447 1486 3519 ἐκκλησιαστικὸς
1516 3447 1598 3509 εἰς
1644 3461 1854 3515 μαρτυ-

273 3544 407 3616 ρίαν
448 3543 526 3612 μὴ
564 3541 863 3596 καλείσθω.

878 3632 942 3687 ’0
977 3632 1026 3687 θ’
1053 3627 1168 3702 τῆς
1195 3631 1267 3686 δ’.
1347 3631 1350 3633 ‘

349 3724 416 3777 Εῐ
440 3741 526 3788 τις
557 3723 859 3789 ἐπίσκοπος
887 3724 922 3795 ἢ
950 3723 1212 3795 κληρικὸς
1257 3723 1398 3796 πρὸς
1440 3721 1852 3793 μητροπολίτην

275 3815 694 3888 ἀμφισϐητοίη,
745 3817 840 3869 ἐπὶ
894 3815 970 3886 τῷ
1021 3811 1645 3876 Κωνσταντινουπόλεως
1699 3812 1850 3866 δικα-

278 3909 478 3973 ζέσθω.

659 4003 729 4055 '0
760 4000 854 4066 κβ
882 3999 992 4070 τῆς
1017 4001 1088 4054 ἐν
1115 3997 1484 4070 Καρθατθῃ.

360 4117 693 4177 Ἐπίσκοπος
710 4113 744 4184 ἢ
764 4114 1026 4183 κληρικὺς
1046 4113 1327 4184 αἱρετικὸν
1351 4112 1424 4182 μὴ
1453 4111 1846 4178 συνεισαγέτω.

272 4213 410 4282 μηδὲ
454 4229 510 4264 τι
543 4210 657 4263 τῶν
691 4210 839 4262 ίδίων
870 4207 1138 4278 δωρείτω,
1173 4207 1299 4278 μηδ’
1325 4206 1394 4260 ἂν
1429 4204 1517 4276 εῐη
1553 4203 1848 4274 συγγενής.

645 4389 710 4442 Ὅ
747 4388 845 4454 λβ
879 4385 987 4456 τῆς
1017 4389 1088 4443 ἐν
1117 4387 1496 4459 Καρθαγένῃ.

357 4502 689 4566 Ἐπίσκοπος
746 4502 779 4572 ῆ
834 4502 1099 4570 κληρικδς
1151 4501 1320 4572 μηδὲν
1372 4501 1637 4571 πρότερον
1683 4499 1844 4570 ἔχων,

262 4590 394 4646 εἶτα
439 4593 793 4668 κτησᾴμενος
849 4592 1196 4663 πράγματα,
1239 4595 1292 4645 εί
1343 4591 1418 4661 μὴ
1466 4595 1530 4662 τῇ
1581 4591 1852 4662 ἐκκλησίᾳ

258 4685 427 4740 ταῦτ’
450 4686 577 4754 ἄφιε
591 4685 780 4754 ρὼσει,
811 4685 888 4748 ὡς
913 4684 1220 4737 Δεσποτικά
1243 4683 1562 4754 διηρπακὼς
1594 4684 1853 4752 πράγμα-

253 4793 370 4838 τα,
406 4777 696 4846 ἐνεχέσθω.
736 4776 846 4829 Καὶ
876 4777 926 4828 εί
962 4774 1306 4843 συγγενικῶν
1330 4775 1557 4828 δικαίων
1585 4774 1850 4842 κληρονοο

253 4867 503 4936 μήσειε,
549 4867 662 4918 κάκ
689 4864 896 4918 τούτων
925 4865 1238 4933 ἀφιερούτω
1265 4867 1334 4934 τῇ
1365 4863 1656 4935 ἐκκλησίᾳ.
1701 4863 1764 4919 Ὀ
1794 4866 1848 4918 δέ

243 4975 320 5010 τε
365 4957 470 5008 τῶν
494 4957 640 5009 ἰδίων
665 4955 1008 5026 ἀφιερώσας,
1030 4951 1151 5010 εἶτα
1184 4957 1610 5028 μεταμεληθεὶς,
1631 4957 1851 5023 ἀνάξιος

242 5049 378 5117 τῆς
401 5047 869 5118 ἐκκλησιαστικῆς
899 5046 1174 5118 κρινέσθω
1197 5048 1389 5118 τιμῆς.

837 5223 902 5278 '0
932 5224 1026 5288 6,3'
1055 5225 1302 5293 ταύτης.

334 5335 624 5405 Κληρικὺς
660 5336 982 5391 ἐπισκόπων
1007 5340 1188 5410 κρίσει
1239 5339 1685 5406 καταδικασθεὶς,
1717 5343 1852 5414 παρ’

235 5425 491 5488 οὐδενὸς
505 5425 847 5503 ἐκδικείσθω.

841 5537 906 5590 '0
931 5541 1016 5592 οϐ’
1043 5540 1288 5608 ταύτης.

323 5627 464 5682 Καὶ
490 5625 752 5695 κληρικδς
779 5626 1089 5696 ἐλεγχθεὶς,
1131 5630 1180 5681 εί
1214 5631 1290 5698 μὴ
1330 5631 1480 5692 ἐντὸς
1503 5633 1755 5686 ἐνιαυτοῦ
1781 5635 1848 5688 δι’

1957 3360 2194 3415 tribunal
2226 3377 2296 3416 ne
2318 3370 2596 3425 vocentur,
2629 3369 2687 3415 ut
2718 3360 2790 3415 ds
2821 3361 2884 3416 iis
2917 3363 3287 3418 testimonium
3321 3364 3522 3418 dicant.

1957 3451 2021 3506 Et
2045 3453 2260 3521 quidem
2291 3452 2528 3517 omnino,
2565 3453 2655 3522 qui
2722 3453 3127 3508 ecclesiasticus
3174 3464 3275 3519 est,
3329 3456 3395 3508 ad
3446 3454 3529 3510 di-

1955 3545 2185 3597 eendum
2224 3541 2592 3598 testimonium
2626 3557 2692 3596 ne
2716 3553 2964 3598 vocetur.

2481 3631 2514 3686 9
2539 3632 2723 3701 synodi
2774 3644 3000 3703 quarm.

2028 3720 2234 3794 Siquis
2276 3723 2586 3794 episcopus,
2639 3736 2731 3778 aut
2783 3725 3037 3793 clericus,
3093 3727 3524 3781 controversiam

1953 3831 2075 3869 cum
2101 3815 2520 3884 metropolitano
2580 3814 2852 3882 habuerit,
2901 3831 3085 3872 coram
3137 3817 3524 3873 Constantino-

1954 3906 2190 3975 politano
2209 3907 2402 3977 litiget.

2437 3997 2511 4053 '22
2557 3999 3012 4070 Carthaginenst’s.

2026 4110 2341 4180 Episcopus,
2371 4120 2464 4165 aut
2491 4112 2744 4174 clericus,
2774 4114 3090 4168 haereticum
3119 4117 3183 4167 ad
3214 4130 3273 4170 se
3323 4130 3390 4169 ne
3443 4133 3527 4173 re-

1955 4202 2141 4269 cipiat.
2197 4216 2294 4256 nec
2359 4217 2512 4256 suum
2561 4203 2688 4271 quid
2716 4204 2766 4258 ei
2825 4204 3010 4270 donet,
3076 4221 3146 4260 ue
3205 4205 3417 4275 quidem
3479 4210 3525 4263 si

1956 4301 2221 4363 cognatus
2250 4293 2342 4349 sit.

2471 4391 2539 4446 39
2565 4389 3016 4462 Cartltaginensis.

2030 4507 2345 4576 Episcopus,
2405 4513 2500 4560 aut
2546 4505 2798 4573 clericus,
2835 4516 2994 4561 antea
3049 4507 3184 4563 nihil
3215 4508 3444 4572 habens,
3479 4509 3524 4563 si

1955 4602 2092 4656 bona
2122 4599 2314 4653 deinde
2340 4599 2712 4668 acquisiverit,
2758 4613 2857 4654 nec
2887 4614 2945 4653 ea
2980 4599 3380 4654 consecraverit
3431 4616 3526 4654 ec-

1951 4691 2147 4754 clesiae,
2177 4689 2343 4743 veluti
2389 4689 2670 4759 peculatus
2719 4705 2896 4744 rerum
2941 4690 3340 4745 Dominicarum
3391 4704 3520 4743 reus

1952 4790 2096 4838 esto.
2125 4781 2281 4846 Quod
2322 4781 2366 4835 si
2393 4779 2743 4836 haereditates
2777 4782 2900 4851 jure
2928 4781 3264 4849 cognationis
3295 4781 3396 4836 sibi
3433 4781 3528 4836 dv-

1953 4874 2093 4928 hitas
2131 4872 2345 4936 adierit,
2375 4873 2540 4927 etiam
2585 4873 2651 4926 de
2682 4874 2764 4926 his
2831 4873 3074 4927 ecclesire
3125 4873 3360 4927 dedicet.
3419 4873 3522 4938 Qui

1953 4973 2080 5020 vero
2107 4965 2174 5020 de
2198 4964 2310 5018 suis
2338 4964 2537 5034 aliquid
2569 4965 2991 5028 consecraverit,
3019 4963 3173 5031 cujus
3202 4979 3327 5019 eum
3377 4975 3526 5033 post-

1951 5067 2014 5114 ea
2055 5059 2390 5129 paenituerit,
2428 5059 2796 5115 ecclesiastico
2832 5059 3087 5130 indignus
3144 5059 3348 5114 honore
3375 5060 3523 5130 judi-

1953 5157 2128 5208 cetur.

2550 5241 2618 5296 6‘2
2650 5240 2906 5310 ejusdem.

2021 5351 2264 5407 Clericus
2300 5353 2672 5423 cpiscotiorum
2723 5341 2929 5424 judicio
2981 5355 3291 5425 damnatus,
3340 5373 3368 5411 a
3425 5373 3522 5413 ne-

1953 5443 2096 5498 mine
2121 5443 2445 5500 deienditor.

2579 5559 2646 5641 τέ)
2670 5560 2925 5628 ejusdem.

2022 5648 2597 5715 Clericus‘convictus,
2645 5652 2745 5706 nisi
2797 5653 2936 5708 intra
2970 5645 3200 5722 spatium
3267 5655 3391 5706 armi
3427 5668 3524 5722 per

231 5715 577 5782 ἀπολογίας
636 5716 829 5769 ἑαυτὸν
884 5718 1116 5788 σπεύσει
1149 5721 1409 5790 καθᾶραι,
1446 5724 1525 5785 είς
1549 5725 1848 5795 ἀπολογίαν

1954 5739 2354 5792 excusationem
2403 5756 2521 5794 sese
2575 5757 2802 5811 purgare
2845 5747 3151 5809 studuerit,
3209 5742 3408 5800 nullam
3455 5745 3524 5801 ad

233 5809 510 5887 ἀπρόπδε
521 5828 665 5874 κτος.
1403 5849 1410 5858 .

1955 5835 2320 5901 purgationem
2353 5833 2562 5888 admitti
2591 5844 2784 5902 potest.

604 5907 881 5967 PATROL.
925 5911 1040 5972 GR.
1076 5911 1198 5972 CL.
3171 5933 3208 6000 4
