4156 6302
704 529 756 581 Ὀ
773 533 874 598 μα’
907 525 1016 594 τῆς
1043 525 1114 579 ἐν
1139 524 1479 590 Λαοδικείᾳ.

382 622 740 694 ἰερατικδςῆ
789 619 1053 692 κληρικδς
1109 617 1240 671 ἄνευ
1271 615 1575 680 κελεύσεως
1628 617 1723 672 τοῦ
1756 619 1874 671 ἐπι·

303 716 512 772 σκόπου
546 713 620 784 μὴ
649 711 904 765 ὁδευέτω.

867 801 934 871 '0
953 797 1038 853 κδ’
1070 801 1294 870 ταύτης

387 898 703 968 Ἰερωμένος
735 895 873 958 ὅλως
917 895 950 966 ἢ
985 893 1413 965 κεκληρωμένος
1444 895 1525 958 είς
1573 893 1873 963 καπηλεῖον

305 988 379 1060 μὴ
405 986 760 1058 είσερχέσθω.
1598 974 1606 991 ’

862 1079 917 1130 '0
953 1075 1052 1138 λς’
1080 1076 1321 1144 ταύτης.

380 1172 700 1242 Ἰερατικὸς,
731 1172 764 1240 ἢ
791 1169 1076 1240 κληρικὸς,
1114 1169 1363 1237 μάγος,ἢ
1395 1166 1665 1232 ἐπαοιδὺς,
1701 1169 1736 1239 ἢ
1772 1185 1875 1238 μα-

301 1263 634 1335 θηματικὸς,
667 1262 702 1333 ἢ
734 1260 1080 1332 ἀστρολόγος,
1115 1260 1146 1328 ἢ
1177 1258 1508 1330 περιάπτης,
1533 1259 1878 1330 ὲκριπτέσθω

298 1357 398 1428 τῆς
425 1354 749 1426 ἐκκλησίας.

876 1442 939 1494 '0
972 1439 1024 1494 κ’
1048 1439 1290 1507 ταύτης.

371 1534 530 1605 Μήτε
559 1533 808 1596 διάκονος
857 1532 1182 1594 ἀκέλευστος
1213 1529 1527 1602 ἔμπροσθεν
1576 1531 1878 1602 πρεσϐυτέ-

306 1611 407 1695 pou
456 1624 814 1693 xaBeCéoOw_,
851 1624 990 1694 μήτε
1043 1622 1305 1693 κληρικὸς
1341 1621 1648 1693 ἔμπροσθεν
1694 1622 1876 1677 διακό-

301 1734 396 1770 νου
406 1755 418 1768 .

313 1807 382 1862 '0
417 1807 506 1862 κδ’
538 1806 644 1876 τῆς
668 1814 722 1861 α’
752 1807 852 1862 καὶ
877 1807 962 1873 β’,
991 1809 1090 1863 καὶ
1130 1811 1166 1864 ὁ
1191 1808 1280 1864 κδ’
1303 1808 1412 1878 τῆς
1435 1807 1505 1862 ἐν
1532 1805 1872 1875 Λαοδικείᾳ.

1565 406 1901 472 ΕῬΙΤΟΜΕ
1943 412 2325 473 CANONUM.

1899 531 1948 588 Δ

3453 411 3555 477 110

2532 525 2592 579 41
2634 523 2971 580 Laodiceam.

2047 617 2312 674 Sacerdos
2342 625 2436 670 aut
2488 617 2720 672 clericus
2748 618 2952 688 absque
2993 616 3149 687 jussu
3189 616 3428 687 episcopi
3460 620 3562 674 iter

1975 723 2080 764 non
2115 710 2298 764 faciat.

2596 801 2667 854 ει
2696 801 2950 869 ejusdem.

2047 893 2316 950 Sacerdos
2357 902 2452 948 aut
2491 894 2755 970 ascriptus
2792 893 2939 948 clero
2980 909 3276 964 cauponam
3339 911 3563 966 prorsus

1977 1001 2084 1042 non
2114 982 2434 1057 ingreditur.

2613 1077 2681 1131 56
2711 1077 2962 1146 ejusdem.

2049 1169 2313 1228 Sacerdos
2339 1182 2430 1227 aut
2478 1171 2730 1235 clericus,
2767 1170 2856 1239 qui
2892 1187 3080 1239 magus
3123 1182 3230 1235 est,
3265 1179 3355 1224 aut
3377 1171 3562 1224 incan-

1979 1273 2238 1329 talor,aut
2273 1266 2709 1328 mathematicus,
2741 1271 2832 1316 aut
2879 1263 3206 1333 aS'J'OlOgIIS,
3254 1275 3350 1319 aut
3382 1265 3473 1336 qui
3505 1265 3566 1319 li-

1977 1363 2198 1423 saturas
2219 1354 2369 1421 facit,
2409 1357 2623 1427 cjicitor
2652 1371 2716 1409 ex
2743 1351 3006 1410 ecclesia.

2566 1445 2640 1500 20
2667 1449 2926 1512 eiusdem.

2046 1535 2231 1608 Neque
2255 1537 2512 1593 diaconus
2542 1538 2781 1604 iniussus
2805 1548 2933 1594 ante
2959 1537 3331 1608 presbyterum
3354 1535 3562 1601 sedeat,

1976 1637 2150 1692 neque
2182 1623 2411 1678 clericus
2443 1633 2568 1679 ante
2597 1629 2906 1681 diaconum.

2159 1797 2230 1858 Ἡ
2257 1806 2443 1876 prima:
2473 1824 2533 1860 ac
2563 1807 2828 1874 secundae,
2853 1818 2902 1861 et
2937 1809 3004 1864 54
3032 1809 3363 1865 Laodiceam.

378 1901 654 1971 Κληρικὸς
685 1902 714 1969 ἦ
744 1901 994 1970 μονὰζων
1027 1905 1085 1956 ὲν
1117 1901 1476 1971 ίπποδρόμοις
1500 1900 1534 1969 ἢ
1565 1899 1877 1968 θυμελικοῖς

2055 1898 2334 1961 Clericus,
2381 1909 2472 1952 aut
2532 1899 2849 1964 monachus,
2905 1901 2996 1968 qui
3055 1901 3408 1956 Circensibus
3470 1911 3565 1956 aut

305 1996 586 2063 παιγνίοις
645 1993 1062 2064 παρουσιάζων,
1117 1994 1150 2064 ἢ
1186 1994 1287 2048 κᾶν
1339 1996 1396 2046 ὲν
1430 1993 1597 2062 γάμῳ
1625 1992 1874 2061 κληθείη,

301 2090 398 2158 τῆς
424 2089 533 2141 τῶν
565 2091 838 2156 παιγνίων
869 2088 1177 2158 παρουσίας
1217 2087 1294 2158 μὴ
1330 2085 1814 2156 προεξερχόμενος,
1841 2085 1876 2155 ἢ

301 2179 631 2243 παυσάσθω,
665 2179 697 2248 ἢ
720 2180 1117 2250 καθαιρείσθω.

382 2327 405 2342 ι
723 2272 784 2325 '0
817 2262 1044 2342 thﬁc
1066 2271 1138 2324 ἐν
1176 2272 1475 2339 Τρούλλῳ.

375 2363 657 2434 Κληρικδς
713 2365 982 2422 ἀνοίκειον
1015 2363 1220 2434 ἐσθῆτα
1254 2362 1732 2433 ἀμφιεννύμενος,
1774 2359 1877 2414 κᾶν

304 2456 362 2508 ἐν
385 2455 492 2524 όδῴ
520 2453 631 2527 εἴη,
663 2457 941 2526 ἑϐδομάδα
985 2456 1116 2526 μίαν
1152 2455 1517 2525 ἀφοριζέσθω.

873 2549 935 2604 '0
955 2553 1044 2618 .lr'
1079 2550 1327 2615 ταύτης.

378 2637 461 2690 Τά
497 2637 618 2690 θεῖα
654 2639 814 2704 λόγια
850 2641 937 2692 lu’
993 2639 1243 2707 ἄμὸωνος
1290 2639 1365 2706 μὴ
1395 2635 1818 2705 ἀναγινωσκέτω
1847 2636 1877 2688 ό

311 2726 390 2796 μὴ
429 2726 789 2794 κεκαρμένος,
811 2729 901 2779 καὶ
929 2728 1002 2795 μὴ
1032 2727 1209 2796 τυχὼν
1240 2729 1512 2797 εὐλογίας.
1555 2728 1612 2781 '0
1639 2727 1697 2780 δὲ
1726 2725 1877 2798 παρὰ

308 2817 481 2870 ταῦτα
509 2808 1093 2887 ποιῶν,“ἁφοριζέσθω.

901 2908 956 2959 '0
990 2906 1060 2960 ιδ’
1085 2906 1195 2976 τῆς
1224 2906 1296 2969 ζ’.

383 2999 492 3051 Καὶ
522 3002 549 3054 ό
590 3001 662 3068 μὴ
695 3000 1029 3070 χειροθεσίας
1061 3001 1262 3070 τυχὼν,
1299 3000 1348 3053 εί
1378 3001 1471 3054 καὶ
1500 3002 1732 3071 μοναχὸς
1764 3002 1872 3073 εἴη,

307 3091 404 3155 τὰς
431 3092 579 3162 ἱερὰς
619 3091 704 3144 ἐπ’
754 3091 1009 3160 ἀμϐωνος
1065 3092 1280 3162 βίϐλους
1310 3093 1388 3162 μὴ
1433 3094 1873 3160 ἀναγινωσκέτω.

306 3183 704 3253 Χειροοετείτω
761 3183 816 3236 δὲ
863 3182 1215 3251 ἀναγνώστας
1262 3187 1358 3238 καὶ
1388 3185 1689 3255 ἡγούμενος
1721 3189 1778 3240 ἐν
1800 3187 1877 3257 τῷ

311 3275 425 3343 ίδίῳ
484 3274 856 3342 μοναστηρίῳ,
912 3276 958 3326 εἰ
995 3276 1292 3346 ίερωμὲνος
1329 3277 1436 3345 εἴη,
1469 3277 1564 3329 καὶ
1597 3277 1730 3348 παρ’
1756 3279 1876 3330 ὲπι-

309 3367 516 3418 σκόπου
549 3366 893 3434 χειροθεσίαν
946 3366 1099 3436 ἔχει·
1142 3368 1236 3420 καὶ
1283 3368 1722 3438 χωρεπίσκοπος,
1761 3371 1878 3424 κατ’

310 3459 617 3529 ἐπιτροπὴν
643 3459 965 3512 ἐπισκόπου.

709 3550 769 3602 '0
802 3557 882 3614 ις’
901 3549 1011 3619 τῆς
1032 3551 1104 3604 ἐν
1130 3553 1504 3622 Καρθατένῃ.

399 3644 456 3695 '0
483 3643 674 3712 ἕνηϐος
705 3641 1144 3712 ἀναγνώστηςοῆ
1174 3644 1441 3713 γαμείτω,
1487 3646 1519 3714 ἢ
1551 3647 1882 3716 ἐγκράτειαν

308 3736 647 3804 ὁμολογείτω
669 3752 683 3765 ο
721 3735 814 3787 καὶ
841 3737 889 3787 οἱ
919 3735 1269 3801 ἀναγνῶσται
1291 3735 1381 3788 τὸν
1407 3737 1579 3806 δῆμον
1615 3740 1689 3808 μὴ
1716 3756 1885 3810 προσ-

309 3829 673 3891 κυνείτωσαν,
699 3827 832 3895 μετά
873 3828 970 3892 τὴν
1004 3826 1312 3894 ἀνάγνωσιν
1341 3829 1564 3898 δηλαδή.

758 3921 824 3973 '0
848 3923 890 3973 ε’
916 3919 1028 3989 τῆς
1051 3919 1120 3973 ἐν
1150 3920 1449 3988 Τρούλλῳ.

371 4015 431 4066 Ol
473 4012 766 4081 ψάλλοντες
804 4011 942 4082 μετὰ
997 4011 1197 4080 πολλῆς
1260 4011 1532 4080 προσοχῆς
1575 4014 1666 4064 καὶ
1721 4030 1888 4065 κατα-

310 4100 509 4164 νύξεως
537 4100 913 4170 ψαλλέτωσαν,
940 4098 1092 4168 βοαῖς
1119 4098 1373 4162 ἀτάκτοις
1401 4100 1494 4152 καὶ
1526 4099 1886 4170 ἀναρμόστοις

313 4191 389 4262 μὴ
415 4191 706 4262 χρώμενοιο

710 4307 775 4361 Ὀ
805 4312 869 4360 ιε’
904 4305 1013 4376 τῆς
1057 4306 1126 4359 ἐν
1153 4304 1490 4371 Λαοδικείᾳ.

381 4401 491 4453 Καὶ
521 4401 648 4453 ἄνευ
679 4399 788 4452 τῶν
814 4397 1116 4452 κανονικῶν
1164 4396 1404 4466 ψαλτῶν,
1433 4397 1526 4449 καὶ
1553 4395 1662 4450 ἀπὸ
1701 4397 1885 4467 διφθέ-

315 4507 416 4560 ρας
469 4491 552 4541 ὲπ’
577 4489 830 4560 ἄμϐωνος
893 4487 1230 4558 ψαλλόντων,
1260 4488 1450 4559 μηδεὶς
1506 4490 1564 4542 ὲν
1615 4487 1881 4560 ἐκκλησίᾳ

311 4580 574 4652 ψαλλέτω.

988 4672 1269 4740 Σχόλιον.

390 4785 599 4858 ’ἤγουν
622 4785 727 4840 τῶν
771 4787 878 4840 ἀπὸ
917 4788 1139 4858 κανόνος
1168 4787 1468 4858 γινομένων
1488 4828 1503 4842 .
1533 4788 1803 4858 Διφθὲρας
1833 4787 1890 4842 δὲ

331 4854 659 4928 ξάςΑβίόλους
714 4858 888 4928 καλεί,
914 4857 1000 4912 διὰ
1042 4858 1102 4910 τὸ
1160 4853 1481 4928 μεμϐράνας
1520 4853 1885 4919 αὐέἀςέἷναιο

325 4922 575 4993 διφθέραι
601 4925 729 4995 γὰρ,
759 4926 829 4978 τὰ
855 4927 1116 4996 δέρματα.

881 5038 945 5090 '0
969 5043 1054 5107 κγ’
1084 5040 1324 5106 ταύτης.

385 5129 764 5199 ’Δναγνὼστης
792 5129 825 5201 ἢ
851 5129 1054 5200 ψάλτης
1096 5130 1332 5200 ὡράριον
1376 5129 1453 5202 μὴ
1487 5130 1742 5200 φορείτω.

715 5239 777 5293 Ὀ
814 5245 860 5294 ε’
890 5236 995 5305 τῆς
1028 5238 1097 5292 ἐν
1138 5239 1507 5308 Καρθαγένῃ.

389 5353 665 5425 Κληρικὺς
702 5355 860 5408 τόκον
890 5352 965 5424 μὴ
1008 5353 1358 5423 λαμὸανὲτωο
1379 5353 1441 5406 τὸ
1461 5352 1567 5424 γὰρ
1597 5354 1654 5406 ὲν
1684 5353 1892 5418 λαῖκοῖς

315 5444 666 5516 ἐπιλήψιμον,
695 5444 872 5516 πολλῷ
903 5445 1106 5515 μᾶλλον
1148 5447 1208 5498 ὲν
1248 5445 1544 5516 κληρικοῖς.

851 5621 916 5674 '0
973 5619 1064 5674 κη’
1096 5621 1334 5691 ταύτης.

386 5735 563 5790 Τέκνα
595 5736 876 5809 κληρικῶν
926 5735 1160 5802 ὲθνικοῖς
1191 5737 1223 5810 ἢ
1260 5739 1553 5811 αἱρετικοτς
1592 5738 1668 5809 μὴ
1721 5754 1886 5808 γαμιο

318 5831 432 5891 κως
483 5830 960 5886 συναπτέσθωσαν.

1981 1990 2204 2045 musicis
2244 1989 2469 2044 ludicris
2519 1990 2694 2054 adest,
2731 2000 2824 2044 aut
2867 1991 3128 2046 invitatus
3171 1993 3236 2046 ad
3275 1993 3563 2061 uuptias,si

1979 2092 2268 2152 antequam
2302 2081 2390 2136 illa
2414 2082 2618 2137 ludicra
2646 2082 2795 2148 ﬁant,
2841 2099 2948 2138 non
2973 2086 3270 2155 egreditur,
3297 2097 3387 2140 aut
3417 2085 3563 2141 desi-

1982 2183 2096 2239 nat,
2130 2182 2224 2227 aut
2253 2174 2558 2242 deponitor.

2499 2266 2569 2319 Ἦ
2602 2267 2795 2320 habita:
2827 2269 2880 2320 in
2913 2267 3118 2322 Trulla.

2049 2355 2298 2410 Clericus
2330 2365 2537 2410 vestem
2569 2357 2674 2412 sibi
2711 2373 2820 2412 non
2844 2361 3253 2413 convenientem
3310 2360 3561 2426 induens,

1978 2446 2192 2502 etiamsi
2221 2447 2292 2502 sit
2322 2447 2373 2500 in
2411 2446 2622 2512 itinere,
2647 2450 3005 2518 septimanam
3035 2466 3196 2504 uuam
3229 2460 3558 2523 segregator.

2625 2544 2695 2598 53
2717 2543 2956 2612 ejusdem
2981 2585 2994 2598 .

2050 2629 2279 2688 Oracula
2303 2635 2483 2690 divina
2510 2639 2562 2691 in
2609 2637 2840 2691 amboue
2887 2652 2991 2690 non
3018 2637 3182 2706 legat,
3224 2637 3316 2706 qui
3347 2652 3452 2692 non
3478 2647 3562 2694 est
3607 2628 3610 2630 ’

1978 2727 2188 2801 tonsus,
2225 2737 2323 2778 nec
2364 2725 2802 2782 benedictionem
2841 2739 3183 2785 consecutus.
3220 2729 3323 2796 Qui
3359 2740 3558 2800 praeter

1979 2811 2095 2868 haec
2127 2812 2279 2880 facit,
2309 2829 2648 2888 segregator.

2611 2913 2679 2967 16
2709 2915 2947 2982 septima:
2983 2955 2994 2967 .

2049 2995 2150 3062 Qui
2185 3012 2376 3053 manus
2399 2985 2794 3070 impositiouem
2829 3010 3041 3058 non-cst
3065 3012 3408 3068 consecutus,
3435 3004 3561 3059 licet

1981 3088 2279 3144 monachus
2321 3091 2414 3157 sit,
2447 3106 2634 3147 sacros
2686 3093 2739 3148 in
2770 3095 3001 3149 amboue
3029 3094 3199 3150 libros
3242 3104 3348 3149 non
3396 3096 3558 3166 legat.

1980 3176 2219 3248 lmponat
2251 3191 2432 3236 autem
2461 3198 2653 3238 manus
2683 3184 2976 3239 lectoribus
2990 3187 3153 3240 etiam
3181 3186 3351 3241 abbas
3378 3186 3431 3240 iu
3460 3202 3560 3242 suo

1981 3271 2410 3332 utonasterio,.si
2447 3273 2734 3327 sacerdotii
2765 3274 2992 3342 gradum
3035 3275 3216 3341 habet,
3255 3284 3308 3330 et
3354 3278 3422 3329 ab
3449 3279 3564 3343 epi-

1981 3373 2146 3430 scopo
2199 3376 2395 3416 manus
2448 3363 2845 3432 itupositionetn
2900 3375 3091 3418 nactus
3143 3376 3228 3419 est
3271 3383 3284 3418 :
3327 3366 3562 3434 itemque

1983 3453 2418 3524 cltorepiscopus,
2446 3457 2682 3526 episcopi
2719 3457 3006 3528 permissu.

2501 3549 2567 3604 16
2596 3549 3042 3619 Carthaginensis.
3526 3614 3539 3624 .

2052 3634 2267 3701 Lector,
2293 3638 2381 3705 qui
2402 3640 2569 3708 pubes
2590 3649 2690 3703 est,
2713 3649 2805 3694 aut
2831 3641 3232 3696 matrimonium
3255 3641 3560 3707 contrahat,

1984 3737 2077 3781 aut
2106 3729 2495 3783 continentiam
2531 3732 2834 3797 promittat.
2869 3730 3057 3802 Neque
3105 3733 3354 3802 populum
3393 3735 3559 3787 lecto-

1986 3831 2074 3873 res
2098 3821 2343 3887 adorcnt,
2369 3829 2490 3890 post
2518 3822 2802 3877 lectionem
2831 3825 3061 3878 scilicet.

2496 3912 2528 3966 5
2552 3914 2747 3968 habin
2778 3916 2831 3967 in
2857 3914 3059 3971 Trulla.

2057 4001 2155 4067 Qui
2186 4013 2415 4070 canunt,
2451 4006 2620 4059 multa
2671 4021 2793 4060 cum
2833 4010 3132 4063 attentione
3190 4019 3244 4062 et
3287 4025 3553 4079 compun-

1993 4093 2178 4146 Ctionc
2222 4104 2421 4148 canant
2460 4136 2474 4161 ,
2525 4095 2851 4151 inordinatis
2885 4108 2940 4152 et
2979 4114 3082 4152 non
3113 4101 3560 4159 convenientibus

1991 4183 2325 4239 clamoribus
2358 4184 2498 4239 haud
2537 4195 2772 4241 utentes.

2557 4294 2626 4348 15
2651 4294 2983 4353 Laodiceme.

2071 4383 2233 4440 Extra
2272 4396 2531 4444 cantores
2565 4390 2864 4458 regulares,
2895 4393 3070 4462 deque
3099 4397 3289 4451 codice
3339 4399 3390 4452 in
3435 4401 3558 4468 pul-

1992 4476 2106 4547 pitu
2127 4489 2412 4545 canentes,
2443 4481 2620 4537 nullus
2651 4483 2700 4537 itt
2739 4483 2966 4538 ecclesia
2998 4496 3181 4540 canat.

2608 4658 2818 4715 Scholia
2829 4680 2899 4716 m.

2065 4768 2177 4851 "ne
2213 4779 2318 4850 ρει,
2356 4771 2444 4839 qui
2469 4775 2782 4851 secundum
2823 4780 3062 4847 regulam
3098 4781 3254 4836 limit.
3287 4781 3556 4851 Διφοέρας

1995 4848 2212 4915 autem,
2234 4845 2347 4915 sive
2379 4844 2617 4915 codices,
2643 4843 2811 4898 libros
2841 4843 2995 4900 vocat
3022 4867 3035 4912 ;
3059 4851 3203 4915 quot!
3233 4843 3560 4910 tttetttbratttl}

1994 4909 2105 4961 sint
2142 4924 2159 4974 ;
2189 4909 2440 4979 διφθέραι
2472 4913 2615 4964 cnim
2649 4926 2802 4970 cutes
2833 4917 2948 4970 sive
2982 4909 3146 4984 pelles
3183 4930 3328 4974 sunt.

2599 5025 2670 5079 9-5
2702 5027 2959 5096 ejusdem.

2067 5115 2281 5183 Lector,
2315 5116 2426 5172 sive
2457 5125 2672 5184 cantor,
2707 5123 2948 5174 orarium
2978 5138 3086 5176 non
3121 5134 3320 5194 gestet.

2523 5229 2556 5284 5
2579 5229 3029 5302 Carthaginensis.

2063 5347 2306 5403 Clericus
2345 5364 2570 5404 ttsuram
2625 5363 2731 5403 non
2793 5351 3045 5421 accipiat.
3094 5355 3246 5423 Quod
3308 5361 3450 5414 enim
3503 5361 3558 5414 in

1995 5438 2151 5494 laticis
2200 5440 2681 5509 reprehensionem
2719 5452 2980 5511 meretur,
3039 5451 3209 5507 multo
3273 5453 3444 5519 magis
3500 5451 3557 5505 in

1965 5550 1968 5554 '
1993 5531 2224 5589 clericis.

2593 5625 2656 5678 Si
2699 5628 2960 5691 eiusdem.

2062 5740 2400 5795 Clericorum
2432 5736 2590 5792 liberi
2642 5753 2762 5792 cum
2824 5741 3068 5809 paganis,
3129 5757 3220 5800 aut
3262 5737 3558 5806 haereticis,

1995 5832 2341 5890 matrimonio
2375 5844 2440 5885 ne
2477 5830 2784 5899 iunguntur.
