4156 6302
399 331 501 397 1⁸21

1657 333 1993 395 ΕΡῘΤΟΜΕ
2031 334 2422 400 CANONUM.

3551 341 3651 404 122

398 444 478 516 μὴ
499 441 737 509 γινέσθω
792 442 903 494 Καὶ
925 439 1250 510 μονάζοντες
1287 441 1405 512 μετ’
1432 442 1688 512 εὐλογίας
1718 444 1813 497 τοῦ
1838 459 1946 512 προ

2080 447 2257 500 cubet.
2295 445 2541 501 Monarbi
2588 463 2805 518 quoque
2835 464 2959 504 cum
3012 450 3409 506 benedictione.
3435 468 3650 525 pramo-

395 537 637 600 εστῶτος
668 536 996 606 προΐτωσαν.
1049 536 1110 588 Oi
1139 534 1196 589 δὲ
1252 535 1330 606 μὴ
1369 534 1564 602 οὕτως,
1605 537 1975 607 ἰπιτιμάσθω-

399 645 526 681 σαν.

690 716 754 770 '0
782 714 878 784 [ιζ’
900 716 1144 783 ταύτης,
1179 717 1278 770 καί
1316 719 1350 772 ὁ
1382 715 1432 771 κ’
1462 717 1572 786 τῆς
1601 716 1665 778 ζ’.

469 807 731 872 Μονάζων
787 808 849 860 ἑν
895 809 1187 878 γυναικείᾳ
1243 808 1520 862 καθεύδων
1557 811 1776 882 μονῇ,ἢ
1813 811 1974 881 μονά-

400 899 566 963 ζουσα
615 901 674 952 ὲν
715 897 958 969 ἀνδρῲᾳ,
1007 898 1117 951 εἴτε
1159 897 1442 969 κληρικδς,
1469 900 1504 969 ἢ
1536 901 1743 966 λαῖκὺς,
1776 904 1972 972 ἀφορι-

397 990 596 1053 ξέσθω.

986 1082 1053 1135 '0
1084 1087 1137 1148 η’
1168 1080 1280 1149 τῆς
1311 1079 1381 1143 ζ’.

462 1174 615 1242 Μηδὲ
659 1175 718 1228 ὲν
768 1175 1206 1244 ὲπισκοπείοιςῆ
1260 1175 1650 1247 μοναστηρίοις
1710 1179 1970 1244 γυναῖκες

390 1252 877 1320 ὲνδιαιτάσθωσαν.
914 1265 976 1318 Et
1019 1265 1074 1318 δέ
1107 1282 1189 1329 τις
1243 1267 1541 1331 ἐπίσκοπος
1572 1267 1605 1338 ἢ
1664 1268 1970 1340 ἡγούμενος

366 1356 556 1430 ,δούλῃ
587 1357 620 1426 ἢ
657 1355 920 1427 ἐλευθέρᾳ
956 1357 1035 1421 είς
1063 1357 1338 1411 διακονίαν
1367 1358 1572 1430 χρῷτο,
1598 1361 1966 1429 ὲπιτιμάσθωο

395 1448 672 1515 ἐπιμένων
712 1447 790 1508 δὲ,
838 1447 1230 1517 καθαιρείσθω.
1287 1450 1459 1503 ¹Ἰἰνθα
1509 1449 1566 1503 δὲ
1598 1451 1898 1514 ἐπίσκοπος
1933 1450 1966 1521 ἢ

365 1537 696 1609 ζκὴγούμενος
723 1537 846 1589 καθ’
876 1538 992 1590 όδὸν
1016 1539 1334 1602 καταλύσει,
1371 1542 1427 1595 al
1458 1544 1716 1609 γυναῖκες
1749 1544 1960 1597 ἐκείνου

361 1608 383 1645 κ
398 1626 671 1695 παρόντος
704 1626 1178 1697 ἀναχωρείτωσαν.

367 1896 374 1906 ¹
406 1829 468 1883 Ὀ
496 1835 587 1883 λα’
618 1829 724 1898 τῆς
749 1829 819 1893 ζ),
856 1832 889 1886 ὁ
922 1838 998 1913 ιῃ¹
1037 1831 1253 1913 τῆς-ἐν
1277 1837 1666 1913 Καρθατένῃ,
1697 1840 1798 1895 καί
1829 1844 1862 1896 ό
1896 1842 1968 1896 ιδ’

894 1904 1007 1970 τῆς
1038 1904 1108 1956 ὲν
1146 1907 1446 1972 Τρούλλῳ.

460 1991 730 2064 Κληρικοὶ
767 1994 800 2065 ἢ
836 1995 1161 2064 μονάζοντες
1202 1999 1626 2068 συνομνύμενοι,
1667 2001 1700 2071 ἢ
1730 2006 1969 2074 φατριά-

387 2085 594 2148 ζοντες,
619 2086 653 2155 ἢ
689 2101 746 2137 τι
769 2084 914 2138 κατὰ
940 2087 1244 2139 ἐπισκόπου
1267 2087 1300 2156 ἢ
1328 2089 1698 2159 συγκληρικοῦ
1719 2095 1970 2162 τυρεύον-

383 2191 496 2241 τες,
527 2175 622 2228 τοῦ
655 2177 864 2229 οἰκείου
892 2176 1106 2247 βαθμοῦ
1136 2178 1490 2234 παντάπασιν
1524 2183 1964 2240 ὲκπιπτέτωσαν.

921 2355 1014 2416 ίὈ
1045 2363 1135 2427 κγ’
1158 2362 1406 2424 ταύτης.

456 2450 516 2503 Οί
563 2448 708 2519 παρὰ
744 2448 974 2519 γνώμην
1007 2451 1106 2504 τοῦ
1168 2451 1321 2520 σφῶν
1363 2453 1666 2507 ἐπισκόπου
1715 2454 1968 2525 κληρικοὶ

385 2538 418 2607 ἢ
453 2539 784 2608 μονάζοντες
818 2543 884 2610 τῇ
920 2541 1340 2595 Κωνσταντίνου
1375 2544 1832 2615 ὲνδιατρίΰοντες.
1870 2547 1966 2599 καὶ

386 2630 614 2690 ἄκοντες
645 2630 1080 2696 ὲλαυνὲσθωσαν,
1111 2631 1186 2695 ώς
1224 2635 1498 2703 ταράκται
1529 2635 1641 2688 τῶν
1667 2636 1967 2706 ἐκκλησια-

391 2719 596 2772 στικῶν
629 2721 1042 2776 καταστάσεων.

401 2810 464 2864 '0
486 2811 575 2864 κδ’
602 2810 712 2879 τῆς
745 2811 798 2866 α’
821 2814 922 2866 καὶ
941 2815 1023 2880 β’,
1061 2815 1161 2869 καὶ
1196 2818 1231 2869 ὁ
1265 2816 1356 2871 νῦν
1389 2819 1496 2887 τῆς
1520 2820 1592 2873 ἐν
1621 2819 1959 2888 Λαοδικείᾳ.

458 2903 789 2974 κληρικδςῆ
823 2907 1075 2974 μονάζων
1104 2908 1163 2960 ὲν
1191 2909 1554 2980 ίπποδρόμοις
1582 2913 1613 2982 ἢ
1643 2913 1963 2982 θυμελικοῖς

385 2995 657 3060 παιγνίοις
697 2996 1103 3066 παρουσιάζων,
1142 2997 1174 3068 ἢ
1234 2999 1340 3051 κᾶν
1393 3001 1453 3054 ὲν
1486 3001 1649 3072 γάμῳ
1707 3003 1958 3073 κληθείη,

2077 536 2171 590 siti
2203 541 2486 606 prodeant.
2517 538 2618 606 Qui
2643 541 2805 595 aliter
2832 539 3063 597 fecerint
3094 545 3408 611 puuinntor.

2425 719 2495 774 Π
2529 720 2784 788 ejusdem,
2809 731 2860 775 et
2911 721 2982 776 20
3014 723 3274 788 septima.

2151 805 2448 864 Monachus
2486 809 2539 862 in
2580 809 2829 863 muliebri
2873 811 3154 865 mansione
3207 810 3508 874 dormiens,
3554 821 3648 865 ant

2075 900 2338 952 monacha
2376 899 2428 952 in
2456 898 2626 964 virili,
2658 899 2774 953 sive
2811 899 2978 952 etiam
3012 898 3268 966 clericus,
3306 907 3399 953 aut
3452 899 3647 961 laicus.

2075 999 2414 1059 segregator.

2703 1080 2736 1134 8
2762 1079 3023 1149 septimm.
3122 1087 3163 1125 ο

2143 1169 2252 1227 Nec
2308 1171 2364 1226 in
2421 1172 2800 1242 episcoporum
2854 1173 3085 1237 aedibus,
3137 1180 3229 1226 aut
3277 1175 3642 1238 monasteriis,

2083 1265 2344 1319 mulieres
2392 1273 2820 1319 commorentur.
2854 1265 3008 1332 Quod
3065 1266 3110 1320 si
3154 1267 3278 1336 quis
3330 1268 3644 1337 episcopus,

2071 1355 2154 1409 vel
2207 1354 2395 1418 abbas,
2455 1371 2608 1409 serva
2663 1355 2901 1410 liberave
2948 1371 3104 1410 suum
3159 1359 3226 1411 ad
3283 1357 3643 1412 ministerium

2073 1447 2267 1508 utitur,
2303 1447 2651 1516 increpator;
2689 1458 2744 1502 et
2793 1448 2844 1501 in
2880 1449 3151 1503 sententia
3199 1453 3524 1518 persistens,
3552 1450 3648 1504 de-

2075 1539 2314 1607 ponitor.
2372 1539 2432 1594 In
2476 1539 2672 1594 itinere
2717 1555 2866 1605 vero,
2900 1555 3224 1610 quocunque
3257 1541 3488 1595 divertet
3528 1543 3648 1612 epi-

2069 1645 2267 1698 scopus
2305 1639 2399 1684 aut
2428 1629 2620 1698 abbas,
2661 1630 2784 1686 inde
2818 1631 3077 1686 mulieres
3113 1633 3230 1702 ipso
3263 1643 3530 1702 praesente
3559 1648 3647 1690 se-

2071 1720 2286 1776 cedant.

2070 1835 2134 1890 21
2182 1835 2462 1906 septimm,
2513 1834 2578 1891 18
2623 1832 3077 1956 σανιίᾶορὶῧρηείι,
3121 1845 3173 1890 et
3227 1833 3291 1890 l4
3349 1835 3546 1890 habita
3592 1835 3648 1890 in

2815 1922 2874 1956 ru
2923 1920 2977 1956 ο.

2815 1920 2977 1958 νιιιιο.

2141 1995 2363 2060 Clerici,
2405 1995 2491 2050 vel
2546 1995 2823 2059 monachi,
2871 1996 3306 2066 coniurationem
3360 1997 3644 2062 facientes,

2071 2097 2168 2141 aut
2205 2087 2442 2155 factiosi,
2468 2085 2551 2142 vel
2579 2085 2705 2156 quid
2739 2087 3004 2142 adversus
3059 2088 3372 2158 episcopum
3402 2099 3494 2146 aut
3523 2106 3647 2146 cnn-

2072 2188 2272 2233 sortem
2305 2178 2596 2234 clericatus
2623 2179 2930 2246 molientes,
2963 2181 3132 2249 gradu
3159 2196 3261 2236 suo
3288 2196 3514 2250 prorsus
3549 2198 3647 2237 ex-

2073 2269 2279 2322 cidant.

2486 2356 2557 2411 23
2585 2356 2816 2426 ejusdem
2847 2356 2944 2429 [aL
2972 2359 3227 2429 quarm].

2141 2449 2360 2513 Clerici,
2389 2449 2470 2503 vel
2499 2450 2771 2514 monachi,
2797 2445 2887 2518 qui
2918 2461 3118 2518 praeter
3137 2452 3378 2520 episeopi
3412 2453 3493 2505 sui
3517 2469 3646 2506 sen-

2071 2542 2294 2600 tentiam
2339 2544 2812 2612 CousuntinOpnli
2869 2555 3300 2609 commorantur,
3340 2547 3507 2601 etiam
3558 2547 3645 2598 in-

2069 2634 2162 2688 viti
2215 2633 2523 2704 abiguntor,
2584 2635 2747 2690 veluti
2809 2637 3218 2706 perturbatores
3278 2638 3642 2694 ecclesiasﬁci

2067 2737 2262 2782 status.

2229 2819 2301 2872 ει
2335 2821 2520 2886 prima:
2554 2835 2616 2872 ac
2645 2820 2912 2883 secundm,
2943 2829 2995 2874 et
3027 2821 3096 2875 54
3128 2819 3462 2876 Lnodicenaz.

2137 2909 2402 2968 Clericus.
2442 2919 2535 2962 aut
2569 2911 2888 2975 monachus,
2919 2913 3010 2980 qui
3043 2911 3172 2966 circi
3208 2913 3287 2965 vel
3324 2913 3636 2981 nuptiarum

2065 2999 2288 3055 ludicris
2304 3000 2479 3063 adest,
2508 3009 2600 3052 aut
2632 3000 2886 3054 invitatus
2910 3000 2974 3054 ad
3003 3003 3240 3070 nuptias,
3266 3000 3312 3055 si
3345 3011 3636 3068 antequam

379 3085 476 3151 τῆς
509 3086 616 3176 τῷν
641 3088 911 3176 παιγνίων
940 3089 1247 3160 παρουσίας
1285 3092 1361 3163 μὴ
1391 3093 1884 3164 προεξερχόμενος,
1925 3092 1956 3164 ἢ

2066 3091 2154 3147 illa
2199 3092 2404 3147 ludicra
2451 3091 2606 3159 ﬁant,
2639 3106 2745 3148 non
2791 3095 3089 3162 egreditur,
3131 3103 3224 3147 aut
3259 3094 3492 3159 desinat,
3544 3102 3640 3148 aut

379 3175 704 3240 παυσάσθω,
729 3174 762 3244 ἢ
795 3176 1191 3250 καθαιρείσθω.

985 3268 1048 3323 '0
1085 3272 1134 3323 δ’
1173 3270 1283 3340 τῆς
1313 3271 1387 3334 ζ’.

462 3355 523 3410 Ὀ
560 3355 636 3426 μὴ
657 3357 998 3426 χειροθεσίας
1023 3359 1226 3430 τυχὼν,
1263 3363 1312 3415 εί
1341 3364 1432 3416 καὶ
1460 3365 1694 3436 μοναχδς
1729 3367 1836 3437 εἴη,
1862 3367 1961 3431 τὰς

382 3447 536 3517 ίερὰς
557 3448 647 3499 ἐπ’
680 3449 936 3517 ἄμϐωνος
964 3449 1186 3520 βίϐλους
1223 3454 1298 3524 μὴ
1345 3456 1794 3524 ἀναγινωσκέτω.
1833 3461 1961 3513 Χει-

383 3536 672 3607 ροθετείτω
693 3537 748 3590 δὲ
781 3538 1135 3606 ἀναγνώστας
1159 3544 1254 3596 καὶ
1284 3543 1590 3616 ἡγούμενος
1621 3549 1681 3600 ὲν
1726 3548 1804 3619 τῷ
1843 3549 1959 3617 ίδίῳ

381 3626 749 3698 μοναστηρίῳ,
781 3629 829 3681 εί
864 3630 1164 3699 ίερωμένος
1192 3632 1302 3703 εἴη,
1333 3636 1428 3688 καὶ
1476 3637 1609 3706 παρ’
1650 3639 1955 3692 ἐπισκόπου

373 3717 716 3789 χειροθεσίαν
735 3719 884 3790 ἔχει’
916 3721 1013 3775 καὶ
1033 3724 1474 3794 χωρεπίσκοπος,
1498 3727 1620 3781 κατ’
1651 3730 1956 3802 ἐπιτροπὴν

376 3811 707 3866 ἐπισκόπου.

886 3991 953 4046 '0
973 3990 1064 4046 κα⁹
1087 3992 1200 4061 τῆς
1225 3993 1444 4062 αὐτῆς.

443 4082 694 4156 Μοναχδς
721 4083 823 4155 τήν
877 4084 1016 4138 ίδίαν
1041 4084 1471 4155 καταλιμπάνων
1519 4087 1711 4158 μονὴν,
1743 4089 1840 4141 καὶ
1869 4089 1952 4154 είς

371 4177 566 4247 ἑτέραν
589 4177 989 4247 ἀπερχόμενος,
1017 4176 1402 4247 ξενοδοχείσθω
1433 4177 1536 4248 μὲν
1559 4218 1574 4245 ,
1609 4180 1684 4250 μή
1707 4180 1949 4250 δεχέσθω

369 4268 428 4322 δὲ
454 4269 607 4340 παρὰ
638 4267 869 4339 γνώμην
889 4267 983 4321 τοῦ
1011 4269 1359 4338 προεστῶτος
1381 4272 1573 4328 αὐτοῦ.

753 4359 810 4412 '0
838 4357 924 4412 οϐ’
960 4358 1071 4427 τῆς
1103 4360 1174 4413 ἐν
1197 4347 1570 4433 Καρθαγένῃ.

2068 3183 2378 3254 deponitor.

2554 3274 2589 3328 ι
2627 3271 2725 3345 [σί.
2762 3273 2851 3346 Η]
2876 3275 3131 3342 septimis.

2135 3365 2238 3434 Qui
2290 3381 2482 3420 manus
2524 3365 2927 3434 impositionem
2977 3381 3085 3420 non
3137 3375 3222 3421 est
3285 3375 3636 3424 consecutus.

2061 3459 2188 3514 licet
2237 3459 2540 3514 monachus
2595 3458 2687 3523 sit,
2724 3472 2913 3512 sacros
2963 3455 3019 3510 in
3062 3458 3293 3511 amboue
3331 3453 3635 3528 [suggestu]

2063 3550 2230 3606 libros
2263 3565 2370 3605 non
2398 3550 2562 3618 legat.
2600 3548 2845 3619 lmponat
2879 3558 3062 3602 autem
3099 3563 3290 3602 manus
3338 3547 3636 3602 lectoribus

2059 3643 2222 3697 etiam
2252 3641 2421 3696 abbas
2450 3642 2504 3696 in
2537 3657 2638 3696 suo
2690 3640 3042 3706 monasterio,
3071 3639 3119 3694 si
3166 3640 3458 3694 sacerdotii
3510 3653 3636 3708 gra-

2059 3735 2186 3790 dum
2241 3733 2424 3796 habet.
2461 3743 2516 3788 et
2561 3733 2630 3786 ab
2673 3731 2931 3802 episcopo
2985 3745 3178 3784 manus
3227 3729 3632 3798 impositionent

2059 3839 2247 3882 nactus
2317 3836 2420 3893 est,
2453 3826 2688 3895 itemque
2724 3824 3171 3895 cliorepiscomts,
3212 3823 3448 3892 episcopi
3509 3837 3634 3891 per-

3301 3909 3307 3916 .

2057 3920 2225 3973 missu

2211 4000 2216 4005 “
2663 4010 2726 4063 21
2757 4009 3016 4080 ejusdem.
3089 4028 3106 4039 ν

2125 4101 2442 4165 Monachus,
2475 4101 2567 4171 qui
2619 4116 2772 4156 suam
2827 4103 3164 4157 mansionem
3210 4099 3435 4159 deserit,
3469 4108 3522 4150 ct
3571 4097 3625 4150 in

2056 4197 2218 4251 aliam
2251 4197 2383 4262 abit,
2434 4194 2673 4263 hospitio
2709 4195 2930 4263 quidem
2959 4194 3249 4264 excipitor,
3273 4207 3458 4246 verum
3497 4192 3625 4246 alis-

2053 4305 2160 4362 que
2203 4288 2470 4344 sententia
2502 4285 2774 4356 praepositi
2809 4287 2888 4340 sui
2923 4301 3027 4340 non
3062 4287 3387 4342 admittitor.

2405 4377 2471 4431 74
2497 4376 2594 4450 [ιιί.
2639 4375 2763 4448 104]
2795 4377 3267 4448 Carthaginiensis.

437 4449 507 4503 Εἴ
527 4466 611 4512 τις
671 4451 902 4521 μοναχὸς
953 4452 1055 4520 τῆς
1081 4452 1218 4516 ίδίας
1259 4454 1577 4526 ἀποδράσας
1618 4459 1810 4529 μονῆς,
1860 4460 1943 4524 είς

2121 4471 2177 4528 Si
2206 4471 2329 4541 quis
2369 4469 2664 4526 monachus
2695 4481 2846 4524 extra
2877 4486 3030 4524 suam
3075 4472 3417 4528 mansionem
3465 4472 3624 4530 aulu-

369 4541 554 4614 ἕτερον
579 4543 944 4614 μοναστήριον
980 4545 1304 4613 μεταπὲσει,
1336 4547 1366 4616 ἦ
1408 4551 1490 4612 είς
1536 4551 1803 4620 κοσμικόν
1837 4553 1950 4605 είσ-

370 4634 619 4702 κωμάσει
649 4633 1014 4703 καταγώγιον,
1049 4636 1402 4708 ἀφοριζὲσθω
1443 4641 1584 4710 μετὰ
1629 4641 1724 4698 τοῦ
1758 4643 1950 4697 ὐποδεν

372 4723 624 4792 ξαμένου,
660 4723 766 4787 ἓως
794 4723 861 4777 ἂν
891 4725 972 4786 είς
1023 4725 1123 4797 τὴν
1163 4725 1302 4780 ίδίαν
1335 4730 1624 4785 ἐπανέλθοι
1653 4733 1842 4804 μονήν.
1886 4731 1947 4788 '0

366 4815 423 4868 δὲ
465 4817 597 4886 παρ’
630 4817 932 4870 ἐπισκόπου
963 4819 1307 4890 ὁπουδήποτε
1348 4824 1648 4889 καταστὰς,
1683 4825 1783 4897 οὐχ
1815 4825 1947 4880 ὑπό-

365 4907 536 4970 δικος.

638 4997 700 5053 ’0
728 4997 778 5053 a’
811 5001 920 5056 τοῦ
950 5001 1329 5073 πατριάρχου
1351 5005 1678 5063 Νικολάου.

438 5089 501 5142 Οἱ
535 5091 759 5158 μοναχοὶ
817 5091 905 5144 διὰ
957 5093 1018 5145 τὸ
1073 5093 1266 5164 σχῆμα
1315 5096 1397 5158 είς
1451 5097 1512 5150 τὸ
1551 5097 1940 5172 θυσιαστήριον

363 5179 679 5242 εἰσίτωσαν,
729 5180 989 5250 ὑφάψεως
1042 5185 1203 5252 χάριν
1256 5186 1436 5256 κηροῦ
1499 5189 1596 5242 καὶ
1641 5193 1935 5263 κανδήλας.

353 5272 495 5353 τἘπ⁹
524 5269 776 5340 ἄμϐωνος
809 5272 888 5336 δὲ,
909 5272 1030 5342 δίχα
1065 5276 1430 5346 χειροθεσίας,
1465 5280 1937 5354 μήιᾶναγινωσκέ-

354 5381 564 5434 ετωσαν.

603 5460 669 5515 '0
688 5460 763 5520 ιδ’
790 5461 898 5519 τοῦ
925 5465 1296 5537 πατριάρχου
1330 5471 1701 5542 Νικηφόρον.

431 5550 524 5604 Δεῖ
568 5551 670 5618 τὰς
705 5555 1046 5624 μοναζούσας
1081 5561 1311 5616 είσιέναι
1342 5565 1423 5628 είς
1453 5564 1517 5616 τὸ
1562 5565 1718 5633 ἅγιον
1745 5563 1933 5621 θυσια-

365 5643 601 5711 στήριον,
637 5649 730 5699 καὶ
790 5646 986 5703 ἅπτειν
1018 5653 1188 5722 κηρὸν
1243 5655 1337 5708 καὶ
1368 5656 1661 5726 κανδήλας,
1704 5655 1798 5710 καὶ
1845 5674 1932 5710 xo-

365 5735 520 5811 ομςῑν
563 5731 651 5800 τιν
685 5735 830 5803 ναόν.
874 5736 1034 5806 Κατὰ
1058 5743 1374 5814 περίστασιν
1403 5747 1493 5799 καὶ
1521 5747 1749 5816 μονσχὺς
1786 5747 1927 5809 λιτὶς

2050 4565 2210 4635 gerit,
2240 4574 2294 4619 et
2331 4565 2384 4617 in
2431 4562 2573 4617 aliud
2611 4563 3002 4617 monasterium
3041 4566 3275 4627 venerit,
3307 4564 3390 4618 vel
3437 4565 3488 4616 in
3522 4580 3626 4618 sae-

2047 4657 2234 4714 culare
2268 4655 2629 4712 diversorium
2672 4655 2819 4709 velut
2852 4655 2920 4709 ad
2949 4656 3326 4710 comisantium
3373 4655 3622 4720 irruerit,

2047 4753 2362 4819 segregator
2392 4759 2498 4799 una
2550 4760 2671 4798 cum
2706 4760 2772 4800 eo
2805 4746 2896 4814 qni
2953 4748 3226 4800 hominem
3253 4745 3489 4812 excepit,
3529 4747 3626 4796 do-

2047 4854 2148 4894 nec
2171 4839 2226 4892 in
2261 4853 2414 4892 suam
2449 4837 2787 4893 mansionem
2834 4837 3081 4892 redierit.
3111 4837 3213 4903 Qui
3251 4847 3380 4891 vero
3413 4837 3480 4889 ab
3504 4840 3623 4906 epi-

2048 4944 2213 5001 scopo
2247 4929 2559 5000 ubicunque
2587 4931 2923 4985 constitutus
2949 4939 3055 4994 est,
3095 4929 3255 4996 culpa
3283 4937 3454 4985 caret.

2501 5015 2548 5074 1·
2575 5021 2788 5076 Nicolai
2818 5019 3156 5087 patriarchae.

2112 5109 2367 5166 Monachi
2421 5120 2641 5182 propter
2677 5111 2922 5166 habitum
2973 5111 3025 5164 in
3075 5110 3379 5165 sacrarium
3437 5111 3617 5182 ingrev

2038 5201 2277 5268 diuntor,
2310 5213 2366 5257 ut
2409 5217 2600 5258 cereos
2629 5211 2682 5258 et
2707 5200 2964 5257 candelas
3014 5204 3372 5262 succendunt.
3405 5205 3458 5259 ln
3489 5221 3615 5275 sug-

2037 5302 2190 5366 gestu
2221 5310 2369 5362 vero,
2409 5296 2616 5365 absque
2649 5307 2842 5349 manus
2871 5293 3236 5364 impositione,
3273 5314 3380 5353 non
3407 5298 3612 5366 legant.

2443 5477 2512 5532 Η
2546 5474 2596 5531 Ν
2603 5476 2831 5546 icephori
2861 5481 3202 5546 patriarchae.

2107 5568 2402 5624 Monachas
2449 5568 2750 5624 sacrarium
2810 5570 3015 5641 ingredi
3045 5583 3284 5641 oportet,
3317 5580 3370 5624 et
3401 5583 3596 5647 cereos

2033 5675 2197 5727 atque
2227 5660 2480 5714 candelas
2511 5663 2831 5726 accendere,
2875 5663 3242 5730 templumque
3282 5673 3500 5712 ornare.
3540 5663 3602 5718 In

2032 5751 2272 5818 periculo
2309 5749 2543 5821 simplex
2581 5749 2750 5811 etiam
2781 5751 3075 5806 monachus
3101 5750 3362 5821 baptizat.
3399 5749 3598 5817 Similia.
