4132 6294
563 374 660 450 151
1735 394 2000 460 consr.
2042 399 2614 469 HARMENOPULI
3711 413 3806 476 152

558 514 682 560 eum
734 513 957 577 propter
1007 522 1229 562 munera
1285 514 1640 579 rut-urrcrinl,
1725 516 1986 571 decennio
2024 532 2190 581 suc-1

2175 525 2216 584 Α
2249 523 2340 577 ἐπὶ
2371 526 2576 596 ταύτην
2599 527 3024 598 ἀναδραμόντες,
3049 529 3334 584 δεκαετίαν
3361 529 3807 583 ὕποπιπτέτωσαν

557 593 834 663 cumbant,
870 610 995 651 cum
1051 597 1279 653 trienuis
1331 602 1626 657 auditionis
1663 605 1858 672 spatio.
1921 603 1977 659 lu
2024 620 2139 660 om-

2245 621 2380 688 μετὰ
2415 593 2660 690 τριετοῦς
2711 593 3029 691 ἀκροάσεως
3086 624 3306 695 χρόνον.
3353 622 3500 693 Πλὴν
3531 622 3618 692 ἐφ’
3645 625 3803 677 ἅπασι

555 685 714 742 nibus
767 695 946 742 tamen
1005 691 1337 758 poenitentiae
1371 695 1583 762 species
1631 697 1993 752 examinanda
2027 708 2135 765 est,

2239 685 2299 762 τὸ
2322 712 2419 781 τῆς
2449 685 2748 780 μετανοίας
2778 685 2918 778 εἶδος
2949 685 3287 782 ἐξεταστέον,
3315 715 3412 767 καὶ
3441 685 3518 785 τῷ
3551 685 3805 783 θερμοτέ-

554 787 612 833 et
678 781 734 834 in
789 795 914 836 eum
979 783 1072 852 qui
1141 785 1426 840 ardentius
1500 787 1877 856 paenitentiam
1936 791 2130 861 egerit,

2243 818 2348 868 ρως
2408 806 2800 874 μετανοήσαντι
2859 781 3373 875 φιλανθρωπότερον
3423 805 3452 857 ὁ
3490 781 3807 868 ⁷ἑιιτιιτκόπος

555 872 843 944 episcopus
888 888 948 930 se
1003 876 1380 932 humaniorem
1414 890 1595 948 gerat.

924 888 948 930 ε
1003 876 1380 932 humaniorem
1414 890 1595 948 gerat.
2238 893 2556 950 διακεισθω.

1153 993 1219 1046 14
1268 993 1530 1063 ejusdem.

2799 1007 2863 1062 '0
2891 1007 2963 1062 ιδ’
3013 1008 3261 1076 ταύτης.

571 1097 580 1104 ·
627 1082 683 1139 Si
730 1086 1167 1140 catechumenus
1240 1087 1424 1155 lapsus
1464 1087 1652 1152 fuerit,
1709 1085 2002 1143 triennium
2052 1092 2133 1143 iu-

2310 1097 2732 1170 Κατηχοῦμενος
2759 1102 2806 1154 εί
2830 1101 3165 1168 παραπέσοι,
3197 1099 3444 1170 τριετίαν
3477 1101 3768 1170 ἀκροάσθω
3789 1118 3801 1133 ·

557 1185 638 1229 ter
691 1176 978 1232 audientes
1017 1177 1106 1242 sit,
1165 1186 1329 1244 atque
1377 1178 1452 1231 ita
1515 1194 1639 1233 cum
1725 1181 2133 1236 catechuntenis

1991 1183 2133 1236 lienis
2237 1190 2333 1243 καὶ
2369 1189 2542 1254 οὕτως
2587 1192 2728 1260 μετὰ
2757 1194 2868 1245 τῶν
2899 1193 3333 1262 κατηχουμένων
3359 1191 3623 1262 εὐχέσθω.

557 1275 824 1333 precetur.

1117 1382 1149 1435 5
1233 1384 1552 1450 Ληουῖ-αντα.
2673 1387 2736 1440 '0

2673 1387 2736 1440 ὀ
2765 1393 2813 1457 τ’
2867 1387 2978 1457 τῆς
3003 1389 3072 1442 ἐν
3111 1389 3388 1458 Ἀγκύρας

621 1467 724 1532 Qui
789 1470 836 1524 vi
889 1479 945 1525 et
1003 1474 1291 1526 tormentis
1366 1472 1647 1538 adhibitis,
1739 1473 1825 1528 vel
1879 1474 2130 1529 manibus

2315 1476 2376 1529 Ὀ
2430 1478 2520 1548 βίᾳ
2563 1479 2658 1532 καὶ
2703 1479 2962 1547 βασάνοις
3007 1479 3039 1550 ἢ
3089 1480 3238 1550 θῦμα
3271 1482 3330 1534 ὲν
3369 1482 3488 1543 ταῖς
3538 1480 3808 1550 χερσὶν,ῆ

551 1557 849 1625 victimam,
911 1562 991 1614 vel
1053 1577 1148 1614 ore
1196 1562 1375 1615 cibum
1434 1563 1729 1630 exceperit,
1794 1579 1824 1617 a
1881 1579 2128 1619 commu-

2237 1567 2437 1638 βρῶμα
2468 1570 2765 1640 δεξάμενος
2785 1572 2850 1623 έν
2882 1568 2959 1641 τῷ
2993 1573 3245 1641 στόματι,
3277 1573 3378 1642 τῆς
3414 1574 3705 1637 κοινωνίας
3739 1573 3808 1643 μὴ

552 1650 711 1703 nione
753 1666 859 1705 non
902 1663 1139 1707 arcetor.
1192 1653 1345 1718 Quod
1412 1653 1456 1708 si
1531 1654 1703 1709 laicus
1781 1655 1877 1721 sit,
1949 1659 2114 1711 etiam

2234 1661 2551 1717 κωλυέσθω.
2603 1662 2716 1717 Καὶ
2755 1666 2803 1716 εί
2852 1664 3042 1726 λαῖκδς
3083 1665 3141 1716 δὲ
3189 1666 3300 1735 εῐη,
3353 1665 3447 1719 καὶ
3475 1668 3807 1736 χειροτονίας

539 1743 946 1797 ‘nrdinationem
1005 1745 1383 1813 consequitor,
1457 1747 1749 1816 cmteroqui
1811 1748 2126 1817 {reprehen-

1668 1747 1749 1816 qui
1811 1748 2126 1817 {reprehen-
2229 1755 2571 1825 τυγχανέτω,
2599 1755 2774 1819 ἄλλως
2803 1756 3176 1825 ἀνεπίληπτος
3206 1755 3300 1810 ὥν.

550 1834 720 1889 sionis
769 1849 984 1905 expers.
2160 1860 2203 1914 Β

1174 1950 1208 2005 4
1234 1950 1496 2020 ejusdem.

2811 1955 2874 2006 Ὀ
2906 1952 2952 2006 δ’
3015 1954 3257 2021 ταύτης.

621 2035 725 2106 Qui
779 2041 849 2095 ob
893 2041 1002 2096 vim
1064 2043 1364 2098 adhibitam
1419 2031 1768 2110 sacrificavit,
1841 2054 1894 2100 et
1944 2057 2128 2100 caena-

2321 2044 2383 2097 'O
2416 2044 2508 2115 βίᾳ
2535 2046 2704 2110 θύσας
2733 2046 2827 2099 καὶ
2861 2047 3156 2115 δειπνήσας
3189 2049 3248 2099 ἑν
3285 2047 3397 2108 τοῖς
3424 2045 3740 2107 εἰδωλείοις,
3764 2044 3810 2097 εἰ

549 2132 627 2184 tit
669 2133 720 2184 in
757 2134 1094 2188 deastrorum
1163 2135 1401 2202 templis,
1477 2137 1522 2189 si
1578 2137 1794 2204 quidem
1832 2151 1957 2190 cum
2018 2137 2116 2188 ab-

2240 2138 2340 2206 μὲν
2399 2138 2771 2205 ἀπαγόμενος,
2824 2137 2919 2189 κα)⁸
2989 2138 3231 2209 σχήματι
3292 2136 3656 2207 φαιδροτέρῳ,
3720 2135 3808 2187 καὶ

549 2230 859 2292 duceretur,
917 2235 974 2280 et
1030 2228 1213 2283 habitu
1261 2229 1464 2283 laetiore
1501 2237 1555 2282 et
1625 2228 1992 2298 splendidiore
2041 2243 2130 2282 ve-

2236 2227 2427 2294 ὲσθῆτι
2466 2227 2824 2298 λαμπροτέρα
2857 2227 3076 2296 ἐχρῆτο,
3112 2226 3206 2280 καὶ
3249 2225 3560 2295 ἀδιαφόρως
3587 2223 3682 2276 τοῦ
3707 2223 3813 2275 δεί-

548 2327 576 2371 s
603 2319 675 2370 itu
725 2319 1000 2382 utebatur,
1038 2329 1201 2390 atque
1245 2319 1616 2377 indifferenter
1653 2332 1821 2376 comae
1861 2323 2129 2389 particeps

2236 2337 2372 2373 πνον
2407 2321 2658 2389 μετέσχε,
2700 2319 2767 2372 δι’
2814 2318 3063 2383 theriam;
3107 2317 3203 2370 τοῦ
3233 2317 3442 2370 τελείου
3470 2314 3809 2386 τυγχανέτω.

550 2404 732 2469 tiebat,
780 2407 1038 2461 sexennio
1095 2408 1422 2462 restituitor.

1158 2521 1191 2575 5
1229 2522 1488 2591 ejusdem.

2818 2515 2881 2569 '0
2915 2515 2959 2570 ε’
2997 2517 3240 2582 ταύτης.

617 2610 712 2666 Sin
769 2613 948 2667 omnia
998 2615 1304 2677 contraria,
1365 2613 1632 2681 siquidem
1685 2610 2120 2678 manducavcrit,

2307 2609 2370 2664 Εί
2401 2612 2457 2665 δὲ
2488 2613 2600 2664 πᾶν
2633 2610 2963 2668 τούναντίον.
3012 2609 3204 2678 ῳαγὼν
3263 2610 3382 2678 μὲν,
3413 2606 3499 2661 διὰ
3527 2605 3770 2678 τριετίας
3794 2621 3810 2637 ⁸

551 2704 824 2770 triennio;
860 2705 903 2760 si
943 2719 1049 2759 non
1088 2706 1517 2770 mauducaverit,
1565 2704 1803 2759 biennio.

1395 2707 1517 2770 erit,
1565 2704 1803 2759 biennio.
2239 2705 2315 2776 μὴ
2357 2704 2549 2775 φαγὼν
2576 2705 2654 2772 δὲ,
2685 2703 2772 2758 διά
2807 2703 3027 2765 διετίας.

1172 2816 1205 2869 6
1247 2796 1503 2884 ejusdem.

2813 2817 2874 2869 '0
2907 2815 2962 2880 ς’
3000 2814 3240 2883 ταύτης.

621 2903 722 2971 Qui
769 2905 1176 2961 comminationi
1240 2906 1507 2960 duntaxat
1554 2906 1743 2970 cessit,
1813 2920 1876 2959 ac
1936 2904 2130 2960 deinde

2323 2911 2380 2964 '0
2412 2911 2612 2981 ἀπειλῇ
2642 2913 2802 2980 μόνον
2831 2911 3002 2975 εἴξας,
3031 2909 3149 2962 εἶτα
3178 2909 3544 2979 μετανοήσας,
3572 2907 3666 2963 διὰ
3689 2924 3814 2962 πεν-

550 2998 830 3066 pmnituit,
896 2997 1268 3067 quinquennio
1316 2997 1640 3051 restituitor.

1545 3007 1640 3050 lor.
2237 3007 2457 3067 ταετίας
2486 3005 2578 3057 τοῦ
2608 3003 2816 3056 τελείου
2840 3001 3177 3070 τυγχανέτω.

1167 3111 1199 3164 7
1237 3111 1501 3180 ejusdem.

2810 3115 2875 3167 '0
2911 3113 2953 3173 ζ’
3004 3119 3247 3180 ταύτης.

623 3205 725 3272 Qui
773 3217 894 3258 cum
931 3201 1156 3272 paganis
1205 3203 1260 3255 in
1311 3200 1467 3259 {estis
1511 3217 1722 3261 eorum.
1766 3212 1819 3258 et
1871 3204 1986 3258 suis
2012 3203 2126 3270 qui-
2156 3210 2203 3272 ο

2184 3210 2203 3272 Ξ
2321 3211 2377 3263 Ὀ
2409 3211 2521 3271 τοῖς
2550 3208 2786 3270 ὲθνικοῖς
2818 3208 2878 3260 ἐν
2903 3208 3026 3269 ταῖς
3057 3208 3272 3276 ἑορταῖς
3307 3204 3510 3269 αὐτῶν,
3545 3206 3645 3259 καὶ
3677 3203 3816 3274 μετά

554 3287 674 3351 dent
755 3309 880 3350 cum
939 3295 1076 3350 cibis
1129 3292 1383 3349 convivia
1455 3295 1663 3359 habuit,
1727 3295 1943 3348 biennio
2006 3310 2132 3349 suc-

2240 3301 2385 3354 ίδίων
2427 3302 2734 3373 βρωμάτων
2770 3298 3169 3363 συνεστιαθεὶς,
3198 3298 3406 3353 διετίαν
3430 3298 3812 3354 ὑποπιπτέτω.

556 3388 796 3440 tutnbat.

1174 3499 1206 3554 8
1247 3501 1504 3570 ejusdem.

2814 3499 2876 3556 Ὀ
2905 3510 2956 3570 η’
3010 3503 3253 3570 ταύτης.

623 3590 724 3658 Qui
768 3591 850 3646 bis
885 3601 938 3644 et
962 3601 1043 3647 ter
1075 3605 1138 3646 cx
1183 3592 1460 3646 coactione
1485 3591 1830 3657 sacriﬁcavit,
1858 3591 2136 3659 septennio

2319 3595 2378 3649 Ὀ
2404 3595 2485 3657 δὶς
2511 3596 2607 3650 καὶ
2636 3588 2757 3664 τρὶς
2801 3595 2869 3648 δι’
2908 3595 3155 3664 ἀνάγκην
3179 3595 3347 3658 θύσας
3397 3593 3484 3648 διὰ
3517 3590 3815 3654 ἑπταετίας

554 3681 875 3736 restituitor.

2235 3687 2330 3740 τοῦ
2361 3686 2566 3739 τελείου
2593 3687 2932 3757 τυγχανέτω.
3205 3752 3217 3765 ι

1174 3793 1207 3847 9
1271 3791 1526 3862 ejusdem.

2809 3801 2872 3854 '0
2917 3799 2964 3857 θ’
3004 3802 3246 3869 ταύτης.

630 3887 730 3952 Qui
775 3901 881 3939 non
951 3885 1112 3940 modo
1181 3884 1400 3949 defecit,
1475 3900 1660 3939 verum
1733 3885 1895 3940 etiam
1961 3888 2137 3956 coegit

2319 3895 2380 3948 '0
2416 3893 2493 3965 μὴ
2562 3893 2724 3964 μόνον
2755 3885 2758 3888 ’
2786 3893 3058 3958 ἀποστὰς,
3114 3893 3251 3946 ἀλλά
3284 3893 3382 3946 καὶ
3411 3891 3607 3956 ἄλλους
3642 3901 3814 3946 κατα-

554 3983 710 4045 alios:
748 3977 1012 4032 (1⁸⁸⁸⁸³⁸⁵ίο
1073 3976 1396 4030 resumit”-
2238 3985 2539 4054 ναγκάσας,
2592 3985 2681 4038 διὰ
2737 3985 3025 4049 δεκαετίας
3057 3984 3374 4054 τυγχανέτω
3427 3983 3522 4037 τοῦ
3582 3984 3812 4038 τελείου.

1022 4093 1048 4145 1
1109 4091 1255 4144 Petri
1305 4092 1678 4146 Alexandrini.
2560 4101 2654 4152 '0.

2560 4101 2626 4152 Ὀ
2652 4105 2704 4152 α’
2735 4099 2962 4167 Πέτρου
3015 4099 3486 4168 Ἀλεξανδρείας.

631 4190 733 4256 Qui
821 4200 945 4256 post
1011 4185 1208 4240 multos
1280 4187 1556 4240 cruciatus
1635 4188 1921 4242 tormentis
1986 4185 2134 4252 victi,

2314 4191 2379 4245 Οί
2414 4189 2554 4262 μετά
2585 4191 2786 4253 πολλὰς
2824 4191 3010 4253 αίκίας
3037 4193 3146 4243 τῶν
3181 4192 3431 4262 βασάνων
3459 4193 3813 4261 ἡττηθέντες.

555 4279 835 4339 Christum
882 4281 1218 4348 negaVerint,
1263 4293 1327 4334 ac
1379 4280 1573 4333 deinde
1647 4289 1847 4331 mutata
1922 4291 2140 4333 senten-

2240 4283 2455 4338 καὶτὸν
2490 4280 2730 4352 Χριστὸν
2779 4281 3178 4350 ἀρνησάμενοι,
3226 4281 3422 4334 ἔπειτα
3454 4283 3815 4351 μεταγνόντες

563 4378 634 4430 'lia
698 4373 954 4437 luxerint,
1007 4388 1130 4426 cum
1172 4371 1282 4438 jam
1340 4380 1576 4437 quatuor
1598 4385 1769 4423 annos
1810 4370 2138 4438 persecutio-

2241 4374 2335 4426 καὶ
2353 4372 2702 4434 πενθοῦντες,
2721 4371 3006 4441 τεσσάρων
3034 4372 3170 4424 ἐτῶν
3203 4373 3304 4443 ἤδη
3332 4373 3408 4443 τῷ
3425 4373 3650 4442 διωγμῷ
3679 4389 3820 4442 παρ’

561 4468 646 4519 i.is
722 4462 1102 4532 praeterierint,
1167 4463 1331 4513 etiam
1406 4461 1541 4512 alios
1594 4460 1661 4514 40
1727 4460 1842 4515 dics
1904 4460 2138 4529 puniuno

2077 4478 2138 4514 no
2240 4463 2527 4529 ελθόντων,
2554 4465 2647 4515 καὶ
2679 4461 2846 4522 ἄλλας
2904 4460 3122 4530 ἡμέρας
3153 4459 3603 4531 ὲπιτιμὰσθωσαν
3635 4465 3709 4529 μ’.

562 4564 665 4609 tur.
2165 4553 2212 4608 Ι)

1158 4639 1192 4697 9
1255 4637 1508 4710 ejusdem.

2830 4643 2894 4696 Ὀ
2910 4639 2971 4706 ,β’
2993 4641 3227 4695 τούτου.

665 4756 766 4826 Qui
842 4775 972 4814 vero
1024 4758 1158 4827 lapsi
1237 4766 1382 4821 sunt,
1437 4766 1790 4826 poslcaquam
1873 4757 2136 4810 duntaxat

2323 4762 2387 4813 υί
2413 4760 2469 4814 δὲ
2498 4761 2636 4830 μετὰ
2655 4760 2714 4812 τὸ
2746 4758 3148 4826 φυλακισθῆναι
3183 4755 3344 4824 μόνον
3379 4753 3811 4825 παραπεσόντες,

565 4853 830 4908 οπειϊαιί
878 4851 1130 4915 fuissent,
1221 4851 1391 4903 altera
1455 4851 1620 4903 etiam
1702 4865 1846 4902 anno
1901 4849 2133 4918 puniun-

1702 4865 1846 4902 anuo
1901 4849 2133 4918 puniun-
2237 4854 2331 4906 καὶ
2358 4851 2442 4905 ἔτι
2456 4869 2544 4920 ρον
2571 4851 2816 4904 ἐνιαυτὸν
2844 4849 3316 4918 ἐπιτιμᾶσθωσαν.

567 4952 671 4999 tor.

1196 5033 1230 5087 5
1263 5032 1516 5101 ejusdem.
2811 5029 2825 5046 ’

2811 5029 2874 5080 '0
2914 5034 2963 5095 γ’
3008 5027 3245 5082 τούτου.

636 5145 756 5211 Qui:
795 5159 925 5199 vero
969 5140 1034 5197 ad
1079 5145 1357 5198 interitum
1409 5145 1610 5211 alisque
1652 5141 1994 5196 necessitate
2035 5153 2133 5193 sua

2312 5143 2374 5194 Οί
2405 5143 2460 5195 δὲ
2493 5143 2629 5213 πρὸς
2659 5145 2756 5212 τὴν
2784 5141 3064 5195 ἀπώλειαν
3098 5144 3268 5212 χωρὶς
3297 5142 3544 5209 ἀνάγκης
3575 5137 3813 5206 αὐτομο-

570 5249 762 5307 sponte
827 5237 1186 5304 perroserint.
1246 5252 1310 5290 ac
1376 5237 1568 5290 deinde
1635 5233 2008 5304 pmnituerint,
2069 5233 2136 5285 ad

1951 5241 2008 5298 It,
2069 5233 2136 5285 ad
2239 5229 2529 5304 λήσαντες,
2557 5231 2677 5288 εἶτα
2715 5235 3172 5302 μετανοήσαντες,
3199 5235 3290 5287 ἐπὶ
3319 5233 3583 5305 τριετίαν.

567 5329 886 5387 triennium.

1201 5422 1232 5474 4
1258 5420 1510 5488 ejusdem.
2818 5416 2832 5435 "

2818 5416 2880 5471 '0
2919 5418 2967 5471 δ’
3009 5403 3244 5473 τούτου.

640 5535 741 5602 Qui
777 5549 905 5590 vero
958 5539 1244 5602 postquam
1300 5531 1434 5602 lapsi
1498 5540 1644 5596 sunt,
1708 5547 1812 5584 non
1871 5528 2136 5596 paenitue-

2089 5543 2136 5581 Β·
2308 5532 2372 5584 Oi
2409 5532 2466 5584 δὲ
2503 5533 2641 5598 μετά
2673 5532 2733 5583 τὸ
2772 5534 2956 5585 πεσεῖν
2986 5530 3366 5600 ἀμετανόητοι,
3394 5529 3721 5597 ἀπόϐλητοι.

572 5628 701 5694 rint,
748 5626 1046 5698 rejiciendi.

1172 5737 1205 5793 5
1225 5789 1228 5793 ,
1258 5738 1506 5803 ejusdem.

2830 5733 2894 5787 '0
2924 5731 2966 5786 ε’
2994 5733 3224 5787 τούτου.

644 5849 746 5918 Qui
808 5850 1303 5924 dissimulationem
1343 5850 1708 5933 adhibuerim,
1761 5860 1815 5906 et
1863 5851 2137 5934 irriseriut

2312 5851 2371 5903 0E
2410 5841 2930 5922 δὲ’ὑποκρινάμενοι
2968 5847 3061 5902 καὶ
3095 5844 3482 5910 διαπαίξαντες
3511 5844 3632 5904 τοὺς
3690 5837 3809 5912 βιά-
