4156 6302
353 369 467 438 153

1578 371 1940 469 ErrroME.
1976 376 2371 479 CANo'NUM.

3481 368 3584 440 151

355 507 588 554 σαντας,
619 491 711 544 καὶ
768 489 927 546 οὖσαι
961 490 1338 560 διαφυγόντες,
1369 490 1640 562 ἑξάμηνον
1671 495 1927 564 έπιτιμά-

2028 513 2143 563 eos,
2207 514 2236 551 a
2283 495 2481 567 quibus
2525 493 2872 565 cogebantur,
2941 501 3102 560 atque
3164 490 3261 556 ita,
3298 492 3589 557 quominus

357 581 602 636 σθωσαν.

935 755 991 809 '0
1029 753 1083 820 ς’
1133 757 1375 811 τούτου.

439 846 500 899 Oi
521 845 575 898 δὲ
602 844 820 908 δούλους
847 846 967 899 ἀνθ’
990 846 1172 900 αὐτῶν
1195 845 1357 898 θῦσαι
1379 848 1923 914 καταναγκάσαντες,

363 934 521 988 αὗτοὶ
555 935 653 1006 μὲν
683 936 951 1006 τριετίαν.

934 1028 1000 1080 '0
1037 1025 1084 1087 ζ⁴
1122 1028 1360 1082 τούτου.

433 1116 496 1168 Ol
530 1117 588 1170 δὲ
619 1118 1168 1187 καταναγκασθέντες
1202 1118 1400 1182 δοῦλοι,
1427 1120 1691 1176 ἐνιαυτόν.

939 1209 993 1262 '0
1024 1215 1077 1278 η’
1122 1213 1354 1265 τούτου.

431 1303 495 1356 Οἱ
529 1301 956 1370 παραδοθέντες,
983 1304 1075 1354 καὶ
1105 1302 1172 1354 δι’
1200 1303 1446 1374 ἀνάγκην
1481 1305 1581 1373 μὲν
1613 1307 1930 1376 ἀρνησάμε-

359 1409 466 1454 νοι,
497 1389 617 1445 εἶτα
671 1393 771 1462 τὴν
819 1389 990 1463 ἧτταν
1016 1393 1512 1464 ἀνακαλεσάμενοι,
1541 1397 1634 1448 καὶ
1666 1397 1928 1464 γενναίως

360 1483 784 1553 ἀγωνισάμενοι,
835 1485 894 1537 ἐν
953 1483 1128 1538 ἅπασι
1170 1485 1311 1553 μετᾶ
1351 1488 1526 1555 χαρᾶς
1562 1487 1922 1541 κοινωνείτω-

365 1591 488 1630 σαν.

933 1669 996 1721 Ὀ
1027 1667 1076 1722 θ’
1122 1670 1364 1724 τούτου.

444 1757 719 1821 Ὡσαύτως
779 1760 872 1812 καὶ
922 1761 972 1813 oi
1005 1762 1084 1824 εις
1115 1763 1241 1824 τοὺς
1273 1762 1488 1830 ἀγῶνας
1516 1764 1922 1834 αὐτομολήσαν-

363 1867 472 1912 τες.
520 1851 689 1921 ’Υπὲρ
737 1847 960 1923 Χριστῷ
983 1855 1112 1922 γὰρ,
1145 1849 1191 1906 εξ
1242 1857 1335 1908 καὶ
1385 1855 1459 1926 μὴ
1504 1859 1643 1908 κατά
1692 1857 1926 1927 Χριστὸν

363 1942 712 2011 πεποιήκασι,
736 1943 957 2012 φεύγειν
988 1946 1080 1998 καὶ
1108 1945 1470 2014 διωκομένους
1500 1947 1850 2003 κελεύσαντα.

960 2127 1014 2178 '0
1045 2124 1074 2178 ι’
1101 2127 1333 2178 τούτου.

431 2216 700 2284 Κληρικολν
753 2210 1324 2288 δὲ,αὺτομολήσαντες
1381 2220 1458 2281 εἰς
1512 2218 1637 2277 τοὺς
1692 2218 1928 2285 ἀγῶνας,

361 2305 438 2374 μὴ
495 2305 1022 2374 λειτουργείτωσαν,
1067 2308 1151 2359 ὅτι
1206 2307 1266 2360 τὸ
1318 2309 1467 2375 σφῶν
1510 2307 1930 2361 καταλελοίπασι

359 2394 631 2464 ποίμνιον,
662 2395 689 2448 ὃ
713 2395 901 2464 μηδεὶς
929 2395 1037 2448 τῶν
1067 2396 1377 2449 ἀποστόλων
1411 2397 1731 2466 πεποίηκεν.

928 2577 989 2632 '0
1021 2581 1092 2632 ια’
1125 2582 1359 2634 τούτου.

430 2668 559 2730 Τοῖς
623 2668 960 2737 αὐθαιρέτως
1003 2670 1100 2735 μὲν
1143 2670 1235 2720 τὸν
1295 2669 1479 2736 ἀγῶνα
1522 2669 1922 2735 ὕπεισελοοῦσι,

361 2754 451 2815 διά
489 2762 545 2813 δὲ
588 2761 786 2824 πολλὰς
832 2763 1015 2823 αἰκίας
1059 2763 1476 2830 ἀρνησαμένοις,
1502 2757 1619 2814 εἶτα
1665 2765 1926 2834 μετανοή-

361 2868 506 2916 σασι,
537 2852 628 2904 καὶ
663 2851 722 2904 τὸ
752 2853 992 2921 πραχθὲν
1040 2853 1480 2922 ἁπςδυρομένοις,
1522 2852 1670 2916 ἄξιον
1703 2853 1924 2905 ἐπινεύ-

363 2959 473 3006 σαι,
507 2945 600 2997 καὶ
650 2944 1004 3014 συνεύχεσθαί
1036 2961 1092 2996 τε
1137 2945 1276 3014 ὑπὲρ
1314 2945 1512 3009 αὐτῶν,
1544 2947 1637 2998 καὶ
1669 2946 1727 2998 τὸ
1769 2944 1922 2998 Θεϊον

358 3033 615 3100 ἑξιλεοῦν.

922 3125 987 3180 '0
1017 3127 1090 3192 ιβ’
1122 3128 1359 3182 τούτου.

427 3221 491 3278 Οἱ
521 3221 778 3289 χρήματα
829 3224 1224 3291 παρασχόντες.
1253 3223 1339 3274 ἵνα
1377 3221 1642 3290 βασάνους
1673 3220 1923 3288 ἐκφύγω-

358 3328 466 3376 σιν,
497 3311 820 3382 ἀνέγκλητοι
848 3327 861 3342 ·
886 3313 1181 3381 χρημάτων
1212 3313 1413 3382 μᾶλλον
1503 3313 1676 3382 ψνχῆς
1720 3313 1923 3384 ζημίαν

357 3403 626 3473 ἑλόμενοι.

925 3495 990 3552 ’0
1019 3496 1088 3565 ιγ’
1129 3497 1364 3552 τούτου.

439 3585 712 3650 Ὡσαύτως
767 3589 860 3641 καὶ
907 3591 956 3641 oi
1006 3592 1148 3658 φυγῇ
1184 3589 1280 3658 τὴν
1323 3590 1597 3660 σωτηρίαν
1651 3585 1920 3661 εὑρόντες,

356 3677 461 3732 κᾶν
495 3679 612 3733 ἀντ’
645 3679 821 3733 αὐτῶν
844 3681 1021 3751 ἕτεροι
1055 3680 1478 3752 κατεσχέθησαν.

932 3772 994 3824 '0
1017 3770 1086 3824 ιδ’
1128 3775 1366 3828 τούτου.

424 3865 488 3924 Ol
511 3865 651 3937 μετά
673 3864 874 3928 πολλὰ(
893 3864 1094 3927 αἰκίας,
1125 3863 1216 3915 καὶ
1239 3863 1386 3932 θῦμα
1408 3867 1525 3928 ταῖς
1548 3865 1735 3934 χερσὶν
1759 3865 1923 3919 ἀκου-

345 3959 482 4018 eiu);
505 3958 810 4026 δεξάμενοι,
835 3958 901 4026 τῇ
928 3973 986 4008 τε
1007 3954 1316 4026 λειτουργίᾳ
1339 3956 1671 4024 μενέτωσαν,
1701 3957 1922 4020 καὶτοῖς

354 4049 708 4118 ὁμολογηταῖς
742 4046 1237 4116 ὲγγραφὲσοωσαν.

364 4142 430 4192 Ὀ
459 4147 510 4192 α’
542 4139 649 4192 τοῦ
697 4139 871 4203 ἁγίου
928 4135 1262 4204 Γρηγορίου
1297 4134 1404 4188 τοῦ
1434 4136 1920 4206 Θαυματουργοῦ.

426 4228 489 4284 0i
528 4232 587 4282 ὲν
617 4228 969 4298 αἰχμαλωσίᾳ
1005 4227 1117 4281 τῶν
1157 4227 1450 4298 βαρϐάρων
1478 4227 1747 4296 φαγόντες
1778 4228 1922 4300 βρώ-

358 4339 522 4390 ματα,
559 4319 866 4375 ἁνεύθυνοι.

931 4410 984 4466 '0
1006 4408 1068 4477 ,β’
1101 4412 1338 4467 τούτου.

2026 589 2417 652 sacriﬁcarent,
2467 585 2783 656 eﬂugerint,
2833 598 2928 640 sex
2981 581 3255 638 mensibus
3305 583 3580 652 castigan-

2031 693 2133 738 IOI‘.

2629 769 2675 825 6.
2717 768 2972 837 ejusdem.

2097 864 2197 930 Qui
2249 877 2435 918 servos
2490 875 2588 931 pro
2632 875 2690 916 se
2753 858 3066 914 sacriﬁcare
3119 855 3422 926 coegerint,
3475 853 3576 921 ipsi

2027 957 2242 1024 quidem
2292 953 2550 1008 triennio.

2181 1044 2183 1046 ’
2640 1039 2671 1096 7
2701 1041 2958 1111 ejusdem.

2098 1136 2251 1190 Servi
2299 1151 2428 1190 vero
2485 1134 2684 1194 coacti.
2734 1149 2916 1186 annuo
2963 1129 3165 1198 spatio.

2634 1225 2666 1280 8
2725 1225 2981 1294 ejusdem.

2096 1321 2196 1386 Qui
2256 1319 2435 1373 traditi
2484 1325 2634 1379 sunt,
2683 1327 2736 1369 et
2796 1324 3018 1382 propter
3089 1309 3424 1364 coactioucm
3470 1308 3592 1378 qni-

2027 1415 2146 1470 dem
2194 1415 2564 1478 aliuegarnut,
2617 1411 2824 1468 verum:
2873 1412 3058 1472 postea
3126 1402 3368 1455 cessionc
3440 1416 3592 1452 revo-

2026 1514 2181 1566 cata.
2217 1502 2428 1555 fortiter
2465 1499 2834 1559 decertaruut.
2892 1499 2945 1548 in
2992 1493 3244 1548 erunibus
3295 1507 3416 1546 cum
3463 1505 3590 1561 gra-

2025 1593 2281 1649 tulatione
2302 1589 2718 1645 communicent.

2619 1678 2653 1734 9
2708 1677 2958 1744 ejusdem.

2103 1777 2372 1833 Similiter
2425 1782 2480 1826 et
2561 1771 2652 1841 qui
2708 1778 2898 1838 sponte
2951 1766 3019 1820 ad
3097 1764 3343 1819 obeunda
3409 1771 3561 1818 certa

2030 1871 2173 1924 mina
2222 1869 2299 1939 (ι)
2351 1865 2715 1937 perrexcrint.
2767 1861 2899 1916 Nam
2951 1874 3052 1926 pro
3102 1857 3325 1912 Christo
3387 1857 3437 1908 id
3502 1855 3582 1908 fa-

2025 1961 2197 2022 ciunt,
2259 1957 2471 2011 tametsi
2555 1970 2658 2008 non
2747 1954 3044 2007 secundum
3135 1947 3432 2011 Christum,
3494 1947 3585 2015 qui

2026 2051 2471 2121 persecutionem
2512 2046 2775 2116 patientes
2828 2043 3013 2110 fugere
3056 2039 3244 2109 jussit.

2617 2133 2684 2188 10
2742 2133 2997 2200 ejusdem.

2096 2228 2289 2283 Clerici
2352 2243 2502 2288 vero,
2554 2227 2643 2293 qui
2707 2235 2902 2292 sponte
2958 2221 3022 2273 ad
3081 2218 3331 2274 obeunda
3407 2224 3583 2270 certa-

2031 2319 2175 2372 mina
2229 2331 2290 2371 se
2327 2313 2677 2375 contulerint,
2728 2311 3094 2364 ministerium
3155 2321 3372 2361 sacrum
3461 2319 3586 2375 per-

2026 2417 2206 2478 agant,
2274 2404 2710 2477 quandoquidem
2800 2402 2940 2456 ovile
2999 2414 3155 2454 suum
3230 2398 3586 2465 reliquerunt,

2027 2501 2170 2570 quod
2221 2496 2596 2568 apostolorum
2648 2508 2811 2548 nemo
2863 2492 3011 2546 fecit.

2620 2585 2678 2640 ll
2716 2583 2975 2654 ejusdem.

2094 2685 2166 2740 lis
2213 2683 2305 2754 qui
2381 2691 2576 2752 sponte
2646 2678 2868 2748 quidem
2949 2683 3226 2730 certamen
3301 2669 3584 2732 obierunt,

2024 2793 2208 2833 verum
2257 2783 2480 2845 propter
2537 2774 2716 2827 Varios
2745 2770 3025 2824 cruciatus
3081 2768 3453 2833 abuegarunt,
3517 2775 3583 2816 ac

2024 2868 2215 2924 deinde
2279 2881 2497 2919 rursum
2558 2863 2963 2934 pmnituerunt,
3044 2857 3351 2924 factumque
3426 2867 3584 2906 suum

2028 2959 2401 3030 deplorarunt,
2469 2969 2680 3023 :cquum
2749 2956 3164 3009 est‘annnere,
3206 2963 3269 2999 ac
3341 2959 3438 3014 pro
3504 2941 3586 2998 eis

2025 3060 2133 3106 tum
2163 3063 2348 3120 preces
2382 3047 2624 3108 fundere,
2659 3054 2770 3098 tum
2808 3041 3019 3098 Numen
3067 3040 3304 3110 placare.

2606 3138 2675 3192 19.
2753 3137 3012 3204 ejusdem.

2100 3235 2201 3302 Qui
2253 3232 2514 3304 pecunias
2567 3229 2858 3294 dederunt,
2948 3235 3008 3282 ut
3063 3224 3350 3280 tormentis
3401 3224 3582 3289 eripe-

2027 3337 2232 3388 rentur,
2308 3325 2462 3394 cnlpa
2523 3330 2736 3384 carent,
2803 3335 2924 3372 cum
2987 3317 3362 3385 pecuniarum,
3421 3328 3583 3381 quam

2024 3420 2216 3470 attinnt:
2276 3413 2688 3472 detrimentum,
2755 3407 2937 3461 subire
2992 3404 3304 3458 maluerint.

2589 3503 2677 3556 ’15
2743 3497 3001 3570 ejusdem.

2094 3597 2357 3652 Similiter
2407 3604 2461 3648 ct
2516 3593 2608 3660 qui
2645 3593 2767 3659 fuga
2819 3589 2982 3646 saluti
3024 3604 3134 3644 suae
3174 3583 3584 3648 consuluerunt,

2023 3689 2149 3742 licet
2198 3701 2294 3757 pro
2347 3686 2427 3742 eis
2467 3684 2560 3739 alii
2618 3680 3167 3753 prehensiJ‘uerint.

2617 3777 2684 3830 Ν
2739 3775 2993 3842 eiusdem.

2093 3871 2192 3936 Qui
2244 3881 2365 3938 post
2414 3869 2596 3924 varios
2652 3868 2929 3923 cruciatus
2965 3866 3240 3922 victimam
3286 3863 3400 3918 suis
3452 3876 3568 3914 ma-

2023 3963 2178 4018 nibus
2252 3961 2404 4016 inviti
2464 3967 2808 4028 acceperunt,
2884 3967 2939 4012 et
2979 3959 3031 4012 in
3108 3953 3412 4011 ministerio
3467 3967 3583 4006 rna-

2025 4061 2208 4115 neant,
2266 4063 2320 4104 et
2372 4051 2512 4104 inter
2562 4047 2904 4102 confessorcs
2960 4044 3288 4099 refcruntor.

2259 4145 2279 4197 1
2319 4143 2380 4197 S.
2410 4140 2644 4210 Gregorii
2677 4137 3048 4191 miraculorum
3080 4133 3361 4204 e/fectoris.

2093 4236 2196 4302 Qui
2231 4236 2282 4290 in
2315 4233 2628 4302 captivitate
2654 4232 2801 4285 cibos
2823 4228 3183 4283 Barbarorum
3213 4233 3586 4288 comederunt.

2023 4329 2179 4384 culoa
2209 4336 2412 4385 carent.

2653 4410 2688 4464 2
2717 4407 2972 4478 ejusdem.

426 4509 488 4561 Οἱ
528 4507 618 4560 τὸν
667 4506 856 4576 καιρὸν
906 4507 1002 4573 τῆς
1049 4507 1157 4559 τῶν
1199 4504 1498 4575 βαρϐάρων
1541 4506 1917 4577 καταδρομῆς,

2091 4510 2190 4577 Qui
2222 4519 2437 4577 tempus
2480 4501 2805 4559 incursionis
2855 4497 3245 4560 Barbaronim,
3288 4497 3428 4564 quod
3462 4507 3586 4566 per-

353 4601 446 4653 τδν
467 4601 630 4654 πᾶσιν
668 4597 889 4668 ὄλεθρον
919 4596 1175 4666 φέροντα,
1210 4595 1435 4666 κέρδους
1485 4595 1702 4658 ἑαυτοῖς
1729 4595 1921 4666 καιρὸν

355 4692 608 4765 ἠγησάμε
618 4706 718 4750 vat,
736 4688 804 4740 τα
820 4686 1076 4756 ἀλλότρια
1094 4685 1454 4754 διηρπάκασι,
1477 4686 1574 4754 τῆς
1592 4686 1920 4757 Ἐκκλησιας

355 4780 824 4852 ἐκριπτέσθωσαν,
855 4779 928 4842 ὡς
957 4780 1174 4842 ἀσεϐεῖς
1211 4779 1304 4830 καὶ
1335 4780 1670 4846 θεοστυγεῖς.

931 4872 995 4924 '0
1025 4871 1073 4922 δ’
1110 4872 1349 4924 τούτου.

425 4965 488 5015 Οἱ
519 4962 644 5025 τοὺς
666 4962 1026 5030 διαφυγόντας
1051 4960 1432 5030 αἰχμαλώτους
1462 4960 1552 5031 βίᾳ
1570 4964 1911 5030 κατέχοντες,

357 5055 711 5108 ἀπεδὸτιυσαν
737 5093 750 5117 ,
791 5053 876 5105 ἵνα
928 5055 1000 5123 μὴ
1044 5055 1277 5123 σκηπτοὶ
1319 5052 1557 5105 πέσωσιν
1588 5053 1674 5104 ἐπ’
1716 5056 1914 5118 αὐτοὺς

355 5144 672 5217 οὐρανόθεν.

940 5234 992 5281 Ὀ
1037 5235 1082 5284 0'
1114 5233 1348 5287 τούτου.

426 5329 490 5382 Οἱ
538 5324 887 5396 αἰχμαλωσίᾳ
942 5323 1258 5390 ληφῡέντες,
1296 5327 1389 5377 καὶ
1421 5324 1673 5378 τοσοῦτον
1711 5327 1913 5396 ἐκϐαρο

354 5423 717 5491 εαρωϐἐντες,
758 5415 898 5469 ὥστε
929 5417 1019 5466 καὶ
1053 5416 1193 5466 κατὰ
1220 5414 1327 5466 τῶν
1359 5415 1645 5484 ὁμοιρύλων
1678 5421 1906 5487 χωρεῖν,

353 5517 567 5584 καὶτῆς
599 5511 916 5581 ἀκροάσεως
940 5506 1419 5576 ἀπειργέιθωσαν,
1454 5507 1558 5570 ἕως
1589 5507 1655 5561 ἄν
1683 5525 1734 5561 τι
1783 5508 1908 5578 περὶ

352 5608 535 5663 αὐτῶν
558 5606 725 5670 δόξειε
750 5607 814 5674 τῇ
841 5603 1065 5670 συνόδῳ.

424 5791 499 5864 (Ι)
531 5791 638 5850 lloc
664 5800 741 5848 est
767 5790 1041 5861 martyris,
1073 5792 1186 5844 vac
1217 5786 1522 5843 testimonia
1549 5784 1763 5843 raritati
1801 5780 2131 5852 perhibendu

2019 4602 2212 4656 uiciem
2243 4596 2506 4653 universis
2532 4593 2708 4654 aﬂ'ert.
2733 4604 2833 4659 pro
2854 4588 2983 4643 lucri
3007 4587 3088 4642 sui
3112 4588 3400 4641 occasione
3421 4588 3586 4640 duxe-

2020 4695 2151 4759 rint,
2191 4692 2475 4757 alienaque
2514 4683 2850 4754 diripuerint,
2883 4695 2946 4736 ex
2983 4677 3223 4733 Ecclesia
3275 4677 3581 4747 ejiciunlor,

2018 4786 2163 4843 velut.
2200 4783 2348 4853 impii
2387 4789 2442 4837 et
2469 4779 2627 4835 invisi
2661 4777 2790 4831 Dco.

2637 4871 2670 4924 4
2700 4871 2958 4940 ejusdem.

2091 4968 2193 5035 Qui
2215 4967 2461 5034 captivos
2487 4965 2576 5034 qui
2608 4966 2725 5032 luga
2749 4962 3043 5021 evaserint,
3073 4961 3119 5013 vi
3161 4957 3422 5021 detinent,
3459 4973 3582 5012 cos-

2020 5061 2137 5115 dem
2177 5059 2485 5120 restituant,
2540 5070 2607 5108 ne
2656 5053 2876 5106 fulmina
2919 5049 3130 5102 cmlitns
3188 5048 3238 5100 in
3287 5063 3379 5100 eos
3438 5047 3583 5102 deci-

2019 5156 2168 5206 dant.

2646 5235 2677 5288 9
2706 5232 2959 5302 ejusdem.

2087 5334 2186 5398 Qui
2249 5340 2513 5386 venerunt
2573 5329 2625 5381 in
2694 5325 3080 5391 captivitatem,
3122 5333 3173 5378 et
3227 5340 3394 5394 usque
3444 5322 3579 5377 adeo

2022 5426 2235 5479 barbari
2269 5424 2396 5478 facti
2440 5429 2585 5483 sunt,
2627 5427 2678 5468 ut
2706 5419 2868 5470 etiam
2911 5431 3021 5469 sua:
3063 5417 3298 5470 nationis
3333 5413 3579 5469 homines

2022 5517 2298 5578 invadant,
2331 5513 2491 5567 ctiam
2525 5511 2592 5563 ab
2619 5508 2896 5561 auditione
2923 5516 3234 5573 arceantur,
3263 5508 3433 5561 donec
3473 5501 3580 5558 ali-

2024 5605 2150 5672 quid
2179 5603 2415 5674 synodus
2443 5600 2508 5654 de
2544 5600 2672 5668 ipsis
2703 5597 2976 5654 statuerit.

2475 5745 2501 5764 ο
