4156 6302
451 213 454 217 ’
522 262 631 328 155.

595 463 696 530 Qui
739 461 945 516 alienas
989 459 1176 514 domos
1219 459 1404 512 subire
1477 457 1592 511 ausi
1629 455 1846 518 fuerint,
1902 455 1945 506 si
1997 467 2090 520 per

1689 249 1945 310 CONST.
1991 243 2548 305 IIARMENOPULI

1122 369 1188 424 1θ
1229 367 1485 438 ejusdem.
2113 364 2159 417 Α

3657 232 3761 293 1ἴ.6

2774 356 2827 406 Ὀ
2884 354 2925 378 ο,
3018 355 3068 387 θ’

2682 399 2684 402 μ
2799 403 2802 407 .
2864 375 2881 408 ι
2931 373 3168 407 τουιου.

2258 454 2321 508 Οί
2368 451 2671 519 ἀλλοτρίοις
2721 449 2891 511 οἴκοις
2930 445 3306 514 τολμήσαντες
3371 441 3647 503 ὑπελθεῖν,
3709 443 3765 492 εἰ

527 553 930 610 accusationem
977 549 1210 605 convicti
1252 547 1477 610 fuerint,
1505 547 1667 601 etiam
1697 545 1766 598 ab
1819 543 2092 597 auditione

2219 545 2292 599 ιὲν
2347 543 2647 612 ἐλεγχθῶσι
2701 538 3030 608 κατηγορία,
3115 536 3210 588 καὶ¹
3266 535 3369 603 τῆς
3429 533 3768 603 ἀκροάσεως

530 654 817 711 arcentor;
844 642 924 697 sin
951 651 1143 710 sponte
1168 639 1365 694 fuerim
1398 636 1652 700 confessi,
1673 650 1794 690 cum
1813 642 2090 688 reverten-

535 737 680 792 tibus
713 733 1089 790 succumbant.

1131 822 1190 876 11
1236 819 1493 890 ejusdem.

609 916 872 972 Similiter
905 923 958 972 et
1005 914 1096 985 qui
1128 913 1211 968 vel
1263 914 1316 968 in
1347 926 1562 982 campo,
1585 910 1667 966 vel
1699 910 1750 964 in
1779 909 1937 964 domo
1967 907 2094 979 quid

538 1013 885 1066 invenerunt.

1136 1095 1202 1150 12
1243 1093 1500 1163 ejusdem.

611 1191 711 1256 Qui
744 1204 831 1245 res
877 1188 1124 1244 inventas
1155 1187 1224 1240 ab
1269 1200 1326 1238 se
1361 1185 1714 1246 conﬁtentur,
1746 1183 1880 1236 nihil
1911 1197 2097 1259 earnm

2192 635 2601 706 εἰργέσθωσαν·
2663 636 2710 685 εί
2758 633 2800 683 δ’
2855 621 3074 692 ἑκόντες
3132 627 3558 698 ὁμολογήσουσι,
3619 624 3767 694 μετὰ

2191 729 2298 782 τῶν
2326 725 2774 797 ὑποστρεψάντων
2815 720 3300 775 ὑποπιπτέτωσαν.

2763 815 2818 866 Ὁ
2860 819 2931 868 ια’
2963 813 3198 866 τούέου.

2278 911 2551 975 Ὡσαύτως
2581 909 2678 964 καὶ
2724 909 2773 961 οἱ
2808 909 2866 961 ὲν
2898 906 3085 976 πεδίῳ,
3115 904 3149 976 ἦ
3177 905 3234 956 ὲν
3265 902 3416 973 οἰκίᾳ
3450 919 3500 954 τι
3531 899 3768 970 εὑρηκὸσι

2195 1024 2306 1072 τες.

2761 1093 2826 1145 Ὀ
2860 1091 2938 1156 ιβ’
2959 1092 3197 1145 τούτου.

2270 1192 2334 1244 Οἱ
2378 1193 2446 1243 τὰ
2500 1185 2782 1259 εὑρημένα
2829 1183 3249 1254 ὁμολογοῦντες,
3314 1179 3480 1250 μηδέν
3518 1195 3571 1231 τι
3636 1177 3767 1243 περὶ

537 1280 757 1336 nomine
789 1288 1038 1347 poscant,
1067 1285 1194 1348 puta
1223 1275 1500 1344 premium
1537 1273 1743 1337 indit-ii,
1774 1273 1862 1330 vel
1879 1287 2103 1332 conscr-

2219 1282 2381 1338 ιὺτῶν
2427 1279 2774 1339 αἰτείτωσαν,
2816 1278 3095 1347 μήνυτρον
3127 1273 3312 1342 δῆθεν,
3357 1271 3390 1342 ἢ
3438 1270 3700 1340 σῶστρον,
3732 1269 3766 1338 ἢ

537 1384 677 1427 vatze
706 1369 805 1435 rei,
837 1369 922 1424 vel
953 1369 1212 1424 inventae.

1143 1455 1210 1509 15
1253 1455 1509 1524 ejusdem.

609 1547 712 1613 Qui
735 1545 1042 1599 moriuntur
1071 1559 1136 1598 eo
1169 1554 1434 1612 tempore,
1469 1559 1576 1612 quo
1603 1556 1793 1612 pinnas
1829 1541 2008 1602 luunt,
2039 1538 2104 1592 de

2202 1375 2490 1446 εὓρητρον.

2771 1460 2834 1513 '0
2877 1464 2945 1528 ιγ’
2971 1459 3215 1513 τούτου.

2277 1560 2340 1613 Oi
2385 1559 2442 1610 ὲν
2499 1553 2761 1624 ἐπιτιμίῳ
2819 1551 3286 1621 ἀποθνήσκοντες,
3339 1544 3771 1599 κοινωνείτωσαν

543 1638 813 1694 sententia
845 1637 1105 1691 duntaxat
1137 1636 1375 1705 episcOpi
1408 1634 1831 1688 connnunicent.
1875 1631 2026 1698 Quod
2060 1631 2101 1684 si

560 1729 667 1746 .--ρΑ
716 1743 883 1746 Α-ᾼηγγ
931 1743 1062 1746 --μμ
1101 1726 1264 1746 ΙηΑμε.
1339 1726 1520 1746 --1.-.η
1565 1725 1626 1746 ..2.
1683 1723 1823 1746 ευ.--
1880 1736 1968 1746 Α..-
2017 1722 2102 1746 nn:

2219 1652 2398 1721 γνώμη
2467 1650 2627 1718 μόνον
2694 1645 2790 1698 τοῦ
2832 1643 3162 1697 ἐπισκόπου.
3217 1643 3279 1694 Εἰ
3335 1640 3393 1692 δέ
3448 1656 3532 1699 τις
3588 1635 3770 1688 αὐτῶν

546 1729 672 1799 quis
705 1743 890 1782 eorum
922 1726 1291 1790 convaluerit,
1335 1726 1524 1782 saltem
1563 1725 1632 1780 sit
1683 1723 1823 1778 inter
1877 1736 1971 1778 eos
2015 1722 2104 1793 qui

2219 1743 2441 1809 δγιάνοι,
2477 1741 2614 1811 μετὰ
2648 1738 2759 1792 τῶν
2811 1735 3212 1790 κοινωνούντων
3247 1733 3346 1803 τῆς
3384 1730 3552 1802 εὐχῆς
3612 1728 3774 1798 μόνον

545 1834 767 1888 precum
803 1820 1090 1890 participes
1121 1829 1267 1872 sunt.

862 1981 866 1984 γ
1107 1909 1302 1963 Basilii
1344 1909 1550 1982 Magni.
2037 1965 2039 1967 ,

617 2003 1083 2069 Quemadmodum
1117 2003 1169 2056 in
1204 2001 1464 2065 oleribus,
1485 2002 1562 2056 sic
1583 2001 1746 2057 etiam
1773 2000 1827 2055 in
1856 2001 2111 2056 carnibus

546 2093 616 2147 ab
646 2094 765 2148 utili
799 2094 1018 2146 noxium
1045 2093 1424 2147 discernimus.
1462 2093 1524 2145 Et
1556 2092 1716 2147 veluti
1746 2091 2001 2154 cicutam,
2026 2089 2110 2142 vel

551 2184 703 2254 hyosi
723 2200 939 2255 yamum
971 2183 1166 2253 aliquis
1195 2198 1300 2237 non
1333 2183 1759 2247 manducaverit,
1783 2181 1870 2249 qui
1902 2181 2109 2250 sapiat;

547 2277 628 2330 sic
681 2291 858 2345 neque
912 2275 1204 2339 vulturem,
1265 2289 1437 2344 neque
1492 2290 1684 2329 canem
1722 2272 2110 2342 degustaveri',

547 2379 705 2424 extra
761 2369 1180 2432 necessitatem,
1231 2383 1333 2435 qua
1386 2378 1613 2436 urgente
1656 2366 1748 2436 qui
1797 2362 2113 2426 comederit,

549 2461 818 2517 nefarium
845 2460 982 2515 nihil
1011 2459 1314 2514 admiserit.
1679 2451 1684 2458 ’

1147 2550 1217 2604 84
1259 2549 1515 2617 ejusdem.

624 2649 685 2699 In
745 2643 996 2698 omnibus
1053 2641 1387 2711 pmniteutiae
1440 2641 1817 2720 modus,_non
1881 2640 2112 2710 spatium

551 2735 814 2806 temporis
834 2734 1164 2804 exploretur.

1153 2825 1210 2879 11
1272 2824 1518 2894 Nysscni.

624 2917 851 2987 Oportet.
885 2920 1031 2972 enim
1066 2917 1258 2987 quovis
1305 2917 1357 2968 in
1400 2915 1596 2969 delicto
1626 2913 1939 2981 paenitentis
1986 2911 2116 2968 aﬂa-

2210 1833 2372 1887 ἔστω.

2600 1918 2711 1976 Τοῦ
2735 1917 3014 1988 Μεγάλου
3054 1916 3402 1970 Βασιλείου.

2283 2014 2496 2083 Ὠσπερ
2528 2013 2584 2065 ἐν
2608 2010 2884 2080 λαχάνοις,
2915 2007 3056 2061 οὕτω
3085 2005 3176 2058 καὶ
3205 2006 3263 2056 ὲν
3293 2003 3486 2071 κρέασι
3516 1998 3609 2053 τοῦ
3644 2013 3780 2068 χρη-

2215 2106 2374 2171 σίμου
2393 2106 2456 2158 τι
2499 2103 2762 2174 βλαϐερὸν
2783 2102 3157 2170 διακρινομεν.
3194 2096 3304 2151 Καὶ
3330 2095 3519 2164 ὥσπερ
3550 2091 3778 2143 κώνειον

2213 2199 2246 2268 ἦ
2287 2197 2602 2266 ὑοσκύαμον
2655 2195 2755 2247 οὐκ
2802 2193 2867 2247 ἄν
2900 2209 2984 2254 τις
3025 2191 3189 2258 φάγοι
3239 2185 3364 2242 νοῦν
3405 2186 3568 2253 ἔχων,
3599 2181 3776 2242 οὕτως

2214 2291 2336 2346 οὔτε
2383 2289 2578 2358 γυπὸς,
2616 2286 2739 2341 οὔτε
2782 2286 2944 2348 κυνὸς
2995 2284 3214 2353 ἅψαιτο,
3277 2281 3352 2350 μὴ
3389 2279 3486 2331 σὺν
3525 2275 3775 2342 ἀνάγκη·

2213 2382 2288 2447 ώς
2317 2382 2407 2450 ὂγε
2436 2378 2754 2449 φαγὼνξούκ
2785 2376 3083 2447 ὴνόμησεν.

2766 2557 2830 2610 '0
2860 2555 2955 2609 ,τίδ’
2997 2555 3234 2609 τούτου.

2300 2654 2422 2709 Ἐπὶ
2477 2653 2641 2718 πᾶσιν
2687 2653 2713 2705 ὁ
2765 2649 2966 2719 τρόπος
3007 2647 3108 2717 τῆς
3165 2643 3474 2713 μετανοίας,
3527 2639 3663 2694 ἀλλὰ
3705 2638 3780 2708 μὴ

2217 2746 2244 2799 ό
2277 2745 2466 2815 χρόνος
2501 2741 2908 2812 δοκιμαζέσθω.

2707 2830 2769 2882 '0
2804 2827 2850 2883 θ’
2875 2828 2980 2881 τοῦ
3021 2827 3296 2891 Νύσσης.

2290 2929 2382 2981 Δεῖ
2405 2927 2513 2997 γὰρ
2539 2927 2597 2979 ὲν
2627 2923 2792 2978 παντὶ
2833 2919 3297 2991 πλημμελήματι,
3323 2918 3389 2987 τῇ
3427 2912 3666 2968 διαθέσει
3687 2907 3783 2964 τοῦ

555 3009 815 3074 ctioncm,
846 3026 950 3062 non
981 3020 1191 3076 tempus
1237 3015 1511 3074 spectare;
1562 3017 1724 3074 atque
1759 3003 1828 3058 ob
1867 3005 2115 3059 ardorem

2224 3016 2631 3089 μετανοοῦντος,
2671 3011 2814 3066 ἀλλὰ
2855 3010 2929 3080 μὴ
2988 3009 3066 3080 τῷ
3117 3008 3296 3078 χρόνῳ
3334 3005 3648 3076 προσέχειν,
3689 3002 3783 3054 καὶ

556 3101 722 3156 studii
763 3115 1149 3169 nonnunquam
1198 3099 1400 3168 aliquid
1447 3103 1512 3153 de
1557 3106 1799 3164 tempore
1843 3095 2114 3160 decidere,

555 3192 804 3261 adeoque
851 3205 1023 3261 pusum
1065 3201 1279 3262 tempus
1332 3191 1386 3244 in
1425 3191 1525 3244 tria
1574 3190 1812 3243 dividere
1841 3206 1856 3242 :
1887 3201 2117 3257 quorum

553 3297 666 3336 uno
689 3282 862 3350 ploret
896 3296 1072 3349 aeger;
1097 3281 1269 3337 altero
1295 3283 1477 3336 audiat
1505 3297 1520 3344 ;
1549 3281 1716 3336 tertio
1768 3276 2117 3343 succumbat;

556 3382 720 3442 atque
761 3372 835 3426 ita
875 3371 1096 3427 demum
1135 3381 1242 3427 stet
1272 3383 1516 3428 erectus.

1014 3547 1118 3623 102
1158 3548 1345 3602 Imbqu
1379 3548 1432 3600 in
1463 3545 1663 3600 Trulla.

627 3636 1016 3693 Considerctur
1066 3647 1124 3692 et
1172 3641 1376 3706 peccati
1438 3639 1693 3708 qualitas,
1743 3648 1796 3693 ct
1841 3637 1980 3708 ejus,
2029 3637 2120 3706 qui

556 3729 826 3798 peccavit,
859 3729 1198 3798 poenitentia,
1245 3730 1432 3795 sicque
1470 3732 1796 3786 conveniens
1827 3731 2012 3784 morbo
2039 3745 2124 3783 re-

559 3818 800 3872 medium
847 3829 1009 3887 atque
1038 3820 1252 3874 sanatio
1287 3820 1633 3887 adhibeatur,
1670 3835 1736 3876 ne
1766 3821 1986 3876 modum
2029 3836 2124 3877 cx-

558 3910 781 3978 cedens,
810 3926 1012 3981 aegrum
1044 3912 1226 3970 laedat.

1151 4027 1186 4079 4
1219 4024 1279 4080 S.
1313 4024 1526 4097 Cyrillt'.

629 4117 1092 4185 Quemadmodum
1119 4119 1209 4188 qui
1237 4127 1556 4188 tempestate
1587 4117 1637 4172 in
1667 4118 1800 4172 mari
1824 4117 2122 4188 jactentur,

557 4211 806 4278 quietiam
841 4219 1168 4272 exonerant,
1205 4219 1264 4263 ut
1301 4210 1504 4278 reliqua
1538 4218 1760 4263 servent
1793 4224 1807 4274 ;
1857 4208 1936 4260 sic
1967 4206 2125 4260 nobis

2222 3107 2461 3176 σπουδῆς
2486 3106 2600 3160 ἐσθ’
2621 3107 2710 3158 ὅτε
2738 3103 3058 3174 θερμότητι,
3093 3101 3183 3153 τὸν
3212 3099 3405 3169 χρόνον
3437 3096 3784 3165 ὑποτέμνειν,

2220 3200 2317 3253 καὶ
2354 3199 2447 3252 τὸν
2497 3196 2593 3250 τοῦ
2639 3195 2919 3265 ἐπιτιμίου
2961 3193 3152 3263 χρόνον
3200 3192 3280 3254 είς
3312 3192 3462 3258 τρεῖς
3501 3187 3777 3258 μερίζειν·
3815 3213 3832 3220 -

2221 3290 2318 3343 καὶ
2370 3288 2460 3340 τὸν
2496 3287 2614 3356 μὲν,
2669 3284 3023 3355 προσκλαίειν
3063 3285 3154 3336 τὸν
3201 3282 3520 3350 κάμνοντα·
3570 3276 3662 3330 τὸν
3702 3275 3782 3337 δὲ,

2220 3379 2568 3451 ἀκροᾶσθαι·
2604 3377 2696 3433 τδν
2716 3377 2795 3443 δὲ,
2829 3375 3182 3438 ὑποπίπτειν,
3216 3373 3312 3428 καὶ
3343 3371 3488 3426 οὓτω
3527 3368 3782 3421 συνίστα-

2223 3472 2370 3526 σθαι.

2638 3560 2702 3614 Ὄ
2720 3559 2817 3628 ρβ⁹
2849 3557 2960 3625 τῆς
2983 3557 3052 3609 ἐν
3081 3555 3381 3623 Τρούλλῳ.

2293 3653 2613 3719 Σκοπείσθω
2647 3653 2703 3706 δὲ
2752 3651 2849 3705 καὶ
2887 3652 2920 3719 ἡ
2955 3649 3058 3718 τῆς
3091 3647 3371 3717 ἁμαρτίας
3420 3645 3662 3712 ποιότης,
3694 3641 3787 3694 καὶ

2223 3749 2256 3818 ἡ
2288 3747 2383 3800 τοῦ
2422 3743 2812 3816 ἡμαρτηκότος
2837 3741 3121 3811 μετάνοια,
3147 3739 3242 3793 καὶ
3271 3737 3415 3791 οὕτω
3450 3733 3787 3802 κατάλληλος

2222 3844 2255 3911 ἡ
2282 3837 2547 3908 θεραπεία
2575 3834 2934 3907 προσαγέσθω
2967 3833 3046 3903 τῷ
3088 3832 3487 3902 ἀρρωστὴματι
3507 3845 3523 3862 ·
3559 3826 3646 3880 ἵνα
3687 3823 3782 3892 μὴ,

2224 3933 2365 4002 πέρα
2393 3931 2486 3985 τοῦ
2515 3929 2724 3992 δέοντος
2749 3927 3040 3997 γενομένη,
3068 3923 3325 3994 ζημιώσῃ
3375 3921 3467 3974 τὸν
3489 3919 3785 3988 κάμνοντα.

2569 4018 2632 4095 ’ό
2664 4039 2712 4094 δ’
2752 4040 2859 4094 τοῦ
2899 4040 3074 4107 ἁγίου
3109 4037 3441 4104 Κυρίλλου.

2297 4138 2514 4206 Ὠσπερ
2576 4134 2626 4186 oi
2661 4135 2718 4185 ὲν
2751 4132 2994 4200 θαλάσσῃ
3053 4129 3442 4198 χειμαζόμενοι
3490 4122 3790 4193 ἀποφορτίο

2227 4227 2380 4290 ζουσι
2429 4239 2552 4278 τινα
2584 4224 2724 4293 ὑπὲρ
2772 4222 2866 4274 τοῦ
2901 4222 3073 4272 σῶσαι
3123 4221 3193 4272 τὰ
3231 4219 3418 4282 λοιπὰ,
3463 4216 3606 4269 οὕτω
3652 4231 3792 4283 παρ-

558 4314 775 4368 quoqne
825 4301 1080 4352 nonnulla
1131 4300 1446 4368 negligenda
1483 4309 1631 4361 sunt,
1667 4313 1736 4352 ne
1767 4304 1938 4352 totum
1966 4296 2117 4349 amit.

2229 4319 2422 4372 οπτέον
2451 4317 2546 4369 καὶ
2570 4317 2702 4386 ἡμῖν
2731 4331 2878 4374 τινα,
2911 4313 2997 4366 ἵνα
3031 4312 3106 4381 μὴ
3136 4312 3194 4364 τὸ
3228 4313 3336 4363 πᾶν
3364 4308 3757 4380 ζημιωθῶμεν.

561 4400 761 4446 tamus.

965 4482 1030 4536 18
1068 4479 1326 4534 Timothei
1355 4481 1731 4535 Alexandrini.
1842 4537 1844 4541 ,

631 4572 966 4641 Quibusdam
1007 4574 1063 4627 in
1093 4571 1402 4636 hominibus
1445 4571 1512 4625 ab
1539 4587 1681 4626 anno
1712 4573 1890 4629 mtatis
1921 4574 2123 4631 duode-

557 4667 705 4721 cimo
737 4672 956 4736 peccata
989 4664 1362 4732 aestimantur;
1390 4664 1442 4718 in
1477 4664 1616 4728 aliis,
1649 4664 1717 4719 ab
1742 4675 1899 4721 actate
1939 4683 2127 4736 prove-

558 4759 738 4814 ctiore
759 4773 821 4812 ac
844 4758 1172 4820 maturiore,
1218 4769 1316 4824 pro
1344 4756 1652 4826 cognitione
1692 4755 1898 4811 scilicet
1924 4774 1986 4814 ac
2044 4763 2130 4814 ln-

561 4850 863 4919 tclligentia
894 4849 1179 4921 cujusque.

1204 4937 1499 4996 Scholium.

635 5052 890 5127 Nonnulli
946 5057 1187 5123 tradunt,
1236 5057 1435 5111 debere
1473 5067 1583 5109 tam
1635 5057 1931 5121 masculos,
1965 5073 2126 5127 quam

561 5125 828 5197 femellas,
888 5129 1245 5197 posteaquam
1293 5138 1524 5181 .sextum
1577 5128 1752 5182 aetatis
1795 5125 1996 5182 annum
2039 5128 2132 5181 im-

2525 4492 2589 4544 '0
2616 4488 2692 4556 ιη’
2723 4487 3007 4558 Τιμοθέου
3043 4483 3514 4552 Ἀλεξανδρείας.

2301 4583 2422 4644 Τῶν
2481 4582 2782 4652 ἀνθρώπων
2847 4583 2957 4640 τοῖς
3012 4579 3113 4647 μὲν
3157 4579 3227 4630 τὰ
3270 4576 3645 4645 ἁμαρτήματα
3690 4573 3796 4624 ἀπ’)

2227 4672 2591 4735 δωδεκαετοῦς
2616 4670 2830 4741 ήλικίας
2856 4672 3136 4740 κρίνεται·
3163 4672 3274 4730 τοῖς
3296 4668 3374 4734 δὲ,
3400 4667 3506 4720 ἀπὸ
3549 4667 3794 4735 μείζονος

2229 4769 2323 4819 καὶ
2352 4763 2716 4834 τελειοτέρας,
2747 4763 2882 4835 πρὸς
2912 4763 3010 4834 τὴν
3050 4762 3284 4815 ἑκάστου
3319 4759 3562 4830 δηλονότι
3592 4759 3797 4825 γνῶσιν

2233 4859 2323 4914 καὶ
2349 4859 2629 4927 φρόνησιν.
2972 4883 2983 4891 -

2866 4947 2912 4998 Σ
2915 4943 3145 5012 χόλιον.

2300 5063 2438 5118 Φασί
2467 5080 2634 5124 τινες.
2668 5064 2749 5115 ὅτι
2782 5058 2919 5129 μετὰ
2946 5058 3008 5110 τὺ
3039 5057 3294 5129 γενέσθαι
3323 5054 3587 5129 ἑξαετεῖς,
3639 5055 3799 5129 *ὀφεί-

2230 5135 2380 5188 λουσι
2444 5134 2539 5186 καὶ
2588 5125 2975 5202 appet/acuat
3007 5129 3219 5198 θήλειαι
3268 5126 3335 5180 δι’
3395 5125 3796 5200 ἐξαγορεύσεως

562 5189 847 5274 pleveriut,
883 5189 983 5268 per
1017 5189 1419 5253 confessionem
1463 5197 1661 5267 corrigi
1695 5205 1862 5267 atque
1890 5198 2117 5253 sanctiu-

2230 5202 2572 5274 διορθοῦσθαι
2599 5189 2691 5253 κάἷ
2721 5189 3066 5266 ἁγιάζεσθαι.

559 5268 704 5326 Curi.

1021 5359 1054 5415 6
1089 5358 1136 5412 Ν
1146 5361 1308 5415 icalai
1331 5359 1673 5429 patriarcltw.

637 5473 910 5543 Scriptum
950 5469 1079 5526 illud
1115 5472 1438 5526 canonicum
1485 5469 1839 5540 Jejunatoris,
1869 5469 2010 5538 quod
2057 5468 2137 5522 ni-

2503 5353 2559 5407 Ὀ
2595 5359 2648 5417 ς’
2672 5350 2778 5406 τοῦ
2809 5351 3176 5420 πατριάρχου
3214 5350 3540 5404 Νικολάου.

2305 5467 2377 5520 Τὸ
2402 5467 2680 5520 κανονικὸν
2705 5466 2798 5519 τοῦ
2827 5464 3161 5536 Νηστευτοῦ,
3193 5464 3360 5533 πολλῇ
3396 5458 3799 5530 συγκαταόἀσει

567 5567 733 5619 mium
787 5562 1062 5618 lenitatem
1099 5563 1372 5622 adlnbeat,
1420 5563 1721 5629 complures
1771 5563 2039 5630 perdidit'
2082 5575 2117 5615 c1

2238 5559 2605 5629 χρησάμενον,
2651 5557 2874 5620 πολλοὺς
2917 5557 3200 5610 ἀπώλεσε·
3251 5557 3348 5609 καὶ
3396 5557 3442 5606 οί
3504 5555 3559 5604 ἐν
3601 5552 3797 5618 γνώσει

570 5657 662 5726 qui
695 5655 835 5726 quod
878 5658 1074 5712 bonum
1105 5662 1189 5708 est
1225 5663 1443 5715 norunt,
1487 5653 1848 5722 corrigentur.

2238 5652 2332 5705 τοῦ
2367 5650 2530 5704 καλοῦ
2566 5649 2739 5716 ὄντες,
2764 5649 3324 5719 ὲπανορθωθήσονται.
