4132 6294
557 319 663 387 159

1743 322 2004 382 CONST.
2043 316 2610 380 HARMENOPULI
3695 310 3784 373 Ῑθθ

551 445 830 506 peccaturo
863 449 967 488 non
1019 432 1236 495 habere,
1278 434 1638 500 nosmetipsos
1667 432 1921 494 fallimus,
1953 451 1971 481 ι
2017 447 2111 500 per

2234 432 2434 502 ἔχομεν,
2462 429 2691 492 ἑαυτοὺς
2720 428 3018 496 ἀπατῶμεν
3041 443 3052 456 ·
3101 446 3117 478 ι
3145 428 3230 480 διὰ
3265 423 3782 494 ταπεινοφροσύνην,

553 526 910 580 humilitatem
952 566 968 592 ,
1000 540 1105 579 non
1150 525 1434 579 veritatem
1491 540 1610 579 esse
1641 525 1940 593 prolatum,
1978 537 2118 576 ana-

556 618 760 672 thema.

1101 705 1203 760 “5
1234 705 1487 774 ejusdem.

626 799 709 861 Εἰ,
735 799 820 868 qui
846 797 1000 860 dicit,
1031 794 1278 850 homines
1311 804 1526 849 sanctos
1555 795 1694 848 istuc
1714 795 1936 847 verbum
1964 811 1979 848 :
2012 812 2029 844 ι
2061 791 2126 845 Ει

503 929 512 938 .
557 888 775 942 remitte
835 887 989 940 nobis
1036 885 1215 940 debita
1268 895 1504 947 nostran
1556 899 1659 937 non
1695 898 1875 952 prose
1903 882 2124 949 dicere”,

555 979 709 1048 quasi
727 979 817 1048 qui
848 992 1073 1047 peccare
1098 984 1389 1046 nequeant,
1414 977 1506 1030 Sed
1529 991 1625 1044 pro
1645 974 1922 1028 hominum
1949 975 2123 1044 vulgo,

559 1073 870 1126 anathema.

1234 1162 1258 1216 ί
1291 1161 1601 1231 Gangrenm.

631 1252 686 1306 Si
719 1253 836 1322 quis
891 1253 1186 1322 legitimum
1241 1253 1644 1307 inatrimonium
1679 1251 1971 1322 vituperat,
2003 1267 2129 1307 ana-

561 1345 759 1397 thema.

1156 1440 1192 1493 ει
1246 1441 1502 1509 ejusdem.

627 1523 682 1576 Si
714 1525 836 1592 quis
879 1523 1126 1594 religiose
1157 1537 1461 1580 vescentem
1493 1523 1746 1580 carnibus
1779 1525 1983 1594 absque
2009 1541 2135 1580 san-

559 1618 742 1681 guine.
766 1626 819 1670 et
864 1617 1174 1673 simulacris
1227 1619 1506 1673 immolato
1535 1656 1550 1682 ,
1582 1625 1638 1672 et
1687 1617 1973 1680 suli'ocato,
2007 1633 2137 1672 con-

556 1708 798 1772 demnat,
830 1709 1148 1765 anathema.

1168 1799 1200 1854 5
1255 1801 1514 1869 ejusdem.

628 1883 681 1937 Si
699 1886 818 1954 quis
839 1901 994 1940 servo
1014 1888 1287 1956 religionis
1303 1903 1430 1959 erga
1452 1891 1618 1944 Deum
1649 1899 1908 1959 praetextu
1924 1888 2135 1953 suadet,

556 1985 615 2030 ut
647 1978 922 2032 dominum
953 1993 1111 2032 suum
1136 1987 1464 2044 contemnat,
1493 1983 1802 2038 anathema.

1150 2071 1183 2125 4
1251 2072 1506 2135 eiusdem.

639 2159 742 2224 Qui
772 2159 987 2215 haesitat
1011 2176 1038 2214 a
1063 2163 1380 2232 presbytero
1417 2162 1642 2232 coniuga
1656 2172 1709 2217 to
1734 2157 2138 2232 [sacramenta]

561 2252 862 2320 percipere,
888 2251 1173 2307 anathema
1211 2254 1305 2308 sit.

1182 2343 1216 2398 5
1259 2345 1514 2413 ejusdem.

631 2433 736 2498 Qui
805 2434 973 2489 aedem
1038 2450 1250 2492 sacram
1294 2435 1640 2499 contemnit,
1672 2436 1984 2492 anathema.

1125 2527 1158 2581 6
1187 2527 1445 2595 ejusdem.

660 2614 921 2672 Similiter
969 2625 1024 2671 et
1064 2617 1157 2686 qui
1223 2631 1465 2670 seorsmn
1497 2625 1669 2671 οωιιιε
1695 2615 1884 2672 habet.

1214 2707 1246 2759 7
1296 2709 1556 2776 ejusdem.

628 2799 710 2864 Ei,
731 2799 823 2870 qui
861 2808 1057 2868 praeter
1072 2800 1308 2870 episcOpi
1344 2799 1424 2853 vel
1449 2798 1750 2868 presbyteri
1809 2799 2132 2854 sententiam

561 2907 650 2947 res
680 2892 1076 2946 ecclesiasticas
1111 2900 1326 2955 tractat,
1371 2891 1683 2946 anathema.

1157 2982 1190 3037 8
1239 2981 1497 3051 ejusdem.

641 3074 906 3131 Similiter
932 3083 985 3131 et
1017 3075 1063 3130 ei
1094 3075 1183 3144 qui
1213 3074 1302 3128 dat
1334 3074 1412 3127 vel
1436 3074 1630 3142 accipit
1658 3074 1988 3130 oblationem
2009 3073 2122 3128 [ιιι-

553 3177 734 3219 cuium
769 3168 970 3235 absque
1019 3167 1298 3232 episcopo,
1344 3175 1395 3218 et
1436 3180 1502 3218 eo
1537 3164 1628 3234 qui
1681 3165 2138 3220 administratiOni

558 3255 774 3329 [rerum
795 3257 1036 3311 ccclesie
1065 3255 1082 3328 ]
1123 3255 1408 3326 pra-fectus
1440 3265 1544 3311 est.

1148 3344 1182 3399 9
1229 3346 1485 3414 ejusdem.

625 3439 813 3493 lt'deui
844 3447 898 3492 et
933 3437 1027 3504 illi,
1060 3439 1149 3507 qui
1173 3438 1532 3507 virginitatem
1562 3437 1715 3502 colit,
1737 3437 1820 3491 vel
1851 3436 2136 3492 continen-

558 3527 684 3580 tiam
719 3536 922 3592 servat,
973 3541 1078 3581 non
1130 3525 1299 3595 ipsius
1345 3525 1472 3581 boui
1501 3539 1688 3589 causa,
1719 3525 1814 3581 sed
1853 3525 1996 3595 quod
2025 3538 2140 3578 ma.

557 3619 868 3673 trimonium
899 3618 1268 3671 abominetur.
1355 3689 1358 3692 .

1156 3692 1222 3762 to
1292 3707 1546 3776 ejusdem.

623 3800 724 3865 Qui
757 3807 978 3869 propter
1033 3799 1503 3863 exercitationem,
1533 3814 1648 3868 quze
1682 3799 1930 3869 religiosa
1969 3810 2127 3870 puta—

554 3904 660 3954 tur,
695 3891 884 3959 pannis
917 3891 1108 3952 utitur,
1133 3892 1376 3961 aliosque
1407 3891 1492 3963 pie
1522 3907 1674 3948 veros
1707 3893 1772 3964 (1
1802 3897 1820 3964 ;
1852 3904 2127 3964 gestantes

552 3987 795 4051 damnat,
826 3985 896 4040 sit
923 3986 1236 4042 anathema.

1232 4078 1301 4133 14
1349 4080 1602 4148 ejusdem.

621 4166 798 4223 Liberi
835 4207 852 4234 ,
882 4169 973 4239 qui
1025 4182 1284 4238 praetextu
1321 4172 1586 4242 religiosae
1621 4174 1836 4244 pietatis
1869 4189 1900 4228 a
1928 4190 2128 4245 paren-

562 4261 706 4314 tibus
737 4261 1016 4324 recedunt,
1040 4265 1330 4316 anathema
1366 4274 1548 4318 sunto.

1185 4351 1250 4402 16
1303 4352 1565 4418 ejusdem.

2224 527 2318 579 καὶ
2341 524 2461 594 οὐχὶ
2485 523 2624 578 κατά
2655 523 2912 594 ἀλήθειαν
2945 523 3181 592 εἴρηται,
3215 520 3484 589 ἀνάθεμα.

2765 697 2827 753 '0
2859 707 2970 767 pts'
3007 701 3251 765 ταύτης.

2298 787 2390 859 Τῷ
2427 789 2659 856 λέγοντι,
2709 790 2834 852 τοὺς
2873 789 3062 855 ἁγίους
3092 789 3174 849 τὸ,
3211 806 3230 838 ι
3257 789 3366 844 Καὶ
3397 789 3532 855 ἄφες
3564 789 3696 858 ἡμῖν
3730 790 3792 842 τά

2227 881 2571 950 ὀφειλήματα
2604 879 2782 950 ἡμῶν,
2817 899 2836 932 ι
2873 881 2973 950 οὐχ
3004 881 3140 950 ὑπὲρ
3168 879 3376 933 ἑαυτῶν
3411 881 3611 948 λέγειν,
3629 880 3700 942 ὡς
3718 882 3797 932 ὁν-

2226 988 2332 1024 των
2367 973 2788 1042 ἀναμαρτήτων,
2816 971 2930 1024 ἀλλ’
2966 971 3106 1040 ὑπὲρ
3129 971 3236 1024 τῶν
3265 971 3494 1034 πολλῶν,
3530 972 3789 1040 ἀνάθεμα.

2699 1147 2761 1201 ’0
2782 1145 2832 1200 α’
2860 1147 2970 1214 τῆς
3001 1148 3072 1201 ἐν
3117 1147 3382 1217 Γάγγρςι.

2304 1237 2369 1294 Et
2397 1257 2480 1303 τις
2511 1242 2601 1294 τὸν
2631 1241 2857 1310 ἔννομον
2891 1242 3162 1312 μέμφοιτο
3196 1242 3394 1310 γάμον,
3418 1240 3689 1309 ἀνάθεμα.

2809 1417 2872 1469 '0
2900 1413 2958 1480 ,ϐ’
2991 1417 3241 1484 ταύτης.

2305 1507 2372 1559 Εἴ
2398 1523 2480 1568 τις
2503 1505 2594 1558 τὸν
2617 1505 2863 1570 εὐλαϐῶς
2893 1506 3146 1559 ἐσθίοντα
3176 1507 3312 1575 κρέα
3341 1508 3511 1576 χωρὶς
3550 1508 3800 1576 αἵματος,

2237 1597 2333 1650 καὶ
2391 1593 2765 1664 εἰδωλοθύτου,
2819 1600 2911 1652 καὶ
2953 1599 3213 1663 πνικτοῦ,
3264 1603 3628 1672 κατακρίνει,
3679 1603 3801 1656 ἀνά-

2240 1689 2404 1760 θεμα.

2817 1783 2881 1839 ⁸0
2913 1782 2960 1854 τ’
2987 1787 3229 1853 ταύτης.

2313 1874 2381 1928 Εἴ
2409 1892 2492 1938 τις
2544 1875 2750 1940 δοῦλον,
2786 1875 3093 1938 θεοσεϐείας
3139 1878 3436 1946 προφάσει,
3475 1877 3569 1931 τοῦ
3598 1879 3802 1933 οἰκείου

2238 1965 2414 2020 πείθει
2451 1967 2713 2022 δεσπότου
2741 1971 3122 2036 καταφρονεῖν,
3145 1970 3416 2062 ἀνέθεμα.

2811 2059 2873 2111 '0
2899 2057 2950 2113 δ’
2980 2057 3224 2128 ταύτηςῖ

2321 2152 2380 2204 '0
2412 2152 2826 2222 διακρινόμενος
2863 2153 3016 2223 παρὰ
3069 2153 3444 2225 πρεσϐυτέρου
3495 2159 3806 2227 γεγαμηκό-

2237 2263 2328 2310 τος
2363 2230 2831 2316 μεταλαμϐάνειν,
2869 2247 2954 2314 εἴη
2997 2247 3265 2317 ἀνάθεμα.

2817 2338 2878 2390 '0
2901 2345 2945 2391 ε’
2980 2339 3224 2405 ταύτης.

2318 2423 2378 2481 '0
2401 2426 2495 2481 τοῦ
2527 2427 2672 2482 θείου
2709 2427 3069 2498 καταφρονῶν
3091 2431 3265 2495 οἴκου,
3303 2429 3573 2502 ἀνάθεμα.

2820 2519 2876 2572 Ὁ
2906 2517 2958 2584 ς’
2983 2520 3226 2588 ταύτης.

2320 2607 2596 2675 Ὡσαύτως
2625 2612 2718 2664 καὶ
2749 2612 2776 2665 δ
2807 2612 3189 2682 ἐκκλησιάζων
3215 2615 3342 2686 ἰδία.

2811 2704 2872 2756 '0
2900 2702 2946 2764 ζ’
2971 2705 3218 2772 ταύτης.

2312 2791 2404 2862 Τῷ
2457 2794 2607 2864 παρά
2655 2795 2880 2868 γνώμην
2909 2797 3265 2868 ἐπισκόπουῆ
3315 2799 3699 2871 πρεσϐυτέρου
3741 2803 3806 2853 τά

2236 2882 2334 2954 τῆς
2368 2883 2664 2956 ἐκκλησίας
2693 2888 3009 2956 πράττοντι,
3035 2889 3308 2956 ἀνάθεμα.

2783 2981 2845 3034 '0
2875 2986 2926 3047 η’
2958 2983 3196 3048 ταύτης.

2322 3072 2597 3125 Ἦσαύτωτ
2623 3075 2716 3128 καὶ
2745 3074 2821 3145 τῷ
2855 3076 3050 3129 διδόντι
3086 3077 3119 3147 ἢ
3156 3077 3490 3146 λαμϐάνοντι
3524 3097 3807 3150 καρποφο-

2244 3163 2364 3232 ρέαν
2391 3164 2520 3217 ἄνευ
2553 3167 2644 3219 τοῦ
2678 3166 2999 3233 ἐπισκόπου,
3045 3169 3140 3222 καὶ
3187 3169 3280 3221 τοῦ
3331 3171 3423 3222 ἐπὶ
3477 3171 3576 3240 τὴν
3605 3173 3809 3224 οἰκονο-

2241 3253 2371 3325 μίαν
2396 3262 2754 3328 τεταγμένου.
2813 3283 2820 3288 ο

2807 3351 2871 3404 '0
2911 3354 2958 3406 θ’
2995 3353 3234 3418 ταύτης.

2319 3438 2482 3491 Ἀλλὰ
2500 3438 2562 3508 δὴ
2599 3441 2693 3491 καὶ
2724 3439 2802 3510 τῷ
2837 3442 3284 3513 παρθενεύοντιῆ
3325 3445 3808 3514 ἐγκρατευομένῳ,

2236 3529 2297 3582 οὐ
2329 3529 2398 3582 δι’
2419 3531 2555 3584 αὐτὸ
2579 3532 2640 3584 τὸ
2685 3533 2868 3598 καλὸν,
2900 3532 3017 3587 ἀλλ’
3049 3533 3124 3597 ὡς
3155 3534 3249 3587 τὸν
3295 3535 3473 3606 γάμον
3523 3536 3812 3605 βδελυσσο-

2241 3625 2410 3692 μένῳ.

2810 3714 2864 3767 '0
2898 3715 2931 3768 ι’
2961 3716 3202 3783 ταύτης.

2319 3804 2378 3859 '0
2405 3805 2490 3858 διὰ
2523 3805 2887 3874 νομιζομένην
2912 3806 3144 3874 ἄσκησιν
3177 3806 3546 3876 ρακενδυτῶν,
3583 3807 3811 3860 καὶτῶν

2236 3896 2478 3956 εὐλαϐῶς
2505 3898 2633 3961 τοὺς
2667 3897 2868 3968 βήρους
2892 3898 3200 3969 φορούντων
3242 3898 3692 3967 καταγινώσκων,
3723 3899 3808 3964 εἴη

2237 3988 2400 4043 ἀνάοε
2410 4006 2506 4058 μα.

2815 4080 2878 4133 '0
2908 4079 2976 4134 ιδ’
3006 4081 3248 4146 ταύτης.

2307 4176 2389 4230 Τὰ
2438 4173 2644 4228 πιστῶν
2700 4173 2906 4241 γονέων
2934 4173 3367 4242 ἀναχωρήσαντα
3413 4170 3579 4224 τέκνα
3621 4172 3814 4225 θεοσε-

2238 4269 2389 4332 ϐείας
2413 4268 2709 4338 προφάσει,
2735 4265 3003 4333 ἀνάθεμα.

2772 4357 2837 4408 '0
2869 4363 2948 4418 ις’
2975 4357 3217 4423 ταύτης.

651 4440 1027 4494 Contemnenti
1087 4455 1200 4498 eos.
1235 4443 1326 4508 qui
1385 4458 1448 4495 ex
1495 4443 1596 4496 (ille
1661 4445 1980 4498 dilectioncs
2044 4445 2124 4517 (2)

2303 4454 2393 4525 Τῷ
2426 4449 2853 4521 καταφρονοῦντι
2887 4449 2995 4502 τῶν
3029 4451 3095 4502 ὲκ
3125 4449 3363 4512 πίστεως
3396 4450 3620 4518 ἀγάπας
3693 4469 3810 4504 ποι-

560 4532 786 4594 iaciunt,
821 4541 873 4585 et
906 4532 1316 4587 invitationith
1345 4532 1654 4602 hujusmodi
1686 4551 1788 4588 non
1820 4538 2121 4592 communi-

549 4620 716 4685 canti,
751 4621 1060 4675 anathema.

1150 4716 1215 4769 17
1269 4714 1526 4782 ejusdem.

627 4806 891 4860 Similiter
928 4815 982 4860 et
1015 4806 1088 4860 illi
1125 4845 1140 4870 ,
1173 4807 1262 4876 qui
1297 4818 1513 4876 propter
1542 4806 1990 4865 exercitationem
2037 4809 2124 4864 die

547 4894 827 4952 Dominico
853 4898 1087 4968 jejunat.
1211 4951 1214 4955 .

1144 4989 1213 5042 18
1272 4991 1529 5059 ejusdem.

618 5078 747 5132 item
782 5080 879 5145 illi,
910 5080 999 5149 qui
1065 5082 1262 5158 usitata
1299 5081 1503 5152 jejunia
1547 5085 1681 5136 citra
1746 5084 2126 5139 necessitatem

552 5171 718 5226 solvit
741 5208 757 5223 .

1216 5264 1280 5318 19
1311 5263 1564 5332 ejusdem.

622 5357 761 5424 Quin
789 5354 956 5410 etiam
982 5355 1313 5409 abominanti
1375 5367 1670 5425 martyrum
1703 5371 1861 5410 causa
1903 5355 2122 5409 institu-

551 5461 634 5506 tas
690 5448 1120 5520 cougressiones,
1158 5460 1212 5503 et
1257 5463 1377 5516 quae
1408 5450 1459 5501 in
1488 5449 1568 5502 eis
1594 5447 1859 5502 obeumur
1890 5448 2121 5502 iunctio-

551 5561 668 5599 IICS.

2231 4549 2455 4613 ούντων,
2483 4546 2578 4600 καὶ
2598 4546 2716 4608 ταῖς
2740 4543 2967 4612 κλήσεσι
2994 4541 3067 4612 μὴ
3090 4544 3460 4610 κοινωνοῦντι,
3487 4543 3766 4612 ἀνάθεμα.

2787 4718 2852 4771 '0
2879 4717 2950 4778 ιζ’
2985 4718 3236 4781 ταύτης.

2315 4808 2589 4871 Ὡσαύτως
2617 4810 2712 4861 καὶ
2744 4808 2822 4877 τῷ
2851 4807 2918 4860 δι’
2952 4805 3189 4874 ἄσκησιν
3215 4806 3273 4857 ὲν
3305 4806 3371 4874 τῇ
3420 4805 3681 4875 Κυριακῇ
3712 4823 3807 4873 νηο

2237 4903 2500 4957 στεύοντι.

2787 4993 2850 5045 '0
2878 4996 2949 5056 ιη’
2971 4991 3214 5056 ταύτης.

2309 5087 2416 5140 Καὶ
2441 5084 2516 5154 τῷ
2560 5085 2659 5147 τὰς
2715 5081 3113 5151 νενομισμένας
3148 5082 3403 5143 νηστείας
3432 5086 3601 5154 χωρὶς
3634 5084 3806 5151 ἀνάγ-

2234 5193 2331 5246 κης
2370 5175 2730 5246 παραλύοντι.

2769 5266 2822 5316 Ὁ
2853 5262 2922 5318 ιϐ’
2952 5265 3176 5331 ταύτης

2309 5361 2468 5415 Ἀλλὰ
2499 5359 2563 5427 δὴ
2600 5361 2688 5412 καὶ
2715 5358 2794 5428 τῷ
2848 5357 3255 5428 βδελυττομένῳ
3295 5359 3391 5420 τὰς
3423 5357 3532 5411 τῶν
3578 5357 3801 5428 μαρτύο

2230 5469 2337 5520 ρων
2362 5450 2626 5515 συνάξεις,
2662 5451 2755 5502 καὶ
2790 5451 2886 5514 τὰς
2911 5452 2966 5503 ὲν
3002 5451 3185 5513 αὐτοῖς
3213 5451 3578 5520 λειτουργίας.

623 5656 698 5720 (l)
730 5655 842 5708 Hoc
875 5656 1168 5717 estseriea,
1191 5656 1333 5708 unde
1375 5663 1551 5707 vestes
1584 5653 1870 5717 ilOltH'Cl’tl‘,
1906 5657 1941 5710 l.
1975 5657 2027 5715 4,
2051 5657 2112 5710 C.
2134 5657 2195 5709 de
2227 5665 2350 5712 vasi.
2390 5654 2616 5709 lmiavcr.
2656 5654 2746 5708 lib.
2781 5669 2852 5720 xi,
2875 5668 2994 5722 qua:
3019 5661 3140 5708 totae
3161 5653 3224 5708 dc
3258 5651 3434 5708 serico
3455 5659 3600 5707 sunt.

626 5726 702 5792 ('2;
736 5725 844 5780 llec
872 5737 952 5780 cst
983 5725 1240 5781 exhibent
1266 5725 1515 5779 convivia
1545 5723 1804 5779 fratribus
1844 5744 1904 5781 ex
1955 5728 2267 5781 dilectione.
3151 5727 3172 5746 ’
