4156 6302
362 313 463 378 101

638 432 692 487 '0
719 431 767 493 ζ’
802 431 908 485 τοῦ
928 431 1296 501 πατριάρχου
1319 433 1642 486 Νικολάου.

434 525 509 576 Τὸ
542 524 742 577 κλίνειν
767 525 823 577 ὲν
852 525 1114 595 Σαϐϐάτῳ
1153 526 1308 593 γόνυ,
1362 524 1509 593 παρὰ
1552 522 1649 576 τοῦ
1696 522 1920 585 κανόνος

1587 314 1926 376 EPITOME
1969 314 2359 377 CANONUM.

3491 322 3592 387 162

2517 430 2545 482 7
2585 429 2799 484 Nicolai
2817 433 3159 502 patriarcha.

2096 517 2332 574 Sabbato
2357 533 2496 588 genu
2531 520 2764 589 ﬂectere,
2825 538 2928 577 non
2971 524 3296 592 prohibitum
3326 535 3408 579 est
3439 541 3468 579 a
3496 542 3590 581 ca-

363 616 427 668 οὐ
465 615 786 670 κεκώλυται.
831 617 892 670 Οἱ
926 617 1112 669 πολλοὶ
1147 617 1225 682 δὲ,
1275 616 1364 669 διὰ
1393 616 1452 668 τὸ
1481 615 1555 685 μὴ
1582 612 1833 684 νηστείαν
1862 613 1919 664 ἐν

2024 623 2178 663 none.
2211 608 2458 680 Plerique
2485 627 2610 666 vero
2633 623 2912 682 propterea
2936 617 3098 686 ,quod
3117 615 3321 686 jejunia
3348 617 3591 674 Sahbato

365 706 628 777 Σαϐϐάτῳ
659 707 927 775 γίνεσθαι,
953 709 1070 761 οὐδὲ
1103 710 1232 776 γόνυ
1258 709 1550 763 κλίνουσιν.

965 803 1016 852 '0
1042 807 1092 853 κ’
1123 797 1230 866 τῆς
1263 798 1335 852 α’.

444 890 528 942 Ἐν
553 892 674 954 ταῖς
734 875 1061 962 Κυμακαῖξ,
1125 893 1220 944 καὶ
1257 892 1375 952 ταῖς
1410 891 1507 959 τῆς
1541 886 1920 957 Πεντηκοστῆς

358 981 620 1050 ἡμέραις,
655 984 784 1051 γόνυ
813 1000 899 1043 τις
933 984 1008 1051 μὴ
1043 982 1290 1034 κλινέτω.

795 1072 848 1124 Ὁ
876 1080 957 1125 νεα
983 1069 1090 1136 τῆς
1113 1072 1178 1124 ἐν
1210 1070 1497 1138 Τρούλλῳ.
1919 1132 1924 1135 ἱ

428 1163 551 1214 Τῶν
592 1164 880 1229 Ῥωμαίων
907 1163 975 1214 τὰ
1014 1163 1112 1230 τῆς
1145 1160 1593 1230 τεσσαρακοστῆς
1645 1160 1924 1226 νηστευόν-

356 1272 466 1305 των
493 1255 768 1318 Σάϐϐατα,
793 1259 820 1308 ὁ
852 1254 960 1308 τῶν
986 1254 1298 1308 ἀποστόλων
1328 1252 1458 1323 περὶ
1483 1253 1593 1304 τῶν
1627 1250 1923 1304 Σαϐὅὰτων

358 1347 630 1412 κρατείτω
672 1345 872 1398 κανών.

911 1436 973 1490 Ὀ
995 1435 1083 1491 πε¹
1117 1437 1363 1504 ταύτης.

431 1527 523 1595 Τῷ
552 1526 776 1597 μεγάλῳ
805 1527 1066 1599 Σαϐϐάτῳ
1097 1529 1225 1600 περὶ
1268 1529 1441 1598 μέσας
1487 1529 1687 1593 νύκτας
1729 1532 1796 1600 τῇ
1829 1545 1922 1598 νη-

364 1620 518 1689 στείᾳ
542 1619 875 1690 διαρκετὲον.

755 1793 818 1847 ’0
840 1796 1240 1864 ἐνενηκοστός
1269 1798 1508 1865 ταύτης.

439 1880 571 1934 una
603 1881 702 1951 τῆς
734 1885 1028 1954 ἐσπερινῆς
1067 1888 1276 1940 εἰσόδου
1322 1888 1418 1940 τοῦ
1453 1887 1756 1951 Σαὸϐἀτου,
1783 1903 1914 1953 γονυ

358 1991 441 2034 τις
477 1975 551 2043 μὴ
580 1975 833 2040 κλινέτω,
857 1969 1021 2047 μέχρι
1053 1978 1151 2046 τῆς
1176 1977 1471 2047 ἐσπερινῆς
1501 1979 1598 2048 τῆς
1626 1979 1918 2048 Κυριακῆς

355 2063 580 2118 εἰσόδου.

675 2154 735 2205 '0
768 2151 830 2209 ιε’
860 2158 1084 2222 Πέτρου
1127 2157 1602 2225 Ἀλεξανδρείας.

426 2245 656 2312 Τετράδι
688 2246 780 2298 καὶ
815 2247 1143 2318 Παρασκευῇ
1180 2229 1520 2316 νηστευτέον.
1561 2251 1638 2319 Τῇ
1675 2250 1798 2320 μὲν,
1835 2249 1924 2303 διὰ

354 2333 416 2384 ’τὸ
446 2336 586 2388 κατὰ
628 2336 865 2406 Χριστοῦ
897 2339 998 2407 τῆς
1045 2339 1344 2408 προδοσίας
1372 2341 1731 2409 συμϐούλιονο
1770 2344 1836 2413 τῇ
1864 2343 1921 2395 δὲ

356 2425 710 2496 Παρασκευῇ,
735 2427 822 2480 διὰ
846 2429 905 2480 τὸ
945 2430 1211 2499 σωτήριον
1255 2430 1445 2493 πάθος.
1483 2429 1559 2502 Τῇ
1595 2431 1780 2501 μέντοι
1809 2434 1920 2486 Ku-

279 2525 282 2528 ’
361 2518 524 2585 ριακῇ
547 2519 906 2586 χαρμοσύνως
930 2520 1270 2588 ἑορταστέον,
1290 2521 1382 2575 διὰ
1407 2521 1506 2592 τὴν
1542 2521 1636 2574 τοῦ
1664 2522 1916 2593 Σωτῆρος

360 2605 677 2658 ἀνάστασιν.

657 2693 720 2746 '0
739 2693 789 2746 a'
823 2696 1144 2750 Διονυσίου
1167 2695 1636 2764 Ἀλεξανδρείας.

445 2777 509 2830 Ἥ
532 2780 631 2846 τῆς
653 2780 1002 2845 ἀναστάσεως
1030 2783 1148 2852 ὥρα
1168 2784 1260 2836 τοῦ
1292 2784 1517 2852 Κυρίου,
1549 2788 1648 2838 οὐκ
1676 2785 1915 2854 εὖδηλος.

374 2869 704 2926 Ἀναστάντα
729 2873 835 2942 γὰρ
858 2874 1020 2926 αὐτὸν
1045 2871 1206 2943 εὗρον
1228 2875 1284 2926 αἱ
1309 2877 1388 2936 είς
1417 2875 1509 2927 τὸν
1533 2877 1703 2944 τάφον
1735 2879 1919 2930 ἐλθοῦ-

2022 699 2165 752 nulla
2195 699 2322 766 sint,
2356 716 2526 770 neque
2573 718 2705 772 genu
2735 703 2975 760 ﬂectunt.

2693 795 2766 849 20
2833 797 3033 865 primae.

2094 882 2289 935 Diebus
2347 883 2635 937 Dominicis
2700 897 2752 939 et
2809 887 3584 958 quinquagesimalihus,genu

2031 974 2154 1043 quis
2183 975 2320 1027 haud
2351 975 2550 1028 ﬂectat.

2474 1065 2544 1120 55
2595 1066 2784 1120 habita:
2809 1069 2861 1120 in
2895 1066 3097 1122 Trulla.

2096 1151 2242 1206 Licet
2300 1151 2527 1208 Romani
2584 1157 2830 1226 jejunare
2873 1159 3436 1215 soleantinSahhatis
3463 1174 3593 1229 qua-

2026 1242 2339 1309 dragesimae
2359 1285 2372 1307 ,
2401 1255 2578 1299 tamen
2621 1247 2982 1316 apostolorum
3035 1249 3210 1318 potius
3244 1249 3311 1304 de
3343 1249 3592 1304 Sabbatis

2029 1348 2200 1392 Canon
2237 1346 2387 1392 ratus
2407 1348 2546 1394 BSIO.

2663 1427 2733 1482 85
2762 1430 3018 1498 ejusdem.

2096 1517 2334 1572 Sabbato
2387 1517 2479 1570 illo
2531 1515 2718 1587 [quod
2779 1519 2984 1574 Pascha
3040 1515 3340 1588 precedit]
3399 1531 3592 1586 magno

2027 1609 2446 1663 continuandum
2475 1617 2560 1663 est
2588 1607 2854 1677 jejunium
2905 1624 3075 1680 usque
3135 1609 3200 1664 ad
3231 1617 3441 1664 noctem
3482 1623 3595 1662 me-

2038 1699 2202 1753 diam.

2618 1790 2687 1845 90
2727 1791 2980 1860 ejusdem.

2088 1879 2130 1933 Α
2159 1877 2466 1947 vespertino
2520 1879 2742 1934 introitu
2772 1889 2825 1936 et
2854 1881 3009 1935 initio
3032 1880 3252 1935 Sabhati
3281 1893 3419 1950 genu
3471 1881 3594 1949 quis

2020 1972 2157 2026 haud
2180 1968 2384 2033 ﬂectat,
2439 1984 2608 2039 usque
2635 1973 2701 2025 ad
2756 1974 2958 2027 exitum
3012 1972 3273 2027 Dominici
3329 1970 3435 2026 diei
3507 1985 3595 2025 τε·

2021 2061 2338 2127 spertinutn.

2213 2150 2229 2166 ⁸
2511 2153 2579 2206 15
2648 2151 2794 2204 Petri
2824 2151 3190 2205 Alexandrini.

2093 2236 2247 2292 Feria
2314 2251 2506 2308 quarta
2563 2251 2612 2293 et
2654 2240 2709 2294 in
2745 2241 3042 2295 Parasceve
3094 2243 3439 2312 jejunandum
3486 2254 3591 2307 est,

2036 2331 2126 2385 illa
2157 2333 2396 2400 quidem,
2426 2335 2494 2386 ob
2530 2332 2847 2400 proditionis
2886 2333 3144 2387 adversus
3170 2333 3444 2387 Christum
3470 2348 3594 2386 con-

2023 2423 2229 2487 silium,
2262 2423 2314 2476 iu
2371 2421 2666 2477 Pat-asccve
2723 2433 2924 2486 autem,
2990 2435 3208 2492 propter
3262 2423 3590 2477 salutiferam

2023 2515 2350 2582 passionem.
2420 2514 2733 2568 Dominicus
2784 2529 2917 2570 vero
2975 2516 3090 2569 dies
3147 2516 3396 2570 hilariter
3451 2517 3593 2571 cele-

2021 2605 2264 2660 brandas
2298 2644 2313 2670 ,
2344 2615 2560 2674 pr0pter
2578 2607 3026 2661 resurrectionem
3058 2606 3296 2662 Domini.

2449 2695 2475 2748 1
2524 2695 2761 2766 Dionysii
2789 2696 3149 2752 Alexandrini.

2089 2785 2231 2839 liora
2299 2787 2707 2841 resurrectiOnis
2763 2787 3053 2842 Dominica:
3102 2797 3250 2842 certa
3289 2789 3450 2843 statui
3486 2806 3592 2844 nou

2021 2885 2216 2945 potest.
2249 2876 2459 2946 Quippe
2511 2878 2760 2932 mulieres
2798 2879 2864 2932 ad
2902 2878 3204 2948 sepulcrum
3234 2878 3483 2947 proiecta:
3513 2881 3593 2934 sic

359 2977 470 3024 σαι,
501 2961 575 3023 ὡς
631 2963 831 3025 πάντες
885 2965 935 3016 oi
987 2966 1384 3032 Εὐαγγε).ισταὶ
1417 2967 1782 3038 μαρτυροῦσι.
1826 2970 1918 3022 Διὸ

2024 2981 2142 3020 eum
2171 2974 2509 3034 repererunt,
2551 2976 2611 3020 ut
2644 2969 2731 3035 qui
2765 2966 2875 3036 jam
2907 2967 3316 3030 resurrexisset,
3339 2971 3593 3037 quemad-

353 3053 479 3113 τοὺς
520 3051 618 3120 μὲν
667 3052 773 3121 πρὸ
843 3058 1196 3123 μεσονυκτίου
1240 3055 1340 3125 τὴν
1381 3057 1638 3126 νηστείαν
1688 3058 1919 3123 λύοντας

2026 3060 2238 3112 modum
2285 3073 2472 3112 omnes
2525 3059 2876 3128 Evangelistae
2931 3068 3214 3114 testantur.
3254 3056 3594 3126 Quapropter

359 3143 723 3212 μεμφόμεθα·
758 3146 883 3206 τοὺς
918 3147 976 3198 δὲ
1031 3147 1223 3216 μέχρις
1275 3146 1474 3216 ὄρθρου
1525 3149 1918 3220 ἐγκαρτεροῦν-

357 3252 458 3298 τας
505 3235 883 3305 ἀποδεχόμεθα
917 3249 932 3265 ⁶
968 3239 1075 3300 τοῖς
1105 3237 1162 3290 δὲ
1189 3237 1397 3306 μεταξὺ
1426 3238 1648 3309 τούτων,
1680 3242 1778 3296 οὐκ
1807 3245 1920 3296 ἑνο·

356 3341 617 3396 χλουμεν.

720 3502 830 3557 Τοῦ
851 3502 1220 3573 πατριάρχου
1245 3506 1565 3562 Νικολάου.

443 3592 505 3646 Ἦ
527 3595 748 3662 νηστεία
786 3595 879 3648 τοῦ
925 3595 1242 3664 Αὐγούστου
1281 3597 1546 3668 πρότερον
1588 3597 1740 3666 οὖσα,
1771 3599 1922 3652 ὓστε⁸

360 3702 454 3757 ρον
497 3687 780 3756 μετετέθη,
825 3687 914 3740 διὰ
961 3689 1024 3740 τὸ
1051 3689 1172 3752 ταῖς
1205 3689 1446 3752 ἐθνικαῖς
1483 3689 1688 3756 ταύτην
1720 3693 1922 3761 συμπί-

357 3795 515 3830 πτειν
546 3778 847 3846 νηστείαις.
886 3779 1035 3850 Πλὴν
1070 3779 1152 3833 ἔτι
1176 3781 1360 3834 πολλοὶ
1383 3781 1479 3850 τὴν
1507 3783 1766 3850 νηστείαν
1793 3784 1921 3835 ταύ-

358 3888 457 3940 νην
477 3869 826 3938 νηστεύουσι.

898 3961 1245 4016 ΕΠιΓΡΑΦΗ
1271 3965 1364 4030 εῖν.

801 4042 804 4048 ’
884 4057 1021 4124 Περὶ
1053 4055 1386 4121 βασιλέως.

455 4149 518 4203 '0
547 4149 954 4216 ἐνενηκοστὸς
988 4148 1184 4214 τρίτος
1211 4147 1320 4215 τῆς
1351 4147 1419 4201 ὲν
1446 4146 1818 4218 Καρθαγένῃ.

431 4242 492 4293 Οἱ
532 4241 773 4307 Baetici;
807 4243 874 4311 τῇ
941 4240 1241 4312 Ἐκκλησία
1273 4240 1660 4311 βοηθείτωσαν,
1692 4242 1766 4305 ὡς
1822 4240 1916 4295 καὶ

363 4332 561 4400 Παύλῳ
588 4332 718 4385 ποτὲ
747 4332 1113 4385 κινδυνεύοντι
1144 4334 1513 4404 στρατιωτικὴ
1543 4335 1664 4402 χεὶρ
1689 4332 1916 4402 ὲὸοήθη-

359 4441 473 4476 σεν.

754 4517 820 4569 '0
853 4517 940 4581 ξθ⁹
983 4516 1095 4585 τῆς
1129 4516 1198 4569 ἐν
1243 4516 1535 4585 Τρούλλῳ.

437 4611 604 4662 Ἄνευ
639 4609 930 4680 βασιλέως,
969 4609 1043 4678 μή
1079 4625 1162 4672 τις
1194 4609 1275 4671 είς
1306 4608 1367 4661 τὸ
1403 4608 1711 4678 ἱλαστήριον
1749 4611 1926 4679 εἱσερ·

363 4703 561 4772 χέσθω.
1072 4775 1074 4777 ς

675 4791 740 4846 '0
765 4797 819 4846 λ’
849 4792 954 4847 τοῦ
979 4792 1259 4863 Μεγάλου
1283 4793 1626 4848 Βασίλειον.

438 4887 659 4954 ’Δρχων
687 4845 964 4955 ἐπὶκακιῖ)
981 4845 1447 4955 ’έέῖξάῥῇεᾼμινεᾷις
1473 4885 1722 4954 ὀμνύων,
1762 4845 1936 4947 αιτδςῖ

369 4979 470 5046 μὲν
498 4976 862 5046 ὲπιτιμὰσθω,
901 4981 979 5048 μὴ
1001 4978 1306 5048 προχείρως
1328 4967 1554 5046 ὀμνύειν
1572 4993 1587 5008 ·
1619 4979 1646 5030 ὁ
1667 4977 1724 5030 δὲ
1764 4979 1924 5048 ὅρκος

363 5068 713 5140 ἁκυρούσθω.

823 5349 1227 5436 TMHMA
1303 5347 1442 5447 (ξ’.

851 5511 1032 5563 ΠΕΡΙ
1060 5511 1454 5565 ΓΥΝΑΙΚΩΝ.

732 5622 795 5675 '0
829 5622 922 5692 μδ⁹
952 5622 1062 5690 τῆς
1095 5622 1163 5674 ἐν
1202 5623 1566 5691 Καρθαγένῃ.

441 5711 504 5762 Αἰ
533 5711 674 5777 ἱεραὶ
698 5714 953 5785 παρθένοι
978 5714 1087 5767 τῶν
1121 5715 1372 5782 πατέρων
1413 5714 1801 5784 ἀφιστάμεναι,
1856 5712 1926 5782 τῇ

2023 3164 2117 3204 eos
2146 3147 2238 3216 qui
2269 3158 2392 3202 ante
2420 3148 2646 3202 mediam
2677 3157 2889 3202 noctem
2922 3147 3184 3217 jejunium
3219 3149 3458 3214 solvunt,
3508 3163 3596 3201 rc-

2026 3239 2430 3310 prehendimus,
2455 3247 2509 3292 et
2543 3239 2632 3306 qui
2666 3237 2732 3292 ad
2759 3238 3051 3293 diluculum
3087 3254 3258 3309 usque
3287 3238 3584 3301 abstinent,

2024 3333 2314 3400 probamus
2353 3345 2368 3385 :
2402 3331 2490 3399 qui
2533 3345 2659 3384 vero
2700 3331 2935 3384 medium
2975 3330 3114 3386 inter
3158 3333 3272 3387 haec
3335 3329 3592 3401 quiddam

2025 3431 2226 3488 tenent,
2256 3423 2320 3477 iis
2351 3422 2560 3477 molesti
2589 3435 2693 3475 non
2722 3435 2930 3475 sumus.

2548 3510 2598 3565 Ν
2605 3512 2762 3565 icolai
2798 3513 3139 3578 patriarrhw.

2091 3601 2226 3655 Cum
2292 3600 2556 3672 jejunium
2604 3601 2754 3671 prius
2797 3601 3090 3656 haberetur
3119 3601 3360 3671 Augusto
3383 3613 3589 3664 mense,

2021 3693 2277 3761 deinceps
2333 3693 2647 3748 translatum
2685 3692 2786 3746 init
2820 3693 3274 3762 prepterea,quod
3301 3707 3423 3746 cum
3449 3691 3591 3759 jeju-

2023 3784 2127 3836 niis
2185 3785 2408 3852 paganis
2447 3792 2828 3838 concurreret.
2858 3783 3217 3838 Nihilominus
3251 3782 3304 3836 id
3322 3781 3589 3852 jejunium

2025 3874 2178 3928 multi
2211 3883 2450 3931 servant.

2556 3964 2851 4021 TlTULUS
2876 3963 2966 4018 Vl.

2655 4056 2726 4107 De
2756 4059 3086 4120 imperatore.

2339 4142 2521 4198 Canon
2565 4142 2634 4197 95
2669 4141 3148 4211 Carthaginiensis.

2094 4234 2460 4305 Imperatores
2532 4233 2788 4288 Ecclesiae
2838 4243 3157 4289 succurrant
3186 4275 3201 4296 ,
3232 4238 3586 4301 quemadmo-

2023 4327 2147 4381 dum
2173 4337 2224 4380 et
2260 4325 2428 4380 Paulo
2456 4327 2722 4394 quondam
2761 4326 3085 4394 periclitanti
3124 4344 3312 4384 manus
3339 4331 3590 4386 militaris

1947 4396 2000 4456 D
2026 4419 2226 4472 auxilio
2261 4419 2378 4472 fuit.

2513 4511 2580 4568 69
2608 4512 2797 4567 habitu:
2838 4515 2891 4567 in
2929 4513 3131 4569 Trulla.

2097 4600 2330 4672 Excepto
2387 4604 2733 4676 imperatore,
2775 4623 2930 4661 ncmo
2951 4606 3379 4678 propitiatorluui
3416 4609 3590 4680 ingrc-

2027 4694 2193 4752 (litor.

2616 4790 2685 4847 50
2717 4788 2904 4844 Basilii
2936 4789 3142 4858 Magni.

2131 4875 2494 4947 Magistratus,
2531 4884 2621 4951 qui
2647 4883 2795 4951 jurat
2824 4885 2875 4936 in
2905 4883 3198 4949 perniciem
3224 4884 3584 4949 subditorum,

2027 4968 2142 5037 ipse
2161 4972 2374 5039 quidem
2407 4974 2646 5036 docetor,
2681 4990 2750 5028 ne
2775 4985 2975 5028 temere
3008 4973 3150 5043 juret
3173 4976 3586 5048 ;jusjuranduin

2026 5077 2156 5118 vero
2186 5063 2399 5119 irritum
2435 5076 2575 5121 esto.

2479 5342 2896 5432 SEC'l‘IO
2968 5346 3136 5433 Vl.

2490 5515 2531 5566 υ
2546 5514 2584 5567 Ε
2645 5515 2694 5567 Μ
2706 5513 2825 5570 οἰ]
2837 5514 3123 5570 ERIBUS.

2415 5624 2595 5680 Cauon
2628 5628 2696 5681 44
2719 5627 3189 5694 Carthaginiensis.

2106 5708 2282 5768 Sacra:
2317 5714 2568 5784 virgines,
2599 5731 2718 5769 cum
2748 5735 2772 5768 τι
2803 5717 3112 5784 parentibus
3135 5720 3437 5790 discedunt,
3472 5711 3596 5786 eoi“
