4132 6294
603 307 707 378 175

1714 306 2036 368 MACARII
2073 308 2170 367 CH
2184 307 2622 369 RY'SOCEPHA
2636 310 2710 370 LI

3750 313 3836 379 1:6
3930 388 3935 395 ,

602 430 867 495 oblectet,
917 441 1077 497 quam
1136 424 1304 492 gloria
1362 422 1572 478 Domini
1609 424 1735 485 mei,
1789 422 2170 476 universorum

2291 423 2406 493 ρίου
2435 431 2537 494 μου
2566 424 2693 490 δόξα
2720 421 3027 495 καθέστηκε
3063 425 3157 480 τοῦ
3189 428 3409 483 πάντων
3437 427 3574 483 Θεοῦ
3620 435 3708 485 καὶ
3739 437 3815 488 Σω

600 517 989 576 Gubernatoris
1016 523 1070 570 et
1100 512 1400 569 Salvatoris
1431 514 1651 568 Christi.
1684 514 1752 565 At
1797 514 1911 567 haec
1936 512 2040 565 alia
2066 528 2171 565 non

598 620 708 677 est,
742 624 905 678 quam
956 606 1104 661 Crux
1153 605 1304 660 omni
1353 606 1704 660 veneratione
1740 603 2056 670 dignissima
2097 615 2178 656 to-

605 702 818 770 tiusque
868 697 1050 752 mundi
1097 695 1371 765 singulare
1421 706 1822 749 ornamentum.
1869 693 2019 747 ll..nc
2054 710 2173 747 cuin

524 841 532 848 .
603 791 832 847 exaltari
886 790 1193 859 conspicor,
1247 786 1457 841 exaltor
1507 788 1667 841 sitnul
1724 796 1779 840 et
1823 802 1926 854 ego
1976 800 2175 847 ιιιοιιιυ,

515 879 545 971 ξ
602 884 1049 952 orationibusque
1078 881 1470 935 crueislaudes
1524 881 1908 934 enarrantilins
1943 879 2178 948 gaudere

601 977 818 1037 solitus,
862 990 960 1028 vos
1004 989 1220 1043 quoque
1274 973 1452 1042 gaudii
1521 972 1681 1038 hujus
1731 982 1786 1025 et
1834 971 2174 1024 canticorum

599 1069 959 1139 iucunditatis
989 1067 1281 1136 participes
1317 1064 1518 1119 habere
1538 1077 1757 1132 exopto.
1784 1064 1987 1118 Adeste
2015 1064 2177 1128 igitur

599 1172 654 1221 et
713 1160 983 1215 accurrite
1043 1172 1233 1211 omnes
1291 1156 1383 1225 qui
1431 1156 1687 1209 habitatis
1739 1156 1952 1218 orbem,
2004 1167 2058 1207 rt
2109 1171 2174 1208 ex

528 1308 535 1312 ,
600 1251 799 1305 Psalmi
828 1252 1070 1314 monitis,
1105 1250 1354 1302 manilius
1382 1249 1719 1316 plaudentes,
1746 1247 1939 1316 spiritu
1972 1256 2177 1301 mentes

600 1338 866 1401 extollite,
901 1339 1275 1407 hymnumque
1320 1336 1598 1391 victricem
1654 1336 1958 1400 decantate,
2008 1343 2064 1389 et
2107 1351 2170 1390 ex

600 1431 867 1485 beneﬁcio
898 1430 1171 1483 canticum
1211 1427 1425 1493 efﬁcite,
1449 1438 1502 1482 et
1526 1428 1740 1483 sublata
1775 1428 1972 1481 ltetitite
1997 1443 2125 1481 voce
2157 1467 2173 1491 ,

598 1524 923 1576 Annunliate
950 1536 1114 1590 usque
1144 1521 1212 1573 ad
1245 1529 1537 1574 extremum
1571 1531 1725 1573 terra:
1749 1520 1765 1548 ί
1787 1561 1800 1582 ,
1836 1530 1890 1572 et
1918 1535 1944 1570 a
1985 1518 2179 1573 ﬁnibus

599 1615 748 1667 orbis
786 1613 1041 1666 audiatur
1072 1610 1383 1675 exsultatio,
1427 1619 1479 1663 et
1503 1611 1740 1665 salutare
1775 1610 1864 1663 Dei
1894 1610 2173 1662 admiran-

601 1709 689 1759 dis
770 1705 1028 1774 operibus
1097 1704 1338 1772 plenum.
1431 1702 1639 1756 Etenim
1713 1717 1799 1755 tne
1866 1700 2177 1769 magnitudo

602 1797 869 1869 mysterii,
928 1797 1313 1865 praesentisque
1365 1794 1696 1848 celebritatis
1727 1793 1898 1847 virtus
1947 1794 1998 1845 in
2030 1792 2172 1846 obli-
2204 1777 2249 1834 Β

599 1890 815 1941 vionem
880 1903 1015 1941 inea:
1070 1886 1460 1940 imbecillitatis
1522 1886 1831 1947 adducunt,
1885 1886 2174 1953 crncisque

599 1981 787 2034 laudes
816 1980 1130 2042 decantare,
1158 1979 1444 2045 ipsamque
1489 1988 1717 2031 mortem
1757 1995 1783 2029 a
1820 1977 2048 2030 Domino
2080 1991 2175 2044 pro

600 2091 687 2129 me
727 2073 1026 2142 oppetitam
1061 2074 1258 2142 (quoad
1291 2074 1436 2125 vires
1473 2069 1772 2140 patiuntur)
1814 2068 2093 2132 extollere,
2121 2076 2177 2123 ct

599 2165 816 2218 vitalem
840 2167 1320 2229 resurrectionem,
1352 2179 1475 2233 qute
1500 2164 1726 2232 gloriam
1753 2162 1912 2217 nobis
1944 2162 2176 2231 peperit,

600 2256 976 2311 universitatis
1005 2255 1165 2325 hujus
1208 2255 1457 2309 terminis
1497 2254 1749 2308 nuntiare
1799 2256 2211 2309 cohortantur.‘

600 2348 738 2402 Nam
775 2346 946 2417 gloria
982 2345 1199 2416 generis
1248 2348 1446 2410 nostri,
1477 2346 1647 2416 gloria
1684 2344 1890 2399 Christi
1923 2355 2025 2409 est,
2056 2360 2175 2399 ser-

598 2440 828 2509 varique
858 2453 955 2509 per
977 2452 1195 2493 crucem
1243 2439 1438 2492 merito
1474 2437 1657 2491 crucis
1687 2436 2011 2491 beneﬁt-ium
2041 2450 2177 2504 pra:-

597 2535 864 2588 dicamus.

667 2623 926 2692 Optarem
958 2621 1205 2691 quidem,
1230 2621 1411 2674 statim
1445 2622 1546 2674 sub
1571 2619 1854 2674 exordium
1884 2619 2174 2685 orationis,

600 2715 904 2785 angelicam
941 2714 1074 2768 mihi
1107 2713 1297 2767 donari
1329 2713 1588 2783 linguam,
1612 2726 1908 2781 vocemque
1940 2711 2176 2766 humana

600 2806 935 2874 superiorem
959 2813 1014 2859 et
1040 2802 1506 2869 excellentiorem,
1523 2813 1579 2857 et
1600 2819 1722 2871 quae
1745 2804 1850 2856 vim
1877 2818 1971 2871 per
2002 2811 2176 2857 terras

601 2906 659 2952 et
694 2897 864 2952 maria
900 2895 1220 2965 penetrandi
1252 2894 1495 2957 haberet,
1528 2908 1754 2963 quaeque
1781 2904 2006 2949 cunctos
2029 2909 2177 2949 mor-

603 2988 745 3043 tales
774 2987 1049 3056 pracouio
1077 2987 1338 3048 altisono,
1368 2995 1424 3040 et
1452 2985 1518 3039 ad
1565 3001 1757 3041 omnes
1794 2994 2072 3050 manante,
2109 2987 2175 3039 ad

602 3078 1035 3134 anniversariam
1088 3077 1192 3132 diei
1229 3076 1390 3146 huius
1430 3076 1776 3131 festivitatem
1827 3089 2173 3139 convocaret,

601 3179 664 3226 ut
687 3186 809 3225 cutn
841 3169 1215 3240 magnitudine
1244 3168 1424 3238 gaudii
1447 3179 1759 3239 aequaretur
1798 3169 1961 3223 etiam
1994 3169 2178 3224 Ιειιιειιι-

604 3264 740 3318 tium
784 3272 1107 3328 conventus,
1160 3276 1191 3316 a
1241 3260 1439 3316 ﬁnibus
1489 3269 1648 3317 terra:
1694 3260 1978 3328 collectus,
2012 3270 2069 3315 et
2111 3278 2177 3317 ex

603 3353 785 3410 omnis
848 3353 1178 3408 conditionis
1226 3352 1537 3407 hominibus
1585 3354 1959 3410 constitutus:
1993 3354 2178 3409 uthac

605 3446 819 3501 ratione
843 3444 1000 3514 quasi
1036 3444 1162 3499 tuba
1203 3444 1436 3514 quadam
1478 3443 1731 3508 omnibus
1788 3445 1949 3512 hujus
1980 3445 2176 3500 solem-

608 3536 797 3592 uitatis
827 3543 989 3606 caput
1013 3545 1068 3590 et
1094 3549 1362 3589 snnnnam
1399 3534 1789 3605 signiﬁcarem,
1815 3546 1872 3589 et
1894 3537 2179 3606 perspicue

604 3629 979 3692 declararem;
1003 3627 1152 3689 tuba,
1178 3625 1422 3695 inquam,
1447 3639 1551 3678 non
1583 3640 1647 3679 ex
1676 3640 1782 3679 acre
1816 3616 1936 3680 fusa
1962 3637 2011 3680 et
2045 3629 2177 3701 arti-

608 3721 793 3774 ﬁciose
831 3723 1105 3781 confecta,
1148 3717 1240 3769 sed
1299 3730 1463 3770 aurea
1517 3715 1604 3771 illa
1650 3726 1704 3771 et
1739 3715 2026 3785 spirituali,
2061 3734 2178 3785 qua:

607 3814 848 3865 maximo
888 3824 991 3864 suo
1015 3817 1337 3862 ornamento
1394 3818 1452 3862 et
1493 3807 1851 3863 itnmortaleiu
1892 3809 2177 3863 sincerita-

606 3914 747 3967 tem,
775 3890 831 3957 et
853 3900 1221 3956 omnimodam
1246 3900 1708 3971 incorruptionem
1742 3901 1927 3967 habet.

681 3996 817 4050 Cum
854 4007 986 4049 veto
1019 3992 1127 4047 duo
1169 3992 1298 4058 sint,
1332 4007 1450 4059 quae
1478 4001 1533 4046 et
1567 4006 1750 4057 vocem
1792 4004 1846 4049 et
1876 3993 2174 4048 orationem

610 4102 788 4142 meam
825 4101 854 4139 a
889 4086 1170 4155 proposito
1217 4093 1271 4138 et
1309 4082 1526 4153 incepto
1563 4085 1832 4137 abducere
1866 4085 2176 4149 moliantur,

608 4178 776 4234 animi
811 4177 1119 4242 inﬁrmitas,
1151 4183 1207 4229 et
1263 4175 1315 4228 in
1375 4184 1484 4228 tam
1537 4177 1714 4229 varias
1762 4178 1945 4233 mundi
1992 4178 2179 4246 plagas

609 4266 848 4334 gentiqu
898 4263 1137 4327 diﬂ‘nsio,
1189 4263 1356 4316 etiam
1408 4273 1573 4333 atque
1620 4265 1783 4318 etiam
1835 4280 1953 4329 oro,
2000 4276 2060 4318 ut
2114 4268 2179 4318 ad

611 4353 1284 4420 utrumqueamoliendum
1341 4368 1497 4422 opem
1531 4353 1660 4407 mihi
1693 4354 1904 4420 feratis,
1946 4368 2002 4421 ut
2033 4357 2179 4411 illam

613 4444 831 4513 quidem
869 4443 1123 4511 precibus
1167 4445 1363 4496 vestris
1394 4445 1761 4499 corroboretis
1783 4484 1800 4509 ,
1833 4449 1969 4499 hanc
2003 4457 2178 4499 autem

613 4535 944 4603 frequentia,
986 4534 1264 4602 densoque
1313 4550 1540 4590 accursu
1579 4549 1782 4596 vestro.
1819 4546 1873 4589 et
1903 4537 2183 4589 alacritate

615 4627 684 4682 ad
737 4626 1091 4688 auditnduni,
1147 4629 1545 4694 compensetis;
1603 4628 1681 4681 sic
1736 4629 1879 4682 enim
1938 4627 2186 4683 fortassis

614 4718 949 4787 propositam
987 4718 1270 4772 materiam
1307 4720 1532 4787 propius
1572 4720 1866 4786 attingere,
1899 4729 1951 4772 et
1980 4721 2186 4772 oratio-

570 4796 727 4891 Ιιιίει
754 4810 825 4864 ob
854 4823 1197 4875 communem
1229 4811 1393 4867 totius
1442 4810 1590 4871 orbis
1621 4810 1993 4865 celebritatem
2028 4810 2186 4865 insti-

618 4908 768 4965 tutae,
801 4909 997 4954 metam
1033 4899 1250 4968 assequi
1285 4898 1484 4953 licebit.
1516 4898 1801 4953 Etaltatur
1832 4916 1960 4968 ergo
1997 4901 2189 4954 adora-

620 4991 784 5045 tiouis
813 5004 975 5044 causa
1011 4988 1322 5045 veneranda
1372 4988 1585 5043 Domini
1630 5007 1804 5054 crux;
1865 5003 1920 5046 at
1970 4993 2186 5047 interim

618 5091 828 5151 prostat
888 5083 939 5136 itt
994 5092 1376 5152 argumentum
1429 5083 1666 5144 dicendi.
1724 5084 1993 5153 simulque
2046 5094 2191 5139 astat

619 5173 913 5228 multitudo
961 5174 1270 5227 timentium
1322 5175 1632 5240 Dominum,
1667 5176 1867 5243 populi,
1918 5177 2108 5240 tribus,
2138 5186 2192 5231 et

618 5265 817 5330 linguae
853 5280 883 5317 a
932 5263 1127 5319 ﬁnibus
1160 5273 1428 5320 terrarum
1456 5267 1667 5330 excitae,
1701 5266 1911 5321 videndi
1944 5269 2103 5321 simul
2137 5278 2191 5322 ct

615 5355 874 5411 audiendi
900 5372 1089 5411 causa.
1118 5356 1231 5411 Nec
1264 5366 1370 5418 est,
1401 5356 1494 5426 qui
1527 5357 1894 5420 laudationem
1933 5360 2192 5416 mirandis

618 5448 783 5503 rebus
811 5462 995 5517 parem
1033 5449 1299 5504 allaturos
1340 5449 1434 5503 sit.
1467 5448 1603 5513 Quis
1628 5449 1771 5502 enim
1802 5448 1978 5517 eloqui
2022 5451 2191 5518 possit

618 5541 883 5608 potentias
910 5538 1144 5607 Domini,
1177 5549 1229 5593 et
1273 5540 1488 5594 auditas
1518 5539 1693 5608 facere
1720 5556 1894 5595 onmes
1915 5541 2189 5595 laudatio-

696 5720 714 5751 ¹
746 5722 867 5773 Act.
901 5732 1022 5781 xm,
1058 5716 1149 5771 47.

2216 4490 2258 4543 ι)

2282 515 2448 584 τῆρος
2473 514 2733 585 Χριστοῦ.
2757 513 2908 583 Λῦτη
2938 517 2993 569 δέ
3024 518 3172 571 ἐστιν
3200 520 3227 572 ό
3257 520 3663 590 πανσεϐἀσμιος
3688 541 3835 578 σταυ-

2284 607 2398 674 ρὸς,
2429 608 2462 676 ή
2496 606 2819 676 παγκόσμος
2849 607 3181 677 εὐπρέπεια.
3210 611 3322 664 Kal.
3350 610 3541 665 τοῦτον
3574 613 3665 666 νῦν
3691 616 3839 683 ὐψού-

2285 715 2447 765 μενον
2479 697 2715 767 βλέπων,
2769 698 3110 768 συνυψοῦμαι
3141 702 3207 769 τῇ
3255 701 3486 771 διανοίᾳ,
3533 704 3626 754 καὶ
3654 707 3840 775 χαίρων

2279 789 2392 850 τοῖς
2421 789 2551 857 περὶ
2585 786 2752 840 αὐτοῦ
2802 788 3000 855 λόγοις,
3051 793 3341 853 κοινωνοὺς
3368 791 3512 860 ὑμᾶς
3546 792 3686 862 ἔχειν
3720 796 3839 858 ἀξιῶ

2278 879 2379 948 τῆς
2408 878 2784 948 φαιδρότητος,
2825 882 2920 933 καὶ
2950 881 3046 950 τῆς
3071 881 3180 933 τῶν
3224 882 3486 952 ᾀσμάτων
3522 885 3835 953 φιλοτιμίας.

2281 969 2625 1038 Συνδρόιμετε
2660 969 2717 1021 δὲ
2748 969 2948 1033 πάντες
2981 972 3030 1022 οί
3059 972 3445 1036 κατοικοῦντες
3472 972 3574 1043 τὴν
3603 976 3839 1045 οἰκουμέ-

2279 1077 2400 1130 νην,
2442 1060 2536 1114 καὶ
2569 1060 2865 1131 ψαλμικῶς
2909 1060 3011 1123 τὰς
3053 1066 3242 1133 χεῖρας
3281 1067 3664 1133 κροτήσαντες,
3696 1084 3843 1120 πνευ-

2284 1153 2527 1223 ματικῶς
2557 1156 2657 1217 τὰς
2702 1155 2906 1225 φρένας
2937 1154 3216 1224 ὑψώσατε,
3274 1158 3371 1210 καὶ
3401 1158 3664 1211 ἐπινίκιον
3692 1160 3842 1228 ὕμνον

2281 1247 2630 1317 ἀνακράξατε
2670 1246 2969 1317 μελῲδημα
3002 1248 3062 1300 τὸ
3090 1250 3440 1319 εὐεργέτημα
3474 1252 3839 1320 ποιησάμενοι.

2281 1338 2373 1389 καὶ
2430 1339 2617 1406 φωνὴν
2665 1339 3007 1408 εὐφροσύνης
3040 1338 3411 1408 ὲξηχήσαντες
3458 1342 3840 1410 ἀνατγείλατε

2279 1429 2391 1494 ἕως
2416 1429 2685 1497 ἐσχάτου
2726 1428 2838 1496 τῆς
2887 1429 3017 1499 τῆς,
3051 1433 3146 1482 καὶ
3179 1432 3447 1484 ἀκουστὸν
3478 1432 3714 1499 γενέσθω
3741 1433 3845 1493 τοῖς

2282 1522 2486 1591 πέρασι
2513 1521 2852 1589 ἁγαλλίαμα,
2875 1520 2937 1574 τὸ
2967 1520 3061 1573 τοῦ
3105 1521 3241 1574 Θεοῦ
3274 1525 3540 1593 σωτήριον
3571 1523 3844 1593 τερατούρ-

2280 1629 2457 1680 γημα.
2493 1614 2651 1680 Κάμὲ
2676 1615 2783 1682 γὰρ
2812 1613 2907 1666 τοῦ
2940 1615 3239 1684 μυστηρίου
3266 1615 3327 1667 τὸ
3359 1616 3608 1685 μέγεθος,
3639 1615 3842 1683 καὶτῆς

2280 1704 2492 1773 ἡμέρας
2529 1704 2816 1773 ὴδύναμις
2845 1704 3205 1758 ἐπιλαθέσθαι
3248 1708 3347 1775 τῆς
3402 1707 3683 1768 ἀσθενείας
3717 1723 3840 1777 προ-

2276 1794 2559 1861 τρέπεται,
2589 1795 2682 1847 καὶ
2724 1795 2817 1847 τοῦ
2854 1797 3093 1865 σταυροῦ
3123 1799 3224 1868 τὴν
3262 1798 3544 1867 εὐφημίαν
3574 1792 3839 1869 κροὲἧσαι,

2276 1885 2440 1938 αὐτὸν
2466 1886 2523 1938 δὲ
2562 1887 2653 1939 τὸν
2694 1886 2761 1939 δι’
2808 1886 2909 1956 ἐμὲ
2951 1887 3046 1940 τοῦ
3077 1889 3348 1942 Δεσπότου
3390 1889 3643 1954 θάνατον,
3667 1889 3735 1952 ὡς
3763 1889 3843 1941 δυ-

2277 1975 2436 2029 νατὸν
2466 1975 2790 2046 ὲξυμνῆσαι,
2832 1977 2924 2030 καὶ
2959 1978 3058 2046 τὴν
3084 1978 3369 2050 ζωηιρόρον
3403 1979 3700 2033 ἀνάστασιν
3724 1995 3843 2032 κατι

2278 2066 2536 2133 αγγεῖλαι
2567 2069 2681 2130 τοῖς
2737 2069 2962 2139 πέρασι,
2990 2069 3057 2123 δι’
3079 2064 3147 2142 ἧς
3175 2071 3564 2143 ὲδοξάσθημεν.
3593 2073 3727 2137 Δόξα
3747 2072 3844 2141 γὰρ

2265 2158 2371 2210 ,τοῦ
2411 2160 2605 2227 γένους
2649 2160 2810 2230 ἡμῶν
2841 2162 2874 2230 ὴ
2921 2161 3017 2213 τοῦ
3061 2163 3297 2231 Χριστοῦ
3327 2166 3524 2232 γέγονε
3571 2166 3719 2231 δόξα,
3758 2164 3845 2217 καὶ

2282 2251 2619 2318 σεσωσμένοι
2653 2251 2739 2304 διὰ
2776 2252 3038 2323 σταυροῦ,
3080 2253 3173 2306 καὶ
3227 2254 3325 2326 τὴν
3367 2256 3690 2327 εὐεργεσίαν
3725 2254 3846 2308 ἀνα-

2282 2361 2347 2415 κη
2359 2342 2517 2413 ρύττο
2525 2360 2644 2414 μεν.

2361 2607 2694 2680 Ἐϐουλόμην
2718 2608 2848 2677 γοῦν
2872 2610 3174 2681 ἀρχόμενος
3210 2612 3305 2665 τοῦ
3344 2613 3530 2682 λόγου,
3564 2615 3653 2668 καὶ
3691 2612 3843 2680 γλῶτ-

2278 2718 2379 2756 ταν
2409 2701 2570 2765 εὐθὺς
2603 2703 2904 2773 ἀγγελικὴν
2954 2703 3160 2768 λαϐεῖν,
3206 2706 3301 2758 καὶ
3348 2707 3536 2777 φωνὴν
3578 2707 3844 2776 εἰληφέναι

2282 2791 2499 2862 φύσεως
2550 2793 2906 2863 ἀνθρωπίνης
2953 2794 3261 2863 κρείττονα.
3292 2798 3389 2850 καὶ
3426 2797 3518 2851 διὰ
3558 2799 3736 2866 πάσης
3765 2799 3843 2849 δυ·

2281 2886 2523 2955 ναμένην
2554 2886 2656 2956 γῆς
2690 2888 2784 2939 καὶ
2812 2886 3091 2955 θαλάσσης
3120 2888 3495 2956 ἀφικνεῖσθαι,
3532 2890 3627 2944 καὶ
3654 2889 3845 2948 πάντας

2280 2979 2605 3047 ἀνθρώπους
2641 2982 2699 3030 ἐν
2743 2978 2934 3049 ὑψηλῷ
2998 2980 3229 3033 καλέσαι
3277 2982 3373 3034 καὶ
3422 2981 3726 3050 διαπρυσίῳ
3760 2995 3847 3048 κη·-

2285 3072 2526 3141 ρύγματι
2557 3072 2692 3140 πρδς
2724 3069 2819 3142 τὴν
2879 3072 3096 3137 ἐτήσιον
3134 3072 3340 3139 ταύτην
3370 3075 3467 3143 τῆς
3498 3073 3694 3144 ἑορτῆς
3712 3072 3847 3131 τελε-

2277 3166 2398 3233 τὴν,
2425 3164 2514 3217 ἵνα
2542 3162 2620 3232 τῷ
2654 3164 2753 3230 τῆς
2783 3164 2958 3231 χαρᾶς
3002 3163 3221 3231 μεγέθει
3256 3163 3740 3233 συνεπεκτείνηταί
3767 3178 3849 3231 μοι

2278 3255 2374 3308 καὶ
2406 3256 2516 3307 τῶν
2545 3255 2994 3323 εὐφραινομένων
3018 3257 3046 3308 ό
3080 3255 3335 3324 σύλλογος
3372 3259 3436 3309 ὲκ
3463 3257 3721 3327 περάτων
3753 3252 3847 3321 γῆς

2281 3349 2373 3402 καὶ
2425 3346 2626 3409 παντὸς
2659 3347 2852 3413 γένους
2895 3346 3204 3417 ἀνθρώπων
3241 3349 3617 3419 συνεστηκὼς,
3652 3349 3743 3402 καὶ
3768 3343 3849 3399 οὖ-

2279 3456 2389 3501 τως
2421 3437 2496 3498 ὡς
2532 3436 2621 3489 διὰ
2658 3437 2964 3504 σάλπιγγος
3009 3438 3215 3508 ὴχῆσαι
3257 3439 3399 3508 μέγα
3430 3442 3526 3492 καὶ
3566 3435 3851 3507 διατρανῶ-

2282 3548 2374 3584 σαι
2406 3530 2546 3582 πᾶσι
2575 3528 2676 3597 τῆς
2711 3530 3078 3600 πανηγύρεως
3105 3530 3164 3582 τὸ
3195 3531 3521 3596 κεφάλαιον.
3559 3531 3848 3595 σάλπιγγος

2278 3624 2338 3676 οὐ
2373 3622 2753 3691 χαλκοστόμου
2788 3622 2933 3684 τινὸς
2967 3623 3063 3674 καὶ
3113 3621 3394 3690 τεχνικῆς,
3431 3624 3571 3676 ἀλλὰ
3600 3626 3698 3690 τῆς
3722 3634 3851 3685 παγ-

2278 3714 2482 3785 χρύοου
2533 3714 2627 3767 καὶ
2668 3717 3074 3783 πνευματικῆς,
3104 3714 3229 3784 ἦτις
3261 3718 3400 3783 μετὰ
3428 3716 3532 3784 τῆς
3568 3714 3848 3777 καλλίστης

2281 3808 2617 3876 εὐπρεπεὲας
2657 3806 2750 3859 καὶ
2805 3806 2866 3858 τὸ
2914 3807 3192 3877 ἀκήρατον
3230 3806 3365 3877 ἔχει,
3400 3808 3496 3861 καὶ
3537 3807 3675 3870 ὅλως
3708 3803 3848 3859 ἀδιά-

2280 3900 2504 3968 φθόρον.

2350 3994 2508 4045 Δυοῖν
2558 3991 2614 4044 δὲ
2671 3991 2867 4053 ὅντων;
2920 3993 3063 4061 ἆπερ
3103 4008 3193 4059 μοι
3232 3995 3531 4062 συνέχοντα
3586 3992 3723 4062 μετὰ
3755 3987 3848 4056 τῆς

2282 4083 2471 4152 φωνῆς
2526 4082 2623 4135 καὶ
2655 4080 2748 4134 τὸν
2778 4081 2937 4147 λόγον
2970 4082 3209 4148 ἀπάγειν
3256 4080 3430 4134 ἐθέλει
3460 4081 3556 4134 τοῦ
3604 4079 3851 4150 πράγμα-

2279 4192 2396 4240 τος,
2428 4174 2521 4226 καὶ
2549 4174 2649 4242 τῆς
2675 4173 3047 4243 ἐγχειρήσεως
3078 4173 3369 4242 ἀπείργειν
3396 4171 3496 4243 τὴν
3532 4172 3739 4241 ἔφεσιν,
3761 4170 3854 4237 ψυ-

2278 4264 2443 4334 χικῆς
2496 4262 2715 4325 ἀτονίας
2777 4262 2872 4314 καὶ
2912 4261 3123 4332 μήκους
3157 4261 3329 4315 ἐθνῶν
3366 4264 3691 4335 διασπορᾶς,
3725 4260 3850 4329 πρὸς

2282 4355 2570 4424 ἀμφότερα
2623 4353 2891 4425 βοηθῆσαί
2926 4371 3018 4423 μοι
3068 4355 3392 4425 διανάστητε
3424 4355 3522 4410 νῦν
3555 4357 3732 4425 ὑμεῖς,
3766 4351 3852 4403 καὶ

2285 4449 2384 4517 τὴν
2446 4448 2544 4517 μὲν
2600 4447 2948 4520 ὲπιρῥιὶισατε
3000 4450 3121 4510 ταῖς
3175 4450 3386 4517 εὐχαῖς,
3419 4447 3518 4519 τὴν
3547 4448 3603 4500 δὲ
3657 4443 3881 4515 σπονδῇ,

2291 4537 2759 4609 συμπληρώσατε,
2790 4539 3222 4609 προστρέχοντες
3269 4539 3520 4609 ἀσμένως
3549 4539 3642 4592 ἐπὶ
3682 4536 3740 4589 τὸ
3767 4522 3887 4627 act-1'

2295 4645 2503 4700 ρυγμαν
2539 4629 2635 4682 καὶ
2686 4628 3100 4698 προθυμότερον
3142 4629 3242 4697 τῆς
3273 4629 3596 4699 ἀκροάσεως
3630 4624 3879 4696 ἐφαπτό-ξ

2294 4736 2473 4791 μενοιο
2515 4721 2687 4784 οὕτως
2718 4721 2786 4774 ἂν
2831 4722 2962 4784 ἴσως
2990 4722 3084 4774 καὶ
3125 4720 3395 4791 δυναίμην
3432 4721 3602 4789 ἐγγύς
3634 4737 3734 4772 που
3764 4716 3854 4783 τῆς

2291 4813 2604 4883 προθέσεως
2635 4813 2836 4878 ἐλθεῖν,
2866 4812 2962 4865 καὶ
2992 4813 3084 4865 τὸν
3115 4814 3270 4879 λόγον
3314 4813 3458 4865 κοιτά
3493 4811 3696 4865 σκοπὸν
3727 4823 3855 4875 συμ-

2293 4903 2528 4973 περᾶναι
2570 4903 2669 4971 τῆς
2713 4905 3103 4972 οἱκουμενικῆς
3155 4904 3543 4974 πανηγύρεως.
3579 4904 3687 4955 Καὶ
3729 4898 3852 4968 γοῦν

2293 4990 2524 5060 ὑψοῦται
2556 4992 2655 5060 μὲν
2686 4994 2766 5055 εἰς
2795 4991 3173 5062 προσκύνησιν
3198 4978 3436 5065 ϐ’τὶμιος
3462 4994 3557 5048 τοῦ
3590 4993 3850 5046 Δεσπότου

2295 5085 2549 5152 σταυρὸς,
2574 5085 2860 5155 πρόκειται
2894 5084 2950 5137 δὲ
2980 5086 3060 5153 εἰς
3109 5086 3395 5158 ἐξήγησιν,
3420 5089 3557 5158 ὅπερ
3583 5084 3747 5141 αὐτοῦ
3777 5082 3856 5136 λό-

2292 5193 2391 5244 γος
2440 5179 2536 5229 καὶ
2593 5177 2803 5245 πληθὺς
2855 5178 3177 5250 παρέστηκε
3215 5181 3327 5232 τῶν
3376 5180 3726 5251 φοϐουμένων
3768 5175 3853 5227 τὸν

2294 5267 2520 5336 Κύριον,
2577 5268 2720 5331 λαοὶ,
2780 5268 2967 5336 φυλαὶ,
3019 5271 3112 5323 καὶ
3140 5270 3383 5339 γλῶσσαι
3417 5273 3476 5336 ἐξ
3528 5272 3711 5341 ἄκρων
3756 5267 3853 5334 γῆς

2296 5359 2802 5429 συνδεδραμηκότες
2827 5361 2904 5422 εἰς
2930 5360 3028 5430 τὴν
3048 5362 3383 5432 πρόσϐλεψιν
3416 5364 3553 5432 ὁμοῦ
3580 5364 3669 5416 καὶ
3696 5357 3852 5427 ἀκρό-

2297 5465 2443 5503 ασιν.
2480 5450 2591 5502 Καὶ
2646 5449 2756 5502 τῶν
2814 5450 3134 5521 θαυμασίων
3182 5452 3341 5518 ἀξίαν
3388 5454 3487 5524 τῂν
3529 5445 3855 5522 εὐφημίανῷ

2297 5542 2687 5611 προσκομίσων
2716 5544 2862 5597 ἐστὶν
2901 5543 3101 5607 οὐδείς.
3149 5545 3245 5607 Τίς
3276 5547 3385 5616 γὰρ
3438 5545 3532 5601 καὶ
3578 5545 3852 5614 δυνήσεται
