4156 6302
212 437 215 440 η
293 344 396 409 177

1302 345 1383 406 IN
1418 345 2022 404 'EXAI.TATIONEM
2080 348 2140 406 S.
2194 346 2493 408 CRUCIS.

3426 341 3528 406 178

288 459 401 517 τὰς
444 451 811 518 δυναστείας
843 451 1071 522 λαλῆσαι
1125 454 1234 507 τοῦ
1268 456 1510 522 Κυρίου,
1556 455 1653 508 καὶ
1688 456 1868 508 ἀκου-

1986 475 2057 510 trs
2090 455 2204 525 ejus
2232 458 2276 521 ',
2316 472 2452 525 quas
2478 455 2607 511 fecit
2643 454 3009 525 superioribus
3037 452 3252 509 saeculis
3276 469 3307 504 α
3342 451 3526 504 diebus

290 543 447 607 στὰς
472 541 721 606 ποιῆσαι
747 541 949 609 πάσας
988 544 1095 610 τὰς
1123 544 1386 610 αἰνέω-εις
1411 546 1619 611 abeat”),
1649 547 1777 608 ὅσας
1800 563 1862 599 τε

293 632 507 686 ἄνωθεν
560 634 857 702 πεποίηκεν
885 633 957 698 ἐξ
986 634 1225 703 ἡμερῶν
1251 636 1538 703 ἀρχαίων,
1573 640 1871 705 προτυπῶν

300 723 402 793 τὴν
456 723 686 793 σταυροῦ
719 725 898 789 δόξαν,
950 726 1044 778 καὶ
1078 729 1207 788 ὅσας
1243 728 1532 797 ἐσύστερον
1582 728 1652 784 δι’
1700 729 1868 782 αὐτοῦ

302 813 825 885 τεθαυματούργηκε
874 817 970 869 καὶ
1025 818 1189 887 μέχρι
1228 819 1324 872 τοῦ
1372 818 1466 872 νῦν
1494 821 1556 873 ού
1600 821 1870 875 διαλείπει

300 905 697 973 τερατουργῶν,
731 907 812 969 εἰς
844 907 1109 977 καύχημα
1161 907 1271 960 τῶν
1308 911 1616 979 ηλπικότων
1645 910 1735 963 ἐπ’
1770 912 1873 962 αύ-

299 996 389 1047 τὸν
456 998 547 1049 καὶ
587 998 893 1061 ἀσφάλειαν
922 1016 938 1065 ;
968 999 1083 1053 Ούκ
1131 999 1279 1054 ἔστιν
1327 1003 1563 1072 ἀληθῶς,
1585 1001 1692 1058 ὀὐκ
1724 1004 1872 1058 ἔστιν

299 1085 419 1138 οὐδὲ
450 1086 525 1154 νῷ
554 1087 852 1154 διαλαϐεῖν,
885 1090 1008 1143 οὐδὲ
1042 1092 1361 1161 παρακύψαι
1406 1097 1470 1164 τῇ
1499 1094 1708 1166 διανοίᾳ
1736 1097 1873 1165 πρὸς

303 1177 372 1230 τὰ
403 1177 595 1248 κόσμῳ
627 1181 792 1233 παντὶ
843 1181 917 1249 μὴ
949 1182 1271 1252 χωρούμενα
1313 1183 1410 1238 τοῦ
1455 1186 1728 1238 Δεσπότου
1782 1189 1876 1240 καὶ

303 1266 558 1334 Σωτῆρος
610 1270 872 1337 Χριστοῦ,
918 1272 1013 1324 καὶ
1044 1271 1130 1326 διὰ
1179 1275 1413 1345 σταυροῦ
1438 1276 1763 1346 τελούμενα,
1795 1279 1874 1341 εἰς

303 1358 508 1420 αἰῶνας
535 1359 593 1412 δὲ
626 1360 781 1421 ὅλους
813 1363 906 1414 καὶ
934 1362 1139 1427 αἰῶνας
1166 1365 1379 1418 αἰώνων
1410 1367 1780 1438 ὲνεργούμενά
1815 1384 1876 1420 τι

305 1448 399 1500 καὶ
427 1449 845 1519 θαυμαζόμενα,
894 1455 987 1506 καὶ
1034 1455 1134 1509 οὐκ
1165 1457 1517 1524 ἀνθρωπίνην
1548 1458 1730 1527 μόνον,
1759 1459 1874 1512 ἀλλ’

306 1541 427 1592 οὐδὲ
474 1542 789 1613 ἀγγελικὴν,
833 1540 1009 1614 οἶμαι,
1052 1548 1145 1600 καὶ
1206 1548 1576 1618 ύπερκόσμιον
1642 1552 1875 1620 ἀρκέσαι

1970 549 2204 617 antiquis
2229 548 2271 611 ³,
2304 547 2635 601 adumbrans
2679 547 2861 601 crucis
2906 546 3157 615 gloriam,
3185 553 3239 598 et
3264 558 3400 612 quas
3438 559 3533 610 po-

1973 641 2203 694 steriore
2248 650 2507 707 tempore.
2538 639 2778 707 ejusdem
2822 638 3001 691 crucis
3026 637 3246 697 virtute,
3278 649 3385 687 non
3414 634 3534 687 sine

1974 730 2250 783 miraculis
2282 729 2644 797 perpetravit;
2681 738 2736 782 et
2760 729 2825 782 ad
2850 730 3167 782 hodiernum
3198 740 3368 794 usque
3389 725 3531 777 diem

1974 832 2189 890 patrare
2234 837 2339 875 nou
2375 820 2593 885 desiuit,
2636 829 2696 874 ut
2739 818 3002 889 gloriandi
3050 826 3106 871 et
3142 815 3382 887 praesidii
3429 812 3534 865 sibi

1974 911 2263 982 pollicendi
2311 912 2654 966 occasionem
2705 925 2897 966 omnes
2945 910 3018 962 illi
3055 909 3315 970 habeam,
3351 905 3441 974 qui
3482 905 3536 957 in

1974 1019 2096 1059 eum
2127 1003 2388 1073 sperant?
2432 1003 2590 1056 Certe
2622 1016 2793 1071 neque
2834 1000 3017 1055 animo
3059 996 3537 1066 comprehendere.

1978 1113 2151 1165 neque
2183 1094 2513 1166 cogitatione
2568 1095 2653 1148 vel
2704 1093 2979 1160 paululum
3016 1089 3213 1143 intueri
3275 1087 3399 1142 licet
3449 1101 3537 1146 ea.

1978 1207 2098 1260 quas
2145 1202 2288 1246 totus
2336 1188 2571 1243 mundus
2621 1201 2726 1239 nou
2776 1184 2944 1250 capit,
3000 1180 3282 1240 miracula.
3318 1194 3348 1231 a
3380 1192 3542 1232 cruce

1979 1282 2189 1337 Domini
2241 1291 2296 1336 et
2348 1277 2650 1333 Snlvatoris
2686 1275 2860 1330 nostri
2917 1281 3168 1342 patrata;
3222 1282 3449 1337 quaeque
3487 1268 3542 1318 in

1977 1393 2165 1432 omnes
2201 1377 2522 1432 saeculorum
2558 1372 2892 1428 mlcrnitatcs
2931 1369 3110 1423 adhuc
3161 1366 3543 1435 perﬁciuntur.

1977 1478 2029 1523 et
2061 1470 2131 1523 ab
2170 1468 2421 1523 omnibus
2465 1479 2674 1520 summa
2729 1460 3090 1517 admiratione
3132 1456 3465 1515 afﬁciuntur,
3492 1462 3549 1504 et

1980 1573 2086 1613 non
2120 1558 2407 1610 humanam
2437 1563 2667 1617 tantum,
2711 1552 2805 1607 sed
2854 1563 3030 1617 neque
3061 1545 3369 1616 angelicam
3402 1542 3545 1596 illam

308 1629 542 1729 δύναμιν
569 1633 708 1729 ’πρὸς
749 1633 917 1703 ὕμνον
945 1627 1072 1690 τῶν
1091 1638 1179 1693 διὰ
1234 1641 1473 1711 σταυροῦ
1502 1659 1879 1712 τερατουργη-

1986 1660 2032 1703 et
2060 1649 2338 1705 caelestem
2372 1645 2680 1700 facultatem
2713 1642 2845 1697 satis
2877 1654 3001 1696 esse
3043 1639 3280 1693 arbitror
3310 1634 3550 1688 miracu-

313 1724 521 1790 μάτων.
568 1725 791 1795 Ἐπίσης
822 1728 933 1798 γὰρ
962 1729 1177 1800 ἄμαχός
1228 1749 1287 1785 τε
1348 1736 1459 1796 τοῖς
1501 1735 1818 1798 ἀντιπάλοις
1843 1736 1877 1801 ἡ

308 1811 513 1865 τούτων
558 1813 806 1884 δύναμις,
858 1820 953 1871 καὶ
1014 1823 1127 1884 τοῖς
1195 1823 1420 1886 οἰκείοις
1472 1826 1553 1887 εἰς
1601 1827 1885 1895 εὐφημίαν

310 1906 621 1974 ἀνέφικτος,
660 1910 753 1961 καὶ
787 1912 1016 1980 νικητὴς
1061 1912 1232 1975 ὅντως
1282 1915 1662 1987 ἀναδείκνυται
1713 1918 1885 1981 δεξιὸς

309 1996 611 2066 ἑκατέρων,
638 2001 765 2063 τοὺς
802 2004 900 2069 μὲν
948 2003 1311 2071 καταράσσων
1371 2006 1465 2056 καὶ
1496 2008 1642 2074 μόνῳ
1670 2008 1748 2076 τῷ
1794 2025 1889 2060 τυ-

310 2087 575 2153 ποῦσθαι,
606 2090 715 2141 τῶν
748 2091 806 2143 δὲ
858 2091 1075 2145 ἅπαντα
1105 2093 1263 2162 λόγον
1300 2097 1644 2166 ὑπερϐαίνων
1674 2102 1753 2169 τῷ
1797 2101 1890 2153 εύ-

312 2193 384 2245 φη
394 2180 640 2245 μεῖσθαι.

386 2345 535 2428 Πλὴν
558 2360 695 2413 ἀλλὰ
721 2362 815 2414 καὶ
838 2362 1090 2432 γλῶσσαν
1133 2366 1458 2433 ἀγιάζεσθαι
1481 2369 1558 2438 τῷ
1581 2371 1708 2438 περὶ
1730 2388 1894 2424 σταυ-

304 2451 413 2521 ροῦ
446 2453 627 2519 λέγειν
656 2452 976 2524 βουλόμενος
1005 2454 1137 2523 ἐγὼ,
1167 2460 1258 2509 καὶ
1305 2458 1431 2513 νοῦν
1460 2462 1794 2529 φωτίζεσθαι
1816 2463 1892 2532 τῷ

303 2544 562 2611 συνεχῶς
593 2547 723 2612 περὶ⁸
766 2545 961 2598 τούτου
991 2546 1347 2613 διανοεῖσθαι,
1370 2550 1436 2604 τὰ
1468 2552 1574 2620 πρὸ
1602 2554 1703 2622 τῆς
1731 2554 1894 2624 χάρι-

307 2648 433 2694 τος,
461 2633 535 2694 ὡς
563 2636 620 2685 ὲν
654 2635 823 2688 εἰκόνι
852 2639 1359 2709 τερατουργηθέντα
1396 2646 1496 2710 τῆς
1526 2642 1621 2695 τοῦ
1655 2646 1890 2715 σταυροῦ

320 2723 484 2792 δόξης
520 2727 743 2795 θεωρεῖν
775 2728 1108 2798 προεθέμην,
1135 2732 1231 2783 καὶ
1264 2734 1405 2786 οὕτω
1432 2735 1529 2801 τῆς
1556 2735 1714 2804 ἡμῶν
1742 2753 1895 2789 συνε-

330 2814 566 2878 λεύσεως
588 2817 681 2868 τὸν
704 2816 867 2871 πόθον
903 2819 1323 2892 ἀποπληρῶσαι.
1347 2826 1530 2890 Δεῖξαι
1560 2827 1667 2895 γάρ
1687 2829 1715 2880 ὁ
1733 2828 1893 2895 λόγος
1940 2839 1950 2849 ⁸

326 2906 593 2976 βούλεται,
632 2909 709 2972 ὡς
757 2912 789 2974 ἡ
834 2912 1086 2982 παροῦσα
1129 2918 1462 2988 πανήγυρις,
1514 2920 1575 2972 ού
1618 2922 1779 2989 μόνον
1807 2922 1891 2975 ὅτι

1988 1744 2070 1806 Iis,
2102 1742 2303 1795 virtute
2348 1738 2532 1793 crucis
2577 1733 2923 1804 perpetratis,
2974 1731 3135 1800 digne
3184 1725 3548 1784 celebrandis.

1985 1832 2160 1902 IEq’ue
2200 1831 2347 1886 enim
2377 1831 2550 1883 virtus
2596 1826 2717 1894 ejus
2764 1837 2821 1880 et
2867 1823 3119 1879 bostibns
3169 1817 3552 1887 insuperabilis

1984 1932 2089 1986 est,
2128 1929 2184 1977 et
2225 1921 2417 1975 amicis
2460 1918 2609 1974 omni
2653 1916 2810 1970 laude
2865 1914 3061 1983 major.
3119 1923 3355 1979 vereque
3414 1921 3550 1961 crux

1988 2024 2244 2084 utrosque
2287 2013 2481 2075 vincit,
2525 2012 2626 2065 bos
2650 2008 2869 2080 quidem
2897 2006 2981 2061 vel
3026 2004 3140 2060 sola
3183 2003 3266 2057 sui
3295 1999 3552 2055 elorma—

1991 2109 2135 2161 tione
2166 2106 2525 2168 conturbans‘,
2563 2112 2619 2156 at
2657 2116 2786 2157 vero
2838 2100 3057 2153 illorum
3098 2109 3316 2152 omnem
3343 2092 3552 2147 oratio-

1993 2208 2115 2248 ncm
2177 2194 2245 2246 ad
2314 2190 2678 2244 laudationem
2742 2183 3209 2240 accommodatam
3270 2189 3555 2233 transcen-

1992 2286 2144 2336 dens.

2062 2373 2326 2427 Caeterum
2374 2384 2476 2439 ego
2526 2378 2582 2424 et
2641 2367 2879 2435 linguam
2924 2363 2991 2418 de
3040 2373 3204 2416 cruce
3237 2354 3558 2412 disserendo

1991 2464 2355 2526 sanctiﬁcare,
2407 2454 2750 2527 mentemque
2783 2456 2997 2510 assidua
3042 2454 3110 2506 de
3146 2463 3312 2504 cruce
3354 2446 3560 2516 cogita-

1992 2558 2139 2610 tione
2183 2554 2453 2608 illustrare
2495 2550 2708 2613 volens,
2756 2546 2922 2602 statui
2958 2560 3020 2600 ea
3059 2557 3180 2613 quas.
3215 2550 3344 2596 ante
3369 2539 3559 2610 gratiae

1993 2649 2186 2717 legem.
2218 2655 2476 2713 tauquam
2509 2643 2561 2697 in
2592 2642 2827 2711 imagine
2860 2639 2927 2693 de
2971 2636 3152 2693 crucis
3179 2634 3349 2703 gloria
3389 2632 3561 2685 mira-

1992 2737 2175 2792 biliter
2232 2745 2449 2801 peracta
2506 2740 2658 2795 sunt,
2703 2728 2770 2784 ad
2804 2723 3562 2794 contemplationemlpropo-

1996 2844 2145 2888 nere.
2197 2837 2249 2882 et
2288 2825 2391 2880 bac
2444 2824 2653 2878 ratione
2707 2818 2977 2875 desiderio
3030 2828 3335 2872 concursus
3392 2810 3559 2869 vestri

1995 2918 2334 2976 satisfacere.
2354 2916 2696 2984 Propositum
2719 2913 2864 2969 enim
2890 2912 3023 2966 mihi
3048 2918 3133 2965 est
3157 2908 3559 2965 demonstrare.

322 3000 387 3050 ἐν
413 2999 598 3066 κόσμῳ
624 3002 860 3056 τελεῖται
893 3005 1076 3067 παντὶ,
1104 3006 1217 3058 ἀλλ’
1246 3009 1328 3061 ὅτι
1357 3011 1451 3061 καὶ
1485 3010 1583 3079 τὴν
1628 3013 1725 3066 ἀπ’
1772 3012 1884 3066 αἰώ-

2004 3022 2324 3082 ρι-τιθιιειιιειιι
2356 3009 2758 3071 celebritatem,
2803 3019 2908 3059 non
2964 3003 3126 3057 modo
3168 2998 3316 3070 quod
3350 2997 3403 3051 in
3449 3003 3562 3049 toto

320 3105 431 3141 νων
498 3091 591 3143 καὶ
647 3091 728 3152 είς
767 3092 967 3156 αἰῶνας
1008 3097 1266 3164 πρόνοιαν
1305 3097 1403 3151 τοῦ
1433 3099 1571 3152 θεοῦ
1604 3100 1889 3169 κηρύττει,

317 3182 670 3250 παγκόσμιος
706 3182 823 3236 ἔστι
864 3201 924 3237 τε
965 3187 1060 3239 καὶ
1092 3182 1447 3256 ὀνομάζεται.
1477 3192 1616 3254 Τοὺς
1657 3191 1756 3261 μὲν
1782 3192 1894 3261 γὰρ

315 3271 592 3338 ἀρχαίους
647 3273 904 3325 οἰ.τύποι
957 3275 1050 3328 τοῦ
1104 3279 1342 3347 σταυροῦ
1373 3280 1650 3346 διέσωζον,
1685 3285 1811 3345 τοὺς
1838 3284 1895 3336 δὲ

316 3360 471 3430 μετά
504 3361 565 3413 τὸ
595 3362 833 3432 Χριστοῦ
881 3364 1055 3428 πάθος
1086 3368 1181 3419 καὶ
1223 3370 1321 3439 τὴν
1350 3371 1652 3427 ἀνάστασιν
1685 3376 1895 3439 πάντας

311 3452 478 3520 ἡμᾶς
522 3451 680 3513 αὐτὸς
706 3450 1028 3521 διαλάμπων
1052 3456 1150 3519 τῆς
1185 3457 1334 3521 θείας
1364 3460 1509 3527 ἀξιοῖ
1527 3462 1771 3532 χάριτος,
1799 3466 1897 3519 καὶ

1998 3104 2196 3158 mundo
2238 3111 2452 3171 agatur,
2484 3100 2578 3155 sed
2615 3098 2762 3167 quod
2802 3099 2969 3153 etiam
3019 3094 3265 3149 divinam
3299 3092 3353 3144 in
3395 3102 3564 3159 genus

1998 3198 2291 3250 lmmauum
2334 3191 2728 3261 providentiam
2760 3189 2830 3243 ab
2851 3187 3101 3242 omnibus
3132 3183 3349 3239 saeculis
3376 3190 3562 3235 osten.

1996 3288 2111 3344 dat.
2146 3300 2272 3339 vere
2299 3283 2396 3337 toti
2429 3280 2632 3336 mundo
2656 3290 3002 3335 communem
3037 3285 3093 3330 et
3125 3289 3267 3338 esse,
3293 3283 3349 3327 et
3376 3270 3562 3339 appel-

1997 3379 2115 3433 lari.
2143 3376 2275 3431 Nam
2301 3374 2511 3444 priscos
2542 3372 2651 3443 typi
2682 3368 2862 3425 crucis
2886 3366 3321 3427 consonabant;
3358 3373 3410 3416 at
3443 3369 3565 3429 post

1999 3480 2226 3524 mortem
2265 3477 2320 3522 et
2351 3465 2807 3523 resurrectionem
2834 3458 3070 3524 Domini,
3094 3469 3286 3512 omnes
3316 3467 3415 3507 nos
3440 3452 3567 3505 ἰίἰιια

309 3542 506 3603 κοινός
549 3544 664 3595 ἐστι
694 3543 788 3595 καὶ
843 3547 1183 3615 παγκὸσμιος
1216 3548 1245 3599 ὁ
1293 3552 1526 3622 σταυρὸς
1570 3555 1884 3623 εὐεργέτης·

1999 3560 2211 3614 minans
2245 3552 2736 3623 divina-perfundit
2772 3550 2967 3621 gratia.
3015 3548 3219 3617 Estque
3247 3557 3380 3599 crux
3413 3556 3565 3597 com-

311 3634 601 3706 κραταιὰν
653 3635 762 3705 γὰρ
810 3635 1015 3688 ἀνωθεν
1048 3639 1202 3708 ἰσχὺν
1235 3644 1590 3712 κεκτημένος,
1634 3647 1694 3698 οὐ
1732 3648 1884 3716 μόνοι

2000 3652 2177 3706 munis
2208 3648 2495 3716 totiusque,
2525 3660 2629 3715 qua
2672 3652 2820 3712 patet
2864 3640 3033 3703 orbis,
3069 3635 3431 3693 benefactrix.
3479 3632 3569 3685 Iu-

309 3726 670 3795 τυπούμενος
699 3725 813 3789 νῦν,
844 3728 900 3779 ὲν
929 3728 1155 3799 ἀληθεία
1186 3734 1312 3795 τοὺς
1343 3735 1620 3798 ἐναντίους
1670 3740 1884 3807 τροποῦ-

1998 3742 2143 3812 ενιιί
2190 3741 2333 3793 enim
2378 3737 2429 3791 vi
2480 3736 2737 3790 divinitus
2779 3734 3000 3794 donata,
3047 3743 3156 3784 non
3214 3727 3372 3781 modo
3417 3738 3568 3778 nunc

306 3836 432 3881 ται,
473 3817 615 3870 ἀλλὰ
646 3820 738 3870 καὶ
781 3819 947 3871 πάλαι
981 3821 1324 3890 συμϐολικῶς
1352 3823 1884 3897 διαγραφόμενος,τέ

2001 3847 2125 3886 cum
2160 3831 2386 3883 veritate
2426 3836 2645 3896 peracta
2687 3824 2980 3893 eﬂingitur,
3029 3819 3376 3875 adversarios
3420 3826 3570 3883 terga

306 3912 621 3977 θαυμαστά
645 3913 828 3963 ἐκεῖνα
855 3914 946 3964 καὶ
972 3911 1184 3977 ἐξαίσια
1211 3917 1601 3996 κατωργάζετο
1622 3918 1877 3987 θαύματα

2005 3926 2133 3977 dare
2155 3920 2463 3987 compellit;
2494 3918 2587 3973 sed
2622 3926 2681 3970 et
2707 3916 2836 3970 olim
2868 3929 2964 3981 per
2991 3912 3236 3965 umbram
3278 3907 3569 3975 quamdam

306 4007 427 4059 Καὶ
468 4002 722 4055 θάλασσα
782 4003 879 4071 μὲν
908 4009 976 4073 τῇ
1036 4005 1331 4058 πανσθενεῖ
1364 4007 1554 4060 τούτου
1593 4009 1884 4076 διετέμνετι

2004 4013 2305 4073 eﬂormata,
2343 4007 2608 4062 mirabilia
2648 4006 2738 4060 illa
2788 4013 2843 4057 et
2892 4003 3155 4071 stupenda
3210 4000 3349 4051 facta
3381 4010 3574 4064 perpe-

304 4097 585 4166 ἐνεργείᾳ
610 4108 627 4125 ⁸
657 4097 901 4164 παταμὺς
929 4098 985 4149 δὲ
1017 4097 1329 4165 πελαγίζων
1358 4100 1438 4161 εἰς
1471 4096 1611 4169 αἷμα
1646 4102 1884 4167 μετεϐάλ

2009 4104 2191 4157 travit.
2227 4100 2290 4153 Et
2326 4115 2474 4155 mare
2501 4098 2718 4165 quidem
2746 4092 3101 4162 omnipotenti
3150 4090 3314 4157 hujus
3342 4086 3575 4142 eliicaci-

301 4190 463 4250 λετο,
524 4189 622 4239 καὶ
654 4188 931 4256 Αἴγυπτος
957 4189 1236 4259 διαφόροις
1285 4191 1521 4260 πληγαῖς
1554 4191 1881 4261 ἐμαστίζετο

2010 4204 2119 4248 tate
2143 4194 2375 4246 divisum
2409 4197 2514 4252 est,
2538 4185 2968 4254 ﬂuviusque,qui
2990 4182 3159 4238 maris
3189 4181 3360 4235 instar
3391 4178 3573 4237 habet.

302 4284 406 4335 καὶ
463 4281 681 4351 ἔρημος
734 4280 1007 4344 ποικίλαις
1044 4280 1396 4351 θεοσημείαις
1445 4283 1759 4350 ἡγλαῖζετο,
1807 4303 1878 4338 κα

2010 4287 2062 4338 in
2116 4284 2433 4352 sanguinem
2470 4294 2695 4344 versus;
2762 4286 2816 4333 ct
2880 4275 3143 4343 Egyptus
3182 4272 3350 4327 variis
3403 4269 3575 4339 plagis

303 4376 525 4446 Βίερῤἂι
575 4373 953 4439 ἐγλυκαίνετο.
1005 4373 1098 4425 καὶ
1144 4376 1320 4444 πέτρα
1352 4391 1426 4442 πη
1442 4374 1533 4440 τὰς
1565 4375 1794 4438 ὑδάτων,
1824 4377 1884 4439 ὡς

2006 4376 2203 4430 atilicta
2253 4383 2369 4436 est;
2422 4381 2480 4426 et
2532 4369 2765 4425 solitudo
2806 4369 2975 4423 variis
3024 4366 3306 4433 portentis,
3360 4363 3574 4417 cmlizns

300 4467 366 4530 ἐξ
424 4464 687 4518 ἀϐύσσου
741 4466 996 4533 παρεῖχε,
1030 4466 1125 4517 καὶ
1172 4465 1419 4533 Ἀμαλὴκ
1451 4466 1879 4534 κατεπολεμεῖτο

2005 4469 2185 4531 editis,
2217 4466 2513 4529 illustrats;
2550 4469 2606 4516 et
2652 4461 2867 4515 Marrba
2917 4459 2968 4512 in
3000 4457 3339 4513 dulcedinem
3382 4468 3567 4517 versa;

303 4564 437 4632 καὶ⁴
456 4553 676 4627 Φαραὼ
710 4557 1147 4620 κατεποντίζετο,
1180 4559 1272 4609 καὶ
1298 4557 1475 4625 ὄφεων
1523 4556 1742 4627 ὀλέθρια
1766 4559 1884 4628 δήγι

2006 4567 2059 4612 et
2097 4568 2244 4624 petra
2298 4557 2473 4609 fontes
2514 4567 2796 4623 aquarum,
2828 4551 2982 4620 quasi
3015 4562 3080 4601 ex
3121 4549 3341 4617 abysso,
3368 4544 3577 4596 submi-

304 4667 474 4723 ματα
521 4645 920 4711 ἐθεραπεύετο,
953 4647 1046 4699 καὶ
1078 4647 1246 4700 τάλλα
1284 4647 1554 4716 λαμπρῶς
1585 4649 1884 4716 ὲτερατουρ

2008 4650 2277 4710 nistravit,
2303 4656 2357 4699 et
2382 4644 2604 4699 Amalec
2624 4641 2921 4698 debellatus
2946 4648 3054 4704 est,
3089 4638 3302 4691 Pbarao
3334 4633 3577 4686 submer-

297 4746 465 4812 γεῖτο
497 4739 812 4807 θαυμάσια.
851 4738 911 4789 Ei
942 4738 1011 4790 δὲ’
1031 4738 1130 4806 τῆς
1171 4737 1579 4806 προτυπὼσεως
1611 4739 1645 4807 ἡ
1674 4737 1884 4807 δήλωσις

2005 4756 2120 4801 sus.
2150 4750 2205 4794 et
2251 4736 2540 4809 perniciosi
2595 4741 2908 4805 serpentum
2955 4732 3097 4786 ictus
3139 4726 3347 4788 sanati;
3407 4732 3462 4777 et
3521 4723 3572 4774 id

298 4834 583 4900 τοιαύτη,
618 4830 718 4897 τῆς
746 4827 1004 4898 ἀληθείας
1033 4831 1065 4898 ἡ
1092 4830 1403 4899 φανέρωσις
1432 4829 1622 4894 ὁποία;

2009 4846 2181 4899 genus
2215 4830 2318 4882 alia
2352 4827 2609 4883 miracula
2635 4824 2911 4894 splendide
2935 4822 3105 4876 edita.
3129 4817 3281 4883 Quod
3305 4816 3349 4868 si
3371 4813 3575 4866 multra:

294 4940 357 4983 et
396 4920 942 4996 prmsigniﬂcat‘tonis
975 4921 1340 4976 manifestatio
1376 4931 1534 4977 tanta:
1559 4921 1771 4977 virtutis
1793 4921 2022 4985 exstitit,
2049 4931 2305 4993 quautam
2333 4919 2706 4975 «dicacitatem
2770 4915 2869 4986 ipsi
2937 4912 3149 4967 veritati
3219 4908 3330 4978 jam
3386 4906 3575 4960 ἰιιιηί-

238 5086 247 5093 ,
294 5024 538 5081 festatm
573 5014 757 5067 inesse
779 5014 1030 5078 oportet?

378 5110 597 5177 Ταύτῃ
650 5120 734 5156 τοι
782 5104 877 5155 καὶ
916 5103 1033 5155 κατ’
1082 5104 1318 5173 ἐμαυτὸν
1349 5105 1438 5158 ἀεὶ
1467 5103 1762 5174 θαυμάζων
1791 5105 1884 5171 ὲγιι

2083 5106 2261 5169 Quare
2294 5101 2716 5157 illustrissimum
2748 5099 2868 5167 ejus
2904 5094 3151 5165 gloriam,
3184 5106 3400 5161 semper
3430 5093 3572 5161 apud

294 5209 408 5279 τὴν
441 5195 875 5267 ὑπέρλαμπρον
888 5192 1052 5244 αὐτοῦ
1074 5194 1253 5258 δόξαν,
1278 5196 1375 5249 καὶ
1399 5194 1578 5260 λόγοις
1605 5194 1699 5248 νῦν
1722 5195 1884 5262 ὲκδιη

2011 5197 2248 5250 animum
2282 5211 2458 5250 meum
2509 5192 2827 5248 admiratus.
2860 5188 3102 5239 eamdem
3150 5201 3295 5239 nunc
3332 5200 3575 5253 quoque,

296 5298 543 5373 γεεσθαι
580 5287 895 5353 διανέστην,
921 5287 1206 5346 κοινωνούς
1234 5302 1294 5337 τε
1320 5287 1419 5355 τῆς
1442 5288 1781 5357 εὐφροσύνης
1807 5287 1884 5339 λον

2014 5298 2070 5340 ιιι
2093 5287 2270 5339 verbis
2301 5297 2588 5352 exsequar,
2618 5277 2922 5367 exsurrexi,
2951 5277 3105 5329 vobis
3147 5277 3345 5330 laetitiae
3406 5274 3573 5329 sociis

298 5353 429 5446 ἐςτίν
458 5384 688 5439 ἐθέλων
715 5377 880 5445 ὑμᾶς,
913 5378 1006 5429 καὶ
1037 5353 1408 5446 συμμετόχους
1434 5353 1534 5448 τῆς
1554 5353 1884 5440 ἰκθειάσεως

2016 5377 2289 5444 totiusque
2336 5371 2643 5427 fesiivilatis
2694 5353 3034 5421 consortibus
3077 5369 3284 5421 accitis.
3338 5364 3576 5429 Propero

301 5480 552 5541 Σπεύδω
591 5466 733 5540 γοῦν
782 5467 925 5538 ψυχῇ
961 5467 1108 5540 πάσῃ
1155 5468 1249 5519 καὶ
1274 5468 1551 5540 προθυμίᾳ
1581 5470 1714 5541 πρὸς
1743 5471 1804 5523 τὸ
1828 5468 1884 5522 δά

2018 5465 2183 5533 igitur
2218 5472 2330 5517 toto
2354 5472 2577 5533 pectore
2602 5460 2873 5529 animique
2894 5458 3339 5528 ‘promptitudine
3366 5453 3431 5504 ad
3460 5451 3574 5519 glo-

303 5578 408 5645 ξαν
441 5558 839 5634 ἐκδιηγεῖσθαι
869 5558 1025 5625 Θεοῦ,
1058 5558 1151 5611 καὶ
1196 5560 1398 5627 ταύτης
1438 5563 1503 5629 τῇ
1538 5560 1797 5631 μετουσίᾳ
1826 5561 1884 5613 δο

2023 5557 2158 5610 riam
2199 5555 2381 5608 crucis
2428 5549 2722 5607 Dominicm
2769 5548 3150 5611 enarrandam,
3209 5555 3479 5610 conorque
3516 5552 3578 5600 ut

383 5756 405 5786 ³
434 5745 597 5805 Psal.
637 5755 729 5804 εν,
760 5739 814 5792 2.
893 5738 913 5770 ³
949 5734 1154 5792 Tbrcn.
1188 5753 1224 5802 ι,
1269 5738 1298 5791 7
1329 5745 1383 5792 et
1421 5736 1571 5793 alibi.
