4132 6294
656 423 763 492 £79

1771 421 2055 481 MACARI
2072 420 2095 477 Ι
2137 420 2763 481 CHRYSOCEPHALI
3782 415 3867 478 130

657 532 1037 592 communione
1069 532 1186 599 ejus
1210 531 1435 602 gloriam
1468 531 1586 602 ejus
1620 544 1917 599 assequar;
1946 530 2216 597 aii‘eroqne

2321 529 2596 600 ξάζεσθαι,
2633 531 2729 585 καὶ
2760 530 2944 583 πίστιν
2975 528 3210 598 εἰσφέρω
3240 527 3338 595 τὴν
3373 525 3549 579 πάντα
3579 531 3867 595 πεφυκυῖαν

659 627 842 692 (idem,
865 641 985 694 quae
1008 625 1187 678 omnia
1220 624 1486 692 postulata
1513 624 1757 691 accipere
1786 625 1953 688 solet;
1977 633 2029 676 ct
2054 625 2223 677 abun-

2326 618 2623 686 λαμϐάνειν
2651 617 2719 670 τὰ
2745 616 3060 685 αἰτούμενα,
3109 616 3205 669 καὶ
3236 614 3411 685 χαίρω
3449 613 3644 681 μᾶλλον
3672 616 3870 682 ἀφορῶν

658 716 908 771 dantiore
943 716 1137 786 gaudio
1165 714 1478 783 perfundur,
1514 729 1636 766 cum
1668 713 1853 768 oculos
1882 717 1954 766 ad
1982 713 2216 767 multitu¢

2324 708 2460 776 πρὸς
2489 708 2549 760 τὸ
2578 708 2780 783 πλῆθος
2831 707 2948 776 ἅμα
2989 708 3083 759 καὶ
3113 706 3346 773 μέγεθος
3374 704 3483 757 τῶν
3515 706 3869 775 προκειμένων

660 809 839 861 dinem
875 816 929 860 et
977 806 1393 872 magnitudinem
1449 806 1845 873 propositorum
1893 805 2221 859 mirabilium

660 906 939 952 converte.
983 896 1230 964 Suppetit
1260 897 1404 949 enim
1455 896 1584 947 mihi
1620 896 1922 949 orationum
1964 897 2224 964 plurima-

659 1005 775 1042 rum
818 988 1437 1058 puleherrimarumque,
1466 994 1520 1039 et
1548 986 1672 1039 huic
1696 986 2020 1038 solemnitati
2048 986 2222 1038 maxi-

657 1097 744 1135 me
775 1080 1302 1134 accommodatarum
1339 1079 1516 1146 capia,
1551 1092 1777 1148 quarum
1814 1077 1933 1131 alite
1956 1075 2062 1143 jam
2099 1092 2222 1146 pro-
2264 1143 2267 1146 γ

657 1171 916 1222 nuntiata:
968 1181 1128 1230 sunt,
1178 1169 1296 1221 alite
1343 1170 1575 1237 pomeria
1618 1183 1725 1223 non
1778 1167 2223 1222 ineonvenienter

656 1274 756 1325 pro
782 1269 1099 1328 argumento
1127 1259 1321 1313 futuris
1346 1260 1679 1328 temporibus
1702 1260 1932 1328 relinqui
1958 1271 2217 1326 possunt;

658 1366 781 1402 nam
817 1351 955 1420 ignis
1001 1363 1250 1404 naturam
1284 1352 1605 1418 disceptatio
1636 1353 1703 1406 de
1751 1367 1911 1406 cruce
1955 1354 2219 1417 imitatur,

651 1440 905 1493 omnibus
955 1442 1161 1507 absque
1200 1442 1281 1496 sui
1328 1442 1704 1496 imminutione
1739 1443 1932 1498 sufﬁcit
1959 1484 1974 1508 ,
2008 1457 2106 1498 nec
2143 1453 2223 1498 ta~

654 1547 773 1584 men
805 1531 1019 1596 deﬁcit;
1052 1547 1172 1585 nam
1210 1550 1236 1584 ιι
1268 1534 1441 1602 seipsa
1504 1535 1755 1588 decorem
1796 1546 1850 1587 et
1875 1536 2223 1604 magniﬁcen-

654 1622 785 1675 tiam
829 1623 984 1675 habet
1015 1640 1031 1687 ;
1060 1638 1179 1692 qum
1206 1625 1338 1677 nihil
1365 1626 1510 1679 aliud
1535 1641 1697 1694 quam
1739 1636 1992 1695 perpetua
2041 1626 2223 1680 exsul-

655 1713 815 1773 tatio,
841 1723 898 1767 ut
934 1714 1101 1768 Isaias
1146 1716 1293 1778 ait",
1333 1727 1387 1770 et
1420 1716 1603 1770 laetitia
1647 1718 1960 1773 indciiciens
1989 1734 2215 1783 genera.

649 1803 857 1855 tiounm
905 1803 1341 1867 generationibus
1390 1803 1490 1856 rite
1532 1814 1585 1859 et
1631 1805 2017 1857 convenienter
2048 1820 2076 1857 a
2113 1805 2211 1858 Do-

655 1893 803 1945 tniuo
833 1906 1109 1946 concessa.
1136 1893 1201 1946 Et
1229 1895 1680 1962 quemadmodum
1708 1896 1751 1946 si
1774 1896 1897 1963 quis
1919 1896 1981 1948 ad
2015 1897 2212 1950 fontem

649 1982 802 2037 illum
841 1987 1169 2051 perveniret,
1193 1999 1354 2051 quem
1379 1985 1446 2039 ab
1469 1984 1618 2038 initio
1638 2002 1703 2039 ex
1729 1995 1866 2038 terra
1898 1987 2212 2051 ascendere,

653 2085 711 2126 nt
744 2075 933 2128 faciem
981 2086 1134 2129 terra:
1166 2077 1432 2145 irrigaret,
1478 2075 1752 2143 Scriptura
1805 2065 2032 2132 testatur
2060 2078 2116 2144 ’ς
2169 2080 2213 2132 si

653 2165 799 2232 quis,
838 2165 1081 2232 inquam,
1118 2169 1183 2218 ad
1218 2168 1359 2222 hunc
1387 2166 1588 2221 fuittem
1624 2170 1947 2235 perveniret,
1979 2171 2214 2224 admira-

656 2261 807 2307 retur
840 2255 1079 2322 quidem,
1122 2265 1182 2308 ut
1214 2271 1309 2323 par
1343 2265 1444 2316 est,
1497 2248 1825 2309 mirabilium
1880 2256 2213 2312 immensita-

649 2350 792 2407 tem;
850 2359 1123 2413 nunquam
1174 2354 1349 2398 autem
1384 2354 1548 2398 totam
1591 2361 1744 2416 aqua:
1772 2349 1980 2415 copiam
2029 2351 2214 2405 videre

645 2442 854 2497 posset,
887 2434 1095 2488 etiamsi
1135 2434 1367 2505 longam,
1409 2439 1682 2503 Spectandi
1722 2440 1913 2503 gratia,
1948 2438 2012 2491 ad
2040 2450 2215 2493 scate-

612 2519 773 2575 ,ιιι-οε
811 2538 1016 2577 moram
1046 2525 1319 2591 traheret;
1367 2541 1578 2593 semper
1619 2529 1761 2580 enim
1796 2527 1993 2581 ﬂuenta
2032 2530 2212 2584 intue-

648 2612 814 2679 bitur,
856 2631 1132 2681 nunquam
1161 2629 1338 2670 autem
1383 2618 1703 2671 ﬂuentorum
1738 2620 2059 2688 principium
2094 2623 2208 2677 :ita

647 2706 810 2758 etiam
842 2707 982 2773 quod
1038 2708 1104 2759 ad
1149 2710 1414 2775 prtecouia
1451 2711 1629 2763 crucis
1665 2713 1875 2774 attinet,
1909 2714 2206 2780 contingit;

647 2812 773 2851 nam
802 2799 1057 2852 nonnulla
1094 2814 1280 2853 eorum
1308 2809 1434 2852 sunt
1457 2816 1574 2869 qua:
1604 2816 1853 2858 sermone
1882 2807 2211 2872 panduntur,

648 2889 754 2943 alia
788 2904 905 2959 qua:
948 2882 1285 2960 cogitatione
1337 2892 1720 2954 informantur.
1763 2893 1865 2948 alia
1900 2909 2018 2964 qua:
2069 2897 2210 2965 apud

643 2981 848 3051 pietate
901 2992 1220 3052 prtestantes
1247 2983 1414 3048 viros,
1445 2983 1600 3051 quasi
1651 2983 1704 3037 in
1750 2985 1948 3039 aerario
1977 2986 2211 3054 reposita

645 3078 797 3133 sunt.
841 3085 961 3140 quae
998 3082 1054 3126 et
1109 3087 1253 3127 nunc
1301 3081 1358 3128 et
1410 3082 1529 3140 post
1580 3088 1923 3131 communem
1969 3077 2209 3132 omnium

2324 796 2661 866 θαυμασίων.
2689 797 2907 861 Ἔξεστι
2927 797 3036 867 γάρ
3071 814 3161 865 μοι
3189 796 3362 864 λόγων
3390 795 3606 848 οἰκείων
3635 799 3698 865 τῇ
3722 813 3873 865 πανη-

2321 889 2479 960 γύρει
2510 889 2773 942 πλείστων
2797 907 2854 943 τε
2902 890 2993 941 καὶ
3021 889 3290 958 μεγίστων
3321 887 3628 958 ὲμπορῆσαι
3656 887 3743 938 καὶ
3767 885 3867 940 τού-

2322 997 2429 1032 των
2450 981 2578 1043 τοὺς
2613 982 2710 1051 μὲν
2741 982 3043 1052 εἰρηκέναι,
3087 980 3212 1042 τοὺς
3241 979 3296 1030 δὲ
3326 978 3663 1049 παραλεῖψαι
3694 980 3768 1041 εἰς
3793 997 3872 1045 φι-

2321 1070 2538 1139 λότιμον
2570 1072 2825 1126 ὑπόθεσιν
2858 1074 2968 1136 τοῖς
3000 1071 3118 1142 μεθ’
3153 1073 3298 1141 ἡμᾶς
3325 1072 3682 1141 τηρουμένοις
3704 1087 3717 1101 ’
3745 1074 3872 1124 κατᾶ

2323 1161 2432 1232 γὰρ
2454 1162 2553 1231 τὴν
2577 1164 2748 1235 πυρὸς
2781 1163 2943 1232 φύσιν
2992 1163 3205 1226 πολλοῖς
3234 1162 3483 1233 ἐξαρκῶν
3512 1165 3540 1215 ὁ
3570 1164 3695 1231 περὶ
3723 1180 3873 1216 σταυ-

2324 1252 2417 1318 ροῦ
2438 1253 2593 1320 λόγος
2637 1254 2908 1323 ἀμείωτος
2937 1255 3107 1319 μένει,
3131 1254 3259 1323 ὅλην
3283 1254 3412 1324 παρ’
3438 1254 3615 1322 ἐαυτῷ
3636 1254 3729 1323 τὴν
3754 1256 3873 1307 ἰδίαν

2318 1342 2459 1410 ἔχων
2486 1346 2839 1412 εὐπρέπειαν,
2871 1346 2956 1416 ἡδ’
3005 1345 3154 1401 ἔστιν
3204 1345 3520 1414 ἀγαλλίαμα
3549 1345 3782 1408 αἰώνιον,
3807 1346 3875 1406 ὡς

2320 1436 2386 1490 ἂν
2422 1436 2649 1499 Ἦσαϊας
2670 1437 2828 1509 φαίη,
2852 1437 2946 1490 καὶ
2971 1437 3275 1507 εὐφροσύνη
3299 1438 3767 1504 ἀένναος.γενεαϊς
3795 1453 3873 1502 γε·

2319 1527 2455 1581 νεῶν
2483 1529 2884 1598 ἀγαθοπρεπῶς
2930 1529 3082 1598 παρὰ
3125 1528 3333 1598 Κυρίου
3357 1529 3752 1602 χορηγουμένη.
3779 1530 3874 1580 Καὶ

2318 1617 2508 1685 ὥσπερ
2541 1619 2593 1670 εί
2622 1636 2707 1687 τις
2737 1620 2830 1671 ἐπὶ
2862 1618 2960 1690 τὴν
3010 1619 3194 1688 πηγὴν
3226 1618 3457 1685 γένοιτο,
3488 1618 3556 1688 ἣν
3584 1619 3875 1672 ἀναϐαίνειν

2318 1711 2384 1762 ἐκ
2437 1709 2535 1779 τῆς
2590 1711 2691 1778 γῆς
2724 1709 2785 1762 τὸ
2818 1711 2955 1763 κατὰ
3008 1710 3184 1778 ἀρχὴς
3215 1705 3367 1760 εἶπεν
3394 1710 3428 1777 ἡ
3468 1708 3680 1777 Γραφὴ,
3710 1709 3797 1762 καὶ
3822 1709 3874 1759 τὸ

2323 1802 2612 1870 πρόσωπον
2629 1803 2727 1870 τῆς
2758 1801 2859 1870 γῆς
2890 1800 3220 1863 ἐπικλύζειν,
3242 1799 3392 1861 εἴτις
3417 1799 3540 1851 κατ’
3562 1800 3727 1868 αὐτὴν
3750 1799 3875 1853 ἔλθοι

2322 1891 2475 1954 ποτὲ,
2503 1892 2771 1960 θαυμάσει
2830 1892 2926 1960 μὲν
2977 1891 3039 1943 τὸ
3096 1892 3203 1942 τῶν
3255 1890 3570 1958 θαυμάτων,
3622 1890 3692 1951 ὡς
3721 1892 3872 1953 εἰκὸς,

2322 1984 2550 2053 ἄπειρον
2570 2000 2583 2013 ·
2619 1985 2745 2035 ἰδεῖν
2771 1984 2828 2036 δὲ
2856 1983 3029 2050 αὐτῆς
3058 1983 3115 2034 τὸ
3142 1984 3251 2035 πᾶν
3282 1981 3426 2050 ὕδωρ
3462 1980 3709 2050 οὐδαμῶς
3732 1981 3877 2052 δυνή-

2325 2094 2497 2138 σεται,
2530 2074 2633 2128 κᾶν
2666 2077 2758 2130 ἐπὶ
2802 2075 2937 2128 πολὺ
2969 2078 3032 2144 τῇ
3066 2074 3164 2143 θέα
3221 2072 3502 2143 προσμένῃ
3535 2087 3553 2103 ο
3582 2074 3666 2124 ἀεὶ
3699 2072 3798 2140 γὰρ
3824 2073 3875 2124 τὸ

2324 2169 2464 2238 ῥέον.
2493 2167 2552 2219 οὐ
2592 2168 2699 2237 μὴν
2731 2166 2786 2219 δὲ
2831 2168 2892 2218 τὸ
2947 2166 3132 2235 βρύειν
3171 2166 3472 2235 ἀρχόμενον
3499 2163 3711 2232 ὄψεται·
3746 2163 3876 2216 οὕτω

2321 2261 2416 2313 καὶ
2438 2260 2532 2311 ἐπὶ
2555 2259 2663 2310 τῶν
2682 2259 2974 2327 ἐγκωμίων
2996 2259 3087 2311 τοῦ
3113 2256 3378 2322 ζωοποιοῦ
3408 2272 3472 2308 συ
3482 2256 3695 2325 μὸαίνει
3724 2273 3874 2308 σταυ-

2323 2350 2442 2419 ροῦο
2483 2351 2549 2403 τὰ
2583 2352 2680 2419 μὲν
2708 2351 2817 2419 γὰρ
2869 2350 3085 2417 λέγεται
3133 2349 3357 2411 τούτων,
3383 2349 3448 2401 τὰ
3491 2349 3551 2401 δὲ
3582 2350 3790 2407 νοεῖται,
3814 2347 3873 2399 τὰ

2320 2442 2364 2495 δ’
2391 2445 2507 2494 ἐστι
2558 2442 2688 2513 παρ’
2738 2442 2887 2512 αὐτῷ
2918 2442 3082 2502 θείοις
3111 2441 3335 2510 ἀνδράσι
3363 2442 3760 2507 ταμιευόμενα,
3791 2436 3875 2488 νῦν

2322 2535 2380 2587 δὲ
2426 2535 2520 2586 καί
2557 2535 2695 2601 μετὰ
2749 2535 2845 2603 τὴν
2890 2533 3076 2602 κοινὴν
3124 2533 3284 2603 ἡμῶν
3332 2532 3690 2597 ἐξανάστασιν
3725 2532 3775 2580 ἐν
3815 2531 3871 2597 ’ᾖ

2326 2624 2574 2693 βασιλεία
2602 2626 2695 2677 τοῦ
2730 2625 2864 2677 Θεοῦ
2894 2624 2961 2677 δι’
2987 2625 3182 2685 αἰῶνος
3229 2622 3628 2690 θαυμάζεσθαι.
3656 2621 3873 2688 Andra-li“;

2319 2713 2501 2765 τοίνυν
2532 2716 2564 2783 ὴ
2592 2715 2775 2784 χάρις,
2813 2713 3045 2765 πλουσία
3074 2717 3106 2782 ἡ
3138 2712 3336 2782 δωρεὰ.
3364 2710 3571 2777 ἄπειρα
3601 2711 3691 2761 καὶ
3719 2710 3871 2774 ὑπερ-

2321 2807 2431 2876 φυῆ
2469 2808 2669 2870 πάντα,
2702 2806 2796 2860 καὶ
2824 2806 2943 2873 τίγε
2989 2806 3153 2859 ἄλλου
3183 2806 3214 2873 ἢ
3248 2801 3481 2872 σταυροῦ
3510 2801 3637 2867 ἀξια
3660 2801 3726 2852 τὰ
3752 2815 3870 2865 προ.

2317 2897 2590 2966 κείμενας
2626 2898 2736 2951 Καὶ
2762 2898 2862 2950 οὐκ
2917 2884 3254 2965 ἀποροῦμεν,
3282 2896 3364 2947 ὅτι
3394 2893 3502 2966 χρὴ
3540 2893 3717 2963 λέγειν
3754 2887 3870 2956 περὶ

2319 2990 2579 3060 σταυροῦ,
2629 2988 2943 3060 ἀποροῦμεν
2993 2988 3051 3040 δδ
3121 2987 3325 3057 τρόπον
3406 2986 3640 3055 ἓτερον,
3682 2977 3871 3042 οὗτινος

2319 3081 2423 3150 Χρὴ
2470 3078 2773 3151 μνησθῆναι
2827 3077 3112 3150 πρότερον,
3157 3077 3389 3129 ἑκάστου
3427 3073 3563 3142 πρὸς
3592 3070 3751 3131 ἑαυτὸ
3780 3085 3871 3140 χι-

645 3164 1129 3227 resurrectionem,
1169 3165 1221 3218 in
1275 3165 1663 3234 sempiternum
1715 3182 1887 3221 aevum
1938 3168 1993 3223 in
2045 3185 2211 3240 regno

2321 3173 2546 3242 ριέντως
2593 3174 2740 3243 ἡμᾶς
2793 3169 3067 3230 ἕλκοντος.
3117 3169 3211 3220 καί
3241 3165 3458 3244 πρώτου
3512 3158 3872 3228 θαυμᾷζεσθαι

645 3253 740 3310 Dei
774 3255 1120 3310 admirationi
1173 3265 1352 3311 erunt.
1402 3256 1572 3325 Larga
1621 3257 1786 3326 igitur
1812 3261 1987 3327 gratia
2015 3270 2115 3324 est,
2159 3273 2215 3316 et

642 3345 960 3414 opulentum
996 3349 1237 3415 donum;
1274 3348 1456 3402 omnia
1497 3351 1758 3403 immensa
1792 3358 1846 3403 et
1877 3366 2037 3421 supra
2065 3356 2210 3407 ordi-

2318 3264 2616 3327 πείθοντος.
2646 3263 2719 3325 ὡς
2750 3264 2806 3314 ὲν
2835 3260 3060 3330 λειμῶνι
3088 3257 3374 3317 πολυανθεί
3398 3254 3492 3307 καί
3524 3252 3751 3319 ποικίλῳ
3773 3248 3870 3304 τῶν

2310 3355 2517 3408 ἀνθέων
2553 3356 2621 3408 τὰ
2647 3353 2911 3407 κάλλιστά
2935 3369 2995 3404 τε
3023 3354 3117 3404 καὶ
3146 3342 3507 3406 εὐωδέστατα.

645 3440 1085 3496 nariumnaturre
1123 3456 1378 3505 cursum;
1412 3440 1469 3494 et
1499 3456 1731 3508 quonam
1762 3443 1868 3495 alio
1895 3458 2053 3510 quam
2107 3449 2285 3502 crucis
2336 3457 2669 3513 arguntento,
2719 3460 2780 3498 ea
2822 3460 2941 3512 qua:
2996 3444 3218 3506 instant,
3285 3440 3442 3507 digna
3521 3437 3683 3493 sunt?
3760 3432 3862 3487 Nec

641 3531 870 3589 materia
902 3534 1268 3600 destituimur,
1301 3550 1424 3590 cum
1464 3535 1533 3588 de
1564 3550 1726 3589 cruce
1763 3537 2069 3591 dicendum.
2112 3538 2202 3591 Illa
2244 3555 2343 3593 nos
2373 3540 2708 3608 potissimum
2737 3538 2914 3605 inopia
2966 3537 3194 3604 premit,
3225 3545 3469 3601 qurettam
3538 3545 3625 3583 res
3694 3525 3862 3597 priore

645 3624 769 3680 loco
791 3627 1122 3694 expedienda
1166 3627 1258 3693 sit,
1286 3641 1608 3695 unaquaque
1651 3628 1802 3693 prius
1837 3644 1933 3683 nos
1977 3630 2046 3683 ad
2085 3645 2204 3684 sese
2241 3631 2380 3684 haud
2429 3633 2548 3686 sine
2591 3630 2761 3697 gratia
2809 3638 2864 3683 et
2915 3629 3117 3695 lepore,
3183 3625 3468 3681 invitante.
3511 3622 3623 3675 imo
3689 3629 3740 3673 et
3765 3628 3867 3669 tra-

646 3718 833 3779 henle,
885 3727 939 3772 et
966 3727 1025 3771 ut
1057 3734 1210 3772 suam
1243 3719 1719 3775 admirabilitatem
1769 3720 1920 3788 prius
1962 3723 2405 3789 contemplemur,
2474 3723 2775 3783 alliciente;
2813 3730 2866 3773 ut
2894 3719 3117 3786 proinde
3146 3715 3297 3767 nobis
3333 3715 3571 3787 eveniat,
3633 3710 3766 3781 quod
3806 3705 3863 3760 iis

644 3811 734 3877 qui
770 3808 1022 3862 ﬂoriferis
1048 3808 1101 3860 in
1125 3806 1371 3871 saltibus,
1394 3809 1525 3860 etin
1558 3809 1726 3873 pratis
1753 3811 1989 3863 omnium
2017 3810 2207 3864 ilornm
2248 3814 2509 3866 varietate
2540 3811 2822 3880 pictttt'alis
2860 3821 3167 3860 versamur.

720 3902 888 3955 Porro
919 3914 1042 3954 cum
1077 3900 1190 3953 haec
1219 3902 1293 3953 ita
1328 3913 1452 3954 sese
1476 3899 1734 3965 habeant,
1754 3917 1986 3971 cumque
2012 3918 2072 3957 ex
2098 3907 2212 3974 ipsa

642 3996 799 4060 copia
826 3995 894 4045 ad
922 3992 1156 4061 inopiam
1198 3990 1403 4045 redacti
1434 3992 1627 4056 simus,
1672 3993 1724 4047 id
1772 3994 1918 4048 factu
1952 3997 2211 4064 optimmn

646 4087 999 4149 arbitramur,
1033 4092 1091 4138 nt
1127 4085 1384 4152 temporis
1406 4093 1460 4140 et
1489 4085 1875 4141 miraculorum
1901 4091 2214 4157 opportuni—

649 4186 762 4232 tate
805 4185 1042 4241 utamur,
1073 4175 1345 4243 altiusque
1378 4190 1567 4231 eorum
1611 4192 1733 4247 qua:
1762 4178 1958 4247 priscis
1998 4179 2214 4233 sazcttlis

647 4275 796 4335 gesta
828 4277 976 4330 sunt,
1015 4266 1432 4333 explicationem
1462 4277 1789 4337 repetamus,
1823 4270 2115 4336 propositis
2152 4271 2215 4323 iis

648 4374 771 4426 qua:
807 4358 935 4412 olim
979 4358 1271 4430 symbolice
1315 4358 1493 4414 crucis
1533 4360 1759 4429 gratiam
1796 4360 2212 4424 adumbrabant,

650 4450 938 4517 allatisque
983 4459 1170 4518 postea
1200 4450 1267 4503 iis
1308 4464 1426 4517 quae
1454 4464 1485 4503 a
1532 4450 1760 4505 Domino
1793 4458 1940 4520 gesta
1975 4458 2123 4514 sunt,
2163 4461 2217 4505 et

649 4542 799 4599 inter
837 4555 898 4594 se
929 4540 1159 4595 invicem
1184 4539 1419 4595 collatis.
1444 4539 1556 4596 Hac
1582 4543 1725 4596 enim
1762 4542 1972 4596 ratione
2002 4541 2216 4596 dubita-

649 4631 851 4689 tionem
880 4645 1001 4699 qute
1025 4630 1253 4694 exstitit,
1285 4629 1681 4697 dissolvemus;
1728 4645 1903 4699 neque
1931 4630 2210 4685 aberrabi-

2388 3903 2543 3958 Οὕτω
2568 3904 2630 3972 δὴ
2659 3903 2873 3971 ἔχοντες
2905 3901 2999 3952 καὶ
3028 3900 3108 3961 εἰς
3139 3896 3333 3965 καινὴν
3361 3894 3598 3966 ἀπορίαν
3625 3894 3682 3957 ἐξ
3719 3893 3873 3960 ὑπερ-

2318 3996 2623 4064 6αλλούσης
2648 3993 2910 4061 εὐπορίας
2935 3993 3199 4053 ἐλθόντες,
3222 3990 3332 4043 δεῖν
3357 3987 3604 4055 ἔγνωμεν
3628 3990 3737 4048 τοῖς
3761 4000 3872 4036 και⁶

2321 4090 2433 4157 ροϊς
2492 4089 2726 4157 μάλιστα
2760 4085 2866 4137 τῶν
2917 4084 3155 4157 ἀρίστων
3204 4082 3409 4134 τούτων
3459 4075 3869 4144 ἐξακολουθῆσαι

2318 4181 2668 4248 θαυμασίων,
2701 4178 2796 4231 καὶ
2822 4176 3028 4229 ἄνωθεν
3064 4173 3352 4226 ἀναλαϐεῖν
3382 4170 3458 4240 τῷ
3491 4170 3638 4237 λόγῳ
3662 4168 3764 4219 τῶν
3783 4168 3870 4232 ἁρ-

2317 4274 2614 4343 χαιοτέρων
2648 4271 2923 4339 διήγησιν,
2967 4265 3035 4318 τὰ
3095 4264 3440 4333 συμῦολικῶς
3479 4279 3539 4314 τε
3595 4261 3759 4315 πάλαι
3781 4256 3869 4321 τὴν

2319 4362 2416 4415 τοῦ
2441 4360 2675 4431 σταυροῦ
2715 4361 2874 4429 χάριν
2903 4357 3235 4421 εἰκονίζοντα
3263 4354 3660 4423 προτιθέμενοι,
3690 4351 3782 4403 καὶ
3808 4347 3869 4398 τὰ

2318 4451 2656 4513 δεσποτικῶς
2678 4450 2801 4504 ὕστε
2813 4468 2902 4520 ρον
2925 4447 3337 4503 ἐπιτελεσθέντα
3359 4442 3868 4512 προσεπιφέροντες,

2322 4546 2417 4597 καὶ
2471 4542 2896 4613 ωμὸιὸἀζοντες
2937 4540 3100 4608 ἄμφω
3151 4538 3285 4610 πρὸς
3329 4536 3531 4598 ἄλληλα
3556 4547 3571 4560 ’
3598 4533 3737 4585 οὕτω
3775 4527 3872 4595 γὰρ

2322 4636 2422 4689 καὶ
2471 4635 2571 4704 τὴν
2625 4632 3066 4702 προσγενομένην
3117 4630 3352 4692 ἀπορίαν
3385 4626 3761 4692 διαλύσομεν,⁶
3785 4616 3873 4670 καὶ

648 4737 798 4787 tuus,
820 4737 929 4790 qtto
959 4721 1141 4776 minus
1167 4737 1229 4776 ea
1266 4737 1386 4792 qua:
1415 4723 1729 4778 sublimiora
1756 4731 1901 4788 sunt,
1930 4738 2210 4792 praepona-

2323 4727 2450 4796 περὶ
2487 4726 2586 4794 τὴν
2615 4724 2724 4775 τῶν
2760 4721 3107 4791 ὑψηλοτέρων
3145 4717 3476 4788 προτίμησιν
3502 4716 3602 4784 οὐχ
3639 4708 3871 4780 ἁμαρτὴ-

651 4827 793 4869 nms.
829 4812 936 4869 Sed
964 4826 1029 4868 ea
1071 4828 1192 4884 quae
1219 4813 1393 4881 primo
1413 4813 1562 4869 dicta
1606 4824 1755 4879 sunt,
1799 4814 1970 4883 prima
2001 4817 2212 4883 quidem

594 4904 597 4909 ’
650 4913 815 4960 erunt
846 4904 1043 4960 ordine
1095 4914 1313 4976 propter
1357 4913 1592 4974 tempus.
1628 4919 1803 4974 neque
1848 4904 2111 4976 dignitate
2144 4907 2216 4962 ob

651 4994 1066 5064 explicationem
1099 5003 1343 5050 nostram
1371 4994 1671 5064 posteriora
1695 4997 1845 5062 ﬂant,
1875 4996 1998 5053 licet
2025 5005 2080 5051 ut
2105 5001 2214 5069 typl

654 5096 710 5141 et
745 5087 949 5142 umbrae
970 5087 1213 5143 veritatis
1252 5088 1429 5159 prima
1470 5088 1602 5153 sint,
1652 5088 1922 5160 simulque
1951 5092 2217 5146 secundas

657 5185 842 5231 tenere
874 5175 1122 5230 dicantur
1156 5194 1172 5242 ;
1207 5192 1237 5230 a
1265 5176 1460 5246 seipsis
1511 5177 1654 5231 enim
1700 5179 2070 5234 tantummodo
2102 5180 2218 5233 vin-

653 5276 871 5331 cuntur,
897 5265 1095 5335 quippe
1123 5282 1245 5336 quae
1274 5267 1328 5321 in
1353 5265 1519 5335 ﬁgura
1550 5269 1848 5332 evenerint,
1871 5276 1925 5322 et
1948 5269 2214 5338 spirituali

654 5356 817 5412 oculo
847 5358 1102 5413 intuenda
1143 5358 1272 5412 sint.
1321 5355 1529 5412 Nobilis
1577 5367 1757 5413 autem
1810 5359 1862 5412 in
1906 5360 2095 5428 primis
2133 5372 2216 5416 est

654 5456 817 5518 typus
840 5447 929 5503 ille
955 5448 1157 5514 crucis,
1178 5449 1266 5518 qui
1301 5449 1368 5503 ab
1394 5460 1513 5502 ortu
1546 5449 1678 5503 solis
1715 5452 1935 5517 petitur.
1969 5451 2043 5505 Ihi
2070 5455 2213 5505 enim

656 5539 940 5614 paradisus
960 5549 1062 5602 est,
1088 5541 1140 5593 in
1173 5554 1280 5608 quo
1313 5550 1367 5593 et
1390 5539 1512 5592 vitae
1552 5541 1775 5609 lignum,
1812 5544 1991 5597 crucis
2023 5543 2214 5612 ﬁgura,

657 5632 978 5707 plantatum,
1009 5632 1150 5702 quod
1198 5631 1327 5683 mihi
1360 5632 1600 5699 quidem,
1631 5633 1675 5687 si
1709 5636 1958 5698 mandata
1993 5632 2081 5687 Dei
2114 5636 2213 5689 ob-

734 5809 754 5852 ι
791 5807 892 5874 ιεει,
925 5824 1048 5875 μιν,
1094 5810 1173 5863 18.
1251 5809 1273 5840 ⁸
1312 5808 1448 5871 Gen.
1485 5828 1542 5878 tt.
1579 5812 1630 5879 Gr

2323 4835 2509 4886 σομεν,
2528 4816 2665 4883 ἀλλὰ
2696 4816 2763 4868 τὰ
2794 4816 3051 4883 πρότεροι,
3070 4812 3348 4882 προτέρως
3379 4809 3663 4879 είρημένα,
3690 4803 3869 4873 πρῶτα

2326 4909 2427 4980 μὲν
2457 4909 2608 4962 εσται
2631 4910 2694 4978 τῇ
2725 4905 2878 4969 τάξει
2907 4904 2994 4958 διὰ
3029 4905 3119 4956 τὸν
3149 4904 3358 4973 χρόνον,
3395 4902 3456 4969 οὐ
3489 4899 3714 4964 δεύτερα
3739 4894 3790 4945 δὲ
3809 4891 3866 4958 τῇ

2321 5000 2451 5073 ἀξίᾳ
2480 4999 2570 5053 διὰ
2597 5000 2696 5067 τὴν
2722 4999 3018 5068 ἀφήγησιν,
3050 4997 3155 5049 κᾶν
3183 4995 3257 5061 ᾡς
3295 4992 3453 5048 τύποι
3489 4993 3589 5061 τῆς
3628 4985 3871 5056 ἀληθείας

2323 5093 2418 5146 καὶ
2432 5092 2621 5161 πρῶτα
2638 5090 2900 5161 τυγχάνῃ,
2921 5089 3012 5157 καὶ
3033 5085 3258 5157 δεύτερα
3283 5080 3620 5155 χρηματίζῃ,
3640 5078 3729 5147 ὑφ’
3750 5076 3868 5128 ἑαυ-

2255 5220 2259 5225 ι
2322 5183 2430 5236 τῶν
2484 5182 2644 5252 μόνον
2701 5180 2987 5249 ἡττώμενοι
3044 5178 3119 5240 ὡς
3147 5180 3203 5239 ὲν
3224 5177 3446 5230 ἐκϐάσει
3489 5162 3870 5252 γεγονότα,ρκαὶ

2325 5271 2712 5343 πνευματικῶς
2734 5269 3107 5340 θεωρούμενα.
3133 5269 3242 5321 Καὶ
3274 5267 3453 5320 τοίνυν
3474 5262 3697 5331 εὐγενὴς
3726 5250 3869 5316 οὗτός

2321 5368 2457 5427 ἐστι,
2490 5365 2583 5417 καὶ
2614 5361 2722 5414 τῶν
2753 5360 2844 5429 ἀφ’
2876 5356 3346 5430 ἡλίου,ἀνατολῶν’
3374 5357 3491 5408 ἐκεῖ
3514 5354 3623 5423 γὰρ
3653 5352 3680 5404 ὁ
3707 5347 3871 5416 παρὰ·

2320 5457 2515 5519 δεισοτ,
2545 5455 2603 5506 ἐν
2632 5447 2675 5521 ᾧ
2701 5455 2794 5506 καὶ
2821 5453 2881 5505 τδ
2931 5451 3240 5522 προτυποῦν
3272 5449 3361 5501 τὸν
3414 5446 3694 5515 ζωηφόρον
3720 5454 3869 5491 ιιτειιυ⁴
3930 5451 3947 5462 ’

2325 5545 2414 5614 ρδν
2444 5546 2587 5613 ζωῆς
2614 5544 2769 5607 ξύλον
2813 5541 3169 5612 πεφύτευται,
3205 5540 3233 5593 ὃ
3277 5538 3561 5607 προέκειτο
3600 5535 3695 5603 μὲν
3724 5542 3868 5593 τετη-

2329 5636 2518 5706 ρηκότι
2569 5651 2659 5705 μοι
2696 5632 2792 5704 τὴν
2826 5632 3046 5701 ἐντολὴν
3081 5633 3159 5696 εἰς
3189 5628 3494 5700 μετουσίαν,
3526 5624 3601 5689 ὡς
3626 5618 3867 5689 ἔπαθλον,
