4132 6294
348 419 446 482 181

1381 422 1462 481 ΙΝ
1504 420 2099 484 EXALTATIONEM
2147 426 2206 486 S.
2245 427 2519 486 CRUCIS

3505 427 3567 490 1‘8
3585 426 3624 484 ὲ.

342 531 417 584 ἵν’
455 530 534 591 ὡς
566 531 630 581 ὲκ
659 544 746 581 του
773 525 1023 599 ἀϐρώτου
1066 530 1203 589 τέως
1233 528 1334 598 τὴν
1369 527 1645 591 εὔκλειαν,
1678 529 1852 592 οὕτως
1880 532 1932 582 ἐκ

2047 549 2374 598 servassem,
2426 535 2762 604 propositum
2799 544 2922 588 erat
2958 533 3011 588 in
3066 535 3498 589 communiOnem
3556 547 3611 589 et

346 618 555 674 τούτου
588 617 679 672 καὶ
726 618 786 672 τὸ
835 617 1070 682 ἀείζωον
1095 618 1343 689 λάϐοιμι.
1386 621 1540 673 Ἐπεὶ
1586 621 1641 673 δὲ
1671 621 1764 674 τοῦ
1793 622 1934 688 ἀπη-

353 712 692 782 γορευμένον
750 709 1016 780 μετέσχον
1069 711 1309 777 καρποῦ,
1342 713 1433 764 καὶ
1459 713 1556 780 τῆς
1589 713 1778 764 τούτου
1807 710 1934 779 γεύ-

360 821 506 865 σεως
528 801 824 870 ἐκωλύθην,
879 801 974 854 καὶ
1005 800 1096 854 διὰ
1133 800 1293 854 τοῦτο
1327 801 1565 866 μάλιστα
1592 803 1694 870 τῆς
1719 803 1934 872 τρυφῆς

355 893 668 963 ιξεσλήθην.
719 892 957 962 Χριστὸς
1010 892 1069 945 δὲ
1113 892 1413 955 ἀθανασίας
1481 891 1640 952 ξύλον
1689 911 1802 963 μοι,
1841 893 1934 945 καὶ

356 985 567 1053 δένδρον
601 982 749 1051 ζωῆς
780 983 1002 1034 αίωνίου
1035 983 1188 1052 παρὰ
1217 983 1314 1046 τάς
1358 982 1626 1048 διεξόδους
1657 985 1768 1035 τῶν
1811 984 1938 1036 ὑδά-

347 1092 457 1128 των
483 1073 675 1142 ὀφθεὶς
729 1075 788 1126 ὲν
831 1075 1151 1144 παραδείσῳ
1207 1076 1309 1140 νέῳ
1360 1078 1459 1143 τῆς
1494 1075 1646 1137 θείας
1687 1074 1932 1152 Γρίαιρῆς,

345 1168 442 1218 καὶ
469 1166 638 1232 ’ξύλῳ
692 1166 1036 1233 προσπαγεὶς
1067 1166 1144 1233 τῷ
1199 1165 1294 1218 τοῦ
1348 1165 1581 1235 σταυροῦ
1613 1165 1681 1218 δι’
1712 1164 1834 1234 ἐμὲ,
1859 1164 1936 1228 ὡς

341 1259 493 1324 ζωῆς
520 1259 709 1326 ἄρτος,
744 1258 820 1318 ὡς
849 1257 1043 1327 βότρυς
1067 1259 1387 1320 ἀθανασίας,
1419 1259 1480 1309 οὐ
1512 1257 1573 1308 τὸ
1603 1255 1741 1310 εἶναι
1775 1257 1933 1325 μόνον

339 1351 534 1412 ἁπλῶς
573 1347 734 1412 αὖθις
764 1349 906 1418 ὅπερ
936 1352 1198 1404 ἀπώλεσα
1226 1353 1314 1404 διὰ
1338 1351 1535 1421 πείρας
1563 1351 1794 1404 Θανάτου
1835 1351 1934 1402 καὶ

343 1435 606 1504 σώματος
657 1439 960 1507 διαφθορᾶς
1008 1441 1344 1510 ἐδωρήσατο,
1391 1441 1526 1494 ἀλλὰ
1559 1439 1619 1491 τὸ
1653 1439 1712 1492 εὖ
1762 1434 1926 1502 εἶναι,

341 1531 441 1581 καὶ
476 1530 540 1582 τὸ
590 1531 671 1592 είς
705 1531 795 1584 ἀεὶ
834 1530 934 1601 ζῇν
965 1531 1366 1603 φιλανθρώπως
1400 1533 1488 1586 διὰ
1530 1531 1766 1593 πίστεως
1801 1531 1933 1599 ὲχαο

346 1624 568 1692 pica-co.

2038 627 2353 694 praemium;
2408 638 2465 680 ut
2501 627 2952 696 quemadmodum
3011 641 3075 679 ex
3134 627 3275 691 ligno
3327 641 3394 681 eo
3442 643 3612 691 usque

2046 715 2270 777 ituacto,
2324 725 2375 766 et
2418 730 2446 767 a
2501 718 2712 770 nemine
2769 719 3074 785 degustato.
3139 718 3364 787 gloriam
3418 733 3614 784 capt-re

2040 801 2237 856 licebat
2258 845 2272 864 .
2317 806 2398 858 sic
2427 822 2489 858 ex
2529 807 2626 859 hoc
2658 807 2775 860 vita:
2806 809 3216 875 perpetuitatem
3246 809 3610 876 decerperent.

2045 891 2115 942 At
2147 893 2306 944 simul
2342 905 2504 962 atque
2537 895 2704 948 vetito
2755 895 2932 949 fructu
2985 912 3070 949 me
3118 899 3502 957 contaminavi.
3550 900 3616 950 ah

2042 981 2145 1035 hoc
2176 985 2357 1036 itidem
2404 985 2658 1039 exclusus
2692 1001 2832 1051 sum,
2879 1003 3214 1056 summisque
3258 989 3362 1043 illis
3406 989 3615 1042 tieiittiis

2042 1074 2124 1127 vel
2156 1075 2388 1128 maxime
2425 1077 2562 1130 hanc
2603 1075 2670 1130 ob
2703 1091 2920 1130 causam
2954 1079 3148 1134 excidi.
3194 1080 3260 1132 At
3290 1095 3416 1134 vero
3458 1080 3617 1133 Chri-

2041 1174 2158 1217 stus
2211 1167 2639 1222 immortalitatis
2696 1168 2925 1237 ligutnn.
2962 1178 3016 1223 et
3048 1171 3209 1222 arhor
3239 1183 3455 1225 aeterna:
3495 1173 3618 1225 ritze

2040 1273 2198 1312 secus
2236 1258 2499 1313 decursus
2550 1275 2812 1329 aquarum
2863 1261 3140 1329 plantata,
3193 1278 3314 1316 cum
3370 1264 3425 1317 in
3479 1281 3618 1317 novo

2040 1345 2237 1400 divina:
2291 1347 2590 1416 Scripturaa
2648 1350 2900 1417 paradiso
2951 1351 3307 1418 apparuisset,
3367 1354 3619 1422 lignoque

2043 1439 2226 1491 crucis
2256 1451 2477 1507 pmpter
2520 1455 2605 1494 me
2637 1440 2825 1494 afﬁxus
2856 1441 3070 1507 fuisset,
3103 1452 3160 1494 ut
3205 1443 3359 1510 panis
3390 1445 3534 1504 vitze.
3565 1455 3619 1497 et

2044 1537 2102 1579 ut
2149 1529 2577 1585 immortalitatis
2626 1533 2832 1594 hotrus,
2877 1548 2980 1586 non
3026 1534 3198 1586 solum
3233 1538 3504 1586 concessit
3563 1546 3620 1586 nt

2049 1619 2395 1687 dignitatem,
2443 1639 2547 1689 qua
2590 1633 2753 1677 antea
2809 1625 3068 1693 praeditus
3124 1642 3296 1690 erant,
3349 1643 3620 1696 quamque

347 1735 526 1778 morte
556 1732 611 1778 et
643 1723 997 1789 corruptione
1027 1722 1342 1786 amiseram,
1389 1733 1791 1791 recuperarem,
1840 1717 1931 1770 sed
1971 1714 2136 1769 etiam
2178 1727 2234 1772 ut
2260 1720 2519 1786 praeclare
2556 1731 2817 1787 perpetuo
2850 1735 2946 1788 per
2976 1719 3132 1774 tidem
3197 1721 3457 1786 viverem,
3517 1721 3619 1774 lm-

347 1817 668 1872 manissime
694 1825 747 1868 et
776 1813 1155 1867 liberalissime
1181 1813 1401 1880 largitus
1433 1821 1536 1867 est.

426 1905 833 1974 Παραπλησίως
867 1906 924 1958 δὲ
964 1907 1061 1958 καὶ
1089 1908 1122 1974 ἡ
1170 1906 1410 1972 σωστιχὴ
1439 1903 1533 1956 τοῦ
1577 1901 1701 1956 Νῶε
1755 1902 1922 1954 κιϐω-

2095 1896 2222 1950 Pari
2269 1898 2431 1951 modo
2477 1906 2529 1952 et
2557 1911 2683 1951 arca
2736 1898 2864 1962 illa,
2915 1913 3036 1968 quae
3086 1899 3199 1954 Noe
3251 1906 3616 1961 conservavit.

345 1999 444 2058 τὸς
479 1998 541 2050 τὸ
561 1997 708 2050 κατὰ
743 1997 977 2066 σταυρὸν
1002 1996 1238 2059 είκὸνιξε
1275 1998 1418 2065 μέγα
1453 1996 1776 2066 μυστήριον,
1796 1998 1926 2064 ὁπη-

347 2091 483 2143 νίκα
533 2091 594 2142 τὸ
639 2088 734 2142 τοῦ
784 2090 991 2154 κόσμου
1059 2090 1261 2152 παντὸς
1324 2088 1603 2156 φεύγουσα
1651 2087 1928 2154 ναυάγιον,

351 2179 532 2248 μικρὰ
565 2179 790 2241 διέσωζε
842 2179 937 2231 τοῦ
1001 2179 1191 2247 γένους
1243 2179 1403 2248 ἡμῶν
1454 2178 1770 2248 σπέρματα,
1831 2177 1930 2240 τὴν

345 2271 448 2324 τοῦ
489 2272 702 2323 δικαίου
752 2271 922 2339 μόνην
954 2271 1158 2332 οἰκίαν,
1215 2274 1311 2325 καὶ
1335 2274 1392 2324 ὲν
1423 2269 1567 2324 ὀκτὼ
1619 2273 1733 2332 τοῖς
1793 2271 1927 2322 πᾶσι

351 2366 606 2429 λογικοῖς
631 2361 728 2430 τὴν
763 2362 1062 2417 ἀνάστασιν
1093 2363 1332 2431 Χριστοῦ
1364 2363 1699 2431 προετύπου,
1734 2361 1928 2430 ὀγδόην

351 2452 527 2508 οὖσαν
562 2455 665 2523 τὴν
693 2455 892 2522 αὐτὴν,
926 2453 1022 2507 καὶ
1051 2453 1302 2522 πρώτην,
1336 2454 1434 2506 καὶ
1469 2455 1600 2524 μίαν
1621 2455 1682 2506 τὸ
1716 2453 1933 2522 θαυμα-

351 2547 646 2614 στότερον·
685 2545 881 2614 ὀγδόην
901 2544 986 2597 διὰ
1026 2544 1126 2608 τὰς
1162 2545 1543 2615 προλαϐοῦσας
1572 2547 1651 2609 εἰς
1703 2549 1932 2616 πρόκαι-

355 2658 451 2711 ρον
476 2639 818 2701 παλινζωϊαν
840 2653 856 2668 ο
885 2638 1111 2709 πρώτην
1139 2639 1229 2691 διὰ
1283 2640 1384 2702 τὰς
1452 2638 1931 2700 ὲπακολουθούσας

349 2732 435 2794 είς
469 2729 733 2798 εὔκαιρον
783 2730 1063 2794 ἀειξωταν,
1102 2731 1195 2782 καὶ
1232 2730 1362 2800 μίαν
1389 2730 1477 2782 διὰ
1533 2729 1594 2782 τὸ
1653 2729 1930 2796 ἐξαίρετον

351 2822 456 2889 τῆς
487 2821 760 2891 ὲγέρσεως
811 2822 894 2874 ὅτι
925 2823 1117 2874 ἑαυτὸν
1162 2821 1494 2889 ἐξανέστησε
1523 2821 1685 2888 μόνος
1712 2820 1819 2871 τῶν
1836 2818 1930 2870 ἀπ’

355 2912 559 2973 αἰῶνος
593 2913 728 2979 ῆείς
757 2913 960 2975 αἰῶνας
1016 2913 1404 2981 ἐγειρομένων.
1467 2909 1614 2962 Ἔδει
1656 2909 1764 2975 γὰρ
1825 2909 1930 2962 κάν

354 3005 426 3071 τῇ
450 3003 822 3056 ἀναστάσειτι
857 3003 1000 3071 ὑπὲρ
1029 3004 1174 3074 ἡμᾶς
1234 3003 1400 3072 ἔχειν,
1459 3003 1552 3054 τὸν
1600 3003 1694 3054 καὶ
1738 3002 1796 3054 ὲν
1861 3002 1928 3070 τῇ

354 3094 616 3162 γεννήσει
669 3093 859 3145 τοῦτον
893 3092 1128 3146 λαϐόντα
1181 3095 1325 3145 θεῖον
1363 3091 1459 3144 τοῦ
1484 3091 1755 3143 Δεσπότου
1777 3089 1922 3155 ναὸν,

2033 1989 2211 2042 crucis
2263 1989 2490 2056 figurant
2545 1991 2751 2058 gessit,
2787 1993 3022 2057 {quando
3052 1995 3218 2048 totius
3250 1997 3435 2051 mundi
3465 2000 3618 2066 quasi

2034 2077 2374 2148 naufragium
2403 2089 2458 2134 et
2506 2081 2766 2134 diluvium
2802 2079 3084 2150 en‘ugiens,
3121 2086 3376 2154 exiguum
3405 2090 3629 2154 generis.

2034 2168 2252 2223 humani
2294 2186 2481 2226 semen
2522 2173 2730 2226 salvum
2763 2185 2818 2227 et
2849 2175 3118 2231 incolume
3155 2179 3421 2244 retinuit;
3451 2179 3617 2246 ,l'atni-

2033 2262 2158 2316 liam
2205 2263 2458 2316 nimirum
2506 2265 2636 2333 jn‘sti
2675 2265 2842 2329 illius,
2870 2275 2924 2320 et
2955 2282 3050 2331 per
3089 2277 3212 2322 octo
3245 2270 3455 2325 ratione
3487 2287 3621 2340 prae-

2034 2353 2172 2407 ditas
2190 2352 2401 2408 animas
2425 2357 2874 2409 resurrectionem
2913 2357 3116 2412 Christi
3144 2361 3620 2428 praesigniﬁcabat,

2034 2460 2152 2511 quae
2185 2454 2239 2497 et
2270 2445 2383 2512 ipsa
2425 2454 2615 2499 octava
2671 2455 2776 2509 eSI,
2812 2456 2867 2499 et
2895 2448 3090 2515 prima.
3137 2457 3192 2502 et
3221 2453 3366 2517 quod
3399 2451 3620 2505 mirabi-

2034 2535 2160 2598 lius,
2207 2536 2385 2590 unica.
2423 2536 2649 2602 Octava,
2686 2549 2907 2607 propter
2941 2539 3060 2592 illas
3114 2554 3236 2608 quae
3285 2542 3353 2595 ad
3408 2552 3622 2612 tempus

2034 2627 2214 2692 factm,
2268 2626 2320 2679 in
2368 2627 2533 2680 vitam
2566 2628 2989 2693 restitutiones;
3036 2630 3232 2698 prima,
3280 2640 3504 2699 propter
3535 2648 3618 2684 se—

2035 2731 2266 2790 quentes
2306 2737 2429 2790 qute
2462 2722 2527 2774 ad
2573 2722 2963 2790 sempiternam
3001 2725 3163 2778 vitam
3203 2726 3617 2795 adipiswndam

2033 2823 2269 2882 peractae
2302 2821 2450 2874 sunt,
2496 2823 2551 2866 et
2584 2825 2957 2884 peragentur;
3009 2831 3136 2880 una,
3169 2828 3391 2885 propter
3437 2819 3621 2887 singu—

2034 2901 2203 2954 larem
2235 2904 2606 2970 praestantiam
2633 2903 3002 2969 excitationis,
3033 2907 3159 2973 quia
3196 2908 3435 2975 seipsum
3469 2909 3620 2963 solus

2033 3008 2097 3050 ex
2134 2995 2386 3050 omnibus
2415 2996 2542 3059 illis,
2570 2996 2663 3065 qui
2695 2997 2764 3049 ah
2795 2999 2942 3052 omni
2993 2999 3314 3054 seculorum
3350 3003 3615 3056 memoria

2033 3087 2342 3141 resust-itati
2400 3099 2548 3153 sunt,
2604 3089 3220 3157 excitavit;oportebat
3270 3094 3416 3146 enim
3457 3103 3518 3147 ut
3564 3106 3620 3148 et

352 3191 450 3243 καὶ
482 3187 574 3240 διὰ
614 3187 775 3240 τοῦτο
817 3190 917 3256 μία
961 3187 1119 3257 ἢτοῦ
1177 3187 1428 3256 Σωτῆρος
1472 3187 1786 3248 ἀνάστασις,
1853 3183 1927 3245 ὡς

2038 3181 2090 3234 in
2125 3179 2530 3234 resurrectione
2572 3180 2777 3247 aliquid
2816 3194 2978 3248 supra
3011 3194 3359 3236 communem
3393 3197 3614 3237 cursum

353 3277 679 3340 πανσθενῶς
714 3278 1176 3348 αὑτουργηθεῖσα,
1219 3278 1315 3330 καὶ
1339 3278 1459 3327 κατ’
1488 3275 1742 3340 ἐξουσίαν
1798 3272 1932 3325 ἰδίαν

355 3371 527 3423 αὐτοῦ
557 3370 652 3425 καὶ
679 3371 909 3439 δύναμιν
938 3370 1277 3432 τελεσθεῖσα,
1314 3370 1374 3420 τὸ
1403 3367 1496 3419 τοῦ
1546 3365 1760 3427 πάθους
1795 3362 1932 3434 ὁμοῦ

351 3461 544 3513 καὶτὸ
587 3459 685 3512 τοῦ
741 3460 980 3515 θανάτου
1036 3457 1287 3512 ἑκούσιον
1349 3457 1692 3526 μιμουμένη,
1743 3455 1933 3525 ὥσπερ

353 3553 496 3620 δῆτα
519 3550 617 3603 καὶ
648 3550 800 3618 ἔλεγε
825 3551 954 3620 περὶ
1011 3549 1116 3618 μὲν
1150 3548 1247 3601 τοῦ
1291 3549 1500 3611 πάθους
1525 3548 1602 3617 τῷ
1633 3548 1930 3611 δικάζοντι·

355 3646 484 3697 Οὐκ
511 3639 672 3710 εἶχες
699 3642 992 3705 ἐξουσίαν
1033 3639 1178 3696 οὐδὲ
1207 3641 1360 3709 μίαν
1389 3641 1518 3694 κατ’
1549 3639 1714 3708 ἐμοῦ,
1766 3641 1820 3692 ει
1848 3639 1933 3708 μή

352 3752 458 3790 σοι
482 3730 562 3804 ἦν
592 3733 886 3802 δεδομένη
917 3733 1170 3788 ἄνωθεν.
1229 3733 1365 3802 Περὶ
1418 3732 1474 3784 δὲ
1519 3731 1617 3784 τοῦ
1677 3733 1932 3797 Θανάτου,

352 3830 454 3881 καὶ
475 3825 836 3886 ἀναστάσεως
854 3841 866 3854 ο
928 3823 1258 3886 Ἐξουσίαν
1307 3825 1424 3890 ἔχω
1455 3823 1646 3876 θεῖναι
1674 3823 1790 3889 τὴν
1817 3829 1937 3892 ψυ-

350 3919 478 3990 χήν
499 3935 642 3987 μου,
680 3916 779 3970 καὶ
814 3916 1114 3978 ἐξουσίαν
1138 3914 1255 3982 ἔχω
1283 3913 1493 3968 λαϐεῖν
1512 3913 1728 3982 αὑτήν.
1770 3912 1935 3966 Ἀλλά

353 4016 426 4081 τῇ
461 4013 561 4082 μιᾷ
592 4010 769 4081 ταύτῃ
796 4010 890 4062 καὶ
929 4009 1209 4075 ὑπερφυεῖ
1233 4009 1475 4077 ἑκάτερα
1510 4008 1934 4077 συναριθμεῖται

350 4103 423 4156 τά
443 4118 504 4154 τε
536 4100 746 4153 παλαιά
799 4099 896 4150 καὶ
949 4101 1020 4148 τα
1070 4097 1189 4162 νέα,
1235 4097 1303 4148 ἶν’
1352 4098 1645 4167 ἀμφότερα
1704 4096 1931 4166 τιμηθῇ,

353 4188 456 4242 καὶ
486 4191 559 4240 τὰ
603 4187 708 4256 μὲν
776 4185 855 4248 ὠς
907 4186 1072 4238 τύποι
1129 4185 1230 4252 τῆς
1286 4185 1572 4254 ἀληθείας,
1614 4187 1681 4239 τὰ
1734 4186 1812 4250 δὲ,
1861 4185 1937 4248 ὡς

350 4281 572 4342 εἰκόνες
621 4276 718 4330 τοῦ
780 4276 1090 4348 ἀρχετύπου
1148 4275 1402 4346 δοξασθῇ.
1462 4278 1551 4329 Διὸ
1593 4279 1687 4330 καὶ
1746 4278 1936 4348 πρώτη

351 4374 593 4440 γίνεται,
625 4370 723 4423 καὶ
752 4369 914 4438 ὀγδόη
948 4369 1302 4437 γνωρίζεται,
1337 4370 1437 4420 οὐκ
1469 4370 1630 4437 ὀγδόη
1683 4368 1741 4420 δὲ
1777 4370 1938 4438 μόνον

349 4465 385 4532 ἡ
422 4464 730 4533 τριήμερος
762 4459 859 4513 τοῦ
895 4462 1102 4530 Κυρίου
1167 4460 1488 4522 ἀνάστασις,
1549 4461 1685 4513 ἀλλὰ
1726 4461 1822 4513 καὶ
1876 4462 1935 4512 ὲν

2037 3281 2092 3325 et
2139 3271 2308 3340 legem
2364 3271 2589 3325 haheret
2647 3271 2759 3334 ille,
2815 3272 2905 3339 qui
2949 3273 3001 3324 in
3047 3282 3171 3325 ortu
3221 3288 3320 3329 suo
3367 3284 3616 3330 sanetum

2038 3363 2170 3416 illud
2213 3362 2422 3415 Domini
2458 3360 2712 3429 templmn
2745 3362 2974 3416 sortitus
3004 3362 3221 3419 fuerat:
3259 3379 3322 3419 ea
3357 3365 3426 3419 de
3455 3380 3618 3420 causa

2039 3454 2194 3509 uuica
2256 3467 2338 3510 ρει
2395 3455 2511 3510 hazc
2567 3452 2872 3508 Salvatoris
2925 3459 3296 3521 resurrectio,
3361 3467 3616 3527 tanquam

2036 3543 2402 3612 omnipotenti
2445 3545 2647 3598 virtute
2688 3553 2935 3613 peracta,
2985 3546 3316 3615 prepriaque
3348 3557 3620 3616 potestate

2037 3644 2087 3688 et
2123 3634 2376 3688 facultate
2412 3644 2648 3702 patrata,
2683 3635 2883 3703 quippe
2911 3650 3034 3704 quae
3078 3647 3128 3688 et
3160 3637 3427 3703 passionis
3459 3639 3618 3692 simul

2037 3735 2090 3778 et
2137 3725 2326 3778 mortis
2365 3723 2722 3776 voluntariam
2761 3725 3026 3778 rationem
3059 3726 3399 3791 imitaretur;
3425 3742 3616 3793 quem.-

2038 3815 2326 3867 atlmmlum
2374 3823 2429 3867 et
2482 3815 2547 3868 de
2593 3815 2844 3882 passione
2889 3831 2986 3868 sua
3026 3815 3163 3869 dixit
3197 3817 3262 3870 ad
3294 3819 3618 3884 przesidem:

2040 3903 2166 3958 Non
2195 3905 2410 3958 haberes
2439 3905 2606 3958 ullam
2651 3915 2959 3972 potestatem
2999 3907 3056 3960 in
3089 3923 3190 3972 me,
3227 3907 3330 3960 nisi
3366 3909 3462 3961 tibi
3491 3911 3618 3962 data

2039 4002 2227 4069 fuisset
2276 4001 2500 4067 desuper
2552 4000 2594 4052 ⁸.
2651 4000 2720 4052 At
2773 4002 2840 4052 de
2891 4010 3064 4053 morte
3112 4009 3167 4054 et
3214 4000 3620 4054 resurrectione.

2041 4094 2154 4145 haec
2201 4090 2636 4159 praenuntiavit:
2690 4088 3016 4152 Polestalem
3060 4091 3224 4143 lmbeo
3271 4107 3465 4158 ponere
3503 4099 3618 4144 ani-

2040 4199 2180 4235 mam
2217 4197 2409 4244 meam,
2467 4190 2516 4233 et
2567 4189 2878 4249 patestatem
2920 4182 3082 4233 habeo
3136 4181 3366 4246 recipere
3413 4198 3528 4234 eam
3572 4184 3613 4236 ⁷.

2039 4274 2306 4330 ϐαιιοιιιιιι
2341 4272 2432 4328 uni
2468 4271 2594 4327 huic
2624 4282 2678 4326 et
2722 4286 2934 4324 omnem
2972 4281 3217 4325 naturam
3251 4287 3616 4342 supergresszn

2041 4377 2270 4435 utraque
2319 4375 2697 4426 accenseutur,
2752 4373 2860 4417 tam
2915 4377 3093 4417 vetera
3142 4380 3304 4433 quam
3355 4381 3513 4427 nova,
3560 4378 3616 4418 ut

2040 4470 2268 4526 utraque
2330 4457 2709 4512 honorentur:
2767 4456 2880 4510 haec
2936 4457 3189 4523 quidem,
3255 4468 3309 4512 ut
3369 4459 3615 4512 veritatis

351 4555 517 4625 ὀγδόῃ
541 4555 767 4621 γέγονεν
798 4553 1005 4624 ἡμέρᾳ,
1030 4555 1096 4618 τῇ
1131 4551 1326 4625 πρώτῃ
1355 4555 1530 4624 ταύτῃ
1558 4553 1667 4606 τῶν
1686 4554 1930 4624 ἡμερῶν,

2040 4551 2267 4617 ﬁgurat;
2313 4549 2405 4604 illa
2439 4559 2643 4615 autem,
2683 4559 2738 4602 ut
2775 4549 3056 4619 archetypi
3107 4549 3391 4616 imagines.
3427 4550 3498 4602 Ea
3549 4552 3617 4602 de

354 4649 453 4699 καὶ
488 4649 593 4718 μιᾷ
618 4649 729 4702 τῶν
758 4647 1076 4711 Σασὸἀτων,
1114 4647 1183 4699 ἵν’
1219 4647 1410 4718 ὥσπερ
1451 4650 1671 4701 πάντων
1725 4647 1939 4719 ἀνθρώ-

355 4754 477 4790 πων
518 4737 959 4807 ὲπραγματεύθη
1024 4740 1136 4790 τῶν
1193 4741 1250 4790 ὲν
1304 4739 1542 4809 χρονικῴ
1587 4738 1939 4808 διαστήματι,

353 4827 516 4881 τοῦτο
540 4829 650 4897 γὰρ
687 4827 748 4880 τὸ
800 4829 1103 4898 τριήμερον
1167 4829 1440 4898 βούλεται,
1497 4827 1644 4881 οὕτω
1695 4831 1791 4880 καὶ
1845 4828 1939 4880 τὸν

361 4921 634 4989 μέλλοντα
666 4921 951 4991 διαγράψῃ
975 4921 1162 4988 σαφῶς
1191 4922 1365 4974 αἰῶνα
1399 4923 1540 4988 μετά
1569 4921 1668 4990 τὴν
1702 4919 1937 4972 ἐνταῦθα

357 5011 738 5080 ἑόδοματικὴν
783 5011 878 5063 τοῦ
905 5013 1103 5080 χρόνον
1152 5013 1425 5083 περίοδον,
1465 5011 1936 5079 ἀναφαινόμενον,

356 5103 457 5155 καὶ
512 5104 594 5166 εἰς
642 5103 771 5172 μίαν
837 5103 1140 5171 ἀνέσπερον
1214 5103 1667 5172 ὲπεκτεινόμενον
1716 5102 1934 5173 ἡμέραν

353 5191 487 5246 καθ’
524 5194 593 5262 ἢν
626 5193 1002 5261 ἀναστήσεται
1057 5195 1167 5246 πᾶν
1199 5193 1260 5246 τὸ
1289 5194 1540 5262 πλάσμα,
1579 5193 1640 5245 τὸ
1698 5195 1798 5264 μὲν
1843 5195 1935 5259 είς

352 5283 524 5351 ζωῆς,
572 5284 635 5338 τὸ
678 5283 736 5336 δὲ
805 5286 892 5350 εὶς
949 5285 1203 5351 κρίσεως
1247 5286 1676 5349 ἐξανάστασιν,
1732 5284 1849 5338 ἀλλ’
1897 5288 1932 5356 ἡ

357 5375 462 5444 μὲν
490 5374 730 5436 κιϐωτὸς
759 5373 1026 5427 οὖτιυ“τὺν
1051 5375 1292 5444 σταυρὸν
1344 5378 1439 5430 καὶ
1491 5375 1589 5446 τὴν
1641 5377 1711 5430 δι’
1767 5377 1930 5430 αὐτοῦ

350 5470 704 5536 ιταγκὸσμιον
731 5467 1099 5539 προδιετύπου
1148 5468 1448 5539 σωτηρίαν.

2036 4656 2200 4694 causa
2253 4641 2426 4708 prima
2455 4650 2558 4702 est,
2592 4651 2647 4693 et
2677 4651 2868 4693 octava
2920 4639 3248 4708 appellatur.
3299 4639 3485 4707 Neque
3519 4653 3612 4693 so-

2039 4733 2148 4785 lum
2191 4741 2381 4785 octava
2428 4740 2510 4783 est
2545 4729 2870 4783 resurrectio
2909 4726 3122 4783 Domini
3167 4729 3325 4783 tertio
3366 4729 3452 4783 die
3484 4745 3603 4799 per-

2033 4821 2198 4888 fecta,
2239 4822 2333 4876 sed
2384 4829 2439 4874 et
2484 4830 2678 4874 octavo
2722 4820 2810 4874 die
2861 4820 3106 4875 accidit:
3146 4821 3318 4889 prima
3359 4821 3610 4874 videlicet

2035 4913 2284 4976 dictum,
2334 4920 2387 4963 et
2441 4925 2543 4963 una
2597 4911 2995 4969 Sahbatnrum,
3053 4919 3110 4961 ιιι
3158 4911 3610 4976 quemadmodum

2036 5020 2133 5072 pro
2163 5005 2336 5057 salute
2379 5002 2618 5060 omnium
2672 5002 2973 5066 hominum,
3027 4999 3118 5067 qui
3153 5003 3411 5068 temporis
3446 5002 3608 5056 inter-

2034 5095 2180 5150 Vallo
2223 5093 2782 5154 circumscribuntur,
2837 5099 2920 5144 est
2977 5101 3229 5158 suscepta
3294 5090 3420 5160 (hoc
3464 5094 3612 5146 enim

2037 5189 2345 5246 triduanum
2397 5187 2628 5255 spatium
2688 5182 2938 5252 iudicat),
2996 5181 3069 5234 ita
3130 5184 3292 5236 etiam
3329 5186 3612 5251 perspicuo

2038 5279 2279 5332 futurum
2311 5277 2562 5331 sarculum
2594 5277 2864 5340 designet,
2915 5274 3057 5342 quod
3091 5282 3212 5344 post
3242 5276 3615 5345 septenariunt

2043 5371 2189 5430 hunc
2220 5370 2485 5438 temporis
2549 5366 2834 5421 circuitum
2860 5366 3104 5429 exsistet,
3137 5377 3188 5419 et
3217 5366 3284 5420 ad
3306 5383 3468 5420 unum
3525 5381 3617 5417 ve-

2038 5481 2212 5536 sperze
2243 5473 2520 5533 expertem
2573 5463 2712 5515 diem
2741 5460 3079 5526 extendetur,
3098 5474 3203 5529 quo
3255 5461 3430 5513 omnis
3456 5471 3605 5510 crea-

354 5569 476 5612 tura
513 5565 780 5626 resurget,
807 5556 998 5623 partim
1027 5555 1078 5608 in
1124 5560 1549 5614 resurrectionem
1581 5558 1716 5624 vim,
1757 5558 1950 5627 partim
1983 5559 2039 5613 in
2077 5556 2508 5612 resurrectionem
2554 5552 2750 5623 judicii
2783 5552 2826 5606 '.
2853 5551 2920 5629 Et
2970 5568 3092 5606 arca
3116 5550 3327 5621 quidem
3372 5551 3512 5604 hunc
3546 5549 3614 5604 iit

353 5656 572 5710 modum
609 5666 855 5714 crucem,
882 5664 1136 5719 eamque,
1167 5667 1286 5722 qum
1311 5668 1405 5721 per
1432 5669 1646 5709 crucem
1676 5657 1930 5712 omnibus
1965 5655 2204 5722 obvenit,
2235 5656 2462 5709 salutem
2493 5648 2892 5722 pra-ﬁgurabat.

373 5805 378 5809 ‘
425 5834 444 5864 ⁵
476 5829 632 5888 Joan.
668 5845 786 5896 xix,
832 5831 917 5884 ιι.
995 5831 1012 5861 ⁷
1049 5827 1208 5884 Joan.
1241 5847 1296 5900 x,
1337 5831 1416 5884 18.

1495 5831 1513 5864 '
1543 5830 1699 5889 Joau.
1734 5850 1784 5899 v,
1817 5834 1906 5888 9.9.
