4156 6304
512 287 614 357 183

499 497 675 566 imago
704 503 846 550 erat.
882 495 1017 550 Nam
1066 496 1320 553 Christus
1364 512 1489 554 vera
1532 502 1741 569 justitia
1773 510 1829 558 et
1858 503 2073 572 requies

500 602 596 656 per
623 589 826 659 lignum
868 591 1070 656 crucis,
1118 591 1188 645 ab
1222 591 1495 657 eluvione,
1543 609 1665 662 quae
1714 596 1817 650 sub
1868 596 2071 651 intelli-

499 681 737 751 gentiam
782 684 948 748 cadit,
997 691 1053 736 et
1080 697 1110 736 a
1160 693 1502 751 peccatorum
1536 686 1740 741 diluvio
1771 687 2071 743 humanum

501 786 674 834 genus
701 772 1069 838 pra'servavit,
1102 781 1336 842 tuncque
1378 775 1632 831 columba
1662 778 1763 833 sub
1795 794 2070 848 vesperam

500 866 567 915 ad
602 878 784 918 arcam
813 865 1060 929 revertit,
1121 880 1341 934 germen
1388 868 1544 923 oliva:
1579 869 1832 925 aliereus.
1865 872 1933 924 At
1955 870 2069 940 jam

500 969 633 1007 crux
668 955 871 1022 lignum
902 956 1287 1011 misericordia
1312 967 1363 1011 et
1391 957 1742 1029 benignitatis
1775 961 1930 1015 nobis
1951 975 2074 1016 esse

501 1046 685 1113 capit,
715 1061 874 1114 quam
919 1048 1399 1103 commiseratione
1434 1065 1560 1117 erga
1604 1066 1700 1106 nos
1745 1062 2069 1118 commotus,

503 1136 818 1193 Emmanuel
856 1139 907 1191 itt
956 1138 1061 1195 line
1089 1142 1270 1195 saeculi
1315 1143 1571 1210 suscepit.
1608 1142 1740 1196 Nam
1791 1145 1894 1200 hoc
1945 1146 2073 1198 mihi

505 1225 655 1290 illud,
688 1228 759 1279 ad
777 1242 1062 1292 vesperam,
1090 1229 1368 1284 insinuare
1397 1231 1628 1287 videtur.
1663 1231 1897 1301 Spiritus
1927 1244 2075 1288 certe

502 1328 721 1371 sanctus
758 1320 1062 1386 praedicans
1105 1336 1202 1388 per
1246 1335 1308 1376 os
1338 1316 1705 1391 apostolorum
1739 1326 1917 1378 crucis
1967 1324 2078 1377 dis-

503 1411 918 1474 pensationem,
969 1411 1350 1479 occultamque
1408 1417 1713 1476 rationem,
1767 1416 2076 1482 voluptates

505 1497 644 1558 illas,
698 1514 819 1568 qua:
869 1508 1039 1553 totum
1095 1512 1360 1557 terrarum
1409 1505 1595 1558 orbem
1649 1513 2074 1568 occupaverunt,

506 1593 825 1656 cxsiccavit,
857 1602 911 1647 et
936 1593 1225 1663 impietatis
1252 1595 1655 1651 inundationem
1684 1599 1969 1653 coercuit;

1631 298 1957 360 MACARII
1993 297 2619 362 CHRYSOCEPHALI

544 408 839 463 'Carterum
869 404 986 462 Noe
1024 412 1078 462 et
1111 407 1374 464 vocabulo
1401 417 1456 463 et
1486 411 1730 466 moribus
1778 412 2077 468 Salvatoris
2109 416 2151 472 Α

2264 419 2325 471 Ὀ
2350 417 2405 471 δὲ
2435 417 2557 470 Νῶε
2590 415 2684 469 καὶ
2734 413 2924 483 κλήσει
2978 411 3073 465 καὶ
3112 410 3300 481 τρόπῳ
3355 409 3450 463 τοῦ
3494 411 3757 479 Σωτῆρος

2180 506 2250 580 ἦν
2286 507 2702 580 προεικόνισμα.
2722 504 2955 576 Χριστὸς
2993 502 3101 572 γὰρ
3125 504 3157 572 ἠ
3182 501 3393 572 ἀληθὴς
3426 501 3753 573 δικαιοσύνη

2181 600 2277 656 καὶ
2307 602 2637 661 ἀνάπαυσις,
2680 596 2768 651 διὰ
2802 595 2965 661 ξύλου
3004 593 3238 664 σταυροῦ
3272 594 3369 646 τοῦ
3418 593 3616 662 νοητοῦ
3644 595 3756 647 διέ-

2182 690 2529 760 σωσενημᾶς
2569 688 2857 752 κλύδωνος,
2900 686 2995 740 καὶ
3024 683 3420 752 κατακλυσμοῦ
3461 684 3755 754 ἁμαρτιῶν

2178 782 2450 854 ἐρρύσατο
2486 781 2545 833 τὸ
2571 779 2934 848 ἀνθρώπινον,
2973 780 3069 831 καὶ
3098 776 3219 830 τότε
3258 776 3407 844 μὲνή
3444 779 3755 846 περιστερὰ

2181 873 2318 943 πρὸς
2353 870 2593 941 ἑσπέραν
2622 869 2865 938 ἐπὶιτὴν
2925 867 3158 921 κιϐωτὸν
3221 867 3489 936 ἐπανῆκε,
3542 869 3756 937 κάρᾳος

2182 965 2365 1026 ἐλαίας
2415 962 2737 1032 κομίζουσα.
2779 959 2893 1012 Νῦν
2927 960 2982 1012 δὲ
3014 958 3171 1023 ξύλον
3222 957 3375 1011 ἐλέου
3418 960 3515 1011 καὶ
3564 960 3755 1024 φιλανο

2182 1056 2428 1129 θρωπίας
2485 1055 2676 1122 γέγονε
2731 1055 2863 1121 ἡμῖν
2924 1051 3174 1118 σταυρὸς.
3229 1051 3286 1104 δν
3335 1052 3424 1103 διὰ
3477 1054 3575 1105 τὸν
3623 1057 3755 1123 περὶ

2182 1146 2330 1215 ἡμᾶς
2356 1141 2535 1197 οἶκτον
2569 1143 2597 1194 6
2630 1139 2981 1210 Ἐμμανουὴλ
3018 1139 3368 1205 κατεδέξατο,
3420 1142 3516 1193 ἐπὶ
3568 1159 3757 1193 συντεο

2182 1239 2300 1307 λείᾳ
2343 1236 2437 1289 τοῦ
2469 1234 2664 1297 αἰῶνος
2696 1249 2709 1263 ⁸
2747 1230 2905 1284 τοῦτο
2933 1232 3041 1298 γάρ
3070 1248 3162 1297 μοι
3184 1230 3244 1281 τὸ
3301 1232 3450 1298 πρὸς
3484 1232 3758 1297 ἑσπέραν

2184 1332 2324 1383 νοεῖν
2345 1327 2552 1381 δίδωσι.
2587 1324 2699 1379 Καὶ
2732 1323 2790 1375 τὸ
2821 1321 3047 1390 Πνεῦμα
3069 1321 3127 1373 δὲ
3160 1320 3223 1373 τὸ
3281 1321 3440 1389 ἅγιον
3485 1323 3758 1390 κηρύττον

2185 1422 2271 1475 διὰ
2298 1420 2582 1489 στόματος
2613 1414 2724 1469 τῶν
2762 1412 3077 1466 ἀποστόλων
3106 1410 3205 1481 τὴν
3243 1410 3330 1464 διὰ
3355 1405 3591 1481 σταυροῦ
3620 1415 3767 1466 οἱκο-

2184 1511 2400 1581 νομίαν,
2427 1508 2524 1570 τὰς
2557 1505 2659 1560 ἀνὰ
2708 1505 2892 1558 πᾶσαν
2924 1504 3024 1570 τὴν
3071 1502 3175 1571 γῆν
3204 1505 3511 1572 κεχυμένας
3564 1504 3762 1572 ἡδονὰς

2187 1600 2548 1671 κατεξήρανε,
2581 1598 2673 1651 καὶ
2702 1594 3016 1649 κατέπαυσε
3052 1593 3144 1645 τὸν
3174 1593 3275 1660 τῆς
3306 1589 3561 1653 ἀσεϐείας
3584 1609 3763 1645 κατι-

2187 1696 2286 1746 κλυ
2297 1693 2455 1760 σμόν.

582 1769 764 1838 Neque
809 1770 1033 1825 historia
1063 1772 1128 1825 de
1171 1771 1482 1825 Abrahamo
1524 1774 1763 1828 omnium
1800 1790 1896 1830 ore
1947 1776 2086 1831 cele-

2257 1756 2377 1835 066‘
2409 1783 2442 1851 ἡ
2473 1781 2615 1833 κατὰ
2634 1777 2726 1829 τον
2767 1775 3023 1845 Ἀϐραὰμ
3056 1774 3388 1844 ἁξιύμνητοε
3419 1773 3633 1841 ἱστορία
3659 1774 3758 1836 τῆς

510 1860 714 1916 branda
759 1871 810 1917 et
855 1861 1063 1933 gratiae,
1119 1877 1238 1930 quae
1271 1878 1338 1917 ex
1386 1878 1551 1918 cruce
1593 1866 1893 1932 enascitur,
1930 1867 2090 1935 plane

510 1963 596 2007 est
621 1966 841 2022 expers.
890 1952 987 2008 ille
1035 1954 1179 2008 enim
1233 1954 1403 2009 illium
1446 1957 1803 2024 unigenitum,
1854 1971 1919 2012 ex
1966 1972 2093 2026 proo

511 2045 773 2099 missione
818 2054 1156 2112 susceptum,
1204 2054 1259 2099 et
1292 2047 1347 2100 in
1379 2061 1538 2115 quem
1574 2047 1890 2116 promissio,
1936 2048 2094 2102 velut

514 2135 569 2188 in
621 2134 915 2189 terminum
965 2134 1239 2203 tendebat,
1285 2136 1351 2189 ad
1388 2137 1589 2191 caulem
1622 2136 1874 2201 ducebat,
1906 2146 1961 2191 et
1990 2137 2095 2191 int.-

518 2224 727 2278 molare
752 2223 1078 2292 festinabat;
1102 2225 1290 2292 jussus
1311 2225 1338 2278 εἰ
1364 2226 1491 2292 Deo,
1513 2227 1748 2292 volente,
1784 2227 2000 2296 opinor,
2033 2236 2092 2281 ut

513 2319 678 2373 etiam
708 2319 839 2388 justi
874 2319 1036 2387 hujus
1059 2333 1186 2388 erga
1232 2318 1403 2373 Deum
1437 2320 1613 2388 pietas
1640 2327 1693 2373 ct
1719 2320 2090 2384 observantia,

514 2411 663 2464 omni
691 2410 996 2480 posteritati
1021 2451 1035 2473 ,
1065 2411 1313 2480 quamvis
1339 2415 1515 2476 'serae,
1553 2410 1896 2465 admirationi
1928 2417 2091 2474 esset,

513 2517 570 2559 σοι
594 2516 653 2559 ut
679 2505 1002 2560 sacriﬁcium
1031 2504 1160 2557 illud
1192 2519 1292 2572 pro
1328 2505 1490 2557 totius
1528 2487 1712 2558 mundi
1767 2503 1940 2558 salute
1974 2518 2096 2573 per-

515 2596 783 2664 agendum
814 2595 1144 2659 ﬁrmaretur,
1165 2595 1514 2659 sacriﬁcium,
1537 2596 1780 2662 inquam,
1808 2596 1959 2659 illud,
1990 2610 2097 2665 quo

520 2684 839 2740 mactandos
869 2693 986 2739 erat
1009 2684 1191 2756 Agnus
1218 2686 1305 2740 ille
1332 2686 1599 2741 innocuus
1619 2697 1676 2742 et
1695 2686 2096 2752 immaculatus,

518 2779 610 2846 qui
647 2776 782 2832 tollit
812 2786 1030 2845 precata
1054 2777 1237 2831 mundi
1261 2793 1277 2844 ;
1303 2785 1357 2830 et
1380 2785 1439 2830 ut
1460 2777 1513 2829 id
1541 2777 1682 2844 quod
1706 2792 1913 2832 merum
1940 2778 2099 2832 bene-

524 2867 705 2921 licium
733 2874 871 2930 erat,
904 2865 1060 2934 quasi
1094 2864 1335 2919 debitum
1367 2864 1635 2931 quoddam
1672 2866 1830 2922 nobis
1860 2867 2098 2921 clemen-

525 2972 608 3014 ter
639 2968 1054 3035 repmsentaret
1082 2968 1136 3012 et
1167 2959 1704 3026 praedemonstraret,
1736 2969 1900 3028 atque
1933 2959 2098 3014 simul

524 3048 893 3118 patriarcham
942 3056 997 3102 et
1044 3046 1260 3101 virtutis
1307 3060 1694 3114 possessorem.
1734 3056 1790 3103 et
1829 3047 1949 3103 fidei
1984 3064 2099 3103 tna—
2126 3082 2169 3138 ο

525 3141 776 3209 gistrum,
799 3147 853 3193 et
875 3137 1095 3191 maximi
1120 3138 1361 3193 muneris
1386 3147 1660 3193 auctorem
1685 3140 2095 3208 pronuntiaret;

523 3242 586 3285 nt
617 3233 717 3285 hac
742 3230 954 3285 ratione
977 3231 1369 3285 exsecrandum
1393 3230 1589 3285 diaboli
1619 3244 1682 3285 os
1701 3230 2099 3295 obstrueretur,

525 3326 619 3395 qui
656 3337 766 3379 non
796 3323 954 3379 modo
981 3337 1077 3392 per
1109 3321 1390 3377 Judaicam
1420 3323 1779 3393 impietatem,
1812 3325 1905 3379 sed
1926 3334 1982 3379 et
2006 3339 2101 3394 per

523 3416 837 3475 Graécorum
872 3413 1263 3484 gentiliumque
1290 3416 1723 3482 perversitatem,
1749 3426 1803 3469 et
1826 3431 1925 3485 per
1954 3416 2102 3485 ipsos

526 3507 647 3561 falsi
708 3507 948 3563 nominis
1003 3505 1345 3561 Christianos
1376 3505 1683 3568 haereticos,
1735 3506 1900 3559 divini
1947 3507 2099 3561 verbi

526 3598 891 3655 oeconomiam
929 3605 985 3651 et
1032 3596 1488 3663 dispensationem
1528 3607 1774 3651 evertere
1803 3598 2010 3651 nititur.
2042 3598 2100 3652 Si

528 3691 673 3742 enim
730 3688 893 3743 homo
942 3701 1009 3742 eo
1062 3701 1188 3756 erga
1236 3686 1406 3741 Deum
1454 3688 1657 3742 amoris
1709 3690 1992 3758 processit,
2044 3698 2103 3742 ut

529 3780 764 3837 voluerit
814 3778 982 3834 lilium
1033 3793 1189 3834 suum
1240 3778 1312 3843 ei,
1368 3793 1400 3834 ιι
1445 3794 1556 3849 quo
1590 3780 1740 3833 illum
1795 3793 2102 3850 acceperat,

2190 1875 2335 1927 κατὰ
2360 1874 2450 1926 τὸν
2481 1869 2718 1940 σταυρὸν
2751 1866 2967 1929 πάντως
3026 1868 3257 1935 ἄμοιρος
3319 1867 3563 1934 χάριτος.
3630 1865 3759 1916 Υἰον

2190 1966 2302 2037 γὰρ
2335 1966 2544 2026 ἐκεῖνος
2578 1960 2673 2014 τὸν
2706 1956 2997 2030 μονογενῆ,
3036 1955 3126 2007 τὸν
3153 1957 3218 2008 ὲκ
3245 1955 3341 2023 τῆς
3398 1953 3758 2019 ἐπαγγελίας,

2190 2060 2285 2112 καὶ
2316 2057 2394 2120 είς
2434 2053 2555 2122 δνή
2623 2048 2948 2117 ἐπαγγελία,
3017 2045 3153 2114 πρὸς
3220 2046 3434 2113 σφαγὴν
3487 2039 3612 2113 ἦγε,
3664 2044 3764 2095 καὶ

2196 2147 2348 2202 θύειν
2386 2143 2635 2206 ἔσπευδε,
2668 2140 2827 2193 τοῦτο
2878 2136 3029 2207 παρὰ
3075 2134 3212 2188 Θεοῦ
3264 2133 3596 2198 κελευσθεὶς,
3624 2133 3764 2197 ,ἑθέ-

2190 2242 2397 2301 λοντος,
2422 2233 2574 2306 οἶμαι
2606 2233 2702 2286 καὶ
2733 2232 2849 2293 τοῖς
2885 2228 3029 2298 μετὰ
3063 2226 3266 2288 πολλὰς
3306 2225 3505 2293 γενεὰς
3546 2223 3763 2288 ἀνθρώ.

2193 2349 2317 2393 ποις
2340 2329 2440 2399 τὴν
2474 2325 2569 2379 τοῦ
2591 2322 2801 2378 δικαίου
2855 2316 3236 2390 θαυμάζεσθαι
3266 2315 3395 2385 περὶ
3425 2314 3586 2368 αὐτὸν
3612 2314 3765 2366 εὐσέ-

2195 2423 2370 2483 ϐειαν,
2398 2419 2492 2472 καὶ
2519 2413 2849 2487 βουλομένου
2870 2411 2932 2463 τδ
2956 2410 3255 2480 μυστήριον
3278 2404 3764 2477 προπιστὼσασθαι

2194 2514 2295 2581 τῆς
2318 2506 2666 2577 παγκοσμίου
2710 2502 2925 2567 θυσίας,
2987 2502 3083 2570 τῆς
3148 2500 3290 2568 ὑπὲρ
3342 2498 3502 2567 ἡμῶν
3550 2496 3765 2565 σφαγῆς

2195 2603 2291 2655 τοῦ
2316 2601 2553 2671 ἀμώμου
2581 2597 2677 2650 καὶ
2708 2594 2939 2648 ἀσπίλου
2981 2590 3183 2661 Ἀμνοῦ
3210 2588 3305 2643 τοῦ
3353 2588 3606 2657 αἴροντος
3662 2585 3763 2654 τὴν

2197 2692 2474 2762 ἁμαρτίαν
2533 2687 2626 2740 τοῦ
2660 2684 2888 2753 κόσμου,
2922 2683 3017 2735 καὶ
3063 2681 3139 2744 ὡς
3170 2680 3390 2748 ὄφλημα
3416 2679 3512 2746 τὴν
3540 2678 3763 2745 εὐεργεο

2200 2779 2324 2832 σίαν
2355 2775 2647 2839 ἀποδεῖξαι
2672 2772 3176 2841 φιλευσπλάγχνως,
3204 2768 3271 2820 ἵν’
3298 2767 3414 2836 ἅμα
3446 2767 3542 2818 καὶ
3568 2767 3769 2834 ἀρετῆς

2200 2869 2512 2941 κληρωτὴν,
2568 2866 2663 2918 καὶ
2719 2864 2956 2924 πίστεως
3003 2860 3343 2922 διδάσκαλον,
3408 2860 3503 2911 καὶ
3559 2857 3767 2925 δωρεᾶς

2199 2960 2300 3029 τῆς
2334 2956 2601 3025 μεγίστης
2640 2952 2885 3023 ἀρχηγὸν
2915 2951 3006 3003 τὸν
3032 2950 3375 3019 πατριάρχην
3432 2947 3767 3017 ἀνακηρύξῃ,

2200 3055 2296 3107 καὶ
2334 3049 2506 3110 οὕτως
2536 3048 2794 3118 ἐμφραγῇ
2832 3044 2893 3096 τὸ
2925 3042 3120 3113 μιαρὸν
3167 3040 3418 3095 διαϐόλου
3460 3040 3656 3107 στόμα,
3704 3038 3766 3090 οὐ

2204 3146 2294 3199 διὰ
2333 3144 2431 3213 τῆς
2470 3138 2766 3207 Ἰουδαϊκῆς
2793 3136 2953 3206 μόνον
2999 3131 3318 3202 θεομαχίας,
3370 3133 3502 3184 ἀλλὰ
3558 3131 3651 3184 καὶ
3701 3129 3770 3181 δι’

2215 3235 2559 3307 Ἑλληνικῆς,
2582 3233 2678 3286 καὶ
2725 3229 2796 3281 δι’
2846 3227 3029 3281 αὐτῶν
3075 3227 3138 3296 δὴ
3203 3226 3311 3278 τῶν
3365 3221 3771 3293 ψευδοχριστῶν

2204 3326 2498 3398 αἱρετικῶν
2546 3323 2645 3392 τὴν
2698 3317 3010 3386 οἰκονομίαν
3057 3315 3472 3384 ἀνατρέποντος.
3547 3312 3610 3364 Ei
3657 3313 3769 3381 γὰρ

2203 3421 2489 3489 ἄνθρωπος
2518 3414 2596 3475 είς
2647 3410 2805 3463 τοῦτο
2854 3408 3131 3476 φιλοθεῖας
3178 3403 3363 3477 ἦλθεν,
3399 3405 3474 3468 ὡς
3530 3406 3624 3456 καὶ
3679 3403 3772 3455 τὸν

2209 3514 2320 3566 υἱον
2348 3509 2508 3563 θῦσαι
2534 3504 2610 3575 τῷ
2638 3501 2891 3554 δεδωκότι
2955 3497 3094 3566 Θεῷ,
3146 3497 3262 3559 πῶς
3317 3497 3417 3549 οὐκ
3468 3493 3691 3561 ἔμελλεν
3739 3494 3771 3546 6

2209 3597 2551 3670 ύπεράγαθος
2607 3592 2765 3665 ἡμῶν
2809 3589 3152 3660 Δημιουργδς
3226 3587 3315 3639 διὰ
3360 3584 3772 3654 φιλανθρωπίας

2210 3694 2445 3748 ἄϐυσσον
2480 3672 2623 3755 ὑπὲρ
2648 3684 2747 3751 τῆς
2778 3678 3165 3749 οἰκουμενικῆς
3192 3677 3475 3748 σωτηρίας
3528 3676 3621 3727 τὸν
3663 3675 3778 3727 Μοι-

2210 3779 2401 3849 νογενῆ
2423 3775 2605 3829 δοῦναι
2636 3790 2652 3840 ;

530 3873 836 3936 inmolare,
857 3871 1128 3940 quomodo
1153 3869 1269 3924 fieri
1298 3876 1531 3940 poterat,
1556 3880 1614 3925 ut
1638 3871 2092 3928 clementissimus
2125 3881 2179 3928 et.
2219 3867 2642 3939 benignissimus
2705 3870 2890 3917 noster
2955 3857 3229 3920 conditor,
3278 3854 3485 3908 infinita
3546 3866 3643 3907 sua
3672 3851 3777 3906 tui-

533 3963 831 4021 sericordia
864 3963 1151 4034 impulsus,
1205 3978 1313 4019 non
1343 3962 1564 4019 oiierret
1597 3979 1694 4033 pro
1729 3965 1891 4021 totius
1919 3967 2104 4022 mundi
2144 3966 2315 4022 salute
2348 3959 2688 4031 unigenitum
2715 3972 2869 4008 suum
2904 3949 3148 4007 Filium?

603 4058 876 4114 Abraham
910 4056 1130 4127 quidem
1167 4055 1393 4124 figuram
1430 4057 1674 4112 caelestis
1724 4056 1924 4123 Patris,
1967 4059 2108 4127 ejus-

534 4161 641 4216 que
669 4147 720 4201 in
766 4162 868 4203 nos
900 4145 1289 4203 benevolentiae
1336 4162 1556 4216 gerens,
1605 4146 1909 4205 adducebat
1938 4148 2106 4203 lilium

534 4254 695 4295 suum
716 4238 889 4305 lsaac,
920 4238 1009 4307 qui
1039 4238 1201 4307 lignis
1229 4241 1282 4294 in
1313 4238 1568 4294 humeros
1594 4240 1830 4306 acceptis
1854 4277 1869 4302 ,
1899 4248 2107 4307 patrem

418 4330 425 4333 ⁷
536 4328 888 4397 sequebatur,
921 4328 1100 4382 crucis
1131 4329 1422 4397 imaginem
1467 4330 1805 4397 exprimens,
1836 4336 1890 4382 et
1922 4325 2109 4382 Jesum

537 4433 718 4473 meum
767 4417 834 4472 ad
875 4417 1149 4487 passionis
1177 4417 1361 4472 locum
1415 4419 1703 4472 abeuntem
1738 4417 2108 4484 adumbrans;

538 4512 851 4583 nnigenitus
893 4508 1036 4564 enim
1080 4506 1255 4564 Filius
1300 4518 1383 4564 est
1429 4509 1573 4565 unici
1611 4507 1810 4572 Patris,
1845 4509 2111 4579 principio

537 4603 801 4666 carentis,
825 4611 880 4656 et
913 4601 1087 4656 unicae
1118 4599 1309 4654 matris
1352 4603 1644 4656 secundum
1687 4601 1867 4657 carnis
1906 4613 2107 4670 ortum,

472 4720 479 4727 -
538 4706 886 4760 uocemque,
912 4690 964 4744 in
997 4690 1252 4745 humeros
1280 4689 1570 4756 sublatam,
1602 4690 1852 4759 bajulatts
1881 4703 2106 4748 mortem

538 4783 688 4836 illam
721 4783 789 4838 ab
821 4782 1074 4837 omnibus
1108 4783 1474 4848 decantatnm,
1530 4784 1700 4838 nostri
1736 4800 1899 4839 causa
1950 4786 2112 4840 susti-

543 4873 680 4929 nuit.
709 4874 882 4929 Porro
911 4874 1061 4929 Isaac
1087 4871 1439 4942 impatibilem
1479 4874 1821 4931 divinitatem
1870 4876 2107 4931 insinua-

544 4969 642 5030 vii,
669 4968 852 5022 divino
880 4967 1135 5023 mandato
1160 4967 1312 5036 {mori
1351 4968 1654 5036 prohibitus
1683 4986 1698 5035 ;
1726 4969 1898 5024 ariete
1930 4978 2110 5024 autem

545 5058 852 5112 huntuttitas
892 5058 1320 5128 signiﬁcabatur,
1369 5066 1424 5114 et
1472 5074 1618 5114 tnors
1665 5075 1826 5129 quam
1858 5060 2112 5117 Christus

544 5148 840 5203 secundum
876 5148 1161 5203 humanam
1215 5160 1461 5205 naturam
1495 5150 1680 5205 subiit.
1716 5149 1928 5206 Etenim
1975 5152 2109 5204 sicut

545 5240 652 5293 oris
705 5238 774 5290 ad
819 5241 1131 5293 occisionem
1176 5240 1366 5296 ductus
1395 5250 1497 5307 est,
1538 5254 1588 5297 et
1633 5253 1689 5297 ut
1727 5259 1894 5313 agnus
1938 5259 2115 5297 coram

549 5330 797 5382 tondente
822 5342 878 5381 se
907 5326 1167 5381 obmutuit
1196 5330 1239 5383 '.
1273 5330 1341 5385 At
1376 5330 1557 5398 planta
1624 5330 1797 5387 Sahec
1844 5332 1984 5386 idem
2032 5340 2115 5385 est

548 5420 692 5489 quod
724 5420 907 5489 planta
967 5417 1323 5485 remissionis,
1362 5434 1464 5475 nec
1498 5420 1644 5475 aliud
1678 5421 1872 5487 innuit,
1916 5428 2119 5490 praeter

548 5526 787 5579 crucem,
849 5525 954 5580 qua
1008 5509 1378 5566 remissionem
1432 5522 1780 5580 peccatorum
1839 5511 2115 5569 consecuti

628 5688 648 5721 ’
690 5688 790 5743 Ian.
839 5706 950 5753 t.ttt,
1005 5686 1053 5747 Ἰ,

2284 4053 2581 4110 Ἐντεῦθεν
2606 4048 2793 4103 λοιπὸν
2821 4048 2849 4099 6
2891 4044 2988 4113 μὲν
3042 4039 3295 4112 Ἀϐραὰμ
3337 4039 3436 4109 τὴν
3491 4036 3585 4090 τοῦ
3638 4034 3772 4089 Θεοῦ

2214 4147 2425 4218 Πατρδς
2461 4138 2813 4213 σχηματίζων
2865 4135 3114 4189 εὐδοκίαν
3157 4131 3406 4202 προσῆγε
3430 4130 3522 4182 τὸν
3566 4127 3772 4218 Ἰσαὰκ,

2211 4239 2240 4290 6
2298 4217 2428 4297 παῖς
2484 4232 2568 4297 δὲ,
2599 4230 2665 4282 τὰ
2714 4227 2846 4292 ξύλα
2893 4223 3336 4294 ὲπωμισάμενος,
3397 4220 3585 4273 εἵπετο
3640 4217 3778 4301 μετὰ

2212 4326 2306 4381 τοῦ
2338 4324 2565 4394 πατρὸς,
2594 4321 2687 4374 καὶ
2723 4316 2958 4386 σταυροῦ
2985 4314 3152 4367 τύπον
3177 4313 3372 4377 ἔσωζε,
3397 4310 3493 4364 καὶ
3520 4310 3612 4362 τὸν
3642 4310 3774 4378 ἐμὸν

2225 4414 2435 4487 Ἰησοῦν
2466 4411 2761 4483 ἐρχόμενον
2803 4408 2896 4460 ἐπὶ
2945 4405 3006 4459 τὺ
3028 4405 3198 4467 πάθος
3224 4402 3456 4466 είκόνιζε
3489 4417 3505 4432 ·
3545 4401 3782 4467 Μονογε-

2215 4508 2312 4576 νὴς
2340 4507 2447 4575 γὰρ
2478 4504 2640 4573 μόνου
2676 4498 2887 4569 ιιατρδς
2907 4497 3147 4566 ἁνάρχου
3180 4496 3276 4547 καὶ
3314 4493 3482 4563 μόνης
3546 4492 3779 4560 μητέρος

2210 4599 2273 4652 τὸ
2304 4597 2445 4651 κατὰ
2478 4595 2660 4665 σάρκα
2725 4589 3075 4660 γεγέννηται,
3135 4586 3229 4640 καὶ
3273 4584 3363 4637 τὸν
3422 4583 3651 4650 σταυρὸν
3703 4580 3779 4643 ὡς

2211 4690 2520 4759 ὲπωμάδιον
2593 4686 2731 4756 ἔχων
2785 4684 2876 4734 τὸν
2949 4679 3194 4748 ἀοίδιμον
3249 4675 3516 4739 ἑκουσίως
3570 4673 3781 4737 ὑπέστη

2212 4781 2281 4835 δι’
2310 4780 2456 4850 ἡμᾶς
2478 4776 2729 4831 θάνατον.
2765 4772 2916 4840 Πλὴν
2949 4771 2978 4823 6
3019 4770 3119 4837 μὲν
3178 4768 3366 4820 Ἰσαὰκ
3416 4765 3514 4835 τῆς
3542 4761 3785 4823 ἀπαθοῦς

2212 4870 2466 4938 θεότητος
2495 4867 2664 4928 τύπος
2710 4864 2950 4931 ἐγένετο,
3012 4861 3106 4912 καὶ
3150 4859 3272 4925 θείᾳ
3322 4859 3472 4926 φωνῇ
3527 4854 3781 4923 θνήσκειν

2218 4961 2513 5015 ὲκωλύετο³
2536 4957 2614 5026 τῷ
2646 4954 2786 5024 κριῷ
2809 4954 2865 5005 δὲ
2892 4953 2926 5021 ἡ
2981 4948 3335 5019 ἀνθρωπότης
3367 4943 3640 5014 ἐδηλοῦτο,
3661 4974 3667 4981 -
3686 4942 3783 4994 καὶ

2218 5056 2246 5107 ὁ
2269 5054 2387 5104 κατ’
2416 5049 2586 5116 αὐτὴν
2611 5042 2847 5115 Χριστοῦ
2882 5042 3126 5101 θάνατος.
3162 5037 3261 5102 Ὣς
3318 5037 3617 5102 πρόϐατον
3672 5033 3784 5099 γὰρ

2217 5145 2312 5199 ἐπὶ
2345 5140 2589 5211 σφαγὴν
2617 5137 2797 5204 ἤχθη,
2845 5135 2941 5187 καί
2978 5133 3059 5197 ὡς
3109 5130 3300 5199 ἀμνὸς
3346 5125 3626 5180 ἐναντιον
3675 5121 3783 5176 τοῦ

2214 5238 2522 5304 κειραντος
2578 5230 2838 5296 ἄφωνος.
2887 5223 2961 5278 Τὸ
3014 5223 3072 5276 δὲ
3137 5221 3302 5290 φυτὸν
3363 5218 3562 5280 Σαϐὲκ,
3618 5215 3783 5304 φυτὸν

2212 5298 2456 5395 ἀφέσεως
2488 5320 2769 5392 σημαίνει,
2817 5318 2953 5386 ὅπερ
3007 5313 3155 5367 ἐστὶν
3212 5314 3240 5365 6
3294 5309 3548 5377 σταυρὸς,
3600 5306 3669 5358 δι’
3720 5298 3782 5358 οὗ

2214 5421 2403 5486 ἄφεσις
2458 5409 2873 5482 ἁμαρτημάτων
2933 5403 3253 5473 δεδώρηται.
3323 5399 3480 5454 Οὕτω
3554 5397 3609 5486 δε
3687 5395 3784 5486 καὶ

2227 5484 2655 5575 Ἐζεκιὴλῦδωρ
2716 5501 2963 5568 ἀφέσεως
3025 5496 3083 5547 τι
3140 5487 3534 5563 προτυποῦντὶι
3592 5484 3782 5554 {Bantia
