4132 6294
300 348 393 417 185

1282 355 1363 414 1N
1406 356 2002 417 EXALTATIONEM
2040 362 2102 421 S.
2143 364 2438 426 GBUCIS.

3427 366 3525 431 186

292 484 499 539 σματος
532 466 677 537 ῦδωρ
703 464 945 519 ἐκάλεσε.
1004 468 1107 520 Δύο
1135 468 1242 539 γάρ
1267 469 1382 521 ἐστι
1412 471 1479 525 τὰ
1526 472 1853 541 χαριζόμενοι

1970 494 2165 533 sumus.
2199 479 2315 543 Quo
2344 494 2503 533 sensu
2546 479 2794 535 Ezechiel
2843 493 3059 549 quoque
3097 493 3289 549 aquam
3336 482 3528 533 remis-

295 561 400 614 τῶν
435 559 840 629 ἁμαρτημάτων
873 559 971 628 τὴν
1000 560 1218 628 ἄφεσιν,
1267 563 1434 624 πάθος
1487 562 1574 615 διὰ
1621 564 1853 631 Χριστὸν

302 653 393 705 καὶ
455 651 729 719 βάπτισμα
783 652 845 702 τὺ
903 652 1207 720 σωτήριον’
1267 653 1360 706 καὶ
1412 653 1543 720 γοῦν
1613 654 1854 721 Ἀϐραὰμ

304 743 721 810 ἠγαλλιάσατο,
760 742 864 794 ἵνα
894 741 991 809 ιδῃ
1016 742 1125 807 τὴν
1174 743 1402 810 ἡμέραν
1441 746 1547 799 τοῦ
1606 748 1854 812 Κυρίου,

309 834 399 886 καὶ
446 830 562 886 εἶδε
618 833 908 895 τυπικῶς,
951 834 1049 886 καὶ
1105 834 1311 903 ἐχάρη,
1384 841 1596 904 ἡμέραν
1655 838 1854 906 δηλαδὴ

307 929 395 995 τὴν
426 925 515 977 τοῦ
548 924 763 987 πάθους
799 923 895 976 καὶ
947 926 1046 990 τῆς
1082 926 1450 989 ἀναστάσεως.
1503 928 1720 995 Ἐπειδὴ
1748 928 1856 980 ὧσ-

305 1018 458 1087 περή
511 1017 702 1085 Σάρρα
754 1017 1051 1084 τριήμερον
1116 1016 1255 1083 μετὰ
1296 1017 1394 1086 τὴν
1439 1018 1631 1071 Θυσίαν
1681 1020 1857 1080 ζῶντα

297 1106 688 1177 παραλαϐοῦσα
723 1108 816 1158 τὸν
861 1107 1048 1159 Ἰσαὰκ
1073 1108 1419 1176 εὐφραίνετο,
1465 1108 1687 1177 οὕτωςή
1736 1111 1860 1164 Ἐκ-

295 1199 487 1263 κλησία
518 1199 830 1267 τριήμερον
877 1199 1014 1267 μετὰ
1044 1200 1135 1251 τὸν
1164 1200 1395 1267 σταυρὸν
1430 1199 1605 1264 ζῶντα
1635 1201 1725 1253 τὸν
1757 1202 1859 1269 ’1η-

293 1290 416 1343 σοῦν
439 1284 573 1349 εἶδε,
608 1290 704 1340 καὶ
738 1288 936 1358 ἐχάρη,
966 1289 1062 1342 καὶ
1096 1288 1195 1354 τὴν
1251 1290 1427 1357 χαρὰν
1457 1290 1629 1356 αὐτῆς
1680 1291 1858 1352 οὐδεὶς

293 1380 588 1446 ἀφελέσθαι
616 1380 866 1431 δύναται.
909 1378 1061 1430 Ἐπεὶ
1091 1379 1147 1431 δὲ
1193 1380 1283 1430 καὶ
1317 1380 1376 1430 τὺ
1399 1381 1495 1447 τῆς
1526 1382 1857 1447 ἐπαγγελίας

291 1472 391 1541 ἠδη
426 1470 599 1538 πέρας
641 1468 946 1534 λαμϐάνειν
970 1468 1195 1537 ἤρξατο,
1227 1470 1320 1522 καὶ
1354 1469 1718 1537 πληθύνεσθαι
1746 1469 1858 1521 λοι-

291 1560 391 1611 πὸν
421 1560 553 1622 ἔδει,
580 1558 644 1610 τὸ
681 1558 776 1610 τοῦ
803 1557 1019 1609 δικαίου
1042 1559 1283 1627 σπέρμα,¹
1325 1559 1400 1620 ὼς
1455 1559 1581 1620 τοὺς
1621 1559 1859 1627 ἀστέρας

291 1651 385 1702 τοῦ
415 1648 672 1716 οὐρανοῦ,
707 1649 803 1701 καὶ
835 1649 912 1711 ὡς
936 1649 1035 1718 τὴν
1064 1650 1249 1720 ἄμμον
1275 1651 1374 1717 τὴν
1407 1651 1555 1720 παρὰ
1587 1651 1648 1702 τὸ
1685 1652 1860 1720 χεῖλος

295 1735 393 1802 τῆς
418 1734 723 1802 Θαλάσσης,
753 1735 970 1801 ἐφόδιον
1015 1736 1214 1790 Ἰακὼϐ
1231 1736 1294 1790 τδ
1326 1739 1610 1792 ἐπαινετὸν
1640 1740 1860 1808 κλέμμα

295 1829 528 1879 ποιεῖται
556 1827 654 1893 τὴν
682 1825 778 1878 τοῦ
834 1829 1040 1896 πατρὸς
1088 1828 1274 1897 εὐχὴν,
1314 1831 1408 1883 καὶ
1456 1832 1735 1885 στέλλεται
1763 1834 1862 1901 τὴν

295 1917 389 1968 ἐπὶ
424 1916 512 1967 τὸν
545 1915 787 1984 συγγενῆ
815 1916 1022 1979 Λάϐαν,
1053 1918 1145 1968 καὶ
1171 1917 1262 1967 τὸν
1285 1918 1517 1985 ἀδελφὸν
1567 1919 1863 1987 ἀποδιδρά-

295 2025 411 2061 σκει
438 2009 709 2075 φονῶντα,
756 2010 850 2060 καὶ
894 2011 953 2060 ἐν
1016 2010 1084 2078 τῇ
1141 2008 1321 2079 ῥάϐδῳ
1364 2010 1531 2063 αὐτοῦ
1589 2006 1862 2080 διέρχεται

292 2097 383 2147 τὸν
415 2095 715 2163 Ἰορδάνην,
750 2095 890 2163 ὅπερ
924 2093 1139 2163 ἀληθῶς
1189 2093 1286 2147 τοῦ
1321 2096 1442 2147 νέου
1473 2096 1603 2147 λαοῦ
1646 2096 1864 2162 τάγαθά

296 2185 693 2253 προδιέγραφε,
735 2185 830 2237 τὸν
860 2188 1091 2251 σταυρόν
1125 2202 1292 2254 φημι,
1328 2187 1420 2239 καὶ
1461 2186 1521 2238 τὸ
1554 2186 1859 2254 βάπτισμα·

295 2278 437 2329 οὔτω
464 2277 574 2343 γὰρ
600 2276 692 2329 τοῦ
719 2276 776 2341 ἐξ
803 2276 980 2346 ἀρχῆς
1008 2276 1454 2345 ἀνθρωποκτόνου
1507 2278 1599 2331 τὸν
1647 2279 1865 2348 ὄλεθρον

296 2369 741 2435 ἐκπεφεύγαμεν,
778 2369 872 2420 καὶ
901 2370 980 2431 εἰς
1012 2369 1203 2439 Χαρὰν
1245 2370 1576 2440 μετέϐημεν,
1610 2370 1670 2423 οὐ
1701 2373 1866 2424 τόπον

298 2461 677 2529 σημαίνουσαν
745 2462 1103 2527 ἁνακλίσεως,
1161 2462 1279 2515 ἀλλ’
1322 2450 1667 2538 εὐφροσύνην
1713 2464 1868 2532 έχου-

298 2570 401 2606 σαν
432 2552 533 2620 τὴν
575 2553 819 2613 αίὼνιον,
854 2553 921 2623 ἣν
985 2554 1079 2606 καὶ
1126 2554 1406 2624 προδηλῶν
1448 2558 1497 2607 ὁ
1525 2556 1722 2607 Ἰακὼϐ
1787 2557 1867 2618 είς

294 2642 488 2713 Χαρὰν
514 2644 782 2710 ἐγεγόνει,
810 2645 902 2695 καὶ
935 2645 1196 2715 ἐκοιμήθη
1229 2646 1367 2708 ἐκεῖ,
1405 2645 1498 2697 καὶ
1550 2644 1648 2713 τὴν
1697 2646 1863 2713 οὐρα-

297 2734 512 2803 νομήκη
540 2733 799 2785 τεθέαται
825 2733 1069 2803 κλίμακα
1122 2735 1207 2801 ἐφ’
1237 2730 1302 2805 ἦς
1359 2734 1721 2803 ὲπεστήρικτο
1756 2735 1865 2788 K6-

299 2844 437 2895 ριος.
477 2825 665 2895 Ταύτῃ
697 2825 754 2877 δὲ
793 2826 959 2878 πάλιν
1001 2826 1026 2877 ὁ
1059 2827 1293 2894 σταυρδς
1322 2827 1755 2894 ἁπεικαζόμενος
1773 2822 1865 2895 ἦν,

300 2911 434 2985 ἐνῷ
486 2915 725 2985 Χριστὸς
780 2915 1151 2984 ἐπεστηρίχθη
1223 2916 1518 2985 μετέωρος,
1576 2920 1671 2972 καὶ
1731 2921 1867 2989 πρὸς

299 3010 495 3064 ἑαυτὸν
522 3012 735 3070 πάντας
787 3008 1128 3061 ἀνείλκυσεν.
1171 3007 1385 3076 Ἐπάγη
1430 3006 1487 3059 δὲ
1543 3008 1760 3071 πάντως
1807 3010 1869 3061 τδ

295 3102 401 3168 τῆς
464 3099 813 3166 παγκοσμίου
875 3100 1055 3168 χαρᾶς
1101 3098 1361 3168 πρόξενον
1423 3099 1601 3165 ξύλον,
1659 3101 1745 3152 ἵνα
1797 3102 1935 3179 δὴο

295 3195 396 3246 καὶ
416 3193 442 3243 ὁ
463 3191 565 3256 τῆς
592 3189 926 3259 οἰκουμένης
958 3190 1259 3259 κεκοίμητο
1279 3191 1630 3260 πατριάρχης
1671 3192 1865 3257 Ἀδάμ.

296 3282 463 3343 Λίθος
506 3280 563 3332 δὲ
596 3276 686 3350 ἦν,
723 3282 879 3347 emat,
924 3279 1059 3346 πρὸς
1109 3278 1353 3349 κεφαλὴν
1413 3280 1607 3342 αὐτοῦ,
1658 3284 1755 3336 καὶ
1800 3282 1867 3350 δὴ

296 3375 468 3436 τόπος
500 3373 729 3441 κρανίου
776 3370 837 3424 τὸ
891 3371 1293 3439 λιθόστρωτονί
1328 3366 1390 3425 οὗ
1456 3372 1547 3426 ἐπὶ
1586 3372 1643 3423 τὸ
1702 3373 1870 3439 ἄκρον

297 3466 600 3532 ἐκκέχυται
656 3463 716 3514 τὺ
743 3464 1009 3531 σωτήριον
1064 3457 1204 3527 αἷμα
1234 3461 1326 3517 τοῦ
1370 3462 1718 3532 θεανθρώπου
1762 3466 1864 3533 Ίη.

296 3557 417 3617 σοῦ,
444 3553 861 3622 ἀγαλλιάσεως
902 3552 1113 3605 ἔλαιον
1136 3554 1164 3604 ὁ
1199 3552 1339 3614 θεῖος
1392 3552 1458 3605 ἂν
1514 3554 1657 3607 είποι
1683 3555 1865 3621 Δαιῒδ,

296 3647 375 3707 ὼς
398 3647 499 3712 τῆς
532 3642 591 3707 ἐξ
622 3642 912 3712 ἁμαρτιῶν
945 3640 1398 3711 σκυθρωπότητος
1435 3641 1561 3704 τοὺς
1593 3643 1869 3715 μεταλαμ-

296 3738 567 3795 ϐάνοντας
588 3734 873 3802 ῥυόμενον.

1957 566 2125 619 sinnis
2165 566 2323 629 dixit,
2370 582 2485 622 eam
2528 569 2802 631 videlicet,
2834 584 2955 638 quae
2981 569 3243 622 salutares
3271 569 3521 632 baptismi

1958 656 2127 711 undas
2159 657 2555 725 praetignrabat.
2585 658 2696 713 Duo
2719 659 2859 713 enim
2886 668 3011 712 sunt
3038 674 3155 726 quae
3181 669 3520 728 peccatorum

1958 749 2330 802 remissionem
2386 750 2726 816 largiuntur,
2786 752 2968 820 passio
3020 761 3074 802 et
3129 766 3276 805 mors
3326 748 3530 802 Christi

1957 840 2128 907 gratia
2166 850 2414 907 suscepta
2441 852 2492 892 et
2546 842 2717 904 obita,
2748 853 2801 895 et
2845 842 3136 895 salutifera:
3187 840 3529 908 baptismatis

1961 947 2146 987 autne:
2182 930 2473 983 Exsultavit
2500 931 2790 994 Abraham,
2820 943 2875 984 ut
2904 933 3097 984 videret
3128 932 3263 982 diem
3295 931 3526 992 Domini,

1961 1022 2206 1089 viditque,
2244 1022 2294 1073 in
2335 1021 2588 1091 imagine,
2648 1034 2696 1074 et
2731 1022 2937 1090 gavisus
2967 1031 3041 1073 est
3083 1021 3125 1052 ¹⁰
3155 1063 3168 1086 ,
3197 1023 3336 1072 diem
3381 1023 3533 1072 vidc—

1962 1113 2086 1163 Iicet
2116 1112 2383 1179 paSsionis
2413 1121 2465 1163 et
2494 1114 2934 1165 resurreCtionis.
2970 1111 3033 1164 Et
3069 1110 3524 1178 quemadmodum

1959 1201 2113 1267 Sara,
2152 1213 2365 1269 recepto
2402 1202 2561 1255 tertio
2608 1211 2727 1269 post
2770 1200 3095 1254 sacrificium
3128 1212 3404 1266 peractum
3443 1201 3530 1250 iiiP.

1962 1289 2110 1346 Isaac
2142 1291 2263 1343 vivo
2296 1300 2349 1343 et
2375 1292 2543 1352 salvo,
2598 1306 2842 1359 magnam
2879 1292 3203 1358 voluptatem
3239 1291 3378 1356 copit
3408 1309 3422 1355 ;
3458 1293 3527 1348 ita

1958 1391 2008 1434 et
2062 1382 2337 1441 Ecclesia,
2398 1398 2516 1434 cum
2562 1381 2717 1434 tertio
2768 1393 2889 1447 post.
2929 1391 3151 1433 mortem
3208 1382 3292 1433 die
3348 1381 3529 1433 Je~uut

1961 1472 2261 1526 redivivum
2316 1474 2651 1534 intueretur,
2701 1473 2954 1526 omnibus
3007 1472 3206 1525 lzetitiis
3255 1473 3528 1524 cumulata

1962 1565 2183 1619 incessit
2210 1581 2226 1624 ;
2286 1581 2383 1618 nec
2412 1575 2495 1619 est
2534 1565 2625 1632 qui
2677 1564 2931 1631 gaudium
2977 1563 3075 1615 hoc
3104 1562 3172 1615 ab
3201 1563 3288 1615 illa
3319 1563 3534 1615 auferre

1968 1667 2150 1722 queat.
2185 1654 2475 1721 Postquam
2524 1666 2701 1709 autem
2752 1655 3170 1722 promissionem
3214 1653 3323 1721 jam
3373 1655 3538 1708 finem

1965 1751 2233 1814 accipere,
2266 1761 2428 1813 opere
2475 1747 2593 1814 ipso
2643 1745 2928 1815 compleri,
2955 1745 3196 1811 jnstique
3230 1758 3436 1805 sten,
3477 1754 3535 1794 ut

1966 1840 2149 1892 stellas
2177 1838 2298 1893 caeli
2324 1848 2374 1891 et
2407 1847 2463 1890 ut
2491 1852 2710 1890 arenam
2760 1852 2878 1903 quae
2927 1848 3010 1889 est
3040 1839 3089 1886 in
3130 1835 3310 1888 littore
3343 1835 3533 1893 maria.

1966 1931 2316 1999 multiplicari
2366 1931 2671 1996 oportebat,
2719 1912 3118 1982 Jacobviatici
3168 1929 3306 1990 loco,
3334 1928 3535 1979 furtum

1965 2021 2093 2075 illud
2126 2019 2470 2074 memorabile
2514 2018 2880 2081 committens,
2920 2018 3068 2084 pacis
3102 2016 3532 2069 benedictionem

1966 2112 2067 2167 sibi
2118 2121 2432 2179 comparat,
2475 2109 2817 2175 ntitliturque
2858 2109 2923 2161 ad
2974 2120 3260 2175 cognatum
3304 2105 3487 2160 Laban
3517 2148 3537 2171 ,

1969 2202 2210 2264 fratrem,
2240 2200 2333 2266 (ιιιιί
2360 2200 2677 2266 sanguinem
2703 2210 2755 2250 et
2780 2200 2977 2250 caedem
3008 2199 3270 2266 spirabat,
3305 2197 3533 2265 fugiens,

1965 2299 2022 2344 et
2055 2291 2105 2342 in
2154 2289 2348 2343 baculo
2401 2303 2499 2341 suo
2529 2286 2720 2339 transit
2755 2284 3043 2340 Jordanem
3076 2303 3091 2343 :
3128 2303 3247 2351 qua!
3293 2302 3378 2339 res
3412 2301 3539 2338 vere

1968 2378 2088 2432 novi
2124 2377 2305 2446 populi
2337 2375 2585 2431 fortunas
2621 2377 2973 2441 praenotahat,
3022 2392 3259 2440 crucem,
3294 2377 3535 2444 inquam,

1966 2480 2019 2523 et
2047 2471 2367 2539 baptismum
2404 2486 2418 2524 :
2456 2468 2558 2522 hoc
2605 2469 2746 2521 enim
2783 2467 2940 2520 modo
2989 2465 3269 2535 ell'ngimus
3315 2468 3538 2519 exitium

1967 2560 2108 2625 quod
2144 2558 2299 2611 nobis
2345 2557 2666 2610 imminebat
2723 2556 2791 2610 ab
2838 2571 2905 2610 eo
2938 2558 3028 2623 qui
3065 2557 3133 2610 ab
3174 2557 3330 2609 initio
3366 2558 3540 2608 homi-

1968 2650 2085 2703 cida
2122 2649 2243 2704 fuit.
2281 2647 2345 2702 Et
2378 2649 2427 2701 in
2460 2649 2672 2701 Charan
2721 2648 2966 2700 translati
3019 2662 3203 2700 sumus
3232 2664 3244 2705 ;
3278 2662 3382 2699 non
3415 2662 3539 2714 quas

1968 2737 2146 2790 locum
2174 2736 2379 2804 requiei
2409 2736 2697 2803 signiticet,
2747 2737 2839 2788 sed
2870 2752 2989 2801 quze
3026 2735 3172 2789 nullo
3206 2735 3308 2788 fine
3351 2736 3542 2788 termi-

1969 2827 2202 2881 nandam
2249 2827 2632 2892 iucunditatem
2684 2826 2999 2891 contineat;
3056 2841 3216 2894 quam
3268 2836 3320 2878 et
3369 2825 3542 2879 Jacol)

1969 2918 2318 2988 przefigurans
2354 2917 2404 2969 in
2438 2916 2653 2970 Charan
2701 2917 2865 2979 venit,
2914 2917 3094 2984 ibique
3128 2915 3264 2969 fessa
3301 2916 3542 2968 membra

1970 3021 2158 3059 somno
2205 3003 2411 3068 refecit,
2464 3004 2776 3072 scalamque
2823 3005 2887 3059 ad
2940 3005 3106 3059 caelos
3146 3005 3541 3073 pcrtingentem

1968 3098 2118 3161 vidit,
2150 3098 2233 3150 cui
2267 3097 2523 3150 Dominus
2569 3096 2938 3161 innitebatur;
2984 3111 3104 3163 quae
3150 3096 3331 3150 crucis
3385 3096 3543 3150 sinti-

1970 3189 2251 3243 litudinem
2301 3203 2408 3256 prie
2457 3204 2517 3242 se
2566 3187 2707 3251 tulit,
2759 3190 2811 3240 in
2857 3204 2960 3257 qua
2999 3188 3251 3241 Christus
3294 3186 3542 3243 sublimis
3624 3216 3629 3221 υ

1971 3284 2111 3337 fixus
2149 3290 2253 3345 est,
2285 3290 2338 3335 et
2364 3283 2429 3333 ad
2464 3280 2698 3347 seipsum
2733 3294 2923 3333 omnes
2954 3280 3135 3331 traxit.
3180 3279 3372 3332 Fixum
3414 3293 3547 3332 vero
3602 3330 3609 3336 .

1971 3382 2053 3425 est
2084 3370 2213 3424 illud
2264 3370 2461 3423 lmtitiae
2510 3370 2576 3423 ad
2629 3384 2819 3423 omnes
2873 3355 3167 3437 spectantis
3207 3369 3446 3423 eﬂiciens
3476 3368 3544 3421 lt-

1971 3475 2155 3527 guum,
2191 3459 2278 3512 ubi
2330 3458 2634 3511 communis
2661 3458 2904 3510 omnium
2951 3473 3150 3525 parens
3183 3458 3542 3525 requieverat.

1975 3550 2135 3617 Lapis
2171 3559 2349 3601 autem
2374 3556 2512 3611 erat,
2541 3548 2786 3616 inquiunt
2810 3547 3006 3601 divina:
3032 3547 3271 3610 Litteras,
3293 3548 3357 3599 ad
3386 3555 3547 3614 caput

1975 3643 2112 3713 ejus.
2150 3641 2308 3707 Atqui
2360 3639 2753 3703 Lithostroton,
2805 3640 2905 3694 hoc
2957 3624 3245 3703 est,-lncus
3279 3638 3546 3707 lapidibus

1977 3741 2202 3789 stratus.
2237 3734 2386 3785 locus
2417 3741 2498 3783 est
2526 3730 2810 3793 Calvarim,
2846 3731 3002 3800 cujus
3029 3733 3390 3784 summitatem
3422 3746 3546 3784 san-

292 3826 418 3895 guis
436 3822 791 3893 TSalvatoris,
818 3820 1020 3889 Deique
1049 3829 1102 3872 et
1134 3820 1366 3874 hominis
1386 3820 1512 3876 Jesu
1540 3821 1743 3877 effusus
1781 3827 2028 3893 aspersit,
2066 3841 2224 3894 quem
2246 3824 2413 3877 oleant
2441 3825 2637 3876 Malitia:
2659 3823 2871 3876 divinus
2916 3823 3081 3875 David
3107 3823 3455 3891 appellaverit
3477 3822 3547 3891 “;

293 3914 550 3968 homines
595 3912 767 3973 enim,
815 3913 904 3978 qui
949 3911 1067 3979 ejus
1102 3912 1393 3979 participes
1426 3913 1541 3966 ﬁeri
1592 3913 1866 3981 volebant,
1908 3931 1970 3971 ex
2012 3915 2216 3987 peccati
2247 3929 2478 3969 incerare
2507 3923 2559 3967 et
2590 3929 2790 3983 angore
2823 3915 3091 3967 liberavit.

368 4005 439 4058 Τί
475 4004 537 4056 δὲ
588 4005 615 4055 ὁ
661 4003 822 4056 πάντ⁹
886 4001 1109 4072 ἄριστος
1161 4003 1397 4072 Ἰωσήφ;
1452 4004 1528 4057 Οὐ
1579 4006 1747 4067 τύπος
1806 4003 1873 4076 ἦν

295 4097 577 4165 ἀριδήλως
613 4093 856 4162 Χριστοῦ
887 4093 981 4146 τοῦ
1005 4093 1140 4162 ἐμοῦ
1177 4093 1312 4146 Θεοῦ
1340 4098 1435 4150 καὶ
1463 4096 1712 4166 Σωτῆρος
1732 4115 1746 4164 ;
1769 4100 1876 4153 Καὶ

298 4189 408 4256 μὴν
438 4186 725 4252 φθονεῖται
777 4184 865 4238 διὰ
893 4185 965 4238 τὰ
1010 4184 1259 4250 ἐνύπνια,
1305 4186 1495 4255 ὥσπερ
1557 4188 1765 4256 Ἰησοῦς
1788 4189 1876 4242 διὰ

295 4284 365 4332 τὰ
406 4278 699 4346 θαύματα,
734 4277 829 4330 καὶ
858 4278 937 4339 είς
975 4277 1266 4344 ἐπίσκεψιν
1300 4279 1409 4331 τῶν
1433 4280 1674 4349 ἀδελφῶν
1699 4298 1877 4350 παρα-

294 4373 623 4440 γενόμενος,
650 4369 843 4438 λάκκῳ
871 4370 1223 4439 ἐμϐάλλεται,
1267 4375 1362 4427 καὶ
1396 4373 1505 4436 ζῶν
1539 4370 1695 4436 αὖθις
1735 4376 1875 4428 ἐκεῖ·

299 4462 392 4515 θεν
433 4462 759 4531 ἀνέρχεται,
795 4461 893 4528 τὴν
925 4462 1268 4530 Δεσποτικὴν
1295 4463 1385 4517 ἐπὶ
1429 4463 1557 4525 τοὺς
1588 4464 1875 4528 Ἰουδαίους

225 4606 231 4611 ,
295 4557 562 4624 πρόνοιαν
615 4550 1069 4615 είκονίζων,“καὶ
1096 4552 1196 4622 τὴν
1249 4554 1305 4604 ἐν
1336 4553 1584 4622 μνημείῳ
1641 4554 1874 4606 κατάθε-

295 4663 413 4709 σιν,
453 4647 551 4698 καὶ
599 4643 701 4711 τὴν
757 4645 821 4695 ἐκ
866 4642 1077 4709 νεκρῶν
1118 4643 1499 4707 ἐξανάστασιν,
1557 4648 1651 4699 καὶ
1716 4661 1876 4697 συκο-

297 4737 591 4802 φαντεῖται
618 4731 720 4802 μὲν
747 4716 979 4801 πρὸδτῆς
1031 4733 1323 4801 ἐπιϐουλῆς
1350 4732 1487 4799 πρὸς
1515 4734 1607 4786 τδν
1636 4736 1870 4803 πατέρα,

299 4827 733 4893 συκοφιντείται
785 4824 843 4876 δὲ
898 4823 1035 4890 μετὰ
1083 4823 1181 4889 τὴν
1236 4824 1528 4892 ἐπιϐουλὴν
1590 4828 1725 4893 πρὸς
1758 4828 1882 4889 τοὺς

298 4918 647 4987 βαρϐάρους,
687 4914 941 4982 καθάπερ
994 4917 1089 4968 καὶ
1139 4916 1374 4982 Χριστὸς
1438 4917 1542 4984 πρὸ
1582 4917 1679 4969 τοῦ
1720 4934 1884 4970 σταυ-

298 5008 403 5077 ροῦ
456 5009 557 5076 μὲν
590 5006 667 5069 ὡς
728 5006 996 5070 ἀντίθεος,
1042 5007 1181 5074 μετὰ
1225 5006 1280 5058 δὲ
1332 5006 1433 5076 τὴν
1484 5009 1744 5077 τελευτὴν
1806 5009 1881 5070 ὡς

293 5101 602 5167 διᾶφίξορος
663 5097 1016 5166 αἱματοῦται,
1068 5099 1161 5150 καὶ
1226 5099 1621 5170 διαρῥήγνυται
1672 5104 1762 5153 τὸν
1800 5122 1882 5172 χι..

293 5192 475 5249 τῶνα.
509 5192 604 5245 καὶ
633 5190 799 5251 αὐτος
844 5188 1058 5256 ἀπαθὴς
1110 5191 1378 5258 διαμένει,
1414 5194 1475 5243 τὸ
1503 5194 1645 5245 κατά
1700 5194 1879 5262 σάρκα

293 5282 551 5352 παθητὸν
598 5280 691 5333 τοῦ
721 5280 976 5349 Σωτῆρος
1009 5281 1313 5349 ἐμφαίνων.
1369 5286 1464 5338 καὶ
1490 5286 1548 5335 τὸ
1602 5287 1741 5336 κατὰ
1766 5288 1878 5353 ιτὴν

293 5374 544 5442 θεότητα
574 5370 1114 5441 ἀπαθὲς,’βασιλεύει
1147 5375 1246 5443 τῆς
1278 5375 1572 5444 ἁμαρτίας,
1627 5380 1723 5430 καὶ
1770 5378 1879 5429 τῶν

288 5462 622 5531 Αἰγυπτίων
649 5460 862 5531 ἄρχων,
897 5463 993 5514 καὶ
1024 5463 1304 5530 σιτοδότης
1352 5465 1583 5531 γίνεται,
1613 5468 1714 5538 τὴν
1739 5468 1877 5536 Χρι-

289 5554 435 5609 στοῦ
470 5553 801 5625 προδεικνὺς
824 5552 1004 5621 νίκην.
1031 5556 1126 5607 καὶ
1162 5552 1259 5624 τὴν
1310 5556 1402 5609 ἐπὶ
1434 5556 1502 5609 τὰ
1536 5557 1662 5626 ἔθνη
1724 5558 1877 5626 βασι-

388 5730 432 5761 ¹⁹
480 5728 633 5787 .loan.
678 5744 817 5791 rm,
869 5726 957 5779 36.
1038 5728 1074 5756 “
1121 5725 1261 5783 Psai.
1310 5742 1475 5791 XLIV,
1514 5728 1565 5781 8.

2050 4009 2119 4059 At
2148 4007 2274 4074 quid
2314 4012 2379 4059 de
2406 4007 2609 4072 Optimo
2639 4016 2691 4058 et
2719 4005 3132 4072 praeclarissimo
3167 4002 3367 4072 Ioseph
3400 4003 3547 4056 dico.

1982 4099 2146 4152 mus?
2172 4098 2252 4150 An
2288 4113 2390 4150 non
2438 4096 2727 4150 manifeste
2776 4107 2933 4164 typus
2967 4096 3176 4148 exstitit
3220 4094 3418 4148 Christi
3451 4094 3547 4147 Dei

1983 4193 2083 4243 mei
2113 4199 2167 4242 et
2196 4187 2494 4242 Salvatoris
2519 4187 2541 4239 ί
2569 4188 2730 4254 Atqui
2769 4186 3022 4239 invidiam
3054 4187 3281 4239 sustinet
3327 4196 3549 4254 propter

1983 4282 2270 4344 insomnia,
2305 4280 2444 4334 sicut
2475 4278 2726 4333 Christus
2767 4286 2984 4346 propter
3013 4277 3271 4330 miracula
3301 4293 3318 4341 ;
3344 4285 3399 4330 ct
3424 4293 3548 4330 cum

1981 4370 2209 4425 fratrum
2249 4370 2637 4423 visitaudorum
2678 4370 2852 4436 gratia
2891 4368 3145 4432 venisset,
3196 4368 3248 4421 in
3289 4370 3463 4420 Iacqu
3495 4376 3549 4420 et

1983 4465 2270 4519 cisternam
2304 4461 2587 4530 coajectus
2635 4468 2759 4514 est:
2818 4461 3044 4527 indeque
3098 4475 3285 4512 rursus
3336 4459 3546 4530 iuculu-A

1985 4557 2085 4609 niis
2118 4565 2420 4618 extractus,
2456 4552 2667 4605 Domini
2703 4566 2830 4620 erga
2858 4550 3093 4605 alumnos
3128 4566 3312 4603 curam
3344 4560 3399 4604 et
3428 4565 3550 4614 υνυς

1984 4650 2299 4711 videntiam,
2348 4646 2494 4700 velut
2539 4647 2591 4699 in
2645 4646 2880 4713 imagine
2926 4645 3188 4708 referens,
3240 4645 3461 4713 ejusque
3497 4644 3547 4693 in
3596 4681 3601 4684 .

1982 4737 2284 4805 Sepulcrum
2350 4735 2760 4803 depositionem,
2805 4745 2859 4788 et
2900 4749 2966 4787 ex
3020 4733 3252 4786 mortuis
3304 4747 3548 4784 resurre-

1982 4831 2240 4889 ctionem,
2264 4837 2318 4881 et
2345 4838 2468 4881 ante
2499 4827 2727 4880 insidias
2752 4828 2853 4880 sibi
2886 4836 3140 4887 structas,
3165 4822 3329 4874 variis
3353 4822 3548 4874 calum-

1981 4921 2086 4973 niis
2128 4920 2264 4986 apml
2302 4931 2509 4985 patrem
2545 4918 2882 4980 traducitur;
2938 4924 3059 4981 post
3088 4914 3332 4977 insidias,
3365 4912 3551 4965 crimi-

1982 5013 2232 5065 uniones
2257 5026 2472 5079 quoque
2490 5010 2630 5077 apud
2656 5009 2918 5061 Barbaros
2943 5005 3108 5069 Subit,
3146 5014 3277 5057 utet
3299 5003 3550 5058 Christus

1981 5114 2107 5155 ante
2160 5117 2400 5163 crucem,
2441 5109 2698 5168 tanquam
2739 5097 2848 5149 Deo
2882 5095 3207 5155 contrarius,
3254 5104 3375 5159 post
3404 5110 3550 5147 mor-

1976 5204 2082 5245 tem
2155 5209 2283 5245 vero
2345 5201 2401 5243 ut
2464 5197 2749 5257 corruptor
2805 5187 3194 5253 proscinditur.
3250 5185 3550 5239 Laceratur

1977 5285 2156 5338 tunica
2199 5285 2340 5353 ejus,
2392 5293 2449 5337 at
2504 5285 2617 5349 ipse
2672 5281 2849 5333 omnis
2887 5278 3153 5346 passionis
3185 5292 3377 5346 expers
3421 5293 3547 5342 per-

1979 5388 2179 5441 manet,
2244 5378 2626 5427 mortalitatem
2679 5373 2925 5424 ltumana:
2959 5381 3165 5424 natura?
3207 5372 3258 5422 in
3307 5369 3544 5425 Chrism,

1977 5479 2031 5522 et
2085 5468 2544 5520 innuortalitatem
2601 5465 2899 5518 divinitatis
2948 5465 3211 5519 indicans.
3265 5465 3545 5517 Peccatum

1979 5561 2078 5613 sibi
2133 5559 2382 5625 subiicit,
2419 5558 2684 5625 ZEgyptiis
2729 5558 2977 5624 inn-erat,
3041 5557 3290 5610 alimenta
3342 5552 3547 5607 submi-
