4156 6304
1910 229 1941 245 ﬂ
1994 232 2076 245 ἤνιδε

646 355 744 418 187
1761 357 2077 418 MACARll
2126 356 2757 417 CHRYSOCEPHALI
3796 357 3908 419 183

643 472 882 524 nistrat:
928 483 1036 537 quo
1076 467 1284 524 Christi
1336 468 1644 533 victoriam,
1692 480 1765 524 ct,
1797 484 2020 539 regnum
2070 469 2193 522 inte:

2316 465 2495 529 λείαν,
2532 466 2624 517 καὶ
2653 466 2753 533 τὴν
2786 463 2923 532 παρ’
2950 460 3115 515 αὑτοῦ
3145 461 3528 532 δεδωρημένην
3583 462 3663 531 τῷ
3709 462 3912 534 κόσμῳ

643 569 851 630 gentes,
882 562 1115 629 vltzeque
1146 577 1408 625 mensam,
1435 564 1501 616 ab
1528 562 1642 632 ipso
1667 564 1917 617 universo
1947 574 2216 617 terrarum

643 650 763 704 orbi
803 666 899 719 per
931 650 1300 719 evangelicam
1332 650 1655 715 doetriuam,
1684 661 1732 705 et
1770 651 2048 722 mysticam
2079 665 2217 719 ope-

626 730 956 806 “i'ationem,
1015 754 1424 810 comparatam,
1478 743 1670 796 innuit.
1725 742 1880 807 Quod
1931 755 2109 797 autem
2164 749 2218 795 et

641 828 843 885 fratres
876 831 1028 895 aluit,
1058 845 1113 886 et
1148 834 1210 885 ad
1243 847 1302 885 se
1333 833 1669 887 adorandum
1699 835 1942 896 adduxit,
1976 851 2043 889 ne
2074 834 2215 888 istud

641 919 857 986 quidem
887 924 1090 991 absque
1121 922 1362 975 veritatis
1415 922 1580 990 figura
1629 924 1841 978 accidit.
1884 924 2032 980 Multi
2069 928 2214 980 enim

643 1011 707 1062 de
727 1011 946 1080 antiqua
967 1014 1128 1066 etiam
1155 1012 1274 1082 lege
1296 1024 1350 1067 et
1373 1015 1737 1071 observantia:
1761 1018 1910 1071 cultu
1937 1019 1989 1071 iu
2015 1033 2214 1073 novum

638 1100 892 1155 Israclem
942 1105 1313 1169 transmutati,
1362 1110 1730 1163 sacrosanctis
1773 1110 2044 1181 Evangelii
2085 1113 2216 1164 edu-

634 1184 727 1247 iiis
756 1195 891 1261 pasti
926 1204 1075 1258 sunt,
1113 1207 1166 1251 et
1197 1197 1250 1249 in
1284 1197 1506 1266 spiritus
1551 1202 1779 1254 veritate
1816 1199 1981 1253 Deum
2020 1201 2216 1254 adora-

638 1294 783 1336 runt.
821 1283 1049 1350 Propter
1103 1289 1220 1360 htec
1272 1287 1438 1358 igitur
1468 1292 1669 1345 merito
1713 1301 1969 1346 censetur
2012 1291 2212 1362 Ioseph

634 1375 851 1433 Domini
886 1392 1069 1450 typus.

707 1470 907 1526 Verqu
968 1474 1152 1526 senior
1210 1475 1302 1529 ille
1365 1477 1531 1530 lsrael
1597 1477 1777 1531 futura
1853 1476 2214 1545 prospiciendi

640 1560 899 1615 facultate
928 1563 1208 1631 praditus,
1242 1566 1405 1618 totius
1433 1567 1557 1619 novi
1590 1566 1752 1635 hujus
1776 1576 1825 1620 et
1847 1567 2012 1620 divini
2042 1566 2215 1619 Isme-

633 1652 702 1707 lis
726 1653 1007 1719 exemplar
1040 1654 1159 1709 fuit.
1200 1657 1313 1720 Qua
1348 1658 1412 1712 de
1445 1674 1606 1711 causa
1641 1658 1938 1713 inclinatus
1999 1673 2215 1728 quoque

2326 557 2472 627 ζωῆς
2510 556 2811 625 τράπεζαν,
2864 555 2953 609 διά
2984 571 3042 607 τε
3082 556 3185 625 τῆς
3225 552 3322 606 τοῦ
3362 552 3699 620 Εὐαγγιλὶου
3754 554 3908 608 διδα-

2321 648 2544 708 σκαλίας
2616 648 2837 715 καὶτῆς
2894 641 3166 716 μυστικῆς
3231 645 3571 715 ἱερουργίας.
3604 645 3666 697 El
3698 645 3757 697 δὲ
3803 649 3907 701 καὶ

2318 740 2445 802 τοὺς
2473 738 2734 807 ἀδελφοὺς
2769 736 2990 806 ἔθρεψε,
3028 739 3122 791 καὶ
3152 738 3231 799 είς
3275 735 3655 805 προσκύνησιν
3692 736 3901 805 ἦγαγε,

2320 828 2601 883 καὶτοῦτο
2629 828 2771 880 κατὰ
2819 827 2991 880 τύπον
3044 828 3144 896 τῆς
3198 827 3461 898 ἀληθείας
3492 844 3508 860 ο
3535 827 3722 881 πολλοὶ
3785 828 3903 896 γὰρ

2319 918 2414 971 καὶ
2439 921 2538 988 τῆς
2590 920 2825 977 παλαιᾶς
2860 918 3118 990 λατρείας
3177 919 3293 982 νέος
3341 908 3562 988 Ἰσραὴλ
3610 919 3904 985 γεγονότες

2318 1009 2691 1078 εὐαγγελικῶς
2720 1011 3114 1080 διετράφησαν,
3152 1011 3247 1063 καὶ
3269 1010 3328 1060 ὲν
3371 1009 3725 1076 πνευματικῇ
3759 1007 3898 1075 ἀλη-

2319 1100 2442 1171 θεία
2470 1103 2563 1154 τὸν
2596 1101 2729 1154 θεὸν
2758 1103 3201 1172 προσεκύνησαν.
3243 1100 3342 1155 Διὰ
3364 1100 3538 1153 ταῦτα
3571 1097 3704 1168 γοῦν
3721 1098 3898 1161 τύπος

2319 1192 2473 1262 μὲνὰ
2513 1191 2715 1260 Ἰωσὴφ
2762 1191 2856 1244 τοῦ
2897 1189 3100 1259 Ἰησοῦ.

2400 1465 2462 1518 Ὀ
2495 1464 2551 1517 δὲ
2604 1463 2673 1516 τὰ
2729 1461 3073 1532 γενησόμενα
3140 1459 3353 1530 βλιπων
3409 1459 3639 1523 παλαιὸς
3680 1463 3892 1526 ἐκεῖνος

2330 1555 2566 1626 Ἰσραὴλ,
2606 1553 2699 1607 τοῦ
2734 1554 2855 1607 νέου
2904 1553 3105 1615 παντὸς
3138 1552 3236 1606 καὶ
3296 1551 3441 1605 θείου
3479 1552 3700 1622 Ἰσραὴλ
3750 1554 3887 1607 ὕπο-

2318 1648 2577 1717 γραμμὺς
2605 1646 2948 1700 καθίσταται.
2975 1644 3160 1717 Ταύτῃ
3193 1662 3275 1698 τοι
3326 1646 3423 1697 καὶ
3460 1644 3641 1712 κύψας
3688 1662 3888 1714 προσε-

633 1744 881 1796 adoravit
913 1743 1188 1811 fastigium
1238 1746 1405 1816 virga:
1451 1749 1587 1814 ejus,
1641 1750 2007 1816 prmnttntiaus
2052 1764 2193 1813 eam,

2302 1744 2536 1810 κύνησεν
2568 1741 2660 1793 ἐπὶ
2688 1739 2749 1793 τὸ
2810 1739 2982 1808 ἄκρον
3013 1738 3110 1806 τῆς
3164 1736 3364 1808 ῥάϐδου
3423 1735 3629 1800 αὑτοῦ,
3683 1737 3783 1808 τὴν
3826 1738 3881 1789 ὲν

630 1849 750 1900 quae
780 1835 830 1886 in
868 1844 978 1887 toto
1016 1835 1177 1899 huius
1222 1839 1409 1891 mundi
1459 1839 1660 1892 ambitu
1696 1838 2020 1900 instituimr,
2051 1854 2212 1894 vene-

632 1927 814 1978 randa:
832 1927 1007 1981 erucis
1033 1929 1424 1984 adorationem.
1456 1929 1604 1983 lianc
1625 1934 1767 1985 enim
1791 1932 2209 2000 prmdeliuealtat

628 2017 825 2082 virga;
876 2019 1017 2071 unde
1065 2020 1380 2088 prophetica
1428 2021 1516 2074 illa
1567 2037 1667 2075 vox
1712 2024 1775 2075 ad
1812 2022 1977 2075 Deum
2008 2042 2021 2077 :
2056 2002 2205 2080 Libe-

632 2110 769 2160 τετειὲ
810 2113 956 2179 virga
1000 2110 1360 2166 [imredimtem
1427 2122 1569 2166 tuam
1603 2114 1691 2179 ";
1735 2123 1829 2173 et:
1875 2113 2032 2186 Virga
2061 2117 2207 2170 dire-

626 2200 821 2252 ctiouis
857 2200 1004 2270 virga
1037 2203 1182 2270 regni
1212 2204 1288 2255 tui
1326 2203 1390 2257 ¹³.
1413 2202 1480 2256 At
1507 2204 1650 2257 enim
1680 2205 1787 2258 alio
1812 2206 1993 2259 itidem
2024 2210 2202 2272 modo,

623 2289 668 2343 si
724 2289 907 2352 libeat,
969 2303 1147 2361 typum
1203 2292 1346 2346 hunc
1394 2297 1665 2361 quomodo
1726 2295 2008 2348 veritatem
2063 2297 2205 2349 velut

621 2380 810 2431 umbra
843 2381 1072 2448 quadam
1100 2381 1392 2446 describat,
1426 2384 1782 2451 introspicere
1805 2384 2038 2450 licebit;
2076 2403 2199 2439 naut

617 2469 866 2537 .Ioseph,
961 2487 1137 2541 neque
1219 2475 1359 2541 apud
1430 2473 1629 2528 fratres
1724 2478 1848 2530 talis
1905 2479 2199 2544 audiebat,

620 2561 800 2629 qualis
853 2577 1039 2615 revera
1076 2571 1237 2627 erat,
1300 2579 1475 2630 neque
1523 2566 1688 2619 etiam
1741 2571 1880 2637 apud
1918 2570 2199 2623 mulierem

620 2648 957 2718 Egyptiatu,
1010 2653 1104 2705 sed
1139 2653 1260 2706 illos
1291 2656 1509 2721 quidem
1543 2656 1743 2709 invidia
1775 2674 1840 2711 eo
1867 2660 2100 2727 impulit,
2142 2672 2200 2715 ιιι

620 2743 762 2795 servi
802 2744 1020 2797 nomine
1045 2743 1318 2800 allicereut
1342 2761 1489 2808 eum,
1521 2749 1609 2817 qui
1646 2750 1783 2803 liber
1808 2760 1966 2817 erat;
2001 2763 2056 2807 at
2086 2755 2200 2808 haec

618 2835 1091 2903 intemperantiam
1126 2849 1316 2892 contra
1354 2842 1904 2907 temperantissimum
1944 2842 2196 2913 juvenem

617 2927 952 2981 mendaciter
980 2930 1331 2996 excogitavit,
1367 2931 1508 2998 apud
1564 2939 1773 2999 patrem
1811 2942 2014 2997 autem,
2044 2951 2192 3000 eum.

617 3030 778 3081 quem
813 3017 1145 3078 merebatur,
1179 3018 1352 3071 locum
1379 3019 1680 3085 obtinebat,
1706 3038 1733 3073 a
1763 3038 1869 3091 quo
1902 3026 2195 3082 tenerrimo

617 3122 834 3175 quoque
860 3108 1057 3162 affectu
1083 3108 1425 3176 diligebatur.
1457 3110 1530 3165 De
1552 3112 1770 3165 Christo
1800 3114 1984 3169 itidem
2015 3130 2191 3185 neque
2218 3092 2263 3149 α

617 3199 875 3266 gentiles,
902 3209 957 3253 ut
984 3215 1080 3270 par
1106 3210 1206 3263 est,
1241 3204 1481 3256 sentiunt
1504 3214 1558 3256 rt
1584 3205 1909 3274 loquuntur,
1941 3217 1997 3259 et
2020 3206 2186 3262 Judzei

546 3287 551 3294 ’
616 3289 786 3359 multa
819 3292 978 3360 impia
1010 3302 1064 3346 et
1094 3291 1406 3360 hlasphema
1441 3295 1505 3347 de
1552 3310 1617 3347 eo
1646 3297 1912 3362 garriunt,
1944 3297 2069 3366 quia
2107 3298 2191 3354 his

614 3384 927 3438 scandalum
967 3385 1031 3447 “,
1068 3385 1172 3439 illis
1221 3387 1451 3440 stultitia
1494 3387 1536 3418 ¹⁸
1570 3388 1809 3442 salutare
1859 3390 2036 3443 crucis
2067 3405 2186 3442 ver-

612 3477 737 3529 l.um
776 3489 1075 3543 reputatur.
1110 3479 1174 3531 At
1207 3493 1333 3531 vero
1374 3479 1515 3533 Deus
1557 3490 1606 3531 et
1655 3478 1818 3533 Pater
1867 3482 2078 3549 superis
2120 3498 2184 3538 ex

612 3567 725 3617 oris
755 3567 1092 3620 tii\illil:lit,’lli
1143 3568 1264 3635 ejus
1306 3578 1564 3632 testatur,
1601 3568 1907 3639 Filinmque
1932 3571 2183 3626 dilectum

612 3665 773 3709 Vocat
810 3657 875 3719 η,
912 3667 966 3709 ιιι
996 3673 1093 3726 per
1121 3667 1410 3725 cognatum
1469 3660 1730 3728 Spiritum
1770 3663 1969 3715 mundo
2005 3673 2187 3716 osten—

612 3747 689 3801 dit
724 3757 777 3800 et
816 3749 1143 3804 manifestat.
1200 3748 1354 3803 llunc
1407 3749 1479 3803 iu-
1507 3752 1723 3804 modum
1761 3752 2184 3807 formosissimus

611 3840 702 3895 ille
740 3838 939 3907 Joscplt
977 3841 1348 3895 dulcissimum
1405 3851 1648 3898 nostrum
1697 3842 2033 3899 Salvatorem
2085 3862 2184 3901 ει-

610 3934 827 4003 pressit.
865 3932 1020 3987 Hunc
1072 3934 1123 3987 in
1177 3935 1394 3989 modum
1427 3938 1618 3989 umbra
1670 3936 1953 3992 veritatem
2004 3940 2183 4009 typice

608 4025 969 4080 adumbravit.
1006 4024 1158 4080 iluuc
1209 4028 1261 4081 in
1310 4029 1523 4082 modum
1576 4027 1643 4091 is,
1693 4030 1783 4099 qui
1812 4027 2050 4102 Aigypto
2085 4030 2184 4084 ali-

606 4128 787 4170 Ineuta
825 4119 1209 4187 suppeditavit,
1246 4132 1341 4186 per
1368 4134 1428 4172 ea
1463 4135 1584 4188 quas
1615 4120 1760 4185 tulit,
1799 4139 1918 4189 qua:
1948 4125 2077 4194 egit,
2123 4135 2180 4179 et

606 4222 702 4275 per
728 4222 846 4274 qua:
876 4224 903 4258 a
958 4208 1065 4260 llco
1101 4209 1328 4275 gloriam
1376 4210 1752 4278 relebremque
1805 4211 2002 4266 famam
2050 4231 2180 4270 cou-

2315 1836 2422 1907 ὅλῳ
2442 1835 2517 1905 τῷ
2544 1836 2737 1905 κόσμῳ
2778 1830 3154 1904 προσκύνησιν
3203 1829 3295 1883 τοῦ
3339 1830 3529 1899 τιμίου
3567 1830 3880 1899 προκηρύτ-

2312 1945 2421 1980 των
2474 1924 2711 1995 σταυροῦ
2740 1940 2759 1958 ο
2787 1924 2972 1977 τοῦτον
3009 1922 3119 1991 γὰρ
3173 1920 3541 1990 προδιέγραφε
3591 1921 3625 1991 ἡ
3664 1921 3877 1992 ῥάϐδος,

2314 2020 2456 2073 καθὰ
2490 2020 2554 2089 δὴ
2590 2016 2725 2087 πρὸς
2778 2017 2869 2070 τὸν
2913 2015 3046 2068 Θεὸν
3092 2016 3406 2083 προφητικῇ
3433 2012 3655 2080 λέγεται
3683 2016 3876 2085 φωνῇ-

2323 2111 2676 2177 Ἐλυτρώσω
2700 2108 2896 2176 ῥάϐδῳ
2946 2107 3062 2172 τὴν·
3116 2107 3535 2173 κληρονομίαν
3590 2118 3745 2158 σου·
3788 2109 3883 2158 καὶ
3976 2128 3987 2136 ο

2321 2202 2566 2266 Ῥἁὲδος
2601 2200 2931 2266 εὐθύτητος
2956 2196 3232 2265 ήρἀϐὃος
3263 2195 3373 2262 τῆς
3392 2196 3718 2260 βασιλείας
3740 2212 3880 2250 σου.

2307 2296 2381 2352 Σὺ
2424 2294 2479 2345 δὲ
2512 2294 2608 2344 καὶ
2633 2291 2833 2355 ἄλλως,
2867 2289 2915 2341 εί
2972 2288 3174 2358 βούλει,
3236 2287 3328 2339 τὸν
3380 2287 3551 2339 τύπον
3598 2287 3877 2358 ἑπιγνὼσῃ

2309 2380 2761 2452 σκιαγραφοῦντα
2814 2378 2913 2447 τὴν
2944 2377 3231 2446 ἀλήθειαν·
3262 2376 3520 2448 οὐδὲγὰρ
3578 2379 3732 2447 παρὰ
3768 2379 3875 2430 τῶν

2306 2471 2555 2539 ἀδελφῶν
2597 2467 2798 2539 Ἰωσὴφ
2834 2471 3017 2530 ὁποῖος
3079 2464 3147 2537 ἦν
3206 2469 3371 2538 ἦκουε
3410 2469 3546 2539 πρὸς
3592 2468 3871 2540 ἀλήθειαν,

2304 2563 2427 2617 οὔτε
2464 2562 2568 2632 μὴν
2600 2561 2751 2629 παρὰ
2819 2558 2921 2627 τῆς
2984 2559 3310 2627 Αἰγυπτίας,
3343 2559 3481 2614 ἀλλὰ
3519 2560 3648 2622 τοὺς
3702 2561 3801 2630 μὲν
3846 2563 3877 2614 δ

2304 2656 2499 2724 φθόνος
2533 2654 2716 2707 δοῦλον
2743 2653 2971 2720 ἐποίησε
3003 2651 3094 2704 τὸν
3121 2652 3409 2721 ἐλεύθερον
3429 2652 3740 2717 ὀνομάζειν,
3769 2653 3871 2722 ἡδὲ

2302 2750 2574 2818 ἀκρασίαν
2604 2747 2698 2800 τοῦ
2736 2746 3012 2814 σώφρονος
3045 2742 3453 2812 κατεψεύσατο,
3484 2743 3562 2810 τῷ
3593 2744 3765 2813 πατρὶ
3816 2742 3874 2795 δὲ

2299 2842 2399 2901 καὶ
2416 2839 2644 2907 γνήσιος
2670 2833 2759 2908 ἦν,
2791 2836 2886 2889 καὶ
2936 2833 3307 2903 πεφιλημένος
3336 2835 3413 2896 ὡς
3473 2834 3735 2901 μάλιστα.
3763 2836 3871 2888 Καὶ

2298 2933 2480 2989 τοίνυν
2521 2932 2641 2984 οὐδὲ
2671 2928 2908 2999 Χριστὸν
2939 2927 3362 2994 οὕθ’Ἔλληνες,
3395 2927 3471 2991 ὡς
3499 2925 3700 2997 χρεὼν,
3743 2927 3870 2995 ὀμο-

2299 3020 2520 3090 λογεῦσι
2553 3023 2712 3085 Θεὸν,
2744 3020 2841 3073 καὶ
2881 3019 3125 3073 Ἰουδαῖοι
3165 3019 3295 3089 περὶ
3349 3016 3517 3070 αὐτοῦ
3573 3016 3868 3087 βλάσφημα

2296 3115 2649 3183 φθέγγονται,
2672 3114 2861 3183 ἐπειδὴ
2882 3112 3095 3174 τούτοις
3117 3110 3218 3181 μὲν
3244 3109 3618 3173 σκάνδαλον,
3640 3109 3867 3171 ἐκείνοις

2294 3208 2350 3260 δὲ
2381 3207 2576 3275 μωρία
2605 3206 2743 3260 ὁτοῦ
2771 3204 3011 3274 σταυροῦ
3047 3203 3317 3273 σωτήριος
3371 3201 3531 3268 λόγος
3594 3200 3763 3254 ἐστίν.
3808 3197 3869 3254 '0

2294 3297 2350 3352 δὲ
2372 3297 2506 3360 Θεὸς
2534 3297 2627 3349 καὶ
2657 3293 2848 3366 Πατὴρ
2873 3292 3081 3347 ἄνωθεν
3110 3290 3261 3360 αύτῷ
3301 3291 3576 3360 μαρτυρεῖ
3626 3291 3728 3360 τὴν
3751 3288 3869 3345 θεό-

2293 3408 2456 3460 τητα,
2499 3392 2596 3445 καὶ
2628 3390 2759 3442 Υίὸν
2816 3388 3104 3457 ἀγαπητὸν
3166 3385 3448 3456 ὀνομάζει,
3490 3386 3584 3439 καὶ
3626 3383 3715 3438 διὰ
3772 3382 3866 3436 τοῦ

2295 3481 2582 3549 συμφυοῦς
2607 3479 2926 3548 Πνεύματος
2966 3477 3046 3548 τῷ
3080 3479 3271 3548 κόσμῳ
3329 3477 3863 3544 προσεπιδείκνυσιν.

2296 3574 2481 3638 Οὕτως
2513 3576 2542 3626 ὁ
2569 3571 2735 3634 καλὸς
2771 3573 2970 3641 Ἰωσὴφ
3017 3570 3108 3624 τὸν
3137 3571 3342 3639 γλυκὺν
3389 3568 3599 3640 Ἰησοῦν
3647 3571 3864 3640 προδιὲ-

2294 3668 2525 3737 γραψεν.
2553 3664 2745 3728 Οὕτως
2785 3668 2811 3735 ἢ
2845 3666 2974 3718 σκιὰ
3000 3665 3101 3736 τὴν
3150 3663 3411 3735 ἀλήθειαν
3452 3663 3699 3727 τυπικῶς
3724 3665 3863 3730 ἔξει-

2292 3759 2529 3813 κόνισεν.
2552 3757 2744 3821 Οὕτως
2766 3760 2793 3811 ὁ
2815 3757 2914 3827 τῆς
2936 3757 3215 3825 Αἰγύπτου
3245 3757 3544 3827 σιτοδότης,
3559 3759 3652 3810 καὶ
3671 3758 3863 3826 μικρὸν

2293 3849 2435 3920 ὑπὲρ
2474 3849 2679 3919 ταύτην
2711 3844 2792 3912 οἷς
2826 3848 3119 3911 πέπονθεν,
3139 3845 3220 3910 οἷς
3249 3849 3577 3920 εὐηργεσεν,
3602 3844 3682 3911 οἷς
3711 3851 3861 3919 παρᾶ

2291 3941 2427 3997 Θεοῦ
2449 3941 2733 4013 ἐδοξάσθη,
2762 3942 2855 3995 τὸν
2874 3942 3144 4013 τρέφοντα
3176 3943 3360 3995 πᾶσαν
3388 3942 3579 4012 πνοὴν,
3609 3942 3705 3994 καὶ
3719 3944 3858 4010 ὑπὲρ

2291 4036 2453 4107 ἡμῶν
2518 4040 2616 4092 καὶ
2668 4035 2930 4104 Θαύματα
2977 4035 3367 4104 ἐνεργήσαντα,
3418 4036 3513 4089 καὶ
3564 4033 3860 4103 παθήματα

2288 4127 2662 4199 ὑπομείναντα
2682 4128 2888 4196 Κύριον
2918 4126 3016 4196 τῆς
3049 4125 3210 4194 δόξης
3243 4124 3591 4194 συμϐολικῶς
3616 4126 3861 4195 προεμήψ

2286 4237 2469 4274 νυσεν.

604 4306 820 4352 secutus
886 4307 989 4359 est,
1035 4313 1156 4351 eum
1207 4300 1298 4367 qui
1346 4315 1558 4353 omnem
1612 4304 1864 4372 spiritum
1910 4309 2099 4370 nutrit,
2156 4319 2209 4363 et
2284 4328 2382 4381 pro
2436 4312 2592 4366 nonis
2640 4309 2917 4371 mirabilia
2967 4324 3130 4380 opera
3178 4319 3454 4379 patravit,
3504 4316 3690 4378 totque
3734 4323 3859 4363 crus-

606 4389 780 4441 ciatns
813 4390 1091 4452 sustinuit,
1130 4388 1414 4444 Dominum
1447 4393 1634 4460 gloriae
1692 4395 1989 4460 symbolice
2035 4406 2434 4466 prarnuntiavit.

693 4478 1175 4535 Veruuienintvero
1264 4497 1476 4537 rursum
1554 4500 1779 4554 magnus
1845 4489 1933 4543 ille
2003 4489 2167 4547 Israel
2209 4501 2250 4553 υ

604 4588 688 4626 tne
790 4572 856 4626 ad
918 4589 977 4626 se
1046 4576 1314 4640 advocat,
1372 4585 1745 4644 monstratque
1831 4596 1935 4649 quo
2015 4586 2172 4653 nton

603 4666 844 4720 moriens
889 4681 1106 4735 quoque
1159 4669 1336 4720 cruris
1383 4676 1568 4737 typum
1619 4676 2002 4742 expresserit;
2055 4692 2163 4732 non

602 4758 741 4811 enim
797 4767 1005 4812 tantum
1075 4759 1399 4828 properabat
1445 4776 1610 4829 purus
1643 4760 1731 4818 ille
1785 4766 1992 4834 Deique
2042 4784 2170 4823 cou-

555 4846 559 4850 ’
601 4846 886 4917 templator
932 4849 1168 4914 animus,
1217 4860 1273 4903 ιιι
1295 4851 1564 4919 juniorem
1597 4868 1848 4926 nepotem
1884 4874 2172 4928 praepone-

602 4946 682 4993 ret
707 4940 758 4992 ei
787 4941 875 5008 qui
903 4944 1160 5010 grandior
1188 4953 1315 4999 natu
1349 4958 1486 5014 erat,
1510 4952 1861 5007 commutatis
1892 4954 2166 5021 manibus,

2366 4498 2502 4565 Ἐμὲ
2556 4497 2690 4565 γοῦν
2730 4498 2825 4551 καὶ
2861 4492 3019 4559 αὖθις
3046 4498 3075 4549 ὁ
3111 4496 3289 4565 μέγας
3335 4492 3552 4562 Ἰσραὴλ
3582 4508 3855 4571 προσκας-
3906 4560 3913 4569 ε

2282 4585 2476 4650 λεῖται,
2502 4585 2597 4638 καὶ
2624 4584 2900 4637 δείκνυσιν
2933 4586 3081 4646 ὅπως
3136 4584 3231 4637 καὶ
3286 4583 3557 4636 τελευτῶν
3619 4580 3853 4652 σταυροῦ

2283 4677 2442 4742 δόξαν
2468 4676 2835 4747 πῳεχὰραξε,
2862 4679 2956 4729 καὶ
2985 4676 3221 4747 σταυροῦ
3244 4676 3417 4730 τύπον
3446 4674 3851 4743 προδιὲγραψε.

2280 4770 2357 4823 Οὐ
2386 4772 2495 4837 γὰρ
2530 4769 2884 4840 τοσούτῳγεό
2920 4768 3166 4838 καθαρὸς
3199 4770 3411 4832 ἐκεῖνος
3482 4768 3578 4820 καὶ
3613 4768 3847 4835 θεόπτης

2285 4862 2434 4927 νοῦς,
2466 4862 2557 4916 τὸν
2582 4863 2702 4916 νέον
2740 4861 2973 4914 ἔσπευδε
3014 4861 3300 4930 προθεῖναι
3339 4860 3434 4914 τοῦ
3466 4860 3608 4912 κατὰ
3639 4860 3853 4926 γένεσιν

2289 4951 2690 5022 πρωτεύοντος,
2718 4953 2814 5006 καὶ
2836 4952 2923 5003 διὰ
2982 4951 3142 5004 τοῦτο
3180 4952 3282 5014 τὰς
3340 4953 3530 5021 χεῖρας
3590 4949 3851 5019 ἠμειψεν..

601 5039 863 5097 quantum
895 5044 979 5100 ut,
1026 5038 1173 5091 velut
1228 5052 1326 5107 per
1375 5041 1604 5107 mnigtna
1637 5044 1930 5109 quoddam,
1989 5045 2174 5099 mttndi

2299 5062 2384 5115 mp
2420 5046 2521 5110 τὴν
2577 5043 2670 5098 τοῦ
2732 5044 2943 5112 κόσμου
3003 5042 3335 5113 προσκιὰσαι
3377 5040 3653 5108 σωτηρίαν
3698 5040 3853 5091 ὲϐούο

601 5119 836 5174 salutem
886 5137 1237 5194 prmuotaret;
1290 5129 1335 5184 si
1371 5130 1517 5183 enim
1575 5132 1644 5184 ita
1680 5130 1906 5187 affectus
1955 5132 2166 5199 fuisset,

600 5210 750 5265 nullo
803 5214 1016 5281 negetis
1071 5216 1209 5272 ﬁlios
1302 5219 1426 5277 illos
1467 5232 1824 5293 transponere
1886 5229 2167 5298 potuisset.

599 5300 655 5357 Id
708 5311 887 5356 autem
929 5320 1033 5358 non
1066 5308 1197 5375 egit.
1258 5310 1376 5376 Quo
1428 5315 1545 5381 ipso
1581 5316 1868 5388 perspicue
1905 5319 2161 5373 virtutem

597 5398 827 5459 vivitlrae
920 5396 1097 5450 crucis
1175 5400 1585 5460 demonstravit.
1636 5405 1696 5463 lu
1758 5406 1849 5463 illa
1914 5410 2058 5464 enim
2111 5419 2166 5464 et

603 5505 701 5560 per
753 5488 899 5543 illam
951 5503 981 5541 a
1031 5485 1191 5543 Patre
1253 5489 1515 5549 luminum
1562 5498 1904 5575 benediritur
1966 5503 2163 5567 omnis,

596 5583 687 5654 qui
721 5582 943 5638 Chrism
992 5580 1255 5647 adhaeret,
1297 5594 1352 5638 et
1415 5588 1558 5645 filius
1606 5592 1746 5662 ejus,
1784 5594 1904 5649 fidei
1963 5595 2166 5649 benefi-

675 5765 716 5798 "
766 5764 904 5823 Psal.
946 5785 1140 5835 LXXIII,
1176 5770 1231 5829 2.
1311 5770 1355 5806 ¹⁸
1380 5771 1523 5830 Psal.
1554 5791 1697 5840 sur,
1731 5777 1784 5833 7.
1818 5726 1833 5736 ⁹
1864 5780 1903 5812 ⁸⁵
1930 5777 2098 5835 i‘Cor.
2132 5794 2168 5843 ι,
2194 5779 2281 5837 23.
2366 5782 2404 5815 ⁸⁵
2430 5781 2566 5838 ibid.

2275 5135 2424 5189 λετο.
2457 5134 2535 5188 *Η
2561 5136 2671 5206 γὰρ
2702 5136 2767 5188 ἂν
2789 5135 3013 5195 ἐκείνως
3069 5134 3210 5202 ἔχων
3243 5133 3473 5202 γνώμης
3530 5132 3628 5183 καὶ
3686 5131 3852 5196 μετέφ

2270 5243 2438 5296 στησε
2484 5226 2554 5280 τὰ
2600 5226 2814 5283 παιδία.
2866 5225 2976 5278 Νῦν
3019 5224 3066 5278 δ’
3112 5227 3211 5295 οὐχ
3280 5225 3492 5286 οὕτως’
3531 5220 3645 5275 ἀλλ’
3678 5220 3849 5283 ἔδειξε

2277 5318 2574 5387 προφανῶς
2618 5318 2717 5387 τὴν
2750 5318 3035 5387 ἐνέργειαν
3095 5317 3189 5369 τοῦ
3242 5316 3531 5384 ζωηφόρου
3582 5310 3845 5381 σταυροῦ.

2276 5409 2367 5462 Ἐν
2420 5409 2570 5479 αύτῷ
2591 5410 2700 5477 γὰρ
2726 5410 2822 5462 καὶ
2849 5409 2917 5461 δι’
2942 5407 3107 5461 αὐτοῦ
3137 5407 3241 5460 ὑπὸ
3265 5406 3356 5458 τοῦ
3398 5403 3715 5475 ἀρχιφὼτου
3737 5405 3849 5455 Πα-

2274 5501 2402 5570 τρδς
2449 5500 2760 5567 εὐλογεῖται
2831 5501 2991 5562 πᾶςὸ
3050 5498 3273 5568 Χριστῷ
3323 5496 3696 5568 προσανὲχων,
3745 5492 3845 5545 καὶ

2277 5593 2469 5645 τέκνον
2503 5591 2669 5645 αὐτοῦ
2696 5594 2762 5663 τῇ
2795 5591 2978 5644 πίστει
3002 5591 3351 5653 καθίσταται,
3397 5589 3493 5643 καὶ
3520 5587 3583 5642 τό
3614 5601 3629 5617 ⁸
3680 5584 3843 5642 Ἰδοὺ

2684 5782 2728 5816 ¹⁴
2784 5782 2975 5838 Matth.
3004 5795 3092 5848 nt,
3145 5781 3231 5836 17.

4078 2904 4091 3185 i
