4156 6304
554 359 652 425 191

1684 362 2000 423 MACABII
2043 360 2674 422 CllliYSOCEPllALI

3711 367 3835 436 192

552 490 674 528 nem
704 473 930 528 salulem
965 475 1166 541 attulit,
1212 476 1453 543 mihique
1484 473 1737 544 precibus
1768 472 1965 526 vestris
1993 471 2230 525 divinam
2258 467 2495 538 Spiritus
2528 468 2945 525 illustrationem
2988 469 3295 539 impetrata,
3325 487 3445 543 quas
3485 472 3620 530 tnihi
3660 481 3729 532 ad
3762 473 3830 530 id

549 566 695 633 quod
744 566 999 636 proposui
1036 567 1426 635 perficiendum
1463 566 1605 620 vires
1636 564 2035 619 subministret.

624 658 771 726 Ergo
811 658 912 712 sub
938 660 1096 721 duro,
1148 674 1293 715 servo
1328 671 1383 714 et
1434 658 1637 712 crudeli
1682 658 1928 722 domino,
1982 671 2139 709 mun-

2318 656 2524 723 Γεγόνα
2533 671 2632 723 μεν
2661 654 2844 707 τοίνυν
2873 654 2977 707 ύπὺ
3015 654 3252 726 δεσπότῃ
3303 656 3487 727 πικρῷ
3516 657 3611 711 καὶ
3636 657 3832 728 ἀλιτη-

554 749 608 799 di
645 747 803 813 hujus
847 749 1114 816 principe,
1162 750 1325 804 vitam
1406 750 1769 815 agitabamus.
1821 746 2129 801 Humanum

557 854 793 907 namque
822 854 993 906 genus
1044 840 1322 894 fraudibus
1367 842 1482 895 suis
1516 842 1889 895 miserandum
1937 841 1988 894 in
2018 856 2138 893 mo-

564 933 692 983 dum
729 931 1183 995 circumvenerat;
1227 940 1279 985 et
1314 931 1642 986 indesinenti
1676 931 1763 984 illa
1804 946 1988 985 rerum
2031 940 2138 985 ter-

568 1022 819 1076 rrstrinm
872 1026 1227 1092 occupatione
1267 1025 1661 1090 atterebamur,
1706 1027 1760 1078 in
1821 1039 1984 1092 quam
2041 1038 2140 1077 nos

567 1112 896 1181 impulerant
954 1115 1278 1182 perditionis
1320 1115 1590 1182 magistri,
1638 1115 1795 1184 rigidi
1845 1115 1923 1168 illi
1974 1128 2142 1167 exac-

568 1212 717 1256 tores
756 1214 811 1256 et
865 1207 1163 1272 praepositi,
1216 1205 1436 1259 nefandi
1484 1209 1703 1275 tyranni
1743 1207 1795 1259 in
1840 1205 2148 1259 defectione

563 1295 716 1348 socii.
771 1295 1071 1350 Metuentes
1140 1298 1315 1362 enim,
1376 1312 1443 1350 ne
1484 1299 1550 1350 ad
1627 1297 1905 1350 meliorem
1935 1293 2144 1362 frugem

561 1396 982 1448 reverterentur,
1034 1396 1198 1439 et.ne
1228 1389 1427 1441 mentis
1478 1387 1691 1449 oculus,
1747 1388 1873 1441 aliis
1913 1388 2148 1455 negotiis

563 1474 799 1535 solutus,
878 1476 944 1526 ad
1013 1476 1352 1530 conditorem
1433 1494 1591 1531 suum
1652 1478 1971 1545 respiceret,
2029 1492 2148 1529 cer-

563 1567 852 1629 vicemque
896 1584 961 1620 ex
993 1571 1143 1637 gravi
1198 1571 1463 1623 idolorum
1522 1572 1788 1626 servitute
1841 1571 2149 1626 exsolveret

564 1656 717 1717 (nam
759 1668 952 1709 natura
1005 1673 1100 1711 sua
1144 1659 1306 1714 homo
1346 1660 1656 1713 libertatem
1691 1660 1884 1731 amat),
1940 1662 2147 1716 lateres

567 1743 748 1797 facere
798 1746 1009 1814 absque
1056 1749 1483 1815 intermissione,
1516 1759 1572 1804 et
1612 1751 1868 1806 civitates
1908 1752 2148 1807 condere

573 1839 730 1890 nobis
767 1848 824 1890 ut
856 1838 1552 1909 alienigenisimperarunt:
1589 1842 1787 1911 quibus
1838 1843 1984 1898 aliud
2034 1860 2141 1898 non

2244 748 2382 818 ρῖῳ,
2415 746 2491 816 τῷ
2521 746 2679 814 δεινῷ
2711 746 3131 815 κοσμοκράτορι·
3166 746 3414 815 ὑφείλετο
3448 748 3555 818 γάρ
3592 749 3680 803 διὰ
3719 750 3826 819 τῆς

2242 837 2460 904 ἀπάτης
2508 835 2762 897 ἐλεεινῶς
2807 835 2869 887 τὸ
2919 836 3286 904 ἀνθρώπινον,
3331 839 3426 890 καὶ
3490 842 3830 910 κατετρυχό-

2246 928 2385 996 μεθα
2414 929 2480 996 τῇ
2519 927 2707 997 μακρᾷ
2738 927 2845 978 τῶν
2891 928 3095 996 γηΐνων
3143 927 3391 998 ἀσχολίᾳ,
3436 930 3515 993 είς
3566 929 3635 1000 ἦν
3668 930 3822 1000 ῶθη-

2247 1035 2349 1072 σαν
2387 1020 2435 1070 si
2499 1019 2597 1085 τῆς
2639 1018 2916 1079 ἀπωλείας
2969 1019 3306 1083 διδάσκαλοι,
3364 1022 3413 1074 οἱ
3456 1020 3646 1092 βαρεῖς
3699 1026 3827 1076 ἐπι-

2244 1111 2439 1163 στάται
2473 1110 2565 1161 καὶ
2598 1109 3002 1163 συναποστάται
3054 1109 3134 1177 τῷ
3166 1109 3494 1180 παλαμναίῳ
3545 1113 3822 1183 τυράννῳ.

2248 1200 2558 1262 Δεδοικότες
2587 1200 2695 1268 γὰρ
2744 1200 2841 1269 τὴν
2872 1200 3028 1269 ἡμῶν
3050 1201 3145 1252 ἐπὶ
3195 1200 3255 1252 τὸ
3310 1203 3560 1268 κρεῖττον
3614 1205 3820 1256 ἐπάνο-

2245 1273 2358 1354 δον,
2396 1292 2468 1359 μή
2502 1306 2605 1343 που
2634 1290 2776 1342 κατὰ
2818 1290 3013 1358 σχολὴν
3059 1290 3088 1341 ὁ
3135 1289 3237 1358 τῆς
3280 1289 3520 1354 διανοίας
3578 1294 3824 1361 γεγονὼς

2251 1381 2526 1449 ὀφθαλμὴς
2556 1381 2694 1451 πρὸς
2720 1381 2811 1433 τδν
2831 1381 3081 1450 πλάστην
3113 1381 3425 1451 ἀναδράμῃ,
3466 1383 3561 1436 καὶ
3616 1386 3823 1453 πικρᾶς

2248 1473 2357 1525 τῶν
2399 1470 2633 1525 εἰδώλων
2659 1469 2899 1533 δουλείας
2928 1470 3129 1543 ἐκλύσῃ
3158 1472 3250 1525 τὸν
3267 1473 3475 1542 αὐχένα
3511 1490 3524 1504 ·
3567 1474 3821 1543 φιλελεύ-

2252 1566 2411 1636 θερον
2449 1564 2561 1635 γὰρ
2592 1562 2877 1633 ἄνθρωπος
2925 1561 3086 1629 φύσει
3124 1578 3138 1593 ο
3177 1562 3554 1633 πλινθουργεῖν
3615 1568 3820 1619 ἀκατά-

2254 1671 2493 1715 παυστα,
2525 1654 2617 1706 καὶ
2651 1652 2835 1721 πόλεις
2853 1651 3159 1719 οἰκοδομεῖν
3182 1652 3474 1704 ἐπέταττον
3492 1652 3818 1723 ἀλλοτρίοις.
3912 1720 3917 1723 ἠ

2254 1743 2375 1796 Εἶεν
2403 1746 2449 1798 δ’
2479 1738 2663 1807 αὗται,
2698 1745 2799 1796 ὅσα
2846 1743 2986 1812 μετὰ
3022 1743 3121 1812 τήν
3157 1742 3437 1796 ἔκπτωσιν
3454 1744 3552 1813 τῆς
3584 1746 3815 1815 τρυφῆς,

2251 1839 2399 1891 δεινὰ
2423 1843 2536 1901 τοῖς
2588 1837 2897 1907 ἀνθρώποις
2939 1836 3163 1906 ὲνεφύη,
3190 1837 3218 1890 ὅ
3248 1852 3309 1889 τε
3343 1835 3537 1906 μυρίος
3572 1838 3684 1889 τῶν
3713 1854 3815 1889 παο

569 1929 887 1997 intelligitur
921 1944 1082 1996 quam
1116 1931 1301 1998 gravia
1336 1933 1425 1985 illa
1486 1932 1847 1995 incommoda,
1885 1936 1937 1990 in
1981 1952 2123 2004 qum,

2258 1931 2365 1984 θῶν
2397 1930 2586 1999 ἐσμὸς,
2631 1931 2726 1983 καὶ
2777 1931 2919 1997 ὑπὲρ
2947 1929 3158 1997 μάταια
3201 1929 3433 1999 σπουδή.
3498 1929 3718 1999 Ἐπειδὴ
3758 1929 3818 1982 δὲ

573 2021 792 2071 amissis
836 2021 1068 2087 paradisi
1100 2022 1309 2075 deliciis
1334 2063 1350 2087 ,
1376 2023 1694 2089 incidimus;
1720 2040 1914 2091 nempe
1941 2025 2147 2080 inﬁnita

564 2110 656 2161 iila
714 2126 1005 2177 pravarum
1064 2114 1462 2181 appetitionum
1523 2117 1697 2170 series
1742 2124 1798 2171 et
1850 2119 2146 2182 connexio,

558 2214 841 2266 operaque
880 2210 931 2251 et
964 2201 1227 2254 industria
1263 2202 1314 2255 in
1374 2204 1532 2259 rebus
1568 2207 1721 2260 vanis
1751 2216 1805 2259 et
1842 2207 2151 2262 infructuo-

568 2291 645 2342 sis
685 2303 1026 2359 consumpta.
1066 2291 1262 2347 Verum
1300 2311 1421 2347 cum
1461 2296 1743 2353 Creatoris
1780 2300 1949 2353 nosui
1994 2302 2153 2353 boni-

572 2392 737 2432 tatem
777 2381 1003 2435 miuime
1042 2381 1288 2448 deceret,
1324 2394 1383 2439 ut
1437 2400 1556 2453 nos,
1602 2389 1701 2454 ipsi
1746 2390 1914 2442 exitio
1961 2402 2151 2443 nostro

568 2472 898 2535 servientes,
932 2484 1197 2540 perpetuo
1231 2491 1334 2542 ope
1379 2492 1474 2529 sua
1517 2480 1864 2537 deStitueret.
1910 2480 2148 2533 futurum

575 2575 754 2616 autem
787 2574 953 2623 esset.
987 2576 1045 2617 ut
1084 2565 1228 2619 Dens
1271 2567 1565 2635 aliquando
1604 2584 1701 2635 per
1729 2572 1939 2624 viscera
1989 2573 2151 2625 raise-

571 2655 842 2714 ricordize.
871 2666 926 2709 et.
965 2659 1224 2726 abyssum
1304 2659 1724 2714 miserationum
1795 2677 2040 2727 suarum,
2083 2667 2149 2717 ad

576 2760 680 2797 nos
751 2746 988 2799 humana
1031 2749 1133 2800 sub
1196 2749 1433 2817 imagine
1476 2751 1854 2816 descenderet,
1889 2764 1973 2820 ut,
2009 2756 2152 2824 quod

569 2835 739 2889 isaias
773 2835 849 2889 ait
879 2838 946 2899 πί,
983 2838 1033 2890 id
1061 2839 1201 2905 quod
1256 2854 1413 2893 suum
1461 2851 1596 2905 erat,
1662 2843 1766 2897 sibi
1827 2845 2152 2912 vindicaret,

576 2925 982 2993 malignumque
1050 2928 1348 2984 daemonem
1380 2942 1603 2987 exueret
1649 2934 1857 3000 Spoliis,
1891 2950 2009 3002 quae
2048 2952 2146 2993 nos

576 3032 794 3071 erantus
815 3017 1029 3087 (sumus
1051 3022 1195 3072 enim
1229 3023 1681 3090 pretiosissimum
1708 3026 1817 3081 Deo
1836 3030 2151 3099 peculium),

574 3109 853 3174 sapienter
894 3111 1184 3164 admodum
1255 3122 1309 3168 et
1342 3114 1536 3170 divinae
1569 3133 1683 3172 suae
1714 3120 1984 3188 majestati
2027 3138 2157 3177 con-

576 3200 984 3254 venientissime
1055 3212 1217 3257 totum
1278 3222 1389 3261 rem
1439 3209 1692 3266 instituit.
1757 3210 1890 3267 Nam
1963 3215 2027 3268 ad
2081 3216 2158 3270 le-

2253 2022 2347 2075 τοῦ
2379 2022 2687 2083 πλάσαντος
2733 2022 2834 2074 (οὐκ
2858 2017 2926 2091 ἦν
2969 2020 3234 2090 περιιδεῖν
3282 2021 3314 2089 ἡ
3326 2021 3430 2088 μᾶς
3459 2020 3637 2080 οὕτως
3666 2021 3819 2073 ἀπω-

2255 2117 2375 2188 λείᾳ
2405 2116 2776 2177 δουλεύοντας,
2807 2112 2998 2183 ἔμελλε
3021 2113 3078 2166 δὲ
3109 2113 3241 2175 Θεὸς
3271 2114 3363 2166 ἐπὶ
3391 2117 3494 2181 γῆς
3525 2129 3659 2166 ποτε
3694 2112 3819 2166 καθ’

2253 2211 2402 2278 ἡμᾶς
2437 2208 2632 2271 ἐλθεῖν,
2675 2207 2765 2259 διὰ
2827 2206 3108 2276 σπλάγχνα
3163 2204 3368 2268 ἐλέους,
3435 2204 3530 2257 καὶ
3583 2204 3824 2258 ἄϐυσσον

2253 2299 2576 2370 οἰκτιρμῶν,
2616 2297 2709 2362 ἵν’,
2740 2297 2768 2348 ὅ
2801 2314 2967 2366 φησιν
3017 2297 3268 2358 Ἡσαΐας,
3299 2296 3361 2348 τὺ
3391 2296 3593 2349 οίκεῖον
3623 2296 3827 2366 ἀφέλη-

2254 2409 2346 2445 ται
2371 2393 2463 2444 καὶ
2494 2389 2763 2460 γυμνὼσῃ
2808 2389 2918 2441 τῶν
2975 2389 3188 2442 σκύλων
3228 2389 3321 2441 τὸν
3362 2389 3624 2459 πονηρὸν,
3681 2389 3823 2456 άπερ

2256 2478 2399 2552 ἦμεν
2435 2483 2614 2551 ἡμεῖς,
2644 2481 2705 2533 τὸ
2733 2480 3066 2550 τιμιώτατον
3090 2479 3169 2548 τῷ
3197 2479 3318 2547 Θεῷ
3340 2483 3549 2551 κτῆμα,
3611 2480 3820 2532 οίκονο·

2260 2576 2351 2642 μεῖ
2377 2573 2536 2626 τοῦτο
2574 2571 2755 2641 σοφῶς
2779 2573 2941 2640 ἄγαν,
2998 2574 3094 2627 καὶ
3124 2571 3295 2633 ὅντως
3348 2571 3813 2641 θεοπρεπέστατα.

2257 2665 2654 2736 Προσκαλείται
2692 2663 2800 2734 γάρ
2864 2664 2959 2717 καὶ
3013 2661 3369 2733 προκαθαίρει
3419 2663 3571 2733 νόμῳ
3615 2664 3676 2715 τὸ
3715 2663 3826 2715 τῶν

2255 2759 2560 2826 ἀνθρώπων
2591 2756 2767 2826 γένος,
2804 2760 2899 2809 καὶ
2932 2752 3023 2809 διὰ
3064 2754 3361 2825 προφητῶν
3387 2754 3560 2819 λαλεῖ,
3608 2757 3704 2810 καὶ
3760 2755 3821 2807 ab

2261 2849 2561 2918 μυστήριον
2592 2843 3087 2917 προκαταγγέλλει.
3119 2843 3338 2905 Τύπους
3404 2843 3514 2912 γάρ
3546 2842 3657 2896 τῶν
3697 2843 3825 2895 ὲσύυ

2260 2954 2449 3006 στερον
2484 2936 2818 3007 εὐεργεσιῶν
2867 2933 3284 3005 παραδεικνύων
3328 2935 3396 3003 τῇ
3449 2936 3631 3002 φύσει,
3689 2949 3825 3002 χρη-

2261 3028 2476 3100 ματίζει
2504 3028 2581 3097 τῷ
2621 3029 2856 3097 Μωῦσῇ,
2891 3027 2986 3079 καὶ
3013 3024 3303 3095 λυτροῦται
3329 3025 3430 3089 τῆς
3477 3024 3676 3094 Φαραὼ
3698 3024 3821 3075 δου-

2258 3121 2411 3183 λείας
2454 3120 2546 3172 τὸν
2578 3118 2818 3189 Ἰσραὴλ,
2872 3117 2967 3170 καὶ
3022 3115 3166 3168 τελεῖ
3211 3114 3487 3185 παράδοξα
3540 3113 3677 3181 ἔργα
3729 3113 3826 3166 καὶ

2262 3212 2541 3282 θαύματος
2573 3212 2831 3280 γέμοντα,
2859 3208 2929 3260 τὰ
2956 3207 3012 3260 δὲ
3049 3207 3225 3260 πάντα
3253 3208 3344 3260 τὸν
3373 3207 3554 3275 τίμιον
3575 3205 3826 3275 προεικό-

570 3291 661 3357 gis
703 3292 952 3346 mandata
984 3290 1229 3349 homines
1263 3298 1411 3365 prius
1447 3299 1702 3368 advocat,
1738 3310 1794 3357 et.
1830 3303 1946 3374 lege
1989 3307 2141 3374 prius

2258 3305 2370 3370 νιξε
2406 3305 2660 3375 σταυρὸν,
2682 3304 2779 3356 ita).
2802 3303 2898 3373 τὴν
2922 3300 2992 3354 δι’
3020 3301 3184 3355 αὑτοῦ
3206 3317 3352 3371 σωτη
3363 3300 3507 3370 ρίαν.

580 3386 822 3450 mundat,
850 3396 903 3440 et
936 3403 1030 3456 per
1065 3390 1351 3459 prophetas
1391 3392 1650 3462 loquitur,
1693 3397 1884 3453 ethoc
1915 3401 2231 3469 mysterium
2273 3401 2575 3455 annuntiat.
2626 3398 2851 3469 Figuras
2883 3396 3027 3451 enim
3067 3396 3408 3464 sequentium
3447 3393 3825 3448 beneficiorum

575 3478 814 3532 humano
848 3482 1031 3549 generi
1065 3484 1440 3540 demonstrare
1472 3488 1680 3554 volens,
1705 3490 1879 3561 Moysi
1920 3505 2140 3561 apparet
2176 3510 2414 3563 eumque
2457 3494 2523 3548 de
2564 3493 2727 3547 rebus
2778 3490 2979 3546 divinis
3019 3489 3272 3552 instituit,
3309 3486 3559 3540 Israelem
3589 3482 3654 3542 ex
3686 3485 3827 3538 Pha-

581 3575 764 3625 raonis
793 3575 1056 3629 servitute
1096 3578 1310 3640 liberat,
1364 3589 1419 3632 et
1452 3582 1716 3650 stupenda
1763 3587 2004 3655 prodigia
2038 3587 2536 3657 admirationisque
2577 3585 2892 3655 plenissima
2962 3581 3145 3649 etllcit,
3216 3597 3334 3649 qua:
3405 3578 3589 3634 omnia
3665 3593 3826 3631 vene-

582 3663 807 3716 randam
847 3681 1083 3730 crucem,
1119 3682 1368 3738 eamque,
1400 3688 1519 3738 quae
1549 3674 1675 3728 inde
1706 3677 1862 3733 nobis
1897 3679 2137 3745 obvenit,
2174 3681 2401 3735 salutem
2436 3678 2958 3749 prmsignil‘icabant.

664 3752 877 3822 Virgam
940 3758 1105 3826 igitur
1156 3759 1296 3815 ferre
1348 3762 1570 3830 jubetur
1636 3767 1934 3837 legislator,
1994 3789 2155 3841 quem

585 3844 730 3899 Deus
762 3847 1009 3911 miserat,
1051 3859 1107 3903 ut
1138 3856 1393 3920 populum
1439 3855 1492 3908 iu
1528 3872 1689 3912 manu
1724 3863 1928 3930 potenti
1957 3864 2156 3918 libera-

584 3947 687 3991 ret.
724 3938 852 4003 Quae
887 3941 1031 4009 virga
1078 3944 1378 4012 spirituulis
1418 3946 1546 4019 ligni
1609 3951 1711 4004 vim
1746 3964 1799 4007 et
1840 3964 2158 4023 potestatem

582 4033 937 4100 prmuombat.
970 4035 1316 4094 Convenitur
1352 4043 1494 4097 enim
1524 4060 1649 4098 vere
1677 4047 1729 4100 in
1763 4049 2074 4116 draconem,
2108 4058 2163 4104 et

581 4125 818 4177 conterit
897 4127 1072 4196 capita
1157 4132 1483 4199 draconum,
1561 4147 1616 4191 et
1718 4141 2157 4195 adversariorum

586 4215 767 4282 virgas
798 4218 1039 4282 tlevorat,
1083 4222 1555 4297 improbitatisque
1607 4230 1870 4285 artificem
1902 4247 2007 4286 una
2035 4249 2157 4286 cum

583 4308 837 4361 omnibus
899 4313 1013 4363 suis
1096 4314 1431 4371 administris
1482 4321 1780 4388 redarguit,
1862 4336 2163 4389 eorumque

587 4394 803 4448 fraudes
841 4409 896 4452 et
944 4401 1274 4467 imposturas
1332 4406 1554 4475 detegit.
1623 4408 1900 4478 Sapientia
1987 4413 2154 4475 ettitn,

586 4501 712 4554 quze
746 4487 894 4541 verbi
945 4491 1390 4557 prtedit-atoribus
1448 4512 1543 4564 per
1600 4501 1907 4566 passionem
1957 4502 2156 4557 Christi

590 4579 821 4648 desuper
849 4584 969 4634 data
1001 4594 1104 4641 est.
1151 4599 1362 4639 omnem
1399 4590 1582 4642 mundi
1633 4592 1791 4660 hujus
1832 4593 1949 4646 falsi
1984 4594 2157 4648 nomi-

2332 3774 2512 3844 Αὐτὴν
2534 3772 2665 3841 γοῦν
2698 3771 2892 3841 ῥάϐδον
2920 3767 3206 3822 ἐκελεύετο
3228 3765 3416 3836 φέρειν
3447 3765 3476 3818 ὀ
3500 3760 3826 3833 προσαχθεὶς

2266 3869 2323 3919 ὲν
2357 3867 2501 3936 χειρὶ
2537 3865 2775 3933 κραταιᾷ
2799 3862 2890 3914 τόν
2930 3859 3060 3914 λαὸν
3094 3857 3466 3927 ἐλευθερῶσαι
3505 3855 3825 3923 νομοθέτης,

2261 3960 2356 4012 καὶ
2391 3955 2586 4029 ῥάϐδος
2616 3956 2712 4025 τὴν
2740 3953 2836 4007 τοῦ
2868 3949 3246 4017 πνευματικοῦ
3271 3949 3433 4014 ξύλου
3459 3946 3826 4016 προδιέγραφε

2261 4048 2493 4116 δύναμιν
2514 4062 2526 4074 ·
2561 4046 2772 4114 γίνεται
2802 4043 2913 4111 γὰρ
2948 4041 3042 4095 καὶ
3067 4041 3287 4109 δράκων
3319 4035 3557 4106 ἀληθῶς,
3594 4036 3826 4087 καὶσυν-

2266 4139 2447 4209 τρίϐει
2478 4138 2575 4200 τὰς
2604 4136 2851 4204 κεφαλάς
2896 4133 3007 4185 τῶν
3059 4130 3393 4201 δρακόντων,
3435 4128 3528 4180 καὶ
3559 4127 3657 4186 τὰς
3715 4124 3822 4176 τῶν

2264 4229 2564 4282 ἀντιθέτων
2598 4225 2878 4279 κατεσθίει
2911 4222 3160 4293 ῥάϐδους,
3183 4219 3279 4273 καὶ
3330 4219 3421 4271 τὸν
3453 4218 3713 4285 σοφιστὴν
3730 4216 3823 4282 τῆς

2264 4319 2463 4381 κακίας
2495 4318 2677 4379 αὐτοῖς
2701 4315 2998 4383 ύπουργοῖς
3027 4310 3299 4381 ἐξελέγχει
3333 4310 3510 4379 μάτην
3534 4307 3827 4375 σοφιζόμε-

2262 4427 2375 4462 νον.
2411 4409 2476 4460 Ἦ
2511 4409 2619 4476 γὰρ
2660 4405 2864 4460 ἄνωθεν
2906 4402 3069 4469 σοφία
3110 4403 3222 4463 τοῖς
3277 4398 3477 4473 κήρυξι
3523 4397 3619 4448 τοῦ
3669 4394 3826 4461 λόγου

2262 4501 2349 4553 διὰ
2380 4501 2487 4552 τῶν
2520 4497 2862 4567 παθημάτων
2894 4495 2987 4548 τοῦ
3018 4492 3254 4560 Χριστοῦ
3295 4489 3689 4560 χορηγηθείσα,
3725 4485 3828 4537 πᾶ-

2268 4610 2365 4647 σαν
2412 4590 2744 4660 άπεμώρανε
2807 4589 2906 4657 τὴν
2935 4586 3028 4639 τοῦ
3084 4586 3288 4653 κόσμου
3341 4583 3690 4651 ψευδώνυμον
3744 4593 3832 4627 σο-

590 4672 676 4726 uis
714 4672 1058 4739 sapientiam,
1097 4676 1320 4740 fatuam,
1375 4680 1684 4752 nttlliusqne
1747 4687 2002 4741 momenti
2036 4702 2152 4742 esse

2265 4685 2415 4751 φίαν,
2452 4657 2546 4734 καῖ
2570 4657 2632 4732 τδ
2689 4680 2855 4750 μηδὲν
2899 4672 3039 4729 εἶναι
3104 4673 3376 4738 ἀπέδειξε,
3438 4667 3829 4736 στηλιτεύσασα

588 4766 765 4817 demo:
792 4767 1003 4831 Stravit,
1044 4769 1289 4821 refutatis
1331 4770 1542 4836 fabulis,
1575 4774 1894 4844 publiceque
1935 4776 2156 4832 traduc-

592 4855 682 4917 tis,
713 4863 767 4908 et
797 4857 939 4909 omni
975 4859 1291 4924 deceptione
1334 4861 1563 4915 sublata.
1608 4862 1683 4917 Ne
1708 4880 1839 4917 vero
1866 4864 1959 4918 tibi
2000 4880 2159 4933 pere-

592 4946 804 5010 grinum
835 4958 888 5000 ct
938 4949 1210 5004 in~olitum
1250 4952 1514 5014 videatur,
1564 4969 1683 5008 cum
1745 4956 1898 5010 audis
1953 4958 2160 5011 instru-

597 5048 833 5090 mentum
875 5040 1001 5094 illud
1067 5044 1276 5098 invidiae
1312 5057 1363 5098 et
1423 5048 1648 5100 belluam
1709 5051 1895 5103 veneni
1947 5051 2159 5120 plenam

598 5126 764 5180 fuisse
801 5134 977 5185 crucis
1010 5132 1321 5204 imaginem.
1360 5138 1513 5192 Sicut
1545 5140 1688 5193 enim
1738 5140 1827 5194 ille
1870 5143 1961 5209 qui
2017 5142 2162 5195 muni

596 5220 888 5276 sanctitate
932 5227 1102 5292 major
1152 5239 1256 5293 est,
1294 5231 1343 5282 in
1376 5232 1529 5301 cujus
1571 5245 1864 5299 conspectu
1923 5250 1989 5288 ne
2050 5234 2162 5302 ipsa

599 5310 815 5378 quidem
848 5327 990 5366 astra
1026 5318 1220 5373 muutla
1254 5333 1401 5384 sunt,
1456 5334 1509 5377 et
1575 5327 1827 5379 universa
1888 5326 2166 5378 hominum

594 5402 1086 5473 justitialauqttatn
1155 5426 1362 5475 pannus
1426 5425 1793 5479 [musti-natm,
1861 5417 2020 5481 siem,
2082 5416 2167 5468 in-

596 5511 783 5564 quam,
819 5495 920 5550 iste
949 5513 1072 5550 cum
1107 5501 1304 5568 iniquis
1350 5516 1626 5574 reputatus
1686 5522 1790 5568 est.
1844 5523 1896 5561 ιιι
1950 5525 2046 5562 nos
2098 5524 2163 5561 rx

605 5587 801 5641 acerba
837 5589 1042 5656 peccati
1100 5595 1381 5659 tyrannide
1423 5601 1674 5667 eriperet,
1717 5601 1789 5655 ita
1824 5612 1877 5656 et
1908 5606 1979 5667 ut,
2023 5602 2165 5670 quod

678 5768 994 5839 "153.14",
1041 5775 1125 5828 12.

2260 4773 2387 4833 τοὺς
2415 4771 2638 4840 μύθους,
2668 4771 2761 4822 καὶ
2811 4769 2908 4835 τὴν
2935 4766 3152 4833 ἀπάτην
3180 4761 3523 4829 διελέγξασα.
3564 4761 3634 4811 Σὺ
3661 4756 3720 4808 δὲ
3756 4754 3830 4823 μὴ

2266 4863 2475 4929 ξενίζου
2515 4862 2576 4917 τὸ
2618 4861 2813 4928 πικρὸν
2871 4859 3103 4929 ὄργανον
3129 4856 3224 4910 τοῦ
3280 4854 3501 4922 φθόνου,
3564 4850 3655 4901 τὸν
3691 4846 3831 4899 ἰοϐό-

2264 4956 2355 5007 λον
2391 4955 2640 5023 θῆραέίς
2666 4953 2853 5005 εἰκόνα
2889 4949 3120 5018 σταυροῦ
3145 4945 3560 5015 λαμϐανόμενον
3590 4939 3828 4993 ἀκούων.

2277 5050 2365 5110 Ὠς
2396 5051 2504 5116 γὰρ
2543 5049 2570 5099 ὁ
2604 5047 2782 5112 πάσης
2816 5044 3101 5111 ἁγιότητος
3135 5041 3421 5105 ἐπέκεινα,
3457 5038 3549 5089 καὶ
3581 5029 3641 5088 οὗ
3700 5049 3853 5085 κατ-¹

2264 5155 2292 5192 ε
2310 5136 2498 5189 ιώπιον
2522 5136 2641 5188 οὐδὲ
2669 5137 2849 5203 ἄστρα
2870 5134 3107 5202 καθαρὰ,
3146 5130 3239 5182 καὶ
3274 5132 3425 5182 πᾶσα
3451 5128 3506 5180 δὲ
3535 5123 3836 5193 ἀνθρώπων

2267 5227 2587 5296 δικαιοσύνη
2620 5225 2696 5285 ὡς
2730 5224 2899 5294 ῥάκος
2938 5221 3391 5289 ἀποκαθημένης,
3437 5217 3513 5280 ὡς
3546 5217 3643 5270 οὖν
3683 5207 3836 5275 οὗτος

2271 5318 2407 5389 μετὰ
2438 5318 2652 5386 ἀνόμων
2678 5313 2953 5383 ἐλογίσθη.
3000 5312 3067 5365 ἶν’
3091 5314 3239 5384 ἡμᾶς
3290 5308 3578 5379 ἀπαλλάξῃ
3609 5307 3706 5373 τῆς
3752 5322 3843 5356 πι-

2271 5412 2408 5479 κρᾶς
2440 5408 2753 5480 τυραννίδος
2772 5408 2870 5474 τῆς
2896 5407 3192 5477 ἁμαρτίας,
3221 5402 3366 5457 οὕτω
3395 5404 3485 5456 καὶ
3510 5402 3569 5453 τὸ
3596 5397 3843 5469 προγρά-

2273 5520 2372 5569 φον
2401 5503 2490 5555 τὸν
2523 5501 2751 5568 σταυρὸν
2786 5499 2949 5553 αὑτοῦ
2984 5497 3139 5562 ξύλον
3164 5501 3241 5561 εἰς
3277 5496 3543 5566 δράκοντα
3574 5509 3844 5563 μετεσχη-

2278 5595 2533 5664 ματίςοη,
2571 5594 2637 5645 ἵν’
2696 5591 3010 5659 ἀποκτανθῇ
3077 5589 3153 5658 τῷ
3182 5589 3351 5659 ὁμοίῳ
3385 5588 3444 5640 τὸ
3483 5587 3689 5655 ὅμοιον,
3748 5584 3845 5637 καὶ
