  <div class='ocr_page' id='page_1' title='image "/cluster/home/n/w/nwhite01/storage/ocr_20150623/150/mdp.39015078384743/104.png"; bbox 0 0 4142 6294; ppageno 0'>
   <div class='ocr_carea' id='block_1_1' title="bbox 272 375 371 443">
    <p class='ocr_par' dir='ltr' id='par_1_1' title="bbox 272 375 371 443">
     <span class='ocr_line' id='line_1_1' title="bbox 272 375 371 443; baseline 0.02 -2"><span class='ocrx_word' id='word_1_1' title='bbox 272 375 371 443; x_wconf 69' lang='lat'>153</span> 
     </span>
    </p>
   </div>
   <div class='ocr_carea' id='block_1_2' title="bbox 1342 371 2512 436">
    <p class='ocr_par' dir='ltr' id='par_1_2' title="bbox 1342 371 2512 436">
     <span class='ocr_line' id='line_1_2' title="bbox 1342 371 2512 436; baseline 0 -2"><span class='ocrx_word' id='word_1_2' title='bbox 1342 373 1424 436; x_wconf 77' lang='grc' dir='ltr'>ΙΝ</span> <span class='ocrx_word' id='word_1_3' title='bbox 1466 371 2068 434; x_wconf 77' lang='lat' dir='ltr'>EXALTA&#39;IIONEM</span> <span class='ocrx_word' id='word_1_4' title='bbox 2111 373 2171 434; x_wconf 86' lang='lat' dir='ltr'>S.</span> <span class='ocrx_word' id='word_1_5' title='bbox 2214 373 2512 435; x_wconf 80' lang='lat' dir='ltr'>CRUCIS.</span> 
     </span>
    </p>
   </div>
   <div class='ocr_carea' id='block_1_3' title="bbox 2266 265 2311 275">
    <p class='ocr_par' dir='ltr' id='par_1_3' title="bbox 2266 265 2311 275">
     <span class='ocr_line' id='line_1_3' title="bbox 2266 265 2311 275; baseline 0 0"><span class='ocrx_word' id='word_1_6' title='bbox 2266 265 2311 275; x_wconf 68' lang='lat'>~—</span> 
     </span>
    </p>
   </div>
   <div class='ocr_carea' id='block_1_4' title="bbox 3438 344 3625 438">
    <p class='ocr_par' dir='ltr' id='par_1_4' title="bbox 3438 344 3625 438">
     <span class='ocr_line' id='line_1_4' title="bbox 3438 344 3625 438; baseline -0.005 0"><span class='ocrx_word' id='word_1_7' title='bbox 3438 384 3533 438; x_wconf 76' lang='lat' dir='ltr'>m</span> <span class='ocrx_word' id='word_1_8' title='bbox 3618 344 3625 349; x_wconf 53' lang='grc'><em>’</em></span> 
     </span>
    </p>
   </div>
   <div class='ocr_carea' id='block_1_5' title="bbox 278 469 1846 559">
    <p class='ocr_par' dir='ltr' id='par_1_5' title="bbox 278 483 1846 559">
     <span class='ocr_line' id='line_1_5' title="bbox 278 483 1846 559; baseline -0.005 -16"><span class='ocrx_word' id='word_1_9' title='bbox 278 488 548 559; x_wconf 78' lang='grc' dir='ltr'>συντριϐῇ</span> <span class='ocrx_word' id='word_1_10' title='bbox 590 486 650 540; x_wconf 81' lang='grc' dir='ltr'>τδ</span> <span class='ocrx_word' id='word_1_11' title='bbox 682 486 771 539; x_wconf 79' lang='grc' dir='ltr'>τοῦ</span> <span class='ocrx_word' id='word_1_12' title='bbox 821 487 999 540; x_wconf 82' lang='grc' dir='ltr'>Σατᾶν</span> <span class='ocrx_word' id='word_1_13' title='bbox 1054 484 1268 539; x_wconf 77' lang='grc' dir='ltr'>σκολιὸν</span> <span class='ocrx_word' id='word_1_14' title='bbox 1318 486 1394 554; x_wconf 84' lang='grc' dir='ltr'>τῷ</span> <span class='ocrx_word' id='word_1_15' title='bbox 1456 486 1707 556; x_wconf 76' lang='grc' dir='ltr'>φρονίμῳ</span> <span class='ocrx_word' id='word_1_16' title='bbox 1759 483 1846 554; x_wconf 74' lang='grc' dir='ltr'>τῆς</span> 
     </span>
    </p>
   </div>
   <div class='ocr_carea' id='block_1_6' title="bbox 1953 469 3532 559">
    <p class='ocr_par' dir='ltr' id='par_1_6' title="bbox 1965 469 3532 559">
     <span class='ocr_line' id='line_1_6' title="bbox 1965 469 3532 559; baseline 0.005 -21"><span class='ocrx_word' id='word_1_17' title='bbox 1965 485 2168 553; x_wconf 81' lang='lat' dir='ltr'>lignum</span> <span class='ocrx_word' id='word_1_18' title='bbox 2205 486 2384 540; x_wconf 87' lang='lat' dir='ltr'><strong>crucis</strong></span> <span class='ocrx_word' id='word_1_19' title='bbox 2414 489 2529 556; x_wconf 90' lang='lat' dir='ltr'><strong>ejus</strong></span> <span class='ocrx_word' id='word_1_20' title='bbox 2557 487 2957 559; x_wconf 73' lang='lat' dir='ltr'><strong>prmﬁgurabat,</strong></span> <span class='ocrx_word' id='word_1_21' title='bbox 2988 492 3038 544; x_wconf 92' lang='lat' dir='ltr'>in</span> <span class='ocrx_word' id='word_1_22' title='bbox 3077 469 3368 547; x_wconf 69' lang='lat' dir='ltr'><strong>draconem</strong></span> <span class='ocrx_word' id='word_1_23' title='bbox 3404 508 3532 546; x_wconf 75' lang='lat' dir='ltr'><strong>con&#39;</strong></span> 
     </span>
    </p>
   </div>
   <div class='ocr_carea' id='block_1_7' title="bbox 278 576 1847 651">
    <p class='ocr_par' dir='ltr' id='par_1_7' title="bbox 278 576 1847 651">
     <span class='ocr_line' id='line_1_7' title="bbox 278 576 1847 651; baseline -0.006 -14"><span class='ocrx_word' id='word_1_24' title='bbox 278 583 615 647; x_wconf 83' lang='grc' dir='ltr'>οἰκονομίας.</span> <span class='ocrx_word' id='word_1_25' title='bbox 644 580 805 651; x_wconf 80' lang='grc' dir='ltr'>Πλὴν,</span> <span class='ocrx_word' id='word_1_26' title='bbox 834 580 940 634; x_wconf 76' lang='grc' dir='ltr'>κᾶν</span> <span class='ocrx_word' id='word_1_27' title='bbox 968 581 1214 648; x_wconf 73' lang='grc' dir='ltr'>ἐγεγόνει</span> <span class='ocrx_word' id='word_1_28' title='bbox 1246 578 1377 648; x_wconf 75' lang='grc' dir='ltr'>πρὸς</span> <span class='ocrx_word' id='word_1_29' title='bbox 1410 578 1669 647; x_wconf 75' lang='grc' dir='ltr'>ἀλήθειαν</span> <span class='ocrx_word' id='word_1_30' title='bbox 1703 576 1847 642; x_wconf 70' lang='grc' dir='ltr'>ὄφις,</span> 
     </span>
    </p>
   </div>
   <div class='ocr_carea' id='block_1_8' title="bbox 281 669 1850 743">
    <p class='ocr_par' dir='ltr' id='par_1_8' title="bbox 281 669 1850 743">
     <span class='ocr_line' id='line_1_8' title="bbox 281 669 1850 743; baseline -0.004 -16"><span class='ocrx_word' id='word_1_31' title='bbox 281 675 386 727; x_wconf 83' lang='grc' dir='ltr'>κᾶν</span> <span class='ocrx_word' id='word_1_32' title='bbox 417 674 648 743; x_wconf 67' lang='grc' dir='ltr'>ἐφόϐησε</span> <span class='ocrx_word' id='word_1_33' title='bbox 676 673 768 725; x_wconf 79' lang='grc' dir='ltr'>τὸν</span> <span class='ocrx_word' id='word_1_34' title='bbox 815 671 1051 741; x_wconf 82' lang='grc' dir='ltr'>θεὸπτην</span> <span class='ocrx_word' id='word_1_35' title='bbox 1073 672 1134 724; x_wconf 87' lang='grc' dir='ltr'>τδ</span> <span class='ocrx_word' id='word_1_36' title='bbox 1170 671 1456 741; x_wconf 81' lang='grc' dir='ltr'>πρότερον,</span> <span class='ocrx_word' id='word_1_37' title='bbox 1489 670 1593 722; x_wconf 77' lang='grc' dir='ltr'>κᾶν</span> <span class='ocrx_word' id='word_1_38' title='bbox 1621 669 1850 721; x_wconf 73' lang='grc' dir='ltr'>κατέπιε</span> 
     </span>
    </p>
   </div>
   <div class='ocr_carea' id='block_1_9' title="bbox 285 759 1858 835">
    <p class='ocr_par' dir='ltr' id='par_1_9' title="bbox 285 759 1858 835">
     <span class='ocr_line' id='line_1_9' title="bbox 285 759 1858 835; baseline -0.004 -16"><span class='ocrx_word' id='word_1_39' title='bbox 285 768 395 820; x_wconf 83' lang='grc' dir='ltr'>τῶν</span> <span class='ocrx_word' id='word_1_40' title='bbox 428 770 631 835; x_wconf 82' lang='grc' dir='ltr'>γοήτων</span> <span class='ocrx_word' id='word_1_41' title='bbox 658 764 755 826; x_wconf 80' lang='grc' dir='ltr'>τὰς</span> <span class='ocrx_word' id='word_1_42' title='bbox 792 763 1024 835; x_wconf 74' lang='grc' dir='ltr'>ῥάϐδους</span> <span class='ocrx_word' id='word_1_43' title='bbox 1052 764 1113 815; x_wconf 86' lang='grc' dir='ltr'>τὸ</span> <span class='ocrx_word' id='word_1_44' title='bbox 1135 762 1410 834; x_wconf 86' lang='grc' dir='ltr'>δεύτερον,</span> <span class='ocrx_word' id='word_1_45' title='bbox 1448 761 1563 816; x_wconf 80' lang='grc' dir='ltr'>ἀλλ’</span> <span class='ocrx_word' id='word_1_46' title='bbox 1610 759 1704 814; x_wconf 79' lang='grc' dir='ltr'>οὖν</span> <span class='ocrx_word' id='word_1_47' title='bbox 1741 763 1858 813; x_wconf 87' lang='grc' dir='ltr'>ἐπι-</span> 
     </span>
    </p>
   </div>
   <div class='ocr_carea' id='block_1_10' title="bbox 289 850 1856 927">
    <p class='ocr_par' dir='ltr' id='par_1_10' title="bbox 289 850 1856 927">
     <span class='ocr_line' id='line_1_10' title="bbox 289 850 1856 927; baseline -0.006 -17"><span class='ocrx_word' id='word_1_48' title='bbox 289 856 697 927; x_wconf 75' lang='grc' dir='ltr'>λαμϐανομένου</span> <span class='ocrx_word' id='word_1_49' title='bbox 726 855 974 917; x_wconf 84' lang='grc' dir='ltr'>Μωσέως</span> <span class='ocrx_word' id='word_1_50' title='bbox 1006 853 1170 906; x_wconf 87' lang='grc' dir='ltr'>πάλιν</span> <span class='ocrx_word' id='word_1_51' title='bbox 1235 856 1443 922; x_wconf 83' lang='grc' dir='ltr'>γίνεται</span> <span class='ocrx_word' id='word_1_52' title='bbox 1500 850 1657 914; x_wconf 77' lang='grc' dir='ltr'>ξύλον</span> <span class='ocrx_word' id='word_1_53' title='bbox 1718 850 1856 918; x_wconf 71' lang='grc' dir='ltr'>πρὸς</span> 
     </span>
    </p>
   </div>
   <div class='ocr_carea' id='block_1_11' title="bbox 293 941 1853 1018">
    <p class='ocr_par' dir='ltr' id='par_1_11' title="bbox 293 941 1853 1018">
     <span class='ocr_line' id='line_1_11' title="bbox 293 941 1853 1018; baseline -0.006 -16"><span class='ocrx_word' id='word_1_54' title='bbox 293 948 543 1018; x_wconf 73' lang='grc' dir='ltr'>σύμϐολον</span> <span class='ocrx_word' id='word_1_55' title='bbox 569 946 663 999; x_wconf 82' lang='grc' dir='ltr'>τοῦ</span> <span class='ocrx_word' id='word_1_56' title='bbox 691 946 907 1016; x_wconf 81' lang='grc' dir='ltr'>μέλλειν</span> <span class='ocrx_word' id='word_1_57' title='bbox 930 947 1037 998; x_wconf 72' lang='grc' dir='ltr'>άπὸ</span> <span class='ocrx_word' id='word_1_58' title='bbox 1061 946 1318 1014; x_wconf 86' lang='grc' dir='ltr'>σώματος</span> <span class='ocrx_word' id='word_1_59' title='bbox 1353 945 1577 998; x_wconf 76' lang='grc' dir='ltr'>ἀνεῖσαν</span> <span class='ocrx_word' id='word_1_60' title='bbox 1591 942 1678 996; x_wconf 74' lang='grc' dir='ltr'>διὰ</span> <span class='ocrx_word' id='word_1_61' title='bbox 1698 941 1853 1006; x_wconf 79' lang='grc' dir='ltr'>ξύλου</span> 
     </span>
    </p>
   </div>
   <div class='ocr_carea' id='block_1_12' title="bbox 287 1039 990 1110">
    <p class='ocr_par' dir='ltr' id='par_1_12' title="bbox 287 1039 990 1110">
     <span class='ocr_line' id='line_1_12' title="bbox 287 1039 990 1110; baseline -0.001 -18"><span class='ocrx_word' id='word_1_62' title='bbox 287 1041 468 1110; x_wconf 78' lang='grc' dir='ltr'>νεκροῦ</span> <span class='ocrx_word' id='word_1_63' title='bbox 477 1039 599 1092; x_wconf 89' lang='grc' dir='ltr'>σθαι</span> <span class='ocrx_word' id='word_1_64' title='bbox 634 1041 735 1110; x_wconf 79' lang='grc' dir='ltr'>τὴν</span> <span class='ocrx_word' id='word_1_65' title='bbox 759 1039 990 1109; x_wconf 74' lang='grc' dir='ltr'>πλάνην.</span> 
     </span>
    </p>
   </div>
   <div class='ocr_carea' id='block_1_13' title="bbox 1961 582 3527 650">
    <p class='ocr_par' dir='ltr' id='par_1_13' title="bbox 1961 582 3527 650">
     <span class='ocr_line' id='line_1_13' title="bbox 1961 582 3527 650; baseline 0.005 -19"><span class='ocrx_word' id='word_1_66' title='bbox 1961 594 2178 633; x_wconf 71' lang='lat' dir='ltr'><strong>versum</strong></span> <span class='ocrx_word' id='word_1_67' title='bbox 2212 589 2315 644; x_wconf 88' lang='lat' dir='ltr'><strong>est,</strong></span> <span class='ocrx_word' id='word_1_68' title='bbox 2366 591 2423 633; x_wconf 93' lang='lat' dir='ltr'><strong>ut</strong></span> <span class='ocrx_word' id='word_1_69' title='bbox 2472 582 2634 634; x_wconf 87' lang='lat' dir='ltr'>simili</span> <span class='ocrx_word' id='word_1_70' title='bbox 2692 582 2868 636; x_wconf 81' lang='lat' dir='ltr'><strong>situile</strong></span> <span class='ocrx_word' id='word_1_71' title='bbox 2926 586 3349 650; x_wconf 76' lang='lat' dir='ltr'><strong>interﬁceretur,</strong></span> <span class='ocrx_word' id='word_1_72' title='bbox 3437 588 3527 640; x_wconf 74' lang='lat' dir='ltr'>Sa~</span> 
     </span>
    </p>
   </div>
   <div class='ocr_carea' id='block_1_14' title="bbox 1965 669 3533 742">
    <p class='ocr_par' dir='ltr' id='par_1_14' title="bbox 1965 669 3533 742">
     <span class='ocr_line' id='line_1_14' title="bbox 1965 669 3533 742; baseline 0.004 -20"><span class='ocrx_word' id='word_1_73' title='bbox 1965 678 2212 738; x_wconf 78' lang='lat' dir='ltr'>lana-que</span> <span class='ocrx_word' id='word_1_74' title='bbox 2254 669 2472 724; x_wconf 79' lang='lat' dir='ltr'><strong>fraudes</strong></span> <span class='ocrx_word' id='word_1_75' title='bbox 2503 683 2556 723; x_wconf 87' lang='lat' dir='ltr'><strong>et</strong></span> <span class='ocrx_word' id='word_1_76' title='bbox 2585 675 2745 739; x_wconf 70' lang='lat' dir='ltr'><strong>spira:</strong></span> <span class='ocrx_word' id='word_1_77' title='bbox 2799 676 3203 742; x_wconf 80' lang='lat' dir='ltr'><strong>sapientissimo</strong></span> <span class='ocrx_word' id='word_1_78' title='bbox 3256 677 3533 741; x_wconf 73' lang='lat' dir='ltr'><strong>disneusa-</strong></span> 
     </span>
    </p>
   </div>
   <div class='ocr_carea' id='block_1_15' title="bbox 1965 762 3528 821">
    <p class='ocr_par' dir='ltr' id='par_1_15' title="bbox 1965 762 3528 821">
     <span class='ocr_line' id='line_1_15' title="bbox 1965 762 3528 821; baseline 0.003 -7"><span class='ocrx_word' id='word_1_79' title='bbox 1965 763 2128 814; x_wconf 85' lang='lat' dir='ltr'><strong>tionis</strong></span> <span class='ocrx_word' id='word_1_80' title='bbox 2165 762 2392 815; x_wconf 88' lang='lat' dir='ltr'><strong>consilio</strong></span> <span class='ocrx_word' id='word_1_81' title='bbox 2417 772 2846 818; x_wconf 80' lang='lat' dir='ltr'><strong>conterereulur.</strong></span> <span class='ocrx_word' id='word_1_82' title='bbox 2880 767 3147 820; x_wconf 67' lang='lat' dir='ltr'><strong>Caeterum</strong></span> <span class='ocrx_word' id='word_1_83' title='bbox 3185 767 3307 820; x_wconf 86' lang='lat' dir='ltr'><strong>licet</strong></span> <span class='ocrx_word' id='word_1_84' title='bbox 3340 783 3528 821; x_wconf 74' lang='lat' dir='ltr'><strong>rewra</strong></span> 
     </span>
    </p>
   </div>
   <div class='ocr_carea' id='block_1_16' title="bbox 1964 851 3534 929">
    <p class='ocr_par' dir='ltr' id='par_1_16' title="bbox 1964 851 3534 929">
     <span class='ocr_line' id='line_1_16' title="bbox 1964 851 3534 929; baseline 0.003 -26"><span class='ocrx_word' id='word_1_85' title='bbox 1964 851 2016 904; x_wconf 92' lang='lat' dir='ltr'>in</span> <span class='ocrx_word' id='word_1_86' title='bbox 2047 862 2353 920; x_wconf 88' lang='lat' dir='ltr'><strong>serpentem</strong></span> <span class='ocrx_word' id='word_1_87' title='bbox 2392 853 2608 917; x_wconf 76' lang='lat' dir='ltr'>abierit,</span> <span class='ocrx_word' id='word_1_88' title='bbox 2662 855 2786 908; x_wconf 88' lang='lat' dir='ltr'><strong>licet</strong></span> <span class='ocrx_word' id='word_1_89' title='bbox 2839 859 3179 925; x_wconf 83' lang='lat' dir='ltr'><strong>prophetam,</strong></span> <span class='ocrx_word' id='word_1_90' title='bbox 3222 859 3314 929; x_wconf 85' lang='lat' dir='ltr'><strong>qui</strong></span> <span class='ocrx_word' id='word_1_91' title='bbox 3372 859 3534 911; x_wconf 82' lang='lat' dir='ltr'><strong>Deum</strong></span> 
     </span>
    </p>
   </div>
   <div class='ocr_carea' id='block_1_17' title="bbox 1964 941 3534 1018">
    <p class='ocr_par' dir='ltr' id='par_1_17' title="bbox 1964 941 3534 1018">
     <span class='ocr_line' id='line_1_17' title="bbox 1964 941 3534 1018; baseline 0.003 -23"><span class='ocrx_word' id='word_1_92' title='bbox 1964 941 2195 1006; x_wconf 83' lang='lat' dir='ltr'><strong>viderat,</strong></span> <span class='ocrx_word' id='word_1_93' title='bbox 2260 942 2411 1009; x_wconf 89' lang='lat' dir='ltr'><strong>prius</strong></span> <span class='ocrx_word' id='word_1_94' title='bbox 2459 943 2737 1009; x_wconf 88' lang='lat' dir='ltr'><strong>terruerit,</strong></span> <span class='ocrx_word' id='word_1_95' title='bbox 2801 945 2928 998; x_wconf 88' lang='lat' dir='ltr'><strong>licet</strong></span> <span class='ocrx_word' id='word_1_96' title='bbox 2977 948 3214 1001; x_wconf 86' lang='lat' dir='ltr'><strong>secundo</strong></span> <span class='ocrx_word' id='word_1_97' title='bbox 3265 949 3534 1018; x_wconf 84' lang='lat' dir='ltr'><strong>Magorum</strong></span> 
     </span>
    </p>
   </div>
   <div class='ocr_carea' id='block_1_18' title="bbox 1961 1032 3533 1108">
    <p class='ocr_par' dir='ltr' id='par_1_18' title="bbox 1961 1032 3533 1108">
     <span class='ocr_line' id='line_1_18' title="bbox 1961 1032 3533 1108; baseline 0.002 -22"><span class='ocrx_word' id='word_1_98' title='bbox 1961 1032 2139 1102; x_wconf 73' lang='lat' dir='ltr'><strong>virgas</strong></span> <span class='ocrx_word' id='word_1_99' title='bbox 2170 1033 2510 1085; x_wconf 83' lang='lat' dir='ltr'><strong>devoraverit</strong></span> <span class='ocrx_word' id='word_1_100' title='bbox 2538 1050 2551 1097; x_wconf 93' lang='lat'><strong>;</strong></span> <span class='ocrx_word' id='word_1_101' title='bbox 2584 1045 2850 1095; x_wconf 84' lang='lat' dir='ltr'><strong>attamen,</strong></span> <span class='ocrx_word' id='word_1_102' title='bbox 2891 1037 3108 1102; x_wconf 83' lang='lat' dir='ltr'><strong>quando</strong></span> <span class='ocrx_word' id='word_1_103' title='bbox 3140 1053 3169 1090; x_wconf 87' lang='lat' dir='ltr'>a</span> <span class='ocrx_word' id='word_1_104' title='bbox 3198 1037 3379 1108; x_wconf 72' lang='lat' dir='ltr'><strong>Moyse</strong></span> <span class='ocrx_word' id='word_1_105' title='bbox 3399 1041 3533 1093; x_wconf 87' lang='lat' dir='ltr'><strong>reei-</strong></span> 
     </span>
    </p>
   </div>
   <div class='ocr_carea' id='block_1_19' title="bbox 276 1126 3532 1201">
    <p class='ocr_par' dir='ltr' id='par_1_19' title="bbox 276 1126 3532 1201">
     <span class='ocr_line' id='line_1_19' title="bbox 276 1126 3532 1201; baseline 0 -18"><span class='ocrx_word' id='word_1_106' title='bbox 276 1135 538 1201; x_wconf 84' lang='lat' dir='ltr'><strong>piebatur,</strong></span> <span class='ocrx_word' id='word_1_107' title='bbox 580 1142 634 1186; x_wconf 90' lang='lat' dir='ltr'>et</span> <span class='ocrx_word' id='word_1_108' title='bbox 688 1131 1215 1201; x_wconf 78' lang='lat' dir='ltr'><strong>appreliendebatur,</strong></span> <span class='ocrx_word' id='word_1_109' title='bbox 1280 1144 1469 1184; x_wconf 84' lang='lat' dir='ltr'>rursus</span> <span class='ocrx_word' id='word_1_110' title='bbox 1518 1129 1576 1184; x_wconf 91' lang='lat' dir='ltr'><strong>in</strong></span> <span class='ocrx_word' id='word_1_111' title='bbox 1632 1128 1835 1198; x_wconf 87' lang='lat' dir='ltr'><strong>lignum</strong></span> <span class='ocrx_word' id='word_1_112' title='bbox 1880 1133 2299 1191; x_wconf 85' lang='lat' dir='ltr'><strong>transmutatur;</strong></span> <span class='ocrx_word' id='word_1_113' title='bbox 2333 1126 2475 1195; x_wconf 66' lang='lat' dir='ltr'><strong>quoi</strong></span> <span class='ocrx_word' id='word_1_114' title='bbox 2513 1137 2838 1196; x_wconf 86' lang='lat' dir='ltr'><strong>argumento</strong></span> <span class='ocrx_word' id='word_1_115' title='bbox 2872 1137 3010 1193; x_wconf 86' lang='lat' dir='ltr'><strong>erat,</strong></span> <span class='ocrx_word' id='word_1_116' title='bbox 3089 1145 3208 1182; x_wconf 89' lang='lat' dir='ltr'>eam</span> <span class='ocrx_word' id='word_1_117' title='bbox 3274 1147 3394 1199; x_wconf 78' lang='lat' dir='ltr'><strong>quae</strong></span> <span class='ocrx_word' id='word_1_118' title='bbox 3469 1148 3532 1184; x_wconf 81' lang='lat' dir='ltr'><strong>ex</strong></span> 
     </span>
    </p>
   </div>
   <div class='ocr_carea' id='block_1_20' title="bbox 272 1217 3083 1292">
    <p class='ocr_par' dir='ltr' id='par_1_20' title="bbox 272 1217 3083 1292">
     <span class='ocr_line' id='line_1_20' title="bbox 272 1217 3083 1292; baseline -0.002 -16"><span class='ocrx_word' id='word_1_119' title='bbox 272 1238 497 1289; x_wconf 82' lang='lat' dir='ltr'><strong>corpore</strong></span> <span class='ocrx_word' id='word_1_120' title='bbox 524 1235 644 1276; x_wconf 83' lang='lat' dir='ltr'><strong>orta</strong></span> <span class='ocrx_word' id='word_1_121' title='bbox 676 1233 783 1284; x_wconf 85' lang='lat' dir='ltr'><strong>est,</strong></span> <span class='ocrx_word' id='word_1_122' title='bbox 815 1220 1057 1277; x_wconf 76' lang='lat' dir='ltr'><strong>fraudem</strong></span> <span class='ocrx_word' id='word_1_123' title='bbox 1095 1233 1149 1277; x_wconf 91' lang='lat' dir='ltr'>et</span> <span class='ocrx_word' id='word_1_124' title='bbox 1183 1224 1553 1292; x_wconf 88' lang='lat' dir='ltr'><strong>deceptiouem</strong></span> <span class='ocrx_word' id='word_1_125' title='bbox 1600 1221 1932 1275; x_wconf 76' lang='lat' dir='ltr'><strong>exstinctum</strong></span> <span class='ocrx_word' id='word_1_126' title='bbox 1972 1217 2058 1271; x_wconf 87' lang='lat' dir='ltr'><strong>iri.</strong></span> <span class='ocrx_word' id='word_1_127' title='bbox 3072 1236 3083 1241; x_wconf 93' lang='grc'>·</span> 
     </span>
    </p>
   </div>
   <div class='ocr_carea' id='block_1_21' title="bbox 353 1312 1851 1385">
    <p class='ocr_par' dir='ltr' id='par_1_21' title="bbox 353 1312 1851 1385">
     <span class='ocr_line' id='line_1_21' title="bbox 353 1312 1851 1385; baseline 0 -20"><span class='ocrx_word' id='word_1_128' title='bbox 353 1312 479 1366; x_wconf 80' lang='grc' dir='ltr'>Ἑπί</span> <span class='ocrx_word' id='word_1_129' title='bbox 514 1314 726 1378; x_wconf 79' lang='grc' dir='ltr'>τούτοις</span> <span class='ocrx_word' id='word_1_130' title='bbox 758 1315 1011 1385; x_wconf 79' lang='grc' dir='ltr'>μαστίζει</span> <span class='ocrx_word' id='word_1_131' title='bbox 1060 1314 1192 1378; x_wconf 76' lang='grc' dir='ltr'>Θεὸς</span> <span class='ocrx_word' id='word_1_132' title='bbox 1243 1315 1343 1384; x_wconf 84' lang='grc' dir='ltr'>τὴν</span> <span class='ocrx_word' id='word_1_133' title='bbox 1401 1315 1694 1381; x_wconf 71' lang='grc' dir='ltr'>Αἴγυπτον,</span> <span class='ocrx_word' id='word_1_134' title='bbox 1757 1312 1851 1365; x_wconf 72' lang='grc' dir='ltr'>καί⁵</span> 
     </span>
    </p>
   </div>
   <div class='ocr_carea' id='block_1_22' title="bbox 271 1403 1849 1476">
    <p class='ocr_par' dir='ltr' id='par_1_22' title="bbox 271 1403 1849 1476">
     <span class='ocr_line' id='line_1_22' title="bbox 271 1403 1849 1476; baseline -0.003 -19"><span class='ocrx_word' id='word_1_135' title='bbox 271 1405 517 1473; x_wconf 78' lang='grc' dir='ltr'>Μωῡσῆς</span> <span class='ocrx_word' id='word_1_136' title='bbox 549 1406 822 1476; x_wconf 79' lang='grc' dir='ltr'>ὑπουργεῖ</span> <span class='ocrx_word' id='word_1_137' title='bbox 842 1405 961 1476; x_wconf 68' lang='grc' dir='ltr'>θείᾳ</span> <span class='ocrx_word' id='word_1_138' title='bbox 990 1404 1242 1474; x_wconf 83' lang='grc' dir='ltr'>δυνάμει,</span> <span class='ocrx_word' id='word_1_139' title='bbox 1275 1407 1367 1458; x_wconf 73' lang='grc' dir='ltr'>καὶ</span> <span class='ocrx_word' id='word_1_140' title='bbox 1398 1404 1598 1457; x_wconf 80' lang='grc' dir='ltr'>δεκάδα</span> <span class='ocrx_word' id='word_1_141' title='bbox 1622 1403 1849 1472; x_wconf 82' lang='grc' dir='ltr'>πληγῶν</span> 
     </span>
    </p>
   </div>
   <div class='ocr_carea' id='block_1_23' title="bbox 267 1492 1845 1566">
    <p class='ocr_par' dir='ltr' id='par_1_23' title="bbox 267 1492 1845 1566">
     <span class='ocr_line' id='line_1_23' title="bbox 267 1492 1845 1566; baseline -0.001 -16"><span class='ocrx_word' id='word_1_142' title='bbox 267 1494 698 1564; x_wconf 77' lang='grc' dir='ltr'>κατεργάζεται,</span> <span class='ocrx_word' id='word_1_143' title='bbox 752 1496 957 1550; x_wconf 77' lang='grc' dir='ltr'>τέλειον</span> <span class='ocrx_word' id='word_1_144' title='bbox 987 1496 1217 1566; x_wconf 80' lang='grc' dir='ltr'>ἀριθμὸν</span> <span class='ocrx_word' id='word_1_145' title='bbox 1262 1492 1533 1559; x_wconf 81' lang='grc' dir='ltr'>κολάσεως</span> <span class='ocrx_word' id='word_1_146' title='bbox 1569 1496 1708 1548; x_wconf 76' lang='grc' dir='ltr'>κατὰ</span> <span class='ocrx_word' id='word_1_147' title='bbox 1735 1494 1845 1548; x_wconf 82' lang='grc' dir='ltr'>τῶν</span> 
     </span>
    </p>
   </div>
   <div class='ocr_carea' id='block_1_24' title="bbox 263 1585 1847 1656">
    <p class='ocr_par' dir='ltr' id='par_1_24' title="bbox 263 1585 1847 1656">
     <span class='ocr_line' id='line_1_24' title="bbox 263 1585 1847 1656; baseline 0 -18"><span class='ocrx_word' id='word_1_148' title='bbox 263 1588 451 1638; x_wconf 75' lang='grc' dir='ltr'>τέλεια</span> <span class='ocrx_word' id='word_1_149' title='bbox 470 1585 816 1653; x_wconf 73' lang='grc' dir='ltr'>δεδρακότων</span> <span class='ocrx_word' id='word_1_150' title='bbox 865 1586 1005 1656; x_wconf 75' lang='grc' dir='ltr'>ἔργα</span> <span class='ocrx_word' id='word_1_151' title='bbox 1045 1586 1434 1655; x_wconf 74' lang='grc' dir='ltr'>παραϐάσεως,</span> <span class='ocrx_word' id='word_1_152' title='bbox 1466 1586 1562 1638; x_wconf 82' lang='grc' dir='ltr'>καί</span> <span class='ocrx_word' id='word_1_153' title='bbox 1590 1586 1669 1648; x_wconf 89' lang='grc' dir='ltr'>εἰς</span> <span class='ocrx_word' id='word_1_154' title='bbox 1711 1586 1847 1655; x_wconf 83' lang='grc' dir='ltr'>μνή-</span> 
     </span>
    </p>
   </div>
   <div class='ocr_carea' id='block_1_25' title="bbox 271 1675 1842 1748">
    <p class='ocr_par' dir='ltr' id='par_1_25' title="bbox 271 1675 1842 1748">
     <span class='ocr_line' id='line_1_25' title="bbox 271 1675 1842 1748; baseline -0.001 -20"><span class='ocrx_word' id='word_1_155' title='bbox 271 1694 382 1746; x_wconf 86' lang='grc' dir='ltr'>μην</span> <span class='ocrx_word' id='word_1_156' title='bbox 414 1675 510 1727; x_wconf 81' lang='grc' dir='ltr'>τοῦ</span> <span class='ocrx_word' id='word_1_157' title='bbox 567 1676 847 1746; x_wconf 77' lang='grc' dir='ltr'>θαύματος</span> <span class='ocrx_word' id='word_1_158' title='bbox 894 1677 1215 1748; x_wconf 68' lang='grc' dir='ltr'>ἰσαρίθμους</span> <span class='ocrx_word' id='word_1_159' title='bbox 1258 1677 1477 1739; x_wconf 83' lang='grc' dir='ltr'>ἐντολὰς</span> <span class='ocrx_word' id='word_1_160' title='bbox 1531 1676 1842 1747; x_wconf 80' lang='grc' dir='ltr'>διαγράφει,</span> 
     </span>
    </p>
   </div>
   <div class='ocr_carea' id='block_1_26' title="bbox 2031 1309 3534 1381">
    <p class='ocr_par' dir='ltr' id='par_1_26' title="bbox 2031 1309 3534 1381">
     <span class='ocr_line' id='line_1_26' title="bbox 2031 1309 3534 1381; baseline 0.001 -18"><span class='ocrx_word' id='word_1_161' title='bbox 2031 1310 2238 1363; x_wconf 84' lang='lat' dir='ltr'><strong>Interea</strong></span> <span class='ocrx_word' id='word_1_162' title='bbox 2274 1309 2511 1377; x_wconf 82' lang='lat' dir='ltr'><strong>ﬂagellat</strong></span> <span class='ocrx_word' id='word_1_163' title='bbox 2562 1309 2700 1365; x_wconf 90' lang='lat' dir='ltr'><strong>Deus</strong></span> <span class='ocrx_word' id='word_1_164' title='bbox 2730 1311 3022 1381; x_wconf 58' lang='lat' dir='ltr'><strong>IEgyptum</strong></span> <span class='ocrx_word' id='word_1_165' title='bbox 3059 1312 3255 1366; x_wconf 76' lang='lat' dir='ltr'><strong>divina:</strong></span> <span class='ocrx_word' id='word_1_166' title='bbox 3286 1314 3534 1381; x_wconf 77' lang='lat' dir='ltr'><strong>potentia:</strong></span> 
     </span>
    </p>
   </div>
   <div class='ocr_carea' id='block_1_27' title="bbox 1955 1399 3531 1477">
    <p class='ocr_par' dir='ltr' id='par_1_27' title="bbox 1955 1399 3531 1477">
     <span class='ocr_line' id='line_1_27' title="bbox 1955 1399 3531 1477; baseline 0.001 -23"><span class='ocrx_word' id='word_1_167' title='bbox 1955 1402 2276 1457; x_wconf 76' lang='lat' dir='ltr'>administro</span> <span class='ocrx_word' id='word_1_168' title='bbox 2297 1401 2497 1471; x_wconf 83' lang='lat' dir='ltr'><strong>Moyse,</strong></span> <span class='ocrx_word' id='word_1_169' title='bbox 2535 1403 2625 1472; x_wconf 90' lang='lat' dir='ltr'><strong>qui</strong></span> <span class='ocrx_word' id='word_1_170' title='bbox 2674 1405 2839 1457; x_wconf 87' lang='lat' dir='ltr'><strong>denas</strong></span> <span class='ocrx_word' id='word_1_171' title='bbox 2878 1399 3069 1474; x_wconf 81' lang='lat' dir='ltr'><strong>plagas</strong></span> <span class='ocrx_word' id='word_1_172' title='bbox 3089 1404 3283 1477; x_wconf 72' lang='lat' dir='ltr'><strong>eilieit,</strong></span> <span class='ocrx_word' id='word_1_173' title='bbox 3315 1417 3372 1457; x_wconf 89' lang='lat' dir='ltr'><strong>ut</strong></span> <span class='ocrx_word' id='word_1_174' title='bbox 3409 1420 3531 1474; x_wconf 86' lang='lat' dir='ltr'><strong>per-</strong></span> 
     </span>
    </p>
   </div>
   <div class='ocr_carea' id='block_1_28' title="bbox 1953 1493 3534 1565">
    <p class='ocr_par' dir='ltr' id='par_1_28' title="bbox 1953 1493 3534 1565">
     <span class='ocr_line' id='line_1_28' title="bbox 1953 1493 3534 1565; baseline 0.003 -20"><span class='ocrx_word' id='word_1_175' title='bbox 1953 1493 2158 1547; x_wconf 79' lang='lat' dir='ltr'><strong>fectum</strong></span> <span class='ocrx_word' id='word_1_176' title='bbox 2195 1493 2452 1546; x_wconf 84' lang='lat' dir='ltr'><strong>nimirum</strong></span> <span class='ocrx_word' id='word_1_177' title='bbox 2502 1494 2753 1562; x_wconf 82' lang='lat' dir='ltr'><strong>supplicii</strong></span> <span class='ocrx_word' id='word_1_178' title='bbox 2793 1510 3076 1548; x_wconf 90' lang='lat' dir='ltr'><strong>numerum</strong></span> <span class='ocrx_word' id='word_1_179' title='bbox 3140 1496 3408 1560; x_wconf 74' lang='lat' dir='ltr'>subirent,</span> <span class='ocrx_word' id='word_1_180' title='bbox 3439 1497 3534 1565; x_wconf 90' lang='lat' dir='ltr'>qui</span> 
     </span>
    </p>
   </div>
   <div class='ocr_carea' id='block_1_29' title="bbox 1951 1584 3531 1653">
    <p class='ocr_par' dir='ltr' id='par_1_29' title="bbox 1951 1584 3531 1653">
     <span class='ocr_line' id='line_1_29' title="bbox 1951 1584 3531 1653; baseline 0.003 -18"><span class='ocrx_word' id='word_1_181' title='bbox 1951 1584 2016 1636; x_wconf 89' lang='lat' dir='ltr'><strong>ad</strong></span> <span class='ocrx_word' id='word_1_182' title='bbox 2050 1598 2319 1637; x_wconf 77' lang='lat' dir='ltr'><strong>summum</strong></span> <span class='ocrx_word' id='word_1_183' title='bbox 2364 1598 2535 1653; x_wconf 88' lang='lat' dir='ltr'><strong>usque</strong></span> <span class='ocrx_word' id='word_1_184' title='bbox 2568 1584 2833 1638; x_wconf 85' lang='lat' dir='ltr'><strong>scelerum</strong></span> <span class='ocrx_word' id='word_1_185' title='bbox 2895 1597 3274 1653; x_wconf 86' lang='lat' dir='ltr'><strong>processerant</strong></span> <span class='ocrx_word' id='word_1_186' title='bbox 3306 1603 3321 1651; x_wconf 92' lang='lat'><strong>;</strong></span> <span class='ocrx_word' id='word_1_187' title='bbox 3394 1596 3448 1640; x_wconf 86' lang='lat' dir='ltr'><strong>et</strong></span> <span class='ocrx_word' id='word_1_188' title='bbox 3481 1591 3531 1639; x_wconf 90' lang='lat' dir='ltr'>in</span> 
     </span>
    </p>
   </div>
   <div class='ocr_carea' id='block_1_30' title="bbox 1954 1674 3531 1747">
    <p class='ocr_par' dir='ltr' id='par_1_30' title="bbox 1954 1674 3531 1747">
     <span class='ocr_line' id='line_1_30' title="bbox 1954 1674 3531 1747; baseline 0.003 -21"><span class='ocrx_word' id='word_1_189' title='bbox 1954 1674 2270 1729; x_wconf 77' lang='lat' dir='ltr'><strong>numoriam</strong></span> <span class='ocrx_word' id='word_1_190' title='bbox 2315 1675 2561 1729; x_wconf 82' lang='lat' dir='ltr'><strong>miraculi</strong></span> <span class='ocrx_word' id='word_1_191' title='bbox 2596 1677 2779 1729; x_wconf 86' lang='lat' dir='ltr'><strong>decem</strong></span> <span class='ocrx_word' id='word_1_192' title='bbox 2819 1688 3089 1747; x_wconf 60' lang='lat' dir='ltr'><strong>praeepta</strong></span> <span class='ocrx_word' id='word_1_193' title='bbox 3119 1678 3439 1746; x_wconf 67' lang='lat' dir='ltr'><strong>praescribit,</strong></span> <span class='ocrx_word' id='word_1_194' title='bbox 3475 1689 3531 1731; x_wconf 91' lang='lat' dir='ltr'>ut.</span> 
     </span>
    </p>
   </div>
   <div class='ocr_carea' id='block_1_31' title="bbox 267 1764 1846 1842">
    <p class='ocr_par' dir='ltr' id='par_1_31' title="bbox 267 1766 1846 1836">
     <span class='ocr_line' id='line_1_31' title="bbox 267 1766 1846 1836; baseline -0.001 -16"><span class='ocrx_word' id='word_1_195' title='bbox 267 1771 345 1830; x_wconf 79' lang='grc' dir='ltr'>ὡς</span> <span class='ocrx_word' id='word_1_196' title='bbox 369 1768 438 1818; x_wconf 74' lang='grc' dir='ltr'>ἂν</span> <span class='ocrx_word' id='word_1_197' title='bbox 475 1766 641 1830; x_wconf 73' lang='grc' dir='ltr'>ἀξίως</span> <span class='ocrx_word' id='word_1_198' title='bbox 695 1770 795 1821; x_wconf 73' lang='grc' dir='ltr'>καὶ</span> <span class='ocrx_word' id='word_1_199' title='bbox 848 1768 1121 1835; x_wconf 79' lang='grc' dir='ltr'>Αἴγυπτος</span> <span class='ocrx_word' id='word_1_200' title='bbox 1170 1768 1257 1822; x_wconf 77' lang='grc' dir='ltr'>διὰ</span> <span class='ocrx_word' id='word_1_201' title='bbox 1311 1766 1411 1836; x_wconf 83' lang='grc' dir='ltr'>τῆς</span> <span class='ocrx_word' id='word_1_202' title='bbox 1474 1767 1695 1829; x_wconf 85' lang='grc' dir='ltr'>δεκάδος</span> <span class='ocrx_word' id='word_1_203' title='bbox 1739 1766 1846 1820; x_wconf 85' lang='grc' dir='ltr'>τῶν</span> 
     </span>
    </p>
   </div>
   <div class='ocr_carea' id='block_1_32' title="bbox 1953 1764 3531 1842">
    <p class='ocr_par' dir='ltr' id='par_1_32' title="bbox 1953 1764 3531 1842">
     <span class='ocr_line' id='line_1_32' title="bbox 1953 1764 3531 1842; baseline 0.001 -23"><span class='ocrx_word' id='word_1_204' title='bbox 1953 1764 2218 1836; x_wconf 65' lang='lat' dir='ltr'><strong>Egyptus</strong></span> <span class='ocrx_word' id='word_1_205' title='bbox 2249 1766 2403 1833; x_wconf 80' lang='lat' dir='ltr'><strong>digne</strong></span> <span class='ocrx_word' id='word_1_206' title='bbox 2422 1779 2517 1832; x_wconf 86' lang='lat' dir='ltr'>per</span> <span class='ocrx_word' id='word_1_207' title='bbox 2538 1766 2722 1818; x_wconf 82' lang='lat' dir='ltr'><strong>decem</strong></span> <span class='ocrx_word' id='word_1_208' title='bbox 2754 1767 2936 1835; x_wconf 84' lang='lat' dir='ltr'><strong>plagas</strong></span> <span class='ocrx_word' id='word_1_209' title='bbox 2954 1767 3256 1842; x_wconf 60' lang='lat' dir='ltr'><strong>puniri-tur,</strong></span> <span class='ocrx_word' id='word_1_210' title='bbox 3277 1782 3331 1821; x_wconf 82' lang='lat' dir='ltr'><strong>et</strong></span> <span class='ocrx_word' id='word_1_211' title='bbox 3371 1769 3531 1823; x_wconf 83' lang='lat' dir='ltr'><strong>Israel</strong></span> 
     </span>
    </p>
   </div>
   <div class='ocr_carea' id='block_1_33' title="bbox 274 1859 1844 1931">
    <p class='ocr_par' dir='ltr' id='par_1_33' title="bbox 274 1859 1844 1931">
     <span class='ocr_line' id='line_1_33' title="bbox 274 1859 1844 1931; baseline 0 -20"><span class='ocrx_word' id='word_1_212' title='bbox 274 1860 561 1928; x_wconf 75' lang='grc' dir='ltr'>μαστίγων</span> <span class='ocrx_word' id='word_1_213' title='bbox 593 1862 911 1929; x_wconf 81' lang='grc' dir='ltr'>τιμωρηθῇ,</span> <span class='ocrx_word' id='word_1_214' title='bbox 959 1861 1056 1912; x_wconf 80' lang='grc' dir='ltr'>καὶ</span> <span class='ocrx_word' id='word_1_215' title='bbox 1097 1860 1316 1931; x_wconf 78' lang='grc' dir='ltr'>Ἰσραὴλ</span> <span class='ocrx_word' id='word_1_216' title='bbox 1338 1860 1425 1912; x_wconf 86' lang='grc' dir='ltr'>διὰ</span> <span class='ocrx_word' id='word_1_217' title='bbox 1463 1859 1562 1928; x_wconf 77' lang='grc' dir='ltr'>τῆς</span> <span class='ocrx_word' id='word_1_218' title='bbox 1623 1859 1844 1920; x_wconf 84' lang='grc' dir='ltr'>δεκάδος</span> 
     </span>
    </p>
   </div>
   <div class='ocr_carea' id='block_1_34' title="bbox 270 1945 1842 2020">
    <p class='ocr_par' dir='ltr' id='par_1_34' title="bbox 270 1945 1842 2020">
     <span class='ocr_line' id='line_1_34' title="bbox 270 1945 1842 2020; baseline 0.001 -22"><span class='ocrx_word' id='word_1_219' title='bbox 270 1950 384 2000; x_wconf 78' lang='grc' dir='ltr'>τῶν</span> <span class='ocrx_word' id='word_1_220' title='bbox 420 1948 646 2002; x_wconf 82' lang='grc' dir='ltr'>ἐντολῶν</span> <span class='ocrx_word' id='word_1_221' title='bbox 671 1948 1034 2020; x_wconf 80' lang='grc' dir='ltr'>εὐεργετηθῇ.</span> <span class='ocrx_word' id='word_1_222' title='bbox 1066 1949 1297 2003; x_wconf 74' lang='lat' dir='ltr'><strong>Am).on</strong></span> <span class='ocrx_word' id='word_1_223' title='bbox 1339 1951 1448 2019; x_wconf 81' lang='grc' dir='ltr'>γὰρ</span> <span class='ocrx_word' id='word_1_224' title='bbox 1478 1945 1547 2017; x_wconf 81' lang='grc' dir='ltr'>ἦν</span> <span class='ocrx_word' id='word_1_225' title='bbox 1583 1947 1842 2015; x_wconf 80' lang='grc' dir='ltr'>τάγαθὸν,</span> 
     </span>
    </p>
   </div>
   <div class='ocr_carea' id='block_1_35' title="bbox 269 2035 1844 2111">
    <p class='ocr_par' dir='ltr' id='par_1_35' title="bbox 269 2035 1844 2111">
     <span class='ocr_line' id='line_1_35' title="bbox 269 2035 1844 2111; baseline -0.001 -20"><span class='ocrx_word' id='word_1_226' title='bbox 269 2041 381 2092; x_wconf 75' lang='grc' dir='ltr'>τῶν</span> <span class='ocrx_word' id='word_1_227' title='bbox 413 2042 511 2109; x_wconf 79' lang='grc' dir='ltr'>μὲν</span> <span class='ocrx_word' id='word_1_228' title='bbox 540 2042 951 2110; x_wconf 76' lang='grc' dir='ltr'>κολαζομένων,</span> <span class='ocrx_word' id='word_1_229' title='bbox 983 2035 1163 2095; x_wconf 60' lang='grc' dir='ltr'>τῶνδὲ</span> <span class='ocrx_word' id='word_1_230' title='bbox 1184 2041 1612 2111; x_wconf 81' lang='grc' dir='ltr'>παιδευομένων.</span> <span class='ocrx_word' id='word_1_231' title='bbox 1644 2039 1844 2108; x_wconf 84' lang='grc' dir='ltr'>Πρώτη</span> 
     </span>
    </p>
   </div>
   <div class='ocr_carea' id='block_1_36' title="bbox 274 2131 1844 2204">
    <p class='ocr_par' dir='ltr' id='par_1_36' title="bbox 274 2131 1844 2204">
     <span class='ocr_line' id='line_1_36' title="bbox 274 2131 1844 2204; baseline -0.001 -20"><span class='ocrx_word' id='word_1_232' title='bbox 274 2133 376 2200; x_wconf 66' lang='grc' dir='ltr'>ιέν</span> <span class='ocrx_word' id='word_1_233' title='bbox 408 2131 504 2185; x_wconf 71' lang='grc' dir='ltr'>οὖν</span> <span class='ocrx_word' id='word_1_234' title='bbox 542 2133 650 2185; x_wconf 85' lang='grc' dir='ltr'>τῶν</span> <span class='ocrx_word' id='word_1_235' title='bbox 701 2135 1064 2202; x_wconf 81' lang='grc' dir='ltr'>ἐπαγομένων</span> <span class='ocrx_word' id='word_1_236' title='bbox 1119 2137 1186 2204; x_wconf 77' lang='grc' dir='ltr'>τῇ</span> <span class='ocrx_word' id='word_1_237' title='bbox 1234 2133 1388 2204; x_wconf 82' lang='grc' dir='ltr'>χώρᾳ</span> <span class='ocrx_word' id='word_1_238' title='bbox 1450 2132 1755 2202; x_wconf 83' lang='grc' dir='ltr'>τιμωριῶν,</span> <span class='ocrx_word' id='word_1_239' title='bbox 1811 2133 1844 2200; x_wconf 83' lang='grc' dir='ltr'>ἠ</span> 
     </span>
    </p>
   </div>
   <div class='ocr_carea' id='block_1_37' title="bbox 268 2223 1875 2295">
    <p class='ocr_par' dir='ltr' id='par_1_37' title="bbox 268 2223 1875 2295">
     <span class='ocr_line' id='line_1_37' title="bbox 268 2223 1875 2295; baseline 0.002 -21"><span class='ocrx_word' id='word_1_240' title='bbox 268 2226 381 2275; x_wconf 75' lang='grc' dir='ltr'>τῶν</span> <span class='ocrx_word' id='word_1_241' title='bbox 417 2223 626 2277; x_wconf 78' lang='grc' dir='ltr'>ὑδάτων</span> <span class='ocrx_word' id='word_1_242' title='bbox 671 2226 816 2277; x_wconf 63' lang='grc' dir='ltr'>ἐστὶν</span> <span class='ocrx_word' id='word_1_243' title='bbox 879 2226 1244 2295; x_wconf 80' lang='grc' dir='ltr'>ἐξαιμάτωσις</span> <span class='ocrx_word' id='word_1_244' title='bbox 1277 2241 1292 2257; x_wconf 86' lang='grc'>⁶</span> <span class='ocrx_word' id='word_1_245' title='bbox 1344 2226 1593 2294; x_wconf 84' lang='grc' dir='ltr'>δευτέρα,</span> <span class='ocrx_word' id='word_1_246' title='bbox 1655 2226 1687 2294; x_wconf 81' lang='grc' dir='ltr'><strong>ἡ</strong></span> <span class='ocrx_word' id='word_1_247' title='bbox 1736 2225 1875 2283; x_wconf 73' lang='grc' dir='ltr'>τῶν,</span> 
     </span>
    </p>
   </div>
   <div class='ocr_carea' id='block_1_38' title="bbox 275 2315 1847 2386">
    <p class='ocr_par' dir='ltr' id='par_1_38' title="bbox 275 2315 1847 2386">
     <span class='ocr_line' id='line_1_38' title="bbox 275 2315 1847 2386; baseline -0.002 -17"><span class='ocrx_word' id='word_1_248' title='bbox 275 2315 570 2385; x_wconf 70' lang='grc' dir='ltr'>βατράχων</span> <span class='ocrx_word' id='word_1_249' title='bbox 601 2316 922 2379; x_wconf 78' lang='grc' dir='ltr'>ἁνάϐλυσις’</span> <span class='ocrx_word' id='word_1_250' title='bbox 955 2317 1138 2386; x_wconf 81' lang='grc' dir='ltr'>τρίτη,</span> <span class='ocrx_word' id='word_1_251' title='bbox 1169 2317 1202 2386; x_wconf 80' lang='grc' dir='ltr'>ἠ</span> <span class='ocrx_word' id='word_1_252' title='bbox 1233 2316 1343 2370; x_wconf 85' lang='grc' dir='ltr'>τῶν</span> <span class='ocrx_word' id='word_1_253' title='bbox 1378 2315 1622 2368; x_wconf 83' lang='grc' dir='ltr'>σκνιπῶν</span> <span class='ocrx_word' id='word_1_254' title='bbox 1643 2330 1658 2346; x_wconf 83' lang='lat'><strong><em>°</em></strong></span> <span class='ocrx_word' id='word_1_255' title='bbox 1694 2316 1847 2385; x_wconf 78' lang='grc' dir='ltr'>ήτῆς</span> 
     </span>
    </p>
   </div>
   <div class='ocr_carea' id='block_1_39' title="bbox 272 2403 1850 2476">
    <p class='ocr_par' dir='ltr' id='par_1_39' title="bbox 272 2403 1850 2476">
     <span class='ocr_line' id='line_1_39' title="bbox 272 2403 1850 2476; baseline -0.001 -20"><span class='ocrx_word' id='word_1_256' title='bbox 272 2406 608 2472; x_wconf 76' lang='grc' dir='ltr'>κυνομυίας,</span> <span class='ocrx_word' id='word_1_257' title='bbox 648 2406 884 2476; x_wconf 83' lang='grc' dir='ltr'>τετάρτη</span> <span class='ocrx_word' id='word_1_258' title='bbox 914 2420 928 2434; x_wconf 88' lang='grc'><strong>·</strong></span> <span class='ocrx_word' id='word_1_259' title='bbox 966 2407 999 2473; x_wconf 77' lang='grc' dir='ltr'><strong>ἡ</strong></span> <span class='ocrx_word' id='word_1_260' title='bbox 1028 2405 1204 2475; x_wconf 81' lang='grc' dir='ltr'>φθορά</span> <span class='ocrx_word' id='word_1_261' title='bbox 1228 2404 1286 2458; x_wconf 75' lang='grc' dir='ltr'>δὲ</span> <span class='ocrx_word' id='word_1_262' title='bbox 1323 2408 1547 2474; x_wconf 81' lang='grc' dir='ltr'>πέμπτη</span> <span class='ocrx_word' id='word_1_263' title='bbox 1579 2403 1688 2456; x_wconf 82' lang='grc' dir='ltr'>τῶν</span> <span class='ocrx_word' id='word_1_264' title='bbox 1704 2420 1850 2471; x_wconf 70' lang='grc' dir='ltr'>ικτη-</span> 
     </span>
    </p>
   </div>
   <div class='ocr_carea' id='block_1_40' title="bbox 273 2493 1847 2566">
    <p class='ocr_par' dir='ltr' id='par_1_40' title="bbox 273 2493 1847 2566">
     <span class='ocr_line' id='line_1_40' title="bbox 273 2493 1847 2566; baseline -0.004 -17"><span class='ocrx_word' id='word_1_265' title='bbox 273 2496 420 2549; x_wconf 81' lang='grc' dir='ltr'>νῶν·</span> <span class='ocrx_word' id='word_1_266' title='bbox 462 2494 620 2562; x_wconf 73' lang='grc' dir='ltr'>ἕκτη,</span> <span class='ocrx_word' id='word_1_267' title='bbox 653 2497 687 2566; x_wconf 76' lang='grc' dir='ltr'>η</span> <span class='ocrx_word' id='word_1_268' title='bbox 722 2496 829 2547; x_wconf 82' lang='grc' dir='ltr'>τῶν</span> <span class='ocrx_word' id='word_1_269' title='bbox 868 2495 1175 2564; x_wconf 78' lang='grc' dir='ltr'>φλυκτίδων</span> <span class='ocrx_word' id='word_1_270' title='bbox 1218 2495 1465 2558; x_wconf 74' lang='grc' dir='ltr'>ἐπίθεσις</span> <span class='ocrx_word' id='word_1_271' title='bbox 1487 2510 1501 2524; x_wconf 78' lang='grc'><strong>⁸</strong></span> <span class='ocrx_word' id='word_1_272' title='bbox 1553 2493 1779 2562; x_wconf 75' lang='grc' dir='ltr'>ἐῦδόμη,</span> <span class='ocrx_word' id='word_1_273' title='bbox 1813 2495 1847 2562; x_wconf 82' lang='grc' dir='ltr'><strong>ή</strong></span> 
     </span>
    </p>
   </div>
   <div class='ocr_carea' id='block_1_41' title="bbox 272 2583 1844 2655">
    <p class='ocr_par' dir='ltr' id='par_1_41' title="bbox 272 2583 1844 2655">
     <span class='ocr_line' id='line_1_41' title="bbox 272 2583 1844 2655; baseline -0.001 -18"><span class='ocrx_word' id='word_1_274' title='bbox 272 2587 365 2637; x_wconf 74' lang='grc' dir='ltr'>διὰ</span> <span class='ocrx_word' id='word_1_275' title='bbox 394 2587 567 2655; x_wconf 78' lang='grc' dir='ltr'>πυρὸς</span> <span class='ocrx_word' id='word_1_276' title='bbox 618 2586 712 2639; x_wconf 85' lang='grc' dir='ltr'>καί</span> <span class='ocrx_word' id='word_1_277' title='bbox 737 2584 982 2655; x_wconf 72' lang='grc' dir='ltr'>χαλάζης</span> <span class='ocrx_word' id='word_1_278' title='bbox 1002 2601 1018 2617; x_wconf 77' lang='grc' dir='ltr'><strong><em>ο</em></strong></span> <span class='ocrx_word' id='word_1_279' title='bbox 1044 2584 1227 2654; x_wconf 80' lang='grc' dir='ltr'>ὀγδόη,</span> <span class='ocrx_word' id='word_1_280' title='bbox 1263 2586 1297 2655; x_wconf 74' lang='grc' dir='ltr'><strong>ἠ</strong></span> <span class='ocrx_word' id='word_1_281' title='bbox 1329 2584 1421 2637; x_wconf 79' lang='grc' dir='ltr'>διὰ</span> <span class='ocrx_word' id='word_1_282' title='bbox 1446 2584 1557 2637; x_wconf 84' lang='grc' dir='ltr'>τῶν</span> <span class='ocrx_word' id='word_1_283' title='bbox 1582 2583 1844 2654; x_wconf 60' lang='grc' dir='ltr'>ἀκρίδων</span> 
     </span>
    </p>
   </div>
   <div class='ocr_carea' id='block_1_42' title="bbox 272 2676 1849 2747">
    <p class='ocr_par' dir='ltr' id='par_1_42' title="bbox 272 2676 1849 2747">
     <span class='ocr_line' id='line_1_42' title="bbox 272 2676 1849 2747; baseline 0 -19"><span class='ocrx_word' id='word_1_284' title='bbox 272 2678 477 2746; x_wconf 89' lang='grc' dir='ltr'>ἐννάτη</span> <span class='ocrx_word' id='word_1_285' title='bbox 508 2679 540 2745; x_wconf 89' lang='grc' dir='ltr'>ὴ</span> <span class='ocrx_word' id='word_1_286' title='bbox 563 2677 650 2730; x_wconf 88' lang='grc' dir='ltr'>διά</span> <span class='ocrx_word' id='word_1_287' title='bbox 674 2678 768 2730; x_wconf 82' lang='grc' dir='ltr'>τοῦ</span> <span class='ocrx_word' id='word_1_288' title='bbox 815 2676 1143 2747; x_wconf 74' lang='grc' dir='ltr'>ψηλαφητοῦ</span> <span class='ocrx_word' id='word_1_289' title='bbox 1171 2680 1421 2740; x_wconf 80' lang='grc' dir='ltr'>σκότους,</span> <span class='ocrx_word' id='word_1_290' title='bbox 1456 2677 1551 2730; x_wconf 71' lang='grc' dir='ltr'>καὶ</span> <span class='ocrx_word' id='word_1_291' title='bbox 1576 2676 1849 2745; x_wconf 87' lang='grc' dir='ltr'>δεκάτη,ὁ</span> 
     </span>
    </p>
   </div>
   <div class='ocr_carea' id='block_1_43' title="bbox 271 2765 1848 2838">
    <p class='ocr_par' dir='ltr' id='par_1_43' title="bbox 271 2765 1848 2838">
     <span class='ocr_line' id='line_1_43' title="bbox 271 2765 1848 2838; baseline -0.001 -18"><span class='ocrx_word' id='word_1_292' title='bbox 271 2770 384 2820; x_wconf 80' lang='grc' dir='ltr'>τῶν</span> <span class='ocrx_word' id='word_1_293' title='bbox 418 2771 784 2838; x_wconf 77' lang='grc' dir='ltr'>πρωτοτόκων</span> <span class='ocrx_word' id='word_1_294' title='bbox 817 2769 1065 2832; x_wconf 84' lang='grc' dir='ltr'>θάνατος.</span> <span class='ocrx_word' id='word_1_295' title='bbox 1102 2771 1210 2822; x_wconf 78' lang='grc' dir='ltr'>Καὶ</span> <span class='ocrx_word' id='word_1_296' title='bbox 1243 2770 1420 2821; x_wconf 88' lang='grc' dir='ltr'>πάντα</span> <span class='ocrx_word' id='word_1_297' title='bbox 1480 2768 1579 2836; x_wconf 77' lang='grc' dir='ltr'>μὲν</span> <span class='ocrx_word' id='word_1_298' title='bbox 1630 2770 1697 2838; x_wconf 82' lang='grc' dir='ltr'>τῇ</span> <span class='ocrx_word' id='word_1_299' title='bbox 1753 2765 1848 2820; x_wconf 82' lang='grc' dir='ltr'>τοῦ</span> 
     </span>
    </p>
   </div>
   <div class='ocr_carea' id='block_1_44' title="bbox 275 2858 1851 2931">
    <p class='ocr_par' dir='ltr' id='par_1_44' title="bbox 275 2858 1851 2931">
     <span class='ocr_line' id='line_1_44' title="bbox 275 2858 1851 2931; baseline -0.001 -18"><span class='ocrx_word' id='word_1_300' title='bbox 275 2860 516 2931; x_wconf 66' lang='grc' dir='ltr'>σταυροῦ</span> <span class='ocrx_word' id='word_1_301' title='bbox 548 2860 899 2931; x_wconf 86' lang='grc' dir='ltr'>προτυπώσει</span> <span class='ocrx_word' id='word_1_302' title='bbox 952 2861 1162 2929; x_wconf 87' lang='grc' dir='ltr'>γίνεται</span> <span class='ocrx_word' id='word_1_303' title='bbox 1189 2900 1204 2923; x_wconf 91' lang='grc'>,</span> <span class='ocrx_word' id='word_1_304' title='bbox 1238 2862 1298 2913; x_wconf 86' lang='grc' dir='ltr'>οὐ</span> <span class='ocrx_word' id='word_1_305' title='bbox 1330 2861 1507 2914; x_wconf 84' lang='grc' dir='ltr'>πάντα</span> <span class='ocrx_word' id='word_1_306' title='bbox 1545 2859 1604 2913; x_wconf 76' lang='grc' dir='ltr'>δὲ</span> <span class='ocrx_word' id='word_1_307' title='bbox 1625 2862 1689 2930; x_wconf 82' lang='grc' dir='ltr'>τῇ</span> <span class='ocrx_word' id='word_1_308' title='bbox 1755 2858 1851 2929; x_wconf 86' lang='grc' dir='ltr'>βα-</span> 
     </span>
    </p>
   </div>
   <div class='ocr_carea' id='block_1_45' title="bbox 277 2951 1844 3024">
    <p class='ocr_par' dir='ltr' id='par_1_45' title="bbox 277 2951 1844 3024">
     <span class='ocr_line' id='line_1_45' title="bbox 277 2951 1844 3024; baseline -0.003 -18"><span class='ocrx_word' id='word_1_309' title='bbox 277 2955 485 3024; x_wconf 74' lang='grc' dir='ltr'>κτηρίᾳ</span> <span class='ocrx_word' id='word_1_310' title='bbox 518 2954 987 3022; x_wconf 81' lang='grc' dir='ltr'>τερατουργεῖται,</span> <span class='ocrx_word' id='word_1_311' title='bbox 1028 2953 1115 3006; x_wconf 85' lang='grc' dir='ltr'>ἶνα</span> <span class='ocrx_word' id='word_1_312' title='bbox 1146 2951 1281 3022; x_wconf 81' lang='grc' dir='ltr'>μηδὲ</span> <span class='ocrx_word' id='word_1_313' title='bbox 1307 2951 1459 3021; x_wconf 85' lang='grc' dir='ltr'>παρὰ</span> <span class='ocrx_word' id='word_1_314' title='bbox 1487 2951 1598 3003; x_wconf 80' lang='grc' dir='ltr'>τῶν</span> <span class='ocrx_word' id='word_1_315' title='bbox 1627 2952 1844 3003; x_wconf 88' lang='grc' dir='ltr'>οἰκείων</span> 
     </span>
    </p>
   </div>
   <div class='ocr_carea' id='block_1_46' title="bbox 272 3042 1845 3115">
    <p class='ocr_par' dir='ltr' id='par_1_46' title="bbox 272 3042 1845 3115">
     <span class='ocr_line' id='line_1_46' title="bbox 272 3042 1845 3115; baseline -0.002 -17"><span class='ocrx_word' id='word_1_316' title='bbox 272 3044 600 3115; x_wconf 71' lang='grc' dir='ltr'>θεοποιηθῇ,</span> <span class='ocrx_word' id='word_1_317' title='bbox 633 3047 774 3114; x_wconf 82' lang='grc' dir='ltr'>μήτε</span> <span class='ocrx_word' id='word_1_318' title='bbox 803 3044 954 3110; x_wconf 86' lang='grc' dir='ltr'>παρά</span> <span class='ocrx_word' id='word_1_319' title='bbox 979 3043 1086 3097; x_wconf 83' lang='grc' dir='ltr'>τῶν</span> <span class='ocrx_word' id='word_1_320' title='bbox 1107 3044 1407 3113; x_wconf 84' lang='grc' dir='ltr'>ἀλλοτρίων</span> <span class='ocrx_word' id='word_1_321' title='bbox 1439 3042 1845 3113; x_wconf 74' lang='grc' dir='ltr'>συκοφαντηθῇο</span> 
     </span>
    </p>
   </div>
   <div class='ocr_carea' id='block_1_47' title="bbox 1951 1858 3533 1927">
    <p class='ocr_par' dir='ltr' id='par_1_47' title="bbox 1951 1858 3533 1927">
     <span class='ocr_line' id='line_1_47' title="bbox 1951 1858 3533 1927; baseline 0.001 -15"><span class='ocrx_word' id='word_1_322' title='bbox 1951 1873 2047 1927; x_wconf 91' lang='lat' dir='ltr'>per</span> <span class='ocrx_word' id='word_1_323' title='bbox 2084 1858 2269 1911; x_wconf 86' lang='lat' dir='ltr'><strong>decem</strong></span> <span class='ocrx_word' id='word_1_324' title='bbox 2322 1869 2585 1926; x_wconf 73' lang='lat' dir='ltr'><strong>praecepta</strong></span> <span class='ocrx_word' id='word_1_325' title='bbox 2650 1859 2932 1913; x_wconf 81' lang='lat' dir='ltr'><strong>beneﬂciis</strong></span> <span class='ocrx_word' id='word_1_326' title='bbox 2990 1874 3018 1911; x_wconf 88' lang='lat' dir='ltr'>a</span> <span class='ocrx_word' id='word_1_327' title='bbox 3066 1858 3175 1913; x_wconf 72' lang='lat' dir='ltr'><strong>Deo</strong></span> <span class='ocrx_word' id='word_1_328' title='bbox 3226 1861 3533 1913; x_wconf 85' lang='lat' dir='ltr'><strong>cumulare-</strong></span> 
     </span>
    </p>
   </div>
   <div class='ocr_carea' id='block_1_48' title="bbox 1951 1948 3530 2016">
    <p class='ocr_par' dir='ltr' id='par_1_48' title="bbox 1951 1948 3530 2016">
     <span class='ocr_line' id='line_1_48' title="bbox 1951 1948 3530 2016; baseline 0 -15"><span class='ocrx_word' id='word_1_329' title='bbox 1951 1959 2053 2002; x_wconf 93' lang='lat' dir='ltr'><strong>tur.</strong></span> <span class='ocrx_word' id='word_1_330' title='bbox 2078 1948 2873 2016; x_wconf 81' lang='lat' dir='ltr'><strong>Duplex&#39;enimemolumentum</strong></span> <span class='ocrx_word' id='word_1_331' title='bbox 2903 1951 3026 2004; x_wconf 90' lang='lat' dir='ltr'><strong>inde</strong></span> <span class='ocrx_word' id='word_1_332' title='bbox 3066 1952 3278 2005; x_wconf 79' lang='lat' dir='ltr'><strong>exstitit</strong></span> <span class='ocrx_word' id='word_1_333' title='bbox 3299 1967 3313 2002; x_wconf 92' lang='lat'><strong>:</strong></span> <span class='ocrx_word' id='word_1_334' title='bbox 3338 1967 3530 2013; x_wconf 86' lang='lat' dir='ltr'><strong>unum,</strong></span> 
     </span>
    </p>
   </div>
   <div class='ocr_carea' id='block_1_49' title="bbox 1948 2038 3533 2108">
    <p class='ocr_par' dir='ltr' id='par_1_49' title="bbox 1948 2038 3533 2108">
     <span class='ocr_line' id='line_1_49' title="bbox 1948 2038 3533 2108; baseline 0 -16"><span class='ocrx_word' id='word_1_335' title='bbox 1948 2039 2016 2092; x_wconf 84' lang='lat' dir='ltr'><strong>ad</strong></span> <span class='ocrx_word' id='word_1_336' title='bbox 2039 2052 2136 2092; x_wconf 75' lang='lat' dir='ltr'>eos</span> <span class='ocrx_word' id='word_1_337' title='bbox 2157 2038 2250 2107; x_wconf 86' lang='lat' dir='ltr'><strong>qui</strong></span> <span class='ocrx_word' id='word_1_338' title='bbox 2279 2038 2670 2106; x_wconf 82' lang='lat' dir='ltr'><strong>puniebantur;</strong></span> <span class='ocrx_word' id='word_1_339' title='bbox 2702 2038 2934 2093; x_wconf 84' lang='lat' dir='ltr'><strong>alterum</strong></span> <span class='ocrx_word' id='word_1_340' title='bbox 2966 2039 3032 2093; x_wconf 79' lang='lat' dir='ltr'><strong>ad</strong></span> <span class='ocrx_word' id='word_1_341' title='bbox 3067 2041 3289 2108; x_wconf 87' lang='lat' dir='ltr'><strong>eos,qni</strong></span> <span class='ocrx_word' id='word_1_342' title='bbox 3319 2040 3533 2094; x_wconf 88' lang='lat' dir='ltr'><strong>erudie-</strong></span> 
     </span>
    </p>
   </div>
   <div class='ocr_carea' id='block_1_50' title="bbox 1950 2129 3529 2202">
    <p class='ocr_par' dir='ltr' id='par_1_50' title="bbox 1950 2129 3529 2202">
     <span class='ocr_line' id='line_1_50' title="bbox 1950 2129 3529 2202; baseline -0.001 -19"><span class='ocrx_word' id='word_1_343' title='bbox 1950 2130 2169 2193; x_wconf 83' lang='lat' dir='ltr'><strong>bantur,</strong></span> <span class='ocrx_word' id='word_1_344' title='bbox 2194 2130 2530 2184; x_wconf 75' lang='lat' dir='ltr'>redundavit.</span> <span class='ocrx_word' id='word_1_345' title='bbox 2558 2129 2738 2183; x_wconf 80' lang='lat' dir='ltr'><strong>Prima</strong></span> <span class='ocrx_word' id='word_1_346' title='bbox 2766 2131 2926 2201; x_wconf 82' lang='lat' dir='ltr'><strong>igitur</strong></span> <span class='ocrx_word' id='word_1_347' title='bbox 2957 2132 3107 2202; x_wconf 85' lang='lat' dir='ltr'><strong>plaga</strong></span> <span class='ocrx_word' id='word_1_348' title='bbox 3127 2147 3190 2186; x_wconf 79' lang='lat' dir='ltr'><strong>ex</strong></span> <span class='ocrx_word' id='word_1_349' title='bbox 3212 2132 3297 2185; x_wconf 85' lang='lat' dir='ltr'>bis</span> <span class='ocrx_word' id='word_1_350' title='bbox 3321 2148 3442 2201; x_wconf 64' lang='lat' dir='ltr'><strong>quite</strong></span> <span class='ocrx_word' id='word_1_351' title='bbox 3476 2134 3529 2184; x_wconf 89' lang='lat' dir='ltr'>in</span> 
     </span>
    </p>
   </div>
   <div class='ocr_carea' id='block_1_51' title="bbox 1951 2212 3527 2294">
    <p class='ocr_par' dir='ltr' id='par_1_51' title="bbox 1951 2212 3527 2294">
     <span class='ocr_line' id='line_1_51' title="bbox 1951 2212 3527 2294; baseline 0.003 -21"><span class='ocrx_word' id='word_1_352' title='bbox 1951 2224 2219 2289; x_wconf 74' lang='lat' dir='ltr'><strong>regionem</strong></span> <span class='ocrx_word' id='word_1_353' title='bbox 2243 2222 2386 2273; x_wconf 89' lang='lat' dir='ltr'><strong>illam</strong></span> <span class='ocrx_word' id='word_1_354' title='bbox 2422 2222 2651 2275; x_wconf 69' lang='lat' dir='ltr'><strong>inductae</strong></span> <span class='ocrx_word' id='word_1_355' title='bbox 2682 2236 2828 2286; x_wconf 89' lang='lat' dir='ltr'><strong>sunt,</strong></span> <span class='ocrx_word' id='word_1_356' title='bbox 2850 2234 2933 2278; x_wconf 86' lang='lat' dir='ltr'>est</span> <span class='ocrx_word' id='word_1_357' title='bbox 2960 2212 3223 2294; x_wconf 82' lang='lat' dir='ltr'><strong>aquarum</strong></span> <span class='ocrx_word' id='word_1_358' title='bbox 3260 2224 3313 2279; x_wconf 92' lang='lat' dir='ltr'>in</span> <span class='ocrx_word' id='word_1_359' title='bbox 3336 2225 3527 2293; x_wconf 75' lang='lat' dir='ltr'><strong>sangu‘</strong></span> 
     </span>
    </p>
   </div>
   <div class='ocr_carea' id='block_1_52' title="bbox 1951 2313 3531 2382">
    <p class='ocr_par' dir='ltr' id='par_1_52' title="bbox 1951 2313 3531 2382">
     <span class='ocr_line' id='line_1_52' title="bbox 1951 2313 3531 2382; baseline 0.003 -18"><span class='ocrx_word' id='word_1_360' title='bbox 1951 2326 2072 2364; x_wconf 89' lang='lat' dir='ltr'>nem</span> <span class='ocrx_word' id='word_1_361' title='bbox 2095 2313 2399 2375; x_wconf 68' lang='lat' dir='ltr'><strong>conversio;</strong></span> <span class='ocrx_word' id='word_1_362' title='bbox 2428 2313 2617 2377; x_wconf 86' lang='lat' dir='ltr'><strong>altera,</strong></span> <span class='ocrx_word' id='word_1_363' title='bbox 2639 2327 2888 2366; x_wconf 89' lang='lat' dir='ltr'><strong>ranarum</strong></span> <span class='ocrx_word' id='word_1_364' title='bbox 2907 2315 3170 2381; x_wconf 88' lang='lat' dir='ltr'><strong>ebullitio;</strong></span> <span class='ocrx_word' id='word_1_365' title='bbox 3194 2318 3372 2382; x_wconf 84' lang='lat' dir='ltr'><strong>tertia,</strong></span> <span class='ocrx_word' id='word_1_366' title='bbox 3397 2317 3531 2368; x_wconf 88' lang='lat' dir='ltr'><strong>culi-</strong></span> 
     </span>
    </p>
   </div>
   <div class='ocr_carea' id='block_1_53' title="bbox 1954 2404 3530 2476">
    <p class='ocr_par' dir='ltr' id='par_1_53' title="bbox 1954 2404 3530 2476">
     <span class='ocr_line' id='line_1_53' title="bbox 1954 2404 3530 2476; baseline 0.003 -22"><span class='ocrx_word' id='word_1_367' title='bbox 1954 2419 2119 2469; x_wconf 86' lang='lat' dir='ltr'><strong>cum;</strong></span> <span class='ocrx_word' id='word_1_368' title='bbox 2171 2413 2389 2471; x_wconf 86' lang='lat' dir='ltr'><strong>quarta,</strong></span> <span class='ocrx_word' id='word_1_369' title='bbox 2437 2404 3003 2473; x_wconf 64' lang='lat' dir='ltr'><strong>cynomyizemuinta,</strong></span> <span class='ocrx_word' id='word_1_370' title='bbox 3043 2408 3530 2476; x_wconf 83' lang='lat' dir='ltr'><strong>iuteritusjnmeu-</strong></span> 
     </span>
    </p>
   </div>
   <div class='ocr_carea' id='block_1_54' title="bbox 1954 2495 3522 2567">
    <p class='ocr_par' dir='ltr' id='par_1_54' title="bbox 1954 2495 3522 2567">
     <span class='ocr_line' id='line_1_54' title="bbox 1954 2495 3522 2567; baseline 0.005 -22"><span class='ocrx_word' id='word_1_371' title='bbox 1954 2500 2131 2546; x_wconf 88' lang='lat' dir='ltr'><strong>torum</strong></span> <span class='ocrx_word' id='word_1_372' title='bbox 2159 2508 2173 2544; x_wconf 91' lang='lat'><strong>:</strong></span> <span class='ocrx_word' id='word_1_373' title='bbox 2199 2503 2375 2555; x_wconf 83' lang='lat' dir='ltr'><strong>sexta,</strong></span> <span class='ocrx_word' id='word_1_374' title='bbox 2414 2495 2750 2561; x_wconf 90' lang='lat' dir='ltr'><strong>pustularum</strong></span> <span class='ocrx_word' id='word_1_375' title='bbox 2787 2496 3045 2548; x_wconf 81' lang='lat' dir='ltr'><strong>emissio:</strong></span> <span class='ocrx_word' id='word_1_376' title='bbox 3085 2500 3340 2565; x_wconf 86' lang='lat' dir='ltr'><strong>septima,</strong></span> <span class='ocrx_word' id='word_1_377' title='bbox 3370 2501 3522 2567; x_wconf 74' lang='lat' dir='ltr'><strong>plaga</strong></span> 
     </span>
    </p>
   </div>
   <div class='ocr_carea' id='block_1_55' title="bbox 1953 2584 3528 2658">
    <p class='ocr_par' dir='ltr' id='par_1_55' title="bbox 1953 2584 3528 2658">
     <span class='ocr_line' id='line_1_55' title="bbox 1953 2584 3528 2658; baseline 0.004 -22"><span class='ocrx_word' id='word_1_378' title='bbox 1953 2585 2094 2654; x_wconf 78' lang='lat' dir='ltr'><strong>ignis</strong></span> <span class='ocrx_word' id='word_1_379' title='bbox 2119 2594 2174 2638; x_wconf 90' lang='lat' dir='ltr'><strong>et</strong></span> <span class='ocrx_word' id='word_1_380' title='bbox 2203 2584 2511 2649; x_wconf 79' lang='lat' dir='ltr'><strong>grandinis:</strong></span> <span class='ocrx_word' id='word_1_381' title='bbox 2538 2594 2749 2649; x_wconf 85' lang='lat' dir='ltr'><strong>octava,</strong></span> <span class='ocrx_word' id='word_1_382' title='bbox 2804 2587 3137 2641; x_wconf 87' lang='lat' dir='ltr'><strong>locustarum</strong></span> <span class='ocrx_word' id='word_1_383' title='bbox 3166 2606 3178 2641; x_wconf 87' lang='lat'><strong>:</strong></span> <span class='ocrx_word' id='word_1_384' title='bbox 3214 2605 3375 2653; x_wconf 86' lang='lat' dir='ltr'><strong>nona,</strong></span> <span class='ocrx_word' id='word_1_385' title='bbox 3409 2591 3528 2658; x_wconf 74' lang='lat' dir='ltr'><strong>pal~</strong></span> 
     </span>
    </p>
   </div>
   <div class='ocr_carea' id='block_1_56' title="bbox 1953 2673 3524 2749">
    <p class='ocr_par' dir='ltr' id='par_1_56' title="bbox 1953 2673 3524 2749">
     <span class='ocr_line' id='line_1_56' title="bbox 1953 2673 3524 2749; baseline 0.003 -23"><span class='ocrx_word' id='word_1_386' title='bbox 1953 2673 2212 2743; x_wconf 85' lang='lat' dir='ltr'><strong>pabilium</strong></span> <span class='ocrx_word' id='word_1_387' title='bbox 2248 2675 2633 2728; x_wconf 78' lang='lat' dir='ltr'><strong>tenebrarum:</strong></span> <span class='ocrx_word' id='word_1_388' title='bbox 2684 2675 2916 2740; x_wconf 87' lang='lat' dir='ltr'><strong>decima,</strong></span> <span class='ocrx_word' id='word_1_389' title='bbox 2984 2692 3132 2731; x_wconf 89' lang='lat' dir='ltr'><strong>mors</strong></span> <span class='ocrx_word' id='word_1_390' title='bbox 3193 2678 3524 2749; x_wconf 84' lang='lat' dir='ltr'><strong>primogeni-</strong></span> 
     </span>
    </p>
   </div>
   <div class='ocr_carea' id='block_1_57' title="bbox 1955 2763 3528 2837">
    <p class='ocr_par' dir='ltr' id='par_1_57' title="bbox 1955 2763 3528 2837">
     <span class='ocr_line' id='line_1_57' title="bbox 1955 2763 3528 2837; baseline 0.001 -19"><span class='ocrx_word' id='word_1_391' title='bbox 1955 2774 2155 2818; x_wconf 87' lang='lat' dir='ltr'><strong>torum.</strong></span> <span class='ocrx_word' id='word_1_392' title='bbox 2185 2763 2376 2820; x_wconf 86' lang='lat' dir='ltr'><strong>Omnia</strong></span> <span class='ocrx_word' id='word_1_393' title='bbox 2411 2764 2525 2818; x_wconf 66' lang='lat' dir='ltr'><strong>haec</strong></span> <span class='ocrx_word' id='word_1_394' title='bbox 2551 2768 2728 2820; x_wconf 87' lang='lat' dir='ltr'><strong>crucis</strong></span> <span class='ocrx_word' id='word_1_395' title='bbox 2764 2766 3170 2835; x_wconf 70' lang='lat' dir='ltr'><strong>praeﬁguraudze</strong></span> <span class='ocrx_word' id='word_1_396' title='bbox 3199 2771 3368 2837; x_wconf 82' lang='lat' dir='ltr'><strong>gratia</strong></span> <span class='ocrx_word' id='word_1_397' title='bbox 3405 2788 3528 2837; x_wconf 80' lang='lat' dir='ltr'><strong>per-</strong></span> 
     </span>
    </p>
   </div>
   <div class='ocr_carea' id='block_1_58' title="bbox 1954 2859 3527 2926">
    <p class='ocr_par' dir='ltr' id='par_1_58' title="bbox 1954 2859 3527 2926">
     <span class='ocr_line' id='line_1_58' title="bbox 1954 2859 3527 2926; baseline 0.002 -17"><span class='ocrx_word' id='word_1_398' title='bbox 1954 2866 2221 2924; x_wconf 80' lang='lat' dir='ltr'><strong>aguutur:</strong></span> <span class='ocrx_word' id='word_1_399' title='bbox 2255 2870 2360 2910; x_wconf 90' lang='lat' dir='ltr'>non</span> <span class='ocrx_word' id='word_1_400' title='bbox 2390 2863 2570 2910; x_wconf 87' lang='lat' dir='ltr'><strong>tamen</strong></span> <span class='ocrx_word' id='word_1_401' title='bbox 2619 2861 2801 2910; x_wconf 72' lang='grc' dir='ltr'>οιιιιιὶιι</span> <span class='ocrx_word' id='word_1_402' title='bbox 2848 2872 2944 2924; x_wconf 90' lang='lat' dir='ltr'><strong>per</strong></span> <span class='ocrx_word' id='word_1_403' title='bbox 2972 2860 3179 2926; x_wconf 79' lang='lat' dir='ltr'><strong>virgam</strong></span> <span class='ocrx_word' id='word_1_404' title='bbox 3237 2859 3394 2918; x_wconf 81' lang='lat' dir='ltr'><strong>ﬁunt.</strong></span> <span class='ocrx_word' id='word_1_405' title='bbox 3461 2876 3527 2912; x_wconf 85' lang='lat' dir='ltr'>ne</span> 
     </span>
    </p>
   </div>
   <div class='ocr_carea' id='block_1_59' title="bbox 1956 2944 3530 3012">
    <p class='ocr_par' dir='ltr' id='par_1_59' title="bbox 1956 2944 3530 3012">
     <span class='ocr_line' id='line_1_59' title="bbox 1956 2944 3530 3012; baseline 0.002 -13"><span class='ocrx_word' id='word_1_406' title='bbox 1956 2961 1984 2998; x_wconf 88' lang='lat' dir='ltr'>a</span> <span class='ocrx_word' id='word_1_407' title='bbox 2010 2945 2122 2999; x_wconf 81' lang='lat' dir='ltr'><strong>suis</strong></span> <span class='ocrx_word' id='word_1_408' title='bbox 2143 2944 2236 2998; x_wconf 84' lang='lat' dir='ltr'><strong>Dei</strong></span> <span class='ocrx_word' id='word_1_409' title='bbox 2283 2944 2400 2998; x_wconf 83' lang='lat' dir='ltr'><strong>loco</strong></span> <span class='ocrx_word' id='word_1_410' title='bbox 2441 2946 2732 2997; x_wconf 85' lang='lat' dir='ltr'><strong>haberetur</strong></span> <span class='ocrx_word' id='word_1_411' title='bbox 2789 2955 2844 2998; x_wconf 91' lang='lat' dir='ltr'><strong>et</strong></span> <span class='ocrx_word' id='word_1_412' title='bbox 2866 2945 3158 3012; x_wconf 87' lang='lat' dir='ltr'><strong>coleretur,</strong></span> <span class='ocrx_word' id='word_1_413' title='bbox 3189 2946 3272 3000; x_wconf 86' lang='lat' dir='ltr'>vel</span> <span class='ocrx_word' id='word_1_414' title='bbox 3303 2950 3374 2999; x_wconf 84' lang='lat' dir='ltr'>ab</span> <span class='ocrx_word' id='word_1_415' title='bbox 3399 2947 3530 3001; x_wconf 75' lang='lat' dir='ltr'><strong>aiio-</strong></span> 
     </span>
    </p>
   </div>
   <div class='ocr_carea' id='block_1_60' title="bbox 1958 3035 3523 3105">
    <p class='ocr_par' dir='ltr' id='par_1_60' title="bbox 1958 3035 3523 3105">
     <span class='ocr_line' id='line_1_60' title="bbox 1958 3035 3523 3105; baseline 0 -14"><span class='ocrx_word' id='word_1_416' title='bbox 1958 3035 2173 3105; x_wconf 84' lang='lat' dir='ltr'><strong>nigenis</strong></span> <span class='ocrx_word' id='word_1_417' title='bbox 2218 3037 2503 3089; x_wconf 80' lang='lat' dir='ltr'><strong>calumniis</strong></span> <span class='ocrx_word' id='word_1_418' title='bbox 2569 3036 2919 3103; x_wconf 86' lang='lat' dir='ltr'><strong>impeteretur</strong></span> <span class='ocrx_word' id='word_1_419' title='bbox 2956 3054 2968 3088; x_wconf 90' lang='lat'><strong>:</strong></span> <span class='ocrx_word' id='word_1_420' title='bbox 3003 3037 3156 3090; x_wconf 90' lang='lat' dir='ltr'><strong>multi</strong></span> <span class='ocrx_word' id='word_1_421' title='bbox 3221 3039 3366 3091; x_wconf 90' lang='lat' dir='ltr'><strong>enim</strong></span> <span class='ocrx_word' id='word_1_422' title='bbox 3404 3054 3523 3092; x_wconf 83' lang='lat' dir='ltr'><strong>eam</strong></span> 
     </span>
    </p>
   </div>
   <div class='ocr_carea' id='block_1_61' title="bbox 269 3124 1846 3202">
    <p class='ocr_par' dir='ltr' id='par_1_61' title="bbox 269 3126 1846 3202">
     <span class='ocr_line' id='line_1_61' title="bbox 269 3126 1846 3202; baseline 0 -19"><span class='ocrx_word' id='word_1_423' title='bbox 269 3126 441 3202; x_wconf 76' lang='grc' dir='ltr'>ἧγάρ</span> <span class='ocrx_word' id='word_1_424' title='bbox 469 3132 537 3184; x_wconf 81' lang='grc' dir='ltr'>ἂν</span> <span class='ocrx_word' id='word_1_425' title='bbox 578 3134 672 3184; x_wconf 81' lang='grc' dir='ltr'>καί</span> <span class='ocrx_word' id='word_1_426' title='bbox 719 3135 979 3199; x_wconf 86' lang='grc' dir='ltr'>μαγικαῖς</span> <span class='ocrx_word' id='word_1_427' title='bbox 1034 3133 1272 3195; x_wconf 84' lang='grc' dir='ltr'>ἀπάταις</span> <span class='ocrx_word' id='word_1_428' title='bbox 1315 3133 1364 3186; x_wconf 78' lang='lat' dir='ltr'>ot</span> <span class='ocrx_word' id='word_1_429' title='bbox 1405 3131 1590 3184; x_wconf 84' lang='grc' dir='ltr'>πολλοί</span> <span class='ocrx_word' id='word_1_430' title='bbox 1640 3132 1846 3201; x_wconf 87' lang='grc' dir='ltr'>ταύτην</span> 
     </span>
    </p>
   </div>
   <div class='ocr_carea' id='block_1_62' title="bbox 1953 3124 3527 3202">
    <p class='ocr_par' dir='ltr' id='par_1_62' title="bbox 1957 3124 3527 3193">
     <span class='ocr_line' id='line_1_62' title="bbox 1957 3124 3527 3193; baseline 0.004 -16"><span class='ocrx_word' id='word_1_431' title='bbox 1957 3125 2180 3193; x_wconf 77' lang='lat' dir='ltr'><strong>magicis</strong></span> <span class='ocrx_word' id='word_1_432' title='bbox 2210 3124 2523 3192; x_wconf 87' lang='lat' dir='ltr'><strong>imposturis</strong></span> <span class='ocrx_word' id='word_1_433' title='bbox 2548 3135 2601 3177; x_wconf 89' lang='lat' dir='ltr'>et</span> <span class='ocrx_word' id='word_1_434' title='bbox 2647 3124 2854 3178; x_wconf 84' lang='lat' dir='ltr'><strong>artibus</strong></span> <span class='ocrx_word' id='word_1_435' title='bbox 2903 3124 3210 3180; x_wconf 75' lang='lat' dir='ltr'><strong>confertam</strong></span> <span class='ocrx_word' id='word_1_436' title='bbox 3247 3128 3414 3181; x_wconf 77' lang='lat' dir='ltr'><strong>fuisse</strong></span> <span class='ocrx_word' id='word_1_437' title='bbox 3436 3145 3527 3183; x_wconf 49' lang='lat' dir='ltr'>ex-</span> 
     </span>
    </p>
   </div>
   <div class='ocr_carea' id='block_1_63' title="bbox 272 3220 1844 3293">
    <p class='ocr_par' dir='ltr' id='par_1_63' title="bbox 272 3220 1844 3293">
     <span class='ocr_line' id='line_1_63' title="bbox 272 3220 1844 3293; baseline 0.001 -20"><span class='ocrx_word' id='word_1_438' title='bbox 272 3222 537 3290; x_wconf 61' lang='grc' dir='ltr'>ἐνόμισαν</span> <span class='ocrx_word' id='word_1_439' title='bbox 569 3220 903 3278; x_wconf 77' lang='grc' dir='ltr'>τετελέσθαι.</span> <span class='ocrx_word' id='word_1_440' title='bbox 960 3222 1061 3274; x_wconf 83' lang='grc' dir='ltr'>Διά</span> <span class='ocrx_word' id='word_1_441' title='bbox 1114 3221 1276 3274; x_wconf 83' lang='grc' dir='ltr'>τοῦτο</span> <span class='ocrx_word' id='word_1_442' title='bbox 1326 3223 1457 3289; x_wconf 84' lang='grc' dir='ltr'>γοῦν</span> <span class='ocrx_word' id='word_1_443' title='bbox 1515 3225 1607 3275; x_wconf 68' lang='grc' dir='ltr'>καὶ</span> <span class='ocrx_word' id='word_1_444' title='bbox 1646 3222 1844 3293; x_wconf 82' lang='grc' dir='ltr'>χειρῶν</span> 
     </span>
    </p>
   </div>
   <div class='ocr_carea' id='block_1_64' title="bbox 269 3310 1846 3381">
    <p class='ocr_par' dir='ltr' id='par_1_64' title="bbox 269 3310 1846 3381">
     <span class='ocr_line' id='line_1_64' title="bbox 269 3310 1846 3381; baseline 0.001 -17"><span class='ocrx_word' id='word_1_445' title='bbox 269 3312 499 3374; x_wconf 80' lang='grc' dir='ltr'>ἐκτασις</span> <span class='ocrx_word' id='word_1_446' title='bbox 521 3311 616 3363; x_wconf 73' lang='grc' dir='ltr'>καὶ</span> <span class='ocrx_word' id='word_1_447' title='bbox 646 3311 939 3381; x_wconf 74' lang='grc' dir='ltr'>προϐάτιον</span> <span class='ocrx_word' id='word_1_448' title='bbox 966 3312 1127 3367; x_wconf 84' lang='grc' dir='ltr'>θυσία</span> <span class='ocrx_word' id='word_1_449' title='bbox 1156 3312 1224 3364; x_wconf 84' lang='grc' dir='ltr'>τὰ</span> <span class='ocrx_word' id='word_1_450' title='bbox 1238 3310 1330 3365; x_wconf 79' lang='grc' dir='ltr'>ἶσα</span> <span class='ocrx_word' id='word_1_451' title='bbox 1360 3311 1700 3381; x_wconf 74' lang='grc' dir='ltr'>δεδύνηνται,</span> <span class='ocrx_word' id='word_1_452' title='bbox 1728 3313 1846 3365; x_wconf 78' lang='grc' dir='ltr'>ἔνια</span> 
     </span>
    </p>
   </div>
   <div class='ocr_carea' id='block_1_65' title="bbox 267 3402 1844 3474">
    <p class='ocr_par' dir='ltr' id='par_1_65' title="bbox 267 3402 1844 3474">
     <span class='ocr_line' id='line_1_65' title="bbox 267 3402 1844 3474; baseline -0.001 -18"><span class='ocrx_word' id='word_1_453' title='bbox 267 3403 325 3456; x_wconf 67' lang='grc' dir='ltr'>ἐξ</span> <span class='ocrx_word' id='word_1_454' title='bbox 352 3402 431 3474; x_wconf 81' lang='grc' dir='ltr'>τῷ</span> <span class='ocrx_word' id='word_1_455' title='bbox 470 3405 618 3473; x_wconf 70' lang='grc' dir='ltr'>μόνῳ</span> <span class='ocrx_word' id='word_1_456' title='bbox 648 3403 1033 3473; x_wconf 74' lang='grc' dir='ltr'>προρρηθῆναι</span> <span class='ocrx_word' id='word_1_457' title='bbox 1080 3403 1496 3474; x_wconf 82' lang='grc' dir='ltr'>κατείργασται.</span> <span class='ocrx_word' id='word_1_458' title='bbox 1561 3404 1718 3457; x_wconf 73' lang='grc' dir='ltr'>Ἐπεὶ</span> <span class='ocrx_word' id='word_1_459' title='bbox 1736 3402 1844 3472; x_wconf 86' lang='grc' dir='ltr'>γὰρ</span> 
     </span>
    </p>
   </div>
   <div class='ocr_carea' id='block_1_66' title="bbox 266 3494 1845 3565">
    <p class='ocr_par' dir='ltr' id='par_1_66' title="bbox 266 3494 1845 3565">
     <span class='ocr_line' id='line_1_66' title="bbox 266 3494 1845 3565; baseline 0.001 -18"><span class='ocrx_word' id='word_1_460' title='bbox 266 3495 398 3565; x_wconf 87' lang='grc' dir='ltr'>τρία</span> <span class='ocrx_word' id='word_1_461' title='bbox 419 3495 486 3565; x_wconf 82' lang='grc' dir='ltr'>δὴ</span> <span class='ocrx_word' id='word_1_462' title='bbox 505 3495 678 3547; x_wconf 81' lang='grc' dir='ltr'>ταῦτα</span> <span class='ocrx_word' id='word_1_463' title='bbox 708 3497 837 3565; x_wconf 84' lang='grc' dir='ltr'>περί</span> <span class='ocrx_word' id='word_1_464' title='bbox 866 3495 1154 3564; x_wconf 79' lang='grc' dir='ltr'>τὸντίμιον</span> <span class='ocrx_word' id='word_1_465' title='bbox 1176 3494 1274 3547; x_wconf 79' lang='grc' dir='ltr'>τοῦ</span> <span class='ocrx_word' id='word_1_466' title='bbox 1299 3495 1573 3549; x_wconf 85' lang='grc' dir='ltr'>Δεσπότου</span> <span class='ocrx_word' id='word_1_467' title='bbox 1616 3498 1845 3565; x_wconf 77' lang='grc' dir='ltr'>σταυρὸν</span> 
     </span>
    </p>
   </div>
   <div class='ocr_carea' id='block_1_67' title="bbox 269 3586 1847 3656">
    <p class='ocr_par' dir='ltr' id='par_1_67' title="bbox 269 3586 1847 3656">
     <span class='ocr_line' id='line_1_67' title="bbox 269 3586 1847 3656; baseline -0.001 -16"><span class='ocrx_word' id='word_1_468' title='bbox 269 3588 587 3656; x_wconf 85' lang='grc' dir='ltr'>θεωρεῖται,</span> <span class='ocrx_word' id='word_1_469' title='bbox 618 3586 744 3653; x_wconf 81' lang='grc' dir='ltr'>ὕλη,</span> <span class='ocrx_word' id='word_1_470' title='bbox 768 3589 864 3639; x_wconf 70' lang='grc' dir='ltr'>καὶ</span> <span class='ocrx_word' id='word_1_471' title='bbox 892 3587 1100 3656; x_wconf 79' lang='grc' dir='ltr'>σχῆμα,</span> <span class='ocrx_word' id='word_1_472' title='bbox 1130 3590 1227 3642; x_wconf 70' lang='grc' dir='ltr'>καὶ</span> <span class='ocrx_word' id='word_1_473' title='bbox 1273 3588 1451 3656; x_wconf 85' lang='grc' dir='ltr'>χάρις,</span> <span class='ocrx_word' id='word_1_474' title='bbox 1486 3588 1574 3641; x_wconf 87' lang='grc' dir='ltr'>διὰ</span> <span class='ocrx_word' id='word_1_475' title='bbox 1610 3587 1707 3655; x_wconf 73' lang='grc' dir='ltr'>μὲν</span> <span class='ocrx_word' id='word_1_476' title='bbox 1745 3586 1847 3655; x_wconf 84' lang='grc' dir='ltr'>τῆς</span> 
     </span>
    </p>
   </div>
   <div class='ocr_carea' id='block_1_68' title="bbox 274 3678 1844 3751">
    <p class='ocr_par' dir='ltr' id='par_1_68' title="bbox 274 3678 1844 3751">
     <span class='ocr_line' id='line_1_68' title="bbox 274 3678 1844 3751; baseline -0.001 -18"><span class='ocrx_word' id='word_1_477' title='bbox 274 3681 581 3750; x_wconf 82' lang='grc' dir='ltr'>βακτηρίας</span> <span class='ocrx_word' id='word_1_478' title='bbox 617 3681 650 3750; x_wconf 78' lang='grc' dir='ltr'><strong>ἡ</strong></span> <span class='ocrx_word' id='word_1_479' title='bbox 683 3679 782 3748; x_wconf 69' lang='grc' dir='ltr'>ὕλη</span> <span class='ocrx_word' id='word_1_480' title='bbox 815 3678 1296 3751; x_wconf 64' lang='grc' dir='ltr'>γνωρίζεται,’διὰ</span> <span class='ocrx_word' id='word_1_481' title='bbox 1316 3678 1371 3730; x_wconf 74' lang='grc' dir='ltr'>δὲ</span> <span class='ocrx_word' id='word_1_482' title='bbox 1394 3678 1491 3747; x_wconf 75' lang='grc' dir='ltr'>τῆς</span> <span class='ocrx_word' id='word_1_483' title='bbox 1522 3678 1631 3732; x_wconf 83' lang='grc' dir='ltr'>τῶν</span> <span class='ocrx_word' id='word_1_484' title='bbox 1646 3678 1844 3748; x_wconf 83' lang='grc' dir='ltr'>χειρῶν</span> 
     </span>
    </p>
   </div>
   <div class='ocr_carea' id='block_1_69' title="bbox 264 3767 1845 3842">
    <p class='ocr_par' dir='ltr' id='par_1_69' title="bbox 264 3767 1845 3842">
     <span class='ocr_line' id='line_1_69' title="bbox 264 3767 1845 3842; baseline -0.003 -17"><span class='ocrx_word' id='word_1_485' title='bbox 264 3773 545 3832; x_wconf 74' lang='grc' dir='ltr'>ἐκτάσεως</span> <span class='ocrx_word' id='word_1_486' title='bbox 583 3773 644 3823; x_wconf 79' lang='grc' dir='ltr'>τὸ</span> <span class='ocrx_word' id='word_1_487' title='bbox 696 3767 836 3829; x_wconf 78' lang='grc' dir='ltr'>εἶδος</span> <span class='ocrx_word' id='word_1_488' title='bbox 862 3771 1356 3842; x_wconf 77' lang='grc' dir='ltr'>χαρακτηρίζεται,</span> <span class='ocrx_word' id='word_1_489' title='bbox 1397 3770 1485 3823; x_wconf 88' lang='grc' dir='ltr'>διὰ</span> <span class='ocrx_word' id='word_1_490' title='bbox 1510 3770 1568 3822; x_wconf 83' lang='grc' dir='ltr'>δὲ</span> <span class='ocrx_word' id='word_1_491' title='bbox 1594 3770 1694 3838; x_wconf 84' lang='grc' dir='ltr'>τῆς</span> <span class='ocrx_word' id='word_1_492' title='bbox 1713 3785 1845 3838; x_wconf 80' lang='grc' dir='ltr'>προ·</span> 
     </span>
    </p>
   </div>
   <div class='ocr_carea' id='block_1_70' title="bbox 267 3858 1842 3930">
    <p class='ocr_par' dir='ltr' id='par_1_70' title="bbox 267 3858 1842 3930">
     <span class='ocr_line' id='line_1_70' title="bbox 267 3858 1842 3930; baseline 0.003 -20"><span class='ocrx_word' id='word_1_493' title='bbox 267 3859 503 3927; x_wconf 77' lang='grc' dir='ltr'>φητείας</span> <span class='ocrx_word' id='word_1_494' title='bbox 533 3860 629 3910; x_wconf 76' lang='grc' dir='ltr'>καί</span> <span class='ocrx_word' id='word_1_495' title='bbox 678 3858 771 3912; x_wconf 75' lang='grc' dir='ltr'>τοῦ</span> <span class='ocrx_word' id='word_1_496' title='bbox 823 3860 1059 3928; x_wconf 75' lang='grc' dir='ltr'>αἵματος</span> <span class='ocrx_word' id='word_1_497' title='bbox 1104 3861 1137 3929; x_wconf 79' lang='grc' dir='ltr'><strong>ἡ</strong></span> <span class='ocrx_word' id='word_1_498' title='bbox 1187 3860 1345 3930; x_wconf 82' lang='grc' dir='ltr'>χάρις</span> <span class='ocrx_word' id='word_1_499' title='bbox 1381 3859 1842 3927; x_wconf 86' lang='grc' dir='ltr'>ἀνακηρύττεται.</span> 
     </span>
    </p>
   </div>
   <div class='ocr_carea' id='block_1_71' title="bbox 269 3952 1843 4025">
    <p class='ocr_par' dir='ltr' id='par_1_71' title="bbox 269 3952 1843 4025">
     <span class='ocr_line' id='line_1_71' title="bbox 269 3952 1843 4025; baseline 0.001 -20"><span class='ocrx_word' id='word_1_500' title='bbox 269 3952 486 4023; x_wconf 80' lang='grc' dir='ltr'>Ὠσπερ</span> <span class='ocrx_word' id='word_1_501' title='bbox 506 3953 564 4005; x_wconf 76' lang='grc' dir='ltr'>δέ</span> <span class='ocrx_word' id='word_1_502' title='bbox 585 3954 649 4006; x_wconf 88' lang='grc' dir='ltr'>οὐ</span> <span class='ocrx_word' id='word_1_503' title='bbox 681 3954 857 4007; x_wconf 81' lang='grc' dir='ltr'>πάντα</span> <span class='ocrx_word' id='word_1_504' title='bbox 888 3954 977 4006; x_wconf 81' lang='grc' dir='ltr'>διὰ</span> <span class='ocrx_word' id='word_1_505' title='bbox 1028 3956 1129 4025; x_wconf 82' lang='grc' dir='ltr'>τῆς</span> <span class='ocrx_word' id='word_1_506' title='bbox 1191 3955 1515 4025; x_wconf 83' lang='grc' dir='ltr'>βακτηρίας,</span> <span class='ocrx_word' id='word_1_507' title='bbox 1568 3953 1742 4019; x_wconf 77' lang='grc' dir='ltr'>οὕτως</span> <span class='ocrx_word' id='word_1_508' title='bbox 1781 3956 1843 4007; x_wconf 85' lang='grc' dir='ltr'>οὐ</span> 
     </span>
    </p>
   </div>
   <div class='ocr_carea' id='block_1_72' title="bbox 274 4044 1844 4111">
    <p class='ocr_par' dir='ltr' id='par_1_72' title="bbox 274 4044 1844 4111">
     <span class='ocr_line' id='line_1_72' title="bbox 274 4044 1844 4111; baseline 0.002 -14"><span class='ocrx_word' id='word_1_509' title='bbox 274 4044 457 4097; x_wconf 78' lang='grc' dir='ltr'>πάντα</span> <span class='ocrx_word' id='word_1_510' title='bbox 483 4044 573 4095; x_wconf 80' lang='grc' dir='ltr'>διὰ</span> <span class='ocrx_word' id='word_1_511' title='bbox 598 4044 863 4106; x_wconf 80' lang='grc' dir='ltr'>Μωσέως,</span> <span class='ocrx_word' id='word_1_512' title='bbox 897 4045 1018 4097; x_wconf 82' lang='grc' dir='ltr'>οὐδὲ</span> <span class='ocrx_word' id='word_1_513' title='bbox 1054 4049 1233 4100; x_wconf 87' lang='grc' dir='ltr'>πάντα</span> <span class='ocrx_word' id='word_1_514' title='bbox 1271 4047 1329 4111; x_wconf 81' lang='grc' dir='ltr'>ἐξ</span> <span class='ocrx_word' id='word_1_515' title='bbox 1396 4047 1514 4110; x_wconf 86' lang='grc' dir='ltr'>ἐνός</span> <span class='ocrx_word' id='word_1_516' title='bbox 1550 4064 1694 4108; x_wconf 85' lang='grc' dir='ltr'>τινος</span> <span class='ocrx_word' id='word_1_517' title='bbox 1735 4048 1844 4101; x_wconf 84' lang='grc' dir='ltr'>τῶν</span> 
     </span>
    </p>
   </div>
   <div class='ocr_carea' id='block_1_73' title="bbox 274 4136 1845 4208">
    <p class='ocr_par' dir='ltr' id='par_1_73' title="bbox 274 4136 1845 4208">
     <span class='ocr_line' id='line_1_73' title="bbox 274 4136 1845 4208; baseline 0.002 -20"><span class='ocrx_word' id='word_1_518' title='bbox 274 4137 585 4206; x_wconf 82' lang='grc' dir='ltr'>στοιχείων.</span> <span class='ocrx_word' id='word_1_519' title='bbox 628 4136 763 4189; x_wconf 86' lang='grc' dir='ltr'>ἀλλὰ</span> <span class='ocrx_word' id='word_1_520' title='bbox 790 4139 890 4200; x_wconf 71' lang='grc' dir='ltr'>τὰς</span> <span class='ocrx_word' id='word_1_521' title='bbox 916 4139 1012 4206; x_wconf 82' lang='grc' dir='ltr'>μὲν</span> <span class='ocrx_word' id='word_1_522' title='bbox 1039 4141 1189 4208; x_wconf 84' lang='grc' dir='ltr'>τρεῖς</span> <span class='ocrx_word' id='word_1_523' title='bbox 1221 4138 1316 4191; x_wconf 73' lang='grc' dir='ltr'>καὶ</span> <span class='ocrx_word' id='word_1_524' title='bbox 1349 4141 1574 4208; x_wconf 84' lang='grc' dir='ltr'>πρώτας</span> <span class='ocrx_word' id='word_1_525' title='bbox 1631 4138 1845 4208; x_wconf 80' lang='grc' dir='ltr'>πληγὰς</span> 
     </span>
    </p>
   </div>
   <div class='ocr_carea' id='block_1_74' title="bbox 269 4230 1846 4299">
    <p class='ocr_par' dir='ltr' id='par_1_74' title="bbox 269 4230 1846 4299">
     <span class='ocr_line' id='line_1_74' title="bbox 269 4230 1846 4299; baseline 0.001 -18"><span class='ocrx_word' id='word_1_526' title='bbox 269 4230 334 4281; x_wconf 85' lang='grc' dir='ltr'>ἐκ</span> <span class='ocrx_word' id='word_1_527' title='bbox 358 4230 469 4282; x_wconf 79' lang='grc' dir='ltr'>τῶν</span> <span class='ocrx_word' id='word_1_528' title='bbox 535 4231 862 4297; x_wconf 78' lang='grc' dir='ltr'>παχυτέρων</span> <span class='ocrx_word' id='word_1_529' title='bbox 907 4230 1205 4299; x_wconf 86' lang='grc' dir='ltr'>στοιχείων,</span> <span class='ocrx_word' id='word_1_530' title='bbox 1260 4231 1364 4299; x_wconf 84' lang='grc' dir='ltr'>γῆς</span> <span class='ocrx_word' id='word_1_531' title='bbox 1426 4232 1521 4285; x_wconf 68' lang='grc' dir='ltr'>καὶ</span> <span class='ocrx_word' id='word_1_532' title='bbox 1570 4230 1783 4297; x_wconf 77' lang='grc' dir='ltr'>ὓδατος,</span> <span class='ocrx_word' id='word_1_533' title='bbox 1817 4230 1846 4283; x_wconf 84' lang='grc' dir='ltr'><strong>ὁ</strong></span> 
     </span>
    </p>
   </div>
   <div class='ocr_carea' id='block_1_75' title="bbox 277 4320 1846 4392">
    <p class='ocr_par' dir='ltr' id='par_1_75' title="bbox 277 4320 1846 4392">
     <span class='ocr_line' id='line_1_75' title="bbox 277 4320 1846 4392; baseline -0.002 -17"><span class='ocrx_word' id='word_1_534' title='bbox 277 4321 495 4392; x_wconf 81' lang='grc' dir='ltr'>’Δαρὼν</span> <span class='ocrx_word' id='word_1_535' title='bbox 541 4321 923 4390; x_wconf 73' lang='grc' dir='ltr'>ἐπιτρέπεται.</span> <span class='ocrx_word' id='word_1_536' title='bbox 950 4322 1048 4383; x_wconf 75' lang='grc' dir='ltr'>τὰς</span> <span class='ocrx_word' id='word_1_537' title='bbox 1085 4322 1204 4384; x_wconf 82' lang='grc' dir='ltr'>ῖσας</span> <span class='ocrx_word' id='word_1_538' title='bbox 1242 4321 1298 4374; x_wconf 78' lang='grc' dir='ltr'>δὲ</span> <span class='ocrx_word' id='word_1_539' title='bbox 1332 4321 1390 4387; x_wconf 79' lang='grc' dir='ltr'>ἐξ</span> <span class='ocrx_word' id='word_1_540' title='bbox 1420 4320 1578 4392; x_wconf 80' lang='grc' dir='ltr'>ἄερος</span> <span class='ocrx_word' id='word_1_541' title='bbox 1621 4324 1714 4373; x_wconf 76' lang='grc' dir='ltr'>καὶ</span> <span class='ocrx_word' id='word_1_542' title='bbox 1744 4337 1846 4372; x_wconf 88' lang='grc' dir='ltr'>πυ-</span> 
     </span>
    </p>
   </div>
   <div class='ocr_carea' id='block_1_76' title="bbox 268 4413 1848 4485">
    <p class='ocr_par' dir='ltr' id='par_1_76' title="bbox 268 4413 1848 4485">
     <span class='ocr_line' id='line_1_76' title="bbox 268 4413 1848 4485; baseline -0.002 -17"><span class='ocrx_word' id='word_1_543' title='bbox 268 4418 357 4485; x_wconf 70' lang='grc' dir='ltr'>ρὸς</span> <span class='ocrx_word' id='word_1_544' title='bbox 388 4415 635 4482; x_wconf 77' lang='grc' dir='ltr'>Μωῦσῆς</span> <span class='ocrx_word' id='word_1_545' title='bbox 666 4416 904 4483; x_wconf 75' lang='grc' dir='ltr'>ἐνεργεῖ,</span> <span class='ocrx_word' id='word_1_546' title='bbox 947 4415 1075 4484; x_wconf 86' lang='grc' dir='ltr'>μίαν</span> <span class='ocrx_word' id='word_1_547' title='bbox 1100 4414 1157 4467; x_wconf 84' lang='grc' dir='ltr'>δὲ</span> <span class='ocrx_word' id='word_1_548' title='bbox 1190 4415 1376 4485; x_wconf 82' lang='grc' dir='ltr'>κοινὴν</span> <span class='ocrx_word' id='word_1_549' title='bbox 1400 4414 1590 4484; x_wconf 78' lang='grc' dir='ltr'>ἄμφω,</span> <span class='ocrx_word' id='word_1_550' title='bbox 1630 4413 1728 4483; x_wconf 79' lang='grc' dir='ltr'>τὴν</span> <span class='ocrx_word' id='word_1_551' title='bbox 1759 4413 1848 4466; x_wconf 75' lang='grc' dir='ltr'>ἐϐ-</span> 
     </span>
    </p>
   </div>
   <div class='ocr_carea' id='block_1_77' title="bbox 1956 3212 3527 3282">
    <p class='ocr_par' dir='ltr' id='par_1_77' title="bbox 1956 3212 3527 3282">
     <span class='ocr_line' id='line_1_77' title="bbox 1956 3212 3527 3282; baseline 0.002 -14"><span class='ocrx_word' id='word_1_552' title='bbox 1956 3215 2201 3268; x_wconf 71' lang='lat' dir='ltr'><strong>istimare</strong></span> <span class='ocrx_word' id='word_1_553' title='bbox 2232 3214 2550 3282; x_wconf 82' lang='lat' dir='ltr'><strong>potuissent.</strong></span> <span class='ocrx_word' id='word_1_554' title='bbox 2590 3212 2662 3265; x_wconf 86' lang='lat' dir='ltr'><strong>Ea</strong></span> <span class='ocrx_word' id='word_1_555' title='bbox 2713 3213 2780 3266; x_wconf 87' lang='lat' dir='ltr'>de</span> <span class='ocrx_word' id='word_1_556' title='bbox 2842 3228 3006 3267; x_wconf 89' lang='lat' dir='ltr'><strong>causa</strong></span> <span class='ocrx_word' id='word_1_557' title='bbox 3033 3224 3088 3270; x_wconf 89' lang='lat' dir='ltr'><strong>et</strong></span> <span class='ocrx_word' id='word_1_558' title='bbox 3122 3232 3376 3270; x_wconf 84' lang='lat' dir='ltr'><strong>manuum</strong></span> <span class='ocrx_word' id='word_1_559' title='bbox 3432 3233 3527 3271; x_wconf 80' lang='lat' dir='ltr'>ex-</span> 
     </span>
    </p>
   </div>
   <div class='ocr_carea' id='block_1_78' title="bbox 1954 3305 3522 3378">
    <p class='ocr_par' dir='ltr' id='par_1_78' title="bbox 1954 3305 3522 3378">
     <span class='ocr_line' id='line_1_78' title="bbox 1954 3305 3522 3378; baseline 0.003 -18"><span class='ocrx_word' id='word_1_560' title='bbox 1954 3306 2151 3369; x_wconf 88' lang='lat' dir='ltr'><strong>tensio,</strong></span> <span class='ocrx_word' id='word_1_561' title='bbox 2185 3316 2237 3359; x_wconf 90' lang='lat' dir='ltr'>et</span> <span class='ocrx_word' id='word_1_562' title='bbox 2263 3305 2383 3374; x_wconf 89' lang='lat' dir='ltr'><strong>agni</strong></span> <span class='ocrx_word' id='word_1_563' title='bbox 2429 3305 2727 3357; x_wconf 79' lang='lat' dir='ltr'><strong>immutatio</strong></span> <span class='ocrx_word' id='word_1_564' title='bbox 2753 3305 3002 3359; x_wconf 86' lang='lat' dir='ltr'><strong>eamdem</strong></span> <span class='ocrx_word' id='word_1_565' title='bbox 3030 3310 3136 3360; x_wconf 86' lang='lat' dir='ltr'><strong>vim</strong></span> <span class='ocrx_word' id='word_1_566' title='bbox 3172 3321 3522 3378; x_wconf 84' lang='lat' dir='ltr'><strong>acceperunt:</strong></span> 
     </span>
    </p>
   </div>
   <div class='ocr_carea' id='block_1_79' title="bbox 1952 3396 3520 3468">
    <p class='ocr_par' dir='ltr' id='par_1_79' title="bbox 1952 3396 3520 3468">
     <span class='ocr_line' id='line_1_79' title="bbox 1952 3396 3520 3468; baseline 0.002 -16"><span class='ocrx_word' id='word_1_567' title='bbox 1952 3398 2196 3468; x_wconf 53' lang='lat' dir='ltr'><strong>quadam</strong></span> <span class='ocrx_word' id='word_1_568' title='bbox 2226 3396 2336 3449; x_wconf 85' lang='lat' dir='ltr'><strong>sola</strong></span> <span class='ocrx_word' id='word_1_569' title='bbox 2366 3396 2712 3463; x_wconf 65' lang='lat' dir='ltr'><strong>praedictione</strong></span> <span class='ocrx_word' id='word_1_570' title='bbox 2741 3410 2992 3451; x_wconf 85' lang='lat' dir='ltr'><strong>evenere.</strong></span> <span class='ocrx_word' id='word_1_571' title='bbox 3053 3397 3186 3452; x_wconf 85' lang='lat' dir='ltr'><strong>Nam</strong></span> <span class='ocrx_word' id='word_1_572' title='bbox 3248 3417 3370 3454; x_wconf 87' lang='lat' dir='ltr'><strong>cum</strong></span> <span class='ocrx_word' id='word_1_573' title='bbox 3422 3404 3520 3455; x_wconf 81' lang='lat' dir='ltr'><strong>tria</strong></span> 
     </span>
    </p>
   </div>
   <div class='ocr_carea' id='block_1_80' title="bbox 1953 3486 3523 3559">
    <p class='ocr_par' dir='ltr' id='par_1_80' title="bbox 1953 3486 3523 3559">
     <span class='ocr_line' id='line_1_80' title="bbox 1953 3486 3523 3559; baseline -0.001 -15"><span class='ocrx_word' id='word_1_574' title='bbox 1953 3489 2006 3544; x_wconf 92' lang='lat' dir='ltr'>in</span> <span class='ocrx_word' id='word_1_575' title='bbox 2042 3488 2277 3557; x_wconf 79' lang='lat' dir='ltr'><strong>pretiosa</strong></span> <span class='ocrx_word' id='word_1_576' title='bbox 2311 3486 2519 3539; x_wconf 79' lang='lat' dir='ltr'><strong>Domini</strong></span> <span class='ocrx_word' id='word_1_577' title='bbox 2554 3487 2719 3539; x_wconf 91' lang='lat' dir='ltr'><strong>nostri</strong></span> <span class='ocrx_word' id='word_1_578' title='bbox 2749 3502 2915 3540; x_wconf 87' lang='lat' dir='ltr'><strong>cruce</strong></span> <span class='ocrx_word' id='word_1_579' title='bbox 2948 3488 3298 3543; x_wconf 87' lang='lat' dir='ltr'><strong>considerare</strong></span> <span class='ocrx_word' id='word_1_580' title='bbox 3341 3492 3523 3559; x_wconf 76' lang='lat' dir='ltr'><strong>liceat.</strong></span> 
     </span>
    </p>
   </div>
   <div class='ocr_carea' id='block_1_81' title="bbox 1953 3577 3503 3651">
    <p class='ocr_par' dir='ltr' id='par_1_81' title="bbox 1953 3577 3503 3651">
     <span class='ocr_line' id='line_1_81' title="bbox 1953 3577 3503 3651; baseline 0.001 -16"><span class='ocrx_word' id='word_1_581' title='bbox 1953 3580 2262 3642; x_wconf 87' lang='lat' dir='ltr'><strong>materiam,</strong></span> <span class='ocrx_word' id='word_1_582' title='bbox 2303 3577 2554 3642; x_wconf 82' lang='lat' dir='ltr'><strong>formam,</strong></span> <span class='ocrx_word' id='word_1_583' title='bbox 2602 3586 2657 3631; x_wconf 88' lang='lat' dir='ltr'><strong>et</strong></span> <span class='ocrx_word' id='word_1_584' title='bbox 2683 3580 2938 3647; x_wconf 84' lang='lat' dir='ltr'><strong>gratiam,</strong></span> <span class='ocrx_word' id='word_1_585' title='bbox 2985 3594 3079 3649; x_wconf 87' lang='lat' dir='ltr'>per</span> <span class='ocrx_word' id='word_1_586' title='bbox 3120 3581 3327 3651; x_wconf 82' lang='lat' dir='ltr'><strong>virgam</strong></span> <span class='ocrx_word' id='word_1_587' title='bbox 3359 3594 3503 3637; x_wconf 80' lang='lat' dir='ltr'><strong>male</strong></span> 
     </span>
    </p>
   </div>
   <div class='ocr_carea' id='block_1_82' title="bbox 1952 3671 3519 3743">
    <p class='ocr_par' dir='ltr' id='par_1_82' title="bbox 1952 3671 3519 3743">
     <span class='ocr_line' id='line_1_82' title="bbox 1952 3671 3519 3743; baseline 0.004 -17"><span class='ocrx_word' id='word_1_588' title='bbox 1952 3672 2029 3726; x_wconf 87' lang='lat' dir='ltr'><strong>ria</strong></span> <span class='ocrx_word' id='word_1_589' title='bbox 2065 3671 2394 3736; x_wconf 90' lang='lat' dir='ltr'><strong>iuuotescit;</strong></span> <span class='ocrx_word' id='word_1_590' title='bbox 2435 3687 2690 3725; x_wconf 89' lang='lat' dir='ltr'><strong>manuum</strong></span> <span class='ocrx_word' id='word_1_591' title='bbox 2732 3675 3051 3728; x_wconf 79' lang='lat' dir='ltr'><strong>extensione</strong></span> <span class='ocrx_word' id='word_1_592' title='bbox 3102 3675 3271 3743; x_wconf 72' lang='lat' dir='ltr'><strong>figura</strong></span> <span class='ocrx_word' id='word_1_593' title='bbox 3329 3678 3519 3732; x_wconf 85' lang='lat' dir='ltr'><strong>admu-</strong></span> 
     </span>
    </p>
   </div>
   <div class='ocr_carea' id='block_1_83' title="bbox 1954 3764 3520 3839">
    <p class='ocr_par' dir='ltr' id='par_1_83' title="bbox 1954 3764 3520 3839">
     <span class='ocr_line' id='line_1_83' title="bbox 1954 3764 3520 3839; baseline 0.003 -21"><span class='ocrx_word' id='word_1_594' title='bbox 1954 3764 2176 3831; x_wconf 86' lang='lat' dir='ltr'><strong>bratur;</strong></span> <span class='ocrx_word' id='word_1_595' title='bbox 2208 3779 2302 3832; x_wconf 86' lang='lat' dir='ltr'>per</span> <span class='ocrx_word' id='word_1_596' title='bbox 2331 3765 2731 3833; x_wconf 68' lang='lat' dir='ltr'><strong>praedictionem</strong></span> <span class='ocrx_word' id='word_1_597' title='bbox 2758 3776 2810 3819; x_wconf 87' lang='lat' dir='ltr'><strong>et</strong></span> <span class='ocrx_word' id='word_1_598' title='bbox 2836 3767 3156 3838; x_wconf 84' lang='lat' dir='ltr'><strong>sanguinem</strong></span> <span class='ocrx_word' id='word_1_599' title='bbox 3193 3768 3317 3839; x_wconf 85' lang='lat' dir='ltr'><strong>agni</strong></span> <span class='ocrx_word' id='word_1_600' title='bbox 3351 3771 3520 3838; x_wconf 86' lang='lat' dir='ltr'><strong>gratia</strong></span> 
     </span>
    </p>
   </div>
   <div class='ocr_carea' id='block_1_84' title="bbox 1955 3853 3525 3920">
    <p class='ocr_par' dir='ltr' id='par_1_84' title="bbox 1955 3853 3525 3920">
     <span class='ocr_line' id='line_1_84' title="bbox 1955 3853 3525 3920; baseline 0.003 -12"><span class='ocrx_word' id='word_1_601' title='bbox 1955 3855 2329 3908; x_wconf 84' lang='lat' dir='ltr'><strong>annuutiatur.</strong></span> <span class='ocrx_word' id='word_1_602' title='bbox 2408 3853 2872 3920; x_wconf 82' lang='lat' dir='ltr'><strong>Quemadmodum</strong></span> <span class='ocrx_word' id='word_1_603' title='bbox 2941 3867 3117 3911; x_wconf 86' lang='lat' dir='ltr'><strong>autem</strong></span> <span class='ocrx_word' id='word_1_604' title='bbox 3167 3874 3273 3912; x_wconf 89' lang='lat' dir='ltr'>non</span> <span class='ocrx_word' id='word_1_605' title='bbox 3341 3861 3525 3913; x_wconf 77' lang='lat' dir='ltr'><strong>omnia</strong></span> 
     </span>
    </p>
   </div>
   <div class='ocr_carea' id='block_1_85' title="bbox 1954 3946 3522 4018">
    <p class='ocr_par' dir='ltr' id='par_1_85' title="bbox 1954 3946 3522 4018">
     <span class='ocr_line' id='line_1_85' title="bbox 1954 3946 3522 4018; baseline 0.003 -19"><span class='ocrx_word' id='word_1_606' title='bbox 1954 3957 2071 4000; x_wconf 84' lang='lat' dir='ltr'><strong>acta</strong></span> <span class='ocrx_word' id='word_1_607' title='bbox 2123 3954 2250 4002; x_wconf 89' lang='lat' dir='ltr'><strong>sunt</strong></span> <span class='ocrx_word' id='word_1_608' title='bbox 2309 3946 2509 4000; x_wconf 82' lang='lat' dir='ltr'><strong>auxilio</strong></span> <span class='ocrx_word' id='word_1_609' title='bbox 2562 3947 2744 4016; x_wconf 78' lang='lat' dir='ltr'><strong>virgae,</strong></span> <span class='ocrx_word' id='word_1_610' title='bbox 2811 3946 2886 3999; x_wconf 88' lang='lat' dir='ltr'>ita</span> <span class='ocrx_word' id='word_1_611' title='bbox 2916 3964 3017 4002; x_wconf 84' lang='lat' dir='ltr'>nec</span> <span class='ocrx_word' id='word_1_612' title='bbox 3067 3951 3252 4003; x_wconf 86' lang='lat' dir='ltr'><strong>omnia</strong></span> <span class='ocrx_word' id='word_1_613' title='bbox 3305 3964 3522 4018; x_wconf 85' lang='lat' dir='ltr'><strong>peracta</strong></span> 
     </span>
    </p>
   </div>
   <div class='ocr_carea' id='block_1_86' title="bbox 1952 4036 3523 4110">
    <p class='ocr_par' dir='ltr' id='par_1_86' title="bbox 1952 4036 3523 4110">
     <span class='ocr_line' id='line_1_86' title="bbox 1952 4036 3523 4110; baseline 0.003 -18"><span class='ocrx_word' id='word_1_614' title='bbox 1952 4047 2080 4092; x_wconf 75' lang='lat' dir='ltr'><strong>sunt</strong></span> <span class='ocrx_word' id='word_1_615' title='bbox 2111 4039 2409 4091; x_wconf 88' lang='lat' dir='ltr'><strong>ministerio</strong></span> <span class='ocrx_word' id='word_1_616' title='bbox 2439 4036 2679 4109; x_wconf 80' lang='lat' dir='ltr'><strong>Moysis;</strong></span> <span class='ocrx_word' id='word_1_617' title='bbox 2728 4053 2904 4107; x_wconf 84' lang='lat' dir='ltr'><strong>neque</strong></span> <span class='ocrx_word' id='word_1_618' title='bbox 2931 4040 3111 4093; x_wconf 88' lang='lat' dir='ltr'><strong>omnia</strong></span> <span class='ocrx_word' id='word_1_619' title='bbox 3141 4055 3204 4095; x_wconf 78' lang='lat' dir='ltr'><strong>ex</strong></span> <span class='ocrx_word' id='word_1_620' title='bbox 3241 4056 3348 4093; x_wconf 90' lang='lat' dir='ltr'>uno</span> <span class='ocrx_word' id='word_1_621' title='bbox 3382 4058 3523 4110; x_wconf 86' lang='lat' dir='ltr'>quo-</span> 
     </span>
    </p>
   </div>
   <div class='ocr_carea' id='block_1_87' title="bbox 1952 4130 3521 4199">
    <p class='ocr_par' dir='ltr' id='par_1_87' title="bbox 1952 4130 3521 4199">
     <span class='ocr_line' id='line_1_87' title="bbox 1952 4130 3521 4199; baseline 0.001 -16"><span class='ocrx_word' id='word_1_622' title='bbox 1952 4130 2095 4197; x_wconf 87' lang='lat' dir='ltr'><strong>piam</strong></span> <span class='ocrx_word' id='word_1_623' title='bbox 2125 4130 2413 4192; x_wconf 84' lang='lat' dir='ltr'><strong>elemento,</strong></span> <span class='ocrx_word' id='word_1_624' title='bbox 2452 4132 2545 4182; x_wconf 89' lang='lat' dir='ltr'><strong>sed</strong></span> <span class='ocrx_word' id='word_1_625' title='bbox 2582 4141 2696 4183; x_wconf 83' lang='lat' dir='ltr'><strong>tres</strong></span> <span class='ocrx_word' id='word_1_626' title='bbox 2752 4130 2938 4197; x_wconf 77' lang='lat' dir='ltr'><strong>prima:</strong></span> <span class='ocrx_word' id='word_1_627' title='bbox 2976 4131 3143 4199; x_wconf 76' lang='lat' dir='ltr'><strong>plaga:</strong></span> <span class='ocrx_word' id='word_1_628' title='bbox 3176 4145 3243 4184; x_wconf 83' lang='lat' dir='ltr'><strong>ex</strong></span> <span class='ocrx_word' id='word_1_629' title='bbox 3283 4133 3521 4186; x_wconf 80' lang='lat' dir='ltr'><strong>crassio-</strong></span> 
     </span>
    </p>
   </div>
   <div class='ocr_carea' id='block_1_88' title="bbox 1955 4219 3522 4291">
    <p class='ocr_par' dir='ltr' id='par_1_88' title="bbox 1955 4219 3522 4291">
     <span class='ocr_line' id='line_1_88' title="bbox 1955 4219 3522 4291; baseline 0.003 -18"><span class='ocrx_word' id='word_1_630' title='bbox 1955 4219 2104 4274; x_wconf 75' lang='lat' dir='ltr'><strong>ribus</strong></span> <span class='ocrx_word' id='word_1_631' title='bbox 2137 4220 2440 4284; x_wconf 76' lang='lat' dir='ltr'><strong>elementis,</strong></span> <span class='ocrx_word' id='word_1_632' title='bbox 2472 4235 2538 4274; x_wconf 83' lang='lat' dir='ltr'>ex</span> <span class='ocrx_word' id='word_1_633' title='bbox 2583 4230 2724 4273; x_wconf 82' lang='lat' dir='ltr'><strong>terra</strong></span> <span class='ocrx_word' id='word_1_634' title='bbox 2762 4220 3009 4274; x_wconf 84' lang='lat' dir='ltr'><strong>videlicet</strong></span> <span class='ocrx_word' id='word_1_635' title='bbox 3055 4234 3109 4275; x_wconf 88' lang='lat' dir='ltr'><strong>et</strong></span> <span class='ocrx_word' id='word_1_636' title='bbox 3148 4237 3286 4291; x_wconf 84' lang='lat' dir='ltr'><strong>aqua</strong></span> <span class='ocrx_word' id='word_1_637' title='bbox 3319 4223 3522 4280; x_wconf 82' lang='lat' dir='ltr'><strong>Aaroni</strong></span> 
     </span>
    </p>
   </div>
   <div class='ocr_carea' id='block_1_89' title="bbox 1955 4311 3526 4387">
    <p class='ocr_par' dir='ltr' id='par_1_89' title="bbox 1955 4311 3526 4387">
     <span class='ocr_line' id='line_1_89' title="bbox 1955 4311 3526 4387; baseline 0.003 -21"><span class='ocrx_word' id='word_1_638' title='bbox 1955 4311 2262 4382; x_wconf 68' lang='lat' dir='ltr'><strong>indigentiae</strong></span> <span class='ocrx_word' id='word_1_639' title='bbox 2286 4312 2718 4366; x_wconf 87' lang='lat' dir='ltr'><strong>committuntur.</strong></span> <span class='ocrx_word' id='word_1_640' title='bbox 2774 4312 3023 4366; x_wconf 46' lang='lat' dir='ltr'><strong>&#39;l‘otidem</strong></span> <span class='ocrx_word' id='word_1_641' title='bbox 3057 4328 3123 4367; x_wconf 71' lang='lat' dir='ltr'>ex</span> <span class='ocrx_word' id='word_1_642' title='bbox 3149 4329 3273 4368; x_wconf 83' lang='lat' dir='ltr'><strong>aere</strong></span> <span class='ocrx_word' id='word_1_643' title='bbox 3316 4326 3368 4368; x_wconf 88' lang='lat' dir='ltr'><strong>et</strong></span> <span class='ocrx_word' id='word_1_644' title='bbox 3397 4316 3526 4387; x_wconf 77' lang='lat' dir='ltr'><strong>igne</strong></span> 
     </span>
    </p>
   </div>
   <div class='ocr_carea' id='block_1_90' title="bbox 1953 4400 3525 4474">
    <p class='ocr_par' dir='ltr' id='par_1_90' title="bbox 1953 4400 3525 4474">
     <span class='ocr_line' id='line_1_90' title="bbox 1953 4400 3525 4474; baseline 0.003 -19"><span class='ocrx_word' id='word_1_645' title='bbox 1953 4401 2165 4474; x_wconf 77' lang='lat' dir='ltr'><strong>Moyses</strong></span> <span class='ocrx_word' id='word_1_646' title='bbox 2208 4400 2374 4457; x_wconf 68' lang='lat' dir='ltr'><strong>edicit</strong></span> <span class='ocrx_word' id='word_1_647' title='bbox 2418 4417 2601 4466; x_wconf 87' lang='lat' dir='ltr'><strong>unam,</strong></span> <span class='ocrx_word' id='word_1_648' title='bbox 2664 4415 2856 4469; x_wconf 82' lang='lat' dir='ltr'><strong>nempe</strong></span> <span class='ocrx_word' id='word_1_649' title='bbox 2916 4404 3225 4471; x_wconf 80' lang='lat' dir='ltr'><strong>septimam,</strong></span> <span class='ocrx_word' id='word_1_650' title='bbox 3280 4420 3525 4460; x_wconf 87' lang='lat' dir='ltr'><strong>commu-</strong></span> 
     </span>
    </p>
   </div>
   <div class='ocr_carea' id='block_1_91' title="bbox 265 4479 1846 4576">
    <p class='ocr_par' dir='ltr' id='par_1_91' title="bbox 265 4504 1840 4576">
     <span class='ocr_line' id='line_1_91' title="bbox 265 4504 1840 4576; baseline -0.002 -16"><span class='ocrx_word' id='word_1_651' title='bbox 265 4507 440 4575; x_wconf 79' lang='grc' dir='ltr'>δόμην</span> <span class='ocrx_word' id='word_1_652' title='bbox 476 4504 783 4572; x_wconf 81' lang='grc' dir='ltr'>ἐκτελοῦσι,</span> <span class='ocrx_word' id='word_1_653' title='bbox 809 4506 905 4558; x_wconf 78' lang='grc' dir='ltr'>καὶ</span> <span class='ocrx_word' id='word_1_654' title='bbox 941 4508 1089 4576; x_wconf 86' lang='grc' dir='ltr'>τρεῖς</span> <span class='ocrx_word' id='word_1_655' title='bbox 1128 4507 1228 4568; x_wconf 73' lang='grc' dir='ltr'>τάς</span> <span class='ocrx_word' id='word_1_656' title='bbox 1250 4505 1566 4568; x_wconf 85' lang='grc' dir='ltr'>τελευταίας</span> <span class='ocrx_word' id='word_1_657' title='bbox 1597 4507 1675 4567; x_wconf 83' lang='grc' dir='ltr'>είς</span> <span class='ocrx_word' id='word_1_658' title='bbox 1700 4522 1840 4575; x_wconf 71' lang='grc' dir='ltr'>συμι</span> 
     </span>
    </p>
   </div>
   <div class='ocr_carea' id='block_1_92' title="bbox 1953 4479 3519 4576">
    <p class='ocr_par' dir='ltr' id='par_1_92' title="bbox 1955 4490 3519 4558">
     <span class='ocr_line' id='line_1_92' title="bbox 1955 4490 3519 4558; baseline 0.003 -13"><span class='ocrx_word' id='word_1_659' title='bbox 1955 4493 2097 4547; x_wconf 87' lang='lat' dir='ltr'><strong>uiter</strong></span> <span class='ocrx_word' id='word_1_660' title='bbox 2144 4494 2326 4546; x_wconf 82' lang='lat' dir='ltr'><strong>ambo.</strong></span> <span class='ocrx_word' id='word_1_661' title='bbox 2375 4490 2510 4544; x_wconf 85' lang='lat' dir='ltr'><strong>Tres</strong></span> <span class='ocrx_word' id='word_1_662' title='bbox 2545 4491 2803 4558; x_wconf 77' lang='lat' dir='ltr'><strong>reliquas,</strong></span> <span class='ocrx_word' id='word_1_663' title='bbox 2848 4492 3053 4546; x_wconf 85' lang='lat' dir='ltr'><strong>denarii</strong></span> <span class='ocrx_word' id='word_1_664' title='bbox 3111 4496 3321 4548; x_wconf 88' lang='lat' dir='ltr'><strong>numeri</strong></span> <span class='ocrx_word' id='word_1_665' title='bbox 3369 4511 3519 4549; x_wconf 66' lang='lat' dir='ltr'><strong>com~</strong></span> 
     </span>
    </p>
   </div>
   <div class='ocr_carea' id='block_1_93' title="bbox 267 4597 1842 4670">
    <p class='ocr_par' dir='ltr' id='par_1_93' title="bbox 267 4597 1842 4670">
     <span class='ocr_line' id='line_1_93' title="bbox 267 4597 1842 4670; baseline 0 -20"><span class='ocrx_word' id='word_1_666' title='bbox 267 4599 551 4670; x_wconf 79' lang='grc' dir='ltr'>πλήρωσιν</span> <span class='ocrx_word' id='word_1_667' title='bbox 582 4598 683 4667; x_wconf 80' lang='grc' dir='ltr'>τῆς</span> <span class='ocrx_word' id='word_1_668' title='bbox 708 4597 932 4660; x_wconf 81' lang='grc' dir='ltr'>δεκάδος</span> <span class='ocrx_word' id='word_1_669' title='bbox 971 4614 986 4628; x_wconf 92' lang='grc'><strong>·</strong></span> <span class='ocrx_word' id='word_1_670' title='bbox 1020 4598 1200 4669; x_wconf 88' lang='grc' dir='ltr'>ἐαυτῷ</span> <span class='ocrx_word' id='word_1_671' title='bbox 1218 4598 1350 4660; x_wconf 81' lang='grc' dir='ltr'>Θεὸς</span> <span class='ocrx_word' id='word_1_672' title='bbox 1384 4597 1710 4666; x_wconf 85' lang='grc' dir='ltr'>ἀνατίθησιν</span> <span class='ocrx_word' id='word_1_673' title='bbox 1735 4597 1842 4650; x_wconf 79' lang='grc' dir='ltr'>ἔδει</span> 
     </span>
    </p>
   </div>
   <div class='ocr_carea' id='block_1_94' title="bbox 208 4690 1836 4764">
    <p class='ocr_par' dir='ltr' id='par_1_94' title="bbox 208 4690 1836 4764">
     <span class='ocr_line' id='line_1_94' title="bbox 208 4690 1836 4764; baseline 0 -21"><span class='ocrx_word' id='word_1_674' title='bbox 208 4739 223 4764; x_wconf 88' lang='lat'>._</span> <span class='ocrx_word' id='word_1_675' title='bbox 265 4693 372 4761; x_wconf 76' lang='grc' dir='ltr'>γάρ</span> <span class='ocrx_word' id='word_1_676' title='bbox 391 4694 489 4745; x_wconf 80' lang='grc' dir='ltr'>καί</span> <span class='ocrx_word' id='word_1_677' title='bbox 524 4691 773 4754; x_wconf 79' lang='grc' dir='ltr'>Μωσέως</span> <span class='ocrx_word' id='word_1_678' title='bbox 801 4690 864 4741; x_wconf 73' lang='grc' dir='ltr'>τὸ</span> <span class='ocrx_word' id='word_1_679' title='bbox 891 4690 1139 4744; x_wconf 84' lang='grc' dir='ltr'>δουλικὸν</span> <span class='ocrx_word' id='word_1_680' title='bbox 1172 4692 1248 4756; x_wconf 85' lang='grc' dir='ltr'>ὼς</span> <span class='ocrx_word' id='word_1_681' title='bbox 1274 4693 1562 4764; x_wconf 76' lang='grc' dir='ltr'>προφήτου</span> <span class='ocrx_word' id='word_1_682' title='bbox 1595 4695 1836 4762; x_wconf 82' lang='grc' dir='ltr'>φανῆναι</span> 
     </span>
    </p>
   </div>
   <div class='ocr_carea' id='block_1_95' title="bbox 218 4762 1843 4851">
    <p class='ocr_par' dir='ltr' id='par_1_95' title="bbox 218 4762 1843 4851">
     <span class='ocr_line' id='line_1_95' title="bbox 218 4762 1843 4851; baseline -0.001 -18"><span class='ocrx_word' id='word_1_683' title='bbox 218 4762 224 4766; x_wconf 29' lang='grc'><strong>⁸</strong></span> <span class='ocrx_word' id='word_1_684' title='bbox 266 4780 476 4844; x_wconf 80' lang='grc' dir='ltr'>σθένος.</span> <span class='ocrx_word' id='word_1_685' title='bbox 506 4783 605 4833; x_wconf 76' lang='grc' dir='ltr'>καὶ</span> <span class='ocrx_word' id='word_1_686' title='bbox 634 4779 771 4832; x_wconf 85' lang='grc' dir='ltr'>Θεοῦ</span> <span class='ocrx_word' id='word_1_687' title='bbox 796 4780 857 4832; x_wconf 75' lang='grc' dir='ltr'>τὸ</span> <span class='ocrx_word' id='word_1_688' title='bbox 892 4781 1256 4849; x_wconf 85' lang='grc' dir='ltr'>παγκόσμιον,</span> <span class='ocrx_word' id='word_1_689' title='bbox 1283 4762 1357 4844; x_wconf 72' lang='grc' dir='ltr'>ὥς</span> <span class='ocrx_word' id='word_1_690' title='bbox 1401 4781 1664 4851; x_wconf 80' lang='grc' dir='ltr'>Ὑψίστου</span> <span class='ocrx_word' id='word_1_691' title='bbox 1691 4820 1708 4846; x_wconf 92' lang='grc'>,</span> <span class='ocrx_word' id='word_1_692' title='bbox 1735 4797 1843 4832; x_wconf 87' lang='grc' dir='ltr'>πα-</span> 
     </span>
    </p>
   </div>
   <div class='ocr_carea' id='block_1_96' title="bbox 265 4871 867 4942">
    <p class='ocr_par' dir='ltr' id='par_1_96' title="bbox 265 4871 867 4942">
     <span class='ocr_line' id='line_1_96' title="bbox 265 4871 867 4942; baseline 0.002 -18"><span class='ocrx_word' id='word_1_693' title='bbox 265 4871 617 4941; x_wconf 78' lang='grc' dir='ltr'>ραδειχθῆναι</span> <span class='ocrx_word' id='word_1_694' title='bbox 641 4871 867 4942; x_wconf 68' lang='grc' dir='ltr'>κράτος.</span> 
     </span>
    </p>
   </div>
   <div class='ocr_carea' id='block_1_97' title="bbox 330 4961 1840 5035">
    <p class='ocr_par' dir='ltr' id='par_1_97' title="bbox 330 4961 1840 5035">
     <span class='ocr_line' id='line_1_97' title="bbox 330 4961 1840 5035; baseline 0.003 -23"><span class='ocrx_word' id='word_1_695' title='bbox 330 4965 432 5013; x_wconf 66' lang='grc' dir='ltr'>Διὰ</span> <span class='ocrx_word' id='word_1_696' title='bbox 461 4961 624 5014; x_wconf 80' lang='grc' dir='ltr'>τοῦτο</span> <span class='ocrx_word' id='word_1_697' title='bbox 651 4961 785 5028; x_wconf 79' lang='grc' dir='ltr'>γοῦν</span> <span class='ocrx_word' id='word_1_698' title='bbox 812 4961 906 5014; x_wconf 82' lang='grc' dir='ltr'>καί</span> <span class='ocrx_word' id='word_1_699' title='bbox 933 4961 1013 5032; x_wconf 85' lang='grc' dir='ltr'>τῷ</span> <span class='ocrx_word' id='word_1_700' title='bbox 1038 4962 1306 5035; x_wconf 81' lang='grc' dir='ltr'>νομοθέτῃ</span> <span class='ocrx_word' id='word_1_701' title='bbox 1346 4963 1511 5032; x_wconf 80' lang='grc' dir='ltr'>μέρος</span> <span class='ocrx_word' id='word_1_702' title='bbox 1542 4961 1701 5031; x_wconf 83' lang='grc' dir='ltr'>ἐδόθη</span> <span class='ocrx_word' id='word_1_703' title='bbox 1738 4963 1840 5031; x_wconf 83' lang='grc' dir='ltr'>τῆς</span> 
     </span>
    </p>
   </div>
   <div class='ocr_carea' id='block_1_98' title="bbox 263 5051 1843 5123">
    <p class='ocr_par' dir='ltr' id='par_1_98' title="bbox 263 5051 1843 5123">
     <span class='ocr_line' id='line_1_98' title="bbox 263 5051 1843 5123; baseline -0.002 -16"><span class='ocrx_word' id='word_1_704' title='bbox 263 5053 545 5122; x_wconf 82' lang='grc' dir='ltr'>θαυματου</span> <span class='ocrx_word' id='word_1_705' title='bbox 557 5052 740 5121; x_wconf 85' lang='grc' dir='ltr'>ργίας,</span> <span class='ocrx_word' id='word_1_706' title='bbox 763 5052 860 5105; x_wconf 74' lang='grc' dir='ltr'>καὶ</span> <span class='ocrx_word' id='word_1_707' title='bbox 881 5055 908 5105; x_wconf 81' lang='grc' dir='ltr'><strong>ὁ</strong></span> <span class='ocrx_word' id='word_1_708' title='bbox 936 5053 1273 5123; x_wconf 80' lang='grc' dir='ltr'>παντουργὸς</span> <span class='ocrx_word' id='word_1_709' title='bbox 1309 5054 1584 5122; x_wconf 80' lang='grc' dir='ltr'>Δεσπότης</span> <span class='ocrx_word' id='word_1_710' title='bbox 1612 5052 1679 5103; x_wconf 79' lang='grc' dir='ltr'>δι’</span> <span class='ocrx_word' id='word_1_711' title='bbox 1716 5051 1843 5122; x_wconf 83' lang='grc' dir='ltr'>ὅλης</span> 
     </span>
    </p>
   </div>
   <div class='ocr_carea' id='block_1_99' title="bbox 259 5145 1842 5215">
    <p class='ocr_par' dir='ltr' id='par_1_99' title="bbox 259 5145 1842 5215">
     <span class='ocr_line' id='line_1_99' title="bbox 259 5145 1842 5215; baseline -0.001 -17"><span class='ocrx_word' id='word_1_712' title='bbox 259 5146 529 5214; x_wconf 78' lang='grc' dir='ltr'>ἐδοξάσθη</span> <span class='ocrx_word' id='word_1_713' title='bbox 550 5145 654 5213; x_wconf 78' lang='grc' dir='ltr'>τῆς</span> <span class='ocrx_word' id='word_1_714' title='bbox 687 5145 1073 5214; x_wconf 75' lang='grc' dir='ltr'>δημιουργίας,</span> <span class='ocrx_word' id='word_1_715' title='bbox 1106 5147 1167 5198; x_wconf 83' lang='grc' dir='ltr'>οὐ</span> <span class='ocrx_word' id='word_1_716' title='bbox 1208 5148 1489 5215; x_wconf 83' lang='grc' dir='ltr'>στοιχείων</span> <span class='ocrx_word' id='word_1_717' title='bbox 1527 5147 1689 5215; x_wconf 86' lang='grc' dir='ltr'>μόνον</span> <span class='ocrx_word' id='word_1_718' title='bbox 1719 5163 1842 5197; x_wconf 90' lang='grc' dir='ltr'>συν-</span> 
     </span>
    </p>
   </div>
   <div class='ocr_carea' id='block_1_100' title="bbox 260 5237 1845 5308">
    <p class='ocr_par' dir='ltr' id='par_1_100' title="bbox 260 5237 1845 5308">
     <span class='ocr_line' id='line_1_100' title="bbox 260 5237 1845 5308; baseline 0 -17"><span class='ocrx_word' id='word_1_719' title='bbox 260 5240 607 5294; x_wconf 79' lang='grc' dir='ltr'>τελεσάντων</span> <span class='ocrx_word' id='word_1_720' title='bbox 651 5238 872 5291; x_wconf 77' lang='grc' dir='ltr'>άπαντα</span> <span class='ocrx_word' id='word_1_721' title='bbox 896 5278 910 5302; x_wconf 96' lang='grc'>,</span> <span class='ocrx_word' id='word_1_722' title='bbox 954 5237 1090 5290; x_wconf 72' lang='grc' dir='ltr'>ἀλλὰ</span> <span class='ocrx_word' id='word_1_723' title='bbox 1129 5239 1225 5291; x_wconf 78' lang='grc' dir='ltr'>καὶ</span> <span class='ocrx_word' id='word_1_724' title='bbox 1275 5238 1521 5307; x_wconf 79' lang='grc' dir='ltr'>ἀγγέλων</span> <span class='ocrx_word' id='word_1_725' title='bbox 1559 5239 1845 5308; x_wconf 78' lang='grc' dir='ltr'>ὑπουργη-</span> 
     </span>
    </p>
   </div>
   <div class='ocr_carea' id='block_1_101' title="bbox 262 5329 1842 5399">
    <p class='ocr_par' dir='ltr' id='par_1_101' title="bbox 262 5329 1842 5399">
     <span class='ocr_line' id='line_1_101' title="bbox 262 5329 1842 5399; baseline -0.002 -14"><span class='ocrx_word' id='word_1_726' title='bbox 262 5334 474 5388; x_wconf 85' lang='grc' dir='ltr'>σάντων</span> <span class='ocrx_word' id='word_1_727' title='bbox 497 5332 703 5393; x_wconf 75' lang='grc' dir='ltr'>ἀΰλων,</span> <span class='ocrx_word' id='word_1_728' title='bbox 723 5331 866 5384; x_wconf 83' lang='grc' dir='ltr'>κατά</span> <span class='ocrx_word' id='word_1_729' title='bbox 884 5329 975 5384; x_wconf 80' lang='grc' dir='ltr'>τὸν</span> <span class='ocrx_word' id='word_1_730' title='bbox 1001 5331 1230 5399; x_wconf 77' lang='grc' dir='ltr'>λέγοντα</span> <span class='ocrx_word' id='word_1_731' title='bbox 1256 5349 1268 5360; x_wconf 91' lang='grc'><strong>·</strong></span> <span class='ocrx_word' id='word_1_732' title='bbox 1304 5331 1842 5398; x_wconf 81' lang='grc' dir='ltr'>Συνεκπολεμήσει</span> 
     </span>
    </p>
   </div>
   <div class='ocr_carea' id='block_1_102' title="bbox 259 5420 1846 5489">
    <p class='ocr_par' dir='ltr' id='par_1_102' title="bbox 259 5420 1846 5489">
     <span class='ocr_line' id='line_1_102' title="bbox 259 5420 1846 5489; baseline -0.002 -16"><span class='ocrx_word' id='word_1_733' title='bbox 259 5422 419 5488; x_wconf 81' lang='grc' dir='ltr'>αὐτῷ</span> <span class='ocrx_word' id='word_1_734' title='bbox 441 5427 474 5477; x_wconf 83' lang='grc' dir='ltr'><em>ὁ</em></span> <span class='ocrx_word' id='word_1_735' title='bbox 502 5424 740 5487; x_wconf 80' lang='grc' dir='ltr'>κόσμος</span> <span class='ocrx_word' id='word_1_736' title='bbox 757 5420 856 5473; x_wconf 81' lang='grc' dir='ltr'>ὲπί</span> <span class='ocrx_word' id='word_1_737' title='bbox 889 5423 1028 5486; x_wconf 82' lang='grc' dir='ltr'>τοὺς</span> <span class='ocrx_word' id='word_1_738' title='bbox 1051 5420 1276 5489; x_wconf 61' lang='grc' dir='ltr'>παράξει]</span> <span class='ocrx_word' id='word_1_739' title='bbox 1294 5438 1459 5485; x_wconf 84' lang='grc' dir='ltr'>ονας.</span> <span class='ocrx_word' id='word_1_740' title='bbox 1503 5420 1720 5488; x_wconf 85' lang='grc' dir='ltr'>Ἐπειδὴ</span> <span class='ocrx_word' id='word_1_741' title='bbox 1741 5422 1846 5488; x_wconf 80' lang='grc' dir='ltr'>γάρ</span> 
     </span>
    </p>
   </div>
   <div class='ocr_carea' id='block_1_103' title="bbox 259 5502 1846 5580">
    <p class='ocr_par' dir='ltr' id='par_1_103' title="bbox 259 5508 1846 5580">
     <span class='ocr_line' id='line_1_103' title="bbox 259 5508 1846 5580; baseline 0 -17"><span class='ocrx_word' id='word_1_742' title='bbox 259 5514 573 5580; x_wconf 76' lang='grc' dir='ltr'>Αἰγύπτιοι,</span> <span class='ocrx_word' id='word_1_743' title='bbox 609 5514 705 5564; x_wconf 71' lang='grc' dir='ltr'>καὶ</span> <span class='ocrx_word' id='word_1_744' title='bbox 727 5511 789 5562; x_wconf 74' lang='grc' dir='ltr'>τὸ</span> <span class='ocrx_word' id='word_1_745' title='bbox 837 5508 1154 5579; x_wconf 71' lang='grc' dir='ltr'>Ἑλληνικὸν</span> <span class='ocrx_word' id='word_1_746' title='bbox 1184 5512 1358 5577; x_wconf 81' lang='grc' dir='ltr'>γένος,</span> <span class='ocrx_word' id='word_1_747' title='bbox 1392 5512 1521 5573; x_wconf 81' lang='grc' dir='ltr'>τοὺς</span> <span class='ocrx_word' id='word_1_748' title='bbox 1556 5512 1656 5579; x_wconf 81' lang='grc' dir='ltr'>μὲν</span> <span class='ocrx_word' id='word_1_749' title='bbox 1686 5510 1846 5579; x_wconf 85' lang='grc' dir='ltr'>οὐρα-</span> 
     </span>
    </p>
   </div>
   <div class='ocr_carea' id='block_1_104' title="bbox 1953 5502 2929 5580">
    <p class='ocr_par' dir='ltr' id='par_1_104' title="bbox 1953 5502 2929 5573">
     <span class='ocr_line' id='line_1_104' title="bbox 1953 5502 2929 5573; baseline -0.004 -11"><span class='ocrx_word' id='word_1_750' title='bbox 1953 5512 2092 5573; x_wconf 70' lang='lat' dir='ltr'><strong>iuxta</strong></span> <span class='ocrx_word' id='word_1_751' title='bbox 2130 5507 2274 5562; x_wconf 90' lang='lat' dir='ltr'><strong>illius</strong></span> <span class='ocrx_word' id='word_1_752' title='bbox 2309 5503 2515 5558; x_wconf 86' lang='lat' dir='ltr'><strong>oraculi</strong></span> <span class='ocrx_word' id='word_1_753' title='bbox 2547 5502 2872 5557; x_wconf 87' lang='lat' dir='ltr'><strong>sententiam</strong></span> <span class='ocrx_word' id='word_1_754' title='bbox 2913 5520 2929 5558; x_wconf 89' lang='lat'><strong>:</strong></span> 
     </span>
    </p>
   </div>
   <div class='ocr_carea' id='block_1_105' title="bbox 219 5601 1846 5672">
    <p class='ocr_par' dir='ltr' id='par_1_105' title="bbox 219 5601 1846 5672">
     <span class='ocr_line' id='line_1_105' title="bbox 219 5601 1846 5672; baseline 0.002 -18"><span class='ocrx_word' id='word_1_755' title='bbox 219 5631 227 5637; x_wconf 78' lang='lat'><strong><em>~</em></strong></span> <span class='ocrx_word' id='word_1_756' title='bbox 261 5604 405 5667; x_wconf 81' lang='grc' dir='ltr'>νίους</span> <span class='ocrx_word' id='word_1_757' title='bbox 438 5603 719 5672; x_wconf 79' lang='grc' dir='ltr'>ἐνόμιζον,</span> <span class='ocrx_word' id='word_1_758' title='bbox 759 5602 883 5665; x_wconf 74' lang='grc' dir='ltr'>τοὺς</span> <span class='ocrx_word' id='word_1_759' title='bbox 927 5603 983 5657; x_wconf 76' lang='grc' dir='ltr'>δέ</span> <span class='ocrx_word' id='word_1_760' title='bbox 1012 5601 1312 5670; x_wconf 70' lang='grc' dir='ltr'>ἐπιγείους,</span> <span class='ocrx_word' id='word_1_761' title='bbox 1350 5604 1444 5656; x_wconf 78' lang='grc' dir='ltr'>καὶ</span> <span class='ocrx_word' id='word_1_762' title='bbox 1487 5603 1681 5665; x_wconf 82' lang='grc' dir='ltr'>ἄλλους</span> <span class='ocrx_word' id='word_1_763' title='bbox 1717 5604 1846 5657; x_wconf 83' lang='grc' dir='ltr'>ὑπο-</span> 
     </span>
    </p>
   </div>
   <div class='ocr_carea' id='block_1_106' title="bbox 328 5783 732 5857">
    <p class='ocr_par' dir='ltr' id='par_1_106' title="bbox 328 5783 732 5857">
     <span class='ocr_line' id='line_1_106' title="bbox 328 5783 732 5857; baseline -0.01 -17"><span class='ocrx_word' id='word_1_764' title='bbox 328 5787 373 5817; x_wconf 78' lang='grc'>⁸³</span> <span class='ocrx_word' id='word_1_765' title='bbox 399 5787 527 5857; x_wconf 82' lang='lat' dir='ltr'><strong>Sap.</strong></span> <span class='ocrx_word' id='word_1_766' title='bbox 554 5799 611 5850; x_wconf 69' lang='grc' dir='ltr'>τ,</span> <span class='ocrx_word' id='word_1_767' title='bbox 635 5783 732 5837; x_wconf 74' lang='lat' dir='ltr'>2t.</span> 
     </span>
    </p>
   </div>
   <div class='ocr_carea' id='block_1_107' title="bbox 1947 4584 3520 4655">
    <p class='ocr_par' dir='ltr' id='par_1_107' title="bbox 1947 4584 3520 4655">
     <span class='ocr_line' id='line_1_107' title="bbox 1947 4584 3520 4655; baseline 0.002 -18"><span class='ocrx_word' id='word_1_768' title='bbox 1947 4585 2300 4655; x_wconf 88' lang='lat' dir='ltr'><strong>plementum,</strong></span> <span class='ocrx_word' id='word_1_769' title='bbox 2343 4585 2482 4638; x_wconf 81' lang='lat' dir='ltr'><strong>Deus</strong></span> <span class='ocrx_word' id='word_1_770' title='bbox 2508 4584 2608 4637; x_wconf 85' lang='lat' dir='ltr'><strong>sibi</strong></span> <span class='ocrx_word' id='word_1_771' title='bbox 2645 4587 2759 4652; x_wconf 78' lang='lat' dir='ltr'><strong>ipse</strong></span> <span class='ocrx_word' id='word_1_772' title='bbox 2821 4585 3063 4637; x_wconf 73' lang='lat' dir='ltr'><strong>ascribit.</strong></span> <span class='ocrx_word' id='word_1_773' title='bbox 3116 4584 3350 4640; x_wconf 80' lang='lat' dir='ltr'><strong>Necesse</strong></span> <span class='ocrx_word' id='word_1_774' title='bbox 3373 4590 3520 4641; x_wconf 87' lang='lat' dir='ltr'><strong>enim</strong></span> 
     </span>
    </p>
   </div>
   <div class='ocr_carea' id='block_1_108' title="bbox 1949 4676 3521 4747">
    <p class='ocr_par' dir='ltr' id='par_1_108' title="bbox 1949 4676 3521 4747">
     <span class='ocr_line' id='line_1_108' title="bbox 1949 4676 3521 4747; baseline 0.002 -17"><span class='ocrx_word' id='word_1_775' title='bbox 1949 4688 2064 4730; x_wconf 81' lang='lat' dir='ltr'><strong>erat</strong></span> <span class='ocrx_word' id='word_1_776' title='bbox 2101 4688 2156 4729; x_wconf 86' lang='lat' dir='ltr'><strong>ut</strong></span> <span class='ocrx_word' id='word_1_777' title='bbox 2188 4679 2239 4730; x_wconf 90' lang='lat' dir='ltr'>iu</span> <span class='ocrx_word' id='word_1_778' title='bbox 2282 4677 2363 4730; x_wconf 85' lang='lat' dir='ltr'>his</span> <span class='ocrx_word' id='word_1_779' title='bbox 2392 4677 2669 4731; x_wconf 77' lang='lat' dir='ltr'><strong>miraculis</strong></span> <span class='ocrx_word' id='word_1_780' title='bbox 2706 4676 2939 4747; x_wconf 68' lang='lat' dir='ltr'><strong>Moyses,</strong></span> <span class='ocrx_word' id='word_1_781' title='bbox 2988 4687 3242 4746; x_wconf 84' lang='lat' dir='ltr'><strong>tauquam</strong></span> <span class='ocrx_word' id='word_1_782' title='bbox 3274 4681 3415 4733; x_wconf 65' lang='lat' dir='ltr'><strong>serti</strong></span> <span class='ocrx_word' id='word_1_783' title='bbox 3465 4691 3521 4733; x_wconf 81' lang='lat' dir='ltr'><strong>et</strong></span> 
     </span>
    </p>
   </div>
   <div class='ocr_carea' id='block_1_109' title="bbox 1951 4769 3523 4837">
    <p class='ocr_par' dir='ltr' id='par_1_109' title="bbox 1951 4769 3523 4837">
     <span class='ocr_line' id='line_1_109' title="bbox 1951 4769 3523 4837; baseline 0.002 -13"><span class='ocrx_word' id='word_1_784' title='bbox 1951 4769 2176 4834; x_wconf 80' lang='lat' dir='ltr'><strong>Subdili,</strong></span> <span class='ocrx_word' id='word_1_785' title='bbox 2235 4769 2323 4822; x_wconf 85' lang='lat' dir='ltr'><strong>Det</strong></span> <span class='ocrx_word' id='word_1_786' title='bbox 2380 4779 2584 4834; x_wconf 84' lang='lat' dir='ltr'><strong>autem,</strong></span> <span class='ocrx_word' id='word_1_787' title='bbox 2635 4780 2693 4823; x_wconf 86' lang='lat' dir='ltr'><strong>ut</strong></span> <span class='ocrx_word' id='word_1_788' title='bbox 2749 4770 3123 4823; x_wconf 73' lang='lat' dir='ltr'><strong>unin-rsorum</strong></span> <span class='ocrx_word' id='word_1_789' title='bbox 3176 4770 3416 4837; x_wconf 86' lang='lat' dir='ltr'><strong>Domini,</strong></span> <span class='ocrx_word' id='word_1_790' title='bbox 3466 4783 3523 4827; x_wconf 81' lang='lat' dir='ltr'>et</span> 
     </span>
    </p>
   </div>
   <div class='ocr_carea' id='block_1_110' title="bbox 1951 4861 3235 4931">
    <p class='ocr_par' dir='ltr' id='par_1_110' title="bbox 1951 4861 3235 4931">
     <span class='ocr_line' id='line_1_110' title="bbox 1951 4861 3235 4931; baseline -0.002 -14"><span class='ocrx_word' id='word_1_791' title='bbox 1951 4862 2239 4926; x_wconf 83' lang='lat' dir='ltr'><strong>Altissimi,</strong></span> <span class='ocrx_word' id='word_1_792' title='bbox 2298 4862 2470 4914; x_wconf 82' lang='lat' dir='ltr'><strong>virtus</strong></span> <span class='ocrx_word' id='word_1_793' title='bbox 2514 4873 2565 4914; x_wconf 86' lang='lat' dir='ltr'>et</span> <span class='ocrx_word' id='word_1_794' title='bbox 2593 4862 2832 4931; x_wconf 86' lang='lat' dir='ltr'><strong>potentia</strong></span> <span class='ocrx_word' id='word_1_795' title='bbox 2880 4861 3235 4914; x_wconf 87' lang='lat' dir='ltr'><strong>eluceseeret.</strong></span> 
     </span>
    </p>
   </div>
   <div class='ocr_carea' id='block_1_111' title="bbox 2025 4951 3521 5022">
    <p class='ocr_par' dir='ltr' id='par_1_111' title="bbox 2025 4951 3521 5022">
     <span class='ocr_line' id='line_1_111' title="bbox 2025 4951 3521 5022; baseline 0.001 -16"><span class='ocrx_word' id='word_1_796' title='bbox 2025 4955 2174 5006; x_wconf 85' lang='lat' dir='ltr'><strong>llaue</strong></span> <span class='ocrx_word' id='word_1_797' title='bbox 2211 4957 2279 5005; x_wconf 80' lang='lat' dir='ltr'>ob</span> <span class='ocrx_word' id='word_1_798' title='bbox 2302 4970 2521 5005; x_wconf 76' lang='lat' dir='ltr'><strong>causam</strong></span> <span class='ocrx_word' id='word_1_799' title='bbox 2558 4968 2681 5018; x_wconf 84' lang='lat' dir='ltr'><strong>pars</strong></span> <span class='ocrx_word' id='word_1_800' title='bbox 2708 4953 3070 5022; x_wconf 76' lang='lat' dir='ltr'><strong>prodigiorum</strong></span> <span class='ocrx_word' id='word_1_801' title='bbox 3103 4951 3398 5020; x_wconf 75' lang='lat' dir='ltr'><strong>lcgislatori</strong></span> <span class='ocrx_word' id='word_1_802' title='bbox 3431 4969 3521 5008; x_wconf 84' lang='lat' dir='ltr'><strong>as-</strong></span> 
     </span>
    </p>
   </div>
   <div class='ocr_carea' id='block_1_112' title="bbox 1952 5046 3521 5117">
    <p class='ocr_par' dir='ltr' id='par_1_112' title="bbox 1952 5046 3521 5117">
     <span class='ocr_line' id='line_1_112' title="bbox 1952 5046 3521 5117; baseline -0.001 -14"><span class='ocrx_word' id='word_1_803' title='bbox 1952 5049 2160 5117; x_wconf 77' lang='lat' dir='ltr'><strong>siguata</strong></span> <span class='ocrx_word' id='word_1_804' title='bbox 2192 5057 2296 5106; x_wconf 82' lang='lat' dir='ltr'><strong>est,</strong></span> <span class='ocrx_word' id='word_1_805' title='bbox 2340 5046 2542 5099; x_wconf 62' lang='lat' dir='ltr'><strong>nihilo.»</strong></span> <span class='ocrx_word' id='word_1_806' title='bbox 2569 5046 2690 5098; x_wconf 85' lang='lat' dir='ltr'><strong>inus</strong></span> <span class='ocrx_word' id='word_1_807' title='bbox 2713 5054 2826 5098; x_wconf 81' lang='lat' dir='ltr'><strong>toto</strong></span> <span class='ocrx_word' id='word_1_808' title='bbox 2861 5046 2950 5097; x_wconf 78' lang='lat' dir='ltr'><strong>illo</strong></span> <span class='ocrx_word' id='word_1_809' title='bbox 2987 5055 3360 5112; x_wconf 84' lang='lat' dir='ltr'><strong>portentorum</strong></span> <span class='ocrx_word' id='word_1_810' title='bbox 3389 5064 3521 5101; x_wconf 83' lang='lat' dir='ltr'><strong>cou-</strong></span> 
     </span>
    </p>
   </div>
   <div class='ocr_carea' id='block_1_113' title="bbox 1951 5134 3518 5200">
    <p class='ocr_par' dir='ltr' id='par_1_113' title="bbox 1951 5134 3518 5200">
     <span class='ocr_line' id='line_1_113' title="bbox 1951 5134 3518 5200; baseline -0.001 -5"><span class='ocrx_word' id='word_1_811' title='bbox 1951 5157 2111 5195; x_wconf 85' lang='lat' dir='ltr'><strong>cursu</strong></span> <span class='ocrx_word' id='word_1_812' title='bbox 2175 5134 2429 5191; x_wconf 86' lang='lat' dir='ltr'><strong>Dnuiiuus</strong></span> <span class='ocrx_word' id='word_1_813' title='bbox 2480 5138 2724 5190; x_wconf 84' lang='lat' dir='ltr'><strong>Omnium</strong></span> <span class='ocrx_word' id='word_1_814' title='bbox 2781 5152 2958 5189; x_wconf 88' lang='lat' dir='ltr'><strong>rerum</strong></span> <span class='ocrx_word' id='word_1_815' title='bbox 2996 5136 3236 5200; x_wconf 73' lang='lat' dir='ltr'><strong>effector,</strong></span> <span class='ocrx_word' id='word_1_816' title='bbox 3281 5140 3518 5195; x_wconf 78' lang='lat' dir='ltr'><strong>debitam</strong></span> 
     </span>
    </p>
   </div>
   <div class='ocr_carea' id='block_1_114' title="bbox 1953 5226 3517 5303">
    <p class='ocr_par' dir='ltr' id='par_1_114' title="bbox 1953 5226 3517 5303">
     <span class='ocr_line' id='line_1_114' title="bbox 1953 5226 3517 5303; baseline -0.001 -20"><span class='ocrx_word' id='word_1_817' title='bbox 1953 5232 2178 5303; x_wconf 83' lang='lat' dir='ltr'><strong>gloriam</strong></span> <span class='ocrx_word' id='word_1_818' title='bbox 2217 5228 2493 5292; x_wconf 84' lang='lat' dir='ltr'><strong>obtinuit;</strong></span> <span class='ocrx_word' id='word_1_819' title='bbox 2548 5244 2655 5281; x_wconf 86' lang='lat' dir='ltr'>nou</span> <span class='ocrx_word' id='word_1_820' title='bbox 2691 5226 2819 5281; x_wconf 81' lang='lat' dir='ltr'><strong>solis</strong></span> <span class='ocrx_word' id='word_1_821' title='bbox 2862 5227 3169 5291; x_wconf 68' lang='lat' dir='ltr'><strong>elementis,</strong></span> <span class='ocrx_word' id='word_1_822' title='bbox 3217 5234 3282 5282; x_wconf 86' lang='lat' dir='ltr'><strong>ad</strong></span> <span class='ocrx_word' id='word_1_823' title='bbox 3333 5234 3517 5286; x_wconf 81' lang='lat' dir='ltr'><strong>omnia</strong></span> 
     </span>
    </p>
   </div>
   <div class='ocr_carea' id='block_1_115' title="bbox 1944 5316 3512 5389">
    <p class='ocr_par' dir='ltr' id='par_1_115' title="bbox 1944 5316 3512 5389">
     <span class='ocr_line' id='line_1_115' title="bbox 1944 5316 3512 5389; baseline -0.001 -12"><span class='ocrx_word' id='word_1_824' title='bbox 1944 5322 2436 5389; x_wconf 73' lang='lat' dir='ltr'><strong>subservientibns,</strong></span> <span class='ocrx_word' id='word_1_825' title='bbox 2470 5320 2563 5372; x_wconf 87' lang='lat' dir='ltr'>sed</span> <span class='ocrx_word' id='word_1_826' title='bbox 2609 5330 2663 5371; x_wconf 89' lang='lat' dir='ltr'>et</span> <span class='ocrx_word' id='word_1_827' title='bbox 2694 5316 2920 5385; x_wconf 83' lang='lat' dir='ltr'><strong>angelis,</strong></span> <span class='ocrx_word' id='word_1_828' title='bbox 2949 5333 2976 5369; x_wconf 90' lang='lat' dir='ltr'>a</span> <span class='ocrx_word' id='word_1_829' title='bbox 3013 5319 3251 5373; x_wconf 72' lang='lat' dir='ltr'><strong>materiae</strong></span> <span class='ocrx_word' id='word_1_830' title='bbox 3280 5337 3512 5376; x_wconf 83' lang='lat' dir='ltr'><strong>concre-</strong></span> 
     </span>
    </p>
   </div>
   <div class='ocr_carea' id='block_1_116' title="bbox 1946 5409 3516 5480">
    <p class='ocr_par' dir='ltr' id='par_1_116' title="bbox 1946 5409 3516 5480">
     <span class='ocr_line' id='line_1_116' title="bbox 1946 5409 3516 5480; baseline -0.004 -10"><span class='ocrx_word' id='word_1_831' title='bbox 1946 5418 2092 5471; x_wconf 89' lang='lat' dir='ltr'><strong>tione</strong></span> <span class='ocrx_word' id='word_1_832' title='bbox 2134 5414 2339 5477; x_wconf 83' lang='lat' dir='ltr'><strong>liberis,</strong></span> <span class='ocrx_word' id='word_1_833' title='bbox 2398 5410 2721 5480; x_wconf 83' lang='lat' dir='ltr'><strong>mysterium</strong></span> <span class='ocrx_word' id='word_1_834' title='bbox 2755 5424 2912 5463; x_wconf 86' lang='lat' dir='ltr'><strong>suum</strong></span> <span class='ocrx_word' id='word_1_835' title='bbox 2965 5409 3080 5479; x_wconf 77' lang='lat' dir='ltr'><strong>ipsi</strong></span> <span class='ocrx_word' id='word_1_836' title='bbox 3128 5411 3516 5465; x_wconf 78' lang='lat' dir='ltr'><strong>exbibcntibus</strong></span> 
     </span>
    </p>
   </div>
   <div class='ocr_carea' id='block_1_117' title="bbox 2976 5501 3514 5572">
    <p class='ocr_par' dir='ltr' id='par_1_117' title="bbox 2976 5501 3514 5572">
     <span class='ocr_line' id='line_1_117' title="bbox 2976 5501 3514 5572; baseline 0 -18"><span class='ocrx_word' id='word_1_837' title='bbox 2976 5501 3242 5572; x_wconf 83' lang='lat' dir='ltr'><strong>Puguabit</strong></span> <span class='ocrx_word' id='word_1_838' title='bbox 3270 5519 3387 5555; x_wconf 79' lang='lat' dir='ltr'>cum</span> <span class='ocrx_word' id='word_1_839' title='bbox 3422 5502 3514 5554; x_wconf 83' lang='lat' dir='ltr'><strong>illo</strong></span> 
     </span>
    </p>
   </div>
   <div class='ocr_carea' id='block_1_118' title="bbox 1945 5590 3513 5656">
    <p class='ocr_par' dir='ltr' id='par_1_118' title="bbox 1945 5590 3513 5656">
     <span class='ocr_line' id='line_1_118' title="bbox 1945 5590 3513 5656; baseline -0.007 0"><span class='ocrx_word' id='word_1_840' title='bbox 1945 5600 2084 5656; x_wconf 77' lang='lat' dir='ltr'><strong>orbis</strong></span> <span class='ocrx_word' id='word_1_841' title='bbox 2133 5605 2395 5652; x_wconf 81' lang='lat' dir='ltr'><strong>terrarum</strong></span> <span class='ocrx_word' id='word_1_842' title='bbox 2444 5600 2629 5648; x_wconf 83' lang='lat' dir='ltr'><strong>contra</strong></span> <span class='ocrx_word' id='word_1_843' title='bbox 2678 5594 2973 5649; x_wconf 78' lang='lat' dir='ltr'><strong>iusensatos</strong></span> <span class='ocrx_word' id='word_1_844' title='bbox 3018 5594 3086 5646; x_wconf 75' lang='grc'>⁸³.</span> <span class='ocrx_word' id='word_1_845' title='bbox 3163 5592 3303 5646; x_wconf 86' lang='lat' dir='ltr'>Cum</span> <span class='ocrx_word' id='word_1_846' title='bbox 3366 5590 3513 5645; x_wconf 87' lang='lat' dir='ltr'><strong>enim</strong></span> 
     </span>
    </p>
   </div>
  </div>
