4156 6304
303 269 406 331 137

1398 246 1482 308 lN
1520 232 2226 306 ΕΧΑιΤΑΤΙΟΝΕΜἚ.
2268 234 2566 301 CRUClS.

3452 234 3555 305 l93

298 392 359 443 δε
386 391 484 443 καὶ
511 386 737 440 πλείονα
771 382 867 448 τὴν
901 377 1153 446 αἴσθησιν
1179 373 1369 426 λαϐεῖν
1396 366 1844 438 προσειργάσατο
1863 401 1878 422 ,

1994 360 2234 422 interitu,
2260 363 2496 429 potentia
2532 360 2709 414 crucis
2748 374 2853 413 non
2889 361 3008 416 sine
3045 359 3216 429 gloria
3255 369 3339 416 est
3368 364 3556 417 adum-

300 482 399 532 καὶ
438 479 541 546 τὴν
575 477 716 544 ὑπὲρ
755 474 851 541 τῆς
880 466 1302 537 ἀνθρωπότητος
1342 462 1512 530 εὐχὴν
1556 455 1875 521 ὲξιικόνισε,

303 567 402 621 τοῦ
453 568 512 617 ὲν
568 563 646 631 τῷ
685 562 810 629 Θείῳ
854 554 1069 625 σταυρῷ
1104 553 1201 615 τὰς
1234 553 1425 621 χεῖρας
1474 546 1881 605 ὲκπετάσαντος

306 657 566 723 ἀληθινοῦ
595 651 907 722 νομοθέτου.
941 649 1035 701 καὶ
1065 647 1363 715 φήσαντος,
1395 639 1450 692 '0
1474 638 1641 703 Θεὸς.
1675 639 1706 689 ό
1737 637 1883 723 Θεό(

309 766 449 816 μου,
466 749 550 812 εις
568 746 624 798 τι
640 761 717 813 με
741 741 1165 812 ἐτκατέλιπες;
1188 735 1278 787 καὶ
1294 732 1394 800 τῆς
1425 727 1752 798 φθοροποιΟῦ
1782 722 1881 779 καὶ

310 834 577 897 δυσώδους
619 832 895 903 ἁμαρτίας
941 829 1152 884 πάντας
1198 819 1688 889 ὲλευῡερώσαντος.
1739 816 1883 884 Την-

314 927 506 980 ικαῦτα
527 927 636 995 γὰρ
663 926 713 977 oi.
741 918 1175 977 πεπιστευκότες
1205 913 1427 983 Χριστῷ
1448 912 1547 981 τῆς
1576 909 1757 978 λύμης
1784 907 1881 976 μὲν

307 1018 413 1068 τῶν
446 1015 672 1069 ίοδόὶων
707 1011 895 1067 παθῶν
921 1048 936 1072 ,
970 1009 1064 1059 καὶ
1109 1006 1206 1073 τῆς
1234 1001 1506 1069 εἰδεχθοῦς
1543 998 1638 1051 καὶ
1678 996 1883 1064 πικρᾶς

308 1109 678 1174 συνοικήσεως
713 1106 811 1171 τῆς
841 1099 1119 1161 ἀσεϐείας,
1149 1097 1241 1149 καὶ
1271 1094 1380 1147 τῶν
1413 1090 1659 1160 αἰσχρῶν
1697 1105 1757 1140 τε
1786 1086 1886 1138 καὶ

305 1200 564 1269 πονηρῶν
592 1197 770 1265 ἔργων
798 1193 1145 1265 ὲρῥύσϐημεν
1166 1231 1181 1254 ,
1214 1189 1312 1255 τῆς
1358 1184 1626 1244 δυσωδίας
1655 1181 1715 1234 δὲ
1746 1178 1886 1269 μᾶλ-

304 1289 396 1341 λον
435 1268 525 1340 διὰ
559 1289 657 1354 τῆς
703 1287 922 1354 μνήμης
971 1276 1420 1345 ἐπαισθανόμεοα
1444 1290 1460 1307 ο
1505 1269 1741 1340 αἰσχύνῃ
1774 1268 1885 1336 γὰρ

307 1380 416 1433 τῶν
447 1377 905 1447 προϐεϐιωμένων
935 1373 1032 1441 τὴν
1057 1373 1233 1440 ψυχὴν
1266 1365 1596 1435 αἰκιζόμεθα
1625 1362 1771 1415 κατά
1798 1360 1885 1414 λό-

245 1512 251 1517 -
308 1489 475 1540 γοντα
519 1473 661 1525 θεῖον
701 1470 1030 1521 ἀπόστολον⁹
1084 1465 1220 1517 Τίνα
1261 1456 1377 1515 οὖν
1429 1456 1664 1525 καρπὸν
1690 1455 1885 1522 εἴχετε

307 1566 467 1627 τότε,
494 1563 585 1631 ἐφ’
606 1551 710 1627 ὀἷς
739 1561 856 1613 νῦν
885 1556 1368 1625 ἐπαισχύνεσθε;

311 1656 580 1725 pediti,et
631 1656 682 1709 iu
732 1654 1033 1708 libertatem
1114 1649 1308 1704 asserti
1365 1661 1574 1701 sunms.
1642 1644 1915 1698 Fastorum

309 1747 455 1801 enim
509 1748 578 1801 ob
632 1746 923 1801 commissa
998 1745 1148 1813 prius
1212 1742 1406 1795 delicta
1461 1738 1659 1800 allecti,
1709 1737 1949 1789 animam
1992 1733 2343 1802 castigamus,
2390 1734 2543 1804 juxta
2590 1735 2907 1807 Apostolum
2972 1737 3243 1793 dicentem
3291 1754 3308 1794 :

1983 452 2159 507 brata.
2220 450 2434 521 Moyses
2498 452 2641 506 enim
2684 450 2939 504 manibus
2988 452 3251 515 extensis,
3312 452 3557 523 fusisque

1985 545 2237 611 precibus
2264 545 2332 596 ab
2352 544 2523 597 exitio
2554 558 2852 604 morsuum,
2875 557 2969 598 eos
2994 545 3082 611 qui
3112 544 3194 598 eis
3224 545 3559 599 infestaban-

1985 645 2095 699 tnr,
2121 634 2397 697 liberavit,
2418 633 2701 704 etl'ecitqne
2731 644 2789 688 ut
2822 634 3034 691 [tutoris
3063 636 3209 691 illius
3239 638 3557 704 ampliorem

1986 726 2276 795 quemdam
2330 740 2550 780 sensum
2605 737 2899 795 caperent;
2959 728 3235 796 simrulque
3298 733 3448 810 velut
3500 730 3554 782 in

1990 820 2228 888 imagine
2271 818 2542 886 expressit
2582 819 2883 873 orationem
2931 835 3028 886 pro
3076 821 3309 874 humana
3339 832 3556 883 natura,

1986 911 2104 980 ejus
2128 911 2240 964 veri
2294 920 2349 964 et
2393 911 2610 977 genuini
2641 910 2988 979 legislatoris,
3020 913 3109 979 qui
3156 914 3211 966 in
3240 929 3402 968 cruce
3432 929 3553 966 ma-

1988 1017 2090 1056 nus
2137 1016 2264 1055 suas
2312 1002 2593 1072 expandit,
2635 1014 2691 1058 et
2724 1004 2837 1058 haec
2863 1005 3026 1059 verba
3067 1007 3291 1072 protulit
3342 1024 3357 1060 :
3414 1008 3556 1063 Deus

1987 1110 2155 1160 meus,
2180 1092 2318 1148 Deus
2348 1110 2516 1161 meus,
2536 1108 2590 1148 ut
2617 1096 2742 1165 quid
2773 1110 2854 1150 me
2882 1096 3207 1163 dereliquisti
3227 1099 3272 1129 ⁸⁷
3305 1099 3329 1152 τ
3355 1101 3560 1170 quique

1991 1198 2020 1238 a
2053 1193 2282 1255 peccato
2299 1184 2478 1239 omnis
2507 1187 2876 1256 corruptionis
2904 1195 2959 1241 et
2987 1188 3371 1253 graveolentiaa
3395 1205 3560 1245 causa

1995 1288 2092 1328 nos
2134 1274 2358 1328 exemit.
2394 1271 2549 1329 Tunc
2581 1275 2728 1329 enim
2771 1291 2890 1339 nos,
2931 1276 3022 1345 qui
3052 1275 3104 1330 in
3136 1274 3413 1331 Christum
3442 1293 3565 1332 cre-

1993 1365 2255 1429 didimus,
2294 1365 2364 1419 ab
2396 1366 2562 1419 exitio
2600 1366 2916 1434 passionum
2947 1375 3005 1422 et
3046 1378 3438 1422 venenatarum
3470 1383 3569 1423 cn-

1994 1455 2304 1525 piditatum,
2327 1463 2383 1509 et
2418 1457 2485 1511 ab
2513 1457 2690 1511 inviso
2712 1466 2767 1512 et
2789 1457 3013 1513 molesto
3039 1459 3337 1527 impietatis
3370 1472 3567 1515 contu-

1993 1544 2204 1610 bernio,
2241 1546 2512 1616 simulque
2541 1563 2570 1601 a
2602 1548 2854 1617 turpibus
2879 1560 2935 1603 et
2973 1549 3158 1619 pravis
3184 1550 3444 1618 operibus
3475 1567 3566 1606 ex-

1992 1648 2175 1695 autem
2231 1640 2405 1713 magis
2470 1643 2804 1712 percipimus
2860 1644 3294 1711 reminiscendo;
3354 1648 3564 1715 pudore

3393 1739 3562 1806 Quem

309 1840 471 1908 igitur
502 1840 758 1908 [ιίιειιιιιιΔ
780 1839 1041 1892 habuistis
1071 1851 1195 1890 tunc
1222 1837 1276 1888 in
1308 1835 1394 1897 iis,
1424 1836 1477 1885 in
1510 1833 1699 1901 quibus
1741 1844 1880 1882 nunc
1916 1827 2223 1881 erubescitis
2245 1827 2333 1881 "‘l

381 1900 552 2002 Τρίτη
577 1932 718 2000 μετά
733 1900 944 1992 ταύτας
971 1930 1065 1981 καὶ
1089 1928 1365 1997 βαρυτέρα
1388 1924 1571 1992 πληγὴ
1595 1924 1629 1988 ἡ
1658 1922 1765 2000 ἀπὸ
1788 1918 1883 1972 τοῦ

2060 1919 2244 1972 Tertia
2301 1930 2422 1987 post
2456 1920 2589 1976 istas
2619 1931 2674 1975 et
2707 1921 2926 1991 gravior
2989 1923 3143 1994 plaga
3179 1923 3285 1978 fuit
3331 1923 3563 1979 culicum

308 2023 432 2095 χοὸς
459 2024 567 2075 τῶν
598 2023 845 2075 σκνιπῶν
874 2021 1150 2081 ἀνάδοσις,
1175 2020 1242 2086 τῇ
1268 2014 1416 2085 χειρὶ
1460 2014 1558 2089 ’καὶ
1584 2016 1652 2082 τῇ
1676 2011 1881 2081 ,ράδδῳ

1994 2023 2052 2063 ex
2110 2020 2270 2065 terra:
2320 2011 2543 2077 pulvere
2580 2024 2761 2075 ortus,
2812 2028 2974 2069 manu
3013 2025 3069 2071 et
3123 2016 3273 2085 virga
3326 2015 3560 2070 Aaronis

303 2115 401 2170 τοῦ
438 2113 647 2180 Ἀαρὼν
677 2111 966 2181 γινομένη,
999 2109 1099 2162 καὶ
1129 2108 1228 2177 τὴν
1259 2107 1354 2158 τοῦ
1387 2105 1523 2158 Θεοῦ
1554 2103 1764 2172 ῐιατρδς
1799 2103 1887 2154 δε-

1994 2109 2331 2167 procuratus,
2357 2116 2479 2168 quae
2503 2102 2882 2171 pretigurabat
2912 2103 3005 2158 Dei
3040 2104 3220 2161 Patris
3256 2106 3558 2169 dexteram,

310 2206 429 2270 ξιάν
456 2206 546 2258 διὰ
569 2201 806 2272 σταυροῦ
834 2200 1178 2269 πλήττουσαν
1200 2197 1326 2259 τοὺς
1351 2195 1668 2265 ἀλιτηρίους
1692 2190 1781 2245 δαί
1788 2206 1891 2260 μο·

1994 2204 2108 2256 quae
2126 2203 2292 2243 cruce
2318 2191 2592 2257 improbos
2621 2202 2675 2244 et
2699 2193 2937 2247 nefarios
2965 2195 3237 2249 daemones
3266 2200 3557 2265 percussit.

309 2313 409 2357 νας
451 2294 822 2364 αἰνιττομένη.
886 2288 1325 2360 ’Δργαλεώτατον
1369 2286 1471 2355 μὲν
1517 2283 1610 2337 οὖν
1649 2285 1749 2351 μὲν
1792 2280 1889 2333 καὶ⁵

1994 2278 2435 2334 Molestissimum
2467 2279 2635 2350 igitur
2664 2292 2718 2334 et
2744 2281 2951 2337 doloris
2974 2285 3055 2339 vel
3073 2286 3304 2340 maxime
3323 2287 3565 2342 eiliciens

307 2388 719 2458 ὀδυνηρότατον,
744 2384 850 2438 κᾶν
872 2381 1209 2454 βραχύτατός
1230 2382 1345 2433 ἐστι
1365 2377 1525 2431 τοῦτο
1544 2379 1604 2429 τὸ
1622 2373 1885 2444 ζωΰφιοψ

1994 2379 2072 2425 est
2100 2371 2202 2424 ltoc
2234 2370 2619 2426 animalculum
2642 2410 2661 2438 ,
2684 2372 2815 2427 licet
2836 2375 3002 2428 etiam
3029 2375 3098 2429 sit
3125 2377 3566 2436 minutissimum.

303 2480 371 2531 οὐ
402 2480 513 2547 γὰρ
533 2478 631 2546 τὴν
658 2478 980 2546 ἐπιφάνειαν
1004 2475 1329 2542 λυμαίνεται
1366 2471 1527 2539 μόνον
1556 2467 1653 2520 τοῦ
1682 2466 1888 2535 δέρμα-

1994 2460 2105 2516 Νοιι
2153 2462 2298 2516 enim
2350 2462 2611 2517 extimam
2666 2473 2875 2518 tantum
2924 2469 3171 2535 corporis
3222 2468 3565 2537 superficiem

310 2585 430 2636 τος,
455 2569 732 2636 κνησμοὺς
763 2566 1025 2635 ἐμποιοῦν
1047 2566 1253 2633 ἀηδεῖς,
1279 2563 1416 2616 ἀλλὰ
1432 2561 1530 2614 καὶ
1555 2562 1633 2622 είς
1650 2560 1713 2612 τὸ
1738 2559 1889 2619 ἐντὸς

1994 2549 2159 2613 laedit,
2193 2551 2429 2604 excitato
2462 2566 2724 2621 perquam
2756 2552 2952 2607 odioso
3002 2554 3251 2620 pruritu;
3301 2556 3393 2608 sed
3422 2565 3473 2608 et
3511 2556 3563 2609 in

315 2631 567 2728 βίάζεται
594 2631 685 2711 διά
710 2674 770 2710 τε
797 2631 1225 2728 ⁷μυιιτὴριιιινήκα)⁵
1256 2656 1366 2709 τῶν
1399 2653 1551 2707 ὢτὼν
1586 2651 1849 2705 εἰσελθεῖν
1869 2689 1886 2716 ,

1994 2642 2182 2695 intima
2235 2653 2500 2712 penetrat,
2550 2655 2892 2714 conaturque
2938 2659 3036 2714 per
3085 2661 3244 2702 nares
3295 2657 3349 2700 et
3399 2662 3563 2701 aures

316 2752 415 2805 καὶ
456 2750 624 2819 κόρας
653 2750 710 2803 δὲ
750 2749 1048 2820 ὀφθαλμῶν
1078 2745 1186 2803 οῑδε
1230 2750 1299 2803 τὰ
1344 2748 1583 2819 μάλιστα
1630 2745 1889 2815 βλάπτειν

1994 2732 2229 2802 ingredi,
2266 2734 2506 2788 maxime
2531 2748 2712 2789 autem
2750 2733 3035 2789 oculorum
3066 2736 3282 2806 pupillis
3305 2745 3484 2801 nocet,
3513 2738 3560 2793 si

318 2837 739 2909 είσπετώμενον.
773 2839 913 2910 Τόγε
945 2841 1054 2910 μὴν
1081 2838 1379 2901 πανσοενδς
1408 2842 1503 2892 τοῦ
1529 2837 1666 2892 Θεοῦ
1684 2837 1779 2891 καὶ
1802 2835 1890 2891 διά

317 2932 476 2984 τοῦτο
506 2935 982 3003 προμαρτυρεῖται
1008 2934 1235 3001 κράτος,
1266 2933 1350 2987 ὅτι
1383 2935 1497 2994 τοῖς
1525 2930 1765 2995 λεπτοῖς,
1792 2929 1891 2983 καὶ

314 3024 567 3077 ἀσθενέσι
605 3025 850 3094 ἀμάχους
888 3025 1147 3095 δυνάμεις
1182 3025 1425 3094 ἐνίησιν,
1457 3022 1532 3085 ὡς
1578 3020 1672 3076 ὑπ’
1711 3020 1893 3075 αὐτῶν

313 3115 694 3186 ἀπαγορεῦσαι
734 3119 917 3171 πᾶσαν
955 3117 1055 3186 τὴν
1086 3118 1386 3184 Αἴγυπτον,
1438 3116 1530 3168 καὶ
1561 3114 1690 3185 βοᾷν
1720 3116 1893 3181 ἀναγ-

310 3209 584 3280 κασθῆναι
605 3248 621 3275 ,
667 3212 749 3263 ὅτι
786 3210 1097 3276 Δάκτυλος
1133 3210 1310 3263 τοῦτο
1352 3207 1522 3263 Θεοῦ.
1568 3209 1743 3278 Χεῖρα
1918 3252 1963 3315 c

311 3301 450 3353 Θεοῦ
470 3301 609 3369 μηδὲ
629 3300 725 3352 τὺν
743 3300 1037 3368 σύμπαντα
1060 3302 1264 3369 κόσμον
1296 3298 1643 3366 ὑφίστασθαι.
1669 3298 1780 3351 Καὶ
1801 3298 1891 3352 διά

310 3407 397 3445 τοι
426 3391 586 3445 τοῦτο
624 3393 717 3445 καὶ
740 3393 799 3444 ὲν
834 3395 900 3462 τῇ
928 3390 1236 3462 προφητείᾳ
1276 3391 1427 3460 Ἰωήλ
1458 3390 1524 3443 τὰ
1553 3391 1892 3459 σμικρότατα

316 3483 453 3551 πρὸς
485 3482 692 3550 ἀκμὴν,
720 3481 815 3534 καὶ
849 3481 1221 3550 ἀδρανὲστατα
1251 3483 1385 3549 πρὸς
1419 3480 1594 3547 ἀλκὴν
1616 3518 1631 3543 ,
1662 3477 1892 3547 δύναμιν

315 3572 510 3625 ἑαυτοῦ
538 3572 778 3642 μεγάλην
794 3574 823 3625 ὁ
842 3572 973 3634 Θεὸς
998 3572 1302 3641 ὠνόμασεν,
1330 3570 1664 3635 Ἀποδώσω,
1694 3569 1891 3636 λέγων,

314 3660 460 3727 ὑμῖν
484 3662 619 3714 ἀντὶ
645 3661 765 3714 τῶν
788 3662 938 3715 ἐτῶν
971 3656 1059 3715 ὧν
1086 3661 1428 3730 ’κατέφαγεν
1450 3663 1488 3729 ἠ
1517 3662 1690 3729 ἀκρίς
1724 3659 1823 3712 καὶ
1860 3659 1895 3713 ὁ

309 3752 604 3819 βροῦχος,
634 3752 730 3805 καί
750 3754 786 3820 ἡ
815 3753 1086 3819 ἐρυσιση,
1115 3752 1215 3805 καὶ
1240 3752 1279 3819 ἡ
1306 3751 1535 3820 κάμπη,
1567 3752 1606 3820 ἠ
1639 3750 1894 3820 δύναμις

315 3861 435 3913 μου
455 3845 493 3912 ἡ
519 3844 783 3914 μεγάλη.

393 4020 639 4088 Τετάρτη
675 4015 857 4087 πληγὴ
895 4017 928 4085 ἡ
969 4015 1058 4068 διὰ
1094 4013 1193 4083 τῆς
1228 4010 1553 4079 κυνομυίας.
1584 4010 1744 4079 Δηλοῖ
1778 4007 1833 4059 δὲ
1864 4008 1898 4075 ἠ

323 4114 512 4183 κλῆσις
552 4112 614 4164 τὸ
645 4109 894 4172 αὖθαδες.
942 4107 1053 4178 Τὴν
1084 4106 1142 4158 δὲ
1172 4104 1366 4176 ὀδύνην
1393 4105 1426 4172 ἡ
1462 4102 1651 4172 Γραφὴ
1684 4115 1896 4169 μαρτυ-

322 4205 514 4274 ροῦσα,
545 4206 629 4257 ὅτι
659 4204 935 4272 ἀφόρητος
959 4197 1026 4270 ἦν
1050 4201 1167 4261 τοῖς
1193 4195 1515 4263 Αἰγυπτίοις
1540 4193 1635 4246 καὶ
1665 4190 1896 4244 θανάτου

320 4295 605 4364 πρόξενος,
656 4291 1129 4361 Ἐξωλοθρεύθη,
1173 4288 1362 4357 φησὶν,
1408 4284 1447 4353 ἢ
1490 4280 1566 4351 γῆ
1618 4279 1738 4336 ἀπὸ
1786 4276 1897 4347 τῆς

319 4390 677 4460 κυνομυίας.

397 4658 662 4727 Πέμπτην
703 4656 954 4725 ἐπιφέρει
996 4650 1246 4722 τὴντῶν
1297 4647 1640 4718 τετραπόδων
1691 4644 1897 4714 φθορὰν

323 4754 647 4810 ἀνύποιστον
685 4754 776 4804 καὶ
803 4752 910 4802 τῶν
943 4745 1330 4818 προλαϐουσῶν
1361 4742 1780 4814 κραταιοτέραν·
1810 4742 1897 4793 ἀεὶ

324 4848 435 4917 γὰρ
466 4848 560 4898 ἐπὶ
591 4843 773 4896 πλεῖον
807 4840 1208 4911 ἁμαρτάνοντος
1239 4835 1332 4889 τοῦ
1361 4835 1581 4903 Φαραὼ,
1618 4830 1896 4896 ἀναλόγως

325 4940 423 4991 κα)⁵
447 4936 504 4988 αἱ
544 4935 803 5004 μάστιγες
837 4932 967 5000 πρὸς
1001 4930 1061 4983 τὸ
1098 4928 1281 4999 μεῖζον
1315 4925 1573 4997 χωροῦσι.
1610 4925 1709 4975 Διά
1739 4923 1896 4976 τοῦτο

326 5030 431 5097 τὴν
463 5026 561 5097 μὲν
592 5024 781 5092 τρίτην
840 5022 1146 5076 δάκτυλον
1175 5019 1321 5075 Θεοῦ
1352 5016 1617 5071 ἐκάλεσαν
1642 5016 1692 5067 οί
1717 5017 1901 5067 ἐπαοι-

328 5120 413 5173 δοί
444 5117 553 5170 τῶν
583 5112 914 5182 Αἰγυπτίων.
946 5112 1055 5181 Τὴν
1088 5112 1145 5164 δὲ
1178 5112 1457 5180 πέμπτην,
1484 5106 1558 5169 ὼς
1592 5107 1900 5175 δραστικω-

323 5211 515 5280 τέραν,
540 5208 635 5260 καὶ
649 5205 849 5258 ὡσανεὶ
868 5220 930 5255 συ
938 5201 1376 5272 μπληρωθέντων
1396 5200 1503 5252 τῶν
1523 5197 1684 5250 πέντε
1706 5196 1904 5247 δακτύι-

324 5302 434 5353 λων
466 5301 524 5365 ἐξ
552 5300 791 5366 ἑκάστης
822 5294 1035 5366 πληγῆς
1065 5296 1218 5364 χεῖρα
1244 5292 1378 5344 Θεοῦ
1405 5293 1434 5344 ό
1462 5291 1700 5356 Μωῦσῆς
1732 5303 1903 5356 προσ·

324 5392 645 5461 ηγόρευσεν,
689 5386 836 5441 Ἰδοὺ
866 5388 993 5457 γὰρ,
1029 5386 1182 5454 φησὶ,
1215 5384 1343 5451 χεὶρ
1374 5383 1596 5449 Κυρίου
1630 5379 1799 5432 ἔσται
1828 5379 1898 5430 ἐν

323 5482 450 5548 τοῖς
478 5479 732 5549 κτήνεσι
760 5495 898 5533 σου.
928 5477 1191 5549 ιΙρολέγει
1219 5476 1275 5529 δὲ
1305 5474 1401 5542 τὴν
1435 5470 1694 5525 ἐπιοῦσαν
1722 5486 1894 5538 τιμω-

396 5598 440 5629 ¹¹
483 5596 626 5653 Psal.
658 5613 774 5660 xxi,
800 5596 869 5663 ‘2;
898 5595 1087 5652 Matth.
1119 5592 1373 5649 ιιιίιίϐ.
1450 5591 1495 5622 ⁸⁸
1529 5588 1687 5643 Rom.
1726 5601 1802 5653 vr,
1838 5584 1929 5641 2!.

351 5671 370 5700 ³
399 5667 568 5721 Exod.
609 5684 685 5728 ιι,
729 5669 784 5722 9.

1992 2822 2264 2878 involandi
2318 2824 2554 2881 facultas
2583 2826 2760 2881 detur.
2794 2825 2914 2892 Quo
2947 2827 3069 2897 ipso
3114 2830 3461 2896 omnipotens
3510 2836 3568 2882 ιι

1993 2914 2380 2984 insuperabilis
2424 2914 2518 2971 Dei
2543 2917 2714 2972 virtus
2754 2917 3116 2988 signiﬁcatur,
3138 2936 3259 2991 quae
3286 2920 3449 2975 rebus
3475 2921 3568 2977 ab-

1989 3007 2152 3077 iectis
2183 3017 2239 3061 et
2280 3008 2516 3064 exilibus
2552 3009 2684 3076 vim,
2737 3011 2829 3064 cui
2879 3026 3041 3066 nemo
3091 3013 3350 3069 resistere
3398 3013 3560 3079 valet,

1995 3098 2343 3168 impertitur;
2398 3101 2468 3154 ita
2531 3111 2591 3154 ut
2639 3106 2708 3155 Ol)
2761 3117 2948 3158 earnm
2998 3104 3402 3162 infestationem
3446 3116 3562 3162 tota

1996 3190 2262 3260 Egyptus
2298 3191 2364 3244 de
2386 3190 2565 3244 salute
2594 3192 2924 3261 desperarit,
2959 3204 3015 3249 et
3038 3196 3352 3251 exclamare
3374 3210 3565 3252 coacta

1998 3282 2161 3338 fuerit
2191 3302 2205 3337 :
2238 3280 2446 3351 Digitus
2477 3281 2572 3335 Dei
2593 3282 2678 3336 hic
2709 3294 2782 3339 est
2799 3285 2865 3340 ’⁸.
2896 3284 2943 3339 Α
2968 3300 3133 3340 manu
3161 3289 3307 3342 enim
3346 3288 3460 3351 Dei,
3500 3305 3568 3344 ne

1996 3380 2314 3434 universmu
2364 3380 2581 3448 quidem
2618 3381 2803 3435 orbem
2856 3382 3156 3438 subsistere
3205 3399 3383 3451 posse.
3419 3385 3569 3450 Qua-

1997 3480 2216 3540 prOpter
2243 3480 2297 3524 et
2355 3472 2494 3538 apud
2543 3474 2862 3540 prOpbetam
2908 3470 3117 3529 Joelem
3168 3474 3308 3530 Deus
3343 3476 3566 3532 minima

1994 3561 2240 3630 quaedam
2276 3561 2342 3615 ad
2381 3561 2617 3631 vigorem
2649 3572 2702 3617 et
2731 3565 2837 3618 vim
2881 3575 2932 3619 et
2979 3566 3350 3621 inﬁrmissima
3384 3568 3449 3623 ad
3485 3584 3571 3623 ro-

1996 3651 2118 3715 bur,
2152 3665 2397 3719 magnam
2431 3664 2586 3704 suam
2630 3651 3008 3710 fortitudinem
3041 3658 3342 3713 nominavit
3374 3676 3389 3713 :
3427 3658 3570 3714 Red-

1995 3741 2117 3794 dam
2178 3741 2345 3808 vobis,
2396 3743 2591 3812 inquit,
2651 3762 2842 3810 annos,
2897 3763 3027 3817 quos
3076 3751 3296 3803 comedit
3336 3750 3568 3818 locusta,

1997 3834 2248 3900 bruchus,
2300 3845 2347 3889 et
2386 3836 2593 3907 rubigo,
2647 3846 2699 3891 et
2743 3855 2920 3905 eruca,
2977 3841 3237 3909 fortitudo
3294 3859 3410 3897 mea
3456 3860 3574 3898 tua»

1996 3942 2099 3995 gna
2124 3927 2193 3979 '°.

2068 4018 2329 4083 Quartam
2384 4019 2593 4088 plagam
2657 4021 2851 4077 inﬂixit
2884 4025 3194 4094 cynomyia,
3242 4040 3337 4079 seu
3387 4041 3573 4081 musca

1998 4117 2213 4168 canina.
2252 4114 2534 4183 Signitlcat
2584 4122 2766 4168 autem
2815 4117 2931 4184 ipsa
2988 4118 3282 4186 appellatio
3333 4119 3569 4174 insolen-

2002 4203 2134 4259 tiam
2165 4215 2220 4260 et
2282 4205 2668 4275 pervicaciam.
2696 4207 2765 4260 Δι
2796 4223 2925 4261 vero
2951 4209 3157 4264 doloris
3187 4225 3252 4265 ex
3285 4211 3385 4267 hac
3416 4212 3572 4283 plaga

1997 4296 2193 4359 exorti.
2255 4306 2311 4351 et
2369 4311 2532 4367 quam
2594 4294 2867 4366 Egyptiis
2934 4300 3311 4358 intolerandus
3369 4303 3567 4370 fuerit,

1998 4388 2197 4457 quippe
2226 4388 2317 4458 qui
2354 4398 2580 4443 mortem
2612 4389 2853 4454 aﬂ'erret,
2889 4402 3079 4446 testem
3110 4393 3372 4450 habemus
3397 4397 3568 4466 ipsam

1997 4481 2234 4533 divinam
2278 4480 2616 4551 Sciipturam
2671 4498 2791 4553 quae
2843 4487 2918 4539 ait
2955 4504 2971 4542 :
3005 4485 3267 4556 Corrupto
3329 4499 3406 4543 est
3467 4500 3577 4543 tera

1925 4594 1975 4655 υ
2004 4585 2061 4623 ra
2092 4587 2125 4622 α
2152 4570 2346 4624 muscis
2375 4570 2441 4624 ".

2075 4661 2272 4726 Quinta
2332 4662 2486 4731 plaga
2545 4672 2627 4716 est
2680 4664 3049 4733 jnmenturum
3117 4666 3390 4735 interitus,
3450 4681 3572 4734 qua!

2003 4750 2323 4817 gravissima
2380 4752 2662 4807 videbatur
2725 4764 2781 4808 et
2826 4755 3091 4810 Valentior
3137 4756 3391 4821 caeteris:
3447 4771 3570 4810 cum

2005 4841 2219 4896 Pharao
2241 4857 2454 4912 semper
2484 4847 2653 4913 magis
2681 4857 2842 4915 atque
2875 4848 3044 4916 magis
3076 4844 3337 4900 scelerate
3363 4850 3567 4916 agendo
3662 4856 3663 4859 ‘

2001 4933 2346 5002 procederet,
2389 4935 2602 4999 merito,
2638 4938 2985 5003 proportione
3039 4936 3273 5005 quadam
3326 4953 3557 5007 servata,

1997 5028 2310 5078 crescebant
2344 5041 2560 5094 quoque
2591 5025 2823 5094 ﬂagella.
2867 5026 3131 5091 Quocirca
3182 5031 3394 5084 tertiam
3452 5034 3566 5103 pla-

1997 5131 2117 5182 gam
2150 5120 2504 5173 nominarunt
2532 5120 2897 5173 incautatores
2923 5119 3161 5190 Egyptii
3185 5124 3412 5187 digitum
3445 5127 3563 5183 Dei.

1998 5209 2066 5259 At
2089 5206 2358 5276 quintam,
2385 5218 2640 5275 tanquam
2673 5209 3070 5274 violentiorem,
3104 5222 3159 5267 et
3183 5217 3333 5282 quasi
3355 5216 3467 5286 jam
3499 5233 3564 5271 ex

2001 5300 2239 5366 qualibet
2275 5302 2427 5369 plaga
2461 5302 2647 5365 digitis
2678 5300 2920 5369 quinque
2966 5307 3301 5377 constitutis,
3345 5324 3560 5363 manum

2006 5388 2097 5443 Dei
2134 5389 2340 5459 Moyses
2385 5390 2691 5459 appellavit.
2750 5390 2884 5445 Ecce
2936 5393 3095 5460 enim,
3134 5397 3327 5469 inquit,
3376 5414 3563 5451 manus

2005 5477 2212 5532 Domini
2260 5484 2355 5533 erit
2402 5494 2559 5546 super
2584 5476 2827 5546 jumeuta
2876 5490 2967 5535 tua
2995 5484 3061 5536 ⁸¹.
3094 5483 3360 5546 Praedicit
3390 5495 3567 5541 autem

2006 5589 2049 5621 ’³
2070 5591 2237 5645 Exol.
2276 5606 2393 5656 vnt,
2423 5591 2506 5646 l9.
2585 5588 2629 5620 ³⁸
2656 5588 2770 5646 Jocl
2802 5607 2861 5657 ιι,
2897 5592 2985 5646 25.
3066 5591 3108 5623 “
3136 5593 3316 5657 Exod.
3340 5613 3454 5658 vtu,
3482 5593 3573 5652 Ξῖ.
