4156 6304
271 303 384 371 201

1329 302 1410 362 ΙΝ
1450 298 2048 362 EXALTATIONEM
2079 304 2138 364 S.
2182 301 2474 365 CRUCIS.

3449 301 3554 370 202

279 423 423 494 αὕτη
462 419 696 493 μάστιε,
727 421 821 473 καὶ
854 418 1079 491 ἀπαρχὴ
1114 417 1317 480 παντὸς
1350 418 1516 470 πόνου
1545 418 1638 470 καὶ
1686 418 1865 488 πάσης

1974 418 2170 471 invitus
2204 420 2365 473 etiam
2407 417 2661 489 populum
2696 416 2922 473 dimisit.
2959 417 3427 486 Quemadmodum
3458 439 3557 477 au-

279 513 587 586 ἀλγηδόνος
639 512 948 584 ἀκροθίνιον
991 512 1104 574 τοίς
1146 510 1416 571 ἐναντίοις
1456 508 1684 583 ἐγίνετο,
1730 508 1873 561 οὕτω

279 607 395 668 τοῖς
424 605 794 674 ᾠκειωμένοις
815 602 934 671 Θεῷ
964 601 1190 671 μείζονα
1216 599 1318 669 τὴν
1345 598 1508 668 χάριν
1534 596 1705 650 ἐδίδου
1735 596 1874 665 μετά

284 695 492 766 πολλῆς
523 693 622 763 τῆς
658 692 1115 762 παραδοξοποιίας
1161 689 1558 760 ἐνεργουμένη.
1597 690 1717 741 ἰνα
1764 689 1873 756 γὰρ

289 787 365 859 μὴ
396 786 686 856 συντυχίας
719 785 866 848 τινὸς
897 785 996 837 καὶ
1032 783 1345 853 αὐτομάτου
1371 782 1603 836 θανάτου
1633 778 1869 852 νομισθῇ

285 875 347 927 τὸ
379 875 662 946 γινόμενον
683 915 698 940 ,
725 874 760 944 ἢ
786 875 942 937 νόσος
967 873 1002 945 ἢ
1027 872 1184 942 λιμὸς
1216 871 1404 935 ἀπλῶς
1435 870 1680 926 ἐπελθὼν
1707 871 1836 944 δόξῃ
1855 912 1868 936 ,

285 967 454 1020 πολλά
484 967 772 1038 συντρέχει
792 967 860 1020 τὰ
883 965 1103 1033 ἐξαίσια
1121 979 1136 998 ⁸
1168 966 1265 1019 καὶ
1291 965 1427 1034 ὁμοῦ
1456 965 1556 1034 μὲν
1583 965 1872 1034 παρόντων

285 1061 538 1114 ἁπάντων
569 1061 699 1121 τοὺς
731 1059 916 1125 ἀξίους
949 1060 985 1128 ὴ
1029 1057 1272 1130 τιμωρία
1304 1057 1565 1126 γινώσκει
1596 1057 1690 1112 καὶ
1733 1057 1873 1128 μετά

281 1153 644 1224 προρρήσεως
692 1151 958 1213 τελεῖται,
1008 1150 1104 1203 καὶ
1139 1151 1237 1221 μιᾷ
1275 1150 1430 1204 νυκτὶ
1468 1149 1673 1212 πάντες
1718 1150 1875 1202 ἀναι-

285 1243 525 1314 ροῦνται,
543 1245 639 1297 καὶ
669 1243 823 1308 μόνοι
842 1241 952 1294 τῶν
976 1241 1153 1295 ἀλλων
1176 1241 1226 1294 οί
1257 1241 1597 1312 πρωτότοκοι
1628 1239 1876 1310 ἀποθνή-

283 1355 496 1403 σκουσι,
533 1338 678 1390 ὥστε
709 1337 805 1389 καὶ
842 1338 902 1389 τὸ
931 1335 1154 1389 δυνατὸν
1184 1334 1424 1388 ἐνταῦθα
1449 1334 1546 1388 τοῦ
1579 1333 1739 1400 Θεοῦ,
1782 1333 1875 1386 καὶ

279 1431 340 1483 τὸ
366 1429 598 1495 δίκαιον,
621 1429 716 1481 καὶ
739 1428 800 1480 τὸ
822 1428 1178 1499 κηδεμονικὸν
1203 1427 1547 1498 ἀναφανῆναι
1572 1427 1667 1480 καὶ
1688 1425 1876 1495 φιλάν-

282 1521 522 1592 θρωπον.
569 1519 645 1573 Τὸ
691 1520 810 1590 μὲν,
857 1520 940 1574 ὅτι
984 1521 1041 1574 ἐν
1091 1520 1190 1592 μιᾷ
1234 1521 1374 1590 ῥοπῇ
1413 1518 1672 1572 τοσοῦτον
1713 1518 1874 1588 ἔργον

282 1613 566 1682 ἐγεγόνει·
601 1612 662 1665 τὸ
699 1612 784 1679 δὲ,
817 1613 899 1666 ὅτι
934 1612 1079 1683 ὑπὲρ
1113 1614 1210 1683 τῆς
1243 1610 1594 1682 πρωτογόνου
1634 1610 1870 1680 θλίψεως

295 1705 516 1774 Ἰσραὴλ
535 1746 550 1769 ,
589 1707 655 1759 τά
691 1705 1017 1772 πρωτότοκα
1052 1701 1356 1777 ἀνῃροῦντο
1387 1703 1496 1754 τῶν
1527 1700 1832 1770 θλιψάντων
1855 1719 1868 1735 ·

1980 519 2082 563 tem
2143 513 2254 563 hinc
2304 511 2458 581 plaga
2500 511 2714 564 caeteris
2742 512 2994 565 omnibus
3038 514 3286 582 asperior
3318 519 3554 582 exstitit,

1978 601 2414 671 principiumque
2477 604 2655 656 omnis
2711 603 2952 666 laboris,
3007 607 3296 675 omnisque
3350 607 3557 664 doloris

1977 695 2257 748 exordium
2289 692 2434 748 fuit:
2472 694 2546 748 ita
2584 695 2708 758 illis,
2733 696 2822 764 qui
2871 696 2978 750 Deo
3017 695 3315 754 familiares
3343 707 3396 753 ct
3427 714 3556 753 con-

1970 785 2142 854 juncti
2198 797 2378 853 erant,
2418 787 2672 853 majorem
2719 791 2903 856 gratiae
2937 790 3151 857 copiam
3206 791 3386 846 multis
3442 808 3556 847 ma-

1978 881 2204 950 gnisque
2236 880 2513 936 miraculis
2537 889 2786 935 testatum
2821 882 3268 938 subministravit.
3301 884 3376 938 Ne
3408 887 3554 941 enim
3615 872 3626 877 ”

1980 972 2202 1027 fortuito
2237 973 2448 1026 cuidam
2483 973 2634 1026 casui
2678 973 2728 1026 id
2753 972 2894 1040 quod
2929 975 3130 1040 evenit,
3165 977 3550 1043 ascriberetur,

1981 1072 2075 1116 aut
2115 1065 2360 1126 morbus,
2402 1074 2493 1117 aut
2525 1064 2697 1133 pestis
2737 1066 3012 1119 communi
3062 1082 3243 1121 rerum
3278 1083 3438 1123 cursu
3473 1071 3556 1124 in-

1979 1153 2192 1223 gruisse
2225 1154 2581 1219 crederetur;
2609 1155 2775 1209 multa
2806 1155 2966 1223 plane
3005 1157 3362 1215 admiratione
3393 1163 3555 1225 digna
3617 1185 3619 1187 ί

1979 1256 2344 1311 concurrunt;
2387 1249 2636 1316 quamvis
2666 1262 2858 1303 omnes
2900 1252 3207 1320 promiscue
3241 1253 3402 1306 simul
3438 1270 3557 1306 ver-

1980 1349 2252 1404 sarentur,
2278 1349 2522 1393 attamen
2555 1355 2712 1410 pmna
2738 1341 2933 1412 dignos
2965 1357 3120 1411 pmna
3152 1345 3432 1414 agnoscit;
3461 1361 3559 1400 nec

1979 1430 2095 1484 sine
2151 1431 2504 1498 praedictione
2555 1430 2842 1501 inﬂigitur,
2895 1449 3114 1501 unaque
3169 1444 3326 1488 nocte
3367 1452 3557 1491 otnues

1977 1523 2359 1592 perimuntur,
2420 1533 2472 1579 et
2521 1525 2618 1579 soli
2655 1541 2720 1579 ex
2755 1536 2862 1580 tota
2911 1528 3258 1583 multitudine
3289 1529 3558 1599 primoge-

1979 1613 2411 1682 niti'intereunt,
2438 1628 2496 1668 ut
2543 1616 2770 1685 proinde
2799 1617 2902 1672 hoc
2933 1618 3072 1684 loco,
3096 1629 3149 1674 et
3177 1619 3269 1674 Dei
3303 1623 3553 1690 potentia

1976 1715 2033 1760 et
2057 1705 2291 1774 iustitia,
2328 1717 2382 1762 et
2407 1724 2556 1770 cura.
2596 1717 2653 1765 et
2681 1710 2995 1766 humanitas
3024 1713 3317 1769 elucescat.
3357 1713 3557 1768 Poten-

285 1798 345 1851 τὸ
368 1799 426 1850 δὲ
454 1797 552 1867 τῆς
575 1797 937 1866 ἀγαθότητος,
965 1797 1048 1850 ὅτι
1079 1796 1217 1866 μετὰ
1245 1793 1463 1864 φειδοῦς
1491 1795 1866 1866 ἐπεξέρχεται,

1980 1799 2051 1850 tia
2083 1800 2326 1868 quidem,
2359 1804 2501 1868 quod
2555 1817 2664 1856 uno
2697 1814 2970 1859 momento
3014 1821 3100 1860 res
3143 1814 3291 1860 tanta
3328 1808 3397 1860 sit.
3435 1825 3556 1875 per-

287 1891 360 1953 ώς
385 1895 459 1962 μὴ
483 1891 803 1960 βουλόμενος
822 1888 1034 1950 πάντας
1057 1888 1228 1958 ἄρδην
1248 1886 1568 1940 ἀπολέσθαι.
1588 1886 1688 1938 Διά
1708 1883 1868 1938 τοῦτο

286 1983 412 2050 γοῦν
435 1983 543 2036 οὐδ’
575 1985 640 2036 ἐκ
667 1982 895 2052 πρώτης
921 1979 1140 2049 πληγῆς
1170 1978 1280 2031 τῶν
1312 1976 1617 2048 ἀνθρώπων
1636 1978 1871 2031 ἅπτεται

281 2075 387 2128 οὐδ’
416 2077 546 2131 ἄνευ
576 2075 944 2146 προρρήσεως
971 2072 1072 2140 τὴν
1105 2069 1278 2139 ὀργὴν
1311 2070 1590 2138 ἐπιφέρει,
1621 2070 1738 2140 ἅμα
1771 2069 1873 2138 μὲν

281 2171 348 2224 δι’
379 2172 584 2240 ἐτέρων
631 2167 831 2227 αὐτοὺς
867 2162 1166 2231 διορθῶσαι
1213 2161 1640 2234 μηχανώμενος,
1674 2161 1790 2229 ἅμα
1820 2160 1878 2212 δὲ

284 2267 378 2318 καὶ
409 2264 540 2340 τοίςι
567 2262 778 2330 ῥήμασι
827 2254 1307 2326 σωφρονεστέρους
1347 2253 1760 2326 ἀπεργάζεσθαι
1787 2251 1878 2304 θέ-

283 2355 417 2414 λων,
473 2353 570 2405 καὶ
621 2349 697 2420 μὴ
747 2349 824 2412 είς
879 2349 1077 2416 πεῖραν
1136 2345 1312 2399 ἐλθεῖν
1362 2345 1472 2400 τῶν
1532 2345 1876 2414 πραγμάτων

283 2445 504 2508 αὐτούς.

1979 1901 2098 1943 acta
2118 1908 2134 1958 ;
2158 1890 2366 1958 justitia
2394 1903 2595 1955 autem,
2619 1896 2762 1963 quod
2787 1895 2904 1950 loco
2937 1897 3286 1968 primogenize
3313 1898 3557 1953 aﬂlictio-

1981 1981 2088 2043 nis.
2116 1997 2276 2051 quam
2329 1985 2494 2039 subiit
2550 1985 2748 2050 Israel,
2813 1988 3171 2059 primogenita
3231 2006 3418 2045 eorum
3464 1994 3557 2060 qui

1985 2070 2306 2138 alﬂiaerant,
2352 2075 2635 2131 interfecta
2672 2089 2833 2143 sunt;
2877 2089 2931 2134 at
2961 2080 3177 2136 bonitas
3208 2085 3257 2137 in
3288 2099 3358 2137 eo
3387 2100 3556 2154 appa-

1987 2173 2089 2228 ret,
2114 2167 2256 2232 quod
2295 2167 2365 2219 ita
2411 2169 2582 2233 punit,
2622 2180 2674 2222 ut
2707 2172 2867 2225 simul
2895 2186 3113 2239 parcat,
3145 2176 3338 2230 nolens
3373 2178 3557 2231 videli-

1988 2262 2073 2306 eet
2120 2269 2311 2309 omnes
2355 2257 2598 2312 funditus
2640 2259 2887 2316 interire.
2920 2264 3035 2328 Qua
3065 2267 3130 2318 de
3170 2283 3336 2322 causa
3384 2286 3557 2340 nequc

1985 2345 2160 2414 prima
2207 2346 2365 2416 plaga
2397 2349 2448 2402 in
2482 2350 2728 2404 homines
2773 2355 2948 2418 stevit,
2979 2368 3153 2424 neque
3181 2359 3296 2412 sine
3333 2376 3558 2427 pratulo-

1986 2437 2191 2492 nitione
2226 2449 2281 2493 et
2331 2440 2684 2508 prtedictione
2740 2445 2875 2498 iram
2929 2462 3083 2500 suam
3140 2449 3323 2517 infert,
3359 2453 3559 2523 quippe

283 2541 371 2594 cui
419 2538 756 2608 propositum
793 2544 957 2602 esset,
998 2551 1092 2591 eos
1124 2536 1322 2605 partim
1358 2533 1586 2588 aliorum
1623 2531 1862 2601 periculo
1902 2529 1968 2585 ad
1997 2531 2274 2585 meliorem
2344 2545 2577 2589 tuentem
2652 2537 2966 2602 traducere,
3000 2542 3198 2610 partim
3231 2544 3410 2599 verbis
3441 2561 3558 2601 mov

293 2631 605 2685 deratiores
644 2639 700 2682 et
726 2629 974 2684 saniores
1001 2627 1240 2691 efficere,
1283 2636 1341 2682 ut
1392 2640 1464 2682 ne
1511 2627 1755 2694 ipsorum
1786 2622 2122 2694 ﬂagellorum
2178 2640 2400 2681 sensum
2433 2627 2668 2698 aliquem
2739 2641 2792 2685 et
2858 2633 3290 2701 experimentum
3362 2652 3558 2708 capere

289 2729 594 2792 oporteret.

363 2814 498 2867 Τότε
522 2813 579 2866 δὲ
626 2812 851 2876 πιστοὺς
881 2813 1044 2882 μόνον
1091 2811 1172 2876 είς
1205 2811 1546 2881 εὐφροσύνην
1586 2810 1871 2864 συνεκάλει

286 2905 350 2960 τὸ
385 2905 833 2976 τερατούργημα,
876 2905 1015 2959 ἀλλά
1053 2907 1148 2958 καὶ
1196 2903 1291 2957 νῦν
1341 2903 1544 2973 μᾶλλον
1587 2904 1757 2973 ἡμᾶς,
1791 2901 1873 2967 οἷς

286 2998 427 3052 κατὰ
446 2997 666 3068 πνεῦμα
703 2997 767 3049 τά
809 2996 908 3050 τοῦ
935 2998 1258 3068 γράμματος
1282 2996 1594 3067 θεωρεῖται,
1617 2997 1872 3050 καὶκατὰ

283 3089 545 3160 λαμπρὰν
585 3086 846 3158 ἀλήθειαν
876 3087 946 3140 τὰ
979 3087 1073 3141 τοῦ
1105 3087 1280 3141 τύπου
1314 3088 1408 3139 καὶ
1435 3087 1534 3156 τῆς
1570 3090 1730 3150 σκιᾶς
1763 3089 1870 3156 ἑρ-

283 3181 604 3252 μηνεύεται.
637 3181 746 3232 Καὶ
774 3179 883 3248 γὰρ
904 3179 992 3232 διά
1025 3179 1262 3250 σταυροῦ
1293 3178 1542 3232 δοθεῖσαν
1573 3181 1706 3249 ἡμῖν
1740 3179 1869 3232 θαυ-

285 3275 499 3346 μαστὴν
531 3271 852 3341 ἐλευθερίαν
889 3272 1271 3342 προδείκνυσιν
1309 3273 1344 3341 ἡ
1397 3271 1610 3340 ἱστορία
1649 3272 1742 3324 καὶ
1767 3272 1865 3343 τὴν

282 3368 427 3434 ὑπὲρ
452 3365 611 3435 ἡμῶν
639 3363 858 3432 σφαγὴν
890 3363 984 3415 τοῦ
1016 3362 1161 3416 θείου
1209 3363 1433 3432 ’Δμνοῦ,
1462 3362 1560 3415 καὶ
1591 3365 1776 3434 πάσχα
1805 3364 1867 3416 τὸ

283 3457 584 3526 μυστικὸν,
626 3455 720 3508 καὶ
755 3455 854 3522 τὴν
901 3453 1248 3523 παγκόσμιον
1280 3455 1555 3526 σωτηρίαν
1594 3456 1868 3526 ἀριὸήλως

279 3548 700 3619 προαναφαίνει.
741 3537 818 3598 Ob
845 3545 956 3615 γάρ
984 3547 1016 3614 ή
1048 3545 1257 3615 τυπικη
1289 3547 1589 3616 μετάληψις
1623 3545 1770 3616 ζωῆς
1797 3542 1866 3618 ἦν

281 3639 616 3707 φυλακτικὴ,
667 3637 762 3690 καὶ
801 3637 883 3698 είς
928 3635 1247 3706 ἐλευθερίαν
1283 3638 1642 3702 μετεϐίϐαζε,
1674 3639 1865 3691 τούτου

279 3733 500 3794 πάντως
532 3733 566 3800 ή
593 3730 823 3801 ἀληθινὴ
871 3729 1128 3783 κοινωνία
1185 3729 1279 3782 καὶ
1308 3729 1610 3783 ἀθανασίαν
1641 3731 1734 3784 καὶ
1760 3732 1869 3783 υίο-

279 3827 471 3878 θεσίαν
505 3819 614 3878 οἶδε
662 3823 1016 3895 χαρίζεσθαι),
1068 3825 1133 3873 ἐκ
1167 3821 1370 3892 γηΐνων
1412 3822 1700 3892 οὐρανίους
1723 3860 1737 3884 ,
1773 3824 1869 3875 καὶ

282 3916 442 3978 θεοὺς
473 3914 532 3981 ἐξ
563 3914 869 3986 ἀνθρώπων
901 3901 1336 3983 ἀπεργαζομένη
1363 3913 1491 3974 τοὺς
1521 3914 1864 3982 δεχομένους.

283 4010 384 4064 Διά
411 4008 574 4064 τοῦτο
607 4008 740 4078 γοῦν
778 4007 840 4060 τὸ
866 4005 1224 4075 διαϐατήριον
1255 4005 1315 4056 ὲν
1340 4004 1602 4073 Αἰγύπτῳ
1631 4007 1869 4058 τελεῖται

279 4102 488 4170 πάσχα,
531 4099 624 4153 καὶ
675 4098 734 4151 τὸ
772 4097 860 4151 διὰ
911 4098 1148 4166 σταυροῦ
1201 4096 1346 4165 μέγα
1395 4096 1733 4164 σκιαγραφεί
1777 4097 1869 4148 καὶ

276 4192 531 4260 ἀληθινὸν
551 4191 740 4260 πάσχα
756 4189 854 4259 τὴν
880 4187 1264 4258 πνευματικὴν
1281 4187 1553 4240 διάϐασιν.
1578 4187 1790 4240 Γίνεται
1812 4189 1868 4241 δὲ

277 4286 358 4355 τῷ
390 4284 592 4354 πρώτῳ
625 4285 779 4353 μηνὶ,
813 4285 896 4337 ὅτι
932 4281 1104 4345 τύπος
1139 4277 1206 4351 ἦν
1246 4279 1486 4351 Χριστοῦ
1516 4281 1615 4352 τῆς
1647 4281 1866 4338 πάντων

276 4378 474 4448 ἀρχῆς,
507 4377 604 4430 καὶ
630 4377 730 4446 τῆς
761 4379 819 4428 ἐν
867 4374 1094 4445 Χριστῷ
1123 4373 1319 4444 καινῆς
1353 4374 1581 4439 κτίσεως
1611 4377 1749 4445 μετά
1773 4375 1866 4429 τὸν

277 4470 522 4540 χειμῶνα
547 4470 647 4538 τῆς
663 4465 941 4533 ἀσεϐείας,
961 4465 1152 4535 ὥσπερ
1178 4470 1236 4519 ὲν
1269 4466 1390 4535 ἔαρι
1415 4465 1623 4536 φαιδρῷ
1651 4467 1746 4518 καὶ
1776 4467 1866 4519 εὺο

2051 2806 2118 2861 Et
2151 2817 2278 2860 tunc
2323 2805 2541 2873 quidem
2588 2803 2733 2859 solos
2771 2803 2954 2858 fideles
3008 2807 3313 2875 prodigium
3355 2811 3455 2862 hoc
3489 2810 3557 2862 ad

1973 2899 2216 2955 ltetitiam
2261 2896 2549 2963 invitabat,
2596 2906 2650 2951 at
2699 2911 2844 2950 nunc
2899 2897 3065 2951 multo
3126 2900 3295 2967 magis
3331 2901 3556 2955 advocat

1976 3007 2095 3056 nos,
2150 2990 2242 3060 qui
2287 2989 2484 3058 spiritu
2535 3004 2598 3043 ca
2656 3004 2774 3057 qua:
2819 2989 3023 3058 scripta
3091 3001 3253 3056 sunt,
3309 3003 3554 3044 coittem-

1974 3083 2205 3151 plamur,
2257 3081 2455 3150 quibus
2495 3081 2718 3148 antiqua
2778 3080 2866 3134 illa
2913 3091 3158 3151 typorutn
3215 3085 3548 3136 umbrarum-

1975 3191 2080 3246 que
2125 3175 2398 3230 involucra
2433 3174 2730 3243 perspicuae
2783 3176 3029 3251 veritatis
3085 3175 3350 3230 beneficio
3403 3188 3555 3244 pate-

1973 3276 2154 3324 scunt.
2187 3267 2399 3322 Etenim
2445 3280 2756 3321 concessam
2814 3266 2989 3329 nobis,
3038 3269 3214 3321 crucis
3266 3270 3461 3323 merito
3503 3281 3553 3324 et

1970 3375 2212 3423 munere,
2255 3359 2468 3428 plenam
2534 3358 2890 3410 admiratione
2935 3357 3238 3412 libertatem
3289 3370 3394 3412 teta
3445 3363 3556 3414 luet:

1969 3453 2195 3508 historia
2290 3457 2694 3520 praemonstrat,
2765 3448 3117 3519 divinumque
3187 3451 3399 3519 Agnum
3457 3467 3556 3522 pro

1969 3544 2125 3598 nobis
2176 3544 2535 3607 immolatum,
2580 3554 2635 3596 et
2695 3542 2980 3612 mysticum
3035 3542 3163 3596 illud
3228 3544 3450 3610 pascha,
3501 3554 3556 3598 et

1970 3637 2132 3690 totius
2186 3634 2617 3689 mundiaalutetn
2663 3634 2943 3687 evidenter
2994 3634 3321 3704 pt'attigurat.
3370 3635 3554 3704 Neque

1968 3733 2108 3785 enim
2145 3730 2443 3799 corporalis
2480 3729 2565 3783 illa
2603 3729 2874 3798 perceptio
2907 3729 3071 3782 vitam
3098 3730 3462 3791 custodit-hat,
3499 3740 3553 3784 et

1971 3822 2020 3874 in
2052 3819 2356 3875 libertatem
2388 3820 2733 3884 traducebat;
2777 3829 2831 3873 at
2870 3817 3028 3886 hujus
3084 3835 3206 3873 vcra
3226 3827 3462 3889 sunrptio
3501 3832 3552 3874 et

1969 3911 2276 3964 communio
2295 3911 2750 3964 immortalitatem
2771 3921 2824 3964 et
2847 3911 3075 3964 tiliorum
3099 3911 3437 3981 adoptionem
3462 3915 3548 3967 που

1972 4011 2085 4065 nat,
2125 4011 2180 4055 et
2218 4018 2282 4054 ex
2319 4002 2671 4055 terrestribus
2699 4002 2969 4066 cadestes,
3007 4003 3247 4070 deosque
3277 4018 3342 4056 ex
3376 4005 3550 4056 hami.

1973 4093 2150 4156 nihus,
2185 4109 2276 4148 eos
2317 4093 2408 4162 qui
2461 4094 2752 4160 accipiunt,
2796 4096 2994 4147 reddit.
3047 4095 3333 4162 Propterea
3387 4096 3550 4164 igitur

1971 4189 2172 4257 pascha
2224 4187 2349 4240 illud
2399 4185 2656 4239 transitus
2715 4185 2936 4254 jamjam
3002 4186 3337 4240 imminentis
3388 4205 3548 4256 argu-

1969 4289 2237 4342 mentum,
2272 4280 2323 4332 in
2352 4277 2589 4348 Aigypto
2640 4277 2934 4347 peragitur,
2969 4277 3210 4349 illudque
3258 4284 3459 4347 grande
3491 4292 3548 4336 et

1969 4387 2155 4426 verum
2189 4373 2239 4426 itt
2295 4388 2459 4427 cruce
2498 4371 2801 4435 adumbrat,
2867 4371 3013 4425 illum
3082 4373 3334 4428 videlicet
3391 4376 3545 4445 spiri-

1971 4464 2167 4518 tualetn
2207 4465 2515 4517 transitum.
2579 4463 2888 4518 lnstituitur
2951 4473 3129 4518 autem
3178 4468 3354 4534 primo
3393 4483 3544 4522 men-

276 4564 402 4615 ώδει
422 4563 522 4631 τῆς
537 4562 799 4626 πίστεως,
821 4559 912 4612 καὶ
934 4557 1435 4628 δημιουργηθείσης
1459 4558 1861 4629 καὶκληθείσης

1974 4572 2051 4624 se,
2103 4557 2227 4624 quia
2287 4557 2453 4628 ﬁgura
2514 4557 2717 4611 Christi
2750 4568 2886 4622 erat,
2931 4559 3022 4627 qui
3072 4564 3314 4614 omnium
3363 4578 3540 4615 rerum

279 4653 385 4706 ὑπὸ
410 4650 643 4721 Χριστοῦ
668 4650 756 4702 διὰ
783 4648 1115 4716 πνεύματος,
1153 4646 1337 4710 καθὼς
1365 4648 1502 4716 πρὸς
1529 4647 1697 4719 αὐτὴν
1721 4649 1858 4704 ἀνω.

277 4747 369 4798 θεν
395 4744 599 4811 ἔλεγεν·
628 4740 822 4808 Ἐλθέ,
844 4741 882 4809 ἠ
904 4741 1179 4807 πλησίον
1199 4756 1338 4807 μου,
1369 4739 1528 4806 καλή
1559 4757 1679 4809 μου
1700 4757 1860 4810 περι-

273 4842 477 4906 στερὰ,
497 4839 586 4891 ὅτι
601 4837 731 4892 ιδοὺ
749 4840 781 4890 ό
799 4835 1021 4905 χειμὼν
1034 4835 1330 4905 παρῆλθε.
1345 4836 1625 4906 Συνετάφη
1633 4857 1732 4908 μεν
1748 4840 1858 4910 γὰρ

270 4933 446 5000 αὐτῷ,
475 4931 571 4982 καὶ
601 4929 998 4998 συνανέστημεν
1027 4928 1115 4980 διὰ
1135 4928 1367 4998 λουτροῦ
1393 4929 1817 4997 παλιγγενεσίας
1839 4973 1854 4998 ,

271 5026 369 5079 καὶ
385 5025 485 5092 τὴν
500 5020 842 5087 παλαιότητα
857 5019 948 5071 τοῦ
966 5020 1090 5073 Ἀδά
1098 5038 1137 5090 μ
1154 5019 1483 5091 ἀποθέμενοι
1501 5023 1561 5075 ἐν
1575 5026 1853 5094 καινότητι

271 5117 422 5186 ζωῆς
471 5111 872 5181 πολιτευόμεθα
909 5111 1113 5181 τροφὴν
1143 5113 1302 5176 ἀξίαν
1345 5113 1447 5182 τῆς
1477 5115 1649 5168 ἀϊδίου
1684 5114 1852 5184 ζωῆς,

1969 4649 2293 4720 principium
2348 4659 2448 4716 est,
2478 4659 2533 4705 et
2561 4649 2679 4719 ejus
2707 4665 2825 4716 qua:
2859 4651 2908 4704 in
2952 4652 3172 4707 Christo
3229 4662 3337 4718 est,
3395 4670 3544 4708 nova:

1966 4749 2231 4794 creatura:
2265 4749 2385 4810 post
2438 4740 2732 4810 impietatis
2769 4741 3022 4807 hiemem,
3050 4743 3193 4795 velut
3225 4744 3278 4795 in
3313 4758 3436 4796 vere
3465 4745 3543 4797 ni-

1966 4832 2076 4886 tido
2105 4840 2160 4888 et
2205 4834 2546 4888 suaveoleutc
2601 4833 2744 4897 tidei,
2795 4836 3027 4889 condita:
3081 4845 3134 4888 et
3188 4844 3456 4890 renovatae
3510 4854 3538 4892 a

1963 4924 2184 4979 Christo
2212 4940 2306 4992 per
2335 4925 2603 4990 spiritum,
2633 4927 3088 4993 quemadmodum
3117 4926 3183 4978 ad
3208 4926 3350 4978 illam
3376 4943 3539 4996 supra

1963 5018 2173 5072 diccbat
2211 5033 2224 5070 :
2258 5015 2406 5084 Veni,
2428 5018 2670 5084 proxima
2689 5035 2824 5082 mea,
2849 5018 3081 5085 formosa
3112 5033 3222 5069 mea
3258 5017 3534 5084 columba;

1958 5127 2073 5165 ecce
2117 5111 2281 5165 hiems
2316 5111 2432 5180 jam
2457 5113 2668 5165 transiit
2707 5111 2775 5162 ³³.
2821 5110 3137 5178 Consepulti
3171 5111 3313 5165 enim
3349 5129 3536 5169 sumus

271 5213 330 5264 τὸ
365 5209 554 5277 πάσχα
595 5204 847 5273 ἀληθινὸν
890 5203 1204 5273 ποιούμενοι
1227 5242 1243 5270 ,
1278 5207 1372 5260 καὶ
1402 5207 1569 5278 σαρκὶ
1598 5206 1732 5260 Θεοῦ
1760 5207 1856 5260 καὶ

1974 5218 2083 5258 :um
2143 5204 2258 5266 illo,
2304 5213 2358 5257 et
2387 5203 2836 5258 consurreximus
2875 5219 2971 5270 per
2999 5203 3278 5258 lavacrum
3315 5222 3535 5274 regene-

271 5305 470 5370 αἵματι
509 5301 862 5371 τρεφόμενοι.

1963 5296 2211 5360 rationis,
2263 5304 2317 5350 et
2367 5295 2608 5365 deposita
2661 5295 2850 5347 Adami
2882 5303 3148 5360 vetustate
3202 5297 3255 5350 in
3295 5300 3534 5352 novitate

272 5398 396 5447 vita:
429 5393 770 5452 atnhulamus
812 5432 827 5458 ,
907 5389 1106 5460 quibus
1188 5405 1374 5445 verum
1430 5391 1631 5463 pascha
1697 5391 2014 5446 alimentum
2055 5391 2385 5459 sempiterna
2429 5389 2536 5440 vita
2591 5386 2810 5455 dignum
2859 5391 3214 5456 suppeditat;
3265 5392 3532 5442 nutrimur

269 5485 414 5537 enim
448 5500 609 5538 carne
659 5492 713 5539 et
748 5487 1013 5554 sanguine
1043 5483 1155 5537 Dei.

345 5570 516 5640 Οὗτος
547 5577 671 5646 ἐμοὶ
705 5579 799 5629 του
833 5577 1052 5648 πρώτου
1092 5577 1259 5647 μηνὸς
1293 5579 1321 5630 ό
1369 5577 1549 5649 λόγος,
1591 5568 1652 5632 οὗ
1687 5579 1753 5648 τῇ
1783 5576 1870 5628 δε-

347 5753 391 5783 ³⁸
420 5752 579 5806 Cant.
624 5770 684 5815 tt,
718 5753 803 5806 Η.

568 5850 831 5909 Parum.
868 5855 977 5909 tiu.
1031 5850 1126 5910 (ΣΙ,

1985 5557 2107 5629 1ίῖκο
2145 5574 2274 5627 mihi
2332 5571 2490 5640 [rimi
2541 5571 2741 5628 mensis
2777 5572 2916 5628 ratio
2946 5588 3068 5630 esse
3106 5573 3314 5627 videtur
3346 5588 3358 5634 ;
3438 5582 3530 5627 cu-

3137 5845 3168 5904 7
