4156 6304
291 325 405 388 εδδ

1368 340 1450 401 ΙΝ
1479 341 2077 410 EXALTATIONEM
2110 353 2167 413 Ξ.
2213 356 2504 423 CRUCIS.

3460 393 3564 458 20‘}

297 447 548 515 μεγάλου
581 448 839 518 θύματος,
878 452 990 507 Καὶ
1016 454 1177 510 τοῦτο
1207 458 1435 528 τέλειον,
1470 462 1729 533 ἄμωμον,
1774 468 1844 537 ἄρ

297 554 389 581 σευ
443 537 541 581 καὶ
596 541 868 581 Ξυνηιῖηιηυ
939 545 1126 581 tam”.
1182 550 1357 581 -4“-..
1414 548 1485 581 ι..
1533 556 1591 581 ι-.
1645 558 1844 581 v---_:

1941 508 1950 529 ι
1984 472 2315 539 significatio
2342 478 2462 547 fuit,
2495 495 2550 538 et
2581 485 2625 539 is
2656 489 2876 556 quidem
2911 495 3144 567 integer,
3180 504 3298 558 sine
3321 516 3561 581 macula,

294 554 389 590 σεν
443 537 541 592 καὶ
596 541 889 610 ἐνιαύσιον,
938 545 1126 620 ἐπειδὴ
1182 550 1361 605 πάντα
1414 548 1485 624 ἦν
1532 556 1592 607 ἐν
1645 558 1869 629 Χριστῷ

291 630 523 695 τελείως
575 634 641 687 τὰ
675 634 958 709 θεοπρεπῆ
1008 644 1374 712 γνωρίσματα
1422 650 1521 702 καὶ
1576 653 1719 706 κατὰ
1774 654 1877 723 τὴν

300 724 609 794 πρόσληψιν
648 726 750 797 τὴν
798 731 1123 800 χρισθεῖσαν
1156 734 1403 809 θεότητι,
1450 741 1545 793 καὶ
1574 744 1877 815 γενομένην

295 813 433 883 ὅπερ
462 817 522 869 τὸ
569 819 787 889 χρίσαν,
821 825 916 875 καὶ
946 822 1155 890 τέλειος
1206 827 1282 891 ὡς
1316 832 1572 904 ἀνενδεὴς
1614 838 1674 888 ὲν
1705 813 1875 891 πᾶσιν

293 908 460 980 ἀρετῇ
482 913 837 985 γνωρίζεται,
856 916 1112 989 καθάπερ
1135 920 1298 985 αὐτός
1325 941 1508 994 φησιν,
1534 927 1698 982 Οὕτω
1719 931 1872 999 πρέ-

287 1015 405 1051 πον
429 1002 578 1071 ἡμῖν
621 1004 754 1059 ἐστι
808 1008 1131 1076 πληρῶσαι
1185 1011 1393 1069 πᾶσαν
1444 1015 1867 1088 δικαιοσύνην.

290 1093 557 1162 Ἀμωμος
589 1095 668 1160 δὲ,
701 1098 786 1151 ὅτι
818 1100 916 1153 καὶ
955 1102 1116 1171 μόνος
1161 1108 1577 1179 ἀναμάρτητος,
1611 1112 1873 1185 ὑπερφυᾶ

286 1184 383 1236 καὶ
411 1185 832 1258 ἀνυπὲρόλητον
860 1195 1200 1263 κεκτημένος
1233 1197 1332 1270 τὴν
1363 1184 1743 1274 καθαρότητα,
1774 1212 1870 1263 καὶ

287 1276 452 1344 μόνος
490 1278 635 1348 ἔχων
678 1280 932 1346 ἐξουσίαν
980 1286 1075 1340 τοῦ
1121 1290 1214 1342 ἐπὶ
1263 1292 1448 1364 πάσης
1492 1296 1596 1365 γῆς
1647 1299 1867 1366 ἀφιέναι

281 1370 380 1430 τὰς
412 1369 725 1440 ἁμαρτίας.
760 1375 823 1428 Et
863 1378 973 1448 γὰρ
1027 1380 1121 1434 καὶ
1151 1384 1343 1437 πολλοὶ
1377 1389 1637 1454 γεγόνασι
1668 1393 1865 1462 εὐάρε-

283 1472 423 1528 στοι,
456 1463 557 1516 καὶ
587 1465 729 1519 κατὰ
759 1468 975 1537 μέθεξιν
1003 1473 1353 1543 ἡγιασμένοι,
1386 1478 1503 1532 ἀλλ’
1536 1478 1612 1545 εἷς
1648 1485 1675 1535 ό
1704 1483 1861 1552 φύσει

279 1553 511 1619 ἀγαθὸς,
534 1557 632 1609 καὶ
663 1558 760 1613 οὐκ
790 1560 939 1614 ἔστιν
973 1563 1131 1631 ἅγιος
1166 1567 1240 1631 ὼς
1272 1570 1302 1621 ό
1333 1571 1559 1642 Κύριος,
1588 1577 1709 1629 οὐδέ
1738 1580 1857 1632 ἐδτι

277 1642 493 1708 δίκαιος
530 1647 606 1710 ὡς
655 1650 683 1701 ό
711 1650 841 1715 Θεὸς
883 1654 1062 1725 ἡμῶν.
1096 1659 1309 1732 ’Ἄρσην
1353 1663 1411 1716 δὲ
1447 1665 1539 1719 διὰ
1569 1667 1628 1720 τὸ
1654 1671 1860 1741 ἡγεμο-

278 1736 408 1788 νοῦν
431 1753 446 1767 ·
479 1740 643 1805 αὐτὸς
671 1744 776 1815 γάρ
800 1747 949 1801 ἐστιν
976 1750 1006 1803 ὁ
1037 1753 1275 1821 νυμφίος
1308 1756 1409 1828 τῆς
1452 1736 1800 1832 Ἐκκλησίας,
1828 1768 1856 1820 ό

279 1830 518 1898 γνησίως
565 1833 811 1900 ἐφεστὼς
862 1840 957 1891 καὶ
1009 1838 1339 1912 κυριεύσας,
1393 1850 1422 1900 ό
1487 1830 1710 1921 κρατῶν
1760 1830 1854 1911 τοῦ

281 1922 475 1985 παντὸς
498 1922 586 1978 διὰ
614 1926 715 1995 τὴν
754 1927 917 1993 ἀξίαν
941 1932 1044 2000 τῆς
1082 1935 1364 2004 θεότητος,
1392 1942 1420 1993 ὁ
1452 1942 1664 1998 ἄνωθεν
1693 1948 1859 2017 ἐρχό-

272 2027 454 2080 μενος,
490 2016 587 2068 καὶ
644 2018 837 2073 ἐπάνω
877 2022 1101 2078 πάντων
1131 2032 1443 2097 τυγχάνων,
1486 2035 1546 2086 οὐ
1582 2036 1766 2107 χάριτι
1788 2016 1860 2094 τὸ

266 2101 579 2167 βασιλεύειν
617 2104 827 2174 λαϐὼν,
857 2111 977 2162 ἀλλ’
1006 2112 1149 2182 ἔχων
1175 2117 1234 2168 ὲν
1274 2119 1504 2194 ἀληθείᾳ
1547 2101 1861 2199 καὶ-γεννή-

266 2209 351 2246 σει
374 2197 441 2265 τῇ
469 2198 535 2249 ὲκ
572 2198 812 2268 Πατρὸς,
858 2202 887 2254 6
929 2205 1025 2257 καὶ
1053 2208 1224 2261 πᾶσιν
1249 2211 1385 2280 ἡμῖν
1414 2215 1581 2281 ἐνιεὶς
1609 2220 1708 2289 τῆς
1740 2197 1856 2274 θεο-

266 2284 509 2349 “mat”
538 2287 606 2339 τὰ
635 2290 952 2361 σπέρματα,
982 2296 1076 2350 καὶ
1104 2300 1241 2352 κατὰ
1264 2302 1326 2353 τὸ
1347 2284 1708 2378 προφητικὸν,
1737 2310 1856 2380 γῆν

264 2373 418 2442 ἡμᾶς
466 2377 750 2434 ἀποτελῶν
794 2386 1090 2457 δθενδιτὴν,
1139 2391 1169 2443 ό
1203 2392 1347 2462 ὑπὲρ
1396 2395 1491 2450 τοῦ
1518 2373 1705 2470 *Ἀδὰμ

264 2469 507 2539 στερῤοὖ
538 2475 975 2546 προσαγόμενος,
1008 2480 1087 2542 ὡς
1126 2486 1507 2556 στερρότερος,
1542 2493 1637 2545 καὶ
1670 2469 1849 2563 μηδὲν

262 2560 533 2629 ἄνανδρον
561 2567 597 2634 ἢ
626 2566 763 2636 θῆλυ
793 2572 976 2640 φέρων
998 2574 1055 2627 ὲν
1085 2576 1288 2648 ἐαυτῷ.
1326 2581 1629 2650 Ἐνιαύσιος
1655 2560 1845 2653 chon

265 2653 365 2704 καὶ
396 2654 629 2720 παλαιὸς
654 2654 725 2728 ἦν
753 2660 782 2711 ό
808 2663 970 2729 αὐτὸς
1010 2667 1070 2720 ἑν
1099 2666 1344 2741 θεότητι,
1382 2677 1478 2728 καὶ
1510 2677 1630 2742 νέος
1659 2680 1720 2735 ιν
1750 2684 1846 2736 άν-

267 2743 605 2817 θρωπότητι,
662 2751 758 2804 καὶ
791 2754 1004 2823 χρόνων
1061 2759 1276 2830 ὑπῆρχε
1340 2763 1690 2840 δημιουργὸς,
1747 2776 1843 2828 καὶ

267 2834 374 2889 ὑπὸ
417 2839 609 2908 χρόνον
653 2843 920 2912 ἐγεγόνει,
982 2851 1077 2903 καὶ
1115 2850 1271 2920 ἥλιός
1317 2834 1437 2910 ἐστι
1488 2834 1842 2934 δικαιοσύνης

262 2928 359 2980 καὶ
388 2931 466 2995 τῷ
495 2932 756 3005 ὁρωμένῳ
804 2941 1188 3011 περιγραπτὸς
1227 2946 1308 3009 είς
1339 2948 1539 3004 ἑαυτὸν
1577 2928 1838 3027 ὲπιστριίτ

257 3036 397 3087 φων,
435 3024 698 3092 στέφανός
749 3045 807 3083 τε
852 3034 1226 3106 χρηστότητος
1271 3039 1690 3113 εὐλογούμενος,
1744 3024 1839 3103 και

255 3116 597 3185 πανταχόθεν
652 3119 770 3185 [σος
798 3123 978 3196 ἑαυτῷ
1005 3129 1100 3181 καὶ
1126 3130 1335 3197 ὅμοιος.
1368 3136 1639 3206 Ζωογονεῑ
1660 3140 1716 3194 δὲ
1741 3144 1838 3198 καὶ

1943 3145 2058 3213 peri
2106 3146 2384 3217 subjectus

253 3204 348 3256 τὸν
385 3206 498 3260 τῶν
536 3210 750 3280 ἀρετῶν
781 3214 1003 3282 κύκλον,
1029 3219 1214 3288 ἠπίως
1250 3204 1700 3298 ἐπιμιγνυμένων

254 3299 613 3368 κιρναμένων
639 3302 907 3376 ἀλλήλαις
938 3309 1091 3382 νόμῳ
1117 3314 1304 3383 φιλίας
1342 3318 1435 3373 καὶ
1460 3321 1689 3386 τάξεως.

1744 3236 1841 3289 καὶ

1987 568 2281 634 masculus,
2328 583 2380 626 et
2422 579 2728 646 anniculus,
2762 600 2882 654 qua:
2908 592 3091 646 omnia
3124 595 3237 651 Deo
3263 615 3559 660 consenta-

1982 672 2079 711 nea
2107 659 2306 716 indicia
2343 666 2397 719 in
2422 667 2644 726 Christo
2681 672 2895 733 fuerunt
2924 683 3088 737 etiam
3117 695 3418 748 secundum
3456 699 3558 751 hu-

1982 765 2194 805 manam
2243 766 2492 812 naturam
2544 775 2915 835 assumptum,
2966 787 3186 833 unctam
3228 783 3552 857 divinitate,

1980 840 2178 897 factam
2224 861 2322 914 per
2372 852 2842 922 participationem
2874 863 3015 921 idem
3058 886 3182 925 cum
3225 891 3315 943 eo,
3352 896 3381 932 a
3444 900 3551 952 quo

1978 945 2135 986 uncta
2179 949 2282 990 est.
2317 938 2577 1013 Idemque
2609 945 2861 1007 Christus
2905 957 3102 1014 virtute
3135 938 3411 1031 perl‘cctus
3441 938 3549 1041 est,

1974 1023 2177 1092 quippe
2211 1026 2354 1082 inter
2378 1045 2569 1087 omnes
2619 1036 2821 1094 nullius
2869 1045 2947 1098 rei
3004 1023 3243 1119 intliéns,
3285 1023 3549 1125 qncmad:

1977 1113 2195 1169 modum
2230 1118 2347 1187 ipse
2382 1123 2458 1176 ait
2488 1140 2501 1177 :
2538 1123 2629 1180 Sic
2652 1127 2798 1185 decet
2850 1150 2943 1189 nos
2973 1139 3193 1207 implere
3216 1161 3417 1204 onmem
3460 1154 3548 1221 iu-

1968 1208 2263 1264 stitium".
2314 1213 2699 1277 lmmaculatus
2732 1235 2859 1292 est;
2917 1233 3045 1298 quia
3106 1237 3222 1305 ipse
3274 1243 3424 1298 solus
3479 1250 3548 1305 ab

1969 1302 2116 1355 omni
2167 1314 2391 1373 peccato
2442 1309 2703 1370 immunis
2737 1321 3096 1378 excelsiorem
3133 1338 3412 1391 communi
3464 1356 3551 1396 re-

1970 1406 2085 1446 rum
2110 1410 2288 1461 ,cursu
2317 1410 2372 1456 et
2410 1399 2899 1476 incomparabilem
2933 1417 3226 1484 puritatem
3264 1440 3549 1487 assecutus

1964 1495 2088 1546 est.
2125 1488 2388 1561 solusque
2459 1504 2790 1564 potestatem
2858 1504 3019 1564 habet
3051 1518 3310 1575 ,.omuia
3379 1524 3547 1581 totius

1963 1576 2148 1633 mundi
2200 1592 2426 1650 peccata
2461 1587 2793 1648 dimittendi.
2827 1593 2963 1653 Nam
3011 1600 3138 1657 licet
3189 1609 3344 1665 inulti
3379 1616 3547 1669 exsti-

1960 1670 2123 1723 terint
2170 1671 2281 1729 Deo
2327 1680 2556 1749 accepti,
2599 1693 2655 1738 et
2688 1692 3075 1749 communione
3110 1701 3348 1767 quadam
3414 1720 3539 1760 san-

1960 1762 2206 1831 ctilicati,
2228 1778 2282 1821 at
2318 1784 2456 1826 unus
2488 1774 2751 1834 duntaxat
2781 1794 2972 1838 natura
3008 1789 3181 1844 [tonus
3217 1806 3321 1859 cSt,
3348 1810 3399 1849 et
3431 1815 3536 1852 non

2736 1831 2748 1834 τ
3218 1831 3321 1859 ναι,
3349 1831 3399 1849 ι..
3431 1831 3536 1852 ιιυιι

1890 1831 1930 1889 Β
1960 1863 2046 1908 est
2081 1871 2309 1914 sanctus
2350 1870 2411 1916 ut
2454 1874 2539 1918 est
2583 1866 2865 1938 Dontintts,
2922 1892 3099 1947 neque
3133 1893 3213 1937 est
3252 1884 3439 1953 justus
3484 1899 3544 1945 ιιι

1962 1954 2047 2000 e5t
2100 1945 2244 2003 Deus
2288 1962 2494 2010 uoster.
2538 1958 2814 2017 Masculus
2856 1980 2982 2019 vero
3016 1986 3239 2040 propter
3267 1978 3542 2050 principa-

1965 2044 2114 2104 tum;
2145 2038 2263 2105 ipse
2293 2050 2439 2099 enim
2481 2058 2565 2104 est
2596 2067 2831 2118 sponsus
2873 2057 3151 2128 Ecclesim,
3185 2067 3277 2135 qui
3312 2084 3441 2125 vere
3486 2083 3540 2127 et

1961 2125 2199 2196 legitime
2233 2146 2427 2200 praeest
2476 2146 2531 2193 et
2578 2143 2907 2214 dominatur,
2942 2153 3033 2220 qui
3094 2125 3279 2213 omnia
3329 2163 3540 2223 ditione

1963 2228 2108 2274 tenet
2139 2223 2207 2276 ob
2234 2223 2542 2284 divinitatis
2579 2233 2938 2304 ntajestatcm,
2968 2243 3063 2310 qui
3098 2246 3165 2299 de
3194 2250 3335 2303 caelo
3364 2257 3534 2319 venit,

1956 2318 2009 2363 ct
2044 2324 2206 2381 supra
2238 2329 2432 2371 omnes
2470 2330 2571 2381 est,
2604 2324 2698 2391 qni
2745 2340 2973 2396 regnum
3005 2346 3068 2386 ex
3098 2337 3270 2404 gratia
3309 2356 3416 2395 non
3447 2359 3539 2398 ac-

1953 2404 2133 2470 cepit:
2176 2409 2273 2462 sed
2324 2418 2515 2465 natura
2550 2426 2605 2469 et
2641 2428 2763 2472 ortu
2792 2434 2858 2474 ex
2890 2421 3052 2479 Patre
3080 2442 3180 2482 suo
3220 2429 3273 2485 id
3305 2433 3537 2504 obtinet,

1949 2496 2040 2563 qui
2073 2499 2330 2557 omnibus
2380 2506 2537 2561 nobis
2572 2510 2768 2564 divinae
2800 2516 3132 2585 cognitionis
3182 2525 3392 2581 semina
3432 2528 3535 2583 int-

1951 2588 2136 2657 mittit,
2175 2602 2230 2646 et
2253 2593 2408 2664 juxta
2458 2598 2663 2653 dictum
2727 2602 2857 2660 illttd
2903 2612 3282 2677 propheticum
3334 2626 3532 2675 terram

1946 2683 2303 2740 voluntariam
2338 2704 2437 2744 nos
2472 2690 2655 2759 efficit,
2700 2697 2791 2764 qui
2844 2714 2940 2767 pro
2968 2703 3147 2759 valido
3180 2706 3275 2763 illo
3318 2711 3533 2767 Adamo

1945 2775 2177 2830 validior
2225 2779 2342 2849 ipse
2376 2782 2597 2840 oblatus
2631 2797 2735 2852 est,
2774 2790 2910 2845 nihil
2951 2792 3352 2867 eﬂ‘eminatum,
3395 2806 3530 2860 nihil

1945 2867 2059 2922 viro
2090 2870 2370 2941 indignum
2403 2876 2455 2929 in
2480 2878 2665 2949 seipso
2694 2881 2924 2939 habens.
2979 2886 3287 2949 Anniculus
3316 2906 3525 2963 autem;

1942 2961 2069 3029 quia
2106 2962 2195 3019 ille
2245 2964 2386 3022 idem
2419 2969 2715 3028 divinitate
2760 2977 3023 3047 antiquus
3056 2994 3199 3052 erat,
3235 2995 3289 3041 ct
3333 3004 3532 3047 recens

1945 3056 2312 3123 humanitate,
2345 3068 2764 3134 temporumque
2817 3071 3073 3129 conditor
3122 3075 3353 3145 ipsemet
3389 3093 3525 3138 ten;-

2436 3164 2561 3217 est;
2607 3157 2698 3210 Sol
2733 3169 2816 3214 est
2858 3163 3109 3233 justititc,
3145 3179 3197 3224 et
3247 3187 3311 3226 eo
3343 3184 3520 3231 tamen
3566 3206 3572 3213 -

1948 3237 2038 3307 qui
2089 3241 2191 3294 sub
2238 3244 2430 3299 oculos
2465 3248 2633 3313 cadit,
2671 3250 3158 3322 circumscribitur.
3198 3273 3251 3316 et
3288 3264 3343 3318 in
3379 3272 3525 3336 seip-

1946 3347 2066 3384 sum
2113 3333 2428 3404 resolvitur,
2461 3352 2665 3394 corona
2722 3342 3098 3413 benignitatis,
3139 3368 3167 3405 a
3216 3353 3324 3408 Deo
3356 3358 3495 3413 bene

252 3395 430 3455 dicta,
468 3395 832 3467 undequaque
874 3401 978 3457 sibi
1026 3407 1252 3474 aequalis
1308 3417 1366 3466 et
1405 3412 1618 3471 similis.
1661 3415 1836 3473 Vitam
1916 3436 2047 3477 νιϊο
2104 3424 2332 3494 largitur
2389 3443 2609 3497 quoque
2667 3434 2919 3489 virtutem
2978 3441 3118 3506 orbi,
3189 3444 3415 3512 pulchre
3467 3466 3498 3504 ιι

248 3484 517 3542 concinne
561 3489 864 3549 virtutibus
905 3496 1010 3551 sibi
1052 3497 1303 3575 invicem
1333 3504 1507 3562 mistis
1533 3516 1589 3563 et
1623 3514 1955 3571 COIISOt‘ialiS
1992 3518 2108 3589 lege
2139 3521 2401 3579 amicitia:
2432 3536 2484 3579 et
2513 3526 2746 3582 ordinis.

320 3582 383 3635 Εί
413 3584 459 3637 δ’
500 3585 586 3669 ὅτι
616 3588 715 3640 καὶ
748 3588 851 3659 τὴν
893 3592 989 3644 ἐπὶ
1026 3593 1105 3664 τῷ
1148 3597 1313 3652 πάθει
1346 3600 1832 3678 θεοπρεπεστάτην

247 3675 445 3746 ἑορτὴν
476 3659 599 3731 καθ’
630 3676 866 3736 Ξκαστον
905 3682 1026 3748 ἔτος
1062 3659 1288 3758 έμελλον
1334 3659 1610 3752 ἐπιτελεῖν

244 3768 311 3819 ὲκ
338 3765 439 3821 τοῦ
471 3769 679 3835 πάθους
731 3774 1226 3846 άποκερδαίνοντες
1273 3784 1496 3853 ἀγαθὰ,
1553 3792 1829 3857 ἐνιαύσιος

247 3858 690 3926 προετετύπωτο,
724 3863 822 3917 καὶ
852 3865 1013 3920 τοῦτο
1040 3867 1301 3942 σύμφημι
1351 3877 1467 3940 τοῖς
1523 3879 1825 3950 εἰρηκόσιν.

258 3947 392 4001 Ἀπὸ
416 3950 526 4004 τῶν
557 3953 752 4023 ἀμνῶν
804 3955 885 4019 δὲ,
919 3958 1109 4030 ἐπειδὴ
1164 3963 1260 4014 καὶ
1307 3962 1448 4018 Θεοῦ
1500 3947 1695 4037 ἀμνος,
1753 3971 1830 4035 ὠς

256 4040 527 4114 Ἰωάννης
573 4051 866 4117 μαρτυρεῖ,
899 4050 995 4103 καὶ
1048 4052 1157 4105 ἀπὸ
1190 4055 1301 4107 τῶν
1333 4055 1563 4125 ἐρίφων,
1612 4059 1695 4112 ὅτι
1731 4062 1827 4115 τοῦ

242 4133 456 4203 κόσμου
484 4136 586 4206 τὴν
614 4141 894 4210 ἁμαρτίαν
922 4138 1049 4215 ἦρε.
1075 4145 1211 4200 Τίνα
1237 4148 1294 4200 δὲ
1326 4150 1512 4203 αίτίαν
1542 4151 1656 4224 ἔχει
1688 4155 1827 4225 πρὸς

240 4224 344 4297 τὴν
397 4229 509 4281 τῶν
555 4234 925 4302 πρωτοτόκων
987 4241 1270 4310 σωτηρίαν
1330 4244 1363 4311 ἡ
1425 4242 1521 4297 τοῦ
1581 4224 1823 4316 θύματος

239 4320 447 4391 σφαγὴ,
486 4322 582 4377 καὶ
628 4326 660 4395 ἡ
698 4327 790 4380 τοῦ
821 4329 1054 4398 αἵματος
1098 4334 1315 4404 χρίσις
1352 4336 1429 4389 Οὐ
1467 4336 1573 4407 γὰρ
1623 4338 1818 4404 θυσίας

238 4409 414 4465 δεῖται
437 4412 572 4477 Θεὸς
606 4417 746 4485 πρὸς
779 4418 1007 4488 ἔνδειξιν
1058 4425 1159 4493 τῆς
1205 4427 1403 4481 ἑαυτοῦ
1453 4431 1813 4502 ἀγαθότητος,

237 4501 366 4555 οὔτε
415 4506 644 4575 σημείου
706 4510 843 4580 πρὸς
901 4513 1205 4581 ἐπίγνωσιν
1260 4519 1371 4571 τῶν
1423 4522 1661 4587 οίκείων,
1700 4525 1815 4577 ἀλλ’
1852 4542 1893 4596 D

236 4595 371 4662 ἡμῖν
401 4599 685 4654 κᾶνταῦοα
714 4609 1013 4676 συνηγορεί
1059 4609 1121 4661 τὸ
1156 4613 1416 4683 πρᾶγμα,
1450 4616 1545 4667 καὶ
1589 4620 1652 4687 τῇ
1692 4620 1819 4673 καθ’

235 4686 388 4755 ἡμᾶς
427 4690 563 4761 ἁγίᾳ
616 4693 796 4748 πίστει
853 4705 1278 4773 προσμαρτυρεῖ
1323 4704 1412 4759 διὰ
1456 4708 1749 4777 συμϐόλων
1787 4716 1817 4765 ό

231 4779 418 4848 νόμος.
453 4781 561 4836 Τοῦ
588 4786 698 4857 γὰρ
729 4788 965 4860 ἀμώμου
1014 4792 1257 4862 θύματος
1287 4799 1428 4869 ὑπὲρ
1468 4800 1626 4870 ἡμῶν
1671 4820 1811 4872 σφα-

225 4979 346 5026 τος.
375 4964 487 5015 Καὶ
516 4965 740 5037 θνήσκει
769 4972 867 5040 μὲν
891 4974 961 5027 τὰ
990 4979 1320 5045 πρωτότοκα
1344 4983 1456 5036 τῶν
1475 4984 1808 5055 Αἰγυπτίων,

225 5059 308 5111 ὅτι
338 5061 369 5112 ὀ
407 5062 661 5117 ἀπιστῶν
686 5065 762 5136 τῷ
785 5068 902 5138 Υἱῷ
928 5072 1029 5125 οὐκ
1055 5075 1247 5144 ὄψεται
1285 5079 1386 5150 τὴν
1421 5079 1587 5152 ζωὴν,
1618 5084 1736 5138 ἀλλ’
1762 5087 1799 5157 ἡ

224 5151 381 5221 ὀργὴ
406 5153 516 5206 τοῦ
548 5156 697 5209 Θεοῦ
715 5157 883 5224 μένει
914 5161 1008 5213 ἐπ’
1029 5166 1236 5221 αὐτόν.
1276 5169 1470 5240 Ἧμείς
1505 5151 1562 5225 δὲ
1602 5151 1804 5230 διασωί

224 5242 437 5313 ζόμεθα
469 5247 589 5299 ὅσοι
655 5251 817 5303 τέκνα
862 5252 998 5305 Θεςῦ
1040 5257 1136 5310 καὶ
1193 5258 1489 5332 Ἐκκλησία
1538 5269 1812 5334 πρωτοτό-

223 5351 337 5387 κων
363 5336 692 5407 γεγόναμεν.
725 5342 869 5395 Ἐάν
894 5360 985 5410 τις
1009 5347 1139 5416 γὰρ,
1168 5367 1241 5419 φη
1252 5352 1325 5415 τι,
1353 5354 1460 5407 τὸν
1482 5358 1671 5420 λόγον
1690 5375 1812 5427 μου

223 5425 486 5494 τηρήσῃ,
509 5428 774 5484 θάνατον
802 5437 874 5486 οὐ
897 5436 982 5502 μὴ
1007 5440 1301 5508 θεωρήσει
1344 5445 1431 5509 εἰς
1464 5445 1571 5497 τὸν
1597 5425 1807 5503 αἰῶνα.

224 5517 484 5587 Τηρείται
509 5521 615 5576 δὲὸ
638 5524 796 5593 λόγος
836 5526 1071 5599 Χρισίοῦ
1103 5534 1237 5602 παρ’
1270 5536 1429 5605 ἡμῶν
1467 5537 1551 5592 διὰ
1575 5542 1810 5611 θεωρίας

226 5611 321 5663 καὶ
351 5614 632 5681 πράξεως.
661 5618 773 5674 Καὶ
808 5621 964 5691 φέρει
1002 5625 1101 5693 μὲν
1132 5626 1367 5698 θεωρίας
1390 5631 1560 5684 τύπον
1596 5635 1630 5702 ἡ
1654 5634 1808 5700 φλιὰ,

2009 3613 2286 3673 Caeterum
2317 3620 2362 3673 si
2395 3630 2450 3675 et
2483 3621 2607 3678 ideo
2635 3624 2925 3682 anniculus
2968 3638 3072 3696 cst,
3101 3635 3226 3701 quia
3273 3635 3501 3697 interim

1938 3721 2057 3762 erat
2106 3709 2421 3782 aliquando,
2453 3723 2510 3769 ut
2545 3717 2580 3769 ii
2610 3718 2699 3788 qui
2736 3736 2801 3774 ex
2845 3722 3103 3786 passione
3159 3726 3390 3786 fructum
3427 3750 3487 3789 ca

1940 3798 2113 3867 piunt,
2160 3805 2457 3870 quotannis
2500 3808 2915 3864 sanctissimum
2982 3816 3256 3882 passiOnis
3315 3820 3498 3883 iestun

1936 3889 2300 3956 celebrarent,
2336 3907 2443 3948 non
2479 3896 2659 3951 abnuo
2687 3903 2982 3967 quominus
3020 3904 3075 3959 id
3115 3915 3372 3977 tanquam
3427 3929 3506 3966 ra.

1936 3978 2069 4031 tioni
2109 3984 2443 4038 conveniens
2496 3991 2828 4056 supradictis
2864 3992 3213 4065 adjuugatur.
3252 4001 3328 4053 Ex
3359 4007 3497 4074 aguit

1934 4080 2117 4125 autem
2169 4069 2285 4126 haec
2323 4076 2545 4130 victima
2601 4080 2876 4147 Scligiutr,
2911 4086 3035 4153 quia
3069 4099 3124 4142 et
3166 4090 3281 4160 ipse
3327 4095 3497 4166 Agunt

1934 4160 2025 4214 Dei
2077 4169 2180 4229 est,
2224 4175 2282 4217 ut
2314 4164 2555 4223 Joannes
2608 4178 2883 4240 testatur;
2921 4186 2975 4231 et
3020 4195 3086 4234 ex
3145 4182 3342 4247 hamis,
3383 4189 3499 4257 qui:

1932 4252 2051 4321 ipse
2084 4266 2301 4321 peccata
2338 4261 2521 4313 tnuudi
2557 4264 2704 4318 tulit.
2742 4263 2915 4331 Quam
2972 4285 3098 4325 vero
3133 4276 3503 4347 primogenitit

1928 4359 2148 4400 causam
2180 4348 2378 4404 salutis
2411 4354 2641 4420 przebttil
2675 4370 2919 4416 mactata
2949 4368 3189 4433 Victima,
3214 4383 3265 4426 et
3289 4379 3503 4443 sanguis

1926 4438 2168 4505 postibus
2203 4439 2416 4494 illitus?
2461 4443 2646 4516 Neque
2676 4451 2822 4507 enim
2866 4455 3157 4514 sacriﬁciis
3191 4472 3313 4531 eget
3364 4438 3504 4518 deus

1920 4530 1986 4581 ad
2024 4531 2510 4590 demonstrandam
2559 4556 2713 4594 suam
2773 4542 3103 4614 bonitatem,
3141 4569 3313 4620 neque
3340 4556 3502 4615 etiam

1922 4621 2100 4687 signo,
2137 4632 2194 4674 ιιι
2228 4640 2362 4680 suos
2394 4642 2699 4697 agnoscat;
2740 4643 2796 4687 at
2819 4648 2868 4689 et
2911 4638 2997 4694 hic
3034 4649 3142 4692 tota
3175 4658 3260 4695 res
3291 4659 3388 4710 pro
3417 4661 3506 4699 no-

1922 4712 2004 4767 bis
2055 4724 2156 4780 est,
2190 4720 2502 4788 nostrisque
2557 4728 2859 4781 commodis
2909 4733 3101 4795 servit,
3144 4742 3500 4803 nostramque

1926 4819 2339 4863 sacrosanctam
2377 4812 2536 4868 tidem
2569 4815 2652 4869 his
2682 4822 2944 4890 symbolis
2975 4823 3059 4876 ch
3097 4835 3249 4878 vetus
3279 4831 3495 4885 astruit.

1788 4927 1814 4937 -
1916 4898 2054 4953 Nam
2095 4902 2334 4957 innocua
2377 4904 2465 4959 illa
2520 4908 2697 4964 hostia
2733 4928 2831 4980 pro
2876 4914 3033 4967 nobis
3080 4915 3380 4982 immolata,
3411 4919 3498 4975 fu-

1918 5002 2037 5061 gata
2075 5006 2156 5048 est
2195 5012 2366 5062 mors,
2410 5014 2531 5068 quae
2580 5003 2736 5057 nobis
2785 5019 2814 5057 a
2868 5006 3041 5071 primo
3072 5019 3294 5076 parente
3326 5015 3497 5069 venit.

1915 5085 2221 5142 Moriuntur
2250 5090 2619 5162 primogenita
2654 5092 3074 5164 Egyptiorntn;
3109 5101 3236 5169 quia
3270 5105 3358 5172 qtti
3410 5105 3496 5160 Fi-

1913 5177 1983 5234 lio
2016 5179 2327 5236 incredulus
2360 5194 2465 5247 est,
2507 5184 2555 5238 is
2611 5198 2719 5237 non
2773 5184 2977 5238 videbit
3030 5187 3217 5259 vitam,
3266 5192 3360 5247 scd
3411 5196 3494 5249 ira

1912 5268 2006 5322 Dei
2055 5281 2232 5325 manet
2268 5289 2424 5340 super
2458 5290 2575 5327 eum
2602 5273 2688 5340 ³⁸;
2741 5288 2839 5329 nos
2865 5290 3018 5343 vero,
3055 5283 3368 5354 quicunque
3396 5286 3491 5339 ﬁlii

1916 5363 2006 5415 Dei
2045 5374 2098 5417 et
2130 5368 2474 5434 primogeniti
2529 5366 2784 5423 Ecclesia:
2827 5383 3038 5439 sumus,
3074 5390 3485 5430 conservantur.

1911 5453 2001 5504 Ait
2047 5456 2189 5505 enim
2233 5472 2246 5508 :
2293 5456 2353 5508 Si
2397 5457 2511 5524 quis
2565 5473 2858 5514 sermonem
2914 5479 3087 5517 meum
3154 5464 3438 5521 servaverit
3466 5504 3484 5530 ,

1914 5559 2127 5599 mortem
2163 5565 2263 5601 non
2288 5550 2477 5602 videbit
2507 5551 2559 5602 in
2604 5559 2857 5607 (sternunt
2881 5556 2950 5609 ”.
3004 5556 3266 5610 Servatur
3306 5565 3485 5612 autem

1914 5650 2101 5688 sermo
2141 5634 2343 5691 Christi
2377 5654 2404 5692 a
2443 5640 2599 5694 nobis
2639 5656 2734 5710 per
2766 5644 3284 5712 contemplationem
3311 5655 3365 5701 et
3399 5660 3489 5701 ac-

299 5792 344 5825 ”
382 5794 574 5851 Matth.
607 5815 685 5853 ιιι.
731 5801 817 5857 15.
897 5803 1120 5861 “sinon.
1159 5825 1238 5876 nt,
1272 5809 1359 5863 56.
1441 5813 1482 5845 ³³
1511 5813 1669 5868 Joau.
1710 5827 1826 5873 \‘ttt.
1864 5810 1955 5864 51.
