4156 6304
567 343 672 407 ἳίΠ

1669 337 1992 397 MACARII
2030 333 2664 395 CI—IRYSOCEPHALI

3723 335 3833 401 208

570 460 792 511 tionem.
825 453 1084 524 Figuram
1127 447 1603 520 contemplationis
1641 449 1783 517 gerit
1834 447 2144 518 superlimi-

2266 446 2328 511 ὣς
2351 445 2411 498 τὸ
2440 445 2660 514 λογικὸν
2683 445 3047 516 σημαίνουσα,
3071 443 3258 500 εἰκόνα
3285 444 3343 500 ἢ
3372 444 3626 516 πράξεως
3658 448 3709 501 οί
3741 449 3832 503 δύο

565 567 726 614 nare,
753 551 958 618 qu'ppe
989 546 1133 616 quod
1164 555 1376 615 partem
1409 543 1617 597 ratione
1648 542 1932 612 praaditam
1978 541 2147 611 signi-

568 648 732 708 ticet;
781 642 1016 698 actionis
1057 655 1189 695 vero
1230 638 1522 708 imaginem
1560 651 1672 706 pra
1721 651 1779 690 se
1829 635 2009 688 ferunt
2039 635 2148 687 duo

569 748 780 808 postes,
814 735 908 806 qui
945 733 1332 788 rectitudinem
1379 744 1540 784 casus
1579 729 1823 798 ignaram
1865 727 1986 796 ejus
2021 741 2147 794 par-

571 829 640 883 tis
675 844 794 895 quae
826 826 1010 892 irasci,
1043 835 1096 879 et
1127 824 1246 895 ejus
1277 837 1395 892 qua:
1421 821 1811 889 concupiscere
1855 817 2015 880 solet,
2050 832 2144 887 per

567 922 796 988 :cnigma
838 921 1139 981 insinuant,
1199 914 1289 984 qui
1343 922 1398 969 et
1457 912 1716 980 utrinque
1769 911 2145 977 iniunguntur;

568 1026 857 1084 postquam
900 1012 1042 1066 enim
1076 1011 1129 1065 in
1161 1024 1328 1063 unum
1375 1022 1505 1062 vere
1548 1005 1773 1074 sanguis
1807 1016 1863 1058 et
1908 1001 2148 1073 Spiritus

568 1116 968 1170 convenerunt,
1002 1103 1305 1172 accipimus
1339 1115 1437 1154 nos
1487 1114 1582 1168 per
1609 1097 1935 1167 sanguinem
1972 1097 2143 1150 nostri

567 1199 787 1265 generis
817 1213 938 1249 eum
983 1195 1074 1263 qui
1117 1209 1278 1263 supra
1327 1207 1428 1246 nos
1456 1199 1560 1252 est,
1593 1189 1881 1259 Spiritum,
1915 1195 1970 1242 et
2021 1187 2144 1240 inde

569 1299 800 1344 mortem
859 1289 1167 1358 mortisque
1204 1302 1429 1340 causam
1479 1294 1757 1354 peccaturo
1814 1280 2143 1351 eﬂ‘ugimus;

567 1397 690 1434 nam
724 1381 944 1450 quando
975 1393 1151 1446 neque
1186 1393 1282 1446 per
1312 1377 1545 1430 rationis
1573 1383 1828 1439 expertes
1869 1373 2142 1441 cupidita-

569 1483 672 1536 tes,
703 1484 879 1538 nequc
910 1483 1006 1538 per
1065 1467 1264 1521 stultas
1307 1474 1363 1522 et
1405 1466 1727 1534 insipientes
1779 1463 2141 1540 cogitationes
2181 1461 2462 1516 stimulum
2512 1463 2703 1517 mortis
2761 1477 3045 1534 peccatum
3109 1465 3268 1520 nobis
3358 1465 3617 1532 infixerit,

2262 537 2497 608 σταθμοὶ
2521 537 2615 590 τοῦ
2647 537 2879 623 θυμικοῇ
2909 555 2968 590 τε
3003 539 3094 591 καὶ
3128 537 3530 608 ἐπιθυμητικοῦ
3553 537 3614 592 τὸ
3637 540 3819 595 amat-

2262 646 2386 683 στον
2421 629 2806 698 αἰνιττόμενοι,
2846 629 2942 682 καὶ
2969 630 3248 700 χριόμενοι
3282 630 3649 701 ἑκατέρωθεν,
3688 632 3819 686 ἐπει-

2257 723 2435 794 δήπερ
2465 723 2544 785 εἰς
2574 721 2633 775 ἓν
2669 718 2833 793 ἦλθεν
2870 721 3086 790 ἀληθῶς
3119 722 3182 775 τὸ
3228 717 3369 793 αἷμα
3394 723 3570 777 καὶτὸ
3609 724 3837 793 Πνεῦμα

2255 815 2343 870 διὰ
2375 815 2471 869 τοῦ
2491 815 2791 885 ὁμογενοῦς
2810 816 2943 885 ἡμῖν
2970 815 3225 885 αἵματος,
3260 815 3319 868 τὸ
3346 816 3489 886 ὑπὲρ
3513 817 3660 886 ἡμᾶς
3693 815 3839 884 λαμ-

2252 909 2488 977 ϐάνομεν
2513 907 2761 978 Πνεῦμα.
2802 907 3116 962 Κάντεῦθεν
3150 908 3381 962 Θάνατόν
3406 925 3465 960 τε
3496 913 3592 961 καὶ
3613 909 3712 980 τὴν
3741 909 3839 963 θα·-

2249 983 2416 1056 νάτοιῖ
2445 1001 2706 1071 πρόξενον
2735 1002 3011 1074 ἁμαρτίαν
3047 1001 3523 1072 διαδιδράσκομεν.
3562 1002 3695 1057 Ὅτε
3725 1005 3838 1074 γὰρ

2253 1093 2392 1163 μηδὲ
2416 1093 2506 1147 διὰ
2527 1094 2636 1145 τῶν
2666 1094 2882 1160 ἀλόγων
2918 1094 3132 1160 παθῶν,
3169 1096 3305 1165 μηδὲ
3329 1095 3416 1147 διὰ
3445 1095 3555 1148 τῶν
3585 1097 3842 1165 ἀφρόλων

2251 1185 2530 1255 λογισμῶν
2571 1185 2863 1258 ἐπεισέλθῃ
2899 1187 2957 1240 ἐν
3007 1188 3138 1256 ἡμῖν
3167 1187 3229 1240 τὸ
3269 1188 3498 1258 κέντρον
3547 1187 3644 1242 τοῦ
3675 1189 3846 1244 θανά-

2253 1294 2372 1338 του,
2417 1280 2451 1347 ἡ
2497 1277 2766 1350 ἁμαρτία,
2793 1280 2919 1332 τότε
2946 1279 3229 1349 παρῆλθεν
3272 1281 3420 1349 ἡμᾶς
3448 1282 3476 1334 ὁ
3507 1281 3842 1351 ὀλοθρεύων,

2248 1372 2344 1424 καὶ
2369 1373 2396 1424 ὁ
2420 1371 2914 1427 καταδυναστεύων
2947 1374 3106 1444 ἡμῶν
3131 1373 3469 1443 διαπέφευγε
3503 1373 3758 1437 θάνατος.

3710 1479 3841 1525 tunc

567 1566 813 1638 prauerit
844 1578 946 1617 nos
996 1561 1415 1623 exterminatur,
1446 1571 1499 1613 et
1553 1574 1721 1621 mors,
1758 1572 1878 1627 qua:
1925 1571 2022 1610 sua
2055 1555 2434 1610 dominatione
2467 1570 2564 1610 nos
2599 1557 2898 1624 premebat,
2939 1558 3163 1613 recedit.

643 1661 766 1712 Post
791 1655 1106 1711 unctionem
1140 1653 1324 1706 statim
1353 1652 1604 1719 sequitur
1632 1649 2006 1715 manducatio;
2027 1662 2149 1717 quae

567 1765 621 1809 et
649 1756 762 1822 ipsa
795 1748 1136 1802 documentis
1172 1762 1279 1800 non
1324 1754 1498 1804 vacat,
1535 1758 1708 1811 nequc
1742 1743 1859 1795 sine
1893 1755 2146 1797 accurata

2329 1647 2485 1702 Μετά
2513 1648 2568 1700 δὲ
2595 1652 2696 1718 τήν
2722 1650 2904 1718 χρίσιν
2939 1652 2970 1719 ή
3018 1650 3221 1720 βρῶσις
3243 1651 3426 1718 εὐθὺς,
3460 1655 3554 1706 καὶ
3573 1655 3682 1708 οὐδ’
3701 1657 3840 1730 αὐτή

2261 1741 2643 1812 παραγγελίας
2671 1743 2850 1808 ἐκτὸς,
2879 1743 3002 1797 οὐδὲ
3034 1746 3356 1814 νομοθεσίας
3387 1747 3650 1816 ἀκριϐοῦς
3678 1752 3836 1820 ἇμοιο

568 1846 784 1898 ratione
818 1839 1140 1911 pra-scripta
1179 1847 1304 1893 est:
1345 1839 1452 1891 imo
1498 1846 1608 1891 tota
1643 1835 1730 1889 illa
1771 1836 2062 1904 praelinitio
2095 1844 2151 1889 et

2266 1852 2377 1905 ρος,
2408 1834 2548 1890 ἀλλὰ
2579 1835 3129 1907 κατεσπουδασμένον
3166 1839 3266 1906 μὲν
3313 1839 3373 1892 τὸ
3407 1840 3714 1911 ἐπίταγμα,
3757 1845 3839 1898 ὅτι

566 1935 889 1994 constitutio
922 1931 1226 1988 mirabilem
1271 1929 1598 2000 legislatoris
1632 1929 1969 1994 diligentiam
2009 1943 2150 1994 prte-

570 2035 718 2098 fert;
750 2031 904 2098 jubet
949 2029 1118 2094 enim,
1153 2038 1209 2080 ut
1237 2027 1348 2095 jam
1395 2025 1536 2080 facta
1588 2034 1750 2080 nocte
1807 2024 2149 2088 instituatur,

569 2137 720 2179 certo
775 2123 936 2177 modo
973 2133 1027 2176 et
1070 2120 1300 2184 ordine;
1337 2119 1595 2174 nimirum
1634 2133 1701 2172 ne
1763 2117 1978 2187 Agnum
2020 2133 2148 2174 crn-

568 2217 720 2278 dmn,
753 2231 820 2268 ne
851 2223 1066 2268 coctutn
1121 2226 1284 2280 aqua,
1319 2210 1413 2264 sed
1457 2224 1636 2263 assum
1683 2208 1829 2278 igne.
1861 2223 1984 2261 cum
2017 2222 2144 2278 azy-

569 2309 672 2362 mis
719 2305 1060 2375 lactucisqne
1104 2303 1411 2373 agrestibus
1465 2301 1778 2356 comedant.
1839 2299 1954 2352 Nox
2004 2314 2147 2368 pra:-

567 2416 696 2456 sens
719 2399 978 2454 sacculum
1009 2397 1236 2461 indicat,
1271 2396 1324 2448 iu
1355 2409 1463 2464 quo
1488 2409 1550 2448 ea
1586 2393 1844 2463 mysteria
1879 2393 1944 2446 de
1971 2392 2150 2444 divina

569 2491 980 2561 dispensatione
1017 2487 1176 2543 nobis
1219 2490 1530 2551 traduntur,
1564 2501 1684 2554 quae
1715 2493 1972 2554 perceptu
2018 2483 2153 2537 faci-

569 2587 707 2640 liora
758 2592 908 2648 sunt,
932 2589 987 2635 et
1033 2579 1100 2633 ad
1130 2594 1347 2635 carnem
1396 2589 1728 2644 assumptam
1759 2580 2053 2646 pertinent.
2085 2577 2152 2629 At

570 2691 798 2746 vespera
832 2677 1078 2730 futurum
1127 2672 1385 2727 saculum
1417 2671 1710 2739 signiﬁcat,
1744 2671 1796 2724 in
1828 2684 1933 2737 quo
1973 2667 2149 2737 Spiri-

574 2781 661 2825 tns
684 2778 920 2825 sanctus
949 2765 1210 2823 solidiora
1263 2773 1316 2818 et
1355 2763 1594 2817 ﬁrmiora
1637 2777 1738 2817 nos
1768 2761 2000 2815 docebit.
2031 2759 2146 2814 Non

574 2865 782 2916 frustra
836 2869 1017 2914 autem
1067 2857 1310 2920 additur,
1354 2870 1508 2908 assus
1549 2855 1690 2922 igne,
1737 2867 1844 2920 quo
1893 2859 2149 2920 tanquam

571 2953 818 3025 symbolo
845 2951 1078 3022 quodam
1130 2948 1376 3002 innuitur
1406 2961 1524 3011 eos,
1557 2947 1646 3014 qui
1696 2958 1760 2998 ex
1790 2943 1882 2997 illo
1918 2943 2150 2996 mandu-

2261 1928 2316 1978 ὲν
2369 1929 2438 1998 τῇ
2501 1929 2923 2001 προσγενομένῃ
2981 1933 3162 1996 νυκτὶ,
3225 1937 3728 2006 παρατετηρημένη
3781 1939 3838 1992 δὲ

2263 2022 2296 2084 ή
2332 2021 2656 2091 μετάληψις,
2702 2023 2790 2076 ἵνα
2843 2023 2921 2095 μή
2970 2025 3143 2092 ὠμὸν,
3179 2025 3315 2096 μηδὲ
3359 2027 3637 2097 ὲψημένον
3660 2029 3842 2094 ὕδατι,

2261 2111 2376 2166 ἀλλ’
2405 2113 2574 2166 ὀπτὸν
2605 2115 2762 2184 πυρὶ,
2791 2116 2886 2168 καὶ
2908 2116 3006 2169 σὺν
3029 2115 3265 2185 ἀζύμοις
3290 2117 3383 2170 καὶ
3415 2119 3551 2183 μετὰ
3575 2121 3847 2192 πικρίδων

2262 2202 2569 2271 φάγωνται.
2605 2204 2767 2274 Δηλοῖ
2803 2204 2858 2257 δὲ
2887 2205 2988 2275 μὲν
3019 2206 3115 2270 νὺξ
3152 2205 3244 2260 τὸν
3276 2210 3520 2277 παρόντα
3553 2211 3753 2279 αἰῶνα,
3785 2213 3846 2265 ὲν

2257 2287 2302 2361 ᾧ
2349 2296 2420 2348 τὰ
2472 2295 2732 2366 σαρκώδη
2770 2298 2868 2350 καὶ
2896 2295 3150 2366 εὔληπτα
3177 2301 3279 2368 τῆς
3313 2302 3628 2372 οἰκονομίας
3679 2303 3843 2372 μυού-

2261 2387 2404 2457 μεθα
2424 2405 2438 2420 ο
2473 2390 2505 2457 ή
2541 2388 2598 2442 δὲ
2625 2389 2827 2458 πρωῖα,
2859 2389 2927 2442 τὰ
2959 2391 3250 2462 μέλλοντα,
3282 2393 3480 2447 καθ’δν
3508 2395 3576 2447 τὰ
3612 2397 3842 2467 στερρό-

2257 2497 2394 2550 τερα
2416 2481 2621 2547 διδάξει
2654 2483 2712 2535 τὸ
2743 2482 2972 2552 Πνεῦμα
3003 2483 3063 2537 τὸ
3085 2484 3267 2554 ἅγιον.
3318 2485 3392 2538 Τὸ
3416 2487 3473 2540 δὲ
3499 2487 3848 2556 ὀπτώμενον

2262 2573 2610 2643 συμϐολικῶς
2659 2575 3002 2638 ὑποτίθεται,
3040 2577 3132 2648 ’μὴ
3187 2577 3401 2648 ἀργῶς,
3449 2579 3590 2650 ὅπερ
3615 2579 3701 2632 διά
3745 2580 3844 2633 τοῦ

2255 2664 2439 2735 ὠμοῦ,
2475 2666 2612 2736 μηδὲ
2646 2667 2970 2737 φιληδόνως,
2995 2669 3133 2740 ὅπερ
3164 2669 3252 2722 διὰ
3284 2670 3378 2723 τοῦ
3439 2671 3668 2738 sgnum?
3702 2687 3846 2743 παρ-

2255 2758 2726 2824 εμφαίνεταιτοὺς
2749 2761 3268 2830 μεταΧαμὸἅνοντας
3307 2763 3430 2832 ζῇν,
3457 2763 3570 2816 ἁλλ’
3600 2761 3842 2833 ἔμπυρον

2259 2849 2406 2920 ἔχειν
2421 2852 2514 2904 τὸν
2532 2851 2647 2920 βίον
2665 2853 2786 2906 ὅλον
2807 2855 3105 2926 ἐγκρατείᾳ
3119 2860 3561 2927 κεκοσμημένον,
3579 2858 3656 2928 τῷ
3678 2858 3844 2912 πνεύ-

2265 2961 2399 3014 ματι
2426 2945 2674 3012 ζέοντας,
2706 2949 2801 3001 καὶ
2839 2947 2917 3018 τῷ
2947 2949 3138 3020 Κυρίῳ
3169 2949 3546 3014 δουλεύοντας.

571 3059 856 3112 cant,non
901 3045 1100 3100 debere
1134 3041 1296 3094 vitam
1335 3040 1584 3111 ignaVam
1640 3052 1820 3108 agere,
1854 3037 2002 3104 quod
2043 3050 2139 3104 per
2212 3039 2479 3105 crudum;
2530 3055 2707 3109 neque
2763 3043 3135 3112 voluptatibus
3185 3043 3445 3105 deditam,
3513 3048 3658 3116 quod
3751 3061 3850 3115 per

571 3149 780 3198 metunt
809 3150 947 3205 aqua
1035 3132 1366 3197 insinuatur,
1436 3131 1530 3186 sed
1602 3131 1749 3183 velut
1796 3129 2035 3200 igneam,
2102 3130 2384 3186 ardentem
2442 3132 2733 3202 ebaritate,
2773 3147 2827 3190 et
2861 3137 3201 3192 continentia
3259 3149 3606 3206 exornatam,
3653 3140 3724 3194 ita
3786 3158 3819 3194 u

570 3232 769 3301 Spiritu
795 3229 1064 3292 ferveant,
1094 3238 1148 3283 et
1180 3227 1409 3281 Domino
1440 3226 1702 3280 serviant.

643 3329 844 3397 Azyma
879 3323 1187 3393 signiﬁcant
1227 3322 1463 3375 animum
1489 3336 1515 3373 a
1547 3319 1690 3374 fastu
1743 3321 2061 3383 immunem,
2106 3329 2156 3375 et

2336 3321 2418 3376 Τὰ
2484 3322 2674 3392 ἄζυμα
2729 3323 2791 3378 τὸ
2841 3325 3047 3394 ἄτυφον
3105 3327 3384 3396 σημαίνει,
3451 3329 3548 3381 καὶ
3607 3330 3844 3392 παλαιᾶς

574 3420 792 3476 axetcri
824 3417 993 3472 illa‘et
1047 3415 1246 3470 acerba
1299 3414 1698 3468 consuetudine
1747 3423 2105 3481 expurgatum
2147 3429 2162 3478 ;

574 3531 750 3581 neque
770 3513 913 3564 enim
945 3511 1107 3578 impia
1146 3507 1544 3562 Pliarisatorum
1576 3506 1946 3571 institutione,
1980 3521 2158 3574 neque

576 3601 898 3659 multiformi
947 3599 1328 3670 Egyptiorum
1375 3613 1562 3651 errore
1613 3597 2024 3666 conspergenda
2078 3607 2164 3653 est

579 3712 716 3750 nova
746 3693 1021 3763 Evangelii
1058 3691 1330 3746 doctrina.
1379 3690 1664 3745 Adduutnr
1729 3690 1957 3745 lactuca:
2014 3705 2168 3759 agre-

578 3799 691 3842 stes
724 3787 794 3840 ob
845 3783 1216 3853 asperitatem,
1272 3797 1392 3851 quae
1444 3782 1496 3836 in
1545 3783 1652 3834 vita
1717 3783 1915 3838 divinis
1956 3783 2165 3850 legibus

579 3887 946 3936 consentanea
969 3876 1112 3932 inest
1137 3892 1152 3942 ;
1180 3875 1378 3944 quibus
1403 3884 1581 3930 tamen
1613 3876 1843 3931 libenter
1871 3878 2164 3938 vescimur,

581 3978 802 4033 excitati
849 3989 946 4045 spe
973 3971 1161 4028 aeterni
1199 3971 1376 4042 gaudii
1408 3988 1422 4038 ;
1451 3973 1578 4042 quin
1613 3981 1666 4026 et
1697 3971 1962 4042 gloriandi
1999 3982 2168 4027 ιιιςιιε-

580 4071 716 4124 riem
749 4068 903 4123 nobis
944 4067 1208 4136 praebent,
1245 4064 1313 4119 ob
1365 4063 1680 4135 patientiam
1726 4079 1886 4132 quam
1943 4078 2168 4118 exerce-

582 4176 726 4215 mus.
757 4158 931 4228 Caput
961 4173 1083 4211 cum
1136 4157 1367 4226 pedibus
1429 4165 1483 4211 et
1541 4155 1814 4210 intestinis
1873 4169 2165 4217 voramus;

583 4249 777 4317 capitis
813 4249 1029 4300 nomine
1087 4246 1439 4314 intelligimus
1478 4245 1814 4298 divinitatem
1849 4241 2008 4306 Agni,
2073 4256 2170 4308 pro

585 4340 747 4393 nobis
805 4336 1106 4398 immolati;
1171 4337 1364 4403 pedum
1423 4335 1663 4397 nomine,
1731 4334 2166 4395 humanitatem;

589 4427 973 4481 intestinorum
1022 4423 1272 4484 nomine,
1325 4421 1610 4475 indivisam
1671 4420 1815 4472 illam
1887 4420 2169 4488 utriusque

587 4533 794 4576 natura:
811 4527 864 4572 et
884 4513 1219 4571 inconfusam
1239 4514 1291 4566 in
1327 4528 1428 4566 una
1454 4527 1682 4580 persona
1707 4510 2166 4580 conjunctionem.

588 4611 970 4670 Porronullus
1017 4606 1452 4668 iucircumcisus,
1513 4604 1691 4659 nullus
1739 4606 2041 4673 alienigena
2101 4620 2165 4658 ex

2271 3419 2682 3488 κεχωρισμένον
2735 3418 2968 3484 ὀξώδους
3033 3423 3369 3492 συνηθείαςο
3417 3423 3540 3474 οὔτε
3593 3425 3700 3491 γὰρ
3752 3427 3847 3489 τὴν

2269 3508 2429 3562 ἄθεον
2476 3510 2790 3575 Φαρισαίων
2845 3512 3172 3581 εἰσήγησιν,
3225 3513 3351 3566 οὒτε
3403 3513 3502 3583 τὴν
3548 3515 3848 3582 Αἰγύπτιον

2270 3599 2590 3670 πολυπλανῆ
2637 3599 2964 3657 δυσσέϐειαν
3002 3605 3352 3674 ὲπιμιγνύειν
3383 3605 3489 3675 χρὴ
3511 3605 3588 3675 τῷ
3617 3607 3724 3676 νέῳ
3754 3625 3850 3677 κη·

2271 3689 2535 3759 ρύγματι.
2587 3691 2654 3742 Αἰ
2688 3692 2937 3761 πικρίδες
2975 3693 3063 3748 διὰ
3095 3695 3156 3748 τὸ
3197 3698 3371 3767 τραχὺ
3407 3696 3503 3750 τοῦ
3541 3684 3687 3751 κατά
3717 3699 3847 3751 Θεὸν

2271 3783 2412 3850 βίου,
2445 3781 2670 3846 καὶτὰς
2709 3783 2775 3836 ὲκ
2812 3783 2922 3838 τῶν
2949 3787 3278 3857 πειρασμῶν
3313 3789 3541 3858 πικρίας
3581 3791 3850 3862 προσελή-

2270 3873 2504 3942 φθησαν,
2537 3872 2603 3936 ἃς
2642 3873 2735 3927 καὶ
2759 3875 2933 3944 ἡδέως
2957 3876 3382 3945 ἐπισιτιζόμεθα
3407 3878 3496 3931 διὰ
3527 3877 3626 3949 τήν
3652 3879 3846 3932 ἐλπίδα

2269 3966 2368 4035 τῆς
2403 3966 2626 4020 αἰωνίου
2652 3969 2847 4038 χαρᾶς,
2891 3971 2986 4024 καὶ
3013 3970 3341 4040 καυχήσεως
3372 3969 3632 4023 ὑπόθεσιν
3663 3969 3843 4024 ποιού-

2274 4060 2417 4130 μεθα
2453 4060 2527 4125 ὡς
2562 4061 2843 4130 ὑπομονὴν
2897 4063 3390 4133 κατεργαζόμενοι.
3461 4063 3745 4134 Ἐσθὶομεν
3789 4064 3847 4118 δὲ

2273 4152 2518 4219 κεφαλὴν
2575 4152 2674 4204 σὺν
2714 4155 2826 4213 τοῖς
2873 4153 3002 4204 ποσὶ
3076 4157 3170 4206 καὶ
3223 4155 3335 4218 τοῖς
3380 4155 3697 4223 ὲνδοσθίοις,
3754 4159 3850 4210 καὶ

2273 4240 2502 4309 νοοῦμεν
2534 4243 2778 4313 κεφαλήν
2807 4242 2902 4296 τοῦ
2957 4244 3096 4316 ὑπὲρ
3145 4248 3298 4314 ἡμᾶς
3346 4247 3599 4311 τυθέντος
3649 4248 3889 4319 Ἀμνοῦο

2274 4333 2374 4400 τὴν
2401 4331 2660 4402 θεότητα,
2719 4335 2884 4398 πόδας
2927 4335 2986 4389 δὲ
3042 4338 3464 4411 ἀνθρωπότητα,
3517 4341 3762 4396 ἐνδόσθια
3795 4342 3851 4394 δὲ

2276 4423 2374 4494 τὴν
2401 4425 2716 4496 ἀδιαίρετον
2765 4431 3092 4500 ἀμφοτέρων
3139 4435 3197 4486 ἐν
3251 4435 3545 4487 ὑποστάσει
3605 4435 3706 4506 μιᾷ
3756 4434 3852 4488 καὶ

2277 4517 2591 4587 ἀσύγχυτον
2623 4521 2843 4577 ἕνωσιν.
2894 4524 3040 4594 Πλὴν
3070 4525 3171 4577 οὐκ
3213 4527 3589 4596 ἀπερίτμητος
3619 4527 3728 4580 οὐδ’
3757 4527 3853 4581 ἀλ-

2277 4606 2506 4678 λογενὴς
2567 4611 2744 4666 ἔδεται
2785 4613 2844 4678 ἐξ
2893 4614 3083 4679 αὑτοῦ,
3141 4617 3278 4670 ἀλλὰ
3317 4618 3478 4686 μόνον
3539 4618 3640 4688 τῆς
3697 4619 3850 4682 θείας

589 4711 710 4778 ipso
738 4704 1019 4766 comedit;
1061 4699 1154 4754 sed
1186 4699 1288 4752 bac
1321 4697 1500 4752 divina
1526 4712 1714 4774 mensa
1757 4697 1857 4749 soli
1885 4697 1958 4750 illi
2018 4698 2156 4764 digni

2279 4699 2557 4766 ἀξιοῦνται
2587 4707 2893 4776 τραπέζης,
2934 4709 3047 4761 ὅσοι
3084 4709 3155 4761 τὰ
3197 4713 3366 4780 γήϊνα
3413 4680 3756 4782 περιελόντες
3788 4680 3850 4766 ἐν

589 4811 908 4864 censentur,
943 4795 1033 4865 qui
1061 4833 1076 4856 ,
1105 4790 1396 4860 amputatis
1429 4789 1659 4842 terrenis
1690 4830 1704 4851 ,
1741 4789 1792 4841 in
1847 4789 2168 4853 inca-spolia-

591 4896 733 4948 tione
763 4892 940 4945 curuis
975 4904 1065 4956 per
1089 4881 1540 4938 circumcisioneut
1575 4897 1676 4933 ιιοιι
1707 4880 2067 4948 manufactam
2095 4882 2168 4945 ιο,

593 5002 690 5054 per
722 4985 1048 5052 baptismum
1071 4978 1341 5040 videlicet,
1374 4973 1626 5049 ('(elestes
1644 4971 1820 5024 eﬂecti
1853 4983 1997 5035 sunt,
2046 4987 2168 5024 vere

591 5081 840 5147 populus,
875 5077 966 5130 Dei
989 5091 1112 5144 gem
1145 5083 1350 5133 saucia,
1377 5067 1548 5137 regale
1575 5067 1924 5120 sacerdotium
1949 5075 1997 5118 et
2038 5082 2168 5118 nova

592 5171 962 5233 hereditas“,
1007 5180 1258 5234 tanquam
1291 5163 1379 5232 qui
1409 5171 1645 5214 veterem
1683 5159 1952 5212 hominem
2001 5157 2170 5225 depo-

593 5269 843 5321 suerunt,
874 5270 930 5312 et
956 5261 1006 5311 in
1037 5261 1275 5311 novitate
1303 5256 1424 5308 vita:
1453 5268 1549 5320 per
1577 5251 1889 5330 spiI-ittiales
1932 5251 2172 5306 actiones

594 5353 894 5410 ambulant.
1967 5346 1969 5348 ’

665 5445 767 5509 Qui
799 5455 853 5497 et
876 5450 1086 5496 stantes
1127 5441 1334 5508 Agnum
1369 5442 1714 5502 manducant,
1741 5445 1794 5490 et
1837 5452 1958 5491 cum
2017 5435 2169 5504 [esti-

592 5540 827 5600 natione,
852 5529 1079 5588 accincti
1105 5530 1314 5584 lumbos
1340 5544 1490 5594 suos,
1523 5541 1576 5583 et
1605 5527 1826 5582 calceati
1874 5529 2060 5593 pedes,
2114 5533 2169 5578 et

595 5629 737 5681 velut
762 5627 994 5680 viatores
1022 5636 1180 5674 manu
1214 5619 1435 5675 baculos
1489 5626 1694 5674 tenent.
1752 5616 1900 5672 Zona
1958 5625 2168 5685 tempe-

668 5799 714 5832 “
744 5799 949 5855 Coloss.
987 5815 1049 5864 ιι,
1083 5797 1169 5853 Η.
1247 5796 1294 5829 ⁸⁸
1336 5795 1358 5850 ι
1388 5795 1533 5854 Petr.
1575 5811 1638 5862 ιι,
1673 5795 1730 5852 9.

2274 4797 2345 4864 τῇ
2377 4797 2701 4853 ἀπεκδύσει
2726 4799 2840 4866 τῆς
2869 4802 3098 4866 σαρκὸς
3123 4802 3220 4856 διὰ
3252 4802 3362 4870 τῆς
3383 4805 3850 4874 ἀχειροποιήτίυ

2277 4889 2644 4958 περιτομῆς,
2698 4891 2794 4944 τοῦ
2851 4891 3253 4963 βαπτίσματος,
3278 4897 3519 4966 οὐράνιοι
3566 4901 3849 4966 γεγόνασι,

2277 4978 2374 5031 καὶ
2405 4979 2557 5044 λαὸς
2591 4979 2805 5047 ἀληθῶς
2834 4984 2939 5034 εἰσι
2966 4983 3076 5036 τοῦ
3113 4985 3285 5046 Θεοῦ,
3305 4985 3483 5050 ἔθνος
3514 4985 3708 5053 ἅγιον,
3735 4989 3853 5052 ,ϐα-

2278 5069 2517 5123 σίλειον
2549 5072 2884 5142 ἱεράτευμα,
2927 5075 3025 5127 καὶ
3069 5073 3177 5128 νέα
3211 5079 3604 5146 κληρονομία,
3651 5078 3726 5141 ὼς
3757 5080 3852 5132 τὸν

2274 5160 2504 5214 παλαιὸν
2551 5163 2882 5234 ἀποθέμενοι
2933 5167 3256 5238 ἄνθρωπον,
3319 5170 3412 5219 καὶ
3447 5171 3506 5220 ὲν
3568 5171 3851 5239 καινότητι

2275 5255 2422 5326 ζωῆς
2463 5255 2550 5308 διὰ
2587 5257 2696 5310 τῶν
2748 5262 3134 5330 πνευματικῶν
3177 5259 3428 5331 πράξεων
3476 5262 3849 5333 πολιτευόμε-

2237 5386 2240 5390 -
2275 5366 2378 5403 νοι.

2306 5477 2314 5486 -
2347 5443 2455 5495 Καὶ
2485 5436 2630 5495 οὗτοι
2660 5442 2716 5494 δὲ
2751 5445 2916 5496 πάλιν
2947 5445 3238 5514 ἑστηκότες
3271 5445 3562 5514 φάγονται,
3587 5448 3681 5499 καὶ
3709 5449 3853 5516 μετὰ

2277 5531 2556 5597 σπουδῆς
2591 5535 3022 5602 περιεζωσμένοι
3073 5535 3172 5606 τὴν
3227 5536 3419 5604 ὀσςρὺν,
3471 5537 3854 5606 ὑποδεδεμένοι

2275 5620 2401 5682 τοὺς
2425 5620 2611 5686 πόδας,
2642 5621 2736 5678 καὶ
2765 5624 3060 5693 προσφυῶς
3083 5625 3158 5688 ὠς
3187 5623 3459 5696 ὁδοιπόροι
3483 5625 3858 5700 βακτηρεύον-
