4142 6294
347 384 460 448 20')

1422 396 1505 457 1N
1557 400 2150 466 EXALTATIONEM
2194 408 2253 469 S.
2292 409 2591 477 CRUCIS.

3520 429 3636 495 ’ἓῙῸ

350 524 474 559 ται.
518 505 805 577 Ἓμφαίνει
830 505 885 560 δὲ
913 506 946 578 η
978 505 1080 578 μὲν
1103 506 1249 579 ζώνη
1281 509 1379 582 τὴν
1410 516 1787 586 σωφροσύνην,
1817 519 1926 571 Emi

2047 522 2274 576 nentiam
2297 527 2589 596 signiﬁcat,
2619 540 2834 601 oportet
2866 534 3035 601 enim,
3059 544 3117 590 ttt
3144 538 3480 595 orth‘oduxus
3516 547 3633 598 vir.

357 601 445 653 δεῖ
472 599 789 669 κοσμεῖσθαι
815 601 910 653 καὶ
939 603 1061 664 ταῖς
1085 604 1315 674 ἀρεταῖς
1341 607 1434 660 τὸν
1452 607 1733 675 ὀρθόδοξον
1755 627 1770 642 θ
1794 611 1861 662 τά
1883 610 1942 664 δὲ

364 691 694 763 ὑποδήματα
744 692 843 762 τὴν
887 692 1230 763 ἀσφάλειαν,
1288 697 1432 752 ὥστε
1493 702 1593 755 καὶ
1637 702 1940 771 παραθέειν

366 782 619 845 ἀϐλαῦιὴ
661 782 757 848 τάς
792 784 1040 849 ἀκάνθας
1083 786 1184 855 τῆς
1233 787 1543 861 ἁμαρτίας,
1592 792 1686 845 καὶ
1747 795 1941 846 πατεῖν

366 875 564 929 ἐπάνω
614 875 808 945 ὄφεων
838 877 938 931 καί
971 880 1304 948 σκορπίων,
1340 882 1440 936 καὶ
1467 883 1566 937 ἐπὶ
1589 883 1800 942 πᾶσαν
1823 884 1940 954 τὴν

363 970 617 1040 δύναμιν
644 971 755 1026 τοῦ
778 971 1022 1039 ἐχθροῦ.
1067 973 1132 1028 Ἡ
1168 975 1226 1029 δὲ
1258 976 1455 1047 ῥάϐδος
1496 981 1598 1049 τὴν
1626 982 1685 1034 ἐν
1716 985 1938 1055 σταυρῷ

355 1063 626 1131 κραταιὰν
676 1065 1011 1134 πεποίθησιν
1059 1067 1475 1137 ὑποδείκνυσιν,
1516 1066 1577 1126 οὗ
1610 1076 1675 1143 τῇ
1708 1074 1938 1146 δυνάμει

352 1151 445 1202 καὶ
478 1153 606 1213 τοὺς
630 1152 1000 1218 ύλακτοῦντας
1025 1156 1366 1228 ἀμυνόμεθα,
1396 1162 1572 1215 καὶτὸ
1598 1165 1808 1235 κάμνον
1835 1167 1936 1237 τῆς

346 1240 531 1312 ψυχῆς
564 1243 948 1315 ὑπερείδομεν.
995 1248 1069 1301 Τό
1102 1265 1165 1314 γε
1191 1251 1299 1320 μὴν
1349 1253 1596 1323 ἑστάναι,
1652 1261 1746 1310 καὶ
1796 1260 1934 1326 μετὰ

348 1336 592 1405 σπουδῆς
620 1337 849 1405 ἐσθίειν,
878 1339 941 1393 τὸ
986 1340 1062 1411 μὴ
1120 1342 1386 1411 ῥᾳθύμως
1447 1349 1583 1419 μηδὲ
1630 1351 1934 1420 ἀνειμένως

345 1426 655 1482 διακεῖσθαι
696 1431 981 1500 σημαίνει,
1019 1434 1157 1502 μηδὲ
1187 1430 1674 1510 ξαταόἐσλημένον
1701 1443 1850 1514 ἔχειν
1872 1446 1934 1499 τὸ

347 1518 649 1590 φρόνημα,
707 1521 826 1576 ἀλλ’
879 1523 1287 1596 ὲγηγερμένους
1351 1531 1445 1583 καὶ
1500 1536 1931 1603 συντεταμένους

344 1614 644 1684 ὑπάρχειν,
678 1613 823 1669 οὕτω
842 1617 1057 1688 τρέχειν
1084 1617 1226 1674 ὥστε
1252 1621 1322 1676 τά
1354 1621 1455 1693 μὲν
1492 1625 1787 1697 δυνηθῆναι
1827 1646 1931 1698 φυ-

344 1708 491 1774 γεῖν,
551 1707 622 1761 τὰ
665 1708 726 1761 δὲ
783 1709 1068 1780 ἐξισχῦσαι
1118 1714 1466 1772 καταλαϐεῖν.
1522 1720 1630 1773 Καὶ
1679 1721 1712 1791 ή
1778 1723 1930 1777 αἰτία

348 1803 557 1871 σαφής.
593 1803 783 1872 Πάσχα
811 1803 923 1874 γάρ
963 1805 1080 1859 ἐστι
1109 1807 1320 1877 Κυρίου
1356 1811 1448 1863 καὶ
1485 1812 1793 1884 ύπέρϐασις
1825 1818 1927 1888 μὲν

344 1896 450 1965 τῆς
482 1894 868 1965 ὀλοθρευτικῆς
893 1898 1187 1969 τιμωρίας,
1228 1902 1531 1971 μετάϐασις
1573 1878 1630 1960 at
1675 1878 1786 1963 ἀπὸ
1824 1878 1929 1981 τῆς
1963 1878 2004 1937 Β

341 1988 427 2048 εἰς
468 1986 720 2057 οὐρανόν·
753 1986 897 2043 κατὰ
924 1991 1125 2044 σκοπὸν
1153 1992 1263 2064 γάρ
1293 1993 1564 2065 διώκομεν
1590 2000 1683 2052 ἐπὶ
1704 2000 1765 2053 τὸ
1798 2000 1931 2071 βρα-

343 2080 500 2134 δεῖον
536 2081 637 2151 τῆς
669 2082 783 2137 άνω
820 2084 1087 2153 κλήσεως,
1121 2089 1217 2140 καὶ
1259 2090 1344 2144 δεῖ
1370 2091 1589 2156 πάντως
1627 2095 1930 2165 ἑστηκότας

340 2175 500 2243 ἡμᾶς
533 2170 700 2241 εἶναι,
736 2178 834 2230 καὶ
868 2178 976 2232 τῶν
1018 2181 1227 2251 γηΐνων
1260 2183 1645 2257 ὑψηλοτέρους,
1690 2190 1929 2260 τρώγονο

339 2285 445 2332 τας
474 2266 538 2320 τὸ
566 2269 753 2340 πάσχα
800 2272 938 2342 μετὰ
983 2275 1248 2345 σπουδῆς.
1291 2278 1402 2348 Τὴν
1445 2281 1646 2353 ἀρετὴν
1699 2283 1754 2336 δὲ
1784 2283 1930 2339 οὕτω

346 2360 613 2415 καλοῦσιν
640 2364 690 2415 οἱ
727 2363 904 2431 σοφοὶ,
942 2368 1036 2420 καὶ
1070 2369 1195 2432 τοὺς
1231 2370 1434 2441 ταύτης
1474 2375 1715 2443 ἐραστάς
1763 2395 1929 2432 σπου-

343 2452 534 2515 δαίους
564 2453 919 2525 ὀνομάζουσι.
963 2458 1071 2512 Καὶ
1090 2538 1093 2541 Ι
1115 2458 1369 2527 βούλεται
1399 2463 1589 2518 λοιπὸν
1617 2468 1649 2538 ή
1683 2485 1930 2541 πνευμα-

340 2543 475 2613 τικὴ
515 2543 612 2597 τοῦ
647 2546 941 2615 νομοθέτου
990 2548 1258 2616 διάταξις,
1292 2552 1618 2626 εὐδοκίμους
1656 2558 1927 2631 ὑπάρχειν

346 2639 591 2704 μάλιστα
629 2642 724 2693 καὶ
752 2640 1081 2711 φιλαρὲτους
1109 2645 1239 2709 τοὺς
1287 2648 1583 2716 μέλλοντας
1624 2653 1830 2709 ἐσθίειν
1867 2656 1928 2709 τὸ

344 2731 603 2801 ἀληθινὸν
629 2733 838 2803 πάσχα,
868 2736 959 2787 καὶ
988 2737 1245 2792 κοινωνὸν
1270 2740 1373 2808 μὲν
1393 2743 1627 2796 ἐνταῦθα
1659 2744 1752 2798 τοῦ
1784 2746 1923 2813 βίον,

344 2823 688 2895 συνέκδημον
717 2825 775 2878 δὲ
800 2827 906 2880 κάν
933 2828 1011 2897 τῷ
1036 2828 1182 2882 τέλει
1207 2831 1304 2901 τὴν
1337 2833 1544 2904 ἀρετὴν
1574 2834 1740 2906 ἔχειν.
1774 2838 1924 2910 Αὕτη

346 2919 459 2988 γὰρ
516 2922 614 2975 καὶ
672 2920 809 2990 μόνη
866 2921 966 2991 τῆς
1022 2926 1359 2997 Δεσποτικῆς
1405 2930 1694 3001 τραπέζης
1741 2934 1927 2998 ἀξίους

343 3011 668 3082 καθίστησι.
699 3015 792 3069 καὶ
820 3014 961 3083 πρὸς
988 3018 1090 3086 τὴν
1124 3017 1336 3073 ἐκεῖθεν
1372 3020 1495 3090 μεθ’
1523 3022 1678 3092 ἡμῶν
1709 3026 1927 3079 δισσαί-

340 3120 427 3157 νει
457 3104 628 3175 ζωήν.
659 3105 727 3158 Τί
761 3107 881 3171 Est;
1165 3098 1175 3109 ’

2052 621 2226 670 tntmn
2260 632 2476 688 quoque
2503 628 2835 680 ornamentis
2867 629 3172 686 decoretur.
3211 631 3386 690 Calcei
3417 641 3629 696 securi-

2051 718 2216 763 tatem
2248 711 2510 779 indicant,
2536 725 2591 770 ut
2618 719 2819 786 peccati
2851 719 3036 790 spinas
3062 723 3190 779 sine
3237 728 3435 784 damno
3488 746 3630 800 prte-

2049 809 2343 870 tereamus,
2374 806 2752 879 calcemusque
2783 828 2941 881 super
2989 826 3255 886 serpentes
3288 830 3351 874 et
3382 826 3627 894 scorpio-

2048 913 2159 964 nes,
2212 906 2262 952 et
2306 914 2463 968 super
2495 918 2704 955 omnem
2738 904 2951 959 inimici
2977 918 3291 977 potestatem
3331 905 3619 967 "illam.

2046 990 2129 1045 lus
2161 989 2367 1045 ﬁrmam
2403 993 2544 1047 illam
2569 1002 2624 1049 et
2647 995 2876 1051 solidam
2896 999 2948 1052 in
2978 1016 3135 1056 rrucc
3167 1003 3417 1059 ﬁduciam
3443 1009 3626 1060 auium

2048 1095 2419 1153 repraesentat,
2444 1090 2599 1157 cujus
2628 1091 2881 1158 praesidio
2905 1108 3021 1161 eos,
3064 1095 3154 1165 qui
3199 1112 3297 1151 nos
3343 1101 3622 1166 allatrant,

2043 1176 2311 1247 abigitnus
2333 1187 2387 1233 et
2411 1180 2746 1247 ulciscimur,
2765 1184 3084 1253 laboresque
3115 1191 3312 1245 mentis
3347 1192 3625 1252 i‘ulritnus.

2040 1268 2108 1323 At
2133 1269 2276 1337 quod
2316 1271 2511 1326 stando
2538 1282 2592 1326 et
2634 1273 2943 1330 festinando
2976 1294 3147 1349 agnus
3187 1285 3511 1353 comedltur,
3548 1288 3625 1342 nii

2041 1362 2189 1416 aliud
2222 1362 2419 1427 innuit,
2443 1379 2604 1435 quam
2631 1377 2780 1423 utne
2802 1370 2976 1437 segni,
3026 1376 3278 1442 remisso,
3319 1380 3530 1448 altjecto
3569 1392 3623 1435 et

2040 1454 2298 1525 depresso
2336 1460 2508 1514 simus
2536 1461 2744 1536 animo,
2783 1466 2877 1531 scd
2906 1475 3108 1532 erecto,
3141 1470 3358 1524 excelso
3376 1481 3428 1526 et
3470 1476 3623 1528 exci-

2041 1551 2177 1611 tato,
2203 1557 2259 1599 nt
2280 1547 2358 1601 sic
2386 1562 2687 1614 curramus,
2725 1567 2832 1620 quo
2854 1552 2957 1607 alia
2985 1556 3201 1623 quidem
3231 1557 3489 1630 effugere,
3514 1563 3619 1615 alia

2040 1651 2168 1692 vero
2214 1641 2474 1710 consequi
2511 1642 2799 1698 valeamus.
2835 1645 3000 1712 Cujus
3036 1648 3113 1702 rei
3151 1651 3288 1703 ratio
3309 1653 3619 1709 manifesta.

2039 1728 2243 1785 Pascha
2269 1732 2412 1786 enim
2442 1732 2651 1789 Domini
2676 1744 2778 1800 est,
2807 1747 2862 1792 et
2882 1741 3180 1808 prmtcritio
3213 1748 3473 1799 vastantis
3494 1764 3619 1814 sup-

2039 1823 2204 1891 plicii,
2243 1837 2294 1878 et
2325 1828 2574 1881 transitio
2601 1844 2629 1881 a
2658 1836 2798 1883 terra
2826 1831 2878 1884 in
2906 1833 3101 1887 coelum
3128 1851 3141 1898 ;
3164 1836 3231 1889 ad
3252 1847 3449 1890 inciam
3470 1843 3614 1893 enim

2034 1918 2310 1972 cmlestetn
2347 1920 2619 1974 destinato
2647 1924 2939 1985 tendimus,
2976 1926 3040 1980 ad
3071 1926 3318 1981 bravium
3367 1946 3617 2000 supernae

2033 2011 2354 2064 vocationis.
2394 2010 2911 2082 Oportetprol‘ccto,
2940 2027 3001 2072 ut
3041 2034 3233 2075 omnes
3256 2033 3482 2083 stemus.
3532 2042 3615 2079 re-

2031 2100 2239 2170 busque
2261 2105 2610 2158 terrestribus
2652 2108 2995 2163 snblimiores
3043 2109 3251 2165 Pascha
3297 2129 3419 2168 cum
3468 2118 3618 2172 festi-

2032 2195 2256 2247 natione
2294 2197 2663 2254 comedamus.
2713 2198 2982 2254 Caeterum
3037 2204 3244 2275 σπουδὴ
3300 2217 3524 2263 vocatur
3582 2226 3609 2264 a

2031 2284 2365 2353 philosophis
2398 2288 2593 2352 virtus,
2637 2289 2957 2358 virtutisque
3026 2295 3257 2350 studiosi
3307 2299 3608 2355 σπουδαῖοι.

2035 2376 2159 2430 Vult
2202 2390 2379 2433 autem
2418 2380 2717 2448 spiritualis
2739 2383 2839 2436 ista
2880 2383 3204 2453 legislatoris
3232 2388 3518 2459 dispositio
3559 2402 3614 2446 ct

2029 2469 2328 2532 ordinatio,
2373 2474 2608 2526 maxime
2661 2474 2936 2542 probatus,
2993 2477 3317 2548 virtutisque
3364 2493 3613 2537 amantes

2029 2578 2149 2617 esse
2185 2578 2374 2617 omnes
2405 2564 2524 2619 illos
2547 2565 2639 2633 qui
2673 2568 3049 2623 manducaturi
3083 2578 3209 2625 sunt
3248 2586 3430 2627 verum
3467 2575 3610 2628 istud

2030 2647 2231 2715 paSrha
2268 2659 2431 2718 utque
2474 2650 2725 2702 virtutem
2758 2651 2993 2708 habeant
3017 2656 3220 2709 sociam
3254 2657 3397 2721 vitae,
3432 2667 3484 2711 et
3508 2660 3608 2713 sub

2030 2741 2231 2794 exitum
2281 2743 2557 2797 comitem.
2610 2742 2734 2798 limo
2788 2746 2934 2798 enim
2989 2747 3104 2801 sola
3174 2734 3271 2802 nos
3328 2748 3614 2803 Dntninica

2034 2848 2218 2887 mensa
2259 2833 2448 2901 dignos
2486 2834 2668 2897 ciiicit,
2700 2846 2754 2890 et
2776 2837 2842 2892 ad
2876 2838 3101 2893 alterunt
3141 2843 3302 2894 vitam
3324 2841 3613 2897 nobiseum

2032 2923 2251 2993 migrat.
2293 2924 2430 2991 Quid
2474 2928 2747 2997 amplius?

429 3196 853 3268 Ἐλευθεροῦται
880 3198 970 3254 διά
996 3202 1170 3256 ταῦτα
1197 3206 1226 3258 6
1266 3206 1505 3277 Ἰσραὴλ,
1534 3211 1631 3263 καὶ
1661 3213 1915 3269 διώκεται

2097 3213 2382 3270 Liberalur
2425 3229 2521 3285 per
2566 3214 2679 3271 haec
2716 3216 2899 3286 israel,
2945 3234 3104 3288 quem
3155 3218 3359 3281 aemuli,
3402 3218 3605 3274 invidia

343 3289 522 3343 πάλιν
543 3288 908 3359 φθονούμενος
946 3292 1035 3346 διὰ
1072 3296 1172 3365 τὴν
1199 3296 1540 3368 ἐλευθερίαν,
1577 3302 1671 3355 καὶ
1700 3303 1919 3371 δοξάζε-

335 3399 442 3434 ται
475 3381 609 3445 Θεὸς
627 3382 682 3434 ὲν
703 3382 923 3454 Φαραὼ,
947 3387 1045 3441 καὶ
1086 3387 1500 3459 θαυματουργετ
1526 3392 1614 3447 διὰ
1657 3398 1756 3466 τῆς
1786 3398 1921 3467 ράσ.

334 3472 441 3526 660
472 3472 502 3522 6
541 3473 775 3544 Μωῦσῆς
825 3476 1062 3544 σταυρὸν
1127 3481 1503 3550 σχηματίζων,
1553 3486 1648 3538 καὶ
1700 3488 1920 3558 τέμνων

336 3565 650 3628 Θάλασσαν,
680 3566 779 3623 καὶ
797 3567 1131 3634 διαϐιὸάξων
1164 3571 1292 3637 τοὺς
1333 3575 1570 3640 οἰκείους
1616 3580 1713 3633 καὶ
1750 3597 1920 3635 κατα-

334 3657 616 3724 ποντίζων
640 3659 764 3725 τοὺς
814 3660 1147 3733 ἀλλοτρίους.
1200 3664 1482 3723 Ἐντεῦθεν
1525 3670 1555 3723 6
1602 3672 1793 3738 στύλος
1821 3675 1921 3746 τῆς

333 3749 576 3819 νεφέλης
608 3750 843 3820 ἡμέρας,
870 3756 966 3809 καὶ
1001 3754 1031 3807 6
1072 3753 1261 3821 στύλος
1305 3757 1400 3812 τοῦ
1448 3765 1621 3833 πυρὸς
1646 3766 1704 3817 ὲν
1738 3767 1916 3832 νυκτὶ,

333 3840 431 3892 ἵνα
468 3839 546 3912 μὴ
587 3840 752 3906 μόνον
803 3841 1052 3897 θάλασσα
1103 3845 1198 3898 καὶ
1250 3849 1283 3918 ή
1342 3849 1437 3902 τοῦ
1496 3850 1685 3916 ὓδατος
1732 3855 1915 3922 φύσις,

334 3933 481 3987 ἀλλὰ
510 3936 608 3990 καὶ
637 3934 748 4006 πῦρ
776 3939 871 3990 καὶ
916 3937 1047 4007 ἀὴρ,
1073 3937 1175 4009 τὴν
1198 3938 1286 3993 διὰ
1312 3942 1406 3995 τοῦ
1432 3946 1729 4015 τριμεροῦς
1759 3964 1921 4002 σταυ-

334 4028 441 4099 ροῦ
494 4029 781 4100 σωτηρίαν
862 4033 966 4085 κάν
1020 4036 1141 4098 ταῖς
1187 4038 1366 4100 σκιαῖς
1423 4038 1771 4117 ὕπουργήσῃ.
1822 4047 1920 4099 καὶ

334 4121 685 4194 προτυπωσῃ
740 4124 804 4176 τὸ
845 4122 1153 4197 βάπτισμα,
1206 4128 1304 4183 καὶ
1345 4131 1438 4185 τοῦ
1489 4134 1810 4205 Πνεύματος
1851 4141 1920 4194 τὰ

332 4209 680 4289 χαρίσματα.
743 4220 1025 4292 Τριμερὴς
1065 4223 1176 4295 γὰρ
1221 4227 1251 4280 6
1310 4228 1565 4299 σταυρὸς,
1609 4232 1709 4302 τῆς
1758 4233 1921 4301 ἁγίας

334 4314 574 4385 Τριάδος
600 4314 890 4384 ἐμφαίνων
933 4315 1034 4385 τὴν
1061 4316 1317 4390 δύναμιν,
1365 4321 1459 4374 καὶ
1487 4321 1646 4377 τοῦτο
1691 4326 1921 4391 Ἡσαΐας

335 4407 545 4461 ἄνωθεν
585 4407 978 4478 προφητεύων,
1007 4408 1256 4474 δοξάσειν
1296 4411 1452 4481 ἔλεγε
1502 4416 1596 4468 τὸν
1634 4415 1769 4470 Θεὸν
1812 4420 1924 4473 τὸν

334 4504 531 4556 τόπον
554 4501 669 4555 m-
710 4501 868 4556 ἴδιον
904 4501 975 4555 ἐν
1001 4504 1196 4572 πεύκη
1237 4505 1338 4560 καί
1372 4507 1564 4575 κέδρῳ
1591 4511 1687 4563 καὶ
1724 4527 1919 4565 κυπα-

334 4595 556 4661 ρίσσφ.
584 4594 747 4649 Οὕτω
773 4594 884 4667 γάρ
911 4595 1150 4666 ἐμέλησε
1183 4600 1297 4661 τοῖς
1329 4602 1640 4672 προφήταις
1672 4606 1917 4674 περὶτοῦ

335 4688 476 4746 κατὰ
509 4686 607 4740 τὸν
650 4688 890 4757 σταυρὸν
939 4689 1267 4760 μυστηρίου,
1310 4691 1387 4755 ὡς
1427 4696 1524 4747 καὶ
1551 4695 1692 4749 αὐτὰ
1726 4713 1918 4768 προει-

336 4782 471 4834 πεῖν·
495 4783 567 4837 τά
607 4780 768 4847 ξύλα,
804 4781 865 4846 ἐξ
896 4778 974 4836 ὧν
1001 4785 1030 4836 6
1061 4785 1295 4855 σταυρὸς
1349 4787 1733 4858 συνετελέσθη.
1780 4793 1920 4845 Ἀλλ’

335 4872 573 4926 ἐνταῦθα
602 4872 848 4943 γεγονὼς
878 4876 907 4926 6
933 4874 1116 4944 λόγος,
1142 4880 1241 4933 καὶ
1265 4880 1363 4931 τοῦ
1393 4880 1537 4934 κατὰ
1561 4881 1662 4952 τὴν
1692 4884 1918 4956 Μεῤῥὰν

336 4962 714 5034 μνησθήσεται
769 4963 1074 5033 θαύματος.
1129 4965 1286 5039 Ξύλῳ
1336 4969 1446 5039 γὰρ
1492 4973 1587 5023 καὶ
1634 4971 1774 5040 αὕτη
1820 4975 1920 5043 τὴν

333 5055 567 5126 πικρίαν
588 5056 863 5110 ἀποπτύει
886 5059 984 5110 καὶ
1003 5058 1343 5125 ἀποτίθεται,
1378 5061 1473 5114 καὶ
1499 5063 1601 5131 τὴν
1621 5062 1718 5117 τοῦ
1750 5082 1916 5118 atau-

332 5145 432 5217 ροῦ
465 5145 873 5217 προδιατράφει
914 5148 1164 5219 δύναμιν,
1203 5149 1327 5220 ἥτις
1371 5155 1467 5207 καὶ
1497 5154 1556 5207 τὸ
1590 5155 1788 5224 πικρὸν
1818 5156 1914 5210 τοῦ

331 5239 604 5293 κολαστοῦ
646 5240 815 5310 νόμου
867 5241 1166 5308 μετέὸαλεν
1210 5244 1291 5307 είς
1319 5244 1560 5316 ήδύτητα
1608 5248 1911 5318 χρηστότηυ

331 5350 442 5397 τος,
476 5332 581 5386 οὐκ
627 5332 1027 5402 ἀπαραιτήτως
1078 5333 1243 5399 εὐθὺς
1289 5337 1725 5409 ὑπεξερχομένη,
1776 5339 1912 5394 ἀλλὰ

2025 3306 2306 3372 concitati,
2335 3320 2529 3361 rursus
2551 3307 2912 3375 insequuntur
2934 3308 3002 3363 ob
3020 3308 3346 3376 libertatem,
3367 3319 3605 3363 attamen

2028 3414 2134 3454 non
2172 3400 2292 3455 sine
2330 3397 2425 3454 Dei
2461 3400 2655 3468 gloria,
2685 3414 2751 3453 ex
2793 3398 3073 3454 Pharaone
3114 3401 3302 3464 relata,
3344 3400 3603 3454 miracula

2024 3492 2137 3548 edit
2162 3506 2259 3561 per
2302 3491 2504 3562 virgam
2539 3490 2775 3562 Moyses,
2805 3506 3024 3546 crucem
3058 3495 3433 3562 prmtigurans,
3478 3492 3604 3545 dum

2024 3596 2175 3635 mare
2202 3581 2413 3645 dividit,
2449 3596 2683 3651 suosque
2702 3579 2935 3650 trajecit,
2953 3582 3364 3636 etadvcrsatios
3391 3580 3607 3634 demer-

2024 3673 2119 3742 git.
2155 3671 2289 3726 Hinc
2312 3674 2560 3741 sequitur
2588 3672 2841 3728 columna
2872 3674 3030 3728 nubis
3065 3672 3321 3737 interdiu,
3360 3685 3412 3728 ct
3448 3668 3604 3742 ignzs

2025 3773 2209 3831 noctu,
2254 3773 2314 3819 ut
2358 3780 2463 3820 non
2495 3766 2669 3820 solum
2702 3781 2871 3830 mare,
2898 3775 2953 3820 et
2982 3780 3137 3835 aqua:
3170 3775 3384 3833 natura,
3433 3772 3525 3824 sed
3552 3783 3605 3824 et

2027 3856 2168 3927 ignis
2202 3867 2257 3910 ct
2276 3871 2371 3911 aer
2397 3857 2625 3912 salutem
2668 3871 2764 3927 per
2803 3859 3129 3926 tripertitam
3183 3875 3398 3914 crucem
3448 3865 3604 3915 nolris

2023 3948 2377 4001 obventuram
2404 3946 2802 4011 subministrat,
2830 3947 3263 4017 baptismumque
3295 3957 3348 4003 et
3380 3954 3605 4019 spiritus

2023 4039 2351 4093 charismata
2377 4038 2776 4109 praasigniﬁcet.
2814 4039 2963 4093 Crux
3003 4041 3146 4093 enim
3191 4041 3459 4108 tripartita
3495 4044 3601 4097 vim

2023 4142 2385 4189 sacrosanctae
2404 4130 2685 4186 Trinitatis
2709 4133 2966 4187 insinuat.
2985 4131 3136 4197 Quod
3156 4131 3265 4198 jam
3287 4134 3413 4185 olim
3439 4135 3603 4189 isaias

2020 4226 2322 4281 vaticinans
2394 4219 2612 4279 aiebat:
2693 4223 2862 4277 Deum
2926 4224 3354 4293 gloriﬁcaturum
3432 4226 3602 4280 loru-u

2021 4321 2293 4388 proprium
2325 4321 2376 4372 iu
2418 4320 2542 4388 pinu
2567 4328 2612 4371 ει
2649 4318 2822 4382 cedro,
2844 4325 2894 4370 et
2925 4333 3169 4379 cupresso
3195 4317 3259 4371 δ’.
3293 4318 3438 4371 Adeo
3454 4322 3599 4372 enim

2024 4412 2303 4481 pmphetis
2356 4412 2669 4484 mysterium
2702 4410 2879 4464 crucis
2928 4424 3072 4464 Cura“:
3104 4408 3224 4471 fuit,
3269 4418 3327 4463 ut
3382 4420 3436 4464 ei
3487 4412 3602 4479 ipsa

2026 4506 2166 4573 ligna
2199 4503 2567 4572 praedixerinl,
2594 4519 2659 4558 ex
2683 4502 2879 4570 quibus
2916 4517 3050 4557 crux
3087 4511 3462 4572 coagmentata
3483 4502 3598 4557 fuit.
3655 4555 3658 4559 ,

2024 4598 2190 4653 Porro
2213 4611 2331 4649 cum
2354 4596 2457 4649 huc
2486 4595 2663 4649 oratio
2691 4596 3039 4663 processerit,
3066 4604 3261 4664 parest
3284 4604 3406 4648 utct
3433 4594 3600 4647 mira-

2025 4690 2132 4745 coli
2156 4693 2220 4743 ad
2254 4687 2715 4742 Marthaz-foutem
2742 4690 2957 4754 patrati,
3005 4687 3357 4752 meminerit;
3392 4702 3517 4739 nam
3548 4698 3603 4740 et

2021 4785 2133 4852 ipse
2172 4781 2294 4849 ligni
2320 4780 2579 4834 beneﬁcio
2607 4779 2856 4833 amaritie
2892 4777 3099 4847 abjrcta
3120 4778 3455 4846 etdcposita,
3480 4793 3603 4831 cru-

2023 4876 2101 4929 cis
2123 4871 2419 4942 potentiam
2453 4871 2748 4940 portendit,
2798 4886 2920 4940 qua:
2973 4881 3026 4923 et
3066 4866 3413 4937 asperitatem
3451 4869 3598 4924 illam

2022 4978 2308 5034 poenarum
2344 4962 2398 5017 in
2437 4962 2553 5033 iege
2586 4963 2950 5023 decretorum,
2979 4962 3335 5013 commutavit
3370 4960 3423 5013 in
3448 4960 3603 5015 beni-

2023 5057 2245 5125 guitatis
2269 5056 2643 5121 dulcedinem;
2681 5069 2852 5123 neque
2898 5052 3007 5120 jam
3042 5051 3113 5105 ita
3146 5060 3456 5119 comparata
3491 5063 3597 5116 est,

2024 5159 2081 5202 ut
2111 5148 2271 5204 nullis
2308 5149 2567 5220 precibus
2589 5150 2803 5203 exorari
2843 5154 3024 5215 queat,
3062 5145 3351 5214 quonniaus
3388 5147 3598 5214 puniat,

2023 5243 2117 5298 sed
2168 5243 2398 5298 maxima
2426 5243 2677 5312 :equitate
2714 5250 2768 5296 et
2809 5239 3219 5308 longanimitate
3274 5240 3597 5309 supplicium

2019 5337 2221 5401 diii'ert,
2265 5346 2323 5390 ut
2357 5352 2567 5391 morum
2607 5332 2932 5389 correctioni
2964 5333 3307 5387 occasionem
3343 5334 3596 5399 pra-beat,

336 5425 475 5494 μετὰ
506 5424 731 5494 noni};
744 5425 1135 5495 μακροθυμίας
1173 5428 1275 5499 τὴν
1315 5432 1587 5500 τιμωρίαν
1620 5430 1911 5501 ὑπερτιθε-

2030 5440 2179 5499 itque.
2216 5429 2405 5486 falsum
2439 5430 2569 5484 illud
2601 5437 2655 5482 et
2677 5428 2946 5497 adpotum
2978 5426 3218 5494 ineptum
3259 5426 3594 5479 etlmicorum

338 5517 498 5585 μένη,
527 5516 599 5570 ἶν’
623 5516 888 5590 ἐπαγάγῃ
920 5519 1022 5587 τὴν
1050 5520 1362 5590 διόρθωσιν,
1399 5522 1491 5575 καὶ
1513 5523 1611 5594 τὴν
1635 5524 1908 5596 ἁλμυρὰν,

336 5609 430 5660 καὶ
448 5606 655 5661 ἄποτον
682 5607 797 5659 τῶν
839 5609 1011 5662 ἐθνῶν
1040 5610 1313 5679 ὲγλύκανε
1347 5612 1645 5678 θάλασσαν,
1683 5617 1742 5681 ἐξ
1774 5620 1907 5671 6m-

343 5700 493 5762 στίας
522 5699 724 5762 αὐτοὺς
755 5701 836 5763 είς
882 5701 1065 5754 πίστιν
1109 5705 1509 5778 μετατιθεμένη
1546 5707 1632 5762 δια
1669 5712 1766 5780 τῆς
1805 5712 1905 5781 χά-

418 5876 492 5905 δι*
535 5873 664 5929 Luc.
706 5891 761 5939 χ,
799 5876 878 5931 i9.
960 5877 1001 5909 τ’
1036 5874 1140 5932 Isti.
1179 5893 1266 5943 i..\,
1300 5880 1380 5937 ιδ.

2015 5539 2163 5577 mare
2222 5523 2378 5579 dulce
2416 5524 2627 5585 reddat,
2679 5520 2954 5573 translatis
2993 5520 3098 5575 illis
3132 5536 3227 5586 per
3267 5519 3494 5586 gratiam
3528 5529 3594 5568 ex

2014 5616 2331 5669 inﬁdelitate
2371 5615 2434 5667 ad
2470 5614 2652 5669 iidem.
2690 5612 2796 5666 Nec
2825 5613 3001 5666 minus
3045 5613 3274 5673 latiores,
3301 5621 3396 5674 pro
3426 5605 3595 5659 virtu-

2014 5710 2155 5765 tibus
2178 5707 2526 5778 acquirendis
2556 5715 2862 5777 susceptos,
2886 5712 3069 5776 gratos
3091 5712 3143 5757 et
3175 5699 3446 5769 iucundos
3465 5698 3595 5756 elle-
