4156 6304
609 355 721 421 215

1747 358 2073 420 MACARII
2112 357 2746 419 CHRYSOCEPHALI
2776 358 2779 365 ’

3760 356 3880 424 216

611 471 905 536 servitute,
938 478 992 524 et
1022 471 1364 542 conjungens
1396 479 1693 541 utrumque
1722 472 2003 553 populum,
2034 470 2182 540 quasi

2302 467 2405 537 μὲν
2455 467 2549 522 τὸν
2623 468 2844 541 Ἰσραὴλ
2901 467 2998 522 τοῦ
3057 462 3474 534 ἀποκτείνοντος
3521 469 3883 541 γράμματος,

611 564 751 631 lapis
774 561 1075 634 angularia,
1111 562 1165 617 in
1196 579 1363 617 unum
1404 578 1603 618 novum
1640 563 1935 624 hominem,
2000 561 2184 616 Eccle-

611 655 857 723 siamque
886 655 1094 723 angelis
1146 657 1468 710 consocians
1501 656 1551 710 iu
1606 671 1767 710 uuam
1801 654 1925 709 fidei
1955 668 2183 709 concor-

608 747 778 814 diam,
811 748 866 802 in
898 763 1059 802 unam
1088 749 1263 804 laudis
1306 749 1504 804 divinae
1564 748 1911 804 concinendtc
1943 746 2185 801 modula-

612 840 840 905 tionem,
875 841 965 908 qui
1007 849 1059 895 et
1086 840 1235 909 prius
1257 840 1308 894 id
1337 841 1485 909 quod
1534 840 1745 895 caeteris
1784 838 2035 894 omnibus
2071 854 2181 892 ma-

603 931 696 998 jus
725 939 829 994 cst,
865 938 1120 998 operatus
1158 931 1371 985 ‘unione
1400 929 1736 1000 hypostatica
1777 930 1915 985 duas
1959 938 2186 983 naturas

609 1021 728 1074 sine
759 1018 1077 1076 confusione
1108 1021 1210 1077 sibi
1246 1021 1359 1090 ipse
1395 1012 1607 1089 Iunxit;
1647 1021 1987 1077 divinitatem
2038 1021 2183 1088 dico;

610 1119 664 1165 ct
701 1113 1114 1167 humanitatem.

687 1290 893 1345 Interea
943 1290 1145 1346 bellum
1183 1290 1346 1345 Israel
1383 1290 1612 1360 suscipit
1644 1291 1905 1346 adversus
1938 1291 2183 1354 Amalec,

608 1383 701 1437 Dci
728 1385 925 1451 popqu
961 1384 1013 1436 in
1051 1398 1304 1452 campum
1366 1397 1676 1452 progresso.
1705 1382 1805 1438 Ubi
1845 1383 2050 1455 Moyses
2071 1386 2184 1452 jam

605 1476 740 1529 olim
793 1475 936 1541 passi
995 1488 1095 1542 pro
1119 1474 1275 1530 nobis
1341 1473 1567 1543 gloriam
1633 1473 1999 1538 adumbravit,
2060 1488 2188 1529 cru-

606 1582 840 1635 cumquo
892 1567 1142 1621 manibus
1165 1568 1430 1632 extensis,
1462 1566 1792 1622 eﬁormavit.
1823 1568 1892 1622 At
1922 1567 2080 1622 Jesus
2107 1576 2187 1637 ty-

609 1678 733 1729 pum
771 1662 953 1719 ferens
983 1660 1154 1715 nostri
1184 1658 1308 1716 Jesu
1343 1658 1436 1715 Dei
1462 1670 1516 1715 et
1548 1660 1804 1725 hominis,
1825 1659 2186 1730 alienigenam

605 1752 906 1821 proﬂigavit
943 1792 958 1816 ,
985 1761 1039 1806 et
1072 1749 1448 1806 omnes'filios
1480 1751 1597 1819 ejus
1622 1750 1676 1806 in
1724 1749 1998 1806 occisione
2026 1750 2186 1821 gladii

607 1844 921 1912 trucidavit,
956 1857 1184 1912 eamque
1218 1882 1234 1904 ,
1266 1857 1424 1913 quam
1457 1842 1641 1897 ﬁdeles
1681 1857 1778 1912 per
1805 1856 2023 1897 crucem
2048 1841 2189 1897 obti-

607 1946 738 1995 nent
773 1938 1056 1992 victoriam
1095 1976 1110 1999 ,
1142 1936 1436 2008 symbolice
1479 1935 1866 2006 praefiguravit.
1895 1933 2009 1990 Nisi
2041 1933 2184 1990 enim

600 2031 711 2097 jam
745 2044 960 2098 quoque
990 2007 1253 2083 Dominus
1305 2029 1568 2084 adversus
1599 2044 1722 2083 eum
1778 2027 2021 2093 Amalec,
2089 2027 2184 2094 qui

503 2180 529 2187 ,
605 2122 707 2179 sub
739 2122 1154 2192 intelligentiam
1207 2122 1376 2183 cadit,
1439 2138 1471 2176 a
1511 2120 1846 2191 generatione
1877 2120 1931 2172 in
1967 2134 2184 2189 genera-

603 2218 818 2281 tionem,
877 2225 936 2269 ut
990 2196 1269 2283 Scriptura
1322 2211 2183 2284 loquitur,pugnaret,nobisque

605 2309 799 2365 fiducia
855 2321 909 2364 et
977 2317 1252 2363 armatura
1298 2308 1479 2363 crucis
1513 2306 1909 2371 corroboratis,
1937 2319 2094 2374 opem
2128 2313 2181 2359 et

601 2400 879 2470 suppetias
931 2400 1173 2469 quotidie
1225 2399 1638 2463 ferret,l'rustra
1682 2395 2183 2460 laboraremus,do-

605 2509 724 2547 unus
784 2493 1046 2545 virtutum
1082 2489 1351 2545 aedificare
1387 2488 1639 2559 ingrcssi;
1666 2486 1869 2543 frustra
1892 2488 2055 2540 etiam
2088 2486 2169 2538 vi-

602 2584 919 2652 gilaremns,
990 2584 1178 2635 urbem
1207 2580 1432 2649 justitise
1457 2578 1757 2635 Jerusalem
1787 2580 2175 2644 custodientes,

601 2686 657 2728 et
692 2672 757 2728 ad
788 2687 1081 2742 supernam
1120 2672 1461 2741 metropolim
1495 2679 1868 2741 properantes.

674 2850 924 2907 Postbtec
976 2850 1351 2919 speculatores
1404 2859 1458 2903 et
1517 2852 1943 2916 exploratoresa
1991 2847 2176 2918 Moyse

605 2945 897 2998 mittuntur
930 2982 946 3007 ,
975 2942 1169 3010 quibus
1200 2941 1254 2995 in
1313 2941 1579 2997 mandatis
1602 2941 1763 2996 datur
1802 2949 1861 2995 ut
1895 2941 2177 3009 promissae

604 3035 803 3104 popqu
849 3033 1089 3100 regionis
1125 3041 1447 3104 argumenta
1508 3032 1767 3098 afferant,
1795 3033 1848 3086 in
1883 3033 2176 3087 conﬁrma-

603 3128 803 3180 tionem
861 3125 982 3195 ejus
1037 3123 1204 3192 capia:
1229 3139 1387 3191 quam
1442 3125 1709 3192 recepturi
1751 3121 2023 3179 erant.Ut
2048 3136 2176 3177 vero
2205 3147 2247 3206 ο

603 3218 976 3285 reddiderunt,
1004 3217 1180 3273 studia
1219 3217 1271 3271 in
1303 3217 1575 3271 contraria
1612 3217 1810 3274 animis
1846 3216 2004 3272 divisi
2028 3227 2177 3279 sunt;

601 3322 655 3365 ct
685 3310 774 3364 alii
833 3312 1049 3380 quidem
1079 3325 1141 3363 cx
1206 3308 1554 3379 improbitate
1588 3319 1643 3363 et
1701 3308 1907 3363 malitia
1947 3348 1963 3373 ,
1993 3308 2185 3362 tristis-

602 3403 741 3457 sima
776 3417 999 3473 quaeque
1024 3411 1074 3457 et
1101 3401 1289 3456 ﬁctilia
1346 3400 1655 3455 referebant
1678 3417 1693 3455 :
1715 3400 1910 3470 quibus
1930 3414 2050 3454 cum
2075 3413 2186 3454 ma-

605 3510 709 3565 gna
771 3495 950 3565 populi
1010 3493 1300 3548 multitudo
1325 3507 1486 3548 aures
1538 3493 1825 3563 praeberet,
1868 3490 2085 3564 Moysen
2115 3491 2180 3546 ad

602 3587 739 3638 iram
801 3585 1213 3639 concitaverunt
1245 3604 1259 3648 ;
1288 3582 1732 3653 ducemquegqui
1791 3597 1885 3637 eos
1917 3582 1972 3635 in
2014 3579 2183 3653 Egy-

603 3686 753 3741 ptum
818 3676 1143 3735 reduceret,
1173 3674 1524 3742 quaesierunt.
1560 3671 1720 3729 Jesus
1742 3682 1921 3728 autem
1956 3673 2179 3729 meliora

599 3779 656 3821 et
686 3765 894 3819 veriora
928 3764 1230 3829 nuntiabat,
1269 3763 1648 3832 sublatumque
1677 3779 1744 3819 ex
1778 3764 2061 3819 Palaestina
2087 3765 2183 3819 bo-

599 3867 771 3922 trum,
803 3867 857 3912 et
881 3872 945 3912 ex
999 3866 1154 3911 recte
1183 3870 1507 3926 suspensum
1538 3856 1739 3923 attulit,
1772 3863 2026 3924 tanquam
2057 3871 2180 3925 spe-

601 3951 777 4004 rimeu
837 3949 1110 4018 quoddam
1135 3946 1252 4018 ejus
1279 3948 1569 4012 ubertatis,
1596 3963 1699 4017 qua
1732 3955 1877 4003 terra
1910 3950 2178 4017 promissa

600 4040 855 4108 pollebat.
907 4046 973 4095 At
1015 4050 1068 4095 tu
1109 4080 1125 4105 ,
1150 4056 1271 4097 cum
1298 4055 1486 4097 rursus
1505 4038 1691 4096 Jcsum
1722 4039 1899 4106 audis,
1937 4040 1988 4092 in
2018 4055 2171 4095 men-

602 4145 707 4186 Ictu
767 4149 958 4188 revoca
1014 4149 1205 4189 verum
1262 4132 1429 4188 Deum
1493 4144 1548 4189 et
1598 4131 1937 4187 Salvatorem
1965 4130 2174 4196 Jesum,

605 4225 789 4291 magni
820 4226 1034 4280 consilii
1076 4226 1255 4280 Patris
1310 4225 1570 4291 Angelum
1606 4235 1661 4279 et
1695 4224 1834 4293 ejus,
1867 4238 1987 4291 quae
2021 4224 2178 4278 nobis

602 4318 871 4383 prmitissa
929 4325 1034 4381 est,
1072 4315 1426 4370 beatitudinis
1465 4316 1765 4377 doctorem,
1799 4325 1851 4368 et
1885 4313 2032 4381 regni
2060 4329 2172 4369 coe-

596 4407 752 4465 lestis
795 4405 904 4475 jam
968 4405 1185 4473 quidem
1250 4403 1463 4469 superis
1493 4403 1545 4456 in
1576 4403 1689 4457 oris
1729 4412 2170 4470 praeparatorem,

2285 556 2593 631 ἐλευθερῶν
2617 559 2675 614 δὲ
2704 562 2800 615 καὶ
2828 561 2897 616 τὰ
2917 559 3047 631 ἔθνη
3080 561 3181 632 τῆς
3204 561 3315 615 τῶν
3341 560 3576 616 εἰδώλων
3600 561 3878 629 δουλείας,

2286 651 2379 703 καὶ
2409 649 2696 702 συνάπτων
2750 649 3094 719 ἀμφοτέρους
3158 651 3287 714 τοὺς
3336 650 3522 716 λαοὺς,
3574 652 3652 715 ὠς
3704 654 3881 721 λίθος

2284 740 2735 809 ἀκροτωνιαῖος,
2771 743 2851 805 εἰς
2877 741 2973 796 ενα
3003 744 3190 796 καινὸν
3210 742 3543 814 βνθρωπον,
3586 745 3685 799 καὶ
3738 763 3868 799 συν-

2288 831 2506 886 τάττων
2535 831 2794 902 ἀγγέλοις
2827 834 2927 904 τὴν
2994 834 3330 903 Ἐκκλησίαν
3354 835 3437 896 εἰς
3468 836 3599 905 μίαν
3630 836 3882 902 πίστεως

2288 923 2627 991 συμφωνίαν,
2653 929 2734 988 εἰς
2760 925 2889 995 μίαν
2908 925 3237 995 ὑμνολογίας
3266 925 3570 995 θεολογίαν,
3608 929 3668 990 ὃς
3691 945 3757 997 γε
3782 930 3882 981 καὶ

2290 1012 2397 1084 πρὸ
2427 1013 2621 1068 τούτου
2672 1015 2735 1067 τὸ
2779 1015 2967 1086 μεῖζον
3001 1016 3204 1081 παντὸς
3233 1018 3718 1087 κατεργασάμενος
3746 1019 3879 1072 καθ’

2286 1093 2484 1158 ἕνωσιν
2500 1105 2870 1176 ὑποστατικὴν
2891 1108 2992 1172 τάς
3006 1107 3101 1162 δύο
3122 1110 3323 1179 συνῆψε
3342 1110 3534 1179 φύσεις
3549 1111 3877 1183 ἀσυγχύτως

2288 1197 2345 1249 ἐν
2377 1196 2578 1268 ἐαυτῷ,
2606 1197 2838 1265 θεότητά
2862 1217 3006 1271 φημι
3041 1202 3135 1255 καὶ
3166 1203 3590 1273 ἀνθρωπότητα.

2360 1290 2600 1361 Πόλεμος
2628 1293 2720 1345 ἐπὶ.
2745 1291 2953 1357 τούτοις
2973 1294 3054 1365 τῷ
3084 1294 3306 1367 Ἰσραὴλ
3328 1295 3584 1359 ἐτελεῖτο,
3611 1297 3705 1349 καί
3734 1297 3878 1368 πρὸς
3962 1282 3975 1288 ’

2300 1376 2545 1449 ’Λμαλὴκ
2599 1380 2628 1432 ό
2688 1380 2825 1434 Θεοῦ
2891 1381 3019 1444 λαὸς
3080 1384 3480 1456 παρετάττετο.
3559 1385 3875 1439 Κάντεῦθεν

2288 1469 2496 1538 Μωσῆς
2540 1470 2641 1538 μὲν
2676 1471 2841 1525 πάλιν
2867 1472 2961 1526 τοῦ
3012 1475 3279 1539 παθόντος
3316 1476 3459 1547 ὑπὲρ
3491 1476 3648 1546 ἡμῶν
3682 1477 3874 1530 ἐσκια-

2290 1561 2491 1630 γράφει
2522 1562 2702 1630 δόξαν,
2744 1565 2838 1618 καὶ
2866 1566 3099 1636 σταυρὸν
3146 1568 3506 1638 ἐσχημάτιζε,
3535 1569 3634 1632 τὰς
3681 1572 3873 1639 χεῖρας

2288 1653 2571 1710 ἐκτείνων.
2618 1655 2827 1727 Ἰησοῦς
2853 1658 2909 1712 δέ
2949 1659 3119 1713 τύπον
3153 1661 3334 1731 φέρων
3362 1661 3456 1715 τοῦ
3494 1661 3865 1734 θεανθρώπου,

2291 1744 2559 1815 ἐτρέψατο
2578 1746 2669 1800 τὸν
2698 1747 3023 1818 ἀλλόφυλον,
3057 1751 3154 1806 καὶ
3215 1753 3425 1817 πάντας
3481 1756 3609 1818 τοὺς
3671 1757 3869 1818 παῖδας

2290 1836 2457 1890 αὐτοῦ
2512 1839 2572 1892 ἐν
2628 1839 2774 1910 φόνῳ
2828 1840 3102 1913 μαχαίρας
3133 1842 3448 1911 ἀπέκτεινε,
3484 1844 3581 1899 καὶ
3630 1846 3731 1917 τῆς
3758 1847 3867 1900 τῶν

2287 1927 2500 1981 πιστῶν
2525 1927 2614 1982 διὰ
2646 1928 2884 2000 σταυροῦ
2916 1931 3073 2001 νίκης
3124 1931 3463 2004 ἐφανεροῦτο
3514 1935 3867 2005 συμϐολικῶς

2284 2018 2349 2072 τὸ
2375 2020 2657 2090 τρόπαιον.
2688 2020 2754 2075 Εἰ
2794 2023 2869 2092 μή
2904 2021 3012 2093 γὰρ
3041 2023 3136 2077 καὶ
3195 2022 3290 2078 νῦν
3336 2024 3594 2095 ἐπολέμει
3654 2027 3867 2096 Κύριος

2286 2110 2379 2163 ἐπὶ
2413 2109 2505 2164 τὸν
2544 2112 2733 2182 νοητὸν
2785 2112 3053 2182 Ἀμαλὴκ,
3084 2114 3206 2169 ἀπὸ
3239 2114 3453 2185 γενεᾶς
3496 2120 3587 2184 εἰς
3630 2118 3867 2188 γενεὰς,

2283 2201 2508 2256 κατὰτὸ
2556 2204 2966 2274 γεγραμμένον,
3002 2206 3129 2260 καθ’
3177 2208 3415 2278 ἑκάστην
3470 2209 3869 2279 ἀντιλαμϐανόο

2286 2308 2443 2359 μενος
2474 2294 2631 2363 ήμῶν
2655 2293 3058 2366 ἀνδριζομένων
3081 2299 3140 2352 ἐν
3193 2298 3517 2370 πεποιθήσει
3574 2302 3675 2355 καὶ
3726 2318 3863 2356 παν-

2282 2383 2473 2454 τευχίᾳ
2531 2386 2792 2456 σταυροῦ,
2847 2388 2929 2451 εἰς
2992 2388 3172 2459 μάτην
3232 2389 3334 2460 μὲν
3392 2392 3460 2447 ἀν
3515 2393 3861 2464 ἐκοπιῶμεν,

2282 2473 2468 2539 οῐκους
2491 2477 2703 2547 ἀρετῶν
2757 2480 3064 2551 οἰκοδομεῖν
3117 2483 3406 2553 ᾑρημένοι,
3443 2485 3525 2547 εἰς
3584 2485 3760 2554 μάτην
3807 2484 3867 2539 δὲ

2282 2567 2375 2621 καὶ
2422 2569 2838 2640 ἠγρυπνοῦμεν,
2897 2572 3057 2626 πόλιν
3105 2572 3452 2643 δικαιοσύνης
3506 2575 3867 2646 Ἰερουσαλὴμ

2281 2657 2663 2727 φυλάσσοντες,
2696 2660 2793 2714 καὶ
2816 2662 2954 2732 πρὸς
2984 2661 3083 2732 τὴν
3108 2662 3220 2716 ἄνω
3243 2665 3581 2735 μητρόπολιν
3602 2664 3865 2720 ἐπισπεύ-

2278 2746 2481 2811 δοντες.

2362 2841 2521 2912 Ἑξῆς
2555 2842 2687 2912 γοῦν
2727 2841 3065 2899 κατάσκοποι
3092 2845 3247 2916 παρὰ
3275 2846 3525 2908 Μωσέως
3554 2847 3864 2916 πέμπονται

2276 2931 2375 3001 τῆς
2401 2933 2880 3006 ἐπαγγελλομένης
2901 2935 2981 3006 τῷ
3029 2935 3142 3006 λαῷ
3198 2935 3402 3007 χώρας,
3458 2938 3555 2990 καὶ
3609 2937 3675 2991 σύ
3691 2938 3865 3007 μϐολα

2278 3022 2522 3093 νομίζειν
2573 3026 2784 3080 ἐκεῖθεν
2819 3026 3203 3082 ἐπιτάττονται
3235 3028 3346 3083 τῶν
3380 3030 3753 3098 ἐκδεξομένων
3783 3034 3863 3096 εἰς

2278 3113 2542 3166 πίστωσιν
2561 3115 2805 3182 ἀγαθῶν.
2858 3116 2946 3179 Ὠς
2978 3117 3036 3170 δὲ
3073 3119 3348 3188 ἐπανῆκον
3378 3106 3550 3183 οὗτοι,
3605 3122 3701 3174 καὶ
3767 3122 3866 3190 τῆς

2287 3206 2585 3269 κατοπτίας
2615 3206 2821 3261 ἐδίδουν
2858 3210 2987 3272 τοὺς
3013 3209 3226 3277 λόγους,
3286 3210 3656 3280 διεμερίζοντο
3717 3229 3867 3281 τηνι-

2284 3298 2462 3352 καῦτα
2482 3300 2601 3363 ταῖς
2640 3298 2888 3368 γνώμαις
2917 3316 2932 3331 ο
2961 3299 3058 3355 καὶ
3118 3302 3168 3355 οἰ
3227 3301 3328 3371 μέν
3387 3303 3570 3358 αὐτῶν
3624 3320 3864 3371 κακουρ-

2284 3392 2526 3461 γοῦντες,
2555 3392 2727 3461 ψευδῆ
2780 3394 2873 3445 καὶ
2904 3393 3210 3464 σκυθρωπά
3240 3394 3584 3465 διηγόρευον,
3636 3391 3721 3459 οἷς
3772 3397 3870 3450 καὶ

2283 3483 2644 3554 προσέχοντες
2682 3484 2741 3538 τὸ
2771 3483 2905 3538 πολὺ
2941 3484 3036 3539 τοῦ
3067 3483 3222 3551 λαοῦ,
3250 3485 3321 3538 δι’
3365 3485 3535 3555 ὀργῆς
3585 3485 3868 3541 ἐποιοῦντο

2281 3576 2373 3628 τὸν
2397 3571 2713 3644 νομοθέτην,
2737 3576 2831 3629 καὶ
2862 3574 2952 3629 τὸν
2975 3576 3081 3646 ήγη
3091 3576 3319 3642 σόμενον
3347 3575 3447 3645 τῆς
3473 3576 3564 3629 ἐπ’
3584 3576 3866 3646 Αἴγυπτον

2282 3666 2617 3737 ἐπιστροφῆς
2640 3667 2888 3738 ἐζήτουν.
2932 3666 3142 3738 Ἰησοῦς
3173 3668 3230 3722 δέ
3263 3668 3360 3739 τῆς
3394 3668 3631 3739 ἀληθοῦς
3684 3669 3868 3739 εἴχετο

2282 3758 2377 3812 καὶ
2452 3757 2762 3828 κρείττονος
2811 3756 3091 3827 ἀγγελίας,
3152 3759 3247 3813 καὶ
3300 3761 3446 3815 κατὰ
3496 3761 3867 3832 Παλαιστίνην

2282 3849 2532 3924 ἐξαίρων,
2561 3849 2757 3921 δεῖγμα
2784 3850 2883 3921 τῆς
2925 3854 3106 3906 ἐκεῖσε
3137 3852 3348 3922 τρυφῆς
3382 3855 3474 3908 τὸν
3519 3854 3615 3910 ἐπ’
3659 3854 3868 3923 ἀναφο-

2284 3944 2424 4015 ρέως
2449 3943 2810 4015 κομιζόμενον
2872 3943 3070 4015 βότρυν
3130 3946 3393 4001 ἐποιεῖτο.
3462 3945 3535 4000 Σὺ
3595 3946 3651 4000 δὲ
3700 3946 3865 4000 πάλιν

2293 4034 2502 4107 Ἰησοῦν
2555 4035 2795 4101 ἀκούων,
2846 4040 2957 4090 νόει
2991 4054 3082 4105 μοι
3111 4037 3203 4091 τὸν
3260 4037 3518 4103 ἀληθινὸν
3572 4036 3706 4091 Θεὸν
3766 4039 3866 4092 καὶ

2280 4128 2507 4198 Σωτῆρα
2546 4127 2775 4196 Ἰησοῦν,
2800 4145 2895 4182 τον
2918 4128 3018 4200 τῆς
3046 4129 3290 4201 μεγάλης
3313 4130 3508 4202 βουλῆς
3528 4132 3626 4185 τοῦ
3652 4132 3863 4201 [Ιατρὸς

2281 4218 2568 4286 Ἄγγελον,
2605 4221 2700 4273 καὶ
2767 4219 2867 4289 τῆς
2927 4221 2985 4275 ἐν
3016 4221 3371 4290 ἐπαγγελίαις
3456 4223 3864 4293 μακαριότητος

2277 4307 2566 4378 ἐξηγητὴν,
2593 4308 2685 4360 τὸν
2706 4308 2808 4377 τῆς
2839 4311 2896 4362 ἐν
2917 4311 2975 4362 οὗ
2986 4311 3132 4381 ρανῷ
3156 4311 3438 4380 βασιλείας
3484 4312 3579 4365 καὶ
3597 4314 3865 4382 ἐτοιμασυ

2276 4401 2374 4472 τὴν
2398 4402 2627 4467 ἀνωθεν,
2652 4404 2746 4455 καὶ
2765 4403 3096 4473 κληροδότην
3123 4404 3436 4477 ἐσύστερον,
3461 4406 3644 4469 τὸν⁸ὼς
3667 4407 3864 4477 βότρυν

598 4508 786 4569 postea
819 4512 952 4553 vero
980 4498 1142 4551 etiam
1181 4495 1517 4563 largitorem,
1545 4495 1637 4563 qui
1668 4508 1732 4548 ex
1757 4509 1920 4549 cruce
1944 4509 2173 4560 suspen-

2286 4491 2377 4545 ἐπὶ
2414 4494 2646 4563 σταυροῦ
2678 4494 3080 4564 κρεμασθέντα,
3115 4498 3210 4550 καὶ⁵
3251 4474 3336 4551 τὸ-
3359 4493 3501 4567 αἷμα
3563 4499 3643 4560 εἰς
3669 4474 3677 4477 ν
3699 4474 3864 4553 πόσιν

600 4605 696 4643 sus
767 4585 912 4641 velut
963 4588 1154 4642 botrus
1207 4584 1516 4652 dependet,
1588 4584 1789 4653 quique
1857 4588 2174 4656 sanguinem

2286 4581 2578 4645 ἀθανασίας
2636 4585 3073 4654 παρασχόμενον,
3128 4585 3202 4649 ὡς
3264 4586 3360 4640 καὶ
3415 4586 3618 4656 Μωσῆς
3693 4587 3862 4650 αὐτὸς
3938 4638 3943 4646 λ

599 4697 759 4736 suum
795 4681 846 4735 in
897 4676 1324 4735 immortalitatis
1375 4686 1559 4744 potum
1617 4677 1864 4746 praebuit:
1920 4678 2064 4746 quod
2123 4684 2179 4732 et

2286 4673 2345 4727 Bt‘
2378 4676 2700 4746 αἰνίγματος
2742 4679 2987 4748 εἰρηκεν,
3045 4679 3126 4732 ὅτι
3150 4673 3294 4748 αἷμα
3325 4677 3652 4749 σταφυλῆς
3674 4678 3863 4732 ἔπινον

599 4773 809 4845 Moyses
859 4772 1149 4843 aenigmate
1181 4771 1411 4840 quodam
1451 4778 1649 4823 tectum
1683 4753 2072 4838 pronuntiavit,
2095 4770 2180 4823 di-

2286 4762 2442 4833 οἴνον,
2477 4769 2541 4823 ἵν’
2564 4768 2707 4823 οὕτω
2737 4771 2796 4823 τὸ
2827 4772 3096 4842 σωτήριον
3123 4770 3489 4842 καταμηνύσῃ
3520 4771 3716 4837 πάθος,
3762 4772 3862 4825 καὶ

602 4879 734 4920 cens
766 4878 862 4920 eos
889 4863 1196 4936 sanguinem
1224 4877 1339 4917 uva:
1378 4860 1429 4892 '9
1451 4859 1676 4921 bibisse,
1716 4868 1774 4912 ut
1802 4860 1902 4913 hoc
1924 4858 2177 4927 loquendi

2286 4860 2378 4931 τὴν
2406 4860 2642 4932 σταυροῦ
2692 4862 3056 4933 εὐφροσύνην.
3125 4858 3253 4934 ’Ἆρ’
3308 4859 3405 4918 οὖν
3461 4864 3697 4935 σταυρὺν
3757 4866 3861 4932 μὲν

603 4958 764 5009 modo
814 4956 1102 5012 salutarem
1149 4953 1480 5023 passionem,
1531 4961 1586 5004 et
1613 4948 2168 5017 esaltationem,quae

2286 4953 2632 5022 προδιετύπου
2659 4954 2730 5009 τὰ
2761 4954 3039 5025 λεχθέντα,
3077 4955 3170 5009 καὶ
3228 4953 3373 5008 οὕτω
3430 4954 3665 5026 λαμπρά
3697 4972 3759 5009 τε
3788 4950 3861 5024 ἦν

601 5062 668 5101 ex
693 5062 854 5101 cruce
877 5048 1085 5103 exstitit
1119 5047 1461 5111 ,denotaret.
1524 5040 1660 5096 Num
1690 5042 1850 5111 igitur
1880 5042 2018 5105 haec,
2052 5056 2173 5109 quae

2286 5048 2369 5099 καὶ
2402 5045 2677 5117 θαύματος
2709 5048 2970 5117 γέμοντα,
3015 5048 3049 5117 ἠ
3098 5048 3274 5118 σκηνὴ
3318 5048 3397 5109 δὲ,
3428 5050 3521 5102 καὶ
3547 5048 3617 5102 τὰ
3638 5049 3697 5101 ὲν
3721 5048 3859 5117 αὐτῇ

604 5140 871 5192 bactchs
901 5138 1067 5204 dicta,
1092 5152 1306 5193 crucem
1341 5134 1854 5206 prmsigniflcarunt,
1885 5131 2171 5203 etquidem

2286 5136 2411 5205 iyta
2428 5137 2692 5202 τοιούτοις
2720 5141 2820 5194 οὐκ
2870 5139 2984 5211 ἔχει
3016 5157 3112 5194 του
3141 5141 3327 5212 τιμίου
3359 5140 3533 5195 τύπου
3569 5138 3861 5211 ωμῦόλοις

602 5244 711 5287 tam
736 5231 1014 5301 splendida
1065 5271 1079 5295 ,
1111 5242 1329 5302 tamque
1379 5231 1765 5286 miraculorum
1798 5227 1973 5296 plena,
1998 5228 2179 5282 taber-

2280 5228 2647 5298 σεμνύνεσθαι
2678 5246 2693 5293 ;

606 5325 862 5382 naculum
923 5334 1226 5391 autem,et
1289 5341 1407 5395 quae
1451 5326 1503 5381 in
1570 5339 1637 5379 eo
1696 5333 1902 5389 sancta,
1959 5323 2045 5379 bis
2105 5325 2431 5381 venerandis
2488 5326 2712 5396 pretiosi
2787 5327 2897 5399 typi
2988 5329 3246 5398 symbolis
3312 5329 3534 5384 minime
3593 5339 3856 5384 exornata

603 5423 629 5476 f
629 5422 741 5477 ueri
751 5420 832 5474 ut?

676 5510 959 5579 Quomodo
1009 5509 1227 5564 silentio
1288 5509 1559 5565 involvam
1592 5511 2045 5582 quanripartitum
2079 5524 2176 5579 po-

604 5611 787 5676 pulum
819 5644 831 5663 .
863 5604 1200 5659 tabernaculi
1252 5603 1563 5660 ministeriis
1612 5606 1963 5671 destinatum,
2003 5604 2180 5661 cruci-

673 5785 719 5817 ”
740 5787 899 5843 Deut.
927 5801 1097 5852 uati,
1143 5786 1223 5841 li.

2365 5510 2474 5563 Καὶ
2507 5508 2623 5570 πῶς
2657 5508 2723 5563 ἂν
2758 5506 3017 5578 παρέλθω
3054 5505 3142 5559 τὸν
3180 5508 3495 5577 τετραμερῆ
3526 5513 3655 5578 περὶ
3686 5507 3857 5575 αὐτὴν

2291 5600 2417 5654 λαὸν
2453 5600 2551 5670 τὴν
2581 5599 2877 5672 σταυρικὴν
2910 5597 3125 5669 ἐκείνην
3163 5598 3494 5669 δορυφορίαν
3558 5602 3652 5654 καὶ
3720 5616 3856 5670 προ·
