4156 6304
405 397 509 458 217

1473 399 1551 459 IN
1594 392 2194 459 EXdL'I‘ATlONEM
2232 399 2287 460 S.
2327 397 2636 460 CRUCIS.

3589 377 3696 445 218

408 511 658 582 πομπὴν.
688 511 785 565 καὶ
806 512 907 580 τὴν
950 506 1153 581 μεταξῦ
1179 507 1388 562 τούτων
1421 507 1840 578 διαλάμπουσαν
1893 507 1986 560 τοῦ

2097 527 2276 582 gerum
2335 511 2463 565 illud
2517 509 2832 565 satellitium
2900 507 3210 574 ,illumque
3270 500 3613 581 comitatum,
3641 508 3696 550 et

409 602 547 656 Θεοῦ
575 603 731 668 δόξαν
762 619 778 667 ;
805 603 926 664 Πῶς
945 603 1001 654 δὲ
1050 602 1150 672 τὴν
1189 601 1444 664 κιϐωτὸν,
1485 601 1580 654 καὶ
1634 601 1702 652 τὰ
1733 602 1788 651 ἐν
1855 599 1993 671 αὐτῇ

411 697 776 767 παραδράμω,
806 697 905 766 τὴν
955 695 1196 765 στάμνον
1242 693 1338 746 τοῦ
1373 694 1572 762 μάννα,
1630 695 1728 753 τὰς
1780 692 1996 753 πλάκας

410 791 510 858 τῆς
537 788 820 859 διαθήκης,
859 787 922 839 τὸ
947 787 1280 857 ἱλαστήριον,
1316 784 1414 855 τὴν
1456 785 1698 854 λυχνίαν,
1731 783 1831 853 τὴν
1863 784 1996 854 τράα

413 877 695 942 πεζαν,τὺ
752 876 1144 947 θυσιαστήριον
1203 875 1315 927 τῶν
1366 874 1862 944 ὁλοκαυτωμάτων,
1931 875 1994 927 τὸ

410 969 800 1039 θυσιαστήριον
829 968 924 1022 τοῦ
955 970 1326 1039 θυμιάματος,
1361 969 1459 1037 τήν
1492 968 1742 1037 ἐνδελεχῆ
1773 967 1991 1028 θὐσίαν,

407 1062 578 1115 τάλὶα
594 1055 676 1124 οἷς
711 1061 772 1114 τὸ
796 1062 995 1131 σεμνὸν
1018 1055 1166 1131 εἶχεν
1205 1063 1238 1132 ή
1273 1060 1438 1114 πάλαι
1462 1059 1678 1128 λατρία,
1706 1060 1799 1111 καὶ
1826 1059 1893 1111 δι’
1917 1053 1992 1112 ὧν

407 1153 724 1219 ἐδοξάζοντο
747 1155 948 1219 πάντες
976 1156 1026 1207 οἱ
1053 1154 1172 1225 Θεῷ
1196 1153 1644 1224 προσανέχοντες,
1669 1153 1992 1216 ἐκολάζοντο

407 1245 464 1298 δὲ
498 1245 548 1298 οἱ
585 1246 660 1315 μὴ
688 1244 865 1308 οὕτως
897 1246 1133 1315 ἔχοντες,
1165 1245 1352 1315 ἐπειδὴ
1393 1248 1571 1300 πάντα
1617 1246 1713 1298 τοῦ
1753 1246 1990 1314 σταυροῦ

408 1339 510 1408 τὴν
542 1337 778 1406 δύναμιν
804 1339 1234 1408 προδιέγραφον;
1268 1339 1330 1390 El
1361 1339 1417 1391 δὲ
1455 1339 1550 1392 καὶ
1583 1339 1756 1391 ταῦτα
1778 1337 1867 1390 διὰ
1901 1339 1991 1390 τὸν

408 1427 570 1495 λόγον
603 1429 750 1482 ἐάσω
779 1428 1046 1497 φεύγοντα
1072 1429 1169 1499 τὴν
1193 1430 1492 1499 ἀμετρίαν,
1517 1429 1616 1498 τὴν
1641 1429 1770 1496 γοῦν
1795 1429 1991 1500 ῥάϐδον

423 1521 665 1590 ’Δαρὼν.
699 1521 794 1574 καὶ
826 1523 892 1574 τά
942 1521 1081 1576 κατά
1107 1523 1207 1592 τὴν
1242 1522 1475 1593 δάμαλιν
1517 1522 1634 1585 πῶς
1704 1523 1987 1590 σιωπήσω,

409 1612 555 1664 οὕτω
587 1612 904 1681 περιφανῶς
937 1613 1029 1668 τὸν
1088 1615 1326 1684 σταυρὸν
1383 1614 1872 1686 προκηρύττοντα;
1922 1615 1988 1666 Ἠ

415 1702 514 1770 μὲν
548 1703 656 1773 γὰρ
679 1703 823 1758 ἔνδον
862 1704 1154 1774 βλαστάνει
1189 1705 1290 1772 τῆς
1327 1708 1552 1776 σκηνῆς,
1595 1707 1689 1760 καὶ
1745 1707 1984 1759 δείκνυσι

409 1794 500 1846 τὸν
523 1795 669 1860 άξιον
698 1797 867 1867 ἱερέα,
886 1799 980 1851 καὶ
1009 1797 1355 1867 προδείκνυσι
1377 1798 1470 1850 τὸν
1496 1800 1668 1866 μέγαν
1695 1797 1980 1868 ἀρχιερέα,

2104 620 2224 658 eam
2291 619 2409 672 quae
2440 604 2492 656 in
2560 603 2738 655 medio
2763 603 2956 655 borum
3013 602 3265 650 coruscat
3291 593 3548 658 ,divinam
3581 591 3695 658 glo-

2105 694 2267 750 riam?
2313 693 2598 760 Quomodo
2661 691 3074 760 praetergrediar
3133 699 3356 746 arcam,
3389 691 3590 750 etquae
3637 683 3691 734 in

2103 802 2166 842 ea
2199 787 2629 842 asservabautur
2661 827 2675 850 ,
2710 800 2901 839 urnatn
2937 783 3212 844 videlicet,
3254 780 3305 834 in
3336 790 3442 846 qua
3471 792 3692 839 manna,

2101 891 2156 934 et
2191 881 2407 935 tabulas
2463 879 2796 934 Testamenti
2849 919 2864 943 ,
2903 879 3336 948 propitiatorium
3387 918 3403 943 ,
3435 873 3690 929 candela-

2102 975 2281 1035 brmu,
2311 988 2552 1026 mensam
2585 1012 2599 1034 ,
2624 972 2799 1024 altare
2862 972 3326 1032 bolocaustorum,
3373 967 3545 1020 altare
3603 963 3689 1015 in-

2103 1062 2276 1122 censi.
2340 1063 2657 1114 continuum
2719 1059 3072 1124 sacrillcium,
3103 1070 3156 1113 et
3182 1059 3286 1113 alia
3319 1056 3514 1125 quibus
3537 1061 3692 1107 vetus

2103 1155 2192 1207 ille
2256 1156 2434 1208 cultus
2488 1155 2724 1206 maxime
2781 1153 3142 1218 clarescebat,
3181 1163 3236 1206 et
3266 1151 3466 1221 quibus
3500 1163 3692 1202 omnes

2102 1247 2177 1300 illi
2215 1247 2303 1315 qui
2344 1247 2449 1300 Deo
2472 1245 2802 1305 serviebant,
2825 1244 3047 1313 gloriam
3072 1243 3344 1297 consecuti
3376 1251 3535 1305 sunt;
3577 1254 3692 1308 pte.
3715 1245 3726 1254 '

2102 1353 2226 1392 nam
2279 1353 2405 1390 vero
2431 1338 2464 1390 ii
2524 1337 2614 1406 qui
2649 1337 2809 1390 aliter
2864 1335 3166 1402 comparati
3199 1343 3396 1399 erant;
3434 1348 3550 1400 qua:
3578 1348 3693 1384 om-

2099 1433 2190 1485 nia
2255 1432 2434 1485 crucis
2461 1431 2761 1497 po:entiatn
2792 1428 3292 1498 reprzesentabant?
3316 1427 3468 1492 Quod
3505 1426 3548 1480 si
3578 1440 3694 1476 om-

2099 1525 2185 1577 nia
2223 1523 2357 1578 bzcc.
2403 1524 2634 1575 vitanda:
2689 1522 3016 1590 prolixitatis
3047 1536 3232 1584 causa,
3260 1529 3601 1588 pratteream,
3638 1524 3694 1569 at

2097 1619 2302 1686 virgam
2337 1615 2590 1677 Aaronis,
2619 1625 2672 1669 et
2703 1630 2924 1668 vaccam
2981 1615 3126 1668 illam
3167 1614 3367 1675 rufam,
3409 1611 3502 1678 qui
3528 1610 3694 1662 silen-

2099 1712 2174 1764 tio
2233 1711 2601 1763 transmittam
2637 1751 2650 1773 ,
2679 1723 2803 1762 cum
2841 1719 2947 1760 tam
2987 1706 3271 1776 perspicue
3302 1719 3518 1757 crucem
3552 1717 3692 1770 pra!-

2095 1801 2378 1856 nuntient?
2432 1801 2561 1854 Nam
2629 1801 2716 1852 illa
2783 1800 2920 1854 intra
2984 1797 3394 1852 tabernaculum
3454 1793 3690 1851 frondet,

409 1886 506 1937 καὶ
519 1885 615 1954 τὴν
632 1887 695 1940 ὲκ
714 1888 806 1940 τοῦ
829 1887 1129 1958 σταυρικοῦ
1151 1885 1312 1950 ξύλου
1343 1889 1620 1956 σωτηρίαν
1645 1889 1986 1956 εὐαγγελίζε-

2097 1896 2436 1963 ostenditque
2470 1935 2484 1960 ,
2518 1893 2766 1958 quisnam
2828 1893 3022 1960 dignus
3059 1893 3129 1945 sit
3155 1891 3433 1952 sacerdos,
3458 1897 3511 1941 et
3534 1885 3693 1938 simul

404 1996 513 2035 ται.
534 1981 925 2051 Μαρανθὲντες
951 1983 1063 2051 γάρ
1087 1982 1184 2034 καὶ
1202 1983 1364 2050 ἡμεῖς
1376 1982 1594 2052 ὑπὸτῆς
1629 1982 1902 2050 ἁμαρτίας
1934 1983 1996 2033 τδ

403 2073 708 2142 καταρχὰς,
733 2071 830 2126 νῦν
848 2071 951 2142 ήδη
969 2072 1066 2125 καὶ
1087 2071 1486 2142 βλαστάνομεν,
1506 2072 1602 2125 καὶ
1622 2071 1741 2140 Θεῷ
1758 2074 1994 2140 καρπὸν,

402 2161 618 2231 ἀρετῶν
635 2163 1224 2232 άναφέρομεν,θυσίαν,
1252 2163 1414 2229 ἁγίαν
1442 2167 1756 2233 προσφϋράν
1777 2164 1994 2234 δεκτήν,

404 2251 638 2320 εὔοσμον
668 2253 746 2316 ὡς
765 2253 984 2323 ἀληθῶς
1005 2254 1280 2324 θυμίαμα.
1315 2255 1446 2309 Ἡδὲ
1468 2255 1699 2324 δάμαλις
1727 2256 1790 2308 τὸ
1823 2257 2000 2324 σωτή-

410 2360 527 2413 ριον
586 2345 682 2398 καὶ
703 2345 843 2414 αὐτὴ
888 2346 1260 2416 προδιέγραφε
1292 2347 1568 2410 πάθος,δι’
1597 2340 1657 2400 οὗ
1683 2347 1996 2418 κατεδλήθη

402 2434 504 2504 τῆς
547 2436 892 2506 παγκοσμίου
939 2436 1218 2508 ἁμαρτίας
1245 2439 1306 2491 τὸ
1333 2440 1536 2508 κράτος
1568 2454 1580 2466 ·
1611 2437 1688 2507 τῷ
1710 2439 1818 2508 γὰρ
1843 2439 2000 2508 άμω·

404 2539 508 2592 μον
532 2524 706 2594 αὐτὴν
725 2521 865 2578 εἶναι
901 2526 1225 2595 καϊάζυγα,
1247 2528 1307 2581 τὸ
1327 2529 1717 2597 ἀναμάρτητον
1739 2530 1994 2598 ἐδηλοῦνο

402 2631 465 2666 το
480 2615 573 2668 τοῦ
602 2617 781 2682 Ἰησοῦ
802 2620 895 2671 καὶ⁵
920 2618 1230 2689 ἐλεύθερον,
1250 2620 1323 2683 ὡς
1349 2621 1600 2690 Υἰοῦ.Τῷ
1615 2622 1708 2674 τοῦ
1730 2621 1922 2689 κέδρου
1939 2623 1994 2676 δὲ

407 2707 552 2778 ξύλῳ
595 2710 658 2762 τὸ
697 2712 988 2782 σταυρικδν
1014 2713 1310 2775 είκονίζετο
1342 2714 1520 2776 ξύλον.
1555 2714 1628 2766 Τὸ
1687 2716 1796 2786 γὰρ
1855 2716 1988 2786 άση-

407 2816 541 2852 πτον
579 2801 787 2855 ἐκείνου
832 2803 890 2856 τὸ
915 2803 1178 2867 ζωοποιὸν
1241 2805 1432 2858 τούτου
1496 2807 1592 2861 καὶ
1645 2807 1743 2878 τὴν
1799 2809 1995 2878 ἀγήρω

407 2891 504 2945 καὶ
530 2893 890 2965 ἀτελεύτητον
923 2894 1208 2963 ἐνέργειαν
1238 2897 1569 2967 παρεδήλου,
1595 2900 1690 2952 καὶ
1719 2901 1747 2950 ὀ
1800 2899 1869 2950 δι’
1897 2901 1991 2952 αὖ·

403 2984 498 3037 τοῦ
532 2988 827 3057 ραντισμδς
857 2988 955 3059 τὴν
982 2988 1077 3042 τοῦ
1126 2989 1445 3057 Πνεύματος
1477 2991 1634 3061 χάριν
1684 2991 1992 3059 ὑπέφανεν,

403 3077 460 3144 ἐξ
488 3073 557 3150 ἧς
585 3081 778 3150 ἄφεσις
804 3082 1112 3152 άμαρτιῶν,
1161 3086 1256 3136 καὶ
1285 3084 1551 3148 υἱοθεσία,
1584 3083 1680 3136 καὶ
1711 3083 1993 3154 βασιλείας

399 3170 534 3223 Θεοῦ
572 3171 908 3243 κληρονομία
954 3174 1274 3245 δεδώρηται.

2099 2002 2348 2054 magnum
2401 1987 2743 2040 sacerdotem
2797 1993 3213 2052 prmmonstrat,
3260 1982 3598 2049 snlutemque
3627 1993 3692 2030 ex

2100 2078 2242 2146 ligno
2294 2079 2472 2132 crucis
2530 2087 2706 2130 ortam
2760 2076 3085 2146 promulgat.
3138 2074 3376 2128 Arelacti
3412 2073 3555 2127 enim
3592 2071 3693 2126 sub

2102 2170 2311 2222 initittm
2348 2186 2442 2238 per
2483 2181 2788 2239 peccatum,
2833 2171 2938 2236 lam
2969 2170 3164 2222 iterum
3195 2168 3454 2231 viremns,
3485 2163 3691 2233 genui-

2103 2275 2294 2312 namus
2334 2300 2348 2322 ,
2382 2262 2596 2329 Deoqua
2661 2263 2896 2317 fructum
2949 2261 3216 2313 tirtutum
3253 2259 3560 2316 referimus.
3591 2257 3689 2309 bo-

2103 2349 2264 2403 stiam
2327 2359 2573 2403 sanctam
2616 2390 2630 2413 ,
2659 2350 2988 2403 oblationem
3029 2349 3416 2418 acccptabilem
3457 2347 3526 2409 ”,
3603 2361 3694 2400 ve-

2102 2455 2264 2509 reque
2300 2441 2422 2494 boni
2448 2440 2631 2495 odoris
2700 2441 2994 2511 thymiama
3029 2440 3099 2494 “.
3133 2437 3308 2495 Vat-ca
3336 2456 3464 2494 vero
3496 2439 3696 2493 saluta-

2100 2547 2214 2584 rem
2281 2533 2590 2599 passionem
2649 2533 3067 2602 prmdelineabat
3102 2572 3116 2595 ,
3143 2548 3247 2600 qua
3295 2533 3346 2584 in
3379 2532 3692 2584 universum

2099 2623 2357 2675 mundum
2421 2623 2723 2690 grassantis
2772 2623 2980 2692 per-cati
3015 2622 3093 2676 vis
3125 2631 3178 2674 et
3211 2621 3448 2689 potentia
3483 2621 3693 2687 deiecta

2097 2724 2202 2779 est;
2265 2715 2476 2768 macula
2507 2729 2698 2768 carere
2725 2715 2931 2779 debuit,
2962 2725 3015 2768 et
3035 2713 3148 2784 jugi
3176 2728 3371 2780 expers
3393 2727 3533 2767 esse.
3571 2711 3694 2778 Quo

2097 2805 2402 2875 signiﬁcata
2427 2816 2510 2861 est
2559 2805 2684 2861 Jesu
2724 2806 3028 2861 Sulvaloris
3061 2808 3231 2860 nostri
3264 2821 3290 2858 a
3331 2817 3558 2876 peccato
3592 2807 3694 2858 im-

2099 2902 2350 2964 munitas,
2417 2915 2470 2957 et
2503 2913 2559 2956 ut
2596 2904 2711 2967 lilii,
2742 2903 2982 2957 libertas.
3023 2901 3247 2971 Insuper
3283 2903 3426 2972 ligno
3466 2901 3692 2958 cedrino

2096 2988 2298 3055 lignum
2359 2993 2538 3045 crucis
2603 3001 2688 3046 est
2733 2992 3138 3047 adtunbralum.
3181 2991 3311 3046 Nam
3353 3003 3543 3045 natura
3576 2993 3696 3059 ejus

2098 3085 2280 3137 omnis
2350 3084 2762 3152 putrefactionis
2837 3095 2893 3140 et
2922 3085 3088 3140 rariei
3151 3101 3344 3153 θηται-ε
3378 3127 3392 3150 ,
3425 3084 3690 3138 vivilicatu

2096 3178 2212 3246 ejus
2245 3188 2318 3244 ,et
2347 3192 2445 3230 nec
2477 3179 2653 3239 senio,
2687 3192 2787 3231 nec
2835 3179 3068 3231 termino
3103 3178 3392 3231 obnoxiam
3421 3177 3690 3229 actionem

401 3261 756 3328 praenotabat,
791 3272 844 3316 et
866 3268 1108 3329 aspersio
1138 3281 1232 3332 per
1255 3263 1382 3318 illud
1407 3265 1608 3336 lignum
1645 3265 1810 3326 facta.
1840 3265 2078 3332 Spiritus
2139 3272 2369 3337 gratiam
2421 3268 2700 3328 innuebat,
2767 3269 2922 3337 cttjus
2980 3268 3244 3322 beneﬁcio
3317 3268 3695 3327 remissionem

404 3363 745 3423 peccatorum
772 3395 787 3418 ,
817 3357 1158 3423 adoptionem
1213 3356 1442 3411 ﬁliorum
1473 3399 1489 3416 .
1524 3369 1577 3414 et
1608 3359 1979 3413 hmreditatem
2024 3363 2171 3429 regni
2205 3360 2442 3415 ctelestis
2477 3359 2754 3413 consecuti
2779 3376 2990 3414 sumus.

496 3447 634 3502 Ἀλλ’
667 3451 715 3501 εί
744 3448 981 3501 δοκεῖτὰ
1015 3447 1118 3516 τῆς
1137 3447 1391 3517 λατρείας
1421 3449 1594 3520 ἑτέρῳ
1620 3451 1989 3517 ταμιευσάμε-

2164 3452 2433 3506 Caeterum
2489 3451 2532 3504 si
2574 3451 2825 3515 videtur,
2861 3466 2922 3504 ea
2954 3465 3076 3518 qua:
3111 3451 3176 3503 ad
3206 3451 3408 3503 cultum
3441 3461 3495 3504 et
3520 3465 3689 3506 cmrc-

402 3561 482 3598 νοι
513 3539 690 3612 καιρῷ
715 3556 773 3592 τε
810 3541 905 3592 καὶ
927 3539 1070 3610 λόγῳ
1099 3543 1164 3610 τῇ
1193 3540 1612 3612 θαυματουργία
1635 3542 1988 3595 πάλινὲνδια-

400 3635 708 3706 τρίψωμεν.
743 3632 853 3685 Καὶ
880 3631 1061 3684 τοίνυν
1093 3630 1426 3700 ἁμαρτάνων
1469 3632 1686 3701 Ἰσραὴλ
1721 3632 1990 3702 συνήθως,

405 3727 652 3796 συνήθως
683 3724 845 3778 πάλιν
882 3722 1252 3790 ἐταπεινοῦτο,
1306 3725 1403 3777 καὶ
1465 3725 1515 3776 oi
1552 3724 1988 3787 ταπεινωθέντες

406 3821 494 3875 διὰ
520 3820 802 3889 δήγματος
850 3817 1029 3886 ὄφεων
1053 3815 1413 3870 ὲθανατοῦντο
1463 3817 1652 3883 εὐθὺς,
1689 3820 1786 3870 κα)⁴
1817 3818 1990 3880 οῦτως

404 3911 678 3982 ἐμάνθανε
736 3909 1091 3980 δικαιώματα
1138 3907 1296 3969 Θεοῦ.
1344 3910 1606 3981 καὶπρὸς
1666 3910 1801 3980 ᾅεὺν
1863 3911 1991 3963 ἑπέ-

405 4021 655 4074 στρεφεν.
675 4001 1052 4072 Ἐπιστρέφων
1071 4001 1127 4054 δὲ
1156 3999 1360 4055 ἱλεοῦτο
1386 4000 1474 4054 τὸν
1499 4001 1987 4070 πανοικτείρμονα,

403 4099 498 4151 καί
533 4099 739 4168 Μωσῆν
773 4093 886 4166 εἶχε
945 4092 1486 4164 θαυματουργοῦντα.
1521 4093 1679 4147 Κατά
1719 4091 1851 4159 γοῦν
1878 4092 1990 4145 τῶν

399 4189 706 4242 δακνόντων
735 4188 914 4256 ὄφεων
965 4185 1202 4256 χαλκοῦν
1259 4187 1468 4247 ἐκεῖνος
1496 4184 1619 4253 ὅφιν
1682 4184 1986 4255 εἰργάζετο,

402 4285 538 4353 πρὸς
572 4285 708 4336 Θεοῦ
739 4281 1070 4345 κελευσθεὶς,
1109 4279 1316 4350 ὑψηλοῦ
1351 4295 1412 4332 τε
1468 4279 1560 4331 ἐπὶ
1591 4277 1748 4342 ξύλου
1796 4277 1984 4342 ἐτίθει,

401 4381 496 4432 καὶ
524 4381 634 4442 τοῖς
669 4376 1058 4447 πληττομένοις
1088 4375 1164 4436 ὡς
1192 4373 1352 4426 αὑτὸν
1378 4371 1564 4440 ἔλεγεν
1594 4372 1862 4434 άτενίζειν
1887 4387 1901 4402 °
1955 4372 1984 4423 ὃ

401 4470 464 4539 δὴ
495 4469 590 4523 καὶ
630 4469 868 4540 δρῶντες
897 4466 1082 4520 κακῶν
1110 4465 1341 4528 ἀπαθεῖς
1376 4463 1715 4528 διεσώζοντο.
1773 4462 1983 4516 Οὐκοῦν

404 4562 536 4631 φέρε
569 4561 844 4633 λέγωμεν,
871 4558 947 4624 ὡς
978 4561 1042 4612 ἐκ
1072 4558 1246 4611 τύπου
1289 4556 1451 4611 πάλιν
1483 4558 1574 4610 ἐπὶ
1601 4557 1700 4627 τὴν
1721 4556 1982 4628 ἀλήθειαν

407 4653 808 4724 μεταφέροντες
871 4652 932 4704 τὸ
987 4651 1255 4719 διήγημα,
1292 4649 1820 4720 προσκεκρούκαμεν
1886 4651 1982 4702 καὶ

2099 3545 2307 3598 mouias
2330 3543 2621 3607 pertinent.
2649 3542 2803 3596 alteri
2839 3544 3066 3612 tempori
3099 3549 3152 3596 et
3183 3544 3411 3596 orationi
3443 3558 3690 3598 reserve-

2101 3652 2244 3699 mus,
2275 3646 2327 3688 et
2356 3650 2545 3689 rursus
2587 3635 2653 3688 ad
2685 3636 3053 3705 prodigiorum
3101 3634 3442 3689 eﬂectionem
3480 3653 3576 3688 nos
3603 3652 3692 3690 re-

2097 3729 2390 3795 cipiamus.
2419 3729 2588 3800 Igitur
2612 3746 2733 3783 cum
2764 3729 2949 3794 Israel,
2977 3745 3127 3784 more
3163 3746 3281 3796 suo,
3316 3731 3552 3800 peccatis
3572 3747 3695 3784 sese

2097 3821 2484 3891 obstringeret,
2511 3837 2658 3876 more
2717 3822 2878 3876 solito
2913 3823 3108 3878 iterum
3140 3824 3476 3893 alnigebatur
3509 3832 3562 3878 et
3585 3828 3679 3878 de-

2087 3908 2403 3975 jiciebatur,
2458 3919 2508 3963 et
2553 3911 2642 3978 qui
2695 3927 2878 3966 morsu
2921 3922 3230 3982 serpentum
3287 3913 3499 3967 fuerant
3572 3913 3692 3977 icti,

2095 4015 2126 4053 e
2157 4000 2383 4066 vestigio
2423 4002 2693 4068 peribant:
2727 4013 2780 4056 et
2810 4004 2887 4058 sic
2935 4004 3356 4072 justilicationes
3391 4005 3482 4057 Dei
3505 4005 3686 4058 disce-

2097 4091 2247 4153 baut,
2278 4100 2330 4142 et
2357 4091 2423 4144 ad
2483 4092 2649 4145 Deum
2704 4097 3132 4148 revertebantur.
3214 4094 3525 4148 Conversus
3555 4109 3686 4148 vero

2096 4182 2458 4235 miserabatur
2516 4182 2774 4246 miseros,
2806 4193 2862 4237 et
2895 4199 3016 4236 mox
3054 4185 3298 4254 Moysen.
3336 4195 3390 4238 ut
3418 4185 3681 4238 miracula

2091 4282 2356 4343 patraret,
2412 4273 2747 4328 destinabat.
2803 4275 2943 4344 Ergo
2975 4287 3167 4330 contra
3205 4292 3418 4332 morsus
3457 4293 3686 4345 serpent-

2091 4377 2203 4419 tum
2253 4382 2453 4419 :ereunt
2513 4367 2601 4421 ille
2626 4379 2934 4436 serpentem
2985 4369 3259 4433 formavit,
3286 4370 3440 4435 jussu
3476 4369 3594 4432 Dei,
3628 4379 3683 4424 et

2087 4473 2151 4512 ex
2205 4461 2461 4527 pt'mcelso
2508 4461 2652 4530 ligno
2684 4463 2989 4529 suspendit,
3023 4463 3411 4533 mandavitque
3440 4475 3496 4518 ut
3531 4464 3621 4532 qui
3651 4481 3680 4517 a

2087 4554 2536 4622 serpentibusicti
2575 4562 2780 4617 essent,
2845 4557 2900 4609 in
2947 4571 3070 4609 eum
3123 4557 3482 4626 respicerent,
3537 4559 3680 4623 quod

2088 4659 2210 4697 cum
2263 4643 2526 4712 facerent,
2590 4647 2857 4702 innnuues
2909 4650 3108 4702 amalo
3185 4648 3677 4718 conservabaptur.

406 4747 569 4815 ἡμεῖς
596 4744 674 4815 τῷ
694 4743 1027 4816 Δημιουργῷ
1053 4744 1148 4796 καὶ
1197 4741 1510 4812 κατηνέχθη
1521 4760 1621 4811 μεν
1647 4744 1726 4804 είς
1759 4742 1988 4794 θάνατον

2097 4735 2323 4807 Agedum
2349 4755 2476 4806 ergo
2498 4749 2662 4794 totam
2695 4740 2835 4795 banc
2860 4743 3226 4796 narrationem
3248 4754 3437 4794 rursus
3457 4753 3486 4791 a
3510 4741 3679 4806 ligura

500 4838 594 4890 τοῦ
625 4811 800 4906 δφεως
835 4811 1115 4906 συμϐουλῇ
1145 4851 1158 4866 ⁸
1197 4836 1388 4904 δῆγμα
1544 4834 1762 4905 άληθῶς
1806 4833 1983 4901 ὄφεως

2097 4831 2145 4883 in
2205 4831 2486 4884 veritatem
2524 4835 2694 4900 ipsam
2762 4832 3174 4887 transferamus.
3228 4829 3390 4883 Iuvisi
3424 4844 3680 4899 uosquo-

400 4925 702 4980 δὲπελθὼν
758 4925 836 4996 τῷ
890 4927 1197 4997 προπάτορι
1266 4925 1514 4983 θάνατος.
1593 4923 1984 4993 Ἀνεζωοποιή-

407 5020 583 5087 θημεν
611 5018 666 5070 δὲ
697 5017 777 5087 τῷ
825 5019 916 5072 ἐπὶ
944 5017 1036 5070 τοῦ
1096 5017 1393 5087 σταυρικοῦ
1449 5017 1606 5080 ξύλου
1662 5019 1983 5086 νεκρωῡέντι

407 5109 625 5180 Χριστῷ
653 5114 712 5164 ὲν
736 5109 1048 5178 ὁμοιώματι
1081 5113 1310 5180 σαρκὸς
1340 5111 1651 5178 ἁμαρτίας,
1692 5108 1766 5170 ὦς
1822 5126 1986 5176 φησιν

404 5207 434 5259 ὁ
461 5204 603 5266 θεῖος
643 5202 986 5263 Ἀπόστολος.
1030 5202 1116 5262 Ὠς
1145 5205 1252 5272 γάρ
1279 5205 1307 5254 ὁ
1363 5201 1597 5271 χαλκοῦς
1627 5200 1750 5268 ὄφις
1782 5201 1988 5261 ἐκεῖνος

407 5295 641 5364 ῐνδαλμα
671 5294 769 5364 μὲν
808 5289 877 5361 ἦν
903 5290 998 5344 τοῦ
1029 5292 1212 5362 θηρὸς,
1247 5293 1338 5345 τὸν
1382 5291 1720 5346 θανατοῦντα
1774 5291 1829 5342 δὲ
1887 5290 1986 5343 οὐκ

403 5384 552 5459 εἶχεν
583 5387 680 5449 ἰὸν,
711 5384 855 5439 οῦτω
885 5385 979 5437 καὶ
1009 5385 1038 5437 ὁ
1071 5384 1129 5436 ὲν
1190 5383 1313 5448 τοῖς
1365 5384 1610 5453 ἀνόμοις
1659 5382 1984 5450 λογισθεὶς,

406 5479 477 5531 δι’
499 5479 648 5549 ἡμᾶς
675 5475 1079 5546 ἀναμάρτητος,
1105 5475 1201 5528 καὶ
1233 5473 1374 5528 κατὰ
1403 5475 1566 5544 φύσιν
1596 5474 1800 5542 ἀγαθὸς
1854 5477 1988 5527 Δεσο

410 5571 578 5638 πότης
614 5570 793 5635 σάρκα
827 5568 924 5638 μὲν
953 5563 1204 5629 ἀνέλαϐε,
1260 5568 1354 5620 καὶ
1401 5569 1590 5636 γέγονε
1655 5567 1776 5621 καθ’
1813 5568 1984 5638 ήμᾶς,

410 5661 501 5714 καὶ
531 5661 782 5728 ἁμαρτία
810 5657 1037 5729 ἐκλήθη,
1073 5658 1194 5728 ἢτοι
1225 5657 1385 5711 ουσία
1445 5659 1584 5729 ὑπὲρ
1615 5660 1712 5729 τῆς
1742 5673 1987 5725 παγκοσ-

480 5843 522 5874 ίθ
554 5839 706 5899 Rom.
750 5861 848 5911 xu,
880 5845 937 5912 I;
978 5857 1064 5909 xv,
1111 5841 1193 5896 l6.
1273 5839 1316 5871 ⁶¹
1352 5839 1692 5914 Ελοιιηικν,
1722 5838 1771 5894 6.

1854 5838 1897 5868 ⁸³
1942 5837 2092 5893 Rom.
2147 5853 2262 5902 vni,
2306 5842 2357 5895 5.

2095 4940 2199 4992 que
2252 4923 2394 4989 Deo,
2425 4925 2650 4978 subdola
2715 4925 2985 4992 serpentis
3041 4923 3316 4982 suasione,
3355 4922 3406 4974 in
3446 4932 3673 4975 mortem

2094 5014 2400 5082 prmcipites
2430 5016 2533 5068 acti
2557 5015 2776 5070 luimus.
2813 5014 2951 5068 Vere
2979 5015 3122 5067 enim
3158 5027 3372 5067 morsus
3399 5016 3676 5084 serpentis

2093 5116 2176 5157 est
2204 5122 2350 5160 mors
2387 5146 2403 5170 ,
2435 5122 2552 5174 qua:
2593 5107 2826 5175 primum
2855 5113 3143 5174 parentem
3181 5116 3424 5158 nostrum
3455 5105 3674 5158 invasit.

2101 5195 2274 5248 Vitam
2330 5211 2456 5249 vero
2511 5196 2816 5262 recepimus
2846 5233 2861 5256 ,
2894 5208 3015 5246 cum
3051 5192 3104 5245 in
3148 5192 3292 5260 ligno
3314 5194 3492 5246 crucis
3517 5191 3678 5244 Cbri-

2097 5300 2210 5342 SIIIS
2232 5289 2484 5342 occubuit
2523 5289 2577 5342 in
2631 5285 2978 5340 similitudine
3006 5287 3181 5340 carnis
3202 5287 3422 5355 peccati,
3455 5293 3513 5335 ιιι
3539 5284 3678 5336 dtcit

2097 5382 2311 5438 divinus
2359 5381 2644 5452 Apostolus
2671 5381 2740 5436 θ’.
2771 5381 3233 5448 Quemadmodum
3295 5380 3441 5437 enim
3499 5388 3677 5433 terens

2091 5475 2180 5529 ille
2237 5489 2461 5544 serpens
2539 5474 2892 5530 simulacrum
2949 5483 3067 5528 erat
3127 5474 3417 5528 animantis
3439 5466 3673 5531 illius,at

2096 5567 2374 5620 mortifero
2427 5582 2634 5620 veneno
2664 5571 2918 5632 carebat,
2955 5567 3028 5619 ita
3053 5575 3104 5618 et
3129 5566 3173 5618 is
3205 5567 3295 5637 qui
3324 5568 3542 5632 propter
3569 5577 3676 5622 nos

2097 5659 2219 5709 cum
2274 5659 2473 5720 iniquis
2529 5670 2800 5727 rrputalus
2830 5668 2904 5713 est
2932 5657 3000 5719 ",
3043 5655 3108 5707 ab
3139 5658 3284 5714 omni
3323 5650 3528 5724 peceati
3556 5653 3680 5714 labe

2461 5840 2503 5871 ⁸³
2533 5837 2636 5892 Isa.
2670 5856 2787 5905 LIII,
2831 5837 2893 5890 l2
