4156 6304
443 309 554 379 223
1157 348 1165 354 -
1617 318 1941 378 ΜᾹΟΑΙίιῐ
1978 319 2058 379 Cl:

2161 316 2611 379 lSOCEPHALl
3597 311 3710 374 224

444 431 709 483 duntaxat
739 427 1104 492 intuerentur.
1149 428 1249 485 soli
1286 429 1579 485 obscurato
1620 431 1926 501 mandavit,
1962 440 2058 494 ιιι.

2161 451 2286 489 ιεινε
2310 450 2325 467 ο
2355 435 2447 487 καὶ
2477 429 2668 502 ἐπειδὴ
2697 430 2749 485 oi
2782 429 3052 501 παρόντες
3081 427 3245 499 μόνον
3275 427 3464 499 ἑώρων
3486 427 3547 482 τὸ
3567 429 3714 497 γινό-

446 517 648 586 ubique
681 527 952 573 terrarum
1004 519 1244 573 immane
1294 517 1424 572 illttd
1461 517 1768 575 Judzeorum
1815 521 2027 577 facinus

2161 543 2319 588 ιενον,
2371 523 2602 588 ἐπέταξε
2655 523 2732 593 τῷ
2786 522 2922 594 ἡλίῳ
2970 520 3229 593 κρυόέντι
3280 519 3562 590 πανταχοῦ
3614 522 3718 590 τῆς

448 610 748 664 nuntiaret.
800 610 949 665 Adeo
997 610 1295 667 Ecclesiam
1340 611 1532 666 dilexit
1562 613 1831 667 universa!
1873 629 2028 669 crea—

447 708 584 754 tura:
621 700 900 758 Dominus.
933 702 1024 758 Sic
1063 718 1125 758 se
1158 718 1255 768 pro
1289 703 1375 757 illa
1430 704 1673 761 tradidit.
1705 704 1823 759 Tali
1881 721 2027 762 teco-

450 791 630 846 nomia
668 800 725 847 et
753 794 983 849 consilio
1011 795 1249 851 innotuit
1279 796 1437 853 nobis
1468 788 1811 853 immensitas
1832 800 2028 855 divinae

452 885 872 942 benevolentiae.

2126 619 2458 687 οἰκουμένης
2489 615 2825 683 ἀπαγγείλαι
2848 615 2908 669 τὸ
2930 614 3209 686 τόλμημα.
3241 610 3429 676 Οὕτως
3457 611 3716 683 ἠγάπησε

2127 711 2228 777 τὴν
2290 705 2621 780 Ἐκκλησίαν
2669 706 2699 759 6
2748 704 3023 774 Δεσπότης
3082 704 3187 774 τῆς
3243 703 3518 768 κτίσεως’
3572 704 3721 758 οὕτω

2128 800 2454 872 παρέδωκεν
2491 800 2688 854 ἑαυτὸν
2727 797 2869 866 ύπὶρ
2905 797 3114 868 αὐτῆςο
3151 795 3381 866 τοιαύτῃ
3433 795 3724 865 οἰκονομίᾳ

2131 893 2441 963 ιγνωρίσθη
2479 892 2543 947 τὸ
2577 891 2918 962 ὑπερϐάλλον
2955 892 3054 959 τῆς
3094 889 3244 952 θείας
3278 888 3720 957 φιλανθρωπίας.

525 976 641 1032 line
682 980 907 1033 accedat
942 979 1107 1034 etiam
1141 979 1358 1035 divinus
1393 978 1563 1036 David
1588 998 1605 1041 :
1635 996 1759 1035 nam
1812 989 1867 1036 et
1913 981 2030 1051 ipse

2201 985 2331 1039 Ἐπὶ
2357 986 2568 1046 τούτοις
2593 982 2809 1053 παρίτω
2830 983 2894 1051 δὴ
2923 980 2999 1051 τῷ
3027 980 3173 1049 λόγῳ
3197 982 3294 1035 καὶ
3321 978 3485 1033 Δαυτδ
3509 980 3535 1031 6
3553 978 3724 1039 θεῖος·

450 1066 670 1133 iusigne
702 1068 970 1135 quoddam
1014 1083 1209 1123 munus
1254 1068 1369 1124 Deo
1397 1068 1613 1134 all'erre,
1642 1078 1697 1124 et
1727 1070 1854 1125 huic
1888 1070 2031 1126 cele-

453 1159 652 1212 britati
686 1161 1262 1216 convenientissimum
1296 1162 1645 1216 contribuere
1677 1161 1898 1231 poterit.
1933 1164 2032 1217 At-

452 1256 616 1306 tende
647 1262 829 1310 aulem
871 1255 936 1309 ad
970 1256 1048 1310 rei
1090 1263 1256 1323 gesta:
1302 1255 1525 1319 seriem,
1553 1264 1615 1310 ut
1659 1269 1724 1309 eo
1749 1255 2035 1324 perspica-

2131 1076 2448 1146 είσκομίσαι
2468 1074 2577 1144 γὰρ
2597 1075 2690 1129 καὶ
2708 1074 2867 1136 αὐτὸς
2894 1075 3038 1144 μέγα
3051 1091 3103 1128 τι
3119 1074 3293 1146 δῶρον
3309 1070 3429 1140 Θεῷ
3444 1068 3726 1124 κάνταῦθα

2130 1168 2382 1232 δύναται,
2424 1168 2521 1221 καὶ
2552 1168 2619 1236 τῇ
2662 1167 2823 1236 ἑορτῇ
2866 1164 3350 1234 πρεπωδέστατον.
3388 1164 3498 1217 Καὶ
3531 1161 3728 1213 σκόπει

2138 1277 2230 1331 μοι
2282 1256 2700 1328 ἱστορούμενον,
2749 1256 2838 1312 ἵνα
2885 1256 3176 1327 θαυμάσῃς
3218 1254 3280 1308 τδ
3323 1251 3726 1321 θεωρούμενον.

451 1348 566 1400 cius
609 1363 829 1417 quoque
879 1350 1171 1413 intelligas,
1223 1347 1368 1418 quod
1419 1346 1522 1403 sub
1578 1346 1666 1402 illa
1717 1348 2035 1404 narratione

458 1438 612 1495 latet.
674 1438 808 1494 Vide
853 1456 975 1508 quae
1029 1441 1097 1494 ab
1139 1441 1257 1508 ipso
1303 1447 1431 1494 sunt
1475 1446 1791 1506 patrata,ut
1833 1453 2034 1507 cogno-

459 1547 603 1595 scas,
632 1548 796 1601 quam
834 1534 1004 1601 prohe
1047 1533 1396 1588 consentiant
1428 1547 1548 1585 cum
1586 1531 1694 1594 his,
1722 1546 1843 1600 quae
1878 1531 2035 1586 dixit.

462 1626 612 1681 Vidit
640 1626 934 1696 aliquando
966 1624 1206 1689 Goliath,
1241 1635 1453 1680 vastum
1489 1624 1642 1679 illttm
1674 1625 1816 1679 mole
1846 1640 2040 1695 corpo-

457 1720 560 1785 ris,
591 1720 786 1790 spiritu
817 1718 1043 1786 elatum,
1090 1728 1463 1789 portentosam
1500 1718 1649 1773 illam
1683 1730 1895 1774 natura:
1925 1728 2042 1773 am-

2136 1351 2341 1405 Σκόπει
2374 1350 2438 1405 τὸ
2478 1350 2724 1420 πραχθὲν
2765 1348 2896 1419 παρ’
2930 1348 3175 1411 ἑκείνου,
3214 1347 3283 1401 ἵν’
3314 1347 3431 1420 ἴδῃς
3459 1348 3591 1410 ὅσην
3624 1345 3728 1415 ἔχῃ

2138 1444 2464 1516 συμφωνίαν
2512 1444 2649 1514 πρὸς
2686 1441 2757 1497 τά
2806 1443 2939 1510 παρ’
2969 1440 3137 1495 αὐτοῦ
3169 1440 3454 1512 λεχθέντα.
3485 1435 3606 1492 Εἶδε
3636 1438 3731 1490 τὸν

2137 1536 2331 1590 Γολιάθ
2361 1550 2493 1589 ποτε
2536 1536 2627 1588 τὸν
2666 1534 2923 1605 περιττὸν
2961 1532 3022 1587 τὸ
3064 1532 3258 1602 σῶμα,
3290 1532 3384 1585 καὶ
3412 1529 3727 1598 ἐπηρμένον

2138 1634 2200 1683 τδ
2230 1630 2517 1699 φρόνημα,
2548 1628 2647 1698 τὴν
2675 1628 2957 1700 τερατώδη
2997 1626 3313 1697 φιλοτιμίαν
3342 1627 3443 1693 τῆς
3474 1624 3725 1692 φύσεως,

2142 1722 2434 1791 τολμῶντα
2462 1724 2529 1775 τά
2558 1721 2842 1791 χείριστα,
2875 1720 2972 1774 καὶ
3011 1719 3154 1790 μέγα
3201 1717 3342 1772 κατά
3379 1715 3472 1770 τοῦ
3512 1713 3731 1784 Ἰσραὴλ

459 1813 720 1868 bitiouem
755 1820 809 1865 et
850 1811 1221 1872 insolentiam,
1265 1812 1505 1880 pessima
1566 1812 1884 1875 audentem,
1923 1826 2039 1864 rna-

2161 1817 2578 1884 ρρυαττόμενον.
2623 1815 2901 1868 Ἤκουσεν
2941 1813 3105 1866 αὐτὸν
3135 1812 3314 1880 λόγοις
3349 1811 3733 1881 ὑπερηφανίας

459 1903 653 1970 gniﬂca
695 1917 929 1973 quaeque
971 1912 1165 1957 contra
1218 1900 1474 1957 lsraelem
1527 1902 1825 1973 iactantem
1862 1912 1916 1957 et
1945 1902 2042 1957 de-

460 1993 847 2051 blaterantem.
876 1993 1305 2064 Audivit,quam
1330 1995 1491 2052 dictis
1518 1996 1829 2065 arrogantia
1865 1995 2039 2066 plenis

460 2086 717 2153 populum
789 2086 881 2142 Dei
944 2096 1364 2156 aspernaretur,
1419 2096 1474 2142 et
1551 2086 1772 2155 quantis
1822 2086 2042 2157 injuriis

463 2182 697 2237 electam
736 2183 827 2238 Dei
882 2183 1257 2269 hareditatem
1288 2192 1585 2239 oneraret:
1621 2197 1853 2253 moxque
1887 2183 2042 2253 juve-

464 2275 560 2329 nili
594 2275 789 2330 ardore
831 2277 1111 2340 incitatus,
1143 2275 1398 2347 opposuit
1428 2290 1551 2332 sese
1594 2275 1806 2331 nefario
1851 2275 2043 2331 alieni-

459 2382 634 2436 gente,
663 2377 718 2421 et
763 2368 816 2423 in
858 2369 1029 2424 aciem
1062 2370 1324 2424 adversus
1358 2367 1677 2436 injuriosam
1710 2377 1945 2424 mentem
1989 2379 2045 2424 et

464 2460 704 2532 linguam
742 2476 1069 2531 progressus
1098 2472 1183 2516 est
1220 2480 1236 2516 :
1265 2463 1435 2518 armis
1461 2463 1678 2530 quidem
1732 2462 2045 2518 carnalibus

462 2552 782 2618 destitutus,
811 2562 867 2607 at
899 2568 1140 2620 superna
1174 2554 1351 2624 gratia
1396 2554 1619 2624 egregie
1673 2554 1935 2616 munitus,
1967 2553 2045 2607 la-

467 2644 718 2713 pidisque
742 2642 889 2713 iactu
939 2643 1101 2698 talem
1132 2658 1197 2698 ac
1227 2652 1433 2698 tantum
1475 2643 1815 2714 prosternit;
1850 2633 2044 2701 (leinde

467 2737 760 2790 micantem
816 2734 1195 2804 lulgoremque
1248 2745 1440 2790 contra
1500 2750 1561 2791 se
1601 2735 1905 2789 mittentem
1943 2734 2049 2801 ειε-

469 2829 615 2881 dium
654 2829 769 2894 ipse
796 2828 1051 2891 vibravit,
1087 2842 1262 2897 eoque
1297 2827 1677 2895 blasphemum
1713 2827 2047 2893 trucidavit;

466 2929 522 2975 et
553 2919 773 2974 abstulit
806 2919 1147 2988 opprobrium
1177 2935 1242 2973 ea:
1264 2918 1437 2973 Israel
1459 2919 1530 2972 ".
1562 2916 1717 2973 llunc
1746 2918 2047 2983 iuimodtm

472 3011 643 3066 David
695 3021 882 3080 pastor
916 3011 1103 3066 ovium
1150 3010 1332 3076 simul,
1362 3019 1417 3066 et
1464 3025 1560 3066 rex
1604 3011 2050 3072 inatrumentum,

2147 1905 2534 1972 ἐξουθενοῦντα
2570 1904 2664 1958 τὸν
2703 1903 2798 1958 τοῦ
2842 1900 2979 1956 Θεοῦ
3007 1901 3169 1968 λαὸν,
3201 1901 3297 1954 καὶ¹
3340 1900 3441 1969 τὴν
3468 1900 3736 1968 ὲκλεκτὴν

2151 1996 2553 2066 καθυϐρίζοντα
2566 1992 2956 2064 κληρονομίαν,
2975 1993 3070 2046 καὶ
3088 1990 3354 2055 νεανικῶς
3370 1991 3735 2061 ἀντικατέστη

2150 2092 2229 2162 τῷ
2254 2087 2607 2159 παλαμναίῳ,
2633 2086 2770 2155 πρὸς
2787 2086 2885 2155 τὴν
2908 2085 3234 2156 ὑὸρίστριαν
3252 2083 3737 2153 παραταξάμενος,

2152 2185 2248 2239 καὶ
2279 2184 2475 2255 φρένα,
2508 2183 2605 2239 καὶ
2642 2181 2913 2250 γλῶσσαν,
2947 2180 3154 2250 γυμνὸς
3181 2178 3281 2250 μὲν
3316 2178 3426 2232 τῶν
3459 2177 3741 2248 σαρκικῶν
3781 2217 3793 2228 .

2153 2280 2359 2343 ὃπλων,
2387 2279 2454 2345 τῇ
2481 2276 2536 2329 δὲ
2567 2275 2775 2329 ἀνωθεν
2800 2274 2984 2345 χάριτι
3001 2270 3393 2342 πεφραγμένος
3415 2268 3736 2335 κάντεῦθεν,

2156 2373 2252 2426 καὶ
2280 2371 2464 2441 ῥίπτει
2497 2367 2595 2438 μὲν
2620 2367 2701 2430 εἰς
2723 2367 2827 2437 γῆν
2852 2365 3002 2419 λίθου
3029 2365 3159 2436 βολῇ
3182 2365 3275 2418 τὸν
3303 2362 3579 2416 τοσοῦτον.
3604 2357 3740 2415 Εἶτα

2156 2467 2251 2519 καὶ
2287 2467 2353 2536 ἣν
2383 2462 2503 2519 κατ’
2534 2459 2700 2515 αὐτοῦ
2732 2458 3056 2513 στίλϐουσαν
3093 2454 3336 2527 συνεχῶς
3375 2455 3586 2515 ἐκεῖνος
3618 2452 3741 2507 ἀνέ-

2156 2575 2298 2612 τεινε
2329 2557 2609 2628 ῥομφαίαν
2637 2551 2842 2613 λαϐὼν,
2873 2549 3237 2619 διεχειρίσατο
3265 2547 3358 2599 τδν
3396 2544 3737 2628 βλάσφημον,

2158 2653 2253 2706 κα)⁴
2279 2625 2496 2718 ἐξῆρεν
2526 2645 2756 2710 ὄνειδος
2773 2642 2842 2707 ἐξ
2872 2639 3019 2695 υἱῶν
3042 2636 3318 2705 Ἰσραήλ.
3341 2633 3499 2689 Οὕτω
3526 2633 3623 2701 μὲν
3648 2625 3739 2684 οὖν

2158 2744 2342 2804 Δαυῒδ.
2368 2744 2396 2797 6
2419 2738 2726 2813 προδατεὺς
2760 2736 2878 2806 ἅμα
2912 2733 3007 2789 καὶ
3039 2730 3317 2803 βασιλεὺς,
3351 2728 3414 2782 τὸ
3440 2726 3738 2794 θανάσιμον

2160 2838 2325 2889 ὃπλον
2356 2835 2627 2904 σωτήρ.ον
2666 2827 3018 2885 ἀποδείκνυσι
3052 2822 3151 2878 καὶ⁵
3184 2823 3287 2893 τῆς
3340 2819 3505 2890 ἁγίας
3537 2818 3739 2886 σκηνῆς

2161 2928 2310 2982 ἔνδον
2337 2925 2540 2994 τίθησι,
2575 2924 2669 2977 καὶ
2719 2921 2797 2988 τῷ
2827 2919 2947 2990 Θεῷ
2984 2916 3292 2987 ἀνατίθησι.
3332 2912 3568 2985 Χριστὸς
3598 2912 3675 2975 δὲ,
3714 2912 3741 2962 6

2166 3021 2550 3092 παμϐασιλεῦς
2604 3019 2700 3072 καὶ
2753 3015 2959 3087 ποιμὴν
3012 3013 3229 3084 ἀληθῶς
3281 3010 3463 3080 πάσης
3518 3006 3742 3075 λογικῆς

473 3101 617 3168 qu'od
668 3102 861 3155 mortis
893 3098 1136 3169 alioquin
1166 3115 1330 3156 causa
1360 3110 1498 3166 erat,
1530 3101 1585 3156 in
1616 3100 1928 3170 praesidium
1965 3115 2052 3155 sa-

2161 3116 2407 3181 κτίσεωτ,
2440 3114 2502 3167 τδ
2533 3110 2824 3181 σταυρικδν
2853 3108 3010 3175 ξύλον
3032 3149 3047 3172 ,
3079 3107 3108 3160 6
3141 3105 3310 3161 πάλαι
3341 3101 3485 3157 κατά
3512 3102 3610 3171 τῆς
3646 3096 3745 3167 φύ-

474 3193 608 3249 lutis
631 3193 767 3247 verti
802 3207 963 3260 posse
989 3192 1197 3258 docuit,
1238 3192 1480 3262 illudque
1531 3193 1673 3247 intra
1709 3192 2051 3249 tabernaculi

474 3285 635 3356 adyta
685 3283 892 3339 illatum
932 3283 1046 3339 Deo
1075 3285 1368 3339 dedicavit.
1398 3284 1648 3340 Christus
1677 3293 1858 3339 autem
1914 3300 2057 3339 cun-

476 3387 686 3434 clarum
730 3394 910 3433 rerum
935 3378 1073 3445 Rex,
1100 3393 1374 3447 verusque
1398 3388 1586 3447 pastor
1610 3379 1786 3432 omnis
1815 3368 2025 3433 rationa
2042 3405 2060 3419 -

476 3471 543 3525 lis
573 3481 863 3538 creaturas,
895 3470 1043 3540 ligno
1080 3470 1281 3530 crucis.
1315 3470 1454 3537 quod
1482 3470 1609 3523 olim
1642 3469 1937 3538 perdendis
1965 3466 2062 3525 ho-

481 3563 721 3618 minibus
752 3563 1123 3619 cacodaemoui
1167 3562 1592 3616 instrumentum
1625 3572 1763 3621 erat.
1798 3562 1852 3617 in
1898 3578 2064 3634 argu-

484 3665 730 3710 mentum
781 3656 975 3712 salutis
1017 3655 1428 3720 transmutavit,
1482 3655 1665 3711 occiso
1717 3663 1972 3726 tyranno.
2010 3664 2065 3711 et

484 3750 686 3802 mundo
743 3747 995 3803 libertate
1042 3749 1315 3803 restituta.
1341 3748 1687 3818 Quapropter
1739 3764 1838 3804 nos
1899 3749 2062 3804 etiam

483 3840 687 3910 gratias
721 3849 942 3909 agentes
976 3839 1278 3894 exultamus
1308 3850 1362 3895 et
1392 3841 1776 3895 exosculamur
1819 3856 2064 3905 crucem,

489 3930 583 3986 Dei
619 3932 885 4001 gladium,
918 3948 1077 4001 quam
1124 3944 1177 3988 et
1213 3932 1379 3988 Isaias
1435 3933 1664 4001 ignitum
1697 3931 1935 4001 gladium
1970 3947 2068 3985 no-

487 4025 715 4080 minavit
743 4044 758 4081 :
785 4024 850 4080 In
882 4025 978 4079 illa
1005 4029 1139 4081 enim
1172 4026 1276 4091 die,
1308 4026 1508 4095 inquit,
1543 4025 1771 4081 adducet
1808 4024 2068 4079 Dominus

485 4121 725 4191 gladium
756 4138 912 4177 suum
949 4134 1214 4187 sanctum,
1256 4132 1308 4177 et
1338 4139 1610 4194 maguum,
1664 4128 1715 4175 et
1748 4122 1938 4189 [artem
1982 4136 2069 4173 su-

2162 3225 2301 3270 σεως
2344 3208 2373 3260 6
2426 3205 2682 3275 ἀλάστωρ
2723 3202 2958 3274 ὄργανον
3012 3195 3157 3270 εἶχεν
3205 3195 3488 3256 ἀπωλείας
3512 3233 3527 3256 ,
3573 3192 3744 3245 αἴτιον

2160 3297 2330 3362 ἔδειξε
2358 3296 2659 3367 σωτηρίας,
2686 3294 2907 3357 κτείνας
2936 3293 3028 3347 τὸν
3056 3290 3323 3361 τύραννον
3345 3286 3414 3341 δι’
3439 3282 3630 3346 αὑτοῦ,
3652 3282 3747 3334 καὶ

2160 3392 2353 3460 κόσμῳ
2397 3389 2497 3459 τὴν
2543 3384 2861 3456 ἐλευθερίαν
2901 3382 3298 3455 χαρισάμενος.
3345 3375 3536 3447 Ταύτῃ
3562 3390 3622 3426 τε
3652 3373 3748 3425 καὶ

2164 3486 2324 3554 ἡμεῖς
2354 3479 2807 3554 εὐχαριστοῦντες
2827 3475 3143 3556 ἀνυψοῦμεν
3164 3474 3259 3529 καὶ
3279 3466 3750 3536 κατασπαζόμεθα

2162 3577 2265 3648 τὴν
2310 3575 2446 3629 Θεοῦ
2485 3574 2785 3644 μάχαιραν,
2810 3570 2904 3625 τὸν
2944 3565 3202 3638 σταυρόν.
3246 3563 3404 3621 Οὕτω
3447 3561 3556 3632 γάρ
3589 3559 3752 3612 αὐτὸν

2166 3668 2262 3721 καὶ
2284 3666 2344 3720 τὺ
2373 3662 2908 3734 κατηνθρακωμένον
2930 3659 3222 3729 ὠνόμασεν
3272 3653 3503 3708 Ἦσαϊου
3535 3649 3715 3720 στόμα
3734 3662 3752 3679 ⁸

2173 3753 2252 3823 Τῇ
2278 3756 2469 3824 ἡμέρᾳ
2498 3755 2630 3823 γὰρ,
2666 3752 2853 3821 φησὶν,
2887 3749 3091 3816 ἐκείνῃ
3130 3743 3343 3809 ἐπάξει
3370 3746 3404 3799 ὁ
3459 3741 3607 3805 Θεὸς
3639 3737 3758 3803 τὴν

2164 3846 2470 3916 μάχαιραν
2496 3843 2684 3898 αὑτοῦ
2716 3841 2831 3910 τὴν
2861 3839 3059 3911 ἁγίαν,
3086 3836 3186 3892 καὶ
3216 3834 3332 3903 τὴν
3355 3834 3631 3903 μεγάλην
3656 3827 3756 3882 καί

2173 3938 2290 4007 τὴν
2328 3936 2610 4007 ίσχυρὰν,
2640 3935 2737 3989 ἐπὶ
2777 3932 2886 3988 τὸν
2933 3928 3257 3999 δράκοντα,
3317 3926 3424 3979 τὸν
3469 3923 3607 3992 ὅφιν
3650 3918 3761 3973 τὸν

2174 4030 2455 4097 σκολιὸν,
2475 4028 2575 4084 καί
2602 4025 2817 4083 ἀνελεῖ
2836 4023 2944 4079 τὸν
2966 4020 3267 4093 δράκοντα
3292 4016 3367 4086 τῇ
3397 4014 3591 4087 ἡμέρᾳ
3612 4010 3764 4066 ἐπείη

2177 4142 2255 4195 νῃ
2296 4124 2367 4178 ἐν
2393 4122 2469 4191 τῇ
2501 4121 2813 4186 θαλάσσῃ.
3750 4156 3755 4157 κ

485 4232 577 4285 per
614 4219 928 4281 draconem,
977 4229 1264 4287 serpentem
1322 4227 1643 4282 tortuosum,
1681 4227 1729 4270 et
1782 4216 2057 4283 interﬁciat
2098 4217 2382 4273 draconem
2408 4220 2461 4272 in
2480 4218 2574 4273 illa
2603 4217 2710 4279 die,
2736 4216 2791 4267 in
2814 4211 2952 4265 mari
2976 4210 3045 4263 ⁷⁸.

560 4310 799 4366 Peremit
831 4311 995 4381 igitur
1027 4310 1282 4381 Christus
1309 4324 1406 4377 per
1435 4323 1655 4362 crucem
1683 4322 1805 4361 eum
1830 4306 1923 4375 qui
1955 4308 2069 4373 glo-
2103 4313 2147 4367 ι)

491 4405 663 4459 riatns
697 4402 890 4467 fuerat,
919 4418 978 4458 se
1015 4402 1346 4457 aboliturum
1377 4410 1430 4453 et
1465 4410 1666 4452 terram
1702 4405 1757 4451 et
1791 4411 1960 4459 mare,
1987 4406 2071 4451 ιο-

491 4508 715 4565 tumque
751 4504 1015 4551 terrarum
1045 4495 1232 4550 orbem
1289 4493 1466 4547 instar
1497 4489 1604 4543 nidi
1645 4490 2105 4565 comprehensuﬁ

492 4604 630 4644 rum.
672 4587 884 4645 Occidit
920 4590 1282 4648 desertorem,
1331 4581 1605 4636 interiecit
1642 4581 2067 4651 corruptionem,

490 4683 767 4752 vitamque
818 4680 975 4735 nobis
1004 4678 1246 4732 donavit.
1275 4674 1417 4729 Cum
1447 4675 1593 4728 enim
1626 4672 1847 4727 malitiae
1882 4683 2073 4728 auctor

489 4783 546 4826 et
572 4774 677 4827 dux
724 4769 1072 4840 quadruplici
1107 4766 1423 4835 arrogantia
1467 4764 1757 4830 laborarit‘,
1801 4781 2072 4835 suumque

491 4863 750 4919 thronum
799 4877 921 4917 sese
959 4874 1125 4931 supra
1164 4857 1341 4911 nubes
1393 4855 1782 4912 collocaturum
1833 4858 2080 4929 jactarit,

416 4984 419 4987 λ
495 4956 792 5012 inferorum
827 4953 987 5009 sedes
1029 4952 1258 5019 adeptus
1310 4958 1414 5014 est,
1449 4959 1504 5003 et
1537 4948 1834 5007 Leviathan
1890 4953 2076 5023 appel-

493 5048 665 5111 latur,
691 5044 820 5101 sede
859 5045 912 5096 iu
952 5042 1107 5109 aquis
1138 5038 1425 5095 collocata.
1455 5038 1666 5096 Circuit
1711 5052 1894 5097 autent
1935 5058 2081 5110 eam,

497 5152 619 5204 qua
642 5136 782 5192 cmlo
810 5134 1051 5203 subjecta
1077 5141 1186 5195 est,
1225 5131 1528 5203 regionem,
1554 5143 1868 5204 terramque
1893 5138 2084 5193 obam-

436 5221 444 5229 ’
499 5233 671 5289 hulat.
700 5230 867 5300 lgitur
900 5230 1195 5299 prudenter
1238 5229 1533 5285 admodum
1586 5229 1845 5286 Dominus
1873 5242 1927 5287 et
1957 5231 2080 5288 Sal-

502 5336 658 5381 vator
704 5321 1045 5393 quadruplex
1103 5324 1261 5394 quasi
1327 5325 1725 5379 munimentum
1786 5324 1953 5395 ipsius
1991 5336 2077 5397 ty-

505 5417 718 5473 rannidi
758 5416 1030 5485 opposuit,
1060 5430 1275 5472 crucem
1306 5416 1568 5471 nimirum
1598 5415 2078 5487 quadripartitam,

506 5526 627 5581 quae
675 5510 1037 5581 undequaque
1086 5524 1209 5565 eum
1242 5509 1489 5579 expellit,
1518 5517 1573 5562 et
1621 5509 1686 5563 ad
1721 5518 1944 5572 tartara,
1975 5518 2085 5580 sty-

512 5606 741 5679 giasque
793 5603 984 5659 domos
1044 5602 1300 5656 detrudit.
1370 5601 1565 5655 Annon
1622 5610 1678 5653 et
1744 5600 1833 5653 alii
1891 5599 2090 5654 inﬁniti

514 5697 715 5759 mortis
741 5697 1002 5753 obeundae
1032 5696 1176 5750 modi
1207 5706 1385 5756 erant.
1420 5703 1480 5747 ut
1506 5702 1560 5748 ct
1586 5707 1680 5760 per
1706 5693 1866 5748 aliaat
1898 5707 2093 5764 quant‘

587 5816 632 5850 “
672 5811 852 5886 llleg.
883 5827 1013 5878 xvu,
1048 5810 1138 5867 46.
1213 5808 1257 5840 "
1293 5808 1392 5864 lea.
1421 5822 1587 5869 xxvu,
1622 5805 1671 5858 l.

2260 4309 2462 4363 Ἀνεῖλε
2496 4307 2628 4376 γοῦν
2645 4306 2735 4359 διὰ
2770 4303 3006 4375 σταυροῦ
3042 4304 3070 4354 ό
3094 4297 3330 4371 Χριστὸς
3361 4295 3454 4348 τὸν
3489 4290 3783 4362 καυχησά-“

2182 4419 2344 4471 μενον
2373 4400 2682 4468 ἐξαλείφειν
2712 4398 2816 4467 γῆν
2853 4413 2915 4449 τε
2947 4395 3041 4448 καὶ
3071 4391 3353 4446 θάλασσαν
3373 4426 3390 4452 ,
3425 4385 3522 4438 καὶ
3550 4384 3653 4451 τὴν
3684 4383 3757 4435 οἰ·

2175 4493 2453 4563 κουμένην
2482 4493 2613 4565 ὃλην
2659 4491 2733 4555 ὡς
2768 4487 3015 4545 νεοττιὰν
3049 4477 3487 4551 καταλήψεσθαι.
3535 4473 3759 4528 Ἐθανά-

2174 4604 2315 4643 τωσε
2373 4586 2464 4640 τὸν
2493 4585 2833 4653 ἀποστάτην,
2883 4579 3241 4648 άπενέκρωσε
3272 4569 3373 4642 τὴν
3413 4568 3644 4639 φθορὰν,
3677 4567 3768 4619 καὶ

2175 4678 2275 4748 τὴν
2305 4675 2450 4744 ζωὴν
2474 4677 2507 4745 ἡ
2516 4677 2606 4745 μίν
2655 4675 2994 4743 ἐδωρήσατο.
3013 4663 3234 4734 Ἐπειδὴ
3256 4660 3366 4731 γάρ
3391 4661 3419 4713 6
3444 4660 3543 4728 τῆς
3572 4656 3770 4718 κακίας

2176 4766 2423 4836 ἀρχηγὸς
2442 4766 2538 4819 καὶ
2551 4763 2869 4834 προστάτης
2898 4755 3217 4828 τετραμερῆ
3233 4753 3335 4825 τὴν
3358 4749 3770 4836 ὕπερηφάνει-αν

2184 4834 2458 4927 ἐκτήσατο
2502 4857 2597 4910 καὶ
2623 4857 2811 4925 θήσειν
2843 4851 2941 4923 μὲν
2967 4849 3062 4902 ἐπὶ
3092 4846 3205 4898 τῶν
3233 4842 3477 4914 νεφελῶν
3501 4834 3653 4892 εἴπεν
3678 4836 3769 4888 τὸν

2185 4950 2397 5021 θρόνον,
2425 4947 2858 5019 ἀπεκληρώσατο
2885 4945 2941 4998 δὲ
2974 4941 3066 4995 τὸν
3092 4939 3229 5012 ᾅδην
3248 4978 3262 5003 ,
3290 4936 3384 4990 καὶ
3414 4930 3688 4988 Λευϊαθάν
3713 4928 3770 4981 δὲ

2184 5043 2406 5111 λέγεται
2436 5043 2548 5104 τοῖς
2580 5040 2768 5093 ὕδασιν
2802 5032 3162 5106 ὲμφωλεύων.
3194 5028 3556 5099 Περιέρχεται
3586 5024 3643 5077 δὲ
3676 5024 3771 5076 καὶ

2184 5135 2286 5207 τὴν
2317 5134 2409 5188 ὑπ’
2436 5132 2691 5203 οὐρανὸν,
2722 5132 2816 5183 καὶ
2844 5125 3216 5198 ὲμπεριπατεῖ
3241 5123 3309 5192 τῇ
3341 5120 3436 5190 γῇ.
3470 5116 3773 5185 Πανσόφως

2187 5229 2300 5299 ἄρα
2351 5229 2447 5281 καὶ
2475 5226 2502 5279 6
2534 5222 2667 5294 ἐμὸς
2713 5221 2906 5291 Σωτὴρ
2965 5219 3060 5274 καὶ
3107 5217 3385 5287 Δεσπότης
3436 5208 3771 5284 τετραμερὲς

2189 5321 2522 5388 ἀντέστησεν
2549 5313 2924 5386 ἀμυντήριον,
2978 5313 3045 5382 τῇ
3080 5311 3316 5365 εξκείνου
3350 5304 3627 5376 τυραννίδι
3680 5299 3774 5352 τὸν

2190 5411 2504 5483 τετραμερῆ
2537 5409 2771 5477 σταυρὸν
2800 5406 3139 5478 πανταχόθεν
3173 5403 3337 5458 αὐτὸν
3372 5397 3771 5456 ἀπελαύνοντα,

2196 5505 2292 5557 καὶ
2323 5503 2581 5570 ταρτάρῳ
2611 5499 2707 5553 καὶ
2743 5500 2811 5570 τῇ
2848 5497 3041 5567 γεέννῃ
3067 5492 3533 5563 παραπέμποντα.
3565 5483 3641 5538 Ἶι
3669 5486 3778 5570 γὰρ

2204 5593 2265 5646 οὐ
2301 5568 2488 5661 μύριοί
2506 5568 2664 5654 τινες
2697 5568 2839 5658 ἦσαν
2867 5588 2919 5641 οἱ
2944 5587 3078 5657 πρὸς
3109 5583 3338 5637 θάνατον
3368 5578 3626 5647 φέροντες
3658 5568 3781 5661 τρό-

2209 5659 2321 5753 ποι,
2355 5685 2422 5740 ἵν’
2456 5684 2586 5746 ἴσως
2628 5672 2722 5737 καὶ
2769 5679 2838 5736 δι’
2871 5678 3034 5734 ἄλλου
3073 5674 3167 5731 τοῦ
3202 5674 3300 5744 τὴν
3339 5669 3480 5740 ὑπὲρ
3512 5662 3668 5738 ἡμῶν
3696 5659 3782 5716 ol-

3458 5810 3491 5817 ι
