  <div class='ocr_page' id='page_1' title='image "/cluster/home/n/w/nwhite01/storage/ocr_20150623/150/mdp.39015078384743/120.png"; bbox 0 0 4142 6294; ppageno 0'>
   <div class='ocr_carea' id='block_1_1' title="bbox 392 362 510 429">
    <p class='ocr_par' dir='ltr' id='par_1_1' title="bbox 392 362 510 429">
     <span class='ocr_line' id='line_1_1' title="bbox 392 362 510 429; baseline 0.017 -2"><span class='ocrx_word' id='word_1_1' title='bbox 392 362 510 429; x_wconf 71' lang='lat'><strong>2‘25</strong></span> 
     </span>
    </p>
   </div>
   <div class='ocr_carea' id='block_1_2' title="bbox 1426 358 2631 423">
    <p class='ocr_par' dir='ltr' id='par_1_2' title="bbox 1426 358 2631 423">
     <span class='ocr_line' id='line_1_2' title="bbox 1426 358 2631 423; baseline -0.002 -2"><span class='ocrx_word' id='word_1_2' title='bbox 1426 359 1511 421; x_wconf 82' lang='lat' dir='ltr'><strong>IN</strong></span> <span class='ocrx_word' id='word_1_3' title='bbox 1553 358 2158 421; x_wconf 75' lang='lat' dir='ltr'><strong>EXALTATIONEM</strong></span> <span class='ocrx_word' id='word_1_4' title='bbox 2227 359 2286 423; x_wconf 90' lang='lat' dir='ltr'><strong>S.</strong></span> <span class='ocrx_word' id='word_1_5' title='bbox 2330 359 2631 420; x_wconf 80' lang='lat' dir='ltr'><strong>CRUCIS.</strong></span> 
     </span>
    </p>
   </div>
   <div class='ocr_carea' id='block_1_3' title="bbox 3566 361 3672 426">
    <p class='ocr_par' dir='ltr' id='par_1_3' title="bbox 3566 361 3672 426">
     <span class='ocr_line' id='line_1_3' title="bbox 3566 361 3672 426; baseline 0 0"><span class='ocrx_word' id='word_1_6' title='bbox 3566 361 3672 426; x_wconf 75' lang='lat'><strong>226</strong></span> 
     </span>
    </p>
   </div>
   <div class='ocr_carea' id='block_1_4' title="bbox 401 467 1997 549">
    <p class='ocr_par' dir='ltr' id='par_1_4' title="bbox 401 467 1984 549">
     <span class='ocr_line' id='line_1_4' title="bbox 401 467 1984 549; baseline -0.006 -17"><span class='ocrx_word' id='word_1_7' title='bbox 401 480 677 549; x_wconf 68' lang='grc' dir='ltr'>κονομίαν</span> <span class='ocrx_word' id='word_1_8' title='bbox 697 475 727 528; x_wconf 85' lang='lat'><strong>6</strong></span> <span class='ocrx_word' id='word_1_9' title='bbox 754 473 1029 542; x_wconf 80' lang='grc' dir='ltr'><strong>Δεσπότης</strong></span> <span class='ocrx_word' id='word_1_10' title='bbox 1058 473 1404 539; x_wconf 72' lang='grc' dir='ltr'>έκτελέσειες</span> <span class='ocrx_word' id='word_1_11' title='bbox 1432 472 1529 535; x_wconf 88' lang='grc' dir='ltr'>Τίς</span> <span class='ocrx_word' id='word_1_12' title='bbox 1555 467 1649 525; x_wconf 81' lang='grc' dir='ltr'>οὖν</span> <span class='ocrx_word' id='word_1_13' title='bbox 1680 474 1709 525; x_wconf 90' lang='grc' dir='ltr'><strong>ό</strong></span> <span class='ocrx_word' id='word_1_14' title='bbox 1738 474 1869 541; x_wconf 84' lang='grc' dir='ltr'>περὶ</span> <span class='ocrx_word' id='word_1_15' title='bbox 1889 470 1984 523; x_wconf 83' lang='grc' dir='ltr'>τοῦ</span> 
     </span>
    </p>
   </div>
   <div class='ocr_carea' id='block_1_5' title="bbox 2099 467 3674 549">
    <p class='ocr_par' dir='ltr' id='par_1_5' title="bbox 2099 470 3674 544">
     <span class='ocr_line' id='line_1_5' title="bbox 2099 470 3674 544; baseline 0.005 -21"><span class='ocrx_word' id='word_1_16' title='bbox 2099 470 2220 523; x_wconf 88' lang='lat' dir='ltr'><strong>dam</strong></span> <span class='ocrx_word' id='word_1_17' title='bbox 2254 471 2444 524; x_wconf 83' lang='lat' dir='ltr'><strong>ntortis</strong></span> <span class='ocrx_word' id='word_1_18' title='bbox 2481 470 2744 526; x_wconf 87' lang='lat' dir='ltr'><strong>rationem</strong></span> <span class='ocrx_word' id='word_1_19' title='bbox 2780 470 3042 526; x_wconf 80' lang='lat' dir='ltr'><strong>Dominus</strong></span> <span class='ocrx_word' id='word_1_20' title='bbox 3079 483 3360 542; x_wconf 86' lang='lat' dir='ltr'><strong>susceptas</strong></span> <span class='ocrx_word' id='word_1_21' title='bbox 3389 488 3491 544; x_wconf 91' lang='lat' dir='ltr'><strong>pro</strong></span> <span class='ocrx_word' id='word_1_22' title='bbox 3516 477 3674 533; x_wconf 86' lang='lat' dir='ltr'><strong>nobis</strong></span> 
     </span>
    </p>
   </div>
   <div class='ocr_carea' id='block_1_6' title="bbox 409 563 1986 641">
    <p class='ocr_par' dir='ltr' id='par_1_6' title="bbox 409 563 1986 641">
     <span class='ocr_line' id='line_1_6' title="bbox 409 563 1986 641; baseline -0.007 -15"><span class='ocrx_word' id='word_1_23' title='bbox 409 568 655 641; x_wconf 87' lang='grc' dir='ltr'>σταυροῦ</span> <span class='ocrx_word' id='word_1_24' title='bbox 689 568 860 633; x_wconf 83' lang='grc' dir='ltr'>λόγος,</span> <span class='ocrx_word' id='word_1_25' title='bbox 893 565 954 620; x_wconf 79' lang='grc' dir='ltr'>ὃν</span> <span class='ocrx_word' id='word_1_26' title='bbox 990 565 1066 629; x_wconf 85' lang='grc' dir='ltr'>ὥς</span> <span class='ocrx_word' id='word_1_27' title='bbox 1097 568 1399 633; x_wconf 78' lang='grc' dir='ltr'>ἀναγκαῖον</span> <span class='ocrx_word' id='word_1_28' title='bbox 1428 564 1505 633; x_wconf 76' lang='grc' dir='ltr'>τῷ</span> <span class='ocrx_word' id='word_1_29' title='bbox 1539 564 1728 634; x_wconf 72' lang='grc' dir='ltr'>οἰκείῳ</span> <span class='ocrx_word' id='word_1_30' title='bbox 1765 563 1986 633; x_wconf 86' lang='grc' dir='ltr'>θανάτῳ</span> 
     </span>
    </p>
   </div>
   <div class='ocr_carea' id='block_1_7' title="bbox 413 654 1988 733">
    <p class='ocr_par' dir='ltr' id='par_1_7' title="bbox 413 654 1988 733">
     <span class='ocr_line' id='line_1_7' title="bbox 413 654 1988 733; baseline -0.007 -17"><span class='ocrx_word' id='word_1_31' title='bbox 413 658 689 733; x_wconf 78' lang='grc' dir='ltr'><strong>πανταχοῦ</strong></span> <span class='ocrx_word' id='word_1_32' title='bbox 720 660 942 730; x_wconf 78' lang='grc' dir='ltr'>μίγνυσι</span> <span class='ocrx_word' id='word_1_33' title='bbox 973 659 1308 729; x_wconf 78' lang='grc' dir='ltr'>προστιθεὶς,</span> <span class='ocrx_word' id='word_1_34' title='bbox 1354 657 1446 711; x_wconf 71' lang='grc' dir='ltr'>καὶ</span> <span class='ocrx_word' id='word_1_35' title='bbox 1474 657 1542 710; x_wconf 80' lang='grc' dir='ltr'><strong>δι’</strong></span> <span class='ocrx_word' id='word_1_36' title='bbox 1579 656 1637 709; x_wconf 84' lang='grc' dir='ltr'>ὃν</span> <span class='ocrx_word' id='word_1_37' title='bbox 1664 659 1775 709; x_wconf 68' lang='lat' dir='ltr'><strong>rei:</strong></span> <span class='ocrx_word' id='word_1_38' title='bbox 1810 654 1988 725; x_wconf 85' lang='grc' dir='ltr'>μαθη-</span> 
     </span>
    </p>
   </div>
   <div class='ocr_carea' id='block_1_8' title="bbox 416 744 1983 821">
    <p class='ocr_par' dir='ltr' id='par_1_8' title="bbox 416 744 1983 821">
     <span class='ocr_line' id='line_1_8' title="bbox 416 744 1983 821; baseline -0.007 -12"><span class='ocrx_word' id='word_1_39' title='bbox 416 759 539 819; x_wconf 82' lang='grc' dir='ltr'>ταῖς</span> <span class='ocrx_word' id='word_1_40' title='bbox 558 756 703 820; x_wconf 72' lang='grc' dir='ltr'>ἔλεγε</span> <span class='ocrx_word' id='word_1_41' title='bbox 731 744 877 821; x_wconf 74' lang='grc' dir='ltr'>μετά</span> <span class='ocrx_word' id='word_1_42' title='bbox 902 752 1003 821; x_wconf 81' lang='grc' dir='ltr'>τὴν</span> <span class='ocrx_word' id='word_1_43' title='bbox 1031 751 1349 814; x_wconf 85' lang='grc' dir='ltr'><strong>ἀνάστασιν,</strong></span> <span class='ocrx_word' id='word_1_44' title='bbox 1377 752 1458 803; x_wconf 79' lang='grc' dir='ltr'>ὅτι</span> <span class='ocrx_word' id='word_1_45' title='bbox 1485 747 1629 801; x_wconf 76' lang='grc' dir='ltr'>οὕτω</span> <span class='ocrx_word' id='word_1_46' title='bbox 1650 750 1983 816; x_wconf 76' lang='grc' dir='ltr'>γέγραπται,</span> 
     </span>
    </p>
   </div>
   <div class='ocr_carea' id='block_1_9' title="bbox 418 841 1987 916">
    <p class='ocr_par' dir='ltr' id='par_1_9' title="bbox 418 841 1987 916">
     <span class='ocr_line' id='line_1_9' title="bbox 418 841 1987 916; baseline -0.006 -13"><span class='ocrx_word' id='word_1_47' title='bbox 418 851 505 904; x_wconf 83' lang='grc' dir='ltr'>καὶ</span> <span class='ocrx_word' id='word_1_48' title='bbox 537 848 702 910; x_wconf 74' lang='grc' dir='ltr'>οὕτως</span> <span class='ocrx_word' id='word_1_49' title='bbox 730 847 840 900; x_wconf 72' lang='grc' dir='ltr'>ἔδει</span> <span class='ocrx_word' id='word_1_50' title='bbox 865 844 1060 899; x_wconf 78' lang='grc' dir='ltr'>παθεῖν</span> <span class='ocrx_word' id='word_1_51' title='bbox 1081 844 1173 898; x_wconf 78' lang='grc' dir='ltr'>τὸν</span> <span class='ocrx_word' id='word_1_52' title='bbox 1199 845 1451 916; x_wconf 64' lang='grc' dir='ltr'>Χριστόν,</span> <span class='ocrx_word' id='word_1_53' title='bbox 1470 843 1560 897; x_wconf 76' lang='grc' dir='ltr'><strong>διὰ</strong></span> <span class='ocrx_word' id='word_1_54' title='bbox 1586 842 1684 912; x_wconf 76' lang='grc' dir='ltr'>τῆς</span> <span class='ocrx_word' id='word_1_55' title='bbox 1713 841 1809 894; x_wconf 71' lang='grc' dir='ltr'><strong>ἐπὶ</strong></span> <span class='ocrx_word' id='word_1_56' title='bbox 1828 841 1987 906; x_wconf 80' lang='grc' dir='ltr'>ξύλου</span> 
     </span>
    </p>
   </div>
   <div class='ocr_carea' id='block_1_10' title="bbox 410 935 1988 1009">
    <p class='ocr_par' dir='ltr' id='par_1_10' title="bbox 410 935 1988 1009">
     <span class='ocr_line' id='line_1_10' title="bbox 410 935 1988 1009; baseline -0.006 -14"><span class='ocrx_word' id='word_1_57' title='bbox 410 940 643 1009; x_wconf 68' lang='grc' dir='ltr'>δηλονότι</span> <span class='ocrx_word' id='word_1_58' title='bbox 664 940 945 1003; x_wconf 77' lang='grc' dir='ltr'><strong>ἐκτάσεως</strong></span> <span class='ocrx_word' id='word_1_59' title='bbox 969 955 986 1006; x_wconf 87' lang='lat'><strong>;</strong></span> <span class='ocrx_word' id='word_1_60' title='bbox 1011 938 1193 992; x_wconf 82' lang='grc' dir='ltr'>Πολλά</span> <span class='ocrx_word' id='word_1_61' title='bbox 1222 938 1324 1008; x_wconf 80' lang='grc' dir='ltr'>μὲν</span> <span class='ocrx_word' id='word_1_62' title='bbox 1347 937 1476 1000; x_wconf 75' lang='grc' dir='ltr'>ἴσως</span> <span class='ocrx_word' id='word_1_63' title='bbox 1506 936 1533 988; x_wconf 88' lang='grc' dir='ltr'><strong>ό</strong></span> <span class='ocrx_word' id='word_1_64' title='bbox 1558 935 1735 1006; x_wconf 80' lang='grc' dir='ltr'>ζητῶν</span> <span class='ocrx_word' id='word_1_65' title='bbox 1762 935 1988 1004; x_wconf 80' lang='grc' dir='ltr'><strong>εὑρήσει</strong></span> 
     </span>
    </p>
   </div>
   <div class='ocr_carea' id='block_1_11' title="bbox 402 1027 1987 1099">
    <p class='ocr_par' dir='ltr' id='par_1_11' title="bbox 402 1027 1987 1099">
     <span class='ocr_line' id='line_1_11' title="bbox 402 1027 1987 1099; baseline -0.003 -15"><span class='ocrx_word' id='word_1_66' title='bbox 402 1032 592 1084; x_wconf 81' lang='grc' dir='ltr'>τούτου</span> <span class='ocrx_word' id='word_1_67' title='bbox 629 1033 698 1083; x_wconf 81' lang='grc' dir='ltr'>τὰ</span> <span class='ocrx_word' id='word_1_68' title='bbox 726 1033 901 1096; x_wconf 86' lang='grc' dir='ltr'>αῐτια,</span> <span class='ocrx_word' id='word_1_69' title='bbox 939 1031 1039 1084; x_wconf 77' lang='grc' dir='ltr'>καὶ</span> <span class='ocrx_word' id='word_1_70' title='bbox 1068 1031 1246 1084; x_wconf 88' lang='grc' dir='ltr'>πάντα</span> <span class='ocrx_word' id='word_1_71' title='bbox 1276 1029 1580 1099; x_wconf 84' lang='grc' dir='ltr'><strong>θεοπρεπῆ,</strong></span> <span class='ocrx_word' id='word_1_72' title='bbox 1617 1027 1738 1081; x_wconf 83' lang='grc' dir='ltr'>κατ’</span> <span class='ocrx_word' id='word_1_73' title='bbox 1772 1027 1987 1098; x_wconf 63' lang='grc' dir='ltr'>ἐξαίρεη</span> 
     </span>
    </p>
   </div>
   <div class='ocr_carea' id='block_1_12' title="bbox 399 1118 1987 1193">
    <p class='ocr_par' dir='ltr' id='par_1_12' title="bbox 399 1118 1987 1193">
     <span class='ocr_line' id='line_1_12' title="bbox 399 1118 1987 1193; baseline -0.002 -17"><span class='ocrx_word' id='word_1_74' title='bbox 399 1141 493 1177; x_wconf 86' lang='grc' dir='ltr'><strong>τον</strong></span> <span class='ocrx_word' id='word_1_75' title='bbox 533 1122 591 1177; x_wconf 73' lang='grc' dir='ltr'>δὲ</span> <span class='ocrx_word' id='word_1_76' title='bbox 633 1124 782 1178; x_wconf 74' lang='grc' dir='ltr'>δυοῖν</span> <span class='ocrx_word' id='word_1_77' title='bbox 836 1125 1046 1177; x_wconf 79' lang='grc' dir='ltr'>τούτοιν</span> <span class='ocrx_word' id='word_1_78' title='bbox 1090 1118 1274 1189; x_wconf 76' lang='grc' dir='ltr'>ἕνεκα,</span> <span class='ocrx_word' id='word_1_79' title='bbox 1325 1123 1392 1176; x_wconf 76' lang='grc' dir='ltr'><strong>ἵν’</strong></span> <span class='ocrx_word' id='word_1_80' title='bbox 1447 1124 1563 1193; x_wconf 82' lang='grc' dir='ltr'>ἃμα</span> <span class='ocrx_word' id='word_1_81' title='bbox 1606 1123 1705 1193; x_wconf 79' lang='grc' dir='ltr'>μὲν</span> <span class='ocrx_word' id='word_1_82' title='bbox 1750 1124 1843 1174; x_wconf 78' lang='grc' dir='ltr'><strong>καὶ</strong></span> <span class='ocrx_word' id='word_1_83' title='bbox 1892 1120 1987 1174; x_wconf 79' lang='grc' dir='ltr'>τοῦ</span> 
     </span>
    </p>
   </div>
   <div class='ocr_carea' id='block_1_13' title="bbox 398 1194 1989 1288">
    <p class='ocr_par' dir='ltr' id='par_1_13' title="bbox 398 1194 1989 1288">
     <span class='ocr_line' id='line_1_13' title="bbox 398 1194 1989 1288; baseline -0.002 -19"><span class='ocrx_word' id='word_1_84' title='bbox 398 1194 611 1282; x_wconf 73' lang='grc' dir='ltr'>κόσμου</span> <span class='ocrx_word' id='word_1_85' title='bbox 646 1216 847 1277; x_wconf 78' lang='grc' dir='ltr'>παντὸς</span> <span class='ocrx_word' id='word_1_86' title='bbox 880 1216 1114 1288; x_wconf 76' lang='grc' dir='ltr'><strong>ὲκδιώξῃ</strong></span> <span class='ocrx_word' id='word_1_87' title='bbox 1158 1216 1249 1269; x_wconf 69' lang='grc' dir='ltr'>τὸν</span> <span class='ocrx_word' id='word_1_88' title='bbox 1294 1217 1727 1285; x_wconf 76' lang='grc' dir='ltr'>τυραννήσαντα,</span> <span class='ocrx_word' id='word_1_89' title='bbox 1777 1214 1893 1284; x_wconf 72' lang='grc' dir='ltr'>ἅμα</span> <span class='ocrx_word' id='word_1_90' title='bbox 1932 1213 1989 1266; x_wconf 82' lang='grc' dir='ltr'>δὲ</span> 
     </span>
    </p>
   </div>
   <div class='ocr_carea' id='block_1_14' title="bbox 398 1305 1916 1377">
    <p class='ocr_par' dir='ltr' id='par_1_14' title="bbox 398 1305 1916 1377">
     <span class='ocr_line' id='line_1_14' title="bbox 398 1305 1916 1377; baseline 0.001 -19"><span class='ocrx_word' id='word_1_91' title='bbox 398 1308 496 1360; x_wconf 76' lang='grc' dir='ltr'>καὶ</span> <span class='ocrx_word' id='word_1_92' title='bbox 526 1305 627 1377; x_wconf 81' lang='grc' dir='ltr'>τὴν</span> <span class='ocrx_word' id='word_1_93' title='bbox 655 1306 1071 1377; x_wconf 71' lang='grc' dir='ltr'>ἀνυπέρϐλητον</span> <span class='ocrx_word' id='word_1_94' title='bbox 1107 1305 1518 1376; x_wconf 75' lang='grc' dir='ltr'>φιλανθρωπίαν</span> <span class='ocrx_word' id='word_1_95' title='bbox 1553 1305 1916 1372; x_wconf 74' lang='grc' dir='ltr'>ἐπιδείξηται.</span> 
     </span>
    </p>
   </div>
   <div class='ocr_carea' id='block_1_15' title="bbox 484 1571 1985 1642">
    <p class='ocr_par' dir='ltr' id='par_1_15' title="bbox 484 1571 1985 1642">
     <span class='ocr_line' id='line_1_15' title="bbox 484 1571 1985 1642; baseline 0.003 -18"><span class='ocrx_word' id='word_1_96' title='bbox 484 1571 816 1640; x_wconf 81' lang='grc' dir='ltr'>Ἑρμηνεύει</span> <span class='ocrx_word' id='word_1_97' title='bbox 846 1572 1062 1634; x_wconf 81' lang='grc' dir='ltr'>Παῦλος</span> <span class='ocrx_word' id='word_1_98' title='bbox 1085 1572 1377 1642; x_wconf 78' lang='grc' dir='ltr'>ἀμφότερα</span> <span class='ocrx_word' id='word_1_99' title='bbox 1400 1576 1637 1642; x_wconf 82' lang='grc' dir='ltr'>γράφων</span> <span class='ocrx_word' id='word_1_100' title='bbox 1673 1574 1946 1642; x_wconf 81' lang='grc' dir='ltr'>Ἐφεσίοις</span> <span class='ocrx_word' id='word_1_101' title='bbox 1969 1590 1985 1605; x_wconf 82' lang='grc'><em>’</em></span> 
     </span>
    </p>
   </div>
   <div class='ocr_carea' id='block_1_16' title="bbox 399 1662 1990 1732">
    <p class='ocr_par' dir='ltr' id='par_1_16' title="bbox 399 1662 1990 1732">
     <span class='ocr_line' id='line_1_16' title="bbox 399 1662 1990 1732; baseline 0.001 -15"><span class='ocrx_word' id='word_1_102' title='bbox 399 1664 507 1717; x_wconf 67' lang='grc' dir='ltr'><strong>Ἰν*</strong></span> <span class='ocrx_word' id='word_1_103' title='bbox 534 1662 909 1732; x_wconf 79' lang='grc' dir='ltr'>ἐξισχύσητε</span> <span class='ocrx_word' id='word_1_104' title='bbox 953 1663 1402 1717; x_wconf 77' lang='grc' dir='ltr'>καταλαϐέσθαι</span> <span class='ocrx_word' id='word_1_105' title='bbox 1443 1664 1499 1717; x_wconf 87' lang='grc' dir='ltr'><strong>τί</strong></span> <span class='ocrx_word' id='word_1_106' title='bbox 1539 1664 1605 1716; x_wconf 90' lang='grc' dir='ltr'>τὸ</span> <span class='ocrx_word' id='word_1_107' title='bbox 1633 1664 1864 1729; x_wconf 72' lang='grc' dir='ltr'>πλάτος</span> <span class='ocrx_word' id='word_1_108' title='bbox 1891 1666 1990 1718; x_wconf 78' lang='grc' dir='ltr'>καὶ</span> 
     </span>
    </p>
   </div>
   <div class='ocr_carea' id='block_1_17' title="bbox 395 1754 1992 1824">
    <p class='ocr_par' dir='ltr' id='par_1_17' title="bbox 395 1754 1992 1824">
     <span class='ocr_line' id='line_1_17' title="bbox 395 1754 1992 1824; baseline 0.001 -17"><span class='ocrx_word' id='word_1_109' title='bbox 395 1755 602 1824; x_wconf 77' lang='grc' dir='ltr'>μῆκος</span> <span class='ocrx_word' id='word_1_110' title='bbox 640 1754 739 1807; x_wconf 72' lang='grc' dir='ltr'>καὶ</span> <span class='ocrx_word' id='word_1_111' title='bbox 767 1754 964 1819; x_wconf 81' lang='grc' dir='ltr'><strong>βάθος</strong></span> <span class='ocrx_word' id='word_1_112' title='bbox 1011 1754 1107 1807; x_wconf 79' lang='grc' dir='ltr'><strong>καὶ</strong></span> <span class='ocrx_word' id='word_1_113' title='bbox 1132 1754 1311 1822; x_wconf 65' lang='grc' dir='ltr'>ὕψος,</span> <span class='ocrx_word' id='word_1_114' title='bbox 1336 1754 1557 1823; x_wconf 75' lang='grc' dir='ltr'>γνῶναι</span> <span class='ocrx_word' id='word_1_115' title='bbox 1574 1755 1643 1809; x_wconf 77' lang='grc' dir='ltr'>δὲ</span> <span class='ocrx_word' id='word_1_116' title='bbox 1660 1755 1779 1822; x_wconf 80' lang='grc' dir='ltr'><strong>τὴν</strong></span> <span class='ocrx_word' id='word_1_117' title='bbox 1814 1758 1992 1824; x_wconf 78' lang='grc' dir='ltr'>ὑπερ-</span> 
     </span>
    </p>
   </div>
   <div class='ocr_carea' id='block_1_18' title="bbox 2096 562 3672 636">
    <p class='ocr_par' dir='ltr' id='par_1_18' title="bbox 2096 562 3672 636">
     <span class='ocr_line' id='line_1_18' title="bbox 2096 562 3672 636; baseline 0.009 -25"><span class='ocrx_word' id='word_1_118' title='bbox 2096 569 2278 628; x_wconf 85' lang='lat' dir='ltr'><strong>partes</strong></span> <span class='ocrx_word' id='word_1_119' title='bbox 2309 563 2764 616; x_wconf 81' lang='lat' dir='ltr'><strong>ronsunnnaret?</strong></span> <span class='ocrx_word' id='word_1_120' title='bbox 2799 562 2930 630; x_wconf 82' lang='lat' dir='ltr'><strong>Quae</strong></span> <span class='ocrx_word' id='word_1_121' title='bbox 2957 563 3132 634; x_wconf 90' lang='lat' dir='ltr'><strong>igitur</strong></span> <span class='ocrx_word' id='word_1_122' title='bbox 3177 566 3359 622; x_wconf 87' lang='lat' dir='ltr'><strong>crucis</strong></span> <span class='ocrx_word' id='word_1_123' title='bbox 3385 568 3522 622; x_wconf 89' lang='lat' dir='ltr'><strong>ratio</strong></span> <span class='ocrx_word' id='word_1_124' title='bbox 3566 579 3672 636; x_wconf 90' lang='lat' dir='ltr'><strong>est,</strong></span> 
     </span>
    </p>
   </div>
   <div class='ocr_carea' id='block_1_19' title="bbox 2091 651 3671 721">
    <p class='ocr_par' dir='ltr' id='par_1_19' title="bbox 2091 651 3671 721">
     <span class='ocr_line' id='line_1_19' title="bbox 2091 651 3671 721; baseline 0.009 -21"><span class='ocrx_word' id='word_1_125' title='bbox 2091 652 2236 720; x_wconf 85' lang='lat' dir='ltr'><strong>quod</strong></span> <span class='ocrx_word' id='word_1_126' title='bbox 2272 651 2472 721; x_wconf 85' lang='lat' dir='ltr'><strong>ubique</strong></span> <span class='ocrx_word' id='word_1_127' title='bbox 2533 661 2788 721; x_wconf 87' lang='lat' dir='ltr'><strong>tanquam</strong></span> <span class='ocrx_word' id='word_1_128' title='bbox 2844 658 2909 710; x_wconf 90' lang='lat' dir='ltr'><strong>de</strong></span> <span class='ocrx_word' id='word_1_129' title='bbox 2945 659 3252 712; x_wconf 85' lang='lat' dir='ltr'><strong>necessaria</strong></span> <span class='ocrx_word' id='word_1_130' title='bbox 3314 660 3381 713; x_wconf 86' lang='lat' dir='ltr'><strong>ad</strong></span> <span class='ocrx_word' id='word_1_131' title='bbox 3439 671 3671 715; x_wconf 86' lang='lat' dir='ltr'><strong>mortem</strong></span> 
     </span>
    </p>
   </div>
   <div class='ocr_carea' id='block_1_20' title="bbox 2092 744 3667 821">
    <p class='ocr_par' dir='ltr' id='par_1_20' title="bbox 2092 744 3667 821">
     <span class='ocr_line' id='line_1_20' title="bbox 2092 744 3667 821; baseline 0.006 -24"><span class='ocrx_word' id='word_1_132' title='bbox 2092 759 2244 797; x_wconf 86' lang='lat' dir='ltr'><strong>suam</strong></span> <span class='ocrx_word' id='word_1_133' title='bbox 2294 744 2552 813; x_wconf 74' lang='lat' dir='ltr'><strong>loquitur,</strong></span> <span class='ocrx_word' id='word_1_134' title='bbox 2581 754 2636 799; x_wconf 91' lang='lat' dir='ltr'><strong>et</strong></span> <span class='ocrx_word' id='word_1_135' title='bbox 2680 744 2834 814; x_wconf 85' lang='lat' dir='ltr'><strong>cujus</strong></span> <span class='ocrx_word' id='word_1_136' title='bbox 2886 748 3059 818; x_wconf 89' lang='lat' dir='ltr'><strong>gratia</strong></span> <span class='ocrx_word' id='word_1_137' title='bbox 3104 762 3229 803; x_wconf 89' lang='lat' dir='ltr'><strong>cum</strong></span> <span class='ocrx_word' id='word_1_138' title='bbox 3263 752 3332 803; x_wconf 86' lang='lat' dir='ltr'><strong>ad</strong></span> <span class='ocrx_word' id='word_1_139' title='bbox 3371 751 3667 821; x_wconf 83' lang='lat' dir='ltr'><strong>discipulos</strong></span> 
     </span>
    </p>
   </div>
   <div class='ocr_carea' id='block_1_21' title="bbox 2093 834 3673 914">
    <p class='ocr_par' dir='ltr' id='par_1_21' title="bbox 2093 834 3673 914">
     <span class='ocr_line' id='line_1_21' title="bbox 2093 834 3673 914; baseline 0.008 -28"><span class='ocrx_word' id='word_1_140' title='bbox 2093 834 2258 888; x_wconf 89' lang='lat' dir='ltr'><strong>verba</strong></span> <span class='ocrx_word' id='word_1_141' title='bbox 2312 844 2432 904; x_wconf 88' lang='lat' dir='ltr'><strong>post</strong></span> <span class='ocrx_word' id='word_1_142' title='bbox 2478 838 2931 892; x_wconf 75' lang='lat' dir='ltr'><strong>resurrectionem</strong></span> <span class='ocrx_word' id='word_1_143' title='bbox 2983 839 3211 908; x_wconf 81' lang='lat' dir='ltr'><strong>faceret,</strong></span> <span class='ocrx_word' id='word_1_144' title='bbox 3267 842 3492 910; x_wconf 87' lang='lat' dir='ltr'><strong>aiebat;</strong></span> <span class='ocrx_word' id='word_1_145' title='bbox 3531 860 3673 914; x_wconf 85' lang='lat' dir='ltr'><strong>quo-</strong></span> 
     </span>
    </p>
   </div>
   <div class='ocr_carea' id='block_1_22' title="bbox 2091 925 3669 1005">
    <p class='ocr_par' dir='ltr' id='par_1_22' title="bbox 2091 925 3669 1005">
     <span class='ocr_line' id='line_1_22' title="bbox 2091 925 3669 1005; baseline 0.009 -28"><span class='ocrx_word' id='word_1_146' title='bbox 2091 925 2236 977; x_wconf 92' lang='lat' dir='ltr'><strong>niam</strong></span> <span class='ocrx_word' id='word_1_147' title='bbox 2274 926 2356 980; x_wconf 89' lang='lat' dir='ltr'><strong>sic</strong></span> <span class='ocrx_word' id='word_1_148' title='bbox 2408 926 2668 994; x_wconf 80' lang='lat' dir='ltr'><strong>scriptum</strong></span> <span class='ocrx_word' id='word_1_149' title='bbox 2698 937 2803 996; x_wconf 84' lang='lat' dir='ltr'><strong>est,</strong></span> <span class='ocrx_word' id='word_1_150' title='bbox 2834 938 2885 984; x_wconf 88' lang='lat' dir='ltr'><strong>et</strong></span> <span class='ocrx_word' id='word_1_151' title='bbox 2936 932 3017 987; x_wconf 89' lang='lat' dir='ltr'><strong>sic</strong></span> <span class='ocrx_word' id='word_1_152' title='bbox 3046 934 3331 1001; x_wconf 82' lang='lat' dir='ltr'><strong>Oportebat</strong></span> <span class='ocrx_word' id='word_1_153' title='bbox 3377 938 3484 1005; x_wconf 85' lang='lat' dir='ltr'><strong>pati</strong></span> <span class='ocrx_word' id='word_1_154' title='bbox 3517 937 3669 991; x_wconf 82' lang='lat' dir='ltr'><strong>Citri-</strong></span> 
     </span>
    </p>
   </div>
   <div class='ocr_carea' id='block_1_23' title="bbox 2091 1017 3677 1088">
    <p class='ocr_par' dir='ltr' id='par_1_23' title="bbox 2091 1017 3677 1088">
     <span class='ocr_line' id='line_1_23' title="bbox 2091 1017 3677 1088; baseline 0.01 -21"><span class='ocrx_word' id='word_1_155' title='bbox 2091 1022 2257 1079; x_wconf 87' lang='lat' dir='ltr'><strong>stum,</strong></span> <span class='ocrx_word' id='word_1_156' title='bbox 2291 1017 2544 1072; x_wconf 84' lang='lat' dir='ltr'><strong>videlicet</strong></span> <span class='ocrx_word' id='word_1_157' title='bbox 2596 1033 2695 1088; x_wconf 89' lang='lat' dir='ltr'><strong>per</strong></span> <span class='ocrx_word' id='word_1_158' title='bbox 2749 1023 3127 1079; x_wconf 81' lang='lat' dir='ltr'><strong>extensionem</strong></span> <span class='ocrx_word' id='word_1_159' title='bbox 3173 1026 3227 1080; x_wconf 91' lang='lat' dir='ltr'><strong>in</strong></span> <span class='ocrx_word' id='word_1_160' title='bbox 3281 1028 3677 1083; x_wconf 60' lang='lat' dir='ltr'><strong>cruceYIt‘orte</strong></span> 
     </span>
    </p>
   </div>
   <div class='ocr_carea' id='block_1_24' title="bbox 2094 1111 3672 1192">
    <p class='ocr_par' dir='ltr' id='par_1_24' title="bbox 2094 1111 3672 1192">
     <span class='ocr_line' id='line_1_24' title="bbox 2094 1111 3672 1192; baseline 0.011 -32"><span class='ocrx_word' id='word_1_161' title='bbox 2094 1122 2272 1164; x_wconf 87' lang='lat' dir='ltr'><strong>autem</strong></span> <span class='ocrx_word' id='word_1_162' title='bbox 2320 1111 2386 1176; x_wconf 87' lang='lat' dir='ltr'><strong>is,</strong></span> <span class='ocrx_word' id='word_1_163' title='bbox 2419 1115 2504 1166; x_wconf 85' lang='lat' dir='ltr'><strong>cui</strong></span> <span class='ocrx_word' id='word_1_164' title='bbox 2549 1128 2797 1181; x_wconf 66' lang='lat' dir='ltr'><strong>quaerere</strong></span> <span class='ocrx_word' id='word_1_165' title='bbox 2847 1117 3082 1179; x_wconf 84' lang='lat' dir='ltr'><strong>animus,</strong></span> <span class='ocrx_word' id='word_1_166' title='bbox 3121 1120 3323 1175; x_wconf 89' lang='lat' dir='ltr'><strong>multas</strong></span> <span class='ocrx_word' id='word_1_167' title='bbox 3375 1121 3535 1192; x_wconf 85' lang='lat' dir='ltr'><strong>hujus</strong></span> <span class='ocrx_word' id='word_1_168' title='bbox 3593 1123 3672 1178; x_wconf 85' lang='lat' dir='ltr'><strong>rei</strong></span> 
     </span>
    </p>
   </div>
   <div class='ocr_carea' id='block_1_25' title="bbox 2093 1203 3673 1280">
    <p class='ocr_par' dir='ltr' id='par_1_25' title="bbox 2093 1203 3673 1280">
     <span class='ocr_line' id='line_1_25' title="bbox 2093 1203 3673 1280; baseline 0.009 -24"><span class='ocrx_word' id='word_1_169' title='bbox 2093 1203 2367 1258; x_wconf 84' lang='lat' dir='ltr'><strong>invenerit</strong></span> <span class='ocrx_word' id='word_1_170' title='bbox 2417 1218 2636 1269; x_wconf 83' lang='lat' dir='ltr'><strong>causas,</strong></span> <span class='ocrx_word' id='word_1_171' title='bbox 2668 1220 2970 1277; x_wconf 86' lang='lat' dir='ltr'><strong>omnesque</strong></span> <span class='ocrx_word' id='word_1_172' title='bbox 3016 1209 3125 1265; x_wconf 90' lang='lat' dir='ltr'><strong>Deo</strong></span> <span class='ocrx_word' id='word_1_173' title='bbox 3154 1224 3568 1280; x_wconf 76' lang='lat' dir='ltr'><strong>consentaneas,</strong></span> <span class='ocrx_word' id='word_1_174' title='bbox 3604 1230 3673 1270; x_wconf 79' lang='lat' dir='ltr'><strong>ex</strong></span> 
     </span>
    </p>
   </div>
   <div class='ocr_carea' id='block_1_26' title="bbox 2092 1297 3681 1369">
    <p class='ocr_par' dir='ltr' id='par_1_26' title="bbox 2092 1297 3681 1369">
     <span class='ocr_line' id='line_1_26' title="bbox 2092 1297 3681 1369; baseline 0.008 -20"><span class='ocrx_word' id='word_1_175' title='bbox 2092 1298 2293 1366; x_wconf 84' lang='lat' dir='ltr'><strong>quibus</strong></span> <span class='ocrx_word' id='word_1_176' title='bbox 2351 1297 2474 1353; x_wconf 65' lang='lat' dir='ltr'><strong>duae</strong></span> <span class='ocrx_word' id='word_1_177' title='bbox 2528 1299 2649 1354; x_wconf 66' lang='lat' dir='ltr'><strong>ista:</strong></span> <span class='ocrx_word' id='word_1_178' title='bbox 2711 1303 3057 1369; x_wconf 54' lang='lat' dir='ltr'><strong>potissima}:</strong></span> <span class='ocrx_word' id='word_1_179' title='bbox 3094 1313 3153 1359; x_wconf 88' lang='lat' dir='ltr'><strong>ut</strong></span> <span class='ocrx_word' id='word_1_180' title='bbox 3204 1306 3361 1360; x_wconf 87' lang='lat' dir='ltr'><strong>simul</strong></span> <span class='ocrx_word' id='word_1_181' title='bbox 3430 1322 3498 1362; x_wconf 77' lang='lat' dir='ltr'><strong>ex</strong></span> <span class='ocrx_word' id='word_1_182' title='bbox 3564 1318 3681 1361; x_wconf 89' lang='lat' dir='ltr'><strong>toto</strong></span> 
     </span>
    </p>
   </div>
   <div class='ocr_carea' id='block_1_27' title="bbox 2094 1389 3665 1466">
    <p class='ocr_par' dir='ltr' id='par_1_27' title="bbox 2094 1389 3665 1466">
     <span class='ocr_line' id='line_1_27' title="bbox 2094 1389 3665 1466; baseline 0.008 -25"><span class='ocrx_word' id='word_1_183' title='bbox 2094 1389 2293 1442; x_wconf 87' lang='lat' dir='ltr'><strong>mumlo</strong></span> <span class='ocrx_word' id='word_1_184' title='bbox 2330 1390 2603 1445; x_wconf 84' lang='lat' dir='ltr'><strong>crudelem</strong></span> <span class='ocrx_word' id='word_1_185' title='bbox 2637 1392 2790 1447; x_wconf 90' lang='lat' dir='ltr'><strong>illum</strong></span> <span class='ocrx_word' id='word_1_186' title='bbox 2830 1404 3118 1464; x_wconf 83' lang='lat' dir='ltr'><strong>tyrannum</strong></span> <span class='ocrx_word' id='word_1_187' title='bbox 3149 1397 3467 1466; x_wconf 84' lang='lat' dir='ltr'><strong>expelleret,</strong></span> <span class='ocrx_word' id='word_1_188' title='bbox 3501 1401 3665 1455; x_wconf 87' lang='lat' dir='ltr'><strong>simul</strong></span> 
     </span>
    </p>
   </div>
   <div class='ocr_carea' id='block_1_28' title="bbox 2093 1482 3476 1546">
    <p class='ocr_par' dir='ltr' id='par_1_28' title="bbox 2093 1482 3476 1546">
     <span class='ocr_line' id='line_1_28' title="bbox 2093 1482 3476 1546; baseline 0.007 -12"><span class='ocrx_word' id='word_1_189' title='bbox 2093 1493 2149 1535; x_wconf 89' lang='lat' dir='ltr'><strong>et</strong></span> <span class='ocrx_word' id='word_1_190' title='bbox 2180 1482 2502 1536; x_wconf 88' lang='lat' dir='ltr'><strong>immensam</strong></span> <span class='ocrx_word' id='word_1_191' title='bbox 2532 1500 2685 1539; x_wconf 85' lang='lat' dir='ltr'><strong>suam</strong></span> <span class='ocrx_word' id='word_1_192' title='bbox 2722 1487 3024 1542; x_wconf 85' lang='lat' dir='ltr'><strong>bonitatem</strong></span> <span class='ocrx_word' id='word_1_193' title='bbox 3057 1491 3476 1546; x_wconf 83' lang='lat' dir='ltr'><strong>demonstraret.</strong></span> 
     </span>
    </p>
   </div>
   <div class='ocr_carea' id='block_1_29' title="bbox 2166 1572 3675 1648">
    <p class='ocr_par' dir='ltr' id='par_1_29' title="bbox 2166 1572 3675 1648">
     <span class='ocr_line' id='line_1_29' title="bbox 2166 1572 3675 1648; baseline 0.009 -23"><span class='ocrx_word' id='word_1_194' title='bbox 2166 1572 2461 1642; x_wconf 88' lang='lat' dir='ltr'><strong>Utriusque</strong></span> <span class='ocrx_word' id='word_1_195' title='bbox 2493 1576 2645 1631; x_wconf 77' lang='lat' dir='ltr'><strong>teStis</strong></span> <span class='ocrx_word' id='word_1_196' title='bbox 2675 1586 2729 1631; x_wconf 91' lang='lat' dir='ltr'><strong>et</strong></span> <span class='ocrx_word' id='word_1_197' title='bbox 2769 1578 3037 1648; x_wconf 82' lang='lat' dir='ltr'><strong>interpres</strong></span> <span class='ocrx_word' id='word_1_198' title='bbox 3070 1590 3155 1635; x_wconf 87' lang='lat' dir='ltr'><strong>est</strong></span> <span class='ocrx_word' id='word_1_199' title='bbox 3192 1579 3394 1637; x_wconf 88' lang='lat' dir='ltr'><strong>Paulus</strong></span> <span class='ocrx_word' id='word_1_200' title='bbox 3426 1584 3675 1638; x_wconf 82' lang='lat' dir='ltr'><strong>scribens</strong></span> 
     </span>
    </p>
   </div>
   <div class='ocr_carea' id='block_1_30' title="bbox 2093 1665 3680 1744">
    <p class='ocr_par' dir='ltr' id='par_1_30' title="bbox 2093 1665 3680 1744">
     <span class='ocr_line' id='line_1_30' title="bbox 2093 1665 3680 1744; baseline 0.008 -26"><span class='ocrx_word' id='word_1_201' title='bbox 2093 1665 2160 1719; x_wconf 84' lang='lat' dir='ltr'><strong>ad</strong></span> <span class='ocrx_word' id='word_1_202' title='bbox 2204 1665 2506 1735; x_wconf 81' lang='lat' dir='ltr'><strong>Ephesios:</strong></span> <span class='ocrx_word' id='word_1_203' title='bbox 2543 1666 2611 1721; x_wconf 79' lang='lat' dir='ltr'><strong>Ut</strong></span> <span class='ocrx_word' id='word_1_204' title='bbox 2636 1671 2853 1737; x_wconf 75' lang='lat' dir='ltr'><strong>possitis</strong></span> <span class='ocrx_word' id='word_1_205' title='bbox 2887 1674 3319 1741; x_wconf 78' lang='lat' dir='ltr'><strong>comprehendere</strong></span> <span class='ocrx_word' id='word_1_206' title='bbox 3347 1692 3465 1744; x_wconf 75' lang='lat' dir='ltr'><strong>qua:</strong></span> <span class='ocrx_word' id='word_1_207' title='bbox 3497 1678 3565 1730; x_wconf 88' lang='lat' dir='ltr'><strong>sit</strong></span> <span class='ocrx_word' id='word_1_208' title='bbox 3598 1676 3680 1730; x_wconf 86' lang='lat' dir='ltr'><strong>la-</strong></span> 
     </span>
    </p>
   </div>
   <div class='ocr_carea' id='block_1_31' title="bbox 2100 1757 3681 1834">
    <p class='ocr_par' dir='ltr' id='par_1_31' title="bbox 2100 1757 3681 1834">
     <span class='ocr_line' id='line_1_31' title="bbox 2100 1757 3681 1834; baseline 0.01 -26"><span class='ocrx_word' id='word_1_209' title='bbox 2100 1757 2271 1812; x_wconf 81' lang='lat' dir='ltr'><strong>titudo</strong></span> <span class='ocrx_word' id='word_1_210' title='bbox 2290 1769 2339 1811; x_wconf 84' lang='lat' dir='ltr'><strong>et</strong></span> <span class='ocrx_word' id='word_1_211' title='bbox 2387 1759 2662 1829; x_wconf 78' lang='lat' dir='ltr'><strong>longitudo</strong></span> <span class='ocrx_word' id='word_1_212' title='bbox 2690 1802 2705 1827; x_wconf 90' lang='lat'><strong>,</strong></span> <span class='ocrx_word' id='word_1_213' title='bbox 2753 1765 3089 1834; x_wconf 75' lang='lat' dir='ltr'><strong>profunditas</strong></span> <span class='ocrx_word' id='word_1_214' title='bbox 3136 1777 3184 1820; x_wconf 83' lang='lat' dir='ltr'><strong>et</strong></span> <span class='ocrx_word' id='word_1_215' title='bbox 3223 1768 3452 1822; x_wconf 78' lang='lat' dir='ltr'><strong>altitudo</strong></span> <span class='ocrx_word' id='word_1_216' title='bbox 3486 1786 3506 1825; x_wconf 91' lang='lat'><strong><em>:</em></strong></span> <span class='ocrx_word' id='word_1_217' title='bbox 3540 1770 3681 1824; x_wconf 80' lang='lat' dir='ltr'><strong>scire</strong></span> 
     </span>
    </p>
   </div>
   <div class='ocr_carea' id='block_1_32' title="bbox 399 1844 1997 1919">
    <p class='ocr_par' dir='ltr' id='par_1_32' title="bbox 399 1844 1986 1916">
     <span class='ocr_line' id='line_1_32' title="bbox 399 1844 1986 1916; baseline 0.002 -17"><span class='ocrx_word' id='word_1_218' title='bbox 399 1848 767 1901; x_wconf 74' lang='grc' dir='ltr'>διίλλουσαν</span> <span class='ocrx_word' id='word_1_219' title='bbox 807 1845 1055 1915; x_wconf 75' lang='grc' dir='ltr'>ἀγάπην</span> <span class='ocrx_word' id='word_1_220' title='bbox 1091 1844 1204 1914; x_wconf 82' lang='grc' dir='ltr'>τῆς</span> <span class='ocrx_word' id='word_1_221' title='bbox 1234 1846 1512 1915; x_wconf 77' lang='grc' dir='ltr'>γνώσεως</span> <span class='ocrx_word' id='word_1_222' title='bbox 1549 1847 1657 1901; x_wconf 85' lang='grc' dir='ltr'>τοῦ</span> <span class='ocrx_word' id='word_1_223' title='bbox 1703 1848 1986 1916; x_wconf 78' lang='grc' dir='ltr'>Χριστοῦ.</span> 
     </span>
    </p>
   </div>
   <div class='ocr_carea' id='block_1_33' title="bbox 2099 1844 3676 1919">
    <p class='ocr_par' dir='ltr' id='par_1_33' title="bbox 2099 1848 3676 1919">
     <span class='ocr_line' id='line_1_33' title="bbox 2099 1848 3676 1919; baseline 0.01 -18"><span class='ocrx_word' id='word_1_224' title='bbox 2099 1848 2253 1902; x_wconf 74' lang='lat' dir='ltr'><strong>etiam</strong></span> <span class='ocrx_word' id='word_1_225' title='bbox 2287 1854 2758 1919; x_wconf 78' lang='lat' dir='ltr'><strong>supereminentem</strong></span> <span class='ocrx_word' id='word_1_226' title='bbox 2786 1858 3101 1912; x_wconf 78' lang='lat' dir='ltr'><strong>charitatem</strong></span> <span class='ocrx_word' id='word_1_227' title='bbox 3136 1861 3367 1914; x_wconf 74' lang='lat' dir='ltr'><strong>scientia:</strong></span> <span class='ocrx_word' id='word_1_228' title='bbox 3385 1860 3585 1915; x_wconf 80' lang='lat' dir='ltr'><strong>Christi</strong></span> <span class='ocrx_word' id='word_1_229' title='bbox 3607 1861 3676 1917; x_wconf 81' lang='lat'><strong>&quot;.</strong></span> 
     </span>
    </p>
   </div>
   <div class='ocr_carea' id='block_1_34' title="bbox 398 1937 1990 2008">
    <p class='ocr_par' dir='ltr' id='par_1_34' title="bbox 398 1937 1990 2008">
     <span class='ocr_line' id='line_1_34' title="bbox 398 1937 1990 2008; baseline 0.003 -20"><span class='ocrx_word' id='word_1_230' title='bbox 398 1937 518 2006; x_wconf 79' lang='grc' dir='ltr'>Τὴν</span> <span class='ocrx_word' id='word_1_231' title='bbox 550 1941 651 2007; x_wconf 78' lang='grc' dir='ltr'>μὲν</span> <span class='ocrx_word' id='word_1_232' title='bbox 672 1937 782 2008; x_wconf 84' lang='grc' dir='ltr'><strong>γάρ</strong></span> <span class='ocrx_word' id='word_1_233' title='bbox 811 1937 965 1990; x_wconf 88' lang='grc' dir='ltr'>θείαν</span> <span class='ocrx_word' id='word_1_234' title='bbox 983 1939 1213 2008; x_wconf 80' lang='grc' dir='ltr'>ἀγάπην</span> <span class='ocrx_word' id='word_1_235' title='bbox 1242 1938 1508 2008; x_wconf 71' lang='grc' dir='ltr'>ἔγνωμεν,</span> <span class='ocrx_word' id='word_1_236' title='bbox 1537 1940 1619 1991; x_wconf 84' lang='grc' dir='ltr'>ὅτι</span> <span class='ocrx_word' id='word_1_237' title='bbox 1644 1939 1737 1993; x_wconf 62' lang='grc' dir='ltr'><strong>τὸν</strong></span> <span class='ocrx_word' id='word_1_238' title='bbox 1770 1940 1990 1994; x_wconf 84' lang='grc' dir='ltr'>πάντων</span> 
     </span>
    </p>
   </div>
   <div class='ocr_carea' id='block_1_35' title="bbox 396 2029 1993 2101">
    <p class='ocr_par' dir='ltr' id='par_1_35' title="bbox 396 2029 1993 2101">
     <span class='ocr_line' id='line_1_35' title="bbox 396 2029 1993 2101; baseline 0.002 -20"><span class='ocrx_word' id='word_1_239' title='bbox 396 2030 680 2082; x_wconf 76' lang='grc' dir='ltr'>οἴκτιστον</span> <span class='ocrx_word' id='word_1_240' title='bbox 708 2029 852 2099; x_wconf 75' lang='grc' dir='ltr'>ὑπὲρ</span> <span class='ocrx_word' id='word_1_241' title='bbox 899 2029 1056 2099; x_wconf 79' lang='grc' dir='ltr'>ἡμῶν</span> <span class='ocrx_word' id='word_1_242' title='bbox 1099 2030 1277 2083; x_wconf 80' lang='grc' dir='ltr'>εἵλετο</span> <span class='ocrx_word' id='word_1_243' title='bbox 1318 2031 1590 2085; x_wconf 85' lang='grc' dir='ltr'>θάνατον·</span> <span class='ocrx_word' id='word_1_244' title='bbox 1630 2032 1731 2101; x_wconf 81' lang='grc' dir='ltr'>τὴν</span> <span class='ocrx_word' id='word_1_245' title='bbox 1768 2031 1823 2084; x_wconf 83' lang='grc' dir='ltr'>δὲ</span> <span class='ocrx_word' id='word_1_246' title='bbox 1856 2049 1993 2098; x_wconf 83' lang='grc' dir='ltr'>παγ-</span> 
     </span>
    </p>
   </div>
   <div class='ocr_carea' id='block_1_36' title="bbox 399 2121 1990 2194">
    <p class='ocr_par' dir='ltr' id='par_1_36' title="bbox 399 2121 1990 2194">
     <span class='ocr_line' id='line_1_36' title="bbox 399 2121 1990 2194; baseline 0.001 -19"><span class='ocrx_word' id='word_1_247' title='bbox 399 2122 636 2191; x_wconf 77' lang='grc' dir='ltr'>κὸτμιον</span> <span class='ocrx_word' id='word_1_248' title='bbox 654 2121 971 2190; x_wconf 72' lang='grc' dir='ltr'>ἐλευθερίαν</span> <span class='ocrx_word' id='word_1_249' title='bbox 987 2125 1077 2175; x_wconf 85' lang='grc' dir='ltr'>ἁνε</span> <span class='ocrx_word' id='word_1_250' title='bbox 1088 2123 1381 2193; x_wconf 76' lang='grc' dir='ltr'>μυὴθημεν</span> <span class='ocrx_word' id='word_1_251' title='bbox 1402 2124 1488 2176; x_wconf 78' lang='grc' dir='ltr'><strong>διά</strong></span> <span class='ocrx_word' id='word_1_252' title='bbox 1500 2124 1594 2176; x_wconf 76' lang='grc' dir='ltr'><strong>τοῦ</strong></span> <span class='ocrx_word' id='word_1_253' title='bbox 1615 2141 1780 2194; x_wconf 74' lang='grc' dir='ltr'>τετρα</span> <span class='ocrx_word' id='word_1_254' title='bbox 1790 2143 1853 2194; x_wconf 84' lang='grc' dir='ltr'><strong>με</strong></span> <span class='ocrx_word' id='word_1_255' title='bbox 1864 2124 1990 2193; x_wconf 86' lang='grc' dir='ltr'>ροῢς</span> 
     </span>
    </p>
   </div>
   <div class='ocr_carea' id='block_1_37' title="bbox 402 2213 1986 2286">
    <p class='ocr_par' dir='ltr' id='par_1_37' title="bbox 402 2213 1986 2286">
     <span class='ocr_line' id='line_1_37' title="bbox 402 2213 1986 2286; baseline 0.002 -20"><span class='ocrx_word' id='word_1_256' title='bbox 402 2214 692 2284; x_wconf 80' lang='grc' dir='ltr'>σχήματος</span> <span class='ocrx_word' id='word_1_257' title='bbox 716 2213 812 2267; x_wconf 82' lang='grc' dir='ltr'>τοῦ</span> <span class='ocrx_word' id='word_1_258' title='bbox 839 2213 1099 2286; x_wconf 82' lang='grc' dir='ltr'>σταυροῦ.</span> <span class='ocrx_word' id='word_1_259' title='bbox 1123 2214 1366 2281; x_wconf 79' lang='grc' dir='ltr'>Πάντας</span> <span class='ocrx_word' id='word_1_260' title='bbox 1392 2213 1502 2283; x_wconf 78' lang='grc' dir='ltr'>γὰρ</span> <span class='ocrx_word' id='word_1_261' title='bbox 1529 2216 1786 2270; x_wconf 64' lang='grc' dir='ltr'>εἵλκυσε</span> <span class='ocrx_word' id='word_1_262' title='bbox 1836 2216 1986 2282; x_wconf 80' lang='grc' dir='ltr'>πρὸς</span> 
     </span>
    </p>
   </div>
   <div class='ocr_carea' id='block_1_38' title="bbox 405 2303 1993 2375">
    <p class='ocr_par' dir='ltr' id='par_1_38' title="bbox 405 2303 1993 2375">
     <span class='ocr_line' id='line_1_38' title="bbox 405 2303 1993 2375; baseline 0 -18"><span class='ocrx_word' id='word_1_263' title='bbox 405 2304 639 2359; x_wconf 81' lang='grc' dir='ltr'>ἑαυτὸν</span> <span class='ocrx_word' id='word_1_264' title='bbox 679 2307 745 2375; x_wconf 83' lang='grc' dir='ltr'><strong>τῇ</strong></span> <span class='ocrx_word' id='word_1_265' title='bbox 787 2303 1085 2371; x_wconf 73' lang='grc' dir='ltr'>ἐπιγνώσει</span> <span class='ocrx_word' id='word_1_266' title='bbox 1111 2305 1213 2373; x_wconf 84' lang='grc' dir='ltr'>τῆς</span> <span class='ocrx_word' id='word_1_267' title='bbox 1250 2305 1388 2368; x_wconf 76' lang='grc' dir='ltr'>ιδίας</span> <span class='ocrx_word' id='word_1_268' title='bbox 1414 2304 1733 2366; x_wconf 83' lang='grc' dir='ltr'>δεσποτείας</span> <span class='ocrx_word' id='word_1_269' title='bbox 1758 2321 1772 2335; x_wconf 76' lang='grc' dir='ltr'><strong><em>ο</em></strong></span> <span class='ocrx_word' id='word_1_270' title='bbox 1803 2305 1993 2375; x_wconf 79' lang='grc' dir='ltr'>ἐπειδὴ</span> 
     </span>
    </p>
   </div>
   <div class='ocr_carea' id='block_1_39' title="bbox 406 2399 1993 2473">
    <p class='ocr_par' dir='ltr' id='par_1_39' title="bbox 406 2399 1993 2473">
     <span class='ocr_line' id='line_1_39' title="bbox 406 2399 1993 2473; baseline 0.003 -21"><span class='ocrx_word' id='word_1_271' title='bbox 406 2399 639 2469; x_wconf 76' lang='grc' dir='ltr'>βασιλέα</span> <span class='ocrx_word' id='word_1_272' title='bbox 686 2401 991 2471; x_wconf 85' lang='grc' dir='ltr'>τηνικαῦτα</span> <span class='ocrx_word' id='word_1_273' title='bbox 1049 2406 1144 2455; x_wconf 74' lang='grc' dir='ltr'>καὶ</span> <span class='ocrx_word' id='word_1_274' title='bbox 1190 2401 1324 2455; x_wconf 80' lang='grc' dir='ltr'>Θεὸν</span> <span class='ocrx_word' id='word_1_275' title='bbox 1366 2402 1466 2471; x_wconf 84' lang='grc' dir='ltr'><strong>οὐχ</strong></span> <span class='ocrx_word' id='word_1_276' title='bbox 1510 2404 1544 2471; x_wconf 78' lang='grc' dir='ltr'><strong>ἡ</strong></span> <span class='ocrx_word' id='word_1_277' title='bbox 1601 2401 1776 2465; x_wconf 81' lang='grc' dir='ltr'>κτίσις</span> <span class='ocrx_word' id='word_1_278' title='bbox 1831 2404 1993 2473; x_wconf 88' lang='grc' dir='ltr'>μόνον</span> 
     </span>
    </p>
   </div>
   <div class='ocr_carea' id='block_1_40' title="bbox 402 2493 1993 2565">
    <p class='ocr_par' dir='ltr' id='par_1_40' title="bbox 402 2493 1993 2565">
     <span class='ocr_line' id='line_1_40' title="bbox 402 2493 1993 2565; baseline 0.003 -20"><span class='ocrx_word' id='word_1_279' title='bbox 402 2494 748 2563; x_wconf 74' lang='grc' dir='ltr'>ἁνεκήρυττε</span> <span class='ocrx_word' id='word_1_280' title='bbox 807 2493 967 2546; x_wconf 81' lang='grc' dir='ltr'>τοῦτο</span> <span class='ocrx_word' id='word_1_281' title='bbox 1021 2496 1093 2564; x_wconf 78' lang='grc' dir='ltr'><strong>τῇ</strong></span> <span class='ocrx_word' id='word_1_282' title='bbox 1152 2493 1393 2565; x_wconf 77' lang='grc' dir='ltr'>σφετέρᾳ</span> <span class='ocrx_word' id='word_1_283' title='bbox 1440 2494 1823 2565; x_wconf 79' lang='grc' dir='ltr'>καινοπαθείᾳ,</span> <span class='ocrx_word' id='word_1_284' title='bbox 1855 2496 1993 2549; x_wconf 79' lang='grc' dir='ltr'>ἀλλὰ</span> 
     </span>
    </p>
   </div>
   <div class='ocr_carea' id='block_1_41' title="bbox 406 2585 1995 2659">
    <p class='ocr_par' dir='ltr' id='par_1_41' title="bbox 406 2585 1995 2659">
     <span class='ocr_line' id='line_1_41' title="bbox 406 2585 1995 2659; baseline 0.004 -23"><span class='ocrx_word' id='word_1_285' title='bbox 406 2586 509 2637; x_wconf 74' lang='grc' dir='ltr'>καὶ</span> <span class='ocrx_word' id='word_1_286' title='bbox 559 2586 588 2637; x_wconf 90' lang='grc' dir='ltr'><strong>ό</strong></span> <span class='ocrx_word' id='word_1_287' title='bbox 642 2585 1110 2656; x_wconf 82' lang='grc' dir='ltr'>συναποθνήσκων</span> <span class='ocrx_word' id='word_1_288' title='bbox 1169 2585 1394 2659; x_wconf 75' lang='grc' dir='ltr'>λῃστὴς,</span> <span class='ocrx_word' id='word_1_289' title='bbox 1451 2591 1544 2639; x_wconf 73' lang='grc' dir='ltr'>καὶ</span> <span class='ocrx_word' id='word_1_290' title='bbox 1602 2589 1630 2638; x_wconf 91' lang='grc' dir='ltr'><strong>ό</strong></span> <span class='ocrx_word' id='word_1_291' title='bbox 1674 2587 1995 2657; x_wconf 86' lang='grc' dir='ltr'>αύτουργῶν</span> 
     </span>
    </p>
   </div>
   <div class='ocr_carea' id='block_1_42' title="bbox 405 2676 1996 2750">
    <p class='ocr_par' dir='ltr' id='par_1_42' title="bbox 405 2676 1996 2750">
     <span class='ocr_line' id='line_1_42' title="bbox 405 2676 1996 2750; baseline 0.002 -22"><span class='ocrx_word' id='word_1_292' title='bbox 405 2676 836 2747; x_wconf 74' lang='grc' dir='ltr'>ἑκατόνταρχος,</span> <span class='ocrx_word' id='word_1_293' title='bbox 894 2679 990 2730; x_wconf 77' lang='grc' dir='ltr'>καὶ</span> <span class='ocrx_word' id='word_1_294' title='bbox 1044 2679 1073 2730; x_wconf 90' lang='grc' dir='ltr'><strong>ό</strong></span> <span class='ocrx_word' id='word_1_295' title='bbox 1121 2677 1216 2730; x_wconf 76' lang='grc' dir='ltr'>τοῦ</span> <span class='ocrx_word' id='word_1_296' title='bbox 1252 2677 1491 2731; x_wconf 86' lang='grc' dir='ltr'>Πιλάτου</span> <span class='ocrx_word' id='word_1_297' title='bbox 1523 2677 1725 2742; x_wconf 84' lang='grc' dir='ltr'>τίτλος,</span> <span class='ocrx_word' id='word_1_298' title='bbox 1774 2678 1996 2750; x_wconf 86' lang='grc' dir='ltr'>ἀληθῶς</span> 
     </span>
    </p>
   </div>
   <div class='ocr_carea' id='block_1_43' title="bbox 412 2768 1996 2840">
    <p class='ocr_par' dir='ltr' id='par_1_43' title="bbox 412 2768 1996 2840">
     <span class='ocr_line' id='line_1_43' title="bbox 412 2768 1996 2840; baseline 0.003 -20"><span class='ocrx_word' id='word_1_299' title='bbox 412 2769 722 2837; x_wconf 81' lang='grc' dir='ltr'>μαρτυρίαι</span> <span class='ocrx_word' id='word_1_300' title='bbox 757 2771 905 2839; x_wconf 71' lang='grc' dir='ltr'>παρὰ</span> <span class='ocrx_word' id='word_1_301' title='bbox 937 2768 1046 2824; x_wconf 82' lang='grc' dir='ltr'>τῶν</span> <span class='ocrx_word' id='word_1_302' title='bbox 1075 2770 1287 2840; x_wconf 66' lang='grc' dir='ltr'>ἐχθρῶν</span> <span class='ocrx_word' id='word_1_303' title='bbox 1312 2770 1640 2834; x_wconf 70' lang='grc' dir='ltr'>ἀξιόπιστον</span> <span class='ocrx_word' id='word_1_304' title='bbox 1678 2771 1816 2834; x_wconf 81' lang='grc' dir='ltr'>ὅπερ</span> <span class='ocrx_word' id='word_1_305' title='bbox 1846 2771 1939 2825; x_wconf 73' lang='grc' dir='ltr'>καὶ</span> <span class='ocrx_word' id='word_1_306' title='bbox 1967 2774 1996 2825; x_wconf 90' lang='lat'><strong>6</strong></span> 
     </span>
    </p>
   </div>
   <div class='ocr_carea' id='block_1_44' title="bbox 406 2858 1998 2933">
    <p class='ocr_par' dir='ltr' id='par_1_44' title="bbox 406 2858 1998 2933">
     <span class='ocr_line' id='line_1_44' title="bbox 406 2858 1998 2933; baseline 0.004 -23"><span class='ocrx_word' id='word_1_307' title='bbox 406 2858 703 2930; x_wconf 79' lang='grc' dir='ltr'>θεοπάτωρ</span> <span class='ocrx_word' id='word_1_308' title='bbox 729 2861 940 2914; x_wconf 77' lang='grc' dir='ltr'>ἄνωθεν</span> <span class='ocrx_word' id='word_1_309' title='bbox 960 2859 1372 2931; x_wconf 79' lang='grc' dir='ltr'>προαναφωνῶν</span> <span class='ocrx_word' id='word_1_310' title='bbox 1392 2860 1641 2933; x_wconf 76' lang='grc' dir='ltr'>ἔκραξεν,</span> <span class='ocrx_word' id='word_1_311' title='bbox 1662 2861 1744 2916; x_wconf 84' lang='grc' dir='ltr'>ὃτι</span> <span class='ocrx_word' id='word_1_312' title='bbox 1775 2862 1836 2916; x_wconf 87' lang='lat'><strong>&#39;0</strong></span> <span class='ocrx_word' id='word_1_313' title='bbox 1852 2864 1998 2928; x_wconf 77' lang='grc' dir='ltr'>Θεὸς</span> 
     </span>
    </p>
   </div>
   <div class='ocr_carea' id='block_1_45' title="bbox 404 2952 1997 3026">
    <p class='ocr_par' dir='ltr' id='par_1_45' title="bbox 404 2952 1997 3026">
     <span class='ocr_line' id='line_1_45' title="bbox 404 2952 1997 3026; baseline 0.004 -23"><span class='ocrx_word' id='word_1_314' title='bbox 404 2953 574 3019; x_wconf 65' lang='grc' dir='ltr'>ἡμῶν</span> <span class='ocrx_word' id='word_1_315' title='bbox 594 2953 895 3020; x_wconf 73' lang='grc' dir='ltr'>,βασιλεὺς</span> <span class='ocrx_word' id='word_1_316' title='bbox 922 2955 1037 3022; x_wconf 77' lang='grc' dir='ltr'>πρὸ</span> <span class='ocrx_word' id='word_1_317' title='bbox 1056 2952 1267 3020; x_wconf 71' lang='grc' dir='ltr'>αἰῶνος</span> <span class='ocrx_word' id='word_1_318' title='bbox 1315 2955 1602 3025; x_wconf 83' lang='grc' dir='ltr'>ὑπάρχων,</span> <span class='ocrx_word' id='word_1_319' title='bbox 1622 2956 1710 3008; x_wconf 81' lang='grc' dir='ltr'><strong>ἐπ’</strong></span> <span class='ocrx_word' id='word_1_320' title='bbox 1747 2957 1997 3026; x_wconf 81' lang='grc' dir='ltr'>ἐσχάτων</span> 
     </span>
    </p>
   </div>
   <div class='ocr_carea' id='block_1_46' title="bbox 401 3046 1998 3119">
    <p class='ocr_par' dir='ltr' id='par_1_46' title="bbox 401 3046 1998 3119">
     <span class='ocr_line' id='line_1_46' title="bbox 401 3046 1998 3119; baseline 0.004 -21"><span class='ocrx_word' id='word_1_321' title='bbox 401 3046 619 3100; x_wconf 78' lang='grc' dir='ltr'>τούτων</span> <span class='ocrx_word' id='word_1_322' title='bbox 648 3048 874 3118; x_wconf 77' lang='grc' dir='ltr'>ἡμερῶν</span> <span class='ocrx_word' id='word_1_323' title='bbox 909 3046 1231 3116; x_wconf 67' lang='grc' dir='ltr'>εἰργάσατο</span> <span class='ocrx_word' id='word_1_324' title='bbox 1261 3047 1567 3115; x_wconf 83' lang='grc' dir='ltr'>σωτηρίαν</span> <span class='ocrx_word' id='word_1_325' title='bbox 1585 3047 1655 3101; x_wconf 77' lang='grc' dir='ltr'>ἐν</span> <span class='ocrx_word' id='word_1_326' title='bbox 1675 3048 1847 3117; x_wconf 83' lang='grc' dir='ltr'><strong>μέσῳ</strong></span> <span class='ocrx_word' id='word_1_327' title='bbox 1884 3049 1998 3119; x_wconf 83' lang='grc' dir='ltr'>τῆς</span> 
     </span>
    </p>
   </div>
   <div class='ocr_carea' id='block_1_47' title="bbox 402 3137 1995 3210">
    <p class='ocr_par' dir='ltr' id='par_1_47' title="bbox 402 3137 1995 3210">
     <span class='ocr_line' id='line_1_47' title="bbox 402 3137 1995 3210; baseline 0.003 -20"><span class='ocrx_word' id='word_1_328' title='bbox 402 3137 550 3209; x_wconf 74' lang='grc' dir='ltr'>τῆς,</span> <span class='ocrx_word' id='word_1_329' title='bbox 575 3138 673 3191; x_wconf 76' lang='grc' dir='ltr'>καὶ</span> <span class='ocrx_word' id='word_1_330' title='bbox 693 3138 793 3207; x_wconf 83' lang='grc' dir='ltr'>τὴν</span> <span class='ocrx_word' id='word_1_331' title='bbox 810 3139 898 3192; x_wconf 82' lang='grc' dir='ltr'>διὰ</span> <span class='ocrx_word' id='word_1_332' title='bbox 928 3138 1164 3208; x_wconf 81' lang='grc' dir='ltr'>σταυροῦ</span> <span class='ocrx_word' id='word_1_333' title='bbox 1182 3137 1478 3192; x_wconf 81' lang='grc' dir='ltr'>κατάλυσιν</span> <span class='ocrx_word' id='word_1_334' title='bbox 1495 3140 1585 3191; x_wconf 80' lang='grc' dir='ltr'><strong>τού</strong></span> <span class='ocrx_word' id='word_1_335' title='bbox 1610 3139 1873 3210; x_wconf 86' lang='grc' dir='ltr'>τυράννου</span> <span class='ocrx_word' id='word_1_336' title='bbox 1899 3156 1995 3210; x_wconf 88' lang='grc' dir='ltr'>ση-</span> 
     </span>
    </p>
   </div>
   <div class='ocr_carea' id='block_1_48' title="bbox 410 3195 2066 3302">
    <p class='ocr_par' dir='ltr' id='par_1_48' title="bbox 410 3195 2066 3302">
     <span class='ocr_line' id='line_1_48' title="bbox 410 3195 2066 3302; baseline 0.001 -19"><span class='ocrx_word' id='word_1_337' title='bbox 410 3195 645 3301; x_wconf 55' lang='grc' dir='ltr'>μαίνων.</span> <span class='ocrx_word' id='word_1_338' title='bbox 685 3195 1048 3300; x_wconf 64' lang='grc' dir='ltr'>Ἐκόέὸληται</span> <span class='ocrx_word' id='word_1_339' title='bbox 1067 3195 1179 3300; x_wconf 57' lang='grc' dir='ltr'>γὰρ</span> <span class='ocrx_word' id='word_1_340' title='bbox 1206 3234 1235 3284; x_wconf 90' lang='lat'><strong>6</strong></span> <span class='ocrx_word' id='word_1_341' title='bbox 1265 3230 1358 3284; x_wconf 84' lang='grc' dir='ltr'>τοῦ</span> <span class='ocrx_word' id='word_1_342' title='bbox 1389 3231 1614 3294; x_wconf 84' lang='grc' dir='ltr'>σκότους</span> <span class='ocrx_word' id='word_1_343' title='bbox 1668 3195 1855 3302; x_wconf 79' lang='grc' dir='ltr'>άρχων</span> <span class='ocrx_word' id='word_1_344' title='bbox 1895 3195 1996 3302; x_wconf 57' lang='grc' dir='ltr'><strong>της</strong></span> <span class='ocrx_word' id='word_1_345' title='bbox 2022 3195 2066 3252; x_wconf 72' lang='lat' dir='ltr'>c</span> 
     </span>
    </p>
   </div>
   <div class='ocr_carea' id='block_1_49' title="bbox 410 3321 1999 3394">
    <p class='ocr_par' dir='ltr' id='par_1_49' title="bbox 410 3321 1999 3394">
     <span class='ocr_line' id='line_1_49' title="bbox 410 3321 1999 3394; baseline 0 -19"><span class='ocrx_word' id='word_1_346' title='bbox 410 3321 645 3386; x_wconf 78' lang='grc' dir='ltr'>κτίσεως</span> <span class='ocrx_word' id='word_1_347' title='bbox 679 3323 921 3391; x_wconf 83' lang='grc' dir='ltr'>ἁπάσης,</span> <span class='ocrx_word' id='word_1_348' title='bbox 950 3323 1043 3376; x_wconf 72' lang='grc' dir='ltr'>καὶ</span> <span class='ocrx_word' id='word_1_349' title='bbox 1074 3322 1418 3394; x_wconf 74' lang='grc' dir='ltr'>ἀπέρριπται</span> <span class='ocrx_word' id='word_1_350' title='bbox 1444 3321 1542 3392; x_wconf 82' lang='grc' dir='ltr'>μὲν</span> <span class='ocrx_word' id='word_1_351' title='bbox 1564 3323 1621 3389; x_wconf 75' lang='grc' dir='ltr'>ἐξ</span> <span class='ocrx_word' id='word_1_352' title='bbox 1641 3321 1896 3392; x_wconf 84' lang='grc' dir='ltr'>οὐρανοῦ,</span> <span class='ocrx_word' id='word_1_353' title='bbox 1916 3323 1999 3375; x_wconf 80' lang='grc' dir='ltr'>ὅτι</span> 
     </span>
    </p>
   </div>
   <div class='ocr_carea' id='block_1_50' title="bbox 423 3415 2001 3487">
    <p class='ocr_par' dir='ltr' id='par_1_50' title="bbox 423 3415 2001 3487">
     <span class='ocr_line' id='line_1_50' title="bbox 423 3415 2001 3487; baseline -0.002 -16"><span class='ocrx_word' id='word_1_354' title='bbox 423 3419 487 3471; x_wconf 90' lang='lat'><strong><em>&#39;0</em></strong></span> <span class='ocrx_word' id='word_1_355' title='bbox 513 3418 772 3487; x_wconf 82' lang='grc' dir='ltr'>οὐρανός</span> <span class='ocrx_word' id='word_1_356' title='bbox 809 3416 932 3473; x_wconf 82' lang='grc' dir='ltr'>τῶν</span> <span class='ocrx_word' id='word_1_357' title='bbox 958 3416 1236 3486; x_wconf 82' lang='grc' dir='ltr'>οὐρανῶν</span> <span class='ocrx_word' id='word_1_358' title='bbox 1277 3415 1359 3482; x_wconf 82' lang='grc' dir='ltr'>τῷ</span> <span class='ocrx_word' id='word_1_359' title='bbox 1390 3417 1585 3484; x_wconf 76' lang='grc' dir='ltr'>Κυρίῳ</span> <span class='ocrx_word' id='word_1_360' title='bbox 1605 3430 1619 3443; x_wconf 92' lang='grc'><strong>·</strong></span> <span class='ocrx_word' id='word_1_361' title='bbox 1660 3417 2001 3487; x_wconf 75' lang='grc' dir='ltr'>ἀπέρριπται</span> 
     </span>
    </p>
   </div>
   <div class='ocr_carea' id='block_1_51' title="bbox 405 3503 1999 3576">
    <p class='ocr_par' dir='ltr' id='par_1_51' title="bbox 405 3503 1999 3576">
     <span class='ocr_line' id='line_1_51' title="bbox 405 3503 1999 3576; baseline -0.003 -14"><span class='ocrx_word' id='word_1_362' title='bbox 405 3506 475 3562; x_wconf 67' lang='grc' dir='ltr'>δὲ</span> <span class='ocrx_word' id='word_1_363' title='bbox 493 3510 589 3561; x_wconf 75' lang='grc' dir='ltr'>καὶ</span> <span class='ocrx_word' id='word_1_364' title='bbox 618 3508 723 3576; x_wconf 82' lang='grc' dir='ltr'>γῆς</span> <span class='ocrx_word' id='word_1_365' title='bbox 753 3518 849 3560; x_wconf 73' lang='grc' dir='ltr'><strong>καί</strong></span> <span class='ocrx_word' id='word_1_366' title='bbox 890 3506 1189 3576; x_wconf 83' lang='grc' dir='ltr'>θαλάσσης,</span> <span class='ocrx_word' id='word_1_367' title='bbox 1207 3507 1290 3558; x_wconf 79' lang='grc' dir='ltr'>ὅτι</span> <span class='ocrx_word' id='word_1_368' title='bbox 1317 3505 1413 3559; x_wconf 84' lang='grc' dir='ltr'>τοῦ</span> <span class='ocrx_word' id='word_1_369' title='bbox 1434 3503 1839 3574; x_wconf 79' lang='grc' dir='ltr'>σταυρωθέντος</span> <span class='ocrx_word' id='word_1_370' title='bbox 1882 3503 1999 3557; x_wconf 82' lang='grc' dir='ltr'><strong>Σω·</strong></span> 
     </span>
    </p>
   </div>
   <div class='ocr_carea' id='block_1_52' title="bbox 404 3593 1998 3674">
    <p class='ocr_par' dir='ltr' id='par_1_52' title="bbox 404 3593 1998 3674">
     <span class='ocr_line' id='line_1_52' title="bbox 404 3593 1998 3674; baseline -0.005 -18"><span class='ocrx_word' id='word_1_371' title='bbox 404 3604 577 3674; x_wconf 74' lang='grc' dir='ltr'>τῆρός</span> <span class='ocrx_word' id='word_1_372' title='bbox 605 3604 774 3671; x_wconf 74' lang='grc' dir='ltr'>ἔστιὴ</span> <span class='ocrx_word' id='word_1_373' title='bbox 796 3600 1066 3665; x_wconf 86' lang='grc' dir='ltr'>θάλασσα,</span> <span class='ocrx_word' id='word_1_374' title='bbox 1088 3601 1185 3653; x_wconf 73' lang='grc' dir='ltr'>καὶ</span> <span class='ocrx_word' id='word_1_375' title='bbox 1207 3600 1308 3670; x_wconf 82' lang='grc' dir='ltr'>τὴν</span> <span class='ocrx_word' id='word_1_376' title='bbox 1339 3598 1510 3669; x_wconf 76' lang='grc' dir='ltr'>ξηρὰν</span> <span class='ocrx_word' id='word_1_377' title='bbox 1536 3599 1591 3651; x_wconf 81' lang='grc' dir='ltr'>αἱ</span> <span class='ocrx_word' id='word_1_378' title='bbox 1624 3598 1807 3668; x_wconf 83' lang='grc' dir='ltr'>χεῖρες</span> <span class='ocrx_word' id='word_1_379' title='bbox 1833 3593 1998 3650; x_wconf 78' lang='grc' dir='ltr'>αὐτοῦ</span> 
     </span>
    </p>
   </div>
   <div class='ocr_carea' id='block_1_53' title="bbox 407 3687 2003 3764">
    <p class='ocr_par' dir='ltr' id='par_1_53' title="bbox 407 3687 2003 3764">
     <span class='ocr_line' id='line_1_53' title="bbox 407 3687 2003 3764; baseline -0.006 -14"><span class='ocrx_word' id='word_1_380' title='bbox 407 3695 663 3750; x_wconf 75' lang='grc' dir='ltr'>επλασαν</span> <span class='ocrx_word' id='word_1_381' title='bbox 683 3709 696 3725; x_wconf 89' lang='grc'><strong>·</strong></span> <span class='ocrx_word' id='word_1_382' title='bbox 732 3692 1084 3764; x_wconf 83' lang='grc' dir='ltr'>κατήργηται</span> <span class='ocrx_word' id='word_1_383' title='bbox 1113 3691 1210 3744; x_wconf 78' lang='grc' dir='ltr'>καὶ</span> <span class='ocrx_word' id='word_1_384' title='bbox 1241 3692 1272 3758; x_wconf 83' lang='grc' dir='ltr'><strong>ἡ</strong></span> <span class='ocrx_word' id='word_1_385' title='bbox 1313 3693 1371 3743; x_wconf 84' lang='grc' dir='ltr'>ὲν</span> <span class='ocrx_word' id='word_1_386' title='bbox 1399 3689 1528 3760; x_wconf 76' lang='grc' dir='ltr'>ᾆδον</span> <span class='ocrx_word' id='word_1_387' title='bbox 1553 3687 1871 3750; x_wconf 84' lang='grc' dir='ltr'>δυναστεία,</span> <span class='ocrx_word' id='word_1_388' title='bbox 1904 3689 2003 3740; x_wconf 67' lang='grc' dir='ltr'><strong>ἐπα</strong></span> 
     </span>
    </p>
   </div>
   <div class='ocr_carea' id='block_1_54' title="bbox 406 3779 1999 3857">
    <p class='ocr_par' dir='ltr' id='par_1_54' title="bbox 406 3779 1999 3857">
     <span class='ocr_line' id='line_1_54' title="bbox 406 3779 1999 3857; baseline -0.004 -17"><span class='ocrx_word' id='word_1_389' title='bbox 406 3787 536 3857; x_wconf 64' lang='grc' dir='ltr'>τιδὴ</span> <span class='ocrx_word' id='word_1_390' title='bbox 562 3787 819 3849; x_wconf 81' lang='grc' dir='ltr'>κάκεῖνος</span> <span class='ocrx_word' id='word_1_391' title='bbox 845 3788 913 3854; x_wconf 81' lang='grc' dir='ltr'><strong>τῇ</strong></span> <span class='ocrx_word' id='word_1_392' title='bbox 943 3785 1250 3853; x_wconf 81' lang='grc' dir='ltr'>Δεσποτικῇ</span> <span class='ocrx_word' id='word_1_393' title='bbox 1296 3781 1598 3837; x_wconf 74' lang='grc' dir='ltr'>καταϐάσει</span> <span class='ocrx_word' id='word_1_394' title='bbox 1636 3779 1999 3849; x_wconf 78' lang='grc' dir='ltr'>πεφωτισται,</span> 
     </span>
    </p>
   </div>
   <div class='ocr_carea' id='block_1_55' title="bbox 404 3870 2005 3945">
    <p class='ocr_par' dir='ltr' id='par_1_55' title="bbox 404 3870 2005 3945">
     <span class='ocr_line' id='line_1_55' title="bbox 404 3870 2005 3945; baseline -0.007 -12"><span class='ocrx_word' id='word_1_395' title='bbox 404 3877 516 3933; x_wconf 74' lang='grc' dir='ltr'><strong>καὶ</strong></span> <span class='ocrx_word' id='word_1_396' title='bbox 534 3877 615 3938; x_wconf 85' lang='grc' dir='ltr'><strong>είς</strong></span> <span class='ocrx_word' id='word_1_397' title='bbox 635 3875 824 3929; x_wconf 84' lang='grc' dir='ltr'>λοιπὸν</span> <span class='ocrx_word' id='word_1_398' title='bbox 846 3875 924 3945; x_wconf 83' lang='grc' dir='ltr'><strong>τῷ</strong></span> <span class='ocrx_word' id='word_1_399' title='bbox 945 3872 1184 3943; x_wconf 74' lang='grc' dir='ltr'>διαῦόλῳ</span> <span class='ocrx_word' id='word_1_400' title='bbox 1208 3872 1374 3935; x_wconf 85' lang='grc' dir='ltr'>τόπος</span> <span class='ocrx_word' id='word_1_401' title='bbox 1406 3872 1434 3922; x_wconf 90' lang='lat'><strong>6</strong></span> <span class='ocrx_word' id='word_1_402' title='bbox 1462 3872 1561 3940; x_wconf 84' lang='grc' dir='ltr'>τῆς</span> <span class='ocrx_word' id='word_1_403' title='bbox 1581 3870 1807 3940; x_wconf 81' lang='grc' dir='ltr'>γεέννης</span> <span class='ocrx_word' id='word_1_404' title='bbox 1843 3871 2005 3940; x_wconf 84' lang='grc' dir='ltr'>τετή-</span> 
     </span>
    </p>
   </div>
   <div class='ocr_carea' id='block_1_56' title="bbox 411 3962 1995 4044">
    <p class='ocr_par' dir='ltr' id='par_1_56' title="bbox 411 3962 1995 4044">
     <span class='ocr_line' id='line_1_56' title="bbox 411 3962 1995 4044; baseline -0.003 -22"><span class='ocrx_word' id='word_1_405' title='bbox 411 3987 605 4044; x_wconf 79' lang='grc' dir='ltr'>ρηται,</span> <span class='ocrx_word' id='word_1_406' title='bbox 633 3970 663 4023; x_wconf 89' lang='grc' dir='ltr'><strong>ό</strong></span> <span class='ocrx_word' id='word_1_407' title='bbox 691 3967 1103 4039; x_wconf 76' lang='grc' dir='ltr'>ἡτοιμασμένος</span> <span class='ocrx_word' id='word_1_408' title='bbox 1130 3965 1281 4035; x_wconf 83' lang='grc' dir='ltr'><strong>αὐτῷ</strong></span> <span class='ocrx_word' id='word_1_409' title='bbox 1310 3981 1370 4018; x_wconf 87' lang='grc' dir='ltr'><strong>τε</strong></span> <span class='ocrx_word' id='word_1_410' title='bbox 1397 3965 1492 4019; x_wconf 78' lang='grc' dir='ltr'>καὶ</span> <span class='ocrx_word' id='word_1_411' title='bbox 1518 3967 1629 4026; x_wconf 86' lang='grc' dir='ltr'>τοῖς</span> <span class='ocrx_word' id='word_1_412' title='bbox 1654 3966 1774 4034; x_wconf 79' lang='grc' dir='ltr'>μετ’</span> <span class='ocrx_word' id='word_1_413' title='bbox 1804 3962 1995 4018; x_wconf 80' lang='grc' dir='ltr'>αὐτοῦ.</span> 
     </span>
    </p>
   </div>
   <div class='ocr_carea' id='block_1_57' title="bbox 492 4055 1999 4134">
    <p class='ocr_par' dir='ltr' id='par_1_57' title="bbox 492 4055 1999 4134">
     <span class='ocr_line' id='line_1_57' title="bbox 492 4055 1999 4134; baseline -0.005 -17"><span class='ocrx_word' id='word_1_414' title='bbox 492 4064 633 4134; x_wconf 73' lang='grc' dir='ltr'>Φέρε</span> <span class='ocrx_word' id='word_1_415' title='bbox 667 4062 734 4132; x_wconf 80' lang='grc' dir='ltr'>δὴ</span> <span class='ocrx_word' id='word_1_416' title='bbox 790 4061 885 4116; x_wconf 83' lang='grc' dir='ltr'>νῦν</span> <span class='ocrx_word' id='word_1_417' title='bbox 923 4060 1019 4114; x_wconf 71' lang='grc' dir='ltr'>καὶ</span> <span class='ocrx_word' id='word_1_418' title='bbox 1061 4061 1125 4113; x_wconf 79' lang='grc' dir='ltr'>ὲκ</span> <span class='ocrx_word' id='word_1_419' title='bbox 1156 4058 1267 4111; x_wconf 75' lang='grc' dir='ltr'><strong>τῶν</strong></span> <span class='ocrx_word' id='word_1_420' title='bbox 1317 4058 1640 4130; x_wconf 81' lang='grc' dir='ltr'>ᾁσματικὼν</span> <span class='ocrx_word' id='word_1_421' title='bbox 1684 4056 1785 4125; x_wconf 84' lang='grc' dir='ltr'>τῆς</span> <span class='ocrx_word' id='word_1_422' title='bbox 1824 4055 1999 4109; x_wconf 68' lang='grc' dir='ltr'>Σολω-</span> 
     </span>
    </p>
   </div>
   <div class='ocr_carea' id='block_1_58' title="bbox 419 4150 2002 4231">
    <p class='ocr_par' dir='ltr' id='par_1_58' title="bbox 419 4150 2002 4231">
     <span class='ocr_line' id='line_1_58' title="bbox 419 4150 2002 4231; baseline -0.008 -17"><span class='ocrx_word' id='word_1_423' title='bbox 419 4158 638 4231; x_wconf 83' lang='grc' dir='ltr'>μῶντος</span> <span class='ocrx_word' id='word_1_424' title='bbox 663 4158 866 4226; x_wconf 80' lang='grc' dir='ltr'>Σοφίας</span> <span class='ocrx_word' id='word_1_425' title='bbox 889 4154 1154 4227; x_wconf 78' lang='grc' dir='ltr'>ῥημάτων</span> <span class='ocrx_word' id='word_1_426' title='bbox 1175 4153 1268 4206; x_wconf 83' lang='grc' dir='ltr'>τὸν</span> <span class='ocrx_word' id='word_1_427' title='bbox 1294 4153 1452 4220; x_wconf 87' lang='grc' dir='ltr'>λόγον</span> <span class='ocrx_word' id='word_1_428' title='bbox 1491 4150 1867 4223; x_wconf 84' lang='grc' dir='ltr'>ἀρδεύσωμεν.</span> <span class='ocrx_word' id='word_1_429' title='bbox 1893 4150 2002 4202; x_wconf 78' lang='grc' dir='ltr'><strong>Καὶ</strong></span> 
     </span>
    </p>
   </div>
   <div class='ocr_carea' id='block_1_59' title="bbox 416 4241 1998 4324">
    <p class='ocr_par' dir='ltr' id='par_1_59' title="bbox 416 4241 1998 4324">
     <span class='ocr_line' id='line_1_59' title="bbox 416 4241 1998 4324; baseline -0.008 -17"><span class='ocrx_word' id='word_1_430' title='bbox 416 4252 641 4324; x_wconf 81' lang='grc' dir='ltr'>παρίτω</span> <span class='ocrx_word' id='word_1_431' title='bbox 663 4266 756 4320; x_wconf 86' lang='grc' dir='ltr'><strong>μοι</strong></span> <span class='ocrx_word' id='word_1_432' title='bbox 779 4249 812 4319; x_wconf 77' lang='grc' dir='ltr'><strong>ἡ</strong></span> <span class='ocrx_word' id='word_1_433' title='bbox 835 4249 895 4300; x_wconf 79' lang='grc' dir='ltr'>ὲν</span> <span class='ocrx_word' id='word_1_434' title='bbox 916 4249 1147 4309; x_wconf 70' lang='grc' dir='ltr'>ἐκείνοις</span> <span class='ocrx_word' id='word_1_435' title='bbox 1165 4245 1373 4312; x_wconf 75' lang='grc' dir='ltr'>κλίνη,</span> <span class='ocrx_word' id='word_1_436' title='bbox 1395 4241 1634 4314; x_wconf 82' lang='grc' dir='ltr'>Χριστοῦ</span> <span class='ocrx_word' id='word_1_437' title='bbox 1652 4241 1745 4294; x_wconf 80' lang='grc' dir='ltr'>τὸν</span> <span class='ocrx_word' id='word_1_438' title='bbox 1765 4241 1998 4312; x_wconf 83' lang='grc' dir='ltr'>σταυρὸν</span> 
     </span>
    </p>
   </div>
   <div class='ocr_carea' id='block_1_60' title="bbox 416 4334 1999 4414">
    <p class='ocr_par' dir='ltr' id='par_1_60' title="bbox 416 4334 1999 4414">
     <span class='ocr_line' id='line_1_60' title="bbox 416 4334 1999 4414; baseline -0.009 -16"><span class='ocrx_word' id='word_1_439' title='bbox 416 4341 906 4414; x_wconf 84' lang='grc' dir='ltr'>προκηρύττουσα,</span> <span class='ocrx_word' id='word_1_440' title='bbox 940 4338 1033 4393; x_wconf 74' lang='grc' dir='ltr'>τοῦ</span> <span class='ocrx_word' id='word_1_441' title='bbox 1065 4340 1203 4409; x_wconf 80' lang='grc' dir='ltr'>πρὸς</span> <span class='ocrx_word' id='word_1_442' title='bbox 1236 4335 1497 4407; x_wconf 75' lang='grc' dir='ltr'>ἀλήθειαν</span> <span class='ocrx_word' id='word_1_443' title='bbox 1533 4334 1796 4405; x_wconf 84' lang='grc' dir='ltr'>βασιλέως</span> <span class='ocrx_word' id='word_1_444' title='bbox 1841 4334 1999 4404; x_wconf 85' lang='grc' dir='ltr'>είρή-</span> 
     </span>
    </p>
   </div>
   <div class='ocr_carea' id='block_1_61' title="bbox 414 4425 1999 4505">
    <p class='ocr_par' dir='ltr' id='par_1_61' title="bbox 414 4425 1999 4505">
     <span class='ocr_line' id='line_1_61' title="bbox 414 4425 1999 4505; baseline -0.006 -17"><span class='ocrx_word' id='word_1_445' title='bbox 414 4453 542 4505; x_wconf 86' lang='grc' dir='ltr'>νης,</span> <span class='ocrx_word' id='word_1_446' title='bbox 599 4433 698 4487; x_wconf 83' lang='grc' dir='ltr'>τοῦ</span> <span class='ocrx_word' id='word_1_447' title='bbox 763 4432 834 4486; x_wconf 88' lang='grc' dir='ltr'>τὰ</span> <span class='ocrx_word' id='word_1_448' title='bbox 885 4430 1153 4484; x_wconf 84' lang='grc' dir='ltr'>διεστῶτα</span> <span class='ocrx_word' id='word_1_449' title='bbox 1215 4430 1576 4498; x_wconf 75' lang='grc' dir='ltr'>συνάψαντος,</span> <span class='ocrx_word' id='word_1_450' title='bbox 1636 4427 1732 4480; x_wconf 69' lang='grc' dir='ltr'>καὶ</span> <span class='ocrx_word' id='word_1_451' title='bbox 1780 4425 1841 4479; x_wconf 83' lang='grc' dir='ltr'>τὸ</span> <span class='ocrx_word' id='word_1_452' title='bbox 1904 4425 1999 4478; x_wconf 82' lang='grc' dir='ltr'>τοῦ</span> 
     </span>
    </p>
   </div>
   <div class='ocr_carea' id='block_1_62' title="bbox 2096 1940 3677 2021">
    <p class='ocr_par' dir='ltr' id='par_1_62' title="bbox 2096 1940 3677 2021">
     <span class='ocr_line' id='line_1_62' title="bbox 2096 1940 3677 2021; baseline 0.009 -28"><span class='ocrx_word' id='word_1_453' title='bbox 2096 1940 2231 1994; x_wconf 83' lang='lat' dir='ltr'><strong>Nam</strong></span> <span class='ocrx_word' id='word_1_454' title='bbox 2266 1943 2501 1997; x_wconf 83' lang='lat' dir='ltr'><strong>divinam</strong></span> <span class='ocrx_word' id='word_1_455' title='bbox 2533 1946 2859 2001; x_wconf 88' lang='lat' dir='ltr'><strong>charitatetn</strong></span> <span class='ocrx_word' id='word_1_456' title='bbox 2893 1950 3264 2018; x_wconf 78' lang='lat' dir='ltr'><strong>cognovimus,</strong></span> <span class='ocrx_word' id='word_1_457' title='bbox 3294 1952 3425 2021; x_wconf 72' lang='lat' dir='ltr'><strong>quia</strong></span> <span class='ocrx_word' id='word_1_458' title='bbox 3448 1961 3677 2008; x_wconf 89' lang='lat' dir='ltr'><strong>mortem</strong></span> 
     </span>
    </p>
   </div>
   <div class='ocr_carea' id='block_1_63' title="bbox 2094 2033 3677 2112">
    <p class='ocr_par' dir='ltr' id='par_1_63' title="bbox 2094 2033 3677 2112">
     <span class='ocr_line' id='line_1_63' title="bbox 2094 2033 3677 2112; baseline 0.008 -25"><span class='ocrx_word' id='word_1_459' title='bbox 2094 2033 2336 2088; x_wconf 89' lang='lat' dir='ltr'><strong>omnium</strong></span> <span class='ocrx_word' id='word_1_460' title='bbox 2381 2037 2747 2105; x_wconf 87' lang='lat' dir='ltr'><strong>turpissimam</strong></span> <span class='ocrx_word' id='word_1_461' title='bbox 2799 2054 2898 2109; x_wconf 87' lang='lat' dir='ltr'><strong>pro</strong></span> <span class='ocrx_word' id='word_1_462' title='bbox 2943 2041 3100 2098; x_wconf 91' lang='lat' dir='ltr'><strong>nobis</strong></span> <span class='ocrx_word' id='word_1_463' title='bbox 3152 2043 3350 2112; x_wconf 90' lang='lat' dir='ltr'><strong>subiit;</strong></span> <span class='ocrx_word' id='word_1_464' title='bbox 3400 2045 3677 2099; x_wconf 91' lang='lat' dir='ltr'><strong>communi</strong></span> 
     </span>
    </p>
   </div>
   <div class='ocr_carea' id='block_1_64' title="bbox 2096 2128 3680 2206">
    <p class='ocr_par' dir='ltr' id='par_1_64' title="bbox 2096 2128 3680 2206">
     <span class='ocr_line' id='line_1_64' title="bbox 2096 2128 3680 2206; baseline 0.009 -29"><span class='ocrx_word' id='word_1_465' title='bbox 2096 2134 2277 2178; x_wconf 82' lang='lat' dir='ltr'><strong>autem</strong></span> <span class='ocrx_word' id='word_1_466' title='bbox 2317 2137 2372 2180; x_wconf 86' lang='lat' dir='ltr'><strong>et</strong></span> <span class='ocrx_word' id='word_1_467' title='bbox 2400 2128 2465 2181; x_wconf 89' lang='lat' dir='ltr'><strong>ad</strong></span> <span class='ocrx_word' id='word_1_468' title='bbox 2498 2144 2691 2185; x_wconf 82' lang='lat' dir='ltr'><strong>omnes</strong></span> <span class='ocrx_word' id='word_1_469' title='bbox 2721 2134 3028 2198; x_wconf 88' lang='lat' dir='ltr'><strong>pertinente</strong></span> <span class='ocrx_word' id='word_1_470' title='bbox 3073 2134 3324 2191; x_wconf 86' lang='lat' dir='ltr'><strong>libertate</strong></span> <span class='ocrx_word' id='word_1_471' title='bbox 3375 2139 3528 2206; x_wconf 86' lang='lat' dir='ltr'><strong>quasi</strong></span> <span class='ocrx_word' id='word_1_472' title='bbox 3571 2137 3680 2191; x_wconf 87' lang='lat' dir='ltr'><strong>inl-</strong></span> 
     </span>
    </p>
   </div>
   <div class='ocr_carea' id='block_1_65' title="bbox 2099 2213 3679 2288">
    <p class='ocr_par' dir='ltr' id='par_1_65' title="bbox 2099 2213 3679 2288">
     <span class='ocr_line' id='line_1_65' title="bbox 2099 2213 3679 2288; baseline 0.012 -24"><span class='ocrx_word' id='word_1_473' title='bbox 2099 2213 2212 2266; x_wconf 83' lang='lat' dir='ltr'><strong>tiati</strong></span> <span class='ocrx_word' id='word_1_474' title='bbox 2241 2231 2426 2270; x_wconf 89' lang='lat' dir='ltr'><strong>sumus</strong></span> <span class='ocrx_word' id='word_1_475' title='bbox 2461 2233 2557 2287; x_wconf 86' lang='lat' dir='ltr'><strong>per</strong></span> <span class='ocrx_word' id='word_1_476' title='bbox 2584 2221 3010 2288; x_wconf 80' lang='lat' dir='ltr'><strong>quadriformem</strong></span> <span class='ocrx_word' id='word_1_477' title='bbox 3041 2242 3281 2282; x_wconf 90' lang='lat' dir='ltr'><strong>crucem.</strong></span> <span class='ocrx_word' id='word_1_478' title='bbox 3320 2227 3512 2285; x_wconf 80' lang='lat' dir='ltr'><strong>Omnes</strong></span> <span class='ocrx_word' id='word_1_479' title='bbox 3532 2231 3679 2284; x_wconf 85' lang='lat' dir='ltr'><strong>enim</strong></span> 
     </span>
    </p>
   </div>
   <div class='ocr_carea' id='block_1_66' title="bbox 2097 2307 3678 2391">
    <p class='ocr_par' dir='ltr' id='par_1_66' title="bbox 2097 2307 3678 2391">
     <span class='ocr_line' id='line_1_66' title="bbox 2097 2307 3678 2391; baseline 0.013 -36"><span class='ocrx_word' id='word_1_480' title='bbox 2097 2307 2264 2359; x_wconf 76' lang='lat' dir='ltr'><strong>traxit</strong></span> <span class='ocrx_word' id='word_1_481' title='bbox 2296 2308 2364 2359; x_wconf 89' lang='lat' dir='ltr'><strong>ad</strong></span> <span class='ocrx_word' id='word_1_482' title='bbox 2382 2310 2609 2375; x_wconf 78' lang='lat' dir='ltr'><strong>seipsum</strong></span> <span class='ocrx_word' id='word_1_483' title='bbox 2626 2311 2692 2376; x_wconf 76' lang='grc'><strong>⁷⁸,</strong></span> <span class='ocrx_word' id='word_1_484' title='bbox 2717 2314 2996 2383; x_wconf 76' lang='lat' dir='ltr'><strong>agnitione</strong></span> <span class='ocrx_word' id='word_1_485' title='bbox 3013 2316 3399 2375; x_wconf 87' lang='lat' dir='ltr'><strong>dominationis</strong></span> <span class='ocrx_word' id='word_1_486' title='bbox 3422 2325 3678 2391; x_wconf 66' lang='lat' dir='ltr'><strong>propriae;</strong></span> 
     </span>
    </p>
   </div>
   <div class='ocr_carea' id='block_1_67' title="bbox 2096 2395 3680 2477">
    <p class='ocr_par' dir='ltr' id='par_1_67' title="bbox 2096 2395 3680 2477">
     <span class='ocr_line' id='line_1_67' title="bbox 2096 2395 3680 2477; baseline 0.012 -33"><span class='ocrx_word' id='word_1_487' title='bbox 2096 2395 2220 2460; x_wconf 86' lang='lat' dir='ltr'><strong>quia</strong></span> <span class='ocrx_word' id='word_1_488' title='bbox 2289 2410 2471 2465; x_wconf 84' lang='lat' dir='ltr'><strong>regem</strong></span> <span class='ocrx_word' id='word_1_489' title='bbox 2517 2407 2570 2452; x_wconf 90' lang='lat' dir='ltr'><strong>et</strong></span> <span class='ocrx_word' id='word_1_490' title='bbox 2612 2398 2901 2455; x_wconf 89' lang='lat' dir='ltr'><strong>Dominum</strong></span> <span class='ocrx_word' id='word_1_491' title='bbox 2946 2419 3050 2457; x_wconf 89' lang='lat' dir='ltr'><strong>non</strong></span> <span class='ocrx_word' id='word_1_492' title='bbox 3099 2407 3258 2460; x_wconf 88' lang='lat' dir='ltr'><strong>tnodo</strong></span> <span class='ocrx_word' id='word_1_493' title='bbox 3290 2418 3540 2461; x_wconf 87' lang='lat' dir='ltr'><strong>creatura</strong></span> <span class='ocrx_word' id='word_1_494' title='bbox 3584 2425 3680 2477; x_wconf 84' lang='lat' dir='ltr'><strong>per</strong></span> 
     </span>
    </p>
   </div>
   <div class='ocr_carea' id='block_1_68' title="bbox 2096 2492 3676 2574">
    <p class='ocr_par' dir='ltr' id='par_1_68' title="bbox 2096 2492 3676 2574">
     <span class='ocr_line' id='line_1_68' title="bbox 2096 2492 3676 2574; baseline 0.009 -31"><span class='ocrx_word' id='word_1_495' title='bbox 2096 2501 2250 2543; x_wconf 83' lang='lat' dir='ltr'><strong>suam</strong></span> <span class='ocrx_word' id='word_1_496' title='bbox 2280 2492 2813 2548; x_wconf 83' lang='lat' dir='ltr'><strong>cotmniserationem</strong></span> <span class='ocrx_word' id='word_1_497' title='bbox 2848 2495 3242 2564; x_wconf 83' lang='lat' dir='ltr'><strong>proclamabat,</strong></span> <span class='ocrx_word' id='word_1_498' title='bbox 3279 2502 3374 2555; x_wconf 88' lang='lat' dir='ltr'><strong>sed</strong></span> <span class='ocrx_word' id='word_1_499' title='bbox 3416 2515 3471 2557; x_wconf 91' lang='lat' dir='ltr'><strong>et</strong></span> <span class='ocrx_word' id='word_1_500' title='bbox 3504 2505 3548 2559; x_wconf 89' lang='lat' dir='ltr'><strong>is</strong></span> <span class='ocrx_word' id='word_1_501' title='bbox 3581 2503 3676 2574; x_wconf 90' lang='lat' dir='ltr'><strong>qui</strong></span> 
     </span>
    </p>
   </div>
   <div class='ocr_carea' id='block_1_69' title="bbox 2097 2579 3680 2661">
    <p class='ocr_par' dir='ltr' id='par_1_69' title="bbox 2097 2579 3680 2661">
     <span class='ocr_line' id='line_1_69' title="bbox 2097 2579 3680 2661; baseline 0.012 -27"><span class='ocrx_word' id='word_1_502' title='bbox 2097 2579 2259 2634; x_wconf 90' lang='lat' dir='ltr'><strong>simul</strong></span> <span class='ocrx_word' id='word_1_503' title='bbox 2293 2583 2630 2637; x_wconf 83' lang='lat' dir='ltr'><strong>moriebatur</strong></span> <span class='ocrx_word' id='word_1_504' title='bbox 2658 2583 2820 2649; x_wconf 87' lang='lat' dir='ltr'><strong>latro,</strong></span> <span class='ocrx_word' id='word_1_505' title='bbox 2851 2595 2904 2641; x_wconf 91' lang='lat' dir='ltr'><strong>et</strong></span> <span class='ocrx_word' id='word_1_506' title='bbox 2942 2589 3214 2655; x_wconf 89' lang='lat' dir='ltr'><strong>centurio,</strong></span> <span class='ocrx_word' id='word_1_507' title='bbox 3252 2594 3342 2661; x_wconf 90' lang='lat' dir='ltr'><strong>qui</strong></span> <span class='ocrx_word' id='word_1_508' title='bbox 3382 2610 3480 2649; x_wconf 90' lang='lat' dir='ltr'><strong>sua</strong></span> <span class='ocrx_word' id='word_1_509' title='bbox 3514 2611 3680 2652; x_wconf 85' lang='lat' dir='ltr'><strong>manu</strong></span> 
     </span>
    </p>
   </div>
   <div class='ocr_carea' id='block_1_70' title="bbox 2098 2674 3682 2756">
    <p class='ocr_par' dir='ltr' id='par_1_70' title="bbox 2098 2674 3682 2756">
     <span class='ocr_line' id='line_1_70' title="bbox 2098 2674 3682 2756; baseline 0.014 -32"><span class='ocrx_word' id='word_1_510' title='bbox 2098 2674 2297 2728; x_wconf 66' lang='lat' dir='ltr'><strong>tihristi</strong></span> <span class='ocrx_word' id='word_1_511' title='bbox 2339 2676 2480 2729; x_wconf 72' lang='lat' dir='ltr'><strong>latus</strong></span> <span class='ocrx_word' id='word_1_512' title='bbox 2511 2680 2746 2745; x_wconf 88' lang='lat' dir='ltr'><strong>aperuit,</strong></span> <span class='ocrx_word' id='word_1_513' title='bbox 2777 2689 2833 2734; x_wconf 87' lang='lat' dir='ltr'><strong>et</strong></span> <span class='ocrx_word' id='word_1_514' title='bbox 2867 2679 3069 2735; x_wconf 70' lang='lat' dir='ltr'><strong>titulus</strong></span> <span class='ocrx_word' id='word_1_515' title='bbox 3090 2681 3276 2750; x_wconf 88' lang='lat' dir='ltr'><strong>Pilati,</strong></span> <span class='ocrx_word' id='word_1_516' title='bbox 3307 2702 3426 2756; x_wconf 58' lang='lat' dir='ltr'><strong>quae</strong></span> <span class='ocrx_word' id='word_1_517' title='bbox 3458 2705 3584 2745; x_wconf 86' lang='lat' dir='ltr'><strong>vere</strong></span> <span class='ocrx_word' id='word_1_518' title='bbox 3611 2693 3682 2746; x_wconf 92' lang='lat' dir='ltr'><strong>ab</strong></span> 
     </span>
    </p>
   </div>
   <div class='ocr_carea' id='block_1_71' title="bbox 2101 2766 3680 2850">
    <p class='ocr_par' dir='ltr' id='par_1_71' title="bbox 2101 2766 3680 2850">
     <span class='ocr_line' id='line_1_71' title="bbox 2101 2766 3680 2850; baseline 0.012 -32"><span class='ocrx_word' id='word_1_519' title='bbox 2101 2766 2347 2821; x_wconf 79' lang='lat' dir='ltr'><strong>hOSIibus</strong></span> <span class='ocrx_word' id='word_1_520' title='bbox 2387 2769 2490 2821; x_wconf 83' lang='lat' dir='ltr'><strong>ilde</strong></span> <span class='ocrx_word' id='word_1_521' title='bbox 2527 2769 2689 2839; x_wconf 81' lang='lat' dir='ltr'><strong>digna</strong></span> <span class='ocrx_word' id='word_1_522' title='bbox 2730 2772 3039 2828; x_wconf 79' lang='lat' dir='ltr'><strong>testimonia</strong></span> <span class='ocrx_word' id='word_1_523' title='bbox 3076 2785 3240 2842; x_wconf 82' lang='lat' dir='ltr'><strong>sunt;</strong></span> <span class='ocrx_word' id='word_1_524' title='bbox 3273 2779 3419 2847; x_wconf 87' lang='lat' dir='ltr'><strong>quod</strong></span> <span class='ocrx_word' id='word_1_525' title='bbox 3459 2782 3680 2850; x_wconf 77' lang='lat' dir='ltr'><strong>quidem</strong></span> 
     </span>
    </p>
   </div>
   <div class='ocr_carea' id='block_1_72' title="bbox 2100 2856 3681 2931">
    <p class='ocr_par' dir='ltr' id='par_1_72' title="bbox 2100 2856 3681 2931">
     <span class='ocr_line' id='line_1_72' title="bbox 2100 2856 3681 2931; baseline 0.013 -21"><span class='ocrx_word' id='word_1_526' title='bbox 2100 2856 2195 2911; x_wconf 88' lang='lat' dir='ltr'><strong>Dei</strong></span> <span class='ocrx_word' id='word_1_527' title='bbox 2244 2874 2438 2927; x_wconf 82' lang='lat' dir='ltr'><strong>parens</strong></span> <span class='ocrx_word' id='word_1_528' title='bbox 2486 2860 2597 2931; x_wconf 89' lang='lat' dir='ltr'><strong>jam</strong></span> <span class='ocrx_word' id='word_1_529' title='bbox 2649 2863 2779 2918; x_wconf 84' lang='lat' dir='ltr'><strong>olim</strong></span> <span class='ocrx_word' id='word_1_530' title='bbox 2824 2866 3130 2923; x_wconf 80' lang='lat' dir='ltr'><strong>vaticinans</strong></span> <span class='ocrx_word' id='word_1_531' title='bbox 3185 2870 3493 2928; x_wconf 82' lang='lat' dir='ltr'><strong>clamabat:</strong></span> <span class='ocrx_word' id='word_1_532' title='bbox 3538 2875 3681 2931; x_wconf 79' lang='lat' dir='ltr'><strong>Deus</strong></span> 
     </span>
    </p>
   </div>
   <div class='ocr_carea' id='block_1_73' title="bbox 2103 2955 3680 3020">
    <p class='ocr_par' dir='ltr' id='par_1_73' title="bbox 2103 2955 3680 3020">
     <span class='ocr_line' id='line_1_73' title="bbox 2103 2955 3680 3020; baseline 0.012 -19"><span class='ocrx_word' id='word_1_533' title='bbox 2103 2959 2280 3003; x_wconf 86' lang='lat' dir='ltr'><strong>noster</strong></span> <span class='ocrx_word' id='word_1_534' title='bbox 2321 2967 2413 3005; x_wconf 74' lang='lat' dir='ltr'><strong>rex</strong></span> <span class='ocrx_word' id='word_1_535' title='bbox 2445 2963 2567 3007; x_wconf 84' lang='lat' dir='ltr'><strong>ante</strong></span> <span class='ocrx_word' id='word_1_536' title='bbox 2599 2955 2797 3010; x_wconf 76' lang='lat' dir='ltr'><strong>stacula</strong></span> <span class='ocrx_word' id='word_1_537' title='bbox 2828 2958 3097 3013; x_wconf 83' lang='lat' dir='ltr'><strong>exsistens</strong></span> <span class='ocrx_word' id='word_1_538' title='bbox 3127 2962 3437 3018; x_wconf 82' lang='lat' dir='ltr'><strong>novissimis</strong></span> <span class='ocrx_word' id='word_1_539' title='bbox 3457 2965 3542 3020; x_wconf 90' lang='lat' dir='ltr'><strong>his</strong></span> <span class='ocrx_word' id='word_1_540' title='bbox 3564 2968 3680 3020; x_wconf 84' lang='lat' dir='ltr'><strong>die-</strong></span> 
     </span>
    </p>
   </div>
   <div class='ocr_carea' id='block_1_74' title="bbox 2100 3037 3679 3123">
    <p class='ocr_par' dir='ltr' id='par_1_74' title="bbox 2100 3037 3679 3123">
     <span class='ocr_line' id='line_1_74' title="bbox 2100 3037 3679 3123; baseline 0.013 -32"><span class='ocrx_word' id='word_1_541' title='bbox 2100 3037 2199 3091; x_wconf 86' lang='lat' dir='ltr'><strong>bus</strong></span> <span class='ocrx_word' id='word_1_542' title='bbox 2245 3051 2494 3108; x_wconf 82' lang='lat' dir='ltr'><strong>operatus</strong></span> <span class='ocrx_word' id='word_1_543' title='bbox 2548 3053 2627 3097; x_wconf 85' lang='lat' dir='ltr'><strong>est</strong></span> <span class='ocrx_word' id='word_1_544' title='bbox 2696 3046 2921 3101; x_wconf 81' lang='lat' dir='ltr'><strong>salutent</strong></span> <span class='ocrx_word' id='word_1_545' title='bbox 2990 3049 3047 3103; x_wconf 86' lang='lat' dir='ltr'><strong>in</strong></span> <span class='ocrx_word' id='word_1_546' title='bbox 3094 3052 3265 3104; x_wconf 81' lang='lat' dir='ltr'><strong>medio</strong></span> <span class='ocrx_word' id='word_1_547' title='bbox 3312 3062 3465 3110; x_wconf 68' lang='lat' dir='ltr'><strong>terra:</strong></span> <span class='ocrx_word' id='word_1_548' title='bbox 3490 3056 3556 3123; x_wconf 84' lang='grc'><strong>⁷⁸,</strong></span> <span class='ocrx_word' id='word_1_549' title='bbox 3590 3059 3679 3111; x_wconf 79' lang='lat' dir='ltr'><strong>ulti</strong></span> 
     </span>
    </p>
   </div>
   <div class='ocr_carea' id='block_1_75' title="bbox 2101 3131 3677 3207">
    <p class='ocr_par' dir='ltr' id='par_1_75' title="bbox 2101 3131 3677 3207">
     <span class='ocr_line' id='line_1_75' title="bbox 2101 3131 3677 3207; baseline 0.013 -29"><span class='ocrx_word' id='word_1_550' title='bbox 2101 3131 2316 3197; x_wconf 83' lang='lat' dir='ltr'><strong>tyranni</strong></span> <span class='ocrx_word' id='word_1_551' title='bbox 2341 3133 2846 3190; x_wconf 79' lang='lat' dir='ltr'><strong>exterminatinnem</strong></span> <span class='ocrx_word' id='word_1_552' title='bbox 2871 3152 2966 3207; x_wconf 89' lang='lat' dir='ltr'><strong>per</strong></span> <span class='ocrx_word' id='word_1_553' title='bbox 2982 3153 3199 3195; x_wconf 90' lang='lat' dir='ltr'><strong>crucem</strong></span> <span class='ocrx_word' id='word_1_554' title='bbox 3219 3141 3415 3197; x_wconf 81' lang='lat' dir='ltr'><strong>factam</strong></span> <span class='ocrx_word' id='word_1_555' title='bbox 3444 3145 3677 3201; x_wconf 82' lang='lat' dir='ltr'><strong>indicat:</strong></span> 
     </span>
    </p>
   </div>
   <div class='ocr_carea' id='block_1_76' title="bbox 2101 3220 3680 3293">
    <p class='ocr_par' dir='ltr' id='par_1_76' title="bbox 2101 3220 3680 3293">
     <span class='ocr_line' id='line_1_76' title="bbox 2101 3220 3680 3293; baseline 0.015 -23"><span class='ocrx_word' id='word_1_556' title='bbox 2101 3235 2222 3271; x_wconf 82' lang='lat' dir='ltr'><strong>nam</strong></span> <span class='ocrx_word' id='word_1_557' title='bbox 2265 3220 2513 3290; x_wconf 87' lang='lat' dir='ltr'><strong>princeps</strong></span> <span class='ocrx_word' id='word_1_558' title='bbox 2555 3228 2900 3281; x_wconf 85' lang='lat' dir='ltr'><strong>tenebrarum</strong></span> <span class='ocrx_word' id='word_1_559' title='bbox 2952 3244 3017 3282; x_wconf 76' lang='lat' dir='ltr'><strong>ex</strong></span> <span class='ocrx_word' id='word_1_560' title='bbox 3058 3236 3205 3286; x_wconf 90' lang='lat' dir='ltr'><strong>omni</strong></span> <span class='ocrx_word' id='word_1_561' title='bbox 3256 3250 3313 3288; x_wconf 89' lang='lat' dir='ltr'><strong>re</strong></span> <span class='ocrx_word' id='word_1_562' title='bbox 3360 3249 3543 3292; x_wconf 84' lang='lat' dir='ltr'><strong>creata</strong></span> <span class='ocrx_word' id='word_1_563' title='bbox 3570 3255 3680 3293; x_wconf 79' lang='lat' dir='ltr'><strong>ex-</strong></span> 
     </span>
    </p>
   </div>
   <div class='ocr_carea' id='block_1_77' title="bbox 2100 3314 3680 3398">
    <p class='ocr_par' dir='ltr' id='par_1_77' title="bbox 2100 3314 3680 3398">
     <span class='ocr_line' id='line_1_77' title="bbox 2100 3314 3680 3398; baseline 0.016 -38"><span class='ocrx_word' id='word_1_564' title='bbox 2100 3314 2289 3379; x_wconf 84' lang='lat' dir='ltr'><strong>pulsus</strong></span> <span class='ocrx_word' id='word_1_565' title='bbox 2334 3325 2445 3379; x_wconf 86' lang='lat' dir='ltr'><strong>est;</strong></span> <span class='ocrx_word' id='word_1_566' title='bbox 2479 3325 2529 3369; x_wconf 92' lang='lat' dir='ltr'><strong>et</strong></span> <span class='ocrx_word' id='word_1_567' title='bbox 2577 3331 2607 3371; x_wconf 89' lang='lat' dir='ltr'><strong>e</strong></span> <span class='ocrx_word' id='word_1_568' title='bbox 2644 3318 2785 3373; x_wconf 69' lang='lat' dir='ltr'><strong>cmlo</strong></span> <span class='ocrx_word' id='word_1_569' title='bbox 2836 3321 3053 3389; x_wconf 84' lang='lat' dir='ltr'><strong>quidem</strong></span> <span class='ocrx_word' id='word_1_570' title='bbox 3108 3325 3352 3394; x_wconf 91' lang='lat' dir='ltr'><strong>dcjectus</strong></span> <span class='ocrx_word' id='word_1_571' title='bbox 3394 3340 3519 3396; x_wconf 93' lang='lat' dir='ltr'><strong>est,</strong></span> <span class='ocrx_word' id='word_1_572' title='bbox 3554 3331 3680 3398; x_wconf 76' lang='lat' dir='ltr'><strong>quia</strong></span> 
     </span>
    </p>
   </div>
   <div class='ocr_carea' id='block_1_78' title="bbox 2099 3407 3678 3479">
    <p class='ocr_par' dir='ltr' id='par_1_78' title="bbox 2099 3407 3678 3479">
     <span class='ocr_line' id='line_1_78' title="bbox 2099 3407 3678 3479; baseline 0.013 -20"><span class='ocrx_word' id='word_1_573' title='bbox 2099 3407 2287 3460; x_wconf 73' lang='lat' dir='ltr'><strong>emtum</strong></span> <span class='ocrx_word' id='word_1_574' title='bbox 2326 3410 2443 3462; x_wconf 71' lang='lat' dir='ltr'><strong>creti</strong></span> <span class='ocrx_word' id='word_1_575' title='bbox 2503 3410 2728 3465; x_wconf 89' lang='lat' dir='ltr'><strong>Domino</strong></span> <span class='ocrx_word' id='word_1_576' title='bbox 2755 3413 2825 3467; x_wconf 83' lang='lat'><strong>&quot;.</strong></span> <span class='ocrx_word' id='word_1_577' title='bbox 2898 3414 2971 3468; x_wconf 77' lang='lat' dir='ltr'><strong>Ex</strong></span> <span class='ocrx_word' id='word_1_578' title='bbox 3020 3427 3161 3470; x_wconf 85' lang='lat' dir='ltr'><strong>terra</strong></span> <span class='ocrx_word' id='word_1_579' title='bbox 3214 3419 3382 3473; x_wconf 87' lang='lat' dir='ltr'><strong>etiam</strong></span> <span class='ocrx_word' id='word_1_580' title='bbox 3430 3431 3485 3476; x_wconf 90' lang='lat' dir='ltr'><strong>et</strong></span> <span class='ocrx_word' id='word_1_581' title='bbox 3537 3424 3678 3479; x_wconf 85' lang='lat' dir='ltr'><strong>mari</strong></span> 
     </span>
    </p>
   </div>
   <div class='ocr_carea' id='block_1_79' title="bbox 2101 3496 3678 3580">
    <p class='ocr_par' dir='ltr' id='par_1_79' title="bbox 2101 3496 3678 3580">
     <span class='ocr_line' id='line_1_79' title="bbox 2101 3496 3678 3580; baseline 0.011 -31"><span class='ocrx_word' id='word_1_582' title='bbox 2101 3496 2417 3565; x_wconf 84' lang='lat' dir='ltr'><strong>proﬂigatus</strong></span> <span class='ocrx_word' id='word_1_583' title='bbox 2445 3510 2562 3565; x_wconf 90' lang='lat' dir='ltr'><strong>est,</strong></span> <span class='ocrx_word' id='word_1_584' title='bbox 2593 3503 2723 3571; x_wconf 83' lang='lat' dir='ltr'><strong>quia</strong></span> <span class='ocrx_word' id='word_1_585' title='bbox 2752 3504 2996 3559; x_wconf 83' lang='lat' dir='ltr'><strong>cruciﬁxi</strong></span> <span class='ocrx_word' id='word_1_586' title='bbox 3038 3503 3348 3564; x_wconf 88' lang='lat' dir='ltr'><strong>Servatoris</strong></span> <span class='ocrx_word' id='word_1_587' title='bbox 3379 3522 3462 3564; x_wconf 86' lang='lat' dir='ltr'><strong>est</strong></span> <span class='ocrx_word' id='word_1_588' title='bbox 3494 3527 3678 3580; x_wconf 90' lang='lat' dir='ltr'><strong>mare,</strong></span> 
     </span>
    </p>
   </div>
   <div class='ocr_carea' id='block_1_80' title="bbox 2100 3589 3680 3670">
    <p class='ocr_par' dir='ltr' id='par_1_80' title="bbox 2100 3589 3680 3670">
     <span class='ocr_line' id='line_1_80' title="bbox 2100 3589 3680 3670; baseline 0.01 -29"><span class='ocrx_word' id='word_1_589' title='bbox 2100 3595 2154 3641; x_wconf 84' lang='lat' dir='ltr'><strong>et</strong></span> <span class='ocrx_word' id='word_1_590' title='bbox 2185 3589 2391 3642; x_wconf 85' lang='lat' dir='ltr'><strong>aridam</strong></span> <span class='ocrx_word' id='word_1_591' title='bbox 2428 3590 2799 3648; x_wconf 80' lang='lat' dir='ltr'><strong>formaverunt</strong></span> <span class='ocrx_word' id='word_1_592' title='bbox 2833 3611 3026 3651; x_wconf 88' lang='lat' dir='ltr'><strong>manus</strong></span> <span class='ocrx_word' id='word_1_593' title='bbox 3050 3599 3254 3670; x_wconf 86' lang='lat' dir='ltr'><strong>ejus&quot;.</strong></span> <span class='ocrx_word' id='word_1_594' title='bbox 3284 3599 3481 3656; x_wconf 86' lang='lat' dir='ltr'><strong>Eversa</strong></span> <span class='ocrx_word' id='word_1_595' title='bbox 3514 3614 3597 3656; x_wconf 90' lang='lat' dir='ltr'><strong>est</strong></span> <span class='ocrx_word' id='word_1_596' title='bbox 3625 3613 3680 3657; x_wconf 71' lang='grc' dir='ltr'><strong>ιι</strong></span> 
     </span>
    </p>
   </div>
   <div class='ocr_carea' id='block_1_81' title="bbox 2102 3680 3787 3764">
    <p class='ocr_par' dir='ltr' id='par_1_81' title="bbox 2102 3680 3787 3764">
     <span class='ocr_line' id='line_1_81' title="bbox 2102 3680 3787 3764; baseline 0.012 -33"><span class='ocrx_word' id='word_1_597' title='bbox 2102 3680 2214 3743; x_wconf 87' lang='lat' dir='ltr'><strong>illa,</strong></span> <span class='ocrx_word' id='word_1_598' title='bbox 2250 3695 2370 3752; x_wconf 73' lang='lat' dir='ltr'><strong>quas</strong></span> <span class='ocrx_word' id='word_1_599' title='bbox 2408 3682 2462 3737; x_wconf 91' lang='lat' dir='ltr'><strong>in</strong></span> <span class='ocrx_word' id='word_1_600' title='bbox 2507 3683 2724 3742; x_wconf 84' lang='lat' dir='ltr'><strong>inferno</strong></span> <span class='ocrx_word' id='word_1_601' title='bbox 2754 3690 3126 3757; x_wconf 76' lang='lat' dir='ltr'><strong>grassabatur,</strong></span> <span class='ocrx_word' id='word_1_602' title='bbox 3163 3695 3424 3761; x_wconf 74' lang='lat' dir='ltr'><strong>potentia”.</strong></span> <span class='ocrx_word' id='word_1_603' title='bbox 3459 3696 3583 3764; x_wconf 90' lang='lat' dir='ltr'><strong>quia</strong></span> <span class='ocrx_word' id='word_1_604' title='bbox 3623 3706 3680 3751; x_wconf 90' lang='lat' dir='ltr'><strong>et</strong></span> <span class='ocrx_word' id='word_1_605' title='bbox 3782 3737 3787 3740; x_wconf 61' lang='grc' dir='ltr'><em>ρ</em></span> 
     </span>
    </p>
   </div>
   <div class='ocr_carea' id='block_1_82' title="bbox 2103 3772 3681 3849">
    <p class='ocr_par' dir='ltr' id='par_1_82' title="bbox 2103 3772 3681 3849">
     <span class='ocr_line' id='line_1_82' title="bbox 2103 3772 3681 3849; baseline 0.011 -25"><span class='ocrx_word' id='word_1_606' title='bbox 2103 3772 2307 3828; x_wconf 77' lang='lat' dir='ltr'><strong>inferos</strong></span> <span class='ocrx_word' id='word_1_607' title='bbox 2342 3790 2444 3829; x_wconf 85' lang='lat' dir='ltr'><strong>suo</strong></span> <span class='ocrx_word' id='word_1_608' title='bbox 2471 3777 2734 3834; x_wconf 87' lang='lat' dir='ltr'><strong>descensu</strong></span> <span class='ocrx_word' id='word_1_609' title='bbox 2770 3779 3084 3849; x_wconf 87' lang='lat' dir='ltr'><strong>illustravit,</strong></span> <span class='ocrx_word' id='word_1_610' title='bbox 3119 3792 3172 3838; x_wconf 90' lang='lat' dir='ltr'><strong>et</strong></span> <span class='ocrx_word' id='word_1_611' title='bbox 3211 3786 3277 3839; x_wconf 88' lang='lat' dir='ltr'><strong>de</strong></span> <span class='ocrx_word' id='word_1_612' title='bbox 3310 3795 3506 3841; x_wconf 67' lang='lat' dir='ltr'><strong>caetero</strong></span> <span class='ocrx_word' id='word_1_613' title='bbox 3540 3803 3681 3842; x_wconf 87' lang='lat' dir='ltr'><strong>unus</strong></span> 
     </span>
    </p>
   </div>
   <div class='ocr_carea' id='block_1_83' title="bbox 2100 3864 3680 3948">
    <p class='ocr_par' dir='ltr' id='par_1_83' title="bbox 2100 3864 3680 3948">
     <span class='ocr_line' id='line_1_83' title="bbox 2100 3864 3680 3948; baseline 0.009 -30"><span class='ocrx_word' id='word_1_614' title='bbox 2100 3864 2250 3920; x_wconf 89' lang='lat' dir='ltr'><strong>locus</strong></span> <span class='ocrx_word' id='word_1_615' title='bbox 2291 3867 2547 3934; x_wconf 70' lang='lat' dir='ltr'><strong>gehennat</strong></span> <span class='ocrx_word' id='word_1_616' title='bbox 2578 3870 2790 3926; x_wconf 88' lang='lat' dir='ltr'><strong>diabolo</strong></span> <span class='ocrx_word' id='word_1_617' title='bbox 2820 3885 3131 3930; x_wconf 85' lang='lat' dir='ltr'><strong>reservatus</strong></span> <span class='ocrx_word' id='word_1_618' title='bbox 3160 3882 3268 3940; x_wconf 89' lang='lat' dir='ltr'><strong>est,</strong></span> <span class='ocrx_word' id='word_1_619' title='bbox 3292 3877 3383 3947; x_wconf 87' lang='lat' dir='ltr'><strong>qui</strong></span> <span class='ocrx_word' id='word_1_620' title='bbox 3413 3893 3680 3948; x_wconf 73' lang='lat' dir='ltr'><strong>praepara-</strong></span> 
     </span>
    </p>
   </div>
   <div class='ocr_carea' id='block_1_84' title="bbox 2102 3958 2730 4026">
    <p class='ocr_par' dir='ltr' id='par_1_84' title="bbox 2102 3958 2730 4026">
     <span class='ocr_line' id='line_1_84' title="bbox 2102 3958 2730 4026; baseline 0.013 -16"><span class='ocrx_word' id='word_1_621' title='bbox 2102 3966 2189 4011; x_wconf 86' lang='lat' dir='ltr'><strong>tus</strong></span> <span class='ocrx_word' id='word_1_622' title='bbox 2215 3967 2299 4011; x_wconf 90' lang='lat' dir='ltr'><strong>est</strong></span> <span class='ocrx_word' id='word_1_623' title='bbox 2331 3958 2428 4026; x_wconf 88' lang='lat' dir='ltr'><strong>ipsi</strong></span> <span class='ocrx_word' id='word_1_624' title='bbox 2463 3969 2518 4014; x_wconf 89' lang='lat' dir='ltr'><strong>et</strong></span> <span class='ocrx_word' id='word_1_625' title='bbox 2547 3962 2730 4018; x_wconf 87' lang='lat' dir='ltr'><strong>sociis.</strong></span> 
     </span>
    </p>
   </div>
   <div class='ocr_carea' id='block_1_85' title="bbox 2173 4047 3681 4116">
    <p class='ocr_par' dir='ltr' id='par_1_85' title="bbox 2173 4047 3681 4116">
     <span class='ocr_line' id='line_1_85' title="bbox 2173 4047 3681 4116; baseline 0.009 -16"><span class='ocrx_word' id='word_1_626' title='bbox 2173 4047 2413 4116; x_wconf 86' lang='lat' dir='ltr'><strong>Agedum</strong></span> <span class='ocrx_word' id='word_1_627' title='bbox 2447 4066 2591 4106; x_wconf 91' lang='lat' dir='ltr'><strong>nunc</strong></span> <span class='ocrx_word' id='word_1_628' title='bbox 2630 4053 2795 4107; x_wconf 89' lang='lat' dir='ltr'><strong>etiam</strong></span> <span class='ocrx_word' id='word_1_629' title='bbox 2834 4068 2902 4109; x_wconf 83' lang='lat' dir='ltr'><strong>ex</strong></span> <span class='ocrx_word' id='word_1_630' title='bbox 2941 4055 3171 4110; x_wconf 89' lang='lat' dir='ltr'><strong>canticis</strong></span> <span class='ocrx_word' id='word_1_631' title='bbox 3205 4054 3512 4113; x_wconf 82' lang='lat' dir='ltr'><strong>Salomonis</strong></span> <span class='ocrx_word' id='word_1_632' title='bbox 3555 4075 3681 4114; x_wconf 88' lang='lat' dir='ltr'><strong>ora-</strong></span> 
     </span>
    </p>
   </div>
   <div class='ocr_carea' id='block_1_86' title="bbox 2104 4141 3682 4221">
    <p class='ocr_par' dir='ltr' id='par_1_86' title="bbox 2104 4141 3682 4221">
     <span class='ocr_line' id='line_1_86' title="bbox 2104 4141 3682 4221; baseline 0.009 -26"><span class='ocrx_word' id='word_1_633' title='bbox 2104 4141 2304 4195; x_wconf 84' lang='lat' dir='ltr'><strong>tionem</strong></span> <span class='ocrx_word' id='word_1_634' title='bbox 2333 4149 2575 4195; x_wconf 83' lang='lat' dir='ltr'><strong>nostram</strong></span> <span class='ocrx_word' id='word_1_635' title='bbox 2608 4145 2870 4213; x_wconf 86' lang='lat' dir='ltr'><strong>rigentus,</strong></span> <span class='ocrx_word' id='word_1_636' title='bbox 2891 4157 2946 4199; x_wconf 91' lang='lat' dir='ltr'><strong>et</strong></span> <span class='ocrx_word' id='word_1_637' title='bbox 2974 4149 3334 4216; x_wconf 81' lang='lat' dir='ltr'><strong>cepiosiorem</strong></span> <span class='ocrx_word' id='word_1_638' title='bbox 3360 4149 3682 4221; x_wconf 77' lang='lat' dir='ltr'><strong>eﬂiciamus,</strong></span> 
     </span>
    </p>
   </div>
   <div class='ocr_carea' id='block_1_87' title="bbox 2101 4234 3680 4309">
    <p class='ocr_par' dir='ltr' id='par_1_87' title="bbox 2101 4234 3680 4309">
     <span class='ocr_line' id='line_1_87' title="bbox 2101 4234 3680 4309; baseline 0.008 -23"><span class='ocrx_word' id='word_1_639' title='bbox 2101 4234 2372 4286; x_wconf 86' lang='lat' dir='ltr'><strong>Adveniat</strong></span> <span class='ocrx_word' id='word_1_640' title='bbox 2408 4234 2573 4304; x_wconf 89' lang='lat' dir='ltr'><strong>igitur</strong></span> <span class='ocrx_word' id='word_1_641' title='bbox 2602 4236 2773 4304; x_wconf 91' lang='lat' dir='ltr'><strong>is,qui</strong></span> <span class='ocrx_word' id='word_1_642' title='bbox 2797 4239 2847 4290; x_wconf 90' lang='lat' dir='ltr'><strong>in</strong></span> <span class='ocrx_word' id='word_1_643' title='bbox 2878 4239 2987 4293; x_wconf 86' lang='lat' dir='ltr'><strong>illis</strong></span> <span class='ocrx_word' id='word_1_644' title='bbox 3016 4239 3351 4309; x_wconf 86' lang='lat' dir='ltr'><strong>celebratur,</strong></span> <span class='ocrx_word' id='word_1_645' title='bbox 3368 4241 3680 4309; x_wconf 74' lang='lat' dir='ltr'><strong>lectulus&quot;,</strong></span> 
     </span>
    </p>
   </div>
   <div class='ocr_carea' id='block_1_88' title="bbox 2102 4323 3680 4406">
    <p class='ocr_par' dir='ltr' id='par_1_88' title="bbox 2102 4323 3680 4406">
     <span class='ocr_line' id='line_1_88' title="bbox 2102 4323 3680 4406; baseline 0.008 -28"><span class='ocrx_word' id='word_1_646' title='bbox 2102 4323 2303 4379; x_wconf 86' lang='lat' dir='ltr'><strong>Christi</strong></span> <span class='ocrx_word' id='word_1_647' title='bbox 2336 4340 2554 4381; x_wconf 85' lang='lat' dir='ltr'><strong>crucem</strong></span> <span class='ocrx_word' id='word_1_648' title='bbox 2581 4330 2972 4398; x_wconf 65' lang='lat' dir='ltr'><strong>praenuntiaus,</strong></span> <span class='ocrx_word' id='word_1_649' title='bbox 2999 4332 3088 4401; x_wconf 91' lang='lat' dir='ltr'><strong>qui</strong></span> <span class='ocrx_word' id='word_1_650' title='bbox 3113 4347 3239 4388; x_wconf 87' lang='lat' dir='ltr'><strong>vere</strong></span> <span class='ocrx_word' id='word_1_651' title='bbox 3258 4333 3371 4388; x_wconf 81' lang='lat' dir='ltr'><strong>Rex</strong></span> <span class='ocrx_word' id='word_1_652' title='bbox 3400 4337 3550 4405; x_wconf 87' lang='lat' dir='ltr'><strong>pacis</strong></span> <span class='ocrx_word' id='word_1_653' title='bbox 3575 4351 3680 4406; x_wconf 76' lang='lat' dir='ltr'><strong>est,</strong></span> 
     </span>
    </p>
   </div>
   <div class='ocr_carea' id='block_1_89' title="bbox 2102 4422 3679 4499">
    <p class='ocr_par' dir='ltr' id='par_1_89' title="bbox 2102 4422 3679 4499">
     <span class='ocr_line' id='line_1_89' title="bbox 2102 4422 3679 4499; baseline 0.008 -26"><span class='ocrx_word' id='word_1_654' title='bbox 2102 4422 2193 4490; x_wconf 89' lang='lat' dir='ltr'><strong>qui</strong></span> <span class='ocrx_word' id='word_1_655' title='bbox 2225 4435 2310 4485; x_wconf 88' lang='lat' dir='ltr'><strong>ea,</strong></span> <span class='ocrx_word' id='word_1_656' title='bbox 2342 4436 2461 4491; x_wconf 67' lang='lat' dir='ltr'><strong>quae</strong></span> <span class='ocrx_word' id='word_1_657' title='bbox 2495 4423 2684 4478; x_wconf 88' lang='lat' dir='ltr'><strong>dissita</strong></span> <span class='ocrx_word' id='word_1_658' title='bbox 2715 4436 2894 4493; x_wconf 88' lang='lat' dir='ltr'><strong>erant,</strong></span> <span class='ocrx_word' id='word_1_659' title='bbox 2925 4427 3231 4496; x_wconf 83' lang='lat' dir='ltr'><strong>conjunxit,</strong></span> <span class='ocrx_word' id='word_1_660' title='bbox 3270 4439 3326 4484; x_wconf 87' lang='lat' dir='ltr'><strong>et</strong></span> <span class='ocrx_word' id='word_1_661' title='bbox 3362 4434 3679 4499; x_wconf 88' lang='lat' dir='ltr'><strong>maceriam,</strong></span> 
     </span>
    </p>
   </div>
   <div class='ocr_carea' id='block_1_90' title="bbox 419 4514 1997 4601">
    <p class='ocr_par' dir='ltr' id='par_1_90' title="bbox 419 4521 1997 4601">
     <span class='ocr_line' id='line_1_90' title="bbox 419 4521 1997 4601; baseline -0.006 -18"><span class='ocrx_word' id='word_1_662' title='bbox 419 4529 683 4601; x_wconf 77' lang='grc' dir='ltr'>φραγμοῦ</span> <span class='ocrx_word' id='word_1_663' title='bbox 711 4528 1029 4598; x_wconf 84' lang='grc' dir='ltr'>μεσότειχον</span> <span class='ocrx_word' id='word_1_664' title='bbox 1061 4529 1123 4579; x_wconf 80' lang='grc' dir='ltr'>ἐκ</span> <span class='ocrx_word' id='word_1_665' title='bbox 1152 4526 1321 4595; x_wconf 77' lang='grc' dir='ltr'>μέσον</span> <span class='ocrx_word' id='word_1_666' title='bbox 1370 4526 1723 4596; x_wconf 71' lang='grc' dir='ltr'>ποιήσαντοςο</span> <span class='ocrx_word' id='word_1_667' title='bbox 1748 4525 1806 4575; x_wconf 80' lang='grc' dir='ltr'>ὲν</span> <span class='ocrx_word' id='word_1_668' title='bbox 1845 4521 1997 4592; x_wconf 86' lang='grc' dir='ltr'><strong>αύτῷ</strong></span> 
     </span>
    </p>
   </div>
   <div class='ocr_carea' id='block_1_91' title="bbox 2099 4514 3683 4601">
    <p class='ocr_par' dir='ltr' id='par_1_91' title="bbox 2102 4514 3683 4592">
     <span class='ocr_line' id='line_1_91' title="bbox 2102 4514 3683 4592; baseline 0.011 -28"><span class='ocrx_word' id='word_1_669' title='bbox 2102 4529 2223 4583; x_wconf 82' lang='lat' dir='ltr'><strong>quae</strong></span> <span class='ocrx_word' id='word_1_670' title='bbox 2274 4514 2588 4583; x_wconf 88' lang='lat' dir='ltr'><strong>interposita</strong></span> <span class='ocrx_word' id='word_1_671' title='bbox 2635 4525 2774 4581; x_wconf 84' lang='lat' dir='ltr'><strong>erat,</strong></span> <span class='ocrx_word' id='word_1_672' title='bbox 2822 4520 3077 4586; x_wconf 67' lang='lat' dir='ltr'><strong>Silallllil;</strong></span> <span class='ocrx_word' id='word_1_673' title='bbox 3110 4522 3163 4574; x_wconf 94' lang='lat' dir='ltr'><strong>in</strong></span> <span class='ocrx_word' id='word_1_674' title='bbox 3218 4523 3332 4592; x_wconf 89' lang='lat' dir='ltr'><strong>ipso</strong></span> <span class='ocrx_word' id='word_1_675' title='bbox 3378 4524 3522 4579; x_wconf 82' lang='lat' dir='ltr'><strong>enim</strong></span> <span class='ocrx_word' id='word_1_676' title='bbox 3562 4528 3683 4581; x_wconf 72' lang='lat' dir='ltr'><strong>vitae</strong></span> 
     </span>
    </p>
   </div>
   <div class='ocr_carea' id='block_1_92' title="bbox 418 4611 1997 4692">
    <p class='ocr_par' dir='ltr' id='par_1_92' title="bbox 418 4611 1997 4692">
     <span class='ocr_line' id='line_1_92' title="bbox 418 4611 1997 4692; baseline -0.007 -16"><span class='ocrx_word' id='word_1_677' title='bbox 418 4625 532 4692; x_wconf 74' lang='grc' dir='ltr'><strong>γὰρ</strong></span> <span class='ocrx_word' id='word_1_678' title='bbox 556 4623 586 4675; x_wconf 88' lang='lat'><strong>6</strong></span> <span class='ocrx_word' id='word_1_679' title='bbox 611 4619 762 4688; x_wconf 79' lang='grc' dir='ltr'>ζωῆς</span> <span class='ocrx_word' id='word_1_680' title='bbox 790 4621 1022 4687; x_wconf 82' lang='grc' dir='ltr'>ταμιεὺς</span> <span class='ocrx_word' id='word_1_681' title='bbox 1062 4616 1335 4686; x_wconf 70' lang='grc' dir='ltr'>ἐκοιμήθη</span> <span class='ocrx_word' id='word_1_682' title='bbox 1378 4613 1606 4685; x_wconf 79' lang='grc' dir='ltr'>Ἰησοῦς,</span> <span class='ocrx_word' id='word_1_683' title='bbox 1644 4612 1738 4668; x_wconf 74' lang='grc' dir='ltr'>καὶ</span> <span class='ocrx_word' id='word_1_684' title='bbox 1776 4611 1997 4667; x_wconf 79' lang='grc' dir='ltr'>ὖπνωσε</span> 
     </span>
    </p>
   </div>
   <div class='ocr_carea' id='block_1_93' title="bbox 420 4696 2002 4776">
    <p class='ocr_par' dir='ltr' id='par_1_93' title="bbox 420 4696 2002 4776">
     <span class='ocr_line' id='line_1_93' title="bbox 420 4696 2002 4776; baseline -0.006 -12"><span class='ocrx_word' id='word_1_685' title='bbox 420 4713 589 4766; x_wconf 76' lang='grc' dir='ltr'>ὕπνον</span> <span class='ocrx_word' id='word_1_686' title='bbox 621 4709 718 4765; x_wconf 82' lang='grc' dir='ltr'>τοῦ</span> <span class='ocrx_word' id='word_1_687' title='bbox 751 4711 1015 4771; x_wconf 82' lang='grc' dir='ltr'>πεσόντος</span> <span class='ocrx_word' id='word_1_688' title='bbox 1055 4706 1229 4776; x_wconf 84' lang='grc' dir='ltr'>’Δδὰμ</span> <span class='ocrx_word' id='word_1_689' title='bbox 1284 4704 1684 4773; x_wconf 85' lang='grc' dir='ltr'>ἁναστάσιμον,</span> <span class='ocrx_word' id='word_1_690' title='bbox 1733 4704 1795 4770; x_wconf 75' lang='grc' dir='ltr'><strong>ἐξ</strong></span> <span class='ocrx_word' id='word_1_691' title='bbox 1827 4696 2002 4775; x_wconf 74' lang='grc' dir='ltr'>οὗπερ</span> 
     </span>
    </p>
   </div>
   <div class='ocr_carea' id='block_1_94' title="bbox 422 4795 2005 4873">
    <p class='ocr_par' dir='ltr' id='par_1_94' title="bbox 422 4795 2005 4873">
     <span class='ocr_line' id='line_1_94' title="bbox 422 4795 2005 4873; baseline -0.006 -16"><span class='ocrx_word' id='word_1_692' title='bbox 422 4804 650 4873; x_wconf 77' lang='grc' dir='ltr'>ἀνέστη,</span> <span class='ocrx_word' id='word_1_693' title='bbox 680 4801 893 4861; x_wconf 86' lang='grc' dir='ltr'>πάντας</span> <span class='ocrx_word' id='word_1_694' title='bbox 924 4801 1014 4865; x_wconf 81' lang='grc' dir='ltr'>εὶς</span> <span class='ocrx_word' id='word_1_695' title='bbox 1040 4797 1149 4863; x_wconf 84' lang='grc' dir='ltr'>τὰς</span> <span class='ocrx_word' id='word_1_696' title='bbox 1184 4797 1408 4866; x_wconf 81' lang='grc' dir='ltr'>πρωΐας</span> <span class='ocrx_word' id='word_1_697' title='bbox 1424 4797 1796 4850; x_wconf 77' lang='grc' dir='ltr'>ἀποκτείνων</span> <span class='ocrx_word' id='word_1_698' title='bbox 1822 4795 2005 4865; x_wconf 79' lang='grc' dir='ltr'>ἀμαρ-</span> 
     </span>
    </p>
   </div>
   <div class='ocr_carea' id='block_1_95' title="bbox 425 4888 2005 4962">
    <p class='ocr_par' dir='ltr' id='par_1_95' title="bbox 425 4888 2005 4962">
     <span class='ocr_line' id='line_1_95' title="bbox 425 4888 2005 4962; baseline -0.006 -12"><span class='ocrx_word' id='word_1_699' title='bbox 425 4895 655 4961; x_wconf 71' lang='grc' dir='ltr'>τωλοὺς</span> <span class='ocrx_word' id='word_1_700' title='bbox 685 4891 794 4958; x_wconf 80' lang='grc' dir='ltr'>τῆς</span> <span class='ocrx_word' id='word_1_701' title='bbox 820 4889 952 4962; x_wconf 78' lang='grc' dir='ltr'><strong>τῆς.</strong></span> <span class='ocrx_word' id='word_1_702' title='bbox 997 4889 1214 4958; x_wconf 85' lang='grc' dir='ltr'>Ταύτην</span> <span class='ocrx_word' id='word_1_703' title='bbox 1254 4890 1318 4959; x_wconf 73' lang='grc' dir='ltr'>δὴ</span> <span class='ocrx_word' id='word_1_704' title='bbox 1346 4890 1446 4958; x_wconf 77' lang='grc' dir='ltr'>τὴν</span> <span class='ocrx_word' id='word_1_705' title='bbox 1466 4892 1782 4960; x_wconf 83' lang='grc' dir='ltr'>τετραμερῆ</span> <span class='ocrx_word' id='word_1_706' title='bbox 1813 4888 2005 4957; x_wconf 86' lang='grc' dir='ltr'>κλίνην</span> 
     </span>
    </p>
   </div>
   <div class='ocr_carea' id='block_1_96' title="bbox 427 4980 2004 5055">
    <p class='ocr_par' dir='ltr' id='par_1_96' title="bbox 427 4980 2004 5055">
     <span class='ocr_line' id='line_1_96' title="bbox 427 4980 2004 5055; baseline -0.006 -13"><span class='ocrx_word' id='word_1_707' title='bbox 427 4990 727 5055; x_wconf 76' lang='grc' dir='ltr'>ἑξήκοντα</span> <span class='ocrx_word' id='word_1_708' title='bbox 772 4982 1074 5039; x_wconf 69' lang='grc' dir='ltr'>κυκλοῦσι</span> <span class='ocrx_word' id='word_1_709' title='bbox 1106 4982 1378 5045; x_wconf 79' lang='grc' dir='ltr'>δυνατοὶ,</span> <span class='ocrx_word' id='word_1_710' title='bbox 1420 4981 1580 5052; x_wconf 81' lang='grc' dir='ltr'>χορὸς</span> <span class='ocrx_word' id='word_1_711' title='bbox 1632 4981 1857 5045; x_wconf 75' lang='grc' dir='ltr'>τέλειος,</span> <span class='ocrx_word' id='word_1_712' title='bbox 1907 4980 2004 5033; x_wconf 75' lang='grc' dir='ltr'>καὶ</span> 
     </span>
    </p>
   </div>
   <div class='ocr_carea' id='block_1_97' title="bbox 428 5071 2000 5149">
    <p class='ocr_par' dir='ltr' id='par_1_97' title="bbox 428 5071 2000 5149">
     <span class='ocr_line' id='line_1_97' title="bbox 428 5071 2000 5149; baseline -0.006 -18"><span class='ocrx_word' id='word_1_713' title='bbox 428 5080 675 5149; x_wconf 76' lang='grc' dir='ltr'>βεϐηκὼς</span> <span class='ocrx_word' id='word_1_714' title='bbox 701 5077 957 5148; x_wconf 84' lang='grc' dir='ltr'>ὲδραίως,</span> <span class='ocrx_word' id='word_1_715' title='bbox 989 5077 1053 5127; x_wconf 84' lang='grc' dir='ltr'>ὲκ</span> <span class='ocrx_word' id='word_1_716' title='bbox 1079 5072 1458 5143; x_wconf 85' lang='grc' dir='ltr'>πατριαρχῶν,</span> <span class='ocrx_word' id='word_1_717' title='bbox 1500 5071 1818 5142; x_wconf 84' lang='grc' dir='ltr'>προφητῶν,</span> <span class='ocrx_word' id='word_1_718' title='bbox 1860 5074 2000 5123; x_wconf 87' lang='grc' dir='ltr'>άπο-</span> 
     </span>
    </p>
   </div>
   <div class='ocr_carea' id='block_1_98' title="bbox 431 5161 2002 5239">
    <p class='ocr_par' dir='ltr' id='par_1_98' title="bbox 431 5161 2002 5239">
     <span class='ocr_line' id='line_1_98' title="bbox 431 5161 2002 5239; baseline -0.003 -19"><span class='ocrx_word' id='word_1_719' title='bbox 431 5169 653 5236; x_wconf 86' lang='grc' dir='ltr'>στόλων,</span> <span class='ocrx_word' id='word_1_720' title='bbox 706 5166 1026 5239; x_wconf 86' lang='grc' dir='ltr'>μαρτύρων,</span> <span class='ocrx_word' id='word_1_721' title='bbox 1076 5164 1240 5219; x_wconf 85' lang='grc' dir='ltr'>ὁσίων</span> <span class='ocrx_word' id='word_1_722' title='bbox 1301 5161 1575 5216; x_wconf 81' lang='grc' dir='ltr'>συνελθὼν</span> <span class='ocrx_word' id='word_1_723' title='bbox 1627 5164 1722 5216; x_wconf 75' lang='grc' dir='ltr'>καὶ</span> <span class='ocrx_word' id='word_1_724' title='bbox 1772 5163 2002 5216; x_wconf 87' lang='grc' dir='ltr'>δικαίων</span> 
     </span>
    </p>
   </div>
   <div class='ocr_carea' id='block_1_99' title="bbox 426 5255 2000 5329">
    <p class='ocr_par' dir='ltr' id='par_1_99' title="bbox 426 5255 2000 5329">
     <span class='ocr_line' id='line_1_99' title="bbox 426 5255 2000 5329; baseline -0.003 -18"><span class='ocrx_word' id='word_1_725' title='bbox 426 5263 748 5329; x_wconf 83' lang='grc' dir='ltr'>ταγμάτων,</span> <span class='ocrx_word' id='word_1_726' title='bbox 784 5262 881 5312; x_wconf 77' lang='grc' dir='ltr'>καὶ</span> <span class='ocrx_word' id='word_1_727' title='bbox 910 5256 1036 5311; x_wconf 82' lang='grc' dir='ltr'>καθ’</span> <span class='ocrx_word' id='word_1_728' title='bbox 1087 5256 1258 5310; x_wconf 79' lang='grc' dir='ltr'>ἑαυτὰ</span> <span class='ocrx_word' id='word_1_729' title='bbox 1314 5255 1377 5307; x_wconf 85' lang='grc' dir='ltr'>τὸ</span> <span class='ocrx_word' id='word_1_730' title='bbox 1405 5255 1609 5308; x_wconf 77' lang='grc' dir='ltr'>τέλειον</span> <span class='ocrx_word' id='word_1_731' title='bbox 1636 5255 1870 5324; x_wconf 78' lang='grc' dir='ltr'>ἐχόντων</span> <span class='ocrx_word' id='word_1_732' title='bbox 1899 5255 2000 5324; x_wconf 83' lang='grc' dir='ltr'>τῆς</span> 
     </span>
    </p>
   </div>
   <div class='ocr_carea' id='block_1_100' title="bbox 426 5349 2000 5424">
    <p class='ocr_par' dir='ltr' id='par_1_100' title="bbox 426 5349 2000 5424">
     <span class='ocr_line' id='line_1_100' title="bbox 426 5349 2000 5424; baseline -0.001 -21"><span class='ocrx_word' id='word_1_733' title='bbox 426 5352 668 5417; x_wconf 82' lang='grc' dir='ltr'>δεκάδος,</span> <span class='ocrx_word' id='word_1_734' title='bbox 690 5356 791 5406; x_wconf 69' lang='grc' dir='ltr'>καὶ</span> <span class='ocrx_word' id='word_1_735' title='bbox 813 5356 970 5424; x_wconf 77' lang='grc' dir='ltr'>κοινῇ</span> <span class='ocrx_word' id='word_1_736' title='bbox 994 5351 1467 5423; x_wconf 88' lang='grc' dir='ltr'>συμπληρούντων</span> <span class='ocrx_word' id='word_1_737' title='bbox 1487 5351 1587 5421; x_wconf 77' lang='grc' dir='ltr'>τὴν</span> <span class='ocrx_word' id='word_1_738' title='bbox 1607 5349 1791 5417; x_wconf 78' lang='grc' dir='ltr'>ἑξάδα,</span> <span class='ocrx_word' id='word_1_739' title='bbox 1814 5351 1909 5403; x_wconf 74' lang='grc' dir='ltr'>καὶ</span> <span class='ocrx_word' id='word_1_740' title='bbox 1932 5351 2000 5418; x_wconf 81' lang='grc' dir='ltr'><strong>τῇ</strong></span> 
     </span>
    </p>
   </div>
   <div class='ocr_carea' id='block_1_101' title="bbox 429 5442 2002 5517">
    <p class='ocr_par' dir='ltr' id='par_1_101' title="bbox 429 5442 2002 5517">
     <span class='ocr_line' id='line_1_101' title="bbox 429 5442 2002 5517; baseline 0.001 -22"><span class='ocrx_word' id='word_1_741' title='bbox 429 5448 734 5517; x_wconf 76' lang='grc' dir='ltr'>παντελείῳ</span> <span class='ocrx_word' id='word_1_742' title='bbox 760 5448 1185 5517; x_wconf 84' lang='grc' dir='ltr'>παρισταμένων</span> <span class='ocrx_word' id='word_1_743' title='bbox 1208 5444 1428 5514; x_wconf 87' lang='grc' dir='ltr'>Τριάδι.</span> <span class='ocrx_word' id='word_1_744' title='bbox 1460 5444 1678 5513; x_wconf 84' lang='grc' dir='ltr'>Ταύτην</span> <span class='ocrx_word' id='word_1_745' title='bbox 1714 5442 2002 5512; x_wconf 75' lang='grc' dir='ltr'>βασιλικὴν</span> 
     </span>
    </p>
   </div>
   <div class='ocr_carea' id='block_1_102' title="bbox 431 5533 2000 5608">
    <p class='ocr_par' dir='ltr' id='par_1_102' title="bbox 431 5533 2000 5608">
     <span class='ocr_line' id='line_1_102' title="bbox 431 5533 2000 5608; baseline 0 -21"><span class='ocrx_word' id='word_1_746' title='bbox 431 5535 614 5607; x_wconf 81' lang='grc' dir='ltr'>κλίνην</span> <span class='ocrx_word' id='word_1_747' title='bbox 663 5540 727 5591; x_wconf 85' lang='grc' dir='ltr'>οὐ</span> <span class='ocrx_word' id='word_1_748' title='bbox 787 5539 1050 5608; x_wconf 82' lang='grc' dir='ltr'>δάκρυσιν</span> <span class='ocrx_word' id='word_1_749' title='bbox 1104 5541 1133 5590; x_wconf 91' lang='lat'><strong>6</strong></span> <span class='ocrx_word' id='word_1_750' title='bbox 1183 5535 1368 5602; x_wconf 78' lang='grc' dir='ltr'>Δαυῖδ,</span> <span class='ocrx_word' id='word_1_751' title='bbox 1422 5534 1540 5589; x_wconf 80' lang='grc' dir='ltr'>ἀλλ’</span> <span class='ocrx_word' id='word_1_752' title='bbox 1588 5533 1819 5604; x_wconf 84' lang='grc' dir='ltr'>α’ίμασιν</span> <span class='ocrx_word' id='word_1_753' title='bbox 1871 5534 1899 5586; x_wconf 86' lang='grc' dir='ltr'>ὁ</span> <span class='ocrx_word' id='word_1_754' title='bbox 1935 5538 2000 5587; x_wconf 88' lang='grc' dir='ltr'>ὲκ</span> 
     </span>
    </p>
   </div>
   <div class='ocr_carea' id='block_1_103' title="bbox 436 5625 2000 5698">
    <p class='ocr_par' dir='ltr' id='par_1_103' title="bbox 436 5625 2000 5698">
     <span class='ocr_line' id='line_1_103' title="bbox 436 5625 2000 5698; baseline 0.001 -21"><span class='ocrx_word' id='word_1_755' title='bbox 436 5628 595 5681; x_wconf 76' lang='grc' dir='ltr'>Δαυῒδ</span> <span class='ocrx_word' id='word_1_756' title='bbox 620 5628 685 5681; x_wconf 80' lang='grc' dir='ltr'>τὸ</span> <span class='ocrx_word' id='word_1_757' title='bbox 721 5631 868 5681; x_wconf 81' lang='grc' dir='ltr'>κατὰ</span> <span class='ocrx_word' id='word_1_758' title='bbox 920 5629 1099 5698; x_wconf 85' lang='grc' dir='ltr'>σάρκα</span> <span class='ocrx_word' id='word_1_759' title='bbox 1152 5627 1393 5694; x_wconf 72' lang='grc' dir='ltr'>Χριστὸς</span> <span class='ocrx_word' id='word_1_760' title='bbox 1453 5627 1699 5688; x_wconf 73' lang='grc' dir='ltr'>ἔλουσεν,</span> <span class='ocrx_word' id='word_1_761' title='bbox 1764 5625 1885 5696; x_wconf 66' lang='grc' dir='ltr'><strong>οὶχὶ</strong></span> <span class='ocrx_word' id='word_1_762' title='bbox 1938 5625 2000 5679; x_wconf 73' lang='grc' dir='ltr'>τὸ</span> 
     </span>
    </p>
   </div>
   <div class='ocr_carea' id='block_1_104' title="bbox 498 5741 1724 5816">
    <p class='ocr_par' dir='ltr' id='par_1_104' title="bbox 498 5741 1724 5816">
     <span class='ocr_line' id='line_1_104' title="bbox 498 5741 1724 5816; baseline -0.002 -17"><span class='ocrx_word' id='word_1_763' title='bbox 498 5745 541 5777; x_wconf 72' lang='grc'><strong>’⁸</strong></span> <span class='ocrx_word' id='word_1_764' title='bbox 566 5745 769 5816; x_wconf 79' lang='lat' dir='ltr'><strong>Ephes.</strong></span> <span class='ocrx_word' id='word_1_765' title='bbox 796 5760 879 5816; x_wconf 83' lang='grc' dir='ltr'>ιιι.</span> <span class='ocrx_word' id='word_1_766' title='bbox 912 5745 997 5807; x_wconf 81' lang='grc'><strong>18,</strong></span> <span class='ocrx_word' id='word_1_767' title='bbox 1032 5743 1119 5797; x_wconf 85' lang='lat' dir='ltr'><strong>i9.</strong></span> <span class='ocrx_word' id='word_1_768' title='bbox 1146 5741 1267 5816; x_wconf 37' lang='lat' dir='ltr'><strong>ﬂ&quot;:</strong></span> <span class='ocrx_word' id='word_1_769' title='bbox 1294 5741 1453 5797; x_wconf 83' lang='lat' dir='ltr'><strong>Jnan.</strong></span> <span class='ocrx_word' id='word_1_770' title='bbox 1502 5760 1597 5806; x_wconf 79' lang='lat' dir='ltr'><strong>tm,</strong></span> <span class='ocrx_word' id='word_1_771' title='bbox 1636 5742 1724 5797; x_wconf 71' lang='grc'><strong>52.</strong></span> 
     </span>
    </p>
   </div>
   <div class='ocr_carea' id='block_1_105' title="bbox 439 5811 1573 5887">
    <p class='ocr_par' dir='ltr' id='par_1_105' title="bbox 439 5811 1573 5887">
     <span class='ocr_line' id='line_1_105' title="bbox 439 5811 1573 5887; baseline -0.004 -16"><span class='ocrx_word' id='word_1_772' title='bbox 439 5811 483 5845; x_wconf 78' lang='grc'><strong>’⁸</strong></span> <span class='ocrx_word' id='word_1_773' title='bbox 528 5811 685 5872; x_wconf 78' lang='lat' dir='ltr'><strong>Cant.</strong></span> <span class='ocrx_word' id='word_1_774' title='bbox 735 5832 816 5883; x_wconf 89' lang='grc' dir='ltr'>ιιι,</span> <span class='ocrx_word' id='word_1_775' title='bbox 852 5815 874 5870; x_wconf 81' lang='grc'><strong>1</strong></span> <span class='ocrx_word' id='word_1_776' title='bbox 908 5829 1065 5884; x_wconf 80' lang='lat' dir='ltr'><strong>seqq.</strong></span> <span class='ocrx_word' id='word_1_777' title='bbox 1145 5811 1380 5887; x_wconf 29' lang='grc'><strong>⁷⁸11³581.</strong></span> <span class='ocrx_word' id='word_1_778' title='bbox 1427 5829 1478 5880; x_wconf 73' lang='grc' dir='ltr'>(ι,</span> <span class='ocrx_word' id='word_1_779' title='bbox 1519 5817 1573 5867; x_wconf 83' lang='grc'><strong>8.</strong></span> 
     </span>
    </p>
   </div>
   <div class='ocr_carea' id='block_1_106' title="bbox 1826 5741 2413 5808">
    <p class='ocr_par' dir='ltr' id='par_1_106' title="bbox 1826 5741 2413 5808">
     <span class='ocr_line' id='line_1_106' title="bbox 1826 5741 2413 5808; baseline 0.009 -13"><span class='ocrx_word' id='word_1_780' title='bbox 1826 5745 1872 5775; x_wconf 78' lang='grc'><strong>⁷⁵</strong></span> <span class='ocrx_word' id='word_1_781' title='bbox 1905 5741 2046 5799; x_wconf 82' lang='lat' dir='ltr'><strong>Psal.</strong></span> <span class='ocrx_word' id='word_1_782' title='bbox 2089 5758 2283 5808; x_wconf 67' lang='lat' dir='ltr'><strong>Lxxttt,</strong></span> <span class='ocrx_word' id='word_1_783' title='bbox 2326 5747 2413 5800; x_wconf 64' lang='grc' dir='ltr'><strong>Ω.</strong></span> 
     </span>
    </p>
   </div>
   <div class='ocr_carea' id='block_1_107' title="bbox 2102 4603 3684 4685">
    <p class='ocr_par' dir='ltr' id='par_1_107' title="bbox 2102 4603 3684 4685">
     <span class='ocr_line' id='line_1_107' title="bbox 2102 4603 3684 4685; baseline 0.009 -28"><span class='ocrx_word' id='word_1_784' title='bbox 2102 4614 2294 4659; x_wconf 88' lang='lat' dir='ltr'><strong>auctor</strong></span> <span class='ocrx_word' id='word_1_785' title='bbox 2332 4603 2493 4659; x_wconf 81' lang='lat' dir='ltr'><strong>Jesus</strong></span> <span class='ocrx_word' id='word_1_786' title='bbox 2529 4607 2816 4675; x_wconf 83' lang='lat' dir='ltr'><strong>requievit,</strong></span> <span class='ocrx_word' id='word_1_787' title='bbox 2870 4622 3235 4681; x_wconf 87' lang='lat' dir='ltr'><strong>somnumque</strong></span> <span class='ocrx_word' id='word_1_788' title='bbox 3268 4613 3545 4681; x_wconf 88' lang='lat' dir='ltr'><strong>dormivit,</strong></span> <span class='ocrx_word' id='word_1_789' title='bbox 3576 4630 3684 4685; x_wconf 92' lang='lat' dir='ltr'><strong>quo</strong></span> 
     </span>
    </p>
   </div>
   <div class='ocr_carea' id='block_1_108' title="bbox 2101 4699 3681 4777">
    <p class='ocr_par' dir='ltr' id='par_1_108' title="bbox 2101 4699 3681 4777">
     <span class='ocr_line' id='line_1_108' title="bbox 2101 4699 3681 4777; baseline 0.006 -24"><span class='ocrx_word' id='word_1_790' title='bbox 2101 4699 2372 4767; x_wconf 83' lang='lat' dir='ltr'><strong>collapsus</strong></span> <span class='ocrx_word' id='word_1_791' title='bbox 2405 4699 2577 4754; x_wconf 84' lang='lat' dir='ltr'><strong>Adam</strong></span> <span class='ocrx_word' id='word_1_792' title='bbox 2611 4703 2884 4758; x_wconf 80' lang='lat' dir='ltr'><strong>excitatus</strong></span> <span class='ocrx_word' id='word_1_793' title='bbox 2913 4712 3018 4771; x_wconf 87' lang='lat' dir='ltr'><strong>est,</strong></span> <span class='ocrx_word' id='word_1_794' title='bbox 3049 4719 3114 4759; x_wconf 80' lang='lat' dir='ltr'><strong>ex</strong></span> <span class='ocrx_word' id='word_1_795' title='bbox 3142 4720 3249 4774; x_wconf 88' lang='lat' dir='ltr'><strong>quo</strong></span> <span class='ocrx_word' id='word_1_796' title='bbox 3274 4713 3330 4760; x_wconf 91' lang='lat' dir='ltr'><strong>et</strong></span> <span class='ocrx_word' id='word_1_797' title='bbox 3361 4711 3681 4777; x_wconf 80' lang='lat' dir='ltr'><strong>resurrexit,</strong></span> 
     </span>
    </p>
   </div>
   <div class='ocr_carea' id='block_1_109' title="bbox 2100 4783 3701 4868">
    <p class='ocr_par' dir='ltr' id='par_1_109' title="bbox 2100 4783 3701 4868">
     <span class='ocr_line' id='line_1_109' title="bbox 2100 4783 3701 4868; baseline 0.007 -23"><span class='ocrx_word' id='word_1_798' title='bbox 2100 4792 2157 4847; x_wconf 89' lang='lat' dir='ltr'><strong>in</strong></span> <span class='ocrx_word' id='word_1_799' title='bbox 2206 4794 2466 4848; x_wconf 87' lang='lat' dir='ltr'><strong>matutino</strong></span> <span class='ocrx_word' id='word_1_800' title='bbox 2507 4795 2831 4865; x_wconf 79' lang='lat' dir='ltr'><strong>interﬁciens</strong></span> <span class='ocrx_word' id='word_1_801' title='bbox 2882 4812 3058 4853; x_wconf 84' lang='lat' dir='ltr'><strong>omnes</strong></span> <span class='ocrx_word' id='word_1_802' title='bbox 3098 4808 3399 4868; x_wconf 80' lang='lat' dir='ltr'><strong>peccatores</strong></span> <span class='ocrx_word' id='word_1_803' title='bbox 3431 4812 3587 4856; x_wconf 67' lang='lat' dir='ltr'><strong>terra;-</strong></span> <span class='ocrx_word' id='word_1_804' title='bbox 3612 4783 3701 4861; x_wconf 47' lang='grc' dir='ltr'><strong>τ’(</strong></span> 
     </span>
    </p>
   </div>
   <div class='ocr_carea' id='block_1_110' title="bbox 2100 4887 3679 4957">
    <p class='ocr_par' dir='ltr' id='par_1_110' title="bbox 2100 4887 3679 4957">
     <span class='ocr_line' id='line_1_110' title="bbox 2100 4887 3679 4957; baseline 0.004 -17"><span class='ocrx_word' id='word_1_805' title='bbox 2100 4887 2259 4942; x_wconf 85' lang='lat' dir='ltr'><strong>Hunc</strong></span> <span class='ocrx_word' id='word_1_806' title='bbox 2296 4898 2526 4957; x_wconf 90' lang='lat' dir='ltr'><strong>quatuor</strong></span> <span class='ocrx_word' id='word_1_807' title='bbox 2560 4890 2805 4957; x_wconf 86' lang='lat' dir='ltr'><strong>partibus</strong></span> <span class='ocrx_word' id='word_1_808' title='bbox 2849 4900 3195 4945; x_wconf 85' lang='lat' dir='ltr'><strong>constantem</strong></span> <span class='ocrx_word' id='word_1_809' title='bbox 3231 4891 3489 4946; x_wconf 90' lang='lat' dir='ltr'><strong>lectulum</strong></span> <span class='ocrx_word' id='word_1_810' title='bbox 3527 4908 3679 4947; x_wconf 74' lang='lat' dir='ltr'><strong>sexa-</strong></span> 
     </span>
    </p>
   </div>
   <div class='ocr_carea' id='block_1_111' title="bbox 2101 4978 3683 5052">
    <p class='ocr_par' dir='ltr' id='par_1_111' title="bbox 2101 4978 3683 5052">
     <span class='ocr_line' id='line_1_111' title="bbox 2101 4978 3683 5052; baseline 0.003 -20"><span class='ocrx_word' id='word_1_811' title='bbox 2101 4980 2247 5050; x_wconf 84' lang='lat' dir='ltr'><strong>ginta</strong></span> <span class='ocrx_word' id='word_1_812' title='bbox 2286 4978 2448 5048; x_wconf 79' lang='lat' dir='ltr'><strong>fortes</strong></span> <span class='ocrx_word' id='word_1_813' title='bbox 2498 4980 2772 5046; x_wconf 85' lang='lat' dir='ltr'><strong>ambiunt,</strong></span> <span class='ocrx_word' id='word_1_814' title='bbox 2809 4981 3012 5035; x_wconf 87' lang='lat' dir='ltr'><strong>chorus</strong></span> <span class='ocrx_word' id='word_1_815' title='bbox 3059 4979 3359 5052; x_wconf 83' lang='lat' dir='ltr'><strong>perlectus,</strong></span> <span class='ocrx_word' id='word_1_816' title='bbox 3412 4982 3605 5039; x_wconf 84' lang='lat' dir='ltr'><strong>lirmus</strong></span> <span class='ocrx_word' id='word_1_817' title='bbox 3630 4991 3683 5037; x_wconf 86' lang='lat' dir='ltr'><strong>et</strong></span> 
     </span>
    </p>
   </div>
   <div class='ocr_carea' id='block_1_112' title="bbox 2102 5071 3671 5146">
    <p class='ocr_par' dir='ltr' id='par_1_112' title="bbox 2102 5071 3671 5146">
     <span class='ocr_line' id='line_1_112' title="bbox 2102 5071 3671 5146; baseline 0.003 -21"><span class='ocrx_word' id='word_1_818' title='bbox 2102 5071 2336 5136; x_wconf 82' lang='lat' dir='ltr'><strong>stabilis,</strong></span> <span class='ocrx_word' id='word_1_819' title='bbox 2367 5072 2627 5128; x_wconf 88' lang='lat' dir='ltr'><strong>collectus</strong></span> <span class='ocrx_word' id='word_1_820' title='bbox 2652 5088 2717 5127; x_wconf 84' lang='lat' dir='ltr'><strong>ex</strong></span> <span class='ocrx_word' id='word_1_821' title='bbox 2747 5073 3099 5142; x_wconf 79' lang='lat' dir='ltr'><strong>patriarchis,</strong></span> <span class='ocrx_word' id='word_1_822' title='bbox 3132 5074 3433 5144; x_wconf 82' lang='lat' dir='ltr'><strong>prophetis,</strong></span> <span class='ocrx_word' id='word_1_823' title='bbox 3470 5087 3671 5146; x_wconf 88' lang='lat' dir='ltr'><strong>aposto-</strong></span> 
     </span>
    </p>
   </div>
   <div class='ocr_carea' id='block_1_113' title="bbox 2107 5164 3683 5237">
    <p class='ocr_par' dir='ltr' id='par_1_113' title="bbox 2107 5164 3683 5237">
     <span class='ocr_line' id='line_1_113' title="bbox 2107 5164 3683 5237; baseline 0.003 -20"><span class='ocrx_word' id='word_1_824' title='bbox 2107 5164 2195 5228; x_wconf 86' lang='lat' dir='ltr'><strong>lis,</strong></span> <span class='ocrx_word' id='word_1_825' title='bbox 2233 5167 2586 5235; x_wconf 83' lang='lat' dir='ltr'><strong>martyribns,</strong></span> <span class='ocrx_word' id='word_1_826' title='bbox 2611 5165 2837 5234; x_wconf 84' lang='lat' dir='ltr'><strong>aliisque</strong></span> <span class='ocrx_word' id='word_1_827' title='bbox 2866 5173 3182 5221; x_wconf 88' lang='lat' dir='ltr'><strong>sanctorum</strong></span> <span class='ocrx_word' id='word_1_828' title='bbox 3212 5178 3265 5221; x_wconf 88' lang='lat' dir='ltr'><strong>et</strong></span> <span class='ocrx_word' id='word_1_829' title='bbox 3281 5166 3557 5237; x_wconf 88' lang='lat' dir='ltr'><strong>justorum</strong></span> <span class='ocrx_word' id='word_1_830' title='bbox 3588 5181 3683 5222; x_wconf 82' lang='lat' dir='ltr'><strong>or-</strong></span> 
     </span>
    </p>
   </div>
   <div class='ocr_carea' id='block_1_114' title="bbox 2103 5255 3709 5330">
    <p class='ocr_par' dir='ltr' id='par_1_114' title="bbox 2103 5255 3709 5330">
     <span class='ocr_line' id='line_1_114' title="bbox 2103 5255 3709 5330; baseline -0.001 -19"><span class='ocrx_word' id='word_1_831' title='bbox 2103 5255 2350 5320; x_wconf 88' lang='lat' dir='ltr'><strong>dinibus,</strong></span> <span class='ocrx_word' id='word_1_832' title='bbox 2385 5258 2474 5325; x_wconf 91' lang='lat' dir='ltr'><strong>qui</strong></span> <span class='ocrx_word' id='word_1_833' title='bbox 2511 5257 2563 5311; x_wconf 93' lang='lat' dir='ltr'><strong>in</strong></span> <span class='ocrx_word' id='word_1_834' title='bbox 2599 5271 2659 5311; x_wconf 85' lang='lat' dir='ltr'><strong>se</strong></span> <span class='ocrx_word' id='word_1_835' title='bbox 2693 5263 2748 5310; x_wconf 85' lang='lat' dir='ltr'><strong>et</strong></span> <span class='ocrx_word' id='word_1_836' title='bbox 2794 5257 3001 5311; x_wconf 89' lang='lat' dir='ltr'><strong>denarii</strong></span> <span class='ocrx_word' id='word_1_837' title='bbox 3036 5258 3248 5314; x_wconf 88' lang='lat' dir='ltr'><strong>numeri</strong></span> <span class='ocrx_word' id='word_1_838' title='bbox 3291 5258 3709 5330; x_wconf 79' lang='lat' dir='ltr'><strong>perfectionem&#39;</strong></span> 
     </span>
    </p>
   </div>
   <div class='ocr_carea' id='block_1_115' title="bbox 2108 5349 3681 5420">
    <p class='ocr_par' dir='ltr' id='par_1_115' title="bbox 2108 5349 3681 5420">
     <span class='ocr_line' id='line_1_115' title="bbox 2108 5349 3681 5420; baseline 0 -16"><span class='ocrx_word' id='word_1_839' title='bbox 2108 5349 2565 5417; x_wconf 78' lang='lat' dir='ltr'><strong>cotuplectuntur,</strong></span> <span class='ocrx_word' id='word_1_840' title='bbox 2593 5360 2645 5401; x_wconf 86' lang='lat' dir='ltr'><strong>et</strong></span> <span class='ocrx_word' id='word_1_841' title='bbox 2682 5349 2887 5417; x_wconf 86' lang='lat' dir='ltr'><strong>pariter</strong></span> <span class='ocrx_word' id='word_1_842' title='bbox 2915 5354 3332 5420; x_wconf 78' lang='lat' dir='ltr'><strong>sexagenarium</strong></span> <span class='ocrx_word' id='word_1_843' title='bbox 3385 5350 3681 5418; x_wconf 76' lang='lat' dir='ltr'><strong>complent,</strong></span> 
     </span>
    </p>
   </div>
   <div class='ocr_carea' id='block_1_116' title="bbox 2107 5440 3686 5510">
    <p class='ocr_par' dir='ltr' id='par_1_116' title="bbox 2107 5440 3686 5510">
     <span class='ocr_line' id='line_1_116' title="bbox 2107 5440 3686 5510; baseline 0 -15"><span class='ocrx_word' id='word_1_844' title='bbox 2107 5456 2445 5510; x_wconf 71' lang='lat' dir='ltr'><strong>summaeque</strong></span> <span class='ocrx_word' id='word_1_845' title='bbox 2515 5451 2569 5494; x_wconf 88' lang='lat' dir='ltr'><strong>et</strong></span> <span class='ocrx_word' id='word_1_846' title='bbox 2625 5441 2906 5498; x_wconf 68' lang='lat' dir='ltr'><strong>immensae</strong></span> <span class='ocrx_word' id='word_1_847' title='bbox 2957 5442 3211 5499; x_wconf 86' lang='lat' dir='ltr'><strong>Trinitati</strong></span> <span class='ocrx_word' id='word_1_848' title='bbox 3278 5451 3476 5500; x_wconf 88' lang='lat' dir='ltr'><strong>astant.</strong></span> <span class='ocrx_word' id='word_1_849' title='bbox 3531 5440 3686 5495; x_wconf 82' lang='lat' dir='ltr'><strong>Hunc</strong></span> 
     </span>
    </p>
   </div>
   <div class='ocr_carea' id='block_1_117' title="bbox 2110 5532 3682 5608">
    <p class='ocr_par' dir='ltr' id='par_1_117' title="bbox 2110 5532 3682 5608">
     <span class='ocr_line' id='line_1_117' title="bbox 2110 5532 3682 5608; baseline -0.001 -21"><span class='ocrx_word' id='word_1_850' title='bbox 2110 5533 2314 5602; x_wconf 77' lang='lat' dir='ltr'><strong>regium</strong></span> <span class='ocrx_word' id='word_1_851' title='bbox 2341 5533 2595 5588; x_wconf 92' lang='lat' dir='ltr'><strong>lectulum</strong></span> <span class='ocrx_word' id='word_1_852' title='bbox 2631 5534 2887 5605; x_wconf 79' lang='lat' dir='ltr'><strong>lacrymis</strong></span> <span class='ocrx_word' id='word_1_853' title='bbox 2913 5552 3018 5590; x_wconf 90' lang='lat' dir='ltr'><strong>non</strong></span> <span class='ocrx_word' id='word_1_854' title='bbox 3049 5537 3190 5608; x_wconf 86' lang='lat' dir='ltr'><strong>rigat</strong></span> <span class='ocrx_word' id='word_1_855' title='bbox 3218 5535 3406 5599; x_wconf 85' lang='lat' dir='ltr'><strong>David,</strong></span> <span class='ocrx_word' id='word_1_856' title='bbox 3434 5532 3529 5588; x_wconf 87' lang='lat' dir='ltr'><strong>scd</strong></span> <span class='ocrx_word' id='word_1_857' title='bbox 3556 5547 3682 5587; x_wconf 84' lang='lat' dir='ltr'><strong>san-</strong></span> 
     </span>
    </p>
   </div>
   <div class='ocr_carea' id='block_1_118' title="bbox 2108 5626 3683 5696">
    <p class='ocr_par' dir='ltr' id='par_1_118' title="bbox 2108 5626 3683 5696">
     <span class='ocr_line' id='line_1_118' title="bbox 2108 5626 3683 5696; baseline 0.001 -19"><span class='ocrx_word' id='word_1_858' title='bbox 2108 5629 2270 5696; x_wconf 84' lang='lat' dir='ltr'><strong>guine</strong></span> <span class='ocrx_word' id='word_1_859' title='bbox 2302 5627 2430 5680; x_wconf 89' lang='lat' dir='ltr'><strong>lavit</strong></span> <span class='ocrx_word' id='word_1_860' title='bbox 2460 5626 2730 5692; x_wconf 78' lang='lat' dir='ltr'><strong>Christus,</strong></span> <span class='ocrx_word' id='word_1_861' title='bbox 2761 5645 2826 5683; x_wconf 82' lang='lat' dir='ltr'><strong>ex</strong></span> <span class='ocrx_word' id='word_1_862' title='bbox 2873 5629 3074 5683; x_wconf 53' lang='lat' dir='ltr'><strong>iatn-ilia</strong></span> <span class='ocrx_word' id='word_1_863' title='bbox 3118 5628 3334 5683; x_wconf 83' lang='lat' dir='ltr'><strong>Davidis</strong></span> <span class='ocrx_word' id='word_1_864' title='bbox 3379 5627 3683 5681; x_wconf 80' lang='lat' dir='ltr'><strong>secundum</strong></span> 
     </span>
    </p>
   </div>
   <div class='ocr_carea' id='block_1_119' title="bbox 2517 5739 3631 5813">
    <p class='ocr_par' dir='ltr' id='par_1_119' title="bbox 2517 5739 3631 5813">
     <span class='ocr_line' id='line_1_119' title="bbox 2517 5739 3631 5813; baseline -0.009 -11"><span class='ocrx_word' id='word_1_865' title='bbox 2517 5745 2562 5777; x_wconf 77' lang='grc'>⁷⁸</span> <span class='ocrx_word' id='word_1_866' title='bbox 2597 5748 2737 5802; x_wconf 79' lang='lat' dir='ltr'><strong>l’sal.</strong></span> <span class='ocrx_word' id='word_1_867' title='bbox 2768 5762 2921 5813; x_wconf 69' lang='lat' dir='ltr'><strong>cun,</strong></span> <span class='ocrx_word' id='word_1_868' title='bbox 2972 5749 3052 5799; x_wconf 83' lang='lat' dir='ltr'><strong>lli.</strong></span> <span class='ocrx_word' id='word_1_869' title='bbox 3131 5745 3176 5775; x_wconf 87' lang='grc'><strong>⁷⁷</strong></span> <span class='ocrx_word' id='word_1_870' title='bbox 3211 5744 3347 5798; x_wconf 80' lang='lat' dir='ltr'><strong>l’sal.</strong></span> <span class='ocrx_word' id='word_1_871' title='bbox 3388 5759 3533 5810; x_wconf 61' lang='grc' dir='ltr'>χειν,</span> <span class='ocrx_word' id='word_1_872' title='bbox 3573 5739 3631 5794; x_wconf 84' lang='grc'><strong>5.</strong></span> 
     </span>
    </p>
   </div>
  </div>
