4156 6304
395 329 502 395 ‘22?

1526 322 1852 381 MACARII
1884 317 2517 381 CHRYSOCEPHALI

3489 377 3492 380 ,
3559 309 3670 376 2‘18

398 460 616 505 carnem
652 454 834 498 natus.
860 457 966 494 non
998 438 1141 507 quod
1178 440 1450 509 propriam
1484 438 1699 505 culpam
1723 434 1982 504 expiarit,

2113 431 2284 484 ,αυτοῦ
2331 431 2544 484 πλύνων
2593 425 2899 496 ἁμάρτημα
2934 422 3099 496 (κατά
3147 422 3312 492 φύσιν
3360 421 3471 492 γάρ
3507 422 3670 479 iactv

409 549 605 595 natura
649 536 796 590 enim
830 536 1009 589 omnis
1040 533 1177 588 labis
1204 548 1398 596 expers
1439 540 1542 593 es’t,
1577 529 1669 583 sed
1710 529 1836 596 quia
1866 540 1984 579 sce-

400 634 514 689 lera
547 630 731 686 mundi
766 628 1115 700 expurgavit.
1147 627 1412 681 Caeterum
1450 623 1589 691 quod
1617 621 1779 675 etiam
1825 633 1987 671 vene-

403 728 617 780 ratione
675 724 872 795 dignus
916 721 976 775 ﬁt
1022 720 1111 774 hic
1156 719 1414 779 lectulus,
1471 713 1759 782 perspicue
1820 711 1990 764 Isaias

402 812 697 889 ιιι-αιάιιίις
730 816 797 869 Et
847 817 970 879 erit,
1006 815 1276 882 inquiens.
1311 811 1509 879 requies
1549 809 1662 878 ejus
1724 809 1891 860 honor
1918 805 1988 858 ⁸ο.

476 910 614 963 Fore
640 925 724 963 me
752 908 1102 975 praeteriisset
1125 903 1288 959 Jonas
1317 903 1582 970 fugitivus
1615 902 1699 953 ille
1729 901 1988 969 propheta

408 1017 532 1053 cum
581 1016 679 1054 suo
734 1000 827 1053 illo
881 1011 1199 1052 admirando
1251 996 1560 1058 naufragio,
1610 1004 1663 1049 et
1715 994 1992 1060 inopinata

410 1098 537 1147 vitae
592 1090 1026 1159 recuperatione.
1074 1092 1144 1142 At
1174 1088 1354 1142 crucis
1399 1088 1594 1153 ﬁgura,
1633 1101 1798 1155 quam
1851 1087 1992 1137 intra

411 1186 647 1241 lielluam
688 1182 1014 1248 ell‘ormavit,
1045 1193 1101 1235 et
1132 1179 1462 1234 resurrectio
1495 1178 1653 1232 tertia
1685 1177 1791 1241 die,
1831 1176 1993 1242 cuius

412 1290 528 1331 tum
570 1278 854 1347 imaginem
900 1276 1091 1344 gessit,
1125 1271 1471 1327 manifestum
1516 1271 1783 1334 fecerunt,
1819 1285 1996 1336 neque

409 1370 629 1423 latitare
675 1369 1071 1438 permiserunt.
1103 1366 1365 1420 Conierat
1410 1379 1631 1433 quoque
1679 1362 1881 1429 aliquid
1929 1360 1992 1413 ad

413 1459 679 1513 orationis
713 1457 1167 1525 complementum
1207 1454 1399 1517 Isaias,
1432 1456 1523 1523 qui
1557 1451 1838 1507 benefacta
1869 1465 1995 1502 cru-

414 1551 497 1604 cis
527 1566 633 1603 non
669 1550 828 1602 modo
860 1548 944 1600 his
983 1547 1161 1600 verbis
1188 1546 1526 1615 propheticis
1569 1540 1993 1611 praenuntiavit:

412 1645 597 1700 Litore
628 1644 743 1713 ejus
776 1644 955 1697 sanati
1003 1659 1212 1706 sumus,
1241 1652 1295 1696 et
1345 1650 1561 1710 peccata
1598 1639 1881 1692 multorum
1916 1648 2003 1689 tu-

418 1740 484 1794 lit
518 1738 701 1803 ",sed
751 1746 808 1791 et
853 1734 922 1789 iis
964 1751 1086 1801 qua:
1130 1734 1383 1803 pertulit,
1437 1733 1634 1787 Christi
1682 1731 1991 1800 passionem

414 1827 882 1900 praasignilicavit.
937 1825 1191 1879 Bil‘ariam
1223 1825 1369 1879 enim
1405 1840 1556 1879 serra
1607 1824 1784 1891 lignea
1831 1824 1998 1876 disse—

413 1932 560 1983 ctus,
592 1919 769 1993 crucis
811 1916 1040 1985 ﬁguram
1081 1913 1358 1982 elﬁgiavit,
1392 1925 1449 1967 ιιι
1482 1923 1536 1968 et
1569 1912 1854 1975 Jeremias,
1884 1924 2003 1966 tan-

417 2025 580 2079 quam
630 2025 796 2075 agnus
838 2008 1121 2069 innocens,
1175 2007 1266 2069 qui
1311 2014 1556 2073 portatur
1594 2007 1665 2058 ad
1710 2004 2001 2058 uictimam.

419 2098 751 2168 Cogitarunt,
787 2098 987 2166 inquit,
1018 2112 1175 2165 super
1217 2112 1296 2150 me
1328 2096 1668 2164 cogitationes
1706 2092 1895 2155 malas,
1923 2092 2006 2145 di-

418 2202 612 2255 centes,
647 2189 853 2254 Venite,
885 2191 1159 2244 mittamus
1203 2190 1405 2258 lignum
1444 2191 1494 2241 iu
1538 2204 1728 2258 panem
1775 2192 1914 2258 ejus,
1955 2198 2003 2242 et

415 2283 699 2335 erndamus
725 2297 841 2333 eum
868 2280 932 2333 de
960 2296 1104 2332 terra
1127 2279 1433 2341 uiuentium,
1461 2289 1509 2332 ct
1533 2295 1719 2332 nomen
1750 2278 1863 2347 ejus
1898 2296 2003 2333 non

417 2380 736 2425 memoratur
764 2369 994 2440 amplius
1028 2370 1095 2423 δ’.
1141 2368 1267 2426 llaec
1314 2378 1370 2426 et
1413 2370 1465 2425 id
1509 2386 1680 2439 genus
1709 2370 1816 2425 alia
1840 2409 1858 2435 ,
1885 2385 2004 2439 qum

418 2464 730 2533 subjungit,
789 2470 961 2532 magis
1014 2464 1256 2527 Christo,
1302 2462 1369 2516 de
1424 2479 1531 2532 quo
1585 2462 2002 2524 vaticinabatur,

419 2557 771 2615 conveniunt,
803 2565 858 2607 et
891 2562 1116 2623 propter
1148 2555 1302 2608 illum
1339 2554 1533 2608 litteris
1567 2556 1821 2609 mandata
1852 2563 2003 2609 sunt.

422 2639 540 2695 lluc
570 2642 793 2695 accedat
837 2652 892 2693 et
935 2639 1182 2705 Eiisiﬁlls,
1212 2641 1478 2710 nobisque
1507 2646 1686 2696 crucis
1718 2643 2004 2710 imaginem

422 2734 702 2800 rlepiugat,
737 2732 866 2784 dum
906 2732 1075 2785 misso
1107 2732 1160 2784 in
1188 2748 1356 2800 aquas
1392 2733 1535 2802 ligno
1565 2734 1767 2788 ferrum
1799 2736 2008 2789 securis

424 2824 539 2895 jam
571 2824 912 2877 submersum
940 2825 1202 2886 extrahit,
1237 2827 1441 2879 erroris
1470 2826 2004 2888 extertninationem,

425 2928 481 2967 et
533 2914 771 2981 gentium
832 2927 899 2968 ex
962 2915 1258 2983 impietatis
1312 2915 1581 2983 profundo
1632 2917 2006 2972 reductionem

428 3003 576 3058 Velut
602 3019 704 3072 per
737 3016 1085 3060 transennam
1126 3017 1546 3074 repraesentans.

506 3185 743 3241 Accedat
778 3185 941 3240 etiam
978 3201 1211 3255 magnus
1240 3186 1328 3241 ille
1361 3185 1569 3252 Daniel,
1596 3193 1652 3241 et
1688 3194 1798 3241 tres
1833 3185 2013 3256 pueri;

433 3277 520 3330 ille
554 3279 698 3329 enim
721 3292 817 3331 ora
858 3278 1073 3331 leonum
1107 3295 1210 3331 non
1246 3278 1401 3332 solita
1437 3294 1817 3333 mansuescere
1848 3280 2014 3332 obtu-

432 3370 596 3436 ravit,
627 3385 749 3424 cum
783 3386 974 3423 manus
1009 3371 1359 3438 expandisset
1396 3372 1445 3424 in
1481 3372 1623 3435 lacn,
1657 3383 1714 3425 et
1747 3373 1800 3426 in
1834 3373 2017 3426 crucis

432 3466 666 3533 speciem
721 3462 1158 3530 conformasset;
1195 3480 1299 3531 qua
1338 3465 1563 3518 lenitate
1591 3476 1644 3519 et
1686 3464 2014 3519 abstinentia

431 3556 843 3607 caruivororum
869 3556 1213 3623 animalium,
1247 3554 1425 3609 futura
1451 3557 1747 3624 agrestium
1775 3558 2016 3624 gentium

433 3648 793 3699 mansuetudo
827 3645 1084 3700 denotata
1118 3655 1223 3700 est.
1252 3650 1321 3699 At
1345 3645 1778 3715 praestantissimi
1823 3647 1898 3701 illi
1927 3648 2016 3717 ju-

352 3733 357 3739 ’
432 3751 617 3802 renes,
649 3753 771 3789 cum
804 3752 994 3792 manus
1026 3737 1425 3801 extendissent,
1450 3745 1504 3791 et
1539 3739 1712 3808 ignem
1738 3740 2016 3793 exstinxe-

428 3839 581 3889 runt,
613 3837 668 3881 et
688 3840 979 3899 tyrannum
1000 3843 1065 3882 eo
1081 3828 1445 3891 adduxerunt,
1468 3837 1526 3884 ut
1543 3830 1653 3883 veri
1682 3829 1772 3883 Dei
1794 3845 2013 3899 regnum

429 3930 487 3973 et
517 3919 812 3989 potentiam
868 3929 985 3973 toto
1033 3928 1299 3974 terrarum
1326 3920 1457 3974 orbe
1480 3920 1825 3989 praulicaret.
1866 3920 2019 3976 Mitto

425 4011 617 4064 dicere
632 4020 884 4079 quartum
905 4026 1139 4079 quoque,
1161 4011 1251 4080 qui
1276 4013 1547 4082 apparuit,
1566 4011 2016 4082 quadripartitam

431 4118 649 4157 crucem
698 4103 924 4174 ejusque
970 4120 1065 4173 per
1119 4106 1431 4160 universum
1489 4105 1677 4160 orbem
1724 4106 2017 4173 potentiam

425 4196 917 4265 praesigniﬁcasse:
955 4212 1073 4265 quae
1094 4198 1387 4267 impietatis
1416 4198 1691 4252 fornacem
1724 4197 2018 4262 exstinxit,

426 4286 820 4356 ,pttpulumque,
849 4288 941 4356 qui
972 4288 1222 4341 Trinitati
1254 4289 1443 4353 servit,
1476 4288 1845 4343 conservavit.

509 4376 659 4429 Talia
712 4378 877 4443 igitur
915 4393 976 4430 ea
1030 4389 1178 4441 sunt,
1225 4394 1346 4446 qua:
1392 4378 1623 4432 salutem
1677 4391 2020 4432 communem

2091 523 2405 596 ἄχραντος),
2430 522 2563 576 ἀλλὰ
2583 521 2683 590 τὴν
2704 519 2987 589 ἁμαρτίαν
3009 516 3104 570 τοῦ
3124 516 3330 587 κόσμου
3357 512 3671 584 καθαίρων.

2094 620 2221 671 ’Ὁτι
2275 616 2332 668 δὲ
2393 614 2487 667 καὶ
2546 614 2892 681 σεϐάσματος
2942 610 3070 675 ἀξία
3131 609 3165 679 ἡ
3226 608 3386 676 κλίνη
3444 605 3609 675 αὕτη,
3641 608 3670 661 6

2105 712 2336 773 Ἡσαΐας
2363 706 2709 777 προεκήρυξε
2736 703 3083 774 τρανότερον,
3118 700 3222 755 Καὶ
3247 701 3443 762 ἔσται,
3470 699 3670 766 λέγων,

2094 801 2132 868 ἡ
2164 800 2510 863 ἀνάπαυσις
2532 795 2721 850 αὐτοῦ
2747 798 2907 864 τιμή.

2165 888 2375 959 Μικροῦ
2412 906 2479 958 με
2510 886 2831 957 παρέδραμε
2862 885 3083 953 φεύγων
3116 884 3301 947 Ἰωνᾶς
3330 885 3357 936 6
3394 881 3677 952 δραπέτης

2096 985 2384 1054 προφήτης
2421 982 2560 1053 μετά
2579 980 2676 1034 τοῦ
2702 982 2822 1034 κατ’
2848 981 3009 1034 αὐτὸν
3035 976 3354 1047 θαυμαστοῦ
3381 978 3672 1046 νλυαγξου,

2095 1078 2195 1130 καὶ
2222 1076 2321 1143 τῆς
2358 1071 2664 1145 παραδόξου
2697 1071 3049 1135 ἀνιὸιώσεως
3080 1088 3094 1101 ·
3136 1069 3252 1124 ἀλλ’
3282 1072 3311 1123 6
3362 1071 3431 1123 δι’
3460 1072 3674 1123 ἐκείνου

2095 1167 2376 1230 τυπωθεὶς
2428 1164 2597 1236 θηρὸς
2661 1165 2810 1218 ἔνδον
2873 1164 3167 1232 σταυρικὸς
3231 1161 3423 1227 τύπος,
3480 1162 3579 1215 καὶ
3639 1163 3675 1230 ἡ

2098 1262 2403 1329 τριήμερος
2435 1257 2734 1318 ἀνάστασις
2764 1257 2829 1325 ἢν
2862 1254 3161 1321 ὲξεικόνισε
3189 1253 3333 1318 τότε,
3367 1253 3584 1322 ἐμφανῆ
3616 1269 3676 1304 τε

2099 1352 2398 1420 εἰργάσατο
2449 1348 2546 1400 καὶ
2579 1346 2672 1399 τοῦ
2701 1343 2887 1397 λαθεῖν
2913 1344 3228 1413 κρείττονα.
3263 1344 3678 1413 Συμπληροότω

2099 1442 2155 1494 δέ
2183 1459 2275 1509 μοι
2304 1443 2401 1493 καὶ
2438 1439 2670 1501 Ἡσαΐας
2693 1438 2784 1490 τὸν
2809 1437 2988 1505 λόγον,
3012 1437 3095 1489 ὅτι
3126 1436 3201 1506 μὴ
3233 1437 3443 1507 ῥήμασι
3466 1452 3681 1505 προφη-

2099 1536 2272 1595 τικοτς
2334 1532 2491 1600 μόνον
2544 1532 2604 1582 τὸ
2653 1529 2751 1582 τοῦ
2809 1527 3050 1596 σταυροῦ
3108 1529 3447 1598 κατόρθωμα
3472 1529 3679 1596 τίθησι,

2101 1626 2309 1693 λέγων·
2363 1624 2447 1686 Τῷ
2496 1623 2740 1692 μώλωπι
2795 1621 2986 1675 αὐτοῦ
3038 1621 3205 1691 ἡμεῖς
3266 1623 3538 1690 ίάθημεν,
3590 1622 3685 1675 καὶ

2102 1720 2183 1771 ὅτι
2239 1717 2526 1786 ἁμαρτίας
2559 1716 2809 1769 πολλῶν
2857 1715 3218 1783 ἀνήνεγκεν,
3251 1714 3365 1766 ἀλλ’
3427 1715 3531 1783 ήδη
3590 1715 3686 1766 καὶ

2105 1809 2186 1874 οἷς
2222 1811 2413 1875 ἔπαθε,
2443 1811 2500 1861 τὸ
2524 1808 2759 1877 Χριστοῦ
2788 1808 3156 1878 προδιέγραᾲε
3185 1806 3375 1868 πάθος.
3406 1807 3540 1875 Διχῇ
3575 1808 3687 1877 γὰρ

2103 1904 2484 1973 διαιρούμενος
2513 1901 2708 1970 ξυλίνῳ
2746 1904 2949 1972 πρίονι,
2986 1903 3079 1954 τὸν
3106 1901 3405 1971 σταυρικδν
3436 1901 3685 1969 ἐσχημά-

2105 1996 2223 2059 τιζε
2244 1995 2441 2059 τύπον,
2473 1995 2547 2056 ὡς
2574 1994 2632 2047 δὲ
2657 1996 2751 2047 καὶ
2792 1993 3087 2064 Ἱερεμίας,
3112 1993 3188 2054 ὠς
3210 1993 3426 2059 ἀρνίον
3454 1991 3689 2046 ἄκακον

2106 2089 2400 2155 ἀγόμενος
2422 2085 2599 2138 ἐπὶτὸ
2622 2086 2892 2140 θύεσθαι.
2928 2086 3324 2154 Ἐλογίσαντο
3342 2085 3472 2154 γὰρ,
3498 2086 3686 2155 φησὶν,

2104 2180 2198 2234 ἐπ’
2223 2181 2328 2246 ἐμὲ
2362 2178 2658 2246 λογισμὸν
2691 2175 2982 2244 πονηρόν,
3010 2174 3296 2245 λέγοντες
3320 2191 3333 2205 ·
3369 2176 3571 2239 Δεῦτε,
3591 2177 3688 2227 καὶ

2105 2271 2457 2340 ἐμϐάλωμεν
2510 2270 2705 2333 ξύλον
2749 2272 2833 2331 εἰς
2892 2270 3061 2340 ἀρτον
3110 2269 3299 2331 αὑτοῦ,
3350 2266 3448 2322 καί
3493 2267 3688 2335 ἐκτρί-

2107 2364 2319 2431 ψωμεν
2360 2360 2552 2413 αὐτὸν
2595 2360 2665 2412 ἐκ
2731 2359 2844 2427 γῆς
2908 2358 3163 2425 ζώντων,
3204 2359 3305 2413 καὶ
3367 2359 3433 2413 τὸ
3498 2358 3688 2426 ὄνομα

2109 2449 2298 2505 αὑτοῦ
2322 2452 2395 2506 σὺ
2422 2450 2508 2519 μὴ
2527 2451 2774 2519 μνησθῇ
2799 2452 2910 2506 ἔτι.
2953 2452 3139 2506 Ταῦτα
3161 2452 3219 2505 δὲ
3249 2451 3344 2505 καὶ
3375 2450 3447 2504 τὰ
3478 2449 3686 2504 τούτων

2109 2545 2237 2615 ἑξῆς
2273 2545 2351 2615 τῷ
2375 2547 2468 2598 ὑπ’
2498 2546 2711 2598 ἐκείνου
2735 2545 3199 2617 προφητευομένῳ
3232 2544 3457 2615 Χριστῷ
3485 2543 3684 2613 μᾶλλον

2112 2635 2397 2704 ἁρμόττει,
2434 2636 2528 2689 καὶ
2550 2636 2636 2689 διὰ
2666 2638 2823 2689 τοῦτο
2846 2637 3181 2707 γέγραπται.
3218 2637 3443 2707 Παρίτω
3471 2652 3564 2705 μοι
3591 2641 3685 2688 καὶ

2123 2724 2452 2790 Ἐλισσαῖος,
2485 2727 2579 2778 καὶ
2600 2726 2867 2778 δεικνύτω
2896 2724 3133 2795 σταυροῦ
3165 2730 3567 2797 προεικόνισμα
3594 2728 3686 2781 τὸν

2112 2816 2455 2886 ἐμϐληθέντα
2482 2818 2560 2884 τῷ
2592 2816 2746 2869 ὕδατι
2768 2817 3035 2883 στειλεὸν,
3061 2818 3150 2871 καὶ
3178 2820 3557 2874 ἀνελκῦσαντα
3589 2822 3687 2890 τῆς

2112 2908 2296 2979 τομῆς
2332 2906 2392 2960 τὸ
2428 2908 2725 2976 σιδήρειον,
2776 2912 2869 2961 καὶ
2902 2910 3001 2978 τὴν
3044 2909 3292 2981 ἐκκοπὴν
3328 2912 3426 2976 τῆς
3478 2913 3689 2983 πλάνης

2114 2999 2626 3071 προδιαγράψαντα,
2697 3001 2795 3054 καὶ
2840 3000 2939 3072 τὴν
2974 3004 3039 3055 ὲκ
3091 3002 3257 3073 βυθοῦ
3291 3003 3392 3073 τῆς
3432 3005 3688 3071 ἀσεϐείας

2117 3092 2227 3145 τῶν
2263 3090 2433 3144 ὲθνῶν
2469 3091 2771 3160 ἀνάκλησιν
2802 3091 3265 3162 προτυπώσαντα.

2188 3183 2341 3254 Μηδὲ
2370 3182 2571 3254 Δανιὴλ
2602 3184 2629 3235 6
2661 3184 2836 3252 μέγας
2873 3186 3095 3238 ἀπέστω
3135 3187 3229 3238 τοῦ
3262 3187 3444 3255 λόγου,
3480 3188 3609 3258 μηδ’
3641 3190 3691 3242 οἱ

2118 3279 2267 3346 τρεῖς
2304 3277 2513 3335 παῖδες.
2557 3276 2615 3330 Ὀ
2648 3278 2750 3347 μὲν
2793 3279 2901 3349 γὰρ
2929 3278 3212 3348 ἐφίμωσεν
3243 3281 3517 3336 ἁτίθασσα
3542 3283 3693 3335 λεόν-

2119 3387 2230 3422 των
2284 3369 2554 3438 στόματα.
2616 3373 2806 3440 χεῖρας
2870 3371 3132 3434 διπλώσας
3185 3375 3281 3427 καὶ
3329 3375 3411 3438 είς
3461 3377 3694 3444 σταυρὸν

2123 3461 2521 3531 σχηματισθεὶς
2557 3464 2614 3514 ὲν
2644 3462 2722 3531 τῷ
2752 3463 2964 3533 λάκκῳ,
2999 3465 3095 3517 καὶ
3120 3463 3266 3519 οὕτω
3314 3468 3570 3536 σημάνας
3604 3470 3695 3521 διὰ

2121 3552 2218 3618 τῆς
2246 3551 2575 3620 ἐγκρατείας
2602 3550 2718 3604 τῶν
2754 3553 3106 3622 σαρκοϐόρων
3138 3554 3321 3625 θηρῶν
3362 3556 3459 3627 τὴν
3488 3559 3693 3627 ἡμερόο

2122 3661 2260 3714 τητα
2290 3644 2401 3697 τῶν
2444 3645 2653 3714 ἀγρίων
2684 3643 2877 3700 ὲθνῶν.
2931 3644 2997 3700 Ἦ
3023 3646 3081 3699 δὲ
3108 3647 3216 3701 τῶν
3246 3648 3446 3717 χειρῶν
3475 3650 3699 3715 ἐκτασις

2120 3736 2230 3790 τῶν
2281 3737 2640 3806 ’παναρίστων
2684 3738 2913 3792 ἐκείνων
2961 3739 3119 3802 νέων,
3151 3741 3246 3793 καὶ
3300 3742 3474 3810 πυρὸς
3505 3743 3695 3797 ἕσσεσε

2119 3828 2350 3898 δύναμιν
2376 3831 2474 3883 καὶ
2502 3830 2766 3900 τύραννον
2785 3834 2999 3895 ἔπεισε,
3029 3832 3153 3885 καθ’
3176 3834 3305 3902 ὅλης
3332 3836 3570 3905 κηρύξαι
3596 3837 3694 3906 τῆς

2121 3922 2453 3989 οἰκουμένης
2481 3923 2577 3977 τοῦ
2617 3924 2753 3978 Θεοῦ
2807 3925 2871 3979 τὸ
2921 3926 3215 3996 βασίλειον.
3258 3928 3362 3980 Ἐὦ
3399 3930 3456 3982 δὲ
3494 3930 3696 3996 λέγειν,

2126 4012 2210 4067 ὅτι
2281 4018 2377 4069 καὶ
2429 4018 2457 4070 6
2505 4020 2768 4088 τέταρτος
2835 4021 3182 4089 παραφανεὶς
3232 4019 3324 4073 τὸν
3380 4025 3699 4093 τετραμερῆ

2128 4096 2362 4178 σταυρὸν
2388 4110 2822 4179 προδιετύπωσε,
2851 4113 2947 4164 καὶ
2970 4112 3072 4181 τὴν
3094 4113 3151 4164 ὲν
3174 4113 3324 4181 αὒτῷ
3346 4112 3578 4183 δύναμιν
3599 4116 3701 4180 τὴν

2128 4201 2423 4268 κοσμικὴν,
2454 4202 2577 4270 ἥτις
2601 4202 2874 4256 ἀπέσϐεσε
2903 4204 3003 4271 τῆς
3034 4203 3292 4269 ἀσεόείας
3322 4205 3576 4276 κάμινον,
3606 4207 3703 4260 καὶ

2123 4294 2250 4347 λαὸν
2287 4293 2587 4365 διετήρησε
2636 4299 2703 4366 τῇ
2741 4296 2933 4367 Τριάδι
2964 4297 3318 4369 λατρεύοντα.

2200 4384 2435 4437 Τοιαῦτα
2470 4387 2569 4456 μὲν
2597 4382 2711 4449 οὖν,
2745 4387 2888 4457 ἆπερ
2915 4392 3016 4457 τὴν
3049 4390 3232 4461 κοινὴν
3262 4392 3369 4444 τῶν
3397 4392 3705 4462 ἀνθρώπιον

423 4468 709 4520 hominum
752 4482 847 4535 per
891 4481 1133 4531 crucem,
1168 4467 1220 4520 in
1271 4467 1505 4535 imagine
1557 4470 1785 4535 quadam
1828 4470 2005 4537 praesi-

2127 4479 2215 4531 διά
2250 4480 2488 4550 σταυροῦ
2524 4481 2799 4552 σωτηρίαν
2832 4484 3148 4553 προεμήνυε
3184 4486 3430 4548 τυπικῶς
3463 4489 3559 4540 καὶ
3591 4490 3703 4548 τοῖς

432 4560 789 4629 gnilicaruut,
843 4569 897 4611 et
951 4558 1183 4625 posteris
1233 4558 1395 4611 etiam
1438 4558 1850 4613 adumbrarunl.
1897 4559 2012 4615 Non

428 4653 617 4704 oninia
652 4666 821 4716 vero;
851 4651 977 4718 quia
1033 4650 1292 4718 pleraque
1343 4659 1562 4717 propter
1592 4652 2012 4707 immensitatem

432 4760 463 4794 ει
511 4759 593 4794 ine
642 4744 843 4796 omissa
891 4752 1036 4795 sunt.
1081 4741 1347 4805 Quoniam
1402 4756 1532 4795 vero
1585 4758 1835 4811 magnum
1887 4744 2014 4798 illud

430 4836 626 4888 salutis
664 4849 861 4887 nostrze
912 4834 1225 4904 lttyslet‘ittnl
1260 4844 1537 4899 peractum
1572 4844 1674 4899 est,
1726 4833 2017 4903 figuraeque

430 4932 790 4991 transierunt.
845 4931 1045 4985 vetitas
1080 4938 1257 4982 autem
1311 4938 1424 4981 tnto
1478 4941 1743 4982 terrarum
1774 4934 1905 4985 orbe
1936 4933 2017 4986 iu-

430 5024 656 5087 claruit,
690 5039 865 5092 neque
910 5022 1240 5089 «agitatione
1290 5019 1601 5087 concipere,
1632 5036 1805 5089 neque
1838 5022 2014 5077 verbis

426 5113 615 5183 eloqui
673 5128 1001 5182 possumus,
1070 5124 1266 5181 quanta
1322 5127 1418 5181 per
1481 5126 1697 5191 crucem
1751 5112 2010 5167 miracula

437 5217 652 5273 patrata
686 5204 819 5267 sint,
873 5218 1137 5259 creatura:
1170 5207 1481 5275 reparandae
1512 5205 1704 5273 gratia,
1746 5221 1868 5273 qua!
1895 5206 2013 5273 qui-

426 5296 556 5351 dem
618 5295 990 5362 magnitudine
1064 5296 1268 5349 iulinita
1327 5305 1500 5359 sunt,
1562 5306 1616 5349 et
1673 5295 2013 5350 multitudine

436 5396 715 5451 innumera
746 5432 762 5458 ,
812 5407 875 5445 ca
925 5393 1205 5455 nimirum,
1234 5410 1355 5464 quae
1388 5410 1485 5463 per
1514 5398 1788 5461 apostolus
1821 5403 2000 5461 gesta,

432 5507 531 5559 per
584 5501 872 5562 martyres,
927 5504 1022 5557 per
1054 5485 1263 5551 Patres,
1321 5504 1415 5557 per
1462 5491 1735 5551 doctores,
1784 5504 1902 5555 qua:
1955 5488 2008 5540 in

430 5585 594 5651 Curio,
618 5599 735 5651 qua:
762 5585 811 5637 in
845 5595 1009 5648 terra,
1062 5595 1181 5648 quae
1205 5581 1351 5632 onmi
1375 5591 1614 5646 tempore
1631 5589 1685 5634 et
1715 5580 1853 5644 loco,
1875 5590 1927 5634 ct
1953 5578 2006 5632 in

430 5677 685 5731 Omnibus
711 5676 986 5729 hominum
1011 5675 1286 5738 artatihus,
1315 5686 1418 5725 non
1445 5674 1802 5740 praisentihus
1825 5673 2008 5733 mmlo,

507 5791 552 5822 ⁸ο
590 5792 689 5844 lsa.
724 5807 798 5849 ιι,
834 5792 918 5846 10.
996 5790 1039 5821 ⁸¹
1077 5788 1178 5844 lsa.
1207 5805 1319 5851 LIII.
1351 5790 1403 5845 5.
1484 5790 1529 5820 ⁸⁸
1563 5788 1772 5843 Jerem.
1805 5803 1879 5849 χι,
1923 5786 2010 5838 l9.

2126 4569 2418 4638 ἐσύστερον
2454 4572 2620 4625 πᾶσιν
2653 4573 2785 4640 ἡμῖν
2819 4575 3206 4643 ἐσκιαγράφει.
3243 4577 3318 4629 Οὐ
3350 4577 3589 4631 τοσαῦτα
3620 4578 3699 4631 δέ’

2127 4663 2196 4712 τὰ
2242 4662 2350 4730 γάρ
2396 4663 2565 4716 πλείω
2607 4668 2859 4736 παρῆκεν
2896 4666 2925 4718 6
2961 4666 3119 4733 λόγος
3158 4668 3245 4723 διὰ
3284 4667 3385 4738 τὴν
3422 4672 3701 4739 ἀπειρίαν.

2140 4752 2292 4803 Ἐπεὶ
2319 4753 2374 4805 δὲ
2403 4754 2462 4807 τὸ
2491 4756 2634 4824 μέγα
2662 4756 2760 4824 τῆς
2788 4758 2944 4827 ἡμῶν
2973 4764 3245 4829 σωτηρίας
3272 4762 3703 4831 ὲπραγματεῦθη

2131 4847 2464 4915 μυστήριον,
2502 4848 2597 4900 καὶ
2638 4849 2915 4919 παρῆλθον
2955 4853 3052 4921 μὲν
3084 4853 3134 4905 oi
3170 4854 3364 4919 τύποι,
3402 4856 3435 4925 ἡ
3475 4855 3532 4907 δὲ
3571 4855 3702 4923 ἀλή-

2129 4936 2248 4988 θεια
2279 4938 2357 5006 τῷ
2384 4938 2574 5008 κόσμῳ
2601 4938 3052 5010 ἐξήνθησεν,οὺδὲ
3078 4944 3275 5015 ἔχομεν
3305 4946 3492 4999 λοιπὸν
3519 4947 3702 5014 ἑννοῆ-

2128 5043 2248 5094 catt,
2297 5030 2371 5098 μὴ
2401 5029 2484 5082 ὅτι
2517 5046 2581 5097 γε
2616 5033 2709 5082 καὶ
2738 5035 2945 5098 εἰπεῖν,
2995 5036 3096 5087 ὃσα
3124 5036 3210 5089 διὰ
3241 5035 3477 5105 σταυροῦ
3506 5036 3701 5089 τεθαυ-

2129 5118 2407 5188 μάστωται
2443 5121 2521 5183 εἰς
2554 5121 2651 5189 τὴν
2679 5124 2775 5189 τῆς
2814 5125 3044 5177 κτίσεως
3079 5128 3362 5180 ἀνάκτισιν
3394 5128 3614 5197 μεγέθει
3643 5145 3701 5178 τε

2125 5212 2512 5282 ἀνυπέρϐλητα
2533 5252 2548 5277 ,
2582 5217 2674 5266 καὶ
2707 5216 2902 5281 πλήθει
2930 5218 3312 5286 ἀνεξιχνίαστα
3334 5256 3350 5281 ,
3381 5220 3450 5271 τὰ
3475 5220 3565 5272 διὰ
3593 5220 3700 5271 τῶν

2122 5301 2456 5363 ἀποστόλων.
2486 5306 2554 5357 τὰ
2585 5305 2673 5357 διὰ
2703 5307 2810 5358 τῶν
2842 5308 3155 5378 μαρτύρων,
3184 5310 3365 5362 τάδιά
3393 5310 3502 5363 τῶν
3534 5312 3701 5364 Πατέ-

2126 5410 2260 5463 ρων,
2296 5397 2364 5448 τὰ
2393 5395 2480 5447 διὰ
2510 5397 2617 5449 τῶν
2648 5397 3007 5465 διδασκάλων,
3034 5401 3136 5454 ὅσα
3163 5402 3223 5454 ἐν
3249 5402 3487 5472 οὐρανῷ,
3515 5403 3616 5456 ὃσα
3644 5402 3701 5453 ὲν

2119 5489 2215 5556 γῇ,
2244 5486 2345 5541 ὅσα
2377 5490 2435 5540 ἐν
2483 5491 2647 5543 παντὶ
2677 5492 2873 5561 καιρῷ,
2924 5496 3018 5545 καὶ
3044 5496 3214 5564 τόπῳ,
3260 5496 3353 5548 καὶ
3380 5497 3580 5557 πάσαις
3610 5511 3701 5563 γε·

2120 5582 2265 5639 νεαῖς
2298 5579 2391 5633 ἀνθ
2402 5580 2618 5648 ρώπων,
2636 5583 2696 5634 οῦ
2723 5588 2843 5647 ταῖς
2862 5585 2956 5636 νῦν
2977 5584 3188 5649 οὔσαις,
3214 5585 3333 5638 οὐδὲ
3360 5588 3479 5646 ταῖς
3497 5587 3701 5655 παρελ-

2122 5671 2213 5722 Οού
2226 5690 2343 5734 nt;
2371 5672 2550 5740 μόνον,
2579 5674 2713 5728 ἀλλά
2740 5678 2832 5729 καὶ
2861 5678 3096 5745 μάλιστα
3123 5678 3241 5740 ταῖς
3267 5677 3581 5746 ἐσομέναις,
3606 5675 3700 5728 καὶ
