4142 6294
379 356 492 420 22‘)

1450 357 1530 416 IN
1574 356 2171 419 EXALTATIONEM
2225 359 2280 420 S.
2314 357 2611 419 CRUCIS.

3566 361 3676 424 2"0

316 528 319 531 λ
392 475 566 542 μέχρι
604 468 707 536 τῆς
746 468 1039 538 οὐρανόθεν
1081 470 1377 539 σταυρικῆς
1424 472 1818 542 ἐπιλάμψεως,
1864 467 1981 527 οἴδα

2091 442 2515 542 aut‘przcteritis,
2537 475 2631 527 sed
2657 473 2823 529 etiam
2845 471 3061 538 futuris,
3102 474 3272 527 donec
3287 488 3415 527 crux
3440 472 3507 526 de
3528 474 3669 527 coelo

392 566 480 617 an
506 563 813 631 γενήσεται,
838 560 932 614 καὶ
959 561 1050 614 ἵνα
1078 563 1318 616 συνελὼν
1344 566 1505 627 εἶπεν),
1533 569 1632 618 οὐκ
1658 567 1771 618 ἐστι
1794 584 1846 617 τι
1871 569 1979 620 τῶν

398 655 726 723 γεγονότων,
751 654 809 707 οὐ
841 655 953 707 τῶν
978 657 1292 726 ὁρωμένων,
1310 657 1372 710 οὐ
1402 658 1509 711 τῶν
1538 661 1981 729 νοουμένων,ούκ

404 745 723 816 οὐρανὸς,ού
752 748 849 814 γῆ,
878 745 943 798 οὐ
974 746 1241 808 θάλασσα,
1263 749 1361 818 οὐχ
1391 751 1424 817 ἡ
1458 749 1830 819 ὑπερκόσμιος
1860 752 1981 804 κτίο

412 856 530 903 σις,
560 838 652 889 οὐκ
684 837 815 888 ἄλλο
840 836 953 888 τῶν
985 837 1239 891 ἁπάντων
1269 839 1421 892 οὐδὲν
1451 840 1594 894 οὕτω
1633 843 1730 911 μὲν
1761 842 1977 912 θαυμα-

408 932 568 990 στῶς,
599 927 740 980 οὕτω
770 927 829 981 δέ
862 929 1118 1000 φανερῶς
1148 930 1392 983 διικνύον
1420 933 1560 1000 ἡμῖν
1586 933 1687 1002 τὴν
1717 932 1810 986 τοῦ
1842 932 1979 1002 Χρι-

400 1018 525 1071 στοῦ
566 1018 1005 1089 φιλανθρωπὶαν,
1045 1020 1124 1083 ὡς
1162 1023 1190 1074 ό
1231 1023 1485 1091 σταυρός.
1527 1017 1692 1086 Οὗτος
1736 1026 1846 1094 γὰρ
1883 1025 1980 1080 καὶ

392 1111 481 1163 τοῦ
504 1111 740 1180 οὐρανοῦ
767 1110 994 1179 γέγονεν
1016 1113 1273 1183 ἔρεισμα,
1300 1113 1394 1167 καὶ
1417 1116 1515 1182 τῆς
1539 1115 1642 1185 γῆς
1668 1116 1976 1185 ἀγλάϊσμα,

386 1203 479 1254 καὶ
507 1203 719 1270 κόσμον
744 1202 942 1273 ἀνέσχε
970 1203 1171 1268 πάντα,
1198 1206 1308 1268 τοῖς
1331 1206 1430 1275 μὲν
1455 1207 1850 1276 ὑπερκοσμίοις
1881 1225 1980 1277 χι-

387 1294 510 1358 ρᾶιν.
529 1297 643 1357 τοῖς
657 1296 927 1361 ἐπιγείοις
954 1294 1010 1346 δέ
1036 1297 1419 1366 πρυτανεύσας
1445 1296 1762 1365 ἐλευθερίαν
1789 1300 1884 1351 καὶ
1908 1298 1976 1352 τὰ

383 1384 655 1436 δ.εστῶτα
689 1384 962 1453 συνάψας.
997 1385 1238 1454 Σταυρὸς
1272 1386 1380 1458 γὰρ
1409 1388 1509 1457 τῆς
1535 1386 1632 1440 τοῦ
1665 1386 1804 1453 ΘΞ,ςοῦ
1837 1389 1972 1457 ἀγά-

381 1492 493 1543 πης
546 1477 579 1544 ἡ
605 1473 882 1540 ἀπόδειξις
907 1490 920 1502 ⁸
956 1477 1120 1530 Οὕτω
1145 1478 1255 1547 γὰρ
1281 1478 1569 1548 ἠγάπησε
1593 1481 1700 1533 τὸν
1720 1480 1973 1549 κόσμον,

382 1566 476 1619 ὅτι
520 1567 632 1621 τὸν
683 1567 826 1621 Υίὸν
862 1568 1052 1623 αὐτοῦ
1091 1568 1202 1623 τὸν
1238 1568 1543 1639 μονογενῆ
1581 1570 1827 1635 ἔδωκεν,
1873 1571 1976 1626 ἵνα

384 1660 510 1724 ruit;
569 1662 602 1714 ό
635 1660 948 1714 πιστεύων
979 1661 1067 1726 είς
1104 1660 1296 1715 αὑτὸν
1323 1662 1411 1731 μὴ
1451 1663 1770 1731 ἀπόληται.
1807 1664 1978 1716 Σταυ-

389 1755 483 1822 ρδς
518 1752 618 1820 τῆς
656 1750 754 1804 τοῦ
806 1751 934 1804 Υίοῦ
978 1752 1308 1822 κηδεμονίας
1353 1757 1386 1823 ἡ
1427 1756 1794 1826 παράστασις.
1827 1753 1977 1825 Ἐγὼ

2085 566 2457 636 splendescet;
2505 576 2656 618 certo
2709 573 2972 618 eventura
3028 567 3177 626 novi,
3224 574 3277 617 ct
3338 574 3394 616 ut
3442 579 3554 617 rem
3613 568 3665 617 in

2086 674 2257 725 pauca
2286 662 2589 724 conteram,
2617 657 2751 711 nihil
2776 667 2859 711 est
2885 672 2951 711 ex
2977 656 3232 710 omnibus
3260 654 3420 710 rebus
3444 656 3668 715 creatis.

2085 763 2264 815 neque
2296 763 2364 801 ex
2397 748 2463 802 iis
2493 764 2616 816 qua:
2652 749 2751 801 sub
2793 759 3094 816 aspectum,
3132 763 3304 815 neque
3326 761 3394 801 ex
3425 747 3515 805 iis.
3548 761 3670 815 qtae

2084 841 2186 897 sub
2238 843 2480 895 animum
2522 840 2763 895 cadunt:
2799 856 2911 894 non
2965 842 3186 906 caelum,
3229 857 3333 893 non
3368 850 3532 899 terra.
3559 856 3666 893 non

2084 949 2257 999 mare,
2289 949 2393 985 non
2423 933 2529 985 ulla
2564 942 2760 986 natura
2803 934 2906 985 hoc
2935 934 3135 986 mundo
3163 933 3455 995 excelsior,
3492 948 3669 999 neque

2082 1024 2380 1093 quidquam
2411 1025 2555 1079 aliud
2589 1039 2654 1078 ex
2692 1025 2935 1077 omnium
2978 1025 3204 1077 aliorum
3234 1040 3485 1086 numero,
3522 1023 3668 1092 quod

2080 1117 2241 1171 nobis
2272 1116 2430 1168 modo
2461 1125 2566 1169 tam
2594 1116 2938 1180 admirando,
2968 1127 3021 1169 et
3051 1124 3160 1169 tam
3189 1119 3473 1185 perspicue
3510 1114 3672 1168 bene-

2081 1209 2373 1263 volentiam
2406 1218 2459 1262 et
2494 1208 2886 1261 humanitatem
2920 1206 3123 1261 Citriin
3155 1219 3440 1275 pr0ponat,
3469 1207 3673 1260 oculis-

2080 1315 2189 1368 que
2227 1298 2504 1367 subjiciat,
2538 1313 2700 1365 quam
2743 1311 2903 1360 crux,
2938 1312 3061 1366 qua:
3106 1305 3162 1352 et
3193 1295 3317 1349 caeli
3350 1297 3670 1351 ﬁrmamen-

2082 1398 2193 1441 tmn
2223 1399 2323 1449 e-t,
2354 1396 2403 1440 et
2435 1398 2593 1439 terra:
2628 1387 2817 1452 decus,
2850 1396 3133 1453 totumque
3165 1384 3421 1438 utuudutn
3453 1394 3670 1439 susten-

2083 1488 2197 1534 tat:
2236 1479 2553 1533 caelestibus
2584 1480 2807 1546 gaudio,
2850 1478 3204 1530 terrestribus
3231 1478 3485 1531 libertate
3516 1478 3669 1543 dita,

2079 1574 2394 1641 dissitisque
2440 1572 2493 1626 in
2550 1586 2719 1624 unmn
2771 1583 2923 1625 areto
2953 1570 3170 1623 vinculo
3216 1570 3502 1623 connexis.
3532 1568 3669 1625 Nam

2082 1685 2217 1725 crux
2252 1669 2458 1723 amoris
2488 1667 2660 1722 divini
2695 1676 3085 1735 argumentum
3113 1678 3237 1721 eSt:
3274 1664 3364 1720 Sic
3396 1668 3534 1719 enim
3581 1667 3668 1719 di-

2083 1764 2211 1820 lexit
2250 1764 2530 1827 mundum,
2573 1771 2631 1816 ut
2679 1760 2877 1815 Filium
2912 1777 3066 1813 suum
3122 1760 3446 1831 unigenitum
3481 1776 3575 1828 pro
3610 1776 3670 1812 co

384 1842 503 1912 γάρ
532 1845 648 1913 ειμι
676 1846 710 1897 ὁ
739 1843 971 1912 ποιμὴν
997 1847 1032 1897 ό
1062 1846 1278 1910 καλὸς,
1309 1847 1464 1916 φησι,
1493 1848 1589 1901 καὶ
1621 1848 1739 1915 τὴν
1763 1846 1980 1916 ψυχήν

2091 1859 2258 1919 daret,
2300 1866 2355 1909 ut
2404 1860 2599 1919 omnis,
2649 1855 2739 1924 qui
2771 1855 2944 1908 credit
2974 1853 3028 1907 in
3070 1853 3222 1906 illum
3253 1868 3357 1905 non
3392 1862 3572 1918 pereat
3597 1852 3668 1903 ".

384 1952 510 2004 μου
538 1936 737 2004 τίθημι
767 1934 926 2002 ὑπὲρ
954 1934 1072 1988 τῶν
1093 1934 1434 2002 προϐάτων.
1463 1936 1702 2007 Σταυρὸς
1729 1939 1831 2006 τῆς
1879 1937 1975 1991 τοῦ

390 2026 715 2097 Πνεύματος
774 2028 1075 2095 ἐπιδημίας
1126 2029 1160 2098 ἡ
1214 2027 1432 2100 ἐναρξις
1464 2046 1479 2059 '
1537 2027 1693 2083 οὔπω
1744 2031 1857 2100 γὰρ
1908 2026 1978 2101 ἦν

392 2122 437 2174 Il
455 2120 537 2172 ,εὖ
546 2139 623 2188 μα
647 2119 825 2187 ἅγιον,
848 2121 932 2173 ὅτι
959 2120 1171 2189 Ἰησοῦς
1193 2120 1407 2173 οὐδέπω
1433 2121 1693 2192 ἐδοξάσθη
1722 2124 1977 2195 σταυρὸς,

390 2218 456 2265 τὸ
498 2212 595 2265 τοῦ
644 2212 859 2281 Πατρδς
905 2210 1142 2282 θέλημα,
1190 2213 1224 2283 ἡ
1271 2212 1367 2268 τοῦ
1413 2212 1542 2267 Υίοῦ
1589 2213 1738 2279 δόξα,
1780 2213 1842 2265 τὸ
1886 2213 1979 2269 τοῦ

398 2305 541 2360 υνεύ
550 2321 721 2376 ματος
750 2303 1003 2376 ὄργανον.

473 2576 720 2646 Σταυρδς
756 2576 857 2647 τὴν
888 2574 1093 2647 ἔχθραν
1119 2577 1386 2648 ἠφάνισε,
1436 2580 1531 2633 καὶ
1580 2579 1640 2632 τὸ
1670 2581 1982 2650 μεσότειχον

403 2669 496 2722 τοῦ
523 2668 785 2740 φραγμοῦ
808 2668 1065 2734 διαλύσας
1090 2670 1188 2734 τὰς
1212 2670 1308 2724 τοῦ
1335 2671 1471 2725 Θεοῦ
1499 2674 1636 2741 πρὸς
1662 2671 1982 2742 ἀνθρώπους

403 2760 753 2828 καταλλαγὰς
788 2761 1054 2834 ἐκόμισε,
1088 2763 1184 2815 καὶ
1220 2762 1270 2815 οί
1311 2762 1579 2833 πρότερον
1613 2762 1797 2832 ἐχθροὶ
1831 2760 1983 2825 ὄντες

402 2854 833 2923 κατηλλάγημεν
857 2853 936 2924 τῷ
962 2853 1081 2923 Θεῷ
1107 2854 1192 2908 διὰ
1215 2852 1314 2908 τοῦ
1343 2855 1578 2910 θανάτου
1604 2854 1698 2909 τοῦ
1731 2854 1858 2908 Υἱοῦ
1886 2855 1983 2909 αύ-

400 2947 519 3002 τοῦ.
564 2947 810 3018 Σταυρὺς
841 2947 943 3017 τὴν
976 2947 1080 3016 γῆν
1113 2946 1345 3017 οὐρανὸν
1378 2947 1637 3016 ἐποίησε,
1670 2947 1772 3015 τὴν
1805 2947 1987 3000 οἰκου-

404 3044 579 3110 μένην
600 3040 700 3109 τῆς
726 3039 938 3110 πλάνης
965 3038 1267 3109 ἀπήλλαξε,
1292 3037 1389 3093 τοῦ
1418 3039 1650 3093 θανάτου
1675 3040 1986 3110 κατήνεγκε

398 3131 499 3199 τὴν
528 3129 833 3197 ἀκρόπολιν
852 3171 869 3195 ,
900 3130 996 3182 τοϋ
1030 3130 1283 3184 διαϐόλου
1311 3131 1412 3199 τὴν
1446 3131 1600 3199 ίσχὺν
1630 3131 1945 3200 ἐξενεύρισε
1969 3147 1984 3162 ·
2011 3167 2058 3230 C

396 3224 498 3292 τῆς
521 3222 809 3291 ἁμαρτίας
830 3222 931 3292 τὴν
950 3222 1182 3293 δύναμιν
1203 3222 1460 3292 ἠφάνισε,
1482 3225 1543 3275 τὸ
1561 3222 1751 3292 ψεῦδος
1774 3221 1985 3289 ἐδίωξε,

396 3317 502 3386 τὴν
529 3315 788 3387 ἀλήθειαν
813 3316 1155 3387 ἐπανήγαγε,
1173 3321 1299 3380 τοὺς
1329 3317 1589 3386 δαίμονας
1616 3318 1805 3388 ἡλασε,
1825 3319 1985 3382 ναοὺς

402 3407 642 3461 εἰδώλων
675 3410 768 3462 καὶ
806 3408 1028 3477 βωμοὺς
1060 3408 1348 3479 ἀνέτρεψε,
1383 3410 1481 3479 τὴν
1512 3411 1713 3481 ἀρετὴν
1748 3410 1989 3480 κατεφύ-

400 3517 586 3564 τευσε,
614 3503 716 3571 τὴν
742 3501 1074 3572 Ἐκκλησίαν
1101 3501 1357 3572 ἐρίζωσι,
1383 3507 1508 3566 τοὺς
1537 3502 1862 3575 ἀνθρώπους
1889 3506 1988 3572 ἁγ-

397 3591 596 3660 γέλους
629 3593 856 3662 ἐποίησε
903 3592 1002 3662 τὴν
1056 3592 1406 3662 παγκόσμιον
1465 3595 1560 3648 καὶ
1620 3594 1990 3665 ύπερκόσμιον

398 3683 727 3753 ἀγαλλίασιν
779 3683 1162 3755 ἐξειργάσατο.
1213 3684 1458 3754 Σταυρδς
1503 3686 1564 3740 τὸ
1618 3685 1988 3757 χειρόγραφον

396 3775 556 3846 ἡμῶν
588 3775 866 3847 διέρρηξε,
897 3775 993 3830 τοῦ
1036 3775 1267 3830 θανάτου
1304 3776 1367 3829 τὸ
1404 3776 1783 3847 δεσμωτήριον
1819 3777 1993 3848 ἄχρη-

400 3884 528 3920 στον
552 3867 805 3937 ἐποίησε,
831 3870 922 3922 τὸν
945 3866 1085 3939 ᾅδην
1108 3868 1367 3935 ἐκένωσε,
1392 3867 1520 3930 τοὺς
1548 3868 1776 3938 νεκροὺς
1805 3869 1988 3934 ἐξανί-

400 3973 588 4027 στησε,
642 3958 746 4027 τὴν
768 3958 910 4025 ἀρὰν
933 3956 1187 4011 ἀπώλεσε
1209 3958 1305 4010 καὶ
1324 3958 1425 4027 τὴν
1449 3960 1628 4028 χαρὰν
1649 3958 1986 4029 ἐδωρήσατο.

401 4048 641 4121 Σταυρδς
684 4053 779 4102 τὸν
823 4048 1153 4117 παράδεισον
1195 4047 1419 4118 ἀνέῳξε,
1463 4049 1555 4101 τὸν
1597 4047 1802 4120 λῃστὴν
1844 4051 1991 4120 εἰσή-

2081 1949 2226 2003 Crnx
2257 1948 2666 2016 reprtescntatio
2704 1955 2788 2001 est
2816 1944 2959 2013 ejus,
2991 1958 3154 2012 quam
3186 1944 3328 1997 circa
3367 1959 3463 1995 nos
3499 1942 3667 1995 Filius

2084 2040 2223 2110 gerit
2244 2037 2651 2093 sollicitudinis.
2677 2036 2765 2089 Ait
2786 2038 2965 2089 enim:
2992 2033 3105 2103 Ego
3133 2051 3249 2088 sunt
3276 2044 3460 2103 pastor
3477 2033 3665 2095 bonus,

2084 2137 2133 2182 et
2156 2128 2393 2181 animam
2408 2142 2572 2180 meum
2588 2142 2723 2195 pono
2740 2142 2833 2194 pro
2853 2123 3032 2178 ovibus
3052 2126 3177 2195 meis
3193 2124 3263 2177 ⁸⁸.
3280 2124 3418 2179 Crux
3446 2125 3670 2191 spiritus

2084 2212 2423 2265 advenientis
2450 2219 2506 2264 et
2533 2210 2584 2264 in
2613 2211 2765 2263 nobis
2797 2208 3155 2263 iultabitantis
3184 2208 3508 2278 principium
3543 2218 3625 2261 est
3653 2226 3665 2259 :

2084 2302 2339 2366 Nomium
2379 2304 2522 2356 enim
2561 2303 2720 2354 datus
2761 2302 2937 2368 fuerat
2982 2302 3218 2368 Spiritus
3261 2310 3504 2365 sanctus,
3546 2300 3671 2367 quia

2085 2397 2239 2451 Jews
2286 2395 2518 2449 nondum
2577 2394 2755 2462 fuerat
2814 2395 3145 2464 gloriﬁcatur
3174 2394 3244 2447 ⁸⁸.
3277 2392 3456 2455 Crux,
3492 2390 3671 2446 Patris

2086 2487 2369 2552 voluntas;
2425 2484 2547 2540 Filii
2582 2485 2778 2554 gloria,
2832 2495 2887 2539 et
2942 2484 3180 2554 Spiritus
3222 2486 3668 2539 instrumentum.

2157 2577 2303 2632 Crux
2356 2576 2673 2631 inimicitias
2713 2576 2974 2641 sustulit,
3022 2586 3075 2630 et
3116 2575 3353 2629 medium
3406 2577 3667 2644 parietem

2088 2670 2340 2725 maceria:
2360 2669 2627 2733 dissolvit,
2653 2668 2859 2738 Deique
2880 2668 3375 2723 reconciliationem
3400 2670 3465 2722 ait
3494 2668 3672 2722 homi-

2088 2778 2186 2818 nes
2214 2762 2415 2825 attulit,
2454 2773 2507 2817 et
2540 2761 2631 2831 qui
2664 2762 2816 2831 prius
2852 2761 3034 2816 hostes
3063 2775 3300 2827 eramus,
3334 2757 3446 2813 Deo
3477 2772 3671 2813 recon-

2092 2854 2259 2910 ciliati
2301 2868 2490 2909 sumus
2538 2867 2634 2921 per
2681 2861 2910 2905 mortem
2951 2849 3073 2905 Filii
3104 2851 3245 2920 ejus.
3283 2849 3425 2905 Crux
3461 2865 3491 2905 e
3525 2858 3666 2903 terra

2090 2945 2288 3002 cmlum
2337 2945 2485 3010 fecit,
2531 2943 2720 2998 orbem
2761 2952 3029 2997 terrarum
3062 2943 3343 2997 aberrare
3396 2942 3669 3005 liberavit,

2091 3052 2385 3107 arcemque
2408 3048 2464 3093 et
2493 3037 2950 3107 propugnaculum
2970 3035 3166 3090 mortis
3187 3035 3379 3103 dejecit
3399 3044 3451 3089 et
3468 3034 3670 3088 diaboli

2091 3129 2239 3183 vires
2271 3129 2569 3183 enervavit.
2605 3125 2723 3181 Vim
2783 3127 2991 3196 peccati
3038 3126 3296 3192 abolevit,
3333 3125 3669 3181 mendacium

2094 3215 2413 3287 proﬂigavit,
2435 3216 2717 3270 veritatem
2740 3217 2977 3279 reduxit,
3001 3216 3273 3271 daemones
3296 3216 3519 3285 pepulit,
3536 3225 3675 3270 tem-

2095 3311 2181 3381 pla
2214 3309 2480 3364 idolorum
2515 3318 2569 3363 et
2609 3308 2802 3363 altaria
2839 3310 3059 3375 evertit,
3090 3310 3344 3364 virtutem
3380 3310 3671 3379 plantavit,

2093 3404 2388 3459 Ecclesiam
2434 3400 2700 3468 fundavit,
2760 3404 3003 3457 homines
3028 3405 3250 3471 angelos
3296 3403 3465 3468 fecit,
3493 3403 3676 3455 exstil-

2096 3507 2463 3563 tationetnque
2529 3499 2581 3550 in
2638 3505 2751 3552 toto
2797 3499 2998 3551 mundo
3067 3505 3122 3549 et
3184 3505 3341 3550 extra
3408 3498 3668 3548 mundum

2072 3592 2297 3647 -eﬂ'ecit.
2351 3593 2494 3647 Crux
2523 3590 2947 3660 chirographum
3004 3597 3253 3644 nostrum
3318 3589 3499 3658 rupit,
3550 3603 3673 3642 car-

2092 3700 2269 3741 cerem
2321 3685 2513 3739 mortis
2579 3683 2824 3738 inutilem
2876 3682 3149 3750 reddidit;
3205 3681 3478 3737 infernum
3541 3697 3671 3737 eva-

2090 3778 2294 3843 cuavit,
2343 3788 2590 3831 mortuos
2625 3776 2903 3844 excitavit,
2937 3776 3370 3831 maledictionem
3414 3775 3670 3844 perdidit,

2097 3880 2153 3925 et
2206 3871 2438 3939 gratiam
2487 3854 2730 3924 donavit.
2761 3868 2903 3925 Crux
2956 3869 3263 3937 paradisum
3321 3870 3557 3937 aperuit,
3595 3868 3672 3921 la-

2093 3969 2305 4015 troaem
2358 3961 2680 4025 introduxit,
2733 3961 3122 4029 hominumque
3172 3976 3364 4031 genus,
3410 3976 3478 4015 ne
3520 3972 3677 4015 terra

2097 4049 2314 4118 quidem
2345 4053 2590 4119 dignum,
2626 4053 2693 4104 ad
2740 4067 2962 4116 regnum
3015 4053 3279 4106 caelorum
3326 4050 3674 4111 manudnxit.

400 4158 562 4209 γαγε,
598 4141 660 4193 τὸ
700 4139 812 4194 τῶν
850 4140 1155 4211 ἀνθρώπων
1194 4140 1350 4211 γένος
1389 4139 1729 4196 ἀπόλλυσθαι
1773 4141 1988 4213 μέλλον,
2027 4144 2124 4198 καὶ
2167 4142 2290 4196 οὐδὲ
2330 4144 2428 4213 τῆς
2468 4144 2572 4213 γῆς
2616 4143 2769 4208 ἄξιον
2806 4141 2867 4195 ὃν
2907 4143 3044 4213 πρὸς
3118 4143 3217 4212 τὴν
3255 4144 3364 4196 τῶν
3428 4144 3679 4213 οὐρανῶν

401 4233 683 4305 βασιλείαν
714 4231 1154 4302 ἐχειραγώγησε.

468 4326 717 4394 Σταυρὸς
743 4325 856 4379 τῶν
886 4325 1235 4396 ἐπουρανίων
1260 4324 1322 4377 τὸ
1351 4323 1554 4395 θαῦμα,
1583 4324 1694 4378 τῶν
1726 4323 1988 4393 ἐπιγείων

2185 4325 2329 4382 Crux
2393 4326 2695 4382 ctelestium
2772 4326 3143 4392 miraculum,

399 4423 459 4476 τὸ
484 4425 783 4494 καύχημα,
815 4421 927 4475 τῶν
955 4422 1284 4492 ἀμφοτέρων
1310 4423 1339 4476 ό
1374 4422 1694 4491 σύνδεσμος.
1749 4422 1988 4493 Σταυρὸς

401 4516 463 4567 τὸ
492 4498 798 4585 ἀχείρωτον
825 4513 990 4567 ὅπλον
1016 4513 1125 4566 τῶν
1153 4513 1522 4583 Χριστιανῶν,
1551 4514 1614 4567 τὸ
1640 4514 1990 4583 ἀκαταγώνι-

404 4626 529 4662 στον
563 4606 857 4678 φρούριον,
890 4606 951 4659 τὸ
988 4605 1298 4678 ἀπόρθητον
1333 4608 1542 4676 τεῖχος,
1574 4606 1636 4659 τὸ
1669 4607 1990 4678 καθαιρετι-

398 4703 499 4756 κον
533 4703 646 4757 τῶν
671 4684 940 4771 αἱρέσεων
962 4699 1197 4770 ὄργανον
1214 4738 1230 4762 ,
1256 4701 1291 4769 ἡ
1317 4701 1586 4771 ἀήττητος
1610 4702 1708 4771 τῆς
1766 4701 1997 4773 Ἐκκλη-

404 4796 528 4856 aiat;
554 4793 791 4864 δύναμις
811 4832 827 4855 ,
861 4794 893 4863 ἡ
927 4791 1119 4862 βεϐαία
1147 4790 1259 4845 τῶν
1286 4791 1497 4845 πιστῶν
1527 4792 1720 4859 ἐλπὶς,
1752 4792 1813 4846 τὸ
1845 4793 1989 4863 μέγα

403 4887 782 4957 φυλακτήριον
814 4884 925 4939 τῶν
979 4884 1300 4955 όρθοδόξων,
1336 4883 1445 4936 τῶν
1479 4884 1667 4938 παθῶν
1701 4885 1735 4956 ή
1772 4885 1996 4953 ἀναίρεσ-

403 4996 494 5043 σις
515 5019 530 5044 ,
556 4979 652 5050 τῆς
683 4976 1012 5046 ἀπαθείαςὴ
1043 4976 1409 5046 κατόρθωσις,
1440 4976 1473 5044 ὴ
1506 4977 1563 5028 ἐν
1593 4975 1816 5046 Χριστῷ
1845 4978 1995 5045 νίκη,

403 5072 470 5125 τὸ
504 5071 925 5138 ἀντιλεγόμενον
961 5070 1212 5139 σημεῖον,
1244 5067 1302 5120 τὸ
1337 5066 1654 5136 θαυμαστὸν
1688 5068 1782 5120 καὶ
1817 5068 1999 5138 παρά-

402 5162 561 5227 δοξον
580 5162 867 5232 τρόπαιον.
895 5160 1139 5230 Σταυρὸς
1184 5158 1296 5211 τῶν
1325 5150 1687 5230 χαρισμάτων
1712 5157 1807 5211 τοῦ
1836 5157 2003 5213 Ilvati-

406 5272 582 5327 ματος
612 5255 672 5308 τὸ
702 5255 981 5324 ταμιεῖον,
1014 5253 1049 5322 ἠ
1087 5251 1315 5321 δαψιλὴς
1353 5251 1587 5321 χορηγία
1615 5251 1725 5304 τῶν
1755 5250 1997 5320 Χριστοῦ

401 5352 522 5421 δωρ
546 5350 772 5418 μάτων,
802 5347 906 5416 τῆς
940 5346 1188 5409 εὐδοκίας
1222 5345 1357 5398 Θεοῦ
1390 5347 1449 5398 τὸ
1483 5343 1858 5416 θησαύρισμα,
1891 5346 1988 5415 τῆς

402 5442 653 5510 οὐρανῶν
687 5438 971 5510 βασιλείας
1001 5441 1029 5491 ὁ
1063 5437 1344 5507 πρόξενος.
1379 5436 1620 5507 Σταυρὸς
1658 5438 1685 5488 ό
1718 5452 1990 5504 τετραμε-

409 5538 513 5605 ρὴς
544 5533 640 5586 καὶ
671 5533 879 5603 ὑπέρλα
892 5547 1092 5600 μπρος,
1121 5531 1178 5593 ὃς
1211 5530 1269 5594 ἐξ
1299 5529 1544 5583 ἀπόπτου
1576 5528 1866 5598 περιωπῆς
1894 5529 1993 5597 τῆς

405 5627 582 5689 Σιὼν,
616 5625 812 5695 μᾶλλον
837 5623 897 5676 δὲ
928 5622 989 5686 ἐξ
1017 5623 1326 5690 mycono.sz
1349 5620 1510 5687 δόξης
1535 5618 1628 5672 τοῦ
1657 5619 1875 5672 πάντων
1904 5619 1997 5687 βα-

378 5717 603 5780 σιλέως
653 5714 897 5788 Χριστοῦ
944 5714 1125 5767 πάντα
1170 5715 1239 5765 τὰ
1291 5712 1420 5781 ἐθνη
1477 5710 1997 5773 συνεκάλεσεν,ἀπὸ

484 5828 533 5860 ⁸³
562 5826 718 5885 Joan.
747 5844 834 5897 tu,
874 5827 966 5883 16.
1040 5827 1091 5859 ⁸⁸
1119 5826 1275 5885 Joan.
1314 5843 1367 5891 ι,
1404 5826 1491 5881 ll.
1555 5824 1781 5880 "Joan.
1841 5841 1941 5890 vn,
1968 5827 2054 5880 59.

3221 4330 3683 4397 terrestrlnmque

2095 4419 2368 4488 gloriatio,
2405 4419 2517 4474 imo
2550 4430 2910 4489 utrorumque
2966 4417 3219 4490 gloriatio
3243 4428 3297 4471 et
3336 4417 3672 4486 cuujuttctin.

2097 4508 2266 4572 Crux,
2304 4524 2409 4563 non
2440 4508 2749 4562 mannfacta
2782 4507 3222 4562 Christianorum
3258 4521 3552 4573 arnnitura,
3594 4510 3675 4562 in-

2097 4603 2459 4674 expugnabile
2497 4602 2962 4672 pr0pugnaculum
2990 4644 3005 4666 ,
3037 4604 3421 4671 insuperabilis
3465 4619 3674 4661 ωσι-υς.

2098 4696 2517 4752 instrumentum
2552 4695 2801 4750 tollendis
2829 4694 3129 4749 haeresibns
3162 4696 3502 4763 aptiSsinmm
3527 4733 3541 4754 .
3595 4697 3677 4748 in-

2104 4790 2244 4843 victa
2277 4787 2536 4843 Ecclesia:
2584 4791 2774 4850 virtus,
2832 4788 2985 4841 lirma
3035 4785 3470 4841 ChriSIianorum
3523 4800 3675 4855 spes,

2103 4884 2295 4953 ingens
2345 4885 2774 4937 orthodoxorum
2824 4882 3159 4950 praesidium,
3217 4882 3527 4948 passionum
3584 4897 3676 4934 ex-

2104 4972 2348 5036 stinctio,
2381 4979 2435 5025 et
2488 4971 2806 5041 impatibilis
2842 4969 3133 5039 reparatio,
3170 4969 3394 5022 victoria
3438 4972 3489 5021 in
3522 4970 3677 5024 Chri-

2105 5073 2213 5125 διο,
2246 5064 2481 5130 signum,
2509 5063 2594 5117 cui
2621 5062 3034 5122 contradicitur,
3059 5061 3400 5127 admirabile,
3433 5075 3486 5117 et
3515 5079 3677 5132 supra

2106 5172 2322 5211 Omnem
2364 5157 2675 5225 opinionem
2726 5156 3046 5223 trophazum.
3072 5154 3241 5218 Crux,
3287 5156 3679 5211 charismatum

2106 5250 2345 5316 Spiritus
2377 5248 2653 5311 aerarium,
2682 5247 2828 5315 larga
2862 5246 3128 5299 donorum
3169 5247 3369 5307 Christi
3408 5248 3676 5302 submini—

2100 5343 2318 5404 stratiu,
2350 5341 2627 5409 divinique
2668 5338 2992 5413 beueplaciti
3040 5338 3348 5407 tht‘Sattrus,
3382 5344 3532 5412 rcgui
3565 5357 3683 5396 cm-

2107 5434 2279 5488 lornm
2328 5436 2691 5488 conciliatrix.
2729 5431 2872 5487 Crux
2924 5434 3318 5502 quadripartita
3366 5445 3418 5487 et
3451 5433 3678 5502 fulgida,

2103 5541 2223 5596 qua:
2275 5542 2337 5579 ex
2381 5526 2638 5579 invisibili
2688 5524 2903 5595 specula
2940 5525 3091 5593 Sion,
3141 5527 3223 5581 vel
3256 5529 3433 5595 potius
3465 5526 3682 5578 abalti-

2108 5606 2294 5671 imbue
2343 5616 2526 5686 gloria:
2561 5618 2799 5672 omnium
2839 5620 2980 5688 regis
3009 5617 3208 5673 Christi
3255 5625 3445 5687 gentes
3475 5632 3681 5672 convo-

2106 5709 2251 5771 cavit
2277 5714 2343 5764 ab
2366 5710 2587 5768 Oriente
2613 5722 2668 5767 ct
2692 5710 3010 5777 Occidente,
3035 5727 3064 5765 a
3103 5707 3474 5778 septetitrimtc
3502 5720 3558 5765 et
3580 5724 3682 5763 au-
