4156 6304
447 411 554 481 255

1399 411 1716 478 JOANNIS
1755 407 2058 474 CALECAE
2111 407 2220 471 CP.‘
2261 407 2772 470 PA'I‘RIARCiLEI

3594 402 3713 466 256

523 536 689 587 Porro
723 529 897 586 Filius
941 531 1175 586 hominis
1215 533 1509 587 secundum
1543 543 1788 586 naturain
1817 531 2013 585 huma-
2041 571 2049 588 .

2191 525 2316 588 Υἱὸς
2347 525 2402 578 δέ
2431 524 2745 596 ἀνθρώπου,
2771 520 2911 576 κατὰ
2944 521 3043 593 τὴν
3078 519 3500 591 άνΟρωπότητα.
3543 522 3710 578 Ἐπεὶ

450 641 579 680 nam
608 625 932 693 appellatur,
963 633 1016 678 et
1047 639 1166 676 cum
1195 624 1452 678 Dominus
1478 640 1618 692 szepe
1646 641 1673 676 a
1707 633 1899 677 natura
1932 622 2016 676 di-

453 718 608 776 vina,
641 731 783 784 srepe
827 717 897 769 ab
933 715 1165 768 humana
1199 717 1300 767 sibi
1353 716 1545 768 uoinen
1598 717 1779 768 indere
1826 714 2019 776 soleat,

459 821 563 860 non
601 806 697 858 abs
730 821 791 860 re
819 806 953 858 dixit
981 823 996 860 :
1032 805 1134 869 Qui
1165 817 1243 858 est
1275 809 1324 858 in
1354 806 1516 865 τωιεε,
1554 808 1654 858 hoc
1679 817 1783 865 est,
1816 805 1905 872 qui
1939 818 2026 858 se-

459 895 696 947 cundum
745 893 1080 947 divinitatem
1126 905 1208 946 est
1254 895 1307 946 iu
1335 893 1495 957 cado,
1528 909 1592 945 ex
1625 892 1763 946 t'mlo
1799 891 2026 945 descen-

462 987 597 1039 dens
623 985 868 1037 Salvator
897 996 1102 1048 noster,
1138 985 1334 1038 callum
1366 998 1469 1037 nou
1514 983 1942 1048 derelinquehat,
1975 989 2029 1033 et

465 1077 522 1128 iit
563 1075 700 1129 caelo
732 1079 931 1142 degens
976 1093 1002 1127 a
1035 1086 1177 1128 terra
1218 1091 1320 1128 non
1354 1076 1538 1128 aberat
1573 1091 1584 1125 :
1643 1076 1838 1142 ubique
1881 1074 2026 1127 enim

463 1175 624 1228 erat;
671 1180 792 1219 cum
832 1165 1294 1231 incircuinscripta
1330 1166 1400 1218 sit
1436 1165 1707 1220 ditinitas.
1746 1162 2032 1218 Descendit

467 1258 715 1324 igitnrex
756 1257 912 1311 ccelis
960 1255 1036 1328 [id
1074 1267 1180 1318 est,
1238 1273 1342 1310 non
1395 1259 1694 1311 secundum
1744 1259 2030 1308 humanam

467 1344 763 1414 naturam],
795 1361 900 1396 non
939 1345 1033 1413 qui
1085 1359 1148 1398 ex
1188 1345 1396 1396 semine
1429 1344 1616 1402 David,
1646 1345 1736 1394 sed
1773 1344 2032 1409 temporis

416 1461 421 1468 ·
468 1451 660 1501 ωριτε
702 1437 789 1488 Dei
832 1435 1088 1495 Verbum,
1119 1436 1257 1503 quod
1292 1436 1400 1503 jam
1441 1447 1564 1488 ante
1595 1435 1789 1487 saecula
1823 1443 1958 1496 erat,
1985 1442 2039 1485 et

468 1535 689 1592 propter
729 1526 983 1576 unionem
1014 1541 1134 1576 cuin
1186 1540 1384 1592 genere
1426 1526 1682 1578 humano.
1705 1521 1903 1574 Filium
1940 1521 2037 1573 Ite-

469 1615 628 1666 miuis
661 1614 916 1682 appellari
968 1615 1166 1678 voluit;
1200 1624 1252 1667 et
1285 1631 1404 1666 cum
1442 1613 1633 1668 Filium
1673 1614 1903 1666 hominis
1943 1627 2039 1665 au-

471 1707 671 1767 dimus,
705 1723 770 1760 ne
797 1708 1148 1770 arbitremur,
1175 1722 1394 1761 carnem
1425 1707 1540 1770 ejus
1562 1722 1626 1758 ex
1653 1707 1791 1759 (ωίο
1819 1705 2044 1758 descen-

471 1799 642 1858 disse,
672 1797 764 1851 sed
796 1814 916 1850 cum
949 1800 1202 1851 Christus
1229 1798 1298 1850 sit
1328 1814 1429 1850 una
1461 1798 1764 1867 lit-postasis
1793 1813 1885 1850 seu
1922 1812 2045 1866 per-

2120 615 2185 686 δὴ
2215 616 2475 679 πολλάκις
2505 618 2603 682 μὲν
2627 615 2734 668 ἀπὸ
2767 614 2868 683 τῆς
2903 613 3181 684 θεότητος.
3220 613 3488 676 πολλάκις
3521 614 3578 667 δὲ
3599 616 3710 668 ἀπὺ

2123 708 2221 778 τῆς
2245 707 2663 776 ἀνθρωπότητος
2683 705 2942 776 ὀνομάζει
2969 704 3160 758 ἐαυτὸν
3184 706 3212 758 6
3235 704 3441 774 Κύριος
3462 721 3476 734 ο
3525 708 3588 758 '0
3618 705 3728 758 ὢν

2123 801 2196 854 ἐν
2222 799 2301 864 τῷ
2329 799 2566 867 οὐρανῷ
2597 793 2753 852 εἷπεν
2779 815 2794 830 ο
2829 799 3000 869 ἧγουν
3022 799 3051 852 6
3079 797 3222 852 κατά
3246 797 3347 867 τὴν
3370 798 3602 864 θεότητα
3632 798 3710 850 ῶν

2126 895 2185 946 ἐν
2211 893 2288 962 τῷ
2321 891 2537 960 οὐρανῷ
2561 907 2576 923 ⁸
2631 893 2695 944 ἐκ
2749 890 2846 943 τοῦ
2895 889 3128 963 ούρανοῦ
3181 888 3429 952 καταϐὰς
3453 890 3480 942 ὁ
3513 889 3711 957 Σωτὴρ

2131 985 2291 1052 ἡμῶν
2321 983 2424 1036 οὑκ
2453 981 2723 1050 ἀφίστατο
2753 980 2848 1034 τοῦ
2879 980 3137 1052 ούρανοῦ,
3168 978 3267 1033 καὶ
3299 979 3357 1031 ἐν
3381 977 3460 1048 τῷ
3488 977 3707 1046 οὑρανῷ

2130 1076 2205 1129 ὢν
2233 1076 2334 1129 οὑκ
2363 1073 2772 1144 ἀπελιμπάνετο
2818 1073 2919 1143 τῆς
2968 1073 3098 1142 γῆς,
3143 1071 3279 1126 ἀλλὰ
3315 1071 3589 1142 πανταχοῦ
3617 1067 3707 1139 ἦν,

2133 1166 2256 1218 ἐπεὶ
2295 1165 2360 1235 δὴ
2399 1163 2808 1234 ἀπερίγραπτος
2852 1165 2886 1232 ἡ
2923 1163 3138 1232 θεότης.
3195 1160 3419 1231 Κατέὸη
3445 1161 3622 1213 τοίνυν
3648 1163 3708 1212 ἐκ

2132 1257 2242 1310 τῶν
2303 1255 2556 1325 οὐρανῶν
2611 1254 2710 1323 οὑχ
2753 1255 2782 1307 6
2843 1254 2910 1307 ἐκ
2942 1253 3261 1322 σπέρματος
3307 1253 3496 1316 Δαυῒδ,
3537 1251 3654 1304 ἀλλ’
3682 1251 3710 1302 6

2135 1347 2470 1417 ὑπέρχρονος
2518 1345 2616 1398 τοῦ
2666 1344 2804 1397 Θεοῦ
2857 1344 3051 1411 Λόγος,
3087 1345 3115 1398 6
3149 1344 3412 1414 ὑπάρχων
3455 1345 3561 1414 πρὸ
3603 1343 3710 1397 τῶν

2137 1435 2371 1488 αἰώνων.
2426 1434 2525 1486 Διὰ
2576 1435 2632 1486 δὲ
2692 1434 2792 1503 τὴν
2827 1435 2965 1504 πρὸς
3003 1435 3064 1488 τὺ
3109 1435 3450 1506 ἀνθρώπινον
3500 1437 3711 1502 ἐνωσιν,

2137 1521 2408 1588 λαμὸάνει
2431 1521 2538 1574 τοῦ
2574 1522 2710 1576 Υιοῦ
2767 1521 2876 1577 τοῦ
2926 1523 3242 1591 ἀνθρώπου
3274 1525 3335 1578 τὸ
3383 1525 3554 1595 ὄνομα
3576 1543 3590 1558 ο
3623 1529 3715 1580 καὶ

2140 1612 2272 1665 Υίδν
2302 1613 2591 1684 ἀνθρώπου
2625 1613 2936 1679 ἀκούοντες,
2969 1615 3045 1684 μὴ
3079 1616 3394 1686 νομίζωμεν
3415 1618 3499 1670 ὅτι
3522 1621 3554 1687 ἡ
3583 1617 3716 1688 σὰρξ

2142 1703 2203 1768 ἐξ
2227 1705 2459 1776 ούρανοῦ
2524 1706 2762 1776 κατέὸηο
2818 1707 2937 1760 ἀλλ’
3008 1707 3199 1778 ἐπειδὴ
3253 1709 3354 1778 μία
3394 1711 3714 1775 ὑπόστασις,

2146 1797 2314 1866 ἤγουν
2373 1797 2431 1850 ἐν
2489 1797 2784 1867 πρόσωπον
2828 1793 2896 1868 ἦν
2946 1800 2974 1852 6
3005 1799 3240 1868 Χριστὸς
3293 1800 3357 1854 ἐκ
3383 1800 3478 1854 δύο
3503 1801 3718 1869 φύσεων
3752 1791 3763 1800 ’

473 1905 609 1945 sona
640 1889 851 1942 duabus
884 1890 1094 1942 naturis
1125 1901 1403 1954 constans,
1458 1892 1533 1952 lit,
1585 1899 1641 1940 ut
1678 1891 1894 1940 nomina
1942 1889 2043 1942 ho-

2153 1890 2428 1951 σύνθετος,
2488 1889 2556 1942 τὰ
2586 1889 2679 1942 τοῦ
2733 1889 3024 1960 ἀνθρώπου
3060 1891 3305 1957 ὀνόματα
3355 1894 3451 1946 καὶ
3507 1895 3599 1946 ἐπὶ
3623 1893 3720 1946 τοῦ

475 1983 639 2036 minis
673 1983 836 2036 etiam
885 1983 952 2034 de
989 1982 1162 2036 Verbo
1208 1983 1580 2046 enuntientur,
1615 1991 1666 2034 et
1697 1981 1811 2036 vice
1862 1997 2036 2044 versa,

477 2076 738 2127 attributa
789 2073 948 2126 erhi
999 2075 1201 2127 homini
1235 2089 1448 2144 quoque
1486 2074 1810 2127 tribuantur.
1847 2074 2043 2141 Appel-

474 2164 624 2220 iator
644 2181 772 2234 ergo
793 2176 846 2220 et
871 2167 971 2218 hoc
993 2165 1112 2220 loco
1140 2164 1306 2220 Filius
1329 2165 1584 2232 hominis,
1607 2165 1735 2234 quia
1761 2166 2043 2233 utriusque

479 2265 710 2320 naturae,
742 2259 989 2311 humanae
1023 2257 1230 2313 scilicet
1260 2267 1313 2313 et
1344 2258 1556 2326 divinte,
1595 2273 1696 2312 una
1743 2261 2041 2327 eademque

477 2359 561 2403 est
590 2349 892 2419 hypostasis
913 2365 1007 2404 seu
1037 2364 1286 2417 persona,
1314 2366 1417 2404 non
1445 2351 1584 2420 quod
1613 2349 1782 2405 Filius
1811 2352 2044 2406 hominis

475 2444 545 2496 de
596 2443 734 2495 coelo
765 2442 1103 2495 descenderit
1155 2441 1371 2511 (nempe
1416 2442 1714 2496 secundum
1749 2442 2042 2496 ltumauam

477 2535 776 2594 uatmam),
820 2533 913 2586 sed
945 2533 1086 2601 quod
1119 2548 1209 2600 qut
1239 2533 1520 2586 descendit
1569 2532 1735 2587 Filius
1771 2533 1886 2601 Dei,
1927 2535 2046 2602 ipse

477 2625 727 2677 ascendit
759 2623 925 2676 Filius
953 2625 1185 2678 hominis
1217 2625 1430 2690 factus;
1470 2639 1598 2678 caro
1630 2625 1773 2679 enim
1805 2637 1925 2696 post
1955 2642 2047 2683 re-

476 2714 879 2765 surrectionem
943 2713 1256 2780 impatihilis
1314 2721 1367 2767 et
1426 2713 1749 2769 immortalis
1807 2716 2046 2781 eﬂ‘ecta,

479 2809 703 2870 propter
740 2803 1176 2857 communionem
1227 2814 1280 2856 et
1314 2803 1567 2858 unionem
1601 2821 1722 2861 cum
1759 2807 1958 2874 Verbo,
1990 2811 2042 2865 iu

477 2906 590 2958 quo
631 2894 835 2962 absque
867 2895 1170 2952 divulsione
1206 2905 1258 2950 et
1289 2896 1553 2954 divisione
1585 2900 1763 2968 inest,
1799 2905 2043 2959 eamdem

478 2985 664 3039 sedem
693 2988 919 3053 accc'pit.

555 3079 896 3146 Quapropter
939 3066 1133 3135 Paulus
1168 3083 1242 3136 ait
1297 3101 1310 3139 :
1361 3083 1459 3150 Qui
1493 3087 1753 3140 descendit
1792 3089 1901 3154 ipse
1948 3099 2047 3156 est,

2149 1980 2324 2046 Λόγου
2341 1978 2700 2048 λαμϐάνεται.
2731 1981 2838 2033 Καὶ
2872 1981 3036 2034 πάλιν
3057 1985 3122 2036 τά
3145 1981 3242 2035 τοῦ
3273 1983 3450 2051 Λόγου
3479 1985 3722 2054 ὀνόματα

2153 2071 2229 2138 τῷ
2249 2069 2522 2139 ἀνθρώπῳ
2554 2071 2968 2140 προστιθένταιο
3003 2073 3225 2140 λέγεται
3251 2071 3343 2128 οῦν
3370 2077 3462 2128 καὶ
3489 2078 3724 2132 ἐνταῦθα

2156 2161 2282 2223 Υἱὸς
2329 2160 2422 2214 τοῦ
2473 2163 2766 2232 ἀνθρώπου
2816 2165 2844 2216 6
2876 2163 3099 2234 Κύριος,
3149 2165 3369 2230 ὼςένδς
3404 2168 3573 2232 ὅντως
3626 2169 3725 2223 τοῦ

2154 2250 2471 2321 προσώπου,
2505 2253 2599 2305 καὶ
2633 2254 2762 2320 μιᾶς
2788 2253 2892 2324 τῆς
2930 2255 3308 2324 ὑποστάσεως,
3344 2259 3445 2312 οὑκ
3478 2261 3665 2331 ἐπειδὴ
3695 2261 3726 2314 6

2155 2341 2286 2405 Υἱὸς
2327 2343 2420 2395 τοῦ
2458 2344 2750 2412 ἀνθρώπου
2797 2347 3068 2416 κατῆλθεν
3094 2350 3156 2401 ἐκ
3177 2347 3276 2402 τοῦ
3303 2349 3566 2421 ούρανοῦο
3608 2351 3726 2405 ἀλλ’

2158 2433 2346 2498 ἐπειδὴ
2385 2435 2414 2487 6
2442 2434 2719 2488 κατελθὼν
2775 2437 2902 2500 Υἱὸς
2955 2438 3048 2491 τοῦ
3101 2439 3259 2506 Θεοῦ,
3299 2442 3461 2504 αὐτὸς
3500 2443 3728 2512 ἀνῆλθεν

2157 2522 2286 2586 Υἱὸς
2312 2524 2598 2593 ἀνθρώπου
2626 2526 2914 2596 γενόμενος
2938 2543 2951 2556 ·
2977 2529 3189 2601 ἀπαθὴς
3218 2531 3325 2601 γὰρ
3355 2534 3450 2585 καὶ
3463 2533 3728 2598 ἀθάνατος

2162 2614 2302 2686 μετὰ
2329 2615 2428 2686 τὴν
2463 2616 2764 2671 ἀνάστασιν
2787 2621 3055 2690 γενομένη
3085 2623 3118 2692 ἡ
3157 2623 3316 2692 σάρξ,
3341 2623 3430 2678 διὰ
3459 2625 3558 2694 τὴν
3587 2626 3725 2697 πρὸς

2157 2707 2252 2760 τὸν
2281 2707 2453 2775 Λόγον
2477 2697 2764 2764 κοινωνίαν
2789 2710 3097 2786 ἀδιαίρετός
3121 2715 3271 2768 ἐστιν
3296 2716 3354 2769 ἐν
3383 2715 3536 2787 αὑτῷ
3562 2716 3727 2787 ὴξιω·

2164 2799 2300 2868 μένη
2329 2800 2620 2870 καθέδρας.

2234 3071 2323 3125 Διὸ
2351 3072 2444 3125 xui
2498 3073 2526 3125 6
2579 3071 2789 3135 Παῦλος
2842 3071 3064 3141 ἔλεγεν
3127 3075 3182 3126 '0
3235 3077 3499 3141 καταϐὰς
3550 3079 3736 3144 αὐτός

481 3167 652 3234 quiet
688 3168 923 3220 ascendit
955 3185 1108 3236 super
1133 3189 1307 3226 omnes
1349 3174 1524 3240 cazlos,
1571 3186 1625 3229 ut
1665 3177 1900 3246 impleret
1937 3195 2049 3231 om-

2162 3163 2352 3221 ὲστιν,
2388 3163 2481 3215 καὶ
2515 3165 2548 3216 ό
2576 3163 2805 3228 ἀναϐὰς
2843 3165 3120 3232 ὑπεράνω
3178 3163 3293 3219 τῶν
3331 3169 3605 3234 οὐρανῶν
3632 3170 3730 3222 ἵνα

487 3258 580 3308 nia
609 3257 659 3320 7;
697 3274 818 3310 nam
858 3260 1142 3316 divinitate
1188 3265 1348 3320 etiam
1399 3277 1556 3322 antea
1594 3279 1788 3324 cuncta
1822 3273 2060 3340 c0mple-

491 3349 609 3414 bat,
644 3361 830 3416 utpote
867 3363 1124 3423 tanquam
1158 3358 1360 3424 ubique
1408 3376 1646 3429 praesens
1677 3372 1731 3416 et
1759 3364 1942 3417 omnia
1973 3380 2066 3432 pe-

491 3454 736 3498 netrans.
771 3442 962 3499 Postea
991 3463 1118 3501 vero
1150 3461 1372 3518 pr0pter
1397 3452 1622 3507 salutem
1652 3464 1914 3515 nostram,
1939 3471 2062 3510 cum

491 3535 548 3586 in
601 3535 754 3588 oculis
795 3549 1120 3603 versaretur,
1162 3541 1212 3604 in
1264 3551 1463 3594 terram
1500 3543 1800 3608 descendit,
1846 3561 2061 3601 carnem

493 3636 896 3691 assumpturus,
931 3632 1022 3696 qui
1057 3641 1248 3698 sponte
1275 3635 1546 3687 exaltatus
1580 3645 1664 3688 est
1701 3634 1755 3689 iu
1797 3651 1978 3696 cruce.
2013 3649 2066 3692 et

492 3725 742 3769 mortuus
790 3731 975 3783 carne,
1015 3720 1294 3776 descendit
1335 3723 1400 3776 ad
1436 3724 1659 3790 inferos,
1690 3735 1744 3780 et
1779 3741 2065 3798 resurg-us

496 3821 810 3878 assumptus
858 3822 941 3865 est
975 3814 1028 3868 in
1065 3815 1257 3885 gloria,
1303 3826 1357 3870 et
1399 3818 1639 3873 ascwdit
1683 3835 1847 3888 super
1875 3835 2066 3875 omnes

492 3900 691 3967 etelos,
711 3913 766 3955 ut
799 3903 1042 3969 impleret
1071 3906 1284 3972 omnia;
1316 3918 1367 3960 et
1402 3909 1454 3962 in
1482 3923 1647 3964 carne
1673 3911 2065 3967 dominationis

493 4008 632 4057 suae,
669 4003 723 4047 et
759 3995 972 4050 virtutis
1003 4010 1097 4050 seu
1137 4000 1388 4066 potentia:
1418 3999 1533 4066 ipse
1565 4017 1701 4055 unus
1725 4011 1810 4056 est
1841 4018 1904 4057 ex
1940 4020 2066 4058 sau-

491 4095 584 4136 eta
608 4082 891 4150 Triuitale,
915 4089 1388 4146 consubstantialis
1415 4091 1581 4147 Filius
1609 4104 1663 4147 et
1688 4093 1919 4149 Verbum
1949 4097 2063 4163 hei,

497 4177 722 4245 :equalis
758 4179 900 4233 Patri
947 4191 1001 4236 et
1050 4181 1278 4250 Spiritui
1328 4196 1540 4250 sancto,
1581 4188 1742 4241 homo
1776 4188 1972 4253 factus,
2007 4190 2062 4242 in

498 4265 712 4320 duabus
769 4270 1025 4334 perlectis
1075 4272 1286 4324 naturis
1356 4285 1421 4326 ac
1471 4275 1910 4340 operationibus;
1972 4276 2063 4340 qui

492 4359 663 4410 etiam
694 4373 921 4425 corpore
951 4361 1100 4413 Patri
1125 4363 1348 4424 assidet,
1381 4373 1433 4418 et
1467 4365 1658 4417 iterum
1697 4375 1954 4418 venturus
1982 4377 2066 4420 est

498 4462 625 4500 cum
680 4448 847 4516 gloria
906 4449 1034 4518 (quo
1085 4461 1242 4519 pacto
1293 4454 1454 4505 etiam
1503 4456 1768 4522 ascendit)
1823 4456 2064 4523 judicare

2164 3254 2458 3321 πληρώσῃ
2485 3256 2556 3308 τὰ
2581 3253 2810 3307 πάντα⁶
2837 3257 2902 3324 τῇ
2937 3256 3043 3326 γὰρ
3070 3256 3311 3326 Θεότητι,
3345 3259 3438 3310 καὶ
3471 3261 3731 3330 πρότερον

2163 3346 2232 3399 τὰ
2262 3349 2440 3400 πάντα
2487 3347 2764 3416 ὲπλήρουυ
2829 3346 2904 3409 ὡς
2959 3347 3236 3418 πανταχοῦ
3295 3349 3493 3416 παρὼν
3525 3355 3615 3404 καὶ
3666 3355 3734 3406 τὰ

2166 3439 2344 3492 πάντα
2377 3438 2603 3507 πληρῶν
2630 3455 2643 3468 ·
2679 3438 2906 3510 ὕστερον
2943 3441 2999 3492 δὲ
3024 3440 3111 3494 διά
3151 3441 3246 3513 τὴν
3273 3442 3430 3512 ἡμῶν
3463 3444 3733 3516 σωτηρίαν

2164 3528 2278 3582 ἄνω
2309 3528 2382 3581 ὢν
2414 3532 2494 3594 είς
2525 3531 2654 3593 τοὺς
2677 3532 2964 3600 οὖρανοὺς,
2998 3532 3205 3602 κατέϐη
3257 3533 3628 3603 σαρκούμενος
3655 3536 3734 3598 είς

2164 3619 2264 3690 τὴν
2301 3620 2425 3687 γῆν,
2478 3621 2572 3673 καὶ
2608 3619 2793 3691 ὑψώθη
2823 3621 3090 3686 ἑκουσίως
3122 3625 3179 3676 ἐν
3214 3624 3292 3694 τῷ
3329 3625 3584 3694 σταυρῷ·
3641 3627 3736 3679 καὶ

2166 3712 2342 3766 Θανὼν
2364 3716 2429 3781 τῇ
2462 3730 2526 3765 σα
2538 3715 2647 3780 ρκί,
2675 3715 2754 3776 είς
2785 3715 2875 3766 τὸν
2907 3715 3041 3785 ᾅδην
3063 3717 3299 3786 κατῆλθε
3321 3733 3335 3748 ⁸
3361 3718 3456 3771 καὶ
3475 3719 3734 3784 ἀναστὰς,

2165 3804 2443 3873 ἀνελήφθη
2479 3804 2535 3854 ἐν
2561 3803 2720 3875 δόξῃο
2756 3805 2849 3857 καὶ
2884 3806 3052 3875 ἀνέϐη
3089 3808 3351 3878 ὑπεράνω
3381 3810 3607 3862 πάντων
3631 3810 3737 3863 τῶν

2165 3895 2431 3964 οὑρανῶν,
2484 3894 2585 3948 ἵνα
2635 3895 2930 3964 πληρώσῃ
2990 3899 3062 3952 τὰ
3107 3897 3326 3964 πάντα,
3360 3899 3455 3952 καὶ
3476 3901 3534 3952 ἐν
3575 3901 3738 3970 σαρκὶ

2164 3985 2266 4054 τῆς
2315 3986 2635 4051 δεσποτείας
2685 3987 2851 4041 αὑτοῦ
2910 3990 3004 4042 καὶ
3069 3993 3168 4060 τῆς
3225 3991 3544 4058 ἐνεργείας,
3578 3993 3737 4052 αὐτός

2166 4081 2315 4132 ἐστιν
2343 4082 2370 4132 6
2394 4076 2474 4143 ei;
2499 4082 2594 4149 τῆς
2619 4080 2848 4149 Τριάδος
2869 4101 2880 4110 ·
2901 4082 2928 4133 6
2959 4083 3254 4151 μονογενὴς
3285 4081 3409 4146 Υἱὸς
3444 4086 3537 4136 καὶ
3567 4086 3738 4153 Λόγος

2166 4171 2261 4224 τοῦ
2306 4172 2442 4224 Θεοῦ
2463 4191 2478 4206 ο
2515 4174 2609 4226 καὶ
2644 4174 2756 4236 ῑσος
2788 4173 2862 4226 ῶν
2890 4173 2969 4241 τῷ
2999 4175 3174 4244 Πατρὶ
3206 4176 3298 4228 καὶ
3322 4177 3399 4241 τῷ
3434 4178 3734 4248 Πνεῦματι,

2168 4264 2394 4331 γέγονεν
2452 4263 2770 4331 ἄνθρωπος·
2827 4264 2886 4315 ἐν
2939 4265 3059 4316 δυσὶ
3110 4265 3346 4328 τελείαις
3394 4267 3593 4334 φύσεσι
3643 4271 3737 4322 καὶ

2168 4355 2473 4425 ἐνεργείαις
2499 4355 2594 4408 καὶ
2624 4356 2762 4422 μετὰ
2782 4355 3037 4424 σώματος
3066 4356 3410 4427 συνεδριάζει
3435 4359 3511 4428 τῷ
3539 4361 3734 4431 Πατρί·

2168 4449 2266 4500 καὶ
2293 4446 2457 4500 πάλιν
2484 4447 2762 4499 ἐλεύσεται
2802 4449 2939 4514 μετὰ
2969 4447 3148 4516 δόξης,
3177 4448 3237 4500 ὃν
3267 4449 3469 4518 τρόπον
3498 4451 3591 4502 καὶ
3614 4455 3738 4506 dwe-

501 4536 810 4619 universam
844 4549 1064 4602 terram,
1101 4549 1152 4594 et
1191 4541 1404 4594 reddere
1457 4543 1736 4603 unicuique
1779 4548 2049 4600 secundum

2169 4541 2371 4610 λήφοη,
2408 4540 2504 4592 τοῦ
2535 4543 2719 4610 κρῖναι
2751 4541 2931 4593 πᾶσαν
2963 4539 3063 4610 τὴν
3098 4543 3222 4610 γῆν,
3275 4542 3370 4593 καὶ
3402 4541 3739 4597 ἀποδοῦναι

501 4645 661 4698 opera
688 4647 806 4696 sua,
837 4641 882 4685 et
915 4633 1059 4700 regni
1095 4633 1207 4702 ejus
1243 4650 1345 4686 non
1373 4636 1469 4687 erit
1501 4636 1624 4704 ﬁnis
1649 4637 1691 4690 ".

577 4809 656 4862 Ne
703 4827 848 4876 vero,
883 4811 1102 4880 quando
1152 4811 1424 4876 audimus,
1456 4827 1577 4866 eum
1629 4815 1978 4878 descendisse.
2016 4821 2069 4873 in

504 4917 627 4954 cam
687 4909 1088 4970 persuasionem
1147 4907 1451 4971 veniamus,
1497 4909 1647 4978 quasi
1695 4909 1805 4976 jam
1842 4925 1942 4962 n0n
2000 4911 2072 4964 sit

509 4992 740 5056 amplius
803 4996 854 5048 in
909 4998 1069 5061 coelo,
1122 5006 1308 5067 utpote
1365 5001 1453 5069 qui
1503 5003 1882 5068 descenderit;
1921 5002 2068 5057 illico

409 5143 426 5163 .
511 5084 708 5152 adiecit
746 5103 759 5139 :
811 5086 910 5151 Qui
939 5099 1014 5143 est
1059 5091 1109 5143 in
1145 5092 1301 5156 cwlo;
1339 5109 1429 5157 ue,
1461 5094 1663 5162 inquit,
1701 5110 1824 5148 cum
1863 5111 1947 5148 me
1977 5095 2068 5148 de-

509 5176 786 5253 scendisse
815 5178 1030 5245 auditis,
1055 5183 1410 5248 arbitremini,
1443 5200 1527 5239 me
1559 5201 1662 5239 non
1691 5200 1814 5240 esse
1838 5186 2071 5253 amplius

510 5269 565 5324 in
601 5268 773 5329 coelo,
805 5270 928 5334 quia
961 5282 1013 5325 et
1066 5274 1153 5327 hic
1195 5290 1434 5342 praesens
1475 5291 1593 5329 sum
1629 5292 1876 5344 corpore,
1909 5287 1960 5328 et
1997 5277 2068 5329 ibi

509 5377 634 5414 cum
670 5358 830 5412 Patre
855 5360 908 5414 in
937 5363 1122 5416 eodem
1153 5366 1348 5421 throno
1385 5368 1548 5420 sedeo
1577 5368 1880 5421 divinitate.
1937 5368 2067 5420 Nam

509 5469 630 5507 cum
667 5453 739 5506 sit
764 5437 1017 5506 Dominus
1048 5456 1308 5522 omnium,
1339 5472 1567 5525 superna
1596 5474 1699 5512 non
1724 5459 1988 5521 deseruit,
2018 5469 2072 5513 et

513 5546 577 5596 ad
615 5559 712 5597 uos
743 5543 980 5608 advenit,
1029 5550 1087 5598 ut
1133 5545 1312 5600 omnia
1361 5547 1716 5618 undequaque
1767 5557 1818 5603 et
1869 5550 2069 5617 ubique

511 5634 769 5688 saltaret.

580 5819 597 5848 "
635 5814 833 5880 Ephcs.
879 5830 947 5868 tv.
997 5813 1078 5870 ιο.
1156 5815 1174 5848 ⁸
1222 5812 1380 5870 Rem.
1414 5831 1474 5875 ll,
1512 5815 1567 5869 6.

2170 4632 2405 4696 ἑκάστῳ
2434 4633 2584 4685 κατὰ
2619 4630 2689 4684 τὰ
2720 4630 2866 4699 ἔργα
2900 4633 3109 4698 αὑτοῦ,
3141 4633 3240 4685 καί
3275 4631 3385 4701 τῆς
3412 4633 3738 4699 ,βασιλείας

2170 4724 2358 4778 αὐτοῦ
2390 4724 2564 4788 τέλος
2591 4725 2701 4776 οὐκ
2736 4723 2931 4778 ἔσται.

2241 4815 2361 4870 Ἵνα
2399 4815 2456 4867 δὲ
2491 4817 2567 4883 μὴ
2620 4817 2955 4877 ἀκούσαντες
3013 4815 3096 4866 ὅτι
3143 4815 3362 4884 κατέϐη
3386 4831 3403 4848 ·
3430 4817 3740 4886 νομίσωμεν

2169 4909 2250 4960 ὅτι
2310 4906 2385 4969 ὡς
2419 4904 2722 4971 κατελθὼν,
2789 4906 2891 4958 οὐκ
2938 4905 3053 4958 ἐστι
3080 4905 3265 4960 λοιπὸν
3295 4909 3353 4960 ἐν
3374 4909 3621 4978 οὐρανῷ·
3653 4908 3740 4961 διὰ

2168 4999 2326 5050 τοῦτο
2380 4997 2561 5066 λέγει,
2592 4995 2678 5048 ὢν
2717 4997 2894 5062 ἐντῷ
2951 4996 3210 5065 οὐρανῷο
3265 5000 3340 5069 μὴ
3393 4999 3502 5066 γάρ
3546 5001 3733 5070 ἐπειδὴ

2174 5087 2446 5156 ἠκούσατε
2476 5089 2556 5142 ὅτι
2595 5089 2824 5156 κατέϐη,
2859 5089 3044 5159 φησὶν,
3078 5089 3336 5160 νομίσητε
3383 5090 3456 5162 μὴ
3485 5086 3625 5144 εἶναι
3662 5091 3739 5154 ὡς

2173 5184 2233 5234 ἐν
2260 5180 2337 5244 τῷ
2371 5181 2609 5250 οὐρανῷ,
2637 5183 2773 5234 ἀλλὰ
2826 5184 2920 5234 καὶ
2957 5181 3193 5236 ἐνταῦθα
3223 5182 3455 5252 πάρειμι
3493 5201 3737 5254 σωματι-

2173 5275 2284 5337 κῶς
2306 5292 2320 5305 ’
2359 5277 2519 5328 κάκεί
2547 5275 2900 5342 συγκάθημαι
2931 5276 3006 5344 τῷ
3038 5277 3210 5344 Πατρὶ
3229 5273 3447 5335 Θεῖκῶς.
3467 5275 3738 5344 Δεσπότης

2147 5371 2282 5438 ’γαρ
2335 5368 2554 5422 πάντων
2609 5368 2872 5436 ὑπάρχων
2907 5368 2999 5422 καὶ
3060 5369 3296 5436 Κύριος·
3352 5366 3474 5419 οὔτε
3509 5367 3574 5419 τά
3623 5366 3740 5418 ἄνω

2173 5461 2457 5523 κατέλιπε,
2494 5461 2589 5514 καὶ
2623 5461 2758 5530 πρὸς
2783 5463 2929 5530 ἡμᾶς
2961 5461 3322 5530 ἐπεδήμησεν,
3355 5458 3441 5512 ἵνα
3476 5456 3737 5514 πάντοθεν

2173 5553 2237 5606 τὰ
2273 5552 2454 5606 πάντα
2490 5550 2810 5622 άνασώσητα
2823 5569 2860 5608 ι.
