4156 6304
352 305 458 370 265

1519 305 1810 369 ORATIO
1852 310 1935 370 IN
1995 307 2056 371 S.
2103 311 2438 379 CRUCEM.

3502 324 3606 386 2M

351 421 601 493 ἁδρόχως
627 435 725 474 κα.
755 417 1057 484 ἀκινδύνως
1095 418 1348 490 διαϐῆναι
1392 420 1537 490 ἡμᾶς
1576 421 1922 490 παρασκευά-

2035 439 2284 480 serenum
2325 440 2378 481 et
2423 429 2614 484 sudum
2666 431 2868 486 cmlum
2918 433 3127 501 reddet,
3168 449 3493 504 praesentem
3533 442 3608 491 vi-

353 527 460 574 σει,
488 511 582 563 καὶ
613 508 709 562 τὸν
755 505 880 562 καθ’
909 508 1064 579 ήμῶν
1097 509 1450 579 ἐγειρόμενον
1501 509 1772 576 κλύδωνα,
1835 513 1932 564 καὶ

351 601 445 654 τὸν
476 601 714 670 τάραχον
753 600 1097 666 κατευνάσει,
1128 603 1222 655 atati.
1259 601 1433 655 ἔνδιον
1458 603 1801 671 καταστήσει
1837 602 1932 654 καὶ

351 695 590 764 γαληνόν
613 710 627 726 ·
678 693 770 746 καὶ
799 693 890 746 τὸν
922 694 1167 763 παρόντα
1207 693 1321 762 βίον
1366 693 1525 764 ἡμῶν
1555 692 1930 748 εὐκολώτατον

355 787 727 855 καταπραΰνεῖ
781 787 873 839 καὶ
937 786 1304 858 ὲξημερὼσει,
1347 788 1440 840 καὶ
1495 786 1554 839 τὸ
1583 787 1770 840 λοιπὸν
1830 787 1931 854 τῆς

356 877 498 946 ζωῆς
530 878 686 946 ἡμῶν
709 877 1007 946 εἰρηνικῶς
1041 878 1352 931 διατελέσαι
1384 880 1804 947 παρασκευάσει
1833 878 1930 932 καὶ

351 967 660 1038 ἀταράχως.
709 968 884 1032 Αὐτὸς
916 971 943 1020 ὁ
973 967 1236 1032 ζωοτοιδς
1273 968 1508 1039 σταυρὸς
1541 969 1638 1039 τὴν
1670 970 1927 1039 πικρίαν,

349 1061 442 1111 καὶ
472 1062 569 1130 τὴν
620 1061 822 1130 ὀδύνην
860 1061 971 1114 τῶν
1023 1060 1341 1129 συμφορῶν,
1392 1061 1488 1114 καὶ
1524 1063 1633 1114 τῶν
1671 1062 1929 1126 ἀναγκῶν

347 1150 526 1218 ἡμῶν,
596 1155 694 1206 καὶ
747 1152 859 1204 τῶν
910 1152 1026 1204 ἄλλ’
1085 1153 1176 1206 ἐπ’
1221 1151 1468 1223 ἀλλήλων
1517 1151 1798 1216 κινδύνων,
1837 1152 1934 1204 καὶ

348 1240 604 1310 θλίψεων,
637 1243 733 1294 καὶ
768 1242 1094 1312 πειρασμῶν
1120 1243 1224 1295 τῶν
1254 1241 1764 1312 ἐπισυμϐαινόντων
1794 1244 1930 1314 ἡμῖν

348 1331 456 1383 ἀπό
485 1349 543 1384 τε
578 1334 686 1384 τῶν
723 1332 933 1400 νοητῶν
965 1336 1057 1385 καὶ
1111 1335 1220 1386 τῶν
1254 1335 1532 1403 αἰσθητῶν
1592 1335 1824 1406 ἐχθρῶν,
1851 1339 1933 1401 είς

2055 523 2166 570 tam
2233 530 2476 574 nostram
2525 523 2781 579 facillime
2835 524 3106 596 placidam
3164 540 3611 600 mansuetamque

2049 609 2266 686 emciet,
2314 614 2568 683 dabitque
2614 618 2879 686 reliquum
2914 622 3038 676 vitae
3075 631 3271 678 nostrae
3304 623 3529 690 paciﬂce
3555 631 3612 676 et

2045 705 2168 756 sine
2201 705 2609 772 perturbatione
2645 711 2966 782 transigere.
3027 711 3144 781 Ipsa
3206 712 3417 767 viviﬁca
3471 728 3600 766 crux

2040 793 2466 852 amaritudinem
2499 807 2554 852 et
2586 799 2828 855 dolorem
2859 801 3236 859 calamitatum
3271 812 3328 859 et
3366 805 3606 859 necessi-

2041 891 2212 937 tatum
2243 897 2576 955 nostrarum,
2611 891 2997 959 periculorum,
3029 905 3149 963 quae
3174 894 3278 948 alia
3305 910 3468 964 super
3499 895 3603 948 alia

2033 973 2347 1044 impendent
2374 979 2783 1036 tribulationum
2805 991 2859 1037 et
2880 985 3240 1039 tentationnm
3261 986 3415 1042 nobis
3441 1002 3470 1039 a
3499 990 3610 1054 spi-

2035 1066 2325 1123 ritualibus
2355 1083 2409 1124 et
2441 1073 2795 1129 sensibilibns
2836 1074 3077 1131 inimicis
3101 1076 3521 1137 imminentium.
3555 1081 3606 1130 in

2041 1157 2384 1216 dulcedinem
2462 1167 2819 1222 commutabit
2850 1182 2914 1223 ac
2964 1169 3306 1238 spiritualem
3355 1170 3607 1237 volupta-

2044 1255 2148 1302 tem
2186 1268 2201 1316 ;
2236 1253 2631 1320 ennsoIabitur,
2682 1259 3062 1328 permulcebit,
3106 1259 3371 1315 excitabit
3403 1262 3612 1315 Inintas

2042 1351 2254 1396 nostras
2283 1345 2636 1404 concidentes
2675 1363 2786 1418 prae
2812 1363 3050 1406 mwrore
3075 1359 3130 1406 et
3156 1351 3436 1405 aerumnis.

347 1425 663 1492 γλυκύτητα
727 1425 1019 1495 μεταϐαλεῖ
1066 1428 1159 1479 καὶ
1229 1435 1612 1498 πνευματικὴν
1670 1428 1888 1500 ἡδονὴν,
1959 1433 2363 1501 παρακαλέσει,
2427 1439 2524 1493 καὶ
2581 1441 3072 1514 παραμυθήσεται,
3154 1443 3252 1496 καὶ
3317 1443 3610 1510 ἀναστήσει

345 1521 446 1581 τὰς
471 1520 752 1587 ἡμετέρας
789 1521 968 1589 ψυχὰς
1008 1522 1466 1585 καταπιπτούσας
1512 1523 1617 1575 ὑπὸ
1662 1523 1762 1592 τῆς
1792 1523 2052 1593 ἀθυμίας,
2085 1529 2179 1582 καὶ
2201 1529 2457 1602 θλίψεως,

419 1616 588 1678 Αὐτὸς
624 1617 651 1667 ὁ
692 1616 956 1680 ζωοποιὸς
1019 1618 1251 1689 σταυρὸς
1289 1618 1435 1690 ὕδωρ
1468 1619 1785 1684 άναόλύσει,
1835 1623 1932 1675 καὶ

2112 1624 2233 1694 Ipsa
2298 1629 2512 1686 viviﬁca
2569 1647 2702 1686 crus
2757 1647 2954 1703 aquam
3003 1633 3160 1690 nobis
3222 1634 3507 1704 profundet
3554 1646 3609 1691 et

343 1709 587 1774 πηγάσει
617 1709 746 1777 ἡμῖν
765 1710 829 1762 ὲκ
869 1711 1072 1778 πέτρας
1105 1710 1342 1781 Χριστοῦ
1375 1710 1468 1764 τοῦ
1503 1711 1763 1782 ἀληθινοῦ
1789 1711 1922 1766 Θεοῦ

2029 1717 2242 1774 emittet
2275 1734 2340 1775 ex
2410 1733 2586 1792 petra.
2620 1699 2842 1779 Christo
2888 1739 3020 1779 vero
3054 1723 3165 1780 Deo
3200 1699 3405 1791 nostro,
3455 1728 3608 1780 ﬂaui-

343 1800 522 1869 ήμῶν,
558 1805 647 1853 καὶ
685 1802 786 1871 τὴν
834 1802 1010 1870 φλόγα
1042 1804 1151 1855 τῶν
1198 1805 1527 1874 πειρασμῶν
1572 1806 1924 1870 κατασϐέσει,

343 1895 435 1946 καὶ
463 1893 600 1963 ὑπὲρ
626 1893 749 1962 μέλι
773 1895 869 1947 καλ⁸
897 1895 1074 1949 ἔλαιον
1098 1895 1392 1966 καθηδυνεῖ
1421 1895 1514 1949 καὶ
1544 1897 1790 1966 ίλαρυνεῖ
1828 1897 1927 1961 τὰς

339 1984 515 2053 ψυχὰς
568 1985 727 2054 ἡμῶν
768 1985 864 2036 καὶ
915 1985 987 2038 τά
1030 1985 1282 2055 σώματα,
1318 1987 1413 2040 καὶ
1453 1987 1552 2056 τὴν
1591 1989 1748 2057 δίψαν
1770 1989 1928 2058 ἡμῶν

340 2076 703 2137 καταπαύσει,
749 2075 892 2127 ὥστε
937 2076 1136 2146 μηκέτι
1180 2077 1360 2146 διψᾷν.
1403 2077 1466 2130 Ὀ
1507 2081 1614 2147 γάρ
1669 2080 1726 2144 ἐξ
1761 2079 1927 2132 αὐτοῦ

341 2167 512 2216 πίνων
567 2167 639 2218 οὐ
658 2164 745 2233 μὴ
771 2164 1027 2232 διψήσει
1044 2167 1132 2231 εὶς
1152 2167 1262 2220 τὸν
1280 2167 1488 2231 αἰῶνα,
1513 2168 1648 2221 άλλά
1669 2171 1929 2239 ποταμοί

340 2258 678 2324 ῥεύσουσιν
704 2257 773 2308 ὲιι
805 2255 918 2323 τῆς
948 2260 1183 2326 κοιλίας
1215 2261 1403 2316 αὐτοῦ
1439 2261 1664 2328 ὕδατος
1688 2261 1928 2330 ζῶντος,

343 2346 528 2408 καθὼς
572 2347 734 2408 αὐτὸς
779 2348 1119 2417 ἀπεφήνατο,
1153 2352 1186 2422 ἡ
1216 2353 1580 2422 αὐτοαλήθεια
1608 2355 1869 2426 Χριστὸς,
1899 2359 1928 2411 δ

342 2439 473 2500 Θεὸς
506 2441 682 2507 ἡμῶν.
716 2442 917 2495 Τοῦτον
948 2443 1039 2495 τὸν
1070 2443 1213 2496 θεῖον
1237 2445 1332 2498 καὶ
1362 2445 1631 2510 ζωοποιὸν
1664 2452 1922 2517 σταυρὸν,

337 2527 635 2597 ἀγαπητοὶ,
677 2533 727 2584 οἱ
764 2532 912 2594 ἆγιοι
949 2534 1046 2585 καὶ¹
1077 2533 1344 2588 θειότατοι
1374 2538 1623 2606 Πατέρες
1644 2539 1802 2608 ἡμῶν
1831 2544 1925 2594 καὶ

337 2621 655 2675 διδάσκαλοι
685 2625 924 2692 φρουρὸν
952 2627 1046 2677 καὶ
1086 2625 1303 2694 φύλακα
1350 2629 1588 2696 ἔχοντες,
1618 2632 1714 2682 καὶ
1747 2634 1924 2702 τεῖχος

324 2713 438 2772 ,καὶ
463 2713 728 2784 ὀχύρωμα
751 2715 859 2766 τῶν
887 2716 1126 2768 εὐσεϐῶν
1155 2717 1355 2778 εἰδότες
1379 2719 1834 2789 άκαταίσχυντον,
1867 2724 1924 2775 ἐν

341 2805 408 2871 τῇ
436 2803 578 2873 μέσῃ
612 2804 866 2875 ἐόδομάδι
892 2805 1001 2857 τῶν
1021 2807 1302 2876 νηστίμων
1332 2809 1555 2878 ἡμερῶν
1575 2810 1921 2879 προτίθεσθαι

339 2893 681 2964 διωρίσαντο,
729 2897 822 2950 καὶ
873 2898 1025 2966 παρὰ
1058 2897 1167 2950 τῶν
1209 2899 1420 2950 πιστῶν
1482 2902 1920 2970 προσκυνεῖσθαι

339 2988 433 3038 καὶ
460 2987 718 3055 τιμᾶσθαι
751 2987 844 3041 καὶ
893 2989 1346 3055 κατασπάζεσθαι
1396 2991 1735 3059 διετάξαντο,
1771 2994 1918 3048 ὥστε
1950 3027 1993 3084 c

337 3079 404 3131 τά
435 3079 533 3148 μὲν
560 3080 978 3149 κατορθωθέντα
1009 3083 1362 3152 πνευματικά
1394 3084 1494 3154 τῆς
1519 3087 1722 3156 ἀρετῆς
1779 3088 1918 3158 ἔργα

336 3171 485 3238 παρὰ
518 3171 626 3224 τῶν
659 3171 979 3238 ἀγωνιστῶν
1007 3173 1105 3240 τῆς
1137 3177 1464 3246 ἐγκρατείας
1495 3177 1786 3245 φυλάττειν
1818 3180 1918 3231 καὶ

335 3268 624 3335 συντηρεῖν
677 3265 873 3335 βέϐαια
931 3269 1025 3320 καὶ
1069 3270 1361 3331 άσάλευτα,
1417 3269 1486 3323 τὰ
1533 3269 1591 3322 δὲ
1642 3269 1906 3339 μέλλοντα

335 3351 771 3422 κατορθωθῆναι,
791 3358 1075 3424 συνεργεῖν
1092 3357 1182 3408 καὶ
1200 3358 1525 3426 συγκροτεῖν
1544 3361 1638 3410 καὶ
1660 3361 1916 3430 συνιστᾷν

333 3440 650 3494 ἁδιάπτωτα
673 3441 766 3494 καὶ
789 3442 1123 3513 ἀκράδαντα.
1159 3447 1258 3498 Διὰ
1297 3445 1455 3498 τοῦτο
1500 3447 1597 3499 καὶ
1627 3450 1788 3518 ἡμεῖς
1814 3451 1909 3503 τὸν

333 3531 428 3584 τοῦ
461 3534 672 3603 Κυρίου
710 3539 944 3605 σταυρὸν
977 3537 1242 3604 συνεργὸν
1288 3537 1771 3608 ἐπικαλεσάμενοι,
1820 3542 1912 3595 τὸν

335 3627 701 3695 προκείμενον
765 3629 953 3694 ἀγῶνα
1014 3628 1111 3695 τῆς
1179 3630 1434 3695 νηστείας
1497 3630 1748 3684 διανῦσαι
1817 3634 1914 3687 καὶ

337 3718 627 3788 πληρῶσαι
661 3721 1075 3788 σπουδάσωμεν,
1134 3721 1309 3774 πάντα
1347 3739 1414 3774 τα
1451 3726 1692 3792 σαρκικὰ
1746 3741 1913 3780 σταυ-

339 3812 562 3882 ροῦντες
614 3815 711 3866 καὶ
767 3813 1088 3884 νεκροῦντες
1135 3813 1440 3883 παθήματα
1474 3817 1568 3869 καὶ
1612 3821 1911 3888 κινήματα,

337 3904 432 3956 καὶ
475 3904 586 3967 τοῖς
621 3903 714 3957 τοῦ
770 3905 980 3974 Κυρίου
1028 3901 1415 3974 προστάγμασι
1461 3907 1552 3958 καὶ
1585 3908 1912 3976 ὲντάλμασιν

336 3993 726 4047 ἐπακολουθεῖν
776 3995 1132 4063 ἐπειγώμεθα
1198 3997 1338 4064 μετὰ
1370 3996 1679 4064 προθυμίας
1710 3997 1913 4064 πολλῆς

337 4089 430 4139 καί
464 4086 690 4154 ζεούσης
718 4088 817 4154 τῆς
849 4087 1247 4156 προαιρέσεως,
1290 4086 1364 4148 ὡς
1406 4088 1500 4138 καὶ
1536 4088 1569 4156 ή
1614 4091 1764 4156 παρὰ
1817 4085 1914 4139 τοῦ

336 4179 623 4230 θεσπεσίου
663 4177 896 4248 Μάρκου
938 4177 1268 4247 εὐαγγελικὴ
1308 4177 1634 4247 παραίνεσις
1672 4179 1914 4249 σήμερον

336 4268 468 4338 ἡμῖν
501 4268 844 4336 ὑποτίθησιν·
882 4268 993 4338 ἔχει
1025 4268 1080 4319 δὲ
1111 4267 1313 4330 οὕτως’

406 4355 596 4411 Εἶπεν
623 4361 654 4412 ό
683 4361 900 4426 Κύριος
934 4357 1059 4421 τοῖς
1089 4357 1309 4411 ἑαυτοῦ
1344 4357 1641 4428 μαθηταῖς
1662 4373 1677 4390 ’
1714 4361 1786 4413 El
1825 4377 1916 4428 τις
1950 4398 1994 4452 D

334 4451 499 4504 θέλει
529 4452 722 4503 ὀπίσω
747 4469 868 4520 μου
901 4449 1124 4514 ἐλθεῖν,
1173 4451 1628 4518 ἀπαρνησάσθω
1672 4453 1913 4520 ἑαυτὸν,

333 4543 436 4596 καὶ
468 4544 664 4610 ἀράτω
705 4545 811 4596 τὸν
836 4541 1108 4608 σταυρὸν
1139 4541 1350 4604 αὐτοῦ,
1383 4543 1480 4596 καί
1509 4544 1916 4608 ἀκολουθείτω

329 4654 451 4704 μοι.
487 4637 591 4702 ⁸ος
633 4640 742 4706 γὰρ
789 4636 1018 4704 ἁνθέλῃ
1061 4635 1178 4702 τὴν
1213 4635 1426 4703 ψυχὴν
1472 4639 1663 4693 αὑτοῦ
1696 4639 1913 4704 σῶσαι,

332 4730 623 4783 ἀπολέσει
660 4731 888 4795 αὑτήν*
931 4729 999 4794 ὃς
1045 4727 1099 4780 δ’
1137 4725 1216 4780 ἂν
1247 4726 1526 4798 ἀπολέσῃ
1557 4731 1665 4795 τὴν
1701 4731 1919 4799 ψυχὴν

333 4823 522 4876 αὑτοῦ
555 4823 771 4875 ἕνεκεν
815 4819 964 4888 ἐμοῦ
1006 4818 1105 4873 καὶ
1150 4818 1258 4872 τοῦ
1293 4820 1684 4888 Ebur-pellor),
1736 4818 1918 4889 οὗτος

332 4914 522 4968 σώσει
553 4911 767 4978 αὑτήν.
811 4912 868 4962 Τί
920 4911 1027 4978 γὰρ
1076 4908 1383 4978 ὠφελήσει
1430 4909 1770 4979 ἄνθρωπον,
1808 4915 1918 4968 ἐὰν

330 5003 606 5071 κερδήσῃ
667 5002 777 5054 τὸν
834 5002 1069 5068 κόσμον
1113 5003 1282 5064 ὅλον,
1339 5002 1441 5054 καί
1497 4999 1752 5073 ζημιωθῇ
1800 5007 1915 5073 τὴν

329 5095 548 5165 ψυχὴν
580 5091 838 5153 ἐαυτοῦ;
900 5091 958 5142 ’0
995 5093 1426 5162 κορυφαιότατος
1456 5096 1564 5146 τῶν
1603 5096 1912 5148 ἀποστόλων

332 5187 544 5257 Πέτρος
587 5185 786 5256 ἢκουσε
840 5181 933 5234 τοῦ
988 5180 1189 5252 Κυρίου
1237 5184 1507 5252 λέγοντος,
1557 5186 1639 5238 ὅτι
1691 5187 1774 5238 δεῖ
1815 5187 1907 5238 τὸν

329 5283 460 5336 Υῐὸν
487 5279 580 5333 τοῦ
605 5277 895 5348 ἀνθρώπου
924 5275 1095 5329 πολλὰ
1117 5275 1316 5330 παθεῖν
1359 5280 1468 5331 ἀπὸ
1507 5279 1618 5330 τῶν
1664 5280 1905 5349 πρεσόυο

328 5375 389 5427 τέ
399 5392 507 5446 ρων
535 5370 630 5426 καί
658 5368 963 5440 ἀρχιερέων
987 5370 1081 5422 καὶ
1103 5371 1495 5439 γραμματέων,
1520 5373 1613 5425 καὶ
1631 5374 1904 5425 ἀποκτανο

330 5471 513 5538 θῆναι,
585 5465 682 5518 καὶ
735 5466 800 5533 τῇ
863 5461 1022 5533 τρίτῃ
1070 5461 1254 5532 ἡμέρᾳ
1302 5462 1637 5533 ἀναστῆναιο
1700 5467 1793 5517 καὶ
1832 5465 1907 5529 ὡς

331 5558 612 5629 πανταχοῦ
673 5556 1006 5626 θερμότερος
1068 5555 1176 5606 τῶν
1231 5555 1407 5610 ἄλλων
1471 5557 1753 5628 μαθητῶν,
1811 5559 1907 5609 καὶ

409 5741 424 5770 ³
456 5736 613 5792 Jo.tn.
644 5750 723 5800 tv,
768 5735 855 5789 l3.
933 5737 952 5766 ¹
986 5731 1120 5788 lbid.
1188 5733 1270 5788 Η.

559 5833 837 5891 ΡΑι-ιιοι..
885 5828 1006 5890 Gtt.
1053 5826 1180 5890 CL.

1350 5733 1370 5764 ³
1403 5732 1568 5790 Marc.
1609 5747 1730 5796 rm,
1775 5727 1965 5784 54-36.

2038 1823 2180 1863 mam
2217 1811 2573 1868 tentatiouum
2607 1815 2942 1882 exstinguet,
2970 1830 3136 1886 super
3187 1816 3294 1872 mel
3326 1828 3380 1872 et
3429 1818 3606 1871 oleum

2029 1901 2314 1958 delectabit
2346 1906 2744 1968 etexhilarabit
2774 1908 2985 1963 animas
3019 1918 3236 1964 nostras
3261 1920 3318 1964 et
3352 1925 3607 1979 corpora,

2029 1993 2180 2050 sitim
2224 2005 2468 2052 nostram
2509 1999 2831 2070 restinguet,
2897 2011 2956 2056 ut
2988 1994 3106 2056 ‘non
3162 1999 3398 2071 amplius
3449 2002 3605 2056 sitia-

2030 2101 2167 2142 mus.
2205 2085 2305 2153 Qui
2345 2090 2485 2142 enim
2510 2105 2577 2144 ex
2608 2105 2669 2144 ea
2705 2091 2856 2156 bibit,
2888 2109 2992 2146 non
3021 2094 3165 2147 sitiet
3199 2094 3253 2146 in
3279 2103 3540 2148 (sternunt
3564 2095 3604 2158 ⁸,

2031 2179 2124 2228 sed
2175 2178 2398 2246 flumina
2446 2180 2612 2245 ﬂuent
2655 2195 2720 2233 ea:
2775 2191 2950 2234 ventre
2997 2185 3137 2252 ejus,
3189 2200 3340 2253 aqua:
3390 2183 3517 2237 victe
3553 2184 3604 2249 ’;

2029 2266 2478 2333 quemadmodum
2507 2267 2617 2336 ipsa
2668 2265 2882 2324 Veritas
2929 2271 3314 2337 pronuntiavit,
3359 2271 3609 2326 Christus

2029 2355 2176 2410 Deus
2227 2369 2435 2412 noster.
2491 2357 2644 2414 Hanc
2692 2357 2931 2414 divinam
2981 2370 3037 2414 et
3067 2361 3333 2416 viviﬁcam
3365 2377 3605 2426 crucem,

2025 2448 2364 2516 charissimi,
2413 2451 2587 2506 saneti
2622 2466 2686 2506 ac
2716 2450 2883 2505 divini
2947 2449 3142 2508 Patres
3188 2453 3359 2508 nostri
3411 2463 3467 2508 et
3511 2453 3608 2505 do.

2025 2549 2228 2608 ctores,
2277 2544 2421 2612 quod
2469 2559 2567 2610 pro
2619 2544 2875 2615 praasidio
2941 2555 2995 2602 et
3044 2546 3268 2600 custode
3320 2545 3603 2611 haberent,

2024 2632 2337 2702 scirentque
2378 2649 2591 2690 mttrum
2623 2645 2678 2690 et
2761 2634 3157 2692 munimentum
3221 2637 3430 2706 piorum
3485 2651 3606 2694 esse

2027 2730 2246 2785 minime
2277 2730 2544 2786 dedecens
2573 2747 2588 2786 :
2640 2732 2693 2787 in
2731 2731 2905 2787 media
2955 2731 3281 2802 ieiuniorum
3308 2732 3607 2788 hebdoma-

2024 2822 2090 2877 de
2147 2823 2580 2892 proponendttnt,
2634 2833 2689 2880 et
2727 2839 2758 2878 a
2814 2825 3064 2880 ﬁdelibus
3095 2825 3457 2889 adorandum,
3513 2839 3607 2878 co-

2024 2913 2238 2968 lendmn
2286 2924 2344 2970 et
2368 2915 2787 2972 exosculandum
2817 2918 3189 2982 decreverunt,
3221 2926 3279 2971 ut
3302 2916 3606 2986 spiritualla

2024 3007 2246 3062 virtutis
2273 3022 2438 3077 opera
2473 3007 2587 3078 jam
2620 3020 2863 3077 peracta,
2915 3013 2982 3063 ab
3032 3007 3367 3064 adversariis
3417 3009 3606 3063 incon-

2027 3097 2264 3151 tiuentia:
2314 3113 2765 3155 conservaremus
2827 3110 2881 3155 et
2941 3099 3492 3158 custodirentustnta
3549 3111 3606 3155 et

2022 3187 2346 3244 inconcussa
2378 3207 2394 3244 :
2424 3191 2488 3244 ad
2535 3205 2598 3244 ea
2632 3206 2782 3254 vero,
2812 3209 2934 3262 qua:
2979 3204 3303 3263 perageutur
3325 3196 3600 3262 deinceps.

2023 3296 2124 3337 nos
2197 3281 2582 3358 adjuvaremnr
2635 3292 2690 3338 et
2736 3285 3125 3352 excitarentur,
3185 3286 3386 3355 illaque
3445 3286 3600 3340 ﬁrma

2021 3382 2075 3426 ct
2104 3372 2400 3427 immobilia
2443 3375 2925 3428 constitueremns.
2955 3373 3252 3441 Quorcirca
3303 3392 3400 3431 nos
3467 3379 3604 3446 quo‘

2022 3479 2152 3531 quc,
2191 3478 2354 3519 cruce
2395 3463 2608 3518 Domini
2653 3463 2920 3534 adjntrice
2952 3466 3226 3530 invocata,
3260 3468 3595 3536 propositum

2013 3554 2207 3625 jejunii
2244 3562 2525 3609 certamen
2557 3555 2844 3610 absolvere
2878 3566 3045 3627 atque
3085 3557 3345 3628 perlicere
3378 3561 3598 3613 studea-

2023 3664 2163 3715 mus,
2207 3647 2464 3703 omnibus
2515 3651 2701 3703 carnis
2731 3649 3077 3718 passionibus
3103 3659 3156 3705 et
3188 3652 3426 3708 motibus
3472 3669 3600 3708 cru.

2019 3739 2302 3810 ciﬁgendis
2353 3749 2410 3795 et
2464 3740 2878 3809 mortiﬁcandis,
2947 3743 3263 3815 hominique
3328 3762 3596 3818 praecepta

2019 3848 2085 3886 ac
2117 3834 2368 3886 mandata
2426 3833 2580 3902 sequi
2641 3835 2915 3890 enitamur
2944 3852 3132 3906 magna
3165 3853 3285 3893 cum
3317 3840 3598 3895 alacritate

2018 3935 2072 3978 et
2107 3925 2349 3979 fervente
2405 3926 2723 3980 voluntate:
2757 3931 3215 3996 quemadmodum
3263 3931 3426 3984 etiam
3484 3934 3595 3985 divi

2023 4014 2189 4069 Marci
2222 4015 2533 4083 evangelica
2567 4016 2877 4072 exhortatio
2922 4035 3018 4074 nos
3067 4021 3225 4074 hodie
3266 4035 3594 4088 coutmonrl,

2026 4118 2146 4174 quae
2186 4112 2258 4158 tta
2291 4104 2454 4160 habet
2493 4122 2506 4158 :

2090 4372 2240 4427 Dixit
2278 4373 2536 4429 Dominus
2570 4375 2849 4446 discipulis
2887 4380 2999 4434 suis
3029 4395 3048 4434 :
3085 4377 3280 4452 Siquis
3311 4386 3413 4437 vult
3452 4389 3596 4440 reui-

2025 4483 2079 4518 re
2106 4476 2225 4534 post
2256 4484 2360 4535 me,
2421 4471 2638 4539 abneget
2686 4471 3044 4538 semetipsum,
3085 4484 3136 4527 et
3181 4475 3332 4527 tollat
3386 4492 3594 4529 crurent

2024 4576 2198 4623 suunt,
2259 4570 2306 4612 et
2348 4571 2601 4630 sequatur
2635 4552 2735 4615 me.
2783 4561 2889 4628 Qui
2927 4567 3066 4618 enim
3108 4565 3332 4620 uoluerit
3359 4568 3594 4619 animum

2021 4668 2170 4703 suam
2206 4652 2406 4705 salvam
2435 4653 2626 4720 facere,
2669 4655 2843 4721 perdet
2875 4673 2988 4709 eam
3026 4674 3044 4711 :
3069 4658 3160 4725 qui
3205 4668 3380 4710 autem
3412 4661 3592 4726 peuli-

2023 4741 2156 4794 derit
2203 4742 2433 4794 animam
2479 4758 2630 4796 suam
2666 4757 2877 4811 propter
2922 4761 3000 4797 me
3035 4756 3083 4797 et
3124 4743 3489 4814 Evangelium,
3550 4752 3591 4798 ts

2021 4835 2220 4888 salram
2256 4835 2414 4904 faciet
2442 4851 2581 4890 eam.
2620 4837 2761 4900 Quid
2817 4839 2958 4891 enim
3009 4837 3241 4904 proderit
3291 4837 3508 4903 homini,
3546 4841 3593 4892 si

2017 4929 2312 4980 universum
2344 4928 2594 4980 mundum
2626 4929 2880 4992 lucretur,
2898 4937 2946 4982 et
2973 4929 3165 4979 (mima:
3187 4927 3590 4996 sutejactttram

2016 5017 2260 5082 faciat'?
2327 5019 2589 5086 Princeps
2655 5021 3024 5086 apostolorum
3082 5016 3275 5072 Petrus
3377 5018 3618 5075 audivit.

2014 5111 2302 5180 Dominum
2340 5111 2635 5172 dicentem,
2665 5119 2918 5177 oportere
2961 5107 3155 5160 Filium
3187 5110 3424 5165 hominis
3452 5114 3592 5164 mul-

2016 5207 2065 5248 ta
2120 5197 2228 5264 pati
2283 5209 2314 5249 a
2365 5197 2672 5252 senioribus
2742 5207 2796 5250 et
2843 5195 3182 5265 principibus
3239 5205 3587 5255 sacerdotum

2009 5295 2062 5338 et
2112 5287 2324 5353 scribis,
2367 5295 2418 5340 et
2461 5288 2653 5350 occidi,
2695 5295 2748 5341 et
2797 5287 2948 5339 tertia
2983 5285 3068 5341 die
3095 5303 3413 5358 resurgere;
3455 5299 3508 5341 et
3536 5285 3605 5341 ut‘

2013 5375 2217 5443 ubique
2249 5375 2545 5430 ferventior
2575 5377 2787 5429 caeteris
2830 5375 3138 5446 discipulis,
3170 5380 3244 5432 ita
3273 5387 3328 5429 et
3355 5376 3445 5428 hic
3470 5373 3605 5457 talis

2013 5476 2255 5534 apparet.
2305 5467 2447 5519 Dixit
2510 5469 2672 5534 igitur
2720 5467 2971 5521 Christo:
3008 5468 3279 5539 Propitius
3321 5470 3435 5516 esto
3470 5460 3588 5526 tibi,

2017 5555 2258 5622 Domine,
2301 5573 2404 5612 non
2433 5560 2530 5613 erit
2573 5559 2665 5611 tibi
2718 5559 2832 5611 hoc.
2872 5562 2942 5612 At
2992 5559 3250 5616 Christus
3301 5551 3438 5608 dixit
3489 5555 3589 5609 ei:

3184 5809 3220 5869 9
