4156 6304
582 306 689 373 267

1506 306 1832 371 JOANNIS
1858 305 2172 369 CALECIE
2207 304 2317 366 (ΞΡ.
2346 304 2851 367 ΡΑΤΒΙΑΒΟΠᾹΞ

3721 305 3842 368 εδδ

582 417 729 478 Vade
749 432 864 491 post
900 440 1002 488 me,
1033 422 1239 477 Salaria
1263 437 1282 477 :
1306 420 1617 475 scandalum
1645 420 1773 474 mihi
1803 436 1879 483 es,
1902 419 2026 489 quia
2048 432 2147 470 non

2257 414 2488 467 ἐνταῦθα
2513 413 2756 477 τοιοῦτος
2782 414 3054 483 φαίνεται.
3111 411 3223 467 Καὶ
3271 412 3423 481 ἔλεγε
3456 413 3535 484 τῷ
3569 415 3800 488 Χριστῷ
3821 435 3841 451 ο

573 512 715 578 capis
777 529 837 566 ea
872 527 990 583 qua!
1028 511 1128 565 Dei
1181 520 1330 573 sunt,
1374 508 1463 562 sed
1520 526 1582 563 ea
1631 523 1747 580 qua:
1804 507 2070 560 hominum
2099 505 2139 561 ⁸.

2250 506 2464 573 Ἵλεώς
2506 523 2628 574 σοι,
2658 508 2855 576 Κύριε,
2881 508 2953 561 οὐ
2983 505 3071 575 μὴ
3114 505 3287 560 ἔσται
3317 522 3420 562 σοι
3446 507 3646 564 τοῦτο.
3689 509 3753 563 '0
3777 511 3846 565 δὲ

575 608 868 675 Propterea
901 603 1131 659 accersit
1194 603 1410 657 Petrum
1463 602 1754 664 Christus,
1807 611 1857 653 et
1891 597 2143 652 omnibus

2257 601 2484 669 Χριστὸς
2510 597 2663 653 εἶπεν
2698 601 2848 669 αὐτῷ
2868 615 2882 630 ⁸
2909 601 3132 671 Ὕπαγε
3153 600 3351 655 ὀπίσω
3368 618 3514 671 μου.
3563 603 3842 671 Σατανᾶ,

573 698 920 754 audientibus
953 699 1016 751 ad
1053 697 1225 766 ipsum
1272 696 1573 749 orationem
1642 694 1837 764 majori
1891 708 1954 744 ex
1988 701 2142 758 parte

2257 691 2605 746 σκάνδαλόν
2627 709 2748 761 μου
2797 689 2872 752 εἶ.
2900 693 2991 747 ἔτι
3021 695 3095 749 οὐ
3118 693 3361 763 φρονεῖς
3390 694 3464 748 τὰ
3495 694 3604 749 τοῦ
3646 696 3802 751 Θεοῦ
3823 736 3841 760 ,

575 790 847 845 coiivertit
881 807 895 843 :
927 788 1006 843 Tu
1038 788 1282 855 quidem,
1318 804 1349 840 υ
1381 785 1566 849 Pctre,
1628 785 1882 851 inerepas
1913 792 1964 836 ct
1999 797 2142 851 pro-

579 881 756 944 hibes,
802 890 855 935 et
888 880 1101 933 incusas
1136 893 1238 941 me,
1268 878 1409 945 quod
1447 890 1663 929 crucem
1697 878 1841 929 volo.
1873 885 1921 925 et
1953 882 2143 924 contu-

579 969 858 1023 meliosam
883 978 1108 1021 mortem
1141 965 1315 1035 deligo
1337 984 1350 1030 ;
1376 976 1429 1018 at
1454 978 1553 1034 ego
1572 965 1694 1017 dico
1729 962 1844 1027 tibi,
1868 976 2041 1029 neque
2070 971 2143 1025 te,

578 1077 751 1130 neque
781 1074 1105 1132 quemquam
1155 1058 1317 1111 alium
1361 1059 1631 1111 salvatum
1674 1057 1760 1119 iri,
1796 1055 1896 1108 nisi
1943 1055 2150 1107 moria-

572 1163 665 1208 tur
698 1169 794 1223 pro
851 1159 1077 1209 honesto
1112 1160 1167 1206 et
1210 1151 1441 1204 veritate
1471 1159 1524 1201 ct
1546 1148 1781 1215 iustitia.
1839 1146 1980 1199 Mors
2004 1146 2148 1199 enim

573 1256 670 1311 pro
705 1240 906 1308 justitia
935 1240 1081 1294 obita
1112 1234 1292 1294 socios
1324 1244 1493 1290 noset
1527 1233 1764 1289 heredes
1800 1233 1947 1304 regni
1987 1234 2153 1287 caelo-

575 1354 691 1389 runt
728 1334 919 1389 allicit.

2248 785 2411 839 ἀλλὰ
2432 784 2502 838 τὰ
2535 783 2650 838 τῶν
2696 785 3049 853 ἀνθρώπων.
3095 788 3195 840 Διά
3225 786 3399 841 ταῦτα
3437 789 3844 858 προσκαλεῖται

2251 879 2347 931 τὸν
2379 878 2585 949 Πέτρον
2610 882 2638 932 6
2662 879 2922 949 Χριστὸς,
2960 880 3057 933 καὶ
3090 882 3147 933 ἐν
3196 880 3419 951 ἐπηκόῳ
3449 881 3667 936 πάντων
3697 881 3846 951 πρὸς

2256 969 2418 1023 αὑτὸν
2465 970 2525 1023 τὸ
2574 971 2735 1024 πλέον
2782 971 3207 1042 ἀποτεινόμενος
3256 973 3429 1042 λέγει’
3496 973 3568 1026 Σὺ
3620 974 3743 1042 μὲν,
3788 967 3845 1027 ὦ

2260 1061 2458 1130 Πέτρε,
2500 1063 2760 1135 ἐπιτιμᾷς
2789 1064 2885 1115 καί⁵
2920 1062 3151 1126 κωλύεις
3207 1063 3305 1117 καὶ
3358 1073 3556 1137 μέμφῃ
3586 1082 3702 1134 μοι,
3749 1066 3842 1118 ὅτι

2261 1151 2496 1222 σταυρὸν
2530 1153 2688 1216 θέλω,
2736 1154 2830 1207 καὶ
2858 1155 3122 1225 αἱροῦμαι
3149 1153 3241 1207 τὸν
3271 1155 3637 1209 ἐπονείδιστον
3670 1156 3834 1210 θάνα-

2258 1260 2351 1295 τον
2372 1260 2387 1274 ·
2434 1243 2545 1312 ἐγὼ
2575 1244 2633 1298 δέ
2671 1246 2816 1315 λέγω
2863 1263 2946 1299 σοι
2977 1247 3061 1299 ὅτι
3086 1247 3210 1300 οὐδὲ
3244 1247 3331 1313 σὺ,
3391 1247 3512 1301 οὐδὲ
3564 1247 3723 1309 ἀλλος
3746 1265 3839 1312 τις

2259 1331 2589 1405 σωθήσεται,
2618 1335 2714 1389 ἐὰν
2738 1336 2815 1408 μὴ
2845 1336 3093 1406 ἀποθάνῃ
3120 1337 3259 1407 ὑπὲρ
3287 1336 3379 1390 τοῦ
3410 1334 3579 1391 καλοῦ
3609 1338 3701 1391 καὶ
3734 1339 3835 1407 τῆς

567 1428 825 1497 ἀληθείας
859 1429 955 1481 καί
986 1427 1085 1494 τῆς
1118 1422 1490 1494 δικαιοσύνης.
1531 1421 1592 1476 '0
1646 1422 1758 1493 γὰρ
1794 1420 1935 1492 ὺπέρ
1985 1421 2333 1490 δικαιοσύνης
2405 1426 2639 1482 θάνατος
2705 1429 2996 1491 κοινωνοὺς
3048 1430 3199 1500 ἡμᾶς
3282 1429 3380 1483 καὶ
3466 1432 3835 1501 κληρονόμους

566 1522 667 1591 τῆς
702 1520 982 1591 βασιλείας
1013 1519 1125 1572 τῶν
1149 1517 1395 1588 οὐρανῶν
1431 1516 1838 1570 ἀποδείκνυσιν.

660 1613 773 1667 Νοιι
823 1623 1004 1667 autem
1063 1609 1490 1664 dixit'Christus
1569 1608 1751 1662 :Sive
1800 1607 2141 1671 vclitis,sive

570 1698 754 1758 nolitis
787 1705 888 1758 hoc
921 1700 1101 1757 facere
1154 1710 1210 1755 et
1259 1701 1408 1770 pati,
1462 1701 1585 1754 dico
1640 1700 1835 1765 vobis,
1888 1712 1943 1754 et
1991 1714 2147 1769 cogo,

2320 1612 2435 1665 Οὐκ
2466 1608 2587 1665 εἷπε
2617 1612 2674 1666 δέ
2700 1614 2727 1665 6
2747 1613 2981 1683 Χριστὸς
3012 1613 3117 1678 ὅτι,
3144 1613 3260 1668 Κᾶν
3302 1611 3593 1683 βούλησθε,
3633 1612 3736 1667 κᾶν
3754 1613 3832 1684 μὴ

2259 1704 2524 1777 βούλησθε
2555 1710 2778 1772 ποιῆσαι
2808 1706 2969 1760 τοῦτο
2997 1706 3092 1759 καὶ
3119 1706 3337 1771 παθεῖν,
3366 1705 3515 1772 λέγω
3547 1708 3701 1775 ὑμῖν,
3733 1707 3830 1757 καὶ

575 1810 632 1852 ιιι
668 1812 753 1851 me
770 1793 1073 1865 sequamini
1103 1814 1114 1849 :
1146 1793 1264 1856 sed,
1296 1790 1354 1846 Si
1382 1792 1498 1860 quis
1526 1791 1655 1854 vult,
1692 1799 1746 1845 et
1771 1801 1962 1862 sponte
1988 1793 2151 1857 venit,

2262 1797 2558 1867 ἀναγκάζω
2603 1796 2967 1868 ἀκολουθῆσαί
3004 1814 3118 1868 μοι,
3140 1796 3278 1860 ἀλλ’,
3311 1796 3386 1850 ΕΖ
3418 1812 3509 1863 τις
3548 1795 3709 1851 θέλει
3739 1796 3830 1846 καὶ

577 1890 666 1943 ille
698 1889 862 1944 etiam
909 1899 1187 1956 sequatur.
1240 1883 1359 1939 Non
1406 1884 1550 1938 enim
1607 1883 1948 1952 tyrannidem
1999 1898 2156 1938 exer-

573 1992 690 2043 ceo,
749 1994 925 2050 neque
975 1980 1081 2031 vim
1123 1976 1327 2042 all‘ero,
1386 1977 1478 2029 sed
1548 1974 1844 2044 quemlibet
1894 1975 1974 2029 sui
2018 1975 2160 2045 juris

568 2090 690 2126 esse
720 2073 863 2126 sino.
896 2071 973 2125 Ad
1007 2071 1146 2125 bona
1181 2071 1326 2124 enim
1360 2082 1498 2123 voco
1529 2067 1776 2122 humines
1823 2076 1881 2121 ut
1911 2067 2157 2132 veniant,

568 2169 633 2220 ad
657 2181 878 2232 regnum
904 2164 1162 2218 caalorum
1182 2173 1468 2227 aeternum,
1491 2160 1557 2215 ad
1580 2159 1803 2214 delicias
1823 2170 2113 2230 perpetuas
2140 2202 2155 2227 ,

569 2260 884 2330 adquictem
912 2257 1299 2312 continentem.
1339 2255 1395 2309 Si
1427 2254 1551 2323 quis
1584 2270 1713 2324 ergo
1736 2254 1871 2321 vult,
1907 2253 2021 2308 sive
2073 2253 2159 2306 vir

568 2355 681 2406 sive
699 2353 915 2412 leniiina,
940 2352 1052 2405 sive
1072 2363 1273 2418 pauper
1300 2348 1415 2403 sive
1450 2349 1621 2410 dives,
1643 2347 1759 2401 sive
1804 2346 2155 2416 magistratus

568 2449 683 2500 sive
720 2444 990 2507 subditus,
1028 2444 1165 2496 hanc
1189 2443 1527 2512 ingrediatur
1555 2439 1869 2509 prmclaram
1905 2439 2070 2503 viam,
2103 2446 2160 2491 et

567 2522 822 2605 sequatur
850 2552 954 2588 tne.
980 2528 1189 2604 Siquis
1221 2542 1397 2585 autem
1422 2546 1527 2585 non
1567 2531 1700 2591 vult,
1722 2544 1787 2583 ne
1810 2529 2003 2597 dignus
2042 2530 2158 2596 qui-

568 2630 687 2681 dem
707 2626 905 2694 cst,qui
930 2640 1013 2678 me
1030 2633 1305 2693 sequatur.
1323 2622 1575 2675 Liberum
1596 2606 1883 2675 consilium
1904 2618 2159 2689 relinquit

570 2704 639 2773 iis
683 2718 773 2786 qui
825 2718 1016 2771 volunt
1068 2732 1190 2769 cum
1249 2714 1426 2781 sequi.
1454 2711 1586 2766 Nam
1619 2713 1710 2782 qui
1758 2712 1922 2780 οομὶι,
1959 2714 2157 2765 avertit

568 2802 713 2882 εει-ρο
733 2826 827 2865 eos
874 2825 1011 2878 quos
1044 2809 1224 2878 cogit;
1281 2807 1374 2877 qui
1411 2822 1538 2861 vero
1584 2807 1864 2861 audtores
1897 2820 1995 2859 suo
2023 2820 2157 2858 cun-

570 2906 692 2960 silio
753 2901 1041 2972 permittit,
1102 2902 1274 2971 magis
1304 2900 1400 2954 eos
1484 2899 1727 2953 attrahit.
1780 2896 2033 2961 Idcirco,
2096 2895 2153 2949 Si

572 2997 695 3067 quis
756 2995 890 3061 vult,
925 2992 1152 3062 inquit:
1209 3007 1401 3061 magna
1432 2991 1577 3044 ettint
1633 2998 1764 3042 sunt
1821 2990 1985 3053 bona,
2034 3002 2154 3055 qua:

577 3090 733 3144 nobis
771 3087 927 3141 olirt
961 3083 1238 3148 Dominus,
1268 3070 1334 3137 ac
1385 3083 1538 3147 talia,
1600 3090 1655 3134 ut
1689 3079 1930 3135 volentes
1962 3095 2154 3133 accur-

2264 1891 2401 1960 μετά
2431 1890 2805 1959 προαιρέσεως
2830 1889 3074 1962 ἔρχεται,
3101 1890 3311 1952 ἐκεῖνος
3330 1890 3419 1943 καὶ
3444 1888 3830 1942 ἀκολουθείτω.

2260 1976 2336 2031 Οὐ
2365 1977 2474 2047 γὰρ
2510 1979 2777 2047 τυραννῶ,
2798 1980 2986 2049 φησὶν,
3006 1978 3127 2032 οὐδὲ
3152 1978 3433 2049 βιάζομαι.
3460 1978 3577 2032 ἀλλ’
3598 1979 3832 2033 ἕκαστον

2259 2069 2454 2141 κύριον
2484 2069 2690 2139 ἀφίημι
2722 2071 2823 2140 τῆς
2860 2071 3029 2125 αὑτοῦ
3054 2071 3454 2143 προαιρέσεως.
3496 2072 3622 2126 Ἐπὶ
3650 2072 3836 2140 ἀγαθά

2258 2161 2369 2232 γὰρ
2415 2161 2567 2214 καλῶ
2612 2163 2742 2226 τοὺς
2789 2161 3116 2234 ἀνθρώπους
3172 2162 3374 2229 ἐλθεῖν,
3412 2164 3507 2217 ἐπὶ
3550 2162 3835 2233 βασιλείαν

2258 2253 2505 2324 οὐρανῶν
2553 2252 2936 2323 ἀτελεύτητον,
2971 2255 3065 2308 ἐπὶ
3087 2256 3299 2326 τρυφὴν
3329 2255 3696 2319 ἀκατάλυτον,
3738 2256 3836 2307 ἐπὶ

2259 2344 2570 2397 ἀνάπαυσιν
2597 2344 2843 2413 διηνεκῆ.
2874 2345 2942 2398 Εἴ
2965 2362 3050 2409 τις
3080 2345 3172 2400 οὖν
3204 2347 3371 2410 θέλει,
3405 2347 3516 2399 εἴτε
3543 2345 3681 2415 ἀνὴρ
3720 2346 3831 2399 εἴτε

2262 2437 2421 2506 γυνὴ.
2454 2434 2568 2488 εῐτε
2619 2434 2789 2503 πένης
2840 2438 2951 2489 εῑτε
3003 2437 3281 2501 πλούσιος,
3316 2439 3430 2490 είτε
3470 2435 3655 2508 ἄρχων
3717 2437 3830 2488 εἴτε

2258 2527 2584 2598 ἀρχόμενος,
2645 2528 2849 2596 ταύτην
2898 2528 3141 2599 ἐρχέσθω
3198 2528 3297 2599 τὴν
3347 2527 3518 2598 καλὴν
3567 2530 3687 2581 ὁδον
3735 2527 3833 2579 καὶ

2258 2618 2625 2671 ἀκολουθείτω
2652 2636 2764 2689 μοι.
2786 2619 2856 2673 Εἴ
2878 2637 2961 2683 τις
2985 2620 3044 2672 δὲ
3064 2621 3125 2672 οὐ
3151 2618 3322 2683 θέλει,
3352 2619 3476 2672 οὐδὲ
3504 2617 3652 2682 ἄξιός
3676 2619 3831 2669 ἐστιν

2257 2709 2629 2779 ἀκολουθῆσαί
2669 2728 2782 2779 μοι.
2804 2711 3315 2779 Ἀκατανάγκαστον
3339 2714 3486 2763 ποιεῖ
3509 2711 3599 2763 τὸν
3619 2709 3680 2761 λό
3692 2726 3776 2775 γον
3801 2710 3831 2760 6

2259 2804 2461 2873 Κύριος
2504 2807 2616 2866 τοῖς
2664 2803 3013 2874 βουλομένοις
3049 2804 3363 2858 ἀκολουθεῖν
3395 2803 3564 2873 αὐτῷ.
3609 2804 3761 2855 Ἐπεὶ
3797 2802 3827 2854 ὁ

2259 2895 2360 2964 μὲν
2391 2893 2713 2965 βιαζόμενος
2756 2896 3061 2966 ἀποτρέπει
3101 2895 3384 2962 πολλάκις,
3414 2894 3507 2957 οὒς
3538 2895 3603 2949 ἂν
3640 2893 3830 2964 βιάζηο-

2255 3004 2384 3040 ιιεαι⁸
2446 2989 2474 3040 ὁ
2520 2986 2575 3039 δέ
2632 2988 2795 3057 ἀφεὶς
2845 2991 2973 3051 τοὺς
3023 2990 3324 3052 ἀκούοντας
3355 2990 3437 3051 είς
3484 2987 3584 3059 τὴν
3623 2987 3829 3041 τούτων

2258 3081 2601 3152 προαίρεσιν,
2661 3083 2863 3152 μᾶλλον
2911 3082 3202 3151 ἐερὲλκεται
3233 3082 3480 3146 τούτους.
3515 3079 3617 3134 Διά
3647 3078 3829 3140 τοῦτο.

578 3198 699 3237 rere
729 3196 824 3234 uos
855 3181 1065 3243 doceat,
1102 3191 1276 3247 neque
1323 3192 1525 3230 moram
1574 3175 1936 3242 interponere.
1965 3172 2151 3241 Neque

2257 3176 2322 3228 Et
2371 3192 2456 3239 τις
2507 3174 2674 3241 θέλει,
2713 3176 2866 3246 φησί.
2908 3177 3138 3245 Μεγάλα
3186 3177 3296 3247 γάρ
3349 3179 3489 3228 εἰσιν
3536 3175 3744 3242 ἀγαθὰ,
3794 3171 3832 3228 ἃ

573 3273 719 3328 cnim
756 3273 799 3328 si
833 3272 955 3339 quis
1002 3286 1192 3323 aurum
1225 3270 1399 3329 daret,
1452 3276 1506 3322 et
1547 3268 1865 3320 thesaurum
1921 3263 2148 3330 Opuleu-

576 3375 687 3418 tum
742 3372 1090 3433 proponeret,
1143 3374 1237 3430 per
1278 3359 1386 3412 vim
1434 3368 1764 3412 accerseret.
1811 3354 2013 3422 Quodsi
2081 3353 2146 3406 ad

571 3456 662 3510 illa
714 3452 1024 3509 transitoria
1096 3459 1151 3505 et
1223 3448 1602 3519 corruptibilia
1683 3463 1789 3502 non
1863 3461 1961 3515 per
2035 3444 2143 3499 vim

571 3546 799 3601 vocandi
857 3559 1072 3610 sumus,
1126 3542 1221 3597 sed
1281 3542 1632 3611 indignamur
1683 3539 1910 3608 insuper
1961 3535 2007 3590 si
2044 3550 2150 3589 non

570 3654 832 3694 vocemur
865 3651 880 3688 :
916 3637 1089 3689 multo
1141 3637 1313 3703 magis
1346 3633 1411 3687 ad
1464 3629 1709 3686 caelestia
1762 3631 1903 3685 bona
1937 3629 2157 3682 immor-

574 3728 701 3785 talia
748 3739 801 3782 et
856 3736 1061 3780 aeterna
1117 3723 1449 3778 contendere
1522 3723 1802 3786 debemus,
1861 3732 1914 3773 et
1961 3731 2154 3790 sponte

577 3824 787 3877 venire.
816 3819 928 3873 Nisi
962 3818 1108 3873 enim
1146 3818 1306 3871 nobis
1333 3816 1447 3886 ipsa
1484 3817 1561 3870 rei
1603 3826 1796 3869 natura
1826 3814 2149 3883 persuadeat

574 3927 635 3971 ut
669 3927 1027 3968 accurramus
1076 3911 1141 3964 ad
1185 3925 1307 3965 vera
1341 3918 1393 3963 et
1423 3908 1681 3964 salutaria
1716 3906 1879 3970 bona,
1913 3924 1978 3961 ne
2008 3908 2149 3962 acci-

574 4022 703 4077 pere
757 4007 976 4079 quidem
1027 4003 1170 4074 digni
1223 4017 1450 4067 sumus;
1500 3997 1583 4056 sin
1641 4000 1970 4069 accipiamus
2023 4014 2144 4053 cum

575 4100 905 4154 necessitate
934 4107 989 4152 et
1021 4096 1095 4165 vi,
1135 4111 1240 4150 non
1274 4104 1591 4150 constanter
1619 4110 1681 4147 ea
1736 4090 2139 4147 custodiemus.

2252 3267 2491 3339 παρέχει
2544 3269 2677 3337 ἡμῖν
2725 3272 2752 3322 6
2808 3269 3111 3340 Δεσπότης,
3173 3269 3269 3323 καὶ
3291 3267 3518 3322 τοιαῦτα
3561 3266 3703 3321 ὥστε
3736 3268 3834 3320 καὶ

2251 3362 2559 3432 ἐπιτρέχειν
2607 3363 2834 3425 ἑκόντας
2890 3364 3061 3433 ἡμᾶς,
3123 3362 3218 3416 καὶ
3266 3362 3342 3432 μὴ
3405 3360 3825 3417 ἀναϐάλλεσθαι.

2253 3453 2387 3505 Οὐδὲ
2414 3454 2544 3524 γὰρ,
2574 3452 2628 3504 εἴ
2651 3471 2733 3517 τις
2764 3457 2984 3525 χρυσίον
3011 3453 3204 3517 ἐδίδου,
3232 3456 3326 3508 καὶ
3349 3452 3628 3523 θησαυρὸν
3658 3466 3830 3522 προι-

2251 3544 2390 3598 τίθει
2421 3545 2738 3610 πολύολϐον,
2780 3546 2921 3615 μετά
2951 3547 3070 3617 βίας
3100 3547 3362 3601 ἐκάλεσεν
3385 3547 3471 3602 ἄν.
3503 3546 3570 3599 Εί
3602 3544 3660 3598 δὲ
3691 3545 3849 3610 πρδςς

2253 3638 2440 3690 ἐκεῖνα
2475 3639 2543 3690 τὰ
2586 3640 2975 3709 παρερχόμενα.
3021 3642 3117 3692 καὶ
3168 3639 3524 3710 φθειρόμενα,
3579 3638 3639 3691 οὐ
3689 3636 3830 3708 μετά

2255 3729 2399 3799 βίας,
2432 3730 2566 3782 ἀλλά
2598 3732 2690 3783 καὶ
2712 3731 3135 3802 δυσχεραίνομεν
3165 3730 3240 3802 μὴ
3271 3731 3624 3800 καλούμενοι,
3648 3728 3829 3797 πολλῷ

2258 3820 2458 3889 μᾶλλον
2493 3819 2587 3874 ἐπὶ
2628 3823 2696 3874 τὰ
2731 3823 2786 3875 ἐν
2832 3824 3081 3892 οὐρανοῖς
3112 3823 3298 3893 ἀγαθά
3328 3823 3399 3877 τὰ
3427 3824 3685 3894 ἀκήρατα
3735 3824 3831 3876 καὶ

2254 3914 2451 3967 αἰώνια
2485 3913 2810 3978 σπουδάζειν
2834 3916 3142 3986 ὀφείλομεν,
3173 3920 3272 3970 καὶ
3293 3918 3432 3987 μετά
3453 3918 3829 3988 προαιρέσεως

2257 4002 2532 4074 ἔρχεσθαι.
2573 4005 2633 4057 Ei
2669 4005 2744 4077 μὴ
2774 4006 2883 4078 γὰρ
2914 4006 3050 4077 αὑτὴ
3085 4007 3118 4077 ἡ
3167 4003 3261 4059 τοῦ
3315 4006 3638 4076 πράγματος
3667 4002 3828 4071 φύσις

2257 4095 2439 4149 πείθει
2488 4098 2639 4167 ἡμᾶς
2672 4100 3046 4170 προσδραμεῖν
3078 4101 3160 4163 εἰς
3208 4099 3278 4153 τά
3310 4098 3483 4161 δντως
3515 4096 3700 4165 ἀγαθά
3734 4095 3827 4146 καὶ

575 4192 842 4262 σωτήρια,
871 4190 993 4244 οὐδέ
1037 4189 1224 4243 λαϐεῖν
1261 4190 1429 4260 ἐσμεν
1469 4187 1646 4252 ἄξιοι·
1697 4184 1763 4240 ἂν
1803 4186 1861 4238 δέ
1890 4185 2149 4255 λάϐωμεν
2190 4186 2308 4257 μετ’
2339 4189 2585 4261 ἀνάγκης
2615 4192 2712 4245 καὶ
2747 4191 2893 4262 βίας,
2934 4193 2996 4246 οὐ
3050 4192 3286 4264 βεϐαίως
3350 4190 3526 4245 ταῦτα
3591 4186 3827 4260 φυλάξο-

576 4304 697 4356 μεν.

657 4380 768 4431 liae
817 4379 883 4429 de
926 4390 1089 4429 eausa
1141 4391 1244 4426 non
1278 4378 1422 4443 cogit
1470 4373 1744 4437 Christus,
1785 4372 1878 4426 sed
1937 4376 1981 4426 si
2032 4374 2151 4440 quis

2330 4374 2428 4427 Διά
2462 4373 2619 4426 τοῦτο
2650 4373 2749 4425 οὐκ
2781 4372 3082 4440 ἀναγκάζει
3140 4374 3169 4426 6
3221 4369 3481 4442 Χριστὸς,
3505 4369 3622 4423 ἀλλ’
3652 4370 3706 4423 et
3744 4384 3829 4431 τις

579 4471 698 4526 Vult
725 4470 900 4535 sequi,
927 4481 1051 4519 cum
1100 4476 1278 4530 vocat,
1327 4482 1560 4533 cumque
1595 4466 1849 4518 admittit.
1888 4462 1951 4519 Si
1982 4466 2159 4519 volue-

584 4564 726 4628 ritis,
773 4558 968 4629 inquit,
1017 4566 1067 4611 et
1112 4556 1389 4610 audieritis
1439 4573 1538 4611 me.
1573 4556 1728 4610 l’rius
1778 4567 1862 4619 est
1909 4556 2053 4624 velle,
2103 4568 2157 4612 et

586 4669 699 4711 tum
738 4656 953 4709 dentutn
983 4650 1193 4705 audire.
1228 4648 1324 4702 Sin
1359 4648 1730 4713 uoluerimus,
1766 4665 1938 4720 neque
1969 4654 2157 4706 amiire

587 4749 907 4818 poterimus.
944 4743 1151 4800 Omnes
1184 4741 1325 4793 enim
1378 4742 1590 4797 \irlutis
1623 4752 1675 4797 et
1708 4744 1821 4814 vitii
1853 4745 2155 4801 functiones

584 4843 637 4894 in
683 4839 962 4894 voluntate
1016 4848 1201 4891 nostra
1262 4836 1379 4889 sitae
1434 4846 1582 4890 sunt.
1642 4834 1806 4907 Sequi
1859 4838 2025 4907 igitur
2072 4848 2156 4893 est

582 4934 806 4985 credere
847 4931 898 4982 in
939 4930 1087 4983 illum
1157 4929 1332 4996 ipsum
1385 4937 1666 4981 vocantem
1715 4944 1834 4994 nos,
1870 4929 2151 4984 Dominum

584 5021 766 5076 Jesum
829 5021 1134 5075 Chrisutm.
1195 5018 1328 5073 Illud
1382 5033 1575 5087 porro,
1622 5030 1739 5088 post
1794 5036 1892 5083 me,
1953 5021 2157 5075 iudicat

588 5116 968 5191 mandatorum
1018 5113 1134 5179 eius
1167 5112 1572 5167 exsecutionem
1610 5120 1665 5165 et
1692 5111 2151 5166 observationem.

585 5206 701 5262 Hoc
745 5206 888 5258 enim
944 5214 1025 5259 est
1072 5204 1349 5261 Christum
1406 5220 1592 5260 revera
1644 5206 1817 5274 sequi,
1854 5219 1958 5259 non
1994 5203 2155 5258 modo

584 5297 810 5352 credere
842 5296 894 5348 in
924 5310 1070 5361 eum,
1105 5297 1198 5349 sed
1227 5297 1393 5350 etiam
1426 5311 1523 5365 pro
1559 5297 1676 5364 ipso
1698 5296 1829 5364 pati,
1866 5304 1919 5349 et
1947 5296 2154 5349 cat-teris

584 5387 882 5467 virtutibus
908 5401 1127 5456 operam
1155 5402 1374 5442 navare.
1404 5387 1566 5441 Suam
1607 5388 1802 5444 deinde
1828 5389 1994 5443 vitam
2026 5387 2146 5442 Sal-

584 5489 745 5536 vator
772 5488 957 5549 noster
1009 5475 1205 5531 statuit
1250 5479 1530 5547 exemplar
1562 5492 1617 5534 et
1651 5477 1880 5533 formam
1930 5480 2150 5548 optimae

583 5554 729 5654 vitm,
764 5571 833 5626 iis
875 5568 968 5639 qui
1011 5566 1199 5624 volunt
1239 5568 1288 5624 ei
1321 5569 1722 5639 obtemperare.
1764 5570 1891 5627 Eam
1927 5573 1996 5625 ob
2034 5587 2146 5647 rem

650 5754 673 5786 δ
705 5751 903 5810 Matth.
935 5769 1050 5819 ιιι,
1090 5754 1182 5822 εε,
1225 5753 1318 5808 2'5.

2262 4467 2514 4536 βούλεται
2544 4466 2878 4529 ἀκολουθεῖν,
2909 4465 3095 4518 τοῦτον
3127 4465 3302 4528 καλεῖ,
3332 4469 3421 4518 καὶ
3447 4463 3637 4516 τοῦτον
3659 4477 3825 4532 προσ-

2257 4561 2491 4631 δέχεται.
2555 4559 2697 4614 Ἐὰν
2741 4558 2987 4625 θέλητε,
3039 4558 3192 4626 φησὶ,
3248 4558 3346 4611 καὶ
3399 4554 3704 4623 ἀκούσητέ
3728 4569 3825 4623 με.

2260 4653 2531 4723 Πρότερόν
2570 4654 2689 4705 ἐστι
2728 4649 3008 4718 θελῆσαι,
3045 4650 3139 4704 καὶ
3188 4651 3309 4702 τότε
3351 4648 3731 4703 εἰσακοῦσαι.
3763 4644 3823 4697 Ei

2258 4744 2317 4799 δὲ
2345 4747 2406 4797 ού
2447 4743 2774 4813 θελήσομεν,
2804 4742 2925 4795 οὐδὲ
2957 4740 3274 4795 εἰσακοῦσαι
3314 4740 3613 4811 δυνάμεθα.
3642 4739 3826 4792 Πάντα

2259 4839 2367 4909 γὰρ
2405 4838 2473 4890 τὰ
2515 4838 2613 4906 τῆς
2641 4836 2842 4906 ἀρετῆς
2889 4830 2981 4887 κσῆ
3014 4837 3110 4903 τῆς
3152 4833 3352 4895 κακίας
3414 4833 3472 4884 ἐν
3516 4833 3579 4900 τῇ
3633 4845 3824 4900 προαι-

2261 4933 2408 5000 ρέσει
2447 4929 2604 5001 ἡμῶν
2632 4933 2829 4984 κεῖται.
2875 4928 2947 4980 Τὸ
3002 4926 3101 4996 μὲν
3138 4921 3232 4978 οὖν
3267 4924 3584 4979 ἀκολουθεῖν
3620 4926 3736 4976 ἐστι
3765 4921 3825 4974 τὸ

2257 5024 2537 5078 πιστεύειν
2599 5027 2677 5084 εἰς
2739 5023 2900 5077 αὑτὸν
2961 5021 3053 5071 τὸν
3102 5019 3375 5072 καλοῦντα
3423 5019 3571 5088 ἡμᾶς
3623 5017 3825 5084 Κύριον

2269 5114 2479 5185 Ἰησοῦν
2518 5116 2773 5185 Χριστόν.
2806 5113 2879 5165 T6
2903 5112 2975 5175 δὲ,
3002 5111 3195 5164 ὀπίσω
3228 5127 3370 5179 μου,
3413 5109 3564 5179 δηλοῖ
3591 5107 3688 5178 τὴν
3715 5106 3823 5159 τῶν

2256 5208 2490 5261 ἐντολῶν
2515 5207 2680 5259 αὑτοῦ
2704 5206 2966 5274 ἐργασίαν
2992 5203 3085 5257 καὶ
3112 5206 3363 5275 τήρησιν.
3393 5202 3562 5255 Τοῦτο
3580 5203 3688 5271 γάρ
3708 5203 3824 5255 ἐστι

2254 5301 2315 5353 τὸ
2379 5301 2550 5363 ὅντως
2610 5298 2924 5353 ἀκολουθεῖν
2978 5298 3055 5367 τῷ
3120 5298 3363 5367 Χριστῷ,
3418 5297 3479 5349 τὸ
3533 5296 3609 5367 μὴ
3661 5294 3823 5365 μόνον

2259 5391 2538 5444 πιστεύειν
2577 5392 2653 5453 είς
2681 5390 2863 5453 αὑτὸν,
2894 5388 3030 5444 ἀλλά
3069 5392 3165 5443 καὶ
3196 5390 3339 5459 ὑπὲρ
3370 5388 3538 5441 αὑτοῦ
3567 5386 3820 5455 πάσχειν,

2259 5483 2355 5535 καὶ
2386 5486 2484 5551 τῆς
2529 5480 2695 5548 ἄλλης
2735 5483 2938 5552 ἀρετῆς
2975 5480 3375 5550 ἐπιμελεῖσθαι.
3407 5477 3512 5533 Τὸν
3539 5480 3736 5533 οἰκεῖον
3766 5476 3824 5529 δὲ

2260 5571 2374 5641 βίον
2407 5574 2433 5623 ὀ
2473 5573 2667 5641 Σωτὴρ
2698 5575 2854 5643 ἡμῶν
2886 5574 3083 5643 ἔθηκεν
3123 5572 3492 5645 ὑπογραμμὸν
3519 5572 3613 5626 καὶ
3654 5570 3825 5622 τύπον
