4156 6304
438 274 546 344 269

1618 279 1908 341 ORATIO
1954 279 2032 341 1N
2067 281 2127 342 S.
2164 272 2488 339 CRUCEM.

3565 278 3670 347 2ῗο

436 397 721 458 πολιτείας
767 398 993 468 ἀρίστης
1051 397 1161 458 τοῖς
1209 388 1456 450 θέλουσιν
1501 396 1651 465 αὑτῷ
1683 394 1995 450 ’πείθεσθαι

2116 396 2278 450 etiam
2313 397 2446 449 dixit
2476 412 2489 448 :
2523 392 2581 448 Si
2611 392 2728 464 quis
2768 394 2895 447 milii
2927 395 3216 459 ministrat,
3249 412 3330 450 me
3355 396 3669 468 sequatur“.

431 492 535 545 Διὰ
565 490 725 543 τοῦτο
750 491 843 543 καὶ
878 490 1091 557 ἔλεγεν*
1130 489 1267 542 Ἐάν
1288 506 1378 554 τις
1406 487 1537 557 ἐμοὶ
1567 487 1842 556 διακονῇ,
1874 489 2003 556 ἐμοὶ

431 583 855 638 ἀκολουθείτω.
903 579 1286 650 ’Λκολούθησιν
1338 580 1483 645 λέγω
1533 578 1631 648 τὴν
1661 579 1869 648 ἀκριϐῆ
1900 578 2004 647 τῆς

435 672 498 724 ἐν
529 674 688 740 σαρκὶ
713 671 991 732 πολιτείας
1026 668 1193 722 αὐτοῦ
1241 669 1382 722 κατὰ
1430 668 1488 720 τὸ
1521 667 1801 736 ἐγχωροῦν
1835 668 2005 736 μίμη-

440 779 544 818 σιν.
588 762 1057 829 Ἀπαρνησάσθω
1083 760 1325 821 ἑαυτὸν,
1355 760 1450 811 καί
1475 759 1671 827 ἀράτω
1694 757 1801 812 τὸν
1824 775 2010 811 σταυ-

2112 488 2398 556 Sequelam
2434 499 2564 540 voco
2625 499 2784 554 quam
2833 484 2948 540 ﬂeri
2980 497 3159 554 potest
3205 491 3674 546 accuratissimam

2114 581 2232 633 vitae
2264 579 2381 645 ejus
2405 578 2782 632 imitationem.
2840 577 3067 646 Abneget
3097 580 3436 648 semetipsum
3458 591 3506 635 et
3528 583 3680 636 tollat

2117 685 2323 722 crucem
2356 683 2532 733 suam,
2573 678 2621 720 et
2658 678 2908 737 sequatur
2942 685 3041 722 me.
3068 668 3193 722 'l‘ria
3228 671 3383 732 dicit,
3408 671 3682 740 abnegare

2115 760 2375 826 seipsum,
2411 758 2602 811 tollere
2631 774 2844 811 crucem
2875 774 3050 822 suam,
3083 772 3137 813 et
3167 761 3344 827 sequi.

432 853 543 922 ρὸν
565 854 773 918 αὑτοῦ,
811 854 908 907 καὶ
947 854 1348 908 ἀκολουθείτω
1369 869 1494 921 μοι.
1528 851 1666 923 Τρία
1695 852 1804 904 είσὶ
1834 852 1903 904 τὰ
1969 849 2257 920 λεγόμενα,
2324 852 2383 903 τὸ
2440 852 2863 920 ἀπαρνήσασθαι
2920 853 3141 919 ἑαυτὸν,
3222 855 3283 906 τὸ
3365 850 3501 925 ἆραι
3588 856 3682 909 τὸν

437 945 664 1015 σταυρὸν
696 945 889 1009 αὑτοῦ,
926 945 1022 998 καὶ
1047 945 1106 997 τὸ
1147 943 1534 1013 ἀκολουθῆσαι.

503 1014 799 1090 Τοέαυτδν
850 1037 1280 1105 ἀπαρνήσασθαί
1345 1038 1461 1088 ἐστι
1511 1037 1573 1086 τὸ
1616 1035 1856 1104 ἀνηλεῶς
1898 1038 1995 1099 τοῖς

2191 1028 2441 1097 Seipsum
2475 1030 2745 1097 abnegare
2777 1038 2863 1084 est
2904 1031 3041 1084 citra
3099 1014 3503 1086 irriserat-lenem
3535 1034 3685 1102 peri-

436 1128 702 1190 κινδύνοις
746 1128 946 1183 ἑαυτὸν
984 1126 1258 1189 ἐκδοῦναι,
1306 1127 1400 1179 καὶ
1442 1125 1608 1196 μηδὲν
1656 1126 1801 1196 ἐχειν
1835 1127 1995 1179 κοινὸς

2119 1124 2259 1177 culis
2296 1136 2358 1176 se
2386 1121 2646 1188 obiicere.
2681 1121 2921 1189 nihilque
2951 1136 3133 1175 secum
3156 1123 3353 1176 habere
3375 1138 3686 1189 commune,

438 1222 573 1290 πρὸς
622 1220 840 1283 ἑαυτὸν,
891 1219 1007 1272 ἀλλ’
1038 1218 1226 1289 ῶσπερ
1256 1218 1416 1272 ἄλλον
1468 1218 1778 1287 πάσχοντος
1806 1256 1821 1280 ,
1872 1212 1995 1269 οῦτὸ

2125 1215 2220 1269 scd
2264 1213 2487 1281 perinde
2532 1212 2699 1275 allici,
2732 1227 2798 1267 ac
2831 1214 2874 1267 si
2906 1212 3045 1268 alius
3069 1213 3340 1281 quispiam
3384 1224 3686 1283 pateretur.

435 1310 1000 1382 διακεῖσθαι.Ὠσπερ
1048 1312 1154 1381 γὰρ
1193 1311 1245 1363 εἴ
1291 1328 1374 1374 τις
1415 1310 1716 1381 ἀρνήσεται
1773 1308 1995 1379 ἓτερον¹

2122 1303 2197 1358 Ut
2220 1304 2362 1355 enim
2419 1304 2461 1355 si
2515 1302 2641 1369 quis
2698 1312 2859 1368 neget
2895 1302 3154 1365 alterum,
3189 1303 3303 1357 sive
3332 1316 3455 1356 eum
3508 1302 3688 1374 ﬂagris

438 1406 544 1458 κᾶν
578 1403 984 1473 μαστιζόμενον
1037 1403 1121 1475 ῖδῃ
1181 1402 1392 1466 τοῦτον,
1426 1401 1530 1455 κᾶν
1576 1399 1995 1470 στρεϐλούμενον

2125 1395 2256 1449 Caedi
2289 1393 2493 1457 videat,
2528 1395 2641 1446 sive
2677 1394 2942 1461 torqueri,
2968 1394 3082 1447 sive
3112 1395 3177 1445 ad
3211 1405 3439 1448 mortem
3469 1397 3682 1461 abduci,

438 1496 544 1550 κᾶν
596 1497 732 1566 πρὸς
768 1497 995 1549 θάνατον
1046 1497 1414 1564 ἀπαγόμενον,
1469 1495 1531 1546 οὐ
1592 1494 1781 1563 βοηθεῖ
1830 1492 1995 1562 αὐτῷ,

2118 1502 2222 1541 non
2263 1484 2556 1538 auxiliatur
2589 1487 2661 1551 ei,
2700 1501 2805 1539 non
2835 1486 3153 1553 opitulatur,
3190 1503 3295 1539 nou
3336 1487 3688 1541 miseratione

436 1590 559 1643 οῦδὶ
589 1590 941 1659 παρίσταται,
979 1588 1100 1642 οὐδὲ
1137 1588 1336 1657 πάσχει
1372 1601 1425 1640 τι
1457 1587 1594 1657 πρὸς
1625 1587 1790 1640 αὐτόν
1817 1602 1829 1616 ·
1869 1585 1995 1638 οῦτοι

2116 1592 2241 1643 ergo
2297 1576 2447 1628 illum
2495 1586 2788 1630 movetur:
2822 1576 2895 1629 ita
2939 1576 3054 1629 vult
3110 1592 3207 1631 nos
3253 1592 3474 1645 quoque
3523 1577 3686 1639 Deus.

443 1678 585 1732 θέλει
636 1679 728 1733 καὶ
783 1680 928 1750 ἡμᾶς
980 1681 1010 1732 ό
1046 1679 1213 1745 Θεὸς,
1273 1678 1380 1733 κᾶν
1425 1679 1844 1749 μαστιζώμεθα,
1909 1677 1995 1731 xii

2117 1670 2233 1724 sive
2261 1666 2450 1737 ﬂagris
2465 1668 2759 1729 cadamur,
2795 1667 2907 1720 sive
2935 1682 3184 1732 uramur,
3225 1667 3339 1722 sive
3368 1669 3686 1732 metiamur,

440 1770 741 1834 καιὼμεθα,
774 1773 878 1823 κᾶν
915 1772 1373 1840 ἀποθνήσκωμεν,
1418 1772 1490 1841 μὴ
1530 1771 1832 1838 φείδεσθαι,
1870 1770 1995 1839 μηδέ

2117 1773 2222 1812 non
2265 1773 2490 1827 parcere
2524 1759 2702 1821 nobis,
2759 1771 2936 1825 neque
2982 1757 3253 1818 misereri,
3308 1759 3403 1812 sed
3465 1759 3687 1827 perinde

441 1861 609 1914 ἐλεείν
633 1861 861 1924 ἑαυτούς
881 1878 895 1891 ο
925 1861 1044 1914 ἀλλ’
1072 1860 1261 1931 ῶσπερ
1294 1863 1369 1931 μὴ
1408 1862 1555 1930 ἔχειν
1586 1879 1640 1915 τι
1681 1863 1863 1915 κοινὸν
1906 1861 1995 1931 τὴν

2113 1850 2340 1903 atiectos
2395 1864 2540 1913 esse,
2577 1864 2642 1901 ac
2691 1849 2737 1902 si
2788 1850 2963 1901 anima
2999 1849 3072 1901 nil
3105 1866 3229 1902 cum
3268 1864 3496 1916 corpore
3532 1865 3685 1904 com-

435 1952 611 2021 ψυχὴν
642 1952 779 2021 πρὸς
808 1954 869 2005 τὸ
904 1953 1091 2022 σῶμα,
1129 1953 1273 2007 οὕτω
1316 1954 1627 2007 διακεῖσθαι
1674 1957 1771 2006 καὶ
1803 1952 1995 2006 ἐκδιδό⁴

2114 1956 2276 1995 mune
2338 1940 2604 2005 haberet;
2656 1954 2932 2007 exponere
2977 1954 3037 1994 se
3070 1940 3327 2008 periculis
3370 1942 3689 2011 ueterisque

429 2058 518 2095 ναι
552 2042 717 2097 αὑτὸν
746 2045 859 2104 τοῖς
891 2041 1162 2104 κινδύνοις
1216 2043 1313 2094 καὶ
1340 2043 1458 2104 ταῖς
1502 2041 1690 2103 ἄλλαις
1712 2041 1995 2111 τιμωρίαις

2110 2035 2284 2103 ptenis
2326 2046 2422 2102 pro
2457 2031 2803 2086 confessione
2845 2032 3070 2095 Christi,
3100 2040 3153 2086 et
3196 2031 3422 2100 justitite
3450 2047 3514 2085 ac
3546 2035 3688 2086 veri-o

431 2132 576 2201 ὑπὲρ
625 2134 724 2199 τῆς
758 2132 1050 2200 ὁμολογίας
1078 2131 1173 2184 τοῦ
1218 2131 1478 2201 Χριστοῦ,
1523 2133 1619 2185 καὶ
1654 2132 1754 2200 τῆς
1802 2133 1995 2185 δικαιο-

2112 2128 2259 2180 tatis.
2291 2121 2516 2193 Negatio
2564 2124 2645 2176 sui
2670 2133 2756 2178 est
2780 2122 3016 2192 perfecta
3043 2124 3440 2193 praeteritorum
3462 2123 3684 2189 oblivio,

433 2221 627 2290 σύνης,
659 2221 753 2272 καὶ
792 2221 888 2283 τῆς
924 2219 1204 2290 ἀληθείας.
1243 2220 1510 2290 Ἀρνησίς
1548 2224 1697 2274 ἐστιν
1727 2222 1920 2275 ἑαυτοῦ
1974 2224 1995 2274 ’ί

2108 2230 2459 2286 propriarum
2496 2216 2836 2268 voluntatum
2863 2216 3113 2279 remotio,
3150 2215 3497 2271 mortilicatio
3520 2230 3688 2270 ment-

442 2313 716 2382 παντελὴς
741 2312 852 2364 τῶν
882 2312 1260 2381 παρελθόντων
1282 2312 1437 2382 λήθη,
1466 2314 1499 2380 ή
1528 2312 1874 2384 ἀναχώρησις
1902 2313 1995 2368 τῶι

2108 2310 2328 2363 brorum
2351 2318 2688 2369 nostrorum,
2713 2320 2837 2374 qum
2858 2315 2984 2359 sunt
3002 2320 3162 2373 super
3183 2316 3406 2373 terram,
3424 2307 3684 2375 cupidqu

436 2405 653 2457 οίκείων
708 2403 1056 2473 θελημάτων,
1109 2406 1144 2473 ή
1183 2406 1449 2473 νέκρωσις
1494 2404 1604 2457 τῶν
1640 2404 1819 2473 μελῶν
1849 2404 2009 2475 ἡμῶν

431 2496 536 2548 τῶν
574 2497 667 2548 ἐπὶ
720 2496 817 2564 τῆς
872 2496 999 2565 γῆς,
1055 2496 1246 2550 καὶτὸ
1292 2495 1729 2567 ἐπιθυμητικῶς,
1789 2500 1886 2550 καὶ
1939 2498 2001 2551 τὸ

434 2583 665 2652 ἑτοίμως
697 2583 1001 2637 διακεῖσθαι
1047 2583 1183 2653 πρὸς
1226 2587 1406 2637 πάντα
1439 2587 1681 2639 κίνδυνον
1715 2590 1810 2640 καὶ
1837 2587 2002 2641 θάνα-

432 2688 525 2725 τον
547 2675 636 2726 τὸν
657 2673 797 2746 ὑπὲρ
820 2675 1083 2744 Χριστοῦ.
1116 2676 1390 2746 Ἀρνείταί
1411 2694 1497 2742 τις
1519 2678 1730 2744 ἐαυτὸν,
1760 2680 1892 2731 ὅταν
1913 2679 2006 2732 τὸν

435 2764 570 2817 ἴδιον
621 2765 764 2837 βίον,
791 2767 1057 2837 πρότερον
1102 2769 1242 2821 κατὰ
1285 2769 1485 2822 κακίαν
1518 2769 1902 2839 γεγενημένον,
1935 2772 2002 2841 τῇ

430 2854 694 2925 ἀξιολόγῳ
759 2858 1018 2926 μετανοίᾳ
1080 2859 1174 2911 καὶ
1236 2859 1507 2931 μεταϐολῇ
1563 2861 1863 2933 ἐπιστρέψῃ
1906 2865 2002 2916 καὶ

425 2945 813 3015 διορθώσηται.
839 2942 965 3002 Οἷον
993 2949 1023 3001 ό
1054 2950 1223 3003 πάλαι
1255 2952 1561 3016 ἀκόλαστος
1583 2952 1832 3023 ἀρνεῖται
1862 2956 1995 3007 ἐαυο

2105 2413 2160 2455 et
2191 2412 2496 2472 promptum
2519 2415 2640 2455 esse
2668 2399 2735 2454 ad
2764 2414 2924 2454 omne
2945 2399 3260 2460 discrimen,
3283 2404 3525 2468 adeoque
3543 2415 3689 2464 mor.

2104 2502 2211 2547 tem
2237 2509 2333 2563 pro
2355 2493 2597 2548 Christo.
2624 2492 3074 2561 Negatseipsum,
3099 2495 3318 2560 quando
3343 2491 3502 2544 vitam
3533 2507 3686 2545 suam

2103 2601 2389 2653 perperam
2421 2597 2475 2643 et
2515 2588 2709 2641 vitiose
2749 2592 3056 2641 anteactam
3113 2585 3378 2654 condigna
3416 2584 3687 2653 ρωιιίιειμ

2106 2682 2183 2737 tia
2226 2689 2280 2735 et
2301 2680 2600 2735 mutatione
2619 2679 2846 2747 corrigit
2888 2686 3049 2746 atque
3064 2678 3340 2731 emendat.
3364 2672 3431 2731 Ut
3446 2677 3535 2746 qui
3557 2677 3684 2732 olim

2103 2773 2523 2844 intemperantia
2549 2771 2768 2826 deditus
2797 2782 2938 2837 erat,
2964 2780 3122 2838 negat
3144 2771 3383 2839 seipsum
3415 2769 3685 2839 intempeo

2106 2867 2334 2923 rantent,
2367 2856 2411 2910 si
2442 2855 2852 2924 temperantiam
2878 2852 3237 2921 amplectatur
3264 2869 3280 2906 :
3334 2863 3389 2906 et
3420 2852 3510 2923 qui
3535 2852 3683 2921 inju-

2107 2958 2229 3001 stus
2256 2959 2373 3001 erat
2401 2948 2553 3013 olim,
2592 2956 2752 3015 negat
2798 2945 3035 3013 seipsum
3068 2946 3352 3013 iniustum,
3386 2945 3431 2999 si
3472 2947 3687 2999 student

425 3036 518 3088 τὶν
562 3036 883 3103 ἀκολαστον,
930 3042 1322 3112 σωφρονήσας·
1382 3043 1480 3096 καὶ
1509 3044 1538 3095 ό
1587 3021 1755 3097 παλαι
1807 3046 1994 3108 ἄδικος

2104 3041 2344 3128 iustitiae.
2374 3039 2438 3090 Et
2467 3038 2518 3089 in
2558 3052 2790 3103 sunnua,
2826 3035 3114 3101 cujuslibet
3145 3037 3352 3105 peccati
3411 3034 3534 3105 fuga
3586 3051 3685 3091 ne-

422 3127 669 3198 ἀρνεῖται
691 3130 885 3184 ἑαυτὸν
912 3131 1115 3194 ἄδικον,
1145 3133 1627 3205 δικαιοπραγήσας
1647 3153 1663 3169 ο
1692 3137 1787 3189 καὶ
1812 3138 1999 3192 ἁπλῶς

2103 3126 2247 3202 gatio
2281 3131 2363 3184 sui
2395 3138 2497 3191 est,
2527 3129 2730 3182 ducens
2758 3137 2879 3197 post
2912 3126 3222 3182 Christum.

422 3216 607 3283 πάσης
637 3220 912 3289 ἁμαρτίας
941 3224 1121 3294 ἀποχὴ
1143 3224 1373 3294 ἄρνησίς
1393 3229 1541 3279 ἐστιν
1598 3228 1820 3293 ἑαυτοῦ,
1849 3229 2026 3281 ὀπίσω
2068 3225 2311 3295 φέρουσα
2338 3220 2434 3274 τοῦ
2469 3218 2735 3289 Χριστοῦ.

498 3309 613 3362 Καὶ
644 3310 735 3362 ινα
784 3310 861 3381 μὴ
904 3313 1215 3384 νομίσωμεν
1270 3317 1352 3370 ὃτι
1402 3319 1593 3389 μέχρις
1648 3319 1860 3391 ὕϐρεως
1896 3313 2015 3374 καῖ’

425 3399 653 3468 πληγῶν
700 3402 794 3453 καὶ
831 3401 1149 3474 ὀνειδισμῶν
1184 3407 1547 3477 ἀπαρνεῖσθαι
1599 3413 1932 3481 προστάσσει
1966 3415 1995 3465 ὁ

423 3488 654 3558 Κύριος,
692 3492 1002 3562 προσέθηκε
1025 3510 1041 3526 ο
1081 3498 1192 3551 Καὶ
1229 3497 1421 3566 ἀράτω
1457 3500 1566 3555 τὸν
1587 3503 1856 3569 σταυρὸν
1888 3505 1995 3556 αὐ-

421 3581 568 3636 τοῦ·
615 3582 793 3651 δηλῶν
844 3584 1011 3655 μέχρι
1044 3586 1214 3640 πόσου
1270 3591 1630 3660 ἀπαρνεῖσθαι
1681 3593 1994 3662 ὀφείλομεν,

416 3673 504 3727 ὅτι
542 3674 708 3745 μέχρι
739 3674 996 3741 θανάτου,
1041 3679 1134 3731 καὶ
1164 3680 1397 3736 θανάτου
1450 3684 1852 3738 ἐπονειδίστου*
1902 3689 1998 3739 καὶ

418 3766 481 3820 οὗ
509 3766 676 3835 μόνον
704 3768 919 3838 τρυφῆς
949 3770 1044 3823 καὶ
1084 3770 1242 3841 δόξης
1287 3779 1648 3846 καταφρονεῖν
1679 3778 1820 3847 ὑπὲρ
1860 3779 1997 3848 Χρι-

421 3855 573 3922 στοῦ,
611 3856 746 3911 ἀλλά
771 3861 866 3912 καὶ
895 3860 1087 3930 μέχρις
1109 3862 1338 3931 αἵματος
1364 3867 1868 3933 ἀντικαθίστασθαι,
1900 3870 1997 3923 καὶ

415 3948 602 4001 πάντα.
634 3948 820 4016 φέρειν
852 3950 1135 4017 γενναίως,
1170 3955 1265 4005 καὶ
1295 3953 1351 4005 ἐν
1380 3955 1556 4021 τούτῳ
1587 3956 1786 4025 μᾶλλον
1815 3959 1999 4024 ἀγάλ-

411 4037 633 4092 λεσθαι.
667 4038 740 4090 Τὸ
762 4034 897 4109 ἆραι
924 4040 979 4093 δὲ
1003 4042 1094 4094 τὸν
1120 4045 1352 4112 σταυρόν
1396 4045 1514 4096 ἐστι
1542 4045 1603 4097 τὸ
1626 4047 1998 4115 ἀπροσπαθῶς

408 4128 555 4200 ἔχειν
626 4130 761 4199 πρὸς
810 4130 911 4200 τὴν
941 4134 1221 4203 παροῦσαν
1259 4135 1428 4204 ζωὴν,
1476 4137 1568 4189 καὶ
1609 4137 1745 4207 πρὸς
1776 4138 1836 4190 τὸ
1864 4138 1998 4191 ἀπό-

408 4240 586 4294 κριμα
635 4221 867 4276 θανάτου
899 4224 1101 4293 ὁμοίως
1147 4228 1476 4292 διακεῖσθαι,
1519 4227 1661 4282 ὥστε
1696 4229 1769 4299 μὴ
1804 4231 1999 4284 ἑαυτὸν

2176 3319 2252 3369 Ac
2281 3331 2349 3368 ne
2397 3313 2841 3367 existimaremus
2890 3326 3060 3380 usque
3108 3312 3176 3366 ad
3206 3312 3586 3376 contumelias,
3630 3321 3686 3369 et

2103 3409 2310 3477 plagas,
2339 3412 2394 3459 et
2449 3402 2738 3472 opprobria
2787 3417 2986 3473 negare
3016 3417 3118 3458 nos
3158 3418 3187 3456 ο
3221 3402 3451 3458 Domino
3481 3403 3682 3472 iuberi,

2103 3501 2311 3554 addidit
2345 3516 2358 3551 :
2392 3496 2459 3551 Et
2490 3497 2641 3550 tollat
2668 3512 2876 3549 crucem
2909 3509 3081 3559 ruant,
3112 3505 3170 3547 ut
3199 3496 3462 3550 indicaret
3488 3506 3680 3565 quatc‘

2105 3608 2206 3646 uus
2278 3596 2559 3657 Oporteret
2633 3588 2909 3657 abnegare
2966 3588 3362 3653 nosmetipsos,
3423 3588 3678 3643 nimirum

2107 3699 2278 3753 usque
2307 3684 2373 3736 ad
2403 3691 2656 3745 mortem,
2680 3688 2734 3735 et
2758 3689 2984 3734 mortem
3011 3680 3485 3745 contumeliosam,
3505 3696 3682 3751 neque

2112 3783 2321 3829 tantum
2359 3771 2691 3839 voluptatem
2722 3781 2777 3825 et
2806 3770 3030 3840 gloriam
3076 3784 3429 3826 contemnere
3457 3784 3679 3842 propter

2104 3864 2403 3927 Christum,
2440 3864 2533 3917 sed
2565 3863 2729 3917 etiam
2761 3877 2933 3931 usque
2963 3865 3028 3914 ad
3057 3864 3375 3936 sanguinem
3401 3866 3675 3926 resistere,

2106 3958 2397 4014 omniaque
2447 3953 2594 4007 ferre
2633 3968 2915 4021 generose,
2957 3965 3012 4006 et
3057 3954 3112 4006 in
3149 3956 3250 4007 hoc
3279 3957 3460 4022 potius
3494 3958 3676 4009 exsul-

2109 4055 2248 4097 tare.
2278 4045 2491 4097 Tollere
2531 4059 2658 4097 vero
2707 4058 2930 4097 crucem
2974 4054 3057 4097 est
3083 4059 3185 4097 noo
3241 4046 3382 4099 allici
3421 4047 3488 4099 ad
3536 4063 3676 4115 pra:-

2110 4146 2318 4191 sentetn
2361 4137 2548 4199 vitam,
2572 4149 2627 4188 et
2648 4133 2716 4187 ad
2744 4135 3249 4188 condemnationem
3287 4137 3475 4190 mortis
3521 4140 3676 4192 simi-

2107 4228 2233 4282 liter
2284 4227 2586 4279 animatum
2629 4240 2770 4291 esse,
2831 4234 2889 4278 ut
2953 4241 3056 4276 non
3122 4226 3233 4294 ipse
3276 4227 3538 4294 patiatur,
3581 4231 3675 4285 sed

406 4312 784 4377 πεπονθέναι,
828 4313 967 4369 ἀλλὰ
996 4317 1189 4384 νεκρὸν
1226 4312 1366 4370 εἶναι
1408 4318 1475 4388 τῇ
1506 4318 1772 4390 ἁμαρτίᾳ,
1819 4320 1995 4382 ζῶντα

2111 4328 2357 4372 mortuus
2395 4318 2467 4371 sit
2522 4326 2773 4386 peccato,
2818 4326 2868 4368 cl
2901 4315 3047 4370 vivat
3073 4316 3314 4371 Christo.
3369 4315 3480 4374 lloc
3510 4335 3674 4391 porro

405 4409 465 4462 δι
491 4409 569 4479 τῷ
604 4407 863 4479 Χριστῷ.
893 4407 1063 4461 Τοῦτο
1094 4408 1151 4460 δὲ
1186 4409 1391 4478 γίνεται
1423 4412 1487 4464 ἐκ
1522 4411 1621 4480 τῆς
1648 4412 1757 4464 τῶν
1790 4412 1990 4476 ἔξωθεν

413 4500 856 4569 ἀλλοτριώσεως.
889 4493 1000 4552 οἷον
1035 4492 1353 4570 κτημάτων,
1399 4501 1648 4565 πλούτου,
1677 4504 1838 4574 δόξης
1881 4522 1988 4571 μα-

414 4594 595 4656 ταίας,
632 4594 736 4645 καὶ
767 4590 950 4659 πάσης
981 4591 1091 4644 τῶν
1124 4593 1414 4661 ἀνωφελῶν
1445 4594 1841 4663 προσπαθείας.
1876 4597 1988 4649 Κα-

415 4683 522 4745 θὼς
548 4685 645 4737 καλ⁵
673 4683 724 4735 οἱ
753 4683 900 4750 ἆγιοι
931 4684 1222 4737 ἀπόστολοι
1251 4685 1536 4753 ἐποίησαν,
1582 4688 1675 4740 καὶ
1713 4688 1985 4754 ἐδίδαξαν,

419 4776 806 4841 ὑποδείξαντες
835 4774 966 4843 ήμῖν
994 4774 1084 4828 τὸν
1113 4774 1312 4845 δρόμον
1337 4776 1437 4846 τῆς
1471 4777 1765 4846 σωτηρίας.
1802 4778 1990 4845 ’Δφέν-

422 4883 511 4926 τες
544 4867 653 4935 γὰρ
684 4864 864 4918 πάντα
903 4865 1278 4936 ἠκολούθησαν
1319 4866 1395 4935 τῷ
1434 4867 1687 4935 Χριστῷ·
1731 4867 1792 4921 οὐ
1830 4868 1990 4936 μόνον

424 4955 481 5006 δὲ
509 4957 556 5006 οἱ
585 4952 900 5019 ἀπόστολοι,
930 4954 1062 5007 ἀλλὰ
1093 4958 1186 5009 καὶ
1213 4958 1261 5009 oi
1293 4957 1589 5025 μάρτυρες,
1631 4960 1723 5010 καὶ
1742 4960 1792 5011 οί
1828 4959 1985 5019 ὅσιοι,

428 5044 521 5107 καὶ
554 5043 603 5094 οἱ
632 5042 852 5096 δίκαιοι.
891 5044 1122 5113 Ἀνδρῶν
1146 5062 1204 5097 τε
1243 5048 1336 5098 καὶ
1367 5048 1642 5114 γυναικῶν
1663 5051 1870 5118 χορεῖαι
1909 5050 1988 5111 είς

428 5134 658 5203 μυρίους
713 5131 988 5195 κινδύνους
1041 5134 1310 5198 ἐξέδωκαν
1358 5138 1617 5201 ἑαυτούς·
1687 5139 1826 5191 ἀλλὰ
1889 5140 1985 5191 καὶ

423 5221 853 5292 ἐσταυρώθησαν
905 5223 1041 5293 ὑπὲρ
1078 5226 1339 5293 Χριστοῦ.
1364 5218 1599 5298 Α”Ετερος
1650 5230 1706 5282 δὲ
1756 5229 1986 5291 θάνατος

413 5317 516 5374 οὐκ
545 5310 614 5381 ἦν
646 5312 829 5378 ἄδοξος
873 5315 967 5366 καὶ
1012 5314 1205 5385 ἄτιμος
1239 5317 1411 5383 οὕτως
1454 5323 1548 5375 καὶ
1599 5320 1985 5383 ἐπονείδιστος,

411 5406 487 5466 ὡς
518 5405 548 5457 ὁ
578 5397 666 5458 διὰ
692 5403 946 5474 σταυροῦ.
990 5404 1381 5472 Ἐπυνείδιστος
1406 5412 1514 5482 γὰρ
1560 5413 1733 5466 ἐδόκει
1757 5413 1784 5464 ὁ
1819 5428 1984 5464 σταυ-

419 5497 509 5565 ρὸς
533 5495 654 5548 τότε
676 5495 772 5549 καὶ⁵
795 5496 1011 5567 ἄτιμος.

496 5674 518 5704 ⁸
548 5675 705 5729 Joan.
750 5690 852 5742 sit,
879 5676 976 5733 26.

2082 4411 2165 4463 'tit
2188 4421 2540 4464 externorum
2565 4410 2829 4463 bonorum
2861 4407 3190 4461 alienatione
3234 4420 3287 4464 et
3311 4408 3673 4479 abdicatione,

2103 4512 2161 4558 ut
2197 4504 2626 4572 possessionum,
2658 4502 2996 4566 divitiarum,
3019 4502 3204 4571 gloriae
3234 4518 3406 4568 vanae,
3442 4514 3497 4559 et
3521 4508 3672 4561 omni

2101 4595 2370 4648 inutilium
2446 4610 2622 4649 rerum
2687 4592 2902 4647 allecto.
2965 4592 3426 4658 Quemadmodum
3507 4597 3670 4650 etiam

2101 4687 2429 4741 Sanctissimi
2482 4684 2717 4755 apostoli
2766 4685 3010 4740 fecerunt
3055 4695 3110 4740 et
3136 4683 3455 4750 docuerunt,
3514 4701 3670 4741 moo-

2100 4788 2274 4832 strato
2327 4776 2482 4832 nobis
2511 4793 2671 4832 cursu
2711 4777 2920 4829 salutis.
2957 4772 3183 4829 Relictis
3244 4775 3388 4827 enim
3417 4778 3669 4834 omnibus

2100 4868 2270 4923 secuti
2299 4877 2426 4922 sunt
2452 4867 2753 4922 Christum.
2779 4866 2964 4934 Neque
2997 4880 3124 4918 vero
3154 4874 3365 4919 tantum
3401 4869 3663 4935 apostoli.

2100 4963 2194 5014 sed
2229 4963 2391 5014 etiam
2416 4969 2705 5031 martyres,
2732 4968 2786 5011 et
2817 4956 3011 5017 sancti,
3037 4963 3090 5008 et
3118 4955 3278 5022 justi.
3323 4955 3577 5013 Virorum
3609 4969 3667 5015 et

2098 5046 2425 5103 fetutinarum
2454 5058 2628 5102 ccetus
2662 5045 2890 5098 inlinitis
2924 5038 3187 5111 periculis
3213 5058 3270 5096 se
3300 5044 3616 5113 objecerunt
3642 5064 3660 5113 ;

2098 5144 2230 5211 quin
2283 5142 2447 5195 etiam
2498 5137 2744 5192 cruciﬁxi
2787 5140 2913 5187 sunt
2945 5148 3043 5200 pro
3075 5133 3314 5189 Christo.
3343 5136 3463 5190 Alia
3516 5140 3662 5193 enim

2101 5249 2246 5287 mors
2272 5248 2378 5286 non
2408 5240 2523 5285 erot
2555 5231 2628 5282 ita
2676 5224 3037 5295 ignominiosa
3071 5234 3125 5279 et
3152 5228 3549 5284 contumeliosa
3603 5239 3661 5286 ut

2100 5339 2245 5378 mors
2284 5323 2482 5377 crucis.
2530 5313 2931 5371 Contumeliosa
3003 5315 3144 5368 enim
3206 5314 3490 5370 videbatur
3541 5324 3656 5373 tum

2091 5427 2220 5464 crux
2258 5421 2308 5463 ct
2338 5406 2715 5478 ignominiosa.
