4142 6294
362 441 475 504 2‘3

1549 431 1834 495 ORATIO
1868 432 1949 494 IN
1992 432 2049 492 S.
2092 432 2428 494 CRUCEM.

3529 430 3600 492 “ii.

370 548 669 607 ἀπολέσει
691 543 880 614 αὐτήν
904 560 918 576 ⁸
951 545 1019 612 ὃς
1050 545 1104 598 δ’
1128 544 1209 600 ἂν
1233 542 1522 605 ἀπολέσει
1565 546 1684 614 τὴν
1724 543 1946 599 ἑαυτοῦ

2073 545 2230 599 terdet
2275 542 2553 616 eam:qui
2608 555 2783 598 autent
2829 543 3111 612 perdiderit
3163 546 3393 595 animam
3459 556 3611 595 suam

379 643 592 715 ψυχὴν
636 640 844 694 ἕνεκεν
869 637 1019 707 ἐμοῦ
1052 636 1151 691 καί
1183 635 1291 692 τοῦ
1325 636 1718 706 Εὐαγγελίου,
1758 630 1938 700 οὗτος

2073 647 2259 707 ινοριετ
2291 651 2373 693 me
2433 648 2481 691 et
2528 636 2895 707 Evangelium,
2927 639 2973 691 is
3015 636 3219 691 salvam
3264 635 3421 705 faciet
3468 648 3610 688 eam.

387 739 566 793 σώσει
598 731 808 799 αὑτήν.
844 728 1054 793 Γλυκύς
1084 730 1233 783 ἐστιν
1254 731 1284 783 6
1312 732 1503 800 παρὼν
1534 729 1749 800 βίος,ού
1782 730 1948 783 πᾶσιν

390 822 712 892 ἀνθρώποις,
753 819 894 875 ἀλλὰ
946 819 1061 881 τοῖς
1106 817 1574 889 προσηλουμένοις
1623 819 1798 887 αὐτῷ,
1850 818 1949 871 καὶ

384 914 572 985 δεσμός
610 913 765 965 ἔστιν
793 912 828 981 ἡ
849 909 988 981 πρὸς
1008 908 1077 963 τὰ
1102 899 1351 980 παρόντα
1381 910 1661 981 συνήθεια.
1708 908 1950 976 Ἐνάγων

378 1007 555 1058 τοίνυν
579 1004 727 1072 ἡμᾶς
755 1001 893 1072 πρὸς
923 1000 1238 1073 ἐλευθερίαν
1264 1003 1293 1055 6
1321 1002 1546 1073 Κύριος,
1577 1002 1732 1070 ἔλεγε
1752 1002 1947 1062 ταῦτα,

379 1095 664 1167 προδηλῶν
688 1094 822 1156 τοὺς
854 1093 1150 1162 διωγμοὺς,
1193 1090 1288 1155 οὓς
1322 1093 1547 1164 ἔμελλον
1581 1095 1630 1148 οἰ
1669 1095 1750 1157 εἰς
1787 1092 1952 1146 αὐτὸν

374 1183 805 1245 πεπιστευκότες
830 1183 973 1235 κατὰ
997 1184 1175 1236 πᾶσαν
1200 1181 1351 1235 πόλιν
1382 1182 1480 1236 καὶ
1518 1180 1704 1251 χώραν
1727 1180 1951 1247 ὑφίστα-

378 1278 524 1331 σθαι.
555 1275 623 1327 Et
643 1291 728 1335 τις
759 1269 877 1337 οὖν,
909 1272 1069 1341 φησί,
1095 1274 1217 1325 τότε
1255 1274 1357 1342 τῆς
1395 1272 1594 1327 ἑαυτοῦ
1623 1273 1800 1343 ψυχῆς
1830 1273 1952 1343 φεί-

378 1384 570 1419 σεται·
606 1366 770 1419 τοῦτο
815 1366 927 1434 γὰρ
979 1364 1238 1433 σημαίνει
1283 1363 1357 1418 τὸ
1392 1365 1623 1419 σῶσαιο
1692 1364 1955 1419 ἀπολέσει

378 1458 548 1528 αὐτὴν
576 1459 636 1508 ἐν
671 1456 748 1525 τῷ
781 1456 941 1509 αἰῶνι
968 1456 1047 1521 τῷ
1088 1456 1338 1525 μέλλοντι
1356 1493 1372 1520 ,
1421 1457 1543 1509 ἀντὶ
1568 1453 1686 1518 τοῦ,
1710 1455 1956 1525 τιμωρίᾳ

378 1549 557 1617 αὐτὴν
607 1545 971 1617 παραπέμψει
1011 1546 1273 1615 διηνεκεῖ.
1312 1544 1587 1599 Ἀπώλεια
1628 1544 1738 1616 γὰρ
1780 1545 1959 1617 ψυχῆς

380 1639 480 1708 οὐχ
508 1642 542 1707 ἠ
570 1641 652 1702 εἰς
683 1639 746 1691 τὸ
777 1636 854 1708 μὴ
894 1635 953 1689 ὃν
982 1635 1229 1700 διάλυσίς
1274 1638 1446 1704 ἐστιν,
1485 1636 1604 1690 ἀλλ’
1641 1635 1677 1708 ἠ
1703 1637 1960 1709 διηνεκὴς

379 1729 625 1799 τιμωρία
683 1732 781 1781 καὶ
826 1728 1253 1790 ἀκατάπαυστος
1273 1744 1292 1761 ο
1322 1728 1417 1782 καὶ
1443 1730 1472 1781 6
1512 1728 1829 1800 φειδόμενος
1860 1730 1961 1799 τῆς

381 1788 561 1892 ψέκῆξ
592 1819 759 1874 αὐτοῦ
817 1820 1006 1873 τοῦτον
1047 1819 1141 1873 τὸν
1177 1788 1378 1889 τρόπον
1404 1788 1700 1874 ἀπόλλυσιν
1746 1788 1954 1890 «acidi
1990 1788 2032 1846 Β

381 1914 413 1964 6
447 1912 504 1964 δὲ
540 1911 620 1982 μὴ
667 1910 984 1982 φειδόμενος
1050 1908 1251 1974 σώζει·
1306 1909 1404 1964 καὶ
1454 1908 1615 1964 τοῦτο
1663 1909 1829 1978 σοφός
1871 1925 1959 1971 τις

385 2004 576 2071 ἔλεγεν
595 2019 612 2035 ο
652 2002 797 2057 Ἐὰν
839 2001 1176 2070 παιδεύσῃς
1205 2000 1345 2056 υἱόν
1371 2013 1492 2056 σου
1532 2000 1605 2055 ἐν
1641 1998 1860 2068 ῥάϐδῳ,
1885 2000 1960 2054 οὐ

381 2095 469 2165 μὴ
502 2095 818 2163 ἀποθάνῃ·
846 2093 965 2161 τὴν
995 2091 1064 2146 δὲ
1103 2091 1321 2162 ψυχὴν
1364 2091 1555 2148 αὐτοῦ
1587 2090 1658 2145 ἐκ
1699 2090 1963 2148 θανάτου

380 2189 547 2257 ῥύσῃ
571 2205 587 2219 ο
630 2187 725 2241 καὶ
746 2186 909 2241 πάλιν
928 2201 943 2216 ·
983 2185 1041 2239 '0
1072 2184 1425 2254 περιψύχειν
1451 2182 1559 2238 τὸν
1582 2184 1719 2238 υἰὸν
1749 2182 1963 2247 αὐτοῦ,

388 2280 673 2334 τουτέστιν
721 2278 913 2343 ὲλεῶν,
943 2276 1275 2343 καταδήσει
1313 2275 1388 2330 τὰ
1413 2275 1724 2345 τραύματα
1747 2272 1961 2330 αὐτοῦ.

387 2372 567 2426 Τοῦτο
623 2370 721 2425 καὶ
768 2372 868 2426 ἐπὶ
924 2369 1277 2440 στρατοπέδῳ
1332 2367 1563 2436 γίνεται.
1608 2366 1736 2422 Ἐἁν
1778 2367 1887 2438 γὰρ
1934 2367 1965 2422 6

393 2464 702 2536 στρατηγὸς
727 2463 1046 2534 φειδόμενος
1069 2462 1178 2516 τῶν
1205 2462 1555 2533 στρατιωτῶν
1575 2460 1724 2516 ἔνδον
1748 2458 1965 2515 κελεύει

398 2556 584 2624 μένειν
607 2556 699 2610 διὰ
732 2554 952 2621 παντὸς,
979 2554 1077 2610 καὶ
1103 2554 1231 2618 τοὺς
1252 2554 1413 2618 ἐκτὸς
1442 2554 1543 2609 σὺν
1570 2549 1756 2618 αὐτοῖς
1788 2568 1964 2625 προσ-

394 2645 717 2700 απόλλνσιν.

471 2735 592 2789 Ἵνα
623 2732 719 2789 οὖν
768 2733 843 2805 μὴ
873 2736 969 2790 καὶ
1006 2735 1093 2805 ἔφ’
1136 2735 1297 2804 ἡμῶν
1323 2733 1484 2789 τοῦτο
1526 2736 1775 2806 γένηται,
1830 2736 1971 2807 πρὸς

395 2822 498 2895 τὴν
554 2825 781 2895 διηνεκῆ
838 2824 1069 2879 θάνατον
1120 2824 1362 2878 διδάσκει
1408 2824 1439 2877 6
1472 2822 1676 2890 Κύριος
1719 2825 1973 2896 ἑτοίμους

397 2907 540 2967 εἶναι
574 2915 746 2983 ἡμᾶς.
793 2913 851 2967 Ὀ
883 2914 991 2984 γὰρ
1015 2916 1083 2984 τῇ
1121 2914 1307 2984 σχέσει
1364 2913 1457 2969 καὶ
1482 2917 1548 2985 τῇ
1576 2914 1847 2985 επιθυμίᾳ
1872 2918 1973 2985 τῆς

399 3006 748 3076 προσκαίρου
780 3005 927 3074 ζωῆς
971 3005 1082 3059 τῶν
1116 3005 1260 3075 ὑπὲρ
1285 3003 1525 3074 Χριστοῦ
1565 3004 1831 3061 κινδύνων
1876 3007 1973 3059 καὶ

2050 730 2232 785 Dulcis
2268 741 2351 786 est
2387 744 2630 798 przesens
2663 731 2795 795 vita,
2832 746 2935 785 non
2982 728 3238 785 omnibus
3273 726 3611 787 hominibus,

2051 824 2148 876 sed
2176 822 2242 875 iis
2260 820 2350 891 qui
2368 822 2421 876 ei
2443 819 2583 873 allixi
2609 831 2754 884 sunt,
2775 831 2828 875 et
2854 820 3134 876 vinculum
3152 829 3233 872 est
3265 815 3611 886 praesentiunt

2050 928 2182 968 usus
2222 923 2279 967 et
2321 912 2678 967 consuetudo.
2705 909 2778 968 Ut
2810 927 2939 981 ergo
2974 927 3074 966 nos
3122 910 3400 964 induceret
3437 910 3502 960 ad
3549 909 3616 960 li-

2051 1006 2316 1060 bertatem
2350 1005 2632 1068 Dominus,
2665 1003 2754 1057 illa
2804 1002 2961 1065 dixit,
2996 1002 3395 1072 prtenuntians‘
3428 1014 3617 1066 perse-

2052 1100 2323 1158 cutiones,
2356 1110 2494 1166 quas
2546 1095 2584 1149 ii
2615 1096 2707 1165 qui
2763 1094 2819 1148 in
2880 1094 3055 1160 ipsum
3107 1091 3491 1155 credidissent,
3524 1105 3619 1159 per

2056 1206 2246 1247 omnes
2278 1190 2527 1244 civitates
2555 1194 2608 1242 et
2642 1190 2889 1258 regiones
2919 1186 3150 1242 subituri
3183 1195 3360 1240 erant.
3399 1184 3452 1235 Si
3491 1184 3618 1253 quis

2053 1296 2186 1346 ergo
2218 1289 2354 1342 tum,
2388 1281 2582 1346 inquit,
2612 1279 2808 1333 animas
2836 1293 2946 1334 sum
2975 1277 3277 1347 pepercerit
3311 1276 3438 1345 (hoc
3469 1274 3613 1328 cnim

2059 1371 2331 1440 signiﬁcat
2358 1370 2486 1423 illud
2518 1385 2533 1424 :
2574 1367 2777 1423 saluam
2807 1368 3030 1439 facere),
3057 1369 3245 1438 perdet
3278 1382 3396 1420 eam
3427 1364 3481 1418 in
3523 1380 3624 1418 sae—

2058 1460 2181 1517 culo
2208 1461 2409 1527 intum,
2443 1463 2544 1515 hoc
2566 1470 2673 1523 est,
2718 1463 2769 1514 in
2795 1471 3085 1529 perpetuas
3109 1473 3232 1513 eam
3266 1473 3453 1528 pinnas
3484 1472 3623 1525 pra--

2058 1553 2326 1623 cipitabit.
2360 1553 2602 1608 Perditio
2632 1553 2777 1605 enim
2809 1554 3004 1606 animae
3052 1561 3154 1616 est,
3183 1565 3292 1603 non
3336 1549 3619 1602 dissolutio

2061 1647 2114 1701 in
2148 1645 2404 1708 nihilum,
2428 1643 2522 1698 sed
2555 1654 2873 1714 perpetuum
2898 1640 3240 1712 supplicium,
3260 1650 3314 1695 et
3343 1655 3621 1709 nunquam

2062 1734 2375 1789 llniendnm.
2407 1733 2471 1787 Et
2525 1734 2616 1802 qui
2645 1733 2819 1802 parcit
2865 1733 3062 1787 anima:
3106 1745 3218 1785 suae
3279 1731 3380 1785 hoc
3436 1730 3620 1793 modo,

2063 1826 2241 1896 perdit
2269 1839 2386 1879 eam
2417 1840 2431 1887 ;
2465 1824 2557 1893 qui
2592 1838 2723 1879 vero
2757 1838 2864 1877 non
2898 1823 3091 1891 parcit,
3122 1822 3327 1875 salvam
3355 1818 3502 1873 facit.
3532 1819 3626 1872 At-

2059 1929 2169 1985 que
2198 1915 2300 1968 hoc
2352 1914 2571 1984 sapiens
2598 1913 2819 1983 quidam
2870 1914 3007 1967 dixit
3038 1927 3054 1969 :
3085 1911 3144 1967 Si
3191 1911 3513 1981 corripucris
3556 1909 3624 1977 ﬁ-

2061 2007 2189 2061 lium
2215 2015 2365 2059 tuum
2399 2007 2454 2059 in
2478 2005 2654 2075 uirga,
2690 2021 2795 2059 non
2830 2005 3108 2067 morietur,
3137 2001 3225 2056 sed
3257 2004 3487 2055 animum
3515 2005 3627 2067 ejus

2062 2111 2094 2149 α
2131 2105 2298 2150 morte
2328 2094 2658 2162 liberabis“;
2700 2102 2756 2151 et
2794 2108 2984 2151 rursus
3016 2114 3030 2151 :
3068 2094 3173 2161 Qui
3206 2093 3486 2148 blanditur
3514 2093 3628 2160 ﬁlio

2063 2198 2180 2251 suo,
2241 2186 2294 2241 id
2352 2194 2460 2251 est,
2518 2187 2828 2252 miseretur,
2876 2186 3131 2256 obligabit
3189 2187 3404 2242 vulnera
3445 2185 3625 2254 ejus’.

2064 2274 2178 2331 Hoc
2210 2279 2264 2328 et
2299 2275 2350 2328 in
2388 2274 2633 2329 exercitu
2665 2276 2953 2345 contingit.
2990 2276 3047 2328 Si
3083 2291 3318 2344 nam'ltte
3350 2277 3455 2329 dux
3506 2291 3631 2343 pur-

2064 2377 2155 2424 cat
2193 2367 2482 2433 militibus,
2505 2381 2709 2438 eosque
2738 2368 3084 2422 continenter
3116 2384 3335 2422 manere
3367 2368 3503 2422 intra
3535 2384 3629 2421 ca-

2065 2471 2177 2515 stra
2204 2459 2417 2531 jubeat,
2449 2473 2543 2516 eos
2586 2472 2800 2530 quoque
2839 2460 2931 2531 qui
2967 2464 3120 2516 eattra
3171 2470 3319 2525 sunt,
3349 2476 3452 2513 una
3502 2475 3626 2514 eum

2066 2553 2173 2608 illis
2201 2553 2401 2622 perdit.

2058 2782 2061 2783 ν
2137 2739 2219 2797 Ne
2270 2750 2400 2810 ergo
2435 2749 2491 2795 et
2550 2741 2708 2796 nobis
2763 2741 2865 2796 hoc
2903 2739 3161 2804 eveniat,
3195 2738 3260 2793 ad
3314 2739 3631 2794 continuam

2072 2841 2302 2888 mortem
2328 2832 2491 2888 docet
2521 2847 2617 2886 nos
2647 2831 2910 2887 Dominus
2937 2848 3058 2887 esse
3088 2841 3330 2902 paratos.
3359 2831 3462 2898 Qui
3486 2831 3631 2887 enim

2072 2918 2268 2980 affectu
2302 2934 2358 2979 et
2407 2939 2594 2980 amore
2631 2923 2944 2993 temporalis
2973 2925 3117 2988 vitae,
3151 2923 3389 2991 animam
3421 2938 3570 2976 suam
3604 2936 3634 2973 a

2076 3016 2330 3085 perientia
2352 3014 2557 3071 Christi
2590 3030 2753 3070 causa
2782 3014 3144 3085 perferendis,
3171 3023 3224 3068 et
3248 3029 3275 3066 a
3312 3024 3485 3066 morte
3511 3010 3640 3064 sub-

398 3097 497 3151 τοῦ
524 3096 759 3153 θανάτου
800 3098 902 3168 τὴν
936 3098 1073 3152 ἰδίαν
1101 3098 1334 3167 ἀπάγων
1362 3097 1542 3169 ψυχὴν
1565 3135 1581 3162 ,
1633 3098 1731 3152 καὶ
1778 3095 1972 3162 σώζειν

2073 3109 2334 3168 ducit.ac
2360 3122 2580 3163 servare
2612 3122 2730 3161 eam
2756 3108 3055 3169 contendit,
3086 3107 3521 3172 mundanamque
3558 3104 3637 3155 vi-

398 3189 573 3258 αύτὴν
618 3189 708 3241 διὰ
738 3188 1030 3256 φιλοζωΐαν
1057 3187 1402 3258 βουλόμενος,
1451 3191 1550 3242 καὶ
1578 3187 1723 3242 κατά
1770 3189 1975 3259 κόσμον

402 3279 506 3351 ζῇν
532 3281 990 3353 προαιρούμενος,
1018 3279 1405 3350 ἁναμφιῦόλως
1435 3280 1644 3350 ταύτην
1683 3279 1977 3334 ἀπόλλυσιν

402 3375 684 3429 ἀπώλειαν
736 3375 959 3444 εκείνην
979 3413 996 3440 ,
1028 3374 1152 3445 ἣτις
1191 3374 1252 3427 τὸ
1283 3374 1551 3429 ἄσϐεστον
1581 3371 1716 3446 πῦρ,
1763 3375 1858 3428 καὶ
1886 3374 1978 3426 τὸν

405 3463 709 3532 ἀκοίμητον
741 3461 1024 3531 σκώληκα,
1049 3464 1148 3518 καὶ
1175 3464 1237 3516 τὸ
1269 3462 1459 3527 σκότος
1478 3463 1732 3534 προξενετ
1753 3462 1815 3517 τὸ
1842 3462 1977 3529 ιεὼς

406 3572 586 3625 τερον.
616 3554 900 3625 Σωτηρίαν
926 3556 1035 3625 γὰρ
1060 3554 1318 3624 ὠνόμασε
1355 3555 1454 3626 τὴν
1484 3555 1782 3624 φιλοζωΐαν
1804 3556 1832 3609 6
1868 3555 1978 3609 Κύ-

410 3665 548 3718 ριος,
581 3648 677 3700 καὶ
720 3648 820 3716 τὴν
863 3651 929 3702 ὲκ
977 3647 1088 3700 τῶν
1135 3647 1400 3701 κινδύνων
1446 3650 1648 3719 φυγήν.
1692 3650 1751 3702 '0
1782 3649 1839 3702 δὲ
1868 3651 1978 3714 τοῖς

408 3740 683 3803 κινδύνοις
744 3741 836 3793 καὶ
878 3740 956 3808 τῷ
996 3740 1212 3809 Θανάτῳ
1254 3739 1354 3808 τὴν
1386 3738 1567 3810 ψυχὴν
1615 3739 1806 3802 ἂκδοὺς
1841 3738 1982 3811 ὑπὲρ

409 3831 505 3886 τοῦ
563 3831 826 3901 Χριστοῦ,
879 3831 1113 3900 καὶτῆς
1158 3831 1443 3902 ἀληθείας,
1494 3831 1729 3901 καὶτῆς
1778 3833 1982 3886 δικαιο-

415 3923 607 3991 σύνης,
638 3923 733 3975 καὶ
765 3919 955 3975 τοῦτον
984 3919 1076 3975 τὸν
1101 3922 1302 3991 τρόπον
1331 3921 1622 3986 ἀπωλέσας
1655 3923 1847 3990 αὐτὴν,
1883 3922 1982 3994 τὴν

416 4013 591 4081 καλὴν
611 4012 780 4076 δντως
802 4011 1100 4077 ἀπώλειαν,
1128 4015 1334 4076 ἐκεῖνος
1357 4012 1575 4078 ἀληθῶς
1602 4011 1767 4067 σώσει
1788 4013 1984 4084 αὐτὴν,

414 4104 840 4179 χειραγωγήσας
874 4103 968 4156 ὲπί
1001 4105 1102 4172 τὴν
1133 4105 1278 4176 ζωὴν
1327 4106 1427 4177 τὴν
1471 4105 1762 4176 ἀμείνονα.
1806 4105 1988 4160 Ἀπώ-

416 4192 570 4248 λειαν
599 4194 713 4264 γὰρ
741 4194 919 4277 ψυχῆς
972 4194 1067 4247 τὸν
1116 4196 1225 4248 ἀπὸ
1275 4196 1370 4248 τοῦ
1407 4196 1660 4265 σώματος
1709 4195 1987 4268 χωρισμὸν

416 4285 564 4355 λέγει
593 4284 802 4356 ταύτης
832 4286 975 4355 ὑπὲρ
1024 4286 1119 4340 τοῦ
1166 4288 1406 4355 Χριστοῦ
1464 4289 1561 4343 καὶ
1604 4287 1716 4341 τῶν
1758 4286 1989 4342 εντολῶν

2075 3204 2185 3255 tam
2205 3198 2463 3264 instituit,
2482 3213 2600 3253 eam
2634 3198 2774 3252 haud
2804 3199 2965 3252 dubie
2985 3200 3162 3266 perdit
3192 3194 3279 3250 illa
3308 3196 3638 3268 perditione,

2076 3306 2195 3362 quae
2237 3289 2725 3360 inexstinguihilem
2761 3288 2964 3358 ignem,
2995 3300 3047 3343 et
3083 3303 3323 3343 vermem
3372 3303 3481 3342 non
3510 3289 3640 3342 dor-

2076 3385 2359 3449 mientem,
2388 3391 2444 3436 et
2485 3380 2739 3437 tenebras
2770 3380 3066 3434 exteriores
3094 3380 3371 3436 conciliat.
3398 3378 3639 3433 Salutem

2078 3475 2222 3530 enim
2271 3470 2572 3529 nominavit
2606 3470 2873 3526 Dominus
2902 3484 3144 3525 amorem
3178 3472 3319 3535 vitae,
3345 3481 3397 3525 et
3423 3470 3645 3539 pericu-

2082 3565 2256 3620 lorum
2288 3561 2568 3634 cﬂ'ugium.
2602 3559 2705 3627 Qui
2736 3566 2915 3615 autem
2943 3558 3202 3632 periculis
3229 3572 3284 3614 et
3324 3558 3489 3614 morti
3518 3560 3666 3614 aui-i

2080 3668 2222 3709 mam
2252 3658 2479 3724 exponit
2513 3667 2610 3723 pro
2639 3649 2883 3717 Christo,
2911 3660 2966 3707 et
2995 3653 3247 3717 veritate,
3307 3659 3361 3706 et
3407 3650 3641 3720 iustitia,

2081 3755 2138 3802 et
2181 3747 2282 3801 hoc
2313 3746 2474 3799 modo
2499 3752 2619 3798 eam
2654 3743 2856 3811 perdit,
2885 3743 3147 3813 praeclara
3181 3741 3427 3811 profecto
3460 3742 3639 3806 perdi-

2084 3842 2249 3901 tione,
2310 3837 2399 3892 ille
2426 3850 2556 3892 vere
2588 3835 2796 3892 salvam
2837 3834 2970 3890 facit
3005 3849 3150 3902 eam,
3176 3835 3435 3902 ducitque
3469 3833 3536 3886 ad
3569 3832 3650 3886 vi-

2087 3943 2195 3986 tam
2234 3930 2534 3985 meliorem.
2572 3926 2940 3983 Perditionem
2973 3927 3115 3982 enim
3137 3927 3353 3991 animae,
3385 3935 3541 3979 vocat
3564 3938 3651 3977 se-

2085 4023 2419 4093 parationem
2474 4021 2596 4089 ejus
2627 4032 2658 4074 a
2696 4030 2926 4088 corpore
2975 4026 3196 4088 propter
3256 4015 3536 4072 Christum
3593 4025 3651 4069 et

2086 4110 2341 4171 mandata
2378 4110 2538 4181 ejus;
2575 4118 2630 4164 et
2656 4108 2747 4178 qui
2788 4117 3008 4177 propter
3042 4108 3155 4162 haec
3217 4106 3411 4163 mortis
3441 4105 3649 4160 vincula

2084 4200 2491 4269 contempserit,
2526 4197 2573 4252 is
2600 4211 2706 4250 non
2747 4197 2924 4268 perdit
2948 4197 3181 4251 animam
3216 4211 3393 4264 suam,
3424 4196 3517 4252 sed
3549 4209 3650 4265 ρο·-

2089 4292 2196 4346 tius
2229 4293 2434 4347 salvam
2504 4287 2651 4345 facit.
2712 4287 2917 4359 Atqui
2976 4288 3199 4344 violarit
3252 4288 3652 4344 c0nl'essionem

419 4377 606 4430 αὑτοῦ.
654 4377 765 4430 Καὶ
792 4376 823 4427 ὁ
860 4375 954 4430 διὰ
998 4374 1172 4431 ταῦτα
1214 4376 1328 4431 τῶν
1370 4375 1468 4431 τοῦ
1507 4379 1742 4432 θανάτου
1772 4377 1975 4448 δεσμῶπ

2089 4372 2289 4436 Christi
2321 4387 2375 4434 et
2411 4380 2659 4433 tuaetdata
2709 4376 2851 4447 ejus,
2885 4383 2942 4433 et
2992 4391 3215 4433 servare
3254 4376 3369 4431 'vult
3415 4378 3650 4431 animam

425 4468 865 4538 καταφρονήσας,
894 4462 1048 4531 οὗτος
1064 4468 1167 4521 οὐκ
1188 4468 1451 4522 ἀπόλλυσι
1473 4468 1572 4538 τὴν
1588 4469 1768 4540 ψυχὴν
1796 4468 1975 4533 αὑτοῦ,

2094 4473 2233 4526 citra
2279 4469 2516 4539 pericula
2551 4477 2606 4524 et
2638 4476 2889 4535 mortem,
2922 4469 3277 4539 perditionem
3320 4468 3371 4524 ei
3400 4466 3658 4525 conciliat

427 4560 556 4613 ἀλλὰ
586 4556 793 4627 μᾶλλον
824 4557 986 4624 σώζει
1024 4560 1226 4631 αὐτὴν
1255 4561 1285 4613 6
1321 4560 1376 4613 δὲ
1409 4561 1680 4633 ἀθετήσας
1709 4562 1811 4618 τὰς
1846 4562 1987 4629 ὑπὲρ

2093 4563 2502 4639 sempiternam.

426 4653 661 4723 Χριστοῦ
690 4650 985 4722 ὁμολογίας
1017 4653 1111 4706 ut
1137 4651 1239 4715 τὰς
1277 4653 1498 4718 ἐντολὰς
1523 4655 1714 4722 αὑτοῦ,
1747 4657 1842 4709 καὶ
1872 4654 2066 4720 σώζειν
2095 4656 2196 4727 τὴν
2220 4656 2398 4728 ψυχὴν
2423 4656 2580 4721 me;
2604 4658 2718 4713 τῶν
2771 4656 3032 4712 κινδύνων
3100 4656 3197 4709 καὶ
3261 4651 3357 4707 τοῦ
3423 4649 3656 4707 θανάτου

428 4748 770 4819 βουλόμενος,
800 4747 1080 4802 ἀπώλειαν
1102 4749 1237 4819 αὐτῇ
1268 4734 1521 4819 προξενεῖ
1558 4752 1660 4821 τὴν
1687 4751 1878 4807 ἀΐδιον.

507 4840 666 4898 Ἐπεὶ
689 4842 748 4895 δὲ
776 4841 1050 4913 διαφόρως
1074 4844 1176 4896 καὶ
1203 4843 1562 4916 πολυτρόπως
1590 4846 1778 4899 πολλοὶ⁵
1798 4844 2000 4899 πολλάὴ

429 4948 514 4995 κις
564 4932 664 4996 τὰς
722 4931 902 5003 ψυχὰς
962 4932 1360 4997 ἀπολλύουσιν,
1416 4934 1451 5006 ἢ
1518 4934 1906 5007 λῃστεύοντες,
1963 4935 1996 5007 ἢ

432 5023 767 5093 φονεύοντες,
789 5025 824 5093 ἢ
852 5023 1198 5092 κλέπτοντες,
1225 5027 1257 5096 ἢ
1284 5026 1847 5099 τυμὸωρυχοῦντες,ἢ
1871 5027 1998 5081 ἄλλο

432 5117 613 5171 τιτῶν
640 5115 919 5186 ἀθεμίτων
942 5116 1323 5187 ἐργαζόμενοι,
1350 5120 1708 5190 προστίθησιν
1736 5122 1765 5172 6
1794 5117 1998 5190 Κύριος

434 5206 511 5274 τὸ,
539 5207 753 5262 ἕνεκεν
777 5206 949 5277 ἐμοῦ,
986 5208 1086 5263 καί
1112 5207 1222 5263 τοῦ
1262 5210 1652 5280 Εὐαττελίου.
1695 5211 1756 5265 '0
1785 5211 1894 5281 γὰρ
1926 5212 2000 5281 μὴ

437 5299 523 5376 διὰ
549 5300 645 5354 τὸν
673 5299 911 5371 Χριστὸν
938 5303 1032 5354 καὶ
1052 5301 1114 5353 τὸ
1137 5301 1474 5370 Εὐαγγέλιον
1491 5302 1731 5366 ἀπολλῦς
1747 5303 1847 5374 τὴν
1866 5301 2002 5356 ἰδίαν

435 5390 637 5463 ψυχὴν,
683 5392 759 5446 ού·
806 5391 969 5455 σώζει
1017 5392 1212 5463 αὐτήν.
1266 5394 1556 5465 Μακάριος
1588 5389 1682 5448 οῦν
1725 5394 1914 5459 ὅντως,
1946 5393 2004 5456 ὃς

437 5482 623 5539 ἓνεκεν
648 5482 749 5537 τοῦ
774 5484 1010 5555 Χριστοῦ
1035 5486 1129 5539 καί
1177 5484 1271 5538 τοῦ
1300 5486 1634 5555 Εὐαγγελίου
1683 5486 1784 5558 τὴν
1811 5485 2006 5540 ἑαυτοῦ

439 5576 699 5631 ἀπολέσει
728 5575 933 5648 ψυχήν.
969 5577 1206 5641 Ἐκεῖνος
1237 5579 1345 5647 γὰρ
1370 5577 1588 5648 ἀληθῶς
1617 5577 1778 5632 σώσει
1812 5579 2009 5649 αὑτήν.

442 5668 729 5741 Μακάριος
754 5670 785 5722 6
808 5670 920 5732 τοῖς
949 5663 1101 5724 οὖσιν
1132 5668 1337 5725 ἅπασιν
1361 5669 1667 5734 ὲπαινετῶς
1697 5670 2007 5737 ἀποθανὼν,

513 5849 535 5881 ⁸
577 5847 740 5904 Prov.
782 5861 919 5908 nu.
942 5846 1035 5905 24,
1108 5848 1130 5881 ‘
1162 5845 1332 5902 Eccli.
1364 5861 1497 5909 xxx,
1531 5845 1589 5901 9.

2165 4845 2429 4913 Quoniam
2482 4854 2612 4900 vero
2657 4840 2888 4900 diversis
2931 4839 3224 4909 multisque
3273 4836 3449 4893 modis
3500 4830 3659 4891 multi

2094 4951 2464 5008 saepenumero
2500 4935 2712 4991 animas
2750 4934 3003 5004 perdunt,
3036 4933 3153 4987 sive
3184 4929 3508 4996 latrociniis,
3542 4929 3658 4984 sive

2097 5029 2428 5094 homicidiis,
2459 5030 2573 5085 sive
2601 5028 2780 5092 furtis,
2816 5027 2931 5082 sive
2954 5023 3324 5093 sepulcrorum
3349 5021 3659 5084 ell‘ossione,

2097 5127 2212 5179 sive
2258 5124 2379 5177 aliis
2441 5121 2661 5176 nefariis
2713 5116 3090 5182 facinoribus;
3151 5115 3300 5170 addit
3354 5112 3659 5170 Dominus:

2096 5227 2308 5287 propter
2333 5230 2414 5270 me
2440 5224 2490 5270 et
2541 5212 2905 5281 Evangelium.
2952 5209 3055 5275 Qui
3110 5210 3253 5264 enim
3298 5224 3404 5265 non
3445 5217 3663 5278 propter

2096 5308 2371 5364 Christum
2392 5316 2448 5361 et
2466 5303 2812 5373 Evangelium
2837 5301 3015 5372 perdit
3038 5301 3296 5366 animam,
3326 5316 3430 5356 non
3458 5298 3661 5356 salvam

2099 5400 2232 5455 facit
2260 5412 2400 5453 eam.
2438 5396 2637 5451 Beatus
2674 5394 2838 5464 igitur
2869 5408 3078 5458 revera,
3114 5394 3205 5463 qui
3237 5398 3459 5463 propter
3500 5387 3663 5442 Chri-

2100 5501 2242 5547 stum
2276 5501 2333 5545 et
2364 5488 2714 5558 Evangelium
2760 5485 3056 5555 perdiderit
3086 5487 3320 5540 animam
3368 5495 3539 5537 suam.
3572 5477 3666 5533 Ille

2104 5597 2338 5652 namque
2368 5595 2493 5636 vere
2518 5593 2636 5635 eam
2690 5577 2895 5633 salvam
2944 5575 3093 5631 facit.
3137 5573 3334 5627 Beatus
3380 5571 3473 5639 qui
3506 5568 3666 5624 rebus

2100 5670 2360 5726 omnibus
2395 5667 2743 5724 laudabiliter
2786 5673 3033 5721 mortuus
3061 5662 3219 5716 fuerit
3247 5677 3263 5728 ;
3296 5659 3663 5726 seusihilibus,
