4142 6294
497 440 601 504 2ῗῦ

1411 450 1738 512 JOANNIS
1774 450 2076 512 CALECKE
2116 451 2227 511 ΕΡ.
2258 451 2763 511 ΡΑΤΠΙΑΒΕΗΕ

3629 450 3733 510 276

494 563 814 628 dt‘ttttllmdo
833 581 1075 633 sensum,
1098 585 1250 623 usum
1276 579 1325 624 et
1347 570 1608 638 fructum;
1626 571 2064 638 intelligibiblius,

2169 575 2277 634 τοῖς
2315 573 2411 639 μὲν
2460 573 2736 640 αἰσθητοῖς
2783 572 2848 640 τῇ
2899 569 3152 624 ἀποθέσει
3184 567 3283 638 τῆς
3325 567 3446 622 κατ’
3479 565 3733 638 αἴσθησιν

497 651 863 722 intelligi-ulte
917 662 1153 715 motione
1202 666 1564 730 reprimenda.
1627 667 1871 720 llominis
1915 666 2056 716 enim

499 761 644 799 tuors
699 747 980 803 laudabilis
1043 763 1125 804 est
1178 755 1403 807 interior
1473 758 1541 810 ab
1602 759 1850 811 omnibus
1905 760 2062 810 Iebus

495 839 847 906 a'balicnatio,
880 858 982 910 qua
1041 857 1334 909 transacta,
1383 849 1616 904 divinam
1670 852 1856 918 gratim
1899 851 2059 901 vitam

497 945 646 986 tuens
676 935 953 1001 suscipere
990 939 1150 1001 Solet,
1179 955 1273 1003 pro
1306 944 1557 998 omnibtts
1601 945 1759 997 rebus
1787 954 2059 994 auctorem

496 1042 698 1091 rerum,
745 1029 1021 1083 hominum
1073 1044 1126 1088 et
1183 1035 1372 1088 Deum.
1434 1039 1576 1102 Quid
1626 1041 1767 1091 enim
1831 1034 2061 1105 proderit

494 1117 714 1182 (mmini,
765 1123 810 1173 si
867 1133 1032 1174 totum
1082 1127 1334 1180 mundum
1400 1128 1652 1194 lucretur,
1704 1131 1896 1182 anima?
1945 1145 2061 1182 vero

492 1223 600 1258 mm
627 1208 891 1272 jarturam
934 1213 1140 1279 furiat?
1172 1227 1262 1270 aut
1296 1219 1426 1285 quid
1456 1222 1878 1272 commutationis
1911 1220 2058 1273 dabit

492 1298 645 1354 homo
694 1317 787 1367 pro
821 1304 999 1356 anima
1028 1310 1172 1363 sua?
1210 1308 1340 1362 Nam
1375 1311 1654 1365 inhonesta
1691 1313 1882 1366 anima:
1915 1311 2062 1364 salus

492 1390 798 1460 perditione
824 1393 1062 1455 deterior
1100 1409 1203 1457 est.

561 1661 696 1715 Cum
733 1680 862 1734 ergo
885 1667 1177 1735 quispiam,
1203 1669 1269 1722 ad
1303 1671 1582 1734 prmseutis
1607 1671 1729 1724 vitae
1761 1671 1980 1725 delicias
2009 1685 2063 1727 et

489 1754 794 1820 Voluptates
824 1757 1082 1826 intentus,
1116 1773 1324 1815 recusat
1359 1763 1466 1830 pati
1501 1779 1596 1830 pro
1627 1764 1866 1827 Christo,
1895 1776 1946 1818 et
1975 1782 2064 1819 vc-

2164 664 2482 729 ἐνεργείας,
2524 666 2636 726 τοῖς
2677 663 2732 715 δὲ
2761 663 2969 728 νοητοῖς
2997 664 3061 729 τῇ
3105 661 3416 712 ἀποπαύσει
3447 660 3546 728 τῆς
3593 661 3731 727 μετά

2163 755 2348 822 νόησιν
2377 757 2662 823 κινήσεως.
2715 753 3023 822 Ἀνθρώπου
3065 754 3174 820 γὰρ
3211 751 3437 813 Θάνατος
3477 751 3734 803 ἐπαινού-

2166 865 2347 914 μενος,
2379 849 2409 914 ἡ
2442 846 2578 914 πρὸς
2625 845 2803 897 πάντα
2835 844 2902 896 τὰ
2928 845 3054 896 ὄντα
3088 843 3338 910 γνωμικὴ
3383 841 3731 920 ἀπογένεσις,

2166 937 2284 1006 μεθ’
2314 936 2490 1007 ἣντὴν
2514 936 2664 988 θείαν
2695 939 2753 988 ἐν
2782 936 2966 1005 χάριτι
2996 935 3140 1002 ζωὴν
3168 933 3529 1002 ὑποδέχεσθαι
3561 933 3731 998 πέφυ-

2165 1045 2259 1081 κεν
2291 1029 2409 1081 ἀντὶ
2452 1029 2670 1081 πάντων
2700 1029 2809 1080 τῶν
2842 1027 3009 1079 ὄντων
3039 1029 3130 1078 τὸν
3183 1025 3353 1077 αἴτιον
3397 1024 3513 1093 τῶν
3551 1025 3730 1076 ὄντων

2163 1120 2431 1188 ὲννοήτως
2469 1119 2757 1173 ἀπολαϐὼν
2788 1118 2991 1188 Κύριον
3037 1119 3129 1169 καὶ
3160 1116 3314 1170 Θεόν.
3355 1117 3412 1168 Τι’
3439 1117 3547 1184 γὰρ
3580 1115 3732 1182 «35:8-

2162 1213 2344 1278 λήσει
2389 1212 2721 1280 ἄνθρωπον,
2774 1212 2884 1264 ἐὰν
2911 1213 3018 1264 τὸν
3063 1211 3299 1276 κόσμον
3335 1207 3483 1260 ὅλον
3517 1205 3732 1271 κερὸήα

2163 1321 2268 1370 σῃ,
2303 1304 2416 1370 τὴν
2438 1303 2504 1356 δὲ
2552 1303 2766 1372 ψυχὴν
2825 1302 3012 1356 αὐτοῦ
3066 1299 3323 1370 ζημιωθῇ
3369 1299 3407 1367 ἢ
3446 1299 3504 1351 τί
3554 1298 3735 1351 δώσει

2163 1397 2474 1462 ἅνθρωπος
2531 1395 2925 1461 ἀντάλλαγμα
2978 1392 3090 1460 τῆς
3137 1391 3348 1460 ψυχῆς
3400 1391 3624 1453 αὐτοῦ;
3669 1391 3733 1442 ἸΙ

2165 1487 2315 1553 παρὰ
2351 1485 2412 1538 τὸ
2441 1486 2558 1538 δέον
2587 1487 2688 1556 τῆς
2712 1486 2894 1555 ψυχῆς
2932 1486 3197 1555 σωτηρία,
3229 1483 3507 1546 ἀπωλεὲας
3533 1484 3734 1553 χείρων

2165 1579 2334 1630 ἐστίν.

2237 1670 2406 1723 Ὅταν
2431 1669 2538 1739 ἄρα
2567 1687 2670 1732 τις,
2707 1670 2786 1731 εἰς
2820 1668 2889 1720 τὰ
2915 1666 3006 1720 τοῦ
3045 1667 3308 1736 παρόντος
3337 1666 3454 1734 βίου
3482 1665 3612 1732 ἡδέα
3641 1665 3740 1714 καὶ

2162 1763 2372 1833 τερπνά
2418 1762 2762 1825 ἀποϐλέπων,
2812 1764 3218 1830 παραιτήσηται
3287 1760 3384 1828 μὲν
3428 1759 3488 1809 τὸ
3541 1757 3741 1810 παθεῖν

495 1847 677 1909 ritate,
727 1859 782 1903 et
829 1849 1034 1918 iustitia
1065 1891 1079 1916 ,
1111 1853 1494 1922 splendideque
1544 1849 1730 1908 vivere
1769 1859 1946 1910 studet
2002 1859 2053 1910 in

2169 1856 2302 1926 ὑπὲρ
2331 1855 2422 1907 τού
2449 1852 2707 1922 Χριστοῦ,
2727 1853 2821 1906 καὶ
2856 1853 2954 1920 τῆς
2974 1851 3251 1919 ἀληθείας,
3276 1850 3367 1901 καὶ
3398 1851 3497 1918 τῆς
3521 1850 3731 1901 δικαιοο

491 1937 593 1996 ltoc
624 1942 840 2004 mundo,
881 1944 982 1996 etsi
1011 1958 1140 2012 opes
1174 1945 1390 2005 habeat.
1419 1947 1516 1999 etsi
1555 1947 1803 2016 gloriam,
1840 1949 1940 2002 etsi
1976 1965 2066 2001 co-

493 2030 632 2093 piam
663 2033 1042 2101 pecuniarum,
1075 2036 1176 2088 etsi
1201 2037 1402 2106 aliquid
1432 2039 1571 2090 aliud
1609 2038 1873 2104 ejusmodi
1898 2057 1912 2090 :
1935 2040 2063 2104 quid

493 2123 619 2181 inde
659 2124 907 2182 utilitatis
938 2127 1004 2180 ad
1033 2143 1154 2182 eum
1182 2130 1320 2181 redit
1345 2129 1524 2182 anima
1550 2130 1801 2196 perdita?
1828 2129 2068 2184 Praeterit

493 2216 636 2270 enim
693 2219 858 2288 ligur-a
906 2221 1091 2272 mundi
1132 2221 1314 2289 hujus,
1344 2231 1394 2274 et
1430 2221 1746 2275 umbrarum
1783 2221 1954 2274 instar
1985 2221 2066 2274 in-

493 2308 766 2362 clinantur
808 2309 1055 2376 deliciae,
1103 2321 1158 2366 et
1204 2313 1430 2366 divitum
1479 2327 1608 2382 Opes
1656 2313 1895 2367 avolant.
1950 2313 2064 2367 Non

493 2400 636 2454 enim
678 2401 975 2471 proderent
1032 2404 1272 2459 thesauri
1321 2405 1563 2473 iniquis,
1621 2405 1833 2475 iustitia
1881 2417 2065 2460 autem

491 2491 682 2550 liberat
725 2509 756 2548 a
814 2507 1006 2554 morte.
1036 2498 1190 2552 Umle
1220 2500 1288 2554 iis
1334 2499 1422 2566 qui
1477 2511 1623 2554 recte
1678 2501 1861 2556 vivere
1907 2501 2063 2555 int-iti-

495 2593 675 2648 tuunt,
719 2586 1006 2653 supernum
1056 2600 1184 2641 sunt
1223 2588 1495 2643 illecebrae
1542 2589 1742 2652 carnis.
1773 2601 1826 2644 et
1878 2606 2068 2660 sapere

496 2694 558 2734 ea
593 2696 714 2748 quas
752 2681 805 2735 in
844 2683 1046 2737 mundo
1087 2694 1231 2744 sunt,
1264 2685 1617 2751 perditionem
1648 2686 1924 2740 conciliat.
1963 2685 2066 2740 Sa-

506 2772 713 2837 pientia
745 2775 887 2828 enim
937 2777 1117 2830 carnis
1152 2777 1364 2830 inimica
1408 2787 1490 2832 est
1536 2777 1677 2839 Deo;
1708 2788 1761 2831 et
1795 2779 1886 2846 qui
1933 2779 2070 2842 sapit

496 2877 559 2918 ea
591 2878 711 2928 qme
745 2863 929 2920 mundi
961 2875 1107 2929 sunt,
1140 2866 1394 2920 inimicus
1424 2865 1513 2920 Dei
1562 2867 1930 2921 constituitur.
1967 2865 2070 2921 Su-

495 2951 758 3019 perlluum
801 2967 928 3019 ergo
966 2961 1046 3005 est
1077 2969 1264 3020 sapere
1292 2971 1411 3022 quae
1441 2954 1492 3008 in
1527 2958 1730 3010 mundo
1759 2966 1908 3010 sunt.
1945 2955 2069 3010 ldeo

495 3041 627 3098 dicit
655 3059 669 3096 :
704 3043 846 3107 Quid
872 3045 1011 3096 enim
1058 3044 1291 3112 proderit
1335 3044 1552 3105 homini,
1579 3045 1624 3098 si
1665 3047 1918 3100 mundum
1950 3046 2072 3098 uni-

495 3150 697 3193 versum
745 3135 1018 3196 lucretur,
1059 3144 1108 3188 et
1145 3135 1339 3190 animo:
1390 3153 1499 3188 sum
1534 3138 1808 3205 jacturam
1859 3138 2069 3206 faciat?

496 3224 575 3286 Ne
624 3226 769 3280 enim
830 3225 960 3279 mibi
1019 3227 1188 3290 dicas,
1225 3243 1256 3280 o
1297 3229 1480 3291 homo,
1525 3239 1575 3282 te
1625 3229 1828 3282 salvam
1872 3228 2067 3283 fecisse

501 3318 738 3372 animam
775 3328 849 3372 tot
884 3320 1156 3389 tantisque
1185 3321 1402 3374 evitatis
1432 3322 1708 3390 periculis.
1745 3322 1800 3375 Si
1835 3337 2067 3391 namque

501 3425 604 3462 una
657 3426 777 3466 cum
820 3413 996 3464 anima
1031 3427 1124 3464 sua
1162 3413 1350 3465 orbem
1381 3429 1594 3480 quoque
1627 3421 1895 3467 terrarum
1943 3413 2067 3482 quis

499 3500 737 3553 lucretur
781 3502 1114 3564 universum,
1155 3502 1282 3570 quid
1334 3502 1686 3554 emolumenti
1735 3501 1858 3555 imle
1891 3503 2071 3568 capiet

499 3589 677 3647 anima
731 3590 976 3657 perdita,
1037 3606 1160 3644 cum
1217 3605 1326 3658 qua
1387 3606 1452 3643 ne
1510 3589 1798 3644 universus
1853 3591 2066 3658 quidem

498 3681 732 3733 mundus
763 3683 1157 3748 comparandus
1191 3681 1316 3734 est?
1353 3680 1419 3736 Ut
1455 3681 1599 3734 enim
1647 3682 1818 3735 servis
1847 3681 1898 3734 in
1933 3682 2067 3735 deli-

500 3773 600 3825 ciis
633 3772 867 3840 luxuque
897 3772 1223 3833 viventibus,
1255 3773 1300 3826 si
1331 3773 1588 3828 dominus
1617 3773 1671 3827 in
1705 3775 1964 3828 extremis
1993 3774 2071 3828 in-

502 3874 646 3918 terea
680 3874 926 3918 versotur
982 3864 1158 3924 malis,
1186 3863 1320 3917 nihil
1378 3864 1514 3918 lucri
1564 3880 1632 3920 ex
1692 3880 1758 3920 eo
1815 3867 2068 3937 percipit,

500 3957 643 4028 quod
678 3955 926 4009 dominus
959 3953 1028 4007 sit
1057 3972 1070 4008 :
1107 3956 1178 4008 ita
1210 3955 1398 4018 etiam,
1428 3956 1471 4007 si
1506 3967 1691 4008 venter
1742 3956 1972 4011 delicate
1998 3959 2076 4011 vi-

499 4054 592 4099 vat
617 4054 670 4098 et
700 4045 942 4114 opipare,
973 4046 1069 4100 sed
1119 4047 1295 4100 anima
1329 4047 1563 4100 futuram
1598 4056 1873 4116 exspectet
1900 4050 2074 4118 pcrdi-

515 4140 740 4216 tiouem,
777 4139 924 4198 nulla
958 4140 1005 4193 ei
1040 4140 1242 4196 utilitas
1271 4149 1324 4196 et
1356 4140 1506 4195 salus
1537 4139 1664 4195 inde
1689 4142 1935 4196 exsistet.
1966 4141 2072 4198 Ne—

500 4245 604 4300 que
623 4231 766 4284 euim
796 4232 1020 4300 pecunia
1055 4230 1176 4284 licet
1204 4241 1540 4288 commutare
1562 4232 1812 4285 salutem.
1839 4230 1894 4285 Si
1922 4234 2066 4286 cni.u

501 4323 554 4382 id
589 4323 795 4385 liceret,
832 4323 923 4393 qui
977 4323 1219 4376 lucratus
1269 4331 1386 4376 erat
1417 4323 1699 4385 mundum,
1733 4331 1789 4377 at
1836 4325 2070 4378 animam

502 4414 834 4485 perdiderat,
883 4413 1123 4468 dedisset
1172 4414 1428 4481 pecunias
1479 4425 1617 4478 tum,
1670 4431 1794 4469 cum
1844 4415 2074 4468 ﬂammis

2169 1949 2368 2016 σύνης,
2411 1947 2674 2017 ἀγαπήσῃ
2711 1945 2769 1998 δὲ
2823 1945 2883 1996 τὸ
2921 1944 3204 1996 διαϐιῶναι
3252 1942 3520 2011 λαμπρῶς
3572 1944 3629 1993 ὲν
3661 1942 3744 2010 τῷ

2167 2045 2358 2112 κόσμῳ
2386 2041 2584 2109 τούτῳ,
2617 2039 2722 2091 κᾶν
2755 2037 2986 2090 πλοῦτον
3012 2036 3146 2105 ἔχει,
3177 2034 3281 2088 κᾶν
3308 2035 3485 2099 δόξαν,
3526 2033 3624 2087 κᾶν
3645 2051 3741 2086 πε..

2173 2137 2414 2207 ριουσξαν
2453 2135 2777 2205 χρημάτων,
2831 2131 2934 2184 κᾶν
2967 2130 3094 2184 ἀλλο
3135 2146 3190 2180 τι
3231 2126 3474 2180 τοιοῦτον
3499 2143 3512 2158 ο
3573 2126 3625 2176 τί
3676 2125 3743 2175 τὸ

2167 2227 2361 2295 ὄφελος
2393 2226 2644 2280 ἐντεῦθεν
2684 2223 2836 2292 αὐτῷ
2866 2225 2967 2293 τὴν
3007 2219 3187 2290 ψυχὴν
3226 2217 3588 2282 ἀπολέσαντι;
3624 2219 3741 2269 lla.

2171 2319 2399 2388 ράγεται
2432 2317 2541 2389 γὰρ
2601 2316 2661 2368 τὸ
2686 2317 2872 2384 σχῆμα
2901 2313 2993 2365 τοῦ
3043 2312 3252 2378 κόσμου
3293 2308 3510 2372 τούτου,
3555 2308 3649 2359 καὶ
3679 2307 3746 2358 ὲν

2170 2413 2270 2480 ῐσῳ
2303 2411 2483 2472 σκιαῖς
2510 2411 2580 2461 τὰ
2600 2408 2811 2478 τερπνά
2841 2405 3261 2476 μετακλίνεται·
3303 2405 3398 2456 καὶ
3445 2401 3554 2453 τῶν
3584 2400 3740 2470 ὲχόβ

2167 2504 2326 2556 τωνό
2351 2501 2579 2562 πλοῦτος
2602 2501 2931 2568 ἀφίπταται.
2987 2496 3063 2551 Ού
3110 2496 3218 2565 γὰρ
3258 2493 3598 2563 ὠφελήσουσι
3644 2491 3746 2562 θη-

2169 2594 2360 2663 σαυροὶ
2396 2591 2627 2660 ἀνόμους
2651 2606 2665 2620 ⁸
2693 2588 3008 2657 δικαιοσύνη
3046 2587 3101 2639 δὲ
3139 2585 3327 2656 ῥύεται
3359 2587 3424 2636 ὲκ
3482 2581 3743 2638 θανάτου.

2171 2684 2336 2738 Ὅθεν
2365 2685 2475 2746 τοῖς
2500 2681 2742 2735 ἐθέλουσι
2779 2679 2928 2750 βιοῦν
2956 2679 3132 2748 ὀρθῶς
3195 2675 3430 2746 περιττὰ
3475 2675 3575 2742 τῆς
3606 2691 3744 2741 σαρ-

2171 2779 2287 2844 κὸς,
2318 2776 2416 2829 καὶ
2449 2776 2509 2828 τὸ
2538 2775 2758 2845 φρονεῖν
2783 2773 2851 2826 τὰ
2911 2774 2970 2824 ὲν
3006 2771 3197 2838 κόσμῳ
3237 2767 3510 2828 ἀπωλείας
3546 2765 3749 2835 πρόξες

2169 2886 2258 2921 νον
2289 2868 2520 2934 γίνεται·
2572 2865 2634 2918 τὸ
2678 2866 2791 2935 γὰρ
2844 2865 3100 2934 φρόνημα
3151 2862 3249 2929 τῆς
3293 2858 3518 2928 σαρκὸς,
3568 2855 3744 2926 ἐχθρὰ

2171 2961 2250 3022 εἰς
2278 2958 2430 3020 Θεὸν,
2462 2957 2555 3011 καὶ
2582 2959 2608 3010 6
2643 2955 2858 3028 φρονῶν
2891 2956 2958 3006 τὰ
2989 2953 3087 3005 τοῦ
3141 2951 3348 3021 κόσμου
3393 2947 3584 3020 ἐχθρὸς
3646 2946 3744 2999 τοῦ

2171 3047 2307 3100 Θεοῦ
2361 3045 2709 3100 καθίσταται.
2755 3045 3091 3113 Περιττότης
3140 3042 3234 3095 οὖν
3288 3041 3505 3111 ἀληθῶς
3563 3039 3632 3091 τὰ
3683 3040 3748 3090 ἐν

2172 3138 2363 3207 κόσμῳ
2397 3138 2634 3206 φρονεῖν.
2668 3134 2764 3187 Διά
2790 3133 2948 3187 τοῦτο
2974 3133 3122 3199 λέγει
3144 3148 3158 3162 °
3202 3131 3265 3185 Τί
3291 3129 3405 3199 γὰρ
3435 3127 3746 3198 ὠφελήσει

2171 3231 2506 3296 ἄνθρωπον,
2531 3228 2641 3280 ἐὰν
2653 3227 2760 3280 τὸν
2782 3228 3016 3294 κόσμον
3031 3222 3182 3278 ὅλον·
3197 3223 3485 3292 κερδήσῃ,
3521 3222 3623 3273 καὶ
3649 3219 3750 3286 ζη-

2165 3320 2357 3391 μιωθῇ
2382 3319 2726 3389 τὴνψυχὴν
2745 3320 2956 3381 αὐτοῦς
2976 3318 3060 3386 Μὴ
3086 3319 3194 3387 γὰρ
3224 3317 3372 3381 λέγε,
3403 3309 3748 3384 ὧάνθρωπε,

2170 3416 2253 3467 ὅτι
2281 3417 2380 3484 τὴν
2414 3413 2595 3481 ψυχὴν
2644 3411 2876 3477 ἔσωσας,
2909 3410 3199 3470 τοσούτους
3244 3408 3520 3461 κινδύνους
3549 3408 3748 3475 διαφυ-

2171 3506 2317 3573 γών·
2384 3506 2432 3557 ει
2467 3509 2576 3572 γὰρ
2608 3503 2745 3573 μετά
2767 3507 2867 3570 τῆς
2895 3503 3074 3572 ψυχῆς
3106 3501 3268 3554 αὐτοῦ
3313 3503 3403 3553 καὶ
3433 3501 3531 3568 τὴν
3564 3503 3753 3553 οἱκουν

2176 3599 2346 3668 μένην
2377 3598 2638 3667 κερδήσει
2673 3615 2755 3658 τις
2782 3595 3026 3660 ἃπασαν,
3053 3596 3106 3646 τε
3146 3598 3208 3647 τὸ
3257 3596 3418 3646 πλέον
3449 3593 3597 3660 αύτῷ
3645 3593 3751 3644 ἑν-

2170 3690 2360 3742 τεῦθεν
2389 3691 2487 3758 τῆς
2517 3689 2695 3758 ψυχῆς
2724 3687 3130 3756 ἀπολλυμένης,
3177 3683 3246 3759 ἦς
3307 3687 3416 3740 οὐδ’
3453 3688 3480 3740 6
3540 3687 3748 3755 κόσμος

2173 3782 2317 3842 am;
2347 3783 2495 3833 ἐστὶν
2539 3781 2874 3844 ἰσοστάσιος
2917 3781 3130 3848 Ὥσπερ
3162 3779 3269 3847 γὰρ
3295 3780 3344 3830 εἰ
3369 3779 3477 3830 τῶν
3514 3778 3752 3831 οἰκετῶν

2172 3871 2501 3942 τρυφώντων
2529 3873 2624 3926 καὶ
2651 3870 3076 3932 σπαταλὼντων,
3108 3872 3135 3922 6
3165 3869 3433 3938 δεσπότης
3457 3871 3514 3920 ἐν
3550 3871 3751 3930 κακοῖς

2170 3967 2283 4026 τοῖς
2321 3963 2570 4034 ἐσχάτοις
2625 3965 2962 4033 εὑρίσκεται,
2999 3963 3091 4013 καὶ
3126 3961 3277 4014 οὐδὲν
3306 3963 3443 4023 ὅλως
3471 3962 3750 4030 κερδαίνει

2173 4059 2238 4109 ἐκ
2264 4056 2358 4109 τοῦ
2412 4056 2680 4126 δεσπότην
2729 4051 2868 4108 εἶναι
2891 4070 2904 4084 ·
2945 4053 3120 4115 οὕτως
3154 4052 3202 4103 el
3250 4052 3346 4104 καὶ
3376 4052 3474 4120 τῆς
3509 4044 3749 4121 γαστρός

2173 4149 2464 4220 τρυφώσης
2495 4149 2590 4200 καὶ
2619 4147 3005 4216 σπαταλῶσης,
3042 4147 3074 4215 ἡ
3105 4145 3254 4214 ψυχὴ
3307 4145 3406 4214 τὴν
3441 4142 3751 4211 μέλλουσαν

2174 4238 2436 4306 ἀναμένει
2491 4237 2787 4295 ἀπώλειαν.
2845 4234 3070 4304 οὐδεμία
3131 4234 3302 4302 ταύτῃ
3362 4232 3597 4298 ὠφέλεια
3653 4233 3754 4285 καὶ

2177 4328 2422 4396 σωτηρία
2451 4329 2738 4397 γενήσεται
2764 4343 2778 4357 ·
2809 4327 2884 4395 μὴ
2915 4327 3024 4396 γὰρ
3052 4325 3354 4395 χρημάτων
3383 4324 3530 4375 ἐστὶν
3554 4322 3755 4375 ἀνταλ-

2174 4419 2443 4485 λάξασθαι
2473 4420 2570 4487 τὴν
2595 4419 2890 4488 σωτηρίαν.
2922 4420 2986 4472 Εἰ
3009 4420 3116 4488 γὰρ
3146 4415 3211 4488 ἦν
3244 4415 3424 4481 τοῦτο,
3455 4415 3483 4468 6
3543 4417 3749 4484 κερδή-

499 4506 858 4570 cruciaretur,
887 4514 942 4559 et
1001 4505 1264 4560 liberatus
1314 4505 1524 4562 fuisset.
1590 4508 1695 4562 Sed
1739 4523 1842 4562 nou
1893 4507 2067 4563 licebit

2183 4531 2283 4575 σας
2337 4511 2430 4563 τὸν
2465 4512 2688 4579 κόσμον,
2721 4510 2818 4579 τὴν
2857 4512 2912 4562 δὲ
2963 4510 3142 4579 ψυχὴν
3199 4508 3509 4573 ἀπωλέσας,
3543 4508 3751 4560 ἔδωκεν

499 4609 612 4657 tum
670 4599 829 4654 talem
876 4599 1355 4654 commutationem
1403 4601 1531 4654 dare
1583 4614 1684 4669 pro
1733 4600 1934 4663 anima,
1979 4600 2074 4655 sed

497 4703 698 4756 aeterna
751 4692 856 4748 erit
899 4705 1057 4759 ptena
1095 4701 1150 4746 et
1205 4702 1485 4761 perpetua.
1541 4691 1729 4762 Neque
1787 4692 1931 4747 enim
1971 4695 2073 4748 etsi

498 4784 623 4853 quis
657 4799 753 4838 rex
799 4783 951 4836 orbis
997 4791 1265 4836 terrarum
1303 4783 1394 4848 sit,
1433 4785 1786 4852 omniumque
1829 4783 1944 4850 ejus
1983 4799 2076 4852 pe-

498 4874 783 4935 cuniarum
841 4873 1118 4937 dominus,
1165 4875 1365 4941 poterit
1416 4889 1578 4926 unam
1631 4875 1901 4929 redimere
1956 4876 2075 4927 ani-

499 4983 662 5028 mam,
697 4966 820 5020 licet
861 4982 1051 5023 omnes
1088 4967 1236 5021 orbis
1272 4967 1529 5031 pecunias
1575 4967 1735 5034 pretii
1786 4967 1903 5019 loco
1938 4966 2066 5020 alle-

501 5070 620 5125 rat;
650 5073 827 5128 neque
865 5060 1044 5112 omnis
1091 5059 1272 5111 mundi
1329 5059 1512 5122 luxus,
1550 5067 1600 5112 et
1653 5059 1907 5125 splendor
1953 5061 2070 5112 exi-

499 5165 664 5213 guum
731 5150 947 5216 aliquod
1002 5149 1247 5203 solatium
1282 5149 1474 5203 anima:
1519 5151 1720 5218 poterit
1777 5150 2059 5215 adbibere,

500 5254 621 5292 cum
659 5247 919 5300 internum
965 5238 1326 5306 torquebitur.

2172 4605 2241 4658 ἂν
2271 4605 2533 4674 χρήματα
2565 4604 2623 4654 ὲν
2677 4605 2741 4671 τῇ
2784 4603 2943 4668 φλογὶ
2988 4600 3435 4669 τηγανιζόμενος,
3478 4601 3570 4651 καὶ
3597 4600 3749 4667 ηθω-

2173 4697 2311 4761 ώθη,
2340 4697 2435 4748 καὶ
2470 4695 2832 4773 ἐλευθερώθη.
2889 4693 3031 4746 Ἀλλ’
3085 4691 3183 4744 οὐκ
3239 4691 3351 4742 ἐστι
3398 4692 3520 4744 τότε
3569 4692 3752 4743 τοιοῦ-

2171 4806 2262 4840 τον
2279 4787 2632 4856 ἀντάλλαγμα
2657 4787 2840 4839 δοῦναι
2866 4786 2962 4853 τῆς
2983 4784 3181 4853 ψυχῆς,
3211 4783 3348 4834 ἀλλά
3371 4784 3564 4836 αἰωνὶα
3597 4785 3706 4834 ἐστ’
3723 4803 3754 4836 ν

2171 4883 2204 4949 ἡ
2237 4881 2458 4943 κόλασις
2520 4881 2616 4932 καὶ
2648 4878 3024 4946 ἀτελεύτητος.
3055 4876 3192 4928 Οὐδὲ
3227 4875 3338 4944 γὰρ
3366 4875 3459 4927 ὲάν
3489 4875 3753 4942 pactis-3;

2171 4973 2271 5038 τῆς
2292 4969 2623 5038 οἰκουμένης
2659 4969 2878 5036 ὑπάρχῃ
2908 4982 3015 5031 τις,
3068 4965 3164 5018 καὶ
3217 4963 3434 5016 πάντων
3490 4965 3596 5015 τῶν
3651 4966 3751 5016 ἐπὶ

2173 5061 2276 5127 γῆς
2327 5062 2625 5131 χρημάτων
2677 5058 2906 5130 κυριεύῃ
2961 5059 3057 5110 καὶ
3115 5059 3392 5129 δεσπόζῃ,
3454 5057 3752 5122 δυνήσεται

2173 5153 2271 5220 τὴν
2302 5152 2495 5205 ἑαυτοῦ
2528 5152 2797 5221 ἀγοράσαι
2837 5149 3036 5220 ψυχὴν,
3073 5151 3179 5202 κᾶν
3216 5152 3390 5202 πάντα
3420 5149 3488 5200 τὰ
3539 5150 3635 5217 τῆς
3671 5152 3756 5201 οἰ-

2178 5245 2450 5314 κουμένης
2481 5244 2578 5312 δῷ.
2611 5243 2750 5296 Ἀλλ’
2775 5242 2897 5294 οὐδὲ
2931 5244 2963 5310 ή
2989 5241 3138 5310 ἐντῷ
3163 5242 3352 5308 κόσμῳ
3384 5242 3532 5291 πᾶσα
3564 5242 3749 5309 τρυεοὴ

501 5332 598 5383 καὶ
624 5331 1017 5406 λαμπροφορία
1075 5330 1281 5402 μικράν
1327 5348 1448 5391 τινα
1513 5333 1844 5403 παραψυχὴν
1925 5335 2017 5386 καὶ
2085 5339 2444 5408 παραμυθίαν
2505 5339 2796 5402 δυνήσεται
2848 5338 3292 5407 ἀπεργάσασθαι,
3354 5334 3752 5396 ὄταναίωνῐως

499 5425 818 5494 κολάζηται.

574 5519 730 5575 Nunc
759 5536 888 5578 vero
920 5522 1009 5574 dat
1038 5523 1196 5576 homo
1223 5523 1619 5591 pmuitentiam,
1649 5523 2068 5590 confessionem,

501 5611 791 5684 lacrymas,
843 5615 1094 5681 gemitus,
1145 5617 1570 5682 elecmosynam,
1624 5625 1677 5669 et
1733 5631 1891 5669 omne
1948 5615 2073 5668 relic

503 5719 665 5772 quum
719 5709 910 5760 salutis
955 5708 1212 5774 pretium.
1244 5706 1469 5758 Dolosus
1499 5721 1629 5758 vero
1679 5706 1852 5760 hostis
1889 5716 2074 5759 noster

503 5793 751 5850 diabolus
807 5814 1024 5867 semper
1090 5798 1288 5865 decipit
1351 5813 1446 5850 nos
1501 5799 1626 5850 vitze
1685 5799 2070 5864 voluptatibus,

504 5898 821 5965 tt‘tnpttsquc
905 5890 1160 5960 paulatim
1240 5889 1689 5963 pmcrasliuatttio
1754 5890 2069 5943 SUllUt‘aHll'.

2241 5523 2354 5576 Νῦν
2393 5522 2452 5575 δὲ
2495 5521 2711 5574 δίδωσιν
2758 5522 2787 5572 6
2836 5521 3122 5591 ἄνθρωπος
3197 5519 3506 5588 μετάνοιαν,
3555 5517 3756 5585 ἐξαγό-

2172 5632 2380 5686 ρευσιν,
2421 5614 2658 5678 δάκρυα,
2700 5616 3061 5681 στεναγμοὺς,
3090 5609 3480 5680 ἐλεημοσύνην,
3508 5609 3603 5660 καὶ
3636 5612 3754 5661 πᾶ-

2175 5722 2272 5756 σαν
2303 5703 2472 5771 ἄλλην
2516 5702 2615 5772 τὴν
2653 5703 2754 5768 τῆς
2799 5701 3071 5771 σωτηρίας
3098 5701 3234 5752 ὀδόν.
3277 5698 3336 5750 Ὀ
3369 5696 3424 5748 δὲ
3449 5694 3621 5756 δόλιος
3659 5697 3758 5764 ἑχ-

2175 5793 2300 5862 θρὸς
2331 5793 2489 5860 ἡμῶν
2523 5796 2614 5844 καὶ
2671 5793 2912 5852 διάϐολος
2968 5792 3054 5842 ἀεί
3115 5806 3244 5841 ποτε
3291 5785 3540 5853 ἐξαπατᾷ
3594 5785 3755 5852 ἡμᾶς

2174 5890 2290 5948 ταῖς
2324 5883 2414 5936 τοῦ
2456 5886 2570 5955 βίου
2607 5887 2839 5956 ἡδοναῖς,
2879 5884 2971 5935 καὶ
3032 5880 3365 5934 ὑποκλεπτει
3411 5878 3530 5941 ταῖς
3601 5880 3757 5934 κατὰ
