4156 6304
349 386 468 451 Q77

1551 382 1839 445 ORATIO
1872 381 1956 443 IN
1998 382 2064 446 S.
2103 381 2431 444 CRUCEM.

3509 373 3621 440 278

365 500 568 570 μικρὸν
595 498 948 568 ὑποθέσεσιν,
969 500 1148 572 Ἐμοὶ,
1194 500 1393 569 λέγων,
1424 500 1514 565 δὸς
1547 501 1647 571 τὴν
1677 504 1941 572 σήμερον,

2064 500 2201 564 llihi.
2231 499 2434 569 inquit,
2462 497 2602 554 diem
2632 497 2698 552 da
2747 496 3091 564 hodiernum,
3124 493 3237 549 Deo
3275 491 3573 549 crastinum
3600 510 3616 553 :

361 591 488 661 Θεῷ
515 590 574 644 δὲ
609 591 711 663 τὴν
745 591 959 663 αῦριον·
997 592 1121 663 ἐμοὶ
1149 593 1210 646 τὸ
1233 593 1415 664 παρὸν
1442 593 1553 660 δὸς,
1603 593 1726 662 Θεῷ
1772 593 1829 646 δὲ
1876 591 1937 645 τὸ

368 684 597 753 μέλλον·
637 685 725 738 ἵνα
773 682 915 738 οὕτω
947 684 1322 755 βραδυνόντων
1371 684 1532 754 ἡμῶν
1580 684 1717 755 πρὸς
1774 684 1939 753 μετά-

366 798 516 835 νοιαν
552 781 647 833 καὶ
685 780 995 849 διόρθωσιν,
1064 780 1311 832 ἐπελθὼν
1352 778 1654 851 ἀφαρπάσῃ
1685 779 1713 831 6
1769 777 1938 831 θάνα-

367 887 484 935 τος,
518 870 594 940 μὴ
622 868 790 933 ὅντως
848 868 1244 938 λυτρουμένου.
1292 869 1429 939 μηδὲ
1482 867 1774 932 σώζοντος.
1810 868 1944 923 Ἀν-

365 961 579 1032 θρωπος
605 962 704 1030 μὲν
737 957 834 1013 οὖν
859 960 960 1013 οὐκ
988 958 1103 1029 ἔχει
1130 976 1185 1012 τι
1212 958 1399 1012 δοῦναι
1447 959 1801 1030 ἀντάλλαγμα
1842 961 1944 1030 τῆς

363 1052 545 1123 ψυχῆς
571 1052 761 1107 αὑτοῦ·
790 1054 818 1105 ὁ
840 1051 896 1104 δὲ
928 1052 1061 1114 Θεδς
1094 1054 1195 1121 τῆς
1216 1052 1376 1122 ἡμῶν
1423 1052 1697 1123 σωτηρίας
1756 1053 1945 1106 ἕνεκεν

361 1144 594 1199 δέδωκεν
620 1144 985 1211 ἀντάλλαγμα
1015 1143 1081 1197 τὸ
1097 1143 1278 1212 τίμιον
1306 1138 1446 1212 αἷμα
1469 1142 1563 1197 τοῦ
1592 1142 1724 1197 Υίοῦ
1752 1142 1943 1198 αὑτοῦ.

364 1238 458 1289 Διὸ
497 1235 833 1303 παρακαλῶ,
858 1236 930 1288 τὰ
965 1236 1127 1289 λοιπὰ
1165 1238 1343 1291 πάντα
1394 1237 1656 1303 ἁφεντες,
1711 1237 1793 1299 είς
1847 1235 1948 1306 τὴν

364 1327 544 1397 ψυχὴν
578 1326 803 1381 ἃπασαν
832 1327 936 1396 τὴν
958 1328 1193 1399 σπουδὴν
1217 1328 1634 1398 ἀναλίσκωμεν.
1659 1328 1783 1381 Τῶν
1837 1327 1950 1398 γὰρ

368 1422 429 1474 ἐν
462 1422 598 1491 ἡμῖν
630 1421 854 1474 πάντων
895 1420 1230 1492 κυριώτερον
1257 1424 1291 1493 ἡ
1316 1421 1464 1492 ψυχὴ
1501 1422 1678 1475 ἐστιν.
1718 1422 1817 1483 Ὃς
1839 1422 1953 1492 γὰρ

368 1511 467 1563 ἐὰν
519 1507 867 1584 ἀπαισχυνθῇ
902 1528 990 1581 με,
1024 1512 1182 1581 φησὶ,
1210 1512 1307 1565 καὶ
1339 1511 1469 1575 τοὺς
1529 1513 1701 1583 εμοὺς
1753 1512 1951 1580 λόγους

369 1602 430 1652 ἐν
451 1602 618 1672 γενεᾷ
640 1600 813 1673 ταύτῃ
839 1605 902 1671 τῇ
938 1603 1213 1673 μοιχαλίδι
1265 1603 1362 1657 καὶ
1408 1604 1719 1675 ἀμαρτωλῷ
1738 1619 1754 1635 ⁶
1801 1605 1894 1659 καὶ
1922 1606 1952 1659 6

369 1693 504 1756 Υίὺς
559 1692 655 1747 τοῦ
700 1693 988 1763 ἀνθρώπου
1038 1696 1537 1766 ἐπαισχυνθήσεται
1591 1695 1778 1764 αὐτὸν,
1821 1697 1952 1751 ὅταν

373 1785 509 1857 ἔλθῃ
537 1786 596 1837 έν
627 1787 690 1855 τῇ
724 1785 852 1857 δόξῃ
885 1786 977 1841 τοῦ
1007 1788 1223 1859 Πατρὺς
1256 1788 1420 1842 αὐτοῦ
1458 1788 1598 1859 μετὰ
1636 1788 1746 1843 τῶν
1784 1790 1952 1859 ἀγγέ-

372 1869 480 1922 λων
509 1870 616 1925 τῶν
648 1872 839 1939 ἁγίων.
883 1874 957 1926 Οὐ
1005 1877 1167 1944 μόνον
1198 1877 1339 1930 κατὰ
1377 1877 1618 1932 διάνοιαν
1681 1879 1957 1932 πιστεύειν

369 1960 682 2030 ὀφείλομεν,
706 1962 846 2016 ἀλλὰ
873 1966 971 2019 καὶ
999 1966 1098 2033 τὴν
1128 1966 1218 2019 διὰ
1271 1967 1546 2036 στόματος
1570 1968 1956 2040 ἀπαιτούμεθα

368 2049 700 2120 ὁμολογίαν·
729 2053 922 2122 ἐπειδὴ
953 2054 1064 2123 γὰρ
1117 2054 1341 2118 διπλοῦς
1374 2057 1522 2108 ἐστιν
1577 2059 1606 2110 ό
1643 2058 1952 2129 ἄνθρωπος,

365 2138 596 2203 διπλοῦς
621 2143 740 2193 ἐστι
762 2145 862 2196 καὶ
889 2144 917 2193 6
947 2142 1242 2210 ἁγιασμός.
1267 2143 1588 2211 Ἀγιάζεται
1610 2145 1720 2216 γὰρ
1742 2148 1774 2215 ἡ
1801 2147 1953 2219 ψυχὴ

368 2232 458 2284 διὰ
490 2232 591 2299 τῆς
629 2232 926 2300 ὁμολογίας
947 2249 962 2264 ο
992 2232 1179 2297 καθὼς
1208 2234 1301 2288 καὶ
1322 2237 1351 2288 6
1401 2236 1726 2301 Ἀπόστολος
1757 2238 1905 2306 λέγει
1934 2254 1952 2272 ο

374 2325 601 2394 Καρδίᾳ
626 2325 744 2395 μὲν
773 2327 882 2394 γὰρ
906 2328 1249 2385 πιστεύεται
1274 2330 1363 2394 εἰς
1380 2328 1803 2399 δικαιοσύνην·
1821 2331 1962 2385 στό-

375 2429 515 2480 ματι
542 2413 611 2466 δὲ
639 2414 1017 2484 ὁμολογεῖται
1045 2418 1134 2481 εἰς
1180 2420 1505 2485 σωτηρίαν.
1574 2419 1634 2473 '0
1677 2422 1735 2475 δὲ
1794 2424 1957 2474 ἐπαι-

379 2502 710 2569 σχυνόμενος
749 2505 844 2556 καὶ
872 2508 1272 2576 ἐντρεπόμενος
1304 2508 1384 2576 τῷ
1429 2511 1839 2581 έσταυρωμένῳ
1870 2531 1961 2564 πι-

375 2593 605 2647 στεῦσαι
662 2595 910 2665 Χριστῷ,
977 2599 1074 2650 καὶ
1140 2599 1479 2670 ὁμολογῆσαι
1532 2603 1666 2655 Θεὸν
1719 2604 1957 2659 ἑαυτοῦ·

317 2702 323 2709 ’
376 2684 850 2754 ὲπαισχυνόμενος
899 2686 956 2740 δὲ
984 2688 1229 2753 καὶτοὺς
1260 2691 1426 2744 αὐτοῦ
1483 2692 1677 2761 λόγους
1715 2696 1840 2759 τοὺς
1899 2699 1958 2752 ὲν

378 2773 459 2842 τῷ
522 2776 660 2847 ἁγίῳ
698 2779 1037 2851 Εὑαγγελίῳ,
1094 2782 1286 2837 τοῦτον
1316 2786 1412 2839 καὶ
1461 2789 1489 2841 ό
1537 2789 1744 2860 Κύριος
1797 2794 1959 2846 ἐπαι-

2042 592 2176 649 mihi
2227 603 2439 661 tempus
2486 605 2762 661 praesens,
2794 589 2926 652 Deo,
2963 590 3244 648 futurum;
3278 593 3334 639 ut
3384 585 3457 638 ita
3511 595 3617 639 tar-

2042 686 2236 741 dantes
2283 685 2351 741 ad
2395 686 2792 754 paenitentiam,
2828 693 2883 738 et
2919 682 3384 743 emendationem.
3429 696 3618 750 super-

2041 779 2269 833 veniens
2306 777 2541 846 abripiat
2583 791 2753 840 mors,
2790 776 3010 845 quando
3041 791 3148 829 non
3200 784 3305 839 cst,
3340 774 3434 843 qui
3482 771 3620 827 redi-

2045 881 2182 937 mat,
2235 885 2412 939 neque
2461 869 2556 939 qui
2604 869 2812 923 salvum
2861 867 3046 922 faciat.
3090 867 3261 922 llmno
3310 868 3475 937 igitur
3519 882 3624 920 non

2046 973 2227 1034 pntest
2281 964 2412 1017 dare
2478 962 2716 1030 aliquam
2773 963 3251 1015 commutationem
3297 976 3397 1031 pro
3445 961 3623 1014 anima

2050 1069 2143 1107 sua
2174 1070 2188 1118 ;
2225 1051 2364 1107 Deus
2401 1067 2532 1107 vero
2566 1067 2665 1121 pro
2696 1062 2879 1106 nostra
2924 1054 3101 1105 salute
3135 1053 3283 1106 dedit
3319 1061 3624 1107 commuta-

2051 1146 2279 1209 tionem,
2312 1147 2612 1215 pretiosum
2643 1145 2962 1214 sanguinem
2995 1142 3115 1197 Filii
3148 1143 3256 1199 sui.
3293 1143 3474 1210 Quare
3497 1144 3625 1198 hor-

2053 1246 2163 1302 tor,
2201 1246 2261 1293 ut
2292 1239 2546 1292 omnibus
2592 1237 2807 1290 ueteris
2855 1235 3038 1289 missis
3080 1235 3133 1289 in
3187 1237 3425 1290 animum
3466 1252 3627 1291 omne

2052 1331 2287 1385 studium
2318 1330 2685 1383 eonleramus.
2718 1328 2863 1383 Nihil
2903 1331 3048 1382 enim
3085 1328 3138 1382 iu
3176 1328 3336 1383 nobis
3363 1338 3626 1397 praestan-

2052 1423 2161 1477 tius
2189 1422 2389 1475 anima.
2418 1420 2519 1487 Qui
2555 1420 2699 1476 enim
2745 1434 2832 1474 me
2856 1420 3155 1483 erubuerit,
3186 1419 3381 1488 inquit,
3413 1428 3468 1474 et
3512 1434 3627 1488 serv

2054 1528 2243 1567 mones
2269 1527 2418 1567 meos
2446 1486 2499 1567 in
2536 1512 2888 1582 generatione
2928 1486 3306 1567 ista-adultera
3339 1520 3394 1566 et
3439 1486 3615 1579 pace?

2052 1605 2212 1668 triee,
2241 1612 2296 1659 et
2319 1602 2489 1658 Filius
2512 1603 2750 1658 hominis
2783 1604 3068 1658 erubescet
3089 1617 3236 1666 eum,
3267 1598 3629 1657 eum‘venerit

2056 1697 2108 1751 in
2140 1696 2310 1766 gloria
2349 1695 2525 1752 Patris
2561 1694 2643 1750 sui
2684 1709 2807 1750 cum
2843 1692 3053 1765 angelis
3099 1694 3329 1750 sanctis.
3371 1691 3489 1750 Non
3541 1709 3630 1749 so-

2058 1786 2170 1842 lum
2205 1786 2345 1857 apud
2373 1788 2620 1841 attimum
2648 1784 2873 1841 credere
2899 1785 3183 1851 debemus,
3214 1786 3312 1842 sed
3349 1786 3464 1841 oris
3490 1800 3631 1857 quo-

2059 1891 2167 1946 que
2198 1876 2473 1932 confessio
2502 1891 2533 1931 a
2563 1877 2720 1932 nobis
2753 1876 3014 1947 exigitur.
3045 1874 3314 1943 Quoniam
3347 1878 3492 1930 enim
3526 1876 3631 1931 du-

2055 1967 2178 2038 plex
2207 1978 2289 2023 est
2320 1968 2503 2033 homo,
2534 1968 2731 2038 duplex
2767 1977 2853 2024 est
2880 1976 2936 2023 et
2964 1968 3340 2023 sanctiﬁcatio.
3372 1966 3629 2023 Sanctitl-

2055 2071 2212 2117 eatur
2233 2064 2379 2118 enim
2403 2064 2581 2116 anima
2606 2078 2701 2133 per
2723 2061 3149 2125 confessionem,
3171 2063 3629 2133 quemadmodum

2054 2154 2218 2207 etiam
2252 2155 2543 2222 Apostolus
2579 2155 2710 2209 dicit
2737 2173 2752 2208 :
2784 2154 2956 2209 Corde
2986 2156 3123 2209 enim
3164 2158 3401 2211 creditur
3432 2158 3501 2211 α(
3532 2159 3630 2228 ju-

2055 2245 2281 2305 stitiam,
2321 2259 2410 2297 ore
2447 2255 2619 2297 autem
2674 2246 2735 2311 ﬁt
2776 2247 3035 2315 confessio
3079 2248 3149 2299 ad
3187 2250 3407 2303 salutem
3433 2250 3497 2305 ".
3527 2249 3631 2316 Qui

2060 2346 2240 2389 autem
2292 2338 2566 2389 erubescit
2606 2346 2662 2390 et
2703 2339 3098 2392 vcrecundatur
3143 2342 3366 2395 credere
3414 2342 3634 2397 Christo

2058 2427 2339 2490 (πεποίητο,
2365 2436 2422 2480 et
2468 2425 2639 2481 Deum
2675 2443 2834 2482 suum
2867 2430 3117 2485 confiteri
3141 2449 3157 2498 ;
3184 2433 3459 2487 erubescit
3507 2433 3634 2485 item

2060 2535 2344 2574 sermones
2377 2520 2494 2591 ejus
2546 2519 2601 2573 in
2647 2531 2835 2575 saneto
2867 2522 3185 2593 Evangelia:
3213 2540 3334 2577 eum
3382 2523 3639 2581 Dominus

2060 2626 2278 2681 quoque
2321 2615 2631 2679 erubescet,
2667 2624 2720 2669 et
2752 2630 2968 2669 servum
3003 2632 3064 2670 se
3102 2617 3380 2688 indigumn
3425 2619 3639 2689 judica-

2068 2705 2164 2763 bit,
2199 2721 2318 2758 eum
2350 2706 2561 2759 venerit
2590 2709 2641 2759 in
2678 2710 2917 2762 seeundo
2944 2710 3175 2763 adventu
3206 2725 3330 2766 suo.
3361 2712 3411 2765 in
3442 2712 3640 2767 virtute

2067 2805 2121 2848 et
2155 2797 2325 2863 gloria
2357 2813 2574 2864 magna,
2613 2816 2733 2853 eum
2761 2802 3019 2855 satellitio
3050 2803 3388 2870 angelorum.

383 2870 1020 2969 σχυνθήᾉσεται-,Αάνάξιον
1070 2877 1257 2933 δοῦλον
1309 2882 1514 2952 κρίνων
1553 2886 1774 2953 ἑαυτοῦ,
1829 2888 1961 2942 ὅταν
1996 2888 2126 2963 ἔλθῃ
2158 2893 2217 2945 έν
2254 2894 2319 2964 τῇ
2356 2893 2588 2965 δευτέρᾳ
2646 2895 2813 2948 αὑτοῦ
2884 2896 3184 2969 παρουσίᾳ,
3271 2900 3330 2950 έν
3408 2897 3638 2964 δυνάμει

380 2967 473 3020 καὶ
510 2967 633 3037 δόξῃ
673 2967 839 3038 πολλῇ
884 2970 1026 3038 μετὰ
1092 2974 1192 3043 τῆς
1262 2974 1594 3047 δορυφορίας
1616 2979 1726 3032 τῶν
1786 2980 2056 3051 ἀγγέλων.

463 3063 634 3134 Ἀμὴν
661 3064 806 3134 λέγω
827 3067 979 3135 ὑμῖν,
1009 3068 1091 3121 ὅτι
1136 3070 1247 3122 eis!
1280 3088 1425 3137 τινες
1489 3073 1599 3128 τῶν
1630 3068 1735 3130 ὧδε
1787 3078 1955 3150 έστηο

2130 3064 2308 3140 ’Δηιοη
2358 3083 2476 3141 dico
2514 3085 2687 3151 vobis,
2715 3096 2841 3141 sunt
2871 3085 3089 3155 quidam
3118 3084 3187 3140 de
3221 3085 3310 3140 hic
3339 3086 3633 3151 stantibus,

379 3157 574 3223 X51109,
611 3158 811 3223 οἵτινες
844 3162 904 3212 οὐ
962 3163 1038 3232 μὴ
1104 3163 1390 3229 γεῦσονται
1431 3165 1689 3236 θανάτου,
1748 3171 1852 3233 ἕως
1894 3174 1963 3227 ἂν

380 3247 533 3317 ίδωσι
581 3248 680 3318 τὴν
725 3248 1006 3317 βασιλείαν
1039 3252 1135 3305 τοῦ
1169 3253 1308 3308 Θεοῦ
1354 3256 1681 3325 ἐληλυθυῖαν
1712 3264 1772 3316 έν
1800 3263 1964 3318 δυνά-

386 3355 500 3408 μει.
534 3339 638 3390 Τὸν
669 3340 877 3409 Πέτρον
914 3343 1008 3394 καὶ
1067 3343 1327 3400 Ἰάκωϐον
1386 3351 1484 3404 καὶ
1525 3349 1778 3423 Ἰωάννην
1817 3354 1968 3424 λέγει

384 3428 582 3491 οὕτως.
636 3432 711 3483 Οὐ
741 3432 822 3503 μὴ
857 3432 1247 3499 ἀποθανοῦσιν,
1279 3438 1441 3509 ἄχρις
1473 3441 1539 3494 ἂν
1589 3442 1750 3509 δείξω
1782 3446 1968 3515 αὐτοῖς

389 3521 449 3574 ἐν
482 3523 548 3591 τῇ
577 3524 1002 3595 μεταμορφώσει
1032 3527 1173 3596 μετὰ
1209 3530 1367 3595 ποίας
1392 3530 1547 3604 δόξης
1575 3536 1753 3605 μέλλω
1792 3557 1970 3611 παρα-

390 3615 646 3684 γενέσθαι
683 3618 749 3669 έν¹
763 3619 830 3688 τῇ
855 3618 1085 3692 δευτέρᾳ
1114 3624 1407 3696 παρουσίᾳ.
1452 3626 1517 3679 Ἡ
1547 3629 1658 3700 γὰρ
1692 3635 1970 3704 μεταμόρ-

389 3724 565 3775 φωσις
614 3708 708 3761 τοῦ
759 3710 998 3781 Χριστοῦ
1048 3717 1386 3787 προμὴνυμα
1429 3714 1498 3790 ἦν
1538 3724 1640 3792 τῆς
1702 3723 1967 3793 δευτέρας

389 3797 558 3851 αὑτοῦ
611 3801 936 3871 παρουσίας.
977 3803 1076 3856 Ὃν
1120 3807 1228 3873 γὰρ
1266 3808 1470 3878 τρόπον
1496 3810 1709 3882 ἔλαμψε
1733 3815 1855 3868 τότε
1907 3817 1969 3870 τὺ

390 3891 689 3959 πρόσωπον
719 3891 814 3945 τοῦ
841 3893 1094 3964 Σωτῆρος
1137 3897 1293 3966 ἡμῶν
1316 3900 1410 3952 καὶ
1434 3900 1570 3954 Θεοῦ
1619 3903 1695 3967 ὡς
1733 3904 1761 3956 6
1797 3906 1967 3976 ἥλιος,

389 3983 458 4036 τὰ
493 3984 550 4037 δὲ
592 3984 783 4053 ἱμάτια
813 3985 981 4039 αὐτοῦ
1018 3988 1268 4055 ἐγίνοντο
1293 3989 1464 4042 λευκὰ
1508 3992 1585 4054 ὼς
1612 3994 1672 4045 τὺ
1695 3994 1809 4061 φῶς
1836 4011 1850 4026 ’
1879 3997 1970 4049 τὸν

391 4076 636 4150 αὐτὸνδὴ
660 4078 864 4147 τρόπον
876 4078 1154 4133 ἐλεύσεται
1181 4080 1291 4134 ἀπὺ
1313 4081 1545 4151 οὐρανοῦ
1569 4083 1697 4136 ὡσεὶ
1717 4088 1971 4159 ἀστραπὴ

396 4173 456 4221 ὲν
477 4169 705 4240 δυνάμει
732 4172 828 4224 καὶ
883 4172 1016 4243 δόξῃ
1061 4171 1229 4243 πολλῇ
1296 4175 1480 4245 κρῖναι
1535 4177 1602 4230 τὰ
1656 4176 1970 4247 σύμπαντα.

400 4264 510 4318 Καὶ
539 4263 731 4336 ὥσπερ
781 4265 1021 4335 συνῆσαν
1072 4265 1223 4337 αὐτῷ
1280 4266 1507 4337 Πέτρος,
1552 4267 1832 4336 Ἰάκωὼς,
1880 4271 1975 4324 καὶ

407 4357 660 4422 Ἰωάννης
691 4360 749 4410 ὲν
800 4358 878 4425 τῷ
928 4357 1044 4428 ὄρει
1106 4357 1183 4429 τῷ
1238 4359 1410 4431 ἁγίῳ⁹
1458 4359 1601 4413 οὕτω
1656 4364 1970 4416 συνέσονται

2065 3176 2157 3243 qni
2202 3191 2303 3230 non
2343 3178 2638 3243 gustabunt
2671 3186 2921 3243 mortem,
2958 3177 3132 3232 donec
3157 3178 3374 3232 videant
3410 3193 3632 3248 regnum

2065 3267 2158 3321 Dei
2207 3267 2431 3322 veniens
2484 3266 2537 3319 iu
2593 3267 2812 3321 virtute.
2873 3266 3115 3333 Petrum,
3142 3277 3198 3322 et
3240 3266 3524 3327 Jacobum,
3581 3275 3638 3321 et

2066 3357 2337 3413 Joannem
2359 3358 2509 3414 dicit.
2552 3356 2670 3411 Non
2715 3357 3016 3412 morientur
3051 3360 3220 3411 donec
3250 3360 3539 3413 ostendero
3562 3357 3643 3411 eis

2071 3451 2123 3505 in
2165 3451 2667 3521 transﬁguratione,
2714 3459 2917 3520 quanta
2942 3465 3064 3504 cum
3104 3449 3275 3518 gloria
3310 3450 3412 3503 sim
3445 3459 3641 3502 ventu-

2069 3558 2160 3597 rus
2192 3544 2244 3599 in
2272 3544 2510 3600 secundo
2530 3545 2789 3599 adventu.
2816 3542 3247 3613 Transllguratio
3268 3541 3415 3595 enim
3436 3538 3638 3595 Christi

2069 3635 2368 3704 praenuntia
2403 3643 2524 3691 erat
2553 3634 2773 3692 secundi
2799 3635 3070 3697 adventus
3105 3634 3242 3703 ejus.
3275 3633 3641 3700 Quemadmo-

2070 3729 2199 3781 dum
2230 3729 2375 3784 enim
2407 3738 2519 3783 tum
2553 3727 2828 3797 splenduit
2856 3726 3026 3784 facies
3059 3726 3357 3783 Salvatoris
3389 3726 3557 3784 euelli
3588 3740 3646 3784 et

2074 3817 2192 3882 Dei,
2216 3829 2471 3889 tanquam
2499 3819 2603 3884 sol,
2632 3819 2954 3875 vestimenta
2985 3828 3168 3875 autem
3198 3817 3316 3891 ejus
3352 3822 3492 3875 facta
3521 3831 3650 3875 sunt

2072 3910 2189 3964 alba
2218 3912 2359 3966 sicut
2391 3911 2510 3974 nix.
2558 3912 2631 3966 ita
2664 3912 2851 3967 veniet
2882 3913 2949 3971 de
2982 3914 3122 3969 calo
3156 3924 3413 3984 tanquam
3446 3913 3647 3981 fulgur,

2075 4002 2128 4054 in
2165 3986 2363 4057 virtute
2406 4011 2462 4057 et
2502 4004 2668 4072 gloria
2706 4019 2928 4077 magna,
2957 4006 3208 4076 judicare
3248 4006 3453 4060 omnia.
3490 4003 3556 4056 Et
3589 4013 3649 4057 ut

2075 4107 2198 4146 cum
2232 4108 2295 4147 eo
2328 4092 2547 4150 fuerunt
2591 4096 2810 4161 Petrus,
2846 4105 2902 4151 et
2947 4095 3206 4161 Jacobus.
3239 4105 3294 4153 ct
3319 4095 3560 4149 Joannes
3595 4096 3648 4149 in

2080 4191 2262 4236 monte
2314 4193 2528 4247 sancto.
2561 4186 2631 4239 ita
2681 4200 2804 4241 cum
2845 4201 2911 4242 eo
2966 4195 3128 4242 erunt
3153 4201 3343 4243 omnes
3375 4188 3569 4251 sancti,
3596 4198 3655 4242 et

2073 4268 2222 4337 justi,
2260 4280 2315 4326 et
2350 4271 2533 4338 electi,
2564 4273 2905 4342 perfruentes
2940 4275 3125 4330 divino
3164 4275 3282 4345 ejus
3315 4287 3558 4348 aspectu,
3594 4283 3651 4329 et

2080 4365 2430 4422 inenarrabili
2482 4380 2649 4439 atque
2717 4365 2979 4425 ineffabili
3036 4358 3230 4440 gaudio
3289 4378 3344 4426 et
3406 4368 3649 4426 exsulta-

395 4448 545 4519 αὐτῷ
562 4449 762 4513 πάντες
783 4450 832 4503 oi
854 4448 1020 4517 ἃγιοι.
1047 4452 1143 4505 καὶ
1171 4451 1221 4503 oi
1237 4450 1460 4519 δίκαιοι,
1488 4454 1583 4506 καὶ
1611 4452 1660 4506 oi
1692 4454 1968 4520 ἐκλεκτοὶ,
2003 4446 2047 4503 D
2077 4460 2242 4512 tione.

395 4544 759 4607 ἀπολαύοντες
824 4545 928 4615 τῆς
996 4543 1165 4597 αὑτοῦ
1233 4543 1550 4614 θεοφανίας,
1605 4549 1701 4602 καὶ
1752 4547 1853 4618 τῆς
1906 4548 2324 4622 άνεκδιηγὴεου,
2415 4554 2513 4608 καὶ
2557 4554 2942 4626 ἀνεκφράστου
2994 4555 3171 4627 χαρᾶς
3224 4556 3321 4611 καὶ
3394 4555 3657 4623 ἀγαλλιά-

397 4654 558 4702 σεως.

467 4730 655 4785 Ταῦτα
681 4729 865 4784 τοίνυν
897 4729 1124 4794 ειδότες,
1156 4729 1456 4798 ἀγαπητοὶ,
1512 4730 1971 4803 άπαρνησὼμεθα

396 4824 496 4877 καὶ
515 4823 674 4892 ἡμεῖς
727 4822 959 4884 ἑαυτοὺς
1018 4820 1106 4875 διὰ
1152 4820 1244 4873 τὸν
1302 4820 1529 4891 Κύριονο
1592 4821 1761 4892 μηδὲν
1804 4821 1970 4876 αὐτοῦ

397 4904 797 4986 προτιμότερον
826 4912 1183 4982 ἡγησώμεθα,
1210 4911 1285 4982 μὴ
1324 4911 1575 4978 πλοῦτον,
1631 4911 1710 4981 μὴ
1733 4912 1969 4982 τρυφὴν,

294 5008 307 5015 ‘
352 5064 357 5069 ο
406 5007 485 5073 μὴ
547 5003 731 5069 δόξαν,
771 5003 846 5072 μὴ
894 5001 1217 5072 σωματικὴν
1272 5002 1491 5072 ἡδονὴν,
1550 5002 1627 5072 μὴ
1666 5003 1835 5073 αὐτὴν
1871 5004 1973 5072 τὴν

405 5094 576 5164 ζωὴν,
608 5093 744 5147 ἀλλὰ
773 5094 867 5147 καὶ
908 5094 1112 5165 ταύτης
1143 5096 1691 5166 καταφρωνήσωμεν,
1715 5096 1810 5148 καὶ
1842 5097 1975 5148 ἀκος

402 5185 770 5254 λουθὴσωμεν
819 5183 898 5255 τῷ
927 5185 1146 5255 Χριστῷ
1175 5185 1254 5256 τῷ
1300 5187 1552 5257 ἡμετέρῳ
1580 5185 1848 5255 Δεσπότῃ,
1879 5187 1975 5239 τὸν

402 5283 601 5337 τούτου
637 5282 871 5351 σταυρὸν
905 5282 994 5334 ἐπ’
1030 5280 1192 5349 ὤμων
1217 5281 1472 5351 ἄραντες,
1500 5282 1597 5335 καὶ
1637 5279 1703 5332 τὰ
1736 5280 1976 5351 σαρκικὰ

402 5374 780 5444 νεκρὼσωμεν
808 5372 1088 5442 κινήματα
1124 5375 1219 5427 καὶ
1265 5374 1620 5442 φρονήματα,
1650 5370 1728 5441 τῷ
1760 5370 1978 5439 θανάτῳ

404 5467 575 5525 αὐτοῦ
607 5464 1205 5536 συμμορφούμενοι,ὠς
1235 5464 1301 5518 ἂν
1317 5465 1635 5536 δυνηθῶμεν
1663 5465 1757 5517 καὶ
1788 5464 1977 5533 ἡμεῖς,

2156 4732 2280 4787 Ιίιιό
2304 4746 2432 4800 ergo
2458 4732 2710 4796 scientes,
2744 4730 3075 4797 charissim],
3101 4733 3428 4801 abnegemus
3450 4741 3497 4785 et
3526 4748 3651 4788 nos.

2080 4824 2340 4892 metipStts
2391 4831 2611 4892 propter
2648 4825 2966 4887 Dominum;
3001 4822 3134 4875 nihil
3174 4836 3239 4874 co
3275 4821 3453 4892 potius
3481 4824 3654 4876 duca-

2081 4928 2222 4977 mus,
2257 4928 2364 4970 non
2390 4928 2543 4981 opes,
2580 4928 2684 4967 non
2719 4913 2927 4977 luxum,
2961 4926 3068 4965 non
3102 4910 3350 4979 gloriam,
3385 4928 3490 4967 non
3528 4930 3652 4969 cor-

2082 5004 2319 5074 poralem
2358 5004 2710 5072 voluptatem,
2742 5020 2848 5059 non
2881 5005 3052 5071 ipsam
3084 5004 3288 5069 vitam;
3318 5004 3413 5061 sed
3439 5022 3507 5061 ne
3526 5007 3654 5062 huic

2081 5098 2297 5162 quidem
2326 5110 2614 5165 parcamus
2639 5104 2858 5164 propter
2886 5095 3095 5162 ipsum;
3125 5109 3417 5165 sequamur
3464 5096 3644 5151 Domi-

2087 5204 2212 5241 num
2239 5196 2507 5248 nostrum,
2536 5200 2697 5240 cruce
2727 5185 2844 5251 ejus
2867 5184 2921 5238 in
2963 5184 3217 5239 humeros
3246 5186 3479 5250 sublata,
3515 5202 3656 5241 cor-

2087 5280 2302 5344 porales
2331 5288 2510 5333 motus
2546 5291 2852 5344 sensusque
2888 5277 3299 5341 mortiﬁcantes,
3329 5276 3652 5341 coullgnruti

2093 5371 2249 5422 Ittnt‘li
2282 5369 2420 5438 ejus,
2463 5376 2523 5423 ut
2558 5368 2835 5437 possimus
2865 5376 2921 5422 et
2970 5384 3068 5423 nos
3109 5384 3230 5423 eum
3267 5367 3328 5420 Ι).
3371 5365 3537 5423 Paulo
3564 5366 3655 5419 di-

2086 5476 2210 5512 cere
2260 5477 2275 5512 :
2338 5459 2570 5513 Vivimus
2621 5474 2726 5513 non
2762 5459 2880 5527 jam
2909 5475 3029 5522 nos,
3073 5460 3201 5514 vivit
3252 5473 3370 5510 vero
3421 5459 3470 5508 in
3504 5457 3654 5513 nobis

411 5558 557 5612 κατὰ
580 5558 670 5611 τὸν
705 5559 849 5610 θεῖον
887 5555 1123 5622 Παῦλον,
1148 5559 1321 5610 εἰπεῖν
1342 5574 1356 5587 ·
1389 5556 1594 5626 Ζῶμεν
1650 5556 1719 5611 δὲ
1780 5552 1960 5608 οὐκέτ

2091 5548 2379 5613 Christus;
2416 5559 2470 5603 et
2502 5564 2518 5604 :
2559 5549 2726 5603 Nabis
2754 5562 2932 5605 autem
2983 5550 3121 5603 absit
3158 5549 3213 5600 in
3258 5546 3368 5598 alio
3401 5546 3654 5617 glariari,

409 5650 604 5723 ἡμεῖς,
629 5650 697 5720 ζῇ
722 5649 790 5704 δὲ
818 5654 851 5706 ὀ
876 5650 1135 5720 Χριστὸς
1163 5650 1234 5707 ἐν
1261 5648 1428 5721 ἡμῖν.
1456 5624 1562 5705 Καί
1582 5667 1596 5681 ο
1627 5649 1722 5718 Μὴ
1752 5646 1962 5719 γένοιη

2094 5624 2209 5698 nisi
2227 5645 2277 5695 in
2304 5658 2455 5698 cruce
2490 5641 2718 5697 Domini.
2750 5641 2943 5698 Omnia
2966 5638 3085 5706 ejus
3115 5632 3366 5689 mandata
3397 5632 3657 5700 alacriter

487 5830 532 5865 ³ο
569 5829 726 5885 Rom.
762 5844 816 5897 tt,
848 5828 932 5886 l0.
