4142 6294
569 332 638 396 ἓτ
1009 375 1017 378 -
1471 343 1990 406 THEOPHANES
2030 347 2440 410 EPISCOPUS
2475 347 2850 410 NICIENUS.
3680 349 3781 413 280

520 526 530 536 κ
574 451 940 530 perﬁciamus.
993 451 1268 509 Habemus
1317 454 1463 508 enim
1518 464 1574 510 et
1622 471 1720 510 nos
1779 466 2152 525 persecutores

2143 475 2152 513 ι
2183 469 2222 521 Α
2252 461 2397 528 ἡμῖν
2438 460 2800 531 καυχᾶσθαι,
2847 459 2900 512 ει
2926 457 3010 528 μὴ
3051 456 3121 512 ἐν
3146 455 3226 522 τῷ
3249 455 3488 525 σταυρῷ
3541 461 3640 514 τοῦ
3668 462 3779 517 Κυ-

567 565 744 613 acres,
772 548 1077 604 invisibiles
1104 557 1158 603 et
1183 548 1446 616 visibiles,
1487 548 1735 605 inimicos
1758 562 1813 605 et
1836 551 2145 621 llostes,qui

2239 553 2398 619 ρίου.
2433 552 2620 605 Πάντα
2684 549 2977 620 προθύμως
3030 548 3098 602 τὰ
3152 547 3344 602 τούτου
3397 550 3782 620 προστάγματα

573 656 677 695 nos
707 644 928 694 turbant
957 640 1221 709 quotidie,
1256 641 1568 703 moles-tant,
1591 642 1890 711 exagitant,
1913 651 1966 696 ct
1995 661 2148 700 tuan»

2246 642 2644 712 ἐκτελέσωμεν.
2701 641 2937 710 Ἐχομεν
2966 640 3074 710 γὰρ
3097 641 3190 694 καὶ
3235 641 3399 707 ἡμεῖς
3449 640 3675 705 διώκτας
3705 660 3785 696 πι-

565 731 690 784 data
729 731 1060 799 imperiaque
1089 731 1293 785 Chriin
1327 732 1613 800 prohibent
1641 735 1884 804 exse-qni.
1913 736 1988 790 Ne
2017 751 2146 805 ergo

2244 735 2431 803 κροὺς.
2487 734 2616 797 τοὺς
2671 734 2941 804 ἁοράτους
2993 734 3086 786 καὶ
3133 732 3383 803 ὀρατοὺς,
3443 733 3659 800 ἐχθροὺς
3707 738 3789 788 καὶ

567 822 958 888 cﬂeltuillelllllr,
999 825 1248 883 obsecro,
1285 838 1459 891 neque
1487 824 1929 894 languescamus,
1965 844 2144 897 neque

2243 828 2559 895 πολεμίους,
2603 824 2976 895 θορυϐοῦντας
3024 825 3173 894 ἡμᾶς
3233 823 3356 876 καθ’
3394 823 3650 892 ἑκάστην,
3706 830 3791 877 καὶ

569 916 830 969 t-(ulamus
870 917 1342 970 colluclnlimlihus
1381 917 1518 986 ejus,
1561 921 1652 972 sed
1681 936 1941 990 generose
1971 933 2025 976 et
2065 923 2145 974 vi-

2241 917 2552 980 λυποῦντας
2587 917 2684 971 καὶ
2706 913 3169 988 ὲκταράττονταςζ
3200 919 3293 970 καὶ
3313 915 3408 968 τὰς
3439 915 3654 978 ἐντολὰς
3703 921 3791 972 καὶ

569 1008 656 1059 rili
686 1022 806 1060 cum
840 1011 1018 1061 animo
1071 1009 1388 1062 resistamus
1418 1012 1516 1073 eis,
1561 1023 1722 1080 alque
1767 1014 2142 1082 accingamur,

2241 1012 2306 1063 τὰ
2329 1011 2733 1080 προστάγματα
2765 1011 2859 1062 τοῦ
2907 1009 3146 1077 Χριστοῦ
3208 1008 3512 1071 κωλύοντας
3545 1009 3791 1076 διαπράτ-

569 1107 626 1150 ut
671 1108 722 1151 cl
769 1109 1024 1150 aeternum
1075 1099 1300 1166 gloriam
1353 1117 1772 1170 Consequentur,
1825 1103 1876 1156 in
1927 1105 2144 1159 Christo

2240 1106 2452 1161 τεσθαι.
2489 1105 2580 1175 Μὴ
2643 1104 2738 1158 οὖν
2797 1103 3247 1172 μαλακισθῶμεν,
3295 1103 3618 1173 παρακαλῶ,
3672 1105 3790 1172 μηδὲ

567 1186 693 1243 Jesu
744 1189 970 1244 Donlino
1019 1203 1228 1255 nostro,
1278 1193 1362 1246 cui
1401 1192 1571 1262 gloria
1619 1204 1673 1249 et
1743 1195 2028 1263 imperium
2091 1195 2144 1249 in

2242 1195 2615 1264 χαυνωθῶμεν
2642 1196 2738 1246 καὶ
2757 1193 2998 1262 ὲνόὦμεν
3033 1195 3149 1255 τοῖς
3163 1193 3370 1245 τούτων
3413 1193 3789 1262 παλαίσμασιν,

564 1281 754 1334 saecula
809 1283 1153 1338 seculorum.
1191 1287 1385 1339 Amen.

2241 1288 2379 1340 ἀλλὰ
2401 1288 2667 1355 γενναίως
2703 1288 2842 1356 μετὰ
2885 1286 3139 1356 ἀνδρικοῦ
3175 1286 3271 1340 τοῦ
3331 1289 3676 1357 φρονῆματυς
3708 1291 3791 1341 ἁν-

559 1377 1065 1448 τιπαραταξώμεθα
1097 1380 1232 1452 πρὸς
1260 1381 1478 1448 αὐτοὺς,
1541 1385 1638 1438 καὶ
1710 1382 2142 1454 ἀποδυσώμεθα,
2201 1383 2291 1436 ἴνα
2350 1384 2449 1437 καὶ
2504 1385 2603 1454 τῆς
2655 1383 3022 1453 ἀτελευτήτου
3093 1382 3342 1446 εὐκλείας
3439 1381 3789 1452 ἑπιτύχωμεν,

550 1475 619 1531 δέ
672 1476 892 1548 Χριστῴ
959 1477 1140 1546 Ἰησοῦ
1191 1477 1268 1548 τῷ
1331 1480 1520 1551 Κυρίῳ
1570 1481 1775 1552 ἡμῶν⁹
1827 1472 1954 1551 dixit
2003 1479 2133 1547 δόξα
2209 1482 2308 1534 καὶ
2374 1481 2435 1534 τὸ
2516 1480 2740 1552 κράτος,
2793 1483 2875 1544 εἰς
2930 1480 3056 1546 τοὺς
3125 1480 3326 1543 αἰῶνας
3401 1479 3511 1532 τῶν
3580 1479 3789 1535 αἰώνων.

572 1565 629 1621 Ἀ
641 1572 770 1640 μήν.

581 1791 3784 1852 W

1749 2004 1828 2047 ΔΝ
1839 2003 1922 2048 ΝΟ
1965 2003 2197 2047 οοΜιΝι
2241 1999 2627 2047 MCCCXLVIII.

1279 2209 2756 2420 THEOPHAN
2775 2207 3082 2418 ES

1133 2588 1808 2710 NICZENUS
1947 2522 3216 2711 ARCHIEPISCOPUS.

1503 3039 2074 3135 MONITUM
2158 3039 2841 3134 EDITORUM.

641 3255 1066 3335 TheOphanes
1116 3255 1227 3322 Ill.
1258 3256 1601 3336 epiSCOpus
1639 3256 1961 3328 Nicaanus,
2001 3253 2167 3317 circa
2199 3271 2304 3317 an.
2343 3253 2514 3329 13'4"],
2547 3255 2660 3317 diu
2713 3259 2862 3336 post
2890 3260 3191 3317 exortum
3223 3253 3506 3316 schisma
3560 3251 3789 3324 ﬂoruit,

567 3358 643 3420 ut
675 3351 840 3414 bene
865 3351 1046 3413 docet
1084 3351 1150 3413 P.
1185 3349 1500 3430 Lequien,
1537 3351 1763 3414 Oriens
1795 3351 2177 3426 Christian,
2221 3357 2268 3413 t.
2301 3352 2350 3424 Ι,
2390 3369 2448 3429 p.
2484 3350 2625 3425 652,
2658 3367 2784 3414 non
2820 3358 3033 3413 autem
3066 3351 3305 3413 saeculo
3337 3351 3504 3423 Vlll,
3541 3356 3608 3410 ut
3655 3364 3792 3424 pro-

567 3447 719 3512 bare
750 3455 1015 3508 conatus
1047 3453 1142 3508 est
1183 3448 1258 3508 D.
1293 3447 1648 3509 Consalvus
1703 3450 1911 3509 Ponce
1948 3447 2029 3508 de
2087 3448 2282 3520 Leon,
2317 3447 2430 3527 qui
2469 3447 2714 3526 primus
2784 3462 2980 3524 Opera
3020 3444 3337 3508 nonnulla
3396 3441 3792 3524 TheOphanis

564 3543 830 3617 Nicmni,
891 3560 971 3606 an
1010 3542 1187 3614 1590,
1229 3546 1472 3617 Romm,
1505 3546 1614 3606 Gr.
1654 3546 1787 3607 Lat.
1813 3544 2036 3615 edidit,
2071 3550 2133 3606 et
2167 3543 2534 3606 testimonia
2563 3549 2850 3604 veterum
2886 3558 3016 3603 non
3054 3558 3254 3620 pauca
3301 3539 3600 3620 conjecit,
3663 3555 3795 3617 qum

560 3640 638 3701 ad
671 3639 1154 3718 Theophanem,
1191 3641 1312 3701 sub
1340 3639 1727 3718 imperatore
1756 3641 2120 3719 Theophilo
2146 3642 2350 3721 impio
2383 3640 2793 3715 icouoclasta,
2817 3637 3242 3701 fortissimum
3277 3643 3648 3715 martyrem,
3676 3651 3791 3696 non

561 3736 638 3799 ad
687 3735 1146 3815 Theophanem
1187 3735 1546 3810 Nictenum,
1583 3737 1917 3799 referenda
1943 3745 2118 3799 sunt.

643 3837 881 3894 Auctor
914 3831 1140 3893 barum
1174 3831 1592 3909 epistolarum
1629 3835 1868 3914 passim
1931 3835 2221 3896 insinuat
2282 3831 2554 3894 Nicaeam
2621 3831 2700 3892 ab
2750 3829 3131 3892 infidelibus
3190 3847 3336 3893 esse
3397 3837 3790 3910 occupatam.

562 3931 724 3994 adeo
771 3937 837 3990 ut
881 3929 1101 3991 sedem
1133 3945 1316 3990 suam
1352 3929 1529 3992 adire
1571 3947 1698 3992 non
1734 3929 1964 4009 possit,
1995 3938 2104 3992 aut
2155 3931 2262 3991 vix
2330 3929 2552 4007 possit.
2612 3927 3047 4006 Conqueritur
3101 3943 3179 3990 eo
3225 3929 3400 4007 quod
3456 3945 3613 3990 oves
3671 3939 3797 3987 sua)

563 4043 759 4105 supra
792 4026 1055 4087 modum
1110 4032 1449 4101 vexentur,
1485 4035 1544 4088 et
1579 4044 1686 4090 eas
1741 4027 2054 4100 hortatur,
2096 4027 2346 4105 prolato
2376 4025 2523 4086 Jobi
2580 4025 2901 4102 exemplo,
2941 4023 3016 4085 ad
3051 4023 3416 4085 tolerandas
3477 4039 3626 4086 cum
3693 4034 3793 4096 pa-

571 4123 794 4184 tientia
826 4123 1014 4184 etiam
1048 4122 1360 4185 maximas
1393 4123 1870 4187 tribulationes.
1927 4123 2179 4184 Alicubi
2246 4122 2484 4185 refellit
2534 4122 2831 4184 hatresim
2869 4121 3317 4183 Palamitarum
3340 4165 3357 4195 ,
3385 4140 3536 4201 quae
3573 4117 3796 4182 saecqu

573 4220 724 4280 XIV
755 4219 1008 4281 tandem
1041 4225 1263 4282 exorta
1295 4227 1412 4282 est.
1440 4221 1588 4282 Haec
1624 4225 1836 4281 autem
1875 4219 2089 4280 omnia
2116 4217 2508 4295 respondent
2545 4218 2710 4278 aetati
2741 4233 2932 4294 quam
2962 4217 3334 4295 Theophani
3369 4217 3792 4294 assignamus,

562 4314 676 4378 sed
708 4313 1005 4392 Opinioni
1040 4314 1343 4377 Consalvi
1380 4316 1590 4378 Ponce
1623 4315 1702 4376 de
1733 4317 1902 4376 Leon
1934 4332 2011 4376 ex
2042 4314 2314 4376 adverso
2344 4323 2786 4392 Opponuntur.

583 4487 586 4490 ῃ
642 4409 1057 4487 'J‘heOphanis
1091 4409 1419 4471 scribendi
1461 4411 1623 4472 ratio
1654 4418 1753 4472 est
1782 4411 2058 4491 simplex
2095 4420 2156 4472 et
2187 4409 2480 4484 humilis,
2520 4411 2640 4471 etsi
2678 4409 2851 4472 omni
2895 4408 3232 4472 nobilitate
3261 4425 3391 4471 non
3431 4414 3666 4471 careat.

591 4491 602 4512 ”
642 4508 714 4567 1η
752 4506 961 4584 prima
993 4505 1267 4584 epistola
1302 4507 1772 4586 promotionem
1801 4525 1980 4570 suam
2013 4507 2194 4588 gregi
2226 4523 2348 4570 suo
2377 4506 2741 4574 annuntiat,
2775 4513 2834 4566 et
2869 4505 3019 4585 quia
3074 4522 3230 4584 grex
3264 4504 3376 4565 ille
3409 4513 3706 4567 versatur
3736 4500 3793 4560 in

570 4603 728 4663 urbe
762 4602 1009 4680 captiva
1040 4608 1101 4662 et
1135 4617 1466 4680 Oppressa,
1504 4603 1580 4664 ad
1620 4621 1812 4683 quam
1844 4606 2145 4668 accedere
2177 4607 2428 4686 nequit,
2478 4606 2848 4684 patientiam
2883 4616 2942 4667 et
2985 4603 3425 4666 fortitudinem
3479 4605 3678 4667 animi
3732 4602 3793 4661 in

571 4699 1038 4762 tentationibus
1078 4699 1396 4778 praecipue
1433 4705 1859 4764 commendat.
1896 4702 2144 4766 Deinde
2183 4702 2464 4766 ostendit
2499 4702 2832 4763 haereticos
2864 4698 3094 4762 sedulo
3125 4698 3475 4779 fugiendos
3517 4716 3684 4769 esse,
3738 4703 3794 4756 et

572 4795 907 4857 Palamitas
945 4794 1203 4858 refellit.
1245 4796 1538 4858 Secunda
1568 4797 1842 4874 epistola
1871 4799 2006 4862 fere
2045 4799 2111 4862 in
2149 4798 2377 4862 eodem
2436 4805 2814 4876 argumento
2878 4795 3238 4858 evolvendo
3302 4803 3429 4856 tota
3486 4802 3791 4856 versatur.

572 4891 794 4952 Eidem
826 4891 1070 4953 accedit
1104 4891 1452 4970 gratiarum
1483 4892 1675 4965 actio,
1711 4909 1788 4954 eo
1815 4893 1988 4969 quod
2027 4893 2332 4958 liberatus
2362 4894 2557 4955 fuerit
2584 4910 2617 4955 a
2651 4900 2826 4970 peste
2859 4899 2920 4952 et
2948 4910 2983 4952 a
3016 4900 3241 4954 morte.
3279 4891 3494 4952 Tertia
3529 4890 3795 4967 epistola

567 4989 967 5063 exponendas
997 5004 1192 5050 sacrae
1221 4988 1529 5051 doctrinm
1557 4997 1616 5048 et
1646 4990 2163 5052 commendandae
2199 4989 2562 5069 disciplinae
2591 4988 3038 5050 ecclesiasticae
3087 4989 3219 5051 fere
3253 4989 3499 5066 integra
3531 4985 3790 5047 adhibe-

566 5091 694 5143 tur.
728 5085 962 5145 Auctor
991 5085 1357 5146 sacerdotes
1392 5085 1512 5146 sibi
1550 5086 1874 5165 subjectos
1901 5085 2263 5164 alloquens,
2300 5087 2380 5150 de
2413 5086 2850 5148 incarnatione
2885 5086 3164 5160 Domini,
3199 5087 3277 5148 de
3309 5083 3793 5161 regeneratione

567 5177 854 5240 ﬁdelium
887 5180 1051 5240 etde
1082 5179 1324 5241 divinis
1356 5182 1773 5242 sacramentis
1809 5181 2070 5259 copiose
2101 5181 2388 5244 disserit.
2447 5182 2694 5243 Deinde
2726 5188 3104 5260 potestatem
3139 5179 3546 5261 spiritualem
3595 5196 3796 5239 sacer-

567 5275 791 5336 dotum
826 5275 1278 5352 pulcherrimis
1307 5278 1520 5341 verbis
1551 5279 1977 5349 commendat,
2019 5278 2766 5354 lransubslanliationem
2817 5279 3130 5355 agnoscit,
3166 5295 3238 5339 ac
3291 5278 3369 5337 de
3404 5275 3535 5336 vita
3592 5289 3793 5334 sacer-

570 5373 795 5441 dotali,
827 5372 983 5451 quid
1017 5373 1265 5435 scilicet
1299 5373 1616 5437 sacerdoti
1657 5373 2050 5446 faciendum,
2089 5374 2247 5451 quid
2284 5374 2666 5453 fugiendum
2692 5373 2797 5443 sit,
2838 5375 3089 5452 prolixe
3127 5379 3396 5435 enarrat.

650 5470 862 5530 Editio
899 5467 1030 5530 haec
1061 5469 1343 5534 Romana
1378 5469 1540 5534 adeo
1569 5485 1703 5530 rara
1749 5477 1868 5542 est,
1903 5477 1972 5532 ut
2012 5469 2475 5550 bibliographis
2511 5471 2644 5532 fere
2676 5469 2984 5532 omnibus
3037 5468 3365 5549 incognita
3398 5466 3486 5528 sit
3529 5464 3627 5528 vel
3670 5479 3792 5526 non

571 5568 727 5630 visa.

648 5665 880 5727 Prteter
911 5673 1037 5729 tres
1067 5663 1373 5744 epistolas
1413 5669 1474 5726 et
1505 5663 1859 5726 orationem
1900 5663 2002 5727 hic
2038 5667 2406 5746 impressas,
2452 5675 2700 5729 exstant
2742 5667 3030 5746 ejusdem
3075 5662 3481 5746 'l‘thphanis
3518 5663 3581 5725 in.
3614 5657 3788 5724 codd.

567 5775 762 5826 11155.:
