4156 6304
302 343 404 406 Ξει
1719 355 2146 417 ramento.
3444 354 3479 415 2
3518 358 3551 416 2

382 460 623 520 Contra
649 459 896 521 Iudaeos
927 461 1074 524 libri
1119 463 1201 525 Vl
1269 464 1583 544 (Parisiis
1621 467 2029 548 eleonii).
2089 470 2366 532 Allalius
2430 470 2503 532 de
2560 469 2794 548 synodo
2855 470 3194 543 Photiana,
3265 489 3321 546 ρ.
3403 472 3544 544 541,

305 555 520 615 laudat
557 555 962 632 Theophanis
997 558 1232 620 librum
1269 568 1562 622 octavum
1603 574 1826 624 contra
1849 564 2126 626 Judceos.

382 651 471 710 De
501 650 726 712 lumine
758 652 922 732 quod
953 655 1385 732 apostolorum
1417 658 1629 718 oculos
1657 661 2045 738 perstrinxit
2074 661 2144 722 in
2175 672 2381 723 monte
2414 661 2433 740 (
2467 660 2764 741 Thabor)
2799 659 2945 724 libri
2977 659 3055 724 V.

387 747 621 809 Contra
665 750 946 820 Latinos,
983 751 1128 811 libri
1157 753 1267 813 IlI.

382 845 470 907 De
513 845 846 920 Trinitate,
887 847 1050 908 liber
1071 849 1119 909 Ι.

381 942 471 1000 De
499 941 575 1003 B.
632 943 885 1019 Virgine
918 951 976 1003 et
1017 946 1480 1020 incarnatione,
1521 947 1684 1010 iiber
1712 951 1762 1010 Ι.

381 1038 670 1112 Quatuor
705 1038 932 1100 ultima
961 1050 1299 1102 servantur
1331 1043 1395 1102 in
1430 1046 1763 1107 codicibus
1799 1047 2193 1109 Bodleianis.

1025 1190 1202 1252 B.....
1235 1193 1302 1246 42
1333 1194 1484 1263 Sept.
1523 1197 1689 1251 tam.

2875 1311 3050 1372 J.-B.
3097 1312 3184 1373 M.

318 1515 3524 1568 —-————u—-———————.——————————_.__1_..______________________

1198 1595 2604 1899 THEOPHANIS

650 2132 676 2248 ὲ
772 2067 2228 2225 ARCHIEPISCOPI
2378 2077 3012 2232 NICZEN
3021 2083 3087 2230 Ι

1061 2361 1388 2498 QUAE
1515 2363 2181 2478 EXSTANT
2315 2363 2778 2481 OPERA

884 2582 1096 2646 NUNC
1135 2582 1450 2646 PRIMUM
1487 2585 1600 2645 EX
1633 2585 2162 2648 BIBLIOTHECA
2198 2586 2606 2649 VATICANA
2654 2587 2944 2650 GRECE

519 2704 624 2768 ΕΤ
659 2704 954 2770 LATINE
981 2707 1254 2782 EDITA,
1300 2706 1375 2768 D.
1416 2707 1835 2772 CONSALVO
1881 2711 2137 2773 PONCE
2186 2712 2293 2774 DE
2345 2713 2559 2776 LEON
2607 2713 3132 2790 INTERPRETE,
3175 2717 3314 2793 QUI

1256 2838 1871 2902 ANNOTATIONES
1931 2841 2189 2903 ETIAM
2233 2842 2568 2903 ADDIDIT

689 2963 794 3026 ET
823 2961 1120 3028 VARIAS
1154 2963 1601 3027 LECTIONES
1644 2963 1759 3027 EX
1801 2965 2197 3027 ALTERIUS
2245 2965 2560 3030 CODICIS
2594 2964 3137 3032 COLLATIONE.

1341 3139 1420 3189 Ea:
1441 3136 1671 3204 facultate
1701 3143 1750 3192 et
1778 3137 2158 3203 appprobatione
2189 3139 2526 3204 Superioruns.

1115 3443 1301 3507 Roma,
1331 3447 1460 3510 apud
1537 3447 1854 3501 Franciscum
1931 3446 2432 3512 Zanaettum.,1590,
2500 3446 2552 3499 in
2578 3447 2704 3499 -ω,

1330 3767 1803 3815 ιιιυετιιιεειυο
1857 3772 1938 3817 ET
1976 3766 2531 3815 BEVERENDISSIMO

1002 3891 1068 3936 D.
1113 3891 1357 3935 DOMINO
1401 3890 1593 3936 BERN.
1633 3895 1716 3936 DE
1761 3893 1991 3953 ROIAS,
2040 3896 2336 3940 EPISCOPO
2383 3891 2878 3937 POMPELONENSI

1394 4020 1457 4068 D.
1491 4021 1847 4068 CONSALVUS
1886 4022 2087 4069 PONCE
2115 4024 2194 4068 DE
2223 4021 2387 4067 LEON

1771 4142 1826 4187 S.
1871 4141 1930 4188 Ρ.
1977 4144 2044 4190 D.

345 4484 628 4550 Quantum
663 4494 759 4546 ego
783 4477 999 4531 debeam
1029 4475 1370 4544 pientissimat
1402 4474 1672 4528 memoriw
1719 4468 2084 4538 ChrisIOphori
2122 4469 2187 4523 de
2215 4468 2374 4538 Rojas
2407 4470 2780 4539 archiepiscopi
2817 4467 3142 4534 llispalensis
3165 4474 3407 4526 avunculi
3429 4474 3532 4538 tul,

274 4581 382 4624 tute
413 4571 658 4623 omnium
698 4565 892 4633 optime
927 4561 1083 4625 nosti,
1114 4560 1386 4614 Bernarde
1442 4559 1680 4628 pontifex
1705 4559 2094 4624 illustrissime;
2143 4569 2193 4612 et
2222 4576 2313 4627 ego
2341 4562 2546 4629 quidem
2580 4563 2680 4614 nisi
2721 4576 2801 4614 me
2824 4561 2980 4629 plane
3018 4562 3292 4629 indignum
3319 4563 3531 4630 fecerim

272 4661 371 4712 hac
403 4661 542 4720 luce,
566 4667 849 4720 nunquam
918 4648 1194 4718 di/ﬁtebor.
1231 4646 1363 4702 Cum
1409 4647 1542 4700 enim
1593 4647 1916 4709 adolescens,
1948 4645 2052 4698 into
2080 4647 2166 4700 via:
2194 4649 2400 4715 quidem
2434 4651 2676 4718 pueritia:
2712 4649 2904 4702 limites
2955 4665 3214 4717 egressus,
3248 4651 3531 4703 canonicus

275 4747 454 4814 factus
482 4757 656 4798 essem
694 4737 936 4804 ejusdem
975 4735 1234 4798 ecclesia,
1267 4749 1426 4787 senex
1468 4733 1698 4802 optimus
1739 4732 1807 4784 ad
1839 4731 1952 4798 ejus
1979 4735 2410 4801 gubernationem
2449 4749 2772 4806 assumptus,
2813 4738 2919 4788 dici
2942 4752 3044 4788 non
3071 4745 3260 4801 potest,
3301 4752 3404 4814 qua
3450 4737 3530 4787 in-

275 4813 579 4899 dulgentia,
611 4843 721 4895 qua
756 4825 952 4893 gratia,
979 4841 1079 4894 quo
1112 4826 1310 4891 favore,
1343 4831 1554 4875 aetatem
1610 4837 1780 4874 meam
1819 4819 2035 4888 foverit.
2062 4824 2350 4884 ornaverit,
2401 4826 2706 4890 protexerit.
2739 4823 2863 4876 1am
2893 4833 2984 4874 tua
3017 4823 3068 4873 in
3096 4838 3174 4874 me
3201 4813 3408 4883 merita,
3444 4837 3531 4889 qui

278 4937 338 4970 eo
376 4921 498 4981 ipso
532 4923 774 4978 tempore
800 4910 1217 4963 ecclesiasticam
1249 4926 1353 4963 rem
1401 4925 1494 4975 pro
1545 4906 1804 4961 avunculo
1836 4911 2107 4962 tractabas
2149 4909 2410 4977 (doctrina
2440 4929 2617 4979 nempe
2644 4928 2879 4973 reqeoas,
2930 4909 3162 4961 moribus
3193 4908 3526 4971 illustrabos.

274 5000 523 5068 exemplo
551 4998 952 5066 componebas),
991 4999 1195 5066 majora
1229 4997 1465 5066 profecto
1487 5003 1630 5057 sunt,
1665 5010 1821 5063 quam
1863 5001 1919 5047 ut
1946 4996 2083 5049 brevi
2117 4999 2363 5062 epistolio
2393 4998 2760 5052 circumscribi
2795 5005 2887 5049 aut
2922 4995 3170 5053 debeant.
3199 5009 3288 5047 aut
3309 4998 3528 5061 possint.

279 5091 446 5145 Nunc
471 5103 596 5141 vero
631 5100 755 5138 cum
801 5085 1011 5138 diutina
1042 5088 1138 5137 hac
1167 5085 1593 5153 peregrinatione
1636 5099 1778 5144 mea,
1830 5099 1930 5135 non
1959 5100 1990 5134 a
2025 5095 2129 5135 τηατ
2167 5084 2323 5136 istius
2378 5084 2746 5138 benevolentia!
2785 5082 3108 5150 possessione
3144 5083 3328 5149 dejici,
3373 5099 3530 5150 quant

277 5180 410 5232 mihi
457 5184 774 5243 perpetuam
809 5172 1090 5238 pollicetur
1132 5173 1438 5225 humanitas
1469 5184 1583 5235 tua,
1611 5171 1703 5224 sed
1734 5170 1962 5224 muneris
1992 5170 2092 5222 mei
2125 5182 2303 5236 partes
2327 5172 2626 5235 intermitti,
2655 5181 2703 5225 et
2730 5170 2884 5234 quasi
2915 5172 3246 5238 languescere
3269 5172 3528 5229 timerem.

283 5268 453 5321 visum
490 5263 710 5332 quidem
739 5269 838 5320 est,
870 5259 926 5310 id
956 5259 1093 5324 quod
1123 5260 1339 5321 privatis
1383 5261 1450 5312 all
1483 5269 1531 5312 te
1581 5259 1768 5312 litteris
1803 5256 2105 5326 plerumque
2129 5257 2290 5325 facio.
2329 5259 2540 5328 publica
2569 5265 2904 5310 monumento
2940 5260 3149 5311 testari.
3187 5260 3527 5312 Accesserant

281 5355 349 5405 ad
387 5359 502 5406 haec
528 5353 779 5421 quantum
813 5346 946 5408 alia,
981 5362 1096 5415 qua:
1129 5361 1227 5409 me,
1274 5345 1412 5415 quod
1460 5348 1553 5399 diu
1589 5347 1719 5399 mihi
1782 5345 2049 5414 pollicitus
2113 5344 2340 5412 fueram,
2402 5350 2498 5398 hoc
2564 5345 2792 5400 maxime
2826 5355 3056 5414 tempore
3099 5356 3155 5399 ut
3197 5356 3526 5414 praestarem.

282 5438 638 5507 impulerunt.
671 5433 936 5495 Primum,
983 5433 1110 5484 anni
1145 5449 1270 5485 nove
1302 5434 1546 5485 vertentis
1579 5434 1832 5491 enceenin.
1866 5431 1959 5484 sub
1984 5447 2101 5498 qua:
2125 5442 2268 5486 vetus
2298 5432 2448 5484 habet
2498 5434 2844 5496 consuetudo,
2881 5443 2938 5485 ut
2985 5433 3185 5501 aliquid
3228 5441 3527 5484 strenarum

290 5527 501 5579 nomine
533 5520 788 5590 patronis
828 5519 1166 5572 missilemus.
1205 5517 1405 5572 Deinde
1438 5534 1612 5572 rerum
1645 5519 1750 5570 ista
1771 5519 1827 5571 in
1853 5527 1947 5571 tua
1977 5518 2184 5571 dioecesi
2205 5519 2446 5587 difﬁcilis
2479 5521 2730 5573 conditio.
2767 5523 2906 5574 Nam
2935 5522 3030 5573 etsi
3062 5519 3153 5572 Dei
3183 5517 3524 5583 benignitate,

284 5621 334 5666 et
371 5613 506 5683 regis
543 5608 716 5663 nostri
745 5622 918 5675 regunt
950 5605 1180 5659 omnium
1207 5614 1260 5658 ut
1295 5606 1514 5658 maximi
1562 5615 1607 5658 et
1635 5605 1996 5671 potentissimi,
2044 5603 2120 5655 ita
2163 5605 2350 5672 optimi
2403 5615 2452 5658 et
2511 5604 2892 5676 religiosissimi
2953 5613 3199 5671 perpetua
3249 5601 3523 5670 vigilantia
3571 5661 3574 5663 λ

289 5703 534 5752 universa
571 5695 844 5764 Hispania
870 5694 934 5746 ab
968 5695 1234 5747 ltatrcseon
1264 5695 1622 5748 carcinomate
1653 5693 1998 5758 undequaque
2039 5689 2104 5742 sit
2136 5689 2336 5758 libera;
2373 5701 2429 5744 tu
2463 5701 2635 5744 tamen
2670 5708 2782 5744 eam
2814 5691 3030 5742 sortitus
3062 5703 3113 5738 es
3141 5688 3519 5750 hereditatem,

291 5787 439 5851 (Πίου
461 5787 597 5857 ﬁnes
627 5802 658 5842 a
687 5783 981 5838 vicinorum
1006 5781 1237 5836 hostium
1265 5781 1659 5840 incursionibus
1683 5779 1793 5835 dies
1826 5787 1874 5832 et
1907 5786 2076 5830 noctes
2114 5782 2268 5848 tueri,
2299 5795 2564 5850 nunquam
2597 5794 2835 5834 securum
2863 5791 2996 5841 esse,
3021 5791 3287 5840 nunquam
3312 5779 3518 5831 uictore
