4142 6294
569 366 679 432 223
1492 367 2010 428 TIIEOPHANES
2053 366 2471 429 EPISCOPUS
2511 368 2894 431 NICzENUS.
3709 364 3818 430 23-1

571 495 844 534 necessum
875 479 1031 545 plane
1062 479 1158 533 tibi
1183 479 1367 548 fuerit.
1395 478 1664 533 Habentus
1698 480 1854 533 isthic
1898 480 2069 531 ardua
2104 478 2501 547 Pgrcnneorum
2525 477 2680 548 juga,
2714 479 2870 545 quasi
2914 478 3159 548 qucedam
3193 477 3346 532 orilis
3381 478 3477 534 tui.
3511 476 3615 532 imo
3636 478 3836 546 Hispa-

571 568 677 621 nia:
708 568 890 633 totius,
924 569 1167 621 adversus
1195 566 1557 621 Inrreticorum
1590 567 2001 620 Navarraeorum
2076 567 2273 619 rabiem
2307 568 2656 620 munimenta.
2699 568 2767 619 At
2811 567 3062 637 majorem
3118 569 3264 620 nobis
3305 566 3562 634 ﬁduciam
3612 578 3832 634 praestat

573 668 668 710 tua
704 658 894 714 virtus.
919 667 1009 710 tua
1049 658 1285 710 solertia.
1324 655 1478 711 Hanc
1505 657 1581 725 (ut
1606 655 1773 708 solent
1803 655 2057 709 industrii
2089 655 2268 723 duces)
2296 656 2530 707 omnium
2576 654 3022 722 periculosissimo
3046 656 3100 707 in
3129 655 3244 707 acie
3276 656 3389 706 loco
3425 654 3505 706 uti
3548 653 3832 723 probatio-

569 762 703 808 rem.
746 749 1065 800 constituere
1096 747 1320 799 decrevit
1354 746 1578 799 caelestis
1600 745 1689 798 ille
1717 756 2047 814 (eternusque
2082 760 2257 797 rerum
2282 744 2639 798 humanarum
2679 747 2995 812 imperator.
3030 744 3144 814 Ego
3167 745 3335 815 igitur
3362 744 3417 797 in
3461 746 3590 798 meis
3617 746 3834 800 thesau-

572 836 666 893 ris.
696 835 751 887 id
807 846 879 888 est
928 835 1150 902 pauperi
1175 833 1510 894 bibliotheca.
1550 835 1869 903 scriptorum
1910 851 1972 887 ac
2012 832 2438 886 lucubrationum
2474 830 2672 884 levibus
2699 830 3010 892 sarcinulis,
3048 831 3182 883 nihil
3226 830 3385 883 habui
3422 832 3520 884 hoc
3576 842 3833 900 tempore,

568 922 666 975 hoc
694 923 907 992 inquam
942 922 1131 975 misero
1162 931 1213 973 et
1240 931 1470 974 extremo
1508 930 1762 988 tempore.
1808 936 1910 988 quo
1939 920 2260 972 commodius
2305 934 2508 987 possem
2550 919 2803 972 adversus
2852 919 3330 982 importunissimos
3381 920 3554 973 hostes
3621 938 3838 975 armen-

574 1009 771 1061 tarium
814 1019 964 1061 tuum
990 1009 1251 1060 instruere
1276 1024 1434 1077 quam
1464 1009 1804 1076 pientissimis
1840 1007 2171 1077 Theophanis
2205 1009 2352 1060 urbis
2380 1005 2579 1061 Nictra:
2606 1004 2848 1073 praesulis
2880 1006 3111 1074 scriptis.
3150 1006 3351 1060 Docent
3378 1008 3583 1075 quidem
3624 1008 3719 1062 illa
3753 1009 3835 1079 (ut

575 1104 631 1148 tu
664 1094 885 1165 videbis)
920 1094 1193 1147 Nictenum
1228 1095 1501 1164 populum,
1535 1106 1736 1164 quanta
1767 1096 1833 1147 sit
1867 1096 2148 1148 sacerdotii
2178 1111 2210 1147 a
2243 1093 2347 1147 Deo
2374 1094 2607 1147 instituti
2638 1094 2901 1160 dignitas,
2936 1107 3054 1162 qua!
3088 1094 3438 1158 excellentia;
3472 1094 3700 1162 probant
3744 1114 3837 1150 sa-

573 1184 651 1234 cri
685 1184 885 1235 ordinis
914 1182 1208 1250 functiones
1241 1199 1394 1248 penes
1427 1198 1512 1235 eos
1545 1199 1672 1238 esse.
1715 1183 1805 1251 qui
1835 1183 2032 1235 divinis
2078 1182 2475 1235 charactertbns
2507 1182 2749 1248 insigniti
2780 1191 2941 1244 sunt;
2982 1181 3346 1235 demonstrant
3376 1199 3480 1253 qua
3510 1185 3834 1248 innocentia,

569 1272 819 1334 j‘nritate,
855 1271 1213 1323 sanctimonia
1243 1286 1354 1324 esse
1380 1286 1466 1324 eos
1502 1280 1760 1333 oporteat,
1789 1270 1877 1337 qui
1901 1270 1969 1322 ad
1995 1286 2256 1334 suprema:
2287 1270 2447 1337 hujus
2475 1269 2751 1338 dignitatis
2796 1270 2996 1335 apicem
3032 1269 3336 1322 evehuntur.
3371 1268 3475 1323 Isti
3514 1281 3699 1326 contra
3742 1289 3838 1326 sa-

569 1368 840 1410 cramenta
873 1357 1120 1421 irrident,
1152 1359 1376 1426 profano
1405 1358 1594 1425 populo
1649 1375 1828 1411 eorum
1861 1368 2171 1424 potestttem
2236 1359 2516 1420 tribuunt;
2553 1369 2896 1409 sacramenta
2952 1370 2998 1409 et
3048 1374 3079 1409 a
3131 1357 3238 1410 Deo
3277 1359 3533 1412 traditam
3570 1360 3833 1424 εὐταξίαν

569 1444 921 1511 confundunt.
957 1444 1036 1497 Eo
1065 1446 1185 1513 quis
1217 1447 1363 1514 apud
1398 1462 1484 1499 eos
1507 1446 1868 1514 prcvstantior,
1896 1462 1998 1513 quo
2032 1447 2310 1513 impurior.
2347 1444 2711 1514 TheOphanem
2740 1444 2937 1497 videbis
2975 1445 3044 1496 ad
3066 1444 3426 1498 Christianam
3462 1452 3834 1515 constantiam,

571 1531 1134 1601 longanimitatemque
1187 1533 1242 1585 in
1276 1532 1553 1587 laboribus
1617 1549 1678 1585 ac
1731 1530 2114 1586 tentationibus
2155 1533 2469 1598 habendam,
2530 1531 2780 1601 populum
2813 1547 2969 1584 suum
3000 1531 3654 1599 adhortantem;coutra,
3703 1536 3835 1591 istos

574 1620 926 1687 blasphemas,
964 1620 1261 1684 instabiles,
1295 1621 1464 1687 fontes
1522 1622 1637 1675 sine
1687 1637 1847 1690 aqua,
1885 1620 2103 1674 nebulas
2159 1621 2458 1674 turbinibus
2494 1620 2817 1689 exagitatus.
2854 1617 3218 1684 Theophanem
3269 1619 3406 1689 leges
3436 1620 3505 1673 ad
3539 1623 3837 1690 gratiarum

572 1710 853 1770 actionem,
901 1708 964 1761 ob
985 1710 1147 1776 pestis
1178 1711 1547 1770 cessationem.
1587 1709 1695 1762 Deo
1730 1709 1983 1762 bonorum
2016 1710 2255 1763 omnium
2297 1712 2506 1765 auctori
2536 1704 3113 1777 reddendam,’plebem
3138 1725 3292 1763 suam
3321 1711 3626 1765 invitantem
3652 1730 3671 1776 ;
3707 1722 3836 1768 sunt

576 1804 623 1849 et
656 1796 791 1848 inter
824 1796 955 1849 istos
988 1801 1168 1864 (atque
1198 1813 1227 1849 ο
1254 1798 1458 1850 utinam
1477 1813 1579 1849 non
1609 1812 1791 1850 eorum
1819 1813 1945 1863 pars
1974 1797 2165 1867 major,
2197 1808 2246 1850 et
2288 1799 2431 1852 labes
2461 1799 2591 1856 lucc.
2629 1815 2659 1853 ο
2690 1799 2940 1852 miserum
2967 1814 3157 1864 tvvum,
3186 1797 3326 1865 apud
3378 1815 3465 1852 eos
3488 1800 3718 1871 tantum)
3745 1804 3838 1871 qui

573 1898 738 1935 unum
783 1880 982 1935 Fatum
1025 1881 1432 1953 Fortunamque
1467 1885 1722 1947 adorant,
1762 1885 1827 1938 iis
1862 1885 2040 1950 litant,
2078 1887 2142 1938 ab
2190 1886 2260 1940 iis
2319 1887 2621 1955 felicitatem
2657 1894 2754 1939 aut
2803 1886 3180 1954 infortunium.
3221 1885 3414 1939 bellttis
3468 1889 3683 1957 quidem
3709 1890 3841 1958 ipsis

572 1971 914 2038 stupidiores.
952 1973 1173 2036 pendere
1201 1973 1559 2026 arbitrantur.
1596 1970 1966 2039 TheOphanem
2000 1973 2188 2027 audies
2222 1974 2576 2027 humanarum
2610 1990 2787 2027 rerum
2821 1974 3110 2035 levitatem,
3164 1974 3451 2038 miseriam,
3486 1976 3841 2030 caducitatem

573 2069 1000 2128 “aggerentem,
1024 2060 1526 2129 persuadentemque
1557 2062 1690 2126 suis,
1722 2068 1779 2113 ut
1808 2062 1872 2112 ab
1902 2062 1969 2114 iis
2001 2061 2071 2113 ad
2126 2064 2260 2115 bona
2294 2061 2488 2126 solida,
2538 2062 2713 2123 beata,
2775 2072 2972 2113 a'terna
3015 2062 3219 2114 animos
3247 2062 3592 2131 transferant.
3626 2062 3728 2116 Isti
3775 2080 3843 2117 ea:

574 2145 835 2201 diametro
861 2159 1072 2201 terrena
1111 2149 1349 2215 sapiunt,
1384 2149 1583 2215 seipsos
1608 2160 1813 2212 amant,
1851 2158 1965 2213 post
1988 2165 2201 2201 carnem
2225 2151 2279 2201 in
2336 2150 2688 2204 immunditiis
2715 2149 3138 2217 concupiscentia
3172 2148 3473 2211 ambulant,
3505 2150 3842 2221 voluptatum

576 2250 758 2303 nempe
786 2237 1256 2303 amatores,magis
1286 2252 1448 2307 quam
1476 2235 1594 2291 Dei.
1630 2237 1965 2303 Theophanes
1995 2252 2100 2290 non
2126 2237 2277 2290 modo
2314 2237 2683 2290 hereticorum
2724 2237 2978 2290 novitates
3009 2245 3059 2289 et
3112 2252 3276 2297 prava
3305 2240 3554 2306 dogmata
3582 2240 3846 2307 fugienda

576 2339 690 2375 esse
732 2323 904 2383 docet.
938 2324 1031 2377 sed
1056 2333 1107 2376 et
1137 2326 1458 2377 consortium
1500 2334 1547 2377 et
1601 2332 1983 2389 conspectum;
2030 2335 2084 2377 at
2119 2326 2206 2378 isti
2234 2341 2367 2377 nova
2398 2325 2650 2393 figmenta
2709 2333 2760 2377 et
2795 2325 3111 2392 perditionis
3138 2333 3308 2377 sectas
3334 2326 3570 2394 quotidie
3601 2329 3845 2381 introdu-

576 2421 722 2472 cunt,
754 2411 924 2463 solum
958 2412 1035 2480 (ut
1063 2413 1231 2481 inquit
1268 2414 1448 2467 beatus
1477 2411 1675 2471 ludas)
1715 2412 2110 2465 Dominatorem
2163 2421 2215 2465 et
2260 2411 2547 2465 Dominum
2581 2422 2820 2464 nostrum
2868 2411 3058 2465 Jesum
3109 2412 3382 2467 Christum
3430 2423 3700 2480 negantes.
3740 2414 3843 2470 llis

574 2498 745 2568 igitur
774 2510 851 2556 tu.
889 2500 1074 2567 hisque
1112 2498 1384 2552 similibus
1436 2499 1808 2564 spiritualibus
1867 2499 1988 2552 telis
2022 2500 2103 2563 (ut
2123 2508 2171 2553 et
2216 2501 2350 2553 beati
2386 2500 2618 2569 majores
2661 2501 2739 2552 tui
2768 2501 3112 2553 ecclesiarum
3170 2505 3433 2571 pastores)
3460 2503 3644 2556 irritos
3676 2504 3841 2572 facies

575 2586 929 2639 adversarum
958 2586 1191 2652 partium
1230 2597 1280 2639 te
1311 2588 1511 2639 circum
1572 2587 1805 2653 ovileque
1856 2595 2004 2640 tuum
2056 2588 2391 2656 frementium
2428 2597 2585 2655 atque
2618 2587 2946 2641 ululantium
2983 2587 3232 2643 iusul'us.
3276 2586 3366 2642 Sic
3390 2604 3516 2642 vero
3543 2605 3631 2643 eos
3656 2591 3844 2646 irritos

578 2672 752 2741 facere
780 2672 1076 2736 conaberis,
1116 2682 1174 2725 ut
1217 2674 1693 2739 praesentissimum
1749 2672 2005 2728 Ecclesia:
2037 2676 2329 2743 periculum
2356 2675 2557 2727 instare
2599 2690 2907 2742 cognoscas.
2952 2671 3093 2726 Nam
3132 2691 3249 2741 qua:
3278 2675 3342 2727 ab
3390 2675 3614 2745 infelicis
3648 2675 3846 2732 Gallia:

577 2760 732 2814 malis
762 2760 1001 2813 universo
1032 2762 1146 2813 orbi
1174 2761 1507 2829 impendeant
1559 2761 1721 2824 mala,
1758 2777 1907 2815 nemo
1950 2773 2025 2816 est
2056 2773 2204 2815 tanta
2236 2766 2424 2818 misere
2455 2771 2775 2823 occwcatus,
2805 2763 2897 2832 qui
2926 2779 3030 2815 non
3061 2763 3253 2827 videat,
3276 2767 3366 2830 qui
3398 2781 3502 2817 non
3522 2763 3720 2827 doleat,
3750 2767 3847 2833 qui

578 2863 681 2900 non
712 2847 970 2913 deploret.
1003 2845 1202 2899 Eorum
1252 2863 1373 2900 vero
1439 2849 1751 2911 remedium,
1792 2865 1909 2903 cum
1970 2850 2024 2902 in
2082 2849 2282 2904 ctzlesti
2337 2867 2400 2903 ac
2435 2851 2612 2903 divino
2642 2851 2898 2917 prcesidio
2945 2850 3208 2916 pracipue
3248 2851 3411 2903 situm
3440 2852 3531 2914 sit,
3562 2854 3613 2903 in
3665 2865 3844 2907 vestra

579 2945 776 2996 tamen,
809 2934 996 3004 quibus
1031 2935 1214 3002 populi
1241 2935 1539 2989 Christiani
1570 2936 1720 2990 salus
1757 2938 2042 2990 commissa
2068 2949 2167 3001 est,
2198 2939 2335 2991 bona
2367 2951 2431 2990 ea:
2458 2945 2608 2996 parte
2651 2936 2878 2996 positum
2921 2952 3053 2998 esse,
3085 2952 3283 3007 qucvso,
3317 2936 3673 2993 arbitremini.
3708 2938 3850 3004 Quis

576 3023 716 3074 enim
745 3023 802 3075 in
840 3022 1032 3076 divinis
1067 3020 1684 3087 Litteris,'conciliorum
1715 3025 1966 3087 decretis,
1999 3024 2228 3079 Patrum
2278 3024 2520 3092 scriptis,
2544 3024 2777 3093 antiquis
2806 3023 3068 3085 historiis,
3109 3024 3434 3094 quotidianis
3474 3024 3854 3093 experimentis

582 3120 692 3162 tam
725 3111 1058 3181 peregrinus,
1089 3113 1180 3181 qui
1212 3115 1433 3176 nesciat,
1457 3113 1728 3166 ministros
1760 3112 2059 3168 Christiani
2095 3112 2365 3182 Evangelii
2408 3113 2454 3164 si
2487 3128 2669 3166 eorum
2706 3113 2815 3165 vita
2851 3112 3012 3182 digna
3048 3115 3138 3176 sit,
3170 3114 3414 3167 doctrina
3444 3130 3726 3182 prtesIans,
3762 3119 3855 3171 in—

582 3201 825 3253 nocentia
874 3201 1121 3268 probata,
1169 3204 1429 3255 sanctitas
1494 3212 1754 3271 spectata,
1815 3202 2016 3257 Christi
2066 3200 2260 3273 populo
2315 3198 2603 3267 plurimum
2657 3197 3017 3267 profuturos?
3065 3198 3295 3261 Contra,
3337 3201 3383 3253 si
3416 3202 3504 3253 isti
3537 3201 3710 3269 ofﬁcio
3748 3220 3854 3256 suo

580 3288 772 3344 desint.
803 3284 1037 3341 muneris
1071 3290 1156 3341 sui
1187 3290 1599 3347 obliviscantur.
1629 3291 1837 3344 nullum
1864 3292 1918 3343 in
1945 3290 2054 3344 illis
2081 3289 2337 3343 doctrina:
2363 3297 2409 3340 et
2439 3287 2721 3356 probitatis
2761 3286 3022 3351 specimen
3052 3298 3328 3353 appareat,
3358 3288 3705 3341 etlacissimas
3732 3306 3858 3345 esse

579 3377 751 3429 tineas
803 3386 853 3431 et
893 3378 1208 3445 ferrugines.
1251 3394 1368 3443 qua:
1396 3378 1601 3431 intimis
1626 3394 1802 3431 rerum
1830 3378 2164 3447 publicarum
2194 3375 2479 3429 visceribus
2513 3375 2861 3435 adhaerentes,
2899 3375 3032 3427 lente
3063 3376 3273 3443 quidem
3304 3391 3367 3428 ac
3414 3377 3530 3430 sine
3554 3394 3857 3448 murmure,

579 3465 671 3516 sed
706 3466 916 3518 tandem
974 3465 1337 3518 inhumaniter
1370 3481 1461 3519 eas
1503 3465 1790 3517 corrodunt
1830 3482 1891 3518 ac
1920 3467 2245 3535 discerpunt.
2284 3462 2420 3517 Sunt
2462 3462 2672 3533 quidem
2708 3462 2788 3515 illi
2833 3462 3048 3522 mania,
3098 3479 3161 3515 ac
3225 3467 3629 3533 propugnacula
3685 3466 3859 3533 hujus

580 3563 934 3605 sacrosancta!
958 3553 1208 3618 civitatis,
1239 3554 1367 3621 quid
1395 3553 1442 3607 si
1480 3552 1799 3605 collabentia
1852 3554 2047 3619 fuerint
2078 3566 2127 3605 et
2161 3553 2402 3625 ruinoso,
2434 3560 2483 3603 et
2515 3551 2568 3602 in
2592 3552 2862 3617 proprium
2896 3550 3231 3602 commodum
3274 3563 3322 3603 et
3357 3550 3647 3604 utilitatem
3682 3555 3860 3605 decti-

582 3639 667 3691 ria
691 3639 717 3691 .9
744 3638 914 3692 Canes
958 3639 1042 3692 illi
1073 3641 1225 3693 ovilis
1258 3640 1441 3708 hujus,
1474 3641 1601 3709 quid
1637 3643 1685 3693 si
1709 3641 2051 3693 somniculosi
2074 3650 2121 3692 et
2152 3639 2307 3704 muti,
2335 3640 2440 3689 imo
2469 3640 2628 3706 (quod
2658 3637 2967 3699 dolendum)
2996 3637 3329 3703 rapacissimi
3352 3637 3481 3704 lupi,
3512 3638 3859 3703 prOpriarum

586 3727 765 3779 ovium
793 3727 994 3780 exuviis
1023 3728 1250 3794 efferati,
1289 3745 1469 3781 earum
1503 3730 1761 3797 sanguine
1797 3729 1958 3781 rictus
1996 3739 2044 3780 et
2076 3743 2270 3796 ungues
2298 3725 2496 3793 perfusi
2522 3725 2547 3776 Ρ
2575 3723 2710 3778 Sunt
2745 3727 3006 3777 exercitus
3032 3723 3201 3776 nostri
3224 3724 3559 3793 antesignani
3590 3735 3636 3777 et
3667 3726 3862 3792 primi-

584 3813 682 3879 pili
709 3827 728 3865 :
754 3815 881 3882 quid
913 3815 960 3867 si
999 3814 1399 3883 transfugarum
1425 3824 1474 3868 et
1509 3816 1910 3880 exploratorum
1943 3815 2119 3883 of/icio
2147 3814 2482 3881 fungantur?
2534 3808 2885 3864 I’ra'sentium
2924 3812 3187 3864 malorum
3219 3811 3507 3875 medicina,
3543 3812 3857 3878 futurorum

586 3899 929 3965 prteservatio
953 3917 1069 3954 esse
1095 3901 1307 3957 solent:
1342 3919 1412 3955 an
1465 3904 1630 3972 igitur
1665 3919 1915 3956 iuuenum
1953 3904 2066 3955 loco
2100 3901 2328 3955 antidoti
2359 3899 2510 3952 nobis
2556 3900 2932 3969 propinabunt,
2961 3910 3158 3966 pestem
3187 3914 3249 3949 ac
3285 3898 3420 3950 luem
3449 3897 3593 3951 intra
3642 3912 3856 3957 nostros

587 3988 814 4054 parietes
843 3989 1168 4044 imminent?
1192 3988 1463 4042 Bonorum
1491 3991 1580 4055 illi
1618 4008 1681 4044 ac
1713 3990 2108 4044 Catholicorum
2141 3988 2453 4058 defensores,
2484 3988 2763 4053 impiorum
2799 3996 2845 4037 et
2885 3985 3208 4052 perfidorum
3256 3985 3428 4037 hostes
3466 4002 3575 4038 esse
3611 3988 3801 4040 debent
3833 4004 3858 4053 ;

589 4092 726 4128 anne
753 4076 860 4129 vice
884 4091 1035 4129 versa
1076 4079 1222 4129 bouis
1251 4087 1299 4128 et
1333 4077 1620 4131 Catholicis
1655 4079 1886 4132 molesta:
1926 4093 2158 4131 noverca:
2196 4088 2369 4139 erunt,
2403 4076 2575 4141 impiis
2629 4086 2677 4127 et
2711 4073 2925 4140 perfidis
2977 4073 3301 4138 indulgentes
3359 4083 3408 4124 et
3440 4072 3621 4125 molles
3678 4075 3861 4128 nutri-

591 4164 724 4216 cula’
747 4165 773 4218 γ
805 4163 1037 4234 Denique
1061 4163 1143 4216 illi
1183 4177 1381 4231 patres,
1424 4169 1663 4219 doc-tores
1708 4177 1754 4219 et
1788 4168 1970 4227 amici,
2002 4166 2130 4230 quid
2163 4167 2370 4235 tandem
2410 4164 2455 4216 si
2500 4163 2945 4216 immisericortles
2980 4162 3218 4217 ivitricos,
3255 4163 3302 4213 si
3330 4159 3497 4227 falsos
3537 4162 3855 4229 prophetas,

592 4252 640 4303 si
669 4252 1039 4317 juratissimos
1081 4255 1253 4305 hostes
1286 4270 1373 4305 eos
1407 4255 1740 4321 ea'periaris?
1768 4253 1906 4318 Quid
1935 4254 2195 4323 (inquam)
2231 4254 2273 4303 si
2301 4267 2387 4303 eos
2440 4249 2753 4316 temporalia
2784 4263 2877 4313 pro
2910 4256 3145 4311 attentis,
3176 4264 3306 4298 rana
3342 4263 3436 4316 pro
3466 4247 3618 4307 veris,
3649 4250 3856 4301 caduca

592 4354 689 4407 pro
716 4340 927 4399 solidis,
962 4340 1180 4393 fallacia
1215 4356 1310 4408 pro
1350 4342 1527 4403 certis,
1559 4342 1772 4408 propria
1799 4357 1893 4409 pro
1929 4340 2176 4408 publicis,
2214 4338 2448 4390 humana
2477 4353 2573 4402 pro
2602 4335 2817 4394 divinis,
2851 4350 2968 4387 cum
2997 4334 3320 4400 deplorando
3362 4335 3504 4387 orbis
3554 4332 3859 4388 Christiani

592 4427 850 4478 scandala
881 4439 1205 4481 commutare
1234 4428 1559 4481 viderimus?
1604 4428 1792 4482 Verum
1844 4429 1955 4482 hinc
1986 4430 2220 4497 quidem,
2264 4425 2704 4492 prtrstantissime
2734 4424 2970 4493 prmsul,
3002 4423 3096 4476 alii
3127 4438 3231 4474 non
3261 4438 3376 4491 ego,
3412 4423 3535 4475 aliis
3575 4438 3679 4475 non
3734 4424 3855 4480 tibi.

520 4536 527 4543 -
600 4512 930 4579 7'Ite0phanis
988 4514 1241 4579 opuscula
1272 4514 1556 4569 habuimus
1583 4517 1907 4585 jamdudum
1955 4531 2019 4569 ea:
2062 4514 2322 4569 Vaticana
2374 4529 2697 4567 summorum
2730 4511 3037 4577 pontificum
3078 4511 3415 4563 bibliotheca.
3451 4509 3552 4564 Sed
3576 4527 3695 4563 cum
3729 4510 3859 4579 plu-

596 4600 746 4652 mnis
790 4601 919 4653 locis
966 4604 1116 4654 valde
1161 4611 1333 4655 essent
1388 4604 1699 4670 depravata,
1728 4605 2011 4658 editionem
2057 4620 2238 4657 eorum
2285 4604 2555 4671 hucusque
2606 4602 2937 4652 distulimus.
2968 4597 3128 4653 Nunc
3170 4614 3287 4651 vero
3314 4600 3525 4652 tandem
3577 4599 3860 4666 exemplar

601 4690 829 4742 alterum
864 4690 1032 4742 multo
1059 4691 1367 4752 cor-rectius,
1392 4708 1458 4744 ea:
1494 4690 1846 4746 Jlessaneusis
1876 4693 2260 4746 archimandrii
2286 4691 2567 4758 archetypo
2597 4689 2918 4750 descriptum
2944 4688 3107 4751 nacti,
3150 4686 3338 4739 Latine
3370 4703 3402 4738 a
3434 4686 3582 4739 nobis
3618 4689 3857 4751 reddita,

596 4791 640 4828 et
671 4778 904 4830 brevibus
936 4778 1072 4831 uotis
1107 4790 1266 4831 aucta
1302 4779 1372 4831 ad
1421 4790 1468 4832 te
1499 4782 1784 4836 mittimus.
1822 4782 2008 4837 Crtvca
2035 4783 2150 4849 ipsa
2178 4797 2205 4832 e
2232 4781 2439 4847 regione
2471 4778 2790 4830 Latinorum
2821 4792 3110 4845 proponere
3137 4777 3296 4842 (quod
3330 4776 3471 4829 vides
3494 4776 3546 4827 in
3575 4775 3673 4828 hoc
3718 4778 3860 4829 srri-

599 4866 838 4931 ptionum
863 4881 1049 4932 genere
1078 4875 1131 4918 ut
1161 4867 1453 4934 pltttimum
1503 4869 1698 4937 omitti)
1738 4885 1796 4922 eo
1833 4869 2052 4922 consilio
2078 4867 2319 4933 ,adducti
2345 4881 2552 4928 smnus,
2592 4880 2655 4917 ne
2706 4864 2925 4915 lectores
2957 4878 3078 4915 vera
3110 4863 3228 4913 ικαὶ
3285 4862 3486 4932 γνησίᾳ
3520 4857 3859 4929 Theophanis

599 4964 769 5006 mente
796 4953 1204 5022 fraudarentur,
1261 4956 1306 5007 si
1333 4956 1467 5023 forte
1494 4972 1609 5009 eam
1634 4973 1725 5010 nos
1761 4956 1958 5010 alicubi
1994 4957 2166 5008 minus
2199 4958 2429 5010 assecuti
2457 4972 2658 5008 sumus.
2687 4953 2832 5007 Nam
2855 4954 2995 5022 quod
3029 4954 3145 5005 sine
3178 4953 3283 5005 ullo
3309 4953 3430 5018 fuco
3456 4965 3544 5004 aut
3576 4954 3860 5005 mendacio

602 5039 890 5107 afﬁrmem,
921 5044 1224 5110 properanti
1254 5045 1412 5097 nimis
1436 5043 1666 5110 calamo,
1709 5061 1770 5097 ac
1793 5045 1944 5112 fessis
1965 5046 2267 5113 plerumque
2293 5045 2512 5097 nimium
2545 5042 2711 5095 oculis
2748 5041 2860 5093 hwc
2887 5041 3225 5093 dictavimus.
3250 5040 3372 5093 Jam
3394 5055 3511 5108 qua:
3539 5041 3604 5093 de
3630 5050 3860 5092 auctore

608 5136 784 5179 uestro
825 5128 894 5180 ad
933 5139 982 5181 te
1015 5129 1270 5199 deferam,
1303 5132 1414 5183 ha'c
1445 5132 1630 5185 habeo.

675 5258 942 5328 Theophili
960 5263 1289 5329 imperatoris
1314 5265 1641 5318 iconomachi
1665 5265 1995 5328 temporibus.
2016 5265 2104 5332 qui
2121 5266 2260 5328 patri
2289 5265 2311 5317 ιι

2224 5266 2260 5316 ri
2289 5264 2713 5330 ilirhaeli,quem
2739 5260 2913 5315 Crtrci
2937 5259 3171 5312 historici
3189 5256 3418 5325 τραυλῖιν
3440 5257 3860 5326 καὶὰμορῤαἰον

605 5359 815 5412 vocant,
841 5349 1111 5409 successit.
1149 5354 1322 5404 videre
1345 5353 1535 5419 fratres
1565 5355 1668 5405 duo
1689 5352 1991 5405 Theodorus
2015 5365 2059 5403 et
2079 5352 2435 5421 'l'heophanes,
2452 5352 2584 5404 clari
2603 5352 2663 5403 ob
2680 5365 2951 5403 sacrarum
2974 5347 3259 5414 imaginum
3287 5348 3530 5397 adt-ersus
3554 5346 3772 5409 impium
3801 5357 3857 5398 et

606 5437 918 5505 sacrilegum
972 5439 1280 5505 principem,
1303 5444 1789 5508 propugnationem.
1826 5437 1963 5491 Nam
1995 5440 2192 5508 frotttes
2219 5443 2371 5492 ambo
2395 5438 2556 5506 (quod
2588 5438 2795 5505 quidem
2820 5435 3131 5498 supplicium
3159 5435 3444 5500 imperator
3471 5429 3854 5484 Constantinus

611 5524 691 5575 uti
728 5524 964 5587 impium,
995 5524 1282 5593 divinisque
1313 5528 1794 5594 pulchritudini,ad
1827 5528 1975 5595 cujus
2006 5527 2397 5579 similitudinem
2440 5526 2668 5576 humana
2690 5523 2851 5591 facies
2890 5521 3117 5590 figurata
3147 5530 3241 5579 est,
3269 5518 3858 5585 contumeliosumJege

615 5610 973 5675 prohibuerat,
1000 5610 1037 5662 Ι.
1055 5626 1191 5675 xvu,
1210 5612 1351 5665 (..De
1372 5614 1558 5684 pteuis)
1582 5615 1855 5683 ejttsjussu
1893 5617 2029 5667 notis
2058 5612 2376 5679 compuncti,
2405 5628 2465 5663 ac
2494 5620 2764 5677 propterea
2789 5608 2938 5675 vvlgo
2966 5608 3196 5677 γραπτοὶ
3223 5604 3663 5671 appellati,variis
3686 5604 3856 5657 etiam

618 5697 741 5748 aliis
764 5699 1260 5767 tormentisaf/licit,
1281 5711 1329 5752 et
1349 5701 1554 5754 tandem
1577 5703 1879 5756 inrxsilium
1900 5700 2195 5769 pulsi,nihil
2211 5715 2237 5751 e
2253 5701 2511 5752 constanti
2540 5697 2880 5765 confessioitis
2901 5697 3090 5747 ardore
3106 5688 3569 5747 remiaerunLFuit
3592 5691 3658 5742 iis
3688 5692 3859 5759 (quod

630 5793 677 5837 et
703 5785 772 5838 ad
793 5787 1209 5855 corumqloriam
1234 5803 1329 5841 non
1355 5789 1626 5843 minimum
1660 5789 1896 5854 ucrtiuct)
1920 5799 1968 5843 et
1991 5800 2144 5843 tetatc
2174 5786 2415 5849 tl’ttuulis,
2452 5797 2497 5841 et
2528 5787 2647 5840 lidci
2670 5787 2862 5840 socius.
2890 5797 3106 5849 ttmqtmt
3134 5783 3220 5833 illc
3258 5778 3555 5834 Μθιίιοάὲιιδ
3586 5776 3863 5833 Comum-
