4156 6304
1176 320 1281 346 ἰν..-
1302 322 1313 337 e
1334 316 1373 331 δυ

309 385 421 443 285
1240 408 1245 413 ·
1364 404 1369 409 ·
1402 392 1413 399 ‘
1742 382 1950 442 PRIEF

1906 383 2161 445 IFATIO.
3443 389 3547 449 285

311 496 719 565 tiuopolitanus,
750 514 897 564 quem
923 500 1090 553 vicum
1112 499 1351 569 sepulcro
1382 501 1581 555 includi
1612 506 1748 572 (erat
1789 506 1834 558 is
1862 520 1920 557 eo
1955 519 2062 556 a’ro
2089 520 2187 556 non
2224 502 2520 573 infrequens
2545 507 2833 574 cruciatus)
2852 504 3015 574 jussit
3034 505 3169 559 idem
3203 505 3543 573 iMpiissimus

312 597 595 658 tyrannus.
626 584 842 639 Exstant
872 586 1085 653 quidam
1115 590 1298 647 iambi,
1333 607 1457 658 quos
1493 589 1791 644 Theodorus
1826 608 1888 643 ac
1919 590 2274 656 Theophanes,
2303 596 2355 647 in
2373 610 2489 647 eam
2524 593 2755 646 insulam
2780 593 2961 655 delati,
2995 610 3097 661 qua
3124 591 3422 645 Methodius
3447 595 3543 644 sub

313 683 515 727 terram
549 673 787 741 degebat,
828 675 897 725 ad
954 691 1067 726 eum
1101 677 1445 740 scripserunt.
1482 678 1562 728 illi
1601 692 1779 735 etiam,
1821 694 1947 746 quos
1981 682 2066 731 hic
2116 681 2184 731 ad
2237 684 2443 733 eosdem
2473 683 2758 748 respondit.
2794 681 2957 744 Quos,
3000 680 3139 747 quod
3166 682 3544 750 elegantissimi

316 762 442 821 sint,
476 770 590 831 post
623 764 755 812 hanc
785 763 1062 828 epistolam
1104 765 1383 826 ascrintos,
1418 764 1522 815 nisi
1567 766 1821 831 gravaris,
1878 783 2052 833 quem
2083 768 2244 827 leqas.
2286 767 2497 821 Mortuo
2533 767 2847 836 Theophila,
2890 770 2982 820 sub
3023 766 3297 821 Theodoro
3334 780 3385 820 et
3433 767 3543 820 Mi-

317 852 492 900 chaele
518 850 625 906 ﬁlio
650 848 818 914 (quem
859 850 1094 917 μεθυσὺν
1124 859 1309 901 rocant
1336 861 1595 915 auctores)
1626 852 1850 904 inducia.’
1879 856 2082 921 quidem
2109 854 2357 907 Ecclesia?
2384 871 2662 914 concesste.
2691 870 2794 907 non
2818 869 2940 921 pax,
2967 855 3212 917 malacia,
3250 871 3351 906 non
3390 864 3543 906 tran-

314 936 566 986 aui/litos.
607 936 943 995 Theophanes
988 935 1149 1003 igitur
1175 952 1233 987 eo
1282 948 1511 1002 tempore
1545 955 1647 989 una
1705 954 1816 991 cum
1851 938 2121 993 Theodoro
2159 943 2348 1009 fratre,
2380 952 2435 994 ut
2484 953 2534 995 et
2589 942 2910 1004 Methodius,
2946 942 3142 1005 aliique
3179 958 3336 1010 quam
3392 943 3542 993 inulti

310 1021 745 1074 iconoclastarum
778 1024 978 1082 hostes,
1018 1023 1080 1073 ab
1108 1023 1294 1073 exsilio
1330 1034 1623 1086 rerocatus,
1656 1025 1720 1077 ab
1752 1026 1988 1094 Augusta
2013 1028 2299 1082 honoriﬁce
2326 1039 2610 1091 tractatur,
2648 1031 2752 1079 imo
2770 1038 2820 1081 et
2857 1028 3122 1081 luculento
3142 1029 3375 1081 convivio
3399 1032 3539 1081 exci-

309 1108 468 1169 ritur.
511 1109 682 1176 Atque
712 1108 965 1159 hactenus
1003 1124 1061 1159 ea
1104 1108 1194 1159 tibi
1225 1108 1399 1169 retuli,
1431 1126 1547 1177 qua:
1587 1127 1616 1161 ιι
1642 1110 1842 1164 ϐναοείε
1883 1115 2146 1167 historicis
2192 1115 2255 1167 ab
2302 1132 2442 1169 anno
2473 1117 2665 1169 salutis
2696 1116 3126 1179 octingentesimo
3175 1117 3437 1175 vicesimo.
3470 1117 3539 1168 ad

307 1198 788 1263 octingentesimum
822 1197 1304 1263 quinquagesimum
1334 1199 1654 1251 scribun'ur.
1683 1200 1897 1252 Addunt
1942 1200 2181 1254 Romana
2208 1201 2614 1271 Martyrologia.
2639 1210 2688 1254 et
2720 1200 3021 1254 Crtecorum
3048 1200 3342 1270 Menologia
3377 1202 3541 1255 Theo-

302 1283 529 1349 phanem
555 1282 617 1333 ab
645 1280 835 1333 easilio
866 1299 1117 1334 reversum
1154 1280 1388 1335 Nica'na:
1416 1286 1562 1337 urbis
1597 1286 1889 1353 episcopum
1915 1298 2146 1340 creatum
2178 1290 2361 1357 fuisse.
2395 1286 2507 1341 Nec
2531 1304 2623 1356 ego
2662 1296 2800 1339 certe
2818 1288 2882 1339 de
2916 1303 3092 1338 eorum
3129 1287 3232 1355 ﬁde
3267 1289 3534 1340 addubim.

302 1367 366 1421 ll
398 1370 536 1420 enim
566 1380 613 1420 et
646 1367 972 1433 Theophanis
1013 1368 1139 1420 Vita'
1194 1373 1422 1433 scriptor
1471 1388 1502 1422 a
1536 1369 1825 1432 Lipomano
1855 1375 2021 1427 editus
2048 1375 2299 1439 primum,
2339 1375 2545 1426 demum
2570 1392 2599 1425 a
2642 1371 2829 1435 Surto,
2860 1389 2954 1425 nos
2996 1372 3170 1431 docet,
3205 1383 3255 1425 et
3310 1373 3540 1427 Michael

301 1452 495 1523 Clgca,
532 1465 581 1507 et
610 1453 989 1508 Constantinus
1018 1455 1288 1509 Manasses
1313 1455 1488 1511 Graeci
1519 1467 1758 1510 auctores
1792 1460 1982 1512 litteris
2023 1469 2367 1513 mandarunt.
2402 1459 2639 1533 Quorum
2684 1460 3012 1521 testimonia,
3055 1461 3196 1527 quod
3235 1476 3472 1513 seorsum
3503 1480 3536 1512 a

234 1540 239 1551 ’
298 1558 386 1594 me
416 1545 591 1603 posita
624 1543 790 1609 legere
822 1545 1012 1610 possis.
1047 1544 1129 1595 hic
1158 1546 1585 1608 prwtermittam.
1630 1545 1734 1601 Sed
1766 1557 1815 1599 et
1838 1560 2046 1607 uetera,
2083 1563 2200 1616 quia
2239 1548 2309 1600 ad
2341 1548 2500 1615 hujus
2532 1548 2630 1600 uiri
2669 1548 2825 1598 ritum
2866 1546 3194 1613 peculiarius
3222 1562 3538 1613 cognoscen-

297 1630 427 1680 dam
474 1637 729 1694 spectant,
776 1639 880 1681 tam
918 1647 949 1682 a
985 1632 1275 1695 pra-citatis
1326 1632 1653 1696 auctoribus,
1709 1649 1864 1699 quam
1921 1634 1987 1687 ab
2019 1651 2102 1695 eo,
2153 1652 2304 1702 quem
2335 1636 2494 1688 etiam
2533 1634 2802 1686 nominavi
2842 1634 3212 1697 metaphraste,
3256 1649 3319 1685 ne
3365 1650 3458 1704 ego
3490 1645 3539 1687 te

297 1715 539 1781 pluribus
571 1730 759 1776 morer,
788 1715 948 1780 facile
983 1716 1262 1786 intelliges.
1299 1716 1486 1787 Itaque
1507 1720 1695 1772 dubius
1727 1735 1829 1774 non
1856 1737 1993 1781 sum,
2027 1723 2153 1791 quin
2188 1721 2527 1785 Theophanes
2553 1733 2727 1774 noster
2782 1721 2827 1773 is
2874 1721 2983 1786 ipse
3016 1720 3106 1781 sit,
3141 1719 3205 1773 de
3250 1736 3352 1788 quo
3395 1723 3539 1773 dixi-

297 1822 439 1859 mus.
480 1804 665 1860 Verum
698 1809 945 1875 quoniam
983 1809 1083 1861 loci
1113 1813 1217 1861 duo
1250 1812 1389 1876 apud
1413 1812 1653 1864 eumdem
1688 1813 1773 1873 ita.
1799 1827 1984 1880 urgere
2015 1812 2277 1870 ridentur,
2309 1819 2363 1862 ut
2392 1808 2557 1861 multo
2590 1808 2850 1861 recentior
2879 1807 3182 1861 existimari
3216 1823 3307 1860 nec
3332 1808 3536 1877 injuria

295 1895 483 1958 possit,
518 1894 639 1948 illos
682 1897 771 1948 tibi
813 1898 1081 1964 praeterire
1109 1914 1213 1948 non
1258 1899 1438 1950 debeo.
1472 1898 1703 1966 Uterque
1725 1900 1948 1953 habetur
1982 1900 2035 1951 in
2077 1900 2297 1964 epistola
2326 1899 2392 1951 ad
2423 1897 2669 1952 Nicaenos
2697 1899 2761 1949 de
2793 1913 2971 1950 rerum
3014 1901 3366 1949 humanarum
3411 1913 3537 1949 con-

294 1989 517 2048 temptu.
556 1980 711 2033 Prior
738 1991 815 2035 est
839 1983 889 2035 in
914 1984 1027 2048 ipso
1058 1984 1231 2038 initio.
1261 1984 1348 2036 ubi
1374 1982 1615 2037 Nicaeam
1651 1996 1881 2047 captam,
1916 1992 2152 2053 atquein
2185 1987 2411 2039 hostium
2462 1995 2771 2051 potestatem
2805 1983 3074 2037 redactam
3099 1985 3259 2038 dolet.
3294 1984 3442 2038 Alter
3478 1987 3533 2038 in

292 2068 420 2136 ﬁne,
458 2085 561 2134 quo
600 2072 679 2134 (ut
716 2069 938 2122 habetur
999 2071 1053 2122 in
1080 2071 1369 2136 exemplari
1404 2069 1680 2140 Vaticano)
1711 2072 1942 2126 meminit
1971 2072 2244 2126 Barlaami
2267 2081 2315 2126 et
2344 2073 2603 2140 Acyndini
2624 2072 3011 2124 hereticorum.
3038 2071 3101 2121 At
3128 2068 3450 2123 Barlaamus
3483 2080 3533 2122 et

301 2158 613 2223 Acyudinus
647 2156 742 2208 sub
774 2156 988 2208 Joanne
1013 2154 1157 2215 XXI,
1185 2157 1293 2208 sive
1326 2157 1492 2208 mauis
1520 2155 1688 2219 XXII,
1724 2156 1958 2210 Romano
2000 2159 2265 2223 pontifice,
2304 2158 2558 2211 Michaelo
2585 2159 2884 2209 Andronico
2926 2154 3228 2224 Paltrologo
3273 2155 3531 2217 Orientis,

293 2245 526 2295 Henrico
548 2241 964 2311 Lucenburgico,
992 2245 1096 2296 sive
1116 2243 1381 2315 Ludovico
1407 2242 1613 2296 Bavuro
1642 2243 1944 2297 Occidentis
1979 2245 2403 2311 imperatoribus,
2434 2260 2710 2304 emersere,
2734 2244 2877 2296 circa
2913 2241 3112 2296 Christi
3140 2260 3336 2294 annum
3365 2243 3535 2295 mille-

294 2334 487 2385 simum
511 2336 936 2387 trecentesimum
963 2335 1289 2388 vicesimum.
1322 2334 1561 2400 Quorum
1602 2329 1726 2388 tunc
1764 2334 2015 2400 temporis
2042 2334 2284 2396 impietas
2329 2332 2532 2397 (nempe
2562 2347 2622 2383 ea
2652 2331 2790 2399 ipsa,
2820 2345 2937 2400 quae
2957 2347 2988 2382 a
3020 2339 3200 2383 nostro
3224 2330 3534 2395 Theophane

292 2429 646 2489 oppugnatur)
673 2423 900 2475 coercita
928 2423 1047 2492 fuit.
1083 2419 1187 2477 Sed
1218 2432 1269 2476 et
1308 2425 1487 2477 eodeni
1513 2437 1640 2487 (evo,
1677 2437 1861 2491 nempe
1883 2421 1951 2472 ad
1990 2434 2185 2471 annum
2209 2417 2407 2471 Christi
2428 2417 2764 2470 m-‘llesimum
2799 2415 3244 2476 trecentesimum,
3280 2415 3534 2484 Scythica

290 2521 418 2573 gens
443 2509 712 2561 Orientem
755 2514 964 2577 grauius
1012 2511 1238 2579 pervasit
1304 2511 1591 2564 Ottomano
1641 2512 1794 2572 duce,
1847 2507 1999 2575 cujus
2053 2506 2198 2575 ﬁlius
2249 2504 2557 2558 Orchannes
2616 2519 2719 2557 non
2774 2508 2941 2556 multo
3000 2511 3114 2569 post
3165 2499 3351 2555 Ntca'a
3415 2503 3535 2572 ipsa

294 2595 441 2660 longi
490 2596 736 2660 temporis
789 2596 1058 2649 obsidione
1116 2596 1346 2665 fatigata
1411 2599 1623 2649 tandem
1671 2597 1872 2665 potitus
1936 2601 2031 2647 est.
2085 2591 2271 2659 Itaque
2324 2593 2434 2645 haec
2482 2593 2619 2645 inter
2641 2607 2752 2644 sese
2804 2593 2881 2645 ita
2923 2592 3197 2643 conuenire
3265 2590 3530 2654 sidentur,

294 2687 357 2730 ut
413 2689 648 2741 nostrum
696 2678 1057 2745 Theophanem
1108 2698 1168 2733 ea
1214 2693 1370 2736 (etate
1421 2684 1613 2736 vixisse
1669 2698 1786 2735 uero
1849 2682 2073 2735 similius
2121 2680 2299 2749 fuerit.
2325 2678 2585 2733 Creterum
2632 2695 2725 2747 ego
2779 2695 2882 2732 non
2927 2679 3101 2731 adhuc
3163 2678 3419 2740 adducor,
3475 2690 3531 2731 ut

296 2782 329 2815 a
390 2767 555 2831 priori
625 2768 878 2820 sententia
955 2767 1246 2821 discedam.
1322 2766 1465 2822 Nam
1530 2770 1791 2839 Acgndiui
1858 2778 1904 2822 et
1967 2766 2248 2823 Barlaami
2323 2767 2519 2818 mentio
2600 2770 2740 2818 deest
2800 2768 2853 2818 iu
2922 2764 3245 2819 Messanensi
3327 2766 3527 2825 codice,

295 2852 453 2917 cujus
497 2854 785 2919 exemplum
834 2854 904 2907 ad
946 2856 1083 2908 hunc
1129 2857 1405 2908 editionem
1463 2858 1736 2911 habuimus
1790 2872 1947 2925 opera
2003 2853 2201 2907 Metelli
2256 2852 2475 2907 Andenii
2537 2854 2637 2905 viri
2693 2852 2837 2905 docti
2908 2862 2956 2906 et
3015 2854 3222 2921 integri.
3273 2851 3337 2904 Et
3395 2865 3530 2905 certe

291 2936 636 2992 Messanensis
659 2940 781 2993 libri
804 2939 938 3008 ﬁdes
969 2942 1153 3010 potior-
1190 2943 1318 2995 mihi
1362 2942 1487 3011 fuit,
1540 2959 1695 3011 quam
1756 2942 2043 3007 Vaticani;
2092 2959 2213 2995 nam
2251 2953 2298 2994 et
2354 2941 2519 2994 multo
2546 2941 2801 3005 majorem
2864 2942 3228 3008 antiquitatem
3281 2942 3530 3009 pra'ferre

288 3036 514 3085 constat,
553 3042 668 3079 cum
734 3026 1037 3081 Vaticanum
1088 3029 1182 3081 sub
1240 3028 1464 3083 Nicolao
1502 3027 1545 3083 V
1595 3031 1847 3097 scriptum
1900 3031 2066 3099 fuisse
2100 3030 2257 3095 facile
2293 3029 2363 3082 sit
2405 3028 2650 3096 colligere
2695 3042 2760 3081 ea:
2814 3026 3011 3081 l’eroui
3061 3026 3371 3097 quibusdam
3434 3041 3529 3092 pa-

286 3114 473 3182 rergis,
507 3130 623 3181 qua:
660 3130 754 3180 pro
783 3115 947 3167 libelli
980 3117 1135 3168 initia
1163 3116 1442 3169 habentur.
1492 3116 1690 3170 Deinde
1738 3117 1950 3171 ha'resis
1990 3116 2260 3169 Barlaami
2305 3124 2353 3167 et
2392 3116 2658 3167 Acuadini
2693 3132 2793 3166 non
2828 3115 2924 3184 fuit
2965 3131 3135 3179 noua;
3167 3130 3290 3166 nam
3331 3119 3523 3166 multao

288 3201 397 3250 imo
444 3200 549 3264 fere
597 3202 771 3252 omnia
816 3217 845 3251 a
874 3202 1063 3266 priscis
1108 3202 1367 3255 haereticis
1396 3205 1704 3271 desumpsit,
1744 3205 1883 3256 utin
1925 3203 2076 3256 illius
2122 3204 2222 3254 loci
2262 3203 2474 3254 scholiis
2526 3203 2918 3253 demonstrabo.
2978 3201 3118 3265 Quot
3160 3201 3524 3252 haereticorum

286 3286 487 3338 deliria
521 3297 775 3339 notantur
802 3287 866 3340 ab
903 3286 1138 3356 Ignatio,
1169 3290 1257 3357 qui
1291 3298 1520 3358 tempore
1571 3291 1942 3358 Apostolorum
1975 3292 2125 3352 vixit,
2157 3306 2273 3359 qute
2307 3289 2457 3348 Ario.
2507 3286 2838 3348 Macedonio,
2878 3285 3124 3339 Nestorio
3146 3327 3161 3349 ,
3218 3286 3522 3357 Eutycheti,

286 3386 545 3442 tauquam
575 3389 754 3431 eorum
787 3375 1090 3430 architectis
1124 3376 1419 3431 tribuerunt
1447 3379 1644 3432 saecula
1692 3379 2026 3433 succedentia
2050 3382 2075 3434 ll
2107 3376 2231 3433 lem
2273 3377 2474 3431 Nictca:
2513 3377 2836 3446 oppugnatio
2872 3393 2902 3426 α
2948 3375 3143 3441 prioris
3193 3373 3524 3438 Theophanis

285 3470 449 3514 trtate
502 3476 604 3513 non
635 3463 849 3514 onmiuo
899 3464 1186 3525 discrepat.
1230 3462 1374 3516 Nam
1424 3465 1591 3518 multo
1639 3477 1758 3517 ante
1798 3464 2134 3531 Theophilum
2184 3467 2553 3530 imperatorem
2607 3464 2851 3516 universa
2886 3466 3010 3515 Asia
3046 3463 3120 3514 ita
3167 3478 3197 3511 a
3243 3459 3522 3513 Saracenis

285 3548 662 3616 iufestabatur,
690 3559 744 3601 ut
776 3548 894 3616 ﬁeri
922 3551 1157 3618 potuerit
1192 3550 1377 3620 (varia:
1411 3554 1550 3606 enim
1567 3552 1687 3621 jam
1716 3564 1845 3606 tuno
1875 3562 1922 3607 et
1967 3570 2095 3621 pene
2127 3565 2503 3606 momentauea:
2537 3551 2590 3604 in
2619 3549 2883 3603 Orientali
2912 3548 3130 3615 imperio
3176 3562 3350 3598 rerum
3381 3547 3523 3599 uicis.

283 3636 591 3701 situdines),
622 3634 859 3690 Nicaeam
888 3638 945 3689 in
987 3653 1165 3689 eorum
1195 3648 1502 3705 potestatem
1535 3640 1602 3692 ad
1632 3640 1848 3708 aliquod
1879 3651 2080 3707 tempus
2121 3641 2411 3693 redactam.
2444 3637 2597 3693 Certe
2630 3637 2815 3690 Leonis
2842 3636 3073 3689 Isaurici
3100 3650 3239 3687 anno
3269 3633 3520 3697 secundo,

283 3723 375 3789 qui
412 3721 520 3789 fuit
560 3719 750 3775 Christi
779 3724 1258 3791 septingentesimus
1279 3726 1516 3793 quintus,
1546 3725 1796 3790 Thracia,
1828 3729 1929 3779 imo
1955 3728 2068 3793 ipsa
2098 3727 2219 3779 urbs
2265 3726 2470 3791 imperii
2515 3727 2681 3785 sedes,
2710 3739 2802 3792 per
2826 3723 3189 3792 So.gmauum,
3220 3718 3475 3773 Umarum
3501 3761 3518 3787 ,

291 3806 503 3861 lzithen
528 3810 788 3861 biennium
816 3822 1139 3878 oppugnata.
1174 3811 1289 3875 Quo
1339 3815 1502 3866 etiam
1538 3825 1767 3880 tempore
1811 3813 2157 3866 .ilardasaues
2204 3815 2267 3865 ab
2305 3811 2497 3865 (Et/tte
2528 3812 2662 3880 pylis
2693 3813 2765 3862 ad
2812 3807 3053 3862 Nicteam
3085 3820 3128 3861 et
3156 3807 3519 3862 Nicomediam

287 3912 473 3965 usque,
517 3906 574 3948 ut
626 3899 942 3950 nominatim
976 3900 1318 3965 prodiderunt
1366 3911 1629 3959 auctores.
1674 3916 1981 3961 excursans,
2034 3909 2192 3950 totam
2230 3898 2543 3967 Bithyniam
2572 3895 2874 3965 lpopulatus
2902 3907 2997 3949 est.
3046 3894 3150 3950 Sed
3191 3905 3239 3947 et
3285 3894 3518 3963 ejusdem

285 3983 523 4037 Cononis
556 4001 695 4036 anno
723 3986 923 4039 decimo
958 3986 1115 4039 Amer
1148 3989 1247 4047 (si:
1278 3987 1507 4055 Agareui
1546 3988 1795 4039 vocabant
1840 4003 1962 4039 suos
2009 3988 2372 4053 imperatores)
2412 3995 2461 4037 et
2489 3985 2688 4037 Mabias
2729 3986 2970 4051 quidam,
3001 4000 3115 4035 cum
3147 3991 3352 4035 centum
3396 3982 3519 4033 mil-

282 4071 417 4124 libus
447 4073 678 4125 militum
710 4071 947 4125 A’icatam
976 4077 1067 4125 diu
1097 4075 1318 4137 obsedit,
1344 4090 1460 4143 qua:
1489 4075 1696 4126 tandem
1730 4089 1782 4125 re
1820 4073 2117 4142 desperata.
2157 4071 2473 4125 Sanctoium
2505 4072 2816 4124 tutelarium
2849 4088 2964 4138 ope,
3000 4073 3089 4137 qui
3119 4085 3212 4135 per
3248 4083 3516 4145 murorum

282 4159 651 4212 demolitiones
679 4161 964 4226 conspecti.
1010 4161 1182 4213 hostes
1229 4169 1548 4225 terruerunt,
1598 4161 1873 4213 liberatur.
1926 4158 2205 4212 Michaelis
2240 4159 2390 4212 Balbi
2424 4159 2645 4223 imperio
2706 4161 2881 4225 major
2930 4158 3104 4208 adhuc
3171 4156 3517 4206 barbarorum

283 4246 538 4312 illuvies;
572 4264 690 4299 nam
723 4247 861 4299 illia
891 4248 1156 4300 littoribus
1187 4247 1370 4301 Btetici
1405 4245 1602 4300 Oceani
1644 4247 1811 4299 nostri
1842 4249 2098 4302 solventes
2144 4247 2266 4316 (quo
2321 4255 2552 4308 tempore
2600 4246 2848 4310 regnabat
2896 4246 3034 4306 apud
3081 4261 3171 4296 nos
3220 4244 3515 4310 Alphousus

282 4345 627 4404 cognomento
668 4335 915 4403 Magnus,
954 4335 1210 4388 Bauimiri
1258 4337 1420 4401 ﬁlius,
1459 4336 1680 4390 Ordonii
1728 4354 1903 4406 nepos,
1942 4333 2149 4388 Canite
2193 4333 2361 4403 pater)
2410 4332 2569 4401 facile
2603 4332 2812 4384 Cretum
2860 4341 3261 4396 occupauerunt,
3293 4339 3340 4382 et
3377 4332 3515 4383 breui

283 4419 558 4486 Siciliam,
588 4421 916 4486 Calabriam,
949 4423 1239 4491 bonamque
1270 4421 1447 4477 Italae
1479 4433 1683 4488 partem
1722 4423 2093 4486 debellarunt;
2139 4424 2190 4474 iu
2227 4424 2411 4475 Asiam
2459 4421 2669 4473 tandem
2708 4421 3054 4488 traicientes,
3092 4431 3247 4487 atque
3281 4419 3401 4471 aliis
3432 4420 3517 4472 sui

284 4513 481 4578 generis
523 4510 791 4578 adjuncti,
827 4526 963 4578 sape
993 4511 1046 4561 in
1079 4508 1284 4563 Cm'cia
1317 4511 1394 4563 vel
1422 4527 1537 4563 cum
1569 4513 1679 4574 ipso
1712 4510 1996 4571 Theo,'hilo
2031 4510 2402 4577 conﬂixerunt,
2453 4510 2796 4576 ultimumque
2845 4514 2914 4560 ad
2953 4510 3222 4560 Amorium
3270 4507 3513 4576 Phrygia:

287 4600 559 4666 oppidum.
596 4614 697 4651 non
728 4598 841 4649 sine
871 4614 1131 4651 successu.
1167 4599 1378 4650 Accelit
1408 4598 1552 4651 locus
1576 4601 1715 4665 apud
1758 4597 1991 4651 eumdem
2031 4596 2392 4660 Theophanem
2424 4598 2476 4647 in
2515 4594 2737 4661 epistola
2770 4596 2898 4663 περὶ
2935 4596 3030 4664 τῆς
3073 4594 3393 4662 ἱερωσύνης,
3427 4592 3515 4643 ubi

287 4684 350 4736 de
380 4688 635 4755 baptismo
664 4685 912 4756 loquitur,
952 4686 1041 4754 qui
1069 4688 1147 4739 sic
1172 4686 1321 4738 habet
1351 4703 1363 4740 :
1404 4686 1527 4741 ιιυυ
1566 4686 1816 4740 Christus
1849 4688 2110 4749 membra,
2143 4699 2263 4752 qius
2302 4696 2562 4752 tanquam
2618 4684 2832 4751 propria
2889 4683 2990 4735 sibi
3024 4692 3105 4733 est
3136 4681 3511 4748 mpulaturns.

289 4776 587 4829 conici-mia
626 4776 774 4843 prius
802 4776 962 4843 capiti
1006 4774 1131 4829 facit
1161 4791 1256 4845 per
1288 4778 1633 4843 bapzismum.
1675 4775 1875 4829 Deinde
1903 4788 1996 4842 per
2024 4769 2491 4838 pznilicipatinnem
2530 4784 2591 4823 ac
2619 4770 3160 4820 communicatinuum
3191 4782 3301 4817 suae
3333 4768 3513 4820 carnis

290 4870 340 4913 et
370 4863 652 4927 sanguinis
683 4862 782 4915 sibi
817 4873 868 4913 et
900 4863 1040 4916 inter
1070 4879 1187 4915 sese
1227 4863 1405 4914 ("Vill'i
1443 4863 1555 4914 hem:
1586 4864 1766 4913 οιιιεοὶπ
1801 4870 2037 4914 iuvmhra
2066 4859 2384 4924 agglutinnt;
2419 4860 2585 4925 Atque
2611 4858 2759 4908 addit
2787 4871 2803 4908 :
2849 4854 2970 4907 ideo
3022 4855 3165 4905 enim
3217 4852 3514 4917 lmplismus

291 4961 539 5000 sanctam
570 4950 827 5016 pra-cedit
855 4952 1308 5003 cniiimnniuumu.
1350 4949 1448 5003 [ω
1484 4969 1582 5002 non
1612 4952 1824 5002 obscure
1854 4952 2045 5011 innuit,
2095 4951 2362 5017 antiquum
2401 4947 2648 5000 I’cclcsiu’
2678 4962 2869 4996 morem
2905 4944 2985 5007 (de
3025 4960 3125 5009 quo
3158 4944 3207 4994 iu
3237 4943 3366 4995 notis
3391 4959 3515 5011 age,-

291 5041 430 5101 mus)
461 5052 557 5087 suo
584 5045 812 5102 tempore
851 5037 1082 5097 durasse,
1117 5022 1290 5099 nempe
1321 5036 1554 5097 adultos,
1610 5048 1656 5099 et
1694 5038 1784 5104 qui
1828 5051 1992 5089 sacra:
2023 5037 2374 5090 Eucharistia'
2415 5044 2797 5087 sacramentum
2838 5030 3185 5097 accipiebant,
3232 5035 3302 5082 ad
3336 5031 3513 5097 bapti-

290 5137 464 5174 smum
493 5123 786 5183 accessisse,
817 5123 957 5189 quod
985 5134 1123 5175 certe
1156 5127 1320 5175 multo
1360 5125 1608 5176 vetustius
1640 5134 1738 5187 est,
1768 5140 1927 5192 quan
1959 5134 2011 5175 ut
2048 5124 2100 5174 in
2138 5122 2343 5174 Cra'cia
2385 5131 2485 5174 tcta
2510 5136 2588 5174 em
2622 5119 2846 5173 senioris
2871 5117 3181 5179 Andronici,
3219 5118 3274 5170 id
3299 5129 3371 5170 est
3406 5128 3512 5171 tre-

292 5220 561 5261 centorum
593 5207 706 5273 plus
739 5209 971 5260 minusve
1000 5224 1254 5261 annorum
1290 5210 1425 5277 ferre
1495 5213 1679 5277 possit.
1731 5214 1811 5265 Ad
1854 5211 1982 5272 ha'c,
2021 5209 2163 5263 haud
2212 5210 2339 5263 mihi
2388 5209 2736 5278 persuadebo,
2804 5206 2897 5257 illa
2942 5214 3098 5258 a'tate
3146 5204 3508 5274 Theophanem

292 5294 501 5358 uixisse,
528 5312 645 5348 cum
676 5296 787 5363 ejus
820 5293 1014 5347 mentio
1043 5295 1106 5347 ab
1143 5295 1286 5347 illius
1324 5299 1417 5349 cuni
1448 5298 1685 5365 diligenti
1710 5300 1983 5365 scriptore,
2033 5297 2339 5359 imperatori
2372 5312 2516 5357 caro,
2553 5293 2851 5346 litterarum
2884 5305 2931 5345 et
2960 5292 3310 5345 litteratorum
3341 5293 3512 5345 homi-

296 5397 415 5434 num
448 5392 685 5438 amatore
713 5393 761 5436 et
797 5381 1115 5436 eucomiaste
1160 5382 1458 5448 Nicephoro
1506 5384 1736 5453 Cregora
1784 5388 1988 5455 penitus
2038 5388 2196 5457 (quod
2246 5381 2592 5444 meminerim)
2643 5382 2959 5449 negligatur.
3010 5381 3253 5451 Legimus
3301 5382 3508 5450 quidem

295 5466 491 5537 integro
516 5472 710 5524 sceculo
739 5481 859 5523 ante
890 5469 1242 5521 Andronicum
1293 5470 1573 5525 Nicolaum
1620 5475 1895 5538 quemdam
1943 5474 2245 5530 Nico-num,
2298 5471 2383 5535 qui
2420 5467 2717 5521 Andronico
2745 5466 3004 5521 Cottttteno
3048 5478 3289 5534 tyranno,
3337 5465 3506 5515 Alexii

299 5552 545 5609 Conmeni
573 5557 854 5616 avunculo,
889 5553 1151 5607 Mauuelis
1182 5555 1431 5610 Contneui
1459 5559 1646 5626 fratre,
1684 5562 1920 5615 Nicamrn
1948 5578 2039 5629 pro
2060 5560 2195 5609 lidit.
2245 5554 2568 5623 Theophanis
2601 5570 2718 5605 vero
2761 5570 2853 5620 per
2900 5571 2957 5605 ea
2990 5551 3181 5603 sa'cula
3212 5547 3360 5601 nulla
3396 5565 3507 5602 om-

216 5690 223 5695 ,
302 5641 419 5693 uiuo
450 5644 507 5707 ﬁt
544 5648 753 5696 mentio.
794 5641 920 5696 llwc
954 5652 1090 5695 certe
1124 5644 1197 5695 ita
1228 5645 1367 5695 dictu
1416 5648 1588 5709 velim,
1627 5659 1679 5699 ut
1714 5650 1935 5701 liberum
1989 5644 2263 5705 unicuique
2316 5656 2405 5706 per
2439 5655 2515 5691 me
2554 5640 2671 5705 ﬁat,
2721 5641 2784 5692 de
2820 5635 3144 5703 Theophanis
3190 5634 3381 5685 sa’culo
3410 5652 3508 5703 pro

302 5723 442 5779 lbito
468 5732 675 5785 sentire.
717 5728 913 5782 Habuit
947 5740 1083 5782 certe
1113 5730 1257 5782 omni
1307 5747 1434 5793 (evo,
1484 5732 1817 5784 ornatissime
1862 5728 2077 5797 prmsul,
2121 5737 2379 5776 terrarum
2440 5725 2527 5777 ille
2575 5727 2755 5775 oculus
2786 5734 2831 5773 el
2862 5724 2981 5788 ﬂos,
3017 5720 3152 5770 uiros
3186 5719 3425 5776 doctrina
3455 5733 3503 5776 et

305 5814 317 5867 ἱ
359 5818 499 5878 ttcu‘o
536 5834 637 5881 pra:
670 5818 1015 5885 (natiuitatis,
1052 5836 1079 5871 e
1115 5835 1331 5888 quorum
1376 5820 1606 5889 fontibus
1639 5821 1691 5873 in
1729 5820 1871 5873 omni
1910 5819 2014 5871 l'cre
2044 5813 2439 5878 tt’t'sv‘P’F'U-‘rtttn
2487 5824 2667 5878 θἠιίἐ
2699 5808 2889 5861 rivulos
2926 5813 3128 5858 ηοδτνοδ
3163 5804 3335 5859 adhuc
3363 5812 3501 5868 deri.
