4142 6294
587 371 690 434 287
1507 366 1611 427 ΤΗ
1619 366 1817 426 ΕυΡΗ
1827 363 2017 426 ANES
2053 363 2467 424 EPISCOPUS
2501 358 2871 423 NIClENUS.
3738 345 3850 412 288

589 499 797 537 ramus.
844 479 913 536 Ut
943 496 1046 534 non
1083 480 1217 534 satis
1249 477 1434 536 mirari
1466 479 1674 548 quidem
1706 479 1967 548 possimus
1993 475 2325 531 incredibiles
2357 477 2710 530 humanorum
2745 486 2917 528 rerum
2955 467 3366 534 vicissitudines,
3418 468 3537 522 sive
3571 466 3654 536 (ut
3683 465 3851 523 Chri-

562 555 823 624 ‘stiartum
858 567 1115 621 hominem
1153 567 1296 638 loqui
1329 567 1495 637 decet)
1522 568 1716 620 diuina:
1744 567 2016 634 sapientia:
2059 563 2600 632 incomprehensibilia
2645 568 2874 615 decreta.
2910 558 3066 612 Iacet
3103 559 3241 612 enim
3275 573 3412 610 nunc
3449 555 3678 619 Graecia,
3738 557 3856 623 pri-

592 659 746 711 stina:
775 656 1062 710 venustatis
1105 655 1380 722 putridnm
1420 655 1665 715 cadaver,
1700 655 2063 707 miserandum
2111 653 2379 718 exuvium,
2422 652 2522 705 vile
2577 649 2823 712 temporis
2877 646 3191 708 ludibrium,
3243 644 3552 698 tenuissima
3601 644 3862 709 prteteriti

593 747 825 811 corporis
860 743 1068 806 umbra,
1103 751 1152 796 et
1188 743 1288 794 nisi
1321 742 1444 794 libri
1479 751 1826 806 superessent,
1877 758 2134 810 nusquam
2185 742 2241 794 in
2288 756 2383 793 suo
2430 740 2545 794 solo
2596 736 2978 808 cognoscenda.
3016 733 3140 787 Non
3188 735 3425 787 omittam
3463 733 3542 802 (ut
3571 734 3742 786 omnis
3781 735 3848 785 de

597 832 910 895 TheOptmne
939 835 1077 898 apud
1112 842 1354 884 auctores
1389 832 1580 883 mentio
1615 829 1893 896 prodatur)
1928 831 2120 882 vixisse
2173 827 2390 892 imperio
2437 822 2626 876 Leonis
2661 823 2876 875 Armeni
2912 817 3284 884 Theophanem
3317 819 3506 877 alium,
3541 819 3853 870 monasticae

595 927 714 978 υἱιίε
751 933 1084 982 sectatorem,
1111 913 1200 990 qui
1229 923 1282 973 in
1315 921 1738 975 Samothraciam
1773 922 2030 988 relegatus
2061 920 2122 973 ob
2154 928 2430 971 sacrarum
2477 911 2602 963 item
2649 908 2940 976 imaginum
2973 905 3197 968 cultum,
3241 906 3442 958 clarus.
3464 907 3534 956 ibi
3571 906 3850 958 miraculis

599 1013 748 1065 obiit.
789 1011 915 1063 Fuit
944 1021 990 1063 et
1026 1009 1365 1074 Theophanes
1401 1008 1647 1074 lsaurus,
1679 1009 1770 1077 qui
1803 1027 1833 1060 a
1873 1007 2167 1061 Maximino
2202 1004 2269 1058 ad
2305 1000 2662 1069 Nicephorum
2697 996 3037 1066 Logothetem
3085 996 3364 1049 historiam
3409 999 3700 1049 contexuit.
3739 995 3856 1049 Nos

597 1100 754 1168 hujus
786 1099 1027 1168 qutedum
1060 1098 1310 1150 habemus
1361 1097 1590 1150 nondum
1641 1097 1806 1160 edita,
1854 1111 1971 1166 qua:
2027 1096 2174 1149 nobis
2219 1089 2629 1146 communicavit
2691 1084 3013 1138 Franciscus
3065 1083 3361 1136 Turrianus
3408 1087 3682 1137 societatis
3731 1084 3866 1136 Jesu

600 1190 887 1254 presbyter,
922 1187 998 1237 vir
1031 1186 1174 1238 omni
1203 1185 1458 1237 memoria
1495 1185 1840 1248 venerandus,
1876 1199 1994 1235 cum
2026 1198 2125 1250 quo
2161 1197 2288 1247 pene
2319 1177 2637 1247 quotidiana
2668 1174 2816 1228 nobis
2847 1173 2952 1240 fuit
2979 1173 3326 1242 familiaritas
3365 1180 3472 1224 toto
3503 1171 3593 1224 illo
3624 1172 3864 1232 biennio,

599 1284 878 1342 antequam
916 1274 984 1324 ad
1016 1274 1286 1326 meliorem
1314 1273 1477 1324 vitam
1511 1273 1806 1326 translatus
1837 1280 1990 1325 esset.
2023 1270 2089 1322 Et
2121 1271 2204 1322 hic
2235 1268 2446 1336 quidem
2485 1263 2668 1316 tertius
2703 1259 3066 1328 Theophanes,
3096 1268 3155 1312 ut
3187 1269 3235 1312 et
3267 1261 3468 1322 priores
3504 1261 3630 1316 duo.
3670 1261 3871 1328 ὁμολο-

598 1365 772 1428 γήτης
808 1359 872 1412 ab
906 1360 1208 1412 auctoribus
1243 1361 1439 1419 dictus,
1478 1360 1530 1411 id
1563 1370 1662 1424 est,
1712 1362 1773 1413 ob
1822 1375 1954 1413 verte
1985 1358 2257 1426 religionis
2294 1352 2676 1420 confessionem
2711 1349 2774 1402 ab
2814 1348 3081 1402 hwreticis
3135 1347 3380 1416 amictus.
3419 1346 3539 1399 Non
3570 1346 3706 1400 enim
3733 1364 3870 1400 con-

599 1449 766 1516 fessor
795 1447 1163 1511 appellabatur
1209 1446 1374 1500 beatis
1404 1445 1513 1499 illis
1563 1445 1913 1514 temporibus,
1951 1446 2053 1498 nisi
2090 1445 2156 1506 is,
2195 1445 2288 1513 qui
2337 1443 2465 1512 ﬁdei
2505 1455 2668 1494 causa
2728 1447 2990 1492 tormenta
3035 1436 3290 1491 subierat.
3349 1435 3417 1489 Et
3453 1437 3577 1490 hinc
3629 1437 3705 1505 (ut
3737 1439 3874 1490 alibi

601 1534 988 1586 observavimus
1032 1548 1096 1584 es
1147 1533 1404 1586 Antiocho
1437 1533 1718 1602 monacho)
1780 1549 1882 1586 non
1927 1548 2082 1586 rarus
2117 1531 2206 1584 ille
2253 1529 2393 1592 apud
2443 1537 2634 1582 veteres
2680 1523 2945 1578 scribendi
2983 1524 3193 1584 modus,
3245 1539 3366 1578 cum
3413 1525 3477 1578 de
3525 1526 3767 1592 tyrannis
3821 1536 3929 1618 εις

602 1619 855 1674 Ecclesia:
886 1619 1306 1684 persecutoribus
1355 1619 1660 1689 loquuntur,
1690 1619 1959 1688 πεποίηκε
1988 1619 2238 1688 μάρτυρα

2304 1616 2573 1685 πεποίηκε
2615 1615 2985 1685 ὁμολογήτην,
3013 1615 3068 1668 id
3101 1624 3199 1681 est,
3233 1615 3360 1669 fecit
3395 1625 3712 1684 martyrem,
3742 1616 3878 1668 fec-il
3899 1615 3923 1688 ξ’

602 1706 1004 1772 confessorem,
1039 1721 1241 1772 nempe,
1269 1705 1422 1760 illum
1447 1716 1633 1768 morte,
1666 1707 1803 1759 hunc
1837 1707 2154 1761 cruciatibus
2191 1705 2389 1772 a/fecit.
3894 1689 3903 1700 ’

675 1793 979 1847 Orationem
1028 1803 1186 1862 atque
1217 1809 1300 1858 ea,
1350 1809 1468 1861 qua:
1502 1796 1632 1864 περὶ
1684 1792 1781 1854 τοῦ
1832 1794 1992 1861 λόγου
2033 1793 2088 1846 in
2126 1791 2435 1859 Theophane
2487 1806 2718 1855 censere,
2754 1789 2959 1860 frustra
3004 1790 3187 1860 fuerit,
3236 1807 3354 1844 cum
3389 1790 3879 1845 ecclesiasticarum

607 1893 886 1936 auct-orum
917 1881 1038 1935 libri
1065 1883 1445 1935 sententiarum
1477 1899 1539 1935 ac
1562 1899 1739 1935 rerum
1763 1899 1923 1936 causa
1951 1881 2154 1950 legendi
2192 1878 2360 1948 magis
2391 1878 2495 1930 sint
2522 1893 2682 1946 quam
2713 1879 3018 1936 verborum.
3057 1877 3386 1933 Charactere
3415 1887 3491 1931 est
3525 1893 3630 1930 non
3657 1877 3877 1940 humili,

585 1980 701 2023 ,ωσι
724 1968 989 2037 depresso,
1031 1966 1123 2021 sed
1163 1969 1335 2037 gravi,
1367 1977 1417 2022 et
1453 1969 1542 2034 qui
1594 1969 1976 2023 sublimitatem
2004 1968 2408 2039 rhythmumque
2455 1970 2694 2039 a/fectat,
2732 1980 2788 2025 at
2822 1971 2879 2024 in
2909 1987 3012 2040 quo
3059 1971 3439 2040 syntomicum,
3477 1985 3704 2038 aereque
3740 1971 3882 2022 illud

611 2054 1179 2122 Nasianseni,merito
1230 2056 1516 2110 desideres.
1552 2053 1653 2110 Est
1696 2058 1835 2110 enim
1863 2057 2040 2120 laxus,
2075 2067 2123 2110 et
2167 2059 2480 2122 stepiuscule
2507 2061 2624 2126 plus
2677 2063 2839 2116 nimio
2871 2077 3188 2123 excurrens,
3239 2061 3416 2132 qualis
3465 2062 3662 2115 alicubi
3701 2062 3885 2130 Chry-

610 2153 892 2195 sostomus.
940 2139 1056 2206 Quo
1102 2140 1164 2208 ﬁt
1192 2150 1250 2194 ut
1283 2157 1316 2194 a
1351 2142 1692 2208 periodorum
1722 2144 2092 2206 distractione,
2150 2152 2200 2197 et
2236 2144 2290 2198 in
2324 2147 2491 2200 verbis
2542 2147 2685 2202 haud
2729 2159 2871 2202 recta
2923 2149 3252 2220 ἀκολουθείᾳ
3286 2151 3575 2218 implicitus
3608 2151 3700 2209 sit,
3737 2159 3788 2204 et
3821 2161 3884 2202 ut

612 2227 785 2281 (ἱππί
812 2227 985 2280 allici
1013 2229 1068 2281 ίη
1095 2228 1192 2280 hoc
1228 2243 1411 2297 σεηεη
1439 2229 1748 2298 loquuntur.
1798 2231 2010 2282 omnino
2041 2232 2278 2302 ἀσαφής.
2342 2234 2510 2290 Verba
2559 2252 2664 2289 non
2709 2236 2952 2301 sordida,
3004 2238 3110 2292 imo
3145 2255 3236 2292 nec
3274 2241 3522 2298 obscura.
3575 2239 3886 2308 frequenter

612 2327 790 2371 tamen
815 2317 931 2370 ideo
963 2318 1276 2387 impropria,
1310 2319 1450 2386 quod
1482 2320 1766 2374 translata.
1799 2319 2104 2384 Schemata,
2136 2334 2326 2388 praeter
2352 2327 2488 2378 hanc
2515 2341 2679 2378 unam
2720 2327 3106 2394 metaphoram,
3139 2327 3248 2396 fere
3284 2327 3454 2382 nulla.
3509 2326 3694 2383 Sacrae
3725 2327 3884 2384 Scri-

608 2416 779 2476 ptura:
802 2409 1072 2462 sententiis
1111 2407 1337 2477 refertus
1369 2417 1470 2473 est,
1507 2410 1611 2462 imo
1638 2409 1747 2476 fere
1775 2417 1917 2462 totus
1962 2425 2028 2462 ea:
2071 2409 2203 2472 illis,
2235 2412 2463 2466 maxime
2494 2413 2581 2474 iis,
2607 2428 2722 2482 quas
2751 2414 2805 2466 in
2852 2412 3109 2483 Epistolis
3145 2412 3322 2481 Pauli,
3369 2425 3670 2481 contextus,
3704 2425 3765 2470 ut
3795 2419 3878 2468 vel

609 2495 667 2548 in
715 2494 811 2548 hoc
857 2493 1239 2564 Chrysostomi,
1279 2511 1434 2565 quem
1475 2498 1711 2550 studiose
1757 2497 2022 2560 imitatur,
2071 2497 2390 2567 discipulum
2443 2502 2612 2568 possis
2643 2516 2949 2570 agnoscere.
3008 2501 3111 2568 Tu,
3155 2504 3595 2572 prestantissime
3644 2507 3884 2572 epist-ape

613 2583 780 2652 (apud
806 2597 955 2651 quem
1001 2582 1327 2650 jamdudum
1358 2585 1464 2638 scio
1505 2583 1769 2646 bonorum
1795 2585 2114 2654 scriptorum
2151 2597 2489 2640 monumenta
2518 2604 2722 2642 summo
2762 2605 2872 2642 esse
2929 2588 3070 2655 loco,
3108 2600 3349 2656 nostras,
3396 2607 3740 2660 quiscumque
3770 2591 3887 2645 illa

615 2667 838 2737 fuerint,
867 2670 1266 2725 lucubrationes
1295 2687 1399 2726 non
1431 2671 1662 2739 ultimo),
1705 2673 2010 2726 humaniter
2043 2675 2240 2740 accipe,
2288 2691 2406 2744 qua:
2434 2677 2618 2729 studia
2651 2693 2769 2730 mea
2817 2677 2958 2732 hisce
2985 2678 3173 2731 diebus
3203 2679 3567 2748 pronatalitiis
3598 2679 3695 2731 tibi
3725 2679 3888 2730 desu-
3951 2739 3960 2746 _

615 2759 839 2812 darunt.
879 2761 1012 2824 (tute
1043 2762 1256 2814 tandem
1285 2762 1332 2814 si
1360 2761 1458 2815 tibi
1507 2763 1726 2828 probari
1772 2778 2083 2832 cognovero,
2133 2761 2424 2815 maximum
2471 2779 2554 2816 me
2605 2764 2790 2829 opellw
2834 2764 2994 2834 hujus
3046 2767 3272 2836 pretium
3324 2766 3508 2834 fecisse
3555 2765 3885 2818 arbitrabor.

616 2845 1052 2916 Fulgentissimus
1087 2847 1280 2915 lucifer
1305 2866 1437 2920 puer
1463 2848 1592 2905 Iesu
1629 2851 2082 2920 (reverendissime
2125 2849 2323 2919 Pater)
2367 2849 2520 2919 cujus
2550 2851 2855 2920 felicissimo
2891 2864 3080 2907 exortu
3106 2853 3414 2924 caliginosa
3440 2853 3696 2907 scelerum
3733 2861 3888 2907 terte-

620 2935 728 2988 brte
755 2934 988 3002 depulsa:
1015 2943 1159 3001 sunt,
1190 2947 1410 2990 mentem
1437 2947 1582 2992 luant
1610 2939 1801 3009 iugiter
1831 2939 2083 2994 illustret.
2121 2937 2219 2994 Ille
2256 2941 2350 2995 tibi
2381 2943 2436 2993 in
2471 2942 2598 3006 ista,
2644 2958 2750 3012 qua
2795 2942 2866 2996 ad
2897 2941 3104 2997 clavum
3141 2953 3277 3010 stas,
3320 2946 3552 2996 muneris
3589 2944 3666 2995 tui
3697 2944 3890 3012 puppi,

620 3031 766 3075 certa
808 3025 879 3075 sit
910 3021 1115 3086 Helice,
1147 3038 1241 3085 per
1261 3041 1422 3094 quam
1446 3027 1659 3080 tandem
1685 3027 1936 3096 populum
1963 3041 2114 3096 quem
2143 3027 2334 3082 calesti
2367 3039 2622 3095 potestate
2671 3031 2832 3100 regis,
2869 3031 2939 3083 ad
2965 3041 3178 3086 aeterna:
3227 3031 3418 3084 salutis
3455 3041 3668 3100 portum
3717 3033 3892 3096 possis

622 3110 924 3252 perduqere.
981 3109 1163 3166 Romte
1186 3112 1243 3166 in
1274 3115 1599 3170 monasterio
1630 3113 2048 3170 Prasdicatorum
2079 3124 2280 3170 sancta:
2307 3115 2498 3174 Mariae
2531 3135 2686 3185 super
2712 3119 3020 3183 Minervam,
3051 3120 3121 3174 ΞΟ
3163 3118 3485 3174 Decembris.
3514 3119 3666 3173 Anno
3697 3119 3894 3172 huma-

623 3213 707 3253 nae
732 3214 792 3252 sa
818 3199 923 3253 utis
951 3199 1114 3253 1589.

623 3213 707 3253 nae
732 3199 923 3253 salutis
951 3199 1114 3257 1589.

635 3421 1476 3451 u--——-—-———-—-—‘

1489 3425 3869 3456 WW-

1623 3521 1626 3530 ’
1737 3582 2778 3723 ΘΕΟΦΑΝΟΥΣ

1250 3823 2512 3948 ΜΗΤΡΟΠΟΛΙΤΟΥ
2607 3831 3251 3952 ΝΙΚΑΙΑΣ

1949 4051 2583 4144 ΕΠΙΣΤΟΛΑΙ.

1529 4373 1548 4380 ”
1642 4337 2888 4600 THEOPHANIS

1427 4737 2494 4892 METROPOLITE
2577 4734 3119 4853 NIC/ENI

1940 4977 2612 5070 E’PISTOLIE.

2232 5197 2307 5214 —

1411 5338 1452 5392 l.
2247 5340 2293 5395 Δ
3076 5326 3156 5382 A'.

655 5427 987 5498 Theophanis
1030 5428 1409 5496 archiepiscopi
1437 5424 1904 5494 NieamiEpistola
1947 5424 2017 5476 ad
2053 5421 2233 5477 Nicia-

2336 5421 2677 5490 Θεοφάνους
2730 5423 3185 5489 μητροπολιτου
3255 5421 3508 5488 Νικαίας
3533 5463 3547 5484 ,
3591 5417 3907 5484 ’ἐπιστολή

717 5536 831 5584 nos,
864 5518 1056 5572 docens
1085 5519 1294 5589 qualem
1323 5533 1436 5571 esse
1467 5525 1704 5586 oporteat
1749 5531 1928 5569 verum
1974 5512 2234 5567 Christia-

2404 5513 2553 5579 πρὸς
2584 5511 2724 5577 τοὺς
2750 5512 3027 5578 Νικαίας,
3055 5512 3437 5567 διδάσκουσα
3465 5511 3593 5580 πῶς
3623 5513 3724 5567 δεῖ
3759 5510 3909 5566 εἶναι

722 5625 850 5663 num
907 5618 1318 5678 contemptorem
1361 5624 1538 5660 rerum
1588 5609 1822 5661 omnium
1873 5621 2074 5676 praesen
2101 5605 2234 5665 ium,

2402 5605 2511 5657 τὸν
2560 5602 2760 5672 ἀληθῆ
2819 5605 3187 5671 Χριστιανὸν
3247 5607 3605 5673 ὐπερόπτην
3672 5605 3913 5660 πάντων

732 5703 840 5755 sive
876 5703 1108 5756 tristium
1137 5701 1660 5770 sivejucundarum;
1709 5716 1867 5770 prope
1925 5700 2083 5768 finem
2114 5713 2234 5750 vero

2404 5697 2523 5750 τῶν
2549 5698 2863 5764 παρόντων
2893 5697 2994 5750 καὶ
3033 5697 3229 5767 ἡδέων
3263 5700 3360 5752 καὶ
3404 5699 3724 5768 λυπηρῶν,
3764 5701 3911 5768 ,πρὸς

723 5796 1034 5865 ριἀἐὶρὶεηδ
1068 5811 1217 5849 omne
1256 5808 1469 5849 prorsus
1506 5797 1830 5848 consortium
1865 5793 2235 5845 harcticorum

2406 5791 2471 5842 τὸ
2514 5788 2682 5851 τέλος
2727 5788 3130 5857 alcmeonem
3179 5789 3456 5853 καθάπαξ
3511 5789 3907 5856 ἐκτρέπεσθαι
