4156 6304
274 260 385 324 293

1675 255 2047 319 EPISTULA
2082 256 2131 318 Ι.

3424 258 3531 327 24

278 393 443 447 μενον
480 378 576 431 καὶ
610 376 877 449 ὑπορρέον
922 379 1008 433 ἀεὶ
1053 379 1150 446 τῆς
1182 377 1466 448 παρούσης
1499 377 1648 451 ζωῆς
1678 384 1855 434 αίνιτ-

1975 376 2287 445 νὶιίοειεψιο
2358 374 2653 445 voluptatis
2726 375 2886 443 plena
2965 376 3191 432 satietas
3225 418 3239 443 ,
3292 380 3528 450 decipiat

276 474 531 542 τόμενος.
569 472 684 524 Καὶ
711 471 993 541 μονονουχὶ
1022 472 1160 542 πρὸς
1209 471 1422 536 πάντας
1456 475 1644 543 φωνὴν
1694 475 1853 543 ἀφεὶς

283 566 429 634 μήτε
458 564 572 627 τοῖς
602 563 907 627 σπουδαίοις
936 563 997 615 τὺ
1030 564 1255 633 ἀνιαρόν
1279 581 1338 617 τε
1374 568 1469 618 καὶ
1489 565 1853 637 τεθλιμμένον

276 655 375 707 τὸν
403 657 553 708 τόνον
577 655 673 723 τῆς
721 653 1031 723 προθυμίας
1079 654 1431 725 ὐποχαλάτω,
1480 657 1854 728 λογιζομένοις

283 747 345 798 τὸ
382 745 557 815 βραχύ
584 748 788 799 τούτων
817 742 909 799 καὶ
949 747 1313 816 πρόσκαιρον,
1343 751 1438 802 καὶ
1470 749 1568 819 τὴν
1618 751 1853 814 διαδεξο-

290 838 463 907 μένην
484 838 604 891 ὅσον
631 839 845 891 οὐδέπω
871 843 1153 909 μακαρίαν
1173 840 1359 893 ἄνεσιν
1383 843 1477 893 καὶ
1500 842 1667 911 ζωήν.
1697 844 1852 912 Μὴτε

294 926 403 992 μὴν
429 928 546 988 τοὺς
591 927 931 990 ἀκολάστους
973 927 1278 991 δελεαζέτω
1323 932 1352 983 ό
1385 931 1703 1000 πλατυσμὸς
1753 933 1853 1001 τῆς

289 1018 405 1069 όδού
442 1020 536 1071 καὶ
574 1020 608 1087 η
641 1020 722 1081 είς
755 1023 919 1088 κόρον
952 1022 1241 1091 πλησμονὴ
1284 1022 1385 1089 τῆς
1425 1023 1708 1091 ἑμπαθοῦς
1734 1024 1857 1095 ἡδο-

282 1108 403 1176 νῆς,
434 1109 827 1181 ὑφορωμένους
859 1112 921 1165 τὺ
973 1113 1092 1182 μετ’
1144 1114 1324 1181 ὀλίγον
1365 1115 1704 1185 κατάλληλον
1754 1117 1855 1186 τῆς

277 1198 535 1270 τοιαύτης
563 1201 685 1255 όδοῦ
719 1202 919 1272 πέρας,
950 1204 1050 1275 τὴν
1071 1205 1346 1259 ἀπώλειαν
1373 1208 1471 1261 καὶ
1498 1207 1558 1260 τὸ
1585 1210 1660 1279 μὴ
1695 1208 1856 1261 σϐεν-

279 1292 481 1359 ύμενον
525 1291 642 1362 πῦρ
690 1294 787 1347 καὶ
816 1294 906 1347 τὸν
943 1295 1306 1365 ἀτελεύτητον
1355 1298 1636 1369 σκώληκα.
1697 1298 1856 1353 Ἀλλὰ

274 1384 392 1445 τοῖς
423 1383 690 1446 τοιούτοις
735 1386 1164 1458 ἐπιχειρήμασιν
1192 1390 1221 1442 ό
1266 1390 1512 1455 ποικίλος
1546 1393 1640 1445 καὶ
1691 1395 1857 1445 πολύ-

279 1489 491 1543 μορφος
521 1474 647 1543 δφις
689 1478 1091 1548 ἀποκρουσθεὶς
1122 1484 1188 1551 τῇ
1221 1482 1511 1553 συμμαχίᾳ
1553 1484 1653 1537 τοῦ
1686 1485 1855 1538 πνεύ-

280 1583 483 1635 ματος,
509 1568 610 1622 οὐκ
632 1571 863 1639 ἠρεμεῖν
908 1572 1046 1635 ὅλως
1075 1574 1335 1643 ἀνέχεται
1364 1590 1379 1606 ·
1414 1576 1550 1629 ἀλλά
1582 1577 1652 1630 δι’
1693 1578 1852 1630 ἐναν-

274 1656 411 1711 τίων
464 1655 893 1730 μηχανημάτων
920 1663 1011 1718 τὸν
1064 1664 1273 1735 πύργον
1327 1667 1427 1736 τῆς
1474 1669 1754 1739 ὑπομονῆς
1790 1686 1850 1721 τε

1881 1709 1928 1770 Β

1956 468 2262 522 lusnriosos
2296 507 2310 533 ,
2398 468 2790 536 prospicientes
2860 466 3103 524 vicissim
3165 469 3291 526 vitae
3362 474 3523 542 hujus

1954 561 2173 616 brevem
2208 560 2393 624 linem,
2420 561 2802 629 perditionem,
2830 561 3076 631 inquam,
3104 573 3159 616 et
3182 562 3358 632 ignem
3379 566 3527 619 ines-
3636 578 3645 589 ‘

1955 653 2345 721 stingnibilem,
2377 663 2750 722 aeternumque
2789 667 3052 708 vermem.
3079 654 3344 710 Cteterum
3381 655 3532 709 frau-

1955 744 2206 798 dulentus
2261 759 2324 798 ac
2370 745 2590 798 dolosus
2645 760 2892 816 serpens,
2950 760 3051 816 ope
3100 748 3326 815 spiritus
3380 750 3528 801 hisce

1955 838 2258 892 rationibus
2309 838 2695 906 propulsatus,
2745 840 3097 908 acquiescere
3153 852 3328 894 tamen
3380 841 3530 897 nullo

1955 929 2115 983 modo
2155 939 2335 999 potest
2376 945 2389 982 :
2436 930 2681 999 quinimu
2733 945 2829 999 per
2882 932 3159 999 oppositas
3225 933 3526 998 machinas,

1954 1021 2230 1090 patientiae
2267 1020 2501 1090 fideique
2534 1033 2734 1075 nostra;
2777 1022 2968 1075 turrim
2999 1031 3246 1077 evertere
3278 1024 3526 1091 aggredi-

1957 1122 2065 1179 tur,
2130 1112 2359 1167 insidias
2395 1114 2687 1180 variasque
2737 1114 3066 1167 tentationes
3104 1114 3268 1167 variis
3301 1131 3365 1167 es
3398 1114 3534 1168 locis

1956 1204 2112 1257 nobis
2143 1214 2380 1269 struens,
2410 1206 2688 1260 consuetis
2718 1206 3006 1273 pravitatis
3046 1220 3159 1259 suae
3204 1208 3535 1259 instrumen-

1957 1295 2026 1347 tis
2048 1297 2112 1348 ad
2151 1296 2265 1349 haec
2291 1295 2639 1365 exsequenda
2674 1295 2912 1349 maxime
2944 1295 3084 1365 aptis
3109 1311 3324 1349 rursum
3352 1307 3534 1353 utens.

1958 1384 2022 1436 Et
2070 1400 2214 1438 nunc
2261 1385 2480 1454 quidem
2521 1386 2768 1455 jacturas
2824 1387 3267 1455 direptionesque
3300 1387 3536 1439 faculta-

1959 1487 2069 1532 tum
2144 1479 2299 1533 nobis
2349 1479 2529 1543 infert,
2582 1479 2715 1532 alias
2760 1494 2888 1532 vero
2931 1494 3227 1544 carcerem,
3286 1482 3533 1545 verhera,

1954 1570 2332 1631 contumelias,
2350 1578 2405 1623 et
2431 1569 2683 1637 injurias,
2717 1579 2879 1639 atque
2904 1569 3264 1638 ignominias;
3291 1574 3538 1635 quando-

1953 1675 2059 1730 que
2117 1675 2247 1713 vero
2284 1662 2628 1728 captivitates
2696 1662 2980 1731 minasque
3027 1662 3278 1716 violenta:
3319 1664 3534 1729 mortis,

275 1748 376 1800 καὶ
401 1748 634 1814 πίστεως
664 1751 825 1820 ήμῶν
849 1754 1121 1825 ἐπιχειρεῖ
1143 1757 1416 1821 καθελεῖν,
1455 1760 1722 1827 ἐπηρείας
1757 1760 1853 1813 καὶ

1961 1764 2013 1803 ιιι
2045 1752 2169 1804 hinc
2196 1752 2349 1805 lracti
2384 1752 2569 1804 animo
2612 1752 2694 1805 vel
2743 1752 3080 1807 fmderemur
3126 1753 3193 1807 ad
3244 1754 3537 1818 luxuriam.

276 1839 492 1910 θλίψεις
533 1844 782 1905 ποικίλας
832 1846 928 1898 καὶ
965 1847 1298 1917 πολλαχόθεν
1344 1851 1479 1920 ημῖν
1529 1851 1850 1919 ἐπεγείρων,

275 1931 395 1994 τοῖς
441 1932 729 2002 συνήθεσιν
780 1935 1038 2003 ὀργάνοις
1072 1937 1172 2007 τῆς
1208 1939 1404 1992 ἑαυτοῦ
1448 1941 1711 2009 πονηρίας
1747 1941 1856 1994 πά-

275 2022 363 2074 λιν
389 2025 759 2094 χρησάμενος,
792 2027 975 2090 καλῶς
1010 2028 1333 2097 δυναμένοις
1365 2031 1435 2083 τὰ
1462 2030 1686 2086 τοιαῦτα
1716 2034 1858 2101 ὑπη-

280 2116 482 2181 ρετεῖν.
519 2116 629 2168 Καὶ
656 2115 753 2169 νῦν
783 2117 882 2185 μὲν
909 2117 1118 2188 ζημίας
1148 2122 1240 2172 καὶ
1265 2121 1519 2190 ἁρπαγὰς
1549 2121 1658 2174 τῶν
1687 2139 1858 2192 προσ-

279 2206 450 2259 όντων
515 2200 650 2275 ἡμῖν
699 2208 945 2277 ἐπάγων,
996 2209 1187 2264 ἄλλοτε
1221 2211 1472 2281 φυλακάς
1514 2229 1573 2265 τε
1623 2214 1719 2266 καὶ
1752 2214 1858 2281 μά-

282 2313 502 2364 στιγας,
532 2298 799 2369 λοιδορίας
823 2316 882 2353 τε
913 2303 1006 2353 καὶ
1033 2301 1220 2372 ὖόρεις
1244 2304 1339 2356 καὶ
1369 2303 1619 2373 ἀτιμίαςξ
1642 2305 1773 2357 ποτὲ
1800 2306 1857 2359 δὲ

279 2388 667 2457 αἰχμαλωσίας
705 2390 800 2444 καὶ
847 2392 1081 2455 ἀπειλὰς
1134 2392 1329 2462 βιαίων
1364 2394 1632 2461 θανάτων,
1675 2397 1743 2450 ἵν’
1773 2399 1859 2452 ὲν·

274 2480 477 2535 τεῦθεν
532 2482 1102 2555 κατολιγωρήσαντες,
1150 2486 1186 2557 ἢ
1227 2488 1363 2558 πρὸς
1407 2489 1505 2559 τὴν
1559 2491 1855 2545 ἀκολασίαν

278 2572 684 2643 σπευσώμεθα,
720 2576 755 2644 ἢ
787 2576 923 2645 πρὸς
947 2576 1046 2647 τὴν
1075 2578 1335 2633 ἀσέϐειαν
1361 2580 1604 2644 εὐμενῶς
1633 2582 1857 2650 ἴδωμεν,

277 2662 494 2718 τούτων
528 2667 750 2719 πάντων
774 2668 887 2720 τῶν
909 2667 1164 2738 χαλεπῶν
1189 2670 1507 2742 ἀπαλλαγὴν
1528 2674 1857 2741 ἐπαγγελλο-

283 2753 457 2822 μένην
494 2756 589 2808 καὶ
624 2756 735 2809 τῶν
769 2760 1061 2829 παρόντων
1107 2759 1281 2832 ἡδέων
1314 2760 1512 2832 δαψιλῆ
1540 2763 1856 2834 χορηγείαν,

280 2848 335 2897 εί
368 2847 465 2916 τῆς
516 2849 798 2913 εὐσεϐείας
830 2851 927 2904 καὶ
982 2852 1187 2922 ἀρετῆς
1239 2855 1443 2915 ταύτην
1497 2854 1852 2924 ἀλλάξαιμεν.

293 2937 457 2991 Ἀλλά
486 2955 549 3007 γε
587 2940 684 3003 τὰς
729 2946 981 3012 μηχανάς
1010 2960 1069 2996 τε
1099 2945 1196 2997 καὶ
1243 2943 1520 3007 ἑλεπόλεις
1569 2945 1855 3015 καρτερῶς

1956 1841 2041 1893 vel
2083 1840 2149 1893 ad
2195 1841 2527 1908 impietatem
2583 1840 2927 1908 inclinemus,
2978 1857 3098 1912 quas
3138 1844 3297 1897 nobis
3344 1844 3536 1898 horum

1955 1932 2198 1985 omnium
2276 1930 2544 1985 malorum
2596 1931 3015 1997 liberationem,
3069 1936 3540 2005 prmsentiumqne

1956 2024 2290 2091 voluptatum
2323 2026 2604 2092 capiosam
2637 2023 2967 2080 afﬂuentiam
3001 2029 3296 2096 promittit,
3333 2028 3379 2084 si
3425 2029 3539 2097 pie-

1962 2124 2125 2169 tatem
2189 2118 2553 2185 virtutemque
2618 2132 2738 2170 cum
2815 2119 2929 2189 ipsa
2998 2123 3535 2177 commutaverimus.

1961 2203 2228 2259 Caeterum
2281 2204 2357 2275 (2)
2422 2206 2856 2263 machinationes
2928 2220 2983 2265 et
3049 2213 3408 2270 instrumenta
3454 2216 3540 2269 di-

1960 2297 2173 2350 ruentia
2213 2297 2425 2350 fortiter
2456 2299 2817 2366 perferemus,
2853 2302 2897 2356 si
2931 2303 3157 2371 vigilare
3189 2305 3541 2368 voluerimus,

1959 2397 2174 2441 scutum
2207 2397 2262 2441 et
2292 2391 2752 2458 propugnaculum
2784 2394 3159 2450 ﬁrmissimum
3194 2409 3359 2467 atque
3387 2399 3546 2451 tntis-

1963 2477 2165 2531 simum
2220 2477 2493 2534 Christum
2542 2481 2827 2547 habentes,
2858 2486 3138 2555 praeclaris
3175 2489 3335 2541 etiam
3362 2503 3543 2542 exem-

1961 2571 2063 2640 plis
2084 2585 2144 2624 ac
2161 2569 2503 2626 mirabilibus
2535 2572 2897 2641 abundantes,
2930 2589 3269 2645 sanctorum,
3296 2578 3540 2647 inquam,

1959 2664 2236 2733 patientia,
2284 2679 2348 2720 ac
2379 2664 2692 2731 tolerantia,
2740 2676 2796 2721 et
2829 2669 3091 2723 adversus
3128 2682 3409 2733 peccatum
3450 2688 3540 2725 re-

1959 2756 2203 2810 sistentia
2237 2772 2407 2827 usque
2460 2756 2527 2812 ad
2575 2759 2856 2830 sanguinis
2906 2759 3248 2815 eli‘usionem.
3307 2759 3541 2826 Quidam

1956 2848 2117 2912 enim,
2151 2848 2345 2917 inquit,
2382 2848 2603 2904 distenti
2630 2861 2774 2915 sunt,
2808 2868 2914 2905 non
2960 2852 3307 2920 suspicientes
3343 2857 3546 2907 redem-

1956 2942 2209 3007 ptionem,
2281 2950 2339 2993 ut
2394 2943 2666 2995 meliorem
2723 2944 3015 2997 invenirent
3075 2945 3543 3010 resurrectimmn;

276 3031 604 3101 ἐνέγκοιμεν
621 3034 709 3103 ἂν,
741 3035 795 3088 εί
808 3053 871 3104 γε
900 3035 1227 3108 βουλοίμεθα
1258 3038 1670 3108 διαγρηγορεῖν.
1695 3038 1857 3092 ὅπλον

1961 3031 2055 3085 alii
2084 3048 2203 3085 vero
2245 3031 2473 3086 ludibria
2522 3044 2570 3087 et
2606 3037 2817 3087 verbera
2845 3037 3071 3104 experti,
3108 3038 3321 3105 insuper
3350 3051 3394 3090 et
3428 3038 3544 3089 uin-

274 3122 375 3174 καὶ
411 3122 679 3193 πρόϐολον
711 3126 802 3179 τὸν
831 3125 1069 3196 Χριστὸν
1098 3127 1324 3199 ἀρραγῆ
1357 3130 1715 3200 κεκτημένοι,
1754 3147 1860 3182 πα-

275 3214 670 3283 ραδειγμάτων
713 3216 768 3269 δὲ
815 3218 1176 3284 εὐποροῦντες
1220 3222 1488 3287 γενναίων
1521 3224 1613 3274 καὶ
1646 3219 1860 3288 θαυμα-

272 3305 427 3359 στῶν
465 3306 575 3359 τῶν
599 3308 770 3375 ἁγίων
799 3307 958 3377 λέγω.
984 3310 1083 3381 τὴν
1118 3310 1396 3381 ὑπομονήν
1425 3328 1485 3364 τε
1517 3312 1613 3365 καὶ
1662 3329 1860 3383 καρτε-

272 3401 429 3469 ρίαν,
463 3404 560 3453 καὶ
594 3401 792 3473 μέχρις
815 3403 1048 3473 αἵματος
1086 3405 1224 3473 πρὸς
1269 3404 1370 3471 τὴν
1412 3403 1687 3473 ἁμαρτίαν
1720 3407 1861 3459 ἀντι-

265 3495 643 3549 κατάστασιν.
678 3498 744 3549 Ol
764 3495 883 3564 μὲν
917 3497 1047 3566 reip,
1082 3496 1268 3565 φησιν,
1292 3497 1854 3567 ἐτυμπανίσθησαν,

264 3589 343 3638 οὺ
375 3586 863 3658 προσδεξάμενοι
882 3588 998 3657 τὴν
1029 3590 1480 3657 ἀπολύτρωσιν,
1517 3590 1618 3643 ἵνα
1666 3592 1859 3658 κρείτ-

265 3695 458 3744 τονος
492 3679 889 3747 ἀναστάσεως
934 3682 1235 3751 τύχωσιν⁸
1280 3682 1472 3751 ἕτεροι
1509 3682 1578 3736 δὲ
1615 3683 1863 3751 ἐμπαιγ-

260 3771 401 3841 μῶν
433 3772 540 3825 καί
572 3774 883 3842 μαστίγων
903 3774 1119 3842 πεῖραν
1145 3774 1387 3839 ἔλαϐον,
1417 3774 1595 3829 ἔτιδὲ
1622 3772 1862 3843 δεσμῶν

263 3866 370 3919 καί
403 3864 732 3935 φυλακῆςο
782 3868 1222 3935 ἐλιθάσθησαν,
1250 3869 1660 3935 ἐπρίσθησαν,
1702 3869 1863 3919 ἐπει-

1962 3125 2105 3188 cula,
2149 3136 2197 3176 et
2240 3140 2511 3189 carceres;
2560 3123 2788 3192 lapidati
2829 3137 2977 3188 sunt,
3009 3129 3139 3181 secti
3172 3137 3321 3192 sunt,
3353 3129 3545 3182 tentati

1962 3225 2106 3279 sum,
2141 3215 2194 3266 in
2233 3214 2490 3266 occisione
2538 3214 2707 3283 gladii
2739 3218 2935 3269 mortui
2958 3229 3104 3274 sunt.
3147 3216 3546 3274 Circumierunl

1961 3307 2015 3358 in
2052 3306 2281 3366 melotis,
2327 3308 2381 3359 in
2421 3306 2643 3373 pellibus
2683 3308 2934 3374 caprinis.
2972 3319 3195 3380 egentes.
3225 3312 3543 3380 augustiati,

1962 3398 2163 3468 afﬂicti,
2186 3398 2374 3467 quibus
2401 3400 2590 3470 aignus
2623 3416 2726 3453 non
2746 3412 2859 3453 erat
2902 3408 3134 3455 mundus
3160 3402 3200 3456 ³.
3233 3401 3343 3458 Deo
3374 3403 3542 3456 nimi~

1961 3507 2079 3545 rum
2123 3493 2491 3562 permittente,
2519 3505 2576 3546 ut
2613 3494 2837 3561 probata
2869 3510 3062 3549 eorum
3105 3495 3240 3551 fides
3288 3504 3343 3550 et
3380 3495 3539 3550 lorti-

1960 3590 2087 3641 tudo
2135 3587 2441 3644 clarissime
2485 3589 2842 3654 clttcesceret,
2885 3589 2990 3643 illis
3034 3590 3253 3660 quidem
3284 3590 3339 3644 in
3374 3590 3545 3660 majo-

1958 3694 2076 3732 rem
2111 3679 2374 3733 bonorum
2409 3678 2847 3746 retributionem,
2869 3681 3150 3750 majusque
3168 3681 3343 3736 diabol
3380 3682 3545 3735 dedo~

1962 3787 2065 3827 cus
2086 3783 2142 3826 et
2180 3775 2460 3835 damnum,
2489 3774 2646 3827 nobis
2674 3788 2801 3826 vero
2842 3773 3203 3842 omnibusque
3224 3775 3313 3839 qui
3341 3773 3393 3828 in
3422 3773 3545 3828 vita

1963 3865 2128 3933 hujus
2167 3863 2405 3918 stadium
2440 3864 2797 3929 descendunt,
2827 3866 2880 3917 in
2911 3865 3184 3933 patientiae
3208 3865 3540 3933 exetnplum.

259 3957 628 4026 μίσθησαν,
655 3958 726 4012 ἐν
751 3961 918 4027 φόνῳ
941 3960 1243 4028 μαχαίρας
1270 3960 1599 4026 ἀπέθανον,
1633 3957 1965 4026 περιῆλθον
1993 3957 2064 4009 ἐν
2090 3956 2426 4023 μηλωταῖς,
2473 3956 2545 4010 ἐν
2596 3956 2812 4025 αἰγίοις
2872 3956 3188 4024 δέρμασιν,
3262 3957 3437 4023 ὐστει
3453 3956 3551 4009 οὐ⁹

264 4068 471 4118 μενοι,
523 4053 901 4122 θλιϐόμενοι,
956 4055 1429 4123 κακοχούμενοι,
1480 4048 1568 4107 ῶν
1624 4054 1737 4108 οὐκ
1791 4046 1870 4120 ἦν
1907 4049 2078 4116 ἄξιος
2107 4052 2140 4103 ό
2190 4051 2443 4118 κόσμος.
2531 4048 2638 4101 Τοῦ
2691 4048 2830 4101 Θεοῦ
2878 4049 3285 4116 συγχωροῦντος
3336 4047 3422 4099 ίνα
3485 4045 3547 4100 τὸ

260 4147 530 4216 δοκίμιον
559 4146 657 4215 τῆς
690 4148 931 4210 πίστεως
955 4150 1053 4202 καὶ
1077 4131 1302 4220 ἀνδρίας
1336 4150 1562 4205 ἐκείνων
1593 4149 1864 4225 λαμπρῶς
1903 4147 2045 4216 ἄγαν
2073 4148 2349 4215 ἀναφανῇ,
2384 4147 2464 4206 είς
2492 4143 2759 4214 μειζόνων
2819 4142 2922 4211 μὲν
2973 4142 3206 4206 ὲκείνοις
3273 4142 3544 4195 ἀντίδοσιν

262 4241 529 4309 ἀγαθῶν,
563 4242 825 4311 αίσχύνην
853 4243 908 4294 δὲ
943 4242 1115 4296 πλείω
1140 4244 1235 4295 καὶ
1273 4238 1442 4314 ἧτταν
1473 4244 1568 4296 τοῦ
1599 4243 1865 4314 πονηροῦ,
1907 4241 2216 4312 ὑπόδειγμα
2263 4240 2321 4292 δὲ
2353 4237 2649 4311 καρτερίας
2693 4238 2846 4307 ἡμῖν,
2898 4236 2994 4289 καὶ
3038 4236 3174 4289 πᾶσι
3227 4237 3346 4299 τοῖς
3426 4233 3548 4305 μετ’

260 4333 527 4393 ἐκείνους
553 4335 630 4396 εἰς
666 4333 724 4386 τὸ
753 4333 846 4387 τοῦ
884 4334 998 4405 βίου
1026 4336 1219 4388 τούτου
1252 4336 1691 4408 παρερχομένοις
1722 4337 1955 4391 στάδιον.

339 4426 413 4496 β’.
455 4426 577 4479 Καὶ
605 4426 658 4478 τί
707 4427 790 4482 δεῖ
842 4429 972 4496 περὶ
1014 4427 1219 4482 τούτων
1247 4431 1424 4497 λέγειν
1455 4446 1471 4494 ;
1500 4430 1668 4491 Αὐτὸς
1700 4430 1806 4499 γὰρ
1840 4432 1861 4482 ό

2039 4429 2096 4484 2.
2136 4427 2276 4495 Quid
2301 4442 2430 4480 vero
2458 4426 2651 4480 attinet
2674 4426 2740 4480 de
2773 4424 2857 4479 his
2887 4421 3109 4477 dicere?
3136 4421 3247 4492 ipse
3268 4422 3412 4476 enim
3437 4419 3543 4473 Du-

264 4520 489 4590 Κύριος
532 4519 755 4588 μείζονα
801 4518 869 4573 δι’
901 4521 1049 4589 ἡμᾶς
1080 4522 1185 4573 ὑπὸ
1216 4522 1322 4573 τῶν
1355 4522 1691 4590 ἀγνωμόνων
1722 4522 1865 4592 ύῖιή-

264 4628 475 4677 νεγκεν
531 4610 825 4677 Ἰουδαίων,
883 4612 1073 4682 ὥσπερ
1115 4613 1225 4665 τῶν
1286 4612 1445 4684 ἱερῶν
1488 4614 1865 4684 διηγουμένων

270 4704 642 4775 Εὐαγγελίων
666 4706 887 4759 ἀκούειν
913 4705 1093 4770 ἔξεστι
1124 4707 1281 4759 πᾶσι.
1309 4706 1420 4759 Καὶ
1451 4708 1559 4776 γὰρ
1584 4707 1738 4759 οὐδὲν
1765 4707 1862 4758 ού·-
1888 4756 1892 4760 .

268 4802 477 4872 δαμῶς
513 4799 642 4854 οὐτε
672 4801 781 4853 τῶν
813 4802 951 4871 πρὸς
997 4802 1223 4872 ἀτιμίαν
1257 4800 1555 4871 φερόντων,
1597 4798 1721 4853 οὔτε
1755 4801 1864 4852 τῶν

267 4895 482 4964 ὀδύνην
538 4894 793 4961 ἐμποιεῖν
844 4892 1160 4962 δυναμένων
1208 4892 1404 4946 εἴασαν
1448 4892 1868 4962 ἀνεπιχείρητον

269 4989 375 5042 καὶ
404 4984 679 5052 ἀκίνητον
713 4982 834 5035 κατ’
863 4984 1030 5036 αὐτοῦ
1056 4999 1072 5017 ο
1101 4983 1205 5035 νῦν
1245 4985 1364 5053 μὲν,
1388 4982 1869 5054 ψευδομαρτυρίας

269 5077 731 5150 συρράπτοντες,
771 5074 867 5127 νῦν
895 5075 951 5128 δὲ
990 5075 1479 5146 διαλοιδορούμενοι
1526 5075 1619 5126 καὶ
1672 5075 1871 5143 χλευά·

269 5172 505 5234 ζον-τες,
543 5168 896 5236 ἑμπαιγμοὺς
932 5167 1028 5219 καὶ
1054 5168 1321 5235 μάστιγας
1347 5167 1481 5236 πρὸς
1513 5166 1723 5228 τούτοις
1751 5166 1870 5217 ἑπι-

270 5259 715 5331 δαψιλευόμενοι
739 5274 755 5289 ο
786 5260 879 5310 καὶ
914 5257 1047 5309 ποτὲ
1092 5259 1189 5327 μὲν
1212 5259 1310 5326 τὴν
1342 5259 1490 5311 θείαν
1522 5258 1739 5326 ἐκείνην
1769 5257 1866 5308 mi.

273 5353 535 5425 φρικτὴν
564 5346 807 5421 κεφαλὴν
855 5349 1126 5418 καλάμοις
1159 5347 1474 5417 τύπτοντες,
1505 5349 1635 5403 ποτὲ
1666 5349 1723 5402 δὲ
1749 5348 1869 5400 στέ-

397 5497 420 5527 ³
456 5492 629 5548 liebr.
659 5508 716 5559 ι,
757 5490 947 5547 3538.

350 5617 437 5681 (Et)
496 5614 786 5667 Cancrum.
845 5614 1001 5670 Deest
1056 5608 1335 5673 Vaticano,
1392 5606 1528 5662 ἀλλά
1559 5624 1734 5676 γενος
1794 5621 1861 5672 pr

1961 5617 2081 5657 crea
2116 5600 2275 5669 hujus
2336 5600 2438 5655 loci
2471 5600 2734 5655 sententia
2778 5602 2958 5655 hiulca
3007 5615 3021 5651 :

277 5686 655 5741 Messancusi.

1975 4522 2152 4575 minus
2179 4531 2400 4589 propter
2433 4534 2533 4574 nos
2588 4518 2759 4571 multo
2788 4518 2992 4585 majora
3048 4517 3115 4569 ab
3163 4515 3391 4585 ingratis
3442 4511 3542 4566 Ju-

1971 4612 2102 4666 daeis
2143 4626 2331 4680 passus
2360 4618 2467 4675 est,
2511 4615 2569 4663 υι
2618 4624 2682 4661 ex
2732 4607 2905 4661 saetis
2938 4605 3241 4668 Evangeliis
3284 4602 3335 4658 id
3386 4615 3544 4655 enar-

1973 4705 2215 4758 rantibus
2251 4703 2441 4757 audire
2478 4702 2729 4756 omnibus
2761 4701 2904 4756 licet.
2934 4697 3083 4753 Nihil
3116 4698 3261 4751 enim
3296 4696 3438 4763 quod
3470 4692 3538 4747 ad

1971 4798 2321 4864 ignominiam
2371 4796 2686 4866 pertineret.
2721 4804 2812 4847 aut
2858 4792 3001 4862 quod
3033 4790 3274 4845 dolorem
3306 4788 3540 4854 aliquem

1969 4892 2163 4945 alierre
2185 4898 2388 4957 posset,
2418 4888 2680 4941 intactum
2712 4885 3108 4949 immotumque
3129 4888 3317 4934 contra
3365 4879 3540 4946 ipsum

1975 4984 2339 5051 reliquerunt;
2391 4981 2550 5034 modo
2598 4978 2816 5048 quidem
2866 4976 3000 5029 falsa
3055 4972 3345 5025 coniunenti
3391 4972 3547 5026 testi-

1972 5079 2170 5135 monia,
2223 5073 2381 5125 modo
2430 5071 2715 5123 illudentcs
2742 5078 2793 5119 et
2821 5067 3243 5128 suhsannzmtes,
3294 5064 3360 5116 ad
3399 5066 3538 5126 haec,

1974 5164 2263 5233 opprobria
2322 5171 2377 5217 et
2432 5161 2642 5229 ﬂagella
2702 5159 2912 5212 abunde
2969 5154 3319 5224 inﬂigentes,
3382 5158 3544 5209 modo

1977 5257 2138 5308 etiam
2167 5256 2409 5309 divinum
2442 5254 2569 5307 illud
2624 5252 3072 5317 iretnendttmque
3120 5259 3282 5316 caput
3322 5238 3548 5301 arundi-

1977 5350 2137 5401 nibus
2169 5348 2553 5414 percntieutes,
2598 5345 2756 5398 modo
2799 5343 3041 5411 spineam
3080 5346 3415 5409 apponcntes
3458 5351 3551 5391 co—

3073 5587 3444 5661 supplcvimtts
3485 5607 3555 5648 ex
