4156 6304
624 340 733 406 295

1585 345 2078 412 THEOPHANIS
2116 346 2460 412 EPISCOPI
2502 349 2784 416 ΝΙΟιΕΝΙ

3774 358 3888 423 296

628 471 842 524 ronam,
872 463 934 514 ut
963 456 1123 515 simul
1165 466 1218 516 et
1274 460 1460 517 dolore
1506 461 1842 530 afﬁceretur,
1883 475 1938 520 et
1988 465 2200 532 injuria.

2314 483 2482 534 φανον
2545 471 2918 542 περιτιθέντες
2967 471 3262 528 ἀκάνθινον
3323 468 3518 543 ὀδύνης
3575 471 3716 543 ὁμοῦ
3789 476 3887 528 καὶ

629 547 797 602 Porro
832 547 887 603 in
923 548 1161 604 divinam
1197 549 1344 604 illam
1370 549 1591 617 faciem,
1618 567 1742 623 quae
1787 555 2029 610 increata
2070 555 2207 611 divi-

629 639 820 694 nitatis
867 640 1037 709 gloria
1089 649 1145 695 et
1193 641 1367 710 gratia
1425 642 1714 713 plusquam
1766 645 1898 700 solis
1947 646 2085 700 radii
2152 646 2206 699 in

628 727 850 784 Thabor
877 730 1098 798 effulsit,
1143 749 1306 802 quam
1369 735 1738 803 apostolorum
1785 738 2008 792 maximi
2061 738 2210 794 clare

630 821 902 889 inspicere
933 839 1036 880 non
1061 834 1377 892 potuerunt,
1411 827 1501 881 tali
1542 828 1836 898 ignominia
1871 840 1924 885 et
1960 831 2210 898 petulan-

631 915 708 969 tia
753 915 1067 971 debacchati
1118 926 1266 984 sunt,
1299 930 1355 972 ut
1387 917 1455 972 ad
1484 929 1642 988 sputa
1687 929 1736 974 et
1787 920 1972 988 alapas
2001 922 2068 975 ab
2097 938 2209 977 sce-

631 1007 782 1061 lestis
815 1008 921 1061 illis
966 1009 1312 1078 accipiendas
1349 1020 1495 1064 esset
1545 1011 1843 1080 proposita.
1879 1015 1956 1066 Ac
1989 1013 2206 1066 deorum

633 1099 868 1153 medium
927 1097 1069 1152 inter
1124 1099 1462 1156 facinorosos
1540 1103 1830 1168 homines,
1891 1104 2096 1158 nudum
2155 1105 2206 1158 in

630 1207 794 1246 cruce
839 1191 1260 1261 suspenderunt.
1293 1192 1495 1248 Verum
1551 1210 1650 1249 nec
1685 1197 1764 1250 sic
1817 1196 2034 1265 quidem
2067 1195 2205 1248 iram

631 1283 984 1350 furoremque
1015 1284 1308 1350 satiarunt,
1337 1285 1433 1340 sed
1466 1286 1536 1340 ibi
1573 1301 1790 1357 quoque
1818 1287 2002 1342 divino
2031 1287 2133 1348 ori,
2178 1303 2207 1340 a

628 1390 738 1444 quo
767 1376 924 1431 melle
955 1385 1012 1431 et
1032 1377 1176 1442 favo,
1206 1386 1266 1430 ut
1297 1379 1372 1432 ait
1399 1379 1668 1448 Pmpheta
1686 1379 1729 1445 ⁵,
1762 1381 2006 1437 dulciora
2043 1381 2207 1436 verba

550 1466 553 1474 ’
625 1477 970 1528 emanarunt.
1003 1484 1125 1522 cum
1164 1469 1416 1526 irrisione
1440 1470 1513 1525 fel
1541 1480 1596 1526 et
1622 1483 1834 1528 acetum
1870 1473 2204 1528 obtulerunt.

629 1559 699 1613 Et
725 1573 854 1611 vero
903 1573 1003 1612 nec
1031 1569 1153 1627 post
1201 1559 1320 1627 ejus
1352 1570 1608 1626 mortem,
1659 1563 1994 1619 iracundiam
2055 1567 2210 1620 remi-

630 1657 845 1702 serunt.
900 1649 1006 1703 Sed
1059 1650 1216 1704 hasta
1271 1651 1547 1706 vivifieum
1593 1651 1739 1710 latus
1791 1655 2206 1720 transﬁxerunt,

633 1741 776 1796 unde
833 1743 970 1796 exiit
1025 1743 1193 1798 t0tins
1239 1744 1392 1800 orbis
1451 1745 1724 1814 expiatio,
1783 1761 1907 1816 quae
1953 1747 2209 1803 universo

633 1835 834 1889 mundo
860 1835 1027 1891 vitam
1054 1835 1304 1904 largitur,
1331 1851 1524 1907 nempe
1552 1840 1775 1906 sanguis
1799 1849 1854 1895 et
1874 1854 2036 1910 aqua.

697 2094 752 2149 3.
781 2093 903 2148 llaec
918 2094 1085 2166 igitur
1103 2097 1282 2150 omnia
1304 2099 1732 2166 considerantes,
1748 2116 1780 2154 ο
1793 2102 1998 2166 dilecti,
2013 2115 2068 2161 et
2083 2120 2205 2162 car-

631 2185 717 2238 nis
754 2186 1051 2253 voluptates
1079 2198 1138 2242 ut
1185 2191 1344 2243 noxia
1414 2206 1620 2246 venena
1645 2195 1880 2250 vitemus
1907 2235 1924 2258 ,
1950 2207 2004 2250 et
2031 2197 2207 2254 illatas

631 2276 958 2331 tentationes
1011 2287 1235 2333 strenue
1292 2279 1630 2348 perferamus
1661 2324 1674 2348 ,
1705 2296 1764 2338 ut
1816 2287 1951 2341 socii
2001 2289 2206 2345 Christi

628 2368 922 2436 passionis,
975 2380 1029 2422 et
1061 2385 1156 2440 per
1187 2371 1329 2425 hanc
1355 2373 1540 2442 gloria:
1572 2375 1748 2444 ipsius
1781 2389 2064 2434 consortes
2093 2380 2207 2434 effi-

625 2461 852 2524 ciantur,
886 2459 932 2514 si
962 2461 1081 2514 ideo
1108 2462 1496 2530 compatimur,
1529 2475 1586 2517 ut
1609 2463 1770 2518 simul
1819 2465 2203 2534 glorificetnur.

627 2550 780 2604 Sicut
821 2553 964 2603 enim
1020 2553 1086 2603 ah
1114 2564 1208 2604 ore
1241 2551 1546 2606 meretricis
1579 2552 1681 2604 mel
1713 2554 1924 2609 stillare
1964 2556 2200 2622 videtur,

626 2641 818 2693 deinde
846 2655 974 2692 vero
1027 2639 1098 2692 ab
1133 2640 1196 2694 iis
1217 2641 1310 2708 qui
1339 2641 1465 2693 illud
1499 2641 1876 2710 degustarunt,
1915 2642 2036 2699 felle
2061 2661 2208 2700 ama-

627 2732 740 2784 rius
771 2731 1036 2798 reperitur
1065 2770 1080 2792 ,
1107 2731 1184 2785 sic
1217 2731 1285 2784 ab
1342 2731 1592 2786 omnibus
1623 2733 1745 2787 vitae
1767 2735 2076 2792 carnalibus
2109 2752 2207 2791 vo-

627 2821 946 2888 luptatibus,
983 2835 1195 2888 'nempe
1221 2820 1486 2874 ebrietate
1509 2857 1526 2884 ,
1552 2819 1783 2888 deliciis,
1816 2832 1870 2876 et
1898 2823 2050 2890 luxu,
2084 2840 2206 2879 om-

627 2916 789 2982 nique
815 2912 1038 2966 libidine
1066 2926 1128 2964 ac
1153 2911 1592 2980 intemperantia,
1622 2914 1904 2968 verborum
1925 2915 2209 2971 ObSCGﬂlO‘

625 3022 744 3059 rum
775 3003 1101 3070 vaniloquio,
1141 3002 1436 3070 rapacitate
1461 3012 1518 3055 et
1569 3003 1849 3073 injustitia,
1879 3007 2129 3075 Superbia
2152 3019 2207 3062 et

623 3099 880 3160 elatione,
909 3109 960 3149 et
987 3098 1031 3151 si
1065 3095 1192 3163 quid
1218 3095 1362 3148 aliud
1381 3110 1527 3150 same
1576 3097 1837 3152 doctrina:
1863 3089 2200 3166 adversatur,

623 3187 852 3241 dulcedo
880 3188 1127 3256 quaadam
1150 3197 1152 3199 '
1175 3197 1338 3256 atque
1364 3185 1612 3256 voluptas
1640 3188 1794 3243 initio
1815 3190 2100 3260 superficie
2127 3202 2203 3248 te-

627 3293 726 3330 tttts
755 3277 942 3331 inferri
969 3277 1178 3331 videtur
1213 3318 1229 3343 ,
1258 3277 1597 3347 postmodum
1630 3293 1762 3332 vero
1806 3279 1933 3335 felle
1965 3283 2204 3336 amarius

625 3367 962 3424 diffunditur.
1010 3368 1195 3423 Omnis
1255 3383 1383 3423 vero
1428 3370 1720 3439 disciplina
1758 3381 1812 3424 et
1843 3372 2121 3428 tribulatio
2147 3374 2203 3430 in

624 3464 1035 3531 praesentiarum
1069 3478 1176 3516 non
1201 3460 1416 3516 videtur
1445 3475 1572 3516 esse
1597 3462 1805 3532 gaudii,
1844 3467 1940 3519 sed
1975 3465 2200 3530 doloris,

623 3553 717 3608 sed
743 3560 956 3606 tandem
1018 3567 1112 3619 per
1135 3567 1254 3606 eam
1314 3553 1629 3606 exercitatis
1687 3555 1975 3622 pacificum
2025 3559 2204 3612 reddit

617 3645 840 3713 justitize
883 3643 1140 3697 fructum.
1195 3643 1321 3696 Ideo
1349 3658 1487 3713 epus
1515 3653 1601 3698 est
1639 3645 1918 3712 patientia.
1947 3645 2005 3700 Si
2033 3649 2196 3715 enim,

625 3735 820 3801 inquit,
848 3739 1167 3801 perferemus
1206 3773 1221 3798 ,
1247 3743 1296 3787 et
1358 3735 1694 3802 regnabimus
1721 3738 1764 3789 ⁸.
1799 3735 1995 3792 Hortor
2019 3751 2196 3794 autem

623 3841 743 3889 vos,
773 3841 806 3877 ο
831 3825 1048 3891 fratres,
1123 3833 1178 3878 ut
1211 3841 1304 3880 eos
1368 3828 1714 3894 dignoscatis,
1765 3831 1809 3884 si
1841 3835 1930 3901 qui
1967 3834 2197 3902 suntqui

623 3907 926 3972 discordias
956 3928 1011 3970 et
1055 3918 1309 3971 scandala
1383 3923 1433 3972 in
1465 3920 1762 3975 Ecclesium
1805 3923 2004 3980 Christi
2042 3927 2198 3980 indu-

621 4024 748 4063 cere
766 4021 1053 4074 conantur,
1077 4027 1378 4078 vanamque
1401 4012 1644 4068 fuerosin:
1663 4015 1763 4085 (5),
1785 4033 1902 4086 quae
1915 4022 2097 4088 procul
2119 4031 2200 4076 est

621 4117 650 4153 a
678 4100 925 4156 doctrina
965 4102 1216 4172 Spiritus,
1241 4106 1404 4158 veluti
1432 4106 1630 4160 malum
1658 4109 1926 4164 zizanium
1953 4114 2199 4168 dissemi-

620 4206 749 4246 nare
797 4201 1029 4248 tentant.
1091 4193 1184 4248 Isti
1227 4195 1390 4264 igitur
1439 4197 1507 4250 ab
1538 4199 1665 4252 ovili
1717 4199 1921 4255 Christi
1945 4213 2196 4272 tauquam

617 4283 727 4352 lupi
757 4286 1095 4351 expellautur
1120 4301 1149 4339 a
1185 4289 1338 4341 vobis
1367 4304 1383 4353 ;
1420 4303 1524 4342 nOu
1557 4293 1698 4342 t-niut
1767 4295 1979 4355 melius.
2017 4297 2059 4350 si
2092 4315 2195 4351 non

2312 561 2528 631 ὕϐρεως
2568 563 2754 618 ἕνεκα.
2787 567 2880 628 El;
2909 565 2966 620 δὲ
3015 565 3077 618 τὸ
3114 566 3259 620 θεῖον
3311 567 3489 621 έκεῖνο
3510 566 3805 638 πρόσωπον
3825 570 3889 622 τδ

2313 654 2456 724 ὑπὲρ
2490 658 2590 719 τὰς
2620 657 2854 726 ἡλιακὰς
2887 657 3062 724 αὐγὰς
3110 657 3398 727 ὲκλάμψαν
3430 660 3491 711 ἐν
3517 659 3789 728 Θαόωρίῳ
3818 664 3885 731 τῇ

2310 747 2556 818 ἀκτίστῳ
2603 749 2705 813 τῆς
2745 748 3002 818 θεότητος
3038 749 3166 819 δόξῃ
3212 749 3308 801 καὶ
3357 749 3565 819 χάριτι,
3605 750 3787 821 ἥνπερ
3838 751 3887 803 οί

2311 838 2604 908 πρόκριτοι
2635 841 2745 893 τῶν
2774 840 3094 894 ἀποστόλων
3129 841 3230 894 οὐκ
3263 840 3606 911 ἠδυνήθησαν
3641 841 3889 910 ἐναργῶς

2310 932 2572 994 κατιδεῖν,
2612 935 2873 1004 τοιαύτην
2897 932 3116 996 ἀδοξίαν
3150 932 3244 986 καὶ
3273 933 3562 1003 παροινίαν
3601 934 3889 1002 κατέχεον,

2311 1022 2386 1086 ὡς
2429 1024 2758 1093 προκεῖσθαι
2806 1025 2920 1088 τοῖς
2947 1023 3248 1093 ἀλιτηρίοις
3293 1023 3523 1084 ἐκείνοις
3553 1025 3634 1084 είς
3679 1025 3887 1090 ἐμπτυ-

2313 1115 2485 1183 σμοὺς
2512 1116 2608 1168 καὶ
2636 1116 2982 1186 ῥαπίσματα.
3022 1115 3131 1169 Καὶ
3152 1116 3305 1178 τέλος
3327 1115 3422 1168 καὶ
3450 1115 3616 1183 μέσον
3645 1116 3889 1185 κακοΰρ·

2311 1222 2424 1274 γων
2455 1207 2668 1275 ἀνδρῶν
2711 1209 2805 1261 ἐπὶ
2849 1207 2946 1260 τοῦ
2984 1206 3222 1280 σταυροῦ
3263 1208 3470 1276 γυμνὸν
3517 1205 3886 1278 ἀπηὼρησαν.

2312 1298 2424 1351 Καὶ
2449 1299 2560 1351 οὐδ’
2603 1298 2746 1352 οὕτω
2792 1301 2956 1366 κόρον
2999 1299 3258 1368 εἰλήφασι
3298 1301 3395 1368 τῆς
3430 1299 3626 1367 μανίας
3665 1297 3885 1350 καὶτοῦ

2312 1391 2509 1459 θυμοῦ,
2545 1389 2684 1444 ἀλλὰ
2730 1392 2896 1444 κάκεῖ
2944 1393 3287 1462 προσέφερον
3339 1392 3459 1461 μετ’
3493 1390 3753 1461 είριδνίας
3808 1391 3886 1459 τῷ

2312 1484 2444 1554 θείῳ
2503 1485 2758 1555 στόματι,
2792 1480 2966 1556 οὗπερ
3022 1485 3296 1557 προῆλθον
3339 1485 3408 1538 τὰ
3448 1484 3589 1554 ὑπὲρ
3622 1484 3747 1554 μέλι
3793 1485 3888 1535 καὶ

2309 1579 2527 1650 κηρίον,
2557 1581 2702 1633 κατὰ
2723 1580 2816 1633 τὸν
2863 1580 3192 1650 Προφήτην,
3224 1579 3540 1647 γλυκύτερα
3591 1576 3773 1645 λόγια,
3803 1595 3885 1645 χο-

2309 1673 2412 1742 λήν
2454 1688 2513 1724 τε
2549 1674 2644 1725 καὶ
2688 1672 2830 1737 ὅξος.
2859 1672 2935 1725 Ού
2975 1672 3082 1742 μὴν
3123 1671 3240 1724 ἀλλ’
3283 1669 3404 1725 οὐδὲ
3465 1670 3603 1739 μετὰ
3660 1669 3888 1722 θάνατον

2240 1803 2283 1860 Β
2314 1764 2482 1818 αὑτοῦ
2516 1765 2616 1834 τῆς
2647 1766 2818 1836 ὀργῆς
2866 1763 3220 1833 καθυφῆκαν,
3268 1762 3407 1816 ἀλλὰ
3445 1763 3612 1860 λόγχῃ
3651 1763 3752 1860 τὴν
3781 1763 3887 1860 ζα)-

2313 1859 2519 1928 ηφόρον
2569 1856 2811 1927 πλευρὰν
2847 1857 3235 1926 ἐξεκέντησαν,
3267 1856 3391 1909 ὅθεν
3443 1855 3636 1923 ἐξῆλθε
3688 1856 3751 1906 τὸ
3790 1854 3886 1923 τῆς

2306 1951 2643 2022 οἰκουμένης
2673 1951 2976 2023 καθάρσιον
3008 1952 3105 2004 καὶ
3149 1949 3497 2020 παγκοσμίου
3538 1949 3687 2019 ζωῆς
3721 1965 3887 2020 χορη-

2306 2047 2404 2114 γὸν
2429 2045 2570 2116 αἷμα
2605 2047 2699 2100 καὶ
2730 2046 2896 2116 ὕδωρ.

2376 2146 2444 2207 γ’.
2479 2140 2648 2193 Ταῦτ’
2689 2137 2786 2194 οὖν
2819 2141 3039 2194 ἅπαντα
3084 2137 3414 2202 ἐννοοῦντες,
3456 2137 3764 2205 ἀγαπητοὶ,
3798 2134 3888 2186 καὶ

2305 2232 2403 2295 τὰς
2435 2232 2631 2302 ἡδονὰς
2657 2235 2758 2303 τῆς
2790 2233 2994 2302 σαρκὸς
3023 2231 3098 2295 ὡς
3131 2231 3432 2301 δηλητήρια
3463 2230 3734 2299 φάρμακα
3764 2227 3884 2296 φεύ-

2305 2343 2516 2394 γωμεν,
2556 2327 2649 2377 καὶ
2681 2325 2811 2388 τοὺς
2839 2325 3220 2394 ἐπαγομένους
3241 2322 3586 2393 πειρασμοῦς
3619 2320 3884 2388 γενναίως

2307 2420 2640 2486 ὲνέγκωμεν,
2678 2417 2766 2470 ἵνα
2820 2417 3068 2470 κοινωνοὶ
3113 2413 3401 2484 γενώμεθα
3453 2414 3565 2466 τῶν
3613 2411 3710 2464 τοῦ
3754 2412 3884 2479 Χριο

2307 2508 2437 2562 στοῦ
2471 2510 2837 2578 παθημάτων,
2870 2510 2966 2561 καὶ
2990 2506 3080 2560 διὰ
3108 2507 3268 2559 τοῦτο
3301 2506 3397 2558 καὶ
3433 2505 3532 2573 τῆς
3561 2505 3779 2557 ἐκείνου
3808 2502 3882 2554 δό-

2308 2601 2426 2672 ξης,
2477 2602 2636 2669 εἴπερ
2670 2601 3096 2670 συμπάσχομεν,
3125 2601 3212 2652 ἵνα
3260 2598 3356 2651 καὶ
3411 2595 3876 2664 συνδοξασθῶμεν.

2306 2695 2522 2764 Ὥσπερ
2567 2693 2679 2763 γὰρ
2714 2694 2823 2746 ἀπὸ
2871 2694 3140 2763 στόματος
3187 2689 3446 2759 γυναικὸς
3498 2689 3704 2758 πόρνης
3756 2688 3878 2756 μέλι

2309 2790 2529 2852 στάζειν
2568 2789 2737 2853 δοκεῖ,
2769 2787 2997 2857 ὕστερον
3024 2787 3207 2858 μέντοι
3234 2786 3557 2854 πικρότερον
3581 2784 3744 2852 χολῆς
3767 2783 3878 2842 τοῖς

2309 2881 2670 2952 μετασχοῦσιν
2703 2881 3042 2950 εὑρίσκεται,
3079 2878 3222 2932 οὕτω
3252 2877 3349 2930 καὶ
3376 2876 3484 2930 ἀπὸ
3513 2876 3731 2928 πάντων
3768 2874 3879 2925 τῶν

2305 2975 2400 3028 τοῦ
2439 2974 2556 3044 βίου
2610 2974 2894 3044 σαρκικῶν
2939 2970 3162 3043 ἡδονῶν,
3201 2971 3309 3024 κᾶν
3352 2969 3523 3039 μέθην
3551 2967 3736 3037 εἴπῃς,
3773 2965 3878 3019 κᾶν

2307 3067 2540 3136 τρυφὴν,
2591 3068 2686 3119 καὶ
2740 3067 3003 3136 βλακείαν
3057 3063 3153 3120 καὶ
3209 3066 3391 3117 πᾶσαν
3443 3061 3739 3116 ἀκολασίαν
3784 3060 3880 3111 καὶ

2229 3139 2274 3198 c
2307 3161 2592 3229 ἀμετρίαν,
2626 3162 2730 3212 κᾶν
2763 3158 3147 3229 αἰσχρολογίαν
3170 3174 3229 3211 τε
3254 3156 3352 3210 καὶ
3383 3153 3742 3226 μωρολογίαν,
3772 3150 3880 3206 κᾶν

2305 3254 2564 3322 ἁρπαγάς
2589 3268 2650 3305 τε
2699 3252 2796 3306 καὶ
2823 3251 3061 3317 ἀδικίας,
3098 3251 3201 3303 κᾶν
3239 3246 3544 3320 ὑπεροψίαν
3573 3245 3664 3299 καὶ
3681 3245 3876 3312 τύφον,

2306 3347 2399 3399 καὶ
2429 3346 2482 3398 εἴ
2518 3364 2570 3399 τι
2603 3346 2794 3416 ἕτερον
2831 3345 3136 3398 ἀντίκειται
3169 3344 3235 3414 τῇ
3271 3337 3593 3411 ὑγιαινούσῃ
3626 3337 3879 3390 διδασκα-

2304 3438 2412 3509 λίᾳ,
2447 3438 2765 3508 γλυκύτητά
2796 3454 2921 3492 τινα
2953 3436 3048 3491 καὶ
3076 3435 3270 3506 ἡδονὴν
3299 3430 3584 3501 καταρχὰς
3621 3429 3876 3494 ὲξεπιπος

2303 3533 2400 3602 λῆς
2426 3535 2576 3586 δοκεῖ
2613 3533 2829 3602 φέρειν,
2887 3531 3114 3601 ὕστερον
3150 3531 3334 3600 μέντοι
3362 3527 3687 3596 πικρότερον
3716 3522 3876 3593 χολῆς

2303 3629 2402 3688 τὰς
2441 3626 2723 3689 ἀναδόσεις
2749 3626 3065 3696 ἐργάζεται.
3099 3625 3256 3679 Πᾶσα
3284 3623 3341 3676 δὲ
3377 3620 3595 3676 παιδεία
3625 3618 3724 3672 καὶ
3763 3619 3876 3672 θλί-

2304 3722 2418 3792 ψις,
2449 3724 2583 3792 πρὸς
2623 3721 2720 3789 μὲν
2751 3721 2810 3772 τὸ
2845 3719 3038 3790 παρὸν,
3078 3719 3138 3771 οὐ
3171 3718 3321 3771 δοκεῖ
3338 3718 3513 3788 χαρᾶς
3545 3711 3706 3778 εἶναι,
3740 3713 3877 3766 ἀλλὰ

2303 3815 2516 3886 λύττης⁸
2561 3814 2788 3884 ὕστερον
2811 3814 2867 3865 δὲ
2901 3815 3115 3884 καρπὸν
3153 3812 3430 3882 εἰρηνικὸν
3455 3811 3566 3871 τοῖς
3598 3807 3668 3861 δι’
3704 3806 3875 3874 αὖτῆἔ

2299 3910 2777 3978 γεγυμνασμένοις
2823 3907 3117 3961 ἀποδίδωσι
3163 3904 3532 3973 δικαιοσύνης.
3570 3901 3672 3955 Διὰ
3716 3899 3876 3953 τοῦτο

2302 4005 2584 4074 ὑπομονῆς
2623 4002 2814 4071 χρεία’
2865 4003 2934 4055 El
2963 4000 3072 4068 γὰρ
3108 3998 3510 4066 ὑπομένομεν,
3564 3993 3720 4062 φησὶ,
3774 3991 3873 4044 καὶ

2294 4098 2783 4164 βασιλεύσομεν.
2820 4089 3136 4164 Παρακαλῶ
3161 4092 3217 4144 δὲ
3260 4090 3428 4158 ὑμᾶς,
3472 4085 3714 4153 ἁδελᾳοί,
3745 4101 3873 4136 σκο-

2305 4192 2430 4242 πεῖν
2466 4191 2518 4241 εῐ
2546 4203 2690 4249 τινες
2719 4185 3070 4255 διχοστασίας
3101 4184 3198 4236 καὶ
3233 4180 3508 4234 σκάνδαλα
3537 4179 3619 4240 εἰς
3653 4177 3752 4245 τὴν
3774 4173 3870 4228 τοῦ

2301 4283 2540 4353 Χριστοῦ
2592 4281 2919 4349 Ἐκκλησίαν
2961 4278 3205 4347 εἰσάγειν
3233 4273 3598 4344 ἐπιχειροῦσι,
3651 4271 3746 4323 καὶ
3772 4272 3872 4337 τὴν

617 4376 781 4425 etiam
810 4378 982 4442 pejus,
1017 4377 1194 4430 affecti
1234 4389 1358 4432 sunt
1385 4382 1602 4446 perfidis
1629 4381 1850 4449 Juda:is,
1876 4389 1965 4453 qui
2004 4389 2055 4441 iu
2085 4392 2194 4444 dei-

2301 4377 2597 4447 κενοφανῆ,
2649 4377 2714 4446 ἢν
2744 4375 2934 4443 πὸρῤω
2968 4372 3068 4442 τῆς
3101 4369 3452 4430 διδασκαλίας
3500 4365 3595 4418 τοῦ
3627 4364 3870 4434 πνεύμα-

623 4467 833 4516 ficatatn
897 4466 1300 4534 gratiosamque
1370 4468 1581 4524 Domini
1630 4473 1823 4527 faciem
1869 4479 2188 4537 debacchati

620 4565 768 4610 sunt.
835 4556 914 4608 llli
972 4559 1114 4610 enim
1150 4559 1201 4610 in
1254 4560 1443 4612 faciem
1480 4561 1671 4630 ipsam,
1713 4576 1967 4636 tauquam
2005 4573 2057 4626 iu
2090 4575 2188 4628 ho-

621 4649 783 4702 minis
815 4651 934 4714 puri
976 4650 1166 4704 facient
1199 4651 1446 4718 iujuriam
1481 4655 1796 4724 intulerunt,
1843 4669 2090 4732 quamvis
2121 4672 2186 4724 ad

617 4742 956 4797 divinitatem
998 4745 1308 4813 magnitudo
1330 4747 1572 4800 criminis
1601 4758 1902 4822 perveniret
1923 4756 2019 4829 (τί).
2042 4759 2186 4817 ldrm

637 4935 642 4940 ,
688 4882 710 4911 ⁵
751 4879 894 4934 l’sal.
933 4897 1091 4939 xvttt,
1133 4880 1220 4934 ll.
1300 4883 1318 4912 ⁵
1350 4882 1390 4934 Η
1419 4884 1562 4938 Tim.
1589 4905 1648 4946 ιι,
1687 4888 1774 4940 l2.

687 5001 763 5073 (3)
800 4998 1387 5071 VanumqueIta-resim.
1430 5006 1602 5062 Locus
1642 5008 1748 5071 hic,
1789 5018 1845 5060 ιιι
1883 5007 2060 5063 editus
2085 5021 2188 5073 est,

619 5070 839 5138 totidem
900 5070 1080 5126 verbis
1142 5075 1369 5128 habetur
1427 5079 1476 5129 iu
1509 5070 1861 5138 Messaniensi,
1901 5070 2194 5136 Vaticanus

617 5137 766 5216 addit
818 5140 929 5216 mir
978 5143 1242 5216 Βαρλαάμ
1267 5163 1324 5197 τε
1351 5148 1445 5198 καὶ
1491 5147 1825 5207 Ἀκινδύνου,
1851 5137 1922 5201 de
1953 5164 2058 5216 quo
2080 5152 2190 5206 dixi

619 5208 671 5259 in
700 5208 965 5280 dicatoria
999 5208 1250 5280 epistola.
1291 5269 1297 5274 ,

689 5275 768 5347 (4)
802 5275 1118 5355 Perveuiret.
1165 5285 1328 5340 liecte
1352 5287 1550 5340 docent
1587 5288 1816 5355 theologi
1873 5299 2083 5343 veteres
2139 5301 2194 5345 et

585 5377 590 5385 -
619 5351 971 5413 recentiores,
1024 5367 1142 5419 post
1169 5356 1593 5412 iurat-ualitmetu
1623 5351 1793 5412 Verbi
1819 5361 2052 5412 divinam
2091 5378 2190 5413 ua-

621 5432 792 5470 turaut
829 5422 1073 5472 humanus
1108 5425 1177 5475 ita
1205 5430 1575 5494 conjuncuuu,
1608 5443 1665 5480 ut
1694 5446 1787 5494 per
1814 5433 2188 5484 communica-

615 5499 816 5568 ιιιιιιιειιι
845 5500 1228 5568 proprietatum
1263 5499 1518 5562 quidquid
1566 5499 1782 5551 Christo
1810 5501 2094 5568 competit,
2125 5501 2192 5555 de

619 5557 727 5610 Deo
754 5561 860 5612 dici
896 5563 1086 5625 possit,
1131 5574 1183 5614 et
1213 5557 1466 5630 quidquid
1507 5568 1636 5630 Deo,
1678 5573 1742 5620 de
1780 5557 2017 5622 (Jhrisio.
2057 5557 2191 5624 liine

618 5646 666 5679 ιιι
699 5631 933 5683 concilio
972 5636 1131 5683 ιιϊιιυ
1185 5634 1360 5700 impia:
1395 5637 1494 5685 illa-
1523 5648 1573 5686 et
1611 5644 1770 5690 rudrs
1830 5641 2060 5692 Nestorii
2095 5656 2188 5690 νει-

616 5717 705 5751 tes
738 5714 1003 5753 damnatur
1030 5716 1174 5778 sunt,
1209 5721 1431 5769 nempe:
1489 5703 1623 5778 Eum
1656 5711 1746 5772 qui
1797 5712 1983 5778 spatiis
2049 5726 2189 5762 men-

618 5783 778 5824 struis
807 5775 1052 5834 attulerit,
1081 5774 1246 5827 Dtum
1278 5791 1379 5827 ιιυιι
1427 5777 1780 5837 appella-rura.
1823 5774 1884 5833 tat
1939 5781 2075 5834 illac:
2106 5777 2190 5832 ιλέ

2299 4490 2390 4535 τος
2415 4471 2628 4540 αἵρεσιν
2659 4468 3014 4535 ύποσπείρειν
3045 4464 3234 4531 ὥσπερ
3270 4479 3320 4514 τι
3359 4460 3599 4524 ζιζάνιον
3635 4456 3872 4523 πονηρὸν

2299 4566 2730 4636 ἁποπειρῶνται.
2783 4557 2940 4615 Οὗτοι
2987 4562 3166 4610 τοίνυν
3205 4557 3301 4625 τῆς
3337 4553 3428 4606 τοῦ
3474 4549 3712 4621 Χριστοῦ
3757 4546 3870 4599 ποί·

2301 4679 2442 4733 μνης
2471 4661 2546 4722 ὡς
2580 4659 2732 4712 λύκοι
2765 4652 3150 4708 διωκέσθωσαν
3178 4650 3265 4733 13:9:
3299 4648 3453 4716 ὑμῶν
3483 4661 3496 4674 ⁸
3535 4643 3630 4697 καὶ
3657 4642 3764 4712 γὰρ
3789 4643 3871 4692 of»

2297 4759 2385 4810 δὲν
2437 4756 2660 4825 ἄμεινον
2714 4752 3020 4804 διάκεινται
3050 4746 3159 4798 τῶν
3207 4745 3288 4804 είς
3334 4742 3396 4794 τὸ
3427 4738 3770 4808 τεθεωμένον
3808 4751 3871 4787 τε

2295 5013 2540 5082 glorieris
2570 5048 2586 5074 ,
2611 5009 2822 5074 ludive,
2868 5007 3048 5082 ,Βόα-ιιι
3076 5020 3188 5082 non
3211 5001 3549 5081 cruci/ﬁxisti.
3577 5000 3708 5082 Quae
3741 4999 3868 5053 inde

2297 5071 2709 5152 procedebant,_
2739 5071 2904 5152 quod,
2945 5079 3098 5152 sicut
3159 5074 3292 5152 duas
3317 5072 3582 5126 essentias
3603 5071 3866 5152 substan-

2296 5146 2526 5222 iiasque,
2568 5154 2648 5222 _it:t
2683 5150 2816 5202 duas
2853 5146 3168 5222 irLCliristo'
3197 5146 3862 5222 personasconsntitue.et:

2297 5237 2359 5274 ac
2389 5211 2835 5292 p'roiiidet'orpus
2887 5217 3093 5292 Christi
3151 5211 3864 5292 daberiptculumGsémzp;

2295 5282 2538 5355 voc-aret,
2590 5282 2872 5358 ipsumque
2927 5289 3105 5358 Deum
3136 5286 3205 5358 _év
3269 5282 3865 5358 ἀνθρώπῳ-κατοικη-

2297 5380 2465 5415 σαντα
2493 5349 2680 5428 (ἠιιὶιιί
2744 5349 2966 5411 totidem
2997 5355 3181 5428 verbis
3203 5349 3425 5428 cavetur
3471 5349 3539 5404 ab
3569 5349 3861 5428 Iguuioiu

2290 5423 2514 5501 cpistola
2559 5423 2632 5482 'ad
2688 5428 3108 5501 Philipptmses),
3161 5427 3436 5501 Christum
3486 5431 3665 5501 autem
3714 5423 3862 5474 nulla

2292 5491 2536 5554 niiitioue
2586 5491 3161 5561 admissa;hominem
3214 5494 3538 5548 solitarium.
3598 5491 3726 5556 Qua:
3757 5505 3859 5561 vox

2292 5568 2592 5630 Vincentio,
2647 5560 2912 5623 Cassiano
2952 5607 2966 5629 ,
3002 5567 3324 5639 Gelasioque
3369 5567 3626 5632 frequens
3676 5565 3727 5614 itt
3759 5560 3863 5639 hoc

2288 5653 2632 5706 argumento:
2684 5652 2734 5689 et
2765 5639 2919 5698 hujus
2966 5637 3167 5690 erroris
3199 5651 3361 5687 causa
3393 5651 3420 5687 ιι
3448 5643 3599 5706 sexto
3631 5636 3865 5686 conclln

2289 5703 2571 5769 'l‘o—h-tuno,
2599 5711 2649 5758 iu
2682 5712 3019 5776 professione
3050 5707 3192 5776 fidei,
3241 5703 3555 5758 llOIItltldlllll
3588 5708 3861 5776 dntnnata.

2291 5779 2423 5833 Vide
2466 5775 2748 5844 Cytillunt,
2776 5784 2826 5831 in
2856 5789 3012 5844 t-ptst.
3040 5780 3103 5829 ad
3139 5775 3474 5835 Nestorium,
3502 5789 3621 5841 qua:
3653 5777 3862 5839 luclpil.
