4156 6304
1593 473 2092 535 ΤΗΕΜἮᾹΝΙΒ
2125 473 2184 530 El

2290 470 2463 531 [ΟΡΙ
2511 470 2798 528 ΝΙΟἘῩῊ
3733 457 3854 520 3ος

585 607 669 647 tus
713 609 826 646 sum
861 608 980 644 cum
1010 590 1141 643 milii
1166 601 1294 642 esset
1341 604 1524 641 census
1583 587 1849 639 mullus".
1893 584 1956 636 lit
1999 585 2156 653 paulo

2290 585 2531 651 πάσχουσι
2551 575 2662 633 τῶν
2692 578 3084 636 πλουτούντων,
3141 574 3268 644 περὶ
3298 567 3373 625 ὧν
3421 589 3586 640 φησιν
3620 573 3647 623 ὁ
3685 572 3851 631 θεῖος

583 694 706 752 post
754 701 764 733 :
804 679 869 732 Et
911 681 956 734 si
989 679 1257 733 osculatus
1289 695 1402 732 sum
1445 693 1662 731 manum
1708 690 1877 729 meam
1895 690 2159 740 apponens

2290 675 2559 734 ιπόστολος
2608 671 2818 732 Παῦλος
2865 667 3117 736 Τιμοθέῳ
3163 668 3423 734 γράφων·
3483 661 3613 726 Τοῖς
3645 663 3856 713 πλου-

588 751 667 825 ori
725 789 836 824 meo
867 773 934 835 η,
960 771 1210 824 videlicet
1245 771 1291 824 si
1339 784 1458 824 cum
1510 768 1774 838 iactantia
1816 776 1869 820 et
1913 765 2165 833 superbia

2290 765 2422 828 ινιόις
2459 763 2528 814 ἐν
2579 759 2659 823 τῷ
2688 761 2806 812 νῦν
2857 757 3024 812 σιῶν-ι
3072 754 3434 823 παράγγελε,
3469 751 3555 822 μὴ
3591 754 3851 818 ὑψηλο-

589 864 795 915 laudavi
822 878 968 917 meas
997 862 1356 929 Operationes,
1381 861 1560 914 omnia
1591 867 1783 928 putans
1803 871 1923 910 esse
1944 856 2165 922 sapien-

2290 853 2531 922 ςρονεῖν,
2581 851 2739 920 μηδὲ
2790 848 3112 916 ἠλπικέναι
3165 846 3262 898 ἐπὶ
3308 846 3580 898 πλούτου
3617 842 3857 907 ἀδηλό-

590 957 677 1010 tiaa
712 955 983 1026 ineat-(l8),
1008 965 1060 1010 et
1088 970 1194 1010 non
1214 954 1408 1009 divinat
1436 955 1675 1014 virtutis,
1706 963 1760 1005 et
1786 950 2130 1020 providentia:
2153 986 2167 1010 ,

2290 962 2418 1010 mn,
2454 944 2593 997 ἀλλ’
2642 942 2740 996 ἐπὶ
2799 940 2921 1005 Θεῷ
2965 939 3156 1003 ζῶντι,
3196 936 3275 1002 τῷ
3324 935 3651 1004 παρέχοντι
3696 934 3856 1026 ἡμῖν

589 1054 644 1098 γι
675 1046 792 1099 ideo
834 1025 1103 1099 osculatus
1133 1060 1282 1108 sum,
1311 1051 1368 1097 ut
1429 1042 1672 1113 plerique
1724 1041 1920 1102 solent,
1979 1051 2174 1091 manus

2290 1035 2469 1089 utrm
2495 1034 2808 1097 πλουσίως
2841 1033 2930 1098 είς
2965 1031 3336 1085 ἀπόλαυσιν.
3368 1029 3506 1097 Φησὶ
3542 1026 3650 1096 γὰρ
3679 1027 3713 1078 ὁ
3747 1025 3855 1078 αὖε

592 1153 759 1200 ineas,
788 1146 836 1189 et
865 1137 965 1191 hoc
1000 1136 1126 1189 milii
1159 1135 1451 1189 maximum
1491 1133 1671 1187 scelus
1701 1133 2014 1199 imputatur.

2290 1130 2371 1189 τὸς
2391 1126 2625 1188 δίκαιος·
2662 1126 2731 1178 ει
2774 1124 2923 1186 λίθῳ
2959 1120 3289 1177 πολυτελεῖ
3343 1119 3752 1184 ἐπεποίθησα,
3796 1129 3854 1180 ει

519 1245 531 1255 ·
590 1233 660 1284 δὲ
689 1231 1037 1300 εὐφράνθην
1074 1231 1314 1285 πολλοῦ
1354 1230 1626 1283 πλούτου
1662 1244 1763 1296 μοι
1807 1224 2155 1295 γενομένου.
2200 1223 2309 1276 Καὶ
2351 1221 2468 1291 μετ’
2490 1220 2680 1289 ὀλίγα·
2716 1221 2786 1275 El
2813 1217 2883 1272 δέ
2923 1219 3021 1271 καὶ
3064 1217 3234 1286 χεῖρά
3265 1229 3385 1284 μου
3442 1216 3670 1279 ἐπιθεὶς
3738 1216 3845 1268 ἐπὶ

590 1320 671 1386 τῷ
702 1324 952 1391 στόματί
1016 1339 1136 1390 μου
1184 1319 1795 1390 ἐφίλ-ησα,τουτέστιν,
1830 1317 1878 1368 εἰ
1915 1315 2156 1384 ἐπῄνεσα
2195 1311 2313 1382 μεθ’
2347 1310 2726 1380 ὑπερηφανίας
2798 1312 2893 1361 καὶ
2961 1310 3289 1378 καυχήσεως
3312 1308 3410 1370 τὰς
3443 1305 3672 1376 πράξεις
3708 1323 3847 1375 μου,

592 1413 693 1480 τῆς
723 1415 979 1482 γνώσεώς
1012 1432 1113 1483 μου
1164 1415 1225 1466 τὸ
1272 1415 1380 1467 πᾶν
1417 1409 1556 1465 εἶναι
1599 1410 1968 1479 λογιζόμενος,
2025 1406 2162 1459 ἀλλὰ
2203 1405 2278 1475 μὴ
2307 1405 2405 1473 τῆς
2436 1404 2585 1466 θείας
2633 1403 2916 1471 δυνάμεως
2947 1403 3041 1460 καὶ
3074 1402 3332 1471 προνοίας
3379 1401 3477 1454 καὶ
3529 1399 3618 1452 διὰ
3678 1399 3854 1453 τοῦτο

592 1507 765 1571 φιλῶν
790 1507 933 1560 κατὰ
952 1507 1050 1576 τὴν
1075 1507 1366 1576 συνήθειαν
1422 1504 1530 1558 τῶν
1587 1502 1798 1556 πολλῶν
1823 1502 1921 1562 τὰς
1974 1498 2161 1569 χεῖράς
2201 1511 2328 1568 μου,
2391 1503 2485 1549 καὶ
2548 1495 2707 1548 τοῦτὸ
2739 1511 2826 1563 μοι
2853 1496 2982 1564 ἄρα,
3012 1492 3212 1562 ἀνομία
3237 1494 3270 1561 ἡ
3301 1493 3537 1561 μεγίστη
3581 1491 3851 1562 λογισθή-

597 1618 775 1652 σεται.

580 483 680 544 ξιτ

667 1697 722 1746 “2.
769 1693 914 1753 llaec,
938 1692 1189 1753 ()dilucti,
1225 1693 1353 1758 justi
1389 1691 1546 1757 hujus
1575 1691 1710 1743 bona
1745 1703 1910 1757 opera
1934 1697 2057 1740 ante
2080 1684 2175 1737 tri-

606 1786 911 1840 bulatiuucs
943 1771 1350 1838 ctcalamitates
1379 1783 1526 1837 hisee
1546 1782 1828 1835 virtutibus
1858 1777 2173 1833 vitamillius

2353 1679 2413 1746 β’.
2449 1678 2701 1738 Τοιαῦτα,
2761 1677 3056 1744 ἀγαπητοὶ,
3110 1675 3178 1725 τὰ
3230 1673 3336 1741 πρὺ
3368 1672 3462 1723 τοῦ
3510 1670 3846 1739 πειρασμοῦ,

2278 1772 2372 1822 καὶ
2401 1771 2508 1821 τῶν
2537 1766 2835 1837 συμφορῶν
2873 1764 3278 1834 κατορθώματα
3306 1763 3400 1816 τοῦ
3435 1764 3646 1816 δικαίου
3665 1762 3849 1814 τοιαύ-

604 1876 949 1938 decorabant,
965 1877 1054 1942 qui
1073 1891 1190 1929 cum
1208 1875 1456 1929 maximis
1470 1874 1670 1928 divitiis
1688 1883 1742 1928 et
1759 1873 1882 1927 vitae
1896 1871 2174 1940 Splendore

2290 1880 2395 1922 ταις
2417 1861 2640 1929 ἀρεταῖς
2663 1857 2996 1925 κατεκόσμει
3023 1855 3124 1923 τὴν
3148 1854 3344 1908 ἑαυτοῦ
3373 1853 3652 1906 πολιτείαν
3682 1852 3847 1904 πλοῦ-

604 1967 840 2020 immitus
871 1979 1033 2029 esset,
1069 1983 1173 2020 non
1209 1981 1336 2021 usus
1367 1977 1449 2021 est
1473 1968 1538 2020 iis
1568 1967 1620 2019 iu
1656 1979 1910 2019 venereas
1934 1962 2172 2028 volupta-

607 2068 713 2120 tes,
743 2057 961 2124 rapinas
987 2067 1040 2110 et
1071 2058 1386 2112 inunodicas
1410 2058 1748 2128 cupiditates,
1773 2055 1910 2124 quod
1961 2053 2174 2124 plurimi

609 2146 815 2199 faciunt
844 2145 1127 2210 homines;
1193 2156 1248 2202 et
1303 2150 1444 2216 quod
1508 2147 1806 2201 mirandum
1856 2158 1954 2207 est,
2015 2145 2176 2213 idque

609 2248 748 2301 saepe
783 2234 914 2301 dixi,
941 2250 1062 2289 eum
1095 2245 1216 2290 ante
1248 2235 1614 2306 Evangelium,
1671 2247 1726 2290 et
1755 2237 1944 2305 legem,
1974 2235 2173 2288 nullum

613 2325 719 2380 tale
755 2327 1060 2394 exemplum
1103 2327 1284 2382 videre
1340 2337 1543 2396 posset,
1614 2327 1722 2380 inin
1755 2343 1885 2380 vero
1943 2335 2174 2388 contra;

611 2431 800 2472 omnes
825 2417 967 2472 enim
1003 2419 1300 2488 aspiciebat
1351 2420 1562 2475 diversa
1616 2421 1698 2472 via
1748 2419 2074 2480 incedentes,
2123 2426 2176 2469 et

610 2520 824 2560 omnem
856 2506 1169 2573 pravitatem
1206 2507 1446 2562 studiose
1490 2515 1778 2576 operantes
1804 2545 1820 2571 ,
1871 2519 2042 2572 neque
2097 2505 2174 2556 ul-

609 2595 716 2649 lam
750 2595 970 2648 omuino
1001 2594 1339 2665 disciplinam
1381 2595 1588 2661 habuit,
1641 2608 1818 2665 neque
1867 2608 2051 2649 sacras
2081 2609 2177 2646 un-

611 2700 771 2754 quam
803 2684 1004 2738 audivit
1032 2684 1341 2755 Scripturas
1383 2687 1626 2742 nondum
1649 2688 1791 2742 enim
1818 2688 2057 2754 scripta',
2087 2697 2178 2738 aut

612 2774 769 2828 edita
815 2782 940 2828 tunc
967 2785 1143 2830 erant.
1191 2776 1326 2830 Cum
1371 2791 1502 2846 ergo
1533 2777 1654 2832 talis
1693 2787 1982 2846 tantusque
2009 2789 2177 2838 esset,

616 2864 671 2919 iu
698 2877 790 2918 eas
835 2860 1026 2918 incidit
1050 2865 1390 2920 calamitates
1420 2875 1476 2920 et
1523 2867 1898 2922 tribulationes
1917 2868 2015 2921 sibi
2044 2867 2181 2922 invi-

617 2969 733 3008 cem
760 2955 1130 3020 succedentes,
1154 2971 1275 3024 qua:
1300 2957 1430 3010 nulli
1455 2971 1685 3024 unquam
1712 2957 1799 3012 alii
1823 2957 2179 3026 contigerunt,

617 3045 833 3099 etiamsi
864 3043 1019 3098 multi
1046 3060 1189 3115 saepe
1219 3046 1287 3099 ab
1337 3047 1452 3114 ipso
1488 3048 1670 3102 mundi
1707 3047 1860 3100 initio
1888 3047 2091 3113 atilicti,
2119 3062 2184 3101 ac

617 3136 786 3190 variis
835 3135 1090 3189 aerumnis
1145 3136 1321 3190 atl‘ecti
1372 3136 1614 3200 iuerint;
1676 3152 1780 3191 non
1812 3138 1955 3190 enim
2007 3137 2180 3190 solum

2283 1971 2374 2006 τον
2397 1953 2477 2006 ὅτι
2506 1952 2674 2004 πολὺν
2721 1950 2814 2003 καὶ
2855 1948 3179 2002 δυναστείαν
3238 1946 3705 2017 περιϐεϐλημένος
3755 1947 3847 1997 καὶ

2280 2045 2458 2109 δόξαν,
2489 2045 2584 2096 καὶ
2633 2043 2732 2096 οὐκ
2760 2041 3035 2112 ἐχρήσατο
3067 2039 3279 2101 τούτοις
3326 2041 3403 2100 είς
3425 2037 3618 2107 ἡδονὰς
3651 2037 3847 2091 ἀκολά-

2283 2153 2441 2194 στους
2493 2135 2591 2188 καὶ
2640 2134 2898 2202 ἁρπαγὰς
2933 2129 3030 2185 καλ⁵
3075 2129 3388 2194 πλεονεξίας
3410 2130 3546 2198 ὅπερ
3575 2130 3846 2199 πάσχουσι

2280 2230 2392 2283 τῶν
2422 2227 2726 2297 ἀνθρώπων
2771 2226 2821 2278 οἱ
2852 2225 3100 2278 πλεῖστοι
3121 2240 3136 2256 ο
3169 2223 3265 2275 καὶ
3316 2222 3377 2275 τὸ
3415 2222 3477 2294 δὴ
3508 2222 3841 2291 θαυμαστὸν.

2283 2324 2357 2384 ὡς
2382 2319 2644 2381 πολλάκις
2668 2313 2840 2382 εἷπον,
2880 2318 2962 2370 ὅτι
2985 2315 3093 2385 πρὸ
3121 2315 3215 2367 τοῦ
3253 2313 3585 2380 Εὐαγγελίου
3627 2315 3725 2367 καὶ
3756 2311 3844 2365 τοῦ

2285 2415 2474 2480 νόμον,
2522 2411 2612 2463 ὅτε
2658 2409 2809 2462 οὐδὲν
2859 2407 3213 2477 παράδειγμα
3249 2405 3495 2459 τοιοῦτον
3523 2402 3674 2474 εἶχεν
3695 2405 3842 2474 ὁρᾷ-ι,

2289 2503 2488 2573 μᾶλλον
2519 2501 2616 2570 μὲν
2645 2496 2740 2553 οὖν
2771 2499 2879 2553 πᾶν
2903 2499 3238 2563 τούναντίον,
3276 2495 3520 2559 ἅπαντας
3565 2495 3670 2567 τὴν
3698 2498 3844 2548 ἐναν-

2283 2596 2406 2647 τίαν
2438 2592 2753 2662 βαδίζοντας
2783 2589 2998 2653 ἐὸλεπε,
3035 2588 3129 2642 καὶ
3171 2589 3351 2642 πᾶσαν
3379 2587 3575 2640 κακίαν
3623 2586 3844 2655 ἐργαζοο

2290 2689 2485 2755 μένους
2517 2684 2652 2754 μετὰ
2697 2681 2934 2750 σπουδῆς
2957 2698 2974 2714 ο
3002 2680 3123 2733 οὐδὲ
3171 2680 3519 2742 διδασκαλίας
3547 2679 3685 2741 ὅλως
3718 2695 3846 2744 μετ-

2287 2779 2446 2844 έσχεν
2477 2774 2596 2826 οὐδὲ
2627 2773 2789 2826 θείων
2814 2772 3050 2843 Γραφῶν
3075 2775 3132 2824 ὲν
3163 2772 3426 2840 ἀκροάσει
3454 2773 3700 2839 γέγονεν,
3727 2769 3849 2822 ἐπεὶ

2287 2868 2439 2919 otium
2472 2866 2857 2934 γεγραμμέναι
2892 2866 2987 2917 καὶ
3023 2864 3303 2933 δεδομέναι
3347 2863 3505 2916 οὖσαι
3531 2863 3846 2932 ἐτύγχανον.

2288 2955 2540 3017 Τοιοῦτος
2583 2955 2638 3008 δὲ
2689 2952 2799 3016 ὢν,
2841 2953 3120 3018 τοιαύταις
3168 2955 3493 3023 περιπίπτει
3520 2953 3850 3023 συμφοραῖς.

2289 3047 2404 3100 ἀλλ’
2435 3045 2757 3114 ἐπαλλήλοις
2779 3044 2874 3097 καὶ
2903 3047 3252 3114 πειρασμοῖς,
3275 3045 3463 3114 ῶσπερ
3491 3046 3698 3097 πολλῶν
3725 3045 3854 3096 πολ-

2289 3138 2445 3200 λάκις
2475 3136 2568 3204 ἀφ’
2596 3132 2768 3205 οὗπερ
2797 3140 2824 3189 ὁ
2866 3137 3070 3204 κόσμος
3111 3139 3300 3204 γέγονε
3348 3135 3852 3206 κακοπαθησάντων

619 3223 903 3295 pecunias,
926 3224 1235 3277 animalium
1266 3240 1480 3295 greges,
1533 3235 1586 3280 et
1615 3225 1850 3293 reliquas
1880 3241 2066 3279 omnes
2113 3225 2181 3278 ta-

2292 3231 2383 3280 καὶ
2406 3227 2971 3296 ταλαιπωρησάντων,
2997 3227 3189 3296 μηδενὶ
3211 3228 3320 3279 τῶν
3351 3229 3605 3281 ἁπάντων
3645 3243 3852 3294 συμφο-

621 3315 872 3380 cultates,
905 3323 958 3368 et
990 3321 1192 3382 septem
1249 3315 1482 3385 denique
1511 3317 1924 3386 Spectandorum
1959 3316 2188 3369 tiliorum

626 3405 850 3459 cborum
881 3404 934 3458 in
962 3404 1079 3472 ipso
1105 3407 1286 3460 aetatis
1317 3406 1447 3460 ﬂore
1469 3421 1651 3460 amara
1686 3419 1863 3460 morte
1897 3407 2099 3468 amisit,
2139 3415 2191 3458 et

622 3493 840 3563 quidem
872 3495 1034 3549 simul
1087 3495 1204 3549 haec
1245 3497 1426 3550 omnia
1481 3497 1556 3549 ita
1588 3508 1646 3548 ut
1694 3512 1792 3548 nec
1823 3496 2083 3562 singulos,
2131 3503 2189 3546 ut

624 3601 836 3653 acquum
873 3597 1015 3649 erat,
1047 3596 1265 3655 propter
1300 3588 1566 3640 malorum
1611 3588 2072 3640 cominuationem
2106 3587 2188 3639 lu-

627 3691 754 3746 gere
783 3686 964 3745 posset
989 3694 1004 3732 :
1025 3676 1207 3729 Adhuc
1235 3677 1396 3742 enim,
1425 3677 1621 3747 inquit,
1647 3678 1742 3730 hoc
1765 3678 2020 3747 loquente,
2055 3679 2190 3732 venit

627 3766 768 3820 alius
803 3769 1038 3831 nuntius,
1087 3778 1136 3820 et
1189 3784 1372 3821 rursus
1429 3767 1523 3821 hoc
1579 3767 1837 3837 loquente,
1890 3769 2046 3832 alius,
2071 3772 2192 3823 inde

627 3858 960 3912 calamitates
1027 3859 1400 3912 annuntiantes
1433 3858 1498 3910 ³³.
1591 3859 1706 3912 Non
1760 3861 1896 3925 haec,
1948 3862 2188 3930 inquam,

629 3957 839 4003 tantum
884 3963 1075 4017 passus
1123 3957 1227 4014 est,
1260 3950 1351 4004 sed
1378 3950 1541 4004 etiam
1587 3965 1804 4018 corpus,
1831 3954 1974 4021 quod
2015 3953 2188 4007 solum

629 4049 934 4109 supererat,
953 4039 1178 4094 vulnere
1206 4049 1372 4094 totum
1402 4040 1535 4096 illud
1559 4041 1832 4096 ambiente
1852 4043 2184 4109 percutitur:

627 4131 674 4184 A
701 4133 895 4200 capite,
923 4132 1077 4187 enim.
1095 4132 1293 4202 inquit,
1329 4149 1489 4202 usque
1521 4136 1589 4186 ad
1619 4135 1772 4201 pedes
1806 4134 2118 4188 insanabilis
2139 4143 2190 4188 et

630 4219 898 4276 doloribus
956 4222 1140 4289 plenus
1187 4231 1234 4276 et
1289 4224 1464 4276 nudus
1502 4238 1659 4290 super
1679 4208 1861 4289 fimum
1893 4225 2054 4284 sedet,
2100 4223 2191 4294 qui

629 4311 788 4380 paulo
810 4321 967 4364 antea
988 4323 1165 4377 potens
1182 4322 1230 4366 et
1255 4328 1345 4364 rex
1374 4321 1485 4365 erat
1504 4313 1698 4380 “\l9).
1721 4314 1851 4365 Cum
1887 4329 2012 4368 vero
2034 4328 2190 4368 suum

636 4410 888 4456 cerneret
918 4417 1114 4470 corpus
1144 4403 1300 4471 quasi
1327 4404 1497 4456 saniei
1527 4417 1581 4458 et
1610 4405 1876 4458 vermium
1901 4414 2197 4466 scatentem

708 4581 752 4613 ’ί
782 4576 881 4634 Job
925 4594 1076 4643 uxr,
1114 4578 1308 4637 24-25.

1387 4583 1434 4613 ¹¹
1457 4582 1585 4636 ibid.
1618 4582 1710 4636 27.
1811 4584 1857 4616 ’³
1879 4581 1980 4638 Job
2013 4600 2051 4650 I,
2078 4586 2163 4639 16.

2296 3320 2394 3388 ρὰν
2420 3317 2675 3388 τοιαύτην
2707 3319 2985 3386 συμϐῆναί
3040 3337 3192 3373 ποτε.
3234 3321 3308 3373 Οὐ
3360 3320 3470 3390 γὰρ
3529 3321 3689 3390 μόνον
3724 3321 3854 3390 χρή-

2295 3427 2462 3478 ματα,
2494 3409 2648 3471 ζώων
2681 3410 2901 3476 ἀγέλας.
2948 3412 3131 3463 πᾶσαν
3179 3411 3345 3480 ἄλλην
3387 3413 3729 3479 περιουσίαν,
3764 3413 3853 3463 καὶ

2289 3502 2441 3562 τέλος
2493 3501 2634 3553 ἑπτά
2675 3500 3006 3570 θαυμαστῶν
3032 3502 3238 3556 παίδων
3275 3503 3455 3574 χορὸν,
3491 3505 3550 3556 ἑν
3599 3505 3676 3572 τῷ
3705 3503 3852 3555 ἄνθει

2291 3592 2390 3660 τῆς
2439 3591 2654 3660 ἡλικίας
2705 3591 2953 3646 ἀπώλεσε
3013 3594 3228 3663 Θανάτῳ
3283 3594 3487 3664 πικρῷ,
3550 3596 3643 3647 καὶ
3685 3593 3850 3646 ταῦτα

2291 3682 2472 3734 πάντα
2511 3682 2728 3752 ἀορῦον,
2767 3682 2841 3745 ὡς
2872 3684 2949 3754 μὴ
2982 3684 3245 3738 δύνασθαι
3295 3686 3396 3738 κᾶν
3430 3685 3597 3751 ἀξίως
3637 3685 3851 3755 ορηνείν

2289 3773 2520 3824 ἕκαστον
2550 3773 2639 3825 διὰ
2668 3773 2728 3826 τδ
2762 3774 2984 3842 συνεχὲς
3007 3775 3112 3828 τῶν
3137 3777 3321 3830 κακῶν
3341 3793 3354 3805 ’
3389 3778 3510 3829 Ἔτι
3545 3779 3678 3844 γὰρ,
3698 3779 3848 3844 φησὶ,

2288 3863 2502 3916 τούτου
2563 3862 2924 3930 λαλοῦντος,
2963 3861 3152 3934 ἦλθεν
3189 3866 3390 3932 ἕτερος
3445 3868 3718 3936 ἄγγελος,
3755 3867 3848 3917 καὶ

2288 3953 2476 4007 πάλιν
2497 3954 2709 4008 τούτου
2733 3956 3095 4022 λαλοῦντος,
3115 3958 3326 4025 ἄλλος,
3341 3959 3687 4024 ἐκεῖθεντὰς
3702 3975 3850 4028 συμ-

2293 4048 2482 4114 φορὰς
2499 4047 3008 4127 ἀπαγγέλλοντες.
3028 4050 3103 4102 Οὐ
3136 4050 3296 4119 μόνον
3316 4049 3408 4101 οὖν
3424 4050 3598 4102 ταῦτα
3627 4051 3848 4118 ὑπέστη,

2296 4139 2435 4192 ἀλλὰ
2456 4142 2550 4191 καὶ
2577 4140 2708 4192 αὐτὸ
2741 4144 2800 4192 τὸ
2829 4140 2986 4206 σῶμα
3017 4141 3045 4192 ὃ
3079 4141 3239 4208 μόνον
3273 4141 3630 4193 ὑπολέλειπτο
3657 4141 3849 4209 τούτῳ,

2301 4229 2597 4297 πλήττεται
2623 4229 2839 4300 πληγὴν
2877 4231 3154 4300 ὁλόσωμον
3175 4249 3189 4263 ⁵
3231 4233 3372 4285 Ἀπὸ
3423 4231 3698 4306 κεφαλῆς
3726 4233 3852 4302 γὰρ,

2303 4320 2484 4387 φησὶν,
2521 4319 2631 4384 ἕως
2694 4320 2895 4374 ποδῶν
2930 4321 3173 4388 ἀνίατός
3212 4340 3275 4376 τε
3313 4329 3409 4377 καὶ
3467 4323 3853 4387 πολυώδυιός

2308 4409 2406 4463 καὶ
2437 4410 2664 4480 γυμνὸς
2687 4411 2785 4465 ἐπὶ
2831 4414 3086 4482 κοπρῖας
3119 4415 3368 4484 κάθηται
3403 4418 3435 4469 ό
3484 4415 3598 4483 πρὸ
3643 4415 3853 4484 μικροῦ

2270 4585 2316 4617 ’³
2347 4585 2450 4641 Job
2477 4601 2536 4652 ll,
2569 4587 2686 4643 7-8.

639 4783 732 4836 per
758 4766 1131 4821 excellentiam
1170 4768 1466 4836 intelligere
1493 4767 1684 4822 Joburn
1706 4770 1902 4834 :cujus
1942 4772 2018 4824 rei
2059 4772 2195 4825 ratio
2221 4775 2275 4834 ι)
2303 4774 2398 4827 ille
2433 4774 2576 4826 enim
2620 4775 2682 4823 «te
2724 4787 2780 4824 se
2817 4775 3042 4835 loquens
3075 4775 3125 4826 id
3160 4783 3407 4828 testatur.
3446 4788 3493 4827 et
3523 4773 3663 4826 illius
3691 4775 3854 4827 histo-

635 4839 857 4910 fopiose
887 4836 1128 4910 redditur
1157 4839 1240 4910 ab;
1258 4847 1476 4910 auctore
1509 4839 1722 4910 Catenae
1752 4855 1892 4910 nunc
1932 4843 2110 4905 editze,
2147 4841 2197 4910 iu
2298 4845 2376 4901 ria
2405 4858 2523 4908 cap.
2547 4856 2678 4904 tht,
2703 4843 2840 4908 apud
2889 4841 3029 4894 LXX
3057 4843 3134 4895 sic
3157 4843 3315 4895 habet
3340 4861 3352 4894 :
3387 4842 3451 4895 Et
3478 4845 3530 4896 hi
3553 4855 3670 4896 sunt
3697 4861 3855 4910 reges,

639 4907 1056 4976 l’rulegomenis.
1085 4905 1275 4960 Omnia
1307 4907 1448 4960 enim
1481 4908 1689 4976 quaead
1723 4908 2014 4976 perlectam
2041 4909 2202 4976 justi-

639 4977 726 5044 tize
758 4974 1147 5042 possessionem
1180 4977 1471 5044 pertinent,
1499 4974 1558 5029 in
1599 4974 1734 5030 Juba
1767 4975 1935 5031 fuisse
1965 4974 2197 5031 conSIat.

640 5043 802 5097 Nobis
830 5045 1009 5110 itaque
1032 5046 1081 5098 iu
1097 5043 1419 5112 Theophane
1442 5055 1495 5099 et
1520 5048 1740 5098 verbum
1771 5048 1932 5100 verbo
1957 5049 2200 5099 reddere.

643 5123 698 5165 et
731 5112 980 5166 usitatam
1005 5115 1222 5180 phrasin
1259 5129 1362 5168 non
1395 5115 1631 5168 aversari
1669 5115 1887 5178 placuit.

716 5181 830 5249 (18)
863 5180 1150 5250 Sapientiw
1182 5200 1329 5256 meat.
1363 5182 1797 5256 liabeutcodiccs
1822 5186 2046 5256 Y_Vg'.)p'(j¢
2066 5181 2201 5244 σεώς

648 5266 746 5314 μου
814 5260 1065 5319 corrupte
1113 5254 1368 5319 quidem;
1418 5252 1702 5314 substitui,
1764 5252 2019 5316 γνώσεως
2076 5268 2199 5318 μου.

645 5319 775 5372 Nam
834 5318 959 5370 illud
1023 5318 1140 5388 μης
1185 5320 1525 5388 interjectum
1592 5330 1686 5377 est.
1725 5320 2064 5374 librariorum
2111 5335 2199 5374 er-

643 5403 786 5442 rore.

713 5455 828 5526 (I9)
852 5453 964 5526 Rea:
989 5465 1125 5526 erat.
1163 5457 1230 5510 Ut
1258 5460 1446 5512 demus
1473 5460 1572 5512 hoc
1599 5456 1720 5511 Jobi
1754 5459 1968 5511 novitiis
1997 5458 2199 5511 calum-

645 5525 979 5595 uiatoribus,
1031 5525 1214 5595 idgest
1265 5528 1557 5593 haereticis,
1609 5529 1696 5592 qui
1745 5528 1858 5595 ejus
1914 5525 2194 5595 historiam

644 5593 1058 5665 mythologicam
1093 5593 1226 5647 falso
1257 5599 1551 5661 praedicant
1573 5637 1587 5659 ,
1621 5598 1687 5650 de
1733 5593 1798 5649 eo
1827 5610 2018 5662 nempe
2053 5594 2194 5663 (quis

645 5661 827 5724 fuerit,
876 5661 1049 5732 cuias,
1093 5678 1198 5731 quo
1244 5665 1456 5732 genere)
1504 5679 1606 5716 non
1657 5666 1727 5716 ita
1775 5661 2024 5718 constare
2053 5661 2194 5714 inter

645 5742 893 5786 auctores
919 5749 934 5798 ;
966 5731 1019 5784 id
1049 5741 1246 5794 tamen,
1271 5736 1410 5800 quod
1442 5731 1526 5786 hic
1555 5732 1909 5798 'l‘heophanes
1941 5732 2191 5792 aﬂirmat,

648 5801 895 5858 videlicet
945 5815 1122 5869 regem
1168 5801 1365 5867 fuisse,
1414 5815 1615 5862 certum
1654 5802 1804 5857 nobis
1852 5817 1969 5856 esse
2017 5801 2192 5856 debet.

2305 4913 2395 4986 qui
2428 4919 2771 4986 regnaverunt
2799 4911 2852 4962 in
2898 4910 3088 4976 Edent,
3123 4912 3274 4986 cujus
3311 4913 3536 4986 regionis
3566 4915 3721 4986 etiam
3751 4914 3859 4982 ipse

2299 4981 2601 5050 dominatus
2626 4991 2734 5042 est,
2769 4984 3244 5050 etc.,_qu:everba
3286 4983 3560 5045 explicans
3585 4981 3856 5050 Olympio.

2301 5055 2491 5106 durus:
2522 5047 2650 5101 Htec
2676 5047 2792 5118 (ait)
2820 5049 2871 5100 in
2901 5048 3316 5118 Paralipomenis
3348 5047 3859 5118 reperias,quamnb-

2303 5137 2411 5174 rem
2439 5135 2555 5170 cum
2586 5118 2648 5170 de
2677 5133 2728 5169 se
2762 5117 2870 5183 ipse
2899 5118 3026 5168 dicit
3048 5155 3060 5176 ,
3094 5117 3257 5170 Eram
3290 5119 3343 5169 in
3378 5119 3546 5170 medio
3578 5117 3752 5171 eorum
3782 5123 3856 5170 si-

2303 5199 2388 5242 cut
2429 5202 2521 5239 rex
2556 5188 2690 5238 inter
2732 5185 2921 5256 milites
2961 5187 3430 5256 eximio_cingulo,
3469 5198 3563 5239 aut
3601 5190 3722 5256 quia
3753 5204 3859 5255 pra:

2305 5273 2459 5325 regno
2487 5256 2550 5305 ab
2570 5257 2823 5325 Διεὶνιιιιεηι
2844 5255 3131 5325 colebatur.
3155 5253 3299 5307 Illud
3327 5259 3505 5323 (sicut)
3525 5253 3626 5309 non
3653 5253 3861 5324 propter

2301 5323 2693 5394 similitudinem
2735 5323 3030 5394 adhibetur,
3063 5325 3152 5376 sed
3203 5333 3258 5375 ut
3319 5341 3500 5378 revera
3558 5323 3675 5378 eunt
3717 5335 3860 5394 pote-

2301 5405 2441 5447 state
2464 5391 2609 5449 regia
2631 5392 2854 5461 viguisse
2871 5393 3248 5460 intelligamus.
3278 5395 3593 5447 Ambrosius
3619 5395 3673 5447 in
3702 5391 3861 5446 Coru-

2302 5473 2466 5515 ment.
2495 5462 2744 5525 Epistula:
2778 5462 2842 5513 ad
2877 5462 3145 5514 Romanos
3171 5462 3412 5527 ejusdem
3445 5473 3528 5516 est
3555 5463 3858 5516 sententiae.

2298 5530 2634 5584 Gaudentius
2688 5529 2970 5582 ΒΓὶΧίθιιιυς
3003 5545 3215 5583 coaevus
3252 5531 3535 5585 Ambrosio
3578 5533 3628 5583 in
3666 5530 3860 5583 Praefa-

2303 5601 2447 5650 tione
2514 5608 2839 5668 tractatuum
2887 5615 2900 5651 :
2956 5597 3216 5659 Sanctus,
3260 5601 3463 5667 inquit,
3494 5598 3596 5652 Job
3647 5615 3861 5668 regnum

2302 5670 2504 5736 tenebat
2545 5666 2778 5727 Arabica,
2825 5669 2935 5725 sed.
2983 5677 3036 5719 ut
3068 5666 3461 5736 scriptum’est,
3503 5668 3655 5722 nulla
3684 5666 3862 5733 uidua,

2303 5735 2476 5790 uultus
2506 5749 2707 5803 pauper
2731 5737 2940 5790 domum
2969 5738 3081 5804 ejus
3110 5735 3229 5790 sinu
3253 5753 3414 5791 vacuo
3450 5737 3651 5792 exibat.
