4142 6294
561 412 669 477 315

1572 406 2073 473 THEOPHANIS
2112 403 2454 468 EPISCOPI
2494 408 2782 470 ΝΙΟΛΞΝΙ

3708 406 3810 475 316

564 525 833 578 ﬁrmatam
872 522 925 578 in
958 531 1109 591 petra
1145 522 1266 577 ﬁdei
1298 530 1354 576 et
1397 522 1608 575 amoris
1655 534 1782 589 erga
1833 518 2024 578 Deum,
2062 521 2122 567 ut

2233 530 2317 567 σαι
2372 515 2466 570 τὸν
2526 518 2738 590 πύργον
2789 518 2891 587 τῆς
2939 518 3152 574 ἐκείνου
3217 519 3399 592 ψυχῆς
3464 518 3805 591 ήδρασμένον

563 629 914 669 murmurans
952 625 1008 670 et
1052 614 1426 679 blaspltemum
1476 612 1735 664 adversus
1782 607 1950 663 Deum
2004 620 2127 675 pro-

564 703 732 758 ferret
759 706 1001 769 verbum,
1058 706 1168 759 imo
1202 704 1381 772 potius
1418 702 1631 756 beatam
1677 698 1825 753 illaut
1867 696 2128 763 valdeque

568 796 896 851 laudandam
929 796 1113 851 emisit
1144 810 1332 850 vocem
1369 808 1381 843 :
1419 792 1608 847 Nudus
1649 804 1893 860 egressus
1921 802 2035 841 aunt
2063 801 2129 839 ea:

563 894 715 941 utero
750 889 940 942 matria
968 902 1117 952 mm,
1144 895 1191 939 et
1226 885 1399 938 nudus
1425 894 1660 938 revertor
1689 880 1837 936 illuc.
1872 879 2128 933 Dominus

559 984 726 1049 dedit,
768 981 1020 1035 Dominus
1046 978 1303 1042 abstulit;
1333 977 1469 1030 sicut
1517 975 1744 1029 Domino
1781 971 2004 1043 placuit,
2047 974 2126 1029 ita

560 1077 760 1140 factum
790 1082 902 1135 est;
931 1071 999 1125 ait
1044 1084 1232 1123 nomen
1278 1067 1492 1122 Domini
1540 1066 1867 1121 benedictum
1891 1064 1957 1128 “,
1994 1065 2127 1121 ldeo

563 1176 692 1223 ante
725 1165 1061 1222 tentatioues
1109 1169 1164 1215 et
1205 1174 1500 1222 aerumnas,
1533 1157 1784 1228 quamvis
1826 1157 1968 1212 Deus
2016 1159 2128 1227 ipse

562 1257 930 1313 testimonium
958 1254 1209 1308 redderet
1237 1251 1446 1305 diabolo
1489 1250 1811 1304 innocentiae
1845 1248 2010 1314 illius,
2042 1265 2130 1305 vo-

559 1359 816 1415 (aretque
871 1345 1025 1399 illum
1070 1341 1640 1408 optimum.0mnium
1698 1338 1977 1394 hominum
2033 1340 2126 1407 qui

557 1455 722 1509 super
774 1449 974 1493 terram
1046 1438 1290 1490 viverent
1323 1453 1338 1491 :
1370 1435 1654 1488 Attendiati
1715 1431 1881 1497 enim,
1928 1433 2125 1500 inquit,

557 1539 727 1582 mente
764 1539 854 1581 tua
877 1542 1033 1594 super
1062 1524 1168 1580 Job
1214 1540 1417 1579 servum
1460 1538 1633 1577 meum
1659 1561 1675 1590 ,
1720 1522 1860 1591 quod
1905 1538 2011 1575 non
2048 1532 2125 1577 est

558 1622 752 1689 ntiquis
792 1621 848 1671 in
879 1628 1047 1682 terra,
1082 1619 1215 1671 sicut
1248 1618 1380 1684 ipse,
1424 1620 1504 1669 vir
1536 1616 1651 1668 sine
1675 1615 1917 1676 crimine,
1947 1629 2125 1677 verax,

564 1713 728 1765 Deum
769 1710 969 1774 colem,
1002 1709 1272 1763 abstinens
1322 1709 1386 1761 ab
1440 1707 1580 1759 omni
1618 1704 1759 1756 mula
1802 1703 1936 1757 re”.
1972 1705 2127 1757 Mali-

2230 606 2489 677 ἀσφαλῶς
2515 608 2646 664 δντα
2677 612 2736 664 ἐν
2763 613 2830 682 τῇ
2858 613 3034 683 πέτρᾳ
3063 615 3163 683 τῆς
3189 614 3429 675 πίστεως
3458 613 3553 665 καὶ
3575 614 3799 684 ἀγάπης

2228 701 2329 771 τῆς
2358 704 2436 763 είς
2456 703 2607 769 Θεὸν,
2647 702 2787 757 ὥστε
2839 705 2989 775 ῥῆμα
3018 705 3383 773 γογγυστικδν
3430 704 3525 757 καὶ
3557 702 3802 776 βλάσφη-

2232 813 2334 867 μον
2368 796 2673 863 ἐξενεγκεῖν
2702 797 2782 861 εἰς
2808 797 2966 850 Θεόν’
2988 796 3125 850 ἀλλὰ
3150 797 3251 866 τὴν
3286 796 3564 866 μακαρίαν
3584 795 3806 868 ἐκείνην

2231 886 2327 941 καὶ
2357 887 2745 957 πολυύμνητον
2776 887 2977 956 μᾶλλον
2999 885 3287 959 ἀνᾶπεμψε
3315 888 3501 959 φωνήν
3521 903 3535 919 ⁸
3560 887 3809 957 Γυμνὸς

2228 978 2497 1048 ἐξῆλθον
2520 978 2588 1033 ἐκ
2628 979 2864 1045 κοιλίας
2884 980 3120 1047 μητρός
3142 997 3287 1049 μου,
3311 979 3539 1049 γυμνὸς
3568 979 3668 1034 καί
3696 980 3810 1034 ἀπ-

2230 1071 2557 1139 ελεύσομαι
2576 1069 2736 1123 ἐκεῖ·
2762 1073 2796 1124 d
2813 1071 3033 1139 Κύριος
3062 1070 3308 1134 ἔδωκεν,
3342 1074 3375 1124 ὁ
3392 1071 3607 1141 Κύριος
3641 1073 3809 1141 ἀφεί-

2225 1166 2369 1218 λετο
2397 1179 2412 1194 ·
2446 1163 2527 1228 ὡς
2553 1161 2635 1228 τῷ
2679 1164 2874 1231 Κυρίῳ
2901 1161 3135 1227 ἔδοξεν,
3190 1162 3344 1217 οὕτω
3390 1163 3491 1217 καί
3527 1163 3766 1233 ἐγένετο
3789 1180 3805 1194 ’

2231 1254 2325 1322 sin
2362 1256 2430 1309 τὸ
2468 1253 2659 1323 ὄνομα
2699 1253 2927 1322 Κυρίου
2956 1252 3388 1323 εὐλογημένον.
3435 1253 3527 1305 Διὸ
3560 1254 3667 1323 πρὸ
3706 1254 3807 1321 μὲν

2233 1344 2328 1399 τοῦ
2368 1342 2679 1413 πειρασμοῦ
2732 1344 2830 1397 καὶ
2860 1342 2967 1395 τῶν
2998 1343 3299 1412 συμφορῶν
3334 1342 3632 1396 καίτοιτοῦ
3666 1342 3806 1399 Θεοῦ

2236 1435 2647 1507 μαρτυροῦντος
2698 1434 2838 1504 πρὸς
2889 1435 2982 1487 τὸν
3032 1434 3282 1491 διάϐολον
3321 1437 3612 1505 ἄμεμπτον
3642 1438 3843 1491 αὐτόν’

2234 1523 2376 1581 εἶναι
2411 1528 2508 1579 καὶ
2531 1525 2763 1596 κρείττω
2790 1523 3011 1578 πάντων
3052 1524 3363 1594 ἀνθρώπων
3392 1525 3501 1578 τῶν
3541 1526 3633 1578 ἐπὶ
3661 1527 3763 1596 γῆς
3787 1542 3802 1555 υ

2230 1621 2579 1690 ιιροσέσχες
2604 1622 2734 1689 γὰρ,
2767 1618 2925 1687 φησὶ,
2973 1617 3052 1685 τῇ
3082 1617 3320 1685 διανοίᾳ
3352 1634 3471 1672 σου
3504 1619 3653 1672 κατὰ
3698 1619 3805 1673 τοῦ

2228 1711 2593 1780 θεράποντος
2641 1726 2761 1778 μου
2806 1708 2960 1771 Ἰὼϐ,
3011 1706 3101 1762 ὅτι
3142 1710 3253 1762 οὐκ
3288 1707 3420 1762 ἔστι
3464 1710 3593 1762 κατ’
3618 1708 3807 1762 αὐτὸν

559 1813 692 1868 guns
722 1809 898 1851 tamen
932 1797 1299 1865 impudenter,
1340 1805 1395 1849 et
1422 1796 1683 1849 audacter
1716 1794 1965 1848 laudibus
1990 1793 2118 1860 justi

2233 1807 2347 1864 τῶν
2401 1804 2501 1858 ἐπὶ
2552 1802 2665 1871 γῆς
2719 1802 3026 1869 ἅνθρωπος
3093 1801 3432 1870 ἄμεμπτος,
3493 1803 3800 1871 ἀληθινὸς,

559 1892 887 1950 obtrectare,
922 1888 1345 1955 dignitatemque
1373 1885 1596 1938 virtutis
1641 1884 1809 1951 ipsius
1852 1893 1906 1938 et
1943 1884 2125 1953 gloriae

559 1985 857 2031 extenuare
892 1994 997 2030 non
1024 1976 1310 2031 verebatur
1338 1993 1355 2029 :
1389 1973 1532 2028 Nunt
1562 2015 1575 2040 ,
1611 1973 1809 2043 inquit,
1829 1976 2000 2042 gratis
2025 1974 2125 2028 Job

561 2069 684 2120 colit
750 2069 1079 2123 Dominum?
1125 2084 1296 2121 nonne
1329 2078 1386 2120 tu
1424 2067 1642 2120 munisti
1685 2082 1769 2130 ea,
1821 2082 1938 2136 qua:
1977 2077 2127 2120 εστι-α

561 2161 727 2224 ipsum
761 2170 808 2212 et
838 2159 981 2213 intra
1006 2160 1221 2213 domum
1261 2159 1376 2227 ejus
1406 2158 1631 2212 sunt"?
1660 2162 1727 2212 At
1750 2168 1867 2226 post
1891 2159 1980 2211 illa
2012 2174 2131 2210 cer-

565 2251 766 2305 tamina
794 2253 1075 2307 doloribus
1104 2252 1282 2322 plena,
1319 2263 1374 2306 et
1423 2252 1741 2321 patientiam
1773 2260 1893 2305 "cum
1929 2252 2129 2320 gratia-

565 2359 682 2397 rum
714 2345 946 2409 actione,
969 2346 1306 2399 obstructum
1330 2354 1414 2398 est
1435 2344 1661 2398 omnino
1682 2357 1743 2396 os
1773 2343 2127 2405 accusatoris,

565 2436 855 2506 injuriique
891 2436 1150 2491 danunnis
1187 2450 1285 2490 nec
1324 2437 1464 2489 ultra
1503 2434 1615 2489 ullo
1659 2434 1816 2487 modo
1856 2435 2133 2488 contradiv

561 2544 688 2583 cere
719 2528 955 2592 valebat,
985 2529 1077 2582 sed
1108 2529 1311 2596 pudore
1339 2526 1574 2582 suil'usus
1596 2527 1647 2580 vi
1690 2527 1866 2579 victus
1895 2523 2129 2594 aufugit.

566 2619 766 2689 Sicque
795 2630 918 2688 post
951 2619 1291 2673 tolerantiam
1346 2617 1707 2673 tentationum
1741 2618 1933 2683 dignus
1976 2617 2134 2671 babi-

565 2719 652 2765 tus
702 2721 789 2763 est
852 2709 947 2777 qui
998 2706 1166 2763 Deum
1246 2707 1473 2767 videret.
1527 2707 1845 2774 audiretque
1889 2706 2133 2759 divinum

565 2802 693 2855 illud
728 2801 1055 2870 praeconium
1101 2799 1325 2868 (etenim
1379 2807 1439 2852 ut
1476 2799 1736 2852 victorem
1826 2798 2137 2865 pronuntiat

564 2896 708 2948 hunc
756 2908 1076 2948 coronarum
1112 2891 1314 2963 dator),
1369 2892 1557 2946 dicens
1616 2890 1690 2944 illi
1731 2889 1999 2944 :Ptuaane
2055 2905 2137 2942 me
2181 2948 2194 2959 ,

566 2987 729 3039 aliam
761 2988 821 3039 ob
855 3001 1075 3039 causam
1125 2985 1419 3039 ailocutum
1448 2996 1496 3038 te
1537 3000 1668 3047 esse,
1711 2983 1812 3037 nisi
1860 2991 1919 3037 ut
1957 2982 2136 3052 justus

565 3097 822 3148 apparens
840 3081 924 3134 "1'
955 3080 1056 3136 hoc
1092 3091 1194 3145 est,
1227 3079 1400 3147 Quam
1445 3080 1605 3142 aliam
1638 3079 1709 3134 ob
1741 3093 1855 3134 rem
1889 3078 2134 3147 permisi,

2230 1901 2560 1967 θεοσεϐὴς,
2617 1898 2997 1965 ἀπεχόμενος
3058 1895 3180 1949 ἀπὸ
3243 1896 3470 1962 παντὸς
3534 1898 3807 1965 πονηροῦ

2236 1996 2599 2065 πράγματος.
2675 1989 2866 2057 Ὅμως
2911 1989 2940 2041 6
2995 1987 3240 2057 Πονηρὸς
3288 1988 3662 2055 ἀναισχύντως
3709 1989 3810 2041 καὶ

2233 2085 2440 2155 ίταμῶς
2501 2080 2830 2152 ἐπηρεάζειν
2884 2078 2945 2131 οὑ
2995 2081 3295 2151 παρῃτεῖτο
3340 2081 3455 2142 τοῖς
3506 2078 3810 2148 ἐγκωμίοις

2230 2176 2326 2231 τοῦ
2377 2174 2616 2236 δικαίου,
2654 2172 2749 2225 καὶ
2786 2170 2847 2223 τὺ
2887 2170 3105 2239 ἀξίωμα
3145 2168 3432 2238 καθαιρεῖν
3460 2169 3559 2237 τῆς
3605 2169 3809 2238 ἀρετῆς

2229 2267 2439 2321 ἐκείνου
2490 2264 2582 2316 καὶ
2637 2262 2825 2330 δόξης·
2878 2259 2973 2326 Μὴ
3024 2261 3156 2329 γὰρ,
3203 2258 3359 2329 φησὶ,
3403 2257 3620 2325 δωρεὰν
3690 2257 3814 2313 Ἰὼϐ

2230 2359 2469 2413 σέϐεται
2505 2356 2613 2409 τὸν
2643 2355 2899 2421 Κύριον;
2932 2354 3003 2407 οὐ
3035 2351 3117 2404 σὺ
3153 2349 3552 2419 περιέφραξας
3586 2350 3658 2403 τὰ
3692 2352 3809 2416 ἔξω

2231 2447 2419 2502 αὑτοῦ
2450 2447 2547 2500 καὶ
2581 2443 2654 2498 τὰ
2676 2445 2798 2498 ἔσω
2825 2442 2932 2511 τῆς
2957 2442 3150 2507 οἰκίας
3176 2441 3395 2508 αὐτοῦ;
3418 2440 3575 2496 Μετὰ
3601 2440 3656 2495 δὲ
3680 2442 3808 2502 τοὺς

2234 2537 2617 2600 πολυωδύνους
2652 2534 2851 2593 ἄθλους
2892 2532 3133 2599 ἐκείνους
3165 2535 3260 2588 καὶ
3291 2533 3389 2606 τὴν
3420 2535 3540 2602 μετ’
3580 2534 3807 2603 εὑχαρι⁴

2236 2629 2392 2692 στίας
2426 2627 2727 2698 ὑπομονὴν,
2775 2626 2992 2697 ὲφράγη
3040 2625 3363 2678 παντάπασι
3394 2626 3457 2677 τὸ
3489 2626 3667 2694 στόμα
3712 2625 3807 2679 τοῦ

2237 2720 2549 2792 κατηγόρου
2583 2719 2677 2773 καὶ
2706 2719 2965 2790 ὑϐριστοῦ
2988 2718 3242 2788 δαίμονος
3266 2735 3281 2750 ο
3319 2719 3415 2793 καὶ
3442 2718 3632 2772 λοιπὸν
3662 2720 3810 2773 ἀντι·

2235 2806 2418 2876 λέγειν
2451 2808 2590 2871 ὅλως
2636 2807 2739 2860 οὑκ
2790 2803 2960 2877 εἶχεν,
2998 2806 3134 2860 ἀλλὰ
3182 2808 3280 2860 καὶ
3314 2808 3810 2878 συγκαλυψάμενος

2240 2899 2358 2969 μετ’
2418 2898 2704 2969 αἰσχύνης,
2765 2899 3013 2968 πέφυγεν
3065 2898 3321 2969 ἡττηθεὶς
3377 2898 3525 2954 κατὰ
3578 2902 3804 2972 κράτος.

2248 2989 2528 3054 Ὡσαύτως
2600 2991 2739 3060 μετὰ
2803 2989 2903 3060 τὴν
2961 2991 3261 3061 καρτερίαν
3319 2991 3427 3044 τῶν
3484 2991 3810 3062 πειρασμῶν

2239 3081 2447 3153 ἠξιώθη
2482 3082 2578 3135 καὶ
2626 3082 2727 3151 τῆς
2756 3082 2852 3135 τοῦ
2906 3081 3042 3135 Θεοῦ
3076 3082 3333 3154 θεωρίας.
3381 3084 3476 3137 καὶ
3513 3085 3612 3153 τῆς
3658 3084 3808 3149 θείας

568 3184 626 3227 ιιι
651 3174 979 3228 tentationes
1005 3183 1056 3228 te
1086 3175 1425 3239 invaderent,
1453 3174 1811 3243 dignatusque
1846 3186 1989 3225 nunc
2018 3185 2132 3225 sum

2241 3171 2456 3242 ἐκείνης
2480 3172 2893 3243 ἀναγορεύσεως
2913 3190 2928 3205 ο
2956 3172 3033 3235 ὡς
3058 3172 3166 3244 γὰρ
3195 3173 3421 3243 νικητήν
3443 3173 3811 3247 ἁνακηρύττει

566 3265 862 3332 colloquio,
897 3265 999 3318 nisi
1040 3274 1099 3319 ut
1127 3265 1306 3334 justus
1346 3265 1644 3333 apparens?
1673 3274 1725 3319 et
1767 3262 1977 3331 justitia
2015 3271 2126 3323 tua,

566 3356 779 3409 vivendi
829 3356 990 3418 ratio,
1041 3369 1303 3423 amorque
1361 3369 1486 3423 erga
1541 3352 1705 3408 Deum
1760 3354 1859 3420 ipsi
1890 3351 2130 3418 diabolo,

566 3446 925 3516 Omnibusque
964 3447 1296 3509 hominibus,
1332 3446 1421 3514 qui
1454 3455 1616 3499 erunt
1669 3457 1839 3509 usque
1890 3442 1957 3495 ad
1997 3457 2129 3496 con-

568 3539 985 3592 summationem
1015 3537 1220 3601 mundi,
1259 3531 1888 3589 manifestetur?0t°atio
1913 3533 2130 3602 quidem

568 3630 685 3684 haec
718 3629 1186 3683 immarceseibilis
1208 3626 1315 3681 fuit
1336 3641 1536 3681 corona
1561 3625 1920 3679 certaminum
1959 3624 2132 3677 athle-

570 3733 656 3786 tae,
688 3723 972 3784 decorans,
1012 3718 1434 3788 gloriﬁcausque
1477 3718 1625 3771 illum
1660 3717 1711 3769 in
1752 3716 2130 3771 teteruitatcm.

570 3812 685 3869 lloc
710 3813 951 3866 bravium
987 3810 1085 3865 fuit
1114 3812 1305 3881 agonia
1336 3809 1529 3881 ipsius,
1565 3808 1669 3862 hoc
1697 3808 1968 3877 patientia:
1998 3823 2137 3877 pra:-

571 3904 765 3959 mium.
797 3902 987 3959 Oratio
1010 3903 1126 3956 hac
1157 3902 1406 3956 morbum
1437 3900 1586 3956 illum
1611 3899 1889 3955 doloribus
1919 3901 2134 3970 plenum

572 3997 721 4051 ἱΙΙὶι-ο
751 3996 1025 4063 dissolvit,
1063 4005 1119 4051 et
1168 3995 1455 4050 facultates
1476 4008 1666 4049 oumes
1698 3993 1934 4048 reddidit
1970 3992 2136 4064 duplo

572 4089 811 4159 majores
862 4088 948 4149 iis,
986 4102 1121 4156 quas
1164 4088 1443 4160 amiserat,
1490 4095 1544 4138 et
1600 4101 1665 4139 ex
1728 4093 1878 4138 tanta
1934 4086 2137 4153 inopia,

573 4182 784 4241 morbo,
827 4189 882 4232 et
912 4180 1196 4247 despectu,
1228 4187 1449 4245 repente
1478 4179 1542 4229 ad
1570 4179 1860 4230 maximam
1892 4177 2160 4246 εισι-ἰσων

572 4285 724 4338 opes,
766 4278 820 4324 ct
866 4270 1062 4323 bonam
1118 4270 1486 4323 valetudinem
1549 4269 1747 4329 evexit,
1799 4269 2143 4336 praeclarum-

572 4377 678 4426 que
707 4359 908 4422 effecit.
937 4371 992 4414 et
1023 4362 1077 4415 in
1112 4362 1362 4429 praesenti
1395 4362 1529 4421 vita,
1554 4371 1602 4413 et
1638 4360 1689 4413 iu
1725 4361 1927 4413 futura.

2229 3262 2421 3316 τοῦτον
2444 3265 2472 3315 ό
2501 3260 2900 3333 στεφανοδότης
2924 3279 2939 3295 ο
2980 3264 3100 3316 Οἴει
3137 3280 3217 3334 με
3244 3263 3446 3330 ἄλλως
3472 3282 3570 3318 σοι
3593 3282 3810 3335 κεχρη-

2223 3353 2537 3420 ματικέναι
2575 3353 2751 3420 λέγων
2788 3353 2826 3420 ἢ
2862 3354 2963 3407 ἶνα
2999 3352 3321 3422 ἀναφανῇς
3353 3355 3622 3421 ὃίκαιος;
3655 3373 3808 3409 τουτ-

2229 3444 2347 3495 έστι
2380 3444 2459 3497 Δι’
2488 3443 2619 3497 ἄλλο
2644 3460 2693 3495 τι
2727 3443 3086 3515 συνεχώρησα
3112 3447 3239 3508 τοὺς
3263 3448 3606 3516 πειρασμοὺς
3645 3447 3809 3500 ἐπελ-

2229 3534 2344 3588 θεῖν
2378 3551 2483 3599 σοι,
2532 3536 2627 3588 καὶ
2672 3536 2893 3604 ὁμιλίας
2917 3536 3124 3604 ἠξίωσα
3155 3536 3272 3599 νῦν,
3322 3537 3355 3607 ἢ
3405 3538 3494 3591 ἵνα
3525 3539 3811 3611 ἀναφανῇς

2236 3626 2469 3689 δίκαιος,
2510 3625 2595 3678 ῖνα
2641 3626 2854 3694 φανερὰ
2884 3626 3111 3693 γένηται
3165 3627 3198 3696 ἡ
3256 3626 3323 3698 σὴ
3364 3626 3681 3700 δικαιοσύνη
3714 3632 3812 3683 καὶ

2236 3717 2489 3772 πολιτεία
2523 3717 2620 3771 καὶ
2667 3719 2804 3782 πρὸς
2834 3718 2968 3789 Θεδν
3003 3719 3218 3789 ἀγάπη,
3254 3721 3349 3773 καὶ
3380 3722 3531 3792 αὑτῷ
3575 3722 3812 3793 διαϐόλῳ

2237 3809 2333 3862 καὶ
2386 3809 2555 3862 πᾶσιν
2602 3809 2913 3879 ἀνθρώποις
2958 3811 3071 3873 τοῖς
3124 3811 3289 3879 μέχρι
3339 3811 3439 3881 τῆς
3478 3813 3573 3866 τοῦ
3604 3815 3810 3879 παντὸς

2236 3898 2548 3962 συντελείας
2575 3914 2591 3963 ;
2634 3893 2803 3961 οὗτος
2839 3899 2868 3950 ὁ
2897 3899 3057 3968 λόγος
3086 3902 3113 3953 6
3141 3901 3509 3971 ἁμαράντινος
3535 3905 3631 3971 τῆς
3664 3905 3817 3971 ἀγω-

2237 3991 2362 4053 νίας
2395 3989 2488 4045 τοῦ
2521 3990 2757 4061 ἀθλητοῦ
2794 3991 3080 4059 στέφανος,
3125 3991 3487 4058 καλλωπίζων
3523 3995 3619 4046 καὶ
3655 3992 3815 4057 δειξά-

2241 4083 2353 4149 ζων
2380 4085 2546 4139 αὑτὸν
2593 4083 2849 4147 αἰωνίως.
2886 4084 3057 4137 Τοῦτο
3090 4084 3151 4136 τὸ
3201 4084 3454 4155 βραϐεῖον
3505 4087 3605 4156 τῆς
3648 4087 3820 4157 ἀθλὴ-

2242 4192 2378 4237 σεως
2412 4175 2603 4235 αὑτοῦ.
2637 4175 2810 4229 Τοῦτο
2841 4177 2903 4229 τὸ
2926 4176 3163 4229 ἔπαθλον
3188 4177 3282 4246 τῆς
3314 4178 3611 4247 ὑπομονῆς.
3644 4170 3815 4243 Οὗτος

2241 4270 2272 4322 6
2297 4268 2475 4338 λόγος,
2510 4268 2608 4337 τὴν
2635 4267 2973 4321 πολυὼδυνον
3009 4268 3162 4321 νόσον
3208 4269 3427 4339 ἐκείνην
3474 4262 3672 4322 αὐτίκα
3702 4271 3813 4325 διί-

2242 4360 2396 4425 λυσε,
2455 4360 2550 4413 καὶ
2610 4362 2794 4412 πᾶσαν
2845 4360 2947 4425 τὴν
3011 4361 3334 4430 περιουσίαν
3381 4361 3650 4413 διπλασίω
3700 4362 3816 4415 τῶν

571 4455 946 4526 ἀφῃρημένων
992 4454 1339 4517 ἀποδίδωσιν,
1386 4454 1450 4505 ὲκ
1493 4452 1762 4522 τοσαύτης
1794 4454 1983 4516 πενίας
2029 4454 2124 4506 καὶ
2162 4453 2319 4507 νόσου
2344 4452 2438 4504 καὶ
2460 4452 2696 4517 ἀδοξίας,
2731 4450 2928 4521 ἀθρόον
2962 4452 3044 4515 είς
3110 4451 3380 4522 μεγίστην
3412 4453 3655 4518 εὐδοξίαν
3714 4458 3815 4510 καὶ

574 4546 805 4600 πλοῦτον
864 4546 959 4600 καὶ
1032 4543 1250 4610 εὐεξίαν
1322 4544 1615 4614 ἀναγαγὼν
1675 4544 1771 4598 καὶ
1850 4546 2126 4617 περιφανῆ
2200 4545 2553 4615 καταστήσας
2609 4546 2702 4597 καὶ
2766 4544 2824 4596 ὲν
2883 4541 2962 4613 τῷ
3038 4545 3271 4615 παρόντι
3330 4546 3429 4617 βίῳ
3456 4545 3549 4599 καὶ
3602 4547 3660 4598 ὲν
3734 4547 3816 4620 τῲ

576 4639 848 4713 μέλλοντι.

646 4732 698 4784 4.
756 4732 909 4785 llunc
962 4731 1128 4799 igitur
1181 4745 1395 4797 omnes,
1460 4746 1493 4785 ο
1549 4730 1882 4796 citatissimi,
1932 4731 2131 4785 imitari

2310 4724 2372 4779 δ’.
2420 4723 2621 4777 Τοῦτον
2673 4723 2853 4777 τοίνυν
2910 4722 3154 4793 ζηλῶσαι
3206 4724 3431 4789 πάντες,
3488 4725 3815 4795 ἀγαπητοὶ,

576 4826 913 4888 Αιιιιιθιιιιιιιε,
968 4822 1160 4877 divites
1211 4832 1265 4876 et
1314 4837 1602 4891 pauperes,
1655 4823 1793 4876 servi
1859 4831 1913 4876 et
1956 4821 2131 4887 liberi,

2239 4817 2658 4883 σπουδασωμεν,
2713 4813 2959 4867 πλούσιοι
3009 4816 3106 4866 καὶ
3159 4815 3432 4886 πένητες,
3491 4815 3668 4871 δοῦλοι
3717 4820 3816 4869 καὶ

580 4918 719 4981 sani,
765 4928 819 4972 et
878 4915 1106 4979 inﬁrmi,
1157 4929 1279 4969 cum
1336 4916 1466 4982 lzeti,
1505 4931 1631 4970 cum
1694 4915 1877 4968 tristes
1927 4929 2132 4968 smnus.

2233 4906 2527 4978 ἐλεύθεροι,
2541 4904 2874 4972 ὑγιαίνοντες
2890 4907 2984 4960 καὶ
3009 4906 3309 4972 νοσοῦντες,
3330 4906 3696 4976 εὐθυμοῦντες
3716 4910 3816 4963 καί

578 5010 765 5066 Justus
845 5011 989 5064 enim
1066 5010 1181 5063 tunc
1254 5009 1437 5062 omnia
1509 5008 1828 5075 superavit,
1900 5006 2132 5074 jucunda

2236 4997 2594 5067 ἀθυμοῦντες,
2628 4997 2857 5066 ἐπείπερ
2884 4998 2911 5049 6
2933 4996 3142 5059 δίκαιος
3163 4998 3524 5052 πάνταταῦτα
3547 4999 3812 5067 μετῆλθε,

581 5112 776 5164 nempe
836 5108 890 5151 et
942 5096 1264 5166 injucunda,
1325 5103 1381 5149 et
1435 5096 1650 5164 quidem
1701 5092 1910 5161 singula
1968 5090 2132 5162 perfe-

2239 5090 2329 5142 καὶ
2355 5088 2425 5141 τὰ
2460 5088 2589 5158 ἡδέα
2624 5089 2720 5140 καὶ
2746 5086 2816 5140 τὰ
2850 5087 3092 5159 λυπηρά·
3117 5093 3209 5143 καὶ
3236 5090 3472 5144 ἕκαστον
3492 5090 3612 5160 μεθ’
3644 5092 3816 5160 ὑπερ-

580 5187 819 5241 ctissima
893 5188 1127 5255 quadam
1182 5196 1236 5241 et
1292 5184 1610 5241 admiranda
1670 5184 1901 5248 ratione,
1958 5196 2132 5235 verum

2244 5180 2429 5249 ϐολῆς,
2466 5183 2559 5236 καὶ
2578 5185 2632 5234 ὲν
2662 5181 2793 5235 πᾶσι
2815 5178 3035 5250 δόκιμος
3064 5182 3469 5252 ἁνεφάνη.οὑτε
3498 5183 3608 5253 γὰρ
3644 5183 3815 5236 πλοῖ.-

583 5281 637 5335 in
662 5281 914 5334 omnibus
947 5282 1148 5349 probus
1188 5281 1460 5349 apparuit.
1522 5272 1708 5344 Neque
1751 5273 1896 5327 enim
1949 5273 2132 5327 divitia

2240 5290 2331 5335 τος
2354 5314 2368 5338 ,
2392 5271 2518 5326 οὔτε
2568 5273 2751 5338 πενία,
2777 5272 2900 5327 οὔτε
2944 5275 3121 5340 νόσος,
3152 5275 3274 5328 οὔτε
3299 5274 3484 5342 ὑγεία,
3507 5274 3630 5328 οὔτε
3660 5275 3810 5338 δόξα,

583 5381 677 5429 aut
738 5381 1069 5440 paupertas,
1143 5371 1364 5425 morbus
1428 5376 1522 5421 aut
1622 5366 1880 5429 sanitas,
1972 5364 2132 5433 glo:i;1

2244 5363 2369 5418 οὔτε
2394 5364 2579 5430 ἀδοξία
2610 5365 2701 5419 τὸν
2741 5365 2973 5420 πλοῦτον
3032 5366 3134 5436 τῆς
3168 5367 3371 5435 ἀρετῆς
3406 5364 3572 5418 αὑτοῦ
3604 5365 3813 5435 ἐλυμή-

584 5468 702 5519 siue
761 5462 1055 5531 ignominia
1129 5461 1343 5515 virtutis
1434 5459 1551 5527 ejus
1632 5456 1850 5511 divitias
1966 5456 2132 5524 perdi.

2244 5468 2408 5506 νατο·
2443 5454 2556 5506 ἀλλ’
2590 5454 2778 5524 ὥσπερ
2808 5457 2836 5509 6
2874 5456 3113 5527 καθαρὸς
3147 5457 3347 5526 χρυσὸς
3379 5457 3473 5509 καὶ
3491 5454 3806 5524 ἀκίϐδηλος,

585 5557 859 5609 ιιίιίοτιιιιι.
898 5552 1156 5620 Quiuimo
1187 5553 1261 5606 uti
1308 5566 1521 5619 purum,
1552 5558 1605 5603 et
1637 5563 1742 5604 non
1790 5546 2130 5601 adulteriutm

2248 5543 2430 5597 οὑτ“ὲν
2459 5549 2618 5619 πυρὶ,
2668 5547 2781 5601 οὔτ’
2803 5551 2859 5602 ὲν
2882 5548 3101 5614 ὕδασιν,
3153 5548 3266 5603 οὔτ’
3300 5548 3360 5604 ὲν
3408 5546 3554 5614 ἄλλῳ
3581 5548 3690 5599 τινὶ
3715 5548 3814 5615 τὴν

588 5658 802 5709 aurum,
852 5643 998 5713 quod
1049 5655 1222 5710 neque
1253 5640 1379 5707 igne
1427 5652 1603 5707 neque
1636 5653 1798 5707 aqua,
1833 5652 2004 5705 neque
2048 5636 2132 5688 ali:

2251 5634 2749 5707 ἰδίανλαμπρότητα
2773 5642 2864 5694 21.1
2885 5641 3253 5712 μαρμαρυγὴν
3274 5638 3658 5703 ἀποδάὶλεται,
3679 5638 3813 5692 ἀλλὰ

1141 5818 1185 5849 ιν
1218 5814 1347 5871 ibid.
1379 5815 1437 5873 8.
1521 5814 1566 5848 ³·
1600 5798 1839 5883 tum,
1878 5816 1967 5873 to.

667 5820 714 5853 “
744 5812 844 5875 Job
878 5835 913 5887 ι,
946 5818 1035 5871 ‘21.
1141 5818 1185 5849 "
1218 5814 1347 5871 ibid.
1379 5815 1437 5873 8.
1521 5814 1566 5848 ³³
1600 5815 1732 5871 ibil.
1766 5831 1839 5883 ιχ,
1878 5816 1967 5873 10.
2078 5818 2120 5849 ⁸³
2153 5814 2253 5872 Job
2296 5832 2485 5882 ttulit,
2518 5820 2615 5873 5:2.

2202 5921 2236 5955 1
