4156 6304
334 308 436 375 321

1694 297 2069 360 EPlSTOLA
2099 296 2214 355 ΙΙΙ.

3457 281 3565 350 32!

334 418 397 471 ἐν
436 417 533 470 καὶ
563 416 660 486 τῆς
699 414 1005 484 ζωαρχικῆς
1034 411 1364 481 πληϐενθείη
1393 407 1640 479 Τριάδος,
1673 408 1753 471 είς
1784 424 1912 461 κατ-

2016 401 2296 457 l'ectionem
2336 401 2550 473 quidem
2583 408 2842 464 vestram,
2872 409 2922 454 et
2956 398 3219 452 unitatem
3255 395 3413 462 ﬁdei,
3444 413 3565 467 qua:

345 504 618 578 αρτισμδν
651 508 751 576 μὲν
779 506 981 558 ἑαυτῶν
1016 505 1108 556 καὶ
1139 503 1237 569 τῆς
1265 504 1342 563 είς
1387 500 1520 574 Θεὸν
1540 501 1764 569 ἑνότητα
1812 498 1901 549 πί-

338 618 531 663 στεως,
565 603 657 653 καὶ
689 598 822 666 πρὸς
871 598 976 649 πᾶν
1020 595 1201 648 ότιοῦν
1239 591 1445 661 ἀγαθὸν
1483 590 1761 661 ὁμόνοιαν,
1805 587 1903 641 καὶ

338 688 717 759 ἀλληλουχίαν,
771 684 999 756 αὔξησιν
1046 684 1104 737 δὲ
1152 683 1250 737 καὶ
1300 679 1589 751 προκοπήν
1638 679 1755 749 βίου
1807 679 1903 733 καὶ

342 780 572 843 πίστεως
589 778 694 831 τῶν
715 777 782 830 δι’
797 776 954 846 ἡμῶν
972 774 1092 844 Θεῷ
1116 772 1641 843 προσενηνεγμένων
1669 771 1761 824 καὶ
1788 770 1903 823 δια.

344 871 518 938 φόρως
565 866 954 937 φωτιζομένων
1006 864 1102 917 καὶ
1149 862 1526 933 ἀγιαζομὲνων
1571 860 1900 931 ἀνθρώπων,

259 993 263 997 ~
324 959 655 1030 προσθήκην
704 975 766 1011 τε
811 955 1036 1026 διηνεκῆ
1071 955 1170 1008 καὶ
1212 953 1452 1007 ἐπίδοσιν
1501 953 1603 1023 τῆς
1647 953 1741 1007 τοῦ
1765 953 1902 1006 Θεοῦ

355 1048 677 1116 Ἐκκλησίας
711 1048 777 1100 ἐκ
823 1044 935 1099 τῶν
970 1042 1428 1115 προσερχομένων
1475 1043 1542 1111 τῇ
1591 1041 1714 1095 καθ’
1756 1043 1905 1112 ἡμᾶς

337 1137 624 1206 ἀμωμήτῳ
664 1137 870 1198 πίστει,
906 1134 967 1198 ἐξ
1008 1134 1231 1204 ἀνιέρου
1269 1132 1415 1201 ζωῆς
1451 1133 1547 1185 καὶ
1576 1132 1904 1201 φθοροποιοῦ

341 1226 572 1296 πλάνης,
605 1229 703 1280 καὶ
730 1224 1074 1293 δυσσεϐείας,
1106 1226 1227 1288 ταῖς
1256 1223 1558 1294 ἡμετέραις
1584 1226 1905 1295 εῖσηγήσεσι

343 1321 436 1373 καὶ
474 1319 871 1379 διδασκαλίαις.

412 1415 483 1465 α’.
544 1410 815 1480 Ἀνάγκην
868 1408 1248 1480 ἐπικειμένην,
1306 1407 1603 1479 ἀγαπητοὶ,
1661 1406 1753 1477 μοὶ
1811 1406 1907 1459 καὶ

344 1504 512 1556 πόθον
546 1504 746 1572 ἔχοντι,
775 1504 871 1557 καὶ
899 1502 1226 1574 σωματικῶς
1256 1503 1405 1573 ὑμῖν,
1438 1498 1514 1557 ὧν
1539 1504 1637 1573 τὴν
1672 1518 1907 1571 προστα-

346 1594 469 1647 σίαν
509 1594 782 1662 ἐδεξάμην
829 1595 981 1665 παρᾶ
1016 1592 1254 1664 Χριστοῦ
1305 1596 1545 1647 συνεῖναι
1567 1594 1656 1646 τὸν
1691 1594 1907 1648 ἅπαντα

342 1685 555 1755 χρόνον,
606 1687 654 1739 εί
685 1679 796 1739 οἷόν
831 1700 890 1738 τε
925 1687 1019 1738 καὶ
1056 1684 1127 1739 τὸ
1178 1688 1426 1755 λογικὸν
1468 1684 1694 1739 ἄδολον
1731 1684 1903 1755 γάλα,

346 1776 488 1830 κατά
525 1776 618 1829 τὸν
668 1777 812 1830 θεῖον
862 1778 1040 1830 εἰπεῖν
1086 1776 1433 1842 ’Δπόστολον,
1464 1777 1706 1841 ποτίζειν
1755 1780 1784 1841 ἡ
1798 1779 1905 1847 μᾶς

346 1866 466 1919 καθ’
500 1867 738 1937 ἑκάστην
773 1867 861 1923 διὰ
894 1867 1168 1936 γλώσσης,
1199 1868 1454 1938 καθάπερ
1486 1870 1540 1922 εί
1563 1887 1708 1932 τινος
1737 1865 1907 1939 θηλῆς

300 1991 307 1995 -
341 1958 579 2029 δαψιλῶς
610 1958 977 2029 χορηγοῦντα,
1013 1959 1218 2028 μᾶλλον
1255 1957 1313 2010 δέ
1364 1960 1590 2028 στερεᾶς
1629 1960 1909 2027 μεταδιδό-

341 2064 430 2101 ναι
469 2049 695 2118 τροφῆς,
721 2049 782 2103 ὃν
808 2047 1057 2116 ἀγγέλων
1083 2047 1307 2117 οἴδαμεν
1337 2044 1501 2117 ἄρτον
1528 2052 1908 2119 γεγυμνασμὲο

343 2154 456 2201 νοις
484 2138 611 2208 ήδη,
642 2137 784 2192 κατά
818 2138 1054 2203 Παῦλον,
1080 2135 1168 2190 διὰ
1197 2137 1293 2208 τὴν
1315 2136 1429 2202 ἕξιν
1459 2136 1529 2190 τὰ
1560 2138 1912 2209 αἰσθητήρια,

346 2226 423 2289 ῶς
453 2244 511 2279 τε
544 2227 618 2298 μὴ
651 2228 812 2298 μόνον
847 2227 996 2298 ὑμᾶς
1042 2226 1293 2282 ἐντεῦθεν
1322 2226 1505 2291 αὔξειν
1539 2227 1682 2281 κατά
1718 2230 1914 2299 μικρὸν

349 2320 432 2381 είς
469 2319 667 2389 μέτρον
695 2319 792 2389 τῆς
824 2320 1038 2390 ἡλικίας
1077 2318 1170 2373 τοῦ
1218 2318 1587 2389 πληρώματος
1627 2318 1725 2373 τοῦ
1774 2320 1921 2390 Χριιι

352 2408 501 2474 στοῦ,
531 2409 665 2464 ἀλλά
697 2411 790 2463 καὶ
814 2406 928 2473 τοῒς
973 2412 1180 2471 λοιποῖς
1209 2413 1486 2464 κοινωνεῖν
1510 2411 1914 2481 ἀγαθοπρεπῶς

350 2499 612 2554 δύνασθαι
660 2502 770 2555 τῶν
821 2502 1106 2565 τοιούτων,
1149 2502 1270 2572 ἥτις
1310 2501 1376 2555 ἂν
1431 2501 1516 2571 εἴη
1550 2501 1646 2554 καὶ
1688 2501 1915 2571 βελτίων

353 2590 531 2660 πολλῷ
560 2590 640 2661 τῷ
683 2592 868 2661 μέτρῳ
918 2592 1014 2660 τῆς
1046 2591 1214 2660 ἄλλης
1255 2592 1505 2656 εὐποιίας
1555 2595 1648 2647 καὶ
1690 2594 1913 2663 μεταδό-

356 2696 518 2744 σεως,
542 2680 643 2733 οὐκ
668 2684 749 2744 είς
774 2681 933 2751 ἔργον
966 2683 1040 2751 μὴ
1063 2682 1488 2752 προεληλυθέναι
1506 2686 1573 2737 τά
1602 2683 1696 2738 τόῦ
1721 2687 1916 2756 χρέους

356 2771 548 2825 τούτου
593 2773 689 2825 καὶ
739 2774 838 2841 τῆς
889 2774 1127 2842 ἐφέσεως
1179 2773 1308 2851 ἄχρι
1339 2774 1433 2828 τοῦ
1464 2774 1568 2839 ,νῦν
1617 2775 1914 2843 ἐξεγένετο,

358 2862 683 2934 κωλυομένῳ
734 2864 1014 2935 διαφόροις
1067 2868 1159 2918 καὶ
1209 2866 1339 2919 ἄλλο
1370 2884 1427 2919 τε
1472 2867 1662 2930 ἄλλαις
1706 2869 1917 2934 αἰτίαις

360 2952 417 3006 οὐ
445 2953 670 3022 φαύλαις
689 2957 801 3008 τισὶ
831 2956 925 3009 καὶ
946 2956 1285 3027 παρορᾶσθαι
1310 2956 1506 3022 ἀξίαις,
1538 2960 1613 3021 ὡς
1642 2961 1736 3012 καὶ
1764 2960 1917 3031 ὑμῶν

2003 491 2055 546 in
2095 490 2259 546 Deum
2300 502 2406 557 est,
2439 501 2494 545 et
2525 491 2590 544 ad
2619 500 2861 544 mutuam
2906 487 2958 542 in
2990 484 3138 541 omni
3170 487 3310 541 bono
3335 500 3564 541 concor-

2003 583 2150 636 diam
2179 590 2234 637 et
2258 582 2670 645 connexiouem,
2707 582 2773 635 ad
2808 568 3198 634 incrementum
3255 589 3386 631 vero
3418 575 3564 638 vita,

2002 682 2054 726 et
2090 672 2210 726 lidei
2245 687 2452 738 eorum,
2483 673 2572 742 qui
2602 672 2711 726 Deo
2737 686 2832 740 per
2860 686 2958 727 vos
2986 669 3307 732 offeruntur,
3338 666 3568 721 diversi-

2005 762 2271 830 modeque
2302 749 2779 827 illuminantur,ae
2804 761 3229 824 sanctiﬁcantur,
3261 757 3570 812 assiduum-

2002 869 2107 924 que
2136 839 2393 909 Ecclesia:
2422 855 2516 910 Dei
2572 860 2920 924 augmentum
2946 891 2961 916 ,
3001 861 3056 907 et
3086 849 3525 921 propagationem
3548 887 3565 912 ,

2005 955 2224 1014 propter
2251 960 2346 1001 eos
2374 947 2465 1015 qui
2500 946 2567 999 ad
2601 955 2843 1001 nostram
2874 942 3353 998 incontaminatam
3404 939 3566 993 iidem

2013 1051 2079 1089 ex
2115 1036 2323 1105 impura
2351 1039 2481 1099 vita,
2514 1047 2568 1092 et
2596 1036 2806 1106 perdito
2824 1046 3061 1097 errrore,
3083 1041 3244 1102 atque
3274 1030 3571 1100 impietate,-

2005 1129 2488 1197 exhortationibus,
2521 1139 2576 1184 et
2615 1120 2953 1184 documentis
2979 1124 3175 1180 vestris
3202 1124 3482 1179 accedunt.

2062 1394 2112 1447 l.
2139 1392 2475 1449 Desideranti
2493 1392 2645 1457 mihi,
2666 1409 2699 1447 ο
2713 1394 2913 1456 dilecti,
2931 1406 3028 1461 pro
3045 1390 3368 1448 necessitate
3388 1398 3573 1443 mune-

2008 1484 2083 1539 ris
2108 1484 2235 1537 mihi
2258 1485 2515 1552 impositi,
2536 1485 2811 1539 vobiscum
2829 1484 3080 1554 (quorum
3107 1483 3344 1553 regimen
3368 1498 3397 1537 a
3417 1480 3581 1538 Chri-

2006 1584 2093 1631 sto
2117 1577 2357 1645 suscepi)
2383 1590 2614 1647 corpore
2647 1577 2810 1631 etiam
2843 1590 3058 1645 semper
3084 1590 3229 1639 esse,
3251 1576 3297 1631 si
3323 1576 3436 1629 lieri
3461 1590 3580 1645 pos-

2008 1676 2113 1733 set,
2145 1676 2202 1722 et
2234 1667 2499 1721 rationale
2537 1668 2650 1722 sine
2671 1668 2792 1722 dolo
2836 1667 2921 1721 lac
2960 1668 3045 1739 (ut
3076 1682 3200 1723 cum
3227 1665 3289 1737 Β.
3318 1666 3582 1735 Apostola

2010 1760 2203 1827 loquar
2221 1759 2292 1826 “)
2319 1758 2472 1814 vobis
2521 1760 2764 1828 quotidie
2793 1760 2861 1814 ad
2895 1759 3191 1828 potandum
3224 1759 3461 1822 tradere,
3481 1772 3577 1824 per

2010 1848 2204 1918 lingua:
2228 1865 2425 1906 munus
2454 1862 2707 1919 tanquam
2735 1865 2831 1921 per
2863 1851 3028 1905 ubera
3059 1853 3327 1920 quaedam,
3357 1849 3579 1917 cepiose

2010 1938 2333 2008 largiendo;
2380 1942 2490 1996 imo
2519 1956 2650 1997 vero
2697 1942 2928 1998 solidum
2977 1943 3181 2006 cibum,
3224 1955 3382 2011 quem
3412 1956 3578 2009 ange-

2012 2029 2186 2084 lorum
2240 2045 2434 2099 panem
2467 2048 2590 2088 esse
2639 2034 2912 2099 novimus,
2957 2034 3109 2088 vobis
3152 2030 3440 2102 impertiri,
3486 2030 3579 2101 qui

2012 2121 2186 2190 (juxta
2215 2121 2446 2178 Paulum
2472 2125 2538 2193 ’⁸⁸)
2574 2138 2673 2193 pro
2703 2124 3093 2180 consuetudine
3120 2126 3447 2180 exercitatos
3481 2124 3581 2179 ha-

2015 2210 2154 2265 betis
2193 2225 2407 2275 sensus,
2446 2223 2504 2265 ut
2536 2228 2643 2265 non
2676 2216 2838 2266 modo
2870 2228 2963 2268 vos
2994 2211 3349 2268 iude'sensim
3381 2228 3581 2283 augea-

2017 2303 2151 2356 mini
2182 2303 2249 2356 ad
2282 2316 2597 2358 mensuram
2642 2303 2817 2358 aetatis
2841 2303 3193 2374 plenitudinis
3225 2302 3454 2369 Christi,
3485 2306 3581 2360 sed

2015 2398 2070 2447 et
2106 2400 2332 2447 caeteros
2359 2392 2524 2462 (quod
2548 2392 2766 2462 quidem
2789 2393 2948 2462 longe
2972 2395 3324 2464 praestantius
3343 2403 3426 2451 est
3452 2410 3585 2464 qua-

2015 2481 2146 2537 libet
2174 2484 2278 2538 alia
2307 2485 2665 2541 beneﬁcentia
2702 2501 2767 2541 ac
2807 2484 3055 2556 munere)
3088 2485 3318 2557 benigne
3364 2486 3584 2554 possitis

2015 2578 2328 2633 earumdem
2359 2579 2620 2634 bonorum
2642 2579 2932 2649 participes
2958 2578 3170 2645 facere;
3192 2578 3315 2646 hoc,
3339 2578 3579 2649 inquam,

2017 2669 2279 2736 debitum,
2341 2683 2396 2725 et
2450 2685 2625 2726 meum
2677 2671 3006 2725 desiderium
3065 2673 3131 2725 ad
3190 2684 3326 2741 opus
3383 2669 3588 2740 perdu-

2018 2777 2141 2818 cere
2172 2761 2310 2833 (26),
2344 2763 2474 2818 mihi
2520 2763 2700 2818 adhuc
2723 2778 2827 2817 non
2858 2762 3028 2830 licuit,
3050 2777 3174 2818 cum
3204 2764 3453 2831 diversis,
3484 2779 3582 2834 pro

2021 2854 2288 2908 varietate
2327 2863 2654 2919 temporum,
2679 2854 2857 2907 causis
2897 2853 3205 2921 impedirer,
3242 2851 3416 2922 iisque
3439 2853 3583 2908 haud

2020 2942 2278 3007 minimis,
2310 2952 2401 2997 aut
2428 2959 2549 3013 quae
2575 2944 2767 3014 negligi
2796 2945 3078 3010 deberent,
3115 2954 3172 2998 ut
3204 2956 3443 3000 vestrum
3473 2962 3585 3001 non

358 3044 598 3114 ἀκρισῶς
653 3047 834 3099 ίσασιν
883 3046 981 3100 οὐκ
1023 3047 1212 3115 ὀλίγοι,
1248 3048 1334 3102 ἵνα
1370 3049 1444 3119 μὴ
1501 3049 1647 3117 λέγω
1694 3052 1912 3115 πάντες.

2023 3032 2198 3100 pauci,
2229 3047 2297 3086 ne
2325 3032 2501 3086 dicam
2524 3048 2732 3096 attines,
2750 3034 2950 3102 optime
2973 3043 3193 3091 norunt.
3220 3033 3342 3090 Ideo
3363 3034 3583 3090 decrevi

355 3135 456 3188 Διά
485 3152 564 3213 τοι
613 3135 775 3189 τοῦτο
811 3137 921 3190 δεῖν
972 3137 1146 3204 ἔγνων
1189 3138 1277 3191 διὰ
1334 3140 1677 3209 γραμμάτων
1722 3132 1919 3198 ὡσανεί

355 3243 520 3279 τινων
557 3227 871 3296 πορθμείων
904 3228 937 3297 ἢ
971 3228 1184 3297 κτηνῶν
1220 3228 1543 3298 ἀχθοφόρων
1575 3233 1667 3284 τὸν
1694 3235 1794 3303 τῆς
1836 3237 1920 3289 δι-

354 3316 653 3381 δασκαλίας
682 3318 938 3384 οὐράνιον
975 3317 1139 3386 ἄρτον
1180 3319 1313 3388 πρὸς
1352 3320 1495 3388 ὑμᾶς
1525 3324 1916 3395 παραπέμψαι,

342 3407 590 3478 ’καρδίαν
619 3406 839 3475 ἐκείνην
889 3406 1067 3460 εἰδότα
1100 3408 1240 3461 κατά
1281 3409 1371 3462 τὸν
1407 3410 1698 3481 Προφήτην
1731 3416 1921 3485 στηρί-

360 3499 500 3563 ζειν,
533 3499 654 3573 ἣτις
684 3497 777 3551 καὶ
804 3497 934 3551 Θεὸν
958 3498 1121 3550 αὐτὸν
1143 3499 1276 3569 ὀρᾷν
1306 3499 1514 3567 πέφυκε
1577 3505 1671 3556 καὶ
1699 3504 1918 3575 καθαρά

359 3590 616 3658 γεγονυῖα
639 3606 653 3619 -
693 3589 833 3658 ὅπερ
864 3589 931 3641 ἂν
960 3590 1044 3658 είη
1076 3592 1175 3661 τῆς
1218 3590 1341 3643 καθ’
1369 3592 1511 3659 ἡμᾶς
1543 3591 1767 3665 λογικῆς
1793 3599 1925 3651 ταύ.

357 3697 458 3758 της
485 3678 665 3749 ψυχῆς
700 3678 762 3730 τὸ
792 3681 1038 3747 κρεῖττον
1070 3679 1163 3731 καὶ
1193 3679 1541 3753 ὑψηλότερον,
1576 3685 1633 3735 ἐν
1672 3680 1715 3753 ᾧ
1743 3701 1922 3758 παρα.

358 3754 552 3838 μένειν
579 3769 640 3821 τὸ
672 3768 924 3837 ζώπυρον
955 3769 1051 3837 τῆς
1082 3768 1251 3821 ἀϊδίου
1277 3768 1422 3836 ζωῆς
1450 3773 1650 3836 πάντες
1677 3754 1926 3830 πιστεύο-

366 3877 486 3930 μιν,
519 3850 707 3930 ὥσπερ
754 3858 1054 3930 ἀρραϐῶνά
1093 3875 1216 3912 τινα
1242 3860 1339 3928 τῆς
1389 3861 1689 3934 μελλούσης
1723 3866 1922 3921 ἀθανα-

2022 3136 2116 3189 per
2146 3122 2373 3184 litteras,
2410 3132 2665 3190 tanquam
2698 3137 2790 3191 per
2823 3123 3122 3178 naviculam
3155 3126 3464 3193 quamdam,
3492 3138 3587 3181 aut

2021 3213 2271 3267 oneraria
2300 3210 2565 3281 iumenta,
2588 3212 2859 3265 caelestem
2889 3213 3149 3267 doctrina:
3173 3229 3362 3283 panem
3397 3219 3463 3271 ad
3490 3232 3586 3272 vos

2024 3306 2411 3367 transmittere,
2449 3317 2665 3373 panem,
2705 3304 2951 3371 inquam,
2980 3304 3074 3372 qui
3102 3319 3197 3357 cor
3224 3305 3352 3360 illud
3394 3323 3587 3362 secon-

2022 3394 2151 3449 dum
2192 3395 2518 3463 PrOphetam
2559 3393 2885 3448 conﬁrmare
2926 3394 3076 3449 novit
3116 3394 3182 3458 ⁸⁷,
3221 3400 3362 3466 quod
3395 3414 3588 3469 purum
3678 3453 3693 3461 ,

2021 3487 2292 3553 eﬂ‘ectum,
2349 3489 2513 3542 Deum
2563 3489 2738 3557 ipsum
2789 3490 2974 3543 videre
3024 3500 3207 3558 aptum
3262 3502 3366 3557 est,
3428 3494 3591 3565 idque

2022 3587 2221 3633 nostra:
2246 3579 2527 3633 rationalis
2552 3580 2750 3634 anima:
2775 3581 3035 3650 optimum
3057 3591 3138 3636 est
3157 3590 3210 3637 et
3230 3584 3587 3655 altissimum;

2024 3670 2078 3722 in
2129 3686 2236 3738 quo
2293 3682 2507 3725 aeternae
2555 3672 2677 3725 vita:
2720 3672 3037 3741 igniculum,
3087 3682 3340 3747 tanquam
3397 3679 3591 3749 pignus
3684 3712 3699 3753 η

2024 3762 2296 3830 quoddam
2359 3763 2553 3816 futurae
2610 3764 3054 3831 immortalitatis,
3114 3781 3209 3835 per
3264 3768 3588 3839 baptismum

2025 3853 2232 3914 datum,
2285 3866 2625 3919 permanere,
2668 3869 2857 3909 omnes
2899 3857 3192 3911 credimus.
3253 3859 3592 3931 Quapropter

365 3951 487 4015 σίας
516 3951 739 4005 δοθέντα
795 3951 884 4004 διὰ
936 3949 1332 4020 βαπτίσματος.
1367 3952 1459 4004 Διὸ
1509 3955 1635 4014 τοὺς
1673 3954 1772 4023 τῆς
1808 3957 1912 4009 δια.

2026 3943 2221 4011 singuli
2250 3946 2445 3997 mentis
2473 3943 2624 3999 sinus
2657 3943 2738 4015 (ut
2759 3945 2989 4014 quisque
3013 3947 3219 4016 potest)
3237 3950 3591 4019 explicantes,

362 4045 512 4105 νοίας
543 4043 778 4105 κόλπους
813 4041 1126 4105 ἀνοίξαντες
1160 4039 1411 4105 ἕκαστος,
1464 4041 1650 4104 καθὼς
1684 4042 1750 4094 ἂν
1779 4044 1912 4114 αύτιῙ

2028 4049 2095 4089 ex
2153 4033 2453 4100 huiusmodi
2513 4035 2669 4114 bouis
2719 4037 2932 4089 abunde
2975 4026 3319 4095 saturamini.
3372 4038 3592 4099 Utinam

365 4130 614 4201 χωρητδν
672 4132 784 4200 εῐη,
815 4129 925 4183 τῶν
951 4127 1208 4182 τοιούτων
1237 4128 1457 4197 ἀγαθῶν
1501 4129 1739 4199 δαψιλῶς
1763 4133 1912 4201 ἐμφο

2029 4139 2159 4179 vero
2191 4125 2341 4180 vobis
2380 4125 2517 4188 haec.
2573 4140 2679 4179 non
2731 4126 2903 4179 solum
2952 4127 3242 4195 voluptatis
3292 4131 3593 4200 sensibilis,

368 4222 585 4293 ρέθητε.
616 4221 831 4274 Γένσιτο
855 4218 913 4273 δὲ
941 4218 1112 4272 ταῦτα
1147 4220 1223 4288 μὴ
1252 4221 1414 4290 μόνον
1443 4222 1542 4291 τῆς
1571 4223 1712 4276 κατὰ
1740 4223 1912 4294 αἴσθη-

2031 4217 2355 4285 laudnmque
2407 4225 2462 4271 et
2519 4208 2824 4285 plausuum,
2881 4234 2999 4288 qua:
3040 4219 3108 4273 ab
3157 4235 3220 4276 ea
3266 4226 3590 4292 procedunt,

371 4331 458 4368 σιν
491 4312 687 4384 ήδονῆς
721 4313 817 4366 καὶ
854 4310 966 4365 τῶν
1002 4313 1067 4364 ἐκ
1095 4309 1300 4379 ταύτης
1329 4309 1566 4364 ἐπαίνων
1594 4313 1689 4366 καὶ⁵
1719 4315 1912 4383 κρότωι

2033 4324 2196 4365 causa
2230 4311 2361 4373 sint,
2391 4309 2742 4379 auditumque
2773 4313 3143 4367 tantummodo
3172 4316 3466 4386 oblectent,
3498 4321 3593 4375 sed

368 4382 521 4459 αττια
552 4404 745 4475 μέχρις
774 4402 945 4472 ἀκοῆς
971 4401 1070 4472 τὴν
1102 4401 1292 4470 τέρψιν
1316 4402 1640 4473 παρέχοντα,
1675 4402 1809 4457 ἀλλὰ
1837 4407 1912 4458 καὶ

2035 4411 2087 4457 et
2114 4400 2398 4469 spirituale
2426 4401 2735 4455 alimentum
2769 4401 3083 4465 conferant;
3114 4406 3309 4475 quippe
3333 4382 3598 4477 quaiposé

371 4497 681 4566 πνεῦματικ
701 4495 801 4564 τῆς
823 4493 1195 4559 ἀπολαύσεως,
1220 4492 1297 4563 τῷ
1324 4493 1422 4563 τῆς
1447 4494 1626 4565 ψυχῆς
1655 4495 1809 4566 βάθει
1837 4500 1912 4567 τηε

2034 4503 2181 4559 sunt,
2226 4494 2279 4547 in
2321 4493 2612 4548 secretiora
2648 4494 2842 4549 animae
2885 4494 3171 4551 utilitatem
3211 4498 3489 4564 invehere,
3530 4514 3596 4554 ac

369 4587 638 4657 ὠφέλειαν
669 4587 871 4640 ἐνιέναι
929 4584 1226 4655 δυνάμενα,
1272 4585 1368 4639 καὶ
1409 4587 1486 4650 ὡς
1532 4588 1912 4658 πόροαγαθὸ·

2038 4586 2201 4641 veluti
2232 4585 2449 4640 uberem
2479 4584 2624 4641 ferre
2657 4588 2998 4654 proventum,
3037 4591 3131 4659 qui
3164 4590 3424 4645 inﬂuities
3454 4592 3598 4645 mul-

372 4680 687 4750 ὲνεργῆσαι,
750 4676 1175 4749 μυριοπλασίους
1223 4677 1593 4748 προϐάλλοντα
1626 4679 1753 4744 τοὺς
1798 4697 1906 4750 καρ

2037 4676 2304 4746 tipitcatos
2333 4675 2508 4730 reddit
2532 4676 2754 4730 fructus.
2784 4677 2969 4733 Nostri
2994 4685 3171 4734 autem
3200 4679 3469 4734 sermonis
3494 4682 3599 4734 ini-

374 4772 534 4833 πούς.
579 4771 841 4842 Ἀρκτὲον
871 4770 917 4823 δ’
939 4769 1210 4825 ἐντεῦθεν.

2037 4770 2169 4823 tium
2204 4767 2306 4821 tale
2339 4769 2425 4824 sit.

447 4857 513 4928 β’.
540 4859 756 4927 Ταύτης
810 4858 1211 4928 θεοπροὸλήτου
1250 4861 1283 4930 ἡ
1323 4860 1421 4930 τῆς
1470 4860 1594 4913 καθ’
1646 4862 1794 4932 ἡμᾶς
1840 4870 1912 4918 κα

2106 4863 2163 4918 2.
2205 4861 2448 4932 Dignitas
2488 4876 2615 4917 vere
2654 4861 2835 4917 divina
2882 4862 3117 4917 caelestis
3144 4862 3302 4933 hujus
3337 4864 3510 4919 nostri
3543 4872 3601 4921 et

371 4949 629 5019 οὐρανίου
662 4946 961 5018 ἱερωσύνης
991 4949 1299 5020 θεοπρεπὴς
1320 4949 1489 5016 ὅντως
1520 4950 1710 5024 ἀξίαή
1738 4955 1912 5009 πανόλ.

2035 4955 2106 5011 ab
2140 4956 2254 5024 ipso
2278 4954 2387 5008 Deo
2418 4954 2730 5025 proﬂuentia
2763 4955 3049 5010 sacerdotii
3074 4955 3383 5011 beatissima
3403 4959 3597 5027 gratia,

373 5040 495 5100 6w;
518 5039 702 5107 χάρις,
734 5038 767 5106 ὴ
800 5036 1055 5104 θεόσοφος
1078 5039 1382 5109 ἐπιστήμη,
1404 5039 1545 5092 θεῖόν
1569 5058 1619 5093 τι
1640 5042 1735 5094 καὶ
1762 5045 1912 5115 ὑπερ¹

2036 5058 2088 5102 et
2115 5047 2205 5101 Dei
2230 5046 2513 5115 sapientia,
2539 5047 2781 5100 divinum
2804 5045 3094 5115 quoddam,
3122 5055 3177 5101 et
3211 5053 3599 5117 praestantissi-

374 5131 513 5201 φυὲς
544 5128 732 5199 χρῆμα
781 5126 1115 5197 καθέστηκεν
1152 5129 1217 5179 ἐκ
1259 5129 1357 5197 τῆς
1412 5130 1560 5191 θείας
1591 5131 1803 5199 φύσεως
1835 5134 1912 5204 τῆς

2038 5151 2181 5190 mum
2222 5146 2306 5190 est
2335 5152 2549 5202 munus,
2590 5151 2617 5189 a
2647 5137 2823 5191 divina
2853 5143 3040 5188 natura
3068 5174 3084 5202 ,
3111 5145 3313 5192 aeterno
3356 5140 3601 5194 omnium

372 5224 552 5282 ἀϊδίου
584 5220 769 5292 πηγῆς
798 5222 1016 5275 πάντων
1042 5222 1152 5275 τῶν
1180 5219 1393 5293 ἀληθῶς
1418 5224 1637 5292 ἀγαθῶν
1671 5228 1912 5297 προερχό

2038 5241 2164 5283 vere
2233 5228 2498 5282 bonorum
2571 5228 2720 5281 fonte
2779 5227 3122 5299 proveniens,
3173 5235 3228 5283 et
3270 5216 3427 5284 nobis
3486 5228 3604 5285 sola

470 5407 519 5440 “
540 5404 687 5462 Psal.
723 5418 820 5468 cn,
863 5401 969 5460 {0;
1025 5402 1073 5437 "
1103 5402 1297 5465 lPetr.
1337 5418 1398 5472 ιι,
1419 5404 1475 5459 2.
1546 5403 1593 5438 “
1614 5404 1780 5461 Hebr.
1810 5422 1862 5474 ν,
1893 5408 1945 5463 l.
1972 5423 2127 5480 seqq.
2205 5407 2250 5443 "
2276 5407 2424 5465 Psal.
2462 5422 2581 5472 cm,
2617 5407 2706 5461 15.

448 5592 585 5672 (26).
620 5594 704 5648 Ad
734 5609 864 5662 opus
887 5590 1191 5672 ρεηάιιεειέἱ
1238 5590 1455 5662 Legitur
1482 5591 1534 5647 in
1567 5592 1827 5651 Vaticano
1847 5595 1909 5651 οὐ

2014 5610 2047 5657 νς
2081 5591 2245 5664 ἔργον
2277 5609 2390 5662 μοι,
2435 5594 2526 5651 sed
2552 5593 2710 5662 plane
2736 5593 3024 5665 dt'pravate
3056 5609 3071 5658 ;
3101 5580 3476 5646 substituimus
3507 5591 3632 5672 μὴ,

372 5661 624 5725 ἱιεόιιῖιιι
663 5661 857 5722 sensus
886 5661 986 5718 loci
1018 5663 1270 5728 postulat.
