4156 6304
312 231 420 299 829

1688 230 1811 290 EPI
1824 228 2055 290 STOLA
2097 231 2153 291 Il
2168 232 2210 293 ῐ.

3475 227 3580 290 330

316 354 485 421 σοφία
512 350 573 405 τὺ
605 347 846 404 τοιοῦτον
872 347 1114 414 ἀειόθεον
1152 346 1316 420 ἔργον
1350 345 1638 402 ἀποτελεῖ.
1676 349 1889 419 Συντρυ

2010 362 2157 411 nem,
2203 345 2407 415 Deique
2452 343 2824 410 similitudine,
2886 359 3048 414 quam
3114 343 3363 405 habebat,
3429 344 3581 412 petii-

312 445 524 499 δοῦσαν
556 441 791 511 εὑροῦσα
813 441 911 511 τὴν
945 440 1081 493 ἰδίαν
1104 440 1209 494 ὑπὸ
1236 442 1337 509 τῆς
1370 441 1655 511 ἁμαρτίας
1688 441 1899 499 εἰκόνα.

313 537 413 590 καὶ¹
429 536 491 588 τὸ
516 533 743 596 θεοειδὲς
759 531 1009 596 καθάπαξ
1021 531 1475 602 ἀποῦαλλομένην
1499 533 1773 604 ὁμοίωμα,
1791 532 1902 586 δεῖν

318 628 464 696 ἔγνω
513 624 724 696 πρῶτον
755 623 959 693 ταύτην
1000 622 1615 694 ὥσπερηάναχωνεῦσαι
1648 624 1746 676 καὶ
1774 623 1902 675 ἀνα-

323 722 549 784 πλάσαι,
569 719 661 772 ua).
686 716 859 780 οὕτως
883 716 965 779 εἰς
995 717 1057 769 τὸ
1079 717 1312 787 ἀρχαῖον
1356 714 1575 780 κάλλος,
1607 714 1811 785 μᾶλλον
1841 715 1898 768 δὲ

327 809 511 878 μεῖζον
527 809 841 874 ἀναγαγεῖν,
854 807 1011 859 ﬂete!
1020 805 1199 860 τοίνυν
1213 805 1370 858 τοῦτο
1386 805 1476 859 διά
1490 804 1583 858 τοῦ
1604 805 1749 858 θείου
1802 807 1899 874 βα-

324 902 642 971 πτίσματος
677 899 780 970 τὴν
823 899 932 969 γάρ
973 896 1375 969 δημιουργικὴν
1421 896 1613 950 ἑαυτοῦ
1644 896 1895 966 δύναμιν,

315 994 435 1048 καθ’
450 994 517 1063 ἢν
541 992 743 1045 ἔπλασε
758 989 951 1045 τοῦτον
971 988 1069 1043 καὶ
1093 989 1377 1057 καταρχὰς
1395 988 1518 1039 κατ’
1539 984 1725 1039 εἰκόνα
1744 984 1897 1038 θείαν

313 1103 369 1140 τε
398 1085 494 1138 καὶ
520 1082 807 1153 ὁμοίωσιν,
835 1082 961 1134 ἐπεὶ
981 1081 1050 1134 δι’
1083 1078 1253 1146 αὐτῆς
1282 1077 1471 1148 ἔμελλε
1511 1077 1702 1131 τοῦτον
1734 1078 1896 1132 πάλιν

310 1179 411 1231 ἀνα
421 1173 666 1246 μορφοῦν
688 1174 718 1226 δ
745 1173 1022 1245 τεχνίτης,
1047 1165 1136 1225 οἷά
1156 1186 1304 1233 τινος
1327 1169 1524 1239 σοφίας
1547 1170 1643 1223 καὶ
1665 1170 1896 1240 ἐπιστή-

312 1285 423 1338 μης
454 1269 550 1321 καὶ
579 1266 868 1332 δυνάμεως
907 1262 1230 1334 δραστικῆς,
1279 1261 1459 1330 ἐνίησι
1490 1259 1568 1330 τῷ
1614 1259 1769 1314 ὕδατι
1800 1262 1896 1315 καὶ

309 1358 474 1419 αὑτὸς
505 1356 575 1409 δι’
600 1353 802 1408 ἑαυτοῦ
831 1353 1046 1425 πρῶτος
1076 1351 1338 1406 εἰσελθὼν
1361 1354 1455 1407 καὶ
1486 1352 1896 1424 βαπτισάμενος

308 1450 367 1503 ἂν
403 1447 577 1517 αὐτῷ.
611 1445 834 1518 Πρῶτον
866 1444 963 1515 μὲν
993 1442 1105 1508 ἴνα,
1129 1442 1311 1507 καθὼς
1341 1442 1502 1513 ἔφην,
1527 1443 1627 1514 τὴν
1652 1445 1895 1514 ἀναμορ-

309 1540 561 1610 φωτικὴν
591 1539 753 1610 χάριν
785 1535 1041 1591 ἐναποθεί
1067 1537 1128 1589 τὸ
1158 1536 1236 1605 τῷ
1271 1534 1428 1590 ὕδατι
1452 1551 1469 1569 ·
1496 1536 1558 1589 οὔ
1575 1536 1685 1606 γὰρ
1702 1536 1766 1607 δὴ
1789 1536 1893 1591 αὐ-

308 1634 400 1697 τὸς
433 1633 609 1687 ἐδεῖτο
641 1631 961 1702 καθάρσεως
986 1632 1014 1684 ὁ
1037 1631 1211 1701 αἴρων
1234 1628 1333 1699 τὴν
1364 1629 1640 1700 ἁμαρτίαν
1672 1628 1769 1684 τοῦ
1799 1628 1893 1683 κό-

310 1738 450 1790 σμου
470 1737 486 1751 ·
515 1718 765 1790 δεύτερον
791 1717 869 1785 δὲ,
889 1718 977 1773 ἵνα
1003 1720 1131 1780 τοὺς
1145 1718 1235 1773 διὰ
1256 1719 1349 1772 τοῦ
1367 1718 1747 1789 βαπτίσματος
1762 1719 1895 1773 ἀνα-

308 1813 680 1881 γεννωμένους
707 1812 789 1874 εἰς
834 1809 1174 1881 ἀδελφότητα
1216 1811 1472 1880 πρόσοιτο
1496 1850 1512 1877 ,
1542 1810 1890 1879 πρωτότοκος

310 1908 369 1959 ἐν
403 1905 618 1967 πολλοῖς
647 1904 900 1975 ἀδελφοῖς
930 1903 1228 1972 γενόμενος
1278 1901 1368 1956 διά
1417 1902 1479 1955 τὸ
1516 1902 1712 1957 ταυτὸν
1744 1903 1894 1972 ἀμηο

311 1995 450 2065 γέπη
472 1993 568 2047 τοῦ
590 1994 797 2064 τρόπου
820 1993 922 2062 τῆς
963 1989 1280 2061 ὑπερφυοῦς
1307 1991 1518 2044 ἐκείνου
1540 1993 1682 2046 κατά
1708 1992 1892 2063 σάρκα

306 2087 633 2156 γεννήσεως,
662 2086 763 2139 καὶ
810 2085 920 2155 γάρ
962 2083 1025 2135 τὸ
1069 2084 1171 2151 τὴν
1196 2082 1586 2153 κολυμϐήθραν
1619 2082 1712 2136 τοῦ
1744 2084 1892 2138 θείου

306 2179 710 2248 βαπτίσματος,
741 2176 934 2245 ὥσπερ
959 2176 1146 2227 εἰκόνα
1174 2171 1604 2242 καθυπογράψαι
1624 2172 1726 2242 τῆς
1748 2189 1895 2244 παρ’

302 2270 530 2339 θενικῆς
556 2270 651 2323 καὶ
677 2269 985 2339 ἀμωμήτου
1038 2267 1301 2337 γαστρὸς,
1332 2268 1391 2317 ἐν
1507 2265 1567 2318 τὸ
1600 2266 1724 2318 καθ’
1744 2266 1893 2336 ἡμᾶς

300 2361 623 2432 διεπλάσθη,
655 2361 752 2415 καὶ
774 2361 902 2431 ἑξῆς
926 2357 1219 2429 ἐγεννήθη.
1247 2358 1460 2427 Ὠσπερ
1487 2355 1599 2427 γὰρ
1618 2357 1680 2410 ἐν
1700 2356 1889 2429 ἐκείνῃ

298 2458 367 2525 τῇ
402 2456 652 2525 μακαρίᾳ
682 2452 777 2508 ita).
795 2451 1048 2521 θεοδὸχῳ
1086 2449 1308 2518 γαστρὶ,
1342 2451 1529 2520 γυμνῇ
1560 2450 1628 2519 τῇ
1664 2446 1884 2517 θεότητι

300 2546 508 2615 ταύτην
532 2546 733 2609 εἰσδὺς,
755 2544 854 2615 τὴν
873 2544 1130 2614 ἀπαρχὴν
1142 2541 1237 2595 τοῦ
1259 2541 1530 2613 ἡμετέρου
1561 2540 1887 2611 φυράματος

304 2636 586 2691 ἀνέπλασε
625 2636 721 2687 καὶ
741 2636 834 2688 ἀνε
844 2634 1197 2703 μορφώσατο,
1228 2633 1409 2700 ἑαυτῷ
1422 2632 1626 2702 ταύτην
1647 2634 1887 2703 ὑποστή-

309 2744 432 2791 σας,
462 2728 555 2781 καὶ
589 2726 718 2779 Υἰὸν
743 2724 880 2779 Θεοῦ
933 2729 991 2779 εν
1025 2725 1162 2797 αὐτῇ
1201 2724 1504 2781 ὑποστάσει
1539 2724 1662 2795 μεθ’
1688 2723 1884 2778 ἑαυτοῦ

307 2818 514 2883 ταυτὴν
544 2819 778 2887 ποιήσας
812 2816 878 2886 τῇ
917 2814 1197 2885 παρουσίᾳ
1244 2813 1340 2868 τοῦ
1398 2816 1667 2891 παναγίου
1715 2812 1884 2867 Πνεῦ-

311 2921 503 2974 ματος,
529 2908 702 2976 χωρὶς
748 2904 1015 2977 ἀνδρικῆς
1067 2907 1388 2974 συναφείας,
1419 2905 1881 2974 ἀπεργασάμενος

2007 442 2094 489 tus
2162 434 2680 504 spoliatam,.prius
2736 434 2877 490 hanc
2949 433 3112 489 Veluti
3182 435 3377 487 iterum
3446 449 3581 486 cou-

2006 525 2237 582 ﬂandam
2318 543 2382 582 ac
2430 527 2857 593 reformandam,
2919 538 2970 583 et
3034 527 3115 583 sic
3169 527 3237 581 ad
3288 528 3581 597 pristinum

2003 619 2190 689 decus,
2246 619 2358 677 imo
2411 635 2542 675 vero
2595 621 2661 675 ad
2742 619 2921 690 majus
2984 620 3344 675 rcducendam
3400 620 3577 673 duxit.

2002 710 2155 767 Facit
2209 711 2379 782 igitur
2420 697 2676 781 hosper
2734 726 2948 768 sacrum
3001 712 3305 782 baptisma;
3357 710 3578 765 creandi

2000 801 2148 856 enim
2207 802 2502 868 virtutem,
2561 818 2668 873 qua
2724 803 2817 859 illc
2874 803 3147 858 hominem
3209 803 3442 872 primum
3509 802 3579 856 ad

2000 893 2243 949 divinam
2307 909 2461 950 suam
2520 893 2810 964 imaginem
2854 904 2910 951 et
2978 895 3386 951 similitudinem
3459 894 3581 949 for-

2002 984 2189 1050 mavit,
2237 1000 2360 1040 cum
2413 999 2509 1054 per
2556 986 2802 1041 eamdem
2841 987 3039 1041 iterum
3094 986 3395 1041 reformare
3442 1001 3580 1042 con-

1999 1075 2256 1130 stitueret
2296 1075 2477 1146 (quasi
2523 1090 2623 1144 per
2682 1077 3007 1146 sapientiam
3067 1085 3231 1147 atque
3273 1079 3576 1132 doctrinam

1998 1166 2287 1237 quamdam
2325 1158 2743 1239 effectivamque
2786 1168 3064 1236 virtutem)
3113 1183 3268 1238 aquae
3311 1169 3577 1224 attribuit.

1998 1262 2066 1319 Et
2098 1263 2306 1334 primus
2336 1265 2452 1331 ipse
2494 1279 2591 1334 per
2623 1279 2748 1320 sese
2784 1265 3068 1336 ingressus
3103 1274 3212 1329 est,
3245 1270 3303 1319 et
3335 1263 3580 1333 baptiza-

1998 1366 2084 1412 tus
2109 1357 2160 1411 in
2190 1356 2302 1423 illa,
2340 1370 2462 1411 cum
2498 1365 2554 1409 ul
2590 1356 3074 1427 (quemadmodum
3118 1357 3257 1427 disi)
3307 1355 3581 1411 reforma-

1997 1448 2162 1502 tivam
2203 1448 2435 1517 gratiam
2479 1448 2559 1503 illi
2594 1448 2882 1518 largiatur,
2928 1448 3131 1519 (neque
3164 1448 3312 1503 enim
3367 1448 3579 1517 indige-

1994 1538 2088 1595 bat
2155 1541 2586 1611 espurgatione,
2649 1541 2743 1612 qui
2810 1540 2956 1594 tollit
3016 1551 3305 1611 peccatum
3342 1541 3579 1612 mundi).

1998 1642 2111 1687 tum
2166 1647 2331 1699 vero,
2401 1644 2459 1689 ut
2518 1650 2617 1703 per
2675 1636 3009 1705 baptismum
3065 1644 3286 1691 renatos
3336 1635 3401 1688 ad
3462 1634 3579 1688 fra-

1997 1724 2307 1781 ternitatem
2360 1734 2647 1791 convocet,
2708 1727 3108 1797 primogenitus
3164 1729 3283 1799 ipse
3335 1727 3580 1799 (propter

1993 1819 2243 1871 eumdem
2285 1819 2692 1887 quodammodo
2745 1819 3187 1889 supernaturalis
3231 1819 3349 1889 ejus
3385 1836 3582 1877 secun-

1994 1907 2123 1961 dum
2203 1921 2425 1961 carnem
2504 1909 2876 1977 generationis
2946 1909 3193 1980 modum)
3261 1912 3318 1966 in
3389 1911 3581 1966 multis

1994 1994 2257 2053 fratribus
2301 1996 2550 2055 effectus.
2602 1998 2708 2054 Sed
2753 2008 2808 2056 et
2847 2001 3123 2056 lavacrum
3175 2002 3319 2057 sacri
3376 2002 3579 2071 baptis-

1994 2088 2158 2142 matis
2212 2087 2362 2143 velut
2410 2088 2700 2158 imaginem
2747 2091 3038 2158 quamdam
3075 2091 3358 2155 describit,
3411 2090 3584 2161 virgi.

1996 2176 2084 2229 nei
2122 2184 2178 2228 et
2215 2175 2547 2231 immaculati
2591 2170 2821 2244 ventris,
2866 2179 2921 2233 in
2973 2192 3083 2248 quo
3125 2178 3428 2235 secundum
3482 2197 3582 2235 na-

1994 2274 2173 2321 turam
2215 2276 2461 2322 nostram
2506 2266 2846 2332 eﬁ‘ormatus,
2896 2278 2952 2324 et
2996 2285 3066 2325 ex
3110 2286 3217 2339 quo
3260 2273 3439 2327 editus
3471 2283 3577 2328 est.

1993 2353 2147 2410 Sicut
2179 2355 2323 2410 enim
2360 2355 2578 2411 beatum
2619 2356 2797 2422 illum,
2823 2366 2878 2412 ct
2899 2358 2990 2429 qui
3026 2358 3195 2413 Deum
3216 2362 3430 2430 excepit
3461 2373 3581 2419 nte-

1993 2461 2134 2509 rum,
2155 2447 2301 2501 nuda
2317 2461 2441 2502 cum
2465 2446 2667 2503 deitate
2689 2448 2993 2519 ingressus,
3010 2449 3167 2505 ﬁnxit
3186 2453 3369 2507 denuo
3391 2454 3581 2522 primi-

1990 2537 2094 2593 tias
2132 2546 2332 2594 nostrm
2356 2552 2573 2606 massae,
2606 2554 2727 2595 eam
2762 2540 2865 2596 sibi
2892 2542 3251 2614 conjungens,
3269 2543 3469 2614 Deique
3487 2543 3581 2600 Fi-

1988 2626 2120 2681 lium
2153 2627 2206 2682 in
2228 2628 2340 2698 ipsa
2360 2628 2606 2684 unitione
2623 2627 2773 2696 fecit,
2796 2645 2893 2701 per
2921 2634 3209 2688 adventum
3234 2635 3574 2693 sanctissimi

1989 2713 2253 2787 Spiritus,
2281 2719 2488 2791 absque
2511 2719 2652 2776 virili
2667 2720 3070 2785 commistione.
3092 2724 3331 2783 efﬁciens
3353 2743 3575 2800 nempe,

1986 2811 2373 2870 beatissimum
2430 2815 2587 2869 illum
2645 2815 2851 2881 locum,
2908 2828 3110 2873 nostra:
3150 2835 3272 2875 cum
3328 2820 3440 2879 Deo
3486 2838 3577 2879 re-

1988 2907 2416 2973 cenciliationis,
2470 2908 2868 2980 inen‘abilisque
2911 2912 3137 2967 unitatis
3188 2921 3401 2981 testem,
3452 2926 3576 2973 ute«

304 2996 364 3050 τὸ
390 2995 810 3067 μακαριώτατον
840 2998 1019 3051 ἐκεῖνο
1045 2996 1249 3067 χωρίον
1276 2996 1376 3067 τῆς
1399 2996 1539 3050 Θεοῦ
1563 2996 1702 3064 πρὸς
1735 2997 1881 3068 ἡμᾶς

1993 3011 2108 3052 rum
2164 3013 2359 3067 nempe
2410 2998 2506 3053 Dei
2561 2998 2852 3068 hospitem,
2902 3001 3107 3057 fontem
3165 3018 3291 3058 vcre
3349 3006 3570 3062 vitalem

302 3088 653 3158 καταλλαγῆς
682 3090 777 3143 καὶ
812 3089 1135 3161 ἀπορρήτου
1167 3088 1418 3150 ἑνὼσεως
1468 3086 1745 3158 μάρτυρα,
1765 3087 1888 3158 ἦτοι

299 3179 402 3249 τὴν
430 3181 682 3251 θεοδὸχον
714 3181 987 3251 γαστύρα,
1020 3179 1206 3249 πηγὴν
1241 3179 1317 3243 ὡς
1341 3180 1512 3242 ὅντως
1536 3179 1884 3251 ζωαρχικὴν,

301 3275 400 3326 καὶ
423 3270 897 3342 ἀναμορφωτικὴν
935 3273 1033 3341 τῆς
1068 3270 1346 3343 ἡμετέρας
1398 3271 1617 3341 φύσεως
1646 3271 1754 3325 ἀπὸ
1786 3273 1888 3342 τῆς

301 3365 510 3436 φθορᾶς
542 3365 621 3428 εἰς
657 3362 755 3433 τὴν
808 3361 1123 3433 ἀφθαρσίαν
1160 3362 1255 3418 καὶ
1304 3361 1367 3417 τδ
1395 3362 1630 3428 θεοειδὲς
1663 3364 1881 3432 κάλλος,

299 3456 477 3520 οὕτως
511 3455 768 3509 εἰσελθὼν
810 3456 889 3520 εἰς
940 3454 1001 3508 τὸ
1044 3454 1189 3527 ὕδωρ
1235 3455 1422 3509 οὐκέτι
1452 3458 1635 3528 γυμνῇ
1670 3459 1738 3528 τῇ
1765 3456 1883 3510 θεό-

300 3566 451 3620 τητι,
481 3548 618 3602 ἀλλά
660 3548 801 3618 μετά
841 3547 943 3617 τῆς
990 3547 1437 3621 ἀναπλησθείσης
1471 3551 1528 3602 ἐν
1556 3552 1624 3620 τῇ
1673 3566 1888 3621 πρωτο-

299 3640 461 3711 τύπῳ
512 3639 633 3706 καὶ,
664 3640 946 3711 ζωαρχικῇ
1026 3638 1386 3713 κολυμσήθρᾳ
1440 3641 1535 3695 καὶ
1589 3640 1888 3711 θεωθείσης

300 3732 557 3806 ἀπαρχῆς
604 3730 700 3786 τοῦ
750 3728 1433 3802 ήμετέρου·φυράματος,
1485 3731 1760 3802 πεποίηκε
1818 3734 1885 3803 τῇ

300 3822 499 3878 ἑαυτοῦ
532 3822 811 3895 παρουσίᾳ
842 3823 937 3876 καὶ
979 3824 1047 3893 τῇ
1091 3821 1188 3876 τοῦ
1241 3821 1512 3891 παναγίου
1545 3822 1886 3893 Πνεύματος,

302 3914 470 3986 ἀλλην
500 3915 706 3971 ὡσανεὶ
746 3912 916 3985 νηδὺν
950 3912 1418 3985 ἀναμορφωτικὴν
1459 3914 1755 3984 ξυμπάσης
1785 3913 1887 3984 τῆς

299 4007 581 4077 ἡμετέρας
617 4007 858 4076 φύσεως.
895 4006 1089 4077 Πηγὴν
1121 4006 1232 4076 γὰρ
1283 4004 1574 4071 ἀναδείξας
1621 4005 1716 4057 καὶ
1756 4003 1888 4058 ταύο

303 4117 406 4171 την
437 4098 716 4171 σωτηρίου
755 4100 898 4153 κατά
931 4101 1025 4154 τὸν
1056 4098 1290 4153 Ἡσαΐαν
1312 4096 1437 4168 δίχα
1470 4095 1741 4166 σαρκικῆς
1764 4113 1891 4149 συν-

302 4193 501 4261 αφείας
557 4195 653 4247 καὶ
692 4191 875 4262 νόμων
903 4190 1005 4262 τῆς
1033 4190 1250 4259 φύσεως
1269 4189 1572 4275 ἀναγεννςίν
1592 4188 1885 4257 ὑπερφυῶς

303 4284 643 4356 δυναμένην,
699 4284 909 4349 πάντας
958 4282 1085 4349 τοὺς
1143 4281 1619 4355 προσερχομένους
1665 4277 1886 4350 Χριστῷ

374 4511 421 4542 ⁸⁸
444 4509 548 4565 lsa.
592 4524 693 4576 xu,
721 4511 747 4565 ι
779 4524 943 4581 seqq.

304 4720 525 4778 natione
556 4718 760 4787 Verbi)
795 4720 848 4773 id
883 4728 979 4782 est,
1010 4719 1299 4774 secundum
1350 4718 1629 4788 imaginem
1661 4726 1710 4772 et
1741 4720 1894 4774 simi-

303 4791 589 4846 litudinem
628 4805 742 4842 esse
767 4789 886 4850 Dei,
913 4790 1007 4844 hoc
1032 4792 1084 4843 in
1112 4789 1322 4843 Christo
1354 4787 1486 4841 Jesu
1526 4788 1891 4856 reciperemus.

303 4861 597 4929 Gregorius
621 4858 945 4925 Theologus,
968 4859 1212 4914 oratione
1232 4858 1299 4912 de
1329 4857 1615 4929 Paschate:
1650 4858 1892 4912 Divinam

351 4927 563 4997 inquit)
606 4929 890 4995 imaginem
946 4930 1141 4997 accepi,
1205 4944 1297 4982 nec
1342 4927 1619 4997 custodiri.
1682 4931 1892 4982 Auctor

351 4937 563 4997 inquit)
606 4937 890 4995 imaginem
946 4937 1141 4997 accepi,
1205 4944 1297 4982 nec
1342 4937 1619 4981 custodiri.
1682 4937 1883 4982 Auctor

304 4937 839 5067 geminentariorum
893 4997 948 5051 iu
997 4998 1259 5058 Psalmos.
1294 4999 1385 5065 qui
1439 4996 1750 5067 Hieronymi
1784 5013 1883 5052 no-

307 5071 458 5127 mine
482 5065 880 5136 circumfertur,
904 5067 957 5118 in
976 5067 1124 5119 illud:
1141 5067 1281 5132 Quid
1300 5067 1549 5136 gloriaris
1568 5068 1622 5120 in
1646 5065 1877 5131 malitia,

306 5140 398 5210 qui
432 5144 615 5210 potens
646 5150 698 5210 es
732 5135 786 5187 in
817 5135 1088 5210 iniquitate
1112 5135 1309 5210 [Quid
1363 5136 1614 5210 gloriaris
1658 5136 1877 5210 (inquit)

308 5204 366 5263 in
400 5205 626 5268 malitia,
660 5204 753 5277 hoc
775 5212 850 5277 est
874 5204 1526 5271 Adametdt’abolus,quia
1559 5204 1697 5277 quod
1743 5204 1879 5260 Deus

307 5277 613 5347 n'diﬁcavit,
646 5273 727 5347 iiii
769 5274 1141 5347 destrrtxerunt
1170 5277 1221 5327 in
1251 5273 1881 5347 senzgipsig‘imaginem

310 5343 420 5402 Dci'
447 5356 497 5400 et
536 5344 863 5415 angelorum.
897 5343 1033 5415 Cum
1077 5360 1203 5397 Vero
1236 5347 1323 5397 hic
1364 5343 1725 5412 Theophanes
1750 5349 1880 5400 ἁνα-

343 5416 578 5471 ωνεῦσαι
601 5414 694 5469 καὶ
725 5414 1034 5467 ἀναπλάσαι
1063 5415 1259 5469 iterum
1292 5415 1578 5479 imaginem
1634 5417 1688 5467 in
1722 5418 1876 5471 nobis

329 5484 472 5543 )emn
508 5488 604 5549 ait,
637 5485 929 5554 perSpicue
961 5486 1199 5537 imitatus
1227 5494 1307 5536 est
1336 5484 1757 5551 Nazianzenutn,
1790 5504 1880 5538 rn-

297 5563 391 5629 jus
422 5553 693 5629 haecqsunt
723 5553 969 5629 verba_in
1001 5555 1249 5629 oratione
1279 5555 1727 5629 de__haptis_mnte:
1762 5557 1880 5629 Χω-

303 5624 391 5700 ρὶς
424 5626 593 5696 πυρὸς
632 5624 995 5696 ἀναχωνεῦον,
1029 5626 1123 5677 καὶ
1166 5625 1451 5682 ἁνακτίζον
1494 5625 1617 5695 δίχα
1659 5627 1881 5697 συντρέ-

627 5724 896 5783 Ριιτιιοιι.
941 5723 1057 5782 Gn.
1105 5722 1225 5785 CL.

1998 3098 2053 3145 et
2084 3089 2193 3144 vim
2230 3089 2518 3144 habentem
2572 3089 2901 3146 reformandi
2950 3104 3202 3148 naturam
3253 3086 3493 3150 nostram
3541 3113 3575 3152 a

1999 3182 2351 3249 corruptione
2414 3179 2482 3234 ad
2537 3182 3001 3252 incorruptionem
3056 3184 3404 3257 divinamque
3451 3190 3575 3258 pul-

1996 3272 2381 3329 chritudinem.
2434 3271 2546 3339 Sic,
2602 3272 2845 3342 inquam,
2891 3289 3084 3346 aquam
3134 3276 3433 3345 ingressus,
3469 3298 3573 3337 non

1994 3368 2107 3439 jam
2141 3366 2285 3421 nuda
2320 3381 2441 3420 cum
2469 3365 2694 3434 deitate,
2722 3367 2818 3422 sed
2849 3381 2972 3421 cum
3012 3372 3345 3438 regeneratis
3375 3384 3431 3428 et
3463 3374 3579 3429 dei-

1998 3458 2178 3514 licatis
2210 3458 2265 3514 in
2298 3460 2476 3527 primo
2522 3467 2691 3528 atque
2721 3457 2937 3514 vivifico
2983 3458 3205 3515 lavacro
3229 3460 3345 3532 (35)
3374 3476 3576 3520 nostra!

1996 3564 2185 3607 massae
2219 3550 2473 3629 primitiis
2512 3551 2641 3607 fecit
2671 3549 2840 3617 illam,
2886 3565 2984 3606 sua
3019 3559 3075 3607 et
3117 3552 3353 3622 Spiritus
3396 3559 3574 3611 sancti

1994 3643 2304 3713 praesentia,
2352 3642 2520 3697 veluti
2559 3643 2795 3699 alterum
2848 3653 3096 3701 ventrem
3152 3647 3324 3702 totius
3370 3660 3573 3704 nostra)

1996 3743 2203 3788 naturai
2231 3732 2670 3789 reformatorem.
2705 3731 2811 3789 Per
2849 3732 3046 3791 Isaiam
3073 3737 3121 3769 ⁸⁸
3154 3738 3299 3792 enim
3330 3739 3574 3795 ostendit

1994 3821 2139 3876 hunc
2170 3822 2360 3877 salutis
2390 3823 2595 3877 fontem
2640 3823 2758 3878 sine
2788 3823 2992 3879 carnali
3023 3826 3240 3895 copula,
3282 3838 3335 3883 el
3363 3836 3573 3895 natura:

2000 3913 2210 3982 legibus
2245 3914 2573 3969 mirabiliter
2613 3928 2939 3984 rcgeuerare
2965 3918 3231 3973 valentem
3251 3934 3347 3974 eos
3375 3935 3568 3975 omnes

1994 4004 2087 4073 qui
2119 4004 2184 4057 ad
2236 4004 2509 4058 Christum
2532 4019 2666 4059 eum
2698 4005 2812 4074 (fide
2855 4010 3140 4071 accedunt,
3174 4017 3231 4062 et
3275 4009 3570 4065 facientem

1996 4096 2211 4164 quidem
2247 4095 2389 4151 filios
2435 4095 2550 4161 Dei,
2603 4095 2798 4151 fratres
2845 4113 2975 4153 vero
3020 4098 3225 4155 Christi
3270 4104 3571 4157 secundum

1994 4186 2248 4257 gratiam,
2290 4194 2514 4256 propter
2549 4190 2868 4258 quamdam,
2920 4199 2978 4245 ut
3002 4191 3202 4246 dictum
3236 4200 3340 4260 est,
3370 4193 3570 4249 identi-

1996 4289 2158 4335 tatem
2213 4279 2538 4336 nativitatis.
2600 4281 2833 4338 Interest
2893 4294 3074 4339 tamen
3138 4288 3359 4342 multum
3428 4288 3569 4343 inter

1989 4737 2158 4787 φεως,
2187 4721 2242 4793 id!
2264 4730 2345 4777 est
2370 4721 2573 4791 Absque
2596 4724 2713 4793 igne
2736 4741 2829 4777 nos
2872 4741 3056 4778 rursus
3080 4696 3337 4793 canﬂhns,
3362 4734 3409 4778 et
3437 4726 3561 4781 abs-

1989 4807 2105 4863 quei
2118 4791 2473 4863 confractione
2502 4791 2691 4846 iterum
2721 4794 2974 4863 efﬁngens
3001 4835 3014 4849 .

2057 4861 2168 4932 (35)
2199 4861 2380 4916 Primo
2413 4869 2568 4927 atque
2602 4859 2804 4931 uiviﬁco
2836 4859 3070 4916 lavacro.
3094 4859 3456 4933 Πρωτότυπον
3487 4866 3564 4919 la-

1985 4944 2203 5004 vat-rum
2239 4939 2391 5004 vocat
2420 4934 2734 5004 mysterium
2763 4932 3176 5004 incarnationis,
3224 4937 3377 4998 quasi
3413 4940 3555 5004 quod

1984 4997 2107 5070 fons
2120 4999 2278 5054 fuerit
2300 5007 2355 5054 et
2372 4996 2524 5067 origo
2550 5002 2878 5069 reliquorum
2897 4996 3132 5052 omuiinu
3153 4996 3557 5070 ninIerioruttt.

1984 5068 2247 5140 Origenes
2270 5070 2509 5140 ἀρχηγὸν
2534 5068 2804 5140 σωτηρίας
2827 5078 3092 5122 auctorem
3114 5068 3304 5126 salutis
3329 5077 3558 5129 vocavit.

1989 5138 2185 5215 Paulus
2213 5139 2231 5191 l
2261 5138 2323 5215 ad
2350 5138 2955 5215 Timothzttrmagnum
2971 5152 3358 5215 sacramentum
3380 5145 3564 5215 appel-

1986 5209 2137 5272 lavit,
2172 5212 2313 5274 quod
2349 5209 2542 5268 merito
2572 5208 2771 5263 tliClUut
2811 5212 3068 5262 adversus
3100 5210 3328 5266 Arianos
3364 5208 3561 5266 divitu-

1988 5280 2113 5349 tatis
2166 5279 2369 5336 Christi
2421 5282 2864 5349 hOSlQSWpl'Obal
2923 5279 3195 5349 eleganter
3226 5292 3274 5335 et
3337 5284 3555 5349 copiose

1990 5346 2250 5410 Hilarius,
2286 5351 2375 5406 lih.
2412 5362 2488 5406 xu
2528 5346 2592 5400 de
2624 5348 2904 5401 Trinitate.
2936 5346 3309 5405 Naiiauzeuus
3349 5346 3558 5402 in'ora—

1941 5414 1954 5425 ⁸
1990 5421 2135 5471 tione
2165 5419 2217 5470 in
2266 5418 2454 5475 funere
2493 5416 2717 5474 Cmsarii
2750 5420 2953 5483 fratris,
3007 5425 3217 5484 eadem,
3245 5434 3347 5479 quia
3381 5416 3559 5484 Theu-

1988 5490 2195 5552 phanes
2221 5503 2419 5556 mente,
2444 5503 2631 5543 novum
2666 5489 2966 5556 mysterium
2994 5489 3230 5542 vocavit.
3259 5486 3323 5536 Τί
3351 5484 3412 5534 τδ
3440 5483 3560 5556 (ait)

1988 5556 2177 5607 καινὸν
2234 5551 2549 5629 τοῦτο’περὶ
2604 5551 2737 5626 ἐμὲ⁷
2757 5558 3054 5629 μυστήριον
3082 5573 3098 5622 ;
3126 5556 3405 5620 Quodnam
3462 5551 3562 5608 hoc

1988 5639 2181 5678 novum
2219 5626 2357 5680 circa
2392 5644 2470 5685 me
2498 5626 2844 5697 mysterium?

3127 5720 3201 5778 11
