4142 6294
580 382 681 450 3¹ἰ1

1584 379 2090 441 ’ΤΗΕΟΡΗᾹΝΙΞ
2131 378 2160 438 Ε

2266 379 2481 440 SCOPI
2526 380 2817 440 NICAENI
3730 384 3834 447 33?.

579 500 813 570 primum
855 511 916 551 ac
942 497 1237 551 secundum
1265 502 1507 549 ventrem
1540 511 1552 559 ;
1592 504 1740 563 tanto
1771 496 1914 548 enim
1964 509 2157 548 secun-

2263 492 2400 560 μετὰ
2435 493 2672 556 πίστεως
2704 495 2795 547 καὶ
2829 495 2975 557 υἱοὺς
3010 495 3108 564 μὲν
3141 495 3298 560 Θεοῦ,
3326 495 3589 565 ἀδελφοὺς
3616 495 3671 549 δὲ
3701 497 3835 567 Χρι-

581 597 705 657 dus,
739 605 933 659 nempe
972 589 1094 643 fons
1122 588 1175 642 in
1216 602 1324 655 quo
1356 600 1759 656 regettcramur,
1798 600 1921 640 cum
1957 584 2152 652 primo,

582 685 671 751 qui
710 682 917 736 scilicet
947 691 999 732 et
1024 679 1188 732 Deum
1225 678 1441 746 excepit
1486 686 1541 730 et
1600 677 1855 745 peperit,
1892 675 2156 743 dignitate

582 773 1164 843 incomparabilisest,
1194 780 1394 838 quanto
1443 766 1703 822 Dominus
1742 768 1835 837 qui
1879 781 1943 820 ex
1979 768 2155 836 primo

583 877 742 921 natus
793 874 897 930 est,
946 865 1114 932 major
1138 870 1220 916 est
1250 861 1316 914 iis
1349 860 1440 930 qui
1476 875 1540 913 ex
1568 858 1741 913 altero
1774 869 2152 924 renascuntur,

582 960 690 1012 inm
732 971 862 1010 vero
920 965 972 1007 et
1014 952 1204 1020 magis.
1240 948 1374 1003 Nam
1407 950 1496 1016 qui
1550 963 1614 1003 ex
1648 951 1885 1003 secundo
1931 961 2155 1014 regene-

481 1099 495 1117 ,
584 1059 797 1113 rantur,
831 1039 1027 1099 fratres
1054 1044 1221 1110 illitis,
1248 1043 1337 1111 qui
1361 1057 1425 1097 ex
1457 1042 1631 1112 primo
1660 1048 1815 1094 natus
1850 1050 1951 1100 est,
1980 1052 2034 1092 et
2064 1038 2154 1092 Dei

582 1141 677 1195 filii
741 1138 1037 1194 secundum
1101 1133 1333 1201 gratiam
1396 1129 1728 1194 eﬂiciuntur,
1781 1138 1834 1181 at
1883 1129 2156 1183 secundus

581 1235 767 1287 alveus
798 1245 918 1284 cum
944 1228 1117 1295 primo
1142 1224 1348 1278 nullam
1378 1221 1543 1276 talem
1566 1221 1731 1275 habet
1750 1219 2151 1289 cognationem.

579 1325 718 1390 Quin
755 1323 862 1376 im
889 1321 1031 1373 inter
1058 1331 1176 1372 sese
1207 1317 1278 1369 ita
1309 1313 1582 1378 diderunt,
1613 1323 1670 1365 ut
1704 1311 1913 1380 signum
1950 1308 2160 1364 curia-

590 1430 773 1469 secum
810 1424 1003 1466 natura
1051 1408 1233 1463 εἰὶσειί
1261 1422 1288 1458 a
1318 1404 1569 1459 veritate.
1615 1404 1711 1458 llla
1744 1402 1884 1456 enim
1912 1407 1996 1455 est
2031 1413 2156 1454 vera

586 1505 679 1560 Dei
709 1503 898 1567 Mater,
934 1499 1184 1569 quoniam
1221 1510 1347 1550 vere
1378 1510 1444 1548 ex
1470 1494 1610 1562 ipsa,
1638 1492 1728 1561 qui
1756 1506 1915 1556 supra
1942 1504 2155 1543 onmem

580 1596 939 1652 substantiam
986 1599 1089 1652 est,
1131 1587 1369 1655 suscepit
1407 1584 1789 1640 substantiam.
1828 1583 1979 1650 Aqua
2032 1595 2158 1635 vero

582 1680 726 1745 sacri
759 1685 1107 1756 baptismatis
1152 1681 1440 1749 accipitur,
1490 1687 1548 1731 ut
1604 1675 1863 1739 diximus,
1900 1684 2155 1741 tauquam

580 1785 792 1853 signum
844 1788 899 1834 et
951 1777 1123 1845 ﬁgura
1173 1772 1372 1826 vivilici
1425 1770 1568 1824 illius
1625 1783 1691 1821 ac
1761 1766 1853 1821 l)ei
1929 1765 2157 1834 hospitis

579 1875 807 1930 ventris.
852 1870 951 1925 Per
991 1867 1136 1921 illam
1187 1878 1287 1919 nos
1335 1862 1454 1916 sine
1494 1858 1703 1914 carnali
1748 1857 2153 1929 conjunctione,

580 1984 645 2022 ac
686 1964 897 2018 rretcris
946 1970 1158 2014 natura:
1203 1953 1478 2024 operibus,
1514 1953 1564 2005 in
1600 1949 1693 2005 Dei
1742 1950 1881 2004 filios
1928 1949 2158 2004 ntirilice

581 2059 928 2131 rcgcttcrati,
986 2050 1405 2118 conformesque
1456 2043 1679 2115 imagini
1737 2040 2001 2096 naturalis
2034 2038 2159 2111 Filii

581 2153 697 2215 Dei,
734 2151 822 2219 qui
850 2162 916 2200 ex
948 2146 1063 2216 ipso
1094 2140 1343 2211 virginali
1412 2139 1728 2205 intactoque
1754 2143 1911 2188 utero
1936 2131 2159 2202 prodiit,

580 2245 861 2306 ellicimur,
909 2256 971 2293 ex
1022 2251 1160 2307 aqua
1211 2247 1339 2289 vero
1383 2230 1518 2286 nihil
1550 2227 1849 2297 accipimus
1900 2228 2040 2295 quod
2094 2223 2162 2280 ad

580 2337 703 2390 novi
746 2333 978 2387 tmminis
1033 2337 1087 2383 ct
1130 2327 1429 2383 secundum
1471 2322 1638 2377 Deum
1679 2318 1849 2389 creati
1905 2317 2162 2373 substan-

2218 598 2222 604 '
2259 582 2386 636 στοῦ
2410 584 2562 638 κατὰ
2591 585 2750 654 χάριν
2777 585 2867 639 διὰ
2896 587 2959 638 τὸ
2982 587 3178 642 ταυτόν
3206 587 3437 652 πως,ὼς
3471 587 3711 659 εἴρηται,
3731 590 3836 659 τῆς

2257 674 2565 743 γεννήσεως
2591 676 3073 747 ἀπεργαζομένην.
3126 676 3189 732 Εἰ
3229 678 3325 731 καὶ
3350 677 3412 730 τὸ
3446 676 3707 746 διάφορον
3734 675 3835 748 τῆς

2256 765 2481 835 πρώτης
2505 765 2696 835 νηδύος
2725 768 2860 839 πρὸς
2893 766 2990 839 τὴν
3017 767 3302 838 δευτέραν,
3320 767 3441 838 ἦτοι
3461 770 3560 839 τῆς
3585 767 3836 840 θεοδόχου

2256 856 2352 911 καὶ
2379 856 2632 910 θεοτόκου
2665 859 2906 929 γαστρὸς
2957 859 3093 929 πρὸς
3135 858 3233 929 τὴν
3262 859 3649 926 ἀναγεννῶσαν
3685 861 3837 929 ἡμᾶς

2256 948 2663 1018 κολυμϐήθραν,
2708 951 3045 1020 ἀσύγκριτόν
3074 952 3190 1003 ἐστι
3224 952 3290 1021 τῇ
3323 949 3472 1022 ἀξίᾳ,
3498 952 3696 1005 ὁπόσον
3720 954 3749 1005 ό
3773 953 3839 1003 ἐκ

2255 1040 2353 1110 τῆς
2389 1039 2612 1111 πρώτης
2658 1042 2944 1112 γεννηθεὶς
2979 1041 3204 1108 Κύριος.
3259 1043 3395 1111 πρὸς
3427 1046 3554 1106 τοὺς
3607 1043 3843 1110 ἀναγεν-

2256 1131 2532 1199 νωμένους
2566 1134 2629 1184 ὲκ
2660 1132 2759 1201 τῆς
2790 1134 3070 1203 δευτέρας,
3103 1132 3304 1202 μᾶλλον
3342 1134 3400 1186 δὲ
3431 1134 3523 1186 καὶ
3566 1134 3748 1187 πλέον.
3772 1135 3839 1187 Oi

2256 1220 2366 1289 γὰρ
2396 1220 2462 1274 ὲκ
2487 1222 2588 1290 τῆς
2618 1221 2878 1293 δευτέρας
2906 1222 3366 1292 ἁναγεννώμενοι,
3394 1224 3615 1294 ἀδελφοὶ
3634 1224 3733 1279 τοῦ
3773 1225 3841 1276 ἐκ

2256 1311 2359 1381 τῆς
2388 1312 2613 1382 πρώτης
2637 1314 2989 1382 γεννηθέντος
3025 1313 3159 1368 Υίοῦ
3185 1312 3277 1368 τοῦ
3298 1314 3434 1368 Θεοῦ
3463 1315 3842 1386 χρηματίζου-

2260 1420 2343 1457 σιν
2374 1404 2513 1458 κατὰ
2543 1406 2702 1475 χάριν
2721 1421 2732 1433 ·
2773 1407 2806 1474 ἡ
2837 1406 2893 1458 δὲ
2940 1407 3169 1477 δευτέρα
3202 1407 3365 1478 νηδὺς
3394 1408 3528 1477 πρὸς
3557 1409 3655 1477 τὴν
3680 1408 3837 1477 πρώ-
3946 1478 3953 1483 θ

2257 1509 2357 1563 τῃν
2404 1493 2660 1563 οὐδεμίαν
2692 1493 2948 1564 τοιαύτην
3012 1499 3338 1563 συγγένειαν
3386 1496 3671 1565 κέκτηται,
3700 1495 3841 1550 ἀλλὰ

2257 1584 2515 1639 τοσοῦτόν
2543 1588 2692 1640 ἐστιν
2726 1587 2974 1657 ἀλλήλων
3018 1585 3222 1656 μεταξὺ
3277 1587 3340 1638 τὺ
3384 1587 3661 1656 διάφορον,
3711 1590 3838 1643 ὅσον

2261 1677 2532 1745 σύμϐολον
2577 1677 2902 1749 ἐξωτερικόν
2950 1678 3209 1749 διαφέρον
3242 1682 3307 1749 τῇ
3344 1677 3508 1746 φύσει
3558 1679 3695 1750 πρὸς
3734 1681 3837 1750 τὴν

2217 1808 2221 1811 .
2258 1768 2541 1837 ἀλήθειαν.
2574 1768 2640 1821 Ἠ
2664 1770 2765 1837 μὲν
2795 1770 2904 1839 γάρ
2931 1771 3078 1823 ἐστιν
3100 1770 3306 1841 ἀληθὴς
3330 1769 3423 1823 τοῦ
3451 1771 3586 1823 Θεοῦ
3610 1773 3832 1842 Μήτηρ,

2258 1859 2346 1913 διὰ
2380 1860 2439 1912 τὸ
2472 1859 2683 1925 ἀληθῶς
2719 1861 2776 1926 ἐξ
2800 1863 2972 1927 αὐτῆς
2999 1862 3336 1930 ούσιωθῆναι
3361 1861 3452 1915 τὸν
3483 1861 3835 1931 ὑπερούσιον.

2259 1949 2331 2004 Τὸ
2359 1951 2416 2005 δὲ
2444 1951 2588 2020 ὕδωρ
2611 1951 2706 2004 τοῦ
2730 1952 2877 2005 θείου
2905 1952 3309 2022 βαπτίσματος,
3332 1953 3407 2017 ὡς
3438 1953 3712 2023 σύμϐολον
3740 1955 3839 2007 καὶ

2254 2043 2425 2109 τύπος
2460 2046 2958 2116 παραλαμϐάνεται
3011 2047 3110 2116 τῆς
3143 2045 3459 2117 ζωαρχικῆς
3513 2047 3610 2099 καὶ
3656 2045 3839 2100 θεοδό-

2254 2154 2353 2208 χου
2386 2137 2576 2207 νηδύος
2605 2137 2844 2207 ἐκείνης,
2877 2138 2952 2201 ὼς
2975 2138 3209 2208 εἴρηται.
3237 2138 3334 2191 Διὰ
3368 2138 3429 2191 τὸ
3460 2139 3558 2192 καὶ
3592 2138 3741 2209 ἡμᾶς
3766 2139 3834 2192 ὲκ

2254 2227 2446 2281 τούτου
2498 2228 2667 2299 χωρὶς
2712 2229 2983 2299 σαρκικῆς
3033 2229 3327 2298 συναφείας
3372 2230 3468 2285 καὶ
3512 2231 3623 2286 τῶν
3658 2230 3836 2285 ἄλλων

2254 2319 2353 2388 τῆς
2380 2318 2594 2386 φύσεως
2620 2318 2797 2389 ἔργων
2823 2320 3223 2389 άναγεννᾶσθαι
3248 2322 3546 2393 ὑπερφυῶς
3575 2323 3657 2387 είς
3682 2325 3836 2385 υἱοὺς

583 2429 859 2486 tiatioucm
886 2424 1174 2495 pertineat.
1203 2420 1336 2475 Nam
1361 2419 1413 2473 id
1451 2426 1621 2472 totum
1651 2413 1794 2483 quod
1819 2412 1886 2467 ab
1917 2411 2155 2467 secunda

2261 2410 2421 2474 θεοῦ,
2447 2412 2544 2464 καὶ
2577 2410 2938 2480 συμμόρφους
2985 2411 3086 2481 τῆς
3136 2413 3346 2477 εἰκόνος
3377 2414 3472 2467 τοῦ
3507 2414 3668 2485 φύσει
3697 2412 3832 2469 Υῐοῦ

581 2524 685 2575 liae
737 2519 1017 2572 creatione
1071 2523 1233 2582 atque
1281 2507 1693 2580 regeneratiune
1749 2510 2079 2575 praestatur,
2124 2515 2155 2556 a

2262 2502 2355 2555 cui)
2402 2503 2539 2557 Θεοῦ
2581 2503 2937 2574 γεννηθέντος
2977 2505 3042 2558 ὲκ
3077 2504 3180 2574 τῆς
3217 2506 3558 2576 παρθενικῆς
3611 2507 3830 2577 ἐκείνης

578 2611 873 2683 praesentia
904 2608 1079 2663 sancti
1112 2605 1348 2675 Spiritus
1378 2602 1459 2656 ﬁt.

2260 2596 2349 2648 καὶ
2390 2594 2692 2666 ἀμωμήτου
2724 2596 2963 2666 γαστρός
2985 2611 2998 2626 ·
3030 2596 3095 2649 ὲκ
3129 2595 3237 2668 γὰρ
3288 2596 3381 2679 τοῦ
3427 2597 3620 2661 ὕδατος
3645 2599 3835 2669 ήμεῐς,

579 2708 731 2762 οὐδέν
768 2723 822 2758 τι
873 2701 1234 2773 λαμϐάνομεν
1283 2699 1365 2761 εἰς
1409 2694 1668 2751 οὐσίωσιν
1715 2690 1811 2747 τοῦ
1847 2689 2037 2749 καινοῦ
2066 2690 2161 2745 καὶ
2198 2689 2343 2745 κατὰ
2398 2688 2534 2743 Θεδν
2577 2687 2890 2753 κτισθέντος
2937 2688 3253 2761 ἀνθρώπου.
3281 2691 3354 2744 Τὸ
3421 2692 3532 2763 γὰρ
3577 2694 3683 2747 πᾶν
3733 2693 3837 2764 τῆς

577 2801 835 2873 τοιαύτης
885 2797 1153 2861 θεοειδοῦς
1205 2790 1623 2865 άναγενιήσεώς
1677 2806 1737 2845 τε
1791 2788 1885 2843 καὶ
1937 2786 2320 2853 ἀνακλάσεως,
2400 2786 2433 2856 ἠ
2498 2785 2779 2856 παρουσία
2856 2782 2955 2838 τοῦ
2994 2784 3157 2854 ἁγίου
3192 2783 3518 2857 Πνεύματος
3576 2787 3829 2857 ἀπεργά-

581 2899 755 2963 ζεται.

652 2992 707 3046 4.
740 2987 1083 3057 Quapmptcr
1112 2979 1201 3035 ille
1241 2991 1339 3049 per
1385 2988 1541 3031 suam
1576 2969 2009 3045 incarnationem
2044 2978 2167 3034 qua:

581 3054 818 3134 mentem
855 3054 919 3126 ac
953 3072 1216 3125 rationem
1268 3078 1487 3120 omnem
1542 3066 1787 3128 superat,
1844 3057 2014 3111 nOStri
2055 3054 2166 3108 fer-

583 3167 752 3225 menti
797 3163 1107 3234 primitias.
1157 3158 1223 3212 ad
1278 3168 1551 3212 summum
1604 3148 1902 3207 divinitatis
1947 3145 2162 3212 extulit,

579 3259 822 3318 eﬂicieus
872 3268 1085 3321 nempe,
1123 3252 1174 3305 id
1215 3249 1361 3319 quod
1409 3262 1437 3298 ιι
1486 3259 1544 3299 se
1579 3242 1758 3297 fuerat
1796 3245 2157 3305 assumptum,

581 3366 694 3408 sua:
755 3344 1058 3403 divinitatis
1106 3354 1364 3405 consors,
1421 3334 1577 3391 nobis
1644 3331 1839 3388 deinde
1893 3328 2156 3383 unitatem

580 3451 789 3500 natura:
822 3438 1074 3508 largitus,
1115 3442 1171 3488 et
1217 3444 1407 3494 carne,
1460 3436 1514 3482 et
1566 3425 1827 3494 sanguine
1876 3421 2158 3477 nobiscum

581 3530 948 3606 participatis,
1000 3518 1491 3582 cousubstantialis
1550 3515 1708 3570 nobis
1769 3509 1996 3567 eﬂ‘ecms
2051 3516 2158 3563 est.

583 3625 688 3680 Per
722 3621 1014 3679 secundam
1065 3632 1194 3671 vero
1232 3621 1474 3668 nostram
1527 3607 1860 3663 creationem
1895 3617 2013 3672 quae
2064 3612 2163 3672 per

583 3717 912 3786 baptismum
939 3712 1019 3777 fit,
1049 3707 1257 3775 recepit
1282 3718 1382 3759 nos
1411 3702 1464 3756 in
1508 3700 1705 3754 fratres
1734 3712 1802 3753 ex
1832 3694 1997 3752 simili
2029 3706 2163 3762 quo-

584 3783 709 3862 dam
741 3800 1111 3875 generationis
1164 3795 1345 3858 modo,
1377 3788 1454 3846 uti
1489 3789 1763 3843 diximus:
1803 3784 1976 3841 solum
2016 3783 2161 3838 enim

583 3899 640 3953 in
690 3874 884 3965 spiritu
941 3899 1158 3946 renatos
1209 3886 1553 3940 fraternitate
1626 3880 1810 3946 donat,
1871 3876 2003 3932 deos
2047 3874 2161 3945 jam

583 4004 684 4060 per
713 3969 1149 4057 gratiamfactos
1191 3986 1247 4033 ct
1289 3987 1547 4046 tanquam
1589 3975 1812 4028 indutos
1870 3969 2161 4039 imaginem

584 4058 823 4134 cmlestis
873 4070 1088 4136 Adatui,
1142 4076 1204 4125 ut
1249 4067 1523 4137 quondam
1572 4062 1799 4128 terreni.
1845 4058 1985 4115 Hine
2014 4058 2162 4113 enim

584 4171 823 4229 divinam
872 4166 1105 4221 formam
1148 4160 1445 4231 accipiunt,
1485 4165 1542 4212 et
1580 4155 1649 4210 ad
1689 4154 1858 4223 ipsius
1903 4150 2163 4207 humani-

585 4264 715 4320 tatis
748 4259 1077 4328 exempium,
1110 4269 1228 4324 quae
1262 4253 1328 4307 ad
1369 4251 1692 4306 altissimum
1718 4244 2019 4301 divinitatis
2047 4256 2164 4314 gra-

583 4355 711 4407 dum
741 4358 925 4405 erecta
950 4357 1055 4409 est,
1089 4342 1437 4397 deificautur.
1471 4337 1814 4407 Quapropter
1842 4348 1950 4389 non
1974 4346 2165 4388 omnes

586 4439 837 4497 homines
874 4444 1003 4491 sunt
1052 4432 1250 4486 fratres
1297 4429 1529 4496 Domini,
1577 4428 1675 4483 sed
1721 4427 1760 4482 ii
1810 4433 2022 4482 tantum
2069 4422 2163 4495 qui

586 4531 763 4587 renati
789 4538 916 4585 sunt
944 4541 1042 4597 per
1060 4534 1308 4579 sanctum
1345 4523 1696 4590 baptismum,
1729 4528 1784 4575 et
1811 4525 2166 4575 servaverunt

587 4625 907 4681 deiformem
943 4616 1401 4690 pulchritudinem
1436 4615 1502 4670 ad
1537 4615 1699 4670 finem
1747 4628 1920 4685 usque
1966 4614 2165 4669 imma-

2336 2966 2400 3022 δ’.
2440 2967 2606 3024 Ὅθεν
2638 2968 2727 3025 διὰ
2757 2972 2858 3043 μὲν
2882 2970 2982 3043 τῆς
3010 2971 3154 3044 ὑπὲρ
3211 2972 3339 3027 νοῦν
3371 2972 3465 3027 καὶ
3490 2972 3646 3042 λόγον
3676 2975 3839 3029 ἐνανο

2266 3055 2606 3129 θρωπήσεως
2670 3061 2859 3130 αὐτοῦ,
2904 3062 3002 3133 τὴν
3058 3062 3160 3134 μὲν
3217 3064 3475 3136 ἀπαρχὴν
3532 3065 3611 3128 είς
3660 3064 3837 3135 ἄκρον

2263 3147 2468 3202 ὲθέωσε
2498 3148 2593 3203 τοῦ
2620 3151 3245 3225 ήμετέρουιφυράματος
3263 3154 3382 3224 ἦτοι
3408 3152 3470 3209 τὸ
3491 3154 3623 3208 ῐδιον
3660 3154 3837 3223 πρόσ-

2260 3238 2477 3311 λημμα,
2507 3241 2737 3312 όμόθεον
2765 3243 3228 3314 ἀπεργασάμενον
3263 3242 3451 3298 τοῦτο⁹
3481 3245 3616 3316 ἡμῖν
3664 3244 3721 3298 δὲ
3772 3244 3836 3298 τὸ

2259 3328 2505 3399 δμοφυὲς
2566 3330 2905 3402 ἐδωρήσατο,
2970 3334 3310 3403 κοινωνήσας
3355 3334 3487 3403 ἡμῖν
3543 3333 3837 3406 παραπλη.

2265 3418 2395 3482 σίως
2428 3419 2630 3484 σαρκὸς
2649 3424 2746 3474 καὶ
2769 3420 3022 3491 αἵματος.
3045 3423 3361 3478 Κάντεῦθεν
3382 3424 3668 3493 ὀμοούσιος
3699 3427 3835 3494 ἡμῖν

2262 3510 2504 3581 γεγονὼς
2531 3511 2620 3566 διὰ
2649 3512 2705 3565 δὲ
2730 3513 2830 3584 τῆς
2860 3514 3220 3578 άναπλάσεως
3252 3515 3411 3585 ἡμῶν
3458 3515 3557 3587 τῆς
3584 3516 3721 3571 κατὰ
3772 3518 3836 3570 τδ

2265 3603 2576 3674 βάπτισμα,
2618 3605 2700 3667 είς
2732 3604 3077 3677 ἀδελφότητα
3115 3608 3437 3677 προσήκατο
3474 3609 3570 3662 καὶ
3588 3609 3837 3679 ἀνήγαγε

2262 3694 2351 3749 διὰ
2372 3694 2431 3747 τὸ
2449 3695 2813 3767 ὁμοιότροπόν
2842 3713 2982 3763 πως,
3001 3696 3078 3760 ὡς
3101 3696 3342 3767 εἴρηται,
3360 3698 3458 3767 τῆς
3487 3698 3797 3769 γεννήσεως
3819 3716 3835 3731 ·

2261 3786 2388 3849 τοὺς
2413 3788 2524 3858 γὰρ
2553 3789 3041 3858 άναγεννωμὲνους
3080 3786 3137 3842 ἒν
3185 3789 3358 3857 πνεύελ
3371 3805 3462 3843 ατι
3513 3792 3709 3860 μόνους
3738 3791 3843 3862 τῆς

2267 3876 2629 3950 άδελφότητος
2665 3877 2810 3943 ἀξιοῖ
2860 3878 3021 3943 θεοὺς
3063 3877 3206 3933 κατὰ
3263 3880 3424 3950 χάριν
3466 3878 3720 3933 ἐντεῦθεν
3747 3896 3844 3949 γε·

2267 3971 2659 4042 γεννημένους,
2690 3970 2766 4036 ὡς
2796 3973 3137 4041 φορέσαντας
3194 3972 3294 4043 τὴν
3332 3972 3521 4027 εἰκόνα
3550 3972 3640 4026 τοῦ
3671 3975 3842 4026 ἐπου-

2272 4065 2459 4136 ρανίου
2511 4066 2690 4137 Ἀδὰμ
2736 4065 2929 4139 ὥσπερ
2985 4068 3179 4141 πρώην
3217 4068 3311 4122 τοῦ
3355 4067 3562 4138 χοϊκοῦ.
3612 4069 3686 4121 Τὸ
3732 4070 3847 4140 γὰρ

2268 4156 2412 4212 θεῖον
2439 4154 2581 4222 εἶδος
2621 4160 2873 4214 ἐντεῦθεν
2912 4159 3274 4229 λαμϐάνουσι,
3325 4160 3463 4215 καθὸ
3485 4161 3727 4230 γίνονται
3753 4177 3849 4215 τε-

2266 4252 2535 4325 θεωμένοι
2562 4253 2752 4325 ὥσπερ
2804 4258 2882 4319 εὶς
2934 4255 3107 4325 ἄκρον
3150 4253 3358 4327 ὲθεώθη
3392 4257 3486 4309 καὶ
3535 4256 3599 4310 τὸ
3631 4256 3847 4327 ἀνθρώ-

2264 4358 2421 4397 πινον
2464 4342 2681 4398 τούτου.
2709 4344 2812 4397 Διὰ
2858 4345 2968 4415 γὰρ
2996 4345 3156 4398 τοῦτο
3198 4345 3260 4398 οὐ
3313 4346 3515 4410 πάντες
3563 4344 3846 4416 ἄνθρωποί

2264 4433 2404 4487 εἰσιν
2433 4432 2659 4503 ἀδελφοὶ
2685 4432 2780 4487 τοῦ
2826 4435 3060 4504 Κυρίου,
3114 4435 3232 4489 ἀλλ’
3277 4439 3326 4491 oi
3374 4438 3844 4507 ἀναγεννηθέντες

2265 4522 2356 4577 διὰ
2401 4525 2501 4581 τοῦ
2565 4525 2715 4580 θείου
2765 4526 3171 4598 βαπτίσματος,
3231 4531 3327 4583 καὶ
3389 4531 3736 4601 τηρήσαντες
3779 4531 3843 4585 τὸ

2268 4610 2504 4680 θεοειδὲς
2543 4615 2744 4680 κάλλος
2792 4617 3131 4687 άκηλίδωτον
3180 4617 3345 4689 μέχρι
3382 4618 3588 4683 τέλους.
3624 4620 3842 4690 Ὠσπερ

588 4716 847 4770 culataut.
888 4710 958 4767 Ut
1006 4710 1153 4764 enim
1188 4723 1286 4763 nos
1314 4720 1588 4776 nunquam
1637 4719 1830 4774 equos,
1865 4712 1960 4760 aut
2007 4717 2160 4763 canes

2275 4707 2388 4779 γὰρ
2415 4709 2600 4778 ήμείς,
2624 4709 2687 4762 οὐ
2729 4708 2834 4763 κάν
2876 4726 3007 4762 ποτε
3051 4709 3385 4780 καλέσαιμεν
3425 4711 3687 4779 ἀδελφοὺς
3711 4713 3843 4775 τοὺς

586 4822 914 4864 vocaremus
946 4804 1170 4869 fratres,
1210 4816 1276 4857 eo
1310 4801 1454 4871 quod
1489 4808 1674 4855 nostra
1720 4813 1872 4865 caro,
1917 4798 2063 4854 sicut
2110 4801 2169 4852 et

590 4899 828 4963 illorum,
873 4911 942 4949 ex
972 4903 1114 4948 terra
1149 4899 1386 4958 constet,
1431 4888 1780 4958 mortalisque
1812 4889 1885 4943 sit
1908 4894 1965 4941 et
1993 4886 2171 4956 passi-

590 4974 738 5054 bilis,
786 4987 1039 5043 sensibus
1089 4994 1143 5039 et
1193 4982 1506 5052 sanguineis
1536 4982 1688 5036 venis
1733 4987 2036 5048 compacta,
2088 4984 2171 5032 at-

589 5090 873 5149 tractoque
898 5092 995 5149 per
1018 5077 1327 5147 pulmonem
1356 5087 1482 5129 aere
1504 5071 1662 5142 quasi
1691 5071 1743 5125 in
1770 5085 1828 5126 se
1859 5070 1974 5138 ipsa
2003 5068 2170 5122 vitam

591 5174 899 5235 includens,
932 5172 1023 5225 sed
1061 5168 1371 5236 adiectione
1411 5164 1641 5221 rationis
1688 5163 1757 5217 ab
1791 5163 2005 5216 illorum
2045 5158 2164 5213 alli-

592 5265 758 5316 nitate
788 5277 850 5315 ac
876 5261 1221 5329 fraternitate
1248 5258 1572 5320 diﬂeritnus,
1604 5252 1935 5321 accipientes
1956 5259 2165 5304 tantum

490 5350 491 5353 “
589 5355 644 5407 in
684 5351 878 5405 horum
909 5350 1347 5403 communionem
1393 5360 1505 5406 eos,
1558 5343 1648 5411 qui
1700 5343 1911 5395 ratione
1954 5337 2166 5408 prtediti

589 5453 715 5498 sunt
741 5460 755 5509 ;
791 5442 870 5495 sie
889 5450 939 5495 et
964 5440 1215 5495 Salvator
1248 5447 1431 5492 noster
1459 5445 1698 5490 nostram
1729 5448 1797 5487 ex
1829 5433 2007 5496 nobis,
2040 5446 2164 5487 cum

589 5535 977 5600 assumpsisset
1004 5542 1280 5592 naturam,
1337 5544 1440 5582 non
1475 5528 1617 5581 hanc
1646 5524 1873 5589 nudam,
1905 5532 1995 5577 aut
2020 5522 2163 5576 diri-

590 5646 674 5685 nte
699 5630 884 5701 gloria:
924 5638 1199 5695 expertem
1248 5638 1369 5679 esse
1416 5622 1606 5690 voluit,
1643 5623 1736 5677 sed
1780 5637 1899 5676 eam
1950 5636 2014 5674 ex
2046 5621 2158 5690 ipsa

593 5722 834 5775 unitioue
875 5720 1064 5773 ditavit
1088 5715 1283 5770 divina:
1308 5723 1513 5767 natura:
1541 5713 1978 5784 proprietatibus.
2010 5713 2162 5766 ldeo-

593 5826 699 5883 que
752 5828 873 5868 cum
925 5814 1061 5866 banc
1121 5801 1229 5860 Deo
1293 5802 1507 5871 dignam
1563 5805 1791 5875 gratiam
1854 5803 2160 5859 hominibus

2265 4800 2470 4864 ἵππους
2520 4799 2616 4852 κα)⁵
2646 4798 2815 4863 κύνας
2887 4800 2977 4854 διὰ
3031 4801 3092 4854 τὸ
3125 4801 3224 4871 τὴν
3269 4803 3426 4873 ήμῶν
3468 4820 3526 4855 τε
3574 4803 3846 4857 κάκείνων

2270 4892 2452 4963 σάρκα
2484 4890 2888 4962 παραπλησίως
2915 4896 2980 4946 ἐκ
3008 4892 3113 4962 γῆς
3139 4878 3463 4963 ὑφεστάναι,
3496 4894 3594 4947 καὶ
3635 4895 3844 4966 θνητὴν

2267 4983 2515 5046 ὁσαύτως
2535 4978 2677 5037 εἶναι
2718 4984 2813 5036 καὶ
2841 4984 3117 5056 παθητὴν,
3151 4986 3404 5054 αἰσθήσει
3448 4986 3847 5057 συνδεδεμένην

2270 5071 2365 5123 καὶ
2390 5070 2595 5140 ὀχετοῖς
2623 5071 2875 5140 αἱμάτων
2904 5074 3001 5125 καὶ
3030 5077 3097 5145 τῇ
3128 5075 3216 5129 διὰ
3250 5064 3351 5128 τοῦ
3377 5075 3679 5145 πνεύμονος
3706 5075 3844 5146 ὁλκῇ

2268 5158 2367 5212 τοῦ
2400 5161 2586 5229 ἀέρος,
2617 5161 2715 5229 τὴν
2746 5160 2892 5230 ζωὴν
2938 5161 3126 5232 ὥσπερ
3159 5165 3217 5216 ὲν
3270 5167 3440 5235 ἐαυτῇ
3497 5166 3850 5235 περικλείου-

2267 5268 2390 5316 σαν,
2416 5252 2555 5305 ἀλλὰ
2584 5254 2650 5321 τῇ
2698 5252 2992 5326 προσθήκῃ
3050 5256 3143 5308 τοῦ
3203 5255 3421 5324 λογικοῦ
3475 5257 3845 5329 διεστήκαμεν

2265 5343 2365 5404 τῆς
2415 5342 2685 5410 όμοφυῖας
2735 5342 2962 5395 ἐκείνων
3008 5347 3101 5398 καὶ
3166 5345 3548 5417 ἁδελφότητος,
3602 5349 3731 5412 τοὺς
3782 5349 3845 5403 τὸ

2264 5433 2485 5499 λογικὸν
2516 5434 2676 5503 μόνον
2702 5434 3156 5507 πεπλουτηκότας
3185 5440 3265 5499 εἰς
3316 5440 3597 5493 κοινωνίαν
3634 5440 3848 5493 τούτων

2266 5523 2567 5590 δεχόμενοι,
2616 5523 2760 5576 οὕτω
2811 5526 2907 5578 καὶ
2958 5529 2986 5579 ὁ
3033 5527 3225 5597 Σωτὴρ
3264 5528 3423 5597 ήμῶν
3473 5528 3532 5592 ἐξ
3591 5528 3754 5599 ἡμῶν
3784 5530 3847 5583 τὸ

2270 5613 2549 5682 ἡμέτερον
2580 5615 3046 5687 προσλαϐόμενος,
3084 5621 3143 5672 οὐ
3177 5619 3336 5688 ψιλόν
3369 5622 3551 5690 ἐτήρει
3599 5621 3694 5674 καὶ
3738 5620 3845 5691 τῆς

2269 5705 2419 5767 θείας
2449 5704 2608 5773 δόξης
2637 5709 2928 5780 ἀμέτοχον,
2954 5712 3066 5765 ἁλλ’
3097 5714 3157 5777 ἐξ
3204 5714 3376 5782 αὐτῆς
3428 5713 3672 5774 ένώσεως
3726 5712 3844 5778 τοῖς

2270 5796 2524 5867 ίδιώμασι
2557 5800 2656 5869 τῆς
2703 5801 2855 5867 θείας
2891 5806 3299 5878 κατεπλούτησε
3328 5807 3566 5876 φύσεως.
3600 5806 3712 5859 Καὶ
3748 5804 3842 5862 διὰ
