4156 6304
540 399 645 462 335

1567 399 2064 462 Tl—IEOPHANIS
2106 400 2447 462 EPISCOPI
2483 401 2767 464 NlC/‘ENI

3685 397 3789 466 336

535 517 973 575 communionem
1009 515 1158 587 prius
1186 531 1281 586 per
1309 515 1546 586 seipsum
1577 516 1801 586 perfecit
1825 514 2099 580 Salvatur,

2212 532 2344 584 σμα,
2405 515 2595 567 ἔπειτα
2639 514 2977 584 συναφθῆναι
3033 515 3098 584 τῇ
3162 512 3393 585 κεφαλῇ,
3445 514 3573 585 ἥτις
3625 522 3792 572 συνά-

535 610 590 666 iu
627 609 850 680 mystica
893 622 1052 663 coena
1098 623 1254 663 suum
1298 607 1416 676 ipse
1449 621 1646 676 corpus
1679 607 2111 675 sanguineumque

533 700 813 769 proprium
861 700 1047 761 litans,
1077 697 1323 767 dansque
1355 697 1467 752 haec
1513 697 1566 750 in
1615 696 1796 751 cibum
1836 705 1891 750 et
1927 705 2109 764 potum

453 827 464 848 κ
532 789 815 859 apostolis,
862 804 984 842 cum
1035 802 1230 858 panem
1263 796 1320 842 et
1371 789 1550 842 vinum
1589 787 1910 855 accepisset,
1956 801 2110 840 com-

535 890 900 951 mutassetque
924 883 973 934 in
999 880 1266 950 propriam
1299 893 1516 933 carnem
1543 879 1731 947 spiritu
1763 877 2111 948 perfectionis

535 980 815 1026 auctore:
873 971 963 1040 qui
1012 971 1189 1040 primo
1248 969 1393 1022 illam
1445 967 1698 1023 conflavit
1743 982 1812 1021 ex
1869 967 2105 1037 virginea

534 1079 697 1118 carne
753 1071 806 1118 et
843 1063 1126 1131 sanguine,
1157 1061 1334 1116 denuo
1365 1069 1545 1115 tamen
1576 1059 1641 1114 ad
1687 1059 1831 1112 illam
1859 1058 2106 1113 eamdem

531 1155 864 1215 efﬁciendam
923 1154 1124 1210 carnali
1157 1162 1374 1218 natura,
1408 1153 1550 1207 sicut
1581 1160 1737 1206 antea
1767 1151 1819 1204 in
1861 1147 2105 1218 Virgine,

531 1249 754 1304 minime
785 1248 1050 1316 indigens.
1094 1247 1170 1300 lta
1211 1261 1311 1301 nos
1365 1245 1580 1322 perlicit
1629 1243 1764 1314 (ιο),
1804 1243 1945 1298 ﬁlios
2009 1240 2106 1296 Dei

532 1341 762 1404 iaciens,
798 1337 1061 1407 regnique
1115 1335 1199 1391 sui
1247 1337 1602 1402 colimredes;
1651 1334 1787 1390 adeo
1838 1344 1896 1388 ut
1945 1347 2105 1402 quem

529 1433 709 1486 omnis
740 1430 1002 1501 spiritalis
1035 1440 1088 1484 et
1135 1427 1412 1483 sensibilis
1443 1434 1695 1482 creatura
1742 1426 1954 1491 adorat,
1988 1436 2107 1480 tan-

531 1541 693 1591 quam
749 1524 918 1578 Deum
953 1535 1076 1575 cum
1112 1518 1272 1576 Patre
1321 1528 1374 1573 et
1426 1525 1616 1573 sancto
1668 1516 1874 1586 Spiritu
1922 1515 2106 1570 consi-

532 1620 771 1677 dentem,
804 1628 900 1666 nos
936 1619 994 1664 ut
1043 1611 1267 1666 fratrem
1300 1609 1616 1674 habeamus,
1662 1617 1826 1676 utque
1860 1605 2101 1662 membra

531 1703 718 1772 capiti,
751 1716 850 1757 nos
878 1700 952 1755 illi
981 1699 1380 1762 adhaereamus,
1407 1707 1462 1751 et
1504 1695 1938 1767 inseparabiliter
1967 1711 2100 1752 cono

525 1795 702 1866 juncli
735 1796 904 1850 simus
940 1793 994 1847 in
1027 1791 1235 1846 inﬁnita
1266 1791 1487 1847 saecula.

2215 625 2342 675 φεια
2387 607 2476 660 διὰ
2506 608 2606 677 τῆς
2668 608 2907 679 φρικτῆς
2963 608 3248 670 κοινωνίας
3295 610 3666 666 ἀποτελεῖται.
3720 614 3788 667 Ἦ

2212 696 2267 750 δέ
2298 698 2415 749 ἐστι
2439 700 2538 766 τῆς
2569 697 2878 770 ἀφθαρσίας
2907 699 2965 752 τὸ
2997 697 3274 769 ζώπυρον,
3305 699 3498 768 ἥντινα
3559 704 3788 770 μετάδο-

2214 804 2299 840 σιν
2348 788 2442 842 καὶ
2508 789 2791 843 κοινωνίαν
2849 789 3068 858 πρῶτον
3113 790 3180 842 δι’
3222 789 3416 842 ἑαυτοῦ
3455 790 3699 843 ἐτέλεσεν
3759 793 3788 844 ὁ

2212 873 2448 943 Σωτὴρ,λ’
2482 875 2622 928 κατὰ
2655 877 2747 929 τὸν
2784 877 3046 946 μυστικὸν
3068 877 3282 930 δεῖπνον
3317 879 3476 941 αὐτὸς
3503 882 3562 931 τὸ
3589 880 3788 934 ἑαυτοῦ

2214 965 2374 1035 σῶμα
2402 967 2704 1037 ίερουργῶν
2759 969 2854 1022 καὶ
2883 970 2944 1022 τὸ
2981 969 3116 1024 ίδιον
3144 963 3309 1038 αἷμα,
3345 971 3437 1023 καὶ
3493 971 3672 1035 διδοὺς
3707 976 3790 1036 εἰς

2212 1055 2417 1126 βρῶσιν
2446 1059 2537 1111 καὶ
2568 1059 2729 1112 πόσιν
2785 1060 2879 1113 καὶ
2913 1063 3027 1124 τοῖς
3081 1061 3430 1126 ἀποστόλοις,
3493 1064 3658 1132 ἄρτον
3696 1070 3790 1118 καὶ

2210 1145 2361 1202 οἶνον
2393 1149 2594 1216 λασὼν,
2634 1151 2722 1204 καὶ
2755 1150 3080 1220 μεταϐαλὼν
3127 1151 3296 1204 ταῦτα
3325 1155 3405 1214 είς
3444 1154 3626 1220 σάρκα
3650 1157 3790 1209 ίδξαν

2208 1239 2286 1308 τῷ
2317 1240 2688 1313 τελεταρχικῷ
2731 1243 3004 1313 πνεύματι
3027 1260 3042 1275 ο
3071 1244 3150 1313 τῷ
3190 1245 3286 1298 καὶ
3321 1247 3557 1315 πρώτως
3585 1248 3791 1318 ταύτην
3877 1235 3882 1240 ’

2210 1333 2606 1403 συστησαμένῳ
2657 1335 2723 1388 ἐκ
2754 1336 2852 1405 τῆς
2878 1335 3217 1407 παρθενικῆς
3275 1338 3480 1409 σαρκὸς
3543 1342 3635 1392 καὶ
3677 1343 3789 1394 τῶν

2207 1425 2413 1494 ταύτης
2450 1426 2720 1495 αίμάτων,
2758 1427 2834 1498 μὴ
2863 1427 3078 1498 δεηθεὶς
3102 1429 3196 1481 καὶ
3252 1431 3346 1482 νῦν
3383 1431 3660 1501 σαρκικῆς
3686 1433 3788 1501 φύ-

2211 1534 2350 1582 σεως
2382 1523 2462 1583 είς
2483 1520 2836 1591 ἀποτέλεσμα
2868 1521 3095 1592 ταύτης.
3127 1522 3336 1594 Ὠσπερ
3369 1523 3478 1593 ἄρα
3517 1525 3611 1578 καὶ
3664 1528 3788 1579 τότε

2207 1610 2266 1663 ὲν
2294 1614 2360 1681 τῇ
2387 1613 2669 1683 Παρθένῳ,
2704 1614 2798 1667 καὶ
2841 1613 3018 1677 οὕτως
3063 1614 3213 1683 ἡμᾶς
3242 1616 3446 1669 τελειοῖ
3478 1617 3626 1680 υἱοὺς
3645 1618 3786 1672 θεοῦ

2209 1702 2668 1771 ἀπεργασάμενος
2719 1705 2813 1757 καὶ
2865 1705 3348 1775 συγκληρονόμους
3379 1707 3476 1778 τῆς
3507 1708 3791 1779 βασιλείας

2208 1791 2411 1845 αὐτοῦ’
2469 1793 2611 1846 ὥστε
2667 1795 2758 1848 τὸν
2815 1795 2920 1849 ύπδ
2973 1796 3158 1865 πάσης
3222 1801 3453 1862 κτίσεως
3499 1795 3697 1871 νοερᾶς
3725 1817 3789 1853 τε

532 1891 625 1943 καὶ
654 1887 922 1958 αἰσθητῆς
950 1884 1426 1958 προσκυνούμενον
1453 1885 1528 1948 ὡς
1553 1883 1686 1938 Θεὸν
1711 1884 1806 1938 καὶ
1841 1883 1915 1955 τῷ
1935 1884 2108 1954 Πατρὶ
2147 1885 2241 1939 καὶ
2279 1885 2559 1957 Πνεύματι
2592 1887 3003 1956 συνεδρεύοντα,
3064 1889 3140 1953 ὡς
3206 1891 3438 1960 ἀδελφὸν
3481 1891 3634 1962 ἔχειν
3693 1893 3790 1945 καὶ

528 1986 604 2050 ὡς
635 1985 772 2055 μέλη
802 1985 871 2054 τῇ
899 1983 1109 2037 ἑαυτῶν
1143 1980 1376 2051 κεφαλῇ,
1402 1981 1572 2043 οὕτως
1597 1979 1790 2050 ἐκείνῳ
1847 1979 2268 2053 προσηρμόσθαι
2299 1998 2359 2036 τε
2408 1984 2503 2036 καὶ
2527 1982 2853 2055 ἀχωρίστως
2918 1983 3141 2055 ἔχεσθαι
3207 1985 3289 2047 είς
3347 1985 3552 2051 αἰῶνας
3625 1989 3791 2040 ἀπεί-

533 2095 678 2147 ρους.

601 2171 658 2224 6.
694 2167 817 2224 lltec
850 2177 996 2232 sunt,
1051 2183 1083 2224 ο
1125 2167 1345 2234 fratres,
1387 2166 1596 2234 eﬂ‘ecta,
1630 2181 1752 2236 quae
1797 2181 1958 2236 supra
2000 2182 2099 2220 na-

2277 2164 2353 2231 ς·’.
2386 2165 2594 2233 Ταῦτα,
2629 2165 2872 2236 ἀδελφοὶ,
2894 2165 2962 2220 τὰ
2995 2166 3134 2238 ὑπὲρ
3157 2166 3319 2236 φύσιν
3337 2168 3787 2240 ἀποτελέσματα·

532 2271 710 2318 turam
753 2271 899 2326 sunt,
953 2260 1068 2314 haec
1103 2259 1213 2315 Deo
1249 2261 1405 2331 digna
1435 2274 1662 2331 quaeque
1690 2275 1905 2316 onmem
1947 2259 2112 2314 ratio-

533 2370 654 2409 nem
689 2352 957 2409 excedunt
984 2349 1104 2406 Filii
1138 2350 1230 2405 Dei
1267 2351 1334 2405 ad
1372 2366 1468 2406 nos
1518 2352 1571 2406 in
1623 2366 1791 2406 carne
1840 2351 2111 2407 venientis

527 2460 691 2516 opera
726 2445 836 2512 ;ad
863 2444 966 2501 tale
993 2458 1253 2499 cacumen
1287 2453 1340 2499 et
1372 2443 1843 2513 incomparabilem
1883 2442 2110 2512 gloriam

526 2538 707 2592 evexit
727 2537 987 2591 humilem
1022 2543 1274 2590 naturam
1303 2543 1551 2589 nostram
1582 2543 1798 2588 amator
1827 2532 2108 2587 hominum

531 2627 809 2681 Dominus.
835 2625 1103 2691 Quoniam
1137 2638 1267 2694 ergo
1291 2637 1430 2692 opus
1455 2631 1575 2678 erat
1605 2624 1714 2679 tale
1744 2623 2108 2679 deificationis

526 2727 732 2772 nostra:
783 2713 1148 2770 inenarrabile
1193 2715 1510 2785 mysterium
1563 2724 1827 2790 perpetuo
1860 2714 2107 2769 exerceri

529 2809 584 2862 in
642 2807 710 2862 iis
755 2807 846 2876 qui
906 2807 958 2861 in
1015 2805 1182 2861 vitam
1233 2805 1545 2862 successuri
1589 2814 1775 2861 essent
1832 2805 2105 2871 homines,

529 2913 702 2970 usque
729 2899 796 2953 ad
846 2898 1372 2954 consummationem
1426 2897 1638 2962 mundi,
1681 2899 1796 2952 .hoc
1829 2906 1914 2952 est
1953 2911 2108 2968 rege-

529 2991 866 3046 nerationem
929 2989 1171 3060 ipsorum
1228 3003 1324 3057 per
1377 3003 1594 3044 sacrum
1634 2989 1999 3058 baptismum,
2052 2997 2108 3044 et

527 3080 965 3149 coniunctionem
1017 3094 1138 3134 cum
1181 3077 1441 3146 Christo,
1490 3093 1610 3149 quae
1651 3092 1748 3148 per
1799 3079 2105 3134 communi-

527 3173 802 3228 cationem
855 3169 1117 3226 Dominici
1162 3170 1406 3241 corporis
1440 3180 1494 3226 et
1529 3170 1808 3242 sanguinis
1844 3170 1900 3224 fit
1929 3208 1944 3235 ,
1978 3183 2104 3239 per-

530 3275 748 3335 petuam
784 3279 903 3320 esse
926 3274 1088 3336 atque
1123 3265 1682 3335 tinnissimam;opus
1711 3270 2104 3318 autemeratut

527 3367 583 3412 ct
630 3355 894 3414 Dominus
931 3367 1054 3429 post
1108 3357 1412 3430 passionem
1460 3367 1514 3413 et
1560 3357 2014 3412 resurrectionem
2046 3355 2101 3410 in

527 3449 694 3506 caelos
739 3456 1078 3516 ascenderet,
1133 3459 1298 3520 atque
1332 3449 1400 3504 ad
1436 3449 1717 3504 dexteram
1766 3449 1951 3503 throni
1986 3463 2102 3503 ma-

522 3543 738 3613 jestatis
791 3542 1062 3624 assideret
1117 3557 1132 3594 :
1179 3542 1300 3596 ideo
1356 3541 1606 3611 opificem
1675 3539 1822 3595 illam
1863 3540 2099 3610 Spiritus

529 3637 702 3690 sancti
729 3637 982 3702 gratiam,
1025 3649 1121 3702 per
1170 3648 1332 3701 quam
1382 3649 1436 3688 et
1469 3630 1710 3688 secunda
1777 3634 2004 3699 creatio,
2045 3639 2100 3688 et

527 3709 870 3795 regeneratio
914 3739 1114 3789 eorum
1155 3724 1246 3792 qui
1293 3730 1442 3789 sunt,
1493 3732 1549 3776 et
1593 3723 1687 3792 qui
1730 3731 1889 3778 erunt
1931 3735 2102 3793 usque

529 3818 595 3869 ad
617 3815 1138 3871 consummationem
1164 3815 1372 3880 saeculi,
1397 3814 1513 3870 fieri
1534 3815 1782 3881 debebat,
1813 3817 1926 3872 suis
1970 3831 2103 3886 apo-

529 3907 684 3963 stolis
701 3906 913 3963 abunde
940 3905 1162 3976 largitus
1193 3914 1315 3974 est;
1347 3913 1399 3962 et
1429 3921 1584 3962 suum
1621 3906 1790 3976 ipsius
1821 3922 2016 3968 munus
2047 3916 2104 3967 et

596 4209 709 4279 (40)
727 4207 963 4277 Perﬁcit.
988 4206 1269 4279 Proprium
1297 4206 1517 4262 verbum
1549 4205 1950 4264 estdivinorum
1981 4223 2095 4279 my-

525 4278 839 4345 steriorum,
853 4293 972 4346 quae
991 4278 1184 4332 merito
1201 4291 1316 4346 nos,
1333 4285 1946 4346 sacramentavocamus
1969 4293 1984 4343 ;
2005 4278 2094 4332 illa

525 4350 667 4401 cn‘im
691 4357 818 4400 sunt
846 4345 964 4412 qua;
987 4361 1168 4398 veram
1202 4345 1582 4413 perfectionem
1604 4345 1797 4401 animae
1827 4347 2092 4402 tribuunt.

525 4418 714 4484 Itaque
743 4415 988 4482 perﬁcere
1015 4413 1154 4466 idem
1178 4422 1281 4476 est,
1315 4414 1459 4484 quod
1488 4414 1724 4484 initiare,
1747 4427 2094 4484 consecrare,

525 4495 583 4540 et
614 4482 799 4537 divino
824 4485 1137 4536 charactere
1171 4483 1436 4550 σφραγεϊν
1470 4483 1765 4550 obsignare.
1799 4482 1939 4540 Nam
1964 4484 2098 4539 Gre-

527 4554 679 4625 gorio
709 4551 1006 4620 Theologo,
1036 4550 1080 4625 s_i
1105 4551 1226 4619 quis
1254 4550 1400 4604 illius
1426 4552 1653 4625 scripta
1675 4566 1776 4605 non
1802 4555 2094 4625 oscitanter

527 4619 688 4694 legat,
729 4619 1024 4694 synonyma
1059 4619 1205 4694 haec,
1233 4625 1291 4672 ut
1328 4619 1484 4694 multi
1517 4619 1667 4694 apud,
1685 4637 1807 4679 eum
1838 4624 1937 4681 loci
1965 4638 2091 4693 pro-

528 4687 947 4764 lnire'po'ssun't.
982 4687 1253 4764 0c_currit_
1277 4689 1404 4742 mihi
1436 4687 1582 4744 nunc
1616 4693 1728 4754 ille,
1775 4697 1854 4758 είς
1887 4687 2093 4764 Γοργο-

527 4764 672 4826 νίαν,
701 4759 790 4818 ubi
824 4761 892 4816 de
932 4759 1200 4828 baptismo
1241 4759 1490 4826 loquens,
1518 4775 1658 4814 eum-
1684 4759 1974 4817 τελείωσιν
1997 4759 2093 4818 καὶ

527 4833 795 4903 σφραγῖδα
827 4827 1012 4903 vocat.
1038 4827 1350 4903 Τελουμένη
1377 4829 1595 4898 (inquit)
1628 4829 1706 4899 τῷ
1731 4833 2088 4902 βαπτίσματι,

525 4898 837 4972 baptismate
875 4898 1180 4972 (Gorgonirt)
1211 4901 1456 4972 perfecta,
1486 4898 1868 4972 consummata,
1889 4898 1951 4956 et
1971 4898 2093 4956 ruré

525 4965 646 5028 sum
677 4965 1088 5040 σφραγὶς,ἁλλὰ
1108 4965 1170 5040 οὗ
1201 4971 1450 5040 χάρισμα
1475 4965 1555 5039 ἦν
1585 4970 1645 5020 τὸ
1671 4965 1988 5040 μυστήριον,
2020 4974 2093 5026 si-

524 5038 828 5111 gnaculum,
860 5039 1169 5111 non__g_rntia
1194 5038 1311 5111 erat
1337 5038 1461 5111 (illi)
1491 5038 1585 5108 ἦρε
1624 5038 1949 5109 mysterium.
1975 5041 2091 5111 iSic

524 5108 574 5164 et
617 5111 923 5180 Dionysius,
961 5108 1237 5180 Hierarc/t.
1269 5109 1562 5180 ecclesiast.
1594 5108 1716 5180 cap.
1763 5112 1815 5177 Ι,
1853 5119 1911 5180 et
1937 5110 2086 5180 alibi,

523 5177 851 5249 baptismum
876 5181 1038 5233 vitam
1067 5177 1277 5233 beatam
1307 5181 1479 5232 τελεῖν
1508 5177 1679 5247 dixit:
1709 5188 1763 5234 et
1788 5179 1954 5235 Paulo
1981 5177 2092 5236 fre-

525 5249 829 5320 quenshtec
861 5263 960 5302 vox
987 5249 1042 5320 in
1077 5249 1247 5320 istum
1267 5263 1524 5320 sensum:
1558 5249 1728 5320 Σκιάν
1752 5251 1857 5320 γὰρ
1888 5250 2090 5320 (inquit

489 5363 496 5366 _
525 5315 593 5373 ad
625 5315 876 5388 Hebreos
901 5321 961 5388 Ax)
985 5316 1120 5388 ἔχων
1141 5320 1168 5370 ὁ
1193 5318 1356 5386 νόμος
1383 5317 1493 5370 τῶν
1521 5315 2088 5388 μελλόντωνὰγαθῶν,

523 5389 627 5442 οὐκ
652 5385 961 5458 αύτὴνλτὴν
987 5387 1167 5458 είκόνα
1191 5385 1298 5458 τῶν
1331 5385 1698 5458 πραγμάτων,
1741 5390 1864 5442 κατ’
1904 5385 2087 5443 ὲνιαυὲ

525 5457 767 5529 τὸνταῖς
786 5453 988 5529 Δαὑταῖς
1014 5453 1223 5529 θυσίαις
1261 5455 1327 5518 ἃς
1355 5453 1758 5529 προσφέρουσιν
1782 5459 1862 5521 είς
1887 5459 1947 5512 τὸ
1968 5459 2090 5529 διη-

524 5525 969 5597 νεκὲςρύδέποτε
1022 5523 1256 5597 δύναται
1288 5523 1411 5587 τοὺς
1437 5523 1902 5597 προσερχομένους
1917 5523 2090 5582 τελεξ-

490 5648 493 5650 ,
525 5601 686 5652 ὦσαι⁹
723 5595 976 5651 Umbram
1006 5595 1143 5665 enim
1168 5594 1359 5648 habens
1385 5594 1789 5664 tex'futurorum
1812 5598 2087 5665 bonorum,

525 5685 629 5724 non
678 5668 846 5732 ipsum
889 5664 1166 5734 imaginem
1208 5680 1384 5734 rerum
1413 5682 1502 5732 per
1531 5668 1763 5734 singulos
1795 5683 1958 5722 annos
1987 5671 2090 5722 eis-

525 5744 644 5791 dem
690 5737 818 5801 ipsis
847 5733 1056 5798 hostiis,
1101 5749 1232 5804 quas
1271 5733 1494 5804 offerunt
1537 5733 1913 5801 indesinenter,
1955 5753 2089 5790 mm-

524 5821 680 5880 qnam
709 5815 876 5875 potest
918 5808 1217 5859 accedentes
1256 5807 1512 5875 perfectos
1545 5806 1736 5874 faceta.
1781 5806 1890 5864 Nec
1929 5807 2087 5864 aliter

2125 3496 2173 3561 α

2207 2259 2403 2324 ταῦτα,
2431 2258 2674 2327 ἀδελφοὶ,
2697 2259 2767 2313 τὰ
2791 2259 3073 2330 Θεοπρεπῆ
3093 2261 3188 2312 καὶ
3208 2259 3349 2331 ὑπὲρ
3369 2263 3552 2316 πᾶσαν
3576 2263 3788 2318 ἔννοιαν

2206 2349 2346 2421 ἔργα
2372 2352 2472 2419 τῆς
2504 2351 2644 2421 πρὸς
2676 2351 2823 2422 ἡμᾶς
2853 2352 2912 2405 ὲν
2950 2354 3115 2422 σαρκὶ
3173 2352 3470 2423 ἐπιδημίας
3499 2354 3598 2407 τοῦ
3648 2354 3785 2409 Υίοῦ

2205 2441 2304 2496 τοῦ
2335 2441 2495 2508 Θεοῦ,
2553 2441 2637 2505 είς
2657 2442 2918 2514 τοιαύτην
2947 2444 3217 2514 περιοπὴν
3249 2446 3342 2498 καὶ
3371 2445 3529 2511 δόξαν
3554 2447 3781 2501 ἀνείκαο

2205 2551 2351 2600 στον,
2381 2534 2483 2604 τὴν
2515 2534 2779 2606 ταπεινὴν
2809 2536 2967 2606 ἡμῶν
3009 2537 3264 2606 ἀνύψωσε
3303 2539 3468 2607 φύσιν
3527 2541 3555 2592 ὁ
3581 2541 3783 2610 φιλάν-

2207 2625 2428 2697 θρωπος
2456 2626 2759 2714 Δεσπέτης.
2803 2628 2957 2682 Ἐπεὶ
2995 2628 3089 2682 οὖν
3126 2629 3234 2683 ἔδει
3285 2631 3348 2683 τὸ
3379 2632 3620 2685 τοιοῦτον
3682 2635 3786 2703 τῆς

2207 2717 2464 2782 θειώσεως
2493 2718 2653 2788 ἡμῶν
2703 2718 2982 2789 ἄφραστον
3036 2723 3383 2792 ἐνεργεῖσθαι
3439 2723 3528 2777 διὰ
3580 2727 3785 2788 παντὸς

2209 2807 2516 2877 μυστήριον
2544 2808 2604 2860 ὲν
2639 2810 2754 2871 τοῖς
2796 2810 3120 2878 ἐρχομένοις
3152 2812 3235 2875 είς
3265 2812 3358 2865 τὸν
3418 2813 3533 2882 βίον
3587 2815 3781 2868 τοῦτον

2207 2895 2543 2966 ἀνθρώποις,
2577 2896 2738 2966 μέχρι
2757 2898 2856 2966 τῆς
2887 2897 2982 2951 τοῦ
3013 2901 3220 2964 παντὸς
3249 2903 3585 2968 συντελείας,
3609 2906 3780 2974 ἤγουν

2206 2989 2239 3059 ἡ
2272 2988 2362 3042 διὰ
2385 2988 2482 3042 τοῦ
2514 2989 2662 3041 θείου
2683 2989 3063 3061 βαπτίσματος
3089 2992 3238 3062 αύτῷ
3269 2993 3656 3064 ἀναγέννησις,
3685 2999 3780 3049 καὶ

2205 3081 2238 3151 ἡ
2267 3079 2357 3134 διὰ
2388 3079 2490 3150 τῆς
2539 3079 2905 3150 μεταλήψεως
2947 3079 3042 3132 τοῦ
3070 3083 3406 3136 Δεσποτικοῦ
3438 3084 3694 3155 σώματός
3717 3105 3778 3139 τε

2203 3171 2301 3225 καὶ
2329 3170 2568 3242 αἵματος
2600 3172 2868 3240 συνάφεια
2931 3172 3071 3242 πρὸς
3125 3175 3365 3244 Χριστὸν
3411 3177 3676 3248 διηνεκὴς
3718 3198 3778 3233 τε

2203 3263 2301 3317 καὶ
2330 3263 2707 3336 ὰδιάρρηκτος
2727 3281 2742 3296 ο
2772 3265 2881 3318 ἔδει
2922 3264 2980 3318 δὲ
3017 3266 3109 3320 τὸν
3140 3268 3345 3339 Κύριον
3377 3272 3520 3340 μετὰ
3573 3273 3636 3326 τὸ
3668 3276 3764 3328 πά-

2203 3356 2294 3419 θος
2322 3357 2418 3410 καὶ
2443 3356 2544 3428 τὴν
2578 3357 2878 3412 ἀνάστασιν
2931 3359 3013 3422 είς
3071 3359 3340 3430 οὐρανοὺς
3397 3363 3672 3432 ἀνελθεῖν,
3716 3368 3773 3418 ἐν

2201 3447 2354 3519 δεξιᾷ
2384 3464 2445 3501 τε
2480 3446 2575 3501 τοῦ
2609 3447 2804 3517 θρόνου
2835 3451 2935 3520 τῆς
2969 3450 3366 3522 μεγαλωσύνης
3385 3455 3772 3524 κεκαθιμέναι,

2201 3539 2302 3610 τὴν
2329 3538 2730 3608 δημιουργικὴν
2759 3539 2978 3608 ἐκείνην
3007 3539 3103 3592 τοῦ
3135 3538 3282 3594 θείου
3334 3543 3651 3613 Πνεύματος
3683 3547 3781 3616 χά-

2209 3648 2318 3703 ριν,
2348 3631 2417 3685 δι’
2439 3624 2507 3701 ἦς
2533 3630 2568 3700 ἦ
2601 3646 2658 3682 τε
2689 3630 2996 3694 ἀνάπλασις
3026 3633 3121 3685 καὶ
3147 3633 3512 3706 ἀναγέννησις
3547 3637 3658 3690 τῶν
3693 3639 3777 3691 δν-

2210 3740 2320 3778 των
2364 3739 2423 3776 τε
2483 3723 2580 3775 καὶ
2636 3721 2912 3792 ἐσομένων
2975 3721 3136 3794 μέχρι
3159 3725 3258 3794 τῆς
3307 3727 3621 3793 συντελείας
3680 3729 3775 3784 τοῦ

2209 3813 2405 3877 αἰῶνος
2433 3811 2744 3883 ἀνθρώπων
2788 3812 3060 3869 τελεῖσθαι
3113 3814 3333 3885 ἔμελλε,
3398 3820 3515 3882 τοῖς
3577 3821 3773 3875 ἑαυτοῦ

2209 3905 2530 3970 ἀποστόλοις
2557 3904 2796 3976 δαψιλῶς
2827 3907 3079 3977 χορηγεῖ,
3112 3906 3172 3961 τὸ
3211 3907 3347 3964 ἴδιον
3396 3908 3560 3982 ἔργον
3591 3914 3775 3984 ἐγχει-

2202 4211 2719 4302 accipien‘dumles‘se
2749 4213 2982 4301 arbitrer
3025 4212 3258 4302 γει-μειοῖ
3279 4211 3380 4302 hoc
3407 4216 3547 4302 apud
3580 4217 3769 4302 Matth.

2204 4295 2238 4332 ι
2266 4297 2296 4360 =.
2327 4283 3046 4360 ’ἐμὴν,γάρ,λέτω.ὑιιῑιού
3075 4283 3564 4360 μὴεςλέσηῖεζτᾲς
3589 4292 3775 4360 πόλεις

2201 4347 2301 4402 τοῦ
2329 4347 2743 4428 ςισραὴλίὲως
2791 4347 3018 4425 ἄνἐλθῃ
3140 4347 3273 4416 Υἱὸς
3315 4347 3411 4428 τοῦ
3436 4347 3774 4428 ἀνθρώπουῖ

2204 4419 2347 4492 quod
2377 4419 2622 4488 vulgatus
2670 4423 2940 4490 interpres
2985 4419 3188 4492 optime
3230 4423 3412 4476 vertit:
3455 4419 3620 4483 Anien
3650 4434 3774 4488 dico

2201 4489 2504 4568 nobishnpn
2548 4489 2977 4568 consummabitis
3009 4489 3244 4547 civitates
3272 4492 3447 4568 Isrgel
3488 4499 3650 4568 donec
3683 4519 3776 4556 tte-

2199 4558 2306 4611 m'at
2343 4558 2519 4615 Filius
2553 4562 2801 4624 hominis,
2837 4562 2889 4616 id
2927 4574 3031 4624 est,
3068 4575 3128 4616 ut
3160 4571 3304 4617 recte
3336 4561 3574 4621 Hilarius
3605 4570 3780 4626 inter-

2195 4638 2462 4701 pretatur,
2514 4647 2621 4685 non
2664 4633 2767 4686 erit
2801 4631 3148 4701 Evangelium
3183 4632 3478 4687 admissum
3511 4651 3540 4689 a
3569 4637 3779 4696 ludatis

2194 4696 2298 4771 nisi
2335 4715 2456 4771 cum
2491 4702 2728 4755 secundo
2769 4696 3042 4755 advenero
3099 4702 3150 4754 in
3189 4703 3328 4757 diem
3372 4703 3584 4771 judicii,
3644 4717 3780 4765 tunc

2194 4767 2338 4841 enim
2361 4768 2434 4822 illi
2471 4780 2590 4838 post
2622 4771 3280 4839 gentiumplenitudinem,
3308 4767 3680 4841 ut'Aposfolus
3696 4781 3786 4834 di-

2192 4838 2289 4908 xit,
2305 4838 2908 4905 consummabuntur,id
2941 4850 3044 4904 est,
3065 4842 3411 4908 perlicientur
3443 4838 3786 4903 Christiani-

2193 4907 2296 4959 snti
2317 4917 2368 4960 et
2399 4908 2519 4961 lidei
2550 4908 2885 4976 Evangelicae
2917 4907 3250 4965 charactere.
3292 4909 3502 4966 Etenim
3529 4930 3596 4970 eo
3631 4927 3776 4971 tem-

2192 4990 2324 5049 pore
2387 4979 2658 5049 redituros
2714 4978 2928 5032 .ludaeos
2995 4979 3062 5033 ad
3125 4981 3456 5049 agnitionem
3529 4987 3788 5045 veritatis

2193 5045 2484 5120 multorum
2511 5045 2729 5101 Patrum
2765 5049 3034 5120 sententia
3064 5045 3187 5120 e5t;
3204 5048 3336 5105 Vide
3358 5056 3500 5120 (post
3531 5055 3786 5110 Ambro—

2191 5115 2353 5195 sium,
2370 5115 2835 5195 Clirysustomum,
2857 5115 3134 5195 Basiliam,
3155 5115 3473 5195 Gregorium
3492 5123 3782 5195 Magnum)

2190 5182 2456 5254 Gaudent.
2485 5182 2652 5240 tract.
2699 5188 2751 5240 in
2790 5187 2993 5254 Evaug.
3028 5186 3200 5242 Purro
3240 5182 3494 5244 Hatiuum
3536 5182 3782 5250 ve'rbuni

2187 5253 2437 5329 perﬁcere
2465 5254 2516 5308 in
2541 5257 2786 5329 eamdem
2815 5253 3266 5329 significationem
3301 5273 3629 5329 usurparunt
3678 5279 3783 5318 sa-

2192 5324 2267 5402 cri
2294 5325 2588 5402 scriptores
2607 5324 2988 5402 :Amhrositts,
3011 5328 3106 5402 lib.
3132 5343 3192 5381 ιιι
3215 5328 3278 5381 de
3301 5324 3620 5387 sacrnmem.
3642 5347 3784 5402 cap.

2195 5391 2230 5445 2
2253 5408 2268 5446 :
2295 5391 2547 5463 Sequitur
2563 5395 2843 5469 spirituate
2866 5398 3196 5469 signaculum
3221 5402 3346 5462 quia
3401 5411 3515 5463 post
3565 5391 3786 5469 fonte'm

2189 5475 2441 5536 superest,
2482 5474 2556 5536 u_t_
2575 5465 2826 5534 perfectio
2864 5467 2980 5536 ﬁat.
3037 5469 3370 5536 Augustinus
3407 5471 3496 5522 lib.
3529 5465 3786 5527 {centra

2187 5531 2487 5606 Iulianum:
2518 5531 2739 5588 vatem
2764 5531 3181 5606 itath(inqui1)
3213 5541 3300 5604 qui
3331 5539 3645 5605 baptismum
3677 5558 3788 5597 ne-

2187 5612 2314 5670 gant
2338 5603 2598 5658 hominem
2621 5603 2884 5674 perﬁcere.
2917 5603 3035 5672 ρυο
3060 5603 3180 5661 loco
3205 5603 3631 5662 Massili‘anorum
3657 5611 3793 5664 hue-

2175 5675 2336 5751 .resin
2356 5675 2690 5748 perstringit,
2717 5692 2837 5748 qua
2869 5689 3055 5733 errore
3085 5676 3189 5734 hoc
3213 5678 3572 5749 (Datnasceuo
3603 5687 3792 5751 teste)

2189 5741 2500 5799 ducebatur.
