  <div class='ocr_page' id='page_1' title='image "/cluster/home/n/w/nwhite01/storage/ocr_20150623/150/mdp.39015078384743/176.png"; bbox 0 0 4142 6294; ppageno 0'>
   <div class='ocr_carea' id='block_1_1' title="bbox 329 358 446 436">
    <p class='ocr_par' dir='ltr' id='par_1_1' title="bbox 329 358 446 436">
     <span class='ocr_line' id='line_1_1' title="bbox 329 358 446 436; baseline -0.009 0"><span class='ocrx_word' id='word_1_1' title='bbox 329 358 446 436; x_wconf 26' lang='grc'><strong>331⁷</strong></span> 
     </span>
    </p>
   </div>
   <div class='ocr_carea' id='block_1_2' title="bbox 1671 364 2230 443">
    <p class='ocr_par' dir='ltr' id='par_1_2' title="bbox 1671 364 2230 443">
     <span class='ocr_line' id='line_1_2' title="bbox 1671 364 2230 443; baseline 0.004 -2"><span class='ocrx_word' id='word_1_2' title='bbox 1671 379 2048 442; x_wconf 80' lang='lat' dir='ltr'><strong>EPISTOLA</strong></span> <span class='ocrx_word' id='word_1_3' title='bbox 2090 364 2230 443; x_wconf 65' lang='lat' dir='ltr'><strong>ut.“</strong></span> 
     </span>
    </p>
   </div>
   <div class='ocr_carea' id='block_1_3' title="bbox 3495 383 3602 447">
    <p class='ocr_par' dir='ltr' id='par_1_3' title="bbox 3495 383 3602 447">
     <span class='ocr_line' id='line_1_3' title="bbox 3495 383 3602 447; baseline -0.009 0"><span class='ocrx_word' id='word_1_4' title='bbox 3495 383 3602 447; x_wconf 80' lang='lat'><strong>338</strong></span> 
     </span>
    </p>
   </div>
   <div class='ocr_carea' id='block_1_4' title="bbox 334 487 1919 574">
    <p class='ocr_par' dir='ltr' id='par_1_4' title="bbox 334 487 1918 567">
     <span class='ocr_line' id='line_1_4' title="bbox 334 487 1918 567; baseline 0.005 -26"><span class='ocrx_word' id='word_1_5' title='bbox 334 488 502 557; x_wconf 83' lang='grc' dir='ltr'>ρίσας</span> <span class='ocrx_word' id='word_1_6' title='bbox 529 487 715 552; x_wconf 76' lang='grc' dir='ltr'>αὑτοῖς</span> <span class='ocrx_word' id='word_1_7' title='bbox 747 489 1020 559; x_wconf 80' lang='grc' dir='ltr'>ἐνεργεῖν,</span> <span class='ocrx_word' id='word_1_8' title='bbox 1057 491 1152 545; x_wconf 73' lang='grc' dir='ltr'>καὶ</span> <span class='ocrx_word' id='word_1_9' title='bbox 1182 492 1272 548; x_wconf 83' lang='grc' dir='ltr'>διὰ</span> <span class='ocrx_word' id='word_1_10' title='bbox 1315 494 1474 550; x_wconf 88' lang='grc' dir='ltr'>τοῦτο</span> <span class='ocrx_word' id='word_1_11' title='bbox 1523 497 1918 567; x_wconf 83' lang='grc' dir='ltr'><strong>χειροτονήσας</strong></span> 
     </span>
    </p>
   </div>
   <div class='ocr_carea' id='block_1_5' title="bbox 2021 487 3602 574">
    <p class='ocr_par' dir='ltr' id='par_1_5' title="bbox 2021 493 3602 574">
     <span class='ocr_line' id='line_1_5' title="bbox 2021 493 3602 574; baseline 0.005 -24"><span class='ocrx_word' id='word_1_12' title='bbox 2021 493 2258 551; x_wconf 80' lang='lat' dir='ltr'><strong>oﬂicium</strong></span> <span class='ocrx_word' id='word_1_13' title='bbox 2283 496 2351 552; x_wconf 87' lang='lat' dir='ltr'><strong>ab</strong></span> <span class='ocrx_word' id='word_1_14' title='bbox 2380 496 2484 554; x_wconf 80' lang='lat' dir='ltr'><strong>illis</strong></span> <span class='ocrx_word' id='word_1_15' title='bbox 2507 497 2847 556; x_wconf 75' lang='lat' dir='ltr'><strong>efﬁciendum</strong></span> <span class='ocrx_word' id='word_1_16' title='bbox 2881 500 3012 572; x_wconf 86' lang='lat' dir='ltr'><strong>ipsis</strong></span> <span class='ocrx_word' id='word_1_17' title='bbox 3041 499 3310 567; x_wconf 73' lang='lat' dir='ltr'><strong>attribuit,</strong></span> <span class='ocrx_word' id='word_1_18' title='bbox 3347 517 3411 558; x_wconf 91' lang='lat' dir='ltr'><strong>ac</strong></span> <span class='ocrx_word' id='word_1_19' title='bbox 3440 517 3602 574; x_wconf 71' lang='lat' dir='ltr'><strong>prop~</strong></span> 
     </span>
    </p>
   </div>
   <div class='ocr_carea' id='block_1_6' title="bbox 333 581 1916 661">
    <p class='ocr_par' dir='ltr' id='par_1_6' title="bbox 333 581 1916 661">
     <span class='ocr_line' id='line_1_6' title="bbox 333 581 1916 661; baseline 0.006 -26"><span class='ocrx_word' id='word_1_20' title='bbox 333 582 547 646; x_wconf 79' lang='grc' dir='ltr'>αὑτοὺς</span> <span class='ocrx_word' id='word_1_21' title='bbox 581 581 771 652; x_wconf 78' lang='grc' dir='ltr'>ὥσπερ</span> <span class='ocrx_word' id='word_1_22' title='bbox 799 583 994 647; x_wconf 75' lang='grc' dir='ltr'>ἄλλους</span> <span class='ocrx_word' id='word_1_23' title='bbox 1047 585 1206 649; x_wconf 71' lang='grc' dir='ltr'>θεοὺς</span> <span class='ocrx_word' id='word_1_24' title='bbox 1261 587 1356 640; x_wconf 75' lang='grc' dir='ltr'><strong>καὶ</strong></span> <span class='ocrx_word' id='word_1_25' title='bbox 1400 588 1792 661; x_wconf 82' lang='grc' dir='ltr'>δημιουργοὺς,</span> <span class='ocrx_word' id='word_1_26' title='bbox 1849 591 1916 660; x_wconf 80' lang='grc' dir='ltr'>τῇ</span> 
     </span>
    </p>
   </div>
   <div class='ocr_carea' id='block_1_7' title="bbox 337 673 1918 750">
    <p class='ocr_par' dir='ltr' id='par_1_7' title="bbox 337 673 1918 750">
     <span class='ocr_line' id='line_1_7' title="bbox 337 673 1918 750; baseline 0.006 -25"><span class='ocrx_word' id='word_1_27' title='bbox 337 673 606 745; x_wconf 82' lang='grc' dir='ltr'>ἐνεργείᾳ</span> <span class='ocrx_word' id='word_1_28' title='bbox 666 673 756 726; x_wconf 88' lang='grc' dir='ltr'><strong>τοῦ</strong></span> <span class='ocrx_word' id='word_1_29' title='bbox 817 679 1168 746; x_wconf 84' lang='grc' dir='ltr'>παντουργοῦ</span> <span class='ocrx_word' id='word_1_30' title='bbox 1220 678 1542 749; x_wconf 86' lang='grc' dir='ltr'>Πνεύματος</span> <span class='ocrx_word' id='word_1_31' title='bbox 1582 681 1918 750; x_wconf 75' lang='grc' dir='ltr'><strong>δυναμένους</strong></span> 
     </span>
    </p>
   </div>
   <div class='ocr_carea' id='block_1_8' title="bbox 346 765 1918 845">
    <p class='ocr_par' dir='ltr' id='par_1_8' title="bbox 346 765 1918 845">
     <span class='ocr_line' id='line_1_8' title="bbox 346 765 1918 845; baseline 0.007 -28"><span class='ocrx_word' id='word_1_32' title='bbox 346 766 537 818; x_wconf 83' lang='grc' dir='ltr'><strong>ποιεῖν</strong></span> <span class='ocrx_word' id='word_1_33' title='bbox 592 765 658 818; x_wconf 78' lang='grc' dir='ltr'><strong>τά</strong></span> <span class='ocrx_word' id='word_1_34' title='bbox 689 765 926 836; x_wconf 87' lang='grc' dir='ltr'>μεγίστα</span> <span class='ocrx_word' id='word_1_35' title='bbox 946 768 1045 839; x_wconf 80' lang='grc' dir='ltr'>τῆς</span> <span class='ocrx_word' id='word_1_36' title='bbox 1074 771 1226 834; x_wconf 84' lang='grc' dir='ltr'>θείας</span> <span class='ocrx_word' id='word_1_37' title='bbox 1273 773 1557 842; x_wconf 84' lang='grc' dir='ltr'>δυνάμεως</span> <span class='ocrx_word' id='word_1_38' title='bbox 1579 775 1740 845; x_wconf 75' lang='grc' dir='ltr'>ἔργα.</span> <span class='ocrx_word' id='word_1_39' title='bbox 1805 776 1918 829; x_wconf 80' lang='grc' dir='ltr'>Καὶ</span> 
     </span>
    </p>
   </div>
   <div class='ocr_carea' id='block_1_9' title="bbox 352 851 1920 937">
    <p class='ocr_par' dir='ltr' id='par_1_9' title="bbox 352 851 1920 937">
     <span class='ocr_line' id='line_1_9' title="bbox 352 851 1920 937; baseline 0.007 -25"><span class='ocrx_word' id='word_1_40' title='bbox 352 858 416 924; x_wconf 81' lang='grc' dir='ltr'>ἐξ</span> <span class='ocrx_word' id='word_1_41' title='bbox 443 851 519 913; x_wconf 81' lang='grc' dir='ltr'>ὧν</span> <span class='ocrx_word' id='word_1_42' title='bbox 560 859 794 929; x_wconf 84' lang='grc' dir='ltr'>μάλιστα</span> <span class='ocrx_word' id='word_1_43' title='bbox 824 861 890 914; x_wconf 87' lang='grc' dir='ltr'><strong>τό</strong></span> <span class='ocrx_word' id='word_1_44' title='bbox 914 877 976 914; x_wconf 87' lang='grc' dir='ltr'><strong>τε</strong></span> <span class='ocrx_word' id='word_1_45' title='bbox 1009 863 1257 918; x_wconf 81' lang='grc' dir='ltr'><strong>ποικίλον</strong></span> <span class='ocrx_word' id='word_1_46' title='bbox 1279 866 1380 936; x_wconf 84' lang='grc' dir='ltr'><strong>τῆς</strong></span> <span class='ocrx_word' id='word_1_47' title='bbox 1410 867 1605 937; x_wconf 80' lang='grc' dir='ltr'><strong>σοφίας</strong></span> <span class='ocrx_word' id='word_1_48' title='bbox 1631 870 1728 922; x_wconf 77' lang='grc' dir='ltr'>καὶ</span> <span class='ocrx_word' id='word_1_49' title='bbox 1756 867 1920 922; x_wconf 84' lang='grc' dir='ltr'>δυνά·</span> 
     </span>
    </p>
   </div>
   <div class='ocr_carea' id='block_1_10' title="bbox 358 950 1919 1030">
    <p class='ocr_par' dir='ltr' id='par_1_10' title="bbox 358 950 1919 1030">
     <span class='ocr_line' id='line_1_10' title="bbox 358 950 1919 1030; baseline 0.008 -27"><span class='ocrx_word' id='word_1_50' title='bbox 358 967 502 1019; x_wconf 90' lang='grc' dir='ltr'>μεως</span> <span class='ocrx_word' id='word_1_51' title='bbox 523 950 614 1004; x_wconf 87' lang='grc' dir='ltr'><strong>τοῦ</strong></span> <span class='ocrx_word' id='word_1_52' title='bbox 649 951 788 1005; x_wconf 82' lang='grc' dir='ltr'>Θεοῦ</span> <span class='ocrx_word' id='word_1_53' title='bbox 832 954 1079 1021; x_wconf 85' lang='grc' dir='ltr'>γνωστὸν</span> <span class='ocrx_word' id='word_1_54' title='bbox 1108 959 1340 1024; x_wconf 88' lang='grc' dir='ltr'>γίνεται,</span> <span class='ocrx_word' id='word_1_55' title='bbox 1396 959 1489 1012; x_wconf 79' lang='grc' dir='ltr'><strong>καὶ</strong></span> <span class='ocrx_word' id='word_1_56' title='bbox 1520 959 1550 1012; x_wconf 86' lang='grc' dir='ltr'><em>ὁ</em></span> <span class='ocrx_word' id='word_1_57' title='bbox 1580 961 1682 1030; x_wconf 86' lang='grc' dir='ltr'>τῆς</span> <span class='ocrx_word' id='word_1_58' title='bbox 1710 961 1919 1030; x_wconf 78' lang='grc' dir='ltr'>ἀγαθόο</span> 
     </span>
    </p>
   </div>
   <div class='ocr_carea' id='block_1_11' title="bbox 350 1043 1915 1119">
    <p class='ocr_par' dir='ltr' id='par_1_11' title="bbox 350 1043 1915 1119">
     <span class='ocr_line' id='line_1_11' title="bbox 350 1043 1915 1119; baseline 0.008 -25"><span class='ocrx_word' id='word_1_59' title='bbox 350 1060 504 1112; x_wconf 87' lang='grc' dir='ltr'>τητος</span> <span class='ocrx_word' id='word_1_60' title='bbox 529 1043 944 1113; x_wconf 79' lang='grc' dir='ltr'>ἀνεξιχνίαστος</span> <span class='ocrx_word' id='word_1_61' title='bbox 975 1047 1144 1102; x_wconf 89' lang='grc' dir='ltr'>αὑτοῦ</span> <span class='ocrx_word' id='word_1_62' title='bbox 1181 1048 1416 1115; x_wconf 89' lang='grc' dir='ltr'>πλοῦτος</span> <span class='ocrx_word' id='word_1_63' title='bbox 1442 1052 1915 1119; x_wconf 83' lang='grc' dir='ltr'>ἀποκαλύπτεται,</span> 
     </span>
    </p>
   </div>
   <div class='ocr_carea' id='block_1_12' title="bbox 334 1315 1920 1399">
    <p class='ocr_par' dir='ltr' id='par_1_12' title="bbox 334 1315 1920 1399">
     <span class='ocr_line' id='line_1_12' title="bbox 334 1315 1920 1399; baseline 0.011 -33"><span class='ocrx_word' id='word_1_64' title='bbox 334 1315 362 1366; x_wconf 82' lang='grc' dir='ltr'>ὁ</span> <span class='ocrx_word' id='word_1_65' title='bbox 402 1315 539 1380; x_wconf 78' lang='grc' dir='ltr'>θεὸς</span> <span class='ocrx_word' id='word_1_66' title='bbox 561 1319 660 1372; x_wconf 75' lang='grc' dir='ltr'>καὶ</span> <span class='ocrx_word' id='word_1_67' title='bbox 696 1320 807 1373; x_wconf 87' lang='grc' dir='ltr'>τῶν</span> <span class='ocrx_word' id='word_1_68' title='bbox 829 1323 1042 1393; x_wconf 82' lang='grc' dir='ltr'>νοητῶν</span> <span class='ocrx_word' id='word_1_69' title='bbox 1101 1327 1198 1379; x_wconf 76' lang='grc' dir='ltr'><strong>καὶ</strong></span> <span class='ocrx_word' id='word_1_70' title='bbox 1240 1326 1350 1379; x_wconf 87' lang='grc' dir='ltr'>τῶν</span> <span class='ocrx_word' id='word_1_71' title='bbox 1376 1327 1654 1398; x_wconf 75' lang='grc' dir='ltr'><strong>αἰσθητῶν</strong></span> <span class='ocrx_word' id='word_1_72' title='bbox 1680 1329 1740 1383; x_wconf 81' lang='grc' dir='ltr'>τὸ</span> <span class='ocrx_word' id='word_1_73' title='bbox 1799 1331 1920 1399; x_wconf 82' lang='grc' dir='ltr'>μεῖ-</span> 
     </span>
    </p>
   </div>
   <div class='ocr_carea' id='block_1_13' title="bbox 334 1406 1916 1500">
    <p class='ocr_par' dir='ltr' id='par_1_13' title="bbox 334 1406 1916 1500">
     <span class='ocr_line' id='line_1_13' title="bbox 334 1406 1916 1500; baseline 0.013 -41"><span class='ocrx_word' id='word_1_74' title='bbox 334 1406 428 1469; x_wconf 82' lang='grc' dir='ltr'><strong>ζόν</strong></span> <span class='ocrx_word' id='word_1_75' title='bbox 453 1411 608 1464; x_wconf 87' lang='grc' dir='ltr'>ἐστιν</span> <span class='ocrx_word' id='word_1_76' title='bbox 655 1415 1022 1500; x_wconf 66' lang='grc' dir='ltr'>ἀσύγκριτοις</span> <span class='ocrx_word' id='word_1_77' title='bbox 1069 1419 1390 1490; x_wconf 77' lang='grc' dir='ltr'>ὑπεροχαῖς,</span> <span class='ocrx_word' id='word_1_78' title='bbox 1436 1425 1469 1492; x_wconf 78' lang='grc' dir='ltr'><strong>ἡ</strong></span> <span class='ocrx_word' id='word_1_79' title='bbox 1525 1423 1648 1477; x_wconf 90' lang='grc' dir='ltr'>θεία</span> <span class='ocrx_word' id='word_1_80' title='bbox 1679 1423 1827 1495; x_wconf 79' lang='grc' dir='ltr'>ψυχή</span> <span class='ocrx_word' id='word_1_81' title='bbox 1855 1443 1916 1479; x_wconf 88' lang='grc' dir='ltr'><strong>τε</strong></span> 
     </span>
    </p>
   </div>
   <div class='ocr_carea' id='block_1_14' title="bbox 335 1500 1914 1586">
    <p class='ocr_par' dir='ltr' id='par_1_14' title="bbox 335 1500 1914 1586">
     <span class='ocr_line' id='line_1_14' title="bbox 335 1500 1914 1586; baseline 0.013 -35"><span class='ocrx_word' id='word_1_82' title='bbox 335 1500 429 1553; x_wconf 76' lang='grc' dir='ltr'><strong>καὶ</strong></span> <span class='ocrx_word' id='word_1_83' title='bbox 453 1502 594 1572; x_wconf 77' lang='grc' dir='ltr'>σὰρξ</span> <span class='ocrx_word' id='word_1_84' title='bbox 623 1506 719 1558; x_wconf 87' lang='grc' dir='ltr'><strong>τοῦ</strong></span> <span class='ocrx_word' id='word_1_85' title='bbox 752 1508 1059 1563; x_wconf 90' lang='grc' dir='ltr'>Δεσπότου.</span> <span class='ocrx_word' id='word_1_86' title='bbox 1091 1511 1158 1564; x_wconf 87' lang='grc' dir='ltr'>Τί</span> <span class='ocrx_word' id='word_1_87' title='bbox 1179 1513 1288 1583; x_wconf 82' lang='grc' dir='ltr'>γὰρ</span> <span class='ocrx_word' id='word_1_88' title='bbox 1318 1513 1506 1582; x_wconf 80' lang='grc' dir='ltr'>μεῖζον</span> <span class='ocrx_word' id='word_1_89' title='bbox 1529 1515 1625 1569; x_wconf 89' lang='grc' dir='ltr'><strong>τοῦ</strong></span> <span class='ocrx_word' id='word_1_90' title='bbox 1668 1514 1768 1586; x_wconf 77' lang='grc' dir='ltr'>τὴν</span> <span class='ocrx_word' id='word_1_91' title='bbox 1788 1516 1914 1570; x_wconf 86' lang='grc' dir='ltr'>καθ’</span> 
     </span>
    </p>
   </div>
   <div class='ocr_carea' id='block_1_15' title="bbox 333 1593 1915 1677">
    <p class='ocr_par' dir='ltr' id='par_1_15' title="bbox 333 1593 1915 1677">
     <span class='ocr_line' id='line_1_15' title="bbox 333 1593 1915 1677; baseline 0.013 -34"><span class='ocrx_word' id='word_1_92' title='bbox 333 1594 484 1661; x_wconf 75' lang='grc' dir='ltr'>ἡμᾶς</span> <span class='ocrx_word' id='word_1_93' title='bbox 527 1593 718 1663; x_wconf 86' lang='grc' dir='ltr'>φύσιν,</span> <span class='ocrx_word' id='word_1_94' title='bbox 787 1599 881 1653; x_wconf 87' lang='grc' dir='ltr'><strong>τοῦ</strong></span> <span class='ocrx_word' id='word_1_95' title='bbox 918 1603 1056 1655; x_wconf 83' lang='grc' dir='ltr'>Θεοῦ</span> <span class='ocrx_word' id='word_1_96' title='bbox 1081 1604 1256 1672; x_wconf 87' lang='grc' dir='ltr'>Λόγου</span> <span class='ocrx_word' id='word_1_97' title='bbox 1291 1606 1457 1673; x_wconf 88' lang='grc' dir='ltr'>φύσιν</span> <span class='ocrx_word' id='word_1_98' title='bbox 1496 1608 1757 1677; x_wconf 89' lang='grc' dir='ltr'>γενέσθαι</span> <span class='ocrx_word' id='word_1_99' title='bbox 1790 1610 1915 1664; x_wconf 81' lang='grc' dir='ltr'>καθ’</span> 
     </span>
    </p>
   </div>
   <div class='ocr_carea' id='block_1_16' title="bbox 333 1683 1916 1770">
    <p class='ocr_par' dir='ltr' id='par_1_16' title="bbox 333 1683 1916 1770">
     <span class='ocr_line' id='line_1_16' title="bbox 333 1683 1916 1770; baseline 0.011 -33"><span class='ocrx_word' id='word_1_100' title='bbox 333 1683 532 1741; x_wconf 76' lang='grc' dir='ltr'>ἕνωσιν</span> <span class='ocrx_word' id='word_1_101' title='bbox 563 1690 946 1761; x_wconf 85' lang='grc' dir='ltr'>ὑποστατικήν</span> <span class='ocrx_word' id='word_1_102' title='bbox 973 1711 986 1756; x_wconf 89' lang='grc'><strong>;</strong></span> <span class='ocrx_word' id='word_1_103' title='bbox 1020 1694 1185 1748; x_wconf 82' lang='grc' dir='ltr'>Ὅσον</span> <span class='ocrx_word' id='word_1_104' title='bbox 1207 1694 1316 1765; x_wconf 85' lang='grc' dir='ltr'>ἄρα</span> <span class='ocrx_word' id='word_1_105' title='bbox 1341 1697 1591 1768; x_wconf 82' lang='grc' dir='ltr'>διαφέρει</span> <span class='ocrx_word' id='word_1_106' title='bbox 1617 1701 1677 1752; x_wconf 79' lang='grc' dir='ltr'><strong>τὸ</strong></span> <span class='ocrx_word' id='word_1_107' title='bbox 1706 1701 1916 1770; x_wconf 83' lang='grc' dir='ltr'>ἀνθρώ-</span> 
     </span>
    </p>
   </div>
   <div class='ocr_carea' id='block_1_17' title="bbox 335 1781 1912 1863">
    <p class='ocr_par' dir='ltr' id='par_1_17' title="bbox 335 1781 1912 1863">
     <span class='ocr_line' id='line_1_17' title="bbox 335 1781 1912 1863; baseline 0.012 -34"><span class='ocrx_word' id='word_1_108' title='bbox 335 1793 497 1831; x_wconf 82' lang='grc' dir='ltr'>πινον</span> <span class='ocrx_word' id='word_1_109' title='bbox 524 1781 619 1833; x_wconf 83' lang='grc' dir='ltr'><strong>τοῦ</strong></span> <span class='ocrx_word' id='word_1_110' title='bbox 651 1783 910 1851; x_wconf 79' lang='grc' dir='ltr'><strong>Σωτῆρος</strong></span> <span class='ocrx_word' id='word_1_111' title='bbox 956 1785 1067 1838; x_wconf 82' lang='grc' dir='ltr'><strong>τῶν</strong></span> <span class='ocrx_word' id='word_1_112' title='bbox 1122 1788 1407 1858; x_wconf 71' lang='grc' dir='ltr'>Χερουϐὶμ</span> <span class='ocrx_word' id='word_1_113' title='bbox 1462 1792 1556 1844; x_wconf 77' lang='grc' dir='ltr'>καὶ</span> <span class='ocrx_word' id='word_1_114' title='bbox 1615 1793 1868 1863; x_wconf 77' lang='grc' dir='ltr'>Σεραφίμ</span> <span class='ocrx_word' id='word_1_115' title='bbox 1897 1810 1912 1825; x_wconf 89' lang='grc'><strong>·</strong></span> 
     </span>
    </p>
   </div>
   <div class='ocr_carea' id='block_1_18' title="bbox 337 1870 1917 1950">
    <p class='ocr_par' dir='ltr' id='par_1_18' title="bbox 337 1870 1917 1950">
     <span class='ocr_line' id='line_1_18' title="bbox 337 1870 1917 1950; baseline 0.011 -28"><span class='ocrx_word' id='word_1_116' title='bbox 337 1870 593 1941; x_wconf 82' lang='grc' dir='ltr'>διαφέρει</span> <span class='ocrx_word' id='word_1_117' title='bbox 622 1873 680 1928; x_wconf 86' lang='grc' dir='ltr'>δὲ</span> <span class='ocrx_word' id='word_1_118' title='bbox 711 1876 838 1930; x_wconf 83' lang='grc' dir='ltr'>ὅσον</span> <span class='ocrx_word' id='word_1_119' title='bbox 876 1877 1066 1930; x_wconf 88' lang='grc' dir='ltr'>δούλου</span> <span class='ocrx_word' id='word_1_120' title='bbox 1089 1879 1360 1950; x_wconf 80' lang='grc' dir='ltr'><strong>δεσπότης</strong></span> <span class='ocrx_word' id='word_1_121' title='bbox 1383 1897 1400 1912; x_wconf 89' lang='grc'><strong>·</strong></span> <span class='ocrx_word' id='word_1_122' title='bbox 1436 1883 1690 1938; x_wconf 82' lang='grc' dir='ltr'>τοσοῦτον</span> <span class='ocrx_word' id='word_1_123' title='bbox 1737 1889 1832 1940; x_wconf 75' lang='grc' dir='ltr'><strong>καὶ</strong></span> <span class='ocrx_word' id='word_1_124' title='bbox 1857 1885 1917 1939; x_wconf 83' lang='grc' dir='ltr'><strong>τὸ</strong></span> 
     </span>
    </p>
   </div>
   <div class='ocr_carea' id='block_1_19' title="bbox 340 1962 1918 2049">
    <p class='ocr_par' dir='ltr' id='par_1_19' title="bbox 340 1962 1918 2049">
     <span class='ocr_line' id='line_1_19' title="bbox 340 1962 1918 2049; baseline 0.012 -35"><span class='ocrx_word' id='word_1_125' title='bbox 340 1962 506 2033; x_wconf 77' lang='grc' dir='ltr'>ἔργον</span> <span class='ocrx_word' id='word_1_126' title='bbox 530 1964 632 2034; x_wconf 85' lang='grc' dir='ltr'>τῆς</span> <span class='ocrx_word' id='word_1_127' title='bbox 656 1967 811 2032; x_wconf 87' lang='grc' dir='ltr'>θείας</span> <span class='ocrx_word' id='word_1_128' title='bbox 843 1969 1178 2041; x_wconf 82' lang='grc' dir='ltr'>σαρκώσεως</span> <span class='ocrx_word' id='word_1_129' title='bbox 1207 1974 1485 2044; x_wconf 76' lang='grc' dir='ltr'>διενήνοχε</span> <span class='ocrx_word' id='word_1_130' title='bbox 1521 1977 1623 2046; x_wconf 85' lang='grc' dir='ltr'>τῆς</span> <span class='ocrx_word' id='word_1_131' title='bbox 1649 1979 1918 2049; x_wconf 83' lang='grc' dir='ltr'>δημιουρ-</span> 
     </span>
    </p>
   </div>
   <div class='ocr_carea' id='block_1_20' title="bbox 337 2053 1918 2135">
    <p class='ocr_par' dir='ltr' id='par_1_20' title="bbox 337 2053 1918 2135">
     <span class='ocr_line' id='line_1_20' title="bbox 337 2053 1918 2135; baseline 0.013 -30"><span class='ocrx_word' id='word_1_132' title='bbox 337 2053 466 2119; x_wconf 86' lang='grc' dir='ltr'>γίας</span> <span class='ocrx_word' id='word_1_133' title='bbox 497 2055 607 2109; x_wconf 85' lang='grc' dir='ltr'><strong>τῶν</strong></span> <span class='ocrx_word' id='word_1_134' title='bbox 634 2059 1025 2131; x_wconf 83' lang='grc' dir='ltr'>ὑπερκοσμέων</span> <span class='ocrx_word' id='word_1_135' title='bbox 1079 2064 1390 2135; x_wconf 83' lang='grc' dir='ltr'>δυνάμεων.</span> <span class='ocrx_word' id='word_1_136' title='bbox 1431 2066 1604 2120; x_wconf 88' lang='grc' dir='ltr'>Τοῦτο</span> <span class='ocrx_word' id='word_1_137' title='bbox 1645 2069 1831 2123; x_wconf 80' lang='grc' dir='ltr'>τοίνυν</span> <span class='ocrx_word' id='word_1_138' title='bbox 1857 2072 1918 2126; x_wconf 84' lang='grc' dir='ltr'>τὸ</span> 
     </span>
    </p>
   </div>
   <div class='ocr_carea' id='block_1_21' title="bbox 338 2146 1918 2230">
    <p class='ocr_par' dir='ltr' id='par_1_21' title="bbox 338 2146 1918 2230">
     <span class='ocr_line' id='line_1_21' title="bbox 338 2146 1918 2230; baseline 0.012 -31"><span class='ocrx_word' id='word_1_139' title='bbox 338 2146 760 2219; x_wconf 77' lang='grc' dir='ltr'>ἀνυπέρϐλητον</span> <span class='ocrx_word' id='word_1_140' title='bbox 813 2155 980 2226; x_wconf 71' lang='grc' dir='ltr'>ἔργον</span> <span class='ocrx_word' id='word_1_141' title='bbox 1049 2159 1145 2211; x_wconf 74' lang='grc' dir='ltr'>καὶ</span> <span class='ocrx_word' id='word_1_142' title='bbox 1193 2162 1305 2222; x_wconf 82' lang='grc' dir='ltr'>τοῖς</span> <span class='ocrx_word' id='word_1_143' title='bbox 1345 2160 1670 2226; x_wconf 81' lang='grc' dir='ltr'>ἀποστόλοις</span> <span class='ocrx_word' id='word_1_144' title='bbox 1714 2165 1918 2230; x_wconf 81' lang='grc' dir='ltr'>ὁμοίιος</span> 
     </span>
    </p>
   </div>
   <div class='ocr_carea' id='block_1_22' title="bbox 341 2241 1919 2325">
    <p class='ocr_par' dir='ltr' id='par_1_22' title="bbox 341 2241 1919 2325">
     <span class='ocr_line' id='line_1_22' title="bbox 341 2241 1919 2325; baseline 0.011 -33"><span class='ocrx_word' id='word_1_145' title='bbox 341 2241 586 2310; x_wconf 76' lang='grc' dir='ltr'>ἐνεργεῖν</span> <span class='ocrx_word' id='word_1_146' title='bbox 611 2245 837 2314; x_wconf 79' lang='grc' dir='ltr'>δέδωκε,</span> <span class='ocrx_word' id='word_1_147' title='bbox 902 2249 1001 2301; x_wconf 79' lang='grc' dir='ltr'><strong>καὶ</strong></span> <span class='ocrx_word' id='word_1_148' title='bbox 1037 2249 1103 2302; x_wconf 85' lang='grc' dir='ltr'>δι’</span> <span class='ocrx_word' id='word_1_149' title='bbox 1173 2251 1402 2306; x_wconf 82' lang='grc' dir='ltr'>ἐκείνων</span> <span class='ocrx_word' id='word_1_150' title='bbox 1451 2253 1581 2318; x_wconf 84' lang='grc' dir='ltr'>τοὺς</span> <span class='ocrx_word' id='word_1_151' title='bbox 1635 2254 1919 2325; x_wconf 83' lang='grc' dir='ltr'>διαδόχους</span> 
     </span>
    </p>
   </div>
   <div class='ocr_carea' id='block_1_23' title="bbox 341 2334 1920 2416">
    <p class='ocr_par' dir='ltr' id='par_1_23' title="bbox 341 2334 1920 2416">
     <span class='ocr_line' id='line_1_23' title="bbox 341 2334 1920 2416; baseline 0.009 -30"><span class='ocrx_word' id='word_1_152' title='bbox 341 2334 572 2388; x_wconf 84' lang='grc' dir='ltr'>ἐκείνων</span> <span class='ocrx_word' id='word_1_153' title='bbox 606 2337 703 2392; x_wconf 80' lang='grc' dir='ltr'><strong>καὶ</strong></span> <span class='ocrx_word' id='word_1_154' title='bbox 731 2339 972 2408; x_wconf 79' lang='grc' dir='ltr'>καθεξῆς</span> <span class='ocrx_word' id='word_1_155' title='bbox 1000 2344 1125 2402; x_wconf 74' lang='grc' dir='ltr'>τοὺς</span> <span class='ocrx_word' id='word_1_156' title='bbox 1148 2342 1372 2408; x_wconf 81' lang='grc' dir='ltr'>λοιποὺς</span> <span class='ocrx_word' id='word_1_157' title='bbox 1405 2345 1569 2416; x_wconf 86' lang='grc' dir='ltr'>μέχρι</span> <span class='ocrx_word' id='word_1_158' title='bbox 1601 2347 1700 2416; x_wconf 79' lang='grc' dir='ltr'>τῆς</span> <span class='ocrx_word' id='word_1_159' title='bbox 1731 2347 1920 2400; x_wconf 71' lang='grc' dir='ltr'>τελευτ-</span> 
     </span>
    </p>
   </div>
   <div class='ocr_carea' id='block_1_24' title="bbox 338 2425 1922 2508">
    <p class='ocr_par' dir='ltr' id='par_1_24' title="bbox 338 2425 1922 2508">
     <span class='ocr_line' id='line_1_24' title="bbox 338 2425 1922 2508; baseline 0.003 -21"><span class='ocrx_word' id='word_1_160' title='bbox 338 2425 441 2493; x_wconf 80' lang='grc' dir='ltr'><strong>τῆς</strong></span> <span class='ocrx_word' id='word_1_161' title='bbox 479 2427 576 2480; x_wconf 77' lang='grc' dir='ltr'><strong>τοῦ</strong></span> <span class='ocrx_word' id='word_1_162' title='bbox 624 2431 894 2498; x_wconf 80' lang='grc' dir='ltr'>παρόντος</span> <span class='ocrx_word' id='word_1_163' title='bbox 931 2432 1069 2501; x_wconf 79' lang='grc' dir='ltr'>βίου.</span> <span class='ocrx_word' id='word_1_164' title='bbox 1106 2437 1312 2506; x_wconf 79' lang='grc' dir='ltr'>’Ἄρτον</span> <span class='ocrx_word' id='word_1_165' title='bbox 1344 2437 1454 2506; x_wconf 81' lang='grc' dir='ltr'><strong>γάρ</strong></span> <span class='ocrx_word' id='word_1_166' title='bbox 1490 2437 1588 2490; x_wconf 75' lang='grc' dir='ltr'><strong>καὶ</strong></span> <span class='ocrx_word' id='word_1_167' title='bbox 1615 2434 1759 2492; x_wconf 83' lang='grc' dir='ltr'>οἶνον</span> <span class='ocrx_word' id='word_1_168' title='bbox 1779 2440 1922 2508; x_wconf 83' lang='grc' dir='ltr'>λαμ-</span> 
     </span>
    </p>
   </div>
   <div class='ocr_carea' id='block_1_25' title="bbox 340 2515 1917 2598">
    <p class='ocr_par' dir='ltr' id='par_1_25' title="bbox 340 2515 1917 2598">
     <span class='ocr_line' id='line_1_25' title="bbox 340 2515 1917 2598; baseline 0.01 -32"><span class='ocrx_word' id='word_1_169' title='bbox 340 2515 604 2580; x_wconf 78' lang='grc' dir='ltr'>ϐάνοντες</span> <span class='ocrx_word' id='word_1_170' title='bbox 627 2521 695 2589; x_wconf 84' lang='grc' dir='ltr'>τῇ</span> <span class='ocrx_word' id='word_1_171' title='bbox 730 2521 986 2594; x_wconf 75' lang='grc' dir='ltr'>ἐνεργείᾳ</span> <span class='ocrx_word' id='word_1_172' title='bbox 1001 2522 1096 2576; x_wconf 84' lang='grc' dir='ltr'><strong>τοῦ</strong></span> <span class='ocrx_word' id='word_1_173' title='bbox 1126 2523 1272 2577; x_wconf 88' lang='grc' dir='ltr'>θείου</span> <span class='ocrx_word' id='word_1_174' title='bbox 1293 2526 1433 2579; x_wconf 85' lang='grc' dir='ltr'>Πνεύ</span> <span class='ocrx_word' id='word_1_175' title='bbox 1443 2545 1636 2596; x_wconf 85' lang='grc' dir='ltr'>ματος,</span> <span class='ocrx_word' id='word_1_176' title='bbox 1656 2530 1738 2592; x_wconf 90' lang='grc' dir='ltr'><strong>είς</strong></span> <span class='ocrx_word' id='word_1_177' title='bbox 1758 2528 1917 2598; x_wconf 85' lang='grc' dir='ltr'>σῶμα</span> 
     </span>
    </p>
   </div>
   <div class='ocr_carea' id='block_1_26' title="bbox 340 2603 1922 2690">
    <p class='ocr_par' dir='ltr' id='par_1_26' title="bbox 340 2603 1922 2690">
     <span class='ocr_line' id='line_1_26' title="bbox 340 2603 1922 2690; baseline 0.01 -32"><span class='ocrx_word' id='word_1_178' title='bbox 340 2610 432 2659; x_wconf 71' lang='grc' dir='ltr'><strong>καὶ</strong></span> <span class='ocrx_word' id='word_1_179' title='bbox 467 2603 611 2678; x_wconf 75' lang='grc' dir='ltr'>αἷμα</span> <span class='ocrx_word' id='word_1_180' title='bbox 644 2613 1000 2678; x_wconf 83' lang='grc' dir='ltr'>Δεσποτικὸν,</span> <span class='ocrx_word' id='word_1_181' title='bbox 1057 2609 1102 2669; x_wconf 79' lang='grc' dir='ltr'><strong>ὦ</strong></span> <span class='ocrx_word' id='word_1_182' title='bbox 1135 2618 1230 2670; x_wconf 85' lang='grc' dir='ltr'><strong>τοῦ</strong></span> <span class='ocrx_word' id='word_1_183' title='bbox 1295 2618 1606 2688; x_wconf 78' lang='grc' dir='ltr'>θαύματοςί</span> <span class='ocrx_word' id='word_1_184' title='bbox 1645 2621 1922 2690; x_wconf 79' lang='grc' dir='ltr'>μεταϐάλ-</span> 
     </span>
    </p>
   </div>
   <div class='ocr_carea' id='block_1_27' title="bbox 337 2697 1920 2782">
    <p class='ocr_par' dir='ltr' id='par_1_27' title="bbox 337 2697 1920 2782">
     <span class='ocr_line' id='line_1_27' title="bbox 337 2697 1920 2782; baseline 0.011 -33"><span class='ocrx_word' id='word_1_185' title='bbox 337 2697 529 2752; x_wconf 86' lang='grc' dir='ltr'>λουσι·</span> <span class='ocrx_word' id='word_1_186' title='bbox 582 2702 678 2755; x_wconf 73' lang='grc' dir='ltr'><strong>καὶ</strong></span> <span class='ocrx_word' id='word_1_187' title='bbox 737 2702 889 2758; x_wconf 83' lang='grc' dir='ltr'>λύειν</span> <span class='ocrx_word' id='word_1_188' title='bbox 933 2707 1029 2760; x_wconf 71' lang='grc' dir='ltr'><strong>καὶ</strong></span> <span class='ocrx_word' id='word_1_189' title='bbox 1081 2708 1303 2778; x_wconf 85' lang='grc' dir='ltr'>δεσμεῖν</span> <span class='ocrx_word' id='word_1_190' title='bbox 1343 2697 1620 2782; x_wconf 82' lang='grc' dir='ltr'>ἁμαρτίας</span> <span class='ocrx_word' id='word_1_191' title='bbox 1667 2712 1920 2778; x_wconf 77' lang='grc' dir='ltr'>ἐξουσίαν</span> 
     </span>
    </p>
   </div>
   <div class='ocr_carea' id='block_1_28' title="bbox 339 2790 1922 2876">
    <p class='ocr_par' dir='ltr' id='par_1_28' title="bbox 339 2790 1922 2876">
     <span class='ocr_line' id='line_1_28' title="bbox 339 2790 1922 2876; baseline 0.014 -35"><span class='ocrx_word' id='word_1_192' title='bbox 339 2790 650 2859; x_wconf 75' lang='grc' dir='ltr'>είλήφασιν,</span> <span class='ocrx_word' id='word_1_193' title='bbox 694 2795 723 2849; x_wconf 80' lang='grc' dir='ltr'>ὃ</span> <span class='ocrx_word' id='word_1_194' title='bbox 756 2797 921 2864; x_wconf 83' lang='grc' dir='ltr'>μόνου</span> <span class='ocrx_word' id='word_1_195' title='bbox 973 2801 1108 2855; x_wconf 77' lang='grc' dir='ltr'>Θεοῦ</span> <span class='ocrx_word' id='word_1_196' title='bbox 1157 2803 1322 2876; x_wconf 77' lang='grc' dir='ltr'>ἔργον</span> <span class='ocrx_word' id='word_1_197' title='bbox 1373 2805 1629 2876; x_wconf 86' lang='grc' dir='ltr'>ὑπάρχει.</span> <span class='ocrx_word' id='word_1_198' title='bbox 1665 2807 1776 2860; x_wconf 75' lang='grc' dir='ltr'>Καὶ</span> <span class='ocrx_word' id='word_1_199' title='bbox 1827 2809 1922 2863; x_wconf 83' lang='grc' dir='ltr'>ἀν-</span> 
     </span>
    </p>
   </div>
   <div class='ocr_carea' id='block_1_29' title="bbox 340 2877 1918 2966">
    <p class='ocr_par' dir='ltr' id='par_1_29' title="bbox 340 2877 1918 2966">
     <span class='ocr_line' id='line_1_29' title="bbox 340 2877 1918 2966; baseline 0.013 -36"><span class='ocrx_word' id='word_1_200' title='bbox 340 2877 599 2948; x_wconf 77' lang='grc' dir='ltr'>θρώπους</span> <span class='ocrx_word' id='word_1_201' title='bbox 646 2882 1042 2955; x_wconf 81' lang='grc' dir='ltr'>λαμϐάνοντες,</span> <span class='ocrx_word' id='word_1_202' title='bbox 1072 2891 1163 2945; x_wconf 75' lang='grc' dir='ltr'>διὰ</span> <span class='ocrx_word' id='word_1_203' title='bbox 1218 2893 1313 2946; x_wconf 85' lang='grc' dir='ltr'><strong>τοῦ</strong></span> <span class='ocrx_word' id='word_1_204' title='bbox 1352 2893 1502 2947; x_wconf 85' lang='grc' dir='ltr'>θείου</span> <span class='ocrx_word' id='word_1_205' title='bbox 1539 2889 1918 2966; x_wconf 59' lang='grc' dir='ltr'>βαπτίσματος</span> 
     </span>
    </p>
   </div>
   <div class='ocr_carea' id='block_1_30' title="bbox 337 2972 1920 3051">
    <p class='ocr_par' dir='ltr' id='par_1_30' title="bbox 337 2972 1920 3051">
     <span class='ocr_line' id='line_1_30' title="bbox 337 2972 1920 3051; baseline 0.015 -29"><span class='ocrx_word' id='word_1_206' title='bbox 337 2972 683 3039; x_wconf 80' lang='grc' dir='ltr'>ἀναγεννῶσι</span> <span class='ocrx_word' id='word_1_207' title='bbox 706 2979 804 3031; x_wconf 79' lang='grc' dir='ltr'><strong>καὶ</strong></span> <span class='ocrx_word' id='word_1_208' title='bbox 833 2981 1272 3039; x_wconf 81' lang='grc' dir='ltr'>ἀναπλάττουσιν</span> <span class='ocrx_word' id='word_1_209' title='bbox 1307 2988 1388 3048; x_wconf 81' lang='grc' dir='ltr'>εἰς</span> <span class='ocrx_word' id='word_1_210' title='bbox 1426 2989 1577 3051; x_wconf 81' lang='grc' dir='ltr'>υίοὺς</span> <span class='ocrx_word' id='word_1_211' title='bbox 1624 2991 1760 3045; x_wconf 86' lang='grc' dir='ltr'>Θεοῦ</span> <span class='ocrx_word' id='word_1_212' title='bbox 1825 2996 1920 3046; x_wconf 60' lang='grc' dir='ltr'><strong>καί⁵</strong></span> 
     </span>
    </p>
   </div>
   <div class='ocr_carea' id='block_1_31' title="bbox 2029 589 3600 663">
    <p class='ocr_par' dir='ltr' id='par_1_31' title="bbox 2029 589 3600 663">
     <span class='ocr_line' id='line_1_31' title="bbox 2029 589 3600 663; baseline 0.004 -21"><span class='ocrx_word' id='word_1_213' title='bbox 2029 596 2175 642; x_wconf 83' lang='lat' dir='ltr'><strong>terea</strong></span> <span class='ocrx_word' id='word_1_214' title='bbox 2205 589 2412 644; x_wconf 90' lang='lat' dir='ltr'><strong>ereavit</strong></span> <span class='ocrx_word' id='word_1_215' title='bbox 2449 604 2542 644; x_wconf 89' lang='lat' dir='ltr'><strong>eos</strong></span> <span class='ocrx_word' id='word_1_216' title='bbox 2587 590 2754 646; x_wconf 88' lang='lat' dir='ltr'><strong>veluti</strong></span> <span class='ocrx_word' id='word_1_217' title='bbox 2779 591 2911 648; x_wconf 90' lang='lat' dir='ltr'><strong>deos</strong></span> <span class='ocrx_word' id='word_1_218' title='bbox 2938 600 2993 647; x_wconf 91' lang='lat' dir='ltr'><strong>et</strong></span> <span class='ocrx_word' id='word_1_219' title='bbox 3023 601 3326 659; x_wconf 86' lang='lat' dir='ltr'><strong>creatores,</strong></span> <span class='ocrx_word' id='word_1_220' title='bbox 3352 604 3600 663; x_wconf 84' lang='lat' dir='ltr'><strong>potentes</strong></span> 
     </span>
    </p>
   </div>
   <div class='ocr_carea' id='block_1_32' title="bbox 2027 678 3599 752">
    <p class='ocr_par' dir='ltr' id='par_1_32' title="bbox 2027 678 3599 752">
     <span class='ocr_line' id='line_1_32' title="bbox 2027 678 3599 752; baseline 0.003 -18"><span class='ocrx_word' id='word_1_221' title='bbox 2027 678 2230 736; x_wconf 84' lang='lat' dir='ltr'><strong>virtute</strong></span> <span class='ocrx_word' id='word_1_222' title='bbox 2261 681 2652 749; x_wconf 86' lang='lat' dir='ltr'><strong>omnipotentis</strong></span> <span class='ocrx_word' id='word_1_223' title='bbox 2681 682 2942 752; x_wconf 79' lang='lat' dir='ltr'><strong>Spiritus,</strong></span> <span class='ocrx_word' id='word_1_224' title='bbox 2981 687 3219 740; x_wconf 81' lang='lat' dir='ltr'><strong>maxima</strong></span> <span class='ocrx_word' id='word_1_225' title='bbox 3252 685 3446 739; x_wconf 81' lang='lat' dir='ltr'><strong>divinae</strong></span> <span class='ocrx_word' id='word_1_226' title='bbox 3483 687 3599 738; x_wconf 86' lang='lat' dir='ltr'><strong>vir-</strong></span> 
     </span>
    </p>
   </div>
   <div class='ocr_carea' id='block_1_33' title="bbox 2025 774 3600 847">
    <p class='ocr_par' dir='ltr' id='par_1_33' title="bbox 2025 774 3600 847">
     <span class='ocr_line' id='line_1_33' title="bbox 2025 774 3600 847; baseline 0.004 -19"><span class='ocrx_word' id='word_1_227' title='bbox 2025 774 2160 832; x_wconf 82' lang='lat' dir='ltr'><strong>tutis</strong></span> <span class='ocrx_word' id='word_1_228' title='bbox 2190 774 2403 831; x_wconf 78' lang='lat' dir='ltr'><strong>ellicere</strong></span> <span class='ocrx_word' id='word_1_229' title='bbox 2431 791 2615 846; x_wconf 85' lang='lat' dir='ltr'><strong>opera.</strong></span> <span class='ocrx_word' id='word_1_230' title='bbox 2649 776 2717 832; x_wconf 87' lang='lat' dir='ltr'><strong>Et</strong></span> <span class='ocrx_word' id='word_1_231' title='bbox 2745 793 2874 834; x_wconf 86' lang='lat' dir='ltr'><strong>vero</strong></span> <span class='ocrx_word' id='word_1_232' title='bbox 2903 795 2970 835; x_wconf 76' lang='lat' dir='ltr'><strong>ex</strong></span> <span class='ocrx_word' id='word_1_233' title='bbox 3013 779 3082 835; x_wconf 91' lang='lat' dir='ltr'><strong>iis</strong></span> <span class='ocrx_word' id='word_1_234' title='bbox 3107 779 3474 847; x_wconf 59' lang='lat' dir='ltr'><strong>{multiformis</strong></span> <span class='ocrx_word' id='word_1_235' title='bbox 3505 777 3600 834; x_wconf 91' lang='lat' dir='ltr'><strong>Dei</strong></span> 
     </span>
    </p>
   </div>
   <div class='ocr_carea' id='block_1_34' title="bbox 2025 868 3599 942">
    <p class='ocr_par' dir='ltr' id='par_1_34' title="bbox 2025 868 3599 942">
     <span class='ocr_line' id='line_1_34' title="bbox 2025 868 3599 942; baseline 0.001 -18"><span class='ocrx_word' id='word_1_236' title='bbox 2025 868 2290 938; x_wconf 82' lang='lat' dir='ltr'><strong>sapientia</strong></span> <span class='ocrx_word' id='word_1_237' title='bbox 2345 879 2400 923; x_wconf 89' lang='lat' dir='ltr'><strong>et</strong></span> <span class='ocrx_word' id='word_1_238' title='bbox 2448 870 2623 925; x_wconf 90' lang='lat' dir='ltr'><strong>virtus</strong></span> <span class='ocrx_word' id='word_1_239' title='bbox 2656 871 2930 942; x_wconf 66' lang='lat' dir='ltr'><strong>praecipue</strong></span> <span class='ocrx_word' id='word_1_240' title='bbox 2977 883 3219 942; x_wconf 78' lang='lat' dir='ltr'><strong>apparet,</strong></span> <span class='ocrx_word' id='word_1_241' title='bbox 3271 882 3326 928; x_wconf 89' lang='lat' dir='ltr'><strong>et</strong></span> <span class='ocrx_word' id='word_1_242' title='bbox 3375 872 3599 927; x_wconf 87' lang='lat' dir='ltr'><strong>investi-</strong></span> 
     </span>
    </p>
   </div>
   <div class='ocr_carea' id='block_1_35' title="bbox 2026 960 3599 1033">
    <p class='ocr_par' dir='ltr' id='par_1_35' title="bbox 2026 960 3599 1033">
     <span class='ocr_line' id='line_1_35' title="bbox 2026 960 3599 1033; baseline 0.004 -20"><span class='ocrx_word' id='word_1_243' title='bbox 2026 960 2232 1030; x_wconf 86' lang='lat' dir='ltr'><strong>gabiles</strong></span> <span class='ocrx_word' id='word_1_244' title='bbox 2262 961 2526 1016; x_wconf 82' lang='lat' dir='ltr'><strong>bonitatis</strong></span> <span class='ocrx_word' id='word_1_245' title='bbox 2559 962 2728 1031; x_wconf 87' lang='lat' dir='ltr'><strong>ipsius</strong></span> <span class='ocrx_word' id='word_1_246' title='bbox 2760 962 3088 1032; x_wconf 90' lang='lat' dir='ltr'><strong>deteguntur</strong></span> <span class='ocrx_word' id='word_1_247' title='bbox 3113 965 3335 1020; x_wconf 63' lang='lat' dir='ltr'><strong>divitiae.</strong></span> <span class='ocrx_word' id='word_1_248' title='bbox 3363 964 3599 1033; x_wconf 89' lang='lat' dir='ltr'><strong>Ideoque</strong></span> 
     </span>
    </p>
   </div>
   <div class='ocr_carea' id='block_1_36' title="bbox 2025 1053 3597 1126">
    <p class='ocr_par' dir='ltr' id='par_1_36' title="bbox 2025 1053 3597 1126">
     <span class='ocr_line' id='line_1_36' title="bbox 2025 1053 3597 1126; baseline 0.001 -18"><span class='ocrx_word' id='word_1_249' title='bbox 2025 1053 2216 1110; x_wconf 85' lang='lat' dir='ltr'><strong>beatus</strong></span> <span class='ocrx_word' id='word_1_250' title='bbox 2261 1054 2474 1110; x_wconf 84' lang='lat' dir='ltr'><strong>dicebat</strong></span> <span class='ocrx_word' id='word_1_251' title='bbox 2507 1053 2740 1109; x_wconf 83' lang='lat' dir='ltr'><strong>Paulus:</strong></span> <span class='ocrx_word' id='word_1_252' title='bbox 2780 1055 2878 1110; x_wconf 81' lang='lat' dir='ltr'><strong>Dei</strong></span> <span class='ocrx_word' id='word_1_253' title='bbox 2911 1065 3274 1126; x_wconf 78' lang='lat' dir='ltr'><strong>cooperatores</strong></span> <span class='ocrx_word' id='word_1_254' title='bbox 3317 1073 3496 1111; x_wconf 72' lang='lat' dir='ltr'><strong>erimus</strong></span> <span class='ocrx_word' id='word_1_255' title='bbox 3529 1057 3597 1110; x_wconf 69' lang='grc' dir='ltr'><strong>δ’.</strong></span> 
     </span>
    </p>
   </div>
   <div class='ocr_carea' id='block_1_37' title="bbox 2025 1143 3598 1217">
    <p class='ocr_par' dir='ltr' id='par_1_37' title="bbox 2025 1143 3598 1217">
     <span class='ocr_line' id='line_1_37' title="bbox 2025 1143 3598 1217; baseline 0.003 -19"><span class='ocrx_word' id='word_1_256' title='bbox 2025 1143 2237 1198; x_wconf 87' lang='lat' dir='ltr'><strong>Etenim</strong></span> <span class='ocrx_word' id='word_1_257' title='bbox 2270 1145 2514 1200; x_wconf 89' lang='lat' dir='ltr'><strong>omnium</strong></span> <span class='ocrx_word' id='word_1_258' title='bbox 2554 1160 2778 1214; x_wconf 86' lang='lat' dir='ltr'><strong>operum</strong></span> <span class='ocrx_word' id='word_1_259' title='bbox 2833 1156 2939 1201; x_wconf 92' lang='lat' dir='ltr'><strong>tam</strong></span> <span class='ocrx_word' id='word_1_260' title='bbox 2995 1147 3381 1217; x_wconf 51' lang='lat' dir='ltr'><strong>spiritualium,</strong></span> <span class='ocrx_word' id='word_1_261' title='bbox 3435 1163 3598 1217; x_wconf 89' lang='lat' dir='ltr'><strong>quam</strong></span> 
     </span>
    </p>
   </div>
   <div class='ocr_carea' id='block_1_38' title="bbox 2025 1236 3602 1305">
    <p class='ocr_par' dir='ltr' id='par_1_38' title="bbox 2025 1236 3602 1305">
     <span class='ocr_line' id='line_1_38' title="bbox 2025 1236 3602 1305; baseline 0.003 -15"><span class='ocrx_word' id='word_1_262' title='bbox 2025 1250 2429 1305; x_wconf 89' lang='lat' dir='ltr'><strong>corporeorum,</strong></span> <span class='ocrx_word' id='word_1_263' title='bbox 2454 1251 2575 1305; x_wconf 72' lang='lat' dir='ltr'><strong>quae</strong></span> <span class='ocrx_word' id='word_1_264' title='bbox 2608 1236 2752 1292; x_wconf 86' lang='lat' dir='ltr'><strong>Deus</strong></span> <span class='ocrx_word' id='word_1_265' title='bbox 2775 1237 2923 1305; x_wconf 85' lang='lat' dir='ltr'><strong>fecit,</strong></span> <span class='ocrx_word' id='word_1_266' title='bbox 2951 1238 3246 1293; x_wconf 83' lang='lat' dir='ltr'><strong>maximum</strong></span> <span class='ocrx_word' id='word_1_267' title='bbox 3280 1250 3363 1294; x_wconf 90' lang='lat' dir='ltr'><strong>est</strong></span> <span class='ocrx_word' id='word_1_268' title='bbox 3395 1239 3602 1294; x_wconf 88' lang='lat' dir='ltr'><strong>incom-</strong></span> 
     </span>
    </p>
   </div>
   <div class='ocr_carea' id='block_1_39' title="bbox 2025 1329 3596 1398">
    <p class='ocr_par' dir='ltr' id='par_1_39' title="bbox 2025 1329 3596 1398">
     <span class='ocr_line' id='line_1_39' title="bbox 2025 1329 3596 1398; baseline 0.004 -18"><span class='ocrx_word' id='word_1_269' title='bbox 2025 1329 2251 1398; x_wconf 84' lang='lat' dir='ltr'><strong>parabili</strong></span> <span class='ocrx_word' id='word_1_270' title='bbox 2279 1329 2618 1395; x_wconf 83' lang='lat' dir='ltr'><strong>excellentia,</strong></span> <span class='ocrx_word' id='word_1_271' title='bbox 2647 1344 2802 1385; x_wconf 87' lang='lat' dir='ltr'><strong>saera</strong></span> <span class='ocrx_word' id='word_1_272' title='bbox 2827 1329 3006 1384; x_wconf 88' lang='lat' dir='ltr'><strong>anima</strong></span> <span class='ocrx_word' id='word_1_273' title='bbox 3064 1339 3120 1386; x_wconf 93' lang='lat' dir='ltr'><strong>et</strong></span> <span class='ocrx_word' id='word_1_274' title='bbox 3139 1346 3267 1385; x_wconf 86' lang='lat' dir='ltr'><strong>caro</strong></span> <span class='ocrx_word' id='word_1_275' title='bbox 3295 1331 3596 1387; x_wconf 83' lang='lat' dir='ltr'><strong>Dominica.</strong></span> 
     </span>
    </p>
   </div>
   <div class='ocr_carea' id='block_1_40' title="bbox 2024 1419 3594 1494">
    <p class='ocr_par' dir='ltr' id='par_1_40' title="bbox 2024 1419 3594 1494">
     <span class='ocr_line' id='line_1_40' title="bbox 2024 1419 3594 1494; baseline 0.002 -21"><span class='ocrx_word' id='word_1_276' title='bbox 2024 1419 2165 1486; x_wconf 82' lang='lat' dir='ltr'><strong>Quid</strong></span> <span class='ocrx_word' id='word_1_277' title='bbox 2218 1421 2363 1476; x_wconf 92' lang='lat' dir='ltr'><strong>enim</strong></span> <span class='ocrx_word' id='word_1_278' title='bbox 2421 1421 2596 1491; x_wconf 85' lang='lat' dir='ltr'><strong>majus</strong></span> <span class='ocrx_word' id='word_1_279' title='bbox 2657 1433 2760 1488; x_wconf 89' lang='lat' dir='ltr'><strong>est,</strong></span> <span class='ocrx_word' id='word_1_280' title='bbox 2825 1438 2986 1494; x_wconf 88' lang='lat' dir='ltr'><strong>quam</strong></span> <span class='ocrx_word' id='word_1_281' title='bbox 3047 1432 3288 1479; x_wconf 86' lang='lat' dir='ltr'><strong>nostram</strong></span> <span class='ocrx_word' id='word_1_282' title='bbox 3343 1432 3594 1476; x_wconf 88' lang='lat' dir='ltr'><strong>naturam</strong></span> 
     </span>
    </p>
   </div>
   <div class='ocr_carea' id='block_1_41' title="bbox 2024 1513 3599 1587">
    <p class='ocr_par' dir='ltr' id='par_1_41' title="bbox 2024 1513 3599 1587">
     <span class='ocr_line' id='line_1_41' title="bbox 2024 1513 3599 1587; baseline -0.001 -18"><span class='ocrx_word' id='word_1_283' title='bbox 2024 1516 2320 1570; x_wconf 88' lang='lat' dir='ltr'><strong>secundum</strong></span> <span class='ocrx_word' id='word_1_284' title='bbox 2339 1515 2594 1572; x_wconf 89' lang='lat' dir='ltr'><strong>unionem</strong></span> <span class='ocrx_word' id='word_1_285' title='bbox 2614 1517 3008 1587; x_wconf 76' lang='lat' dir='ltr'><strong>hypostaticam</strong></span> <span class='ocrx_word' id='word_1_286' title='bbox 3030 1516 3143 1569; x_wconf 79' lang='lat' dir='ltr'><strong>ﬁeri</strong></span> <span class='ocrx_word' id='word_1_287' title='bbox 3167 1525 3414 1571; x_wconf 90' lang='lat' dir='ltr'><strong>naturam</strong></span> <span class='ocrx_word' id='word_1_288' title='bbox 3440 1513 3599 1570; x_wconf 85' lang='lat' dir='ltr'><strong>Verbi</strong></span> 
     </span>
    </p>
   </div>
   <div class='ocr_carea' id='block_1_42' title="bbox 2024 1605 3598 1678">
    <p class='ocr_par' dir='ltr' id='par_1_42' title="bbox 2024 1605 3598 1678">
     <span class='ocr_line' id='line_1_42' title="bbox 2024 1605 3598 1678; baseline -0.001 -18"><span class='ocrx_word' id='word_1_289' title='bbox 2024 1605 2164 1662; x_wconf 88' lang='lat' dir='ltr'><strong>Dei?</strong></span> <span class='ocrx_word' id='word_1_290' title='bbox 2206 1607 2478 1673; x_wconf 85' lang='lat' dir='ltr'><strong>Quantqu</strong></span> <span class='ocrx_word' id='word_1_291' title='bbox 2501 1623 2630 1678; x_wconf 85' lang='lat' dir='ltr'><strong>ergo</strong></span> <span class='ocrx_word' id='word_1_292' title='bbox 2653 1618 2874 1678; x_wconf 70' lang='lat' dir='ltr'><strong>praestat</strong></span> <span class='ocrx_word' id='word_1_293' title='bbox 2905 1607 3016 1678; x_wconf 71' lang='lat'><strong>(4|)</strong></span> <span class='ocrx_word' id='word_1_294' title='bbox 3051 1607 3362 1662; x_wconf 82' lang='lat' dir='ltr'><strong>humanitas</strong></span> <span class='ocrx_word' id='word_1_295' title='bbox 3410 1605 3598 1659; x_wconf 85' lang='lat' dir='ltr'><strong>Salva-</strong></span> 
     </span>
    </p>
   </div>
   <div class='ocr_carea' id='block_1_43' title="bbox 2025 1700 3597 1770">
    <p class='ocr_par' dir='ltr' id='par_1_43' title="bbox 2025 1700 3597 1770">
     <span class='ocr_line' id='line_1_43' title="bbox 2025 1700 3597 1770; baseline -0.001 -17"><span class='ocrx_word' id='word_1_296' title='bbox 2025 1702 2156 1755; x_wconf 89' lang='lat' dir='ltr'><strong>toris</strong></span> <span class='ocrx_word' id='word_1_297' title='bbox 2191 1700 2324 1770; x_wconf 87' lang='lat' dir='ltr'><strong>ipsis</strong></span> <span class='ocrx_word' id='word_1_298' title='bbox 2356 1701 2649 1757; x_wconf 87' lang='lat' dir='ltr'><strong>Cherubim</strong></span> <span class='ocrx_word' id='word_1_299' title='bbox 2689 1710 2743 1754; x_wconf 86' lang='lat' dir='ltr'><strong>et</strong></span> <span class='ocrx_word' id='word_1_300' title='bbox 2792 1700 3078 1769; x_wconf 88' lang='lat' dir='ltr'><strong>Seraphim</strong></span> <span class='ocrx_word' id='word_1_301' title='bbox 3125 1700 3367 1770; x_wconf 57' lang='lat' dir='ltr'><strong>(praestat</strong></span> <span class='ocrx_word' id='word_1_302' title='bbox 3417 1707 3597 1753; x_wconf 78' lang='lat' dir='ltr'><strong>autem</strong></span> 
     </span>
    </p>
   </div>
   <div class='ocr_carea' id='block_1_44' title="bbox 2023 1790 3600 1865">
    <p class='ocr_par' dir='ltr' id='par_1_44' title="bbox 2023 1790 3600 1865">
     <span class='ocr_line' id='line_1_44' title="bbox 2023 1790 3600 1865; baseline 0.001 -22"><span class='ocrx_word' id='word_1_303' title='bbox 2023 1800 2286 1859; x_wconf 87' lang='lat' dir='ltr'><strong>quantum</strong></span> <span class='ocrx_word' id='word_1_304' title='bbox 2345 1806 2502 1846; x_wconf 89' lang='lat' dir='ltr'><strong>servo</strong></span> <span class='ocrx_word' id='word_1_305' title='bbox 2557 1791 2876 1860; x_wconf 88' lang='lat' dir='ltr'><strong>Dominus),</strong></span> <span class='ocrx_word' id='word_1_306' title='bbox 2915 1801 3125 1865; x_wconf 85' lang='lat' dir='ltr'><strong>tantum</strong></span> <span class='ocrx_word' id='word_1_307' title='bbox 3182 1791 3347 1844; x_wconf 90' lang='lat' dir='ltr'><strong>etiam</strong></span> <span class='ocrx_word' id='word_1_308' title='bbox 3403 1790 3600 1844; x_wconf 60' lang='lat' dir='ltr'><strong>divinae</strong></span> 
     </span>
    </p>
   </div>
   <div class='ocr_carea' id='block_1_45' title="bbox 2020 1881 3595 1953">
    <p class='ocr_par' dir='ltr' id='par_1_45' title="bbox 2020 1881 3595 1953">
     <span class='ocr_line' id='line_1_45' title="bbox 2020 1881 3595 1953; baseline -0.003 -17"><span class='ocrx_word' id='word_1_309' title='bbox 2020 1883 2199 1936; x_wconf 87' lang='lat' dir='ltr'><strong>carnis</strong></span> <span class='ocrx_word' id='word_1_310' title='bbox 2258 1883 2538 1953; x_wconf 85' lang='lat' dir='ltr'><strong>generatio</strong></span> <span class='ocrx_word' id='word_1_311' title='bbox 2597 1892 2820 1952; x_wconf 88' lang='lat' dir='ltr'><strong>superat</strong></span> <span class='ocrx_word' id='word_1_312' title='bbox 2885 1881 3224 1938; x_wconf 89' lang='lat' dir='ltr'><strong>creationem</strong></span> <span class='ocrx_word' id='word_1_313' title='bbox 3291 1881 3595 1936; x_wconf 84' lang='lat' dir='ltr'><strong>coelestiqu</strong></span> 
     </span>
    </p>
   </div>
   <div class='ocr_carea' id='block_1_46' title="bbox 2019 1971 3600 2043">
    <p class='ocr_par' dir='ltr' id='par_1_46' title="bbox 2019 1971 3600 2043">
     <span class='ocr_line' id='line_1_46' title="bbox 2019 1971 3600 2043; baseline -0.002 -15"><span class='ocrx_word' id='word_1_314' title='bbox 2019 1982 2370 2043; x_wconf 87' lang='lat' dir='ltr'><strong>potestatum.</strong></span> <span class='ocrx_word' id='word_1_315' title='bbox 2400 1971 2512 2028; x_wconf 89' lang='lat' dir='ltr'><strong>lloc</strong></span> <span class='ocrx_word' id='word_1_316' title='bbox 2538 1989 2666 2043; x_wconf 85' lang='lat' dir='ltr'><strong>ergo</strong></span> <span class='ocrx_word' id='word_1_317' title='bbox 2700 1974 2959 2028; x_wconf 82' lang='lat' dir='ltr'><strong>eximium</strong></span> <span class='ocrx_word' id='word_1_318' title='bbox 2999 1988 3138 2043; x_wconf 89' lang='lat' dir='ltr'><strong>opus</strong></span> <span class='ocrx_word' id='word_1_319' title='bbox 3175 1972 3434 2042; x_wconf 85' lang='lat' dir='ltr'><strong>apostolis</strong></span> <span class='ocrx_word' id='word_1_320' title='bbox 3466 1987 3600 2043; x_wconf 87' lang='lat' dir='ltr'><strong>quo-</strong></span> 
     </span>
    </p>
   </div>
   <div class='ocr_carea' id='block_1_47' title="bbox 2018 2065 3604 2136">
    <p class='ocr_par' dir='ltr' id='par_1_47' title="bbox 2018 2065 3604 2136">
     <span class='ocr_line' id='line_1_47' title="bbox 2018 2065 3604 2136; baseline 0.003 -20"><span class='ocrx_word' id='word_1_321' title='bbox 2018 2079 2123 2134; x_wconf 90' lang='lat' dir='ltr'><strong>que</strong></span> <span class='ocrx_word' id='word_1_322' title='bbox 2167 2065 2530 2121; x_wconf 81' lang='lat' dir='ltr'><strong>exercendum</strong></span> <span class='ocrx_word' id='word_1_323' title='bbox 2567 2066 2734 2132; x_wconf 89' lang='lat' dir='ltr'><strong>dedit,</strong></span> <span class='ocrx_word' id='word_1_324' title='bbox 2772 2075 2826 2122; x_wconf 89' lang='lat' dir='ltr'><strong>et</strong></span> <span class='ocrx_word' id='word_1_325' title='bbox 2870 2081 2967 2136; x_wconf 89' lang='lat' dir='ltr'><strong>per</strong></span> <span class='ocrx_word' id='word_1_326' title='bbox 3011 2065 3131 2121; x_wconf 89' lang='lat' dir='ltr'><strong>illos</strong></span> <span class='ocrx_word' id='word_1_327' title='bbox 3166 2079 3354 2121; x_wconf 91' lang='lat' dir='ltr'><strong>eorum</strong></span> <span class='ocrx_word' id='word_1_328' title='bbox 3387 2077 3604 2120; x_wconf 87' lang='lat' dir='ltr'><strong>succes-</strong></span> 
     </span>
    </p>
   </div>
   <div class='ocr_carea' id='block_1_48' title="bbox 2018 2156 3604 2229">
    <p class='ocr_par' dir='ltr' id='par_1_48' title="bbox 2018 2156 3604 2229">
     <span class='ocr_line' id='line_1_48' title="bbox 2018 2156 3604 2229; baseline -0.001 -17"><span class='ocrx_word' id='word_1_329' title='bbox 2018 2156 2259 2223; x_wconf 89' lang='lat' dir='ltr'><strong>soribus,</strong></span> <span class='ocrx_word' id='word_1_330' title='bbox 2295 2167 2352 2213; x_wconf 88' lang='lat' dir='ltr'><strong>et</strong></span> <span class='ocrx_word' id='word_1_331' title='bbox 2383 2157 2646 2228; x_wconf 86' lang='lat' dir='ltr'><strong>deinceps</strong></span> <span class='ocrx_word' id='word_1_332' title='bbox 2679 2159 2907 2228; x_wconf 86' lang='lat' dir='ltr'><strong>reliquis</strong></span> <span class='ocrx_word' id='word_1_333' title='bbox 2947 2173 3119 2229; x_wconf 87' lang='lat' dir='ltr'><strong>usque</strong></span> <span class='ocrx_word' id='word_1_334' title='bbox 3157 2159 3225 2213; x_wconf 88' lang='lat' dir='ltr'><strong>ad</strong></span> <span class='ocrx_word' id='word_1_335' title='bbox 3254 2172 3604 2213; x_wconf 87' lang='lat' dir='ltr'><strong>consumma-</strong></span> 
     </span>
    </p>
   </div>
   <div class='ocr_carea' id='block_1_49' title="bbox 2019 2248 3603 2320">
    <p class='ocr_par' dir='ltr' id='par_1_49' title="bbox 2019 2248 3603 2320">
     <span class='ocr_line' id='line_1_49' title="bbox 2019 2248 3603 2320; baseline -0.003 -13"><span class='ocrx_word' id='word_1_336' title='bbox 2019 2253 2223 2308; x_wconf 87' lang='lat' dir='ltr'><strong>tionem</strong></span> <span class='ocrx_word' id='word_1_337' title='bbox 2257 2252 2420 2320; x_wconf 87' lang='lat' dir='ltr'><strong>hujus</strong></span> <span class='ocrx_word' id='word_1_338' title='bbox 2466 2253 2612 2306; x_wconf 80' lang='lat' dir='ltr'><strong>vitae.</strong></span> <span class='ocrx_word' id='word_1_339' title='bbox 2665 2251 2865 2305; x_wconf 90' lang='lat' dir='ltr'><strong>Panem</strong></span> <span class='ocrx_word' id='word_1_340' title='bbox 2913 2253 3059 2306; x_wconf 89' lang='lat' dir='ltr'><strong>enim</strong></span> <span class='ocrx_word' id='word_1_341' title='bbox 3111 2260 3169 2306; x_wconf 89' lang='lat' dir='ltr'><strong>et</strong></span> <span class='ocrx_word' id='word_1_342' title='bbox 3223 2251 3408 2304; x_wconf 88' lang='lat' dir='ltr'><strong>vinum</strong></span> <span class='ocrx_word' id='word_1_343' title='bbox 3461 2248 3603 2304; x_wconf 86' lang='lat' dir='ltr'><strong>acci—</strong></span> 
     </span>
    </p>
   </div>
   <div class='ocr_carea' id='block_1_50' title="bbox 2019 2344 3606 2415">
    <p class='ocr_par' dir='ltr' id='par_1_50' title="bbox 2019 2344 3606 2415">
     <span class='ocr_line' id='line_1_50' title="bbox 2019 2344 3606 2415; baseline -0.003 -16"><span class='ocrx_word' id='word_1_344' title='bbox 2019 2347 2253 2415; x_wconf 86' lang='lat' dir='ltr'><strong>pientes,</strong></span> <span class='ocrx_word' id='word_1_345' title='bbox 2287 2346 2487 2400; x_wconf 90' lang='lat' dir='ltr'><strong>virtute</strong></span> <span class='ocrx_word' id='word_1_346' title='bbox 2535 2345 2774 2414; x_wconf 77' lang='lat' dir='ltr'><strong>Spiritus</strong></span> <span class='ocrx_word' id='word_1_347' title='bbox 2832 2344 3005 2399; x_wconf 83' lang='lat' dir='ltr'><strong>sancti</strong></span> <span class='ocrx_word' id='word_1_348' title='bbox 3059 2344 3112 2397; x_wconf 92' lang='lat' dir='ltr'><strong>in</strong></span> <span class='ocrx_word' id='word_1_349' title='bbox 3163 2357 3360 2411; x_wconf 88' lang='lat' dir='ltr'><strong>corpus</strong></span> <span class='ocrx_word' id='word_1_350' title='bbox 3389 2351 3443 2395; x_wconf 87' lang='lat' dir='ltr'><strong>et</strong></span> <span class='ocrx_word' id='word_1_351' title='bbox 3476 2357 3606 2397; x_wconf 86' lang='lat' dir='ltr'><strong>san-</strong></span> 
     </span>
    </p>
   </div>
   <div class='ocr_carea' id='block_1_51' title="bbox 2018 2434 3604 2510">
    <p class='ocr_par' dir='ltr' id='par_1_51' title="bbox 2018 2434 3604 2510">
     <span class='ocr_line' id='line_1_51' title="bbox 2018 2434 3604 2510; baseline -0.003 -18"><span class='ocrx_word' id='word_1_352' title='bbox 2018 2439 2238 2510; x_wconf 90' lang='lat' dir='ltr'><strong>guinem</strong></span> <span class='ocrx_word' id='word_1_353' title='bbox 2289 2437 2651 2503; x_wconf 91' lang='lat' dir='ltr'><strong>Dominicum,</strong></span> <span class='ocrx_word' id='word_1_354' title='bbox 2683 2453 2717 2493; x_wconf 92' lang='lat' dir='ltr'><strong>o</strong></span> <span class='ocrx_word' id='word_1_355' title='bbox 2772 2451 2883 2492; x_wconf 91' lang='lat' dir='ltr'><strong>rem</strong></span> <span class='ocrx_word' id='word_1_356' title='bbox 2943 2434 3364 2500; x_wconf 62' lang='lat' dir='ltr'><strong>admirabllemj</strong></span> <span class='ocrx_word' id='word_1_357' title='bbox 3423 2443 3604 2487; x_wconf 88' lang='lat' dir='ltr'><strong>trans-</strong></span> 
     </span>
    </p>
   </div>
   <div class='ocr_carea' id='block_1_52' title="bbox 2021 2524 3602 2596">
    <p class='ocr_par' dir='ltr' id='par_1_52' title="bbox 2021 2524 3602 2596">
     <span class='ocr_line' id='line_1_52' title="bbox 2021 2524 3602 2596; baseline -0.006 -9"><span class='ocrx_word' id='word_1_358' title='bbox 2021 2538 2252 2596; x_wconf 82' lang='lat' dir='ltr'><strong>mutant,</strong></span> <span class='ocrx_word' id='word_1_359' title='bbox 2291 2529 2534 2585; x_wconf 79' lang='lat' dir='ltr'><strong>solvendi</strong></span> <span class='ocrx_word' id='word_1_360' title='bbox 2587 2529 2750 2583; x_wconf 88' lang='lat' dir='ltr'><strong>etiam</strong></span> <span class='ocrx_word' id='word_1_361' title='bbox 2800 2535 2856 2582; x_wconf 88' lang='lat' dir='ltr'><strong>et</strong></span> <span class='ocrx_word' id='word_1_362' title='bbox 2907 2527 3106 2596; x_wconf 84' lang='lat' dir='ltr'><strong>ligandi</strong></span> <span class='ocrx_word' id='word_1_363' title='bbox 3161 2533 3409 2595; x_wconf 86' lang='lat' dir='ltr'><strong>peccata,</strong></span> <span class='ocrx_word' id='word_1_364' title='bbox 3457 2524 3602 2594; x_wconf 86' lang='lat' dir='ltr'><strong>quod</strong></span> 
     </span>
    </p>
   </div>
   <div class='ocr_carea' id='block_1_53' title="bbox 2021 2621 3597 2693">
    <p class='ocr_par' dir='ltr' id='par_1_53' title="bbox 2021 2621 3597 2693">
     <span class='ocr_line' id='line_1_53' title="bbox 2021 2621 3597 2693; baseline -0.004 -16"><span class='ocrx_word' id='word_1_365' title='bbox 2021 2622 2240 2693; x_wconf 85' lang='lat' dir='ltr'><strong>quidem</strong></span> <span class='ocrx_word' id='word_1_366' title='bbox 2273 2621 2446 2678; x_wconf 89' lang='lat' dir='ltr'><strong>solius</strong></span> <span class='ocrx_word' id='word_1_367' title='bbox 2490 2621 2585 2676; x_wconf 89' lang='lat' dir='ltr'><strong>Dei</strong></span> <span class='ocrx_word' id='word_1_368' title='bbox 2621 2630 2706 2677; x_wconf 90' lang='lat' dir='ltr'><strong>est</strong></span> <span class='ocrx_word' id='word_1_369' title='bbox 2736 2634 2894 2687; x_wconf 88' lang='lat' dir='ltr'><strong>opus,</strong></span> <span class='ocrx_word' id='word_1_370' title='bbox 2933 2621 3034 2689; x_wconf 85' lang='lat' dir='ltr'><strong>ipsi</strong></span> <span class='ocrx_word' id='word_1_371' title='bbox 3085 2625 3410 2690; x_wconf 88' lang='lat' dir='ltr'><strong>potestatem</strong></span> <span class='ocrx_word' id='word_1_372' title='bbox 3444 2631 3597 2671; x_wconf 87' lang='lat' dir='ltr'><strong>acce-</strong></span> 
     </span>
    </p>
   </div>
   <div class='ocr_carea' id='block_1_54' title="bbox 2021 2708 3600 2784">
    <p class='ocr_par' dir='ltr' id='par_1_54' title="bbox 2021 2708 3600 2784">
     <span class='ocr_line' id='line_1_54' title="bbox 2021 2708 3600 2784; baseline -0.005 -16"><span class='ocrx_word' id='word_1_373' title='bbox 2021 2724 2240 2784; x_wconf 89' lang='lat' dir='ltr'><strong>perunt.</strong></span> <span class='ocrx_word' id='word_1_374' title='bbox 2293 2712 2400 2768; x_wconf 88' lang='lat' dir='ltr'><strong>Sed</strong></span> <span class='ocrx_word' id='word_1_375' title='bbox 2447 2721 2503 2767; x_wconf 84' lang='lat' dir='ltr'><strong>et</strong></span> <span class='ocrx_word' id='word_1_376' title='bbox 2547 2712 2797 2766; x_wconf 89' lang='lat' dir='ltr'><strong>homines</strong></span> <span class='ocrx_word' id='word_1_377' title='bbox 2851 2725 2946 2780; x_wconf 91' lang='lat' dir='ltr'><strong>per</strong></span> <span class='ocrx_word' id='word_1_378' title='bbox 2999 2725 3218 2765; x_wconf 86' lang='lat' dir='ltr'><strong>sacrum</strong></span> <span class='ocrx_word' id='word_1_379' title='bbox 3271 2708 3600 2778; x_wconf 82' lang='lat' dir='ltr'><strong>baptismum</strong></span> 
     </span>
    </p>
   </div>
   <div class='ocr_carea' id='block_1_55' title="bbox 2019 2799 3599 2875">
    <p class='ocr_par' dir='ltr' id='par_1_55' title="bbox 2019 2799 3599 2875">
     <span class='ocr_line' id='line_1_55' title="bbox 2019 2799 3599 2875; baseline -0.006 -14"><span class='ocrx_word' id='word_1_380' title='bbox 2019 2812 2368 2875; x_wconf 87' lang='lat' dir='ltr'><strong>regenerant,</strong></span> <span class='ocrx_word' id='word_1_381' title='bbox 2409 2814 2572 2874; x_wconf 87' lang='lat' dir='ltr'><strong>atque</strong></span> <span class='ocrx_word' id='word_1_382' title='bbox 2606 2803 2659 2858; x_wconf 94' lang='lat' dir='ltr'><strong>in</strong></span> <span class='ocrx_word' id='word_1_383' title='bbox 2701 2803 2791 2858; x_wconf 89' lang='lat' dir='ltr'><strong>Dei</strong></span> <span class='ocrx_word' id='word_1_384' title='bbox 2829 2802 2968 2857; x_wconf 83' lang='lat' dir='ltr'><strong>hlios</strong></span> <span class='ocrx_word' id='word_1_385' title='bbox 3011 2801 3253 2869; x_wconf 86' lang='lat' dir='ltr'><strong>deosque</strong></span> <span class='ocrx_word' id='word_1_386' title='bbox 3301 2799 3599 2855; x_wconf 87' lang='lat' dir='ltr'><strong>secundum</strong></span> 
     </span>
    </p>
   </div>
   <div class='ocr_carea' id='block_1_56' title="bbox 2021 2891 3598 2966">
    <p class='ocr_par' dir='ltr' id='par_1_56' title="bbox 2021 2891 3598 2966">
     <span class='ocr_line' id='line_1_56' title="bbox 2021 2891 3598 2966; baseline -0.004 -16"><span class='ocrx_word' id='word_1_387' title='bbox 2021 2897 2248 2966; x_wconf 78' lang='lat' dir='ltr'><strong>gratiam</strong></span> <span class='ocrx_word' id='word_1_388' title='bbox 2283 2895 2606 2962; x_wconf 81' lang='lat' dir='ltr'><strong>reformant,</strong></span> <span class='ocrx_word' id='word_1_389' title='bbox 2633 2910 2738 2950; x_wconf 93' lang='lat' dir='ltr'><strong>non</strong></span> <span class='ocrx_word' id='word_1_390' title='bbox 2787 2895 2948 2948; x_wconf 88' lang='lat' dir='ltr'><strong>aliter</strong></span> <span class='ocrx_word' id='word_1_391' title='bbox 2976 2907 3137 2962; x_wconf 88' lang='lat' dir='ltr'><strong>quam</strong></span> <span class='ocrx_word' id='word_1_392' title='bbox 3169 2892 3216 2947; x_wconf 91' lang='lat' dir='ltr'><strong>si</strong></span> <span class='ocrx_word' id='word_1_393' title='bbox 3248 2891 3370 2962; x_wconf 89' lang='lat' dir='ltr'><strong>quis</strong></span> <span class='ocrx_word' id='word_1_394' title='bbox 3399 2905 3598 2961; x_wconf 85' lang='lat' dir='ltr'><strong>equum</strong></span> 
     </span>
    </p>
   </div>
   <div class='ocr_carea' id='block_1_57' title="bbox 2023 2983 3600 3055">
    <p class='ocr_par' dir='ltr' id='par_1_57' title="bbox 2023 2983 3600 3055">
     <span class='ocr_line' id='line_1_57' title="bbox 2023 2983 3600 3055; baseline -0.005 -11"><span class='ocrx_word' id='word_1_395' title='bbox 2023 2989 2075 3044; x_wconf 94' lang='lat' dir='ltr'><strong>in</strong></span> <span class='ocrx_word' id='word_1_396' title='bbox 2103 2999 2350 3044; x_wconf 88' lang='lat' dir='ltr'><strong>naturam</strong></span> <span class='ocrx_word' id='word_1_397' title='bbox 2382 2983 2623 3055; x_wconf 77' lang='lat' dir='ltr'><strong>hominis</strong></span> <span class='ocrx_word' id='word_1_398' title='bbox 2652 2995 3080 3051; x_wconf 89' lang='lat' dir='ltr'><strong>transmutaret;</strong></span> <span class='ocrx_word' id='word_1_399' title='bbox 3135 2986 3246 3040; x_wconf 90' lang='lat' dir='ltr'><strong>imo</strong></span> <span class='ocrx_word' id='word_1_400' title='bbox 3273 2999 3399 3040; x_wconf 89' lang='lat' dir='ltr'><strong>vero</strong></span> <span class='ocrx_word' id='word_1_401' title='bbox 3432 2983 3600 3037; x_wconf 86' lang='lat' dir='ltr'><strong>multo</strong></span> 
     </span>
    </p>
   </div>
   <div class='ocr_carea' id='block_1_58' title="bbox 338 3063 1919 3150">
    <p class='ocr_par' dir='ltr' id='par_1_58' title="bbox 338 3063 1918 3145">
     <span class='ocr_line' id='line_1_58' title="bbox 338 3063 1918 3145; baseline 0.015 -29"><span class='ocrx_word' id='word_1_402' title='bbox 338 3063 496 3128; x_wconf 83' lang='grc' dir='ltr'>θεοὺς</span> <span class='ocrx_word' id='word_1_403' title='bbox 533 3069 676 3121; x_wconf 69' lang='grc' dir='ltr'>κατὰ</span> <span class='ocrx_word' id='word_1_404' title='bbox 703 3069 883 3139; x_wconf 79' lang='grc' dir='ltr'>χάριν,</span> <span class='ocrx_word' id='word_1_405' title='bbox 911 3073 1105 3145; x_wconf 83' lang='grc' dir='ltr'>ὥσπερ</span> <span class='ocrx_word' id='word_1_406' title='bbox 1171 3075 1238 3130; x_wconf 87' lang='grc' dir='ltr'>ἃν</span> <span class='ocrx_word' id='word_1_407' title='bbox 1297 3077 1351 3130; x_wconf 83' lang='grc' dir='ltr'>εἴ</span> <span class='ocrx_word' id='word_1_408' title='bbox 1390 3097 1475 3142; x_wconf 88' lang='grc' dir='ltr'><strong>τις</strong></span> <span class='ocrx_word' id='word_1_409' title='bbox 1527 3082 1694 3136; x_wconf 78' lang='grc' dir='ltr'>ἵππον</span> <span class='ocrx_word' id='word_1_410' title='bbox 1729 3084 1918 3141; x_wconf 78' lang='grc' dir='ltr'>λαϐὼν</span> 
     </span>
    </p>
   </div>
   <div class='ocr_carea' id='block_1_59' title="bbox 2021 3063 3597 3150">
    <p class='ocr_par' dir='ltr' id='par_1_59' title="bbox 2024 3077 3597 3150">
     <span class='ocr_line' id='line_1_59' title="bbox 2024 3077 3597 3150; baseline -0.006 -14"><span class='ocrx_word' id='word_1_411' title='bbox 2024 3084 2233 3150; x_wconf 87' lang='lat' dir='ltr'><strong>majora</strong></span> <span class='ocrx_word' id='word_1_412' title='bbox 2280 3083 2394 3136; x_wconf 85' lang='lat' dir='ltr'><strong>haec</strong></span> <span class='ocrx_word' id='word_1_413' title='bbox 2455 3090 2579 3135; x_wconf 89' lang='lat' dir='ltr'><strong>sunt</strong></span> <span class='ocrx_word' id='word_1_414' title='bbox 2633 3081 2885 3135; x_wconf 87' lang='lat' dir='ltr'><strong>omnibus</strong></span> <span class='ocrx_word' id='word_1_415' title='bbox 2916 3079 2984 3134; x_wconf 89' lang='lat' dir='ltr'><strong>iis</strong></span> <span class='ocrx_word' id='word_1_416' title='bbox 3013 3093 3133 3148; x_wconf 83' lang='lat' dir='ltr'><strong>quae</strong></span> <span class='ocrx_word' id='word_1_417' title='bbox 3161 3078 3426 3133; x_wconf 87' lang='lat' dir='ltr'><strong>hactenus</strong></span> <span class='ocrx_word' id='word_1_418' title='bbox 3455 3077 3597 3130; x_wconf 86' lang='lat' dir='ltr'><strong>dicta</strong></span> 
     </span>
    </p>
   </div>
   <div class='ocr_carea' id='block_1_60' title="bbox 337 3158 1919 3242">
    <p class='ocr_par' dir='ltr' id='par_1_60' title="bbox 337 3158 1919 3241">
     <span class='ocr_line' id='line_1_60' title="bbox 337 3158 1919 3241; baseline 0.013 -33"><span class='ocrx_word' id='word_1_419' title='bbox 337 3158 683 3224; x_wconf 84' lang='grc' dir='ltr'>μετέπλασεν</span> <span class='ocrx_word' id='word_1_420' title='bbox 724 3162 806 3225; x_wconf 87' lang='grc' dir='ltr'><strong>είς</strong></span> <span class='ocrx_word' id='word_1_421' title='bbox 855 3163 1019 3232; x_wconf 86' lang='grc' dir='ltr'>φύσιν</span> <span class='ocrx_word' id='word_1_422' title='bbox 1080 3168 1394 3237; x_wconf 85' lang='grc' dir='ltr'>ἀνθρώπου,</span> <span class='ocrx_word' id='word_1_423' title='bbox 1435 3171 1642 3241; x_wconf 83' lang='grc' dir='ltr'>μᾶλλον</span> <span class='ocrx_word' id='word_1_424' title='bbox 1716 3174 1776 3228; x_wconf 86' lang='grc' dir='ltr'><strong>δέ</strong></span> <span class='ocrx_word' id='word_1_425' title='bbox 1828 3177 1919 3229; x_wconf 73' lang='grc' dir='ltr'>καὶ</span> 
     </span>
    </p>
   </div>
   <div class='ocr_carea' id='block_1_61' title="bbox 2021 3158 3600 3242">
    <p class='ocr_par' dir='ltr' id='par_1_61' title="bbox 2028 3170 3600 3242">
     <span class='ocr_line' id='line_1_61' title="bbox 2028 3170 3600 3242; baseline -0.004 -14"><span class='ocrx_word' id='word_1_426' title='bbox 2028 3182 2196 3240; x_wconf 89' lang='lat' dir='ltr'><strong>sunt;</strong></span> <span class='ocrx_word' id='word_1_427' title='bbox 2232 3173 2410 3242; x_wconf 86' lang='lat' dir='ltr'><strong>majus</strong></span> <span class='ocrx_word' id='word_1_428' title='bbox 2442 3173 2590 3228; x_wconf 88' lang='lat' dir='ltr'><strong>enim</strong></span> <span class='ocrx_word' id='word_1_429' title='bbox 2620 3181 2707 3226; x_wconf 86' lang='lat' dir='ltr'><strong>est</strong></span> <span class='ocrx_word' id='word_1_430' title='bbox 2746 3185 2940 3239; x_wconf 86' lang='lat' dir='ltr'><strong>panem</strong></span> <span class='ocrx_word' id='word_1_431' title='bbox 2986 3179 3042 3225; x_wconf 87' lang='lat' dir='ltr'><strong>et</strong></span> <span class='ocrx_word' id='word_1_432' title='bbox 3076 3170 3259 3224; x_wconf 92' lang='lat' dir='ltr'><strong>vinum</strong></span> <span class='ocrx_word' id='word_1_433' title='bbox 3307 3170 3363 3222; x_wconf 88' lang='lat' dir='ltr'><strong>in</strong></span> <span class='ocrx_word' id='word_1_434' title='bbox 3403 3181 3600 3237; x_wconf 87' lang='lat' dir='ltr'><strong>corpus</strong></span> 
     </span>
    </p>
   </div>
   <div class='ocr_carea' id='block_1_62' title="bbox 338 3248 1919 3334">
    <p class='ocr_par' dir='ltr' id='par_1_62' title="bbox 338 3248 1910 3334">
     <span class='ocr_line' id='line_1_62' title="bbox 338 3248 1910 3334; baseline 0.014 -35"><span class='ocrx_word' id='word_1_435' title='bbox 338 3248 522 3320; x_wconf 79' lang='grc' dir='ltr'>πολλῷ</span> <span class='ocrx_word' id='word_1_436' title='bbox 554 3251 731 3321; x_wconf 89' lang='grc' dir='ltr'>μείζω</span> <span class='ocrx_word' id='word_1_437' title='bbox 758 3254 933 3310; x_wconf 79' lang='grc' dir='ltr'>ταῦτα</span> <span class='ocrx_word' id='word_1_438' title='bbox 962 3255 1069 3310; x_wconf 81' lang='grc' dir='ltr'><strong>τῶν</strong></span> <span class='ocrx_word' id='word_1_439' title='bbox 1097 3259 1309 3315; x_wconf 84' lang='grc' dir='ltr'>πολλῶν</span> <span class='ocrx_word' id='word_1_440' title='bbox 1337 3264 1670 3334; x_wconf 77' lang='grc' dir='ltr'>εἰρημένων.</span> <span class='ocrx_word' id='word_1_441' title='bbox 1703 3267 1910 3332; x_wconf 78' lang='grc' dir='ltr'>Μεῖζον</span> 
     </span>
    </p>
   </div>
   <div class='ocr_carea' id='block_1_63' title="bbox 2021 3248 3600 3334">
    <p class='ocr_par' dir='ltr' id='par_1_63' title="bbox 2021 3261 3600 3333">
     <span class='ocr_line' id='line_1_63' title="bbox 2021 3261 3600 3333; baseline -0.003 -13"><span class='ocrx_word' id='word_1_442' title='bbox 2021 3274 2387 3322; x_wconf 84' lang='lat' dir='ltr'><strong>transmutare</strong></span> <span class='ocrx_word' id='word_1_443' title='bbox 2416 3265 2657 3320; x_wconf 86' lang='lat' dir='ltr'><strong>divinum</strong></span> <span class='ocrx_word' id='word_1_444' title='bbox 2683 3303 2696 3321; x_wconf 93' lang='lat'><strong>.</strong></span> <span class='ocrx_word' id='word_1_445' title='bbox 2731 3264 3119 3333; x_wconf 71' lang='lat' dir='ltr'><strong>[neminemque</strong></span> <span class='ocrx_word' id='word_1_446' title='bbox 3148 3262 3335 3317; x_wconf 60' lang='lat' dir='ltr'><strong>&quot;deum</strong></span> <span class='ocrx_word' id='word_1_447' title='bbox 3384 3261 3600 3316; x_wconf 80' lang='lat' dir='ltr'><strong>efficere</strong></span> 
     </span>
    </p>
   </div>
   <div class='ocr_carea' id='block_1_64' title="bbox 335 3343 1919 3430">
    <p class='ocr_par' dir='ltr' id='par_1_64' title="bbox 335 3343 1914 3428">
     <span class='ocr_line' id='line_1_64' title="bbox 335 3343 1914 3428; baseline 0.013 -34"><span class='ocrx_word' id='word_1_448' title='bbox 335 3343 446 3413; x_wconf 85' lang='grc' dir='ltr'><strong>γάρ</strong></span> <span class='ocrx_word' id='word_1_449' title='bbox 475 3345 597 3398; x_wconf 89' lang='grc' dir='ltr'>ἐστι</span> <span class='ocrx_word' id='word_1_450' title='bbox 628 3346 690 3399; x_wconf 72' lang='grc' dir='ltr'>τὸ</span> <span class='ocrx_word' id='word_1_451' title='bbox 720 3348 812 3400; x_wconf 79' lang='grc' dir='ltr'>τὸν</span> <span class='ocrx_word' id='word_1_452' title='bbox 858 3350 1026 3418; x_wconf 79' lang='grc' dir='ltr'>ἄρτον</span> <span class='ocrx_word' id='word_1_453' title='bbox 1076 3353 1172 3405; x_wconf 75' lang='grc' dir='ltr'><strong>καὶ</strong></span> <span class='ocrx_word' id='word_1_454' title='bbox 1221 3348 1366 3409; x_wconf 75' lang='grc' dir='ltr'>οἶνον</span> <span class='ocrx_word' id='word_1_455' title='bbox 1408 3356 1487 3418; x_wconf 85' lang='grc' dir='ltr'><strong>είς</strong></span> <span class='ocrx_word' id='word_1_456' title='bbox 1557 3357 1720 3428; x_wconf 87' lang='grc' dir='ltr'>σῶμα</span> <span class='ocrx_word' id='word_1_457' title='bbox 1767 3359 1914 3414; x_wconf 79' lang='grc' dir='ltr'>θεῖον</span> 
     </span>
    </p>
   </div>
   <div class='ocr_carea' id='block_1_65' title="bbox 2021 3343 3552 3430">
    <p class='ocr_par' dir='ltr' id='par_1_65' title="bbox 2021 3355 3552 3430">
     <span class='ocr_line' id='line_1_65' title="bbox 2021 3355 3552 3430; baseline -0.007 -13"><span class='ocrx_word' id='word_1_458' title='bbox 2021 3359 2308 3418; x_wconf 85' lang='lat' dir='ltr'><strong>secundum</strong></span> <span class='ocrx_word' id='word_1_459' title='bbox 2335 3359 2588 3430; x_wconf 76' lang='lat' dir='ltr'><strong>gratiam,</strong></span> <span class='ocrx_word' id='word_1_460' title='bbox 2617 3371 2779 3429; x_wconf 86' lang='lat' dir='ltr'><strong>quam</strong></span> <span class='ocrx_word' id='word_1_461' title='bbox 2803 3357 3002 3412; x_wconf 72' lang='lat' dir='ltr'><strong>coelum</strong></span> <span class='ocrx_word' id='word_1_462' title='bbox 3024 3362 3079 3411; x_wconf 90' lang='lat' dir='ltr'><strong>et</strong></span> <span class='ocrx_word' id='word_1_463' title='bbox 3101 3355 3320 3424; x_wconf 80' lang='lat' dir='ltr'><strong>angelos</strong></span> <span class='ocrx_word' id='word_1_464' title='bbox 3341 3368 3552 3410; x_wconf 89' lang='lat' dir='ltr'><strong>creare.</strong></span> 
     </span>
    </p>
   </div>
   <div class='ocr_carea' id='block_1_66' title="bbox 338 3436 1980 3523">
    <p class='ocr_par' dir='ltr' id='par_1_66' title="bbox 338 3436 1980 3523">
     <span class='ocr_line' id='line_1_66' title="bbox 338 3436 1980 3523; baseline 0.015 -36"><span class='ocrx_word' id='word_1_465' title='bbox 338 3436 672 3504; x_wconf 87' lang='grc' dir='ltr'>μεταϐαλεῖν</span> <span class='ocrx_word' id='word_1_466' title='bbox 695 3441 788 3492; x_wconf 79' lang='grc' dir='ltr'><strong>καὶ</strong></span> <span class='ocrx_word' id='word_1_467' title='bbox 812 3440 1101 3513; x_wconf 81' lang='grc' dir='ltr'>ἄνθρωπον</span> <span class='ocrx_word' id='word_1_468' title='bbox 1141 3445 1266 3500; x_wconf 80' lang='grc' dir='ltr'>θεὸν</span> <span class='ocrx_word' id='word_1_469' title='bbox 1309 3447 1450 3504; x_wconf 84' lang='grc' dir='ltr'><strong>κατά</strong></span> <span class='ocrx_word' id='word_1_470' title='bbox 1477 3449 1639 3520; x_wconf 83' lang='grc' dir='ltr'>χάριν</span> <span class='ocrx_word' id='word_1_471' title='bbox 1664 3453 1917 3523; x_wconf 82' lang='grc' dir='ltr'>ποιῆσαι,</span> <span class='ocrx_word' id='word_1_472' title='bbox 1976 3507 1980 3512; x_wconf 85' lang='grc'><strong>,</strong></span> 
     </span>
    </p>
   </div>
   <div class='ocr_carea' id='block_1_67' title="bbox 333 3529 1346 3610">
    <p class='ocr_par' dir='ltr' id='par_1_67' title="bbox 333 3529 1346 3610">
     <span class='ocr_line' id='line_1_67' title="bbox 333 3529 1346 3610; baseline 0.013 -29"><span class='ocrx_word' id='word_1_473' title='bbox 333 3529 367 3598; x_wconf 78' lang='grc' dir='ltr'>ἢ</span> <span class='ocrx_word' id='word_1_474' title='bbox 395 3530 629 3600; x_wconf 76' lang='grc' dir='ltr'>οὑρανὺν</span> <span class='ocrx_word' id='word_1_475' title='bbox 668 3533 768 3586; x_wconf 68' lang='grc' dir='ltr'>καὶ</span> <span class='ocrx_word' id='word_1_476' title='bbox 799 3534 1069 3604; x_wconf 81' lang='grc' dir='ltr'>ἀγγέλους</span> <span class='ocrx_word' id='word_1_477' title='bbox 1090 3538 1346 3610; x_wconf 82' lang='grc' dir='ltr'>ποιῆσαι.</span> 
     </span>
    </p>
   </div>
   <div class='ocr_carea' id='block_1_68' title="bbox 405 3623 1915 3710">
    <p class='ocr_par' dir='ltr' id='par_1_68' title="bbox 405 3623 1915 3710">
     <span class='ocr_line' id='line_1_68' title="bbox 405 3623 1915 3710; baseline 0.012 -34"><span class='ocrx_word' id='word_1_478' title='bbox 405 3623 474 3686; x_wconf 86' lang='grc' dir='ltr'><strong>ζ’.</strong></span> <span class='ocrx_word' id='word_1_479' title='bbox 508 3625 731 3696; x_wconf 80' lang='grc' dir='ltr'>Ταύτην</span> <span class='ocrx_word' id='word_1_480' title='bbox 753 3625 870 3694; x_wconf 83' lang='grc' dir='ltr'>οὖν,</span> <span class='ocrx_word' id='word_1_481' title='bbox 895 3628 1194 3698; x_wconf 73' lang='grc' dir='ltr'>ἀγαπητοὶ,</span> <span class='ocrx_word' id='word_1_482' title='bbox 1243 3633 1344 3702; x_wconf 81' lang='grc' dir='ltr'>τὴν</span> <span class='ocrx_word' id='word_1_483' title='bbox 1365 3634 1776 3710; x_wconf 83' lang='grc' dir='ltr'>δημιουργικὴν</span> <span class='ocrx_word' id='word_1_484' title='bbox 1818 3641 1915 3694; x_wconf 79' lang='grc' dir='ltr'><strong>καὶ</strong></span> 
     </span>
    </p>
   </div>
   <div class='ocr_carea' id='block_1_69' title="bbox 335 3717 1915 3803">
    <p class='ocr_par' dir='ltr' id='par_1_69' title="bbox 335 3717 1915 3803">
     <span class='ocr_line' id='line_1_69' title="bbox 335 3717 1915 3803; baseline 0.011 -33"><span class='ocrx_word' id='word_1_485' title='bbox 335 3717 587 3772; x_wconf 70' lang='grc' dir='ltr'>θεοποιῆν</span> <span class='ocrx_word' id='word_1_486' title='bbox 634 3720 798 3790; x_wconf 86' lang='grc' dir='ltr'>χάριν</span> <span class='ocrx_word' id='word_1_487' title='bbox 846 3723 940 3774; x_wconf 72' lang='grc' dir='ltr'><strong>καὶ</strong></span> <span class='ocrx_word' id='word_1_488' title='bbox 967 3721 1199 3794; x_wconf 85' lang='grc' dir='ltr'>δύναμιν</span> <span class='ocrx_word' id='word_1_489' title='bbox 1261 3725 1356 3779; x_wconf 90' lang='grc' dir='ltr'><strong>τοῦ</strong></span> <span class='ocrx_word' id='word_1_490' title='bbox 1412 3729 1622 3796; x_wconf 83' lang='grc' dir='ltr'>ἀγαθοῦ</span> <span class='ocrx_word' id='word_1_491' title='bbox 1663 3731 1915 3803; x_wconf 84' lang='grc' dir='ltr'>ιῙνεύμα-</span> 
     </span>
    </p>
   </div>
   <div class='ocr_carea' id='block_1_70' title="bbox 334 3813 1916 3896">
    <p class='ocr_par' dir='ltr' id='par_1_70' title="bbox 334 3813 1916 3896">
     <span class='ocr_line' id='line_1_70' title="bbox 334 3813 1916 3896; baseline 0.011 -34"><span class='ocrx_word' id='word_1_492' title='bbox 334 3828 425 3874; x_wconf 84' lang='grc' dir='ltr'><strong>τος</strong></span> <span class='ocrx_word' id='word_1_493' title='bbox 468 3813 593 3884; x_wconf 77' lang='grc' dir='ltr'>ἥτις</span> <span class='ocrx_word' id='word_1_494' title='bbox 645 3814 892 3884; x_wconf 83' lang='grc' dir='ltr'>ἐνεργεῖν</span> <span class='ocrx_word' id='word_1_495' title='bbox 948 3815 1018 3870; x_wconf 78' lang='grc' dir='ltr'><strong>τά</strong></span> <span class='ocrx_word' id='word_1_496' title='bbox 1089 3817 1264 3886; x_wconf 80' lang='grc' dir='ltr'>μείζω</span> <span class='ocrx_word' id='word_1_497' title='bbox 1319 3820 1542 3877; x_wconf 81' lang='grc' dir='ltr'>πάντων</span> <span class='ocrx_word' id='word_1_498' title='bbox 1597 3827 1916 3896; x_wconf 81' lang='grc' dir='ltr'>κτισμάτων</span> 
     </span>
    </p>
   </div>
   <div class='ocr_carea' id='block_1_71' title="bbox 334 3901 1915 3986">
    <p class='ocr_par' dir='ltr' id='par_1_71' title="bbox 334 3901 1915 3986">
     <span class='ocr_line' id='line_1_71' title="bbox 334 3901 1915 3986; baseline 0.013 -34"><span class='ocrx_word' id='word_1_499' title='bbox 334 3901 392 3954; x_wconf 84' lang='grc' dir='ltr'><strong>ἐν</strong></span> <span class='ocrx_word' id='word_1_500' title='bbox 422 3901 625 3972; x_wconf 77' lang='grc' dir='ltr'>ἀκαρεί</span> <span class='ocrx_word' id='word_1_501' title='bbox 649 3902 897 3971; x_wconf 85' lang='grc' dir='ltr'>δύναται,</span> <span class='ocrx_word' id='word_1_502' title='bbox 927 3906 957 3959; x_wconf 89' lang='grc' dir='ltr'><strong>ό</strong></span> <span class='ocrx_word' id='word_1_503' title='bbox 999 3907 1198 3977; x_wconf 83' lang='grc' dir='ltr'>ίερεὺς,</span> <span class='ocrx_word' id='word_1_504' title='bbox 1221 3902 1282 3980; x_wconf 68' lang='lat' dir='ltr'><strong>lib</strong></span> <span class='ocrx_word' id='word_1_505' title='bbox 1309 3911 1408 3974; x_wconf 84' lang='grc' dir='ltr'>τῆς</span> <span class='ocrx_word' id='word_1_506' title='bbox 1453 3914 1582 3984; x_wconf 78' lang='grc' dir='ltr'>περὶ</span> <span class='ocrx_word' id='word_1_507' title='bbox 1620 3915 1771 3986; x_wconf 78' lang='grc' dir='ltr'>ἡμᾶς</span> <span class='ocrx_word' id='word_1_508' title='bbox 1818 3919 1915 3974; x_wconf 84' lang='grc' dir='ltr'><strong>τοῦ</strong></span> 
     </span>
    </p>
   </div>
   <div class='ocr_carea' id='block_1_72' title="bbox 335 3993 1918 4078">
    <p class='ocr_par' dir='ltr' id='par_1_72' title="bbox 335 3993 1918 4078">
     <span class='ocr_line' id='line_1_72' title="bbox 335 3993 1918 4078; baseline 0.013 -34"><span class='ocrx_word' id='word_1_509' title='bbox 335 3993 474 4046; x_wconf 80' lang='grc' dir='ltr'>Θεοῦ</span> <span class='ocrx_word' id='word_1_510' title='bbox 508 3995 690 4059; x_wconf 82' lang='grc' dir='ltr'>Λόγου</span> <span class='ocrx_word' id='word_1_511' title='bbox 723 3996 1132 4068; x_wconf 85' lang='grc' dir='ltr'>φιλανθρωπίας</span> <span class='ocrx_word' id='word_1_512' title='bbox 1173 4001 1269 4055; x_wconf 78' lang='grc' dir='ltr'>καὶ</span> <span class='ocrx_word' id='word_1_513' title='bbox 1317 4003 1567 4074; x_wconf 83' lang='grc' dir='ltr'>δωρεᾶςί</span> <span class='ocrx_word' id='word_1_514' title='bbox 1607 4007 1918 4078; x_wconf 80' lang='grc' dir='ltr'>ἀναμφιϐό-</span> 
     </span>
    </p>
   </div>
   <div class='ocr_carea' id='block_1_73' title="bbox 333 4083 1918 4169">
    <p class='ocr_par' dir='ltr' id='par_1_73' title="bbox 333 4083 1918 4169">
     <span class='ocr_line' id='line_1_73' title="bbox 333 4083 1918 4169; baseline 0.008 -31"><span class='ocrx_word' id='word_1_515' title='bbox 333 4083 441 4148; x_wconf 87' lang='grc' dir='ltr'><strong>λως</strong></span> <span class='ocrx_word' id='word_1_516' title='bbox 490 4085 804 4156; x_wconf 82' lang='grc' dir='ltr'>κομίζεται,</span> <span class='ocrx_word' id='word_1_517' title='bbox 830 4089 941 4142; x_wconf 73' lang='grc' dir='ltr'>Καὶ</span> <span class='ocrx_word' id='word_1_518' title='bbox 965 4090 1073 4161; x_wconf 84' lang='grc' dir='ltr'>γὰρ</span> <span class='ocrx_word' id='word_1_519' title='bbox 1129 4092 1225 4144; x_wconf 78' lang='grc' dir='ltr'>καὶ</span> <span class='ocrx_word' id='word_1_520' title='bbox 1275 4087 1434 4158; x_wconf 72' lang='grc' dir='ltr'>οὗτος</span> <span class='ocrx_word' id='word_1_521' title='bbox 1488 4095 1691 4165; x_wconf 81' lang='grc' dir='ltr'>ὁμοίως</span> <span class='ocrx_word' id='word_1_522' title='bbox 1749 4098 1918 4169; x_wconf 81' lang='grc' dir='ltr'>ἄρτον</span> 
     </span>
    </p>
   </div>
   <div class='ocr_carea' id='block_1_74' title="bbox 336 4173 1917 4259">
    <p class='ocr_par' dir='ltr' id='par_1_74' title="bbox 336 4173 1917 4259">
     <span class='ocr_line' id='line_1_74' title="bbox 336 4173 1917 4259; baseline 0.009 -29"><span class='ocrx_word' id='word_1_523' title='bbox 336 4180 433 4230; x_wconf 76' lang='grc' dir='ltr'><strong>καὶ</strong></span> <span class='ocrx_word' id='word_1_524' title='bbox 472 4173 620 4231; x_wconf 78' lang='grc' dir='ltr'>οἶνον</span> <span class='ocrx_word' id='word_1_525' title='bbox 653 4178 974 4249; x_wconf 86' lang='grc' dir='ltr'>λαμϐάνων,</span> <span class='ocrx_word' id='word_1_526' title='bbox 1012 4184 1077 4252; x_wconf 82' lang='grc' dir='ltr'>τῇ</span> <span class='ocrx_word' id='word_1_527' title='bbox 1131 4184 1420 4259; x_wconf 83' lang='grc' dir='ltr'>ἐνοικούσῃ</span> <span class='ocrx_word' id='word_1_528' title='bbox 1472 4187 1650 4258; x_wconf 87' lang='grc' dir='ltr'>τούτῳ</span> <span class='ocrx_word' id='word_1_529' title='bbox 1695 4187 1784 4242; x_wconf 87' lang='grc' dir='ltr'><strong>διά</strong></span> <span class='ocrx_word' id='word_1_530' title='bbox 1821 4191 1917 4245; x_wconf 83' lang='grc' dir='ltr'><strong>τοῦ</strong></span> 
     </span>
    </p>
   </div>
   <div class='ocr_carea' id='block_1_75' title="bbox 332 4267 1918 4352">
    <p class='ocr_par' dir='ltr' id='par_1_75' title="bbox 332 4267 1918 4352">
     <span class='ocr_line' id='line_1_75' title="bbox 332 4267 1918 4352; baseline 0.012 -35"><span class='ocrx_word' id='word_1_531' title='bbox 332 4267 637 4337; x_wconf 74' lang='grc' dir='ltr'>χρίσματος</span> <span class='ocrx_word' id='word_1_532' title='bbox 662 4269 760 4337; x_wconf 80' lang='grc' dir='ltr'>τῆς</span> <span class='ocrx_word' id='word_1_533' title='bbox 795 4271 1094 4342; x_wconf 76' lang='grc' dir='ltr'>ἱερωσύνης</span> <span class='ocrx_word' id='word_1_534' title='bbox 1140 4273 1261 4345; x_wconf 70' lang='grc' dir='ltr'>θείᾳ</span> <span class='ocrx_word' id='word_1_535' title='bbox 1311 4275 1563 4346; x_wconf 78' lang='grc' dir='ltr'>δυνάμει,</span> <span class='ocrx_word' id='word_1_536' title='bbox 1621 4281 1702 4344; x_wconf 89' lang='grc' dir='ltr'><strong>είς</strong></span> <span class='ocrx_word' id='word_1_537' title='bbox 1759 4281 1918 4352; x_wconf 83' lang='grc' dir='ltr'>σῶμα</span> 
     </span>
    </p>
   </div>
   <div class='ocr_carea' id='block_1_76' title="bbox 335 4354 1918 4438">
    <p class='ocr_par' dir='ltr' id='par_1_76' title="bbox 335 4354 1918 4438">
     <span class='ocr_line' id='line_1_76' title="bbox 335 4354 1918 4438; baseline 0.011 -29"><span class='ocrx_word' id='word_1_538' title='bbox 335 4358 430 4410; x_wconf 79' lang='grc' dir='ltr'><strong>καὶ</strong></span> <span class='ocrx_word' id='word_1_539' title='bbox 477 4354 617 4426; x_wconf 74' lang='grc' dir='ltr'>αἷμα</span> <span class='ocrx_word' id='word_1_540' title='bbox 645 4361 978 4429; x_wconf 78' lang='grc' dir='ltr'>μεταϐάλλει</span> <span class='ocrx_word' id='word_1_541' title='bbox 1005 4365 1342 4419; x_wconf 83' lang='grc' dir='ltr'>Δεσποτικόν</span> <span class='ocrx_word' id='word_1_542' title='bbox 1375 4383 1388 4398; x_wconf 91' lang='grc'><strong>·</strong></span> <span class='ocrx_word' id='word_1_543' title='bbox 1429 4369 1621 4438; x_wconf 81' lang='grc' dir='ltr'>μεῖζον</span> <span class='ocrx_word' id='word_1_544' title='bbox 1662 4371 1918 4426; x_wconf 85' lang='grc' dir='ltr'>ἐντεῦθεν</span> 
     </span>
    </p>
   </div>
   <div class='ocr_carea' id='block_1_77' title="bbox 2087 3617 3600 3692">
    <p class='ocr_par' dir='ltr' id='par_1_77' title="bbox 2087 3617 3600 3692">
     <span class='ocr_line' id='line_1_77' title="bbox 2087 3617 3600 3692; baseline -0.004 -12"><span class='ocrx_word' id='word_1_545' title='bbox 2087 3627 2140 3684; x_wconf 88' lang='lat'><strong>7.</strong></span> <span class='ocrx_word' id='word_1_546' title='bbox 2165 3627 2312 3683; x_wconf 88' lang='lat' dir='ltr'><strong>llanc</strong></span> <span class='ocrx_word' id='word_1_547' title='bbox 2355 3623 2538 3692; x_wconf 81' lang='lat' dir='ltr'><strong>igitur,</strong></span> <span class='ocrx_word' id='word_1_548' title='bbox 2559 3636 2590 3678; x_wconf 81' lang='grc' dir='ltr'><strong>ο</strong></span> <span class='ocrx_word' id='word_1_549' title='bbox 2609 3620 2941 3688; x_wconf 82' lang='lat' dir='ltr'><strong>charissiml,</strong></span> <span class='ocrx_word' id='word_1_550' title='bbox 2961 3619 3210 3691; x_wconf 84' lang='lat' dir='ltr'><strong>opiﬁcem</strong></span> <span class='ocrx_word' id='word_1_551' title='bbox 3255 3632 3320 3673; x_wconf 88' lang='lat' dir='ltr'><strong>ac</strong></span> <span class='ocrx_word' id='word_1_552' title='bbox 3342 3617 3600 3674; x_wconf 77' lang='lat' dir='ltr'><strong>deiﬁcari-</strong></span> 
     </span>
    </p>
   </div>
   <div class='ocr_carea' id='block_1_78' title="bbox 2017 3709 3598 3786">
    <p class='ocr_par' dir='ltr' id='par_1_78' title="bbox 2017 3709 3598 3786">
     <span class='ocr_line' id='line_1_78' title="bbox 2017 3709 3598 3786; baseline -0.004 -13"><span class='ocrx_word' id='word_1_553' title='bbox 2017 3727 2123 3774; x_wconf 90' lang='lat' dir='ltr'><strong>tem</strong></span> <span class='ocrx_word' id='word_1_554' title='bbox 2160 3717 2332 3774; x_wconf 71' lang='lat' dir='ltr'><strong>Sancti</strong></span> <span class='ocrx_word' id='word_1_555' title='bbox 2361 3715 2596 3786; x_wconf 85' lang='lat' dir='ltr'><strong>Spiritus</strong></span> <span class='ocrx_word' id='word_1_556' title='bbox 2635 3712 2864 3785; x_wconf 82' lang='lat' dir='ltr'><strong>gratiam</strong></span> <span class='ocrx_word' id='word_1_557' title='bbox 2888 3721 2941 3768; x_wconf 89' lang='lat' dir='ltr'><strong>et</strong></span> <span class='ocrx_word' id='word_1_558' title='bbox 2963 3711 3242 3778; x_wconf 85' lang='lat' dir='ltr'><strong>virtutem,</strong></span> <span class='ocrx_word' id='word_1_559' title='bbox 3268 3711 3461 3780; x_wconf 61' lang='lat' dir='ltr'><strong>quain</strong></span> <span class='ocrx_word' id='word_1_560' title='bbox 3486 3709 3598 3766; x_wconf 85' lang='lat' dir='ltr'><strong>ictu</strong></span> 
     </span>
    </p>
   </div>
   <div class='ocr_carea' id='block_1_79' title="bbox 2015 3805 3600 3880">
    <p class='ocr_par' dir='ltr' id='par_1_79' title="bbox 2015 3805 3600 3880">
     <span class='ocr_line' id='line_1_79' title="bbox 2015 3805 3600 3880; baseline -0.006 -11"><span class='ocrx_word' id='word_1_561' title='bbox 2015 3813 2158 3871; x_wconf 90' lang='lat' dir='ltr'><strong>oculi</strong></span> <span class='ocrx_word' id='word_1_562' title='bbox 2179 3825 2369 3868; x_wconf 89' lang='lat' dir='ltr'><strong>creare</strong></span> <span class='ocrx_word' id='word_1_563' title='bbox 2399 3821 2609 3880; x_wconf 86' lang='lat' dir='ltr'><strong>potest,</strong></span> <span class='ocrx_word' id='word_1_564' title='bbox 2638 3808 2870 3862; x_wconf 78' lang='lat' dir='ltr'><strong>maxima</strong></span> <span class='ocrx_word' id='word_1_565' title='bbox 2893 3821 3121 3876; x_wconf 70' lang='lat' dir='ltr'><strong>qumque</strong></span> <span class='ocrx_word' id='word_1_566' title='bbox 3143 3814 3517 3861; x_wconf 89' lang='lat' dir='ltr'><strong>creaturarum</strong></span> <span class='ocrx_word' id='word_1_567' title='bbox 3544 3805 3600 3876; x_wconf 90' lang='grc' dir='ltr'>(ο</span> 
     </span>
    </p>
   </div>
   <div class='ocr_carea' id='block_1_80' title="bbox 2018 3900 3601 3971">
    <p class='ocr_par' dir='ltr' id='par_1_80' title="bbox 2018 3900 3601 3971">
     <span class='ocr_line' id='line_1_80' title="bbox 2018 3900 3601 3971; baseline -0.005 -9"><span class='ocrx_word' id='word_1_568' title='bbox 2018 3921 2259 3962; x_wconf 90' lang='lat' dir='ltr'><strong>amorem</strong></span> <span class='ocrx_word' id='word_1_569' title='bbox 2295 3914 2350 3960; x_wconf 91' lang='lat' dir='ltr'><strong>et</strong></span> <span class='ocrx_word' id='word_1_570' title='bbox 2403 3902 2814 3959; x_wconf 78' lang='lat' dir='ltr'><strong>beneﬁcentiam</strong></span> <span class='ocrx_word' id='word_1_571' title='bbox 2833 3916 2961 3971; x_wconf 85' lang='lat' dir='ltr'><strong>erga</strong></span> <span class='ocrx_word' id='word_1_572' title='bbox 2992 3916 3090 3958; x_wconf 90' lang='lat' dir='ltr'><strong>nos</strong></span> <span class='ocrx_word' id='word_1_573' title='bbox 3116 3900 3276 3956; x_wconf 83' lang='lat' dir='ltr'><strong>Verbi</strong></span> <span class='ocrx_word' id='word_1_574' title='bbox 3300 3900 3452 3968; x_wconf 83' lang='lat' dir='ltr'><strong>Dei!)</strong></span> <span class='ocrx_word' id='word_1_575' title='bbox 3480 3901 3601 3956; x_wconf 90' lang='lat' dir='ltr'><strong>sine</strong></span> 
     </span>
    </p>
   </div>
   <div class='ocr_carea' id='block_1_81' title="bbox 2017 3989 3596 4062">
    <p class='ocr_par' dir='ltr' id='par_1_81' title="bbox 2017 3989 3596 4062">
     <span class='ocr_line' id='line_1_81' title="bbox 2017 3989 3596 4062; baseline -0.006 -10"><span class='ocrx_word' id='word_1_576' title='bbox 2017 3996 2182 4053; x_wconf 89' lang='lat' dir='ltr'><strong>dubio</strong></span> <span class='ocrx_word' id='word_1_577' title='bbox 2215 3995 2417 4062; x_wconf 85' lang='lat' dir='ltr'><strong>accipit</strong></span> <span class='ocrx_word' id='word_1_578' title='bbox 2439 3991 2713 4047; x_wconf 88' lang='lat' dir='ltr'><strong>sacerdos.</strong></span> <span class='ocrx_word' id='word_1_579' title='bbox 2747 3991 2880 4044; x_wconf 87' lang='lat' dir='ltr'><strong>Nam</strong></span> <span class='ocrx_word' id='word_1_580' title='bbox 2915 4000 2970 4044; x_wconf 91' lang='lat' dir='ltr'><strong>et</strong></span> <span class='ocrx_word' id='word_1_581' title='bbox 3000 3989 3091 4044; x_wconf 88' lang='lat' dir='ltr'><strong>ille</strong></span> <span class='ocrx_word' id='word_1_582' title='bbox 3118 3989 3374 4044; x_wconf 85' lang='lat' dir='ltr'><strong>similiter</strong></span> <span class='ocrx_word' id='word_1_583' title='bbox 3401 4002 3596 4057; x_wconf 90' lang='lat' dir='ltr'><strong>panem</strong></span> 
     </span>
    </p>
   </div>
   <div class='ocr_carea' id='block_1_82' title="bbox 2017 4079 3602 4151">
    <p class='ocr_par' dir='ltr' id='par_1_82' title="bbox 2017 4079 3602 4151">
     <span class='ocr_line' id='line_1_82' title="bbox 2017 4079 3602 4151; baseline -0.007 -7"><span class='ocrx_word' id='word_1_584' title='bbox 2017 4095 2071 4144; x_wconf 87' lang='lat' dir='ltr'><strong>et</strong></span> <span class='ocrx_word' id='word_1_585' title='bbox 2098 4087 2278 4141; x_wconf 88' lang='lat' dir='ltr'><strong>viuum</strong></span> <span class='ocrx_word' id='word_1_586' title='bbox 2310 4083 2584 4151; x_wconf 89' lang='lat' dir='ltr'><strong>accipiens</strong></span> <span class='ocrx_word' id='word_1_587' title='bbox 2610 4097 2706 4151; x_wconf 91' lang='lat' dir='ltr'><strong>per</strong></span> <span class='ocrx_word' id='word_1_588' title='bbox 2734 4081 3122 4136; x_wconf 68' lang='lat' dir='ltr'><strong>inhab’tantem</strong></span> <span class='ocrx_word' id='word_1_589' title='bbox 3151 4081 3206 4133; x_wconf 91' lang='lat' dir='ltr'><strong>in</strong></span> <span class='ocrx_word' id='word_1_590' title='bbox 3232 4095 3312 4144; x_wconf 90' lang='lat' dir='ltr'><strong>se,</strong></span> <span class='ocrx_word' id='word_1_591' title='bbox 3330 4079 3602 4134; x_wconf 78' lang='lat' dir='ltr'><strong>mediante</strong></span> 
     </span>
    </p>
   </div>
   <div class='ocr_carea' id='block_1_83' title="bbox 2018 4170 3600 4236">
    <p class='ocr_par' dir='ltr' id='par_1_83' title="bbox 2018 4170 3600 4236">
     <span class='ocr_line' id='line_1_83' title="bbox 2018 4170 3600 4236; baseline -0.008 0"><span class='ocrx_word' id='word_1_592' title='bbox 2018 4177 2305 4236; x_wconf 83' lang='lat' dir='ltr'><strong>sacerdotii</strong></span> <span class='ocrx_word' id='word_1_593' title='bbox 2343 4175 2616 4236; x_wconf 90' lang='lat' dir='ltr'><strong>unctione,</strong></span> <span class='ocrx_word' id='word_1_594' title='bbox 2647 4187 2857 4226; x_wconf 88' lang='lat' dir='ltr'><strong>sacram</strong></span> <span class='ocrx_word' id='word_1_595' title='bbox 2897 4174 3152 4224; x_wconf 86' lang='lat' dir='ltr'><strong>virtutem</strong></span> <span class='ocrx_word' id='word_1_596' title='bbox 3185 4170 3236 4223; x_wconf 88' lang='lat' dir='ltr'><strong>in</strong></span> <span class='ocrx_word' id='word_1_597' title='bbox 3275 4182 3496 4223; x_wconf 89' lang='lat' dir='ltr'><strong>carnem</strong></span> <span class='ocrx_word' id='word_1_598' title='bbox 3543 4177 3600 4223; x_wconf 90' lang='lat' dir='ltr'><strong>et</strong></span> 
     </span>
    </p>
   </div>
   <div class='ocr_carea' id='block_1_84' title="bbox 2019 4258 3596 4336">
    <p class='ocr_par' dir='ltr' id='par_1_84' title="bbox 2019 4258 3596 4336">
     <span class='ocr_line' id='line_1_84' title="bbox 2019 4258 3596 4336; baseline -0.004 -15"><span class='ocrx_word' id='word_1_599' title='bbox 2019 4265 2338 4336; x_wconf 77' lang='lat' dir='ltr'><strong>sanguinem</strong></span> <span class='ocrx_word' id='word_1_600' title='bbox 2357 4270 2656 4318; x_wconf 90' lang='lat' dir='ltr'><strong>commutat</strong></span> <span class='ocrx_word' id='word_1_601' title='bbox 2682 4259 3017 4316; x_wconf 88' lang='lat' dir='ltr'><strong>Dominicum</strong></span> <span class='ocrx_word' id='word_1_602' title='bbox 3050 4276 3064 4326; x_wconf 91' lang='lat'><strong>;</strong></span> <span class='ocrx_word' id='word_1_603' title='bbox 3098 4258 3274 4329; x_wconf 85' lang='lat' dir='ltr'><strong>majus</strong></span> <span class='ocrx_word' id='word_1_604' title='bbox 3305 4266 3596 4329; x_wconf 84' lang='lat' dir='ltr'><strong>prepterea</strong></span> 
     </span>
    </p>
   </div>
   <div class='ocr_carea' id='block_1_85' title="bbox 2019 4353 3600 4428">
    <p class='ocr_par' dir='ltr' id='par_1_85' title="bbox 2019 4353 3600 4428">
     <span class='ocr_line' id='line_1_85' title="bbox 2019 4353 3600 4428; baseline -0.005 -12"><span class='ocrx_word' id='word_1_605' title='bbox 2019 4374 2283 4416; x_wconf 82' lang='lat' dir='ltr'><strong>exercens</strong></span> <span class='ocrx_word' id='word_1_606' title='bbox 2334 4373 2488 4428; x_wconf 90' lang='lat' dir='ltr'><strong>opus,</strong></span> <span class='ocrx_word' id='word_1_607' title='bbox 2531 4371 2693 4425; x_wconf 89' lang='lat' dir='ltr'><strong>quam</strong></span> <span class='ocrx_word' id='word_1_608' title='bbox 2742 4355 2790 4410; x_wconf 89' lang='lat' dir='ltr'><strong>si</strong></span> <span class='ocrx_word' id='word_1_609' title='bbox 2841 4353 3063 4424; x_wconf 85' lang='lat' dir='ltr'><strong>angelos</strong></span> <span class='ocrx_word' id='word_1_610' title='bbox 3106 4361 3162 4408; x_wconf 85' lang='lat' dir='ltr'><strong>et</strong></span> <span class='ocrx_word' id='word_1_611' title='bbox 3192 4354 3373 4423; x_wconf 64' lang='lat' dir='ltr'><strong>{caelos</strong></span> <span class='ocrx_word' id='word_1_612' title='bbox 3410 4366 3600 4408; x_wconf 89' lang='lat' dir='ltr'><strong>creare</strong></span> 
     </span>
    </p>
   </div>
   <div class='ocr_carea' id='block_1_86' title="bbox 335 4443 1919 4534">
    <p class='ocr_par' dir='ltr' id='par_1_86' title="bbox 335 4451 1919 4534">
     <span class='ocr_line' id='line_1_86' title="bbox 335 4451 1919 4534; baseline 0.009 -31"><span class='ocrx_word' id='word_1_613' title='bbox 335 4451 707 4522; x_wconf 77' lang='grc' dir='ltr'>ἐργαζόμενος</span> <span class='ocrx_word' id='word_1_614' title='bbox 773 4453 1056 4523; x_wconf 83' lang='grc' dir='ltr'>ἐργον,ὠς</span> <span class='ocrx_word' id='word_1_615' title='bbox 1119 4457 1416 4523; x_wconf 83' lang='grc' dir='ltr'>δέδεικται,</span> <span class='ocrx_word' id='word_1_616' title='bbox 1466 4460 1499 4531; x_wconf 82' lang='grc' dir='ltr'>ἢ</span> <span class='ocrx_word' id='word_1_617' title='bbox 1540 4461 1700 4534; x_wconf 72' lang='grc' dir='ltr'>εἴπερ</span> <span class='ocrx_word' id='word_1_618' title='bbox 1745 4463 1919 4533; x_wconf 69' lang='grc' dir='ltr'>ἀγγέο</span> 
     </span>
    </p>
   </div>
   <div class='ocr_carea' id='block_1_87' title="bbox 2021 4443 3600 4534">
    <p class='ocr_par' dir='ltr' id='par_1_87' title="bbox 2022 4443 3600 4524">
     <span class='ocr_line' id='line_1_87' title="bbox 2022 4443 3600 4524; baseline -0.004 -19"><span class='ocrx_word' id='word_1_619' title='bbox 2022 4461 2226 4524; x_wconf 85' lang='lat' dir='ltr'><strong>posset.</strong></span> <span class='ocrx_word' id='word_1_620' title='bbox 2278 4450 2484 4505; x_wconf 88' lang='lat' dir='ltr'><strong>Deinde</strong></span> <span class='ocrx_word' id='word_1_621' title='bbox 2532 4446 2813 4503; x_wconf 87' lang='lat' dir='ltr'><strong>mortalem</strong></span> <span class='ocrx_word' id='word_1_622' title='bbox 2867 4445 3146 4514; x_wconf 86' lang='lat' dir='ltr'><strong>accipiens</strong></span> <span class='ocrx_word' id='word_1_623' title='bbox 3193 4443 3465 4500; x_wconf 86' lang='lat' dir='ltr'><strong>hominem</strong></span> <span class='ocrx_word' id='word_1_624' title='bbox 3501 4457 3600 4512; x_wconf 88' lang='lat' dir='ltr'><strong>per</strong></span> 
     </span>
    </p>
   </div>
   <div class='ocr_carea' id='block_1_88' title="bbox 336 4515 1919 4622">
    <p class='ocr_par' dir='ltr' id='par_1_88' title="bbox 336 4515 1919 4622">
     <span class='ocr_line' id='line_1_88' title="bbox 336 4515 1919 4622; baseline 0.004 -26"><span class='ocrx_word' id='word_1_625' title='bbox 336 4515 462 4606; x_wconf 72' lang='grc' dir='ltr'>λους</span> <span class='ocrx_word' id='word_1_626' title='bbox 496 4515 592 4597; x_wconf 79' lang='grc' dir='ltr'>καὶ</span> <span class='ocrx_word' id='word_1_627' title='bbox 618 4515 887 4614; x_wconf 73' lang='grc' dir='ltr'>οὐρανοὺς</span> <span class='ocrx_word' id='word_1_628' title='bbox 944 4515 1185 4612; x_wconf 74' lang='grc' dir='ltr'>δυνατῶς</span> <span class='ocrx_word' id='word_1_629' title='bbox 1241 4543 1356 4618; x_wconf 82' lang='grc' dir='ltr'>εἶχε</span> <span class='ocrx_word' id='word_1_630' title='bbox 1400 4515 1776 4622; x_wconf 60' lang='grc' dir='ltr'>δημιουργεῖν.</span> <span class='ocrx_word' id='word_1_631' title='bbox 1795 4515 1919 4606; x_wconf 52' lang='grc' dir='ltr'><strong>⁸Ιὶοιὶ</strong></span> 
     </span>
    </p>
   </div>
   <div class='ocr_carea' id='block_1_89' title="bbox 2021 4515 3594 4622">
    <p class='ocr_par' dir='ltr' id='par_1_89' title="bbox 2025 4515 3594 4609">
     <span class='ocr_line' id='line_1_89' title="bbox 2025 4515 3594 4609; baseline -0.008 -6"><span class='ocrx_word' id='word_1_632' title='bbox 2025 4515 2275 4603; x_wconf 67' lang='lat' dir='ltr'><strong>sanctum</strong></span> <span class='ocrx_word' id='word_1_633' title='bbox 2295 4543 2645 4609; x_wconf 83' lang='lat' dir='ltr'><strong>baptismum,</strong></span> <span class='ocrx_word' id='word_1_634' title='bbox 2662 4538 2753 4592; x_wconf 86' lang='lat' dir='ltr'><strong>Dei</strong></span> <span class='ocrx_word' id='word_1_635' title='bbox 2767 4536 2986 4603; x_wconf 87' lang='lat' dir='ltr'><strong>Filium,</strong></span> <span class='ocrx_word' id='word_1_636' title='bbox 3009 4536 3282 4609; x_wconf 89' lang='lat' dir='ltr'><strong>Deumque</strong></span> <span class='ocrx_word' id='word_1_637' title='bbox 3297 4539 3594 4594; x_wconf 88' lang='lat' dir='ltr'><strong>secundum</strong></span> 
     </span>
    </p>
   </div>
   <div class='ocr_carea' id='block_1_90' title="bbox 337 4630 1919 4711">
    <p class='ocr_par' dir='ltr' id='par_1_90' title="bbox 337 4636 1919 4711">
     <span class='ocr_line' id='line_1_90' title="bbox 337 4636 1919 4711; baseline 0.006 -24"><span class='ocrx_word' id='word_1_638' title='bbox 337 4636 504 4689; x_wconf 78' lang='grc' dir='ltr'>πάλιν</span> <span class='ocrx_word' id='word_1_639' title='bbox 533 4637 827 4708; x_wconf 83' lang='grc' dir='ltr'>ἄνθρωπον</span> <span class='ocrx_word' id='word_1_640' title='bbox 886 4639 1186 4709; x_wconf 84' lang='grc' dir='ltr'>λαμϐάνων</span> <span class='ocrx_word' id='word_1_641' title='bbox 1237 4640 1453 4711; x_wconf 67' lang='grc' dir='ltr'>θνητὸν,</span> <span class='ocrx_word' id='word_1_642' title='bbox 1488 4643 1578 4697; x_wconf 84' lang='grc' dir='ltr'><strong>διὰ</strong></span> <span class='ocrx_word' id='word_1_643' title='bbox 1630 4644 1727 4697; x_wconf 90' lang='grc' dir='ltr'><strong>τοῦ</strong></span> <span class='ocrx_word' id='word_1_644' title='bbox 1776 4644 1919 4698; x_wconf 87' lang='grc' dir='ltr'>θείου</span> 
     </span>
    </p>
   </div>
   <div class='ocr_carea' id='block_1_91' title="bbox 2021 4630 3594 4711">
    <p class='ocr_par' dir='ltr' id='par_1_91' title="bbox 2021 4630 3594 4708">
     <span class='ocr_line' id='line_1_91' title="bbox 2021 4630 3594 4708; baseline -0.006 -16"><span class='ocrx_word' id='word_1_645' title='bbox 2021 4639 2249 4708; x_wconf 79' lang='lat' dir='ltr'><strong>gratiam</strong></span> <span class='ocrx_word' id='word_1_646' title='bbox 2278 4633 2463 4700; x_wconf 74' lang='lat' dir='ltr'><strong>eﬂieit,</strong></span> <span class='ocrx_word' id='word_1_647' title='bbox 2497 4632 2669 4702; x_wconf 88' lang='lat' dir='ltr'><strong>majus</strong></span> <span class='ocrx_word' id='word_1_648' title='bbox 2699 4630 2938 4687; x_wconf 76' lang='lat' dir='ltr'><strong>elﬁciens</strong></span> <span class='ocrx_word' id='word_1_649' title='bbox 2969 4645 3126 4700; x_wconf 86' lang='lat' dir='ltr'><strong>Opus,</strong></span> <span class='ocrx_word' id='word_1_650' title='bbox 3160 4647 3322 4701; x_wconf 87' lang='lat' dir='ltr'><strong>quam</strong></span> <span class='ocrx_word' id='word_1_651' title='bbox 3354 4631 3398 4685; x_wconf 91' lang='lat' dir='ltr'><strong>si</strong></span> <span class='ocrx_word' id='word_1_652' title='bbox 3446 4644 3594 4684; x_wconf 88' lang='lat' dir='ltr'><strong>mor-</strong></span> 
     </span>
    </p>
   </div>
   <div class='ocr_carea' id='block_1_92' title="bbox 341 4723 1919 4805">
    <p class='ocr_par' dir='ltr' id='par_1_92' title="bbox 341 4726 1919 4805">
     <span class='ocr_line' id='line_1_92' title="bbox 341 4726 1919 4805; baseline 0.007 -27"><span class='ocrx_word' id='word_1_653' title='bbox 341 4726 727 4796; x_wconf 80' lang='grc' dir='ltr'>βαπτίσματος</span> <span class='ocrx_word' id='word_1_654' title='bbox 748 4727 886 4793; x_wconf 69' lang='grc' dir='ltr'>[υἱὸν</span> <span class='ocrx_word' id='word_1_655' title='bbox 911 4729 1046 4782; x_wconf 76' lang='grc' dir='ltr'>Θεοῦ</span> <span class='ocrx_word' id='word_1_656' title='bbox 1087 4732 1182 4784; x_wconf 70' lang='grc' dir='ltr'>καὶ</span> <span class='ocrx_word' id='word_1_657' title='bbox 1222 4731 1341 4785; x_wconf 74' lang='grc' dir='ltr'>θεὸν</span> <span class='ocrx_word' id='word_1_658' title='bbox 1371 4731 1514 4787; x_wconf 84' lang='grc' dir='ltr'><strong>κατά</strong></span> <span class='ocrx_word' id='word_1_659' title='bbox 1545 4733 1711 4804; x_wconf 83' lang='grc' dir='ltr'>χάριν</span> <span class='ocrx_word' id='word_1_660' title='bbox 1753 4736 1919 4805; x_wconf 89' lang='grc' dir='ltr'>ἐργά-</span> 
     </span>
    </p>
   </div>
   <div class='ocr_carea' id='block_1_93' title="bbox 2021 4723 3594 4805">
    <p class='ocr_par' dir='ltr' id='par_1_93' title="bbox 2025 4723 3594 4798">
     <span class='ocr_line' id='line_1_93' title="bbox 2025 4723 3594 4798; baseline -0.006 -15"><span class='ocrx_word' id='word_1_661' title='bbox 2025 4738 2143 4783; x_wconf 86' lang='lat' dir='ltr'><strong>tuos</strong></span> <span class='ocrx_word' id='word_1_662' title='bbox 2169 4725 2479 4789; x_wconf 86' lang='lat' dir='ltr'><strong>suscitaret,</strong></span> <span class='ocrx_word' id='word_1_663' title='bbox 2516 4732 2570 4778; x_wconf 93' lang='lat' dir='ltr'><strong>et</strong></span> <span class='ocrx_word' id='word_1_664' title='bbox 2611 4723 2792 4778; x_wconf 76' lang='lat' dir='ltr'><strong>luxata</strong></span> <span class='ocrx_word' id='word_1_665' title='bbox 2827 4738 2891 4779; x_wconf 91' lang='lat' dir='ltr'><strong>ac</strong></span> <span class='ocrx_word' id='word_1_666' title='bbox 2929 4723 3118 4777; x_wconf 83' lang='lat' dir='ltr'><strong>mutila</strong></span> <span class='ocrx_word' id='word_1_667' title='bbox 3146 4723 3390 4792; x_wconf 81' lang='lat' dir='ltr'><strong>corporis</strong></span> <span class='ocrx_word' id='word_1_668' title='bbox 3424 4735 3594 4798; x_wconf 84' lang='lat' dir='ltr'><strong>mem-</strong></span> 
     </span>
    </p>
   </div>
   <div class='ocr_carea' id='block_1_94' title="bbox 337 4813 1919 4895">
    <p class='ocr_par' dir='ltr' id='par_1_94' title="bbox 337 4817 1919 4895">
     <span class='ocr_line' id='line_1_94' title="bbox 337 4817 1919 4895; baseline 0.006 -25"><span class='ocrx_word' id='word_1_669' title='bbox 337 4817 494 4880; x_wconf 78' lang='grc' dir='ltr'>ζεται</span> <span class='ocrx_word' id='word_1_670' title='bbox 520 4835 533 4848; x_wconf 86' lang='grc'><strong>·</strong></span> <span class='ocrx_word' id='word_1_671' title='bbox 578 4819 765 4890; x_wconf 82' lang='grc' dir='ltr'>μεῖζον</span> <span class='ocrx_word' id='word_1_672' title='bbox 799 4820 1168 4893; x_wconf 77' lang='grc' dir='ltr'>ἐργαζόμενος</span> <span class='ocrx_word' id='word_1_673' title='bbox 1213 4822 1396 4893; x_wconf 79' lang='grc' dir='ltr'>ἔργον,</span> <span class='ocrx_word' id='word_1_674' title='bbox 1448 4823 1482 4894; x_wconf 80' lang='grc' dir='ltr'>ἦ</span> <span class='ocrx_word' id='word_1_675' title='bbox 1516 4825 1684 4894; x_wconf 73' lang='grc' dir='ltr'>ἐίπερ</span> <span class='ocrx_word' id='word_1_676' title='bbox 1711 4826 1919 4895; x_wconf 86' lang='grc' dir='ltr'>ἀνεγεί-</span> 
     </span>
    </p>
   </div>
   <div class='ocr_carea' id='block_1_95' title="bbox 2021 4813 3592 4895">
    <p class='ocr_par' dir='ltr' id='par_1_95' title="bbox 2021 4813 3592 4886">
     <span class='ocr_line' id='line_1_95' title="bbox 2021 4813 3592 4886; baseline -0.005 -12"><span class='ocrx_word' id='word_1_677' title='bbox 2021 4821 2117 4874; x_wconf 88' lang='lat' dir='ltr'><strong>bra</strong></span> <span class='ocrx_word' id='word_1_678' title='bbox 2177 4815 2398 4871; x_wconf 86' lang='lat' dir='ltr'><strong>sanitati</strong></span> <span class='ocrx_word' id='word_1_679' title='bbox 2451 4823 2505 4871; x_wconf 93' lang='lat' dir='ltr'><strong>et</strong></span> <span class='ocrx_word' id='word_1_680' title='bbox 2548 4814 2848 4886; x_wconf 77' lang='lat' dir='ltr'><strong>integritati</strong></span> <span class='ocrx_word' id='word_1_681' title='bbox 2897 4815 3014 4871; x_wconf 85' lang='lat' dir='ltr'><strong>solo</strong></span> <span class='ocrx_word' id='word_1_682' title='bbox 3047 4813 3211 4869; x_wconf 88' lang='lat' dir='ltr'><strong>verbo</strong></span> <span class='ocrx_word' id='word_1_683' title='bbox 3263 4813 3592 4868; x_wconf 85' lang='lat' dir='ltr'><strong>restitueret.</strong></span> 
     </span>
    </p>
   </div>
   <div class='ocr_carea' id='block_1_96' title="bbox 338 4907 1919 4987">
    <p class='ocr_par' dir='ltr' id='par_1_96' title="bbox 338 4910 1919 4987">
     <span class='ocr_line' id='line_1_96' title="bbox 338 4910 1919 4987; baseline 0.007 -27"><span class='ocrx_word' id='word_1_684' title='bbox 338 4927 457 4979; x_wconf 84' lang='grc' dir='ltr'>ρειν</span> <span class='ocrx_word' id='word_1_685' title='bbox 483 4910 712 4979; x_wconf 79' lang='grc' dir='ltr'>νεκροὺς</span> <span class='ocrx_word' id='word_1_686' title='bbox 736 4910 983 4978; x_wconf 79' lang='grc' dir='ltr'>ἐδύνατο,</span> <span class='ocrx_word' id='word_1_687' title='bbox 1025 4914 1121 4966; x_wconf 72' lang='grc' dir='ltr'><strong>καὶ</strong></span> <span class='ocrx_word' id='word_1_688' title='bbox 1143 4913 1212 4966; x_wconf 65' lang='grc' dir='ltr'><strong>τά</strong></span> <span class='ocrx_word' id='word_1_689' title='bbox 1257 4913 1620 4987; x_wconf 75' lang='grc' dir='ltr'>λελωϐημένα</span> <span class='ocrx_word' id='word_1_690' title='bbox 1669 4920 1764 4971; x_wconf 88' lang='grc' dir='ltr'>καὶ</span> <span class='ocrx_word' id='word_1_691' title='bbox 1827 4935 1919 4971; x_wconf 87' lang='grc' dir='ltr'>πε-</span> 
     </span>
    </p>
   </div>
   <div class='ocr_carea' id='block_1_97' title="bbox 2021 4907 3593 4987">
    <p class='ocr_par' dir='ltr' id='par_1_97' title="bbox 2021 4907 3593 4984">
     <span class='ocr_line' id='line_1_97' title="bbox 2021 4907 3593 4984; baseline -0.004 -16"><span class='ocrx_word' id='word_1_692' title='bbox 2021 4913 2078 4968; x_wconf 91' lang='lat' dir='ltr'><strong>Si</strong></span> <span class='ocrx_word' id='word_1_693' title='bbox 2109 4913 2269 4984; x_wconf 88' lang='lat' dir='ltr'><strong>igitur</strong></span> <span class='ocrx_word' id='word_1_694' title='bbox 2300 4913 2440 4966; x_wconf 90' lang='lat' dir='ltr'><strong>inter</strong></span> <span class='ocrx_word' id='word_1_695' title='bbox 2463 4926 2563 4966; x_wconf 81' lang='lat' dir='ltr'><strong>nos</strong></span> <span class='ocrx_word' id='word_1_696' title='bbox 2592 4912 2755 4966; x_wconf 89' lang='lat' dir='ltr'><strong>homo</strong></span> <span class='ocrx_word' id='word_1_697' title='bbox 2804 4917 2970 4976; x_wconf 89' lang='lat' dir='ltr'><strong>esset,</strong></span> <span class='ocrx_word' id='word_1_698' title='bbox 3004 4910 3094 4979; x_wconf 91' lang='lat' dir='ltr'><strong>qui</strong></span> <span class='ocrx_word' id='word_1_699' title='bbox 3126 4907 3349 4976; x_wconf 87' lang='lat' dir='ltr'><strong>angelos</strong></span> <span class='ocrx_word' id='word_1_700' title='bbox 3397 4907 3593 4962; x_wconf 71' lang='lat' dir='ltr'><strong>malos-</strong></span> 
     </span>
    </p>
   </div>
   <div class='ocr_carea' id='block_1_98' title="bbox 251 5000 1919 5077">
    <p class='ocr_par' dir='ltr' id='par_1_98' title="bbox 251 5001 1919 5077">
     <span class='ocr_line' id='line_1_98' title="bbox 251 5001 1919 5077; baseline 0.006 -25"><span class='ocrx_word' id='word_1_701' title='bbox 251 5041 266 5052; x_wconf 91' lang='lat'><strong>.</strong></span> <span class='ocrx_word' id='word_1_702' title='bbox 335 5001 646 5068; x_wconf 73' lang='grc' dir='ltr'>πηρωμένα</span> <span class='ocrx_word' id='word_1_703' title='bbox 690 5001 785 5056; x_wconf 85' lang='grc' dir='ltr'><strong>τοῦ</strong></span> <span class='ocrx_word' id='word_1_704' title='bbox 813 5003 1069 5073; x_wconf 82' lang='grc' dir='ltr'>σώματος</span> <span class='ocrx_word' id='word_1_705' title='bbox 1101 5006 1240 5077; x_wconf 84' lang='grc' dir='ltr'>μέλη</span> <span class='ocrx_word' id='word_1_706' title='bbox 1271 5007 1400 5075; x_wconf 84' lang='grc' dir='ltr'>ὑγιᾶ</span> <span class='ocrx_word' id='word_1_707' title='bbox 1430 5008 1524 5061; x_wconf 83' lang='grc' dir='ltr'>καὶ</span> <span class='ocrx_word' id='word_1_708' title='bbox 1568 5008 1733 5076; x_wconf 78' lang='grc' dir='ltr'>ἄρτια</span> <span class='ocrx_word' id='word_1_709' title='bbox 1759 5009 1919 5064; x_wconf 82' lang='grc' dir='ltr'>καθι-</span> 
     </span>
    </p>
   </div>
   <div class='ocr_carea' id='block_1_99' title="bbox 2021 5000 3597 5077">
    <p class='ocr_par' dir='ltr' id='par_1_99' title="bbox 2021 5000 3597 5076">
     <span class='ocr_line' id='line_1_99' title="bbox 2021 5000 3597 5076; baseline -0.006 -14"><span class='ocrx_word' id='word_1_710' title='bbox 2021 5023 2123 5076; x_wconf 89' lang='lat' dir='ltr'><strong>que</strong></span> <span class='ocrx_word' id='word_1_711' title='bbox 2143 5009 2304 5062; x_wconf 79' lang='lat' dir='ltr'><strong>verbo</strong></span> <span class='ocrx_word' id='word_1_712' title='bbox 2321 5021 2508 5062; x_wconf 86' lang='lat' dir='ltr'><strong>creare</strong></span> <span class='ocrx_word' id='word_1_713' title='bbox 2527 5013 2728 5076; x_wconf 87' lang='lat' dir='ltr'><strong>posset,</strong></span> <span class='ocrx_word' id='word_1_714' title='bbox 2747 5005 3012 5060; x_wconf 83' lang='lat' dir='ltr'><strong>suscitare</strong></span> <span class='ocrx_word' id='word_1_715' title='bbox 3025 5008 3360 5066; x_wconf 76' lang='lat' dir='ltr'><strong>mortuos,et</strong></span> <span class='ocrx_word' id='word_1_716' title='bbox 3379 5000 3431 5053; x_wconf 90' lang='lat' dir='ltr'><strong>in</strong></span> <span class='ocrx_word' id='word_1_717' title='bbox 3441 5015 3597 5054; x_wconf 89' lang='lat' dir='ltr'><strong>cura-</strong></span> 
     </span>
    </p>
   </div>
   <div class='ocr_carea' id='block_1_100' title="bbox 337 5078 1919 5170">
    <p class='ocr_par' dir='ltr' id='par_1_100' title="bbox 337 5078 1918 5170">
     <span class='ocr_line' id='line_1_100' title="bbox 337 5078 1918 5170; baseline 0.006 -24"><span class='ocrx_word' id='word_1_718' title='bbox 337 5096 474 5164; x_wconf 82' lang='grc' dir='ltr'><strong>στᾷν</strong></span> <span class='ocrx_word' id='word_1_719' title='bbox 516 5078 685 5164; x_wconf 61' lang='grc' dir='ltr'>λόγῳ.</span> <span class='ocrx_word' id='word_1_720' title='bbox 715 5096 779 5149; x_wconf 82' lang='lat' dir='ltr'><strong>Et</strong></span> <span class='ocrx_word' id='word_1_721' title='bbox 820 5095 916 5149; x_wconf 79' lang='grc' dir='ltr'><strong>οὖν</strong></span> <span class='ocrx_word' id='word_1_722' title='bbox 948 5097 1059 5150; x_wconf 81' lang='grc' dir='ltr'>ἔδει</span> <span class='ocrx_word' id='word_1_723' title='bbox 1091 5098 1332 5169; x_wconf 86' lang='grc' dir='ltr'>φανῆναί</span> <span class='ocrx_word' id='word_1_724' title='bbox 1378 5110 1504 5154; x_wconf 83' lang='grc' dir='ltr'>τινα</span> <span class='ocrx_word' id='word_1_725' title='bbox 1543 5101 1637 5153; x_wconf 61' lang='lat' dir='ltr'><strong>ent</strong></span> <span class='ocrx_word' id='word_1_726' title='bbox 1679 5101 1780 5170; x_wconf 80' lang='grc' dir='ltr'><strong>τῆς</strong></span> <span class='ocrx_word' id='word_1_727' title='bbox 1812 5103 1918 5170; x_wconf 82' lang='grc' dir='ltr'>γῆς</span> 
     </span>
    </p>
   </div>
   <div class='ocr_carea' id='block_1_101' title="bbox 2021 5078 3596 5170">
    <p class='ocr_par' dir='ltr' id='par_1_101' title="bbox 2021 5093 3596 5166">
     <span class='ocr_line' id='line_1_101' title="bbox 2021 5093 3596 5166; baseline -0.006 -10"><span class='ocrx_word' id='word_1_728' title='bbox 2021 5100 2218 5156; x_wconf 88' lang='lat' dir='ltr'><strong>bilibus</strong></span> <span class='ocrx_word' id='word_1_729' title='bbox 2250 5098 2456 5154; x_wconf 87' lang='lat' dir='ltr'><strong>morbis</strong></span> <span class='ocrx_word' id='word_1_730' title='bbox 2488 5097 2712 5164; x_wconf 90' lang='lat' dir='ltr'><strong>mederi,</strong></span> <span class='ocrx_word' id='word_1_731' title='bbox 2744 5095 2957 5166; x_wconf 90' lang='lat' dir='ltr'><strong>qualem</strong></span> <span class='ocrx_word' id='word_1_732' title='bbox 2993 5108 3115 5147; x_wconf 90' lang='lat' dir='ltr'><strong>eum</strong></span> <span class='ocrx_word' id='word_1_733' title='bbox 3138 5107 3258 5148; x_wconf 84' lang='lat' dir='ltr'><strong>esse</strong></span> <span class='ocrx_word' id='word_1_734' title='bbox 3273 5093 3596 5161; x_wconf 87' lang='lat' dir='ltr'><strong>oporteret?</strong></span> 
     </span>
    </p>
   </div>
   <div class='ocr_carea' id='block_1_102' title="bbox 334 5183 1919 5266">
    <p class='ocr_par' dir='ltr' id='par_1_102' title="bbox 334 5191 1914 5266">
     <span class='ocr_line' id='line_1_102' title="bbox 334 5191 1914 5266; baseline 0.003 -21"><span class='ocrx_word' id='word_1_735' title='bbox 334 5191 650 5261; x_wconf 77' lang='grc' dir='ltr'>ἄνθρωπον,</span> <span class='ocrx_word' id='word_1_736' title='bbox 679 5192 948 5262; x_wconf 83' lang='grc' dir='ltr'>ἀγγέλους</span> <span class='ocrx_word' id='word_1_737' title='bbox 967 5192 1063 5247; x_wconf 76' lang='grc' dir='ltr'>καὶ</span> <span class='ocrx_word' id='word_1_738' title='bbox 1089 5193 1356 5264; x_wconf 78' lang='grc' dir='ltr'>οὐρανοὺς</span> <span class='ocrx_word' id='word_1_739' title='bbox 1395 5195 1748 5266; x_wconf 82' lang='grc' dir='ltr'>δημιουργεῖν</span> <span class='ocrx_word' id='word_1_740' title='bbox 1771 5197 1914 5266; x_wconf 83' lang='grc' dir='ltr'>λόγῳ</span> 
     </span>
    </p>
   </div>
   <div class='ocr_carea' id='block_1_103' title="bbox 2021 5183 3590 5266">
    <p class='ocr_par' dir='ltr' id='par_1_103' title="bbox 2021 5183 3590 5265">
     <span class='ocr_line' id='line_1_103' title="bbox 2021 5183 3590 5265; baseline -0.008 -16"><span class='ocrx_word' id='word_1_741' title='bbox 2021 5209 2174 5265; x_wconf 83' lang='lat' dir='ltr'><strong>quam</strong></span> <span class='ocrx_word' id='word_1_742' title='bbox 2193 5207 2386 5264; x_wconf 89' lang='lat' dir='ltr'><strong>purum</strong></span> <span class='ocrx_word' id='word_1_743' title='bbox 2402 5198 2454 5245; x_wconf 85' lang='lat' dir='ltr'><strong>et</strong></span> <span class='ocrx_word' id='word_1_744' title='bbox 2475 5191 2594 5244; x_wconf 75' lang='lat' dir='ltr'><strong>vitae</strong></span> <span class='ocrx_word' id='word_1_745' title='bbox 2611 5190 2879 5259; x_wconf 89' lang='lat' dir='ltr'><strong>probitate</strong></span> <span class='ocrx_word' id='word_1_746' title='bbox 2894 5193 3020 5241; x_wconf 83' lang='lat' dir='ltr'><strong>ante</strong></span> <span class='ocrx_word' id='word_1_747' title='bbox 3036 5199 3223 5240; x_wconf 88' lang='lat' dir='ltr'><strong>omnes</strong></span> <span class='ocrx_word' id='word_1_748' title='bbox 3235 5183 3590 5239; x_wconf 84' lang='lat' dir='ltr'><strong>excellentem</strong></span> 
     </span>
    </p>
   </div>
   <div class='ocr_carea' id='block_1_104' title="bbox 332 5276 1919 5358">
    <p class='ocr_par' dir='ltr' id='par_1_104' title="bbox 332 5283 1910 5358">
     <span class='ocr_line' id='line_1_104' title="bbox 332 5283 1910 5358; baseline 0.003 -22"><span class='ocrx_word' id='word_1_749' title='bbox 332 5283 661 5353; x_wconf 84' lang='grc' dir='ltr'>δυνάμενον,</span> <span class='ocrx_word' id='word_1_750' title='bbox 682 5285 780 5338; x_wconf 79' lang='grc' dir='ltr'>καὶ</span> <span class='ocrx_word' id='word_1_751' title='bbox 807 5286 1035 5355; x_wconf 77' lang='grc' dir='ltr'>νεκροὺς</span> <span class='ocrx_word' id='word_1_752' title='bbox 1064 5286 1372 5356; x_wconf 90' lang='grc' dir='ltr'>ἀνεγείρειν</span> <span class='ocrx_word' id='word_1_753' title='bbox 1417 5287 1512 5340; x_wconf 74' lang='grc' dir='ltr'><strong>καὶ</strong></span> <span class='ocrx_word' id='word_1_754' title='bbox 1539 5287 1738 5342; x_wconf 85' lang='grc' dir='ltr'>ἀνίατα</span> <span class='ocrx_word' id='word_1_755' title='bbox 1763 5286 1910 5358; x_wconf 87' lang='grc' dir='ltr'>πάθη</span> 
     </span>
    </p>
   </div>
   <div class='ocr_carea' id='block_1_105' title="bbox 2021 5276 3598 5358">
    <p class='ocr_par' dir='ltr' id='par_1_105' title="bbox 2021 5276 3598 5356">
     <span class='ocr_line' id='line_1_105' title="bbox 2021 5276 3598 5356; baseline -0.008 -15"><span class='ocrx_word' id='word_1_756' title='bbox 2021 5301 2202 5356; x_wconf 81' lang='lat' dir='ltr'><strong>nempe</strong></span> <span class='ocrx_word' id='word_1_757' title='bbox 2230 5297 2288 5338; x_wconf 92' lang='lat' dir='ltr'><strong>ut</strong></span> <span class='ocrx_word' id='word_1_758' title='bbox 2317 5286 2456 5340; x_wconf 85' lang='lat' dir='ltr'><strong>hanc</strong></span> <span class='ocrx_word' id='word_1_759' title='bbox 2480 5285 2574 5339; x_wconf 89' lang='lat' dir='ltr'><strong>Dei</strong></span> <span class='ocrx_word' id='word_1_760' title='bbox 2598 5284 2850 5338; x_wconf 85' lang='lat' dir='ltr'><strong>virtutem</strong></span> <span class='ocrx_word' id='word_1_761' title='bbox 2902 5286 3067 5347; x_wconf 87' lang='lat' dir='ltr'><strong>atque</strong></span> <span class='ocrx_word' id='word_1_762' title='bbox 3111 5277 3402 5347; x_wconf 80' lang='lat' dir='ltr'><strong>potentiam</strong></span> <span class='ocrx_word' id='word_1_763' title='bbox 3425 5276 3598 5332; x_wconf 82' lang='lat' dir='ltr'><strong>susci—</strong></span> 
     </span>
    </p>
   </div>
   <div class='ocr_carea' id='block_1_106' title="bbox 339 5366 1919 5450">
    <p class='ocr_par' dir='ltr' id='par_1_106' title="bbox 339 5374 1913 5448">
     <span class='ocr_line' id='line_1_106' title="bbox 339 5374 1913 5448; baseline 0.003 -24"><span class='ocrx_word' id='word_1_764' title='bbox 339 5374 553 5438; x_wconf 84' lang='grc' dir='ltr'>ίᾶσθαι,</span> <span class='ocrx_word' id='word_1_765' title='bbox 585 5375 776 5429; x_wconf 78' lang='grc' dir='ltr'>ὁποῖον</span> <span class='ocrx_word' id='word_1_766' title='bbox 801 5376 972 5447; x_wconf 87' lang='grc' dir='ltr'>ἐχρῆν</span> <span class='ocrx_word' id='word_1_767' title='bbox 1008 5375 1102 5430; x_wconf 83' lang='grc' dir='ltr'>τὸν</span> <span class='ocrx_word' id='word_1_768' title='bbox 1144 5378 1390 5432; x_wconf 89' lang='grc' dir='ltr'>τοιοῦτον</span> <span class='ocrx_word' id='word_1_769' title='bbox 1444 5375 1587 5432; x_wconf 78' lang='grc' dir='ltr'>εἶναι</span> <span class='ocrx_word' id='word_1_770' title='bbox 1614 5395 1628 5445; x_wconf 89' lang='grc'><strong>;</strong></span> <span class='ocrx_word' id='word_1_771' title='bbox 1657 5378 1913 5448; x_wconf 69' lang='grc' dir='ltr'>Καθαρὺν</span> 
     </span>
    </p>
   </div>
   <div class='ocr_carea' id='block_1_107' title="bbox 2021 5366 3595 5450">
    <p class='ocr_par' dir='ltr' id='par_1_107' title="bbox 2021 5366 3595 5450">
     <span class='ocr_line' id='line_1_107' title="bbox 2021 5366 3595 5450; baseline -0.01 -16"><span class='ocrx_word' id='word_1_772' title='bbox 2021 5387 2170 5450; x_wconf 86' lang='lat' dir='ltr'><strong>peret</strong></span> <span class='ocrx_word' id='word_1_773' title='bbox 2209 5377 2469 5445; x_wconf 87' lang='lat' dir='ltr'><strong>ﬁeretque</strong></span> <span class='ocrx_word' id='word_1_774' title='bbox 2497 5383 2621 5444; x_wconf 91' lang='lat' dir='ltr'><strong>post</strong></span> <span class='ocrx_word' id='word_1_775' title='bbox 2653 5373 2818 5427; x_wconf 87' lang='lat' dir='ltr'><strong>Deum</strong></span> <span class='ocrx_word' id='word_1_776' title='bbox 2863 5371 3000 5427; x_wconf 87' lang='lat' dir='ltr'><strong>alter</strong></span> <span class='ocrx_word' id='word_1_777' title='bbox 3041 5369 3292 5425; x_wconf 78' lang='lat' dir='ltr'><strong>creator?</strong></span> <span class='ocrx_word' id='word_1_778' title='bbox 3324 5368 3382 5424; x_wconf 90' lang='lat' dir='ltr'><strong>Si</strong></span> <span class='ocrx_word' id='word_1_779' title='bbox 3404 5366 3595 5421; x_wconf 83' lang='lat' dir='ltr'><strong>millies</strong></span> 
     </span>
    </p>
   </div>
   <div class='ocr_carea' id='block_1_108' title="bbox 334 5459 1919 5542">
    <p class='ocr_par' dir='ltr' id='par_1_108' title="bbox 334 5466 1911 5542">
     <span class='ocr_line' id='line_1_108' title="bbox 334 5466 1911 5542; baseline 0.004 -25"><span class='ocrx_word' id='word_1_780' title='bbox 334 5466 437 5518; x_wconf 73' lang='grc' dir='ltr'>καὶ</span> <span class='ocrx_word' id='word_1_781' title='bbox 492 5468 591 5538; x_wconf 81' lang='grc' dir='ltr'>τὴν</span> <span class='ocrx_word' id='word_1_782' title='bbox 642 5468 846 5540; x_wconf 82' lang='grc' dir='ltr'>ἀρετὴν</span> <span class='ocrx_word' id='word_1_783' title='bbox 897 5469 1304 5542; x_wconf 82' lang='grc' dir='ltr'>ἀπαράμιλλον,</span> <span class='ocrx_word' id='word_1_784' title='bbox 1339 5471 1483 5526; x_wconf 81' lang='grc' dir='ltr'>ὥστε</span> <span class='ocrx_word' id='word_1_785' title='bbox 1528 5471 1783 5542; x_wconf 84' lang='grc' dir='ltr'>τοιαύτην</span> <span class='ocrx_word' id='word_1_786' title='bbox 1815 5469 1911 5524; x_wconf 86' lang='grc' dir='ltr'><strong>τοῦ</strong></span> 
     </span>
    </p>
   </div>
   <div class='ocr_carea' id='block_1_109' title="bbox 2021 5459 3589 5542">
    <p class='ocr_par' dir='ltr' id='par_1_109' title="bbox 2021 5459 3589 5542">
     <span class='ocr_line' id='line_1_109' title="bbox 2021 5459 3589 5542; baseline -0.01 -16"><span class='ocrx_word' id='word_1_787' title='bbox 2021 5470 2268 5542; x_wconf 79' lang='lat' dir='ltr'><strong>profecto</strong></span> <span class='ocrx_word' id='word_1_788' title='bbox 2300 5470 2374 5525; x_wconf 91' lang='lat' dir='ltr'><strong>illi</strong></span> <span class='ocrx_word' id='word_1_789' title='bbox 2406 5468 2648 5538; x_wconf 87' lang='lat' dir='ltr'><strong>quotidie</strong></span> <span class='ocrx_word' id='word_1_790' title='bbox 2671 5482 2769 5538; x_wconf 86' lang='lat' dir='ltr'><strong>pro</strong></span> <span class='ocrx_word' id='word_1_791' title='bbox 2785 5467 3004 5524; x_wconf 79' lang='lat' dir='ltr'><strong>Christo</strong></span> <span class='ocrx_word' id='word_1_792' title='bbox 3031 5467 3164 5522; x_wconf 88' lang='lat' dir='ltr'><strong>mori</strong></span> <span class='ocrx_word' id='word_1_793' title='bbox 3189 5464 3395 5531; x_wconf 89' lang='lat' dir='ltr'><strong>liceret,</strong></span> <span class='ocrx_word' id='word_1_794' title='bbox 3413 5459 3589 5515; x_wconf 77' lang='lat' dir='ltr'><strong>adhuc</strong></span> 
     </span>
    </p>
   </div>
   <div class='ocr_carea' id='block_1_110' title="bbox 396 5645 792 5714">
    <p class='ocr_par' dir='ltr' id='par_1_110' title="bbox 396 5645 792 5714">
     <span class='ocr_line' id='line_1_110' title="bbox 396 5645 792 5714; baseline 0.005 -14"><span class='ocrx_word' id='word_1_795' title='bbox 396 5645 444 5678; x_wconf 82' lang='lat'>&quot;</span> <span class='ocrx_word' id='word_1_796' title='bbox 467 5645 631 5702; x_wconf 82' lang='lat' dir='ltr'><strong>lCor.</strong></span> <span class='ocrx_word' id='word_1_797' title='bbox 651 5647 705 5713; x_wconf 82' lang='lat'><strong>5,</strong></span> <span class='ocrx_word' id='word_1_798' title='bbox 737 5647 792 5714; x_wconf 86' lang='lat'><strong>9,</strong></span> 
     </span>
    </p>
   </div>
   <div class='ocr_carea' id='block_1_111' title="bbox 409 5807 1919 5883">
    <p class='ocr_par' dir='ltr' id='par_1_111' title="bbox 409 5807 1919 5882">
     <span class='ocr_line' id='line_1_111' title="bbox 409 5807 1919 5882; baseline 0.003 -22"><span class='ocrx_word' id='word_1_799' title='bbox 409 5808 523 5880; x_wconf 70' lang='grc'><strong>(41)</strong></span> <span class='ocrx_word' id='word_1_800' title='bbox 574 5807 820 5862; x_wconf 74' lang='lat' dir='ltr'><strong>Prwstat.</strong></span> <span class='ocrx_word' id='word_1_801' title='bbox 876 5807 1175 5865; x_wconf 78' lang='lat' dir='ltr'><strong>Vaticanus</strong></span> <span class='ocrx_word' id='word_1_802' title='bbox 1223 5809 1388 5866; x_wconf 83' lang='lat' dir='ltr'><strong>habet</strong></span> <span class='ocrx_word' id='word_1_803' title='bbox 1427 5809 1705 5882; x_wconf 81' lang='grc' dir='ltr'>διάφορον.</span> <span class='ocrx_word' id='word_1_804' title='bbox 1745 5810 1919 5869; x_wconf 72' lang='lat' dir='ltr'><strong>Massa</strong></span> 
     </span>
    </p>
   </div>
   <div class='ocr_carea' id='block_1_112' title="bbox 2021 5807 2395 5883">
    <p class='ocr_par' dir='ltr' id='par_1_112' title="bbox 2021 5809 2395 5883">
     <span class='ocr_line' id='line_1_112' title="bbox 2021 5809 2395 5883; baseline -0.003 -17"><span class='ocrx_word' id='word_1_805' title='bbox 2021 5809 2113 5867; x_wconf 88' lang='lat' dir='ltr'><strong>Isis</strong></span> <span class='ocrx_word' id='word_1_806' title='bbox 2147 5809 2395 5883; x_wconf 70' lang='grc' dir='ltr'>διαφέρει</span> 
     </span>
    </p>
   </div>
  </div>
