4156 6304
539 371 652 439 339
1576 380 2073 448 THEOPHANIS
2101 385 2447 449 EPISCOPI
2492 385 2780 448 NIGENI
3705 370 3825 451 aie-

541 501 720 545 tamen
783 489 1004 546 minime
1061 490 1283 562 dignum
1341 507 1480 565 opus
1537 495 1743 554 faceret
1772 539 1788 566 ,
1821 515 1932 571 quo
1987 511 2099 558 tant

2228 504 2365 559 Θεοῦ
2405 503 2641 574 δύναμιν
2687 502 2949 569 δέξασθαι
2986 501 3080 555 καὶ
3121 499 3303 569 ἀξίαν,
3340 500 3436 556 καῖ
3475 501 3816 574 δημιουργὸν

539 583 788 639 muneris
822 584 1052 652 gratiam
1085 598 1486 657 compensaret.
1520 591 1589 646 At
1619 593 1928 652 sacerdotis
1952 612 2099 665 oper:

2221 600 2413 670 ἕτερον
2450 597 2592 653 εἶναι
2645 598 2786 667 μετά
2812 597 2966 663 Θεὸν,
3016 597 3236 660 πάντως
3273 598 3322 650 εί
3383 597 3646 668 μυριάκις
3681 600 3814 668 ἐνῆν

539 679 749 748 majora
782 679 850 736 iis
895 681 1091 750 multo;
1123 696 1189 737 ac
1235 683 1359 740 sine
1393 684 1496 741 ulla
1529 689 1939 757 comparatione
1982 704 2099 760 praet

2222 694 2376 761 αὑτῷ
2431 691 2559 746 καθ’
2607 691 2850 760 ἑκάστην
2913 689 3058 753 ὑπὲρ
3113 688 3356 758 Χριστοῦ
3411 690 3809 760 ἀποθνήσκειν,

539 772 809 826 stantiora
852 786 993 838 esse,
1025 783 1304 830 ostensum
1355 786 1462 833 est.
1513 777 1735 845 Qualem
1787 780 1953 850 igitur
1996 795 2099 836 esst

2222 790 2324 842 οὑκ
2363 786 2429 841 ἂν
2471 785 2694 850 ἐπάξιον
2777 783 2942 853 ἔργον
3003 783 3085 844 είς
3145 781 3503 836 ἀνταπόδοσιν
3565 784 3665 851 τῆς
3705 786 3814 838 δω-

541 865 731 920 deceat
757 880 882 922 eum
914 867 1006 936 qui
1059 869 1352 926 sacerdotii
1388 872 1617 942 gratiam
1667 875 1897 944 accepit,
1951 889 2099 944 quan

546 955 779 978 .1!..!----_._
832 975 849 978 _
870 974 888 978 _
923 974 1016 978 ..-Α
1037 975 1049 978 -
1134 961 1190 978 ηι
1263 973 1273 978 -
1427 964 1440 978 ι
1465 965 1477 978 ι
1805 967 1819 978 ι
1963 967 1999 978 ι.

2227 879 2357 951 ρεᾶς
2404 877 2611 945 ταύτης
2671 877 2988 946 εἰργάσατο.
3055 874 3217 928 Ἀλλά
3257 877 3324 931 τὰ
3372 875 3522 944 παρὰ
3583 874 3679 928 τοῦ
3731 878 3809 928 ἱε-

542 955 782 1012 divinum
828 974 893 1016 ac
923 974 1058 1029 pene
1087 961 1392 1028 ctelestem,
1427 964 1554 1022 hinc
1582 967 1918 1037 perpendere
1963 967 2086 1025 licet

2225 969 2364 1041 ρέως
2395 967 2703 1038 τελούμενα
2767 963 2941 1038 μείζω
2964 965 3073 1020 τῶν
3101 968 3361 1021 τοιούτων
3383 965 3562 1036 ἔργων
3623 964 3806 1034 πολλῷ

541 1047 742 1103 Christi
800 1061 949 1108 certe
994 1067 1114 1110 esse
1150 1054 1310 1110 debet
1361 1057 1796 1125 perfectissimus
1854 1060 2095 1115 imitator

2221 1065 2318 1116 καὶ
2373 1061 2696 1131 ἀσυγκρίτῳ
2732 1059 2809 1130 τῷ
2846 1061 3032 1131 μέτρῳ
3079 1058 3353 1113 δεδείκται
3381 1052 3544 1112 εἶναι.
3585 1055 3807 1111 Ὀποῖον

540 1139 794 1212 illiusque
828 1143 880 1198 in
932 1159 1097 1200 earue
1149 1147 1312 1216 primi
1377 1150 1649 1217 pontificis
1709 1160 1874 1222 atque
1924 1152 2099 1207 hornn

2219 1149 2314 1208 οὖν
2360 1154 2442 1207 δεῖ
2494 1154 2590 1207 τὸν
2640 1151 2739 1223 τὴν
2776 1155 2942 1224 χάριν
2984 1153 3086 1223 τῆς
3149 1151 3448 1223 ἱερωσύνης
3511 1149 3809 1219 δεξάμενον

541 1247 820 1291 sacrorum
872 1239 1189 1294 sacerdotis
1231 1250 1285 1296 et
1330 1243 1630 1299 initiatorisr
1667 1247 1821 1315 sequi
1867 1245 2092 1313 vestigia

2224 1245 2369 1299 θεῖόν
2397 1262 2525 1300 τινα
2556 1246 2654 1299 καὶ
2700 1245 2962 1316 ὑπερφυῆ
3006 1239 3172 1308 εἶναι,
3237 1245 3506 1313 πάρεστιν
3554 1242 3808 1295 ἐντεῦθεν

545 1323 819 1390 Quocirca
857 1331 1001 1385 haud
1037 1342 1249 1386 erraret
1271 1334 1490 1403 aliquis,
1521 1351 1554 1390 o
1599 1337 1804 1400 dilecti,
1835 1338 1882 1393 si
1913 1339 2099 1394 dicere!

2220 1335 2561 1405 λογίζεσθαι,
2595 1337 2829 1400 ’πάντως
2864 1336 2962 1390 τοῦ
2986 1336 3228 1407 Χριστοῦ
3287 1335 3539 1406 μιμητὴν
3578 1335 3803 1402 ἀκριδέ-

540 1418 901 1475 sacerdotium
967 1437 1092 1478 esse
1153 1423 1244 1478 Dei
1299 1427 1630 1482 effectricem
1693 1429 1973 1494 virtutem,
2033 1446 2096 1484 ve

2223 1446 2440 1495 στατον,
2469 1429 2566 1482 καὶ⁵
2607 1430 2709 1500 τῆς
2757 1431 2814 1482 ἐν
2871 1431 3038 1502 σαρκὶ
3095 1429 3377 1492 πολιτείας
3418 1430 3634 1483 ἐκείνου
3683 1427 3808 1482 κατ’

539 1509 782 1566 divinam
813 1513 1097 1570 scientiam
1132 1530 1230 1586 pro
1261 1517 1368 1572 fine
1396 1519 1708 1584 habentem,
1751 1530 1808 1574 ut
1839 1521 2099 1577 hominen

2222 1521 2371 1592 ἴχνος
2415 1523 2714 1592 ἑπόμενον,
2748 1521 2843 1576 τοῦ
2868 1520 3090 1592 πρώτου
3111 1522 3421 1594 ἀρχιερέως
3457 1524 3554 1575 καὶ
3586 1524 3802 1591 ἱερουρ·

538 1600 736 1657 efﬁciat
789 1603 950 1658 deum
995 1608 1292 1662 secundum
1336 1609 1585 1678 gratiam,
1620 1611 1957 1666 conformem
1991 1628 2099 1668 verr

2218 1614 2338 1682 γοῦ,
2370 1613 2479 1666 τῶν
2532 1614 2792 1668 τοιούτων
2826 1615 2922 1667 καὶ
2964 1614 3321 1684 τελετάρχου.
3363 1614 3526 1667 Ὅθεν
3585 1615 3688 1668 οὑκ
3737 1613 3804 1667 ἀν

542 1692 762 1764 imagini
816 1694 938 1750 Filii
996 1697 1084 1752 Dei
1121 1701 1416 1754 secundum
1476 1713 1754 1768 naturam,
1807 1704 1968 1773 idque
2021 1719 2099 1774 per

2219 1720 2304 1767 τις
2363 1704 2604 1773 ἁμάρτοι
2661 1703 2761 1773 τὴν
2806 1701 3135 1772 ἱερωσύνην,
3186 1701 3488 1771 ἀγαπητοὶ,
3543 1700 3808 1771 δημιουρ-

541 1784 693 1854 signa
753 1789 999 1853 quaedam
1038 1796 1291 1859 tanquam
1345 1806 1443 1861 per
1472 1794 1860 1860 instrumenta,
1920 1810 2099 1865 panerr

2219 1795 2384 1866 γικὴν
2415 1794 2586 1848 είπὼν
2614 1794 2847 1866 δύναμιν
2871 1795 2965 1849 τοῦ
3015 1793 3176 1858 Θεοῦ,
3211 1795 3244 1864 ἢ
3286 1795 3604 1864 ἐπιστήμην
3627 1793 3803 1858 θείαν,

540 1889 669 1931 vero
693 1886 748 1932 et
772 1879 954 1934 vinum
985 1895 1126 1948 aqua
1181 1885 1526 1940 commistnm
1568 1883 1622 1940 in
1657 1902 1875 1956 corpus.
1905 1896 1960 1942 et
1986 1903 2099 1940 sau-

2219 1852 2374 1950 rszo';
2392 1885 2626 1956 ἔχουσαν
2658 1885 2720 1940 τὺ
2754 1852 2841 1940 διά
2861 1903 3026 1940 τινων
3063 1852 3357 1954 συμϐόλων
3391 1852 3584 1955 ὥσπερ
3635 1887 3805 1958 όργά-

538 1967 754 2037 guinem
803 1969 1146 2026 Dominicum
1182 1982 1526 2041 transmutet,
1577 1988 1904 2046 renatosque
1936 1979 2099 2032 homi-

2229 1997 2360 2044 νων,
2393 1980 2518 2033 θεὸν
2553 1980 2656 2050 μὲν
2687 1981 2832 2034 κατά
2865 1979 3028 2051 χάριν
3053 1979 3146 2032 τὸν
3198 1979 3487 2062 ἄνθρωπον
3548 1980 3805 2050 ἀπεργάο

539 2072 633 2114 nes
666 2075 764 2131 per
791 2063 1116 2132 haptisrnum
1155 2067 1318 2134 capiti
1355 2067 1576 2124 Christo
1608 2078 1667 2124 ut
1698 2071 1936 2126 membra
1983 2087 2099 2126 con-

2220 2069 2412 2133 ζεσθαι
2462 2071 2559 2123 καὶ
2589 2070 2919 2141 σύμμορφον
2971 2070 3070 2138 τῆς
3104 2070 3315 2133 είκόνος
3353 2069 3447 2122 τοῦ
3503 2069 3646 2123 κατὰ
3699 2069 3805 2138 φύη-

537 2150 790 2218 glntinet.
822 2153 1005 2218 Quare
1030 2173 1152 2211 cum
1185 2173 1344 2215 nemo
1381 2163 1562 2218 carnis
1590 2164 1828 2220 vinculis
1862 2164 2099 2222 detentus

2221 2179 2307 2218 σιν
2341 2163 2468 2216 Υίοῦ
2521 2161 2618 2216 τοῦ
2651 2162 2812 2225 Θεοῦ,
2850 2163 2944 2215 τὸν
2979 2161 3025 2216 δ’
3078 2162 3243 2230 ἄρτον
3302 2161 3397 2215 καὶ
3444 2156 3590 2214 οἶνον
3648 2161 3804 2216 ὕδατι

537 2256 665 2297 vere
711 2243 906 2315 dignus
935 2247 1348 2304 administrator
1377 2252 1570 2307 horum
1619 2257 2099 2323 supernaturaliun;

2218 2256 2661 2324 κεκερασμένον,
2695 2255 2776 2316 είς
2801 2255 2962 2324 σῶμα
2995 2255 3090 2308 καὶ
3133 2249 3274 2322 αἷμα
3321 2253 3683 2324 μεταϐάλλειν
3701 2257 3801 2306 Δε-

536 2337 916 2406 rnysteriorum
973 2339 1204 2394 inveniri
1264 2345 1436 2410 possit
1495 2345 1736 2416 (etenim
1795 2355 1850 2402 et
1903 2349 2099 2417 angelis

2217 2347 2622 2410 σποτικὸν,καὶ
2664 2348 2792 2409 τοὺς
2839 2346 3310 2416 ἀναγεννηθέντας
3357 2347 3685 2417 ἀνθρώπους
3713 2344 3802 2399 διὰ

536 2426 666 2497 ipsis
712 2439 768 2483 et
823 2431 1199 2487 desiderabilia
1272 2433 1389 2490 haec
1446 2446 1571 2491 sunt
1618 2447 1672 2494 et
1727 2438 2099 2509 formidanda),

2221 2439 2603 2510 βαπτίσματος
2636 2439 3029 2508 προσαρμόσαι
3071 2438 3145 2501 ὡς
3180 2438 3316 2508 μέλη
3377 2440 3442 2509 τῇ
3481 2439 3696 2508 κεφαλῇ
3723 2436 3801 2508 τῷ

535 2521 826 2590 puritatem
855 2524 1068 2590 saltem,
1091 2541 1253 2593 quam
1279 2529 1565 2594 acquirere
1591 2531 1903 2587 horninibus
1926 2533 2099 2601 datur,

2213 2531 2460 2601 Χριστῷ.
2502 2530 2667 2584 Ὅθεν
2695 2530 2930 2599 ἐπείπερ
2957 2531 3135 2594 οὐδεὶς
3162 2530 3272 2584 τῶν
3301 2531 3404 2600 τῆς
3439 2531 3646 2599 σαρκὸς
3712 2529 3800 2583 δε-

533 2621 913 2679 contemnere,
961 2625 1054 2670 aut
1103 2617 1354 2685 rejicere,
1400 2635 1500 2674 nec
1541 2637 1639 2690 pro
1668 2623 1873 2678 viribus
1925 2629 2099 2680 conari

2214 2624 2392 2691 σμίων
2439 2623 2514 2686 ὡς
2561 2622 2778 2693 ἀληθῶς
2828 2622 2980 2686 ἄξιος
3035 2623 3318 2692 οἰκονόμος
3374 2623 3484 2676 τῶν
3537 2623 3808 2677 τοιούτων

535 2702 838 2758 Salvatoris
895 2705 948 2758 in
1005 2706 1168 2761 terris
1234 2708 1358 2763 viae
1413 2709 1722 2766 institutum
1787 2714 2099 2770 imitandum

2213 2716 2513 2786 ὑπερφυῶν
2571 2714 2891 2786 μυστηρίων
2940 2715 3007 2769 ἂν
3059 2715 3350 2786 εὑρεθείηο
3405 2716 3498 2768 καὶ
3547 2718 3658 2785 γὰρ
3701 2719 3797 2770 καὶ

533 2793 638 2848 sibi
671 2809 996 2864 proponere,
1037 2798 1090 2852 id
1126 2809 1272 2854 certe
1319 2801 1516 2872 ingrati
1552 2804 1658 2858 erit
1695 2805 1862 2860 animi
1897 2807 2099 2862 divina-

2210 2811 2325 2873 τοῖς
2379 2807 2634 2876 ἀγγέλοις
2685 2809 2874 2872 αὑτοῖς
2929 2808 3244 2878 ἐπιθυμητὰ
3300 2808 3370 2862 τὰ
3420 2807 3645 2862 τοιαῦτα
3699 2810 3793 2862 καὶ

535 2899 766 2955 rumque
825 2901 1008 2942 rerum
1051 2893 1470 2961 contemptoris,
1518 2895 1745 2965 ideoque
1775 2897 2099 2954 intolerabili

2215 2900 2419 2969 φρικτὰ
2455 2900 2811 2970 καθεστήκει,
2842 2900 2943 2970 τῆς
2975 2899 3106 2966 γοῦν
3153 2900 3518 2971 ἐνδεχομένης
3555 2900 3794 2970 καθαρά-

533 2978 804 3048 supplicio
835 2981 1082 3049 dignum.
1116 2983 1214 3038 Cui
1260 3001 1493 3057 namque
1522 2992 1704 3044 datum
1741 3001 1825 3046 est
1857 2993 2099 3059 multum,

2209 3008 2372 3061 τητος
2405 2993 2519 3053 τοῖς
2549 2991 2868 3059 ἀνθρώποις
2904 2993 3278 3060 καταφρονεῖν
3315 3008 3377 3043 τε
3417 2991 3517 3045 καὶ
3546 2990 3795 3044 ἀναϐάλ-

532 3068 759 3122 multum
810 3071 972 3126 etiam
1017 3074 1264 3144 exigetur
1309 3076 1376 3130 ab
1405 3093 1490 3133 eo.
1534 3080 1613 3135 Ac
1641 3090 1796 3136 vetus
1850 3085 2099 3138 nimirum

2210 3081 2549 3145 lseOat,_xa\
2594 3081 2668 3152 μὴ
2703 3082 2956 3134 σπεύδειν
2983 3083 3083 3151 ὅση
3131 3083 3366 3150 δύναμις
3407 3082 3511 3151 τὴν
3550 3083 3642 3135 ἐπὶ
3692 3081 3802 3150 γῆς

531 3157 663 3214 ἱΙΙιιιΙ
699 3158 1047 3217 Hebraeorum
1077 3167 1440 3223 sacerdotium
1497 3170 1668 3240 figura
1699 3179 1818 3226 erat
1847 3183 1902 3228 et
1930 3174 2099 3244 imago

2215 3171 2308 3225 τοῦ
2337 3172 2589 3242 Σωτῆρος
2628 3173 2910 3235 πολιτείας
2940 3173 3255 3244 μιμεῖσθαι,
3299 3173 3501 3239 πολλῆς
3532 3175 3796 3241 ἀγνωμο-

531 3253 703 3307 nostri
739 3253 906 3322 hujus
951 3256 1199 3314 sublimis
1232 3270 1396 3330 atque
1425 3263 1702 3330 caelestis;
1751 3268 2099 3337 sanguinibus

2211 3263 2378 3332 σύνης
2405 3263 2470 3317 ἂν
2501 3264 2586 3334 είη
2605 3263 2702 3318 καὶ
2727 3264 2836 3318 τῶν
2862 3265 3026 3319 θείων
3050 3267 3543 3338 καταφρονήσεως,
3576 3267 3674 3318 καὶ
3704 3267 3794 3320 διὰ

529 3343 673 3398 enim
731 3355 786 3400 et
841 3349 1154 3405 animalium
1207 3361 1414 3408 tantum
1491 3357 1857 3414 occisionibus
1911 3361 2108 3417 licebat

529 3436 629 3502 illi,
662 3453 767 3492 non
813 3440 1030 3507 animae,
1079 3445 1172 3497 sed
1205 3449 1452 3516 corporis
1497 3452 1738 3506 maculas
1770 3464 1824 3506 et
1855 3454 2108 3523 inquina-

530 3539 705 3582 menta
735 3544 984 3601 purgare.
1024 3532 1095 3588 Ut
1139 3538 1281 3592 enim
1315 3555 1422 3594 uno
1465 3543 1628 3596 verbo
1679 3543 1879 3612 dicam,
1924 3547 2104 3599 omnia

527 3634 648 3685 qum
679 3634 774 3687 per
802 3623 935 3678 illud
984 3625 1206 3694 ﬁebant,
1241 3628 1432 3684 umbra
1468 3642 1646 3700 erant,
1680 3642 1741 3688 ut
1786 3635 2004 3692 divinus
2030 3638 2107 3690 ait

526 3713 823 3778 Apostolus
860 3715 929 3782 ⁸³,
982 3714 1285 3772 futurorum
1335 3721 1624 3787 bonorum,
1687 3724 1888 3780 nostris
1944 3727 2105 3782 rebus

530 3810 683 3855 tanto
718 3802 964 3870 inferior,
997 3817 1257 3875 quantum
1309 3810 1466 3866 abest
1516 3827 1545 3866 a
1594 3814 1735 3870 caelo
1778 3823 1941 3872 terra.
1976 3817 2105 3873 ideo

526 3907 625 3959 pro
683 3895 854 3949 nostri
916 3910 1214 3972 eorumque
1272 3903 1564 3959 sacerdotii
1601 3907 1938 3976 diversitate,
1975 3924 2101 3964 cum

525 3985 842 4040 sacerdotes
876 3986 1004 4042 item
1035 3990 1204 4044 nostri
1238 4000 1294 4046 et
1345 3993 1560 4049 illorum
1595 4007 1690 4064 pro
1713 4007 1827 4052 rata
1857 4001 2105 4068 portione

524 4075 779 4133 diﬂerant
804 4080 1084 4151 (quantum
1110 4094 1256 4142 certe
1278 4085 1346 4142 ab
1364 4089 1571 4160 angelis
1590 4091 1838 4148 homines
1856 4093 2099 4161 absunt),

525 4181 703 4226 tamen
738 4171 928 4230 Nadab
957 4177 1177 4247 quidam
1206 4187 1260 4234 et
1286 4180 1459 4236 Abiud
1493 4182 1610 4249 ﬁlii,
1635 4183 1890 4253 Aaronis,
1919 4203 2104 4243 sacer-

527 4262 812 4330 detesque,
845 4279 964 4321 cum
989 4269 1259 4324 nefarium
1295 4272 1569 4340 quoddam
1603 4291 1739 4345 opus
1790 4288 2100 4347 perpetras-

525 4363 669 4418 sent,
701 4355 823 4421 igne
880 4357 1057 4412 alieno
1089 4361 1308 4417 adolere
1343 4366 1469 4418 thus
1535 4365 1643 4420 Deo
1698 4369 1960 4437 aggressi,
1985 4370 2102 4425 vio-

525 4443 650 4498 latae
677 4443 812 4520 legis
841 4461 1028 4515 poenas
1060 4452 1265 4520 absque
1291 4467 1441 4508 mora
1477 4455 1782 4522 luerunt“,
1817 4459 1883 4513 ab
1910 4461 2099 4516 eodem

2207 3357 2368 3410 τοῦτο
2393 3356 2674 3419 κολάσεως
2700 3357 2853 3422 ἀξιον
2876 3358 3182 3428 ἀφορήτου.
3217 3352 3289 3430 τῼ
3317 3361 3425 3427 γὰρ
3448 3359 3606 3428 ἐδόοη
3631 3359 3792 3420 πολὺ,

2208 3449 2348 3502 πολὺ
2414 3450 2512 3502 καὶ
2555 3450 3024 3520 ἀπαιτηθήσεται.
3077 3451 3274 3506 Καίτοι
3305 3451 3474 3523 ἡτῶν
3519 3452 3792 3519 Ἐϐραίων

2209 3541 2376 3595 πάλαι
2436 3542 2709 3612 ἱερωσύνη
2767 3543 2938 3607 τύπος
3016 3539 3241 3615 ὑπῆρχε
3285 3546 3380 3600 καὶ
3418 3545 3654 3614 ῐνδαλμα
3693 3544 3791 3612 τῆς

2207 3634 2329 3689 καθ’
2357 3638 2507 3707 ἡμᾶς
2538 3636 2747 3706 ταύτης
2767 3637 2980 3708 ὑψηλῆς
3002 3656 3062 3691 τε
3094 3640 3190 3693 καὶ
3221 3641 3478 3711 οὐρανίου
3498 3656 3515 3670 ·
3544 3641 3644 3694 καὶ
3681 3641 3788 3710 γὰρ

2205 3728 2402 3798 αἵμασι
2459 3729 2555 3782 καὶ
2618 3731 2860 3798 σφαγαῖς
2924 3731 3088 3800 μόνον
3165 3733 3320 3797 ζώων
3398 3733 3615 3802 ἀλόγων
3660 3733 3789 3802 ἐξῆν

2204 3821 2378 3894 ταύτῃ
2408 3822 2694 3890 καθαίρειν
2740 3825 2801 3876 οὐ
2847 3823 2948 3894 τῆς
2977 3825 3180 3895 ψυχῆς,
3217 3826 3356 3880 ἀλλά
3389 3828 3484 3880 τοῦ
3531 3826 3789 3897 σώματος

2207 3915 2520 3985 μολυσμοὺς
2546 3917 2639 3970 καὶ
2679 3916 2926 3984 κηλῖδας.
2969 3919 3078 3971 Καὶ
3111 3917 3186 3980 ὡς
3217 3918 3349 3977 ἔπος
3384 3922 3579 3983 εἰπεῖν,
3607 3921 3787 3972 πάντα

2203 4005 2274 4060 τὰ
2295 4005 2596 4077 τελούμενα.
2637 4007 2707 4061 δι’
2733 4009 2909 4076 αὑτῆς
2942 4011 3103 4064 σκιὰν
3152 4006 3292 4082 εἶχε,
3315 4011 3460 4066 κατὰ
3504 4011 3596 4064 τὸν
3629 4010 3786 4065 ’θεῖον

2217 4099 2563 4165 Ἀπόστολον,
2599 4101 2711 4154 τῶν
2756 4100 3060 4171 μελλόντων
3102 4103 3328 4170 ἀγαθῶν
3375 4103 3634 4158 τοσοῦτον
3676 4104 3786 4156 τῶν

2206 4188 2494 4259 ἡμετέρων
2526 4190 2839 4258 ἐνδέουσαν,
2877 4191 3075 4246 ὁπόσον
3107 4194 3174 4264 γῆ
3211 4194 3351 4265 πρὸς
3404 4196 3496 4248 τὸν
3529 4195 3780 4264 οὐρανόν.

2202 4281 2314 4334 Καὶ
2333 4281 2422 4335 διὰ
2443 4283 2602 4336 τοῦτο
2624 4283 2760 4353 πρὸς
2781 4284 2841 4338 τὸ
2857 4285 3114 4354 διάφορον
3131 4288 3229 4356 τῆς
3252 4287 3412 4356 ήμῶν
3431 4306 3489 4342 τε
3513 4288 3782 4342 κάκείνων

2205 4373 2509 4442 ἱερωσύνης
2547 4374 2654 4428 τῶν
2683 4376 2876 4445 ἱερέων
2905 4377 3062 4447 ἡμῶν
3091 4395 3151 4430 τε
3190 4382 3470 4433 κάκείνων
3498 4380 3780 4446 ἀναλόγως

2201 4464 2573 4534 διαφερόντων
2616 4467 2786 4536 ἤγουν
2813 4469 2939 4522 ὅσον
2992 4468 3244 4537 ἀγγέλων
3289 4470 3590 4540 ἄνθρωποι,
3635 4472 3781 4540 ὅμως

526 4534 648 4603 igne
703 4534 852 4589 illico
888 4539 1191 4607 combusti;
1225 4542 1424 4611 quibus
1461 4560 1560 4600 nec
1603 4556 1754 4615 pater
1786 4550 1966 4606 Aaron
1998 4569 2095 4623 po-

2203 4557 2392 4611 Ναδάϐ
2422 4575 2505 4621 τις
2533 4534 2877 4614 καὶ-Ἂϐιοὺδ
2906 4562 3016 4614 υἱοὶ
3045 4534 3274 4635 ν’Ᾰαρὼν
3297 4564 3451 4626 ὄντες
3474 4563 3568 4616 καὶ
3593 4564 3776 4634 ἱερεῖς,

525 4627 627 4681 tnit
667 4628 944 4696 opitulari.
1004 4629 1144 4695 Quid
1206 4649 1335 4689 vero
1391 4651 1528 4705 opus
1581 4649 1665 4694 est
1725 4641 1972 4710 pluribus
2015 4646 2096 4710 ⁵⁵,

523 4722 740 4791 quando
779 4731 832 4803 et
884 4724 998 4794 ipse
1052 4726 1232 4782 Aaron
1270 4742 1300 4782 a
1357 4729 1468 4785 Deo
1521 4731 1746 4799 electus,
1781 4743 1835 4790 et
1889 4737 2096 4805 primus

2198 4650 2440 4719 ἂθεσμόν
2463 4653 2517 4704 τί
2553 4669 2684 4706 ποτε
2719 4652 3162 4724 διαπεπρακότες
3199 4654 3493 4725 (ἀλλοτρίῳ
3519 4655 3630 4725 γὰρ
3648 4656 3780 4724 πυρὶ

2199 4741 2398 4812 θυμιᾷν
2423 4743 2746 4812 ἐπεχείρουν
2763 4745 3103 4814 παρανόμως
3124 4744 3264 4815 Θεῷ)
3285 4745 3607 4814 παραπόδας
3627 4747 3781 4808 δίκας

524 4815 664 4881 apud
700 4798 819 4870 illos
856 4816 1122 4885 pontifex,
1149 4820 1290 4889 apud
1324 4819 1492 4892 Deum
1521 4838 1651 4880 vero
1677 4798 1952 4884 secundus
1976 4841 2097 4899 post

2203 4798 2300 4903 τῆς
2343 4798 2701 4906 ,παρανομίας
2760 4798 3209 4908 εἱσιπράττονται,
3247 4841 3638 4912 παρανάλωμα
3685 4840 3778 4894 τοῦ

523 4904 782 4975 Moysem,
818 4924 936 4963 cum
971 4909 1162 4966 leviter
1199 4911 1363 4966 Deum
1397 4913 1741 4981 offendisset,
1769 4920 2094 4975 miserabili-

2197 4927 2369 4995 πυρὸς
2401 4927 2612 4980 ἐκείνου
2660 4930 2950 4997 γεγονότες
2999 4931 3220 5001 ἀθρόον,
3253 4935 3348 4986 καὶ
3391 4935 3504 4986 οὐδ’
3567 4935 3782 5005 Ἀαρὼν
3835 4947 3842 4954 '

523 5008 604 5050 ter
665 5001 776 5053 vita
826 5003 1072 5070 privatus
1129 5015 1234 5068 est,
1288 5020 1390 5059 nec
1442 5005 1609 5061 fratre
1639 5009 1858 5076 quidem
1909 5010 2090 5082 Moyse

2203 5018 2402 5088 ἤρκεσε
2433 5019 2571 5087 πρὸς
2628 5022 2908 5092 σωτηρίαν
2963 5023 3151 5087 αὑτοῖς
3203 5027 3231 5077 ό
3280 5027 3487 5099 πατήρ.
3535 5001 3699 5080 Ἀλλά
3730 5025 3782 5078 τί

523 5085 670 5139 illum
721 5104 752 5160 e
802 5093 1068 5163 supplicio
1128 5096 1362 5152 liberare
1398 5098 1718 5154 valente"?
1769 5102 1906 5168 Quid
1961 5119 2092 5158 vero

2203 5085 2296 5182 (ph
2326 5112 2453 5182 περὶ
2479 5085 2686 5166 τούτων
2712 5085 2914 5182 λέγειν,
2941 5116 3076 5169 ὅπου
3104 5085 3168 5185 γε
3200 5120 3297 5172 καὶ
3331 5085 3546 5189 ’Λαρὼν
3593 5119 3779 5182 αὑτὸς,

520 5174 716 5234 deinde
749 5179 862 5236 lleli
913 5188 1210 5242 sacerdos?
1245 5188 1394 5244 Licet
1435 5190 1525 5246 ille
1567 5191 1741 5248 bonus
1773 5194 1824 5249 in
1855 5209 1912 5251 se
1946 5207 2094 5252 esset

2203 5174 2539 5272 δ’θ-εόκριτος
2581 5205 2678 5257 καὶ
2726 5174 2944 5275 πρῶτος
2966 5207 3098 5278 παρ’
3114 5174 3343 5272 ἐκείνοις
3374 5174 3667 5280 ἀρχιερεύς
3687 5227 3702 5242 ·

457 5329 460 5334 _
517 5277 571 5321 et
600 5267 1125 5342 irreprehensibilis,
1151 5288 1372 5350 propter
1401 5282 1572 5338 solam
1612 5299 1840 5339 suorum
1855 5287 2090 5342 filiorum

2203 5293 2302 5362 γὰρ
2338 5267 2614 5358 Μωῦσέως
2652 5267 2802 5367 παρά
2846 5267 2966 5368 Θεῷ
2987 5267 3279 5367 δεύτεροςο
3316 5267 3606 5371 μικρόν-τι
3645 5267 3778 5372 προ-

515 5360 881 5432 iniquitatem.
934 5366 1056 5423 diro
1145 5373 1334 5428 mortis
1399 5390 1600 5445 genere
1654 5377 1817 5432 vitam
1883 5379 2088 5447 finivit;

514 5465 678 5523 atque
713 5464 876 5512 certe;
902 5458 1020 5514 illos
1047 5461 1229 5519 verbis
1279 5481 1424 5535 saepe
1473 5469 1834 5540 corripuerat,
1870 5477 2087 5529 tametsi

514 5562 619 5601 non
674 5564 864 5606 severe
914 5562 968 5606 et
997 5553 1258 5623 graviter,
1297 5565 1355 5610 ut
1403 5571 1737 5629 oportuerat,
1769 5566 2085 5636 castigarat.

2200 5387 2552 5459 σκεκρουκὼς
2575 5388 2655 5459 τῷ
2690 5390 2809 5460 Θεῷ
2837 5392 2935 5461 τῆς
2958 5392 3104 5461 ζωῆς
3139 5393 3392 5457 ἐλεεινῶς
3423 5395 3778 5466 ἀπορρήγνυ-

2197 5493 2310 5541 ται,
2363 5479 2502 5550 μηδὲ
2563 5481 2810 5546 Μωσέως
2872 5482 2972 5536 τοῦ
3026 5483 3263 5553 ἀδελφοῦ
3311 5485 3635 5555 δυνηθέντος
3692 5486 3776 5551 ἐξ·

2197 5568 2420 5622 ελέσθαι
2477 5571 2668 5625 τοῦτον
2735 5575 2834 5644 τῆς
2868 5577 3142 5644 τιμωρίας
3181 5595 3195 5642 ;
3234 5577 3300 5630 Τί
3335 5577 3391 5630 δέ
3433 5577 3580 5631 Ἦλεὶ
3634 5578 3775 5640 μετὰ

515 5637 571 5692 Si
633 5640 793 5710 igitur
845 5643 1228 5715 delinquentes
1274 5647 1348 5702 illi
1406 5652 1498 5718 qui
1559 5652 1660 5708 snb
1710 5653 1843 5726 legis
1895 5658 2083 5713 umbra

2203 5661 2367 5715 ταῦτα
2385 5663 2414 5714 ὁ
2450 5662 2630 5732 ἱερεύς
2653 5682 2666 5729 ;
2699 5637 2878 5720 καίτοι
2918 5637 3041 5721 καθ’
3067 5637 3260 5724 ἑαυτὸν
3281 5670 3489 5738 ἀγαθὸς
3508 5637 3772 5742 ὑπάρχων

699 5823 914 5883 Coloss.
952 5845 1010 5895 ιι,
1052 5829 1136 5884 17.
1185 5912 1192 5916 -
1240 5831 1284 5864 ⁸³
1315 5830 1489 5890 Levit.
1523 5852 1573 5904 κ,
1609 5836 1624 5890 i
1655 5854 1806 5910 seqq.
1888 5838 2234 5912 "Nannxx,
2309 5845 2375 5902 ει
2398 5862 2550 5920 seqq.
2632 5850 2674 5883 "
2710 5849 2730 5906 l
2769 5847 2900 5921 Reg.
2934 5868 3120 5920 xxxxv,
3159 5854 3179 5908 l
3212 5866 3365 5922 seqq.
