4142 6294
324 357 425 425 3i!

1688 357 2058 436 EPISTOLA
2092 360 2211 423 III:

3500 357 3612 422 342

325 476 425 531 καὶ
446 474 767 547 ἄμεμπτος,
806 470 898 525 διὰ
940 469 1039 544 τὴν
1083 472 1192 527 τῶν
1225 470 1436 529 παίδων
1481 474 1643 545 μόνον
1682 493 1927 546 παρανο-

2037 486 2203 543 erant,
2230 487 2283 533 et
2311 475 2593 532 hominum
2618 473 2798 530 adhuc
2828 475 3059 546 spiritali
3118 483 3277 531 aetate
3316 475 3604 531 infantium

331 565 472 638 μίαν
503 564 673 636 δεινῷ
701 563 914 635 θανάτῳ
946 565 1322 636 καταστρέφει
1351 566 1443 620 τὸν
1476 565 1591 636 βίον
1614 582 1630 599 °
1676 569 1918 639 καίτοιγε

332 655 614 718 πολλάκις
639 653 819 722 λόγοις
844 651 1134 724 ἐπιτιμίας
1157 652 1270 708 τῶν
1297 655 1504 708 παίδων
1539 655 1848 726 ἁπτόμενος
1872 656 1922 710 εἱ

339 746 446 800 καὶ
488 744 566 817 μὴ
593 742 833 814 σφοδρῶς
863 742 959 798 καὶ
997 744 1075 807 ὡς
1112 745 1281 815 ἐχρῆν
1312 745 1683 817 ἐπιπλήττων.
1720 746 1783 799 Εἱ
1828 741 1922 800 οῦν

351 837 675 909 ὲκείνοιςτῇ
729 838 861 909 σκιᾷ
905 836 1406 910 παρακαθημένοις
1459 840 1555 894 τοῦ
1596 841 1788 911 νόμου,
1829 840 1925 894 καὶ⁵

351 929 560 998 νηπίων
582 927 680 998 τὴν
702 918 1347 1000 πνευματικὴνίφψκίαν
1379 929 1723 994 διδασκάλοις
1750 928 1927 1001 ὑπάρ-

348 1032 503 1091 χουσι
530 1019 625 1073 καὶ
649 1021 1062 1092 μυσταγωγοϊς,
1090 1021 1320 1077 τοιαῦτα
1351 1022 1565 1093 φοϐερὰ
1595 1024 1691 1077 καὶ
1720 1022 1928 1077 ἀναπό-

342 1112 548 1182 δραστα
580 1113 970 1186 παρανομοῦσι
1018 1115 1090 1169 τὰ
1134 1114 1417 1185 ἐπιτίμια.
1472 1117 1634 1170 ὁποῖα
1672 1114 1739 1170 ἂν
1792 1109 1924 1179 εἶεν,

340 1202 641 1270 ἀγαπητοὶ,
665 1205 780 1267 τοῖς
815 1205 1227 1275 τελεσιουργοῖς
1259 1204 1367 1258 τῶν
1395 1205 1695 1276 ὑπερφυῶν
1723 1223 1932 1276 μυστη-

343 1292 499 1364 ρίων,
536 1296 635 1349 καὶ
669 1298 785 1361 τοῖς
830 1297 1084 1366 ἀγγέλων
1144 1298 1615 1373 συλλειτουργοῖς,
1653 1301 1750 1352 καὶ
1790 1299 1928 1352 Θεοῦ

344 1389 654 1456 συνεργοῖς,
685 1389 781 1442 καὶ
808 1388 889 1459 τῷ
924 1390 1028 1460 τῆς
1057 1388 1339 1454 υἱοθεσίας
1382 1389 1658 1461 πνεύματι
1693 1390 1932 1454 τελείους

337 1476 441 1548 τὴν
497 1480 645 1532 κατὰ
676 1482 920 1552 Χριστὸν
978 1482 1200 1552 ἡλικίαν
1261 1482 1617 1538 ἀναδείκνυσι
1663 1485 1792 1548 τοὺς
1840 1482 1932 1537 ὑπ’

339 1566 525 1621 αὐτῶν
558 1569 952 1641 τελουμένους,
987 1573 1061 1645 μὴ
1092 1574 1154 1627 τὸ
1188 1574 1452 1646 θεουργδν
1482 1575 1585 1644 τῆς
1628 1576 1932 1646 ἱερωσύνης

337 1658 553 1729 χρίσμα
592 1663 825 1734 τηροῦσι
869 1664 1112 1736 καθαρὸν
1157 1668 1253 1722 καὶ
1298 1666 1594 1739 ἁκὶὁδηλον
1622 1668 1699 1734 ὡς
1753 1669 1885 1738 ἐνῆν
1914 1712 1930 1736 ,

338 1744 512 1806 Ὅσον
570 1755 678 1827 γὰρ
732 1757 794 1810 τὸ
851 1756 1116 1829 διάφορον
1169 1761 1292 1815 κατ’
1342 1760 1503 1829 ἀξίαν
1548 1761 1649 1832 τῆς
1698 1762 1933 1832 νομικῆς

2025 570 2274 641 magistri
2306 579 2362 624 et
2396 579 2784 639 praeceptores,
2817 576 2927 623 tam
2958 567 3247 623 horrendis
3277 569 3607 623 inevitabili-

2024 664 2236 733 busque
2268 661 2443 731 poenis
2484 659 2691 715 multati
2726 669 2872 725 sunt,
2903 674 3026 730 qum
3059 644 3299 723 tandem,
3324 675 3357 714 ο
3390 660 3601 726 dilecti,

2028 757 2251 804 manent
2292 746 2557 818 supplicia
2589 748 3090 816 supernaluralinm
3135 757 3609 802 sacramentorum

2030 841 2337 906 ministros,
2363 841 2682 911 angelorum
2711 854 3031 904 conservos,
3065 837 3162 895 Dei
3197 850 3611 912 cooperatores,

2028 931 2232 1001 quique
2258 946 2351 986 eos
2378 945 2518 1001 quos
2565 930 2840 1004 mysteriis
2889 928 3132 992 initiant.
3173 944 3271 998 per
3301 929 3611 998 adoptionis

2030 1022 2279 1092 spiritum
2324 1019 2601 1091 perfectos
2636 1019 2937 1076 secundum
2991 1020 3195 1076 Christi
3239 1030 3453 1076 aetatem
3502 1021 3612 1077 elli-

2031 1114 2205 1177 ciunt,
2258 1113 2363 1168 nisi
2422 1113 2669 1168 deilicam
2723 1112 2870 1167 illam
2922 1112 3216 1170 sacerdotii
3270 1114 3612 1179 unctionem,

2033 1216 2297 1277 quantum
2333 1206 2447 1260 fieri
2479 1212 2659 1276 potest
2692 1221 2883 1276 puram
2924 1214 2980 1260 et
3012 1206 3388 1275 incorruptam
3432 1221 3612 1262 serva-

2040 1298 2258 1355 verint?
2289 1297 2503 1366 Quanta
2531 1308 2617 1354 est
2645 1299 2790 1353 enim
2823 1297 3008 1369 legalis
3030 1306 3083 1353 et
3114 1299 3408 1355 Christiani
3436 1314 3612 1355 sacer-

2036 1391 2166 1446 dotii
2202 1389 2535 1453 dilferentia.
2580 1398 2729 1446 tanta
2778 1391 2833 1445 in
2871 1401 3104 1458 utroque
3138 1390 3265 1445 vitae
3313 1389 3520 1460 puritas
3564 1399 3613 1445 et

2036 1481 2366 1537 excellentia
2403 1482 2756 1551 proportione
2791 1482 3129 1551 respondens
3172 1483 3439 1552 exigetur.
3488 1481 3615 1537 Ideo

2036 1582 2091 1629 et
2121 1573 2371 1629 Salvator
2403 1582 2587 1628 noster
2617 1573 2830 1629 dicebat
2866 1592 2879 1628 :
2921 1575 3037 1628 Nisi
3075 1573 3422 1628 abundaverit
3451 1573 3616 1641 justi-

2039 1670 2114 1723 tia
2165 1677 2336 1722 vestra
2379 1667 2661 1737 plusquam
2714 1666 3024 1722 Scribarum
3077 1678 3126 1721 et
3195 1666 3615 1735 Pharisworum,

2039 1779 2143 1817 non
2169 1762 2437 1816 intrabitis
2465 1762 2522 1817 in
2567 1744 2784 1831 regnum
2807 1762 3054 1816 caelorum
3086 1760 3154 1815 ⁸⁷.

339 1844 647 1920 ἱερωσύνης
672 1850 810 1921 πρὸς
832 1852 930 1925 τὴν
954 1855 1094 1908 κατὰ
1114 1857 1375 1925 Χριστὸν,
1406 1858 1664 1913 τοσοῦτον
1687 1859 1721 1930 ἡ
1747 1858 2062 1929 καθαρότης
2091 1875 2150 1912 τε
2198 1859 2295 1911 καὶ
2330 1857 2591 1930 ἀκρίϐεια
2659 1857 2753 1912 τοῦ
2809 1858 2940 1927 ,βίον
3013 1859 3076 1911 έν
3120 1857 3405 1926 ἑκατέροις
3478 1857 3617 1911 ἀνα-

339 1940 517 2008 λόγως
535 1941 1001 2015 ἀπαιτηθήσεται.
1026 1949 1118 2002 Διδ
1139 1949 1237 2002 καὶ
1262 1951 1292 1998 ό
1316 1950 1509 2023 Σωτὴρ
1529 1952 1690 2023 ἡμῶν
1707 1952 1896 2020 ἔλεγεν
1913 1967 1927 1981 ο
1976 1949 2123 2006 Ἐὰν
2163 1950 2250 2019 μὴ
2326 1948 2715 2019 περισσεύσῃ
2787 1948 3150 2016 δικαιοσύνη
3205 1947 3374 2019 ὑμῶν
3427 1947 3619 2004 πλέον

339 2034 463 2090 τῶν
489 2039 900 2109 Γραμματέων
919 2044 1017 2098 καὶ
1035 2048 1400 2115 Φαρισαίων,
1445 2049 1518 2103 οὐ
1535 2048 1621 2120 μὴ
1641 2048 1956 2116 εἰσέλθητε
1993 2048 2083 2115 εἱς
2104 2046 2221 2115 τὴν
2245 2047 2578 2113 ,ϐασιλείαν
2614 2043 2735 2099 τῶν
2763 2042 3061 2112 οὐρανῶν.

412 2123 486 2192 η’.
511 2128 614 2181 Διὰ
646 2131 808 2184 τοῦτο
843 2137 1198 2205 προσεκτέον,
1226 2138 1520 2208 ἀγαπητοὶ,
1546 2140 1643 2193 καὶ
1671 2138 1938 2211 τηρητέον

2120 2140 2174 2195 8.
2194 2138 2538 2210 Quapropter
2563 2146 2616 2191 et
2649 2126 3111 2202 incumbamus,o
3141 2137 3345 2203 dilecti,
3377 2149 3432 2194 et
3461 2155 3617 2196 suum

340 2217 576 2275 ἕκαστον
606 2223 667 2277 τὸ
689 2223 885 2280 ἑαυτοῦ
911 2229 1128 2298 σκεῦος,
1155 2228 1229 2294 ὡς
1256 2233 1283 2284 ὁ
1310 2230 1453 2295 θεῖος
1485 2231 1697 2296 nam;
1733 2250 1928 2303 φησιν,

343 2313 404 2368 ιν
434 2312 718 2388 ἁγιασμῷ,
751 2320 953 2390 μᾶλλον
985 2321 1043 2375 δὲ
1068 2321 1130 2375 τὸ
1154 2316 1248 2377 τοῦ
1278 2322 1416 2378 Θεοῦ
1447 2324 1664 2390 σκεῦος.
1699 2325 1793 2398 Μὴ
1821 2326 1932 2397 γὰρ

343 2405 449 2459 οὐκ
488 2406 641 2461 ἐστιν
674 2411 707 2480 ἠ
747 2411 840 2465 τοῦ
876 2411 1069 2484 ἱερέως
1109 2415 1234 2487 χεὶρ
1286 2415 1409 2472 θεία
1439 2416 1597 2482 λαόὶς
1645 2419 1930 2490 ἁπτομένη

344 2496 440 2551 τοῦ
472 2498 817 2556 Δεσποτικοῦ
843 2503 1132 2575 σώματος;
1159 2506 1232 2559 Ἦ
1271 2506 1347 2579 μὴ
1380 2509 1440 2562 τὸ
1476 2510 1652 2580 στόμα
1682 2509 1775 2563 καὶ
1809 2509 1933 2564 ὅλον

346 2590 409 2648 τὸ
440 2592 600 2664 σῶμα
632 2594 893 2668 ποτῆριον
943 2597 1089 2669 ἱερὸν
1137 2600 1431 2672 δεχόμενον
1472 2604 1534 2657 τὸ
1562 2602 1658 2657 τοῦ
1692 2603 1932 2674 Χριστοῦ

351 2684 512 2754 σῶμα
539 2689 632 2741 καὶ
658 2683 821 2759 αἷμα,
851 2690 1033 2761 πολλῷ
1057 2694 1386 2767 τιμιώτερον
1415 2696 1524 2751 τῶν
1551 2695 1776 2766 ἀψύχων
1807 2696 1934 2751 τού-

348 2791 460 2830 των
509 2775 745 2834 λαϐίδων
789 2783 885 2836 καὶ
920 2785 1231 2856 ποτηρίων;
1259 2786 1368 2858 ὅσῳ
1390 2787 1450 2842 τὸ
1472 2787 1604 2842 αὐτὸ
1620 2788 1713 2843 καὶ
1744 2787 1937 2852 σκεῦος

350 2869 443 2921 καὶ
476 2867 640 2938 μέλος
682 2873 746 2926 ὲκ
803 2875 1004 2946 μέρους
1034 2878 1129 2932 τοῦ
1160 2879 1568 2951 ὑποδεχομένου
1604 2882 1697 2935 καὶ
1731 2883 1939 2936 Δεσπο-

348 2960 507 3014 τικοῦ
563 2962 819 3034 σώματος
853 2966 1101 3038 γίνεται;
1140 2970 1277 3026 Εἰπέ
1325 2989 1419 3044 μοι
1458 2968 1554 3028 οὗν
1586 2971 1725 3045 πρὸς
1763 2973 1932 3028 Θεοῦ·

349 3051 418 3107 Et
440 3071 525 3119 τις
549 3058 619 3109 τὰ
650 3057 772 3128 ἱερὰ
792 3059 963 3114 ταῦτα
993 3060 1088 3116 καὶ
1117 3061 1249 3131 ἆγια
1275 3064 1468 3133 σκεύη,
1493 3064 1591 3135 τὴν
1617 3064 1770 3120 θείαν
1791 3065 1938 3135 λέγω

350 3140 542 3200 λαὸίδα
576 3148 672 3202 καὶ
700 3148 762 3202 τὸ
784 3152 1046 3223 ποτήριον
1073 3154 1325 3227 τολμηρᾷ
1354 3155 1552 3230 γνώμῃ
1587 3156 1817 3226 μολύναι
1842 3158 1939 3212 καὶ

350 3234 555 3291 ὁπσοῦν
586 3241 995 3311 ἐπιχειρήσειεν
1023 3244 1339 3316 ἁκάθαρτόν
1353 3265 1403 3300 τι
1422 3247 1517 3300 καὶ
1543 3247 1941 3319 μιαρδναύτοῖς

350 3328 632 3399 ἔμϐαλὼν,
662 3333 763 3386 οὐκ
793 3333 1154 3401 ἂν,ἀσε6είας
1183 3339 1280 3391 καὶ
1311 3339 1412 3407 τῆς
1435 3338 1673 3410 ἐσχάτης
1703 3356 1940 3410 παρανο-

355 3421 486 3491 μίας
509 3422 673 3477 αύτὸν
706 3426 1094 3498 ὲγραψάμεθα,
1130 3429 1226 3482 καὶ
1257 3429 1469 3498 μυρίων
1499 3431 1748 3486 θανάτων
1783 3432 1938 3503 ἐκρί-

353 3530 525 3585 ναμεν
596 3515 771 3582 ἄξιον,
805 3519 1092 3590 τολμηρῶς
1153 3520 1249 3573 καὶ
1308 3518 1487 3584 ἀθέως
1543 3521 1614 3575 τὰ
1671 3520 1942 3592 ίερώτατα

328 3606 809 3678 νκαθυὸρίσαντας
854 3610 912 3664 Ὀ
946 3612 1005 3664 τὸ
1036 3611 1318 3666 θειότατον
1358 3612 1467 3679 ἄρα
1502 3613 1605 3685 τὴς
1639 3614 1943 3687 ἱερωσύνης

353 3698 575 3765 σκεῦος,
632 3701 695 3754 τὸ
747 3701 826 3772 τῷ
876 3701 1005 3775 θείῳ
1064 3689 1490 3778 κεχρυσωμένον
1550 3707 1943 3778 Πνεύματι,τὸ

353 3790 538 3857 πολλῷ
564 3792 675 3846 τῶν
702 3793 926 3865 ἀψύχων
945 3796 1110 3863 ἱερῶν
1149 3796 1227 3861 ὡς
1255 3797 1475 3870 εἴρηται
1503 3798 1828 3871 τιμιώτερον
1865 3799 1943 3867 ὡς

352 3884 449 3936 καὶ
487 3878 745 3955 Χριστοῦ
790 3887 974 3955 μέλος,
1007 3890 1388 3959 καταμιαίνων
1420 3891 1718 3962 μολυσμοῖς
1749 3892 1941 3946 ἄλλοτε

355 3974 558 4044 ἄλλοις,
598 3978 771 4049 πόσης
805 3979 871 4033 ἂν
901 3981 987 4048 εἴη
1016 3982 1298 4047 κολάσεως
1328 3982 1512 4050 ἄξιος;
1557 3983 1668 4041 Καί
1701 4000 1785 4037 τοι
1817 3992 1882 4052 γε
1913 3986 1942 4037 ὁ

357 4065 502 4132 θεῖος
530 4069 835 4136 ἀπόστολος
863 4072 1077 4136 Παῦλος
1101 4074 1163 4127 οὐ
1200 4073 1363 4145 μόνον
1405 4074 1538 4147 περὶ
1568 4074 1678 4128 τῶν
1721 4074 1938 4145 ἱερέων,

356 4160 494 4215 ἀλλὰ
520 4165 649 4231 περὶ
676 4152 1116 4230 πάντωνὰπλῶς
1151 4166 1368 4221 πιστῶν
1411 4166 1651 4222 τοιαῦτα
1686 4167 1942 4238 φοϐερῶς

356 4254 610 4307 ἀπειλεῖ*
659 4256 782 4310 Οὐκ
836 4256 1039 4312 οἴδατε
1072 4259 1203 4328 γὰρ,
1252 4257 1444 4330 φησιν,
1502 4259 1593 4312 ὅτι
1642 4257 1790 4324 ναὸς
1832 4257 1941 4312 τοῦ

360 4345 510 4399 Θεοῦ
559 4347 726 4413 ἐστε,
784 4348 887 4402 καὶ
927 4348 995 4402 τὸ
1029 4351 1273 4420 Πνεῦμα
1318 4349 1426 4404 τοῦ
1474 4348 1625 4404 Θεοῦ
1671 4348 1831 4403 οίκεῖ
1872 4349 1943 4403 ἐν

356 4437 544 4505 ivpir;
582 4438 655 4491 Et
685 4455 776 4506 τις
798 4439 906 4495 τὸν
932 4440 1083 4499 ναὸν
1117 4442 1226 4498 τοῦ
1262 4442 1412 4497 Θεοῦ
1443 4443 1694 4511 φθείρει,
1740 4442 1951 4511 φθερεῖ

357 4531 579 4587 τοῦτον
609 4535 644 4587 ό
670 4535 835 4601 Θεός.
1362 4590 1369 4595 .

432 4622 487 4676 θ.
503 4624 602 4678 Διὰ
616 4624 774 4678 τοῦτο
786 4626 885 4689 τὰς
902 4627 1002 4696 μὲν
1019 4628 1302 4700 ἱερατικὰς
1321 4631 1531 4700 χεῖρας,
1552 4631 1703 4695 θείας
1720 4631 1943 4695 λαὸίδας

2033 2234 2264 2305 quisque
2290 2247 2407 2296 vas,
2438 2240 2495 2285 nt
2522 2231 2597 2284 ait
2629 2230 2825 2285 beatus
2856 2228 3078 2295 Paulus,
3105 2230 3157 2283 in
3190 2231 3620 2288 sanctificatione

2034 2327 2251 2384 studeat
2286 2334 2634 2389 conservare,
2664 2324 2774 2378 imo
2807 2324 2986 2393 potius
3024 2322 3117 2376 Dei
3156 2338 3250 2380 vas
3278 2324 3348 2377 ⁸⁸.
3382 2324 3464 2379 An
3490 2340 3620 2381 vero

2035 2420 2338 2478 sacerdotis
2363 2432 2559 2473 manus
2584 2432 2690 2472 non
2718 2427 2974 2472 estsarer
3004 2416 3224 2486 quidam
3267 2416 3481 2487 forceps
3511 2417 3621 2474 Do-

2034 2515 2296 2570 minicnm
2316 2527 2514 2582 corpus
2534 2510 2885 2581 pertingens?
2909 2508 3098 2565 Nonne
3124 2525 3188 2566 os
3225 2520 3283 2567 et
3306 2518 3478 2565 totum
3503 2525 3621 2567 cor-

2036 2623 2141 2678 pus
2168 2615 2249 2664 est
2271 2606 2491 2675 quidam
2515 2619 2670 2661 sacer
2691 2604 2854 2670 calix,
2882 2603 3173 2659 continens
3197 2602 3398 2660 Christi
3421 2618 3622 2674 corpus

2036 2708 2090 2752 et
2112 2698 2455 2769 sanguinem,
2485 2696 2659 2751 multo
2681 2693 3056 2751 houorahilius
3077 2693 3210 2763 ipsis
3233 2693 3487 2750 inanimis
3506 2694 3624 2750 for-

2038 2789 2251 2861 cipibus
2285 2799 2341 2845 et
2371 2787 2609 2858 poculis,
2638 2803 2759 2842 cum
2801 2787 2941 2842 idem
2980 2794 3036 2841 et
3064 2794 3182 2854 vas;
3219 2794 3276 2842 et
3316 2786 3619 2842 membrum

2040 2883 2218 2952 aliqua
2248 2897 2314 2938 ex
2346 2893 2498 2953 parte
2524 2879 2760 2950 suscepti
2801 2879 3065 2935 Dominici
3095 2880 3342 2950 corporis
3369 2879 3499 2935 ﬂat?
3527 2876 3624 2936 Dic

2039 2990 2170 3047 ergo
2200 2974 2330 3030 mihi
2368 2990 2463 3044 per
2485 2972 2651 3028 Deum
2672 3014 2687 3039 ,
2717 2971 2762 3028 si
2782 2971 2915 3042 quis
2944 2981 3296 3027 sacrosancta
3329 2971 3445 3027 haec
3468 2985 3624 3038 vasa,

2040 3058 2305 3133 divinum,
2336 3066 2585 3136 inquam,
2620 3065 2884 3133 forcipem
2919 3064 3035 3135 (42)
3101 3074 3156 3122 et
3182 3064 3408 3120 calicem
3431 3065 3623 3120 audaci

2000 3202 2007 3207 ι
2041 3161 2225 3216 animo
2279 3160 2711 3230 coinquinasset,
2755 3165 2810 3212 et
2860 3156 3131 3226 impuram
3168 3172 3282 3211 rem
3307 3156 3622 3227 quampiam

2044 3261 2210 3321 atque
2264 3251 2595 3303 immundam
2633 3261 2799 3302 ausus
2833 3246 3030 3302 fuisset
3073 3246 3127 3300 in
3169 3246 3257 3301 illa
3310 3246 3620 3313 infundere,

2043 3356 2222 3397 nonne
2254 3340 2399 3395 hunc
2428 3338 2722 3407 impietatis
2759 3337 3100 3407 extremique
3140 3337 3363 3394 sceleris
3397 3351 3625 3392 accusa-

2048 3450 2264 3499 remus,
2314 3433 2650 3503 dignumque
2679 3430 3072 3501 iudicaremus,
3104 3431 3193 3499 qui
3236 3430 3381 3484 mille
3427 3429 3624 3485 morti-

2045 3528 2149 3583 bus
2180 3526 2353 3581 lueret
2402 3539 2591 3595 poenas
2615 3524 2761 3594 quod
2791 3523 3093 3579 insolenter
3123 3532 3177 3578 et.
3217 3522 3383 3592 impie
3423 3537 3509 3577 res
3535 3537 3624 3576 sa-

2047 3619 2382 3674 cratissimas
2415 3616 2709 3673 violasset?
2760 3616 2863 3683 Qui
2899 3631 3028 3686 ergo
3080 3616 3491 3673 sanctissimum
3536 3628 3622 3668 sa-

2045 3709 2273 3765 cerdotii
2314 3722 2428 3775 vas,
2470 3706 2613 3778 quod
2644 3715 2728 3763 est
2787 3718 2980 3762 sancto
3014 3706 3222 3776 Spiritu
3276 3706 3623 3770 deauratum,

2044 3801 2301 3871 quodque
2346 3800 2516 3854 multo
2546 3808 2630 3855 est
2661 3797 3061 3862 honorabilius,
3094 3798 3174 3852 uti
3221 3782 3481 3862 diximus,
3509 3799 3626 3852 ina-

2045 3892 2211 3947 nimis
2250 3891 2454 3953 sacris,
2476 3891 2678 3961 quippe
2715 3890 2861 3960 quod
2912 3901 2999 3945 est
3054 3889 3258 3945 Christi
3297 3890 3623 3951 membrum,

2043 3984 2210 4040 variis
2249 3985 2473 4039 maculis
2512 3983 2877 4039 dit'ersimode
2910 3983 3182 4052 inquinat,
3213 3997 3321 4051 quo
3357 3982 3627 4051 supplicio

2036 4062 2240 4144 dignus
2283 4073 2424 4128 erit?
2466 4072 2636 4142 Atqui
2679 4083 2832 4128 certe
2881 4074 3070 4127 beatus
3103 4072 3380 4141 apostolus
3426 4070 3624 4125 Paulus

2044 4181 2154 4220 non
2181 4164 2358 4220 solum
2387 4164 2786 4229 sacerdmihns,
2823 4165 2915 4218 sed
2948 4163 3001 4216 in
3033 4162 3342 4217 universum
3372 4162 3627 4216 omnibus

2046 4256 2321 4322 fidelibus,
2354 4256 2469 4311 hate
2514 4256 2702 4310 eadem
2735 4254 3158 4309 formidabiliter
3193 4254 3581 4309 intermittatur
3609 4272 3624 4310 :

2046 4348 2280 4404 Nescitis
2310 4349 2474 4411 enim,
2507 4347 2606 4413 ait,
2634 4347 2774 4418 quod
2816 4346 2916 4400 Dei
2957 4346 3209 4416 templum
3255 4348 3404 4412 estis,
3431 4358 3478 4400 et
3509 4346 3630 4416 Spi-

2046 4442 2181 4497 ritus
2217 4440 2314 4496 Dei
2341 4440 2546 4494 habitat
2573 4439 2631 4493 in
2662 4438 2840 4494 t-obis?
2867 4437 2927 4495 Si
2952 4439 3070 4508 quis
3102 4439 3355 4509 tentplum
3378 4438 3476 4494 Dei
3503 4457 3628 4495 cor-

2046 4535 2260 4600 rumpit,
2286 4540 2580 4604 corrumpet
2602 4533 2740 4586 hunc
2761 4530 2901 4586 Deus
2925 4532 2991 4585 ‘9.

2119 4626 2176 4683 9.
2218 4624 2346 4680 ldeo
2395 4624 2761 4679 sacerdotales
2806 4639 3019 4691 manus,
3050 4639 3169 4690 quae
3210 4625 3354 4679 sacri
3394 4624 3629 4692 forcipes

359 4715 421 4769 οῦ
433 4734 550 4782 σας,
568 4717 643 4781 ὡς
664 4717 902 4787 εἴρηται,
927 4720 1030 4789 χρὴ
1051 4719 1378 4791 καθαρεύειν
1400 4721 1580 4792 πάσης
1600 4722 1698 4790 μὲν
1710 4722 1938 4790 κλοπῆς,

2047 4726 2199 4781 sunt,
2235 4727 2293 4771 ttt
2325 4717 2527 4771 dictum
2562 4728 2664 4783 est,
2700 4726 2917 4786 oportet
2970 4730 3133 4785 puras
3188 4730 3309 4770 esse
3360 4716 3428 4769 ab
3478 4717 3626 4769 omni

362 4810 546 4880 πάσης
573 4810 618 4862 δ’
650 4811 910 4881 ἁρπαγῆς
951 4812 1048 4864 καὶ
1094 4812 1415 4880 πλεονεξίας
1440 4827 1455 4841 ·
1497 4814 1633 4884 μηδὲ
1683 4814 1762 4884 τῷ
1788 4813 1938 4884 θυμῷ

2049 4810 2216 4873 furto,
2248 4809 2315 4863 ab
2354 4808 2500 4862 omni
2552 4810 2741 4878 rapina
2809 4809 3163 4876 improhaque
3208 4806 3501 4875 cupiditate
3532 4805 3629 4860 bo-

318 4901 392 4972 ’ἦ
426 4904 495 4974 τῇ
527 4902 804 4975 ἐπιθυμίᾳ
853 4902 1395 4973 ἑξυπηρετουμένας,
1448 4905 1637 4969 κακῶς
1675 4904 1938 4960 ἅπτεσθαι

2054 4917 2246 4957 norum
2275 4901 2600 4969 alienorum,
2637 4918 2812 4970 neque
2854 4902 3214 4956 inservieutes
3248 4899 3365 4964 irae,
3400 4906 3494 4952 aut.
3534 4900 3629 4953 tle-

468 5109 489 5141 ’
515 5107 707 5166 Matth.
739 5127 794 5177 v,
839 5109 932 5166 20.
1007 5110 1100 5165 ⁸⁸1
1135 5108 1333 5167 Thess.
1365 5128 1437 5177 tv,
1462 5112 1517 5167 4.
1600 5107 1846 5164 "lCor.
1868 5122 1952 5175 tu,
1986 5106 2074 5162 16.

459 5318 551 5391 42)
583 5317 886 5388 Foreipem.
925 5318 1168 5376 Utuntur
1207 5320 1381 5376 Graeci
1426 5320 1786 5391 instrumento
1814 5331 1949 5391 quo-

2043 5327 2253 5374 stomns
2287 5320 2486 5389 λογχὴν
2518 5318 2812 5374 lanceolam
2843 5333 3040 5374 Vocare
3085 5318 3323 5385 videtur,
3371 5320 3414 5373 si
3466 5321 3625 5374 modo

362 5392 487 5446 dam
516 5389 628 5445 tum
649 5392 716 5445 ad
737 5391 1102 5445 extraltendas
1126 5405 1158 5445 e
1173 5392 1341 5445 calice
1372 5390 1615 5459 corporis
1633 5389 1947 5459 particulas,

2048 5390 2116 5444 de
2153 5390 2560 5460 hoeintelligit,
2587 5399 2640 5443 et
2668 5404 2772 5443 non
2801 5389 2868 5460 de
2894 5390 3003 5453 illa,
3024 5405 3128 5460 qua
3155 5400 3280 5446 ante
3299 5389 3625 5446 sacriﬁcium

366 5473 482 5513 tum
512 5461 581 5515 ad
612 5461 1127 5531 subministrandam
1151 5457 1551 5531 Encharistiam
1586 5457 1805 5528 populo,
1841 5460 1945 5531 sub
2051 5461 2210 5528 punis
2240 5458 2602 5531 fermentatus
2637 5460 2687 5512 in
2719 5459 3017 5531 particulas
3041 5457 3248 5531 postea
3298 5472 3627 5531 consecran-

363 5540 596 5598 utraque
612 5529 797 5598 specie
825 5531 1277 5597 communicanti;
1314 5531 1458 5585 illius
1480 5527 1650 5584 forma
1675 5535 1759 5582 est
1789 5529 1853 5581 ad
1877 5529 1944 5582 li-
2041 5527 2138 5584 das
2172 5530 2458 5595 scinditur,
2505 5543 2625 5597 qua:
2665 5543 2806 5584 nunc
2851 5527 3080 5586 formam
3112 5532 3271 5586 habet
3296 5527 3497 5598 .cultri,
3537 5528 3655 5582 ﬁt»

363 5597 952 5670 gulm'similitudinem,
984 5600 1056 5654 ita
1080 5609 1140 5655 ut
1160 5600 1445 5656 intinctum
1463 5599 1945 5670 sanguinecorpus
2046 5614 2151 5670 que
2206 5601 2308 5654 hoc
2338 5599 2388 5652 in
2416 5599 2635 5670 parvula
2665 5599 2897 5670 quadam
2931 5617 3139 5666 mensa,
3177 5615 3339 5670 quam
3376 5597 3473 5670 Ipsi
3504 5612 3627 5670 pro-

365 5666 559 5738 Eapere
579 5677 637 5723 et
667 5668 901 5740 retinere
925 5670 1113 5738 possit,
1133 5681 1434 5740 vocantquo
1462 5670 1534 5723 illi
1561 5666 1705 5723 nunc
1728 5666 1941 5740 λαϐίδα,
2038 5666 2239 5740 thesin
2272 5666 2532 5740 vocarit._
2559 5666 2728 5725 Verba
2792 5666 3207 5739 Chrysostomi,'
3235 5670 3286 5722 in
3342 5666 3629 5740 principio

365 5735 495 5793 ut'et
512 5746 723 5810 noster:
753 5735 880 5810 Quae
902 5735 1117 5807 quidem
1140 5756 1242 5795 vox
1263 5735 1396 5794 "ora
1412 5740 1641 5810 videtur,
1667 5752 1774 5810 non
1797 5739 1938 5792 enim
2039 5738 2296 5808 Liturgiae
2316 5747 2461 5804 sunt,
2485 5737 2556 5792 Et
2580 5740 2817 5795 incidens
2846 5735 3085 5794 lanceam
3112 5735 3441 5810 signaculum
3465 5735 3625 5807 panis

368 5810 421 5865 iu
438 5809 677 5879 antiquis
692 5805 941 5865 Patribus
959 5825 1076 5866 eant
1090 5810 1315 5881 reperiri
1333 5809 1677 5866 crediderim.
1702 5809 1936 5879 Cltryso-
2055 5810 2109 5867 ist
2126 5805 2355 5877 quatuor
2370 5819 2545 5876 partes
2574 5810 2865 5876 inﬁquram
2892 5812 3083 5865 crucis.
