4142 6294
504 348 611 411 343

1524 348 2019 410 ΤιΙΕΟΡΗΑΝις
2059 347 2404 409 EPISCOPI
2446 349 2732 412 NICENI

3658 337 3764 405 3M

506 465 708 520 siderio
742 466 885 521 male
912 467 1166 537 tangendi
1198 482 1412 532 carnes,
1439 481 1577 536 quas
1605 464 1760 521 nefas
1787 474 1889 531 est,
1915 465 1966 519 id
1995 473 2077 517 est

2186 465 2399 538 σαρκῶν
2450 462 2526 521 ῶν
2574 470 2636 520 οὐ
2679 467 2858 535 θέμις,
2909 461 3156 516 τουτέστι
3191 460 3331 531 μήτε
3362 458 3575 529 δημίων
3605 458 3765 529 δίκην

510 556 762 610 manibus
790 556 1053 612 adversus
1080 556 1280 613 fratres
1317 566 1570 626 tanquam
1608 555 1892 610 lictoribus
1924 563 2080 608 uten-

508 648 589 713 di,
642 647 752 701 imo
791 649 990 716 petius,
1035 658 1093 703 ut
1128 648 1456 704 habentibus
1485 662 1514 700 a
1550 647 1658 701 Deo
1712 645 2080 700 medicinalem

507 737 737 804 gratiam
777 738 829 791 in
867 737 1130 793 medelam
1161 739 1489 792 animarum.
1517 736 1622 792 Sed
1656 750 1754 790 nec
1778 737 1933 790 decet
1960 734 2080 789 libi-

505 826 708 879 dinosre
736 826 1030 896 voluptatis
1061 840 1223 880 causa
1254 826 1548 881 extendere
1580 840 1674 880 eas
1704 825 1754 879 in
1789 838 2080 879 exsecran-

506 919 631 972 dum
663 926 863 973 taetum
887 936 903 985 ;
926 934 1041 984 eas,
1065 920 1451 987 iuquam,qum
1475 928 1703 973 mortem
1734 918 1943 972 Domini
1989 931 2083 985 per

507 1005 851 1088 formidabile
904 1008 1005 1061 boc
1036 1016 1090 1061 et
1113 1007 1477 1062 inenarrabile
1505 1007 1831 1062 sacriﬁcium
1867 1022 2078 1061 annun-

508 1098 669 1159 tiant,
699 1107 862 1165 atque
890 1097 1009 1150 ideo
1042 1108 1268 1154 mortua:
1297 1099 1707 1170 immobilesque
1738 1114 1858 1154 esse
1885 1099 2078 1152 debent

505 1187 572 1242 ad
608 1203 824 1243 omnem
872 1189 1163 1245 obscenam
1210 1192 1564 1262 voluptatem,
1615 1203 1810 1246 contra
1853 1206 1982 1246 vero
2011 1191 2078 1244 ad

504 1298 665 1338 omne
695 1297 828 1355 Opus
862 1288 1062 1340 bonum
1091 1297 1354 1356 prompta:
1383 1303 1445 1343 ac
1473 1298 1694 1357 paratae.
1724 1286 2078 1342 Sacerdotem

506 1376 691 1442 itaque
729 1376 821 1443 qui
882 1391 981 1447 pro
1016 1378 1257 1448 peccatis
1307 1380 1423 1435 suis
1473 1391 1525 1433 ct
1573 1378 1753 1448 populi
1802 1377 2081 1432 erroribus

505 1463 795 1532 (mediator
821 1469 965 1522 enim
1012 1480 1096 1524 est
1128 1470 1221 1525 Dei
1268 1479 1323 1525 et
1376 1471 1679 1540 hominum)
1735 1471 2077 1540 deprecatur,

507 1556 697 1612 tollere
725 1558 926 1630 ubique
957 1576 1051 1616 eas
1079 1564 1146 1616 ad
1192 1563 1362 1617 Deum
1390 1574 1604 1631 oportet
1629 1563 1973 1628 innocentes,
2011 1561 2079 1616 ab

506 1652 582 1702 ira
619 1662 674 1704 et
704 1652 1185 1722 disceptationibus
1225 1670 1457 1720 vacuas,
1500 1670 1627 1725 erga
1670 1655 1917 1710 homines
1950 1668 2079 1707 vero

509 1742 631 1797 illas
674 1745 992 1813 extendere,
1044 1747 1112 1802 ad
1164 1746 1392 1803 aﬂlietos
1432 1748 1648 1818 quidem
1685 1748 1976 1818 jutandos,
2013 1746 2078 1801 ad

2190 557 2428 631 χρῆσθαι
2450 557 2678 618 ταύταις
2701 555 2843 610 κατά
2863 554 2971 609 τῶν
2987 552 3255 623 ἀδελφῶν,
3283 549 3534 622 ἰατρικὴν
3561 551 3762 620 μᾶλλον

2188 649 2351 719 χάριν
2386 648 2642 717 ἐχούσαις
2691 646 2843 717 παρὰ
2881 644 3018 698 Θεοῦ
3070 645 3151 706 είς
3204 640 3506 712 θεραπείαν
3551 640 3759 711 ψυχῶν,

2190 740 2331 810 μήτε
2385 739 2455 793 δι’
2508 739 2704 809 ἡδονὴν
2741 736 3048 791 ἀκόλαστον
3102 734 3367 788 ἐκτείνειν
3427 731 3631 795 ταύτας
3680 733 3763 795 είς

2191 832 2336 903 ἁφὴν
2362 833 2757 901 ἀποτρόπαιον,
2788 828 2883 883 τοῦ
2916 816 3121 899 Κυρίου
3153 829 3246 880 τὸν
3283 826 3517 880 θάνατον
3562 826 3764 893 ἀγγελ-

2187 924 2386 986 λούσας
2405 923 2495 979 διά
2511 924 2610 991 τῆς
2629 923 2865 993 φρικτῆς
2880 921 2975 974 καὶ
2992 919 3390 989 ἀνεκδιηγήτου
3411 917 3728 986 ἱερουργίας
3745 932 3760 947 ·

2187 1018 2281 1069 καὶ
2317 1015 2408 1070 διὰ
2454 1014 2614 1067 τοῦτο
2679 1011 2881 1084 νεκρὰς
2935 1013 3031 1065 καὶ
3074 1009 3278 1072 ταύτας
3330 1008 3427 1061 καὶ
3467 1007 3765 1075 ἀκινήτους

2186 1105 2510 1173 ὀφειλούσας
2559 1105 2832 1174 ὑπάρχειν
2877 1101 3016 1173 πρὸς
3047 1101 3229 1153 πᾶσαν
3277 1097 3511 1169 αἰσχρὰν
3545 1097 3763 1170 ἡδονὴν,

2186 1195 2324 1250 ἀλλά
2354 1196 2491 1266 πρὸς
2514 1196 2695 1249 πᾶσαν
2724 1191 2938 1264 ἀγαθὴν
2963 1191 3228 1264 ἐργασίαν
3250 1228 3266 1254 ,
3304 1190 3509 1259 μᾶλλον
3540 1187 3765 1260 πρόχειιι

2190 1305 2284 1358 ρον
2346 1288 2617 1359 ὑπάρχειν
2660 1286 2755 1340 καὶ
2795 1283 3116 1356 πρόθυμον·
3152 1283 3248 1337 καὶ
3297 1281 3387 1335 διὰ
3429 1279 3589 1333 τοῦτο
3625 1280 3768 1349 πρὸς

2187 1381 2317 1434 Θεὸν
2352 1380 2453 1446 μὲν
2483 1380 2661 1447 αἴρειν
2694 1375 2899 1439 ταύτας
2925 1375 3081 1439 ὁσίας
3115 1375 3172 1426 ἐν
3206 1373 3372 1425 παντὶ
3406 1370 3556 1439 τόπῳ
3590 1369 3761 1439 χωρὶς

2185 1473 2356 1545 ὀργῆς
2381 1473 2477 1526 καὶ
2502 1468 2875 1538 διαλογισμῶν
2899 1467 3192 1539 εὐχόμενον
3221 1464 3362 1536 ὑπέρ
3383 1479 3444 1516 τε
3469 1463 3578 1516 τῶν
3613 1460 3760 1515 ἰδίων

2188 1565 2608 1638 ἁμαρτημάτων
2673 1563 2769 1615 καὶ
2835 1560 2943 1614 τῶν
2995 1557 3091 1612 τοῦ
3156 1557 3288 1612 λαοῦ
3351 1554 3717 1624 ἀγνοημάτων
3744 1565 3762 1581 ⁸

2194 1659 2423 1730 μεσίτης
2450 1657 2560 1727 γὰρ
2584 1655 2719 1709 Θεοῦ
2744 1653 2838 1708 καὶ
2866 1651 2965 1707 ἀνθ
2978 1651 3176 1720 ρώπων
3222 1648 3534 1715 καθέστηκε
3560 1663 3574 1678 ·
3624 1645 3767 1718 πρὸς

2283 1718 2417 1810 τοὺς
2457 1718 2779 1817 ἀνθρώπους
2850 1718 3117 1796 ἐκτείνειν
3168 1742 3250 1803 είς
3347 1737 3609 1809 βοήθειαν
3665 1736 3766 1807 μὲν

505 1844 738 1903 aegrotos
788 1837 1064 1902 visendos,
1120 1839 1189 1891 ad
1243 1839 1606 1895 sublevandos
1657 1845 1901 1907 egentes.
1959 1834 2084 1892 Haec

2188 1835 2706 1905 καταπονουμένων,
2731 1832 3024 1902 ἐπίσκεψιν
3058 1832 3117 1886 δὲ
3147 1829 3548 1893 ἀσθενούντων,
3592 1829 3767 1899 μετά-

505 1927 650 1979 enim
687 1927 1054 1981 sacerdotales
1089 1943 1284 1984 manus
1334 1930 1507 1985 multo
1554 1930 1748 1984 melius
1775 1944 2080 2000 expurgare

503 2018 702 2083 solent,
735 2033 895 2088 quam
945 2019 1166 2090 hyssopi
1201 2036 1410 2077 omnes.
1447 2019 1514 2075 Et
1561 2021 1727 2075 illotis
1773 2030 1922 2077 certe
1982 2021 2082 2073 im-

504 2111 832 2181 mnndisque
881 2113 1133 2168 manibus
1166 2112 1346 2169 nullus
1379 2128 1615 2179 unquam
1646 2121 1899 2169 sacerdos
1923 2126 2080 2167 sacra

506 2202 764 2272 mysteria
822 2205 1089 2274 attingere
1145 2205 1368 2269 audeat,
1424 2204 1525 2260 nisi
1577 2204 1725 2274 prius
1777 2218 1916 2273 aqua
1947 2204 2083 2257 bene

416 2284 421 2295 ’
506 2291 624 2347 illas
677 2296 940 2349 terserit:
976 2311 1160 2352 nonne
1225 2296 1392 2366 igitur
1428 2296 1549 2351 illas
1600 2295 1872 2364 prredietis
1924 2294 2082 2349 bonis

503 2385 746 2452 studiose
768 2388 1065 2443 emundare
1097 2387 1267 2443 multo
1303 2389 1474 2458 magis
1501 2388 1747 2457 Oportet?
1782 2385 1906 2442 Haec
1936 2387 2079 2441 enim

506 2490 613 2531 non
672 2478 860 2533 carnis
919 2479 1111 2534 sordes
1168 2487 1263 2534 aut
1320 2479 1663 2547 superﬁciem
1720 2477 1837 2547 ejus
1874 2487 2081 2532 tantum

503 2570 823 2636 emundant,
866 2572 961 2626 sed
1016 2570 1203 2625 intima
1237 2569 1433 2624 animae
1470 2570 1596 2624 nire
1626 2569 1937 2625 candidiora
1968 2570 2084 2624 elli-

503 2663 678 2720 ciunt.
711 2660 887 2715 Hosce
912 2661 1079 2730 igitur
1107 2660 1378 2715 animatos
1420 2668 1473 2715 et
1526 2659 1889 2714 sacerdotales
1919 2659 2083 2714 forci-

504 2767 616 2821 pes,
651 2765 684 2806 o
711 2751 918 2818 dilecti,
980 2764 1215 2821 purgare
1244 2764 1378 2821 opus
1412 2757 1517 2816 est,
1550 2758 1713 2818 atque
1741 2749 1817 2804 ita
1862 2749 2079 2804 demum

505 2844 680 2901 sacris
737 2843 1018 2914 mysteriis
1077 2843 1387 2897 admovere.
1448 2842 1505 2896 Si
1554 2841 1699 2896 enim
1733 2840 1844 2896 Oza
1889 2841 1980 2895 ille
2012 2841 2079 2907 σθ,

498 2949 629 2993 .cum
661 2934 928 3004 tetigisset
965 2932 1132 3004 (quod
1168 2947 1274 2988 non
1308 2933 1528 2998 licebat)
1561 2920 1770 2999 arcam:
1814 2946 1933 3002 quae
1966 2946 2084 2986 um-

508 3025 605 3082 bra
645 3035 856 3081 tantum
895 3036 950 3081 et
996 3026 1167 3096 ﬁgura
1193 3033 1333 3089 erat,
1356 3025 1535 3095 periit,
1572 3034 1769 3079 manta
1817 3023 1928 3095 (45)
1960 3037 2081 3078 cum

505 3117 812 3174 reverentia
838 3126 895 3172 et
931 3119 1126 3174 timore
1182 3128 1344 3187 atque
1373 3117 1706 3173 demissione
1732 3116 1896 3171 animi
1929 3129 2084 3170 aece.

506 3212 637 3266 dere
666 3219 882 3281 oportet
925 3210 989 3265 ad
1045 3210 1374 3280 exemplaria
1406 3224 1470 3266 ac
1498 3209 1743 3265 caelestia
1771 3218 1825 3263 et
1856 3206 1961 3262 illis
1984 3221 2081 3275 ap-
2110 3181 2154 3241 (ἶ

507 3301 912 3373 propinquare?
946 3301 1085 3367 Quid
1119 3316 1283 3371 porro
1314 3301 1454 3358 calix
1484 3302 1573 3372 qui
1612 3301 1853 3357 divinum
1880 3314 2082 3369 comns

506 3405 563 3450 et
592 3395 909 3466 sanguinem
932 3396 1135 3466 excipit
1164 3393 1494 3460 Salvatoris;
1522 3408 1606 3456 os,
1634 3394 1877 3463 inquam,
1901 3406 2084 3446 sacer-

507 3487 675 3552 d0tis,
720 3502 827 3557 qua
888 3488 1105 3543 tandem
1157 3487 1369 3542 ratione
1421 3486 1749 3556 expiandum
1799 3485 1920 3539 est?
1976 3483 2082 3538 Sed

510 3590 690 3646 operae
739 3576 973 3645 pretium
1003 3575 1107 3631 erit
1138 3585 1194 3630 et
1243 3590 1306 3631 ea
1340 3589 1460 3645 qua:
1492 3574 1760 3641 inliciunt,
1788 3583 1844 3629 et
1889 3586 2084 3629 rursus

512 3683 631 3737 quae
662 3682 893 3739 purgare
921 3674 1170 3736 possunt,
1226 3666 1280 3721 in
1313 3666 1548 3722 medium
1598 3664 1863 3737 proferre,
1914 3678 2085 3733 eaque

510 3757 763 3813 omnibus
814 3755 1145 3826 patefacere,
1194 3765 1255 3811 ut
1295 3756 1361 3812 ab
1389 3755 1496 3811 illis
1527 3757 1673 3812 omni
1707 3754 1888 3811 studio
1915 3754 2085 3809 absti-

511 3850 771 3914 nendum,
824 3847 939 3902 haec
969 3861 1098 3903 vero
1126 3846 1383 3902 alacriter
1414 3856 1581 3918 atque
1617 3847 1774 3903 avide
1817 3845 2084 3914 arripien-

511 3944 579 3997 da
612 3954 735 3997 esse
769 3953 1103 3995 maneamus.
1138 3936 1479 3994 lmmunditia
1516 3953 1646 4008 ergo
1675 3938 1788 3993 oris
1820 3945 1909 3993 est
1937 3936 2084 3992 blas-

506 4033 747 4104 phemia,
800 4038 858 4087 et
909 4029 1111 4101 ingrati
1163 4029 1332 4085 animi
1384 4030 1547 4087 verba
1597 4032 1652 4086 in
1690 4030 1857 4085 Deum
1914 4029 2082 4099 impie

513 4127 717 4196 prolata
746 4140 812 4181 ex
840 4125 1001 4180 nimia
1029 4124 1253 4195 perﬁdia
1284 4132 1339 4181 et
1362 4125 1414 4179 in
1445 4124 1836 4181 tentationibus
1862 4123 2085 4195 pusilla-

509 4220 790 4285 nimitate;
844 4217 1223 4288 jusjurandum
1258 4217 1445 4283 etiam,
1472 4227 1523 4271 et
1554 4216 1725 4271 multo
1754 4217 1925 4286 magis
1957 4230 2084 4285 per-

504 4302 734 4377 jurium,
754 4306 900 4376 quod
929 4304 1219 4361 maniiesta
1246 4317 1328 4361 est
1358 4305 1452 4360 Dei
1485 4307 1794 4377 abnegatio.
1819 4305 2084 4362 Similiter

511 4399 852 4454 mendacium
899 4396 1169 4468 pessimus
1200 4397 1396 4452 diaboli
1452 4396 1613 4459 fetus.
1651 4399 1889 4469 antiqua:
1917 4413 2080 4456 causa

2181 1929 2329 1984 δοσιν
2377 1928 2435 1981 δέ
2484 1926 2580 1982 καὶ
2611 1926 2877 1998 χορηγίαν
2919 1924 3028 1981 τῶν
3072 1922 3371 1994 δεομένων.
3419 1919 3605 1976 Ταῦτα
3654 1919 3768 1991 7&9

2185 2022 2474 2095 καθαίρειν
2494 2020 2595 2084 τὰς
2617 2020 2905 2092 ἱερατικὰς
2926 2012 3036 2072 οἵδε
3061 2019 3254 2088 χεῖρας
3281 2013 3540 2068 ὑσσώπου
3562 2012 3769 2076 παντὸς

2185 2113 2415 2187 βέλτιον.
2444 2112 2557 2167 Καί
2577 2129 2660 2165 τοι
2686 2111 2939 2173 ἀνίπτοις
2969 2109 3066 2164 καὶ
3090 2104 3510 2180 ρερυπωμέναις
3568 2102 3767 2174 χερσὶν

2182 2208 2361 2271 οὐδεὶς
2414 2206 2482 2261 ἂν
2538 2206 2831 2275 ἀνάσχοιτο
2880 2201 2989 2256 τῶν
3039 2199 3230 2271 ίερέων
3277 2214 3411 2251 ποτε
3459 2195 3569 2249 τῶν
3601 2194 3768 2248 θείων

2184 2299 2424 2370 ἅψασθαι
2484 2298 2831 2369 μυστηρίων,
2873 2294 2980 2356 ἕως
3031 2291 3099 2346 ἂν
3148 2289 3305 2345 ὕδατι
3338 2288 3547 2352 ταύτας
3580 2286 3771 2349 καλῶς

2184 2391 2540 2461 ἀπονίψηται,
2595 2389 2656 2440 ού
2705 2384 2888 2455 πολλῷ
2925 2383 3020 2438 οὖν
3064 2383 3269 2453 μᾶλλον
3302 2382 3417 2442 τοῖς
3448 2376 3770 2449 εἰρημένοις

2183 2484 2411 2555 ἀγαθοῖς
2464 2481 2752 2552 καθαίρειν
2810 2478 3018 2541 ταύτας
3079 2477 3171 2532 διὰ
3226 2474 3467 2544 σπουδῆς
3518 2472 3770 2526 τίθεσθαι

2183 2578 2289 2649 χρή
2314 2593 2330 2642 ;
2366 2576 2426 2629 οὐ
2467 2576 2642 2646 ῥύπον
2679 2571 2908 2643 σαρκὸς.
2937 2569 3062 2623 ούδέ
3087 2569 3186 2639 τὴν
3215 2566 3538 2636 ἐπιφάνειαν
3563 2563 3771 2634 ταύτης

2182 2667 2505 2737 δυναμένοις
2553 2663 2716 2734 μόνον
2764 2659 3080 2723 ἐκπλύνειν,
3164 2657 3306 2711 ἀλλὰ
3352 2656 3423 2709 τὰ
3500 2653 3637 2725 βάθη
3664 2653 3770 2721 τῆς

2183 2759 2381 2830 ψυχῆς,
2402 2756 2581 2828 χιόνος
2606 2754 2995 2825 λαμπρότερον
3025 2749 3377 2819 ἀποφαίνειν.
3408 2748 3517 2802 Καὶ
3538 2746 3645 2816 7&9
3665 2746 3768 2809 τὰ..

2184 2845 2462 2921 ἐμψύχους
2490 2847 2588 2900 καὶ
2619 2847 2902 2917 ἱερατικὰς
2930 2843 3085 2908 θείας
3105 2842 3353 2907 λαϐίδας,
3380 2839 3524 2894 οὕτω
3553 2837 3765 2907 καθαρ-

2183 2945 2326 3011 τέον,
2358 2940 2656 3012 ἀγαπητοὶ,
2712 2939 2809 2993 καὶ
2860 2935 3004 2991 οὕτω
3033 2936 3147 3000 τοῖς
3194 2934 3363 3005 ίεροῖς
3394 2929 3767 3003 προσακτέον,

2184 3036 2249 3091 El
2281 3037 2392 3107 7&9
2436 3035 2602 3100 Ὀζᾶν
2650 3033 2868 3095 ἐκεῖνος
2912 3029 3012 3100 τῆς
3075 3027 3339 3090 σκιώδους
3376 3024 3472 3079 καὶ
3521 3021 3769 3090 τυπικῆς

2185 3127 2422 3183 κιϐωτοῦ
2489 3126 2654 3196 μόνον
2710 3119 3122 3194 ἀψάμενος,ῶς
3174 3118 3237 3173 οὐ
3293 3117 3478 3186 θέμις,
3515 3113 3768 3169 ἀπώλετο

2189 3220 2558 3294 παραχρῆμα,
2612 3215 2755 3288 μετὰ
2803 3214 2984 3284 πόσης
3016 3210 3310 3274 εὐλαϐείας
3341 3209 3437 3262 καὶ
3468 3207 3637 3277 φόϐου
3669 3207 3771 3260 καὶ

2188 3311 2452 3380 συστολῆς
2522 3311 2638 3373 τοῖς
2684 3305 3018 3379 ἀρχετύποις
3065 3303 3157 3356 καὶ
3203 3298 3478 3372 οὐρανίοις
3529 3297 3754 3368 προσέρ

2186 3401 2380 3472 χεσθαι
2404 3399 2524 3454 δέον
2556 3400 2653 3453 καὶ
2676 3394 3101 3467 προσεγγίζεινς
3130 3392 3196 3445 Τί
3222 3391 3277 3446 δέ
3306 3389 3366 3443 τὺ
3384 3388 3638 3443 δεκτικόν
3668 3387 3769 3440 τοῦ

2187 3491 2332 3548 θείου
2355 3488 2604 3560 σώματός
2632 3504 2691 3541 τε
2714 3488 2808 3541 καὶ
2831 3486 3064 3557 αἵματος
3085 3482 3180 3536 τοῦ
3206 3481 3461 3550 Σωτῆρος
3480 3479 3769 3548 ποτήριον,

2183 3585 2246 3639 τὸ
2295 3584 2470 3651 στόμα
2495 3581 2642 3651 λέγω
2688 3579 2784 3633 τοῦ
2817 3578 3031 3650 ἱερέως,
3068 3574 3357 3646 καθαίρειν
3409 3573 3551 3643 χρής
3584 3570 3771 3624 Καλδν

2185 3676 2319 3745 γάρ,
2340 3675 2437 3730 καὶ⁷
2480 3673 2549 3727 τὰ
2579 3673 2902 3743 μολύνοντα,
2934 3671 3032 3724 καὶ
3060 3666 3351 3738 καθαίρειν
3401 3663 3561 3717 πάλιν
3608 3655 3770 3715 τοῦτ(

2184 3767 2459 3837 δυνάμενα
2481 3764 2786 3834 προθέντας
2803 3765 2885 3826 είς
2905 3760 3072 3832 μέσον
3088 3760 3181 3812 καὶ
3204 3757 3343 3827 δῆλα
3363 3770 3433 3808 πε
3443 3753 3771 3837 ποιηκόπας,
3854 3768 3863 3773 ’

2184 3860 2295 3914 τῶν
2326 3835 2442 3929 ήμέν
2476 3856 2780 3928 ἀπέχεσθαι
2811 3855 2960 3924 πάσῃ
2990 3852 3192 3922 σπουδῇ
3228 3835 3677 3922 παραινεῖν,’τῶν
3710 3844 3772 3899 δὲ

2190 3951 2609 4024 μεταποιεῖσθαι
2679 3946 3004 4020 προθύμως.
3089 3942 3436 4013 Ἀκαθαρσία
3509 3941 3609 4011 μὲν
3671 3935 3771 3991 οὖν

2186 4047 2453 4117 στόματος
2476 4043 2541 4098 ἂν
2570 4042 2655 4112 είη
2709 4038 3031 4112 βλασφημία
3057 4038 3150 4092 καὶ
3176 4036 3256 4100 είς
3278 4035 3414 4089 Θεὸν
3442 4029 3774 4105 ἀχαριστίας

2187 4138 2432 4208 ῥήματα,
2464 4134 2524 4202 ἐξ
2569 4131 2973 4203 ἀγνωμοσύνης
3015 4129 3220 4198 πολλῆς
3251 4126 3351 4181 καὶ
3394 4122 3774 4195 μικροψυχίας

2184 4227 2275 4283 διά
2322 4239 2446 4280 τινα
2495 4221 2806 4293 πειρασμὸν
2884 4220 3085 4282 ἀδίκως
3145 4215 3626 4287 ἀναπεμπόμεναθ
3683 4213 3774 4266 ἔτι

2185 4321 2349 4392 ὅρκος
2376 4318 2471 4372 καὶ
2508 4314 2690 4387 πολλῷ
2725 4315 2888 4369 πλέον
2921 4312 3201 4384 ἐπιορκία,
3236 4311 3467 4383 ἄρνησις
3500 4307 3773 4377 ἄντικρυς

2184 4407 2321 4466 οὖσα
2349 4407 2510 4464 Θεοῦ.
2553 4406 2832 4470 Ὡσαύτως
2869 4404 3068 4475 ψεῦδος
3100 4404 3163 4457 es
3193 4402 3289 4456 τοῦ
3327 4399 3566 4471 πονηροῦ
3600 4412 3773 4467 πονη-

507 4488 853 4561 perditionis,
887 4501 1011 4543 esca
1060 4489 1267 4559 peccati
1308 4499 1359 4543 et
1410 4490 1600 4545 nmrtis
1643 4490 1946 4561 primorum
1985 4507 2082 4563 pa-

2192 4505 2413 4577 ρότατον
2432 4501 2676 4571 γέννημα
2695 4499 2759 4552 τὸ
2786 4500 2884 4569 τῆς
2914 4496 3151 4569 ἀρχαίας
3181 4495 3353 4550 αίτιον
3373 4492 3671 4555 ἀπωλείαῖ,
3707 4490 3773 4543 τ’)

517 4592 754 4649 rentum,
785 4582 1138 4652 omniumque
1159 4583 1249 4652 qui
1275 4581 1365 4637 illo
1395 4589 1619 4638 utuntur
1644 4586 1874 4655 perditio
1904 4605 1918 4643 :
1955 4585 2083 4642 Per-

512 4680 604 4733 ἀει
633 4677 793 4741 enim,
818 4676 1017 4744 inquit,
1040 4691 1218 4730 omnes
1245 4677 1336 4745 qui
1360 4676 1646 4744 loquuntur
1666 4678 1996 4736 mendacium
2012 4680 2080 4736 “.

512 4770 592 4823 Ad
646 4769 763 4824 haec
823 4778 1008 4823 autem
1043 4767 1402 4832 obtrectatio,
1466 4752 1699 4838 injuria,
1756 4771 2083 4837 convicium,

515 4876 635 4930 quae
683 4859 886 4916 radicis
938 4873 1137 4915 amarae
1191 4860 1473 4926 humanm,
1509 4860 1717 4918 scilicet
1768 4862 2086 4929 inimicitiae,

517 4936 861 5008 amarissima
896 4960 1025 5007 sunt
1060 4950 1301 5021 proiecto
1328 4954 1594 5022 germina,
1627 4953 1720 5008 sed
1763 4964 1818 5008 et
1842 4953 2092 5009 obsceni-

519 5057 624 5109 tas,
686 5044 1105 5114 stultiloquium,
1163 5044 1489 5112 scurrilitas,
1539 5058 1658 5114 quae
1691 5045 1758 5100 ad
1815 5060 1929 5101 rem
1980 5061 2088 5102 non

518 5134 815 5198 pertinent,
841 5132 1049 5190 clamor
1083 5145 1138 5190 et
1173 5136 1348 5191 malus
1367 5150 1549 5191 sermo
1583 5137 1720 5207 (44).
1755 5135 1892 5191 Nam
1921 5147 1980 5193 ut
2020 5139 2090 5195 ab

519 5227 607 5280 his
642 5224 868 5293 aliisque
924 5226 1230 5296 huiusmodi
1296 5229 1457 5283 rebus
1512 5227 1883 5284 abstineamus
1937 5245 2093 5286 sacer

514 5332 612 5373 nos
646 5317 892 5372 hortatur
922 5317 1212 5386 Apostolus
1240 5319 1307 5373 ".
1333 5318 1396 5373 Et
1419 5320 1543 5388 jure
1575 5320 1792 5389 quidem
1819 5337 1833 5374 :
1865 5304 1907 5375 si
1943 5323 2089 5377 enim

2183 4598 2378 4664 δέλεαρ
2404 4595 2500 4665 τῆς
2526 4591 2942 4664 προπατορικῆς
2965 4588 3245 4662 ἁμαρτίας
3270 4587 3367 4641 καὶ
3391 4586 3485 4640 τοῦ
3507 4585 3767 4646 θανάτου,

2185 4692 2279 4744 καὶ
2310 4690 2442 4743 πᾶσι
2477 4689 2589 4748 τοῖς
2635 4686 2943 4755 χρωμένοις
2985 4684 3256 4737 ἀπώλεια.
3318 4677 3587 4743 Ἀπολεῖς
3626 4676 3764 4744 γὰρ,

2185 4781 2342 4854 φησὶ,
2370 4780 2601 4844 πάντας
2630 4778 2768 4843 τοὺς
2789 4775 3133 4842 λαλοῦντας
3158 4775 3225 4827 τὸ
3250 4771 3501 4842 ψεῦδος.
3534 4769 3673 4840 Πρὸς
3706 4768 3770 4821 δὲ

2188 4875 2400 4936 τούτοις
2428 4872 2753 4939 καταλαλιά,
2787 4872 2881 4924 καὶ
2913 4868 3095 4940 ὕϐρις,
3136 4867 3232 4922 καὶ
3263 4864 3544 4941 λοιδωρία,
3568 4863 3635 4915 τὰ
3666 4860 3773 4927 τῆς

2192 4966 2396 5036 πικρᾶς
2443 4964 2622 5036 ῥίζης,
2653 4963 2750 5034 τῆς
2803 4961 3218 5033 μισανθρωπίας
3267 4956 3434 5028 φημὶ,
3460 4953 3771 5023 πικρότατα

2189 5057 2359 5121 ὅντως
2386 5054 2749 5126 βλαστήματα
2767 5066 2781 5082 ⁸
2803 5051 2867 5105 οὐ
2894 5050 3058 5120 μόνον
3087 5048 3167 5113 δὲ,
3194 5046 3332 5102 ἀλλά
3356 5045 3450 5099 καὶ
3471 5041 3772 5113 αἰσχρότης

2190 5148 2292 5202 καὶ
2341 5146 2656 5219 μωρολογία
2711 5143 2807 5197 καὶ
2840 5139 3181 5212 εὐτραπελία
3218 5137 3287 5192 τά
3327 5137 3429 5189 οὐκ
3466 5134 3767 5201 ἀνήκοντα,

2190 5241 2286 5294 καὶ
2316 5240 2532 5312 κραυγὴ
2562 5238 2657 5291 καὶ
2686 5236 2846 5304 λόγος
2884 5233 3115 5307 σαπρὸς,
3151 5233 3273 5285 ἐπεὶ
3302 5230 3399 5288 καὶ
3426 5227 3637 5280 τούτων
3671 5224 3770 5278 καὶ

2191 5330 2302 5384 τῶν
2318 5331 2576 5383 τοιούτων
2599 5327 2856 5381 ἀπάντων
2879 5326 2907 5378 ὁ
2927 5325 3067 5389 θεῖος
3104 5321 3236 5377 Ἀπό
3247 5320 3431 5384 στολος
3460 5314 3767 5387 ἀπέχεσθαι

592 5434 639 5467 ⁸ο
673 5431 716 5489 ll
739 5430 878 5503 Reg.
901 5447 979 5500 Vt,
1021 5432 1046 5485 1
1075 5447 1236 5503 seqq.
1315 5434 1357 5466 "
1389 5433 1542 5491 Psal.
1566 5451 1616 5501 ν,
1657 5434 1712 5491 7.
1788 5437 1834 5470 ⁶²
1864 5438 2067 5508 Ephes.

2196 5443 2262 5497 14
2301 5456 2458 5514 seqq.

588 5552 701 5629 (ᾠῷ)
724 5552 957 5629 Quanta.
977 5548 1276 5629 Vaticanus
1289 5553 1493 5629 πάσης.
1511 5555 1876 5629 Messanensis
1890 5556 2086 5629 πόσης.

588 5622 699 5693 (de)
726 5625 772 5677 Μ
782 5622 898 5694 eius
923 5638 1115 5694 sermo.
1132 5624 1306 5689 Λόγος
1325 5622 1554 5694 σαπρὸς,
1586 5626 1796 5679 verbum
1816 5622 2087 5694 putridnm

518 5692 695 5767 sonat,
720 5692 819 5767 sed
853 5708 949 5767 nos
989 5693 1312 5767 retinuitnus
1341 5692 1926 5767 Latinamivnlgatatn,
1963 5714 2087 5767 qua:
2138 5734 2145 5737 Α

517 5764 698 5827 verba;
717 5764 805 5817 illa
840 5762 1101 5835 Apostoli,
1133 5762 1203 5819 ad
1225 5779 1342 5833 qua:
1381 5764 1559 5822 allusit
1592 5762 2073 5838 Theophanem'ad

2196 5562 2395 5631 Ephes.
2422 5577 2497 5627 Iv,
2526 5562 2639 5623 ua;
2662 5559 2822 5629 λόγος
2863 5560 3074 5631 σαπρὸς
3095 5557 3168 5631 ἐκ
3195 5551 3292 5631 tot?
3316 5550 3759 5631 océparoc‘dpd‘w

2197 5626 2272 5700 μὴ
2309 5626 2699 5701 ἐκπορευέσθω
2719 5626 2747 5694 ,⁷
2762 5626 2997 5687 reddidit
3036 5646 3050 5684 :
3082 5626 3263 5685 Omnis
3290 5639 3459 5680 sermo
3493 5626 3664 5678 malus
3693 5636 3761 5676 ea:

2194 5719 2281 5756 ore
2322 5714 2488 5757 vestro
2514 5718 2623 5756 non
2639 5701 2910 5771 procedat.
