4142 6294
299 406 359 468 Si
369 403 405 466 ο

1715 399 2085 465 EPISTOLA
2128 399 2243 468 ιιι.

3471 399 3573 474 350

301 519 397 570 καὶ
442 513 739 587 μαντειῶν,
769 506 852 579 οἷς
881 512 1005 567 οὐδὲ
1039 515 1164 576 τοὺς
1226 515 1520 590 λογισμοὺς
1562 513 1698 578 ὅλως
1762 516 1918 571 ἐπιδ,

2018 520 2294 588 ιίιιειιειιιιε
2342 518 2739 574 incantationes
2833 531 2896 572 ac
2969 508 3368 583 divinationes,
3444 534 3574 586 quas

308 604 545 662 ϐάλλειν
572 606 838 678 προσήκει
888 604 984 658 καὶ
1027 603 1128 672 τὴν
1160 604 1392 675 καρδίαν
1422 607 1489 675 τῇ
1553 606 1742 677 μνήμῃ
1790 623 1891 658 κα-

312 698 744 769 ταρρυπαίνεινυ
787 697 852 750 '0
871 696 1126 761 βλέπων
1185 697 1317 768 γὰρ,
1381 698 1564 766 φησιν,
1631 697 1895 766 γυναῖκα

321 793 481 862 πρὸς
509 791 577 846 τὸ
607 788 977 858 ἐπιθυμῆσαι
998 785 1217 857 αὐτὴν,
1243 788 1360 858 ἤδη
1395 789 1758 858 ἐμοίχευσεν
1787 791 1896 844 αὺ-

328 879 444 948 τὴγ
477 887 544 932 ἐν
561 875 633 944 τῆ
653 877 872 946 καρδίᾳ
900 879 1115 933 αὐτοῦ.
1164 878 1309 949 Πρὸς
1336 879 1564 933 θάνατον
1585 878 1642 932 δὲ
1700 881 1894 950 ἀμαρ-

331 969 441 1022 τίαι
462 968 670 1038 εἴρηται
696 967 768 1019 τὰ
796 966 1045 1033 τοιαῦτα,
1083 967 1164 1020 ὄτι
1191 968 1285 1021 τὸν
1317 967 1519 1022 ἁλόντα
1543 969 1775 1038 τοιούτῳ
1790 969 1898 1022 τινὶ

331 1058 487 1112 πάθει
515 1059 604 1110 καὶ
637 1058 1082 1129 πλημμελήματι
1134 1060 1288 1129 ἱερέα
1337 1058 1600 1113 ἀδύνατόν
1653 1063 1772 1114 ἐστι.
1801 1061 1899 1131 τὴν

325 1147 629 1219 ἱερωσύνην
658 1149 832 1215 ἀξίως
857 1147 1186 1221 κεκτῆσθαί,
1217 1148 1323 1204 κᾶν
1381 1151 1613 1221 νεκροὺς
1661 1150 1901 1222 ἀναστή-

269 1301 274 1304 _
326 1258 460 1297 σειε.
511 1243 624 1296 Καὶ
661 1242 838 1296 ταῦτα
869 1243 970 1313 μὲν
998 1245 1114 1304 τοῖς
1149 1239 1390 1312 ἱερεῦσιν
1422 1243 1610 1306 ἁπλῶς
1647 1243 1784 1298 πᾶσι
1807 1242 1902 1296 καὶ

320 1335 436 1396 τοῖς
474 1333 690 1396 λοιποῖς
721 1334 908 1398 ἄλλοις
937 1335 1052 1396 τοῖς
1077 1333 1172 1387 τοῦ
1225 1333 1373 1390 θείου
1425 1335 1758 1406 ἠξιωμένοις
1809 1334 1904 1405 iﬁ-

328 1441 522 1494 ματος.
569 1424 728 1478 Ἐπεὶ
759 1427 855 1479 καὶ
904 1427 1116 1486 τούτοις
1155 1426 1365 1487 σκοπὸς
1390 1427 1528 1495 πρὸς
1559 1428 1651 1480 τον
1697 1427 1904 1480 τέλειον

329 1514 542 1584 βαθμὸν
572 1515 671 1583 τῆς
703 1514 1010 1586 ἱερωσύνης
1056 1516 1412 1586 ἀναδραμεῖν.
1441 1517 1550 1570 Καὶ⁵
1609 1517 1699 1570 διά
1744 1516 1907 1571 τοῦτο

321 1607 430 1679 χρὴ
476 1609 590 1671 τοῖς
621 1608 938 1678 εἰρημένοις
997 1608 1188 1678 ἱδρῶσι
1230 1608 1325 1662 καὶ
1383 1608 1570 1671 πόνοις
1620 1607 1909 1680 παραπλη-

329 1693 464 1755 σίως
515 1695 631 1754 τοῖς
676 1693 1077 1766 πρεσϐυτέροις
1126 1696 1510 1766 ἐγκαρτερεῖν,
1567 1696 1662 1750 καὶ
1696 1697 1908 1760 τούτοις

323 1785 562 1846 εὐτόνως
610 1785 1106 1854 συναγωνίζεσθαιο
1156 1791 1222 1842 Ol
1305 1788 1418 1859 γὰρ
1476 1789 1702 1856 καλῶς,
1748 1790 1905 1860 φησι,

337 1873 840 1953 διακονήσαντες,
890 1865 1135 1943 ,βαθμὸν
1190 1880 1432 1948 θαυτοῖς
1488 1883 1686 1937 καλὸν
1751 1896 1910 1950 περι-
1941 1859 1980 1913 Β

334 1968 666 2034 ποιοῦνται,
703 1970 803 2024 καί
838 1970 1084 2038 πολλὴν
1109 1972 1459 2041 παρῤησίαν
1487 1974 1556 2028 ἐν
1581 1974 1781 2028 πίστει
1833 1973 1908 2043 τῇ

332 2060 406 2114 ἐν
433 2060 666 2128 Χριστῷ
701 2060 933 2129 Ἰησοῦ.
962 2064 1027 2116 Οἱ
1053 2063 1109 2117 δὲ
1146 2065 1444 2134 λογισμοὺς
1469 2065 1780 2136 ἀνθρώπων
1814 2067 1910 2120 καὶ

337 2149 530 2220 ψυχῶν
555 2149 974 2223 ἀρρωστήματα
1002 2156 1139 2221 προς
1162 2155 1240 2225 τῷ
1271 2155 1371 2225 τῆς
1426 2156 1725 2226 ἱερωσύνης
1757 2158 1913 2228 χαρί-

333 2259 501 2313 σματι
537 2243 867 2314 θεραπεύειν
913 2245 1175 2316 λαχόντες
1231 2246 1385 2302 λύειν
1427 2266 1485 2302 τε
1539 2249 1634 2302 καὶ
1690 2248 1912 2320 δεσμεῖν

335 2333 616 2404 ἁμαρτίας
646 2334 902 2400 ἐξουσίαν
930 2336 1214 2408 εἰληφότες
1248 2341 1398 2410 παρά
1422 2341 1684 2412 Χριστοῦ,
1719 2340 1912 2395 ἐτικαὶ

338 2425 590 2490 πλείονος
624 2424 981 2498 δεηθήσονται
1030 2429 1127 2500 τῆς
1188 2433 1451 2500 σπουδῆς,
1492 2435 1590 2488 καὶ
1629 2434 1744 2486 τῶν.
1789 2432 1912 2487 κατ’

337 2516 542 2587 ἀρετὴν
597 2517 839 2589 ἱδρώτων
889 2522 984 2575 καὶ
1045 2522 1245 2587 πόνων,
1322 2524 1433 2594 ὅσῳ
1507 2526 1603 2577 καὶ
1665 2523 1914 2594 μείζονος

339 2605 602 2677 ἠξίωνται
629 2610 840 2680 δωρεᾶς
894 2630 952 2666 τε
983 2618 1078 2667 καὶ
1107 2615 1285 2684 δόξης.
1318 2618 1429 2670 Καὶ
1469 2615 1558 2671 διὰ
1591 2618 1752 2672 τοῦτο
1782 2619 1913 2671 πολ-

312 2702 439 2773 -λὴν
483 2703 586 2773 μὲν
622 2704 872 2771 ἐξέτασιν
915 2709 1011 2760 καὶ
1064 2710 1296 2782 μελέτην
1341 2711 1622 2780 ὀφείλουσι
1649 2712 1916 2782 διηνεκῶς

341 2796 613 2850 ποιεῖσθαι
643 2797 753 2850 τῶν
805 2799 966 2868 ίερῶν
1015 2801 1108 2853 καὶ
1143 2801 1305 2855 Θείων
1335 2803 1596 2872 κανόνων,
1631 2803 1772 2858 ὥστε
1807 2823 1914 2876 μη-

345 2887 433 2940 δέν
451 2903 504 2939 τι
526 2887 733 2940 τούτων
757 2889 916 2953 ἐκτὸς
944 2891 1149 2962 τολμᾷν
1169 2891 1625 2965 διαπεπραχέναι,
1657 2896 1791 2951 ἀλλά
1813 2915 1916 2950 xa-

345 2977 452 3040 Θὼς
483 2978 551 3032 ἂν
579 2980 781 3033 ἐκεῖνοι
809 2981 1180 3052 διαγορεύοιεν
1213 2983 1313 3048 τὰς
1342 2985 1448 3039 τῶν
1480 2969 1915 3059 ἀνθρώπωξίψυ-

346 3070 445 3138 χὰς
477 3070 810 3140 θεραπεύειν
854 3073 1254 3142 ἐπιμελεῖσθαι.
1285 3076 1398 3146 Πρὸ
1436 3077 1492 3130 δὲ
1516 3077 1722 3131 τούτων
1746 3078 1914 3149 ἐργά-

1992 611 2210 680 quidem
2238 625 2340 664 nec
2371 609 2702 681 cogitatione
2725 609 3008 680 complecti
3041 609 3217 673 decet,
3252 619 3346 663 aut
3389 625 3576 664 earum

1993 701 2254 757 memoria
2271 701 2366 757 cor
2383 702 2759 771 colnquinare,
2775 701 2978 757 dictum
3001 710 3086 757 est
3106 701 3252 756 enim
3273 719 3286 755 :
3309 700 3415 767 Qui
3438 702 3576 755 vide-

1995 790 2064 843 rit
2096 782 2364 842 mulierem
2387 787 2458 842 ad
2478 787 2955 854 concupiscendum
2989 805 3126 853 eam,
3143 788 3261 858 jam
3287 789 3574 841 mage/tatus

1994 889 2072 933 est
2115 895 2238 934 eam'
2263 881 2317 933 in
2348 879 2505 932 corde
2550 895 2646 934 suo
2691 880 2758 934 7’.
2798 879 2864 933 Et
2919 881 3036 934 hac
3081 881 3299 949 quidem
3329 868 3568 950 peccata

1999 970 2276 1024 mortifera
2343 971 2550 1036 dicunt,
2603 985 2669 1025 eo
2714 971 2860 1040 quod
2916 972 3259 1026 sacerdotem
3331 974 3574 1042 eiusmo~

1999 1064 2050 1116 di
2089 1063 2272 1134 aliquo
2322 1062 2512 1117 morbo
2541 1055 2810 1118 delictove
2853 1069 3194 1133 corruptum,
3244 1064 3578 1133 impossibile

2000 1154 2074 1209 sit
2119 1153 2485 1209 sacerdotium
2539 1152 2702 1221 digne
2732 1153 3034 1222 possidere,
3089 1153 3308 1207 etiamsi
3340 1165 3580 1206 mortuos

2000 1245 2198 1302 Suscita
2210 1253 2309 1300 ret.
2333 1243 2459 1298 Haec
2475 1258 2603 1299 vero
2633 1244 2886 1298 omnibus
2909 1243 3310 1309 sacerdotibus,
3339 1259 3583 1298 commu-

2002 1335 2145 1388 niter
2184 1334 2323 1386 dicta
2355 1331 2492 1396 sint,
2554 1331 2875 1400 exterisque
2919 1331 3061 1394 aliis,
3095 1331 3185 1400 qui
3219 1332 3358 1386 sacri
3391 1330 3580 1385 altaris

2004 1426 2227 1496 gradum
2255 1424 2529 1478 consecuti
2564 1423 2859 1479 sunt.Nam
2892 1431 2948 1477 et
2995 1423 3113 1479 istis
3163 1437 3358 1489 scopus
3397 1429 3479 1475 est
3513 1424 3577 1474 al

2003 1518 2308 1587 perfectum
2334 1517 2628 1572 sacerdotii
2654 1517 2881 1586 gradum
2908 1517 3211 1583 pervenire.
3235 1513 3297 1566 Et
3323 1517 3442 1568 ideo
3465 1513 3586 1567 i'los

2005 1614 2218 1673 oportet
2255 1603 2544 1659 sudoribus
2589 1613 2751 1670 atque
2775 1601 3052 1656 laboribus
3081 1615 3235 1670 teque
3265 1615 3326 1654 ac
3350 1601 3581 1669 presby-

2010 1708 2155 1754 teros
2205 1711 2328 1753 sese
2361 1696 2512 1759 dare,
2539 1705 2592 1750 et
2625 1709 2728 1749 una
2755 1709 2875 1748 cum
2914 1692 3052 1762 ipsis
3087 1701 3310 1746 strenue
3332 1701 3540 1746 certare
3570 1708 3584 1743 :

2011 1791 2114 1856 Qui
2141 1791 2280 1844 enim
2311 1790 2435 1842 bene
2479 1786 2899 1840 ministraverint
2955 1785 3091 1852 (49),
3132 1784 3328 1850 inquit,
3364 1782 3588 1851 gradum

2011 1877 2204 1932 bonum
2246 1878 2347 1938 sibi
2397 1876 2688 1946 acquirent,
2721 1885 2769 1927 et
2821 1873 3044 1926 multam
3090 1857 3347 1938 ﬁduciam
3379 1871 3431 1923 in
3462 1870 3588 1938 fide,

2011 1984 2128 2038 qua:
2159 1976 2232 2020 est
2266 1966 2319 2018 in
2359 1963 2571 2018 Christo
2599 1962 2729 2018 λεια
2748 1961 2814 2016 ⁷³.
2843 1961 3052 2028 Quibus
3080 1975 3203 2014 vere
3233 1959 3591 2029 cogitationes

2013 2059 2291 2114 hominum
2342 2057 2755 2123 animarumque
2780 2054 2998 2108 morbos
3031 2052 3316 2107 sacerdotii
3339 2051 3482 2107 dono
3509 2067 3594 2106 sa-

2011 2165 2146 2205 nare
2175 2149 2359 2203 datum
2394 2156 2498 2211 est,
2529 2156 2582 2200 et
2617 2145 2859 2201 solvendi
2897 2153 3138 2215 peccata,
3168 2153 3222 2199 et
3257 2143 3455 2212 ligandi
3491 2158 3590 2212 po.

2010 2250 2264 2298 testatem
2291 2239 2561 2301 aChristo
2601 2244 2949 2306 acceperunt,
2989 2235 3180 2306 majori
3224 2236 3386 2289 etiam
3429 2249 3594 2288 cona-

2014 2345 2073 2390 tu
2129 2351 2194 2390 ac
2257 2335 2438 2388 studio
2516 2332 2855 2401 indigebunt,
2917 2328 3325 2397 majoribusque
3379 2328 3596 2382 virtutis

2003 2426 2306 2482 sudoribus
2336 2439 2400 2479 ac
2430 2423 2728 2486 laboribus,
2764 2431 2973 2492 quanto
3001 2420 3195 2489 majori
3225 2422 3367 2474 dono
3397 2429 3452 2474 et
3483 2419 3600 2488 glo-

2015 2519 2093 2573 ria
2135 2517 2283 2588 digui
2313 2515 2481 2571 habiti
2509 2523 2658 2569 sunt.
2692 2513 2870 2584 Atque
2905 2513 3027 2566 ideo
3063 2510 3293 2565 multam
3341 2524 3595 2580 perscru-

2017 2610 2276 2666 tationem
2307 2623 2370 2662 ac
2405 2605 2815 2662 meditationem
2865 2619 3150 2658 sacrorum
3183 2602 3600 2668 divinorumque

2015 2716 2281 2758 canonum
2321 2700 2580 2755 adhibere
2621 2697 2840 2752 assidue
2891 2696 3115 2761 debent,
3147 2705 3204 2748 ut
3231 2693 3367 2748 nihil
3405 2700 3601 2762 praeter

2016 2797 2136 2854 illos
2169 2795 2404 2851 audeant
2434 2792 2637 2857 facere,
2674 2793 2768 2847 sed
2795 2790 2948 2860 juna
2997 2804 3185 2844 eorum
3227 2792 3434 2842 statuta
3479 2785 3600 2840 ani-

2017 2889 2120 2944 mis
2170 2887 2451 2943 hominum
2515 2883 2777 2940 cnrandis
2821 2879 3178 2936 incumbant.
3219 2880 3372 2933 Ante
3415 2879 3597 2932 omnia

2015 2997 2145 3036 vero
2175 2979 2480 3050 Operarium
2510 2991 2633 3032 esse
2658 2983 2869 3046 oportet
2899 2970 3452 3041 irreprehensibileni,
3478 2984 3597 3024 sese

2017 3073 2137 3128 aliis
2149 3075 2345 3128 bonum
2360 3070 2638 3140 exemplar
2655 3068 3021 3129 exhibentem,
3043 3066 3106 3118 ad
3128 3063 3423 3120 docendum
3446 3075 3604 3132 para-

348 3179 450 3232 την
472 3163 908 3233 ἀνεπαίσχυντον
939 3161 1101 3232 εἶναι,
1131 3168 1301 3220 τύπον
1339 3168 1504 3222 καλὸν
1558 3169 1754 3222 ἑαυτὸν
1802 3172 1916 3234 τοῖς

2023 3179 2158 3230 tum,
2192 3164 2536 3235 hospitalem,
2561 3162 2816 3224 amicum,
2854 3158 3151 3216 dolentium
3180 3155 3600 3218 consolatorem,

350 3256 531 3319 ἄλλοις
567 3256 899 3326 παρέχοντα,
943 3257 1279 3321 διδιικτικδν,
1343 3259 1647 3327 φιλόξενον,
1711 3261 1918 3314 λυπου-

353 3348 536 3415 μένοις
567 3348 1022 3419 παραμυθητικόν
1047 3364 1060 3377 ⁶
1085 3351 1448 3420 ἀντεχόμενον
1472 3352 1558 3405 ἀεὶ
1610 3353 1703 3406 τοῦ
1757 3355 1920 3420 λόγου

348 3439 450 3509 τῆς
475 3439 907 3510 παρακλήσεως,
953 3442 1282 3511 πενομένοις
1337 3443 1724 3512 μεταδοτικὺν,
1759 3445 1923 3515 εὐθη-

347 3532 632 3599 νουμένοις
677 3531 1080 3601 χαλιναγωγὸν,
1135 3533 1210 3603 μὴ
1295 3533 1576 3604 πάροινον,
1641 3535 1920 3610 τουτέστιν

350 3623 642 3694 ὑϐριστὴν,
678 3624 817 3678 κατά
864 3625 1080 3694 τὴντοῦ
1131 3625 1276 3678 θείου
1323 3626 1538 3680 Παύλου
1573 3627 1918 3697 παραίνεσιν,

352 3713 428 3784 μὴ
461 3711 731 3783 πλήκτην,
767 3712 842 3782 μὴ
887 3715 1276 3786 αἰσχροκερδῆ,
1311 3715 1428 3769 ἀλλ’
1493 3718 1740 3786 ἐπιεικῆ,
1781 3717 1925 3787 ἅμα·

349 3820 465 3874 χον,
498 3805 557 3857 ὲν
616 3803 890 3873 πραότητι
936 3805 1259 3858 παιδεύοντα
1319 3796 1448 3872 rei);
1489 3808 1923 3880 ἀντιδιατιθεμέ-

350 3913 500 3962 νους,
545 3896 622 3966 μή
654 3912 790 3948 ποτε
817 3897 890 3965 δῷ
917 3898 1101 3960 αὐτοῖς
1155 3900 1183 3950 ὁ
1215 3897 1348 3962 Θεὸς
1381 3900 1678 3969 μετάνοιαν
1701 3901 1780 3963 είς
1811 3901 1928 3953 ὲπί-

351 4005 555 4054 γνωσιν
611 3987 894 4058 ἀληθείας,
929 3990 1024 4042 καὶ
1059 3990 1408 4059 ἀνανήψωσιν
1439 3991 1504 4042 ὲκ
1535 3991 1638 4058 τῆς
1690 3989 1785 4043 τοῦ
1811 3992 1928 4045 δια-

350 4077 510 4130 ϐόλου
533 4077 786 4145 παγίδος,
805 4077 1183 4148 ἐζωγρημένοι
1218 4079 1311 4132 ὑπ’
1338 4078 1505 4132 αὑτοῦ
1538 4081 1618 4141 είς
1637 4079 1697 4131 τὸ
1719 4079 1926 4132 ἐκείνου

351 4169 588 4238 θέλημα.
628 4169 816 4223 Ταῦτα
874 4170 1055 4224 πάντα
1117 4169 1417 4234 ποιοῦντες,
1479 4171 1780 4240 ἀγαπητοὶ,
1833 4171 1929 4223 καὶ

351 4263 498 4331 ὑμᾶς
530 4261 731 4324 αὐτοὺς
767 4259 994 4324 σώσετε,
1061 4260 1160 4314 καὶ
1208 4261 1335 4324 τοὺς
1381 4262 1679 4324 ἀκούοντας
1753 4261 1929 4331 ὑμῶν.

353 4352 732 4424 Προσεύχεσθε
761 4351 818 4403 δὲ
849 4352 1095 4412 καὶπερὶ
1133 4353 1314 4422 ἡμῶν,
1383 4352 1476 4406 ἴνα
1509 4354 1577 4407 τά
1633 4353 1753 4406 καθ’
1784 4355 1930 4424 ἡμᾶς

352 4446 432 4508 εἰς
461 4441 754 4511 προκοπὴν
780 4439 875 4494 τοῦ
911 4441 1246 4510 Εὑαγγε).ίου
1271 4441 1366 4495 τοῦ
1386 4441 1627 4512 Χριστοῦ
1655 4446 1930 4514 προέρχη-

2027 3260 2192 3313 verba
2225 3254 2620 3311 exhortationis
2644 3265 2860 3322 semper
2889 3251 2996 3306 sibi
3026 3251 3371 3312 retinentem,
3407 3261 3605 3316 paupe-

2029 3349 2181 3404 ribus
2221 3347 2555 3415 largitorem.
2584 3343 2872 3412 opulentos
2911 3339 3253 3400 frtenantem,
3301 3351 3404 3390 nou
3455 3335 3606 3390 vino.

2030 3442 2259 3504 lentum,
2281 3439 2332 3494 id
2351 3446 2436 3492 est
2453 3435 2716 3506 iniurium
2738 3430 3040 3503 (50),]uxta
3059 3429 3168 3484 divi
3185 3427 3336 3483 Pauli
3361 3426 3606 3481 adhorta-

2033 3537 2232 3589 tionem
2258 3532 2324 3597 ⁷⁸,
2360 3546 2466 3584 non
2499 3539 2903 3598 percussorem,
2941 3537 3048 3577 non
3083 3521 3257 3590 turpis
3288 3519 3423 3573 lucri
3452 3517 3606 3588 cupi-

2030 3627 2182 3688 dum,
2227 3624 2322 3679 sed
2355 3622 2564 3686 mitem,
2611 3619 2731 3674 sine
2757 3616 3117 3672 contentione
3170 3625 3294 3666 cum
3342 3609 3609 3664 modestia-

2031 3716 2416 3786 corripientem
2467 3727 2561 3768 eos
2594 3711 2686 3781 qui
2730 3709 2994 3766 resistunt
3025 3707 3266 3770 veritati,
3297 3721 3365 3760 ne
3393 3705 3626 3773 quando

2033 3811 2178 3864 Deus
2204 3809 2294 3862 det
2341 3806 2450 3861 illis
2473 3802 2853 3874 paenitentiam
2888 3799 3002 3871 (51)
3061 3799 3127 3852 ad
3173 3795 3606 3868 cognoscendam

2034 3902 2343 3965 veritatem,
2370 3908 2425 3952 et
2484 3895 2811 3965 resipiscam
2859 3908 2889 3948 a
2929 3891 3135 3948 diaboli
3170 3889 3402 3960 laqueis,
3441 3904 3468 3940 a
3501 3903 3628 3955 quo

2034 3994 2236 4062 captivi
2269 3999 2522 4048 tenentur
2567 3989 2634 4043 ad
2673 3987 2845 4056 ipsius
2870 3985 3229 4040 voluntatem.
3267 3982 3396 4036 Huic
3429 3980 3608 4034 omnia

2037 4087 2324 4148 facientes,
2357 4097 2388 4136 ο
2415 4079 2624 4144 dilecti,
2667 4088 2724 4132 et
2754 4091 2853 4131 vos
2885 4076 3034 4146 ipsos
3086 4073 3391 4135 salvabitis,
3435 4080 3489 4126 et
3517 4085 3630 4124 eos:

2036 4177 2128 4247 qui
2168 4162 2262 4229 vos
2291 4173 2539 4227 audiunt.
2572 4170 2738 4225 Orate
2797 4179 2980 4223 autem
3013 4175 3067 4222 et
3118 4180 3216 4233 pro
3249 4162 3404 4218 nobis
3425 4161 3610 4222 etiam,

2037 4282 2097 4324 ut
2123 4269 2176 4323 in
2237 4267 2352 4322 dies
2417 4278 2504 4320 res
2551 4274 2750 4320 nostra:
2780 4261 2845 4314 ad
2892 4260 3286 4314 incrementum
3335 4252 3628 4324 Evangelii

2035 4360 2238 4417 Christi
2292 4359 2432 4414 bene
2498 4355 2816 4426 procedant,
2871 4361 3036 4421 utque
3079 4349 3327 4419 espedite
3382 4362 3475 4418 per
3521 4361 3617 4416 pa-

2041 4453 2295 4507 tientiam
2327 4449 2664 4519 propositum
2698 4446 2859 4500 nobis
2882 4456 3278 4514 percurramus
3311 4447 3612 4504 certamen,

353 4551 444 4589 ται
483 4534 604 4587 καθ’
633 4534 897 4604 ἑκάστην,
949 4539 1044 4587 καὶ
1096 4535 1245 4597 ὅπως
1279 4533 1562 4597 εὐσταλῶς
1623 4533 1693 4587 δι’
1725 4534 1918 4603 ὐπομο⁴

2041 4547 2396 4617 inspicientes
2433 4542 2486 4596 in
2527 4540 2646 4595 lidei
2681 4547 2959 4593 auctorem
3019 4545 3074 4592 et
3120 4541 3612 4592 consummatorem

355 4630 456 4700 νῆς
505 4628 794 4698 τρέχωμεν
819 4629 908 4681 τὸν
957 4627 1317 4698 προκείμενον
1345 4629 1479 4698 ἡμῖν
1535 4627 1745 4696 ἀγῶνα,
1800 4630 1935 4698 ἀφο-

2035 4640 2218 4695 Jesum
2271 4635 2572 4697 Christum,
2640 4641 2698 4685 ut
2744 4641 2799 4686 et
2858 4638 3112 4700 pastores
3154 4639 3210 4682 et
3258 4625 3397 4679 ovile
3455 4619 3615 4676 simul

360 4723 565 4790 ριῖιντες
596 4721 678 4783 είς
717 4720 809 4774 τὸν
833 4720 931 4788 τῆς
962 4722 1202 4778 πίστεως
1229 4719 1478 4790 ἀρχηγὸν
1525 4721 1618 4772 καὶ
1647 4721 1918 4790 τελειωτὴε

2037 4729 2247 4787 caelesti
2277 4727 2561 4782 mansione
2591 4723 2737 4792 digni
2788 4721 2982 4784 simus,
3015 4721 3068 4774 in
3116 4720 3231 4788 ipso
3260 4715 3478 4770 Christo
3509 4711 3619 4765 Do-

355 4811 572 4880 ’Ῐησοῦν
601 4809 866 4880 Χριστὸν,
901 4811 977 4875 ὡς
1004 4811 1070 4866 ἂν
1102 4811 1200 4864 καὶ
1229 4811 1488 4880 ποιμένες
1541 4811 1636 4865 καὶ
1683 4813 1935 4883 ποίμνιον

317 4903 462 4983 ,τῆς
495 4904 554 4954 ἐν
589 4901 918 4972 παραδείσῳ
978 4903 1222 4972 μάνδρας
1273 4901 1648 4972 ἀξιωθείημεν
1687 4904 1744 4957 ὲν
1784 4903 1934 4972 αὑτῷ

331 4994 399 5068 ἦΧ
412 4994 581 5064 ριστῷ
606 4994 686 5063 τῷ
715 4994 907 5065 Κυρίῳ
939 4994 1118 5064 ἡμῶν,
1141 4987 1184 5063 ᾧ
1215 4995 1394 5064 neego:
1424 4996 1519 5048 καὶ
1548 4995 1610 5047 τὸ
1634 4996 1832 5065 κράτος
1857 4997 1936 5058 είς

361 5088 484 5151 τοὺς
515 5088 722 5152 αἰῶνας
751 5089 859 5146 τῶν
885 5091 1120 5145 αἰώνων.
1177 5093 1370 5162 ’Λμήν.

433 5273 479 5303 ⁷³
509 5269 702 5325 Matth.
745 5285 802 5334 v,
831 5269 925 5323 9.8.
999 5269 1095 5325 "1
1121 5269 1265 5326 Tim.
1307 5289 1396 5338 HI,
1427 5272 1513 5327 i5.

437 5404 549 5474 (49)
583 5404 691 5469 Qui
737 5405 862 5460 bene
913 5408 1425 5464 administraverint.
1481 5408 1688 5464 Alludit
1727 5409 1794 5462 ad
1825 5408 1942 5462 dia-

360 5490 548 5538 conos,
583 5490 725 5544 quos
768 5477 904 5531 bene
939 5479 1248 5534 ministrare
1280 5481 1512 5534 nominis
1558 5479 1640 5534 sui
1675 5494 1942 5532 memores

360 5545 673 5625 (διακονέω,
721 5546 986 5625 ministro)
1050 5559 1284 5625 oportet.
1321 5551 1523 5625 Eadem
1560 5549 1942 5625 ethyinologia:

363 5616 575 5686 ratione
601 5629 802 5686 canon.
847 5616 918 5670 57
947 5616 1161 5672 eonciIii
1219 5635 1272 5674 tv
1321 5616 1786 5686 Carthaginiensis,
1817 5616 1942 5672 cttv

361 5685 612 5756 Toletan,
644 5684 908 5756 339,1nbet
933 5689 1014 5742 eis
1060 5689 1338 5743 ministros
1359 5704 1416 5743 se
1440 5684 1579 5752 esse,
1627 5704 1939 5756 agnoscere.

433 5753 550 5834 (ὅθ)
587 5753 875 5834 Iniurium.
938 5757 1055 5813 Non
1089 5762 1158 5834 ita
1207 5759 1379 5834 facile
1408 5753 1735 5834 invenias—in
1777 5774 1942 5826 expo-

363 5825 627 5878 srtoribus
651 5824 798 5904 Pauli
829 5841 1015 5884 vocem
1046 5829 1324 5887 πάροινον.
1368 5828 1716 5886 iniuriosum,
1747 5824 1937 5885 contu-

2039 4823 2192 4878 mino
2234 4828 2446 4884 nostro,
2506 4817 2590 4871 cui
2637 4815 2806 4886 gloria
2849 4822 2903 4868 et
2938 4809 3252 4880 imperium,
3303 4805 3356 4860 in
3418 4803 3616 4858 sa'cula

2045 4913 2389 4970 saeculorum.
2421 4910 2618 4966 Amen.

1594 5271 1638 5303 7"
1667 5270 1688 5324 1
1714 5269 1859 5324 Tim.
1892 5284 1974 5335 ιιι,
1997 5267 2058 5334 '5,
2096 5265 2230 5333 4;11
2259 5262 2405 5320 Tim.
2440 5277 2500 5330 tt,
2526 5262 2621 5317 25.

2037 5403 2347 5466 meliosum,
2371 5402 2485 5458 sive
2516 5395 2924 5466 convitiatorem
2962 5394 3134 5466 reddi;
3168 5404 3222 5448 at
3271 5409 3376 5448 non
3403 5393 3618 5466 quidem
3629 5405 3634 5411 -

2041 5461 2428 5541 Theophanes,
2467 5470 2542 5541 uti
2575 5468 2752 5521 sentio
2796 5464 3297 5541 disbaouexéttou,
3353 5479 3474 5516 nam
3512 5461 3636 5514 vinii

2041 5543 2086 5596 is
2115 5536 2235 5598 esse
2269 5544 2408 5596 solet
2445 5537 2691 5603 effectus,
2714 5546 2771 5592 ut
2809 5537 2875 5591 ad
2907 5536 3086 5607 jurgia
3115 5536 3196 5590 vel
3227 5536 3458 5588 inermes
3491 5546 3630 5599 proa-

2043 5613 2242 5668 trudat.

2115 5682 2226 5752 (51)
2265 5677 2660 5734 Pcenitentiam.
2692 5674 2915 5752 Mutilus
2937 5683 2992 5752 et
3024 5675 3349 5752 depravatus
3383 5669 3644 5752 habetutf'

2050 5740 2138 5806 hic
2164 5740 2310 5804 lo'cus
2334 5751 2386 5804 in
2411 5760 2642 5816 utroque
2665 5745 2986 5818 exemplari.
3039 5740 3144 5796 seu
3167 5755 3286 5818 cum
3310 5740 3483 5818 verba
3509 5741 3639 5796 sini

2046 5820 2310 5885 Auostoli,
2345 5834 2408 5874 ex
2435 5832 2502 5875 eo
2545 5809 2909 5883 supplevitnus
2950 5822 3002 5869 et
3041 5809 3472 5868 ctnendavinms.
