4142 6294
353 371 457 433 353

1510 369 1796 434 ORATIO
1847 371 2434 434 EUtiHARISTICA.

3477 377 3582 440 35i

355 485 629 539 ἀθάνατον
723 483 782 537 τὸ
815 483 988 538 κακόν
1015 499 1028 516 ⁶
1056 483 1282 552 ὕστερον
1305 483 1360 536 δὲ
1393 483 1553 536 πάλιν
1594 483 1923 553 σπλάγχνοις

2029 493 2168 537 esset
2221 470 2457 546 malum,
2499 497 2596 551 pro
2649 497 2714 537 eo
2766 497 2870 552 quo
2953 488 3292 554 prosequeris
3346 488 3588 544 homines

361 581 603 648 ἀφᾶτοις
637 579 742 632 σῶν
777 576 1099 646 οἰκτιρμῶν,
1141 577 1378 643 παγγενὶ
1429 575 1614 627 τοῦτον
1663 575 1930 629 ἀνακαλε-

370 671 614 737 σάμενος
640 670 701 722 ἐκ
730 668 827 738 τῆς
861 668 1065 738 πικρᾶς
1088 667 1400 738 τυραννίδος
1429 667 1523 720 τοῦ
1552 667 1682 737 ᾅδου
1710 668 1798 720 καὶ
1819 667 1927 721 τῶν

369 761 590 830 δεσμῶν
634 757 850 829 τρόποις
880 757 1198 827 οἰκονομίας
1243 759 1506 829 ἀρρήτου,
1567 759 1749 827 ὅμοιος
1796 759 1928 826 ἡμῖν

375 853 517 908 κατὰ
546 853 713 905 πάντα
741 853 1056 920 γενόμενος,
1087 852 1150 903 ἐκ
1197 849 1534 920 παρθενικῆς
1570 850 1664 902 κα)⁸
1688 849 1925 917 ἀμολύν-

378 963 468 998 του
503 945 730 1014 γαστρὸς
773 945 947 1014 χωρὶς
979 944 1275 1014 ἁμαρτίας,
1299 943 1394 996 καὶ
1427 942 1651 996 θάνατον
1682 942 1927 996 ἑκούσιον

376 1037 687 1103 ὑπομείνας,
726 1039 822 1089 καὶ
851 1036 942 1088 διὰ
967 1034 1060 1088 τοῦ
1090 1033 1322 1088 θανάτου
1363 1036 1720 1105 καταργήσας
1745 1034 1839 1086 τὸν
1866 1034 1926 1086 τὸ

369 1128 567 1199 κράτος
592 1127 788 1197 ἔχοντα
818 1127 915 1180 τοῦ
946 1125 1202 1192 θανάτου,
1228 1125 1372 1178 τοῦτ’
1399 1125 1513 1178 ἐστι
1546 1126 1636 1178 τὸν
1657 1125 1922 1178 διάϐολονο

359 1219 494 1270 διότι
523 1218 625 1270 οὐκ
672 1214 742 1288 ἦν
765 1219 990 1273 δυνατὸν
1021 1217 1342 1289 κρατεῖσθαί
1371 1235 1430 1270 σε
1450 1217 1542 1270 τὸν
1567 1217 1806 1287 ἀρχηγὸν
1828 1215 1924 1286 τῆς

359 1306 506 1374 ζωης
539 1305 632 1358 ὑπ’
656 1306 846 1371 αὐτοῦ,
888 1309 980 1360 καὶ
1007 1307 1096 1360 διὰ
1133 1307 1290 1360 τοῦτο
1315 1307 1671 1375 συνεξεμὲσαι
1693 1307 1926 1375 ποιήσας

358 1395 551 1448 τοῦτον
588 1396 684 1448 σὺν
712 1397 794 1449 σοὶ
823 1397 916 1448 καὶ
945 1395 1038 1459 οὓς
1068 1395 1259 1467 πρώην
1293 1397 1554 1451 κατέπιεν
1587 1397 1829 1466 ἰσχύσας·
1863 1389 1925 1447 οὗ

361 1488 426 1554 τῇ
460 1485 754 1557 δυναστείᾳ
790 1486 956 1539 πύλαι
988 1487 1088 1554 μὲν
1121 1487 1328 1539 ἐκείνου
1376 1487 1577 1556 χαλκαῖ
1610 1485 1926 1556 συνετρίϐη-

361 1592 483 1640 σαν,
516 1575 615 1629 καὶ
644 1576 835 1646 μοχλοὶ
864 1577 1073 1647 σιδηροῖ
1096 1577 1562 1648 συνεθ).ἀσθησαν,
1588 1578 1681 1630 καὶ
1736 1577 1798 1630 τὸ
1843 1576 1924 1641 ζο-

361 1669 530 1737 φερὸν
583 1668 678 1721 καὶ
715 1668 931 1736 speres;
967 1667 1134 1721 αὑτοῦ
1178 1669 1555 1739 δεσμωτήριον
1594 1669 1800 1738 ἔρημον
1829 1669 1923 1721 καὶ

359 1757 561 1812 ἄδατον
600 1757 953 1830 κατελείφθη·
986 1761 1013 1813 ὁ
1040 1761 1133 1813 καὶ
1177 1759 1274 1812 νῦν
1319 1760 1447 1830 ήμᾶο
1493 1760 1921 1824 ὀλισθαίνοντας,

2032 588 2219 628 amore
2265 574 2556 644 castigasti.
2613 575 2812 628 lterum
2875 579 3087 630 tandem
3137 578 3588 634 inenarrabilibus

2033 673 2238 718 tuarum
2271 665 2675 718 miseratiouum
2706 667 3003 720 visceribus
3033 682 3154 720 eum
3185 668 3252 721 ab
3280 684 3464 724 amara
3498 671 3584 723 in-

2028 751 2166 806 ferni
2197 753 2480 824 tyrannide
2511 753 2846 822 vinculisque
2875 769 2994 808 cum
3019 756 3270 810 universo
3303 758 3476 826 ipsius
3495 773 3590 826 ge-

2029 857 2156 898 nere
2207 845 2499 906 revocasti,
2555 853 2610 898 et
2668 844 2923 898 lnell‘abili
2981 861 3106 901 usus
3171 848 3588 917 dispensationis

2030 935 2189 988 modo
2217 935 2406 989 similis
2440 935 2594 988 nobis
2627 936 2920 988 secundum
2950 939 3128 990 omnia
3152 979 3166 1001 ,
3207 943 3324 994 sine
3358 928 3582 1008 peccato

2028 1033 2232 1091 tamen,
2263 1042 2329 1080 ex
2357 1027 2599 1097 virgineo
2643 1038 2696 1079 et
2729 1029 3018 1097 purissimo
3054 1041 3204 1084 utero
3246 1032 3470 1088 eﬂectus
3501 1048 3584 1098 es,

2032 1128 2367 1187 mortemque
2393 1130 2742 1186 spontaneum
2779 1134 2993 1187 passus,
3031 1135 3126 1189 per
3170 1133 3393 1179 mortem
3431 1125 3586 1194 deje-

2029 1211 2150 1266 cisti
2184 1226 2304 1265 eum
2330 1211 2421 1280 qui
2457 1211 2648 1264 mortis
2680 1219 2994 1281 potestatem
3024 1213 3258 1268 habebat
3284 1216 3586 1280 diabolum;

2028 1315 2206 1372 neque
2251 1304 2393 1356 enim
2441 1302 2556 1356 ﬁeri
2604 1313 2813 1370 poterat
2842 1313 2897 1356 ut
2935 1312 2984 1356 te
3020 1303 3138 1357 vita:
3167 1315 3440 1358 auctorem
3475 1307 3590 1376 ipse

2028 1395 2308 1448 retineret.
2357 1393 2695 1464 Quapropter
2739 1395 2963 1462 coegisti
2996 1396 3206 1463 quidem
3255 1412 3374 1450 eum
3423 1399 3583 1451 simul

2030 1492 2204 1538 tecum
2237 1499 2485 1539 evomere
2509 1485 2646 1548 illos,
2670 1486 2980 1558 quosprius
3019 1487 3393 1555 absorpserat;
3434 1489 3590 1558 cujus

2030 1577 2265 1646 potentia
2300 1590 2462 1629 aeneae
2493 1575 2632 1630 illius
2656 1556 2822 1645 portae
2853 1577 3094 1630 contritae
3117 1587 3271 1643 sunt;
3302 1589 3590 1648 rectosque

2031 1666 2190 1722 ferrei
2219 1665 2503 1732 confracti,
2540 1680 2727 1722 carcer
2753 1681 2880 1722 vero
2917 1669 3234 1722 tenebrosus
3264 1685 3326 1723 ac
3355 1672 3592 1723 ll'iSIiSsi-

2032 1775 2149 1814 mus
2180 1772 2382 1813 vacuus
2416 1766 2468 1812 et
2498 1758 2652 1812 avius
2686 1759 2904 1814 relictus
2931 1767 3032 1814 est.
3061 1761 3159 1825 Qui
3199 1777 3341 1816 nunc
3389 1772 3442 1815 et
3490 1778 3589 1816 nos

359 1853 458 1902 stati.
485 1851 706 1921 μακρὰν
739 1851 848 1904 ἀπὸ
881 1850 975 1903 σοῦ
1005 1852 1337 1921 γενομένους
1358 1851 1447 1905 διὰ
1480 1851 1578 1921 τὴν
1605 1851 1920 1921 παράϐασιν

2024 1852 2351 1906 collabentes
2398 1851 2662 1922 longeque
2703 1867 2731 1906 a
2781 1861 2831 1907 te
2881 1868 3122 1911 aversos.
3169 1854 3310 1921 quod
3361 1855 3586 1908 vivilicis

360 1942 477 1994 τῶν
506 1941 617 1994 σῶν
653 1942 931 2006 ζωοποιῶν
961 1942 1189 1994 ἐντολῶν
1213 1982 1229 2008 ,
1259 1945 1350 1995 καὶ
1382 1941 1444 1995 τὸ
1472 1941 1648 1995 ὀπίσω
1677 1947 1774 2010 τῆς
1802 1941 1924 1996 δια-

363 2033 513 2096 νοίας
544 2033 705 2103 ἡμῶν
741 2035 840 2104 τῆς
873 2037 1118 2106 πονηρᾶς
1152 2034 1502 2105 πορεύεσθαι,
1536 2036 1628 2088 καὶ
1661 2035 1768 2088 τῶν
1801 2036 1924 2087 ἐπι·

363 2125 579 2195 θυμιῶν
632 2128 729 2196 τῆς
761 2127 982 2196 σαρκὸς,
1035 2127 1262 2196 μάστιγι
1309 2127 1503 2197 λοιμοῦ
1554 2130 1647 2181 καὶ
1694 2127 1926 2183 θανάτου

364 2218 574 2288 πλήξας
617 2219 712 2272 καὶ
759 2218 1053 2282 παιδεύσας
1093 2218 1167 2280 ὡς
1216 2218 1493 2289 κηδεμὼν,
1553 2218 1786 2288 μάλιστα
1831 2219 1929 2290 τὴν

365 2308 634 2378 βρεφικὴν
685 2310 780 2361 καὶ
837 2309 1016 2379 ἄωρον
1067 2309 1304 2378 ἠλικίαν,
1354 2309 1429 2373 ὡς
1476 2311 1541 2363 ἂν
1597 2309 1926 2379 φοϐηθέντες

365 2401 549 2470 ἡμεῖς,
582 2400 631 2452 oi
659 2399 746 2452 διὰ
775 2399 870 2461 τὰς
896 2401 1168 2470 ἁμαρτίας
1193 2401 1364 2471 ἔνοχοι
1394 2403 1487 2454 καὶ
1519 2400 1810 2454 ὑπεύθυνοι
1834 2417 1928 2468 τεο

364 2491 583 2558 νόμενοι
629 2490 707 2560 τῷ
778 2491 1013 2561 θανάτῳ,
1061 2491 1160 2561 τὴν
1198 2493 1462 2560 κραταιάν
1497 2509 1590 2544 σου
1641 2493 1800 2561 χεῖρα
1834 2491 1928 2545 καὶ⁹

366 2581 616 2649 ἄφυκτον
640 2581 736 2634 καὶ
777 2583 865 2634 τὸν
899 2581 1163 2652 βραχίονα
1203 2598 1296 2634 σου
1329 2582 1420 2634 τὸν
1453 2581 1652 2651 ὑψηλὸν
1681 2581 1930 2635 ἀποστῶ-

369 2690 470 2741 μεν
508 2674 686 2740 πάσης
715 2673 936 2736 κακίας,
969 2674 1064 2726 καὶ
1107 2673 1215 2727 τῶν
1245 2672 1526 2743 σαρκικῶν
1560 2673 1932 2741 ἐπιτηδευμά-

364 2781 476 2816 των
505 2764 662 2832 ἡμῶν
688 2781 703 2797 ·
747 2764 1174 2835 εὐχαριστοῦμεν
1217 2767 1311 2818 καὶ
1351 2764 1725 2835 μεγαλύνομεν
1780 2765 1930 2835 φόϐῳ

368 2857 465 2909 καὶ
493 2856 640 2926 πόθῳ
663 2855 749 2910 διὰ
780 2857 841 2910 τὸ
883 2858 1112 2927 μέγεθος
1159 2858 1268 2912 τῶν
1310 2857 1419 2912 σῶν
1477 2857 1715 2926 δωρεῶν,
1743 2856 1840 2928 τὴν
1871 2858 1932 2910 ἁ-

367 3063 596 3118 litatem.
631 3059 687 3113 ln
736 3073 843 3126 quo
889 3059 1102 3128 quidem
1134 3059 1445 3128 Latinorum
1495 3056 1915 3126 Graecorumque

367 3130 777 3198 antiquissimos
817 3127 1054 3185 imitatus
1083 3140 1185 3191 est.
1229 3129 1321 3198 qui
1373 3127 1495 3182 ideo
1539 3129 1746 3182 Adamo
1795 3137 1917 3196 post

367 3209 648 3273 peceatum
697 3213 844 3251 esum
892 3200 1068 3273 vitalis
1102 3199 1225 3273 ligni
1262 3198 1604 3273 interdictum
1639 3199 1916 3273 altmt,_ne

366 3265 568 3326 inisere
593 3278 878 3334 perpetuus
912 3265 1396 3323 vireretflrenaaus
1421 3265 1514 3320 lib.
1550 3282 1630 3328 ιιι,
1665 3281 1782 3332 cap.
1808 3265 1916 3320 37:

368 3339 510 3394 Eum
538 3337 694 3390 adivit
727 3335 885 3398 Deus,
917 3338 1006 3405 qui
1046 3339 1248 3391 seduxit
1277 3335 1556 3398 hominem,
1589 3337 1636 3388 ei
1680 3349 1796 3388 vero
1827 3335 1917 3402 qui

365 3413 613 3464 seductus
646 3415 744 3469 est,
771 3407 959 3459 sensim
984 3407 1338 3476 paulatimque
1370 3406 1606 3458 misertus
1628 3415 1735 3476 est.
1769 3406 1920 3468 Qua-

368 3487 584 3545 propter
612 3484 663 3529 et
689 3476 842 3544 ejecit
865 3492 982 3528 eum
1029 3478 1094 3530 de
1125 3475 1390 3545 paradiso.
1443 3483 1492 3525 et
1544 3491 1575 3526 α
1605 3475 1760 3545 ligno
1800 3476 1919 3527 vitta

367 3543 526 3614 longe
557 3545 848 3606 transtulit,
877 3561 978 3598 non
1001 3546 1232 3599 invidens
1263 3547 1308 3598 ei
1337 3543 1536 3610 lignum
1565 3543 1704 3614 vitae.
1737 3559 1918 3611 quent-

367 3613 656 3670 admodnm
693 3614 904 3683 quidam
945 3614 1146 3678 dicunt,
1177 3616 1265 3669 sed
1294 3615 1548 3666 miserans
1577 3613 1710 3680 ejus,
1738 3621 1794 3683 ut
1819 3628 1920 3666 non

365 3680 717 3755 perseveraret
739 3697 936 3755 semper
960 3693 1335 3753 transgressor,
1353 3698 1510 3750 neque
1531 3680 1824 3755 immortale
1836 3697 1916 3736 es-

364 3749 469 3818 set,
493 3751 630 3823 quod
648 3753 942 3823 essetcirca
969 3769 1084 3823 eum
1111 3749 1431 3817 pecccatum,
1451 3763 1499 3823 et
1526 3749 1724 3804 malum
1754 3752 1919 3823 inter-

364 3819 616 3877 minabile
636 3831 683 3873 et
708 3821 1017 3876 insanabile.
1043 3821 1276 3876 Hilarius
1299 3823 1458 3874 etiam
1491 3822 1541 3874 in
1572 3819 1920 3874 etiarratione

366 3893 562 3961 psalmi
599 3904 766 3961 stut
796 3905 808 3940 :
845 3889 1014 3943 Adam
1040 3890 1254 3960 (inquit)
1288 3890 1420 3943 Deus
1447 3889 1510 3961 de
1539 3888 1786 3961 paradiso
1805 3897 1920 3956 post

365 3959 600 4028 culpant,
632 3975 696 4012 ne
726 3959 924 4028 lignum
965 3959 1081 4013 sine
1123 3961 1418 4029 attingens,
1470 3959 1525 4011 in
1575 3959 1918 4029 teter-nitatem

363 4027 534 4101 ρωηω
567 4027 793 4101 maneret
833 4029 1003 4101 eject‘t.
1035 4027 1336 4101 Tlieologus
1383 4028 1644 4101 panegyri
1683 4027 1922 4101 innati-

365 4094 590 4154 vitatem
625 4094 924 4152 Salvatoris
955 4114 1073 4166 qua:
1105 4099 1172 4152 58
1207 4094 1286 4152 eSt
1313 4097 1366 4149 in
1387 4094 1601 4148 'Biliana
1634 4094 1870 4166 editione
1899 4111 1918 4166 ι

364 4171 538 4237 Atque
584 4167 666 4218 hic
710 4181 910 4237 quoque
955 4163 1214 4233 ('Adamus
1253 4178 1369 4237 post
1405 4163 1916 4237 transgressionem)

365 4229 586 4293 mortem
620 4251 681 4288 ac
709 4229 904 4299 peccati
927 4229 1282 4299 prtecisionem
1311 4229 1599 4298 elucratuF,
1635 4247 1697 4284 ne
1724 4229 1922 4284 malum

367 4306 666 4361 immortale
697 4313 852 4357 esset.
903 4301 990 4358 Ita
1035 4320 1184 4370 paena
1232 4307 1348 4372 ipsa
1399 4305 1452 4356 in
1508 4301 1922 4372 misericordiam

365 4377 545 4429 cessit.
579 4373 735 4426 Hunc
762 4375 900 4426 enim
945 4375 1038 4427 Dei
1080 4371 1272 4427 morem
1320 4388 1430 4426 esse
1474 4373 1529 4425 in
1571 4371 1917 4439 castigando,

365 4455 512 4498 certo
540 4443 666 4497 scio.
708 4441 939 4512 Legitur
973 4443 1395 4512 Cltrysostomus
1425 4444 1476 4493 in
1519 4439 1761 4493 eamdem
1793 4453 1919 4512 sen-

1946 3133 1990 3195 c
2025 3130 2144 3184 haec

2024 1947 2129 1999 tuis
2168 1944 2449 2012 prieceptis
2480 1959 2584 1997 non
2617 1959 2949 2012 pareremus,
2983 1945 3230 2014 quodque
3265 1959 3457 2014 pravas
3485 1961 3583 2000 co-

2024 2037 2314 2107 gitationes
2353 2045 2564 2091 nostras
2599 2037 2884 2106 carnisque
2919 2038 3182 2093 desideria
3213 2055 3580 2108 sequeremur,

2025 2128 2190 2197 pestis
2240 2129 2536 2198 mortisque
2581 2127 2794 2198 ﬂagello
2827 2131 3145 2192 verberasti,
3181 2142 3342 2200 utque
3393 2143 3580 2186 noster

2028 2219 2357 2282 moderator,
2384 2219 2728 2274 immaturam
2759 2223 3024 2289 prmeipue
3057 2222 3341 2277 infantium
3371 2235 3582 2278 aetatem

2029 2307 2145 2379 (54)
2166 2309 2542 2376 castigasti,;ut
2565 2311 2840 2377 perterriti
2867 2325 2983 2374 nos,
3012 2311 3100 2378 qui
3129 2320 3346 2381 propter
3373 2323 3588 2381 peccata

2024 2397 2126 2464 rei,
2165 2399 2432 2467 mortique
2462 2399 2684 2454 obnoxii
2723 2398 2850 2474 facti
2900 2416 3106 2466 sumus,
3141 2403 3404 2471 veritique
3452 2404 3588 2456 vali—

2028 2489 2152 2542 dam
2194 2502 2258 2543 ac
2301 2488 2666 2544 inevitabilem
2735 2504 2948 2543 manum
3003 2499 3150 2544 tuam
3199 2491 3590 2562 bracltiumque

2023 2576 2316 2643 excelsum,
2345 2577 2413 2630 ab
2434 2578 2578 2632 omni
2600 2578 2727 2630 vitio
2756 2586 2808 2631 et
2829 2579 3139 2634 carnalibus
3168 2581 3360 2636 studiis
3387 2583 3589 2636 nostris

2028 2668 2362 2720 recedamus.
2385 2667 2600 2722 Gratias
2630 2669 2838 2738 agimus
2868 2669 2986 2734 tibi,
3009 2679 3061 2724 et
3089 2670 3278 2726 timore
3299 2687 3588 2741 amoreque

2034 2759 2181 2814 ducti
2213 2760 2324 2831 (55)
2353 2771 2571 2830 prapter
2601 2763 3024 2831 magnitudinem
3056 2765 3319 2819 donorum
3373 2777 3582 2821 tuormu

2037 2853 2446 2922 niagnilicamus
2467 2854 2760 2908 bonitatem
2793 2864 2938 2909 tuam
2967 2871 3087 2926 quae
3109 2857 3425 2929 iniuriarum
3451 2861 3588 2916 obli-

2095 3057 2221 3142 (51)
2246 3057 2593 3142 Immaturam
2624 3059 2908 3124 infantium
2927 3071 3154 3116 (etatem.
3187 3061 3392 3121 Desunt
3423 3065 3585 3122 verba

2230 3144 2530 3184 8553080“.

2094 3198 2206 3270 (55)
2243 3197 2306 3270 Et
2325 3198 2507 3270 timore
2534 3213 2809 3270 umoreque
2836 3199 3000 3270 ducti.
3020 3199 3180 3256 Nervi
3209 3203 3423 3270 quidem
3456 3213 3583 3258 sunt

2022 3266 2196 3340 totius
2219 3266 2879 3340 spiritualis_inereineuti
2915 3284 3067 3322 amur
3119 3266 3386 3340 timorque
3452 3272 3584 3338 Dei,

2020 3333 2310 3408 columnas,
2356 3350 2494 3408 quae
2516 3333 2880 3389 Christianam
2935 3347 3265 3408 structuram
3298 3333 3583 3408 'l‘ulciunt,

2019 3407 2127 3478 poli
2160 3405 2251 3474 qui
2292 3403 2668 3478 periculosam
2696 3406 2974 3478 praesentis
3019 3407 3142 3460 vitae
3183 3403 3579 3478 navigationem

2020 3471 2307 3542 dirigunt}
2344 3471 2480 3537 Quid
2515 3473 2768 3526 Dominus
2799 3473 2934 3526 Deus
2961 3483 3078 3527 tuus
3107 3479 3238 3542 petit
3273 3471 3395 3532 a'te
3449 3483 3586 3542 (cla-

2021 3546 2204 3598 tuabat
2227 3541 2483 3611 Moyses).
2501 3541 2603 3596 nisi
2628 3552 2681 3594 ut
2709 3544 2892 3596 timens
2921 3541 3196 3597 Dominum
3227 3545 3387 3600 Deum
3411 3541 3583 3610 tuum,

2019 3623 2070 3670 et
2099 3612 2331 3666 ambules
2360 3613 2413 3664 in
2441 3613 2538 3665 aiis
2571 3611 2702 3679 ejus,
2731 3621 2778 3665 et
2807 3611 2997 3680 diligas
3025 3629 3143 3666 eum
3165 3615 3190 3666 ?
3217 3614 3308 3668 Est
3359 3632 3486 3672 vero
3516 3619 3584 3673 de

2021 3697 2207 3738 amore
2237 3697 2267 3735 a
2307 3682 2497 3736 multis
2523 3681 2730 3751 dictum
2766 3695 2832 3734 ex
2865 3682 3129 3751 professo.
3171 3683 3374 3738 Vellem
3425 3689 3585 3739 nimi-

2022 3768 2139 3806 rum
2171 3760 2226 3805 et
2256 3751 2322 3804 de
2353 3751 2569 3804 timore.
2603 3749 2735 3804 illud
2765 3749 2905 3818 saap’e
2955 3753 3082 3804 mihi
3127 3769 3414 3809 occurrere
3443 3757 3582 3810 solet

2020 3821 2086 3876 de
2113 3819 2538 3892 praesentissimo
2583 3820 2682 3874 hoc
2736 3821 2994 3873 malorum
3040 3821 3376 3878 internarum
3426 3825 3586 3892 phar-

2022 3889 2213 3953 maco;
2242 3889 2313 3940 ita
2334 3903 2539 3964 _nempc
2563 3903 2697 3964 cum
2719 3892 2934 3964 nomine
2960 3893 3251 3964 et_ratione
3273 3907 3369 3964 sua
3397 3889 3584 3964 (sbve-

2023 3971 2196 4011 terum
2235 3958 2557 4024 sapientum,
2590 3960 2785 4024 quibus
2812 3958 2989 4011 divina
3025 3958 3114 4012 lux
3151 3976 3255 4016 non
3283 3958 3580 4025 allul'se'rat,

2022 4031 2089 4082 de
2140 4041 2205 4080 eo
2259 4025 2554 4095 sententias
2589 4027 2970 4095 perscrnteris)
3005 4030 3320 4095 convenire,
3356 4041 3414 4083 ut
3446 4031 3582 4086 nihil

2024 4097 2220 4167 minus.
2258 4092 2434 4167 Timor
2457 4104 2528 4145 est
2573 4092 2745 4167 (aiunt
2783 4092 3150 4167 Peripatetici)
3180 4092 3322 4167 ittqu
3373 4115 3457 4160 τις
3488 4103 3585 4154 καὶ

2021 4163 2252 4234 ταραχή,
2305 4161 2458 4234 dolor
2497 4163 2709 4234 quidam
2745 4161 3169 4234 et_co_nturbatio.
3210 4161 3346 4230 Quid
3393 4179 3581 4223 contra

2024 4229 2116 4304 per
2145 4229 2476 4304 ASiracidem‘
2520 4231 2812 4304 Dominus?
2863 4229 3038 4284 Timor
3082 4229 3296 4304 Domini
3329 4235 3499 4304 gloria
3532 4249 3582 4290 et

2021 4300 2354 4371 glori/icatio,
2381 4309 2430 4352 et
2459 4300 2662 4364 ltetitia,
2690 4309 2739 4353 et
2770 4316 2963 4354 corona
2986 4300 3372 4358 exsultationis.
3400 4304 3588 4360 Timo-

2025 4373 2099 4425 ris
2131 4385 2314 4425 comes
2347 4373 2542 4424 mentis
2572 4381 2778 4436 stupor,
2815 4381 2869 4423 et
2917 4371 3241 4438 ignorantia,
3273 4384 3328 4427 at
3360 4375 3579 4430 divinus

2023 4441 2183 4494 timor
2209 4439 2482 4508 sapientia:
2502 4441 2835 4508 principium,
2866 4456 3046 4493 sensus
3068 4445 3470 4507 consummatio,
3501 4447 3586 4500 di-

367 4517 591 4568 tentiam
629 4507 843 4582 homilia
878 4511 947 4566 26
976 4513 1028 4565 in
1073 4507 1188 4580 cap.
1229 4527 1320 4564 vtu
1352 4509 1666 4582 Geneseos;
1702 4519 1756 4563 et
1789 4507 1918 4582 υἱεῖ
1946 4515 1998 4574 Ῑ)
2025 4511 2246 4582 s_ciplina
2271 4507 2545 4582 iscientite,
2579 4507 2905 4582 illuminatio
2948 4512 3203 4582 cordium,
3241 4525 3292 4567 et
3327 4517 3406 4582 (ut
3447 4519 3584 4568 scite

366 4595 647 4651 ronymus,
700 4583 753 4635 in
807 4580 957 4634 Isaiae
998 4595 1117 4648 cap.
1140 4577 1287 4634 ’va.
1322 4580 1739 4651 _Pe_rtinet_vero
1773 4586 1826 4630 et
1853 4577 1920 4631 ad

367 4646 511 4705 Ιιιιιιέ
542 4651 714 4704 locum
744 4651 1023 4714 adnotare,
1059 4646 1204 4704 recte
1229 4649 1330 4702 dici
1355 4663 1384 4700 a
1408 4646 1754 4713 Theophane,
1785 4660 1924 4698 mor-

366 4731 475 4774 tem
508 4719 666 4787 primi
708 4719 945 4787 parentis
994 4735 1060 4772 ex
1108 4719 1228 4786 ejus
1261 4731 1386 4772 easu
1429 4715 1920 4787 subsecutum,“-

364 4783 561 4843 versus
584 4783 824 4841 iudicum
852 4783 1170 4855 Josepltuni,
1197 4796 1249 4840 et
1284 4788 1592 4840 lmreticum
1625 4783 1918 4851 Pelagium,

366 4859 460 4924 qui
497 4858 812 4911 moriturum
842 4871 997 4921 eum,
1027 4857 1126 4911 etsi
1178 4870 1286 4908 non
1351 4862 1643 4923 peccasset,
1685 4855 1922 4924 adiuua-

366 4921 515 4979 runt.
552 4925 718 4990 Quem
753 4939 994 4979 errorem
1026 4921 1419 4979 damnaverunt
1461 4923 1696 4976 Africani
1727 4921 1918 4974 Patres

366 4996 421 5048 in
458 5009 611 5049 conc.
654 4993 956 5062 Milevitano
986 5010 1190 5048 canone
1221 4993 1272 5058 1,
1316 5003 1369 5046 et
1419 4993 1472 5045 in
1523 4991 1731 5062 synodo
1776 4990 1922 5042 Alri-

364 5079 504 5117 cana
526 5066 780 5118 adversus
804 5061 1071 5128 Pelagium
1096 5073 1148 5116 et
1174 5063 1463 5116 Celestium
1489 5061 1696 5123 coacta,
1713 5073 1920 5112 canone

365 5133 461 5196 75,
492 5143 545 5185 et
569 5131 868 5186 Tridentini
900 5133 951 5186 in
986 5134 1227 5186 sessione
1274 5131 1346 5184 De
1393 5139 1600 5198 peccato
1647 5128 1920 5198 originali.

367 5201 727 5269 Hieronymus
761 5203 1270 5256 commentariorum
1307 5201 1360 5253 in
1392 5197 1491 5254 Job
1517 5213 1633 5267 cap.
1663 5199 1698 5252 5
1731 5213 1746 5262 ;
1807 5197 1918 5250 Au-

364 5272 634 5338 gustinus,
669 5270 843 5338 inlib.
902 5269 974 5323 De
1001 5271 1303 5333 hwresibus,
1365 5272 1430 5324 ad
1483 5269 1918 5338 Quodvultdeum,

364 5337 420 5393 ct
466 5339 556 5392 lib.
588 5354 684 5392 snt
710 5337 952 5393 Civitatis
986 5355 1106 5409 cap.
1141 5339 1205 5392 12
1241 5349 1294 5392 et
1339 5339 1423 5409 lli,
1452 5349 1506 5392 et
1535 5339 1629 5409 lib.
1655 5353 1670 5390 ι
1701 5337 1776 5409 De
1805 5351 1922 5409 pec-

364 5418 604 5460 catorum
641 5409 809 5462 merit.
850 5425 968 5477 cap.
1005 5406 1141 5473 2,",
1173 5419 1224 5462 et
1250 5413 1320 5474 ὃς
1359 5407 1694 5476 Fulgentius,
1729 5406 1802 5457 De
1835 5407 1920 5457 in-

362 5489 574 5547 carnat.
597 5489 642 5529 et
663 5487 800 5546 grat.
830 5478 1058 5547 cap.‘12;
1090 5478 1329 5547 Prosper
1359 5489 1546 5532 contra
1571 5477 1918 5547 Collatorem,

361 5561 485 5614 cap.
521 5546 626 5611 εἰς
664 5543 999 5613 Bernartius,
1035 5543 1283 5604 sermone
1330 5551 1397 5600 ad
1447 5549 1644 5600 milites
1689 5543 1918 5612 Templi,

363 5631 500 5687 cap:
521 5617 609 5679 il;
646 5631 710 5687 ex
743 5617 944 5687 Graecis
984 5632 1110 5672 vero
1129 5617 1555 5687 .Chrysostomus
1585 5616 1806 5670 humilia
1855 5615 1917 5668 17

362 5683 754 5750 ἰιιϐειιεεὶιιις
787 5684 1018 5744 Basilius
1052 5683 1299 5745 sermone
1339 5690 1404 5742 de
1439 5688 1778 5742 aincatione
1819 5700 1921 5739 st:-

360 5754 495 5819 culi,
525 5764 687 5824 atque
713 5757 823 5811 alii.

2025 4576 2328 4652 Tyb‘eologus
2361 4576 2596 4652 scripsit)
2618 4578 2840 4652 πρῶτον
2864 4579 3052 4652 σοφίας
3077 4576 3391 4652 σπάργανον
3409 4584 3582 4650 prima

2023 4645 2317 4719 disciplina:
2371 4646 2560 4719 fascia.
2617 4645 2887 4719 Timorem
2941 4649 3042 4702 llde
3089 4660 3143 4703 et
3193 4645 3302 4719 spe
3360 4645 3582 4705 tlestitui

2023 4716 2329 4771 Stoicorum
2349 4717 2482 4786 luit.
2527 4716 2746 4786 contra,
2780 4718 3072 4770 timentium
3123 4716 3403 4773 Dominum
3453 4720 3583 4786 ﬁliis

2021 4796 2068 4839 et
2100 4799 2212 4851 spes
2243 4796 2288 4838 et
2321 4785 2518 4851 ﬁducia
2547 4785 2878 4854 fortitudinis
2905 4798 3002 4850 est,
3025 4797 3070 4839 et
3096 4804 3197 4840 non
3231 4797 3383 4840 erunt
3416 4789 3587 4842 incre-

2021 4855 2208 4924 dibiles
2248 4855 2393 4924 verba
2435 4855 2564 4919 Dei,
2608 4855 2736 4922 ﬁdes
2777 4858 2916 4908 enim
2967 4855 3315 4924 agglutinatio
3351 4858 3582 4912 timoris.

2023 4923 2209 4978 Timor
2237 4923 2417 4978 odium
2448 4925 2634 4992 gignit,
2667 4934 2721 4976 ut
2740 4927 2974 4992 antiquis
2992 4923 3485 4994 apophtegmatilius
3505 4929 3587 4981 in-

2023 4997 2306 5055 struimur,
2343 5003 2396 5047 et
2423 4995 2684 5061 exetnplis
2714 4996 2992 5046 dooeutur.
3025 4993 3127 5045 Sed
3177 4993 3335 5046 timor
3370 4995 3585 5052 Domini

2023 5062 2234 5114 initium
2279 5073 2352 5114 est
2397 5062 2715 5125 dilectionis,
2780 5074 2824 5115 et
2865 5061 3136 5115 oblectatio
3184 5065 3581 5121 misericordiw.

2023 5133 2162 5195 Quid
2221 5133 2398 5185 timori
2447 5133 2776 5199 gernntnius,
2809 5146 2969 5198 quam
3019 5131 3244 5186 timere?
3298 5133 3584 5190 Dominum

2024 5210 2202 5273 tamen
2256 5203 2526 5273 timentes,
2565 5202 2699 5253 nihil
2745 5200 3113 5273 trepidabunt,
3142 5219 3244 5256 non
3289 5207 3584 5273 parebunt,

2021 5269 2268 5336 quoniam
2313 5271 2422 5338 ipse
2469 5279 2546 5322 est
2591 5285 2706 5338 spes
2745 5286 2944 5323 eorum.
2982 5271 3047 5323 Et
3075 5269 3296 5328 Graecus
3340 5279 3404 5327 ad
3447 5269 3586 5329 bant:

2025 5344 2522 5411 incutetnscriptor
2550 5339 3029 5411 ιΟὺίδυνατὸντὸν
3059 5340 3274 5411 ἀληθῶς
3316 5343 3587 5411 φοὸούμε-

2023 5423 2114 5459 νον
2141 5409 2230 5460 τὸν
2261 5408 2630 5480 Θεὸν-δειλίαν
2659 5408 2822 5476 ἔχειν.
2860 5407 3006 5463 Fieri
3049 5407 3160 5465 non
3182 5407 3368 5480 potest,
3415 5422 3467 5463 ut
3490 5407 3584 5478 qui

2022 5493 2138 5530 vere
2175 5480 2356 5530 metuit
2389 5478 2574 5541 Deum,
2615 5478 2668 5531 in
2701 5480 2885 5532 timore
2910 5490 3158 5538 versetur.
3183 5478 3426 5536 Tandem
3451 5482 3584 5546 quid

2022 5559 2105 5599 est
2156 5548 2386 5601 alienius
2424 5554 2490 5598 ab
2535 5549 2606 5618 iis
2649 5551 2740 5616 qui
2793 5551 3070 5613 timentur,
3121 5567 3278 5618 quam
3323 5551 3528 5601 illorum
3561 5587 3579 5613 ,

2024 5618 2113 5684 (ιιιὶ
2146 5631 2241 5669 ωδ
2272 5619 2482 5678 limem.
2529 5617 2759 5686 imperio
2806 5621 3076 5686 subjectos
3127 5617 3283 5671 esse?
3313 5619 3580 5672 Caeterum

2022 5687 2435 5756 benignissimus
2468 5687 2745 5753 Dominus,
2774 5704 2931 5756 quem
2969 5691 3239 5749 timemus,
3264 5688 3583 5741 roluntatem

2025 5755 2315 5808 tinteutzttm
2372 5772 2428 5809 se
2469 5757 2615 5823 [αιὶι.
2655 5755 3052 5813 Concludctnus
3095 5761 3266 5812 locum
3316 5759 3455 5809 hunc
3485 5770 3582 5812 ce-
