4156 6304
569 341 678 405 35.9
1813 337 2190 399 NlCOLAUS
2226 337 2610 402 CABASILA.
2907 338 2930 356 ⁸
3731 346 3834 409 860

570 451 639 503 de
667 445 1079 504 consecratione
1103 444 1314 502 altaris.
1335 443 1613 517 (Lambec.
1636 445 1704 510 V,
1737 445 1962 515 p.4l7.)
1995 475 2062 487 -
2092 445 2150 499 ln
2192 448 2313 503 cod.
2355 448 2481 513 267,
2530 466 2583 503 η.
2615 448 2710 515 20,
2744 451 2796 502 in
2827 461 2934 518 quo
2986 456 3192 519 septem
3219 459 3345 502 sunt
3375 448 3496 504 libri
3527 451 3600 506 De
3639 454 3747 506 vita
3779 459 3831 508 in

569 535 1101 603 Christo;septimus
1117 543 1298 588 autem
1328 533 1564 587 nondum
1589 543 1674 588 est
1701 547 1802 588 nec
1828 531 1924 588 Gr.
1955 547 2056 588 nec
2089 531 2206 589 Lat.
2239 536 2439 600 editus,
2461 538 2926 590 anitnadvcrtente
2954 536 3204 590 Lambec.
3237 536 3301 599 V,
3338 551 3390 605 p.
3421 537 3653 608 435:5q.
3681 571 3734 578 —
3773 542 3828 594 ln

570 622 694 679 cod.
723 622 829 677 556
861 623 983 683 libri
1017 624 1277 692 quinque.
1318 621 1505 676 Lamb.
1540 619 1605 687 ν,
1638 635 1692 691 p.
1726 621 1832 676 626
1857 636 2014 689 sq.—-
2049 622 2170 676 libri
2197 636 2271 686 vt,
2297 621 2352 675 in
2379 623 2505 677 cod.
2544 621 2841 679 Slortiano.
2865 622 2930 676 ν.
2960 621 3256 677 Montfauc.
3288 625 3340 677 itt
3372 622 3512 679 Bibl.
3542 625 3606 679 Β.
3631 641 3760 681 mss.
3789 627 3826 694 1,

573 729 626 780 p.
661 713 766 766 705
793 712 854 766 C.
887 742 954 751 —
987 711 1139 767 Libri
1167 723 1372 782 septem
1404 713 1458 766 in
1493 712 1625 767 cod.
1663 711 1890 766 Coislin.
1924 711 2052 774 515,
2085 708 2177 778 qui
2205 709 2446 765 continet
2481 709 2600 766 Nic.
2647 709 2843 765 Cabas.
2864 709 3161 780 Opuscula,
3193 712 3326 780 {quae
3371 721 3620 766 recenset
3659 711 3834 768 Mont-

571 797 716 851 fauc.
752 795 811 851 in'
841 797 982 852 Bibl.
1011 797 1178 853 Coisl.
1206 814 1258 867 p.
1286 798 1390 852 426
1415 814 1535 869 sqq.
1565 797 1726 854 Conf.
1769 797 2184 852 Casauboniana
2209 812 2238 850 a
2280 796 2370 854 Jo.
2396 790 2676 868 Christph.
2709 798 2905 852 Wolﬁo
2931 799 3200 868 evulgata.
3237 795 3539 868 Hatnburg.
3579 799 3740 864 1710,
3774 802 3830 867 8,

570 899 624 950 p.
650 884 718 939 59
753 899 838 953 sq.
862 901 876 949 ;
904 895 960 938 et
985 884 1292 940 Casauboni
1323 885 1660 958 Exercitatio
1693 881 1812 936 XVl
1842 885 1938 956 ad.
1973 881 2174 937 Baron.
2208 898 2262 938 n.
2293 885 2384 948 50,
2417 887 2505 940 ubi
2538 885 2821 940 Lemmata
2859 894 3066 954 septem
3104 885 3294 940 libror.
3315 883 3392 939 De
3415 886 3593 940 vitain
3615 885 3830 942 Christo

545 972 760 1028 'Gttece
787 973 1036 1040 producit
1072 973 1160 1025 ille
1194 985 1225 1026 e
1253 973 1379 1028 cod.
1412 974 1582 1043 regio,
1606 981 1660 1027 et
1683 985 1878 1040 magna
1909 972 2031 1025 c‘um
2071 972 2348 1042 voluptate
2377 987 2404 1024 a
2433 987 2494 1026 se
2529 972 2698 1026 lectos
2731 981 2990 1027 testatur.

645 1059 758 1113 Nic.
793 1059 992 1114 Cabas.
1026 1058 1299 1128 Expositio
1329 1061 1383 1113 iu
1418 1060 1674 1114 visionem
1705 1057 2020 1123 Ezechielis,
2046 1061 2341 1126 prophetia,
2395 1059 2446 1112 in
2483 1073 2588 1127 qua
2613 1073 2776 1128 super
2801 1068 3033 1129 quatuor
3063 1058 3319 1113 animalia
3355 1059 3657 1116 similitudo
3685 1063 3832 1116 thro-

571 1149 624 1203 ni
657 1156 712 1201 et
763 1163 925 1217 super
971 1149 1379 1203 similitudinem
1436 1149 1643 1212 throni,
1700 1145 2001 1202 similitudo
2059 1145 2223 1200 veluti
2281 1144 2448 1213 ipsius
2475 1146 2731 1208 hominis,
2777 1156 2888 1198 etc.
2923 1144 3156 1212 incipit:
3194 1145 3356 1198 Πᾶσα
3383 1147 3694 1216 προφητεία
3729 1150 3824 1201 καὶ

573 1233 797 1303 Θεωρία,
823 1244 1004 1288 etc.—
1036 1235 1171 1289 Tum
1201 1235 1304 1288 alia
1337 1233 1610 1302 Expositio
1631 1236 1681 1288 in
1717 1234 1985 1288 visionem
2012 1232 2203 1300 prOph.
2235 1229 2560 1294 Ezechielis,
2596 1231 2651 1284 in
2685 1245 2790 1299 qua
2815 1245 2934 1285 ossa
2963 1230 3241 1284 hominum
3276 1231 3426 1285 arida
3464 1233 3700 1300 priorem
3741 1249 3829 1290 re-

572 1321 778 1390 cipiunt
806 1321 1072 1388 speciem;
1095 1321 1204 1374 inc.
1239 1337 1254 1376 :
1286 1321 1398 1390 Τὴν
1423 1320 1518 1374 τοῦ
1551 1321 1695 1374 θείου
1717 1320 1853 1391 πρὸς
1871 1321 1996 1380 τοὺς
2027 1317 2210 1391 ἀνθρὼ

2188 1317 2344 1382 {moue
2364 1320 2520 1388 ὲπιδη
2532 1321 2680 1387 μίαν,
2702 1328 2832 1379 etc..
2865 1327 2919 1373 et
2945 1321 3098 1373 tertia
3125 1319 3404 1388 Expositio
3430 1319 3649 1388 (Allatio
3681 1326 3829 1377 inco-

571 1407 740 1477 gnita)
771 1407 823 1460 in
857 1408 1131 1476 propheta:
1188 1407 1455 1462 Ezechiel.
1481 1409 1788 1463 visionem:
1827 1411 1947 1463 init.
1972 1428 1986 1464 :
2010 1410 2168 1462 Πᾶσα
2202 1425 2212 1458 τ

2202 1407 2508 1475 προφητεία
2533 1407 2627 1458 καὶ
2658 1406 2848 1476 ὅρασις
2872 1407 3080 1468 εἰκόνες
3113 1401 3278 1477 ἦσαν,
3306 1416 3412 1462 etc.
3445 1405 3580 1462 Tres
3617 1408 3699 1462 ha:
3724 1408 3828 1462 Ex-

573 1495 875 1565 positiones
899 1503 1118 1549 exstant
1156 1494 1486 1550 Vindobonaa
1513 1496 1572 1550 in
1596 1498 1717 1552 cod.
1747 1497 1950 1552 Caesar.
1973 1496 2100 1562 267,
2137 1511 2225 1550 nr.
2253 1493 2308 1556 9,
2342 1495 2428 1560 10,
2455 1494 2543 1548 11.
2575 1491 2856 1563 (Latnbec.
2890 1493 2996 1548 vol.
3053 1492 3113 1555 V,
3147 1509 3201 1562 p.
3230 1493 3328 1547 451
3393 1493 3501 1562 sq.)
3535 1506 3589 1548 et
3620 1495 3671 1549 in
3703 1498 3827 1551 cod.

571 1579 738 1636 Coisl.
775 1581 902 1646 515,
938 1579 1031 1634 l‘ol.
1070 1580 1174 1635 155
1201 1597 1321 1650 sqq.
1360 1583 1702 1651 (Montlauc.,
1761 1583 1904 1639 Bibl.
1934 1583 2125 1649 Coisl.,
2153 1598 2208 1652 p.
2233 1581 2360 1650 427)
2396 1611 2462 1622 -
2498 1595 2601 1634 nec
2637 1595 2742 1635 non
2801 1580 2854 1634 in
2896 1580 3020 1636 cod.
3073 1578 3248 1634 Paris.
3283 1578 3414 1635 bibl.
3450 1581 3608 1650 publ.
3666 1583 3828 1647 1215,

572 1683 659 1722 nr.
699 1666 869 1732 9,10,
902 1667 990 1720 11.
1025 1697 1097 1709 --
1140 1667 1255 1722 Una
1286 1669 1556 1737 expositio
1588 1671 1719 1725 ibid.
1755 1671 1830 1725 in.
1855 1673 1978 1726 cod.
2013 1670 2176 1736 1612,
2208 1686 2213 1724 1

2239 1692 2264 1723 ι.
2296 1669 2384 1724 10.
2415 1698 2486 1708 -
2521 1667 2646 1721 Duae
2676 1667 2888 1736 priores
2919 1667 2974 1720 in
3006 1667 3126 1720 cod.
3156 1667 3358 1722 Caesar.
3388 1667 3517 1733 9.66,
3547 1683 3603 1722 n.
3639 1667 3673 1722 5
3700 1677 3753 1724 et
3773 1668 3827 1722 6.
3877 1693 3880 1698 -

575 1753 858 1825 (Lambec.
894 1752 959 1820 V,
1004 1769 1058 1823 p.
1091 1753 1196 1809 415
1229 1764 1337 1824 sq.)
1374 1787 1443 1796 —
1470 1755 1723 1812 Secunda
1754 1756 1944 1813 Venet.
1977 1759 2028 1812 in
2053 1759 2179 1812 cod.
2211 1757 2378 1812 Marc.
2405 1755 2510 1812 506
2559 1756 2659 1810 sub
2683 1756 2777 1809 litt.
2807 1751 2896 1822 (V.
2928 1754 3050 1810 Cat.
3082 1755 3242 1808 codd.
3267 1753 3364 1809 Gr.
3391 1753 3557 1810 Marc.
3585 1771 3637 1825 p.
3675 1755 3826 1825 271.)

645 1841 925 1898 Orationes
955 1843 1005 1912 1)
1036 1844 1088 1896 in
1127 1845 1425 1911 passionem
1452 1843 1510 1900 J.
1530 1843 1656 1899 Chr.
1695 1846 1825 1901 inc.:
1855 1845 2286 1915 ’Δκουε,οὐρανέ

2186 1845 2317 1910 ιανέ,
2347 1853 2478 1909 etc.;
2511 1843 2688 1896 locum
2719 1841 2845 1897 inde
2880 1841 3130 1912 producit
3153 1842 3383 1898 Allatius
3403 1852 3596 1897 contra
3629 1843 3827 1913 Greyg—

574 1932 822 1993 thonutn,
855 1945 910 2000 p.
944 1929 1157 1998 425.,2,
1197 1930 1266 1984 In
1307 1931 1676 1986 Ascensionem
1710 1931 1772 1988 Ι.
1820 1931 1978 1998 Chr.,
2003 1933 2112 1988 inc.
2156 1949 2171 1988 :
2205 1968 2215 1984 ε

2205 1932 2271 1984 Ai
2293 1931 2528 2000 Χάριτες
2560 1929 2662 2000 μὲν
2692 1930 2786 1982 ἐπὶ
2819 1928 2933 1982 τῶν
2963 1931 3248 2000 προτέρων
3283 1929 3513 1999 χρόνων,
3541 1941 3648 1984 etc.
3673 1930 3728 2000 5)
3762 1929 3829 1982 ιιι

575 2015 932 2070 Nativitatem
961 2016 1022 2072 S.
1058 2015 1296 2086 Mariae"
1323 2022 1499 2088 princ.
1532 2020 1644 2073 Καὶ
1698 2020 1897 2090 πρῶτα
1931 2019 2033 2090 μὲν
2065 2019 2158 2074 τὸν
2183 2019 2216 2072 Ε

2191 2018 2315 2072 Θεὸν
2355 2016 2589 2071 ἐνταῦθα
2621 2015 2905 2086 καλῶμεν.
2933 2016 2988 2086 4)
3023 2015 3092 2070 1η
3117 2017 3592 2072 Annuutiationem
3624 2015 3686 2072 S.
3715 2021 3832 2072 Ma-

573 2105 714 2166 rian,
750 2104 896 2158 init.:
931 2105 1000 2157 Et'
1029 2122 1159 2158 ποτε
1189 2106 1270 2158 δεῖ
1299 2107 1508 2177 χαίρειν
1541 2107 1853 2175 ἄνθρωπον.
1886 2107 1942 2178 5)
1979 2105 2042 2159 In
2075 2123 2214 2176 magi

2186 2121 2322 2165 mum
2366 2112 2656 2173 martyrem
2689 2101 3040 2168 Demetrium,
3086 2104 3464 2157 miraculorum
3511 2103 3827 2170 elfectorem,

571 2191 682 2245 inc.
719 2208 734 2245 :
762 2190 980 2245 Πόλλων
1011 2191 1182 2246 ὄντων
1213 2196 1310 2247 καὶ
1344 2193 1622 2262 μεγάλων.
1660 2195 1836 2248 locum
1864 2208 1931 2248 ex
1954 2195 2058 2248 hac
2110 2209 2205 2248 ora

2185 2203 2252 2248 at.
2283 2191 2687 2248 alIertAllatius
2721 2199 2912 2246 contra
2947 2189 3278 2260 llottinger.,
3311 2207 3365 2261 p.
3397 2191 3524 2246 205.
3554 2193 3636 2263 6.)
3668 2193 3726 2246 ltt
3761 2191 3826 2248 S.

574 2275 926 2344 Theodoram,
954 2280 1326 2334 miraculorum
1355 2281 1701 2349 emt-tricem;
1730 2282 1837 2336 inc.
1871 2299 1884 2336 :
1930 2281 2085 2352 Ἐμοὶ
2113 2281 2215 2350 γὰρ

2192 2296 2224 2350 ρ
2254 2278 2464 2346 πολλῶν
2490 2278 2559 2332 τὰ
2594 2278 2662 2332 σὰ
2689 2277 3106 2346 θαυμαζόντων,
3146 2279 3315 2332 edidit
3343 2293 3462 2334 eam
3501 2277 3597 2333 Gr.
3627 2290 3681 2333 et
3705 2279 3827 2334 Lat.

571 2365 824 2421 Godl‘rid.
863 2367 1238 2424 Henschenius
1297 2368 1351 2423 in
1385 2367 1534 2424 Actis
1559 2367 1664 2422 SS.
1697 2369 1783 2422 die
1827 2368 1862 2422 5
1896 2368 2066 2437 April.
2113 2378 2245 2422 tom.
2283 2367 2324 2420 l.
2355 2364 2557 2420 Locum
2600 2363 2725 2417 inde
2762 2363 3097 2432 produxerat
3127 2362 3357 2417 Allatius
3399 2374 3588 2417 contra
3619 2363 3832 2418 llottin-

567 2469 708 2523 gen,
743 2472 795 2524 p.
827 2455 956 2510 204.
988 2485 1058 2496 -
1089 2456 1141 2525 7)
1172 2454 1360 2512 Oratio
1385 2457 1438 2510 in
1469 2466 1571 2510 tres
1605 2455 1914 2525 Theologos,
1939 2453 2225 2518 Basiliam,
2261 2451 2572 2522 Gregorium
2619 2459 2669 2504 et
2701 2449 2790 2503 Jo.
2843 2449 3310 2518 Chrysostomam;
3346 2467 3507 2519 quam
3538 2461 3680 2506 orat.
3717 2467 3830 2506 non

565 2557 690 2598 esse
724 2544 888 2611 hujus
919 2542 1187 2598 Cabasilae
1224 2543 1397 2600 fetum
1426 2582 1441 2608 ,
1479 2543 1572 2597 sed
1603 2541 1875 2598 Philotbei
1923 2545 2223 2598 orationem
2254 2539 2309 2594 in
2343 2547 2452 2594 tres
2499 2538 2626 2594 illos
2668 2537 2863 2593 Patres
2914 2538 3016 2607 legi
3045 2539 3096 2593 in
3147 2540 3269 2594 cod.
3322 2537 3590 2594 Vat'cano
3613 2539 3740 2607 809,
3770 2556 3828 2610 p.

575 2629 700 2694 100,
743 2629 1022 2684 contendit
1054 2629 1305 2684 Labbeus
1332 2630 1388 2683 in
1420 2628 1562 2684 Diss.
1600 2629 1791 2682 histor.
1821 2630 1890 2683 de
1919 2629 2280 2698 scriptoribus
2306 2628 2507 2682 eccles.
2541 2635 2673 2681 tom.
2706 2625 2770 2691 ll,
2811 2641 2868 2696 p.
2903 2625 3024 2680 114.
3061 2625 3353 2682 Enimvero
3397 2625 3613 2681 Fabric.
3668 2643 3722 2695 p.
3760 2628 3828 2681 76

521 2699 530 2708 ’
567 2717 634 2770 ad
667 2716 828 2769 Allat.
867 2726 980 2770 not.
1017 2732 1071 2786 ν,
1115 2717 1267 2771 decet
1305 2715 1574 2771 Philothei
1621 2715 1773 2770 Orat.
1803 2714 1901 2770 Gr.
1939 2730 2005 2771 ac
2034 2715 2151 2770 Lat.
2185 2729 2291 2769 una
2325 2729 2447 2771 cum
2477 2715 2702 2786 Dioptra
2743 2712 2980 2783 Philippi
3007 2713 3245 2770 Solitarii
3282 2723 3388 2768 etc.
3425 2715 3626 2786 editam
3655 2731 3686 2769 a
3709 2714 3823 2771 Jac.

567 2801 834 2865 Pontano,
868 2799 1184 2872 lngolstadii
1215 2802 1374 2865 1601,
1408 2804 1478 2871 4,
1518 2812 1572 2857 et
1601 2803 1726 2858 hinc
1758 2805 1808 2856 in
1845 2803 2102 2858 Anctario
2130 2801 2207 2856 Du

2180 2815 2418 2866 ucwano,
2450 2799 2624 2856 Paris.
2684 2800 2844 2866 1624,
2882 2811 3014 2855 tom.
3046 2799 3113 2866 ll,
3147 2817 3270 2871 pag.
3298 2801 3425 2867 515,
3455 2812 3509 2856 et
3537 2801 3660 2856 Lat.
3691 2813 3821 2858 tom.

569 2888 738 2942 XXVI
785 2888 925 2943 Bibl.
965 2888 1214 2956 Patrum,
1256 2889 1426 2960 Lugd.
1459 2905 1512 2961 p.
1548 2890 1676 2956 217,
1707 2891 1972 2946 diversam
2007 2905 2128 2945 esse
2155 2890 2225 2944 ab
2252 2889 2512 2944 Oratione
2557 2887 2824 2944 Cabasila:
2881 2890 2934 2944 in
2967 2890 3186 2944 eosdem
3241 2905 3431 2945 sacros
3477 2889 3822 2951 triumviros,

565 2993 687 3047 quae
714 2993 816 3034 ms.
850 2991 935 3034 est
965 2981 1018 3034 in
1052 2979 1188 3034 bibl.
1215 2978 1486 3051 Caesarea;
1517 2978 1665 3050 (cod.
1691 2979 1817 3034 267.
1853 2995 1937 3032 nr.
1968 2979 2054 3042 14,
2087 2989 2140 3033 ct
2185 2977 2440 3032 Lambec.
2470 2976 2576 3031 vol.
2615 2975 2680 3040 ν,
2715 2992 2772 3047 p.
2805 2976 2955 3048 455).
2987 2976 3262 3032 Labbeum
3288 2977 3400 3048 jam
3433 2977 3709 3042 relutavit,
3742 2982 3827 3032 vel

564 3082 630 3120 ex
659 3066 829 3121 initiis
855 3066 1009 3124 Orat.
1042 3066 1311 3123 Pbilotltei
1348 3078 1512 3139 atque
1539 3070 1640 3124 0r.
1678 3067 1849 3124 Nicol.
1878 3067 2074 3124 Cabas.
2122 3066 2543 3122 demonstrando
2587 3065 2869 3135 utriusque
2899 3065 3050 3120 Orat.
3089 3066 3458 3120 diversitatem
3520 3064 3825 3122 Fabricius.

567 3152 840 3208 Praeterea
869 3165 923 3209 et
958 3155 1026 3209 ab
1061 3155 1206 3222 aliis,
1238 3157 1437 3226 inquit,
1461 3156 1734 3211 laudatam
1767 3171 1890 3211 esse
1933 3155 2080 3210 illam
2114 3156 2394 3209 beatorum
2446 3155 2731 3209 doctorum
2766 3156 2964 3226 trigam
2991 3170 3021 3210 a
3042 3154 3253 3210 Joanne
3285 3155 3681 3210 Euchaitarum
3711 3171 3828 3211 me-

570 3244 844 3311 tropolita,
875 3244 964 3311 (V.
1002 3245 1174 3300 Atlat.
1205 3259 1328 3316 pag.
1356 3243 1482 3309 112,
1513 3247 1577 3300 de
1617 3242 1931 3306 Simeonum
1958 3241 2199 3313 scriptis)
2231 3241 2520 3298 Theodoro
2550 3239 2838 3298 lletochita
2873 3252 2930 3297 et
2952 3241 3207 3297 Matthaeo
3232 3242 3540 3298 Camariota
3569 3243 3825 3312 aliisque,

565 3330 1054 3403 observarungviri
1105 3333 1427 3388 doctissimi.
1453 3333 1654 3388 Confer
1711 3335 1844 3388 Acta
1872 3331 2146 3388 SS..tom.
2170 3329 2236 3396 ll,
2261 3329 2413 3398 Jun.,
2445 3346 2566 3400 pag.
2591 3332 2696 3387 955
2726 3347 2842 3400 seq.
2874 3331 2968 3386 ubi
3003 3331 3070 3385 de
3103 3329 3264 3395 festo,
3298 3330 3441 3399 quod
3472 3329 3526 3382 in
3561 3331 3822 3386 honorem

565 3432 908 3472 communem
951 3419 1155 3486 Basilii,
1183 3419 1512 3474 Nazianzeni
1542 3428 1597 3474 et
1628 3418 2003 3488 Chrysostoml
2030 3435 2057 3471 a
2097 3417 2324 3482 Graecis,
2359 3420 2444 3473 die
2470 3419 2539 3485 50
2571 3417 2798 3476 Januar.
2835 3417 3168 3484 celebratur,
3201 3427 3424 3472 auctore
3477 3413 3690 3472 Joanne
3718 3433 3825 3470 me-

567 3506 816 3572 tropolita
849 3504 1231 3560 Euchaitarum
1269 3508 1607 3576 temporibus
1634 3507 1810 3561 Alexii
1837 3505 2122 3570 Comneni,
2159 3504 2306 3559 litem
2338 3506 2703 3570 ambitiosam,
2755 3519 2876 3574 quae
2931 3504 3073 3562 inter
3115 3503 3389 3570 Basilitas,
3427 3501 3742 3575 Gregoritas
3771 3512 3827 3557 et

563 3593 851 3648 Joannitas
883 3605 999 3647 orta
1040 3595 1236 3658 luerat,
1269 3595 1341 3648 ita
1393 3604 1770 3664 componente,
1808 3601 1868 3647 ut
1903 3593 2129 3657 diceret,
2177 3603 2286 3647 tres
2322 3593 2444 3648 illos
2483 3593 2646 3647 simul
2699 3593 2803 3646 sibi
2839 3592 2988 3647 visos
3028 3593 3244 3658 adesse,
3283 3600 3532 3656 testatos,
3565 3605 3626 3646 se
3658 3607 3821 3646 unum

566 3695 691 3734 esse
723 3683 860 3748 apud
890 3680 1083 3744 Deum,
1115 3681 1298 3749 itaque
1329 3695 1426 3734 nec
1455 3695 1741 3751 sua.causa
1767 3682 2196 3736 contendendum
2222 3683 2289 3734 de
2317 3682 2696 3749 praerogativa,
2731 3680 2824 3734 sed
2846 3679 3048 3734 cultum
3071 3678 3312 3746 ipsorum
3340 3691 3688 3733 communem
3715 3695 3822 3734 uno

566 3767 652 3820 dte
684 3767 1146 3835 conjungendnm.
1181 3768 1383 3822 Confer
1431 3768 1596 3824 etiam
1629 3768 1833 3824 Nicolai
1891 3768 2070 3838 llaytei
2103 3778 2393 3821 tractatum
2425 3765 2852 3836 praliminarem
2888 3765 3038 3821 Actis
3066 3766 3170 3819 SS.
3201 3775 3330 3820 tom.
3365 3763 3431 3828 ll,
3461 3764 3632 3831 Junii,
3681 3785 3822 3838 pra:-

575 3853 830 3907 missum.
870 3851 1146 3910 Hactenus
1183 3855 1398 3910 Fabric.
1437 3885 1508 3895 —
1533 3857 1803 3912 Philotltei
1834 3868 1888 3912 et
1915 3855 2000 3911 Jo.
2046 3855 2430 3909 Eucltaitarntn
2488 3854 2771 3923 tnetropol.
2807 3853 2987 3912 Oratt.
3019 3853 3075 3907 in
3106 3864 3215 3908 tres
3240 3853 3360 3908 illos
3381 3854 3594 3918 Patres,
3626 3865 3793 3925 atque

568 3940 748 3995 Nicol.
805 3940 1075 3996 Cabasilae
1128 3946 1377 4012 quaedam
1433 3955 1622 4000 contra
1671 3945 1915 4011 Latinos,
1951 3954 2078 4000 sunt
2119 3943 2307 3998 Romae
2338 3942 2479 3996 inter
2504 3941 2664 3998 codd.
2695 3941 2943 3996 Vatican.
2987 3941 3446 4009 testejlontfauc.
3479 3943 3534 3994 in
3576 3940 3716 3995 Bibl.
3748 3943 3826 3995 bi-

574 4030 816 4082 biblimh.
856 4027 1013 4083 MSS.
1050 4043 1106 4100 p.
1149 4030 1254 4097 l2;
1317 4031 1382 4085 D.
1421 4032 1486 4088 Β.
1523 4032 1702 4088 1\'icol.
1757 4033 1960 4088 Cabas.
2023 4033 2307 4087 Orationes
2351 4029 2597 4098 quaedam
2643 4046 2776 4084 mss.
2834 4031 3022 4085 Itonia:
3074 4029 3307 4098 iu,bibl-.
3371 4027 3698 4094 Barberina;
3732 4032 3824 4085 sed

567 4136 813 4188 quaenam
841 4123 973 4185 sint,
1005 4135 1112 4174 non
1148 4122 1367 4178 additur
1400 4122 1454 4177 in
1486 4121 1788 4179 Montfauc.
1822 4111 1953 4177 bibl.
1974 4125 2069 4177 cit.
2095 4136 2150 4191 p.
2177 4119 2280 4174 175
2311 4117 2382 4174 Ε.
2404 4118 2513 4174 Nec
2539 4117 2831 4174 Montl'auc.
2861 4117 2956 4174 lib.
2977 4117 3070 4174 cit.
3098 4117 3150 4172 in
3169 4115 3349 4175 Indice
3381 4119 3539 4173 codd.
3579 4116 3821 4173 Vatican.

568 4207 816 4272 adduxit,
855 4224 954 4263 nec
992 4209 1224 4266 Allatius
1251 4225 1346 4267 eos
1373 4211 1533 4267 codd.
1566 4212 1962 4280 pervestigans,
2017 4209 2260 4278 reperire
2297 4208 2479 4276 potuit
2519 4208 2794 4262 orationes
2845 4207 2938 4272 88,
2974 4213 3110 4276 qt’tas
3138 4207 3232 4261 alii
3264 4207 3318 4261 in
3351 4209 3542 4262 codice
3586 4211 3819 4276 quodam

565 4292 740 4347 Vatic.
773 4305 990 4350 exstare
1022 4298 1389 4364 scripserunt,
1417 4308 1492 4364 et,
1520 4309 1579 4352 ut
1608 4300 1773 4354 Allat.
1795 4299 1967 4363 addit,
2001 4297 2212 4368 Nilone,
2239 4310 2308 4348 an
2333 4293 2554 4349 Nicolao
2580 4295 2928 4364 assignandae
2970 4294 3102 4357 sint,
3127 4295 3228 4365 ipsi
3265 4293 3516 4348 viderint.
3553 4294 3740 4348 Romae
3771 4300 3824 4348 in

567 4379 701 4432 bibl.
729 4381 952 4448 Cltiggia
987 4381 1102 4436 Nic.
1132 4383 1267 4436 Cab.
1295 4385 1579 4438 Orationes
1605 4387 1878 4451 quaedam.
1907 4383 1997 4438 Sic
2025 4386 2202 4438 minus
2225 4395 2414 4440 curate
2444 4386 2576 4439 citat
2609 4387 2734 4440 cod.
2765 4384 3111 4441 Montl‘aucon
3144 4387 3200 4439 in
3231 4385 3419 4439 Diario
3445 4386 3573 4439 Ital.
3607 4400 3657 4455 p.
3692 4385 3822 4440 258.

567 4492 638 4502 —-
663 4465 802 4517 Add.
838 4466 943 4520 vol.
981 4466 1075 4532 lx,
1111 4481 1164 4535 p.
1206 4467 1294 4533 72,
1330 4469 1419 4534 90,
1445 4469 1538 4533 95,
1573 4470 1697 4534 112,
1724 4469 1976 4536 114,147
2007 4473 2276 4538 vet.edit.,
2305 4474 2400 4527 sed
2433 4474 2552 4528 aliae
2585 4473 2768 4542 plures
2795 4472 3003 4528 Nicolai
3027 4471 3485 4528 CabasilmOratt.
3519 4475 3588 4528 ab
3622 4474 3822 4528 Allatio

568 4553 972 4622 praztermissas,
1008 4555 1180 4608 latent
1206 4555 1258 4607 in
1295 4555 1454 4609 codd.
1489 4555 1621 4609 bibl.
1659 4555 1838 4611 Paris.
1867 4558 2348 4626 atque,Ca:sarea:.
2398 4558 2620 4614 Fabric.
2659 4561 2712 4614 in
2743 4571 2861 4615 not.
2902 4571 2944 4623 ι,
2982 4577 3034 4630 p.
3072 4562 3160 4625 74,
3199 4561 3444 4616 adAllat.
3474 4560 3679 4616 Gra'cis
3701 4578 3823 4615 vcr-

574 4643 680 4706 bis,
715 4655 820 4694 una
851 4654 976 4694 cum
1008 4640 1178 4695 initiis
1213 4642 1550 4710 singularum
1585 4646 1782 4699 multas
1811 4644 1997 4700 refert.
2027 4646 2170 4700 Add.
2201 4646 2416 4701 Caveus
2449 4657 2612 4716 atque
2637 4647 2886 4703 Oudinus
2917 4647 3050 4703 locis
3102 4649 3307 4703 citatis.
3339 4647 3418 4702 Es
3451 4647 3629 4703 Catal.
3661 4649 3824 4718 igitur

572 4727 858 4796 supplebo,
896 4742 1099 4794 easque
1127 4743 1264 4796 quas
1298 4744 1364 4783 ex
1414 4729 1614 4784 Allatio
1661 4735 1966 4798 numeravi,
2009 4733 2168 4788 simul
2201 4734 2488 4803 attingam.
2523 4732 2698 4792 Paris.
2729 4735 2782 4789 in
2803 4733 2964 4804 ;Bibl.
2999 4734 3146 4805 publ.
3173 4736 3295 4790 cod.
3329 4735 3488 4799 1215,
3522 4738 3822 4789 setundum

565 4814 684 4868 Cat.
729 4817 885 4869 codd.
922 4815 1017 4870 Gr.
1050 4814 1226 4870 Paris.
1265 4826 1398 4872 tom.
1435 4814 1502 4880 ll,
1531 4835 1584 4887 p.
1609 4818 1737 4886 254,
1773 4835 1872 4875 suo
1905 4836 2128 4890 quamne
2155 4836 2206 4874 οι

2181 4822 2349 4875 »κδὶιιθ
2373 4832 2501 4876 sunt
2529 4837 2695 4890 supra
2734 4831 3049 4877 memoratae
3079 4831 3218 4876 orat.
3254 4837 3309 4876 η.
3346 4823 3399 4885 5,
3430 4822 3484 4886 4,
3524 4823 3575 4884 1,
3600 4823 3655 4888 2,
3688 4824 3740 4884 5,
3765 4839 3822 4892 6,

571 4899 617 4950 7.
658 4901 925 4958 Pra-terea
967 4903 1314 4973 reperiuntur
1346 4906 1396 4958 in
1429 4905 1620 4960 eodetn
1656 4908 1845 4962 codice
1876 4907 1991 4960 Nic.
2024 4910 2223 4964 Cabas.
2259 4907 2504 4961 llomilia:
2534 4909 2587 4980 1)
2649 4908 2717 4963 1η
2749 4909 2960 4963 laudem
3009 4907 3072 4963 S.
3102 4906 3321 4962 Nicolai
3351 4925 3365 4973 ;
3402 4908 3592 4976 (etiam
3621 4913 3671 4962 in
3695 4916 3821 4963 cod.

572 4985 731 5057 1258)
759 4990 834 5057 (2)
868 4989 932 5042 In
958 4989 1343 5045 Dormitiouem
1401 4990 1677 5060 Dciporw;
1702 4995 1756 5062 5)
1781 4993 1847 5046 In
1875 4996 2157 5048 Andreum.
2186 4995 2476 5063 jttniorem,
2499 4999 2592 5066 qui
2618 4995 3006 5067 Hierosolymis
3027 5001 3233 5064 martyr
3256 4996 3424 5061 obiit;
3447 4995 3504 5067 4)
3536 4997 3619 5048 Ad
3635 4995 3823 5050 Jesttm

568 5073 855 5129 Chrtstum.
897 5075 950 5146 5)
984 5077 1134 5132 Orat.
1169 5080 1236 5130 ad
1269 5078 1562 5149 Augustam
1605 5081 1683 5135 De
1736 5085 1951 5148 usuris;
1981 5085 2032 5150 li)
2065 5085 2145 5134 Ad
2175 5083 2533 5149 Athenienses,
2569 5084 2644 5138 De
2702 5100 2802 5138 ara
2856 5081 3270 5149 misericordias;
3305 5085 3359 5152 7)
3405 5083 3668 5139 Aduersus
3695 5083 3826 5138 Gre-

673 5231 744 5300 td)
792 5231 1021 5308 Notante
1053 5236 1304 5290 Fabricio
1348 5253 1468 5306 pag.
1505 5237 1572 5290 73
1599 5251 1715 5306 seq-
1745 5236 1928 5291 Oratio
1959 5236 2009 5289 in
2041 5241 2134 5308 fce-
2241 5240 2322 5295 vit
2376 5242 2588 5298 Simon.
2630 5240 2964 5305 Simonides,
3004 5240 3269 5296 Samoscii
3304 5239 3464 5305 1604,
3518 5240 3572 5293 4.
3619 5239 3724 5295 Sed
3764 5256 3823 5296 tn

569 5303 978 5377 llerul0t‘08__Gl'.
1035 5310 1208 5359 lncetn
1249 5303 1691 5376 vidi—tfqnantvis
1726 5311 1870 5361 haud
1899 5303 2128 5377 ᾔεις-ενδ,
2239 5309 2493 5375 Janozki,
2539 5311 2859 5365 Nachricht.
2896 5303 2997 5365 non
3028 5314 3190 5366 deum
3228 5315 3282 5365 in
3316 5313 3411 5364 der
3437 5303 3824 5365 Zalusltisclten

565 5379 821 5442 Augustae
851 5373 1244 5451 ytndclqlbtlii,
1274 5373 1472 5451 edente
1492 5379 1688 5432 Davide
1718 5373 2040 5451 litescltelo,
2063 5396 2128 5451 ex

2236 5373 2500 5447 Buchern,
2534 5393 2672 5448 part.
2706 5397 2757 5448 ν,
2797 5381 2901 5434 217
2935 5397 3084 5450 seqq.
3125 5389 3440 5435 recensetur
3479 5383 3700 5451 quidem
3731 5382 3824 5434 lita

564 5461 685 5519 con.
707 5444 1066 5519 _tns._lllax'ttni
1105 5447 1396 5519 mal'gllltll.
1425 5449 1692 5519 Integram
1726 5465 1848 5519 cunt
1875 5448 2024 5501 Orat.
2065 5450 2122 5502 ὃ.
2236 5444 2752 5519 Εμίνιιειηίἱ-οτδιὶυ,
2776 5463 2831 5505 at
2864 5444 3093 5506 nulla-tit
3119 5453 3322 5508 mentio
3345 5444 3669 5508 Nic.Cabas.
3696 5466 3825 5504 ora-

561 5512 848 5584 Epiphanii
885 5518 936 5567 in
967 5512 1293 5584 sepulturam
1327 5512 1683 5582 ΩΙιγίειιξΟτ.
1709 5537 1769 5573 ac
1794 5518 1912 5572 Lat.
1947 5523 2130 5587 vulga-
2243 5512 2405 5574 ttotits
2440 5523 2514 5574 illi
2550 5512 2835 5590 attjunctae.

631 5653 726 5729 (2),
753 5653 1041 5729 Secundum
1066 5653 1276 5729 Nessel_i_i
1321 5657 1636 5729 Catalogntn,
1668 5667 1808 5721 parte
1836 5661 1873 5729 l,_
1925 5673 2050 5729 pag.
2069 5659 2175 5717 563,
2204 5673 2272 5729 co:

2204 5661 2312 5729 cod.
2333 5660 2450 5729 262,
2475 5675 2521 5729 rt.
2554 5663 2624 5729 ιι.
2652 5663 2828 5725 Incipit
2855 5679 2870 5729 :7
2900 5665 3051 5728 Οἶμαί
3075 5682 3126 5728 γε
3149 5667 3244 5712 τῶν
3272 5666 3614 5728 ἐννομωτάτων
3638 5666 3721 5714 καὶ
3755 5666 3821 5718 δι’

559 5718 826 5766 moratam
853 5719 989 5766 εἰναι.
1006 5718 1200 5769 Fausto.
1229 5720 1384 5771 ﬂant.
1409 5729 1443 5773 t.
1471 5718 1596 5774 Vill.
1616 5718 1960 5775 itt't'ecettsiotit'
1991 5718 2200 5773 Vtut-tut.

1246 5720 1384 5771 lant.
1409 5729 1443 5773 t.
1471 5718 1596 5774 Vill.
1616 5718 1960 5775 itt't'ecettsiotit'
1991 5718 2019 5773 V
2035 5723 2211 5772 iturum
2229 5726 2286 5771 δ.
2315 5725 2344 5772 J
2353 5718 2520 5773 mutuis
2546 5718 2887 5785 Citrusoslomi.
