4156 6304
257 300 358 369 351
1203 267 1209 275 ’
1508 338 1522 352 .
1702 292 1898 355 Nom

1855 292 2026 355 l'l‘lA.
3388 299 3493 364 362

259 427 400 481 gone
420 408 699 463 delirantis
721 409 952 473 somnia;
974 407 1026 473 8)
1052 405 1202 463 Orat.
1229 423 1331 475 qua
1362 404 1645 475 Pyrrhonis
1675 408 1738 458 de
1773 406 2009 459 veritatis
2040 407 2249 460 eriterio
2274 406 2527 460 so‘nlentia
2561 408 2930 477 impugnatur;
2963 403 3017 474 9)
3044 406 3095 458 in
3121 404 3328 457 laudem
3356 405 3499 459 Hot-

264 505 389 559 thazi
413 502 777 558 Cantacuzeni
813 501 945 565 lilii;
980 501 1069 563 10)
1098 499 1165 554 In
1195 499 1406 553 laudem
1436 499 1606 553 Anna:
1676 496 2069 567 Palwologina',
2098 501 2480 568 imperatricis.
2530 530 2594 540 —
2625 502 2681 553 In
2710 500 2828 556 cod.
2866 498 3114 554 Ctesareu
3139 500 3246 554 266
3282 509 3498 555 suntex

266 590 465 645 Allatio
489 589 601 659 jam
634 589 922 656 designatze
948 587 1124 641 Oratt.
1157 602 1210 639 η.
1247 587 1301 649 3,
1334 586 1384 649 4,
1420 584 1477 639 6.
1514 584 1571 637 In
1600 584 1692 639 illo
1728 587 1850 638 cod.
1888 594 1942 639 et
1977 587 2101 641 cod.
2132 588 2258 650 9.67,
2292 604 2345 639 ιι.
2371 587 2463 651 23,
2492 598 2663 640 exstat
2691 602 2906 655 quoque
2937 585 3051 641 Nic.
3077 585 3341 641 Cabasila:
3371 604 3499 639 ora.

269 678 346 733 tio
397 679 497 750 (uti
548 676 769 742 dicitur,
801 676 1006 744 pariter
1036 676 1090 728 in
1112 685 1222 729 cat.
1254 676 1415 731 codd.
1448 674 1546 729 Gr.
1586 672 1761 727 Paris.
1798 674 1851 727 in
1884 676 2006 728 cod.
2036 675 2141 729 970
2184 676 2457 736 Humilia;
2491 676 2542 727 in
2604 682 2724 729 euzl.
2760 686 2938 727 autem
2966 676 3102 728 1215
3163 690 3325 728 mem.
3357 678 3501 739 Opa-

267 765 492 833 seulum)
531 764 601 817 De
631 779 794 818 usura
819 775 1005 817 contra
1039 764 1365 831 feneratores
1396 763 1672 832 (Lambcc.
1716 761 1777 827 V,
1811 777 1862 830 p.
1900 760 2003 814 416
2040 777 2171 830 seqq
2202 762 2219 830 )
2263 761 2453 819 Latino
2492 772 2705 812 Versum
2740 761 2909 813 edidit
2957 762 3102 812 illam
3135 760 3252 815 Jac.
3292 761 3497 815 Ponta-

268 868 369 907 nus
395 868 510 907 cum
540 850 803 905 Cabasilm
833 850 989 905 libris
1020 849 1104 905 Vl.
1142 851 1212 905 De
1244 853 1346 905 vita
1380 854 1431 903 in
1456 850 1685 911 Clu-isto,
1710 849 1825 901 Lat.
1857 849 2041 902 etiam.
2075 849 2299 915 lngolst.
2336 847 2490 912 1604,
2520 848 2575 899 4ο
2605 848 2747 918 (d)--
2776 847 2975 901 Contra
3011 850 3063 899 in
3098 850 3217 902 cod.
3250 848 3499 904 C:esart-.o
3570 902 3585 917 ,

265 939 368 993 267
393 948 602 994 exstant
630 936 810 991 Oratt.
845 952 909 990 ex
943 937 1144 990 Allatiu
1175 952 1202 990 a
1241 953 1323 992 me
1352 937 1550 999 citatzc,
1600 937 1700 988 hoc
1744 936 1956 996 ordine,
1988 951 2042 987 ιι.
2079 936 2132 997 2,
2168 937 2225 998 3,
2263 934 2317 995 4,
2353 937 2401 995 1.
2434 934 2483 990 5.
2509 934 2561 991 6.
2588 937 2635 987 7.
2671 934 2890 1001 Insuper
2914 935 3163 999 leguntur
3226 936 3279 989 in
3309 938 3498 991 eodem

264 1025 384 1079 cod.
410 1024 584 1079 Oratt.
625 1038 691 1078 ex
722 1024 844 1077 cod.
871 1021 1104 1076 Parisin.
1144 1022 1373 1076 laudat'e
1402 1039 1455 1075 n.
1488 1023 1539 1083 l,
1560 1021 1615 1083 2,
1649 1023 1704 1076 5.
1736 1023 1789 1083 4,
1828 1020 1881 1084 5,

1860 1052 1881 1084 η,
1906 1020 1955 1079 6.
1982 1014 2033 1076 7.
2060 1020 2113 1074 8.
2141 1018 2277 1072 Tum
2316 1020 2369 1073 in
2402 1021 2520 1074 cod.
2561 1021 2681 1072 cui.
2714 1020 2985 1080 Caesareo,
3013 1037 3064 1074 ιι.
3104 1019 3189 1084 15,
3221 1022 3501 1077 ΑάΙοεωῖυ

261 1111 330 1164 ad
385 1109 440 1165 S.
468 1120 756 1179 martyrem
800 1108 1143 1177 Demetrium.
1210 1107 1271 1162 V.
1297 1106 1551 1162 Lambcc.
1594 1106 1653 1165 V,
1685 1123 1736 1174 p.
1769 1107 1874 1161 428
1928 1123 2080 1176 seqq.
2125 1109 2212 1175 qui
2240 1108 2420 1176 getiam
2474 1106 2677 1175 reliqua
2728 1107 2824 1161 Nic
2881 1107 3149 1161 Cabasila:
3183 1124 3299 1177 qua:
3328 1112 3379 1164 in
3408 1113 3498 1164 illo

260 1199 445 1252 codice
474 1205 766 1263 supersunt
794 1235 807 1257 ,
839 1196 1106 1264 Opuscula
1136 1197 1266 1249 ibid.
1305 1204 1582 1257 recenset;
1614 1209 1714 1263 ego
1740 1209 1864 1247 vero
1895 1194 1999 1259 iam
2036 1210 2193 1261 supra
2249 1206 2541 1247 memorata
2578 1196 2860 1247 omittam:

333 1278 489 1338 Liber
512 1285 577 1335 de
611 1284 1023 1351 magistratuum
1059 1282 1301 1335 civilium
1332 1283 1528 1350 iniquis
1557 1283 1701 1335 ausis
1724 1282 1862 1335 circa
1893 1297 1971 1333 res
2010 1297 2214 1334 sacras.
2248 1282 2343 1335 Est
2374 1296 2588 1348 quoque
2621 1284 2670 1333 in
2695 1282 2854 1336 codd.
2890 1283 3065 1338 Paris.
3121 1286 3224 1340 070
3255 1294 3306 1337 et
3338 1286 3496 1340 12⁸5.

335 1389 638 1446 Salutiones
677 1390 1191 1459 argumentationum
1213 1391 1438 1459 quinque
1460 1390 1649 1443 contra
1692 1388 2003 1442 rhetoricam
2033 1405 2080 1441 s.
2130 1398 2294 1441 artem
2325 1390 2550 1442 dicendi.
2589 1388 2803 1458 Legitur
2848 1406 3058 1461 quoque
3096 1392 3146 1444 iu
3173 1395 3291 1445 cod.
3326 1393 3499 1448 l’ari~.

271 1476 437 1533 1215.

349 1566 620 1621 Tredecim
655 1568 1034 1636 epigrammata
1059 1569 1288 1621 versibus
1319 1565 1538 1621 heroicis
1563 1608 1578 1632 ,
1601 1582 1719 1634 qua:
1739 1564 1945 1634 singula
1983 1571 2261 1616 recensent
2307 1554 2557 1615 Lamltec.
2594 1559 2655 1625 V,
2683 1578 2733 1629 p.
2753 1562 2878 1627 459,
2906 1573 2960 1618 et
2994 1564 3207 1619 Fabric.
3239 1568 3303 1618 ad
3335 1568 3500 1623 Allat.

262 1665 317 1722 p.
352 1652 441 1717 77,
476 1664 589 1707 not.
615 1653 664 1705 ὁ.
698 1652 811 1707 Huc
833 1653 971 1707 refer
1000 1655 1115 1707 cod.
1146 1653 1316 1707 Paris.
1353 1653 1629 1707 laudatum
1686 1653 1845 1712 1215.
1892 1651 2004 1713 ubi,
2032 1667 2085 1703 ιι.
2112 1648 2201 1712 25,
2255 1660 2336 1702 est
2394 1648 2513 1703 Nic.
2545 1649 2835 1705 Cabassilre
2866 1651 3224 1721 Epitaphium,
3252 1654 3499 1709 versibus

262 1739 525 1805 heroicis,
555 1738 655 1794 Nili
678 1740 994 1795 Tbessalon.
1031 1754 1152 1794 cum
1186 1741 1392 1809 aliquot
1422 1739 1662 1809 ejusdem
1693 1737 1899 1793 Nicolai
1944 1737 2437 1805 epigrammatibus.
2474 1734 2531 1789 ln
2557 1737 2678 1791 cod.
2710 1738 2934 1791 Coislin.
2970 1739 3156 1808 515(in
3215 1756 3323 1809 quo
3375 1752 3503 1796 sunt

262 1837 557 1880 memorata
590 1826 800 1894 aliaque
827 1826 1000 1881 Nicol.
1028 1826 1291 1882 Cabasilaa
1307 1825 1580 1893 Opuscula
1610 1836 1663 1879 ct
1686 1825 1959 1893 Epistolas)
1992 1823 2215 1877 Hernica
2262 1822 2514 1877 Carmina
2562 1823 2615 1876 in
2649 1826 2981 1891 sepulturam
3016 1827 3301 1893 avunculi;
3331 1828 3382 1881 in
3412 1845 3501 1884 se-

261 1913 509 1982 pulcrum
557 1915 877 1983 patriarchae
905 1912 1104 1968 lsoduri
1135 1922 1189 1967 et
1213 1913 1315 1966 alia
1348 1901 1589 1967 carmina
1619 1912 1671 1965 in
1703 1911 2104 1964 translationem
2132 1910 2480 1978 reliquiarum
2503 1909 2560 1964 S.
2583 1910 2900 1976 Theudorae,
2934 1913 2986 1966 in
3017 1928 3281 1970 cauouem
3315 1914 3375 1970 S.
3398 1916 3502 1971 De-

260 2000 464 2064 metrii,
513 2010 567 2055 et
591 2002 719 2062 alia,
756 2010 894 2056 teste
924 2001 1219 2055 Momlauc.
1254 2001 1306 2053 in
1336 1998 1460 2053 bibl.
1494 1998 1662 2053 Coisl.
1697 2015 1750 2066 p.
1782 1998 1908 2052 428.

335 2085 522 2141 Oratio
552 2088 995 2141 encomiasticain
1040 2090 1407 2155 imperatorem
1466 2085 1783 2156 (Andronic.
1807 2083 2205 2152 Palmolugum).

338 2174 587 2240 Epistula:
611 2175 907 2237 sexdecim;
936 2175 987 2227 in
1020 2175 1134 2228 cod.
1161 2185 1353 2229 autem
1377 2173 1577 2228 thsar.
1599 2171 1704 2226 266
1737 2210 1751 2234 ,
1782 2186 1838 2224 ιι.
1863 2168 1897 2222 9
1922 2205 1939 2230 ,
1970 2176 2092 2219 sunt
2119 2177 2226 2220 tres
2261 2167 2516 2234 epistolae.
2552 2168 2646 2236 (V.
2673 2168 2862 2224 Lamb.
2898 2172 2935 2223 ν
2967 2187 3019 2241 p.
3072 2173 3221 2244 M6.)
3271 2176 3330 2229 in
3380 2179 3502 2233 cod.

257 2260 429 2317 Cuisl.
461 2262 677 2316 laudato
706 2272 834 2316 sunt
880 2262 1308 2329 quattuordecim.
1368 2270 1422 2313 et
1473 2258 1742 2328 Cydones,
1813 2250 2049 2323 Epistula
2089 2252 2153 2304 ad
2181 2252 2508 2307 Cabasilam.
2542 2282 2603 2294 -
2631 2253 2939 2322 Florentiae,
2988 2258 3040 2312 in
3072 2261 3193 2316 cod.
3245 2261 3501 2320 Laurent.

264 2350 358 2415 15,
395 2366 450 2404 n.
484 2348 556 2402 24
586 2363 706 2417 sqq.
739 2346 872 2414 plut.
906 2346 994 2407 75,
1017 2357 1143 2401 sunt
1168 2345 1417 2416 Epistula:
1454 2354 1692 2414 quatuor
1727 2351 1781 2396 et
1819 2341 1922 2396 Nili
1953 2338 2218 2395 Cabasilas
2268 2337 2585 2395 Thessalon.
2619 2341 2855 2408 Epistula
2883 2344 2949 2397 ad
2975 2344 3148 2401 Nicol.
3178 2347 3504 2408 Cabasilam.

269 2435 339 2490 V.
370 2435 599 2489 Bandin.
630 2432 748 2487 Cat.
776 2434 934 2488 codd.
963 2432 1058 2488 Gr.
1093 2432 1255 2486 Laur.
1291 2432 1345 2497 5,
1374 2447 1421 2499 p.
1469 2430 1592 2485 107.
1625 2459 1694 2470 —-
1717 2427 1770 2479 In
1806 2427 1925 2480 cod.
1975 2424 2148 2479 Paris.
2179 2426 2336 2490 l215,
2384 2442 2436 2479 η.
2465 2426 2519 2493 8,
2585 2428 2823 2495 Epistula
2856 2430 2921 2481 ad
2975 2429 3152 2485 Nilum
3182 2431 3501 2491 Thessalon.

260 2532 319 2576 et
349 2539 402 2574 ιι.
424 2522 515 2581 27.
559 2521 721 2576 varia:
752 2519 1028 2588 Epistulae.
1074 2520 1236 2590 (Quot
1265 2533 1394 2573 vero
1422 2519 1529 2571 sint
1573 2525 1627 2570 et
1661 2518 1726 2570 ad
1758 2528 2021 2583 quosnam
2066 2513 2301 2581 scriptae,
2331 2528 2440 2568 non
2474 2514 2744 2570 indicatur
2789 2517 2840 2570 in
2875 2516 2994 2571 Cat.
3031 2518 3190 2574 codd.
3234 2519 3406 2576 Paris.
3434 2523 3502 2588 11,

265 2609 486 2677 ιλὲὃὸ).

344 2692 531 2748 Libell.
560 2693 624 2745 de
653 2693 988 2763 syllogismo.
1017 2695 1077 2744 in
1110 2694 1235 2745 cod.
1264 2691 1653 2752 Cmsar.266,n.
1684 2689 1776 2750 ει,
1799 2688 1980 2756 incipit

1861 2688 2023 2756 cipit:
2062 2689 2299 2757 Ἀτομὸν
2336 2691 2476 2752 ἐστι,
2529 2691 2587 2743 τὸ
2618 2690 2676 2743 ἓν
2718 2691 2959 2761 ἀριθμῷ,
3022 2689 3135 2748 οἷον
3181 2696 3268 2750 ὅδε
3322 2700 3351 2751 ὁ
3406 2700 3502 2754 ἄν·

269 2778 512 2847 Ορωπος·
540 2779 590 2831 in
618 2781 734 2832 cod.
777 2788 959 2832 autem
992 2778 1243 2832 Ambros.
1275 2776 1490 2831 Mediol.
1525 2787 1743 2831 notante
1766 2776 1909 2831 Allat

1863 2776 1987 2841 alio,
2028 2791 2149 2845 pag.
2192 2778 2280 2841 79,
2336 2779 2548 2831 initium
2602 2788 2719 2833 cst:
2748 2780 2954 2843 Σκοπὸς
2996 2782 3115 2835 ἐστι
3145 2783 3222 2854 τῷ
3274 2788 3504 2855 συντάγ-

277 2882 411 2934 ματι
437 2865 641 2930 διδάξαι
671 2866 729 2917 τὸ
757 2862 896 2927 εἶδος
926 2866 1032 2918 τῶν
1063 2864 1462 2933 συλλογισμῶν.
1496 2879 1652 2932 quem
1691 2879 1818 2918 vero
1863 2864 1909 2916 al

1863 2862 1952 2917 alii
1991 2864 2231 2918 tribuunt
2263 2862 2381 2917 Nilo
2425 2862 2747 2920 Thessalon.
2781 2864 2845 2921 Υ.
2882 2883 3042 2936 supra
3082 2868 3184 2939 §|4
3230 2873 3297 2925 dc
3354 2876 3504 2929 codi-

265 2951 425 3005 cibus
454 2954 504 3005 iu
535 2953 694 3006 catal.
725 2951 879 3005 codd.
899 2951 1121 3021 Anglire.
1156 2961 1262 3007 etc.
1286 2952 1413 3019 ll,p.
1435 2951 1503 3006 60
1522 2966 1575 3005 ιι.
1596 2950 1756 3016 2238,
1783 2951 1923 3005 unde
1944 2951 2182 3006 citantur
2250 2952 2391 3007 inter
2420 2954 2571 3009 codd.
2603 2954 2849 3009 Vussian.
2882 2954 3190 3026 Syliogismi
3216 2958 3503 3018 Cabasiltc.

338 3038 424 3091 Ab
445 3038 640 3091 Allatio
671 3039 844 3091 adhuc
876 3052 1283 3093 memorantur:

338 3122 467 3180 Nic.
491 3124 761 3179 Cabasila:
802 3123 993 3176 Κανὼν
1024 3124 1275 3193 ἰαμϐικὸς
1314 3126 1452 3194 μετὰ
1480 3125 1708 3194 σκολίων
1731 3128 1799 3195 τῇ
1831 3128 1979 3199 ἑορτῖ

888 3123 993 3176 νὼν
1024 3124 1275 3193 ἰαμϐικὸς
1314 3126 1452 3194 μετὰ
1480 3125 1708 3194 σκολίων
1731 3128 1799 3195 τῇ
1831 3128 1990 3199 ἑορτῇ
2031 3132 2141 3183 τῶν
2172 3129 2528 3197 Θεοφανεξων.

334 3211 534 3280 Eiusd.
564 3214 703 3265 alius
731 3228 896 3265 canon
922 3213 1176 3265 iambicus
1212 3228 1333 3265 cum
1372 3213 1585 3267 scholiis
1618 3214 1673 3266 in
1699 3213 1859 3281 festos
1892 3217 2027 3269 dies.

340 3301 535 3370 Ejusd.
561 3301 820 3370 ἐξήγησις
860 3302 913 3352 in
948 3300 1139 3353 librum
1184 3301 1397 3354 tertium
1435 3317 1638 3370 magna:
1665 3298 1981 3356 constructio

1864 3303 2072 3356 tctionis
2100 3302 2393 3357 Ptolemtei.
2434 3303 2545 3357 inc.
2594 3304 2664 3356 Ev
2719 3303 2775 3357 δὲ
2818 3308 2992 3376 τούτῳ
3033 3309 3110 3378 τῷ
3168 3312 3505 3383 συντάγματι

253 3388 468 3448 σκοπός
495 3389 665 3440 ἐστιν·
717 3387 858 3441 Edit.
893 3402 995 3440 una
1033 3402 1152 3440 cum
1198 3403 1387 3457 magna
1422 3388 1643 3459 Syntaxi
1690 3390 1962 3446 Ptolemaei
1987 3406 2048 3442 ac
2075 3391 2311 3443 Theonis
2361 3390 2515 3445 Ales.
2552 3391 2754 3445 Grmcis
2779 3392 2829 3444 iu
2858 3392 3201 3449 I’toletnmum
3233 3413 3506 3452 commen-

252 3486 366 3529 tar.
424 3473 588 3529 Basil.
620 3472 759 3527 I538
790 3473 882 3527 fol.
917 3489 969 3542 p.
1006 3473 1102 3527 151
1141 3488 1225 3541 sq.
1261 3474 1324 3530 ν.
1358 3490 1515 3543 supra
1542 3477 1609 3530 ad
1654 3477 1758 3531 vol.
1797 3477 1857 3537 ν,
1886 3492 1893 3543 ι

1886 3474 2072 3543 p.284,
2124 3475 2231 3528 vol.
2262 3475 2344 3546 IV.
2382 3491 2434 3543 p.
2469 3477 2609 3535 illi;
2642 3486 2694 3530 et
2730 3476 2832 3529 vol.
2869 3475 2960 3539 IX,
3000 3492 3050 3544 [ι.
3098 3478 3199 3532 176
3219 3497 3301 3548 sq.
3340 3484 3505 3534 adno-

254 3570 396 3614 t:.ta.
435 3559 614 3614 Oxon.
641 3560 696 3614 in
727 3560 862 3613 Bibl.
896 3558 1074 3613 Bodlci
1118 3561 1259 3614 inter
1285 3561 1442 3616 codd.
1488 3561 1654 3617 Henr.
1687 3564 1896 3626 Savilii,
1948 3580 2002 3617 n.
2034 3562 2175 3615 6572
2196 3578 2316 3632 sqq.
2367 3572 2542 3616 exstat
2575 3562 2616 3615 ll
2674 3562 2859 3617 Savilii
2898 3568 3063 3619 νει-εἰσ
3118 3564 3505 3638 Latinapurtis

247 3646 585 3717 Almagesti,
623 3656 675 3699 et
704 3646 1229 3700 Commentariorum
1261 3645 1499 3702 Theonis
1528 3658 1583 3703 et
1626 3650 1908 3713 Cabasilae,
1942 3649 2039 3704 tol.
2069 3648 2158 3703 Ill.

324 3734 386 3788 In
422 3736 551 3791 cod.
582 3733 753 3787 Paris.
780 3733 912 3786 Bibl.
949 3733 1095 3800 pubi.
1130 3735 1287 3797 1575,
1322 3750 1379 3789 n.
1410 3735 1465 3796 6.
1498 3737 1685 3791 incdit.
1728 3737 1929 3804 Opusc.

1865 3752 1929 3791 sc.
2000 3737 2074 3790 De
2124 3740 2321 3792 anima.
2359 3738 2524 3808 lucip.
2566 3740 2759 3802 Δισσδς
2786 3739 3004 3809 λέγεται
3034 3744 3234 3815 ἡψυχὴ
3258 3786 3273 3806 ,
3306 3754 3360 3800 et
3398 3745 3506 3798 fra-

244 3832 546 3891 gmentum
581 3820 725 3874 illius
768 3822 818 3871 itt
844 3821 964 3874 col.
1010 3818 1166 3881 1589,
1198 3837 1253 3876 ιι.
1285 3822 1339 3874 5.
1365 3850 1433 3861 -·
1464 3820 1524 3874 ltt
1553 3825 1673 3877 cod.
1700 3823 1885 3884 1591,‘

1883 3839 1939 3876 ιι.
1978 3824 2069 3887 15,
2130 3825 2204 3879 De
2229 3841 2385 3879 sacra
2412 3826 2574 3888 stola,
2614 3826 2682 3879 de
2713 3842 2815 3894 qua
2874 3827 2985 3896 jam
3022 3845 3185 3899 supra
3219 3834 3284 3884 ad
3316 3848 3454 3900 opus
3488 3851 3505 3888 :

246 3909 553 3977 Interpret.
592 3906 870 3976 Liturgic,
908 3907 1000 3961 lin.
1030 3908 1272 3976 quantam
1306 3907 1584 3961 adnotavi:
1617 3918 1670 3961 ct
1694 3910 1871 3963 (Σεινοο
1896 3909 2101 3962 videtur
2128 3924 2247 3964 esse
2273 3912 2549 3979 Appendix
2598 3914 2842 3979 qutedam
2880 3914 2947 3966 ad
2992 3930 3128 3982 opus
3174 3918 3504 3983 liturgit‘ttm.

237 3997 325 4050 Ab
352 3996 558 4050 eodem
587 3993 763 4048 Cavea
788 3995 1030 4048 citantur
1058 4008 1090 4045 e
1121 3993 1276 4046 codd.
1316 3991 1610 4061 Responsio
1632 3996 1696 4046 ad
1755 3997 2253 4066 interrogationem,
2288 3998 2418 4062 Quis
2445 4000 2514 4052 sit
2544 3999 2666 4064 ﬁnis
2728 4001 3116 4055 incarnationis
3168 4002 3509 4060 Dominica'?

235 4111 311 4123 κ-
336 4080 634 4150 Expositio
661 4081 946 4135 verborum
989 4078 1234 4147 Gregorii
1274 4079 1636 4135 Nazianzcni:
1672 4081 1735 4135 Ὢ
1764 4082 1865 4151 τῆς

1904 4084 2096 4151 καινῆς
2158 4082 2456 4152 μίξεως,ὣ
2514 4084 2613 4151 τῆς
2670 4084 2977 4153 παραδόξου
3035 4088 3329 4157 κράσεως,
3363 4090 3506 4159 (quae

238 4167 533 4221 habentur
582 4166 633 4218 in
667 4167 913 4221 oratione
941 4165 1032 4228 38,
1065 4175 1196 4218 tum.
1242 4162 1285 4227 1,
1323 4179 1449 4234 opp.
1483 4166 1576 4220 Gr.
1603 4166 1724 4222 Lat.
1774 4171 1903 4225 edit.
1940 4171 2110 4225 Paris.
2146 4186 2198 4240 p.
2230 4168 2381 4240 620.)
2427 4168 2900 4239 Interpretationes
2957 4173 3013 4228 in
3061 4188 3179 4231 acta
3222 4176 3502 4233 concilior.

231 4264 291 4309 et
315 4253 423 4308 SS.
454 4252 680 4306 l’atrutu
710 4268 967 4316 canones,
999 4265 1105 4306 etc.
1145 4250 1249 4306 Sed
1279 4251 1392 4307 haec
1424 4253 1726 4310 sulIiciantl
1768 4286 1837 4296 —
1861 4257 2086 4313 Allatius
2116 4257 2169 4311 in
2204 4257 2311 4312 ﬁne
2341 4256 2539 4327 adjecit
2588 4258 2803 4312 tertium
2837 4257 3164 4318 Demetrium
3194 4261 3502 4319 Cabasilam

233 4338 436 4394 itidem
487 4337 1053 4394 Thessalonicensem.

614 5766 875 5822 l‘nttuu.
919 5769 1031 5823 (in.
1083 5760 1207 5824 (11..
1929 5750 1934 5755 θ
3087 5769 3171 5831 1‘2
