4156 6304
570 438 579 451 ,
634 380 740 444 363
1822 391 2193 451 NICOLAUS
2234 370 2689 457 sintsunt-5.”
3766 404 3874 469 36i

1084 539 1205 551 ~-.-
1226 540 1237 545 -
1289 538 1311 545 ..

1316 729 1441 876 Ν
1453 724 2089 880 ICOLAI
2187 728 3154 885 CABASILfE

1058 1009 1236 1122 DE
1323 1012 1828 1128 DIVINO
1892 1014 2492 1198 ALTARIS
2573 1017 3417 1136 SACRlFlClO.

1690 1242 1953 1304 (Gentiano
1982 1243 2200 1291 Herveto
2231 1242 2435 1294 Aurelio
2467 1243 2784 1307 interprete.)

2365 548 2605 558 -——___.

3531 559 3860 571 W

2045 560 2337 571 ————_——

2202 1410 2273 1422 -α

1208 1616 1238 1634 ς
1411 1551 1560 1639 AD
1635 1552 2269 1643 LECTOREM
2347 1555 3081 1650 ADMONITIO.

2204 1766 2273 1778 α..-

701 1911 779 1965 Ex
819 1911 1066 1980 plurimis
1112 1911 1176 1966 de
1219 1912 1480 1981 religione
1526 1922 1709 1967 nostra
1761 1914 2168 1977 controversiis,
2206 1927 2324 1979 quze
2370 1927 2397 1963 a
2447 1913 2824 1969 cacodeemone
2898 1916 3112 1985 capitali
3164 1917 3383 1971 humani
3441 1920 3658 1987 generis
3703 1921 3853 1975 hoste

632 2000 838 2053 uestris
886 1999 1223 2066 temporibus
1249 2000 1499 2054 excitatas
1531 2006 1680 2062 sunt,
1716 1997 1858 2052 nulla
1908 1998 2099 2066 major,
2147 2000 2290 2053 nulla
2315 2000 2644 2056 Christianae
2679 2004 2981 2071 reipublicze
3011 2005 3368 2073 perniciosior
3396 2020 3519 2060 esse
3549 2007 3763 2061 videtur
3790 2024 3851 2062 ea

630 2102 750 2154 quae
781 2087 834 2140 in
867 2087 933 2141 iis
962 2101 1082 2157 quae
1110 2085 1179 2141 ‘ad
1212 2086 1545 2141 sanctissimi
1582 2087 1788 2140 Domini
1821 2085 1991 2141 nostri
2025 2086 2268 2153 corporis
2294 2096 2345 2139 et
2373 2087 2645 2155 sanguinis
2689 2088 3001 2158 mysterium
3052 2092 3341 2158 pertinent,
3394 2107 3424 2145 a
3480 2094 3848 2161 receptissima

630 2173 871 2226 omnium
908 2172 1140 2227 ﬁdelium
1173 2173 1525 2241 persuasione
1548 2172 1723 2227 aliena
1760 2171 1987 2226 invehit.
2011 2172 2143 2226 Cum
2174 2173 2315 2228 enim
2342 2175 2610 2243 praecipua
2636 2183 2797 2244 atque
2823 2176 2956 2231 adeo
2989 2184 3098 2231 tota
3128 2178 3317 2233 salutis
3347 2190 3543 2233 nostra:
3564 2194 3710 2245 spes,
3735 2197 3853 2248 qnze

628 2269 689 2314 ut
717 2269 799 2314 est
828 2257 1157 2324 certissima,
1189 2259 1264 2313 ita
1301 2259 1570 2314 neminem
1601 2258 1905 2321 confundit,
1929 2273 1995 2312 ex
2024 2259 2127 2314 hoe
2161 2259 2410 2328 pendeat,
2443 2259 2488 2313 si
2517 2269 2568 2314 et
2599 2260 2802 2316 Christi
2835 2263 3076 2330 corpori,
3109 2273 3362 2332 tanquam
3393 2265 3634 2320 membra
3663 2268 3847 2337 capiti.

626 2347 881 2401 uniamur
909 2356 961 2400 et
1018 2348 1350 2401 uberrimum
1407 2347 1497 2416 qui
1530 2361 1595 2401 ex
1630 2346 1745 2416 eius
1788 2347 2041 2414 passione
2081 2347 2394 2415 percipitur,
2427 2345 2660 2400 fructum
2699 2347 3075 2417 decerpamus;
3105 2351 3196 2419 qui
3238 2350 3479 2405 alterutri
3509 2352 3713 2419 aliquid
3755 2355 3852 2407 de-

626 2436 810 2501 trahit,
845 2443 937 2488 aut
960 2434 1025 2490 de
1050 2450 1114 2491 eo
1144 2435 1285 2489 male
1318 2434 1503 2497 sentit,
1537 2445 1588 2486 ut
1624 2448 1834 2488 summo
1884 2433 2096 2486 crimini
2137 2441 2221 2487 est
2278 2432 2449 2486 aﬁinis
2473 2471 2488 2496 ,
2539 2432 2609 2485 ita
2659 2432 2826 2486 etiam
2861 2434 3026 2488 exitio
3064 2437 3133 2489 sit
3167 2438 3469 2504 proximus,
3503 2439 3603 2491 nisi
3648 2440 3847 2508 resipi-

621 2533 760 2588 scat,
808 2535 1034 2576 necesse
1060 2531 1166 2577 est.
1199 2523 1377 2590 Atque
1414 2535 1601 2575 eorum
1633 2520 1850 2588 quidem
1887 2521 1978 2590 qni
2012 2520 2286 2575 hodiernis
2337 2519 2668 2587 temporibus
2713 2535 2743 2574 a
2796 2531 3055 2589 perpetuo
3097 2534 3152 2577 et
3204 2525 3364 2578 unico
3413 2523 3667 2580 Ecclesiae
3711 2542 3844 2582 con-

622 2624 783 2664 sensu
831 2622 889 2662 se
932 2609 1309 2675 sejunxeruut,
1358 2609 1423 2661 de
1458 2607 1561 2661 hac
1601 2621 1658 2661 re
1686 2607 1970 2661 sententiae
1999 2607 2050 2660 iu
2101 2606 2233 2661 duas
2275 2622 2334 2663 se
2386 2618 2564 2676 partes
2641 2610 2962 2665 diviserunt.
3012 2611 3485 2682 (Ecolampadiani
3525 2615 3695 2679 enim,
3752 2631 3845 2669 seu

622 2693 955 2766 Zuingliani,
983 2704 1096 2760 aut,
1121 2702 1183 2749 ut
1205 2696 1363 2764 vulgo
1388 2709 1482 2763 per
1527 2694 1859 2761 antiphrasin
1886 2695 2157 2758 dicuntur,
2184 2694 2628 2761 Sacramentarii,
2651 2699 2792 2765 quod
2826 2709 3285 2754 sacramentorum
3307 2702 3554 2769 dignitati
3583 2713 3844 2770 quantum

627 2793 849 2851 possunt
883 2783 1194 2849 detrahunt,
1231 2783 1394 2852 idque
1437 2783 1538 2836 sibi
1574 2782 1718 2836 laudi
1770 2797 1891 2837 esse
1925 2782 2146 2848 ducunt,
2189 2782 2248 2847 ii,
2293 2788 2535 2854 inquam,
2566 2785 3035 2856 (Eeolampadiani
3072 2798 3309 2843 veterem
3347 2788 3651 2857 Berengarii
3695 2805 3846 2842 erro-

625 2886 739 2927 rem
774 2882 1116 2937 revocantes,
1142 2872 1195 2925 in
1220 2871 1578 2926 Eucharistize
1612 2881 1955 2925 sacramento
1983 2885 2102 2925 esse
2132 2880 2338 2924 tantum
2373 2878 2617 2942 corporis
2652 2883 2705 2927 et
2731 2874 3011 2942 sanguinis
3043 2876 3276 2940 signum,
3311 2891 3415 2930 non
3448 2887 3624 2931 autem
3656 2892 3843 2928 verum

622 2975 822 3031 corpus
850 2970 906 3015 et
935 2960 1251 3030 sanguinem
1284 2966 1532 3015 asserunt
1571 2973 1586 3009 :
1632 2957 1779 3026 quod
1816 2968 1992 3013 autem
2026 2958 2118 3010 fiat
2148 2957 2312 3012 ullum
2345 2961 2395 3012 in
2436 2960 2592 3013 altari
2638 2961 2982 3027 sacriﬁcium,
3023 2961 3172 3014 nullo
3212 2967 3369 3016 modo
3398 2964 3705 3015 admittunt.
3739 2961 3846 3015 Lu-

626 3049 839 3103 therani
873 3060 1079 3112 autem,
1115 3065 1240 3103 eum
1274 3049 1326 3101 in
1363 3048 1468 3101 hoc
1501 3061 1622 3100 cum
1659 3045 1975 3099 orthodoxis
2002 3044 2260 3110 sentiant,
2295 3047 2435 3115 quod
2469 3047 2521 3100 in
2554 3048 2657 3102 hoc
2688 3057 3028 3104 sacramento
3070 3050 3140 3103 sit
3187 3064 3375 3103 verum
3423 3065 3619 3116 corpus
3645 3058 3699 3102 et
3724 3064 3847 3103 san-

622 3141 740 3210 guis
777 3138 1003 3202 Christi,
1049 3145 1101 3192 et
1145 3139 1287 3205 quod
1334 3134 1387 3188 in
1435 3134 1593 3188 altari
1646 3143 1934 3202 peragatur
1963 3133 2311 3197 sacriﬁcimn,
2342 3135 2393 3187 in
2425 3150 2490 3188 eo
2520 3149 2708 3189 rursus
2739 3144 2870 3200 toto,
2912 3144 2968 3188 ut
2994 3137 3163 3201 aiunt,
3204 3136 3341 3191 cmlo
3371 3137 3647 3202 aberrant,
3683 3139 3827 3206 quod

622 3242 819 3297 panem
856 3236 912 3281 et
944 3228 1124 3280 vinum
1156 3227 1317 3281 simul
1357 3241 1476 3280 cum
1511 3223 1710 3279 Christi
1746 3236 1974 3290 corpore
2012 3235 2294 3277 remanere
2326 3221 2671 3288 existimant;
2711 3235 2829 3274 cum
2864 3231 3075 3276 constet
3100 3262 3115 3287 ,
3153 3233 3283 3291 post
3337 3231 3806 3276 COIISt'cratitrm-m
3830 3275 3842 3285 ,

621 3328 742 3383 qua:
773 3328 962 3383 panem
996 3323 1048 3367 et
1080 3313 1264 3367 vinum
1300 3313 1350 3365 in
1380 3327 1579 3378 corpus
1614 3321 1668 3365 et
1720 3310 2034 3378 sanguinem
2074 3307 2358 3370 convertit,
2407 3305 2767 3375 symbolorum
2799 3322 2892 3361 seu
2924 3308 3202 3377 signorum
3229 3308 3374 3363 solas
3408 3324 3692 3365 remanere
3721 3326 3843 3379 spe-

622 3403 755 3466 cies,
791 3415 1053 3455 conversa
1085 3400 1200 3469 jam
1232 3411 1284 3453 ct
1315 3410 1517 3454 mutata
1551 3413 1739 3454 eorum
1768 3396 2092 3452 substantia.
2127 3393 2326 3448 Deinde
2361 3396 2502 3462 quod
2540 3394 2713 3448 solum
2747 3394 2922 3448 laudis
2949 3405 3003 3448 et
3030 3396 3324 3462 gratiarum
3359 3396 3587 3449 actionis
3632 3400 3843 3451 sacriﬁ-

621 3489 765 3542 cium
803 3502 924 3541 esse
958 3496 1174 3554 putant,
1209 3503 1329 3538 cum
1365 3496 1558 3550 printer
1586 3483 1798 3537 laudem
1834 3491 1884 3536 et
1924 3480 2219 3549 gratiarum
2256 3482 2547 3544 actionem,
2581 3481 2652 3535 sit
2685 3484 2844 3534 etiam
2882 3497 3064 3537 verum
3094 3492 3148 3535 et
3183 3483 3546 3550 expiatorium
3581 3500 3678 3551 pro
3710 3500 3842 3553 pec-

623 3579 762 3632 catis
796 3575 1147 3631 sacriﬁcium.
1176 3575 1399 3629 Accedit
1424 3574 1513 3637 iis,
1545 3572 1684 3640 quod
1720 3585 1820 3625 nec
1852 3577 2163 3624 sanctorum
2196 3568 2252 3621 in
2281 3581 2345 3620 co
2381 3569 2693 3621 memoriam
2718 3568 2851 3632 ﬁeri,
2882 3584 2980 3621 nee
3016 3583 3112 3634 pro
3129 3569 3392 3622 defunctis
3419 3573 3586 3633 orari,
3618 3587 3718 3624 nec
3746 3587 3842 3640 pro

624 3662 736 3716 ullo
769 3662 989 3716 homine
1037 3660 1291 3730 privatim
1322 3672 1512 3727 preces
1542 3659 1593 3711 in
1625 3671 1691 3711 eo
1723 3655 1871 3709 fundi
1905 3654 2067 3709 velint
2099 3672 2111 3707 :
2144 3662 2194 3707 ct
2240 3654 2360 3708 idco
2405 3655 2803 3709 sanctissimum
2876 3656 3050 3709 Missa:
3114 3671 3398 3721 canonem,
3437 3669 3693 3725 tanquam
3729 3675 3838 3711 rent

622 3746 841 3814 impiam
873 3756 926 3800 et
962 3746 1356 3800 exsecrandam
1388 3745 1757 3806 detestantur,
1789 3741 1929 3809 quod
1960 3739 2218 3795 oﬁ’ereudi
2267 3743 2527 3797 vocabulo
2556 3752 2757 3808 utatur,
2791 3754 3101 3798 sanctorum
3150 3746 3200 3796 in
3237 3760 3301 3797 eo
3333 3748 3592 3799 memoria
3629 3757 3839 3815 agatur,

625 3849 723 3903 pro
754 3833 1026 3888 defunctis
1066 3843 1122 3887 et
1154 3831 1444 3900 separatim
1482 3844 1579 3897 pro
1611 3828 1748 3882 vivis
1782 3828 2071 3894 aliquibus,
2104 3837 2159 3880 et
2190 3828 2257 3882 iis
2292 3830 2527 3882 maxime
2565 3844 2661 3897 pro
2691 3830 2886 3896 quibus
2913 3832 3058 3884 orari
3089 3830 3239 3899 jubet
3270 3830 3488 3894 Paulus,
3521 3848 3727 3887 utetur.
3758 3834 3837 3884 Ad

623 3936 811 3976 eorum
843 3931 1022 3975 autem
1051 3918 1409 3974 confutaudos
1445 3930 1659 3972 errores
1720 3914 1812 3968 alii
1843 3915 1945 3968 alia
1976 3954 1991 3979 ,
2027 3923 2082 3968 ut
2114 3915 2404 3984 unicuique
2449 3931 2634 3970 eorum
2667 3918 2838 3987 magis
2867 3918 3122 3986 expedire
3149 3919 3320 3971 visum
3352 3928 3453 3980 est,
3481 3919 3564 3971 via
3613 3920 3838 3988 ingressi

623 4018 750 4064 sunt
780 4022 793 4059 :
831 4007 920 4060 alii
956 4006 1099 4059 enim
1133 4004 1414 4073 productis
1444 4018 1612 4058 sacra:
1646 4000 1941 4070 Seripturte
1984 4001 2328 4066 testimoniis,
2358 4003 2445 4056 alii
2476 4002 2779 4058 efﬁcacibus
2821 4005 3154 4072 argumentis
3186 4004 3481 4072 solidisque
3519 4007 3837 4068 rationibus,

623 4098 714 4151 alii
747 4094 1255 4166 antiquissimorum
1291 4107 1508 4163 quoque
1539 4099 1595 4147 et
1630 4089 2137 4160 prohatissimorum
2169 4091 2449 4144 doctorum
2479 4092 2892 4145 auctoritatibus
2922 4092 3177 4145 adversus
3210 4106 3304 4144 eos
3325 4092 3694 4145 decertaruut.
3731 4092 3841 4144 Ma-

623 4187 768 4239 xima
811 4193 958 4239 certe
989 4182 1148 4237 laude
1171 4197 1364 4237 omnes
1392 4180 1537 4249 digni
1579 4189 1723 4244 sunt,
1756 4178 1844 4245 qui
1879 4179 2080 4232 nostris
2108 4179 2435 4231 adversariis
2465 4178 2673 4247 (quidni
2717 4180 2867 4231 enim.
2906 4177 3243 4231 adversarios
3276 4193 3486 4245 vocem,
3521 4180 3611 4246 qui
3653 4178 3840 4245 cujus-

625 4271 994 4337 modicunque
1044 4270 1155 4324 sint
1180 4283 1367 4322 eorum
1399 4267 1840 4337 protestationcs,
1878 4280 1974 4319 sua
2003 4275 2152 4317 certe
2185 4264 2368 4316 relicta
2401 4266 2632 4317 statione
2670 4266 2947 4319 nobiseum
2981 4266 3211 4333 amplius
3242 4280 3347 4318 non
3384 4269 3589 4332 stant?)
3622 4270 3713 4334 qui
3743 4283 3840 4319 tm-

622 4360 772 4419 stris.
800 4359 1039 4424 inquam,
1067 4356 1392 4410 adversariis
1421 4356 1799 4415 ostenderunt,
1832 4365 1890 4406 se
1917 4366 2023 4405 non
2055 4350 2210 4404 modo
2239 4352 2318 4406 eis
2358 4352 2463 4404 ulla
2494 4367 2556 4406 ex
2589 4363 2739 4421 parte
2765 4354 2979 4415 cedere,
3016 4356 3109 4407 sed
3143 4355 3364 4407 veritate
3391 4364 3443 4406 ct
3483 4356 3691 4407 ratione
3719 4370 3840 4407 esse

624 4444 703 4496 eis
736 4442 900 4495 etiam
934 4442 1092 4509 longe
1123 4439 1454 4507 superiores.
1484 4438 1613 4492 Mihi
1643 4440 1707 4491 ad
1736 4452 1921 4490 eorum
1957 4436 2348 4504 reprimendum
2391 4449 2443 4490 et
2485 4439 2827 4507 frangendum
2857 4439 3165 4503 audaciam,
3194 4454 3567 4507 summamque
3599 4440 3838 4507 pert-ica.

624 4530 764 4583 ciam
795 4529 1015 4596 penitus
1044 4526 1448 4587 inﬁrmandam,
1483 4535 1538 4580 et
1570 4529 1635 4579 ad
1667 4525 1921 4594 populum
1953 4526 2004 4578 in
2043 4523 2145 4578 ﬁde
2172 4536 2228 4599 et
2256 4524 2434 4577 ofﬁcio
2466 4526 2876 4591 continendum,
2924 4524 3057 4578 nihil
3108 4526 3300 4578 melius
3347 4534 3401 4579 et
3448 4526 3676 4579 validius
3718 4544 3837 4579 esse

629 4618 869 4681 videtur,
903 4628 1062 4683 quam
1101 4614 1145 4666 si
1176 4612 1389 4665 unicum
1429 4620 1482 4665 et
1512 4620 1833 4681 perpetuum
1869 4612 2108 4666 omnium
2143 4613 2404 4681 gentium,
2439 4629 2556 4681 quae
2594 4613 2810 4667 Christo
2841 4626 3035 4666 nomen
3070 4612 3363 4675 dederunt,
3397 4610 3495 4664 hac
3524 4613 3577 4663 in
3615 4627 3672 4663 re
3707 4629 3835 4664 con-

626 4719 849 4759 sensum
886 4702 1166 4756 nohisemn
1203 4699 1384 4752 facere
1418 4700 1756 4752 ostendatur.
1784 4697 2042 4763 Ouamvis
2072 4699 2214 4751 enim
2240 4699 2304 4751 ad
2336 4698 2666 4767 probandum
2698 4699 2824 4768 quid
2858 4698 2910 4751 in
2955 4698 3021 4752 iis
3070 4712 3188 4766 quae
3229 4699 3294 4752 de
3327 4696 3430 4750 ﬁde
3476 4707 3531 4751 et
3576 4698 3835 4765 religione

622 4791 943 4846 exoriuntur
981 4785 1394 4846 controversiis,
1433 4784 1764 4852 sequendum
1805 4786 1896 4847 sit,
1921 4784 2041 4850 jure
2071 4786 2263 4842 debeat
2301 4787 2542 4841 sufﬁcere
2571 4798 2770 4842 sancta:
2808 4788 3061 4841 Rontana:
3094 4786 3346 4840 Ecclesia:
3372 4787 3684 4849 auctoritas,
3716 4803 3836 4854 qua:

627 4879 768 4946 quod
798 4894 824 4930 a
854 4877 979 4931 divo
1023 4871 1184 4927 Petro
1219 4873 1588 4939 apostolorum
1624 4872 1869 4940 principe
1902 4871 2212 4940 Christique
2242 4875 2447 4929 vicario
2481 4884 2565 4927 est
2617 4876 2892 4936 traditum,
2929 4883 3181 4942 perpetua
3232 4882 3308 4926 tot
3348 4872 3656 4941 pontiﬁcum
3699 4873 3839 4926 serie

627 4981 733 5019 uno
768 4975 820 5017 et
855 4965 1041 5018 eodem
1075 4972 1259 5014 tenore
1292 4973 1505 5023 semper
1539 4958 1795 5023 servavit,
1819 4967 1874 5012 et
1902 4972 1929 5011 a
1962 4972 2088 5025 qua,
2123 4968 2373 5029 tanquam
2417 4978 2443 5013 a
2477 4962 2819 5015 sanctissimo
2846 4965 3014 5015 totius
3042 4961 3190 5014 orbis
3217 4961 3458 5024 oraculo,
3489 4962 3556 5015 de
3588 4961 3746 5015 rebus
3769 4963 3834 5012 ad

627 5054 783 5105 Iidem
828 5048 1224 5119 pertinentibus
1253 5048 1293 5099 si
1326 5046 1430 5098 ulla
1466 5057 1653 5098 exorta
1696 5053 1840 5099 esset
1874 5044 2158 5108 dubitatio,
2187 5064 2441 5117 responsa
2489 5048 2540 5099 in
2593 5046 2907 5100 hodiernum
2943 5061 3109 5113 usque
3135 5047 3273 5099 diem
3305 5048 3422 5099 data
3465 5056 3624 5110 situt;
3655 5057 3835 5100 tamen

620 5143 875 5211 quoniam
913 5142 1101 5196 harum
1135 5152 1407 5194 sectarum
1444 5148 1714 5199 auctores,
1753 5151 1845 5189 sua
1886 5147 1993 5189 tum
2026 5137 2236 5189 denmm
2269 5138 2484 5189 decreta
2529 5133 2681 5187 ﬁrma
2726 5143 2779 5187 et
2824 5132 3033 5185 stabilia
3077 5133 3188 5185 fore
3219 5132 3614 5195 existimantes,
3656 5133 3699 5185 si
3747 5148 3838 5200 pe-

623 5244 760 5286 tram
789 5246 888 5284 suo
919 5231 1034 5285 loco
1068 5231 1383 5291 movissent,
1414 5242 1530 5280 eam
1566 5225 1767 5279 frustra
1796 5226 2034 5294 quidem,
2072 5230 2164 5277 sed
2197 5238 2391 5289 magno
2425 5230 2602 5275 tamen
2634 5228 2828 5272 conatu
2866 5220 3194 5271 labefactare
3222 5220 3397 5271 conati
3424 5228 3570 5278 sunt,
3614 5230 3836 5271 externa

620 5318 782 5374 etiam
816 5331 1042 5372 evocare
1073 5317 1270 5369 auxilia
1315 5331 1421 5369 non
1460 5311 1623 5366 fuerit
1669 5312 1925 5375 alienum,
1975 5327 2076 5363 non
2112 5312 2251 5379 quod
2297 5327 2398 5363 non
2444 5309 2576 5363 satis
2623 5322 2719 5375 per
2764 5323 2823 5359 se
2871 5306 3041 5374 possit
3070 5314 3216 5375 petra
3259 5319 3418 5372 super
3464 5313 3691 5373 petram,
3734 5304 3839 5359 hoc

617 5415 724 5471 est,
772 5417 935 5471 supra
975 5401 1245 5455 Christum
1283 5400 1530 5461 fundata,
1558 5397 1798 5451 omnium
1832 5397 2208 5450 haereticorum
2249 5398 2680 5463 quantiscnnque
2708 5392 2896 5458 copiis,
2930 5392 3064 5444 duce
3089 5390 3328 5452 Christo,
3362 5392 3450 5457 qui
3484 5404 3605 5444 eam
3635 5389 3831 5445 funda-

618 5502 719 5558 νη,
750 5491 1041 5551 resistere;
1075 5487 1165 5538 sed
1210 5496 1265 5539 ut
1295 5501 1413 5540 cum
1452 5488 1704 5537 universo
1751 5483 1952 5535 mundo
1991 5484 2208 5551 planum
2242 5483 2442 5536 factum
2490 5481 2670 5544 fuerit,
2706 5495 2893 5531 (mines
2939 5479 3027 5545 qui
3071 5476 3268 5530 Christi
3301 5477 3459 5530 ﬁdem
3504 5477 3699 5544 ubique
3731 5485 3840 5531 ter-

619 5593 805 5634 rarum
837 5583 1215 5641 susceperunt,
1248 5583 1393 5625 recte
1421 5571 1696 5626 nobiseum
1729 5570 1965 5632 sentire;
1993 5579 2043 5622 et
2076 5568 2311 5622 haeretici
2342 5582 2454 5622 sum
2476 5566 2739 5619 vecordia:
2776 5563 3017 5616 morbum
3053 5573 3424 5629 aguosrentes,
3457 5563 3627 5615 donec
3656 5562 3839 5616 adhuc

614 5676 701 5722 est
732 5663 1010 5719 medicina:
1041 5661 1211 5721 locus,
1260 5658 1326 5711 ad
1375 5657 1633 5724 optimum
1669 5656 1965 5721 medicum,
2018 5671 2207 5723 ttt’ttipe
2230 5653 2530 5714 Christum,
2569 5658 2928 5713 revertantur;
2959 5658 3010 5700 et
3039 5649 3125 5714 qui
3157 5648 3330 5715 primo
3357 5648 3570 5715 quidem
3616 5662 3838 5715 aspectu

614 5751 1003 5823 probabilibus,
1042 5746 1136 5800 sed
1171 5760 1273 5799 non
1306 5744 1482 5803 minus
1530 5740 1810 5793 venenatis
1845 5757 2002 5806 quam
2037 5742 2301 5802 ftllt‘illtls,
2332 5740 2374 5792 si
2409 5747 2552 5790 recte
2583 5738 2973 5804 ponderentur,
3007 5748 3194 5786 corum
3240 5733 3571 5801 argumentis
3596 5732 3846 5797 adducti,
