4156 6304
325 328 426 391 385
1346 326 1719 387 GENTIANI
1766 327 1966 385 “ERV

1912 324 2100 385 LVE'l‘l
2145 322 2552 386 PlH‘IFA'l‘lO.
3448 326 3553 391 365

324 446 561 512 aliquam
595 442 675 496 eis
713 441 867 495 fidem
918 442 1244 499 habuerunt.
1290 456 1383 495 eos
1408 441 1665 511 deinceps
1699 452 1755 493 nt
1788 441 2091 519 deploratos
2124 452 2175 495 et
2205 444 2585 497 irnmedicahilr
2656 451 2802 510 peste
2833 441 3056 496 all‘cctos
3092 443 3294 513 fugiant
3324 456 3384 498 et
3410 462 3560 500 aver-

331 540 565 593 sentur;
594 527 787 597 reliqui
828 542 977 593 vero,
1019 528 1119 582 hoc
1149 536 1374 596 accepto
1407 527 1571 582 veluti
1604 526 1865 591 antidoto,
1896 527 1939 579 si
1986 543 2079 583 eos
2109 530 2330 583 omnino
2369 532 2539 584 vitare
2590 546 2693 583 non
2729 529 2958 598 possint,
2992 530 3132 597 qrrod
3165 542 3309 583 esset
3342 534 3558 585 ronsul-

342 618 641 681 tissirnum,
670 618 738 671 de
768 630 862 671 sua
899 624 1050 670 certe
1079 615 1254 670 salrrte
1282 624 1337 670 et
1366 615 1637 668 cautiores
1670 627 1719 668 et
1747 614 2053 671 securiores
2093 620 2343 671 evadant.
2376 615 2487 672 lloc
2531 618 2712 686 itaqrre
2762 618 2991 686 primum
3036 618 3381 673 statuendum
3431 628 3516 674 est
3540 659 3556 682 ,

335 705 478 774 quod
527 705 576 757 id
617 704 762 774 quod
815 704 883 758 ab
934 704 1191 758 omnibus
1224 703 1474 771 gentibus
1503 711 1556 757 et
1592 702 1901 755 nationibus
1932 717 2050 771 qua:
2080 702 2354 757 Christum
2391 704 2611 768 colunt,
2651 704 2847 774 ubique
2882 705 3015 758 citra
3069 704 3235 757 ullonr
3271 704 3561 758 discrimen

334 803 598 858 servatur,
632 793 685 848 id
720 809 825 848 non
861 793 1037 864 possit
1069 808 1174 846 non
1208 806 1327 847 esse
1360 806 1389 845 a
1421 791 1640 847 Christo
1670 802 1725 845 et
1756 791 2015 859 apostolis
2049 791 2342 857 traditum;
2377 795 2517 859 quod
2548 800 2728 845 autem
2759 807 2785 844 a
2817 791 3038 847 Chrisro
3069 800 3123 846 et
3166 792 3423 860 apostolis
3455 802 3565 845 tra-

338 880 507 935 ditum
541 888 644 946 est,
680 880 731 934 id
763 896 868 934 non
899 895 1021 936 esse
1056 895 1176 935 cum
1214 882 1358 933 omni
1393 880 1742 934 veneratione
1774 877 2230 948 amplectendum,
2267 878 2671 946 suscipiendum
2696 888 2749 931 rt
2781 878 3239 941 r'ctirrenduru,est
3270 880 3424 948 plane
3459 878 3564 932 im-

328 970 469 1035 piuur
503 978 556 1023 et
589 968 863 1023 nefarium
897 968 1104 1022 dicere.
1141 968 1274 1022 Cum
1309 969 1488 1035 itaque
1517 968 1655 1036 apud
1702 980 1892 1021 omnes
1923 964 2263 1020 Christianas
2307 966 2574 1027 nationes,
2613 964 2928 1019 sacerdotes
2966 965 3207 1018 drvinum
3241 981 3454 1019 sacrrrm
3481 966 3564 1020 l‘a-

326 1055 549 1118 cientes,
584 1064 705 1124 post
738 1056 1233 1115 consecrationem,
1273 1069 1369 1119 per
1399 1069 1559 1122 q-raur
1596 1069 1782 1105 veru-ri
1833 1051 1969 1106 efl‘mi
2004 1051 2207 1106 Christi
2241 1069 2436 1120 corpus
2470 1064 2520 1125 et
2558 1053 2914 1123 Sanguinem,
2949 1054 3312 1107 exterioribus
3343 1065 3551 1106 tantum

326 1141 492 1208 signis
526 1143 957 1205 rernauentibus,
990 1152 1045 1192 ut
1080 1141 1219 1208 aprrd
1257 1157 1448 1195 omnes
1481 1142 1533 1194 in
1570 1140 1827 1195 confesso
1858 1148 1961 1200 est,
1992 1140 2174 1192 statim
2210 1141 2391 1193 dicant
2425 1158 2437 1193 :
2472 1139 2570 1192 Tui
2605 1138 2845 1193 mandati
2893 1153 3162 1194 memores
3204 1143 3418 1210 (nempe
3454 1140 3569 1209 ejus

326 1229 465 1297 quod
497 1229 633 1283 dixit
668 1228 940 1292 Christus,
974 1228 1084 1282 Hoc
1117 1229 1279 1297 facile
1312 1231 1365 1282 in
1403 1230 1503 1282 mei
1536 1224 1974 1293 recordationem)
2014 1226 2440 1305 tibioll‘erimns,
2474 1229 2693 1282 omnino
2722 1220 2943 1281 necesse
2970 1227 3180 1279 esthoc
3209 1241 3328 1281 esse
3357 1230 3565 1282 sacrifi-

325 1318 467 1371 cium
509 1332 537 1369 a
566 1316 791 1371 Christo
825 1315 1155 1379 institutum,
1188 1324 1242 1370 et
1274 1330 1371 1385 per
1404 1330 1601 1368 manus
1633 1314 1703 1369 ab
1735 1313 1998 1379 apostolis
2051 1316 2117 1366 ad
2165 1325 2349 1370 neSIra
2386 1330 2558 1383 usque
2603 1325 2847 1383 terupora
2877 1313 3152 1367 traditum.
3191 1314 3360 1370 Porro
3387 1326 3565 1371 autem

326 1418 446 1457 crrru
471 1413 525 1457 et
550 1403 601 1456 id
626 1404 676 1457 in
710 1402 1083 1457 remissionem
1113 1412 1461 1471 peccatorum
1493 1402 1695 1469 ubique
1724 1401 2001 1461 offeratur,
2020 1408 2076 1454 et
2105 1400 2153 1452 in
2175 1416 2239 1454 eo
2271 1402 2337 1455 de
2368 1403 2575 1458 sanctis
2602 1402 2856 1456 memoria
2889 1411 3103 1469 agatur,
3134 1411 3186 1456 et
3212 1417 3309 1470 pro
3339 1404 3474 1455 vivis
3507 1418 3571 1456 ac

328 1489 601 1542 defunctis
640 1498 747 1542 tam
775 1490 1097 1558 generaliter
1127 1505 1290 1557 quam
1331 1505 1427 1559 pro
1455 1489 1724 1556 aliquibus
1756 1487 2071 1542 nominatim
2100 1499 2306 1550 oretur,
2339 1504 2441 1543 non
2469 1500 2549 1544 est
2574 1491 2795 1543 duhirrm
2830 1488 3018 1542 altaris
3044 1488 3397 1553 sacrificium,
3427 1495 3569 1559 quod

332 1575 562 1630 llebrzeo
598 1578 854 1632 vocabulo
888 1578 955 1631 ab
982 1578 1243 1646 apostolis
1276 1579 1466 1635 reliClO
1511 1578 1728 1632 Missam
1767 1576 2018 1639 dicimus,
2050 1585 2103 1628 ct
2135 1586 2354 1643 peccata
2395 1577 2634 1644 expiare,
2671 1584 2724 1628 et
2778 1586 2884 1627 tam
2918 1560 3057 1629 vivis
3088 1590 3248 1641 quam
3276 1577 3570 1640 defunctis,

328 1670 381 1715 et
412 1674 519 1716 tam
551 1663 872 1733 generaliter
899 1680 1060 1732 quam
1095 1666 1348 1737 privatim
1384 1666 1664 1737 aliquibus
1693 1660 1957 1733 applicari
1991 1676 2051 1715 ac
2079 1662 2360 1730 prodesse,
2396 1663 2583 1732 idque,
2620 1663 2786 1716 velint
2821 1661 2992 1714 nolint
3014 1660 3334 1724 Lutherani,
3366 1679 3394 1715 a
3430 1677 3569 1717 tem.

330 1763 459 1816 pore
490 1751 857 1818 apostolorum
890 1751 957 1804 ad
994 1767 1094 1806 nos
1131 1768 1308 1822 usque
1357 1754 1694 1822 pervenisse.
1730 1752 1850 1821 Quo
1900 1750 1957 1803 fit
1984 1760 2045 1804 ut
2074 1766 2248 1805 canon
2286 1751 2464 1807 Missa:
2489 1790 2505 1815 ,
2557 1766 2720 1816 quem
2768 1751 2802 1803 ii
2857 1758 3139 1817 tantopere
3167 1761 3525 1804 exsecrantur
3553 1790 3568 1812 ,

329 1836 469 1902 apud
496 1837 629 1892 alios
663 1851 860 1893 omnes
897 1837 1083 1894 fideles
1111 1839 1234 1907 jure
1266 1852 1674 1904 sacrosanctus,
1707 1852 1764 1896 ut
1792 1852 1896 1908 est,
1928 1840 2142 1893 dicatur
2171 1847 2226 1892 et
2258 1838 2543 1892 habeatur.
2571 1836 2850 1906 Rogentnr
2880 1851 3075 1892 omnes
3104 1838 3352 1890 omnium
3390 1840 3570 1891 natio-

328 1940 456 1978 num
484 1927 823 1987 sacerdotes.
860 1937 914 1980 et
942 1941 1135 1980 omnes
1170 1942 1280 1980 uno
1316 1942 1410 1979 ore
1442 1930 1888 1991 respondebunt,
1922 1928 2038 1982 [nec
2075 1941 2196 1992 qua:
2229 1924 2340 1979 dixi
2373 1924 2557 1978 omnia
2598 1925 2671 1978 ita
2706 1923 2926 1977 habere.
2964 1921 3240 1992 llogentur
3266 1922 3570 1993 Aithiopes,

324 2010 418 2080 qui
451 2011 705 2066 Cbaldaaa
737 2011 926 2081 lingua
964 2019 1223 2076 utuntur,
1250 2022 1305 2066 et
1343 2012 1377 2064 ii
1421 2013 1536 2065 Ira-c
1568 2014 1640 2066 ita
1683 2028 1805 2068 esse
1844 2030 1951 2069 non
1982 2013 2388 2067 inliciabuntnr.
2421 2009 2701 2076 Rogentur
2731 2009 2974 2063 Armenii
3002 2047 3017 2073 ,
3052 2010 3144 2079 qui
3177 2011 3302 2065 licet
3340 2011 3574 2068 fortasse

326 2097 379 2151 itr
410 2099 691 2153 nonnullis
726 2099 848 2152 aliis
878 2098 1175 2165 aliquando
1212 2114 1240 2153 a
1293 2099 1450 2155 nobis
1481 2100 1842 2155 dissmrserint
1869 2141 1884 2166 ,
1927 2101 1979 2154 in
2019 2102 2103 2152 his
2137 2100 2355 2167 quidem
2384 2107 2534 2152 certe
2575 2097 2858 2150 nobiseum
2892 2111 3107 2165 semper
3136 2098 3340 2168 optiure
3373 2114 3573 2153 conve-

326 2202 476 2241 nere.
509 2187 788 2255 Bogentur
821 2184 1016 2247 Grmci,
1050 2196 1103 2241 et
1140 2187 1170 2239 ii
1201 2201 1262 2241 r-a
1303 2188 1373 2240 ita
1410 2202 1535 2241 esse
1566 2188 1911 2242 aflirnrabuut
1946 2195 2003 2239 ut
2052 2186 2267 2237 interim
2314 2185 2580 2234 mirentur
2635 2182 2773 2237 ullos
2807 2198 2926 2236 esse
2974 2183 3199 2237 omnino
3229 2184 3574 2240 Chrisﬁanos

324 2275 421 2341 qui
450 2273 685 2329 audeant
722 2274 882 2329 aliter
912 2275 1136 2331 sentire.
1173 2273 1496 2343 Quanquam
1527 2276 1659 2343 quid
1694 2290 1787 2329 eos
1826 2289 2021 2343 rogare
2052 2287 2186 2339 opus
2217 2278 2299 2323 est
2327 2308 2343 2333 ,
2375 2283 2498 2322 cum
2540 2267 2781 2321 Verretiis
2823 2267 2966 2321 baud
3011 2267 3085 2321 ita
3119 2268 3326 2338 pridem
3360 2270 3432 2322 sit
3461 2271 3579 2324 edi-

327 2371 443 2415 trrrn
476 2377 667 2417 eorum
694 2362 1010 2431 εὐχολόγιον
1035 2377 1131 2417 seu
1165 2362 1505 2417 sacerdotale
1538 2362 1812 2426 Graecum,
1844 2378 1911 2417 ex
1942 2357 2281 2430 quo-poterit
2304 2370 2498 2410 eorum
2525 2353 2872 2411 sacrificandi
2908 2358 3071 2409 ritum
3101 2356 3333 2424 quilibet
3363 2357 3579 2411 studio-

327 2464 421 2504 sus
475 2464 831 2520 cognoscere.
880 2449 986 2506 Sed
1030 2453 1293 2522 qnoniam
1351 2450 1777 2521 pulcherrimam
1832 2465 2024 2506 eorunr
2066 2445 2304 2514 linguam
2340 2457 2446 2495 non
2485 2442 2664 2496 cuivis
2698 2442 2840 2495 scire
2877 2443 3061 2497 datum
3094 2451 3181 2497 est
3209 2481 3225 2507 ,
3261 2443 3403 2497 hanc
3438 2443 3577 2514 reip.

326 2534 653 2591 Christiana:
692 2537 884 2591 navari
923 2552 1166 2600 overam,
1198 2546 1256 2591 trt
1287 2537 1392 2589 divi
1420 2538 1797 2606 Chrysostomi
1866 2547 1921 2591 et
1950 2536 2059 2590 divi
2091 2532 2274 2587 Basilii
2302 2529 2673 2599 λειτουργίαν.
2712 2529 2813 2584 hoc
2854 2539 2958 2590 est,
2991 2530 3246 2585 sacrificii
3274 2545 3367 2585 seu
3403 2530 3581 2585 Missa:

333 2624 538 2676 rituum
572 2622 995 2686 ordinationem,
1017 2640 1081 2676 ex
1110 2639 1299 2679 eorum
1335 2625 1684 2691 sacerdotali,
1712 2626 1764 2678 in
1803 2625 2042 2694 linguam
2071 2620 2315 2676 Latinam
2340 2628 2629 2673 verterem.
2656 2618 2789 2683 Quae
2812 2626 2871 2671 nt
2905 2616 3121 2673 facilius
3158 2617 3577 2697 intelligeretur,

330 2708 541 2763 Nicolai
578 2724 794 2778 quoque
816 2708 1100 2772 Cabasilzc,
1130 2711 1229 2763 viri
1255 2711 1308 2763 itr
1346 2712 1538 2780 primis
1571 2712 1640 2781 pii
1706 2726 1758 2766 et
1781 2713 1947 2778 docti,
1970 2709 2410 2778 compendiosam
2436 2708 2489 2760 in
2524 2721 2641 2760 eam
2681 2706 3182 2775 interpretationem
3212 2709 3285 2762 illi
3310 2708 3531 2776 adiunxi
3564 2733 3577 2766 :

332 2806 408 2860 et,
451 2806 507 2849 ut
539 2798 631 2866 qni
662 2798 977 2852 sublimium
1018 2813 1199 2853 rerum
1237 2799 1693 2867 contemplatione
1737 2802 2098 2859 delectantur,
2147 2812 2240 2862 per
2272 2796 2372 2849 hoc
2403 2803 2653 2849 sancturu
2698 2802 2752 2847 et
2790 2795 3077 2864 mysticum
3110 2796 3440 2850 sacrificium
3466 2838 3480 2860 ,
3512 2796 3582 2851 ιι

332 2898 393 2937 ea
425 2899 544 2953 quae
577 2892 704 2939 sunt
734 2886 801 2938 ab
827 2885 973 2938 omni
1005 2886 1229 2940 materia
1261 2896 1489 2951 remota,
1517 2897 1694 2941 ruente
1716 2887 1996 2942 versandzc
2024 2891 2384 2953 deducantur,
2409 2895 2463 2941 et
2489 2887 2618 2950 Deo,
2648 2887 2826 2956 quoad
2858 2889 2975 2954 ejus
2999 2888 3111 2946 fieri
3142 2890 3362 2958 poterit,
3391 2889 3586 2945 unian-

334 2979 441 3036 tnr,
474 2970 688 3025 Maximi
723 2973 998 3036 monachi,
1031 2973 1221 3041 Optimi
1253 2973 1500 3043 Dionysii
1541 2975 1882 3042 interpretis,
1923 2974 1994 3028 De
2025 2974 2351 3044 mystngogia
2382 2973 2766 3034 ecclesiastica,
2799 2971 2903 3027 hoc
2931 2982 3034 3037 est,
3069 2974 3137 3027 de
3172 2972 3579 3027 introductioue

329 3058 393 3109 ad
428 3073 580 3111 sacra
620 3058 876 3113 Ecclesia:
911 3060 1196 3131 mysteria,
1234 3059 1562 3128 opusculum
1595 3060 1792 3125 adjeci.
1832 3087 1899 3127 ν

404 3142 482 3196 Ex
515 3144 714 3212 quibus
747 3144 1003 3197 omnibus
1036 3159 1141 3198 non
1174 3145 1387 3207 dubito,
1428 3146 1675 3200 studiose
1708 3147 1898 3210 lector,
1930 3150 2061 3216 quin
2095 3148 2137 3200 si
2171 3163 2232 3201 ea
2261 3148 2553 3217 diligenter
2582 3147 2797 3215 perlege
2813 3149 2910 3207 ris,
2956 3162 3061 3198 non
3094 3147 3264 3200 levem
3292 3145 3370 3200 sis
3407 3160 3469 3198 ex
3499 3146 3584 3199 eis

331 3229 627 3282 utilitatcrrr
664 3242 989 3297 accepturus
1026 3248 1040 3282 :
1077 3246 1296 3294 nempe,
1334 3240 1391 3284 ut
1423 3248 1527 3286 non
1560 3233 1709 3287 omni
1760 3245 1921 3286 vento
1943 3236 2203 3289 doctrinae
2234 3235 2623 3294 circumactus,
2649 3249 2676 3285 a
2707 3234 2987 3303 Cynosura
3022 3274 3038 3299 ,
3068 3234 3169 3286 hoc
3199 3242 3281 3288 est
3322 3248 3348 3284 a
3378 3232 3585 3287 Christi

331 3314 606 3381 Ecclesia,
647 3320 852 3382 optirrra
885 3315 1126 3368 fidelium
1164 3315 1325 3377 duce,
1362 3316 1546 3371 orulos
1592 3318 1813 3371 mirrinrc
1848 3320 2146 3374 dimmeas.
2182 3317 2295 3372 Hoc
2331 3329 2510 3375 autem
2547 3334 2686 3373 onus
2732 3334 2797 3373 eo
2847 3318 3106 3373 liberrtirrs
3149 3317 3391 3384 suscepi,
3435 3318 3583 3384 quod

329 3416 453 3456 cum
486 3401 817 3467 Lutbcrani,
844 3413 898 3453 ut
927 3416 1082 3456 snanr
1105 3416 1331 3455 causam
1360 3404 1519 3475 vulgo
1557 3404 1978 3474 probabiliorenr
2006 3416 2055 3462 et
2090 3405 2519 3475 plausibiliorern
2547 3405 2807 3469 cﬂiciant,
2839 3414 2894 3459 et
2935 3404 3162 3460 Grtecos
3190 3418 3284 3472 pro
3310 3418 3372 3457 se
3410 3403 3586 3457 facere

324 3489 582 3557 jactitent
609 3489 766 3557 satis,
800 3498 854 3543 et
880 3504 946 3543 eo
975 3489 1196 3545 nomine
1249 3489 1668 3559 pulcherrimam
1710 3492 1943 3561 lingrrarn
2009 3493 2149 3562 aprrd
2207 3494 2378 3547 honos
2436 3495 2679 3563 quidcru,
2718 3495 2811 3548 sed
2867 3492 2988 3563 plus
3020 3490 3321 3559 simplices,
3355 3491 3407 3543 in
3450 3491 3587 3545 invi-

331 3578 472 3630 diam
497 3587 688 3630 vorent
723 3594 737 3630 :
778 3577 809 3632 ii
849 3576 934 3631 his
963 3577 1179 3646 quidem
1199 3586 1344 3631 certe
1375 3578 1628 3644 perlectis
1647 3579 1803 3634 facile
1827 3580 2145 3650 intelligent,
2176 3595 2339 3647 quam
2375 3581 2764 3651 longclateque
2794 3579 2967 3635 Graeci
3027 3579 3097 3634 ab
3121 3578 3202 3633 eis
3232 3577 3578 3642 dissentiant,

334 3674 388 3715 ct
426 3679 521 3729 pro
545 3674 698 3731 parte
730 3662 1155 3719 ortlrodoxorunr
1191 3678 1293 3717 una
1329 3681 1449 3719 crrrrr
1482 3667 1694 3721 ca-teris
1733 3668 2061 3722 Christianis
2100 3668 2409 3722 nationibus
2438 3668 2659 3723 faciant.

407 3748 480 3804 Es
517 3760 694 3803 tamen
729 3752 1124 3815 admonendus,
1164 3752 1413 3807 studiose
1472 3753 1663 3817 lector,
1693 3764 1750 3807 ut
1780 3754 1850 3808 29
1881 3766 1933 3808 et
1959 3755 2028 3810 '50
2060 3765 2220 3824 caput
2252 3756 2372 3809 libri
2414 3754 2678 3811 Cahasila:
2712 3769 2870 3812 caute
2901 3757 3067 3825 legas,
3123 3773 3189 3811 ex
3238 3772 3348 3826 quo
3379 3757 3588 3826 impru-

336 3837 473 3892 deus
506 3836 738 3892 fortasse
762 3838 1032 3906 quispiam
1067 3849 1245 3905 posset
1285 3838 1445 3893 facile
1476 3841 1732 3909 colligere
1768 3842 1911 3895 aliud
1950 3843 2154 3895 sentire
2186 3841 2407 3896 Gnecos
2449 3843 2515 3895 de
2548 3843 2730 3898 verbis
2765 3843 3214 3906 consecrationis,
3247 3858 3410 3911 quam
3466 3842 3580 3895 La-

340 3926 454 3978 tina
497 3924 732 3980 Ecclesia
768 3927 990 3988 sentiat,
1017 3941 1138 3979 crrrrr
1183 3941 1268 3980 res
1305 3936 1489 3981 tamen
1518 3927 1675 3980 aliter
1712 3929 1930 3983 habeat.
1968 3928 2037 3984 Ut
2069 3938 2250 3985 autem
2282 3930 2348 3983 ad
2366 3943 2432 3982 ea
2469 3929 2690 3997 legenda
2719 3930 2889 3984 tutius
2920 3929 3171 3992 aer-edas,
3220 3943 3401 3995 oper-re
3455 3944 3584 3995 prc-

340 4012 470 4065 tium
506 4011 739 4067 fortasse
764 4011 925 4065 frrcrit
957 4023 1009 4065 te
1034 4012 1219 4079 paucis
1244 4013 1595 4081 praemunire.
1616 4013 1857 4067 Primum
1882 4014 2075 4083 itaque
2102 4027 2316 4080 oportet
2349 4015 2640 4085 intelligas,
2667 4014 2889 4069 (ἱνωςοε
2916 4015 3229 4068 Latinorum
3257 4014 3581 4069 sententiam

337 4113 710 4168 Smpertttmcro
738 4115 844 4152 non
880 4099 1013 4150 satis
1066 4098 1425 4159 intellexisse,
1458 4098 1550 4151 ubi
1600 4107 1780 4152 autem
1834 4098 2029 4154 fuisset
2073 4101 2343 4168 exposita,
2387 4099 2550 4155 facile
2593 4101 2967 4157 consensisse.
3008 4102 3168 4165 Quod
3188 4115 3290 4155 usu
3331 4100 3477 4154 venit
3527 4099 3583 4153 iu

339 4186 569 4241 concilio
603 4184 937 4250 Florentino,
972 4200 1096 4238 cum
1138 4187 1202 4239 de
1234 4185 1471 4251 Spiritus
1501 4188 1672 4240 sancti
1720 4188 2077 4257 processimre
2110 4198 2395 4255 ageretur.

410 4294 542 4347 Cum
568 4293 709 4345 cniur
747 4295 1129 4349 cx‘stimarcut
1168 4294 1386 4346 Latinos
1434 4294 1541 4347 duo
1595 4296 1864 4364 principia
1894 4305 2155 4363 statuere,
2193 4309 2245 4352 et
2288 4298 2410 4351 ideo
2477 4296 2545 4350 ab
2597 4295 2678 4349 eis
2728 4294 3098 4360 dissentirent,
3138 4295 3225 4347 rtlri
3260 4311 3371 4351 rem
3423 4297 3582 4352 aliter

338 4382 537 4433 habere
576 4380 982 4444 intellexerunt,
1014 4379 1172 4434 facile
1210 4380 1558 4446 acquievcrc.
1608 4380 1876 4437 Similiter
1911 4384 1997 4437 hic
2035 4396 2220 4440 noster
2251 4383 2506 4438 Crrlra~ila
2554 4383 2771 4435 videtur
2819 4381 3162 4435 existimasse
3198 4381 3419 4439 Latinos
3450 4402 3583 4440 cre-

340 4470 465 4520 dere
493 4482 553 4520 se
588 4482 681 4536 per
716 4466 887 4521 Solam
922 4472 1209 4521 Verborum
1265 4468 1471 4522 Christi
1531 4472 1897 4525 narrationem
1940 4469 2159 4525 -Christi
2200 4486 2399 4540 corpus
2442 4479 2500 4523 et
2547 4469 2863 4536 Sanguinem
2896 4469 3184 4534 conficere,
3226 4486 3351 4524 cum
3391 4484 3573 4525 tamen

340 4570 497 4609 neuro
528 4554 846 4610 Latinorrrm
876 4557 1089 4611 dubitet
1119 4572 1228 4611 non
1280 4558 1528 4611 suﬂicere
1562 4559 1789 4612 formam
1822 4559 2275 4623 consecratirmis,
2326 4558 2429 4612 nisi
2472 4557 2614 4611 adsit
2662 4558 3033 4610 consecrantis
3072 4558 3375 4611 sacerdotis
3423 4557 3580 4611 insti-

340 4652 511 4696 tutum
546 4661 607 4697 ac
637 4645 1015 4713 propositurn.
1055 4646 1176 4711 Quo
1210 4651 1524 4710 accedente,
1558 4645 1730 4701 forma
1765 4650 2054 4701 verbortrrn
2104 4647 2156 4699 in
2192 4661 2423 4713 persOna
2455 4644 2659 4699 Christi
2720 4646 2928 4713 prolata
2968 4646 3165 4696 dicitrrr
3211 4659 3333 4696 esse
3392 4643 3579 4700 efﬁcax

335 4741 388 4781 ct
420 4733 616 4784 habere
657 4730 1012 4785 convertendi
1049 4743 1397 4800 porestateru,
1432 4734 1632 4786 virtute
1666 4734 1834 4803 ipsius
1863 4734 2066 4787 Christi
2100 4734 2300 4786 sutnrni
2330 4735 2669 4791 :sacerdotis.
2705 4730 2833 4785 Item
2871 4732 3032 4783 etiam
3091 4729 3228 4781 falso
3279 4730 3581 4785 arbitratur

335 4816 559 4870 Latinos
584 4828 940 4872 contemnere
967 4822 1247 4874 orationes
1275 4838 1394 4884 quze
1427 4820 1557 4873 lirtnt
1585 4836 1612 4874 a
1647 4823 1931 4875 sacerdote
1976 4839 2142 4894 super
2173 4827 2335 4891 dona,
2369 4834 2484 4892 post
2537 4826 2703 4897 verba
2734 4824 2936 4878 ClrriSti
2996 4822 3246 4884 recitata,
3282 4832 3336 4875 et
3368 4838 3430 4874 ex
3469 4825 3576 4876 ritu

343 4910 702 4961 r0nsccrandi
734 4910 1106 4974 pronuntiata.
1140 4908 1196 4961 ιιι
1226 4912 1374 4963 enim
1413 4909 1608 4963 falsum
1639 4924 1756 4963 esse
1789 4911 1956 4979 liquet

1937 4921 2048 4965 tex
2085 4927 2294 4966 canone
2323 4911 2580 4965 ECt‘leSl'di
2630 4911 2859 4969 Ltlllna',
2895 4909 2948 4961 in
2998 4924 3108 4976 quo
3158 4918 3434 4975 ponuntur
3469 4920 3578 4966 tres

330 4994 405 5048 ad
441 4994 619 5047 rrrinus
651 4995 924 5047 orationes
955 5006 1074 5063 post
1127 4997 1591 5050 consecrationem
1641 5014 1807 5067 super
1856 4999 2041 5051 divina
2078 5016 2323 5053 munera.
2382 4999 2557 5052 Prima
2600 5012 2721 5052 est:
2762 4999 2934 5060 Super
2984 5012 3100 5065 qua:
3154 4999 3404 5062 propitio,
3466 5010 3575 5053 etc.

331 5085 588 5138 Secunda
617 5080 817 5136 FUnrle
853 5093 900 5136 et
936 5101 1209 5139 memores.
1246 5087 1428 5139 Tertia
1461 5105 1475 5138 :
1518 5085 1645 5141 Παίς
1682 5088 1856 5139 omnia
1890 5104 2092 5157 semper
2127 5087 2259 5140 bona
2289 5102 2457 5151 creas,
2487 5085 2789 5151 sancti/iras
2844 5092 2892 5135 et
2926 5083 3205 5139 bertedicis.
3246 5084 3569 5154 Quanquam

331 5168 639 5224 secundum
678 5185 897 5239 quoque
927 5172 1234 5227 orationem
1277 5175 1435 5228 aliter
1471 5162 2115 5244 interpretanturfquaru
2156 5173 2330 5226 Latini
2361 5173 2693 5238 intelligant,
2729 5178 2781 5221 ut
2819 5171 3001 5222 statim
3058 5171 3287 5225 dicetur.

407 5276 562 5343 Quod
593 5287 776 5333 autem
831 5287 1040 5334 videtur
1078 5296 1285 5363 essem
1342 5300 1441 5342 nae
1470 5301 1746 5358 oprrrtonc,
1796 5295 1855 5339 ut
1884 5285 2160 5338 existimet
2208 5293 2327 5351 post
2369 5283 2530 5336 verba
2578 5281 3010 5334 consecrationis
3060 5282 3238 5336 adhuc
3290 5294 3572 5336 remanere

324 5368 495 5434 panis
530 5378 584 5420 et
619 5366 726 5420 vini
760 5367 1150 5433 substantiam,
1182 5386 1282 5424 nec
1310 5373 1412 5427 nisi
1443 5383 1563 5442 post
1597 5375 1897 5429 sacerdotis
1924 5373 2198 5424 orationes
2226 5383 2282 5422 et
2313 5367 2722 5421 herredictiones
2759 5366 2874 5419 fieri
2903 5372 3340 5433 conversionem,
3373 5370 3422 5419 id
3450 5382 3574 5421 esse

330 5450 530 5506 f-rlalltll
571 5454 652 5506 vel
693 5468 756 5507 ex
788 5455 959 5523 ipsirrs
988 5455 1173 5510 Basilii
1210 5470 1263 5511 et
1290 5459 1668 5530 Cbrysostorui
1707 5462 2049 5515 sacrificandi
2089 5462 2196 5514 ritu
2231 5458 2390 5512 facile
2421 5442 2597 5524 potest
2625 5455 2880 5523 perspici.

410 5539 542 5595 Nam
585 5551 707 5611 post
755 5546 916 5596 verba
950 5547 1383 5600 consecrationis
1416 5554 1578 5616 super
1627 5564 1821 5616 partem
1857 5558 1910 5600 ct
1942 5550 2126 5601 vinum
2161 5546 2368 5615 prolata
2420 5544 2674 5597 sacerdos
2706 5554 2757 5595 ct
2788 5545 3045 5596 diaconus
3075 5561 3138 5598 ea
3171 5547 3357 5613 utique
3382 5555 3569 5597 osten-

333 5626 474 5682 dunt
506 5638 564 5682 ut
594 5633 909 5684 adorentur.
940 5630 1080 5697 Quin
1115 5631 1224 5685 imo
1274 5635 1371 5701 ipsi
1408 5637 1571 5688 etiam
1619 5639 1682 5687 ad
1715 5652 1955 5689 mensam
2000 5647 2079 5689 ter
2129 5638 2398 5690 adorant:
2433 5630 2575 5698 qrrod
2627 5646 2729 5681 non
2803 5631 2971 5689 fieret,
3030 5630 3134 5684 nisi
3209 5630 3381 5698 rcipsa
3434 5631 3573 5687 facta

335 5723 489 5769 esset
524 5720 830 5773 corrtersio.
864 5717 1075 5773 Deinde
1105 5720 1150 5774 si
1179 5736 1273 5788 per
1313 5720 1717 5777 benedictioncs
1767 5732 1818 5777 et
1863 5733 1976 5777 orat

1946 5725 2160 5787 rtiOnes,
2197 5733 2318 5791 qua:
2374 5725 2778 5780 consequuntur
2824 5722 2876 5765 ct
2922 5712 3180 5773 dierrntur
3229 5740 3257 5776 ιι
3290 5717 3587 5775 baut-dum,
