4142 6294
651 354 752 417 367
1861 350 2179 414 NlCOLAl
2226 349 2613 409 CABASlLa‘i
3696 389 3713 398 -
3758 345 3857 410 368

655 473 805 521 tieret
838 464 1136 527 conversio,
1174 479 1276 519 non
1322 465 1471 519 ﬂeret
1501 465 1786 519 conversio
1815 466 1972 532 panis
2003 473 2127 517 ante
2159 465 2573 519 conversionem
2609 462 2740 517 vini.
2774 460 2908 515 Nam
2956 469 3078 529 post
3114 459 3395 526 utriusque
3442 458 3856 515 lxcncdictioumn

648 566 702 606 et
731 555 1054 613 orationem,
1085 551 1299 605 tandem
1338 552 1467 604 dicit
1517 552 1808 604 sacerdos:
1843 550 2059 603 Mutuus
2096 550 2299 616 Spiritu
2332 560 2422 604 tuo
2459 560 2685 616 sancta;
2730 559 2783 602 et
2818 558 2992 601 tamen
3048 549 3091 603 si
3137 563 3259 599 Vt'l‘a
3291 556 3415 600 sunt
3446 560 3563 612 qua:
3595 547 3738 610 dicit,
3775 568 3815 611 ιιι
3839 568 3858 598 ι-

647 641 952 693 orationem
993 639 1289 691 sacerdotis
1322 637 1472 690 iteret
1503 636 1729 689 mutatio
1762 645 1868 689 tam
1904 638 2058 704 panis
2089 652 2248 705 quam
2278 637 2387 690 vini
2417 640 2467 690 in
2499 652 2599 691 suo
2627 636 2837 690 ordine.
2875 635 3003 705 Ejus
3036 636 3218 701 itaque
3251 633 3520 701 expositio
3553 647 3650 686 nec
3683 648 3853 686 sci-mu

650 729 782 781 satis
815 735 1110 788 constaret,
1142 738 1316 793 neque
1345 724 1548 777 Christi
1581 724 1704 777 ritui
1736 734 1791 777 et
1836 724 2011 776 ordini
2049 725 2390 779 consecratio
2439 724 2774 786 Graecorum,
2809 723 2854 775 si
2903 737 2961 777 ea
2999 733 3144 775 esset
3177 720 3467 788 eiusmodi,
3500 722 3856 788 responderet,

648 817 738 882 qui
775 816 927 881 prius
960 829 1110 866 suum
1137 826 1332 880 corpus
1364 825 1486 864 vere
1512 809 1765 872 confecit,
1790 809 1984 864 deinde
2008 812 2347 877 sanguinem,
2373 827 2479 865 non
2503 822 2730 879 utraque
2759 809 2942 863 simul.
2971 809 3259 862 Dicendum
3286 819 3364 860 est
3395 820 3522 873 ergo
3552 805 3852 862 Latinuzum

646 914 699 954 et
751 901 1058 954 Grmrorum
1106 912 1225 951 esse
1270 905 1525 955 mentem,
1586 907 1645 948 ut
1692 897 1880 949 eodem
1922 899 2205 951 veritatem
2257 898 2685 952 consecrationis
2730 895 2988 961 referant,
3030 894 3231 962 alioqui
3282 910 3462 947 sermo
3509 892 3709 947 Christi
3753 912 3848 947 nm

647 999 789 1042 esset
821 988 1022 1056 epifcx,
1058 994 1112 1037 ut
1144 989 1216 1036 ait
1242 984 1687 1051 Cbrysos'outus,
1715 999 1875 1052 qttem
1904 985 2118 1052 quidem
2155 986 2366 1037 adducit
2401 983 2650 1039 Cabasila
2698 993 2951 1052 tauquam
2984 997 3096 1037 suae
3121 981 3359 1049 opinimii
3388 981 3738 1040 contrarium,
3770 999 3859 1036 tti‘c

646 1080 762 1144 ejus
817 1088 994 1127 ωηιξη
1053 1076 1358 1125 auctoritati
1397 1074 1448 1125 in
1488 1073 1740 1126 diluendo
1785 1074 1915 1127 satis
1949 1071 2095 1127 facit.
2137 1072 2265 1144 Nam
2308 1072 2448 1139 quod
2484 1072 2677 1124 attinet
2715 1072 2779 1124 ad
2830 1072 2932 1122 vim
2968 1070 3259 1122 verborum
3290 1084 3303 1120 :
3339 1066 3567 1119 Crescite
3593 1075 3643 1118 et
3675 1069 3858 1117 multi-

644 1164 939 1231 plicamini,
969 1162 1164 1229 quibus
1201 1169 1257 1213 ut
1283 1160 1386 1213 alia
1419 1159 1686 1212 addantur
1746 1160 2060 1226 requiritur,
2113 1142 2304 1225 nempe
2350 1156 2773 1220 matrimonium,
2808 1155 3124 1209 alimentum
3178 1162 3231 1207 et
3258 1160 3495 1218 czetera;
3533 1152 3583 1204 id
3620 1154 3672 1204 in
3709 1166 3857 1203 causa

645 1262 746 1312 est,
780 1250 923 1318 quod
954 1263 1014 1299 ea
1042 1247 1106 1299 ad
1143 1246 1380 1300 futurum
1420 1243 1751 1307 referantur,
1779 1258 1834 1300 et
1858 1262 1976 1313 qua:
2009 1246 2448 1316 requirebantur,
2479 1244 2830 1297 includerent.
2866 1240 2962 1295 llic
2990 1252 3197 1304 autem,
3226 1239 3472 1293 Christus
3499 1253 3679 1292 veram
3709 1249 3759 1290 et
3787 1256 3859 1289 re-

646 1337 756 1403 ipsa
790 1336 1174 1389 subsistentem
1222 1332 1305 1386 sui
1334 1330 1597 1401 ﬁcorporis
1646 1333 1990 1400 prtesentiam
2037 1331 2386 1401 signiﬁcavit,
2420 1335 2577 1395 eLita
2634 1344 2691 1385 ιιι
2726 1335 2840 1401 ipse
2867 1332 3014 1395 fecit,
3049 1331 3161 1385 ﬁeri
3201 1330 3386 1398 jussit,
3442 1339 3500 1381 ut
3548 1342 3724 1381 sermo
3753 1329 3859 1394 ejus

644 1421 992 1476 esseteflicax
1026 1429 1080 1475 et
1098 1435 1332 1488 operans
1348 1433 1413 1473 eo
1435 1421 1552 1489 ipso
1569 1430 1840 1473 momento
1872 1420 2214 1487 quodicitur,
2242 1434 2348 1472 non
2381 1421 2596 1488 quando
2621 1419 2734 1488 jam
2774 1419 3014 1482 transiit,
3048 1429 3106 1472 ut
3138 1418 3349 1471 videtur
3374 1415 3579 1470 sentire
3604 1414 3856 1467 Caliasda.

644 1507 753 1562 Nec
781 1510 960 1563 obsmt
991 1506 1133 1576 quod
1162 1508 1214 1561 in
1247 1509 1407 1560 missa
1438 1507 1815 1577 Chrysostomi
1863 1517 1916 1559 et
1957 1507 2162 1571 Basilii,
2206 1516 2327 1575 post
2361 1507 2716 1574 prolationem
2763 1509 3048 1562 verborum
3122 1505 3351 1569 Christi,
3397 1505 3527 1559 dicit
3576 1503 3858 1558 sacerdos:

648 1594 770 1647 Fiat
803 1610 1017 1661 corpus,
1049 1594 1144 1661 ﬁat
1208 1595 1445 1663 sanguis,
1506 1602 1611 1647 etc.
1649 1591 1764 1646 Non
1801 1601 1884 1648 est
1927 1593 2070 1646 enim
2106 1593 2509 1663 intelligendum
2546 1605 2673 1649 tunc
2707 1595 2938 1663 primum
2990 1592 3103 1647 fieri
3137 1592 3577 1653 conversionem,
3614 1605 3727 1656 qua:
3750 1589 3850 1657 iam

643 1682 799 1746 paulo
830 1690 956 1735 ante
989 1682 1135 1734 laeta
1163 1694 1262 1745 εει,
1293 1681 1391 1734 sed
1424 1689 1481 1734 ut
1515 1681 1836 1735 ostendatur
1875 1681 2016 1749 quod
2054 1682 2177 1735 licet
2211 1696 2390 1735 sermo
2416 1682 2614 1737 Christi
2666 1684 2719 1737 in
2753 1698 2882 1737 voce
2929 1682 3225 1744 transierit,
3283 1691 3460 1735 tamen
3498 1688 3740 1733 remanet
3787 1677 3860 1731 el-

642 1768 818 1822 fectus
843 1768 1097 1837 potentia:
1124 1767 1242 1834 ejus
1286 1767 1387 1821 sub
1417 1767 1677 1837 symbolis
1710 1782 1806 1820 seu
1846 1769 2130 1834 speciebus
2165 1768 2319 1836 panis
2348 1777 2402 1821 et
2436 1769 2568 1821 vini.
2621 1767 2829 1822 Similis
2873 1769 3067 1823 modus
3112 1767 3365 1836 loquendi
3399 1767 3683 1821 invenitur
3710 1764 3857 1818 Marci

641 1855 849 1923 quinto,
880 1855 943 1908 de
978 1854 1203 1907 muliere
1258 1853 1519 1920 proﬂuvio
1549 1852 1828 1920 sanguinis
1863 1852 2158 1917 laborante,
2195 1869 2313 1923 quae
2341 1865 2688 1925 posteaquam
2740 1870 2769 1908 a
2793 1855 3011 1910 Christo
3038 1865 3224 1910 sanata
3254 1864 3335 1909 est
3363 1854 3486 1918 ﬁde,
3532 1861 3589 1908 et
3620 1854 3732 1922 ejus
3758 1853 3863 1904 tim-

641 1941 774 1995 bs-ia:
825 1941 1128 1995 vestimenti
1179 1949 1453 2003 contactu,
1492 1954 1521 1993 a
1572 1938 1788 1993 Christo
1850 1939 2194 1992 nihilominus
2248 1942 2417 1995 audiit
2473 1960 2488 1996 :
2545 1942 2673 1995 Esto
2720 1958 2852 1996 sana
2895 1960 2927 1996 a
2972 1942 3129 2012 plaga
3180 1952 3314 2005 tua;
3370 1956 3490 2009 qua:
3536 1950 3715 1995 tamen
3762 1941 3860 2007 jam

641 2036 831 2080 sanata
862 2026 1057 2080 fuerat.
1095 2028 1200 2081 Sed
1240 2028 1341 2080 hoc
1367 2025 1548 2079 dicere
1582 2024 1757 2079 voluit
1794 2023 2064 2090 Christus,
2118 2035 2181 2079 tit
2221 2026 2346 2081 licet
2401 2038 2573 2084 tactus
2623 2029 2845 2083 fimbriae
2877 2031 3196 2092 transiisset,
3249 2028 3474 2083 effectus
3529 2038 3707 2081 tamen
3748 2027 3860 2079 inii:

640 2126 966 2170 consecutus
995 2124 1388 2182 perseveraret.
1440 2112 1576 2167 Cum
1617 2113 1797 2178 itaque
1847 2111 2095 2166 Cabasila
2134 2112 2519 2181 interpretatur
2556 2118 2730 2170 locum
2780 2116 2927 2169 illum
2971 2118 3195 2170 canonis
3255 2115 3514 2169 Ecclesia:
3544 2114 3766 2175 Latium,
3800 2118 3859 2162 ita

642 2214 701 2257 ut
730 2219 829 2259 suo
864 2206 1048 2258 sensui
1085 2214 1368 2273 congruat,
1400 2203 1451 2255 id
1484 2203 1711 2255 dissidet
1743 2202 1808 2254 ab
1838 2200 2194 2270 intelligentia
2222 2201 2533 2255 Latinorum
2572 2204 2661 2271 qui
2696 2205 2746 2258 id
2780 2204 2941 2258 aliter
2984 2205 3282 2273 accipiunt.
3319 2202 3450 2255 Nam
3483 2202 3730 2270 perferri.
3759 2201 3861 2249 sive

637 2307 851 2345 sursum
899 2291 1048 2360 ferri,
1084 2291 1496 2359 interpretatur,
1531 2291 1750 2341 mutari.
1788 2288 1966 2343 Latini
2020 2297 2196 2341 autem
2245 2289 2549 2358 intelligunt
2599 2290 2782 2345 offerri
2829 2305 2925 2359 per
2977 2305 3169 2345 manus
3213 2289 3386 2345 sancti
3428 2289 3639 2357 Angeli,
3675 2285 3860 2341 CbriSti

639 2379 871 2440 scilicet,
904 2378 994 2446 qui
1027 2387 1109 2431 est
1140 2376 1319 2446 magni
1359 2375 1569 2430 consilii
1601 2375 1882 2443 Angelus;
1925 2374 2006 2428 rel
2037 2376 2199 2428 etiam
2234 2377 2431 2442 angeli,
2472 2390 2563 2430 seu
2617 2377 2956 2446 angelorum,
2990 2378 3082 2446 qui
3138 2379 3421 2432 orationes
3446 2385 3499 2429 et
3526 2386 3655 2428 vota
3687 2385 3855 2426 nostra

641 2465 748 2518 Deo
784 2464 1037 2527 oll‘erunt,
1071 2474 1129 2517 ut
1164 2465 1358 2534 legitur
1401 2467 1451 2516 in
1484 2463 1618 2516 libro
1653 2462 1854 2524 Tobiae,
1903 2471 1954 2515 et
1995 2463 2115 2516 Act.
2156 2478 2209 2515 κ.
2252 2461 2546 2527 Postremo,
2580 2465 2722 2532 quod
2764 2464 2896 2518 dicit
2941 2473 3063 2532 post
3107 2478 3411 2518 sermonem
3459 2462 3687 2524 Christi,
3737 2461 3860 2515 dona

639 2552 849 2617 altaris,
882 2567 1072 2620 panem
1102 2560 1157 2605 et
1190 2551 1375 2603 vinum
1413 2551 1591 2603 adhuc
1627 2551 1839 2609 vocari,
1872 2550 1923 2601 id
1955 2550 2170 2618 quidem
2206 2563 2390 2603 verum
2432 2559 2537 2613 est,
2571 2551 2636 2605 de
2685 2550 2812 2603 vino
2860 2559 3041 2605 autem
3078 2565 3183 2604 non
3217 2549 3401 2604 itidem
3439 2549 3696 2603 invenio:
3731 2546 3860 2600 calix

636 2639 781 2692 enim
816 2648 1041 2691 vocatur
1075 2638 1128 2689 in
1160 2636 1321 2689 inissa
1353 2636 1726 2704 Chrysostomi
1786 2646 1840 2690 et
1864 2636 2069 2688 Basilii.
2095 2637 2351 2702 Quamvis
2374 2648 2551 2691 autem
2584 2639 2636 2691 id
2664 2624 2851 2692 verum
2882 2645 3047 2703 esset,
3078 2637 3207 2691 nihil
3244 2647 3422 2690 tamen
3453 2637 3716 2699 obstaret,
3744 2647 3858 2686 cum

638 2741 725 2778 res
757 2725 807 2776 in
838 2739 973 2792 quas
1005 2724 1122 2777 alia:
1152 2734 1570 2788 convertuntur,
1621 2725 1836 2778 soleant
1877 2724 2111 2778 retinere
2143 2726 2359 2779 nomina
2409 2739 2597 2778 earum
2655 2740 2772 2792 quia
2805 2740 3080 2780 conversa:
3111 2734 3239 2778 sunt
3266 2742 3281 2791 ;
3335 2734 3389 2777 ut
3420 2732 3568 2792 patet
3622 2723 3674 2777 in
3717 2723 3854 2789 virga

636 2811 823 2874 Mosis,
857 2823 910 2866 et
940 2827 1077 2882 aqua
1111 2814 1162 2865 in
1201 2813 1382 2865 vinum
1417 2828 1711 2877 conversa,
1751 2811 1908 2866 Joan.
1960 2827 2019 2866 tt.
2054 2811 2167 2865 lmo
2202 2827 2328 2866 vero
2360 2814 2520 2868 etiam
2554 2811 2729 2867 Latini
2769 2814 3036 2868 interdum
3078 2823 3277 2866 vocant
3324 2813 3506 2865 vinum
3548 2809 3860 2878 sanguinrtu

635 2901 864 2954 Christi.
898 2901 988 2954 Ait
1014 2902 1157 2958 enim
1191 2910 1412 2955 sanctus
1451 2901 1775 2971 Cyprianus,
1811 2900 1905 2953 lib.
1951 2915 2011 2963 ll,
2065 2899 2262 2965 Ephes.
2300 2916 2400 2954 nt:
2441 2918 2458 2950 t
2492 2898 2774 2965 Quomodo
2803 2908 2983 2953 autem
3035 2907 3300 2952 creatura:
3347 2899 3414 2951 de
3448 2904 3720 2960 creatura,
3749 2895 3883 2945 vilis.

640 3006 839 3046 norum
868 2995 1047 3046 vinum
1081 3008 1204 3046 cum
1243 2992 1464 3047 Christo
1513 2993 1563 3045 in
1598 3007 1763 3061 regno
1795 2990 1971 3044 Patris
2012 2992 2276 3051 bibemus,
2307 2988 2349 3041 si
2380 2987 2431 3040 in
2461 2986 2729 3041 sacriﬁcio
2761 2987 2853 3041 Dei
2903 2986 3080 3039 Patris
3126 2985 3309 3038 vinum
3346 2998 3449 3037 non
3481 2980 3804 3037 offerimus?
3838 2999 3855 3029 ι

639 3081 702 3132 Et
734 3080 1114 3151 Hieronymus,
1151 3096 1207 3149 q.
1241 3080 1297 3143 2,
1328 3080 1393 3132 ad
1428 3078 1709 3133 lledibiam
1738 3096 1751 3131 :
1791 3097 1809 3129 ι
1846 3078 2004 3131 Panis
2037 3078 2134 3145 qui
2164 3079 2229 3131 de
2259 3080 2397 3134 caelo
2431 3077 2716 3133 descendit
2767 3092 2964 3146 corpus
2999 3088 3084 3130 est
3140 3075 3374 3139 Domini,
3419 3082 3471 3129 et
3505 3075 3694 3128 vinum
3723 3069 3858 3140 quod

636 3172 921 3241 discipulis
946 3172 1114 3237 dedit,
1146 3173 1370 3241 sanguis
1398 3171 1543 3223 illius
1584 3179 1667 3224 est
1695 3170 1817 3223 novi
1846 3168 2202 3223 Testantenti.
2240 3186 2258 3218 ι
2300 3167 2424 3221 Haec
2454 3175 2634 3220 autem
2666 3180 2786 3234 quae
2821 3165 3035 3231 amobis
3066 3165 3205 3217 dicta
3238 3171 3385 3225 sunt,
3420 3164 3711 3216 continuat
3733 3175 3854 3212 cou-

634 3264 821 3317 cilium
862 3262 1254 3323 Florentinnm,
1287 3262 1430 3328 quod
1464 3259 1741 3313 Armeniis
1771 3256 1918 3312 dedit
1948 3256 2179 3310 formam
2212 3264 2267 3308 et
2294 3254 2452 3307 ritum
2487 3251 2843 3307 consecrandi
2876 3250 3134 3305 Ecclesiae
3167 3247 3373 3302 Latinae
3403 3266 3416 3300 :
3452 3263 3622 3316 quiem
3656 3246 3856 3314 quidem

635 3358 978 3420 receperunt,
1010 3349 1143 3419 ipsis
1176 3347 1381 3403 Graecis
1415 3360 1752 3415 nequaquam
1785 3342 2228 3398 reclamantibus.
2265 3340 2388 3395 [Lee
2418 3342 2586 3394 visunt
2616 3350 2697 3393 est
2732 3338 3044 3401 admonere,
3094 3352 3160 3390 ne
3189 3336 3311 3405 quis
3341 3336 3685 3389 existimaret
3709 3331 3849 3385 Grzc-

634 3457 822 3497 corum
853 3456 1091 3507 sensum,
1125 3441 1267 3511 quod
1302 3439 1368 3492 ad
1400 3439 1643 3507 corporis
1677 3444 1729 3490 et
1762 3434 2047 3502 sanguinis
2082 3430 2293 3487 Domini
2344 3428 2739 3483 coniectionem
2777 3426 2991 3485 attinet,
3023 3439 3053 3478 a
3084 3422 3398 3477 Latinorum
3432 3421 3725 3479 sententia,
3759 3419 3851 3470 huc

633 3541 718 3586 est
750 3532 818 3585 ab
840 3506 1096 3584 Ecclesia:
1126 3506 1375 3588 veritate,
1426 3506 1732 3580 dissidere:
1765 3524 1908 3592 quod
1969 3529 2153 3588 posset
2200 3520 2430 3573 fortasse
2481 3515 2753 3583 quispiam
2801 3527 2865 3566 ex
2918 3511 2998 3566 his
3047 3511 3256 3565 duobus
3288 3509 3556 3579 capitibus
3592 3506 3860 3573 colligere.

638 3618 845 3672 Cit-tera
876 3629 1056 3673 autem
1090 3632 1211 3686 qua:
1237 3626 1359 3669 sunt
1391 3615 1445 3667 in
1478 3616 1577 3666 hoc
1603 3589 1807 3674 libello,
1844 3617 1973 3663 sunt
2001 3608 2288 3674 ejusmodi,
2335 3611 2394 3657 ut
2430 3602 2561 3655 nihil
2599 3601 2769 3669 magis
2816 3598 2963 3667 pium
3008 3612 3106 3652 nec
3141 3598 3313 3667 magis
3345 3595 3708 3652 christianum
3761 3589 3861 3642 dici

637 3715 725 3756 aut
758 3705 882 3772 tingi
918 3682 1121 3771 possit:
1139 3702 1209 3754 Ea
1241 3704 1446 3768 itaque,
1475 3698 1718 3753 studiose
1745 3697 1936 3762 lector,
1965 3696 2049 3749 fac
2079 3694 2247 3762 legas,
2274 3703 2328 3746 et
2350 3690 2485 3758 atqui
2513 3686 2748 3756 bonique
2798 3685 3050 3740 consulas
3076 3702 3090 3747 ;
3121 3692 3174 3738 et
3205 3684 3248 3738 si
3280 3685 3407 3754 quid
3435 3682 3700 3753 spiritalis
3725 3693 3862 3733 cout-

635 3791 778 3845 tnodi
810 3771 873 3842 ex
910 3790 988 3844 eis
1020 3790 1305 3857 percipias,
1345 3787 1449 3841 Deo
1477 3784 1653 3839 omnis
1684 3785 1806 3839 boni
1840 3780 2047 3837 auctori
2079 3792 2134 3837 et
2166 3779 2341 3834 datori
2375 3792 2474 3847 age
2500 3775 2724 3844 gratias.
2755 3771 2881 3825 Vale
2911 3783 2967 3828 et
3005 3774 3203 3827 fruere.

667 3956 2069 4235 Namatio"?
2056 4051 2493 4222 ΤΟΥ
2552 4048 3714 4217 ΚΑΒΑΣΙΛΑ

1956 4288 2523 4377 ΕΡΜΗΝΕΙΑ

1179 4447 1516 4572 ΤΗΣ
1596 4439 2097 4577 ΘΕΙΑΣ
2157 4431 3312 4572 ΛΕΙΤΟΥΡΓΙΑΣ.

1340 4771 2102 4927 NICOLAI
2192 4764 3197 4923 CABASIL/E

1584 5025 2077 5136 SACRZE
2188 5017 2919 5136 LITURGIAE

1752 5214 2783 5309 INTERPBETATIO.

668 3912 3860 3966 W

1303 5466 1451 5522 CAP.
1486 5467 1525 5520 I.
2911 5462 2939 5513 li

2911 5459 3161 5513 ΚΕΦΑΛ.
3195 5454 3272 5510 A'.

687 5560 828 5628 Quid
846 5561 948 5616 sibi
984 5561 1093 5616 vult
1134 5561 1191 5614 in
1218 5574 1425 5613 summa
1463 5556 1763 5609 tmitteritum
1796 5553 2135 5622 sacriﬁcium.

2008 5553 2135 5607 ium.
2542 5554 2601 5605 Τί
2623 5553 2916 5616 βούλεται
2949 5553 3215 5605 καθόλου
3241 5551 3638 5603 ε’λόκαυστον.

700 5654 915 5709 Sancta:
988 5665 1267 5707 sacrorum
1346 5646 1726 5718 mysteriorum
1809 5643 2190 5699 celebrationis

2371 5639 2485 5707 Τῆς
2510 5641 2668 5707 ἁγίας
2697 5640 2919 5710 τελετῆς
2965 5639 3075 5692 τῶν
3131 5639 3289 5708 ιερῶν
3329 5636 3644 5707 μυστηρίων
3714 5632 3873 5697 ἔργον

630 5759 765 5813 opus
809 5758 861 5802 et
889 5744 1116 5800 effectus
1157 5741 1374 5811 quidem
1410 5744 1493 5793 cst
1541 5737 1802 5790 donorum
1840 5736 1895 5790 in
1943 5735 2179 5788 divinum

2298 5730 2396 5801 μὲν
2435 5733 2465 5801 ἡ
2491 5730 2596 5785 τῶν
2627 5731 2816 5802 δώρων
2850 5734 2929 5796 εἰς
2958 5718 3022 5784 “to
3046 5731 3189 5784 θεῖν)
3210 5730 3366 5800 σῶμα
3398 5729 3490 5782 καὶ
3533 5720 3672 5792 αἷμα
3708 5736 3875 5789 μετα-
