4156 6304
620 449 721 510 τιτι

1840 471 2147 532 ΝΙΚΟῘΛῘ
2191 476 2576 537 ΟΑΒᾹΞΠΛΕ

3735 488 3847 549 37⁵2

618 569 672 621 in
700 568 968 622 sacriﬁcio
1010 578 1135 623 sunt
1164 573 1360 638 primo,
1395 576 1855 641 signiﬁCantihus:
1894 598 2011 649 quze
2049 600 2172 635 vero

2275 585 2598 654 δηλούντων,
2631 590 2735 640 τῶν
2763 590 2819 642 δὲ
2841 591 3133 660 δευτέρων,
3166 593 3230 644 τὰ
3256 591 3506 662 δεύτερα,
3535 594 3641 647 τῶν
3669 595 3725 647 δὲ
3752 615 3850 649 τε·

616 676 783 715 secun
809 665 857 716 lo
887 664 1022 729 loco,
1058 669 1330 729 secunda;
1361 684 1478 735 qua:
1514 682 1693 723 autem
1725 684 1995 740 postremo
2035 675 2172 737 loco,

614 768 679 805 ea
709 769 829 819 quae
857 767 1297 823 consequuntur;
1333 770 1384 811 et
1418 760 1537 815 licet
1572 762 1637 816 iis
1682 764 1770 831 qui
1810 766 1923 818 haec
1969 766 2172 828 vident,

614 847 792 899 omnia
828 848 1025 903 habere
1056 857 1181 902 ante
1201 850 1405 904 oculos.
1441 850 1709 905 Donorum
1745 853 1888 907 enim
1920 856 2173 908 sanctiﬁ-

615 936 779 1000 catio,
807 938 979 1007 ipsum
1008 939 1356 1004 sacriﬁcium,
1390 941 1504 1009 ejus
1531 954 1755 998 mortem
1788 947 2089 1009 annuntiat,
2121 957 2175 999 ιιι

615 1029 1063 1083 resurrectionem
1114 1039 1171 1083 et
1223 1035 1670 1102 assumptionem,
1734 1037 1987 1102 quoniam
2046 1055 2172 1107 pre-

613 1116 747 1171 tiosa
799 1116 912 1171 hmo
943 1120 1081 1174 dona
1130 1121 1184 1174 in
1231 1124 1403 1189 ipsum
1439 1138 1633 1192 corpus
1667 1125 2002 1181 Dominicum
2050 1143 2172 1180 mu-

612 1214 816 1270 tantur,
848 1208 990 1277 quod
1020 1210 1133 1264 hate
1161 1211 1345 1265 omnia
1390 1214 1655 1283 suscepit,
1679 1218 1823 1283 quod
1853 1218 2171 1271 cruciﬁxum

609 1306 710 1359 est,
748 1300 1048 1353 resurrexit
1099 1310 1151 1355 et
1193 1302 1244 1353 in
1274 1303 1444 1359 ccelos
1481 1305 1757 1363 ascendit.
1806 1306 1934 1372 Quae
1989 1320 2169 1363 autem

613 1395 739 1447 ante
789 1390 1122 1444 sacriﬁcium
1176 1392 1435 1447 dicuntur
1466 1404 1517 1447 et
1573 1397 1730 1455 ﬁunt,
1768 1410 1831 1449 ea
1873 1413 1993 1464 qurc
2049 1407 2172 1451 ante

611 1488 839 1533 mortem
868 1481 1109 1549 fuerunt,
1151 1485 1465 1549 adventum,
1494 1490 1860 1542 ostensionem
1912 1500 1961 1541 et
1998 1487 2174 1552 perfe-

608 1580 751 1621 ctam
809 1572 1329 1629 manil‘estationem.
1390 1577 1520 1641 Quae
1567 1586 1746 1633 autem
1800 1586 1921 1647 post
1966 1578 2172 1631 ενοι-ἰη-

608 1662 780 1727 cium,
832 1662 1007 1718 Patris
1054 1667 1490 1733 promissionem,
1541 1679 1598 1722 ut
1637 1671 1753 1737 ipse
1801 1670 1951 1729 dicit.
1998 1671 2170 1722 sancti

609 1752 848 1823 Spiritus
878 1756 943 1810 ad
971 1757 1250 1825 apostolos
1280 1761 1619 1819 descensum,
1644 1760 1880 1829 gentium
1913 1764 1975 1813 ad
2007 1762 2168 1814 Drum

606 1860 707 1913 per
758 1845 881 1902 illus
929 1850 1339 1901 conversionem
1376 1859 1429 1904 et
1460 1856 1916 1906 communionem.
1977 1851 2042 1903 Et
2092 1864 2176 1905 est
2207 1833 2247 1887 Β

606 1937 855 1993 universa
905 1940 1145 2007 mysterii
1194 1941 1487 1995 celebratio
1547 1942 1709 1995 veluti
1769 1959 1869 1995 una
1926 1943 2169 2011 qua-«iant

607 2032 783 2097 imago
812 2031 969 2084 unius
999 2033 1246 2101 corporis
1277 2032 1590 2101 reipublicae
1626 2032 1950 2099 Servatnris,
1985 2050 2173 2089 omnes

604 2120 723 2188 pjus
748 2133 926 2187 partes
951 2124 1018 2177 ab
1047 2124 1207 2177 initio
1235 2126 1300 2178 ad
1335 2126 1518 2191 linem,
1558 2140 1655 2194 per
1686 2127 1928 2181 ordinem
1954 2136 2005 2181 et
2036 2128 2174 2180 inter

605 2226 665 2264 se
714 2212 1147 2267 convenientiam
1200 2216 1300 2269 sub
1349 2228 1625 2285 aspectum
1673 2216 1965 2271 deducens.
2019 2213 2173 2269 Unde

607 2305 798 2370 tvSaImi
845 2306 1105 2374 quidem,
1157 2317 1212 2361 nt
1241 2310 1331 2376 qui
1379 2321 1645 2363 canuntur
1680 2309 1731 2362 in
1784 2310 2078 2377 promtniis,
2123 2320 2175 2362 et

603 2398 781 2451 adhuc
811 2408 936 2452 ante
988 2413 1083 2453 eos
1118 2414 1236 2468 qua:
1296 2402 1347 2454 in
1397 2403 1665 2455 donerum
1718 2401 2085 2469 propositione
2120 2411 2170 2451 ct

606 2490 737 2539 tiunt
783 2497 837 2539 et
886 2487 1162 2549 dicuntur,
1211 2489 1440 2554 primum
1479 2498 1688 2553 tempus
1721 2484 1920 2539 Christi
1955 2497 2172 2537 memm-

605 2579 728 2631 miaa
775 2575 1101 2646 signiﬁcant.
1134 2576 1265 2642 Quae
1299 2588 1477 2630 autem
1522 2585 1643 2644 post
1689 2575 1944 2644 psalmos.
1987 2590 2170 2628 sacra-

607 2684 725 2721 rum
760 2668 1093 2721 Litterarum
1128 2669 1387 2721 lectiones
1417 2677 1470 2720 et
1495 2666 1620 2733 alia,
1648 2665 1697 2719 id
1734 2669 1874 2734 quod
1909 2667 2169 2735 sequitur.

608 2760 740 2812 Nam
794 2767 848 2813 et
905 2758 950 2813 si
983 2760 1194 2814 dicatur
1243 2758 1385 2813 alius
1420 2772 1539 2813 esse
1589 2772 1719 2812 usus
1773 2758 2066 2812 lectionum
2119 2771 2173 2812 et

609 2850 1065 2916 psalmodiarutn,
1098 2866 1160 2905 ea
1197 2850 1342 2904 enim
1393 2859 1663 2918 assumpta
1698 2864 1839 2914 esse,
1874 2861 1929 2902 nt
1962 2851 2173 2905 scilicet

606 2947 672 2996 ad
709 2945 962 2998 virtutem
1019 2957 1118 2997 nos
1165 2947 1393 3009 ungant,
1444 2948 1497 2993 et
1545 2950 1603 2993 ut
1661 2938 1829 2993 Deum
1880 2940 2167 3009 propitium

609 3037 860 3101 I'Ctidnlli,
896 3037 1026 3090 nihil
1064 3045 1239 3090 tamen
1273 3035 1521 3103 prohibet
1549 3034 1837 3099 quominus
1871 3043 1923 3087 et
1968 3035 2067 3086 hoc
2117 3042 2171 3085 ct

2281 678 2562 744 λευταίων,
2614 682 2678 733 τὰ
2717 683 2834 751 μετ’
2881 683 3087 737 ἐκεῖνα.
3131 685 3239 736 Καὶ
3288 683 3469 747 ἔξεστι
3522 688 3630 748 τοῖς
3668 688 3851 742 ταῦτα

2274 770 2465 837 δρῶσι,
2500 774 2678 825 πάντα
2733 775 2917 825 ἐκεῖνα
2963 774 3067 843 πρὸ
3112 774 3222 827 τῶν
3269 775 3563 843 ὀφθαλμῶν
3610 779 3789 845 ἔχειν⁹
3822 783 3852 832 ὁ

2278 865 2378 929 μὲν
2406 864 2514 930 γὰρ
2544 865 2651 916 τῶν
2692 865 2879 933 δώρων
2909 866 3206 935 ἁγιασμὸς.
3259 866 3398 937 αὐτὴ
3429 869 3462 938 ἠ
3520 868 3703 934 θυσία,
3748 870 3849 922 τδν

2275 954 2506 1008 θάνατον
2545 955 2710 1008 αὑτοῦ
2741 957 3121 1024 καταγγέλλει,
3158 959 3252 1010 καὶ
3282 959 3381 1027 τὴν
3424 957 3722 1011 ἀνάστασιν
3746 963 3850 1012 καὶ

2275 1046 2372 1114 τὴν
2418 1045 2717 1115 ἀνάληψιν,
2750 1048 2832 1100 ὅτι
2875 1048 2946 1101 τὰ
2978 1048 3130 1116 τίμια
3180 1048 3350 1101 ταῦτα
3380 1049 3547 1119 δῶρα,
3581 1052 3661 1111 είς
3707 1051 3849 1103 αὐτὸ

2275 1137 2549 1206 Κυριακδν
2584 1139 2913 1206 μεταϐάλλει
2958 1140 3141 1210 σῶμα,
3164 1140 3224 1192 τὺ
3252 1140 3428 1193 ταῦτα
3478 1142 3654 1195 πάντα
3687 1143 3850 1208 δεξά-

2277 1243 2460 1295 μενον,
2492 1228 2552 1281 τδ
2580 1230 2915 1299 σταυρωθὲν,
2947 1230 3006 1282 τδ
3045 1232 3307 1296 ἀναστὰν,
3345 1233 3404 1283 τὸ
3451 1233 3531 1293 είς
3560 1233 3650 1285 τὸν
3678 1234 3848 1296 οὖρα-

2273 1318 2363 1373 νὸν
2391 1320 2717 1389 ἀνεληλυθός
2741 1337 2754 1350 ·
2795 1322 2862 1375 τὰ
2892 1323 2947 1376 δὲ
2982 1322 3088 1392 πρὸ
3118 1324 3216 1391 τῆς
3269 1323 3480 1389 Θυσίας,
3510 1324 3578 1375 τὰ
3613 1325 3716 1393 πρὸ
3745 1325 3846 1376 τοῦ

2275 1407 2528 1472 θανάτου,
2561 1411 2660 1478 τὴν
2692 1413 3022 1476 παρουσίαν,
3047 1414 3147 1481 τὴν
3173 1414 3467 1478 ἀνάδειξιν,
3497 1414 3595 1484 τὴν
3623 1416 3843 1467 τελείαν

2274 1501 2619 1568 φανέρωσιν·
2660 1502 2726 1554 τὰ
2756 1502 2811 1553 δὲ
2859 1504 2997 1570 μετὰ
3031 1504 3128 1571 τὴν
3176 1504 3391 1567 θυσίαν,
3448 1504 3551 1572 τὴν
3600 1505 3844 1571 ἐπαγγε-

2272 1590 2393 1641 λίαν
2448 1590 2542 1643 τοῦ
2593 1592 2822 1660 Πατρδς,
2877 1594 2951 1655 ὡς
3007 1594 3170 1656 αὐτὸς
3216 1588 3359 1659 εἷπε,
3390 1593 3488 1663 τὴν
3545 1594 3639 1647 τοῦ
3677 1596 3842 1658 ἁγίου

2279 1683 2594 1753 Πνεύματος
2646 1687 2724 1747 εἰς
2750 1688 2874 1749 τοὺς
2925 1687 3257 1748 ἀποστόλους
3293 1687 3553 1741 κάθοδον·
3588 1689 3687 1756 τὴν
3725 1689 3841 1740 τῶν

2276 1775 2443 1826 ἐθνῶν
2495 1775 2563 1829 δι’
2599 1777 2820 1828 ἐκείνοιν
2884 1777 2963 1837 εἰς
2992 1777 3082 1828 τὸν
3114 1777 3246 1830 Θεὸν
3291 1779 3627 1849 ἐπιστροφήν
3661 1797 3719 1830 τε
3744 1780 3842 1831 καὶ

2279 1867 2586 1921 κοινωνίαν.
2617 1867 2728 1920 Καὶ
2758 1867 2958 1935 ἔστινὴ
3004 1869 3154 1920 πᾶσα
3200 1868 3554 1936 μυσταγωγία
3586 1869 3842 1940 καθάπερ

2278 1973 2361 2019 τις
2400 1956 2563 2009 εἰκὼν
2595 1958 2715 2026 μία,
2768 1957 2885 2019 ἑνὸς
2919 1957 3168 2025 σώματος
3199 1958 3297 2026 τῆς
3335 1956 3430 2009 τοῦ
3467 1958 3715 2027 Σωτῆρος
3747 1976 3845 2011 πο-

2277 2043 2503 2107 λιτείας,
2541 2045 2717 2097 πάντα
2747 2045 2915 2113 αὐτῆς
2944 2047 3015 2097 τὰ
3056 2045 3219 2115 μέρη,
3264 2046 3359 2098 ἀπ’
3385 2048 3558 2115 ἀρχῆς
3582 2049 3714 2118 ἄχρι
3752 2050 3841 2101 τὲ-

2276 2134 2420 2194 λους,
2451 2135 2592 2188 κατά
2624 2136 2723 2205 τὴν
2748 2135 2883 2203 πρὸς
2916 2136 3117 2205 ἄλληλα
3152 2136 3305 2201 τάξιν
3331 2138 3424 2190 καὶ
3454 2137 3721 2207 ἁρμονίαν
3748 2140 3842 2190 ὑπ’

2276 2226 2395 2294 ὄψιν
2428 2226 2657 2292 ἄγουσα.
2697 2227 2860 2280 Ὀθεν
2896 2229 2943 2279 οἱ
2976 2228 3077 2296 μὲν
3101 2227 3329 2297 ψαλμοὶ,
3363 2228 3437 2290 ὡς
3473 2229 3538 2282 ἂν
3569 2230 3628 2280 ἐν
3654 2245 3843 2298 7:th-

2282 2321 2420 2382 μίοις
2448 2318 2718 2387 ᾀδόμενοι,
2750 2319 2843 2370 καὶ
2885 2318 2965 2370 ἔτι
3005 2319 3113 2389 πρὸ
3148 2319 3378 2383 τούτων,
3414 2320 3479 2372 τὰ
3515 2321 3572 2371 ὲν
3603 2324 3668 2386 τῇ
3709 2337 3842 2389 προσ

2278 2407 2423 2457 θέσει
2448 2408 2551 2457 τῶν
2582 2408 2768 2475 δώρων
2798 2411 3083 2477 γενόμενα,
3117 2412 3210 2462 καὶ
3260 2410 3550 2479 λεγόμενα,
3573 2411 3664 2462 τὸν
3691 2412 3841 2480 πρῶ-

2274 2513 2364 2546 τον
2396 2498 2584 2566 καιρδν
2615 2496 2706 2549 τοῦ
2734 2499 2970 2566 Χριστοῦ
3007 2500 3321 2567 οἰκονομίαν
3353 2501 3730 2568 σημαίνουσιν.
3759 2501 3840 2552 Τὰ

2276 2588 2327 2638 6‘:
2367 2589 2503 2651 μετὰ
2532 2589 2659 2651 τοὺς
2698 2588 2967 2657 ψαλμοὺς,
3009 2592 3166 2659 ἱερῶν
3202 2591 3436 2661 Γραφῶν
3482 2593 3836 2659 ἀναγντῖισεῑς.

2278 2682 2369 2729 καὶ
2400 2678 2464 2729 τά
2492 2678 2646 2739 ἄλλα,
2684 2680 2745 2731 τὸ
2774 2680 2988 2749 ἐφεξῆς.
3031 2683 3090 2733 Ei
3124 2683 3232 2749 γὰρ
3276 2683 3372 2734 καὶ
3403 2683 3537 2750 άλλη
3578 2701 3658 2745 τις
3690 2686 3825 2753 εἴρη-

2274 2785 2365 2819 ται
2394 2764 2528 2819 εἶναι
2559 2770 2589 2833 ἠ
2623 2770 2780 2840 χρεία
2805 2770 2912 2821 τῶν
2946 2772 3324 2839 ἁναγνὼσεων,
3349 2773 3443 2825 καὶ
3472 2775 3578 2825 τῶν
3612 2773 3838 2842 ψαλμῃ-

2274 2859 2425 2918 διῶν,
2466 2861 2880 2927 παραλελῆφθαι
2931 2862 3039 2929 γὰρ
3076 2863 3239 2925 αὐτὰ,
3274 2862 3359 2914 ἵνα
3410 2863 3651 2933 δηλονότι
3700 2864 3837 2934 πρὶς

2276 2951 2476 3021 ἀρετὴν
2505 2951 2803 3020 ἀλείψωσιν
2854 2954 3023 3021 ἡμᾶς,
3064 2953 3149 3005 ἵνα
3183 2954 3271 3005 τὸν
3292 2955 3446 3005 ’Θεὸν
3481 2953 3834 3015 ίλεὼσωνται,

2276 3040 2394 3093 ἀλλ’
2431 3042 2550 3093 οὐδὲ
2593 3041 2788 3094 γωλύει
2824 3041 3107 3096 καὶτοῦτο
3155 3044 3376 3096 κάκεῖνο
3409 3042 3689 3106 δύνασθαι,
3742 3045 3839 3096 xa‘t

611 3124 739 3180 λιιιιῦ
788 3127 1019 3193 possint,
1054 3137 1106 3179 et
1132 3125 1347 3188 eadem,
1380 3134 1434 3178 et
1477 3125 1660 3179 ﬁdeles
1702 3126 1765 3179 ad
1805 3126 2051 3179 virtutem
2087 3127 2170 3177 in~

2274 3131 2341 3183 τὰ
2370 3132 2509 3184 αὐτὰ
2552 3132 2680 3195 τούς
2722 3149 2779 3183 τε
2832 3133 3058 3196 πιστοὺς
3107 3136 3185 3196 εἰς
3215 3135 3416 3203 ἀρετὴν
3476 3135 3710 3200 ἐνάγειν,
3744 3137 3840 3186 καὶ

608 3221 832 3277 ducant,
861 3227 913 3270 et
961 3217 1163 3273 Christi
1212 3217 1567 3271 (nconomiam
1602 3226 1654 3269 et
1701 3216 2167 3285 dispensationrm

610 3324 664 3362 ιιι
698 3321 862 3362 carne
904 3307 1233 3377 signiﬁcent.
1270 3307 1735 3373 Quemadmodum
1799 3307 1942 3361 enim
1991 3320 2172 3363 vestes

610 3400 773 3454 indun
798 3400 909 3454 enti
943 3399 1158 3469 quidem
1185 3413 1343 3453 usum
1370 3399 1615 3465 implent,
1639 3408 1692 3451 et
1719 3412 1916 3465 corpus
1943 3407 2123 3465 tegunt
2156 3414 2167 3450 :

606 3507 672 3546 eo
702 3498 879 3545 autem
908 3492 1050 3561 quod
1095 3491 1229 3545 tales
1262 3490 1343 3544 vel
1376 3488 1509 3543 tales
1535 3498 1682 3552 sunt,
1708 3502 2088 3556 nonnunquam
2120 3496 2172 3539 i-t

609 3583 922 3640 artiﬁcium,
948 3591 1002 3634 et
1034 3582 1199 3634 vitam
1240 3590 1294 3632 et
1326 3579 1637 3647 dignitatem
1666 3591 1853 3629 eorum
1876 3576 1965 3644 qui
2000 3576 2168 3629 induti

610 3678 758 3735 sunt,
793 3671 1125 3739 signiﬁcant.
1160 3671 1233 3724 ita
1268 3670 1427 3723 etiam
1477 3682 1535 3720 se
1590 3668 1751 3721 habet
1789 3668 1840 3721 in
1877 3668 1980 3721 his.
2036 3666 2169 3733 Quia

609 3763 751 3814 enim
779 3762 975 3814 dixinac.
1000 3761 1293 3829 Sctipturaa
1335 3770 1386 3812 et
1414 3761 1573 3814 verba
1616 3760 1870 3813 divinitus
1913 3760 2170 3828 inspirata

610 3866 663 3909 et
694 3856 923 3923 hymnos
968 3855 1059 3908 Dei
1101 3853 1586 3923 comprehendunt,
1620 3862 1672 3905 et
1703 3853 1768 3907 ad
1798 3853 2050 3905 virtutem
2075 3852 2171 3903 ad-

612 3950 918 4011 hortantur,
950 3959 1043 4000 eos
1075 3945 1166 4013 qui
1211 3945 1396 4013 legunt
1447 3954 1501 3998 et
1534 3953 1756 4010 cauttnt,
1810 3942 2169 3999 sanctiﬁcant.

614 4037 747 4104 Quia
784 4046 962 4091 autem
996 4035 1122 4089 talia
1152 4036 1318 4090 electa
1352 4045 1496 4098 sunt,
1526 4044 1575 4088 et
1607 4034 1677 4087 ila
1719 4043 1847 4087 sunt
1883 4034 2130 4087 ordinata
2154 4073 2169 4096 ,

607 4137 663 4182 et
698 4128 859 4182 aliam
894 4127 1095 4181 bthent
1127 4136 1466 4197 potestatem,
1504 4134 1557 4180 et
1601 4125 1873 4180 suﬁiciunt
1903 4126 1968 4178 ad
2002 4125 2169 4194 signi-

611 4220 875 4273 ﬁcandam
907 4218 1111 4273 Christi
1164 4217 1674 4287 peregrinationem,
1718 4229 1772 4271 et
1806 4217 1922 4285 ejus
1952 4216 2169 4269 institu-

611 4310 831 4363 tionem.
890 4309 1071 4376 Neque
1104 4309 1248 4361 enim
1291 4323 1351 4359 ea
1395 4308 1564 4360 solum
1590 4321 1709 4375 qua:
1732 4308 1984 4359 coluntur
2014 4314 2064 4359 et
2096 4306 2170 4358 le-

608 4411 828 4466 guntur,
867 4398 959 4450 sed
1007 4410 1068 4448 ea
1104 4397 1265 4449 etiam
1300 4411 1417 4460 quae
1463 4398 1514 4447 in
1548 4395 1873 4449 celebrando
1903 4409 2167 4464 peraguno

613 4504 719 4554 tur,
743 4489 932 4542 eodem
960 4487 1121 4540 modo
1144 4500 1202 4539 se
1229 4487 1463 4550 habent;
1493 4486 1550 4537 ﬁt
1576 4485 1721 4538 enim
1753 4486 2169 4553 unumquodque

2271 3224 2368 3292 τὴν
2407 3223 2498 3275 τοῦ
2554 3223 2791 3292 Χριστοῦ
2842 3225 3153 3292 οἰκονομίαν
3203 3227 3514 3294 σημαίνειν.
3573 3226 3840 3294 Καθάπερ

2271 3316 2381 3383 γὰρ
2410 3315 2477 3367 τὰ
2530 3316 2720 3384 ἱμάτια
2754 3315 3025 3382 πληροῦσι
3058 3317 3156 3382 μὲν
3196 3316 3298 3384 τὴν
3344 3319 3533 3386 χρείαν
3562 3318 3659 3385 τῆς
3692 3317 3839 3370 ἐνδύ-

2274 3424 2431 3470 σεως,
2467 3407 2562 3460 καὶ
2593 3405 2927 3458 καλύπτουσι
2953 3409 3013 3456 τὸ
3037 3408 3218 3474 σῶμα,
3259 3406 3395 3474 τῷδε
3430 3409 3606 3461 τοιάδε
3639 3404 3776 3460 εἶναι
3799 3410 3833 3476 ἦ

2269 3496 2469 3558 τοιάδε,
2506 3495 2599 3547 καὶ
2634 3494 2971 3562 ἐπιτήδευμα
3002 3496 3174 3547 ἐνίοτε
3207 3495 3549 3562 σημαίνουσι,
3579 3499 3670 3549 καὶ
3701 3498 3833 3567 βίον,

2270 3587 2365 3639 καὶ
2390 3585 2601 3652 ἀξίωμα
2637 3585 2742 3635 τῶν
2766 3585 3167 3651 περικειμένων
3192 3602 3207 3617 ’
3229 3586 3370 3637 οὕτω
3399 3586 3494 3637 καὶ
3511 3589 3603 3638 ἐπὶ
3634 3588 3839 3640 τούτων

2271 3678 2403 3746 ἔχει,
2433 3675 2555 3729 ”Οτι
2578 3676 2673 3743 μὲν
2706 3674 2812 3743 γὰρ
2838 3676 2975 3727 θεῖαι
2997 3674 3229 3743 Γραφαὶ,
3254 3677 3347 3726 καὶ
3378 3674 3711 3729 θεόπνευστα
3741 3678 3838 3745 ρήο
3881 3671 3890 3678 ’

2273 3784 2419 3837 ματα
2439 3768 2529 3820 καὶ
2555 3766 2756 3831 ὕμνους
2776 3766 2871 3818 τοῦ
2892 3765 3024 3817 Θεοῦ
3051 3783 3116 3818 πε
3127 3765 3383 3835 ριέχουσι.
3408 3767 3498 3816 καὶ
3524 3769 3604 3826 είς
3638 3768 3834 3833 ἀρετὴν

2271 3858 2693 3927 προτρέπονται,
2712 3856 2835 3917 τοὺς
2851 3854 3319 3922 ἀναγινώσκοντας
3334 3856 3427 3907 καὶ
3446 3855 3667 3925 ᾅδοντας
3683 3858 3813 3921 ἀγιά
3828 3887 3839 3895 -

2273 3950 2475 4015 ζουσιν.
2493 3950 2616 4003 Ὀτι
2634 3948 2689 4001 δὲ
2705 3947 2928 4001 τοιαῦτα
2944 3947 3288 4015 ὲξελέγησαν,
3310 3948 3404 3999 καὶ
3421 3945 3595 4009 οὕτως
3614 3946 3840 4015 naxon-

2270 4056 2370 4092 σαν
2389 4083 2405 4101 .
2431 4039 2522 4092 καὶ
2541 4038 2636 4107 τὴν
2663 4038 2827 4107 ἀλλην
2846 4037 3074 4105 δύναμιν
3090 4036 3292 4105 ἔχουσι,
3324 4037 3416 4089 καὶ
3440 4035 3671 4105 ἀρκοῦσι
3689 4035 3827 4106 πρὸς

2273 4128 2551 4199 σημασίαν
2573 4129 2673 4196 τῆς
2701 4128 2795 4179 τοῦ
2818 4126 3054 4196 Χριστοῦ
3095 4126 3389 4196 ἐπιδημίας
3416 4128 3511 4179 καὶ
3541 4126 3832 4185 πολιτείας.

2285 4219 2439 4272 Ἐπεὶ
2451 4220 2508 4271 οὐ
2531 4220 2687 4288 μόνον
2700 4220 2766 4271 τὰ
2791 4219 3026 4288 ᾀδόμενα
3072 4217 3167 4269 καὶ
3182 4218 3682 4287 ἀναγινωσκόμενα,
3701 4218 3835 4270 ἀλλὰ

2274 4310 2371 4360 καὶ
2400 4308 2469 4360 τὰ
2506 4308 2809 4376 τελούμενα
2845 4308 3033 4360 τοῦτον
3063 4307 3172 4376 ἔχει
3219 4306 3310 4359 τὸν
3335 4307 3535 4376 τρόπον
3558 4322 3573 4338 ’
3612 4307 3702 4358 καὶ
3752 4305 3833 4373 γίο

2273 4414 2424 4450 νεται
2465 4397 2717 4461 ἕκαστον,
2769 4397 2865 4463 τῆς
2898 4397 3089 4466 χρείας
3118 4397 3283 4449 ἕνεκα
3307 4397 3405 4465 τῆς
3455 4396 3829 4464 ἐνισταμένης.

2279 4488 2538 4555 Σημαίνει
2561 4488 2616 4540 δὲ
2646 4488 2739 4540 καί
2765 4505 2816 4539 τι
2846 4489 2954 4539 τῶν
2997 4487 3089 4539 τοῦ
3128 4486 3363 4556 Χριστοῦ
3397 4486 3595 4555 ἔργων,
3622 4485 3654 4554 ἢ
3696 4486 3829 4555 τρά-

610 4578 891 4646 ιιιιιιεειιιίς
951 4591 1079 4629 usus
1154 4573 1368 4643 gratia;
1428 4574 1693 4637 signiﬁcat
1751 4583 1932 4627 autem
2005 4575 2167 4626 etiam

2279 4578 2432 4642 ξεων,
2466 4579 2499 4646 ἢ
2530 4579 2718 4631 παθῶν
2742 4595 2755 4609 ο
2804 4572 2916 4630 οἷόν
2946 4579 3112 4640 ἐστιν,
3145 4580 3177 4646 ἡ
3211 4577 3290 4637 είς
3338 4576 3399 4628 τὸ
3446 4576 3832 4645 θυσιαστήριον

612 4669 812 4737 aliquid
847 4682 910 4721 ex
945 4665 1203 4735 operibus
1240 4667 1321 4718 vel
1352 4666 1681 4730 actionibus,
1714 4665 1797 4719 'ch
1829 4665 2172 4733 passionibns

612 4758 835 4813 Christi.
867 4757 1331 4825 Quemadmodum
1357 4756 1560 4809 oblatio
1584 4754 1857 4825 Evangelii
1886 4755 1953 4808 ad
1979 4755 2168 4816 altare,

611 4850 811 4905 uhlatio
842 4850 1201 4918 pretiosorum
1253 4851 1534 4900 donorum.
1568 4847 1654 4901 Fit
1698 4848 1839 4901 enim
1889 4857 2171 4913 utrumque

612 4951 670 4994 nt
700 4956 829 4995 usus
863 4941 1120 5011 postulat,
1154 4938 1239 4992 illa
1292 4938 1528 5006 quidem,
1564 4948 1621 4988 ut
1673 4938 1881 5005 legatur
1933 4936 2171 5002 Evange-

553 5026 559 5040 '
611 5030 768 5093 lium,
823 5031 937 5084 haec
986 5046 1115 5085 vero
1144 5041 1202 5083 ut
1231 5027 1555 5083 sacriﬁcium
1593 5037 1881 5095 peragatur
1912 5041 1927 5078 :
1965 5024 2167 5093 signiﬁ-

614 5128 742 5172 cant
794 5128 970 5173 autem
1029 5129 1282 5188 utraque,
1340 5116 1646 5171 Servatoris
1700 5114 2064 5167 ostensionem
2118 5124 2169 5166 et

616 5208 1127 5272 inanil'estatiouem,
1171 5210 1256 5262 illa
1308 5208 1543 5276 quidem,
1581 5204 1889 5273 incipientis
1946 5202 2171 5253 inanite-

612 5301 770 5362 stnri,
807 5300 1095 5353 obscuram
1126 5309 1181 5353 et
1213 5300 1387 5353 adhuc
1423 5295 1790 5366 imperfectam
1825 5309 1839 5346 :
1881 5292 1991 5344 hmc
2021 5306 2167 5355 vero,

612 5391 1069 5466 perfectissimam
1130 5403 1183 5444 et
1246 5391 1514 5443 ultimam.
1570 5386 1705 5441 Sunt
1769 5392 1948 5449 autem
2008 5383 2168 5435 etiam

611 5500 803 5541 corum
834 5498 952 5553 qua:
1000 5481 1155 5542 ﬁunt,
1197 5482 1452 5536 nonnulla
1496 5495 1617 5548 qua:
1647 5477 1852 5531 nullum
1888 5490 2041 5529 usum
2072 5473 2171 5525 im-

607 5582 778 5649 plent,
812 5575 906 5631 sed
956 5572 1181 5641 alicujus
1227 5583 1433 5625 tantum
1488 5570 1565 5623 rei
1596 5570 1769 5637 gratia
1802 5562 2170 5634 signiﬁcanda:

612 5673 791 5724 ﬁunt:
828 5669 967 5723 sicut
1003 5665 1156 5736 panis
1206 5665 1445 5732 punctio,
1477 5671 1529 5714 et
1565 5677 1682 5727 qum
1722 5661 1773 5711 in
1807 5661 1923 5724 ipso
1956 5656 2012 5710 ﬁt
2048 5671 2171 5708 rru-

612 5764 696 5814 cis
727 5760 1032 5827 inscriptio,
1057 5767 1111 5811 et
1143 5755 1283 5825 quod
1310 5752 1642 5812 fet-ticulunt,
1669 5750 1808 5817 quod
1842 5750 2011 5815 ipsmn
2040 5764 2170 5814 pun-

606 5851 707 5915 git,
744 5859 825 5901 est
859 5851 922 5903 ad
953 5849 1180 5903 formam
1231 5848 1428 5901 lancea:
1462 5845 1659 5897 factum
1689 5856 1701 5892 :
1733 5855 1779 5893 et
1816 5851 2165 5911 postrenmm,

2274 4669 2552 4738 εἰσαγωγὴ
2588 4670 2681 4721 τοῦ
2720 4668 3074 4736 Εὐαγγελίου,
3114 4669 3147 4737 ἡ
3184 4666 3462 4735 εἰσαγωγὴ
3491 4666 3601 4717 τῶν
3641 4667 3831 4735 τιμίων

2272 4760 2481 4831 δώρων.
2526 4759 2741 4811 Γίνεται
2779 4759 2879 4826 μὲν
2910 4758 3017 4827 γὰρ
3058 4756 3197 4810 κατά
3249 4756 3437 4823 χρείαν
3476 4756 3830 4822 ἑκάτερονοὴ

2277 4851 2374 4917 μὲν
2401 4852 2485 4901 ἵνα
2507 4850 2564 4900 τὸ
2600 4849 2927 4916 Εὑαγγέλιον
2956 4846 3279 4914 ἀναγνωσθῇ
3303 4862 3318 4878 ⁸
3350 4846 3384 4915 ἥ
3412 4845 3468 4896 δὲ
3504 4844 3642 4912 tm;
3674 4845 3831 4895 θυσία

2272 4939 2520 5009 τελεσθῇ.
2567 4940 2897 5007 Σημαίνουσι
2923 4938 2979 4990 δὲ
3012 4937 3297 5005 ἀμφότερα
3324 4935 3421 5006 τὴν
3454 4934 3546 4987 τοῦ
3587 4936 3830 5001 Σωτῆρος

2274 5031 2564 5095 ἀνάδειξιν,
2616 5031 2710 5083 καὶ
2739 5031 3064 5097 φανὲρωσιν,
3101 5031 3133 5097 ἡ
3184 5027 3282 5095 μὲν
3315 5025 3621 5095 ἀρχομένου
3670 5041 3828 5091 φανε-

2278 5121 2502 5191 ροῦσοαι
2539 5124 2636 5190 τὴν
2684 5120 2930 5189 ἀμυδρὰν
2958 5118 3038 5170 ἔτι
3085 5118 3180 5169 καὶ
3208 5116 3370 5185 ἀτελῆ
3399 5156 3415 5179 ,
3459 5117 3492 5183 ἡ
3538 5115 3595 5167 δὲ
3617 5115 3714 5182 τὴν
3742 5128 3826 5162 τεο

2273 5213 2547 5279 λεωτάτην
2601 5214 2693 5262 καὶ
2720 5210 3059 5262 τελευταίαν.
3087 5209 3207 5260 Εἰσὶ
3239 5207 3294 5258 δὲ
3326 5208 3423 5259 καὶ
3460 5206 3567 5258 τῶν
3601 5202 3829 5255 ἐνταῦθα

2272 5302 2606 5368 τελουμένων
2658 5288 2772 5352 ἔνια
2807 5301 3000 5369 χρείαν
3052 5299 3150 5368 μὲν
3194 5297 3450 5365 οὐδεμίαν
3486 5293 3825 5363 πληροῦντασ

2275 5391 2545 5462 σημασίας
2577 5391 2634 5443 δέ
2664 5407 2807 5452 τινος
2840 5391 3001 5442 ἕνεκα
3047 5389 3207 5457 μόνον
3233 5385 3553 5457 τελούμενα,
3578 5388 3649 5449 ὡς
3678 5386 3709 5447 ἡ
3738 5381 3825 5434 τοῦ

2273 5484 2437 5552 ἄρτου
2472 5483 2744 5551 κὲντησις,
2777 5482 2873 5534 καὶ
2897 5483 2929 5549 ἡ
2958 5482 3015 5533 ἐν
3043 5480 3188 5547 αὑτῷ
3217 5480 3403 5550 γραφὴ
3429 5477 3523 5531 τοῦ
3553 5474 3785 5547 σταυροῦ
3809 5492 3825 5507 ο

2274 5574 2365 5623 καὶ
2397 5572 2485 5623 τὸν
2509 5572 2667 5624 αὑτὸν
2689 5574 2777 5624 τὸν
2806 5571 3097 5624 κεντοῦντα
3126 5571 3361 5640 σίδηρον,
3386 5570 3445 5620 ἐν
3474 5568 3602 5620 εἴδει
3630 5567 3826 5636 λόγχης

2272 5659 2408 5714 εἶναι
2450 5665 2837 5732 πεποιημένον,
2872 5666 2963 5716 καὶ
2992 5663 3052 5716 τὸ
3081 5664 3387 5715 τελευταῖον
3424 5663 3457 5729 ἠ
3491 5662 3569 5721 εἰς
3597 5660 3662 5711 τὰ
3696 5660 3830 5725 am

2270 5754 2463 5822 ἑκόολὴ
2480 5754 2571 5806 τοῦ
2595 5754 2796 5823 θερμοῦ
2813 5754 3027 5816 ὓδατος.
3044 5755 3151 5805 Καὶ
3169 5754 3225 5803 ὲν
3238 5753 3346 5813 τοῖς
3366 5751 3543 5810 ἄλλοις
3559 5750 3612 5800 δὲ
3632 5766 3832 5817 μυστη-

2275 5846 2404 5918 ρίοις
2432 5848 2594 5897 πολλὰ
2626 5846 2846 5901 τοιαῦτα
2890 5848 2951 5899 ἂν
2985 5845 3181 5913 εὕροις,
3218 5845 3401 5912 ὥσπερ
3436 5845 3486 5893 ἐν
3515 5840 3588 5909 τῷ
3640 5841 3827 5905 fiant;-
