4142 6294
325 429 437 493 373

1485 428 1874 488 LITURGle
1918 431 2338 494 EXPOSITIO.

3456 429 3571 492 374⁷

336 558 517 611 σματι
554 540 678 602 τοὺς
701 537 1057 608 βαπτίζεσθαι
1109 540 1420 608 μέλλοντας,
1457 537 1904 606 ὐπολύέσθαιὸεί,

2041 561 2159 613 quae
2213 547 2265 599 in
2314 554 2499 600 sancta
2552 545 2838 601 itnmissio.
2895 546 3063 601 Porro
3115 553 3295 602 autem
3353 547 3407 600 iu
3443 547 3565 602 aliis

340 639 440 690 καὶ
454 631 775 689 ἀποδύεσθαι
798 633 892 684 καὶ
908 632 987 694 εἰς
1002 631 1098 692 τὰς
1117 630 1327 700 δυσμὰς
1346 630 1660 699 βλέποντας,
1679 635 1778 695 τὰς
1799 632 1903 699 χεῖ-

352 746 454 801 ρας
478 724 793 781 ἀποτείνειν,
825 723 921 774 καὶ
956 723 1219 790 ἐκφυσᾷν.
1256 721 1414 775 Ἀλλά
1436 722 1608 775 ταῦτα
1648 724 1745 792 μὲν
1792 725 1908 775 ἐκεῖ

354 821 415 872 «re
429 814 521 870 τοῦ
538 814 767 882 πονηροῦ
787 813 1096 866 διδάσκουσι
1116 815 1268 881 μῖσος
1288 813 1410 865 ὅσον
1426 814 1482 865 ἐν
1503 816 1633 881 ἡμῖν
1651 810 1902 877 εἶναιδεῖ,

360 909 452 961 καὶ
488 908 627 966 ὅπως
664 903 879 972 ἀνάγκη
900 903 1063 955 αὐτὴν
1110 904 1490 971 ἐκτρέπεσθαι,
1514 904 1605 958 τὸν
1646 905 1906 970 μέλλοντα

359 994 674 1067 Χριστιανὸν
697 992 950 1061 ἀληθινὸν
977 987 1133 1045 εἷναι·
1163 993 1257 1045 καὶ
1288 992 1409 1045 εἴτι
1442 995 1569 1047 ἄλλο
1591 995 1830 1047 τοιοίτον
1853 995 1908 1047 ἐν

355 1090 460 1147 τοῖς
488 1083 833 1154 μυστηρίοις,
864 1083 1029 1151 ἄλλην
1055 1082 1121 1136 ἂν
1153 1083 1264 1151 ἔχει
1288 1085 1389 1152 τὴν
1413 1085 1707 1153 σημασίαν.
1740 1085 1821 1137 Τὰ
1852 1084 1909 1137 δὲ

352 1180 408 1229 ἐν
435 1179 499 1245 τῇ
535 1176 728 1243 τελετῇ
759 1173 867 1226 τῶν
895 1173 1081 1242 δώρων
1111 1176 1372 1242 γινόμενα
1425 1179 1506 1238 είς
1543 1176 1641 1244 τὴν
1672 1176 1767 1229 τοῦ
1800 1178 1912 1230 Σω-

348 1267 513 1331 τῆρος
562 1261 884 1330 οἰκονομίαν
928 1263 1254 1332 ἀναφέρεται
1305 1265 1518 1316 πάντα·
1581 1266 1667 1318 ἵνα
1707 1266 1838 1334 ἡμῖν
1876 1268 1908 1333 ἡ

353 1356 523 1421 αὐτῆς
560 1354 769 1423 θεωρία
821 1352 925 1422 πρὸ
952 1352 1058 1405 τῶν
1088 1352 1383 1422 ὀφθαλμῶν
1413 1349 1566 1417 οὖσα,
1610 1354 1706 1416 τὰς
1732 1354 1914 1423 Ψυχὰς

358 1447 580 1514 ἀγιάζῃ,
632 1447 726 1498 καὶ
773 1444 943 1506 οὕτως
1000 1444 1291 1515 ἐπιτήδειοι
1321 1444 1600 1515 γινώμεθα
1646 1445 1783 1514 πρὸς
1816 1445 1914 1516 τὴν

356 1538 624 1605 ὑποδοχὴν
649 1537 759 1589 τῶν
786 1533 949 1604 ἱερῶν
986 1533 1195 1601 δώρων.
1233 1536 1500 1606 Καθάπερ
1532 1536 1642 1603 γὰρ
1676 1537 1793 1590 τότε
1818 1524 1915 1606 τὴν

357 1628 681 1695 οἰκουμένην
724 1628 1045 1696 ἀνέστησεν.
1076 1626 1245 1688 οὓτως
1282 1628 1369 1680 ἀεὶ
1412 1628 1758 1698 θεωρουμένη
1785 1628 1918 1681 καλ-

357 1721 457 1772 λίω
483 1723 594 1781 τοῖς
623 1717 918 1788 θεωροῦσιν
949 1718 1142 1785 αὐτὴν,
1174 1722 1266 1770 καὶ
1295 1717 1590 1786 θειωτέραν
1628 1719 1919 1788 ἐργάζεται

360 1812 455 1880 τὴν
481 1809 657 1879 ψυχήν
681 1824 693 1837 ⁸
724 1809 925 1876 μᾶλλον
957 1807 1015 1860 δὲ
1041 1807 1160 1860 ούδέ
1197 1810 1317 1860 τότε
1349 1807 1415 1861 ἂν
1446 1808 1722 1878 ὠφέλησεν
1744 1809 1916 1874 οὐδὲν,

366 1902 437 1971 μὴ
477 1900 838 1969 θεωρηθεῖσα,
875 1900 947 1969 μὴ
998 1899 1349 1953 πιστευθεῖσα
1375 1916 1391 1932 ο
1420 1902 1515 1963 xui,
1543 1902 1735 1955 τούτου
1759 1903 1921 1971 χάριν

363 1990 664 2059 ἐκηρύχθη,
708 1990 974 2059 καὶπρὸς
1031 1991 1091 2041 τὸ
1134 1990 1490 2059 πιστευθῆναι
1535 1992 1703 2062 μυρία
1736 1993 1764 2045 6
1792 1992 1922 2053 Θεὸς

364 2084 750 2152 ἐμηχανήσατο
780 2098 797 2114 ο
831 2083 905 2144 ὡς
948 2084 1008 2134 οὐ
1041 2082 1343 2151 δυναμένην
1386 2082 1453 2133 τὰ
1494 2082 1695 2152 ἑαυτῆς
1729 2085 1921 2147 ποιεῖν,

366 2176 460 2227 καὶ
497 2173 690 2235 σώζειν
730 2170 1072 2242 ἀνθρώπους,
1108 2174 1155 2224 εί
1200 2175 1466 2241 γενομένη
1500 2174 1623 2235 τοὺς
1658 2174 1924 2238 σώζεσθαι

371 2264 661 2333 μέλλοντας
688 2263 779 2317 ὑπ’
809 2264 979 2333 αὐτῆς
1008 2263 1318 2319 ἐλάνθανεν.
1365 2263 1525 2316 Ἀλλὰ
1559 2266 1679 2317 τότε
1711 2266 1811 2333 μὲν
1835 2282 1928 2332 κη-

370 2354 697 2425 ρυττομένη,
727 2353 825 2422 τὴν
856 2354 986 2424 περὶ
1026 2354 1257 2424 Χριστὸν
1289 2354 1446 2415 αίῦὦ,
1475 2356 1569 2406 καὶ
1600 2354 1697 2422 τὴν
1723 2355 1923 2420 πίστιν,

371 2447 463 2500 καὶ
498 2446 598 2516 τὴν
633 2446 875 2513 ἀγάπην,
906 2447 965 2498 ἐν
989 2450 1107 2508 ταῖς
1142 2445 1250 2498 τῶν
1289 2447 1675 2514 ἀγνωσσόντων
1707 2444 1925 2514 ψυχαῖς,

375 2537 447 2604 μὴ
477 2535 646 2598 οὔσας
694 2535 1082 2605 ἐδημιούργει·
1113 2534 1208 2587 νῦν
1238 2536 1294 2588 δέ
1347 2536 1452 2589 ὑπὸ
1486 2539 1593 2589 τῶν
1623 2536 1721 2607 ἤδη
1770 2553 1931 2588 πεπι-

374 2627 698 2687 στευκότων,
755 2625 1059 2693 φιλοπόνως
1116 2625 1501 2695 θεωρουίεένη,
1558 2628 1625 2680 τὰ
1685 2627 1929 2696 μακάρια

373 2719 542 2769 ταῦτα
577 2717 727 2785 πάθη
761 2718 860 2769 οἰκ
890 2717 1130 2785 ἐντίθησι
1160 2718 1260 2784 μὲν
1294 2720 1476 2778 αὐτοῖς
1497 2732 1511 2747 °
1550 2718 1842 2788 ἐγκείμενα
1872 2718 1930 2770 δέ
1974 2724 1977 2727 ’

375 2810 650 2877 συντηρεῖ,
676 2809 769 2861 καὶ
802 2808 1156 2873 ἀνακαινίζει,
1194 2810 1285 2861 καὶ
1310 2808 1463 2873 αὔξει
1486 2824 1500 2839 ⁸
1536 2816 1627 2862 καὶ
1658 2809 1932 2879 βεϐαιοτέ-

377 2915 502 2967 ρους
534 2898 633 2967 μὲν
657 2898 787 2966 περὶ
825 2899 924 2967 τὴν
951 2899 1153 2962 πίστιν,
1201 2898 1562 2968 θερμοτέρους
1588 2898 1645 2950 δὲ
1676 2900 1803 2966 περὶ
1834 2900 1932 2968 τὴν
1959 2884 1967 2892 ’

374 2989 660 3042 εὐλάϐειαν
683 2989 774 3041 καὶ
798 2988 897 3058 τὴν
927 2990 1143 3059 ἀγάπην
1167 2989 1364 3051 αὐτοὺς
1389 2990 1700 3058 ἐργάζεται.
1735 2992 1801 3043 "A
1825 2992 1932 3061 γὰρ

378 3079 451 3147 μὴ
480 3080 609 3131 ὄντα
636 3078 891 3146 γενέσθαι
915 3079 1158 3148 ἐποίησε,
1196 3080 1375 3148 πολλῷ
1407 3082 1532 3149 ῥᾷον
1556 3080 1805 3147 φυλάξαι,
1839 3083 1931 3134 καὶ

2007 636 2170 688 etiam
2210 635 2566 687 sacramentis
2599 636 2763 689 multa
2798 636 2922 691 talia
2969 635 3267 699 inveneris,
3298 639 3563 704 quemad-

2011 728 2225 782 modum
2279 725 2332 779 in
2383 727 2647 791 baptismo
2708 741 2803 783 eos
2848 729 2938 797 qni
2984 738 3114 782 sunt
3150 724 3483 791 baptizandi,
3512 737 3566 781 et

2010 816 2223 869 «alceos
2250 823 2301 868 et
2330 825 2505 869 vestes
2535 824 2748 883 oportet
2768 831 2986 880 exuere,
3017 824 3074 870 et
3111 816 3177 869 ad
3221 813 3581 869 Occidentem

2015 906 2383 971 respicientes,
2426 919 2620 960 manus
2673 908 2962 960 extendere
3010 915 3065 961 et
3114 905 3410 961 insuﬁlare.
3460 903 3582 957 Sed.

2016 997 2127 1048 haec
2150 994 2365 1063 quidem
2400 994 2511 1048 illic
2535 995 2748 1059 docent,
2772 1004 3032 1064 quantum
3062 994 3277 1065 maligni
3302 992 3482 1049 odium
3513 992 3564 1044 in

2015 1082 2171 1135 nobis
2202 1098 2324 1137 esse
2354 1091 2590 1151 oportet,
2646 1093 2701 1137 et
2732 1083 3002 1152 quomodo
3044 1096 3268 1137 necesse
3316 1092 3400 1137 est
3445 1095 3566 1134 eum

2015 1188 2074 1227 se
2104 1187 2311 1241 gerere,
2341 1173 2431 1241 qui
2467 1182 2544 1227 est
2589 1187 2752 1229 verus
2784 1173 3125 1228 Christianus
3179 1173 3392 1225 futurus
3441 1188 3455 1224 :
3517 1179 3572 1224 et

2018 1264 2062 1318 si
2094 1264 2219 1331 quid
2261 1264 2403 1317 aliud
2436 1264 2740 1333 ltnjusmodi
2790 1265 2844 1318 in
2871 1264 3248 1325 sacramentis,
3285 1263 3443 1316 aliam
3474 1264 3573 1315 ha-

2018 1356 2138 1408 beat
2187 1354 2663 1422 signiﬁcationem.
2698 1356 2827 1421 Quae
2862 1365 3042 1410 autem
3078 1355 3211 1409 ﬁunt
3247 1355 3297 1407 in
3333 1356 3572 1425 mysterii

2017 1445 2279 1501 donorum
2356 1446 2745 1510 celebratione,
2806 1446 2873 1500 ad
2947 1445 3252 1500 Servatoris
3311 1455 3574 1512 suscepta:

2018 1536 2197 1589 carnis
2240 1537 2596 1591 (nconomiam
2640 1538 2820 1591 omnia
2855 1536 3182 1601 referuntur,
3215 1547 3273 1591 ut
3299 1535 3419 1604 ejus
3450 1551 3577 1589 con~

2021 1623 2294 1693 templatio
2324 1627 2526 1682 nostris
2575 1626 2748 1680 oculis
2782 1626 3047 1696 subjecta,
3092 1626 3303 1681 animas
3334 1625 3575 1680 sanctifi-

2021 1725 2128 1778 cet,
2156 1724 2212 1770 et
2260 1716 2338 1771 sic
2387 1716 2496 1785 apti
2529 1715 2823 1771 eﬂiciatuur
2871 1716 2939 1771 ad
2988 1731 3267 1773 sacrorum
3313 1719 3579 1771 donorum

2021 1806 2439 1876 susceptionem.
2496 1806 2649 1862 Sicut
2683 1810 2828 1862 enim
2886 1818 3012 1863 tunc
3060 1823 3183 1862 cum
3237 1807 3360 1871 fuit,
3392 1809 3583 1870 orbem

2026 1902 2182 1948 terrae
2213 1897 2403 1960 erexit,
2430 1897 2506 1950 ita
2557 1910 2766 1966 semper
2792 1896 3152 1962 considerata,
3204 1897 3572 1966 pulchriorem

2025 1984 2091 2039 iis
2116 1985 2206 2053 qui
2241 1985 2408 2054 ipsam
2439 1987 2870 2056 contemplantur
2917 1996 2973 2043 ct
2991 1988 3312 2043 divinioretn
3341 1988 3577 2042 animam

2026 2076 2223 2132 eﬁicit:
2254 2080 2362 2134 imo
2383 2079 2526 2148 quod
2569 2079 2738 2148 magis
2765 2089 2869 2145 est,
2907 2096 2974 2133 ne
3010 2088 3138 2134 tunc
3171 2080 3389 2147 quidem
3422 2079 3582 2146 quid-

2026 2183 2189 2237 qnam
2229 2168 2482 2235 iuvisset,
2518 2171 2623 2224 nisi
2654 2170 2997 2225 considerata
3028 2181 3083 2225 et
3128 2171 3335 2225 credita
3368 2170 3578 2227 fuisset.

2025 2269 2080 2311 et
2122 2272 2184 2311 ea
2221 2259 2287 2312 de
2330 2274 2493 2313 causa
2544 2261 2853 2327 praedicata,
2885 2270 2940 2314 et
2966 2271 3025 2317 ut
3055 2264 3391 2323 crederetur,
3445 2263 3583 2317 Deus

2029 2350 2445 2405 innumerabilia
2496 2352 2832 2406 machinatus
2863 2362 2949 2406 est
2994 2369 3008 2405 :
3047 2368 3239 2419 nempe
3288 2357 3430 2421 quod
3476 2369 3582 2407 non

2029 2450 2210 2509 posset
2237 2444 2381 2510 quod
2432 2457 2590 2515 suum
2618 2452 2701 2497 est
2731 2442 2933 2504 facere.
2965 2453 3021 2497 et
3064 2443 3311 2498 homines
3343 2459 3583 2508 servare,

2029 2533 2073 2587 si
2105 2547 2198 2589 eos
2223 2534 2314 2603 qui
2352 2533 2420 2591 ab
2451 2534 2562 2601 ipsa
2613 2534 2862 2588 servandi
2899 2543 3048 2599 sunt,
3077 2549 3198 2589 eam
3243 2534 3415 2590 fuisse
3449 2535 3585 2590 late-

2031 2634 2133 2680 ret.
2193 2625 2297 2681 Sed
2349 2642 2492 2681 nunc
2520 2627 2735 2695 quidem
2781 2625 3093 2692 praedicata,
3143 2625 3500 2681 reverentiam
3532 2626 3585 2680 in

2031 2714 2328 2778 Christum,
2379 2716 2645 2784 ﬁdemque
2700 2722 2756 2769 et
2798 2714 3137 2769 dilectionem
3182 2716 3377 2785 ingrati
3419 2718 3585 2771 animi

2033 2804 2358 2867 hominibus,
2385 2821 2505 2860 cum
2566 2814 2722 2859 antea
2771 2820 2874 2860 non
2923 2817 3126 2872 essent,
3161 2806 3532 2863 fabricabatur
3566 2825 3581 2872 ;

2033 2906 2385 2951 nuncautem
2437 2898 2504 2951 ah
2535 2897 2599 2950 iis
2627 2897 2717 2966 qui
2763 2896 2873 2965 jam
2920 2897 3264 2952 crediderunt
3303 2898 3592 2968 diligenter

2033 2987 2398 3051 considerata,
2447 2987 2632 3041 beatas
2664 2987 2760 3040 has
2787 2984 3098 3042 eﬁ‘ectioncs
3126 2986 3206 3041 eis
3237 2988 3451 3056 quidem
3488 3004 3591 3043 non

2036 3076 2245 3138 inserit,
2276 3077 2368 3131 sed
2397 3077 2589 3131 insitas
2621 3085 2927 3142 conservat,
2967 3087 3022 3133 et
3054 3085 3297 3143 renovat,
3327 3088 3380 3133 et
3410 3091 3591 3148 auget,

375 3168 735 3239 συντηρῆσαι,
766 3169 860 3219 καὶ
892 3169 1197 3221 ἁνανεῶσαι
1229 3167 1432 3221 δύναιτ’
1461 3170 1527 3222 ἀν
1549 3186 1562 3201 ’
1601 3169 1739 3222 ἀλλά
1764 3171 1934 3223 ταῦτά

2035 3177 2089 3222 et
2135 3170 2187 3221 in
2242 3168 2345 3223 ﬁde
2398 3168 2617 3236 quidem
2669 3168 2955 3234 ﬁrmiores,
2991 3170 3273 3239 inpietate
3319 3180 3500 3226 autem
3541 3181 3597 3226 et

375 3260 512 3319 ἐστι,
548 3256 671 3325 μεθ’
712 3252 788 3308 ὧν
826 3257 1038 3327 ἀνάγκη
1092 3258 1385 3328 προσιέναι
1440 3260 1553 3319 τοῖς
1613 3257 1798 3326 ἱεροῖς,
1850 3257 1943 3309 καὶ

375 3343 449 3401 ὧν
504 3349 676 3418 χωρὶς
717 3347 904 3399 καὶτὸ
952 3347 1173 3412 βλέπειν
1205 3348 1324 3399 ἐκεῖ
1383 3347 1660 3411 παντελῶς
1705 3347 1938 3414 ἀνόσιον,

377 3440 655 3501 εῠλὰὅεια,
692 3438 896 3504 πίστις,
956 3438 1146 3507 ἀγάπη
1207 3439 1343 3509 πρὸς
1387 3439 1480 3492 τὸν
1515 3439 1648 3492 Θεὸν
1693 3440 1827 3493 πολὺ
1881 3441 1942 3493 τὸ

377 3530 577 3601 θερμὸν
601 3528 817 3598 ἔχουσα.
845 3529 943 3583 Διά
970 3530 1128 3583 τοῦτο
1161 3531 1326 3599 ἐχρῆν
1355 3531 1454 3601 τὴν
1501 3532 1672 3585 ταῦτα
1700 3535 1829 3602 ἡμῖν
1852 3536 1941 3586 ἐν·

380 3622 552 3676 θεῖναι
603 3622 907 3691 δυναμένην
935 3621 1167 3691 θεωρίαν
1207 3624 1264 3675 ἐν
1308 3626 1375 3692 τῇ
1429 3625 1679 3688 συντάξει
1724 3627 1823 3694 τῆς
1865 3628 1939 3679 is-

381 3715 634 3787 ρουργίας
683 3715 1068 3783 σημαίνεσθαι,
1112 3714 1198 3766 ἴνα
1240 3713 1316 3784 μὴ
1343 3714 1423 3785 τῷ
1470 3716 1545 3785 νῷ
1598 3716 1942 3787 λογιζώμεθα

382 3806 564 3876 μόνον,
621 3804 757 3856 ἀλλὰ
791 3804 1077 3873 βλέπωμεν
1118 3805 1320 3872 τρόπον
1355 3805 1419 3875 δὴ
1448 3824 1568 3861 τινα
1588 3788 1708 3880 ’τὴν
1743 3810 1943 3881 πολλὴν

377 3897 470 3949 τοῦ
507 3896 763 3948 πλουσίου
792 3896 1000 3960 πενίαν,
1040 3894 1137 3971 τὴν
1171 3896 1465 3964 ἐπιδημίαν
1502 3898 1596 3951 τοῦ
1645 3902 1819 3954 πάντα
1857 3903 1946 3955 τό-

380 4006 479 4042 πον
507 3989 850 4057 κατέχοντος,
876 3987 942 4039 τὰ
968 3986 1142 4055 ὀνείδη
1171 3987 1264 4038 τοῦ
1289 3989 1484 4058 εὐλογη
1495 3993 1681 4059 μένου,
1700 3994 1766 4045 τά
1795 3994 1943 4065 πάθη·

380 4082 469 4135 τοῦ
500 4082 769 4145 ἀπαθοῦς,
794 4083 916 4134 ὅσον
947 4081 1220 4151 μισηθεὶς,
1253 4083 1375 4136 ὅσον
1401 4084 1686 4154 ἠγάπησεν
1712 4102 1726 4116 ’
1757 4087 1943 4155 ἡλίκος

381 4171 631 4235 ὣν,δσον
684 4172 1051 4225 ἐταπείνωσεν
1096 4173 1328 4225 ἑαυτόν·
1367 4176 1459 4227 καὶ
1504 4175 1559 4226 τί
1607 4176 1797 4230 παθὼν
1850 4180 1943 4231 καὶ

381 4262 430 4315 τί
476 4262 701 4331 δράσας,
746 4260 952 4330 ταύτην
1001 4262 1295 4337 ἡτοίμασεν
1358 4264 1592 4318 ἐνώπιον
1631 4267 1789 4335 ἡμῶν
1844 4268 1942 4337 τὴν

380 4350 694 4421 τράπεζανο
746 4351 842 4406 καὶ
877 4349 1021 4402 οὕτω
1067 4351 1451 4421 θαυμάσαντες
1499 4354 1598 4423 τὴν
1648 4357 1939 4426 καινότητα

2035 3262 2299 3314 cltaritate
2342 3261 2481 3328 ipsos
2519 3261 2868 3318 ferventiores
2898 3263 3076 3318 efﬁcit.
3122 3265 3250 3331 Quae
3282 3266 3424 3319 enim
3469 3281 3594 3320 cum

2034 3366 2141 3406 non
2208 3360 2412 3415 essent,
2466 3364 2524 3405 ut
2587 3354 2779 3408 ﬁerent
2837 3354 3040 3417 eﬁ‘ecit,
3063 3371 3124 3409 ea
3182 3357 3352 3412 multo
3386 3357 3597 3413 facilius

2040 3457 2278 3506 servare,
2313 3451 2367 3496 et
2423 3445 2718 3505 custodire,
2778 3455 2834 3500 et
2888 3461 3149 3501 renovare
3200 3449 3418 3516 poterit.
3473 3447 3595 3505 Haec

2039 3543 2217 3588 autem
2251 3544 2398 3600 sunt,
2432 3549 2552 3588 cum
2591 3536 2786 3605 quibus
2817 3539 2883 3592 ad
2914 3552 3065 3593 sacra
3089 3540 3346 3594 accedere
3378 3554 3599 3597 necesse

2038 3638 2143 3693 est,
2178 3638 2233 3685 et
2289 3628 2405 3683 sine
2457 3632 2654 3699 quibus
2703 3630 2784 3685 vel
2834 3647 2899 3687 eo
2948 3633 3194 3703 aspicere
3247 3642 3332 3689 est
3376 3636 3599 3691 omnino
3673 3672 3683 3681 ι

2040 3715 2331 3781 nefarium,
2387 3720 2596 3789 religio,
2652 3719 2809 3785 ﬁdes,
2860 3722 3079 3778 dilectio
3117 3724 3170 3778 in
3228 3723 3396 3779 Deum
3447 3724 3601 3781 valde

2041 3809 2351 3865 vehemens.
2399 3809 2687 3880 Propterea
2723 3815 3009 3881 oportebat
3066 3814 3598 3883 contemplationem,

2041 3917 2161 3970 quae
2220 3904 2272 3957 in
2325 3903 2481 3959 nobis
2532 3905 2645 3958 haec
2701 3914 2885 3972 posset
2938 3907 3200 3975 inserere,
3239 3909 3291 3963 in
3347 3909 3600 3965 sacriﬁcii

2042 3995 2426 4051 constitutione
2459 3994 2773 4065 signiﬁCari,
2809 4006 2866 4051 ιιι
2909 4013 3014 4052 non
3068 4009 3246 4054 mente
3277 4000 3474 4065 solum,
3508 4007 3604 4058 sed

2042 4081 2205 4136 etiam
2256 4083 2656 4151 quodammodo
2703 4085 2872 4140 oculis
2907 4088 3213 4143 videremus
3261 4090 3489 4144 multam
3520 4091 3606 4145 di-

2043 4174 2169 4228 vitis
2192 4182 2583 4242 paupertatem,
2608 4175 2724 4244 ejus
2753 4177 3242 4246 peregrinationem
3271 4181 3363 4249 qui
3390 4196 3602 4237 omnem

2041 4270 2218 4321 locum
2250 4267 2481 4331 obtinet,
2514 4269 2711 4335 probra
2746 4271 2862 4338 ejus
2892 4273 2978 4338 qui
3015 4274 3450 4342 estbenedictus,
3482 4294 3607 4347 pas-

2041 4361 2221 4415 siones
2250 4360 2366 4429 ejus
2397 4359 2487 4428 qui
2523 4368 2607 4415 est
2659 4361 2996 4431 impatibilis,
3050 4377 3315 4435 quantum
3354 4370 3478 4425 odio
3511 4372 3607 4427 ha-

381 4440 477 4509 τῆς
517 4440 815 4509 σωτηρίας,
857 4439 1227 4508 ἐκπλαγέντες
1258 4442 1318 4495 τὸ
1361 4441 1563 4512 πλῆθος
1596 4445 1703 4497 τῶν
1731 4448 1934 4518 οἰκτιρ-

2046 4453 2210 4515 bitus,
2267 4462 2530 4521 quantum
2563 4452 2771 4519 dilexit,
2809 4465 3045 4524 quantus
3089 4473 3211 4513 cum
3241 4471 3402 4525 esset,
3432 4480 3606 4533 quan-

389 4533 520 4601 μῶν,
576 4531 913 4599 αἱδεσθῶμεν
981 4533 1070 4585 τὸν
1114 4532 1286 4596 οὕτως
1316 4534 1633 4602 ἐλεήσαντα,
1665 4537 1755 4589 τὸν
1801 4537 1944 4591 οὕτω

392 4624 636 4676 σώσαντα
665 4639 678 4652 ο
712 4626 806 4675 καὶ
851 4623 1235 4693 πιστεύσωμεν
1292 4626 1442 4696 αὖτῷ
1475 4627 1572 4690 τὰς
1610 4628 1808 4699 ψυχὰς,
1852 4633 1946 4684 καὶ

390 4714 762 4784 παραθὼμεθα
786 4716 886 4784 τὴν
931 4715 1098 4785 ζωὴν,
1132 4716 1225 4769 καὶ
1264 4715 1548 4787 φλέξωμεν
1591 4721 1691 4783 τὰς
1723 4723 1947 4791 καρδίας

384 4806 455 4876 τῷ
501 4809 637 4875 πυρὶ
674 4807 774 4875 τῆς
818 4806 1037 4878 ἀγάπης
1068 4807 1272 4860 αὐτοῦ’
1306 4812 1400 4863 καὶ
1439 4812 1669 4866 τοιοῦτοι
1717 4816 1944 4883 γενόμε-

385 4913 482 4958 νοι,
507 4897 582 4964 τῷ
610 4896 752 4965 πυρὶ
782 4898 891 4949 τῶν
924 4899 1238 4968 μυστηρίων
1269 4901 1625 4969 ὁμιλήσωμεν
1686 4904 1946 4972 ἀσφαλῶς

393 4988 480 5039 καὶ
506 4988 747 5050 οἰκείως.
786 4988 860 5040 Οὐ
892 4988 1000 5057 γάρ
1028 4990 1192 5060 ἀρκεῖ
1221 4992 1356 5060 πρὸς
1390 4993 1450 5045 τὸ
1488 4995 1763 5060 τοιούτους
1790 4999 1948 5063 γενέ-

397 5078 516 5130 σθαι
553 5081 698 5141 τότε,
727 5081 787 5131 τὸ
820 5080 1011 5148 μαθεῖν
1060 5098 1191 5133 ποτε
1222 5082 1289 5134 τὰ
1314 5084 1572 5153 Χριστοῦ,
1609 5090 1704 5139 καὶ
1742 5089 1949 5151 εἰδότας

393 5164 554 5223 εἶναι’
612 5170 727 5229 ἀλλ’
758 5171 973 5238 ἀνάγκη
1022 5174 1117 5225 καὶ
1177 5176 1497 5243 τηνικαῦτα,
1529 5180 1621 5232 τὸν
1670 5179 1947 5248 ὀφθαλμὸν

393 5259 485 5326 τῆς
517 5260 755 5323 διανοίας
779 5260 924 5328 ἔχειν
955 5263 1093 5327 ἐκεῖ,
1131 5265 1225 5316 καὶ
1258 5265 1487 5335 θεωρεῖν
1510 5269 1670 5335 αὐτὰ,
1695 5270 1949 5340 ἐνεργείᾳ

388 5349 559 5402 πάντα
592 5350 851 5419 λογισμὸν
889 5351 1076 5421 ἕτερον
1105 5353 1435 5420 ἐκϐαλόντας
1459 5371 1474 5385 ⁸
1507 5361 1638 5426 είγε
1663 5360 1948 5429 μέλλοιμεν

387 5443 517 5509 πρὸς
549 5443 640 5495 τὸν
702 5444 972 5513 ἀγιασμδν
1010 5447 1218 5500 ἐκεῖνον
1259 5450 1568 5520 ἐπιτηδείαν
1600 5453 1775 5522 ἥνπερ
1811 5453 1948 5523 ἔφην

388 5534 725 5601 ἐργάσασθαι
755 5536 851 5606 τὴν
891 5537 1092 5609 ψυχήν.
1127 5542 1190 5593 Et
1222 5541 1330 5612 γὰρ
1366 5543 1456 5595 τὸν
1494 5544 1592 5612 μὲν
1635 5545 1789 5614 λόγον
1827 5546 1948 5615 ἔχο-

390 5640 484 5691 μεν
521 5627 619 5693 τῆς
644 5626 951 5691 εὐσεϐείας,
985 5628 1115 5681 ὥστ’
1148 5632 1519 5700 ἐρωτηθέντες
1559 5635 1721 5688 αὐτὸν
1750 5636 1948 5704 ύγειῶς

389 5713 451 5765 ἂν
480 5715 873 5785 ἀποκριθῆναι,
922 5717 1143 5773 ἐπειδὰν
1172 5720 1229 5772 δὲ
1279 5723 1532 5789 μυεῖσθαι
1564 5724 1681 5795 δέη,
1712 5725 1787 5797 μὴ
1817 5726 1948 5781 θεω-

395 5806 575 5875 ρῶμεν
605 5806 821 5860 ἅπαντα
862 5809 1066 5876 καλῶς,
1095 5811 1230 5865 ἀλλὰ
1253 5812 1343 5866 τὸν
1393 5813 1515 5868 νοῦν
1542 5815 1718 5880 ἄλλοις
1772 5835 1941 5887 προσ-

2048 4553 2158 4596 tum
2187 4544 2424 4611 seipsum
2454 4543 2787 4611 humiliavit,
2815 4554 2867 4599 et
2890 4548 3016 4615 quid
3045 4564 3256 4618 passus,
3292 4561 3347 4606 et
3372 4568 3606 4622 quanam

2048 4651 2105 4688 re
2136 4649 2165 4687 a
2197 4650 2255 4688 se
2282 4633 2447 4697 facta,
2494 4634 2634 4689 hanc
2666 4649 2846 4689 coram
2880 4639 3034 4694 nobis
3079 4655 3321 4694 mensam
3352 4646 3559 4708 paravit
3591 4662 3606 4697 :

2046 4738 2101 4780 et
2157 4727 2228 4780 ita
2286 4727 2478 4783 salutis
2534 4729 2828 4785 novitatem
2878 4729 3234 4794 admirantes,
3283 4741 3339 4786 et
3391 4743 3609 4802 promer

2050 4820 2543 4875 ntiscricordiarum
2603 4822 2996 4876 multitudinem
3061 4833 3283 4890 stupore
3347 4825 3609 4892 perculsi,

2052 4923 2396 4964 revereamur
2429 4928 2550 4966 eum
2579 4914 2669 4981 qui
2694 4914 2774 4967 sic
2809 4914 3064 4967 misertus
3106 4922 3217 4978 est,
3249 4928 3373 4968 eum
3401 4919 3493 4986 qui
3529 4919 3611 4973 sic

2049 5004 2320 5067 servavit;
2367 5004 2524 5072 eique
2555 5006 2837 5059 credamus
2864 5007 3095 5067 animas,
3143 5015 3193 5059 et
3246 5005 3409 5061 vitam
3462 5023 3612 5064 com—

2051 5095 2391 5171 ntcndemus,
2427 5104 2479 5148 et
2528 5096 2689 5150 corda
2730 5096 3090 5149 accendamus
3143 5097 3262 5167 igne
3314 5113 3428 5152 sua:
3474 5099 3608 5155 ἀξιον

2049 5184 2246 5236 ctionis
2279 5200 2292 5236 :
2326 5194 2378 5238 ct
2424 5200 2542 5236 cum
2577 5184 2710 5238 tales
2756 5184 3038 5247 fuerimus,
3078 5186 3383 5254 poterimus
3439 5202 3491 5244 et
3523 5206 3605 5244 sc-

2049 5290 2177 5328 cnrc.
2225 5287 2278 5329 et
2326 5276 2668 5331 familiariter
2704 5279 2757 5329 in
2792 5276 3173 5346 mysteriorum
3223 5279 3349 5349 igne
3377 5282 3605 5335 versari.

2049 5366 2167 5421 Non
2195 5367 2338 5420 enim
2374 5366 2567 5421 suﬁicit
2613 5367 2677 5418 ad
2729 5367 2832 5421 ltoc
2884 5377 2943 5422 ut
2992 5380 3122 5424 tunc
3167 5369 3302 5425 tales
3332 5373 3519 5434 simus,
3546 5386 3610 5425 ea

2052 5472 2171 5524 qua:
2198 5457 2403 5512 Christi
2438 5468 2566 5510 sunt
2600 5457 2889 5525 aliquando
2921 5459 3199 5525 didicisse,
3227 5468 3281 5515 et
3309 5475 3373 5514 ea
3413 5462 3555 5515 scire
3591 5476 3608 5515 :

2051 5549 2142 5600 sed
2199 5561 2417 5601 necesse
2465 5557 2549 5602 est
2598 5550 2760 5603 etiam
2818 5560 2945 5603 tunc
2990 5552 3185 5607 mentis
3236 5549 3450 5602 oculum
3502 5550 3610 5607 illic

2054 5638 2235 5705 figere,
2287 5646 2343 5690 et
2374 5651 2436 5689 ea
2490 5646 2614 5690 actu
2664 5639 3040 5708 contemplari,
3087 5637 3234 5691 omni
3286 5636 3391 5691 alia
3440 5636 3611 5705 ejecta

2051 5728 2402 5796 cogitatione,
2456 5728 2722 5795 siquidem
2783 5730 2849 5783 ad
2899 5726 3386 5783 sanctiﬁcationem
3442 5727 3608 5794 illam,

2050 5828 2227 5885 aptam
2271 5826 2326 5872 et
2362 5814 2842 5885 accommodatam,
2879 5829 2934 5873 ut
2987 5818 3122 5887 dixi,
3155 5833 3344 5873 sumus
3372 5819 3605 5875 animam
