4156 6304
534 356 643 422 383

1784 364 2085 424 NICOIAI
2129 366 2517 429 CABASILE

3674 370 3792 435 384

533 475 759 528 tionem.
798 493 817 525 ι
851 474 953 528 Sed
985 489 1229 544 quaenam
1257 485 1337 530 est
1362 477 1477 530 haec
1505 477 1844 543 recordatio,
1878 491 1929 533 et
1958 496 2094 549 qno-

2224 497 2323 545 πον·
2363 483 2571 535 «Τοῦτο
2606 487 2809 536 ποιεῖτε
2848 484 2930 546 είς
2992 484 3136 553 ἐμὴν
3181 483 3509 552 ἀνάμνησιν.
3544 503 3563 533 ι
3615 484 3791 539 Ἀλλὰ

535 565 698 616 modo
728 564 780 618 in
814 567 887 618 rei
923 580 1091 619 Sacrae
1112 567 1469 622 celebratione
1493 568 1700 621 Domini
1737 570 2106 633 meminimus,

535 656 665 722 quid
692 658 923 721 agt-niis.
976 660 1247 725 quomodo
1295 675 1354 714 se
1401 659 1689 714 habentis?
1727 662 1859 716 Dico
1902 674 2108 724 autem,

538 746 667 810 quid
707 746 771 797 de
803 746 918 812 ipso
950 758 1280 815 reputantes,
1314 751 1442 817 quid
1491 751 1818 805 narrantes?
1851 752 1929 806 An
1966 754 2107 819 quod

547 843 789 887 mortuos
818 838 1123 901 suscitavit,
1163 847 1211 890 et
1243 839 1401 892 caecis
1433 840 1607 893 visum
1637 841 1805 906 dedit,
1831 853 1887 894 et
1922 852 2109 895 ventos

550 926 869 989 increpavit,
908 936 959 979 et
990 940 1052 979 ex
1082 928 1272 995 paucis
1299 930 1530 997 panibus
1561 932 1627 983 ad
1654 932 1958 985 satietatem
1990 933 2109 985 mil-

551 1015 614 1066 lia
672 1015 874 1082 aliquot
930 1018 1169 1079 nutrivit,
1213 1034 1331 1086 quae
1375 1035 1498 1071 eum
1550 1030 1604 1073 et
1653 1020 1817 1074 Deum
1892 1037 2014 1076 esse
2055 1030 2111 1077 et

547 1107 727 1158 munia
760 1121 919 1173 posse
955 1110 1351 1161 ostenderunt?
1376 1108 1754 1178 Nequaquam;
1791 1113 1882 1166 sed
1915 1128 1974 1165 ca
2010 1129 2106 1181 po-

548 1194 650 1246 tius
670 1209 788 1261 qua:
811 1195 1060 1250 videntur
1076 1196 1382 1266 signiﬁcare
1407 1198 1848 1264 imbecillitatem,
1867 1217 2107 1265 crucem,

542 1289 869 1352 passionem.
907 1300 1157 1351 mortem,
1207 1289 1261 1341 in
1316 1290 1399 1343 his
1448 1307 1544 1346 nos
1571 1291 1730 1360 jussit
1766 1293 1948 1347 facere
1988 1296 2108 1362 ejus

537 1380 1127 1432 cmnmcnmrationem.
1179 1380 1241 1434 Et
1284 1382 1558 1435 uudenam
1596 1385 1696 1438 hoc
1744 1385 1885 1439 scire
1918 1402 2110 1454 possu.

541 1469 699 1521 mus?
734 1469 807 1520 Ita
844 1470 1112 1523 intellexit
1135 1472 1360 1535 Paulus,
1390 1474 1483 1542 qui
1532 1489 1652 1542 qua:
1677 1474 1796 1542 ejus
1836 1485 1985 1541 sunt,
2012 1491 2111 1545 op-

543 1561 672 1608 time
697 1556 865 1610 novit.

615 1648 694 1698 Ad
737 1647 1053 1702 Corinthios
1093 1651 1237 1702 enim
1281 1649 1527 1706 scribens
1563 1651 1629 1703 de
1659 1652 1941 1719 mysterio,
1984 1665 2106 1706 cum

551 1750 823 1795 narrasset
854 1741 1140 1794 Dominum
1174 1740 1375 1794 dixisse
1406 1758 1419 1794 :
1455 1760 1473 1792 ι
1518 1740 1629 1793 lloc
1664 1742 1826 1794 facile
1851 1745 1906 1795 in
1936 1756 2107 1795 meam

549 1849 573 1886 r
596 1834 1003 1893 'cordationem,
1036 1851 1054 1883 ι
1087 1831 1410 1900 subjuuxit:
1441 1850 1460 1883 ι
1497 1833 1722 1898 Quoties
1749 1834 1891 1887 enim
1916 1848 2108 1903 panem

546 1927 688 1980 hunc
725 1925 1096 1989 comederitis,
1139 1934 1193 1977 et
1241 1924 1304 1978 de
1338 1922 1528 1977 calice
1571 1923 1838 1989 hiberitis,
1882 1934 2109 1979 mortem

551 2018 764 2071 Domini
813 2016 1228 2072 annuntiabitis.
1268 2033 1286 2065 ι
1327 2013 1440 2068 Hoc
1477 2016 1593 2084 ipse
1640 2017 1803 2069 etiam
1852 2016 2114 2071 Dominus

549 2109 787 2160 ostendit
821 2108 871 2161 in
913 2106 1207 2161 traditione
1238 2106 1590 2161 sacramenti.
1614 2105 1747 2160 Cum
1777 2107 1920 2161 enim
1941 2107 2113 2161 dixis-

550 2208 632 2252 set
672 2213 688 2249 :
740 2195 908 2252 «11οο
958 2207 1039 2251 est
1098 2212 1299 2265 corpus
1358 2212 1574 2261 meum,
1613 2196 1712 2251 ilic
1771 2206 1857 2251 est
1894 2200 2115 2267 sanguis

547 2305 720 2352 meus,
762 2308 782 2341 ι
819 2304 927 2343 non
979 2288 1174 2358 adjecit
1230 2288 1312 2342 eis
1380 2288 1671 2352 miracula,
1713 2288 1920 2354 dicens,
1968 2290 2111 2358 quod

547 2392 786 2435 nmrluos
833 2381 1137 2447 suscitavit,
1169 2383 1313 2449 quod
1362 2379 1613 2447 leprosos
1666 2381 1965 2434 muudavit.
2009 2380 2113 2432 Sed

546 2473 715 2540 quid?
769 2471 1083 2528 Passionem
1117 2472 1291 2526 solum
1320 2480 1375 2524 et
1419 2480 1651 2524 mortem
1698 2487 1712 2524 :
1747 2489 1765 2521 ι
1807 2469 1962 2536 Quod
2015 2486 2114 2539 pro

545 2570 700 2622 \‘ohis
764 2565 1032 2635 frangitur
1098 2564 1199 2630 Qui
1263 2579 1359 2631 pro
1411 2563 1562 2617 vobis
1630 2562 1992 2617 eﬂ'unditurn
2049 2563 2115 2616 Et

547 2673 797 2725 qttzmtam
854 2665 937 2708 est
983 2654 1143 2713 ratio,
1193 2653 1335 2721 quod
1389 2668 1492 2706 non
1557 2652 1960 2717 miraculorum,
2020 2656 2112 2707 sed

549 2750 859 2816 passionum
898 2745 1190 2801 meminit?
1220 2745 1489 2811 Quoniam
1543 2746 1623 2798 hae
1665 2754 1791 2799 sunt
1824 2746 1930 2798 illis
1966 2755 2115 2800 tanto

554 2840 725 2905 magis
758 2839 1101 2903 necessariae,
1135 2839 1279 2905 quod
1330 2842 1412 2891 ha:
1464 2838 1683 2905 quidem
1737 2848 1867 2891 sunt
1918 2848 2116 2893 nostrae

550 2932 738 2987 salutis
775 2931 1087 2992 eﬂicienles,
1124 2940 1179 2984 et
1212 2931 1332 2985 sine
1362 2930 1448 2984 his
1497 2929 1718 2985 minime
1751 2931 1922 2999 possit
1956 2933 2116 2985 homo

553 3037 872 3091 nestit-gere;
906 3022 1210 3090 passiones,
1257 3021 1512 3089 inquam;
1565 3022 1655 3075 illa
1692 3030 1871 3075 autem
1910 3031 2114 3075 tantum

2213 576 2296 632 τίς
2329 575 2359 643 ἡ
2392 574 2698 643 ἀνάμνησις
2734 575 2873 646 αὕτη
2895 617 2909 639 ,
2943 578 3037 628 καὶ
3070 575 3188 637 πῶς
3240 576 3297 628 έν
3320 578 3385 645 τῇ
3415 577 3609 645 τελετῇ
3639 594 3790 644 μεμο

2214 667 2488 733 νησόμεθα
2518 668 2609 718 τοῦ
2668 669 2868 738 Κυρίου
2896 708 2911 731 ,
2959 668 3013 720 τί
3051 667 3336 730 ποιοῦντος
3368 669 3602 732 καὶπῶς
3623 671 3788 737 E106-

2213 774 2303 815 τος
2331 774 2344 821 ;
2378 758 2534 824 Λέγω
2551 759 2609 810 δὲ
2638 760 2760 811 τίνα
2812 759 2943 828 περὶ
2993 758 3158 811 αὐτοῦ
3222 759 3695 828 ἀναλογιζόμενοι,
3727 759 3790 810 τί

2212 848 2605 916 διηγούμενοι;
2639 845 2785 917 Ἀρα
2818 852 2900 901 ὅτι
2946 849 3175 917 νεκροὺς
3201 851 3490 916 ἀνέστησε,
3523 852 3622 903 καὶ
3686 869 3790 905 τυ-

2214 937 2370 1003 φλοῖς
2426 938 2663 990 ἀνέδωκε
2717 936 2960 1007 βλέπειν,
3027 939 3124 989 καὶ
3172 938 3397 1006 ἀνέμοις
3453 941 3786 1008 ἐπετίμησε,

2213 1030 2306 1081 καὶ
2330 1028 2387 1094 ἐξ
2411 1028 2606 1095 ὀλίγων
2636 1028 2819 1097 ἄρτων
2879 1032 2961 1091 εἰς
3023 1030 3186 1099 κόρον
3235 1030 3431 1099 ἔθρεψε
3490 1032 3783 1098 μυριάδας,

2210 1120 2247 1171 ἃ
2296 1120 2430 1172 Θεὸν
2491 1120 2653 1172 αὑτὸν
2718 1119 2973 1185 ἀπέδειξε
3002 1161 3018 1187 ,
3076 1121 3170 1174 καὶ
3209 1122 3388 1175 πάντα
3436 1122 3780 1191 δυνάμενονς

2159 1226 2179 1236 ’
2214 1210 2512 1278 Οὐδαμῶς·
2559 1212 2694 1264 ἀλλὰ
2755 1210 2954 1279 μᾶλλον
3038 1211 3109 1262 τὰ
3159 1211 3422 1264 δοκοῦντα
3493 1214 3783 1281 σημαίνειν

2213 1302 2527 1366 ἀσθένειαν,
2562 1304 2651 1355 τὸν
2688 1303 2946 1372 σταυρὸν,
2973 1303 3035 1355 τὸ
3063 1303 3257 1365 πάθος,
3286 1303 3377 1356 τὸν
3432 1303 3687 1365 θάνατον.
3720 1308 3781 1357 ὲν

2213 1394 2426 1456 τούτοις
2455 1396 2604 1462 ἡμᾶς
2624 1393 2729 1462 τὴν
2770 1393 3078 1463 ἀνάμνησιν
3106 1395 3272 1449 αὑτοῦ
3335 1398 3609 1451 ποιεῖσθαι
3659 1398 3780 1451 ἐκέ-

2211 1484 2391 1541 λευσε,
2428 1485 2535 1537 Καὶ
2566 1486 2730 1538 πόθεν
2751 1485 2944 1555 δῆλον;
2982 1485 3170 1549 Οὕτως
3217 1485 3404 1557 ἐνόησε
3461 1486 3693 1550 Παῦλος,
3753 1491 3783 1542 ὁ

2213 1575 2282 1627 τὰ
2303 1575 2514 1628 ἐκείνου
2544 1576 2723 1639 καλῶς
2755 1576 2931 1639 είδὼς.

2285 1666 2521 1733 Γράφων
2575 1667 2684 1736 γὰρ
2735 1666 3051 1734 Κορινθίοις
3114 1669 3246 1736 περὶ
3302 1668 3395 1720 τοῦ
3455 1670 3780 1740 μυστηρίου,

2215 1756 2305 1811 καὶ
2320 1758 2716 1828 διηγησάμενος
2737 1759 2818 1812 ὅτι
2849 1760 2877 1811 ό
2905 1758 3106 1826 Κύριος
3139 1753 3282 1819 εἷπε,
3311 1776 3330 1809 t
3379 1759 3550 1812 T0610
3579 1763 3782 1814 ποιεῖτε

2214 1850 2295 1908 είς
2322 1851 2420 1919 τὴν
2452 1849 2589 1918 ἐμὴν
2611 1850 2965 1920 ἀνάμνησιν,›
3005 1850 3318 1918 ἐπήγαγεν·
3353 1869 3373 1900 ι
3419 1849 3641 1913 Ὁσάκις
3678 1851 3785 1919 γὰρ

2216 1941 2428 1994 ἐσθίετε
2466 1942 2559 1994 τὸν
2591 1941 2759 2010 ἄρτον
2810 1941 3021 2005 τοῦτον,
3061 1941 3155 1993 καὶ
3207 1939 3268 1992 τὸ
3319 1942 3602 2009 ποτήριον,
3627 1942 3786 1995 τοῦτο

2217 2034 2422 2096 πίνετε,
2455 2034 2545 2086 τὸν
2594 2032 2826 2085 θάνατον
2882 2030 3048 2084 αὑτοῦ
3104 2031 3525 2099 καταγγέλλετε.
3565 2050 3583 2082 ι
3616 2033 3787 2085 T0610

2214 2126 2308 2178 καὶ
2336 2125 2497 2187 αὐτὸς
2533 2127 2560 2177 ὁ
2592 2124 2798 2188 Κύριος
2831 2122 3090 2191 ἐνέφηνεν
3133 2124 3190 2175 ὲν
3238 2125 3305 2192 τῇ
3363 2122 3660 2191 παραδόσει
3691 2121 3789 2176 106

2217 2217 2541 2285 μυστηρίου.
2566 2217 2747 2267 Εἰπὼν
2770 2214 2899 2284 γάρ’
2937 2232 2956 2265 t
2991 2212 3160 2266 Τοῦτό
3199 2215 3316 2266 ἔστι
3374 2213 3435 2266 τὸ
3461 2213 3621 2283 σῶμά
3662 2231 3790 2283 μου,

2214 2308 2386 2361 Τοῦτο
2414 2307 2474 2359 τὸ
2512 2302 2652 2374 αἷμά
2690 2322 2844 2375 pou,»
2866 2305 2926 2357 οὐ
2956 2304 3210 2373 θαύματα
3233 2304 3417 2366 αὐτοῖς
3452 2303 3790 2374 προσέθηκε,

2213 2398 2382 2451 εἰπὼν
2411 2397 2493 2458 τὸ,
2520 2395 2756 2464 Νεκροὺς
2791 2395 3061 2464 ἀνέστησα
3088 2411 3101 2426 ο
3135 2395 3217 2460 τὸ,
3245 2394 3494 2464 Λεπροῦς
3528 2394 3795 2464 ἐκαθάρι-

2218 2508 2308 2543 σα.
2343 2489 2501 2543 Ἀλλὰ
2557 2489 2609 2540 τί
2627 2506 2643 2553 ;
2667 2488 2739 2539 Τὸ
2770 2488 2937 2547 πάθος
2972 2487 3153 2557 μόνον,
3186 2487 3279 2540 καὶ
3300 2487 3390 2539 τδν
3410 2485 3661 2551 θάνατον,
3689 2488 3796 2539 «Τὸ

2216 2583 2353 2652 ὑπὲρ
2382 2582 2532 2650 ὑμῶν
2561 2579 2858 2648 κλώμενον,
2880 2578 2955 2632 Τδ
2995 2578 3134 2646 ὑπὲρ
3169 2578 3325 2648 ὑμῶν
3371 2577 3785 2646 ὲκχυνόμενον.ι

2214 2673 2321 2728 Καὶ
2353 2675 2433 2736 τίς
2458 2674 2484 2724 ό
2516 2672 2693 2738 λῖγος,
2727 2673 2808 2723 ὅτι
2855 2671 2929 2739 μὴ
2957 2669 3065 2722 τῶν
3113 2669 3432 2739 θαυμάτων,
3485 2668 3622 2721 ana
3685 2668 3794 2721 τῶν

2216 2765 2425 2829 παθῶν,
2457 2764 2761 2831 μέμνηται;
2794 2761 2915 2813 Ὀτι
2939 2760 3108 2813 ταῦτα
3126 2759 3347 2812 ἐκείνων
3375 2758 3794 2828 ἀναγκαιότερα*

2214 2853 2471 2907 τοσοὺτου
2519 2853 2643 2903 ὅσον
2684 2849 2752 2903 τὰ
2779 2847 2876 2917 μὲν
2921 2849 3185 2908 ποιητικὰ
3215 2847 3317 2916 τῆς
3344 2848 3616 2916 σωτηρίας
3639 2845 3796 2915 ἡμῶν

2218 2947 2346 3007 εἰσι,
2375 2944 2470 2998 καὶ
2502 2944 2670 3013 χωρὶς
2690 2942 2919 3005 τούτων,
2949 2943 3049 2995 οὐκ
3090 2936 3158 3011 ἦν
3206 2940 3519 3008 ἀναστῆναι
3566 2940 3659 2991 τὸν
3692 2939 3792 2992 ἇν-

2219 3033 2474 3104 θρωπον⁶
2518 3032 2587 3084 τὰ
2623 3031 2768 3100 πάθη
2825 3031 2993 3097 λέγω,
3066 3031 3252 3082 ἐκεῖνα
3282 3074 3283 3077 η
3310 3028 3391 3090 δὲ,
3436 3026 3798 3080 ἀποδεικτικὰ

553 3104 949 3168 demonstrant.
987 3114 1214 3168 Fiebant
1249 3113 1393 3166 enim
1447 3114 1728 3181 miracula,
1758 3122 1817 3169 ut
1861 3114 2115 3169 credere-

2224 3127 2402 3193 μόνον.
2447 3118 2694 3191 Ἐγένετο
2718 3127 2826 3193 γὰρ
2846 3124 2914 3174 τὰ
2952 3120 3052 3174 Οαύ
3067 3138 3232 3189 ματα,
3255 3120 3344 3173 ἴνα
3362 3118 3611 3188 πιστωθῇ
3642 3121 3671 3172 ό
3686 3118 3800 3172 Κύα-

565 3223 648 3263 tur
689 3208 943 3262 Dominus
971 3221 1090 3263 esse
1118 3221 1243 3261 vere
1270 3207 1553 3262 Servator.

1186 3296 1337 3352 CAP.
1379 3296 1514 3352 VIII.

943 3391 1018 3444 De
1051 3391 1115 3444 iis
1145 3405 1261 3460 qua:
1317 3389 1371 3442 in
1410 3405 1543 3457 pane
1583 3391 1738 3459 ﬁunt.

628 3484 895 3551 Quoniam
933 3497 1065 3549 ergo
1104 3489 1321 3550 Oportet
1363 3482 1468 3533 hoc
1496 3482 1657 3533 modo
1695 3480 1871 3535 facere
1911 3480 2125 3535 Domini

557 3574 1129 3628 connnemoratiouem
1159 3612 1173 3636 ,
1195 3580 1481 3642 propterea
1510 3586 1630 3624 cum
1662 3572 1801 3625 dixit
1830 3575 2082 3626 sacerdos
2109 3590 2123 3627 :

563 3683 585 3715 ι
630 3664 684 3717 in
743 3664 1175 3716 recordationem
1222 3660 1458 3721 Domini,
1499 3678 1516 3711 ι
1562 3660 1846 3728 subjungit
1894 3675 1954 3714 ea
2008 3675 2128 3728 qua:

561 3752 867 3822 signiﬁcant
892 3766 1107 3805 crucem
1163 3759 1215 3804 et
1244 3758 1494 3804 mortem.
1524 3750 1719 3804 Panem
1744 3751 1886 3804 enim
1920 3752 2132 3805 ahscin-

561 3846 718 3907 deos,
767 3851 1006 3897 veterem
1053 3842 1117 3895 de
1148 3840 1372 3895 salutari
1408 3840 1660 3909 passione
1691 3841 1858 3895 refert
1896 3842 2130 3909 prephe-

572 3940 699 3989 tiam
749 3950 763 3989 :
802 3954 819 3986 ι
876 3934 1028 3989 Sicut
1070 3933 1186 3989 ovis
1228 3934 1295 3989 ad
1343 3934 1542 3988 czedem
1572 3932 1768 3987 ductus
1817 3944 1922 3998 est,
1985 3953 2003 3986 ι
2056 3935 2133 4004 (ct

565 4029 807 4093 natura),
840 4037 893 4082 et
918 4030 1104 4092 verba,
1154 4038 1206 4082 et
1240 4026 1402 4092 facta,
1454 4037 1718 4095 quantum
1771 4025 1887 4095 ipse
1934 4035 2129 4095 potest,

564 4140 814 4178 narrans.
843 4121 977 4175 Nam
1014 4137 1132 4174 cum
1163 4135 1357 4186 panem
1393 4120 1456 4172 ad
1491 4119 1632 4172 hunc
1678 4133 1830 4171 usum
1878 4127 2043 4179 secet,
2074 4127 2133 4170 ut

566 4216 763 4269 donum
807 4215 1028 4276 eximat,
1065 4214 1166 4266 hoc
1202 4213 1380 4281 ipsum
1430 4210 1594 4262 etiam
1649 4209 1781 4262 facit
1826 4207 2132 4275 exemplum

569 4305 830 4373 propositi
879 4320 893 4352 :
944 4304 1012 4354 ad
1062 4300 1472 4369 signiﬁcandum
1523 4311 1792 4350 recessum
1844 4296 2052 4347 Domini
2103 4309 2136 4349 ει

567 4394 767 4446 mundo
796 4392 845 4443 in
867 4391 1004 4441 viam
1024 4405 1142 4457 quae
1164 4403 1243 4440 est
1265 4388 1332 4440 ad
1358 4387 1593 4448 Patrem,
1618 4401 1710 4455 per
1742 4393 1992 4448 mortem,
2011 4399 2130 4438 eam

2231 3233 2367 3286 ριος,
2398 3216 2472 3279 ὡς
2509 3214 2668 3277 αὐτὸς
2699 3213 2913 3284 ἀληθῶς
2955 3213 2982 3264 ό
3007 3212 3201 3281 Σωτήρ
3234 3214 3371 3267 ἔστι.

2807 3303 3059 3357 ΚΕΦΑΛ.
3086 3302 3170 3355 H'.

2441 3396 2580 3465 Περὶ
2621 3395 2739 3448 τῶν
2777 3394 2844 3446 ἐν
2868 3393 2948 3457 τῷ
2967 3393 3124 3457 ἄρτῳ
3150 3395 3551 3461 τελουμένων.

2309 3490 2466 3543 Ἐπεὶ
2496 3488 2676 3540 τοίνυν
2706 3486 2793 3537 τὸν
2820 3486 3018 3555 τρόπον
3048 3485 3237 3538 τοῦτον
3270 3485 3352 3538 δεῖ
3395 3483 3668 3537 ποιεῖσθαι
3700 3483 3797 3537 106

2228 3581 2439 3650 Κυρίου
2476 3578 2576 3645 τὴν
2607 3576 2938 3645 ἀνάμνησιν,
2982 3574 3072 3627 διὰ
3094 3573 3251 3626 τοῦτο
3283 3573 3454 3627 εἰπὼν
3511 3574 3540 3625 ό
3595 3573 3796 3643 ἱερεὺς,

2235 3691 2254 3725 t
2297 3672 2395 3734 Εἰς.
2422 3669 2729 3737 ἀνάμνησιν
2774 3663 2867 3716 106
2901 3664 3130 3730 Κυρίου,
3166 3681 3185 3714 ι
3217 3664 3415 3728 ἐπάγει
3445 3661 3512 3714 τὰ
3534 3662 3798 3732 δηλοῦντα

2228 3762 2321 3814 τὸν
2357 3758 2593 3828 σταυρὸν
2624 3756 2719 3808 καὶ
2749 3754 2839 3806 τὸν
2871 3753 3120 3806 θάνατον.
3156 3753 3261 3804 Τὸν
3308 3752 3417 3820 γὰρ
3472 3752 3636 3819 ἄρτον
3663 3752 3799 3803 ἀπο..

2232 3852 2472 3910 κόπτων.
2512 3849 2613 3917 τὴν
2652 3846 2781 3918 περὶ
2830 3844 2924 3897 τοῦ
2983 3844 3256 3912 σωτηρίου
3307 3841 3511 3903 πάθους
3555 3841 3800 3908 ἐπιλέγει.

2232 3942 2340 3994 τῶν
2363 3939 2611 3993 παλαιῶν
2643 3936 2986 4005 προφητείαν
3005 3948 3022 3966 ο
3056 3950 3076 3984 ‹
3124 3933 3209 3994 Ὠς
3245 3932 3518 3999 πρόϐατον
3548 3932 3644 3983 ἐπὶ
3664 3948 3802 4000 σφα-

2232 4035 2336 4102 γὴν
2365 4031 2539 4103 ἤχθη,
2576 4047 2594 4081 ι
2646 4028 2762 4097 (καὶ
2793 4027 2863 4079 τὰ
2886 4026 3056 4095 ἑξῆς),
3086 4026 3180 4077 καὶ
3219 4026 3450 4094 ῥήματι,
3491 4024 3585 4076 καὶ
3634 4040 3803 4093 προσο

2232 4125 2476 4193 τάγματι
2510 4124 2657 4174 κατὰ
2702 4118 2763 4171 τὸ
2797 4117 3025 4170 δυνατὸν
3054 4116 3220 4179 αὐτὸς
3276 4114 3655 4186 διηγούμενος.
3689 4114 3801 4183 Τὴν

2233 4216 2340 4286 γὰρ
2371 4213 2466 4266 106
2498 4211 2667 4282 ἄρτοῦ
2702 4207 2876 4277 τομὴν
2909 4207 3049 4259 κατὰ
3076 4207 3266 4275 χρείαν
3297 4205 3488 4268 ποιῶν,
3524 4205 3613 4258 ἵνα
3645 4204 3802 4274 ἐξέλῃ

2234 4304 2294 4358 τὸ
2322 4306 2513 4373 δῶρον,
2554 4303 2654 4370 τὴν
2684 4298 2851 4367 αὐτὴν
2885 4298 2977 4350 καὶ
3002 4296 3362 4364 παράδειγμα
3418 4299 3655 4348 ποιεῖται
3706 4296 3800 4347 τοῦ

2238 4393 2628 4464 προκειμένου.
2664 4392 2741 4451 είς
2769 4390 2869 4459 τὴν
2894 4388 3002 4440 ἀπὺ
3055 4386 3151 4440 τοῦ
3194 4388 3403 4455 κόσμου
3451 4387 3803 4455 ἀποχώρησιν

568 4483 834 4548 captivam
860 4478 1198 4540 abtltht'ltllS,
1237 4477 1377 4530 sicut
1430 4478 1544 4544 ipse
1592 4475 1766 4527 dixit:
1807 4493 1825 4524 ‹
1862 4473 2121 4537 Relinque

2232 4485 2323 4538 τοῦ
2353 4483 2580 4553 Κυρίου,
2612 4482 2693 4542 είς
2721 4480 2820 4550 τὴν
2855 4480 2946 4531 ἐπὶ
2977 4478 3068 4530 τὸν
3103 4476 3345 4547 Πατέρα,
3376 4476 3464 4529 διὰ
3503 4476 3597 4529 106
3635 4477 3802 4529 θανά-

572 4574 849 4634 ιιιιιιιιΙιιιιι,
886 4577 940 4623 et
964 4566 1098 4621 vado
1129 4567 1194 4620 ad
1230 4567 1478 4631 Patrem;
1516 4586 1533 4617 ι
1564 4567 1760 4634 etquia
1788 4581 1929 4635 saepe
1965 4564 2132 4634 ﬁgens

573 4667 795 4726 lerruin,
830 4661 1022 4715 deinde
1056 4660 1254 4713 scindit
1284 4673 1497 4727 panem,
1534 4658 1588 4711 in
1633 4668 1701 4711 tot
1764 4671 1945 4727 partes
1998 4659 2136 4713 divi-

569 4759 643 4809 dit
674 4770 977 4810 sermonem
1004 4751 1400 4821 propheticum,
1444 4748 1881 4817 unamquamque
1927 4757 2131 4817 partem

571 4848 839 4902 sermonis
866 4845 1287 4900 accommodans
1308 4840 1601 4911 unicuique
1623 4840 2056 4910 partisectionis,
2078 4848 2137 4893 ut

567 4941 882 4993 oacinderet
937 4935 1206 4993 sermonis
1261 4948 1454 4989 munus
1518 4948 1638 4988 esse
1691 4931 2060 4987 narrationem
2115 4945 2131 4985 :

569 5032 662 5096 qui
710 5031 853 5083 sicut
895 5029 982 5081 hic
1017 5027 1194 5096 panis,
1237 5025 1302 5079 ad
1355 5025 1457 5077 hoc
1510 5032 1567 5076 ut
1613 5022 1724 5076 Deo
1772 5021 2030 5075 offeratur
2082 5028 2137 5074 et

569 5126 947 5181 consecretur,
981 5118 1048 5172 ab
1102 5133 1167 5172 eo
1196 5117 1342 5186 quod
1393 5125 1478 5172 est
1528 5113 1770 5184 ejusdem
1821 5112 2040 5179 generis
2082 5121 2137 5166 et

572 5224 802 5275 naturae,
838 5220 1119 5279 separatus
1148 5221 1231 5265 est
1266 5227 1280 5264 :
1315 5210 1387 5263 ita
1428 5208 1591 5263 etiam
1638 5204 1888 5261 Christus
1930 5205 1999 5259 ab
2044 5206 2137 5260 ho-

573 5304 805 5359 minibus
838 5303 1083 5364 secessit,
1112 5317 1344 5371 quorum
1380 5312 1587 5355 natura:
1620 5313 1714 5369 per
1755 5313 1906 5352 suam
1942 5299 2135 5351 huma-

574 5399 797 5451 nitatem
833 5397 931 5450 fuit
965 5395 1269 5465 particeps;
1319 5405 1373 5449 et
1407 5405 1664 5464 tanquam
1696 5392 1815 5447 ovis
1843 5393 1907 5446 ad
1937 5389 2136 5445 caadem

574 5492 767 5545 ductus
812 5496 915 5551 est,
948 5496 1003 5542 et
1043 5500 1109 5539 eo
1140 5487 1298 5539 modo
1344 5485 1556 5539 sublata
1606 5493 1687 5539 est
1730 5484 1794 5538 de
1848 5492 1990 5535 terra
2034 5480 2140 5533 vita

577 5584 728 5652 ejus;
757 5592 811 5638 et
859 5580 1086 5652 adjectis
1133 5578 1199 5632 iis
1240 5593 1363 5647 qua:
1405 5586 1707 5646 sequuntur
1741 5577 1795 5630 in
1830 5572 2137 5644 prophetia,

580 5690 703 5731 cum
756 5688 949 5741 panem
998 5674 1051 5726 in
1105 5685 1262 5725 sacra
1312 5667 1493 5721 tabula
1538 5667 1748 5727 statuit,
1787 5666 1874 5719 ille
1926 5665 2053 5718 facit
2085 5674 2141 5717 et

587 5771 617 5825 ι]
646 5770 741 5831 cit,
775 5782 867 5832 per
908 5781 1026 5833 qua:
1057 5763 1229 5831 ipsum
1278 5759 1627 5825 sacriﬁcium,
1656 5767 1709 5813 ct
1754 5772 1898 5811 mors
1929 5756 2137 5811 Domini

2235 4592 2352 4638 του,
2380 4574 2521 4636 ὁδὸν,
2552 4571 2723 4641 αὐτὴν
2755 4569 3203 4639 αἰχμαλωτίςων,
3241 4566 3493 4636 καθάπερ
3543 4566 3703 4628 αὐτὸς
3731 4566 3803 4617 εἴ·

2240 4680 2409 4734 ρηκεν
2429 4703 2444 4727 ,
2491 4681 2510 4714 ‹
2565 4662 2795 4730 Ἀφίημι
2826 4661 2918 4712 τὸν
2945 4658 3176 4725 κόσμον,
3219 4659 3312 4709 καὶ
3341 4659 3645 4728 πορεύομαι
3669 4658 3804 4725 πρὸς

2236 4756 2325 4810 τὸν
2356 4755 2595 4823 Πατέρα.
2643 4771 2660 4804 ι
2715 4752 2825 4805 Καὶ
2855 4749 2982 4804 ἐπεὶ
3017 4749 3287 4812 πολλάκις
3327 4750 3537 4817 πηγνὺς
3572 4750 3633 4800 τὸ
3657 4749 3803 4815 σιδῇ-

2239 4863 2375 4915 ριον,
2409 4840 2532 4897 εἶτα
2564 4843 2866 4897 ἀποκόπτει
2898 4843 2993 4896 τὸν
3023 4843 3211 4912 ἄρτον,
3259 4842 3341 4905 εἰς
3398 4838 3637 4893 τοσαῦτα
3665 4840 3802 4891 διαι-

2243 4938 2326 5004 ρεῖ
2373 4935 2463 4987 τὸν
2516 4934 2854 5004 προφητικὸν
2885 4933 3043 5001 λόγον
3073 4949 3087 4963 ·
3118 4932 3354 4984 ἕκαστον
3381 4930 3473 4983 τοῦ
3506 4930 3668 4997 λόγου
3713 4929 3802 4999 μέ-

2241 5043 2333 5095 ρος
2363 5025 2691 5096 έφαιρμόζων
2724 5024 2942 5093 ἑκάστῳ
3003 5022 3161 5091 μέρει
3200 5020 3373 5090 τομῆς
3395 5059 3409 5079 .
3437 5019 3522 5071 ἵνα
3549 5018 3696 5088 δείξῃ
3713 5016 3803 5071 106

2238 5115 2398 5181 λόγου
2431 5115 2492 5167 τὸ
2516 5114 2678 5183 ἔργον
2711 5113 2974 5182 ἐξήγησιν
3006 5106 3182 5162 εἶναι’
3233 5109 3316 5161 ὅτι
3360 5109 3617 5178 καθάπερ
3654 5098 3804 5167 οὗτος

2240 5207 2268 5258 ό
2302 5205 2467 5275 ἄρτος
2503 5206 2595 5257 ἐπὶ
2638 5202 2715 5271 τῷ
2746 5200 3079 5265 ἀνατεθῆναι
3111 5198 3188 5268 τῷ
3213 5197 3330 5268 Θεῷ
3385 5198 3481 5250 καὶ
3522 5198 3806 5266 ἱερουργη-

2241 5296 2400 5364 θῆναι
2438 5295 2541 5348 τοῦ
2570 5293 2850 5362 ὁμοφυοῦς
2895 5292 3255 5363 ἀποδιῃρέθη,
3305 5289 3450 5342 οὓτω
3490 5289 3586 5342 καὶ⁵
3617 5291 3645 5341 6
3696 5286 3808 5339 K6-

2245 5403 2359 5457 ριος
2385 5386 2715 5455 ἀπεχώρησε
2771 5382 2880 5437 τῶν
2934 5381 3167 5452 ἀνδρῶν,
3217 5375 3293 5433 ὧν
3349 5380 3457 5433 διὰ·
3488 5378 3808 5447 φιλανδρίαν

2246 5476 2573 5546 ἐκοινώνησε
2628 5477 2813 5544 φύσει,
2849 5474 2943 5528 καὶ
3000 5474 3076 5537 ὡς
3121 5473 3398 5544 πρόϐατον
3453 5472 3549 5524 ἐπὶ
3594 5471 3808 5539 σφαγὴν

2241 5570 2405 5641 ῆχθη,
2430 5570 2523 5622 καὶ
2566 5567 2754 5620 τοῦτον
2775 5568 2867 5620 τὸν
2894 5566 3096 5635 τρόπον
3123 5566 3268 5636 ῆρθη
3324 5565 3434 5618 ἀπὸ
3484 5563 3584 5632 τῆς
3630 5565 3733 5630 γῆς
3773 5561 3807 5630 ἠ

2246 5662 2364 5730 ζωὴ
2402 5661 2567 5712 αὐτοῦ
2594 5675 2604 5688 ·
2638 5659 2730 5712 καὶ
2757 5660 2824 5713 τὰ
2854 5659 2983 5726 ἑξῆς
3022 5659 3120 5725 τῆς
3150 5657 3491 5726 προφητείας
3518 5653 3808 5723 προσθεὶς,

2245 5759 2339 5807 καὶ
2372 5755 2460 5807 τὶν
2515 5751 2673 5825 ἄρτον
2703 5752 2813 5815 (hic
2846 5753 2903 5805 ὲν
2932 5749 3008 5817 τῷ
3032 5749 3161 5817 ἱερῴ
3189 5750 3399 5808 πίνακι,
3435 5747 3618 5798 ἐκεῖνα
3641 5744 3808 5809 ποιεῖ,
