4156 6304
341 340 447 403 3Ξῆ

1492 342 1777 401 ιιτυῐιο
1794 342 1887 400 LE

1991 341 2349 402 KPOSlTlU.
3473 354 3577 417 1'36

338 457 435 508 καὶ
463 453 638 519 λέγει,
669 449 735 501 δι’
795 441 868 500 ὧν
896 448 1032 517 αὐτὴ
1131 447 1292 505 Ουσία
1345 448 1436 502 καὶ
1471 452 1499 500 ὸ
1544 450 1638 500 τοῦ
1701 451 1891 515 Κυρίοι

2014 449 2387 503 annuntiatur.
2452 467 2470 499 ι
2536 451 2920 519 Sacrificatur,
2971 455 3168 522 inquit,
3223 459 3409 526 Agnus
3458 463 3577 521 Dei.

338 547 569 606 θάνατος
596 541 1044 609 καταγγέλλεται.
1095 560 1111 592 ι
1153 542 1381 604 Θύεται,
1438 541 1633 608 φησὶν,
1667 542 1695 594 ὁ
1747 540 1903 605 lino;

338 636 437 691 τοῦ
465 635 625 698 Θεοῦ,
660 633 688 685 ὀ
735 632 905 702 αἴρων
965 633 1066 701 τὴν
1118 633 1395 702 ἁμαρτίαν
1451 633 1545 685 τοῦ
1592 633 1821 696 κόσμου.
1879 651 1897 682 ι

2010 540 2104 607 qui
2147 542 2284 592 tollit
2327 552 2549 609 pce-ala
2588 545 2830 599 mundi.»
2863 545 2986 601 llaac
3019 549 3145 601 dicit
3174 559 3227 602 et
3280 554 3407 605 l'arit
3457 571 3578 622 qua:
3630 590 3637 595 -

2010 628 2289 681 declarant
2346 632 2561 684 modum
2620 639 2828 688 mortis.
2865 635 3094 690 Crucem
3144 640 3286 692 enim
3338 644 3387 693 in
3438 659 3576 708 pane

342 726 528 779 Ταῦτα
554 725 815 790 λέγεικαὶ
841 726 993 777 ποιεῖ
1060 723 1156 776 τοῦ
1219 725 1451 776 Θανάτου
1506 724 1574 776 τὰ
1641 722 1891 793 δηλοῦντι

2010 716 2293 784 imprimit,
2330 728 2385 772 et
2417 719 2488 771 ita
2527 721 2733 775 indicat
2762 727 3035 792 quomodo
3070 734 3400 786 sacrificium
3436 733 3574 787 farta

344 816 436 868 τὸν
471 816 686 884 τρόπον.
720 815 962 884 Σταυρδν
1013 814 1123 880 γὰρ
1175 815 1233 865 ὲν
1279 813 1356 882 τῷ
1417 813 1566 882 ἄρτῳ
1618 818 1899 883 χαρᾶττει,

344 909 432 959 καὶ
458 905 596 959 οὕτω
620 905 815 975 μηνύει
846 905 964 967 πῶς
995 906 1028 974 ὴ
1062 904 1223 958 θυσία
1245 904 1492 971 γέγονεν,
1532 905 1616 957 ὅτι
1665 904 1752 956 διὰ
1806 904 1901 956 τοῦ

344 996 570 1065 σταυροῦ
592 1012 606 1027 ’
644 996 786 1066 μετὰ
811 996 868 1049 δὲ
893 996 1075 1059 τοῦτο,
1106 997 1199 1048 καὶ
1228 996 1303 1059 ὡς
1337 997 1429 1047 ἐπὶ
1477 994 1543 1048 τὰ
1584 993 1731 1059 δεξιὰ
1758 996 1898 1063 μέρη

339 1089 515 1139 κεντεῖ
537 1086 629 1139 τὸν
652 1086 841 1155 ἄρτον,
871 1085 972 1154 τὴν
1001 1084 1215 1154 πληγὴν
1247 1085 1345 1153 τῆς
1386 1085 1629 1154 πλευρᾶς
1682 1084 1899 1151 ἐκείνης

332 1180 699 1248 διηγουμενος
733 1180 801 1248 τῇ
854 1175 951 1229 τοῦ
996 1175 1163 1246 ἄρτου
1196 1176 1401 1245 πληγῇ.
1451 1175 1552 1227 Διά
1587 1173 1745 1227 τοῦτο
1793 1173 1900 1244 γὰρ

332 1271 427 1320 καὶ
459 1269 520 1323 τὸ
549 1268 790 1336 πλῆττον
803 1266 1048 1336 σιδήριον
1076 1266 1277 1335 λόγχην
1298 1266 1582 1331 καλεϊ,καὶ
1614 1267 1692 1327 εἰς
1710 1265 1902 1334 σχῆμα

328 1357 534 1428 λόγχης
565 1359 699 1412 αὐτὸ
730 1357 850 1427 ἔχει
886 1357 1283 1426 πεποιημένον,
1305 1357 1395 1409 ἵνα
1415 1358 1629 1417 ἐκεῖνος
1658 1356 1903 1424 ἀναμιμ-

329 1454 519 1522 νῄσκῃ
549 1449 647 1518 τῆς
670 1448 874 1518 λόγχης
905 1462 921 1479 ⁶
976 1448 1069 1500 καὶ
1118 1447 1292 1509 οὕτως
1343 1446 1491 1518 ἔργῳ
1540 1445 1714 1500 ταῦτα
1776 1445 1899 1513 διη-

328 1536 433 1604 γού
446 1553 630 1605 μενος,
667 1537 761 1589 καὶ
795 1538 908 1599 τοῖς
932 1536 1112 1603 λόγοις
1142 1536 1243 1605 τῆς
1286 1537 1533 1606 ἱστορίας
1588 1534 1897 1603 ἀναγιγνώο

329 1644 496 1680 σκει..
547 1645 567 1677 ι
609 1628 717 1681 Καὶ
757 1623 836 1691 εἷς
864 1630 971 1681 τῶν
1004 1628 1379 1698 στρατιωτῶν,
1414 1629 1573 1698 φησι,
1599 1628 1769 1698 λόγχῃ
1797 1628 1895 1679 αύ-

326 1719 426 1773 τοῦ
454 1719 554 1790 τὴν
577 1719 818 1791 πλευρὰν
872 1719 1082 1786 ἔνυξεν.
1117 1740 1137 1771 ι
1183 1720 1433 1791 Ὀμοίως.
1456 1722 1550 1773 καὶ
1578 1720 1639 1774 τὸ
1690 1720 1891 1790 ῥεῦσαν

2007 820 2112 872 est,
2156 827 2350 880 nempe
2390 829 2488 882 per
2517 831 2762 872 crucem.
2798 819 2923 871 Post
2957 823 3059 876 hoc
3090 825 3250 877 etiam
3287 826 3352 880 ad
3385 831 3576 883 dexte-

2007 916 2096 954 ras
2125 913 2304 969 partes
2338 919 2529 972 panem
2568 909 2783 976 pungit,
2816 908 2959 963 illius
2994 912 3180 966 lateris
3226 917 3391 970 ictum
3450 937 3579 972 nar-

2005 1007 2131 1046 rans
2183 1010 2281 1063 per
2347 994 2751 1064 percussionem
2814 1004 2991 1070 panis.
3065 1003 3358 1076 Propterea
3427 1015 3572 1065 enim

2002 1085 2166 1138 etiam
2213 1086 2531 1141 ferriculttm
2557 1092 2700 1156 quod
2742 1095 2998 1160 perculit,
3029 1112 3183 1149 vocat
3223 1101 3485 1167 lanceam,
3521 1116 3577 1157 ct

2004 1173 2115 1242 ipse
2147 1176 2307 1231 habet
2342 1178 2541 1233 factum
2586 1182 2755 1237 instar
2780 1186 3006 1250 lanceae,
3030 1198 3089 1242 ut
3131 1190 3272 1243 illaut
3328 1193 3571 1248 lanceam

2003 1267 2057 1318 in
2111 1269 2429 1322 memoriam
2479 1284 2713 1337 revocet,
2770 1287 2824 1330 et
2873 1283 2945 1331 ita
3010 1280 3155 1333 facto
3206 1297 3267 1335 ea
3321 1300 3573 1352 narrans,

2001 1354 2163 1407 etiam
2198 1357 2441 1413 historia:
2478 1363 2640 1416 verba
2687 1365 2837 1436 legit.
2878 1387 2897 1419 ι
2936 1368 3000 1422 Et
3034 1386 3173 1424 unus
3209 1373 3462 1439 militum,
3494 1379 3572 1428 in-

1999 1448 2133 1511 quit,
2187 1449 2380 1505 lancea
2427 1452 2568 1509 latus
2612 1457 2732 1525 ejus
2773 1462 3016 1529 pupugit.
3062 1480 3082 1512 ι
3122 1462 3385 1517 Similiter
3408 1469 3572 1520 etiam

1995 1541 2311 1606 sanguinem
2343 1551 2396 1595 et
2419 1558 2615 1613 aquam
2637 1563 2757 1613 quae
2780 1549 2927 1604 illiue
2956 1550 3132 1616 ﬂuxit,
3166 1565 3221 1606 ct
3250 1557 3412 1611 verbo
3440 1572 3573 1610 nar-

1997 1638 2101 1690 rat,
2139 1640 2195 1682 et
2219 1629 2366 1686 facto
2397 1637 2636 1690 ostendit
2673 1654 2688 1690 :
2724 1656 2744 1688 ι
2779 1637 3070 1696 luhmdens
3117 1643 3337 1711 quidem
3389 1647 3441 1698 iu
3477 1662 3571 1701 sa-

1995 1733 2143 1773 crmu
2208 1723 2433 1779 calicem
2498 1729 2679 1782 vinum
2749 1739 2803 1784 et
2867 1748 3096 1800 aquam;
3160 1755 3179 1787 ι
3229 1739 3570 1806 suhjuugens

326 1810 541 1863 ἐκεῖθεν
572 1807 735 1880 αἷμα.
767 1812 864 1864 καὶ
925 1810 1075 1882 ὕδωρ
1130 1811 1228 1864 καὶ
1254 1811 1398 1880 λόγῳ
1459 1810 1755 1877 διηγεῖται,
1792 1811 1890 1864 καὶ

1994 1821 2173 1866 autem
2226 1815 2353 1870 illud
2401 1835 2416 1872 :
2464 1836 2484 1869 ι
2532 1818 2595 1873 Ει
2622 1823 2802 1876 statim
2851 1827 2984 1878 exiit
3012 1830 3236 1896 sanguis
3268 1840 3322 1883 et
3352 1805 3510 1899 aqua.
3542 1851 3561 1882 ι

325 1900 477 1970 ἔργῳ
510 1900 804 1965 δείκνυσιν,
861 1920 881 1952 ι
922 1900 1167 1972 Ἐγχέων
1203 1901 1303 1970 μὲν
1345 1902 1424 1964 εἰς
1466 1901 1526 1953 τὸ
1558 1902 1699 1970 ἱερὸν
1728 1902 1897 1969 ποτή-

332 2004 448 2057 ριον
479 1976 624 2042 οἶνόν
661 1988 755 2042 καὶ
791 1987 938 2059 ὕδωρ
960 2006 975 2020 ο
1006 2008 1024 2039 ι
1079 1991 1195 2057 (καὶ
1255 1986 1428 2041 ταῦτα
1486 1987 1608 2056 μὲν,
1652 1990 1899 2056 ἀνάμνη-

329 2094 416 2137 σις
438 2078 532 2131 τοῦ
567 2080 775 2150 Κυρίου
799 2079 851 2149 ·)
877 2079 1154 2145 ἐπιλέγων
1184 2095 1244 2131 τε
1275 2080 1371 2131 καὶ
1406 2079 1584 2130 ἐκεῖνο
1626 2081 1686 2131 τὸ
1722 2079 1898 2148 ῥῆμα,

336 2188 354 2220 ι
394 2171 504 2223 Kal
546 2171 752 2234 εὐθέως
779 2170 1001 2240 ἐξῆλθεν
1040 2166 1184 2239 αἷμα
1214 2172 1310 2222 καὶ
1350 2169 1517 2239 ὕδωρ.
1558 2187 1577 2220 ι

921 2281 1173 2335 ΚΕΦΔΛ.
1205 2279 1282 2335 Θ’.

326 2371 434 2424 Διὰ
467 2373 520 2425 τί
551 2376 585 2427 ό
618 2374 831 2442 Κύριος
849 2374 1138 2427 ἐκέλευσε
1190 2375 1386 2427 ποιεῖν
1412 2372 1590 2427 τοῦτο
1640 2377 1729 2438 εις
1784 2372 1900 2442 τὴν

787 2442 977 2498 αὑτοῦ
1006 2442 1370 2511 ἀνάμνησιν.

417 2533 579 2587 Ἀλλὰ
617 2534 768 2596 τίνος
797 2534 962 2587 ἕνεκα
1007 2534 1182 2588 ταῐτα
1223 2535 1500 2598 ἐκέλευσε,
1536 2537 1627 2587 καὶ
1665 2536 1800 2605 πρὸς
1840 2535 1895 2589 τί

325 2622 547 2691 βλέπων
583 2625 683 2693 τὴν
718 2625 1026 2691 ἀνάμνησιν
1055 2626 1261 2694 ταύτην
1287 2626 1537 2697 ἀπῄτησε
1565 2629 1694 2697 παρ’
1712 2630 1892 2698 ἡμῶνς

329 2717 451 2767 Ἰνα
490 2716 565 2785 μὴ
600 2698 1141 2787 ἀγνωμονεύσωμεν.
1210 2718 1437 2787 Ἀμοιόὴ
1494 2720 1609 2788 γάρ
1644 2718 1723 2781 τίς
1775 2721 1892 2773 ἐστι

326 2807 485 2876 παρὰ
505 2811 618 2863 τῶν
646 2805 706 2862 εὖ
733 2811 1019 2864 παοόντων
1045 2813 1159 2872 τοῖς
1194 2811 1540 2879 εὐεργέταις,
1588 2810 1648 2863 τὸ
1682 2810 1892 2879 μεμνῆ-

322 2898 450 2951 σθαι
490 2899 671 2953 αὐτῶν
707 2902 798 2954 καὶ
828 2900 939 2952 τῶν
1002 2901 1182 2972 έργων
1213 2894 1290 2955 ὧν
1313 2896 1371 2954 εὖ
1404 2900 1729 2955 πεπόνθασι.
1781 2902 1892 2955 Kal.

314 2989 532 3059 ταύτης
567 2992 665 3059 τῆς
713 2993 939 3063 μνήμης
995 2992 1196 3055 πολλὰς
1260 2993 1519 3061 ἀφορμὰς
1583 2993 1889 3061 ἐπενόησαν

312 3082 362 3134 οξ
383 3080 699 3150 ἄνθρωποι,
730 3083 962 3152 τάφους,
1002 3083 1353 3175 ἀνδριάντας,
1392 3082 1643 3175 στήλας,
1670 3084 1885 3175 ὲορτᾲς,
1916 3119 1957 3175 C

315 3174 692 3242 πανηγύρεις,
737 3174 990 3241 ἀγῶνας·
1045 3167 1119 3228 ὧν
1152 3175 1373 3228 πάντων
1429 3174 1574 3228 ἐστὶν
1620 3174 1781 3241 ἔργον
1807 3173 1884 3235 ἓν.

315 3268 429 3327 τοῖς
456 3264 689 3332 ἀγαθοῖς
740 3265 851 3317 τῶν
891 3266 1100 3335 ἀνδρῶν
1149 3266 1223 3337 μὴ
1270 3266 1441 3337 λήθης
1509 3265 1886 3334 παραδοθῆναι

321 3356 529 3427 βυθοῖς.
562 3354 820 3410 Τοιοῦτον
857 3356 952 3409 καὶ
985 3357 1044 3408 τὸ
1103 3356 1198 3408 τοῦ
1249 3356 1527 3426 Σωτῆρος,
1579 3355 1728 3409 ἄλλοι
1787 3355 1887 3423 μὲν

317 3449 481 3513 ἄλλα,
520 3449 679 3518 φησὶ,
716 3446 887 3519 λήθης
940 3448 1208 3517 φάρμακα
1261 3448 1540 3518 ζητοῦσιν,
1597 3449 1740 3515 ὑπὲρ
1791 3447 1885 3501 τοῦ

321 3539 640 3610 μεμνῆσθαι
686 3540 795 3593 τῶν
828 3535 887 3593 εὖ
924 3540 1303 3609 πεποιηκότων
1357 3542 1596 3602 αὐτούς’
1633 3559 1650 3591 ι
1697 3540 1886 3609 Ὑμεῖς

317 3632 374 3685 5‘s
436 3632 519 3694 είς
566 3630 667 3700 τὴν
718 3632 857 3701 ἐμὴν
890 3631 1197 3701 ἀνάμνησιν
1250 3630 1406 3684 τοῦτο
1464 3633 1698 3685 ποιεῖτε·
1737 3648 1757 3683 ι
1793 3632 1886 3683 καὶ

318 3722 508 3789 ὥσπερ
550 3723 671 3783 ταῖς
712 3722 931 3790 στήλαις
962 3722 1069 3774 τῶν
1100 3721 1370 3791 ἀριστέων
1403 3721 1470 3775 ἂν
1505 3722 1693 3784 πόλεις
1716 3740 1887 3792 προσ-

317 3813 750 3884 παραγράφουσι
801 3813 900 3875 τὰς
949 3812 1111 3875 νίκας
1172 3811 1239 3865 δι’
1291 3807 1365 3867 ὧν
1415 3812 1725 3882 ἐσώθησαν,
1784 3813 1884 3867 καὶ

314 3905 544 3975 ἄμεινον
588 3902 1042 3973 ἔπραξανουΰτω
1061 3905 1174 3966 τοῖς
1215 3902 1410 3972 δώροις
1466 3904 1679 3966 τούτοις
1726 3906 1886 3975 ἡμεῖς

316 3997 759 4067 παραγράφομεν
781 3998 873 4049 τὸν
909 3996 1142 4049 θάνατον
1174 3993 1273 4047 τοῦ
1297 3994 1534 4063 Κυρίου,
1570 3996 1629 4047 ὲν
1661 3988 1705 4061 ᾧ
1732 3997 1885 4047 πᾶσα

312 4089 502 4157 γέγονε
558 4088 770 4158 ήκατὰ
810 4086 906 4142 τοῦ
974 4085 1217 4157 πονηροῦ
1268 4086 1417 4154 νίκη.
1477 4085 1587 4138 Καὶ
1645 4085 1733 4136 διὰ
1787 4083 1886 4152 μὲν

312 4178 417 4230 τῶν
469 4177 705 4232 εἰκόνων
736 4176 922 4240 πόλεις
980 4177 1074 4230 τὸν
1110 4176 1281 4230 τύπον
1312 4176 1472 4245 μόνον
1495 4175 1589 4230 τοῦ
1630 4175 1883 4243 σώματος

311 4271 488 4338 ἔχουσι
534 4269 653 4322 τῶν
706 4268 1014 4338 εὐεργετῶν
1041 4284 1054 4298 °
1091 4271 1251 4338 ἡμεῖς
1278 4268 1334 4320 δὲ
1384 4269 1491 4322 ἀπὸ
1523 4269 1620 4338 τῆς
1668 4285 1881 4339 προσα-

311 4363 493 4430 γωγῆς
519 4360 738 4429 ταύτης
766 4360 827 4411 ού
878 4361 970 4411 τὸν
1001 4359 1173 4411 τύπον
1217 4358 1312 4412 τοῦ
1345 4358 1601 4429 σώματος
1657 4358 1876 4427 ἔχομεν,

2000 1902 2067 1956 Et
2101 1904 2215 1959 haec
2255 1909 2472 1976 quidem
2534 1916 2840 1970 recordatio
2869 1917 3102 1986 Domini,
3146 1932 3197 1975 et
3228 1924 3418 1976 mortis
3451 1924 3568 1994 ejus

2003 1998 2266 2053 narratio.

2647 2292 2799 2345 CAP.
2839 2295 2929 2349 lx.

1999 2372 2111 2427 Cur
2141 2374 2398 2429 Dominus
2427 2379 2524 2445 lgor:
2543 2381 2702 2448 jussit
2727 2384 2904 2452 facere
2938 2388 2991 2440 in
3017 2390 3102 2442 sui
3131 2392 3563 2451 recordationem.

2068 2523 2172 2578 Sed
2195 2542 2430 2595 quanam
2463 2530 2531 2584 de
2558 2546 2720 2586 causa
2757 2535 2870 2589 haec
2904 2536 3090 2603 jussit,
3124 2549 3177 2593 et
3210 2543 3275 2594 ad
3311 2544 3441 2609 quid
3483 2560 3567 2597 re-

1994 2613 2251 2679 spiciens,
2289 2616 2431 2672 hanc
2465 2621 2904 2678 recordationem
2948 2641 2974 2679 a
3014 2628 3169 2684 nobis
3218 2632 3439 2699 οτι·ςίιῖ
3491 2632 3570 2686 Ne

1992 2704 2195 2773 ingrati
2242 2717 2298 2761 et
2344 2708 2689 2767 immemores
2735 2729 3003 2771 essemus.
3047 2717 3142 2772 Est
3171 2722 3315 2775 enim
3353 2722 3572 2777 benefa-

1992 2796 2231 2851 rt0ribus
2257 2797 2324 2853 ab
2370 2800 2437 2854 iis
2467 2803 2558 2869 qui
2606 2804 2869 2860 beneficio
2917 2808 3093 2862 aﬂ‘ecti
3143 2822 3290 2877 sunt,
3320 2816 3565 2881 qumdam

1990 2887 2179 2954 gratim
2232 2889 2446 2954 relatio,
2491 2908 2680 2947 eorum
2733 2897 3070 2962 meminisse,
3126 2911 3182 2955 et
3234 2918 3423 2957 eorum
3472 2921 3567 2972 per

1990 2992 2108 3046 qua:
2162 2977 2427 3033 beneﬁcio
2480 2980 2654 3038 allecti
2706 2996 2851 3041 sunt.
2894 2988 3067 3055 Hujus
3119 3001 3293 3046 autem
3344 3010 3565 3051 conser-

1992 3071 2178 3124 vanda:
2216 3073 2495 3127 memoria:
2535 3077 2780 3132 homines
2826 3082 3027 3136 multas
3071 3085 3309 3140 rationes
3343 3091 3565 3158 excogi-

1992 3169 2196 3225 tarunt,
2231 3166 2501 3232 sepulcra,
2536 3176 2766 3233 statuas,
2799 3171 3099 3237 columnas,
3150 3176 3262 3229 dies
3295 3176 3461 3230 festos
3507 3192 3561 3233 et

1989 3250 2255 3317 celebres,
2303 3256 2605 3310 certamina
2655 3273 2670 3310 :
2721 3273 2953 3324 quorum
2985 3264 3227 3317 omnium
3282 3283 3448 3321 unum
3478 3267 3563 3321 ρει

1990 3342 2317 3410 institutum,
2354 3360 2458 3400 non
2494 3346 2673 3401 sinere
2703 3357 2761 3401 ut
2798 3350 2894 3403 viri
2924 3354 3168 3419 praeclari
3200 3367 3254 3409 et
3281 3361 3559 3424 praastauti

1991 3434 2191 3489 virtute
2223 3436 2483 3493 oblivioni
2548 3441 2897 3497 mandentur.
2943 3441 3074 3498 Tale
3107 3456 3191 3499 est
3215 3449 3377 3501 etiam
3416 3452 3560 3517 quod

1987 3525 2118 3581 dicit
2169 3528 2430 3583 Servator
2468 3531 2617 3584 :Alii
2649 3533 2872 3601 quidem
2920 3536 3024 3589 alia
3068 3537 3364 3594 oblivionis
3408 3557 3561 3608 qum-

1987 3627 2115 3670 runt
2170 3619 2432 3682 remedia,
2492 3630 2551 3674 ut
2609 3624 2965 3680 recordentur
3015 3642 3202 3682 eorum
3260 3633 3352 3699 qui
3413 3632 3560 3699 ipsos

1985 3706 2248 3764 beuelicio
2294 3709 2589 3768 aﬂ‘eceruut
2624 3732 2638 3769 :
2680 3733 2699 3767 ι
2735 3715 2843 3771 Vos
2868 3731 3049 3775 autem
3080 3720 3132 3776 in
3182 3739 3354 3778 meam
3383 3741 3561 3778 recor-

1984 3798 2257 3852 dationem
2288 3803 2389 3855 hoc
2421 3802 2613 3869 facite;
2652 3825 2671 3856 ι
2712 3815 2766 3859 et
2796 3810 3252 3877 quemadmodum
3309 3816 3559 3868 civitates

1985 3888 2205 3943 fortium
2247 3892 2488 3947 virorum
2517 3909 2613 3964 per
2636 3911 2773 3964 quos
2801 3899 3085 3953 victoriam
3119 3914 3381 3958 assecuta:
3406 3916 3554 3968 sunt,

1987 3981 2066 4033 vel
2100 3983 2189 4050 qui
2225 3982 2306 4036 eis
2339 3985 2570 4039 salutem
2602 3989 2922 4051 attulerunt,
2957 3999 3052 4044 aut
3075 4007 3161 4046 res
3186 4009 3376 4047 earum
3406 4006 3555 4050 recte

1986 4082 2291 4139 gesserunt,
2324 4074 2591 4130 columnis
2638 4078 2944 4133 inscribunt
2975 4098 2988 4134 :
3024 4084 3093 4134 ita
3121 4084 3289 4137 etiam
3335 4086 3417 4138 his
3454 4093 3559 4138 do-

1988 4161 2072 4213 nis
2104 4175 2203 4213 nos
2238 4174 2468 4217 mortem
2502 4164 2717 4219 Domini
2774 4170 3125 4234 ascribimus,
3173 4173 3224 4225 in
3272 4188 3376 4241 qua
3433 4177 3559 4228 uui-

1986 4267 2138 4305 vcrsa
2173 4252 2277 4307 sita
2307 4251 2414 4308 fuit
2452 4254 2718 4310 adversus
2746 4258 3043 4327 malignum
3082 4260 3329 4316 victoria.
3373 4262 3439 4317 Et
3461 4281 3558 4332 per

1984 4352 2200 4399 statuas
2246 4345 2490 4414 quidem,
2545 4347 2795 4403 civitates
2845 4353 3020 4405 solum
3070 4352 3268 4407 habent
3326 4355 3554 4425 figuram

308 4452 419 4505 ἀλλ’
445 4452 624 4507 αὑτὸν
652 4452 739 4503 τὸν
767 4451 1021 4520 ἀριστέα,
1050 4449 1182 4504 αὐτὸ
1214 4451 1274 4502 τὸ
1304 4450 1462 4517 σῶμα
1484 4448 1577 4502 τοῦ
1606 4450 1877 4519 ἀριστέος.

1991 4436 2230 4504 corporis
2256 4436 2666 4493 benefactorum
2689 4457 2705 4506 ;
2731 4456 2826 4494 nos
2861 4450 3040 4495 autem
3066 4446 3133 4497 ab
3157 4444 3256 4499 hac
3283 4446 3555 4501 oblatione

310 4545 377 4597 Τὸ
394 4544 524 4597 αὐτὸ
557 4542 628 4596 δὲ
661 4542 819 4594 τοῦτο
861 4547 954 4594 καὶ
1009 4543 1067 4594 ὲν
1096 4543 1210 4603 τοῖς
1267 4541 1514 4602 παλαιοῖς
1560 4540 1883 4609 ὲνομοθέτηυ

313 4650 428 4700 σαν,
476 4636 574 4687 ἐπὶ
615 4630 725 4684 τῶν
758 4630 948 4685 τύπων
1005 4632 1205 4695 ποιεῖν,
1250 4630 1279 4682 ὃ
1326 4628 1419 4681 νῦν
1462 4630 1554 4680 ἐπὶ
1612 4630 1711 4698 τῆς
1756 4628 1886 4698 ἁλη-

310 4726 458 4789 θείας
487 4726 605 4779 τῶν
646 4725 998 4795 πραγμάτων
1025 4723 1302 4776 ἐκέλευσε.
1356 4720 1526 4773 Τοῦτο
1556 4722 1663 4788 γὰρ
1711 4715 1779 4789 ἦν
1822 4720 1882 4772 τὸ

313 4810 523 4882 Πάσχα,
551 4812 652 4864 καὶ
686 4812 718 4878 ἡ
784 4811 971 4880 σφαγὴ
1024 4809 1119 4862 τοῦ
1162 4808 1359 4877 ἀμνοῦ,
1423 4809 1730 4876 ἀνάμνησις
1777 4808 1881 4876 τῆς

314 4902 528 4968 σφαγῆς
551 4898 651 4952 τοῦ
684 4899 986 4968 προϐάτου,
1016 4899 1112 4951 καὶ
1153 4898 1247 4951 τοῦ
1302 4897 1439 4968 αἷμα
1453 4916 1536 4960 τος
1562 4897 1658 4950 τοῦ
1700 4898 1882 4951 διασε-

313 4992 547 5053 σωκότος
576 4993 636 5043 ὲν
660 4988 921 5057 Αἰγύπτῳ
938 4992 1050 5051 τοῖς
1094 4988 1373 5060 Ἑϐραίοις
1409 4990 1478 5042 τὰ
1526 4990 1874 5059 πρωτότοκα.

312 5081 416 5134 Kal
441 5081 617 5143 οὕτως
648 5082 747 5148 μὲν
773 5082 801 5133 ὁ
836 5082 934 5147 τῆς
965 5081 1325 5149 ἀναμνήσεως
1356 5081 1577 5151 τρόπος.

860 5193 1113 5247 ΚΕΦΑΔ.
1148 5191 1203 5245 l'.

315 5305 454 5358 Τίνα
484 5304 639 5374 μετὰ
662 5302 777 5371 τὴν
798 5304 1148 5372 ἀνάμνησιν
1168 5306 1565 5374 ἐπιλεγόμενα
1590 5306 1663 5372 τῇ
1690 5320 1875 5371 προσ-

379 5372 604 5442 ατωτῇ,
639 5380 736 5426 καὶ
761 5374 849 5426 ὅτι
879 5376 917 5441 ἡ
948 5379 1306 5442 προσαγωγὴ
1350 5372 1486 5428 τῶν
1532 5375 1732 5442 δώρων
1764 5391 1874 5442 χαι

371 5443 686 5510 ριστήριός
708 5443 845 5508 ἐστι,
869 5445 965 5496 καὶ
995 5444 1290 5513 ίκετήριος
1312 5445 1350 5511 ἡ
1380 5447 1553 5508 αὐτή.
1706 5474 1710 5478 ι

390 5533 447 5586 Ὀ
480 5535 538 5587 δὲ
576 5536 753 5605 ἱερεὺς
783 5537 882 5604 τὴν
921 5537 1291 5605 προσαγωγὴν
1324 5537 1404 5589 ἔτι
1456 5537 1714 5599 ποιεῖται,
1772 5533 1868 5587 καὶ

311 5624 415 5675 τῶν
443 5626 913 5697 προσενεχθέντων
963 5628 1197 5681 ἑκάστου
1230 5629 1392 5697 μέρος
1443 5628 1863 5696 ἀφαιρούμενος,

318 5714 458 5784 ἱερὸν
485 5722 719 5775 ποιεῖται
741 5720 931 5791 δῶρον,
965 5722 1023 5774 ού
1058 5721 1126 5773 τὰ
1153 5720 1291 5774 αὑτὰ
1317 5720 1492 5787 λέγων
1552 5721 1643 5773 καὶ
1670 5720 1860 5781 ποιιὶν,

1989 4541 2096 4580 non
2129 4526 2397 4583 habemus
2432 4528 2658 4597 ﬁguram
2699 4532 2966 4600 corporis,
3009 4536 3101 4588 sed
3146 4535 3319 4601 ipsum
3356 4551 3553 4603 corpus

1984 4622 2105 4687 ejus
2132 4618 2227 4689 qui
2259 4634 2319 4673 se
2348 4623 2511 4689 gessit
2546 4620 2867 4679 fortissime.
2904 4623 3019 4681 Hoc
3053 4626 3229 4694 ipsum
3265 4627 3426 4681 etiam
3460 4643 3555 4681 au-

1986 4710 2152 4779 tiquis
2178 4712 2481 4779 constituit,
2504 4723 2563 4768 ut
2589 4714 2641 4767 in
2667 4716 2836 4783 figura
2863 4716 3125 4779 facerent,
3155 4717 3207 4769 id
3238 4720 3383 4784 quod
3408 4735 3551 4772 nunc

1981 4811 2064 4858 est
2094 4806 2147 4855 iu
2196 4819 2376 4858 rerum
2414 4806 2659 4862 veritate.
2713 4808 2769 4862 1d
2813 4812 2957 4861 enim
3002 4818 3117 4862 crat
3156 4810 3383 4872 Pascha,
3428 4811 3549 4880 agni

1979 4897 2182 4953 occisia
2212 4898 2263 4951 in
2312 4900 2632 4955 memoriam
2690 4913 2908 4955 revocat
2956 4902 3119 4955 cmdis
3148 4901 3297 4957 illius
3321 4904 3464 4969 ovis,
3495 4916 3551 4960 et

1978 4990 2262 5056 sanguinis
2310 4991 2404 5059 qui
2455 4992 2692 5045 servavit
2727 4991 2960 5045 Hebrmis
2992 4993 3042 5043 iu
3077 4991 3311 5062 {Egypto
3348 4996 3550 5063 primo-

1979 5080 2181 5149 genita.
2214 5078 2279 5134 Et
2305 5083 2418 5136 haec
2443 5083 2664 5152 quidem
2699 5091 2781 5135 est
2811 5084 2948 5135 ratio
2980 5085 3400 5142 recordationis.

2627 5199 2779 5255 CAP.
2816 5199 2887 5255 X.

1979 5307 2235 5373 ernam
2268 5322 2385 5381 post
2418 5312 2956 5367 rommemoratiouem
2983 5315 3035 5369 in
3068 5315 3331 5374 oblatione
3354 5318 3542 5373 dicun-

2046 5389 2169 5458 tur;
2204 5391 2251 5432 et
2284 5383 2423 5458 quod
2465 5383 2723 5458 donorum
2765 5383 2985 5447 oblatio,
3026 5388 3206 5440 eadem
3249 5401 3295 5444 ct
3335 5391 3538 5458 gratias
3568 5412 3591 5423 -

2040 5453 2169 5519 agit,
2197 5460 2246 5502 et
2266 5452 2483 5517 supplex
2508 5452 2659 5519 petit.

2036 5537 2305 5595 Sacerdos
2328 5547 2507 5591 autem
2562 5540 2740 5594 adhuc
2761 5541 2889 5597 facit
2910 5543 3261 5615 oblationem,
3276 5555 3330 5602 et.
3352 5549 3539 5612 unius,

1967 5629 2231 5699 cujusque
2258 5629 2415 5698 panis
2430 5644 2494 5683 ex
2516 5630 2581 5683 iis
2596 5631 2685 5698 qui
2711 5632 3029 5693 offeruntur,
3050 5646 3261 5699 partem
3292 5635 3544 5695 auferens

1967 5720 2093 5774 facit
2110 5734 2327 5775 sacrum
2361 5722 2585 5784 donum,
2611 5735 2716 5771 non
2736 5721 2919 5774 eadem
2941 5720 3127 5777 dicens
3143 5738 3201 5784 et
3218 5730 3420 5790 faciens
3432 5745 3549 5798 qua:
