4158 6306
633 373 740 437 387

1891 371 2195 434 NICOLAI
2238 364 2628 429 CABASILE

3762 358 3864 421 388

635 488 815 553 initio,
865 500 960 555 per
999 497 1116 554 quae
1158 498 1303 539 mors
1332 482 1543 538 Domini
1588 482 1997 553 signiﬁcabatur
2022 523 2038 547 ,
2072 484 2199 553 quia

2312 479 2443 548 imp
2471 476 2530 540 ἐξ
2577 472 2772 543 ἀρχῆς,
2809 470 2875 525 δι’
2913 464 2987 524 ὧν
3013 471 3041 523 ὁ
3111 468 3341 530 θάνατος
3384 466 3712 536 ἐσημαίνετο
3770 467 3864 520 τοῦ

639 594 761 651 quae
799 578 963 634 semel
993 577 1135 631 dicta
1172 586 1318 640 sunt,
1350 578 1415 630 de
1450 575 1712 630 universo
1753 576 2011 645 mysterio
2051 576 2191 629 dicta

635 686 759 728 esse
812 670 1206 741 intelliguntur.
1250 669 1437 722 Omnis
1477 670 1620 723 enim
1681 666 1948 721 donorum
1990 666 2193 720 oblatio

636 767 697 819 ﬁt
735 764 792 818 in
822 761 1257 817 recordationem
1299 758 1536 823 Domini,
1576 768 1630 813 et
1669 775 1762 828 per
1794 760 1847 811 id
1880 758 2191 812 universum

638 867 786 906 mors
822 851 941 920 ejus
991 849 1363 925 annuntiatpr.
1411 846 1671 913 Quaenam
1700 848 1862 901 etiam
1904 855 2030 900 sunt
2075 860 2195 913 qua:

640 941 982 996 recitantur?
1020 940 1080 993 ln
1112 938 1337 1006 gloriam
1365 938 1719 992 sanctissimae
1759 937 1849 990 Dei
1886 935 2093 998 Matris,
2126 936 2193 990 ad

636 1033 896 1084 honorem
947 1029 1107 1095 hujus
1146 1028 1227 1080 vel
1282 1028 1430 1082 illius
1471 1029 1643 1082 sancti
1681 1044 1695 1081 :
1748 1027 1801 1080 in
1847 1035 2191 1096 peccatorum

638 1121 1032 1177 remissionem,
1065 1120 1368 1171 animarum
1400 1119 1484 1171 vel
1523 1119 1763 1172 vivorum
1823 1117 1907 1172 vel
1949 1126 2193 1170 mortuo-

636 1226 774 1263 rum.
796 1209 859 1261 Et
885 1209 1009 1276 quid
1037 1208 1149 1263 haec
1169 1208 1273 1262 sibi
1293 1208 1519 1261 volunt?
1540 1208 1844 1261 Gratiarum
1868 1208 2006 1277 apud
2029 1205 2193 1261 Deum

636 1301 930 1363 actioaem,
967 1298 1376 1369 supplicationis
1423 1300 1703 1353 materiam
1736 1309 1785 1353 et
1828 1299 2192 1364 occasionem,

637 1405 857 1446 causam
884 1392 1147 1446 donorum
1175 1391 1487 1445 oblationis.
1516 1389 1593 1443 Ita
1625 1391 1767 1444 enim
1797 1391 1987 1443 habet:
2022 1408 2041 1442 ι
2076 1388 2197 1442 Nul-

634 1480 744 1532 lum
792 1479 994 1534 donum
1040 1478 1241 1534 frustra
1272 1481 1452 1543 datur,
1484 1480 1602 1535 sive
1639 1479 1807 1534 Deum
1851 1480 2052 1546 colere,
2083 1480 2195 1535 sive

636 1574 950 1632 hominibus
975 1564 1267 1641 gratiﬁcari
1296 1578 1528 1639 oportet,
1553 1572 1645 1625 sed
1674 1570 1902 1640 alicujus
1926 1570 2051 1624 boni
2075 1586 2198 1637 gra-

638 1672 733 1730 tia,
771 1663 913 1735 quod
950 1664 1032 1717 vel
1065 1662 1266 1715 factum
1298 1669 1415 1724 est,
1450 1661 1532 1717 vel
1570 1672 1838 1730 speratur.
1875 1680 1895 1712 ι
1929 1659 2025 1715 Vel
2052 1661 2195 1716 enim

576 1800 577 1803 η
638 1773 733 1826 pro
769 1756 838 1810 iis
877 1769 997 1823 qua:
1037 1753 1365 1820 accepimus,
1397 1750 1727 1806 benefactori
1770 1750 1929 1806 donis
1965 1751 2195 1820 gratiam

2296 568 2522 638 Κυρίου,
2587 567 2671 618 ὄτι
2716 563 2866 628 ἅπαξ
2936 560 3202 631 εἰρημένα
3260 558 3602 629 περιστάσης
3646 558 3868 628 τελετῆς

2292 660 2544 729 εἰρῆσθαι
2584 655 2854 709 νοοῦνται.
2894 655 3049 707 Πᾶσα
3121 652 3228 721 γὰρ
3283 652 3317 720 ἠ
3370 650 3706 720 προσαγωγὴ
3757 651 3867 702 τῶν

2291 751 2476 820 δώρων
2525 749 2605 811 είς
2631 748 2936 816 ἀνάμνησιν
2970 744 3181 811 γίνεται
3209 741 3305 794 τοῦ
3347 739 3573 809 Κυρίου,
3636 741 3728 793 καὶ
3779 741 3868 794 διὰ

2293 840 2717 913 πάηςὸαὒτοῦ
2749 838 3105 905 καταγίνεται
3152 836 3404 896 θάνατος.
3469 833 3607 886 Τίνα
3673 833 3731 886 δὲ
3796 836 3866 887 τὰ

2291 933 2689 1000 ὲπιλεγόμενας
2723 930 2816 993 Εἰς
2844 926 3004 992 δόξαν
3033 926 3132 996 τῆς
3163 924 3431 994 παναγίου
3458 922 3549 977 τοῦ
3571 922 3708 976 Θεοῦ
3743 924 3864 976 Μα-

2290 1029 2441 1098 τρός·
2485 1029 2564 1088 εἰς
2595 1025 2893 1096 πρεσϐείαν
2920 1023 3076 1077 τοῦδε
3106 1019 3199 1075 τοῦ
3240 1022 3419 1089 ἁγίου,
3454 1019 3487 1089 ἢ
3551 1017 3730 1079 τοῦδε,
3785 1019 3862 1081 είς

2298 1119 2379 1180 είς
2415 1119 2617 1186 ἄφεσιν
2648 1114 2934 1185 ἁμαρτιῶν
2990 1113 3175 1183 ψυχῶν
3232 1112 3543 1181 ζώντων
3602 1110 3864 1179 τεθνηκό-

2293 1225 2419 1263 των.
2478 1210 2583 1261 Καὶ
2646 1207 2702 1259 τί
2761 1205 2934 1259 ταῦτα
3001 1204 3285 1274 βούλεται;
3327 1202 3693 1272 Εὑχαριστίαν
3729 1202 3862 1271 πρὸς

2294 1300 2383 1353 τὸν
2422 1299 2575 1362 Θεὸν,
2621 1299 2858 1362 ἱκεσίαν,
2896 1298 2996 1359 τὰς
3035 1295 3314 1366 ἀφορμάς
3341 1295 3409 1346 τά
3432 1294 3578 1347 αἴτια
3622 1294 3723 1362 τῆς
3757 1292 3864 1345 τῶν
3926 1352 3936 1361 ο

2293 1390 2481 1458 δώρων
2531 1386 2916 1456 προσαγωγῆς.
2977 1384 3131 1453 Ἔχει
3165 1384 3273 1454 γάρ
3322 1383 3512 1445 οὕτως.
3548 1381 3714 1435 Ούδὲν
3760 1381 3864 1433 δῶ-

2307 1497 2397 1549 ρον
2456 1478 2656 1531 δίδοται
2725 1478 2901 1546 μάτην
2962 1475 3072 1527 εἴτε
3138 1474 3271 1528 Θεὸν
3332 1474 3686 1543 θεραπεύειν.
3755 1474 3863 1525 εἴτε

2295 1572 2422 1634 τοὺς
2454 1570 2776 1639 ἀνθρώπους
2815 1566 3139 1637 χαρίζεσθαι
3186 1567 3287 1618 δεῖ⁴
3322 1566 3435 1617 ἀλλ’
3474 1565 3676 1633 ἀγαθοῦ
3722 1567 3864 1626 τινὸς

2296 1662 2492 1725 ἕνεκα,
2551 1659 2584 1729 ἢ
2639 1659 2975 1727 γενομένου,
3031 1656 3064 1726 ἢ
3115 1654 3489 1723 ἐλπιζομένου.
3545 1674 3563 1707 ι
3633 1657 3704 1708 Ἦ
3758 1657 3864 1727 γὰρ

2299 1754 2439 1825 ὑπὲρ
2496 1745 2572 1804 ὧν
2638 1750 2950 1819 ἐλάϐομεν,
3019 1747 3361 1817 άμειϐόμεθα
3411 1747 3502 1799 τὸν
3577 1748 3865 1819 εὐεργέτην

637 1849 968 1904 referimus:
1011 1844 1097 1900 vel
1144 1844 1189 1899 si
1235 1844 1379 1896 nulla
1433 1844 1609 1897 adhuc
1663 1842 1906 1908 fuerint,
1942 1858 2065 1898 eum
2101 1843 2191 1913 qui

2312 1848 2506 1915 ἱώροις,
2564 1843 2598 1913 ἢ
2660 1841 2768 1893 τῶν
2824 1843 2988 1911 μήπω
3039 1840 3346 1910 γενομένων
3374 1840 3528 1908 ἡμῖν,
3570 1837 3656 1890 ἵνα
3718 1836 3867 1907 τύχω

638 1944 770 1996 dare
802 1947 1014 2008 potest,
1063 1946 1125 1990 ut
1163 1949 1544 2004 assequamur.
1585 1935 1820 1990 colimus
1853 1946 1907 1989 et
1944 1934 2200 1989 observa-

640 2045 781 2085 mus.
814 2030 940 2083 llmc
979 2035 1159 2082 autem
1191 2025 1333 2079 dona
1396 2036 1618 2094 propter
1660 2036 1948 2095 utrumque
1986 2026 2096 2080 Deo
2123 2024 2204 2081 of-

643 2122 770 2176 ferri
807 2120 1078 2181 videntur,
1109 2127 1162 2173 et
1187 2118 1311 2185 quia
1346 2117 1656 2186 accepimus
1685 2124 1826 2172 et-ut
1850 2117 2201 2185 accipiamus,

649 2224 705 2270 et
737 2214 843 2268 Deo
879 2211 1083 2281 gratias
1122 2216 1344 2276 agentes
1378 2217 1435 2261 et
1472 2207 1520 2260 ei
1561 2208 1949 2276 supplicantes.
1988 2208 2204 2264 Gratias

645 2312 890 2375 agentes,
926 2315 1023 2370 pro
1053 2299 1333 2354 beneficiis
1379 2313 1498 2367 qua:
1530 2299 1858 2367 accipimus;
1896 2302 2206 2369 supplican-

644 2405 748 2457 tes,
782 2403 837 2447 ut
885 2393 1235 2461 accipiamus.
1274 2388 1421 2443 Dona
1469 2391 1658 2456 itaque
1721 2397 1774 2442 et
1808 2389 1862 2442 in
1908 2389 2203 2454 gratiarum

645 2486 881 2547 actione,
903 2493 958 2537 et
989 2484 1041 2535 in
1071 2480 1462 2550 supplicatione
1489 2488 1810 2551 versantur;
1837 2478 1928 2531 sed
1962 2491 2206 2546 quaenam

646 2584 773 2631 sunt
807 2588 931 2640 quae
956 2571 1069 2640 iam
1101 2571 1258 2625 nobis
1289 2570 1414 2622 data
1446 2579 1571 2622 sunt
1600 2568 1623 2622 ἵ
1656 2584 1776 2637 qua:
1802 2584 1929 2622 vero
1960 2583 2211 2638 quaerunt-

646 2663 1010 2720 tur?Eadem
1060 2659 1304 2723 omnino,
1345 2659 1597 2714 remissio
1640 2666 2010 2727 peccatorum,
2061 2662 2209 2730 regni

648 2753 941 2808 han-editas
970 2767 986 2815 ;
1021 2752 1136 2804 base
1163 2749 1306 2803 enim
1354 2749 1470 2817 ipse
1508 2749 1669 2819 jussit
1715 2750 1819 2818 peti
1853 2761 1977 2803 ante
2005 2753 2208 2806 omnia.

646 2845 722 2898 Ea
752 2853 877 2900 sunt
906 2857 1029 2911 quae
1074 2840 1184 2909 iam
1232 2841 1442 2908 accepit
1470 2840 1707 2895 Ecclesia
1728 2882 1743 2905 ,
1781 2855 1843 2894 ea
1874 2852 1999 2896 sunt
2028 2851 2081 2896 et
2120 2858 2215 2911 pro

647 2938 845 3009 quibus
862 2934 1148 3004 supplicat.
1164 2932 1230 2986 Et
1246 2932 1367 3000 quis
1383 2942 1464 2986 est
1479 2932 1802 3001 modus,quo
1824 2933 1936 2989 hac
1953 2934 2088 2990 bona
2101 2935 2212 3005 jam

648 3036 895 3084 assecuta
920 3035 1023 3088 est,
1046 3024 1260 3092 etquis,
1281 3036 1388 3091 quo
1418 3023 1656 3077 nondum
1688 3034 1940 3078 assecuta
1964 3034 2064 3090 est,
2083 3034 2216 3080 etut

649 3127 976 3186 assequatur
996 3126 1116 3169 erat
1135 3113 1408 3167 lPrimum
1432 3113 1648 3182 quidem
1669 3122 1913 3169 assecuta
1940 3126 2023 3169 est
2047 3152 2063 3178 ,
2082 3116 2214 3170 etad

649 3227 713 3266 ea
741 3181 1057 3279 potestatem
1084 3205 1313 3274 accepit.
1335 3181 1544 3259 Etenim
1574 3206 1781 3274 accepit
1809 3214 2128 3273 potestatem
2156 3219 2213 3262 ut
2237 3181 2280 3243 C

653 3300 748 3354 filii
794 3298 887 3351 Dei
923 3297 1203 3359 fierent,et
1233 3296 1336 3348 hoc
1362 3304 1445 3348 est
1474 3294 1646 3349 solum
1673 3309 1956 3349 commune
1986 3298 2209 3364 donum,

652 3390 794 3459 quod
814 3385 1138 3441 Christianis
1157 3385 1405 3439 omnibus
1431 3398 1523 3451 per
1549 3391 1775 3435 mortem
1802 3381 2102 3436 Servatoris
2119 3384 2213 3437 da-

653 3489 765 3534 tum
790 3487 891 3533 est.
925 3475 1034 3530 Hoc
1061 3485 1147 3530 est
1172 3474 1313 3528 enim
1338 3474 1582 3526 divinum
1612 3473 1902 3541 baptisma,
1920 3482 1974 3527 et
1997 3474 2213 3542 aliajsa-

644 3576 949 3631 eramenta,
968 3582 1066 3635 per
1086 3580 1203 3632 qua:
1232 3579 1263 3617 a
1300 3563 1410 3617 Deo
1433 3563 1772 3630 adoptantur,
1794 3572 1847 3617 et
1873 3565 2019 3635 regni
2046 3564 2216 3620 caelo-

656 3675 777 3713 rum
804 3656 1048 3711 haeredes
1083 3653 1366 3708 etlieimur.
1390 3653 1594 3708 Deinde
1637 3654 1806 3722 ipsius
1829 3670 2042 3724 quoque
2065 3661 2215 3728 regni

657 3764 779 3805 actu
804 3750 905 3802 fuit
927 3749 1120 3809 haeres,
1150 3746 1202 3798 in
1236 3745 1739 3813 innumerabilibus,
1763 3747 1853 3815 qui
1877 3758 1999 3800 sunt
2025 3763 2090 3802 ex
2123 3764 2219 3803 suo

658 3844 997 3909 cboro,quos
1023 3838 1076 3891 in
1104 3838 1223 3892 caeli
1257 3839 1401 3891 misit
1428 3837 1713 3896 coloniam.
1732 3853 1867 3906 quos
1892 3839 2222 3907 primogeni-

651 3944 840 3987 ‘torum
864 3931 921 3983 in
944 3930 1094 3984 caelis
1111 3929 1507 3996 descriptorum
1537 3928 1831 3984 Ecclesiam
1859 3931 2069 3984 vocavit
2098 3933 2223 3984 bea-

651 4030 751 4077 ttus
794 4020 1010 4074 Paulus.
1044 4019 1117 4072 Ita
1157 4034 1286 4088 ergo
1313 4017 1554 4073 Ecclesia
1581 4021 1691 4073 haec
1722 4033 1915 4089 magna
1956 4021 2092 4074 bona
2141 4029 2222 4076 est

660 4122 974 4168 consecuta.
994 4110 1227 4179 Propter
1249 4124 1375 4164 suos
1397 4118 1577 4163 autem
1610 4110 1769 4173 filios,
1790 4112 1878 4179 qui
1904 4110 2079 4167 adhuc
2103 4128 2225 4166 cur-

665 4213 792 4258 runt
820 4204 884 4257 ad
909 4203 1176 4265 bravium,
1197 4211 1273 4265 et,
1299 4210 1357 4255 ut
1379 4201 1548 4255 semel
1574 4201 1776 4262 dicam,
1805 4216 1897 4255 eos
1922 4203 2013 4268 qui
2043 4203 2095 4255 in
2127 4203 2224 4255 bat:

661 4293 774 4346 vita
817 4293 989 4345 adhuc
1019 4293 1223 4353 vivunt,
1243 4303 1471 4358 quorum
1497 4299 1580 4344 est
1612 4290 1734 4342 finis
1763 4290 2023 4353 incertus,
2046 4299 2098 4344 et
2133 4307 2226 4349 eos

658 4382 757 4450 qui
802 4393 1150 4434 excesserunt
1179 4394 1285 4432 non
1319 4393 1442 4430 cum
1492 4378 1627 4433 bona
1661 4379 1923 4447 firmaque
1961 4393 2016 4434 et
2044 4382 2225 4436 stabili

2306 1954 2428 2006 μεν,
2456 1936 2547 1988 τὸν
2575 1933 2757 1987 δοῦναι
2784 1932 3082 2001 δυνάμενον
3128 1928 3528 2001 Θεραπεύομεν.
3586 1927 3770 1980 Ταῦτα
3813 1926 3869 1979 δὲ

2303 2029 2371 2081 τὰ
2395 2026 2544 2094 δῶρα
2579 2025 2673 2076 καὶ
2697 2023 3032 2091 ἀμφοτέρων
3053 2021 3216 2074 ἕνεκα
3240 2022 3317 2091 τῷ
3343 2020 3462 2089 Θεῷ
3485 2020 3870 2090 προσαγόμενα

2306 2117 2576 2185 φαίνεται,
2621 2116 2710 2167 καὶ
2741 2116 2823 2167 ὅτι
2885 2111 3170 2180 ἐλάϐομεν,
3213 2112 3306 2163 καὶ
3331 2112 3420 2163 ἵνα
3446 2110 3722 2180 λάϐωμεν,
3778 2102 3870 2163 κάι

2308 2204 2764 2275 εὐχαριστοῦντες
2829 2203 2908 2274 τῷ
2961 2203 3105 2273 Θεῷ,
3146 2202 3243 2255 καὶ⁵
3301 2198 3634 2263 ἱκετεύοντες
3691 2202 3868 2254 αὐτόν·

2307 2295 2759 2366 εὐχαριστοῦντες
2781 2295 2921 2363 ὑπὲρ
2960 2288 3035 2348 ὧν
3060 2293 3432 2363 πεπόνθαμεν,
3452 2292 3785 2355 ἱκετεύοντες
3808 2292 3873 2344 ἶν’

2308 2387 2638 2456 εῦπάθωμεν
2672 2427 2685 2448 ,
2721 2387 2861 2438 ὥστε
2892 2386 2959 2437 τά
2990 2386 3131 2438 αὐτὰ
3160 2385 3308 2455 δῶρα
3344 2381 3480 2439 εῖναι
3526 2386 3622 2437 καὶ
3644 2385 3876 2454 εὐχαρι-

2311 2480 2525 2548 στήρια,
2565 2480 2657 2530 καὶ
2699 2478 2897 2531 ίκέσια.
2953 2477 3117 2530 Ἀλλά
3182 2477 3309 2530 τίνα
3371 2479 3438 2530 τὰ
3489 2476 3590 2548 ήδη
3654 2476 3875 2530 δοθέντα

2309 2573 2442 2639 ἡμῖν
2468 2568 2678 2637 ἀγαθά;
2718 2568 2839 2621 τίνα
2873 2568 2927 2621 δὲ
2957 2569 3025 2621 τά
3059 2554 3408 2638 ζητούμενα;
3438 2567 3520 2620 Td:
3567 2568 3705 2620 αὐτά
3743 2567 3877 2620 πάν-

2309 2680 2438 2726 τως,
2464 2663 2657 2730 ἀφεσις
2681 2662 2987 2732 ἁμαρτιῶν,
3028 2661 3304 2731 βασιλείας
3338 2660 3700 2730 κληρονομία.
3728 2661 3877 2714 Ταῦ-

2312 2771 2379 2806 ττ.
2411 2754 2522 2824 γάρ
2549 2754 2707 2815 αὐτὸς
2742 2753 2993 2805 ἐκέλευσε
3025 2753 3130 2823 πρὸ
3150 2753 3368 2805 πάντων
3399 2752 3689 2818 αἰτεῖσθαι,
3736 2753 3874 2806 ταῦ-

2312 2847 2381 2898 τά
2405 2847 2556 2897 ἐστιν
2595 2841 2739 2912 άπερ
2776 2842 2970 2896 ἔλαϐεν
2993 2844 3026 2912 ἡ
3067 2842 3361 2911 Ἐκκλησία
3400 2844 3523 2914 ήδη,
3573 2844 3745 2897 ταῦτα
3784 2845 3876 2897 καὶ

2322 2937 2465 3005 ὑπὲρ
2490 2929 2564 2989 ὧν
2607 2936 2862 2987 ἱκετεύει.
2896 2934 3003 2988 Καὶ
3032 2934 3114 2995 τίς
3144 2936 3170 2987 ό
3196 2936 3397 3005 τρόπος
3457 2935 3576 2988 καθ’
3607 2934 3666 2988 ὃν
3721 2934 3878 3005 ἔτυχε

2315 3028 2423 3079 τῶν
2445 3025 2666 3095 ἀγαθῶν
2704 3026 2912 3078 τούτων
2938 3043 2953 3088 ;
2989 3026 3071 3090 τίς
3097 3026 3155 3078 δὲ
3187 3025 3310 3079 καθ’
3342 3026 3401 3079 ὃν
3429 3026 3585 3080 οὔπω
3612 3026 3879 3097 τετύχηκε

2320 3120 2412 3171 καὶ
2443 3120 2530 3171 ἶνα
2558 3118 2718 3187 τύχῃ,
2748 3117 2843 3170 τοῦ
2874 3117 3012 3170 Θεοῦ
3053 3118 3223 3171 δεῖται
3253 3134 3268 3183 ;
3316 3118 3596 3188 Τετὺχηκε
3640 3116 3879 3188 πρῶτον.

2313 3209 2391 3260 ὅτι
2418 3208 2644 3278 δύναμιν
2665 3210 2880 3273 ἐδέξατο
2904 3209 3037 3279 πρὸς
3060 3210 3218 3265 αὐτόν..
3243 3209 3351 3262 Καὶ
3376 3210 3484 3279 γάρ
3511 3209 3706 3263 ἔλαϐεν
3728 3210 3867 3273 ἔξου-

2313 3300 2458 3365 σίαν,
2491 3302 2656 3351 τέκνα
2681 3299 2817 3352 Θεοῦ
2843 3300 3118 3366 γενέσθαι,
3148 3301 3242 3352 καὶ
3272 3299 3429 3353 τοῦτο
3450 3300 3627 3353 κοινόν
3652 3301 3764 3353 ἐστι
3784 3300 3887 3352 δὼ-

2318 3407 2411 3459 ρον
2433 3393 2499 3459 Χ(
2521 3393 2773 3454 tutatust;
2797 3392 2964 3445 ἅπασι
2989 3392 3073 3445 διὰ
3092 3392 3183 3445 τοῦ
3200 3392 3427 3446 Θανάτου
3448 3393 3578 3462 ἡμῖν
3598 3394 3887 3461 γενόμενον

2315 3485 2408 3536 τοῦ
2438 3485 2710 3553 Σωτῆρος.
2747 3484 2920 3536 Τοῦτο
2960 3485 3069 3552 γάρ
3098 3486 3212 3536 ἐστι
3235 3485 3295 3537 τὺ
3319 3484 3601 3553 βάπτισμα
3633 3485 3694 3536 τὸ
3723 3482 3885 3545 θεῖον,

2317 3576 2504 3629 καὶτὰ
2535 3574 2667 3627 ἄλλα
2697 3577 2970 3647 μυστήρια
3000 3577 3069 3628 δι’
3112 3571 3185 3629 ὧν
3215 3575 3601 3647 είσποιούμεθα
3632 3576 3710 3645 τῷ
3745 3576 3885 3645 Θεῷ,

2319 3667 2415 3719 καὶ
2444 3665 2719 3734 βασιλείας
2746 3667 2991 3736 οὐρανῶν
3013 3668 3277 3738 γινόμεθα
3301 3668 3651 3738 κληρονόμοι·
3688 3668 3879 3720 ἔπειτα

2320 3761 2415 3814 καὶ
2449 3759 2618 3828 αὐτῆς
2653 3760 3091 3831 ἐκληρονόμησεν
3146 3761 3399 3829 ἐνεργείᾳ
3449 3760 3549 3829 τῆς
3605 3759 3883 3827 βασιλείας

2325 3853 2382 3903 ὲν
2415 3851 2633 3920 μυρίοις
2661 3852 2768 3903 τῶν
2807 3852 3010 3920 ἑαυτῆς
3039 3852 3286 3915 οἰκετῶν,
3322 3852 3415 3915 οὒς
3440 3852 3699 3904 ἀποικίαν
3755 3851 3887 3901 ἀπέ-

2325 3943 2532 3996 στειλεν
2555 3943 2634 4006 είς
2657 3944 2748 3996 τὸν
2765 3944 3012 4015 οὐρανὸν,
3041 3944 3133 4007 οὒς
3169 3943 3499 4014 Ἐκκλησίαν
3530 3944 3888 4014 πρωτοτόκων

2325 4039 2841 4107 ἀπογεγραμμένων
2877 4039 2933 4088 ὲν
2981 4038 3228 4108 οὐρανοῖς
3260 4038 3287 4089 δ
3335 4039 3606 4107 μακάριος
3668 4034 3881 4096 Παῦλος

2325 4128 2601 4181 ἐκάλεσεν.
2629 4127 2785 4181 Οὖτω
2825 4127 2922 4197 μὲν
2954 4128 3064 4179 τῶν
3121 4127 3376 4197 μεγάλων
3426 4127 3695 4195 τούτωνὴ
3769 4127 3890 4179 Ἐκ-

2327 4218 2530 4287 κλησία
2562 4217 2832 4287 τετύχηκε
2867 4217 3110 4283 ἀγαθῶν.
3144 4218 3246 4270 Διά
3268 4219 3323 4270 δὲ
3345 4219 3471 4280 τοὺς
3500 4219 3890 4285 ἐπιτρέχοντας

2328 4308 2435 4361 τῶν
2471 4310 2677 4361 τέκνων
2729 4308 2923 4379 αὐτῆς,
2956 4311 3049 4361 ἐπὶ
3105 4312 3169 4361 τὸ
3229 4310 3501 4378 βραϐεῖον,
3556 4310 3650 4363 καὶ
3705 4310 3891 4369 ἀπλὼς

2327 4404 2455 4461 τοὺς
2481 4399 2539 4450 ἐν
2561 4398 2637 4467 τῷ
2672 4398 2770 4467 βίῳ
2798 4398 2972 4470 τούτῳ
3002 4400 3232 4463 ζῶντας,
3264 4395 3338 4453 ὧν
3374 4400 3435 4450 τὸ
3472 4400 3643 4469 πέρας
3699 4399 3893 4467 ἄδηλον

656 4485 784 4540 spe,
810 4481 1030 4535 regnum
1063 4468 1303 4523 nondum
1337 4479 1420 4522 est
1441 4477 1687 4523 assecuta
1711 4485 1725 4534 ;
1748 4485 1808 4522 ea
1840 4472 1905 4524 de
1927 4486 2092 4526 causa
2120 4490 2219 4528 me-

2333 4485 2426 4535 καὶ
2451 4486 2576 4545 τοὺς
2612 4483 2967 4550 ἀπελθόντας,
3002 4488 3065 4539 οὐ
3103 4487 3239 4555 μετά
3301 4485 3439 4538 πάνυ
3493 4486 3743 4556 χρηστῶν
3802 4491 3892 4537 καὶ

667 4559 827 4612 minit
854 4557 1070 4625 quidem
1101 4557 1293 4612 mortis
1328 4557 1538 4611 Domini
1567 4575 1581 4611 :
1614 4560 1857 4613 meminit
1887 4574 2065 4618 autem
2099 4557 2225 4618 san-

614 4680 615 4683 η
657 4658 903 4712 dorum,
926 4646 1122 4715 quibus
1140 4647 1296 4715 plena
1321 4663 1418 4701 sua
1448 4648 1641 4716 obtigit
1663 4650 1925 4717 perfectio
1943 4693 1958 4717 ,
1984 4655 2230 4708 meminit

650 4748 724 4794 σοι
750 4753 938 4793 eorum
970 4737 1062 4806 qui
1107 4738 1341 4792 nondum
1377 4737 1599 4807 perfecti
1636 4748 1805 4806 Slltll;
1841 4757 1936 4809 pro
1971 4743 2075 4797 illis
2108 4745 2231 4812 qui-

653 4831 793 4886 »dem
816 4843 996 4898 agens
1028 4829 1252 4897 gratias,
1280 4843 1374 4898 pro
1419 4829 1504 4884 bis
1531 4846 1657 4883 vero
1686 4832 2017 4901 supplicans.
2049 4832 2232 4898 Quare

657 4923 858 4992 prima:
888 4920 1103 4990 quidem
1134 4921 1423 4975 oblationis
1454 4935 1657 4990 partes,
1679 4933 1730 4976 et
1772 4924 1933 4978 etiam
1983 4927 2232 4979 secundae.

663 5023 956 5066 versantur
984 5013 1035 5064 in
1058 5012 1277 5079 agendis
1295 5013 1512 5082 gratiis:
1536 5027 1656 5082 quae
1682 5022 1861 5067 autem
1886 5028 2230 5082 consequun-

666 5109 785 5164 tur,
828 5101 882 5153 in
915 5100 1326 5169 supplicatione,
1380 5100 1437 5153 in
1485 5101 1857 5154 recordatione
1900 5102 2134 5167 Domini,
2174 5105 2229 5156 in

666 5189 839 5254 gloria
878 5190 1048 5243 beata:
1090 5205 1199 5244 sure
1239 5191 1446 5257 Matris,
1490 5192 1543 5244 in
1578 5191 1965 5245 intercessione
2014 5203 2234 5247 sancto-

665 5292 819 5329 a'um.
851 5293 870 5327 ι
904 5277 1137 5342 Gratias,
1160 5280 1353 5347 inquit,
1379 5280 1587 5347 agimus
1614 5281 1752 5347 quod
1786 5292 1958 5335 morte
1992 5292 2078 5334 tua
2113 5286 2233 5337 vitae

616 5374 619 5377 λ
677 5375 860 5432 portas
893 5364 1046 5418 nobis
1088 5366 1371 5431 aperuisti,
1408 5370 1553 5437 quod
1580 5366 1802 5421 Matrem
1841 5384 1907 5422 ex
1948 5371 2105 5425 nobis
2137 5387 2229 5425 ae-

663 5452 888 5522 '(iepiSli,
922 5455 1064 5522 quod
1108 5464 1307 5508 tantam
1342 5455 1568 5524 gloriam
1607 5457 1771 5511 homo
1801 5469 1887 5512 est
1923 5474 2226 5525 assecutus,

660 5549 815 5615 quod
834 5546 1096 5601 habemus
1112 5545 1499 5601 intercessores
1511 5549 1604 5616 qui
1628 5562 1751 5604 sunt
1773 5551 2013 5619 ejusdem
2033 5555 2227 5620 gentis,

664 5644 727 5686 et
771 5635 839 5688 iis
877 5633 969 5702 qui
1003 5641 1133 5687 sunt
1178 5632 1421 5698 ejusdem
1465 5634 1743 5689 nobiscum
1778 5639 1992 5705 generis
2026 5650 2228 5693 tantam

669 5724 979 5780 -iibertatcm
1016 5724 1348 5803 impertiisti.
1382 5742 1400 5776 ι
1426 5723 1566 5779 Illud
1596 5727 1762 5793 enim,
1790 5746 1813 5809 ξ
1845 5728 1898 5781 in
1927 5729 2149 5796 gloriam
2177 5740 2231 5784 ct

2335 4576 2567 4647 βεϐαίων
2598 4577 2856 4640 ἐλπίδων,
2886 4578 3077 4631 τούτου
3111 4579 3290 4648 χάριν,
3330 4578 3603 4648 μέμνηται
3640 4577 3735 4647 μὲν
3799 4576 3889 4627 τοῦ

2335 4667 2944 4736 Κυρίουσμέμνηταιδὲ
2995 4668 3221 4721 καὶτῶν
3283 4668 3633 4720 ἀπελθόντων
3692 4669 3889 4735 ἁγίων·

2337 4759 2610 4826 μέμνηται
2631 4757 2686 4811 δὲ
2714 4759 2823 4810 τῶν
2860 4761 3027 4828 μήπω
3061 4760 3307 4822 τελείων,
3338 4761 3480 4828 ὑπὲρ
3511 4762 3609 4828 μὲν
3668 4760 3893 4812 ἐκείνων

2331 4849 2823 4919 εὐχαριστουμένη,
2851 4850 2988 4918 ὑπὲρ
3017 4849 3074 4901 δὲ
3103 4850 3309 4903 τούτων
3344 4852 3717 4919 ίκετευομένη.
3764 4852 3893 4902 Ὠσ-

2333 4956 2393 4990 τε
2433 4940 2499 4991 τὰ
2525 4941 2623 5007 μὲν
2658 4942 2851 5010 πρῶτα
2898 4943 2995 5010 τῆς
3018 4943 3408 5012 προσαγωγῆς,
3435 4946 3529 4994 καὶ
3564 4941 3643 4994 ἔτι
3676 4943 3743 4993 τά
3780 4942 3896 4993 δεύ-

2333 5047 2466 5099 τερα
2523 5034 2882 5101 χαριστήρια,
2937 5035 3002 5084 τά
3051 5034 3107 5085 δὲ
3160 5036 3276 5103 μετ’
3333 5038 3538 5097 ἐκεῖνα,
3592 5036 3769 5087 ἱκέσια
3820 5035 3895 5092 εἰς

2336 5120 2645 5189 ἀνάμνησιν
2677 5123 2772 5172 τοῦ
2806 5123 3032 5190 Κυρίου,
3089 5127 3168 5187 εἱς
3226 5125 3384 5190 δόξαν
3439 5125 3540 5193 τῆς
3587 5123 3891 5194 μαρτυρίου

2337 5211 2502 5263 αὑτοῦ
2536 5214 2777 5279 Μητρὸς.
2807 5215 2883 5274 είς
2918 5214 3214 5282 πρεσϐείαν
3246 5217 3353 5267 τῶν
3381 5217 3574 5283 ἁγίων.
3618 5236 3635 5267 ι
3669 5216 3899 5284 Εὐχάρι-

2340 5302 2575 5367 στοῦμέν
2627 5320 2731 5364 σοι,
2773 5306 2958 5372 φησὶν,
3001 5307 3083 5358 ὅτι
3144 5308 3224 5377 τῷ
3253 5308 3467 5374 Θανάτῳ
3523 5307 3617 5360 σοῦ
3643 5308 3738 5369 τὰς
3801 5307 3898 5371 τῆς

2337 5392 2480 5459 ζωῆς
2529 5392 2702 5454 πύλας
2736 5396 2867 5461 ἡμῖν
2899 5396 3166 5466 ἀνέῳξας.
3209 5399 3291 5450 ὅτι
3338 5399 3568 5466 Μητέρα
3586 5400 3714 5467 παρ’
3740 5396 3897 5469 ἡμῶν

2340 5481 2529 5540 ἔλαϐες
2556 5520 2567 5538 ,
2596 5482 2675 5533 ὅτι
2697 5484 2966 5551 τοσαύτης
3004 5487 3161 5556 δόξης
3217 5488 3406 5554 ἔτυχεν
3467 5488 3772 5554 ἄνθρωπος.
3817 5485 3901 5536 δτι

2340 5571 2689 5639 πρεσϐευτὰς
2720 5573 2920 5642 ἔχομεν
2947 5576 3273 5643 ὁμοφύλους,
3301 5582 3394 5629 καὶ
3426 5581 3535 5640 τοῖς
3576 5579 3897 5647 ὀμογενέσιν

2334 5661 2491 5729 ἡμῶν
2507 5664 2771 5732 τοσαύτης
2797 5668 3104 5731 μετέδωκας
3128 5671 3454 5738 παρρησίας.
3472 5688 3488 5718 i
3514 5670 3584 5719 Τὸ
3601 5670 3727 5735 γὰρ,
3761 5687 3776 5715 ι
3809 5667 3897 5727 Εἰς

2337 5750 2513 5815 δόξαν,
2543 5770 2559 5800 ι
2586 5757 2697 5818 καὶ,
2722 5771 2738 5803 ι
2766 5755 2852 5817 Εἰς
2879 5774 2975 5826 πρε
2991 5758 3223 5821 σϐείαν,›
3260 5760 3413 5810 toi-:6
3442 5760 3577 5825 ἐστι,
3602 5761 3681 5821 τ),
3712 5758 3897 5808 ιὲνεκα
