4158 6306
345 402 451 464 98')

1503 396 1795 457 Ll'l‘URG
1813 396 1905 454 LE
1934 394 2254 454 EXPOSlT
2271 396 2362 455 [0.

3476 400 3542 459 39
3556 401 3590 458 ί)

345 517 449 582 τῆς
474 514 658 580 δζξης,
688 513 783 565 καὶ
816 514 914 580 τῆς
938 509 1281 579 πρεσϐείαςοι
1315 510 1503 578 ὥσπερ
1542 511 1634 561 καὶ
1664 511 1743 571 τι,
1782 528 1800 560 ι
1841 509 1928 571 Εἰς

2036 506 2476 561 intercessionem
2511 523 2529 556 ι
2555 505 2693 559 idem
2731 504 2996 573 est,quod
3044 524 3061 555 ι
3096 504 3199 558 Pro
3233 505 3398 574 gloria
3426 518 3479 560 et
3497 525 3594 576 pro

352 608 549 675 ἄφεσιν
580 602 888 674 ἁμαρτιῶν,
929 622 947 653 ι
982 605 1178 655 ταυτὸν
1211 603 1324 653 ἐστι
1375 601 1476 668 τῷ,
1521 618 1543 652 ι
1575 601 1777 653 Ἕνεκα
1829 599 1929 668 τῆς

358 696 679 764 ἀφέσεως.)
717 692 904 761 διττὴν
974 689 1086 759 ἔχει
1145 690 1242 757 τὴν
1305 688 1601 756 σημασίαν.
1656 687 1765 740 Καὶ
1821 686 1932 756 γὰρ

361 785 526 840 ἕνεκα
554 782 835 852 παρόντος,
865 782 895 852 ἢ
922 781 1084 834 ἕνεκα
1132 780 1512 849 ἐλπιζομένου.
1540 780 1653 847 Τὴν
1707 778 1762 830 δὲ
1818 780 1918 848 τῆς

376 875 633 947 μακαρίου
665 873 948 943 Παρθένου
970 872 1148 935 δόξαν.
1177 874 1272 924 καὶ
1316 870 1414 938 τὴν
1444 870 1552 922 τῶν
1575 870 1744 935 ἁγίων
1799 885 1931 937 πρε-

374 968 548 1022 σϐείαν
575 968 670 1019 καὶ
691 965 1005 1036 παρρησίαν
1035 1001 1051 1026 ,
1091 962 1173 1025 τίς
1206 961 1305 1014 οὐκ
1354 957 1493 1013 οἶδεν
1531 962 1615 1013 ὅτι
1664 960 1929 1029 παρόντος

375 1061 520 1111 ἐστιν
551 1055 760 1123 ἀγαθοῦ
787 1072 801 1121 ;
833 1055 904 1108 Τὸ
935 1054 992 1107 δὲ
1024 1055 1307 1123 παρόντοιν
1332 1051 1549 1118 ἀγαθῶν
1574 1052 1733 1121 χάριν
1782 1051 1929 1119 δῶρα

365 1166 689 1218 προσάγειν,
716 1148 868 1201 οὐδὲν
892 1147 1081 1216 ἕτερον
1116 1146 1149 1215 ἢ
1176 1144 1503 1214 εὐχαριστία
1551 1145 1765 1213 σαφήςς
1800 1143 1925 1195 Ἔτι

362 1240 417 1295 δὲ
444 1240 538 1293 καὶ
571 1238 633 1290 τι
662 1257 681 1290 ι
728 1238 823 1297 Είς
877 1236 1189 1306 ἀνάμνησιν
1234 1232 1330 1286 τοῦ
1380 1234 1585 1303 Κυρίου
1635 1251 1652 1283 ι
1700 1232 1786 1284 διὰ
1814 1230 1927 1285 τῶν

361 1331 675 1400 ἔμπροσθεν
706 1328 1042 1399 εἰρημένων,
1074 1326 1290 1391 ἐγένετο
1318 1323 1514 1395 δῆλον·
1551 1323 1785 1393 ἀμοιϐήν
1804 1339 1926 1374 τινα

362 1421 500 1488 πρὸς
530 1418 719 1482 αὑτὸν,
758 1416 855 1470 τοῦ
898 1416 1132 1470 θανάτου
1193 1413 1383 1476 αὐτοῦ,
1435 1413 1527 1467 καὶ
1573 1413 1926 1484 εὐχαριστίαν

364 1512 663 1578 σημαῖνον.
692 1509 792 1561 Διά
813 1507 971 1560 τοῦτο
994 1506 1104 1576 γὰρ
1135 1507 1241 1576 πρὸ
1272 1506 1491 1560 πάντων
1530 1507 1587 1557 ὲν
1651 1508 1716 1574 τῇ
1753 1521 1926 1575 προσ-

363 1603 553 1669 αγωγῇ
613 1598 724 1651 τῶν
756 1598 969 1668 δώρων,
1005 1597 1184 1651 ταῦτα
1220 1596 1441 1664 λέγεται
1475 1597 1541 1650 τὰ
1568 1597 1814 1667 ῥήματα,
1843 1596 1925 1649 ὅτι

360 1694 387 1742 ὁ
423 1690 654 1753 Θάνατος
684 1692 896 1751 ἐκεῖνος
960 1689 1135 1752 αἴτιος
1166 1689 1383 1757 ἐγένετο
1411 1688 1519 1740 τῶν
1548 1688 1767 1755 ἀγαθῶν
1794 1688 1925 1756 ἡμῖν

366 1781 606 1832 πάντων.
642 1781 889 1834 ’Υστατα
911 1779 968 1832 δὲ
990 1780 1210 1834 πάντων
1243 1783 1474 1834 ποιεῖται
1530 1780 1628 1847 τὴν
1693 1780 1921 1844 ἱκεσίαν,

362 1865 555 1933 ἄφεσιν
583 1866 891 1935 ἁμαρτιῶν,
943 1867 1037 1920 καὶ
1090 1866 1279 1936 ψυχῶν
1331 1866 1659 1928 ἀνάπαυσιν,
1711 1868 1804 1919 καὶ
1851 1867 1920 1919 τὰ

361 1956 584 2008 τοιαῦτα
616 1956 959 2025 αἰτούμενος.
995 1958 1164 2010 Τοῦτο
1192 1959 1302 2027 γάρ
1328 1958 1781 2026 εὐγνωμοσύνης.
1840 1955 1918 2025 τῷ

361 2048 476 2117 Θεῷ
508 2050 711 2118 ἐντυγχ
728 2049 981 2112 ἁνοντας,
1019 2048 1094 2119 μὴ
1120 2049 1219 2120 τὴν
1264 2049 1454 2119 χρείαν
1509 2049 1671 2109 εὐθὺς
1720 2049 1918 2115 λέγειν,

366 2139 500 2208 μηδέ
532 2140 594 2192 τὸ
616 2140 862 2192 ἐλλεῖπον
908 2140 1092 2209 ζητεῖν
1116 2157 1127 2170 ⁸
1153 2140 1292 2194 ἀλλά
1334 2141 1541 2208 μᾶλλον
1570 2132 1647 2192 ὧν
1682 2139 1782 2209 ἥδη
1814 2137 1911 2189 λα-

361 2230 545 2290 ϐόντες
576 2229 770 2298 ἔχομεν
824 2231 1042 2300 πρῶτον
1095 2231 1497 2301 μεμνημένους,
1574 2229 1920 2297 εὐχαριστεῖν

363 2324 451 2374 καί
480 2321 808 2387 δοζολογεῖν,
846 2321 943 2374 καὶ
964 2320 1105 2374 οὓτω
1130 2322 1233 2391 πρὸ
1281 2321 1390 2375 τῶν
1423 2319 1739 2388 ἀναγκαίων
1790 2318 1923 2387 ἡμῖν

364 2411 461 2480 τὴν
491 2411 586 2464 τοῦ
605 2413 741 2464 Θεοῦ
777 2413 1050 2466 ποιεῖσθαι
1078 2412 1415 2482 δοξολογίαν.

2034 598 2480 657 intercessione,»
2518 597 2968 666 quemadmodum
3001 610 3054 650 et
3084 597 3263 659 illud,t
3301 599 3358 652 In
3397 604 3593 656 remis-

2034 689 2238 742 sionem
2274 696 2642 755 peccatorum,
2685 705 2701 737 l
2747 672 2883 740 idem
2912 689 3158 756 estquod
3198 707 3215 740 ι
3262 687 3363 742 Pro
3399 692 3593 745 remis-

2031 780 2184 833 sione
2229 789 2592 847 peccatorum.
2629 800 2652 829 ν
2698 778 2831 832 Illud
2883 787 3083 844 autem,
3124 799 3141 831 ι
3182 780 3287 833 Pro
3319 782 3522 850 aliquo,
3565 801 3585 833 ι

2031 869 2192 924 habet
2228 870 2492 938 duplicem
2522 869 2993 937 signiﬁcationem.
3029 871 3118 925 Vel
3149 874 3294 926 enim
3334 890 3430 941 pro
3456 891 3592 943 prae.

2030 962 2193 1024 senti,
2222 960 2304 1013 vel
2335 975 2434 1029 pro
2463 975 2528 1014 eo
2555 959 2700 1028 quod
2733 970 3002 1029 speratur.
3043 961 3221 1016 Beata:
3251 973 3429 1019 autem
3470 965 3591 1019 Vir-

2032 1053 2171 1121 ginis
2194 1053 2442 1122 gloriam,
2469 1062 2521 1106 et
2547 1063 2858 1105 sanctorum
2886 1053 3327 1107 intercessionem
3354 1066 3407 1107 et
3435 1056 3592 1109 Iiber-

2031 1151 2219 1207 tatem,
2261 1145 2385 1210 quis
2425 1144 2599 1198 nescit
2626 1159 2744 1197 esse
2783 1144 2923 1197 bona
2964 1146 3289 1214 przesentia?
3318 1147 3422 1201 Pro
3458 1164 3587 1215 prm-

2029 1235 2273 1288 sentibus
2316 1245 2493 1286 autem
2530 1234 2682 1288 bonis
2708 1234 2848 1288 dona
2877 1215 3093 1301 offerre,
3141 1237 3272 1290 nihil
3318 1237 3458 1292 aliud
3505 1248 3590 1292 est

2030 1341 2192 1393 quam
2224 1325 2504 1379 manifesta
2557 1328 2854 1394 gratiarum
2903 1329 3069 1380 actio.
3102 1326 3370 1382 Praeterea
3407 1340 3587 1384 autem

2028 1424 2080 1466 et
2113 1416 2261 1477 illud.
2303 1435 2321 1467 ι
2356 1415 2409 1468 ln
2448 1416 2880 1469 recordationem
2910 1416 3143 1479 Domini,
3187 1437 3205 1468 ο
3252 1434 3346 1486 per
3371 1435 3432 1472 ea
3468 1435 3589 1488 qua:

2028 1508 2178 1575 prius
2227 1506 2370 1560 dicta
2445 1516 2606 1571 sunt,
2656 1507 2828 1561 evasit
2882 1508 3221 1561 manifestum
3283 1510 3586 1578 signiﬁcare

2029 1596 2319 1666 quamdam
2352 1612 2479 1667 erga
2511 1598 2690 1667 ipsum
2715 1613 2811 1667 pro
2846 1609 3021 1652 morte
3046 1614 3140 1654 sua
3176 1600 3584 1653 retributionem

2028 1700 2082 1741 et
2106 1689 2401 1756 gratiarum
2432 1688 2725 1743 actionem.
2761 1689 3051 1757 Propterea
3077 1689 3222 1743 enim
3253 1698 3379 1742 ante
3403 1689 3583 1742 omnia

2032 1780 2082 1831 in
2123 1780 2389 1832 donorum
2442 1778 2715 1832 oblatione
2760 1781 2875 1834 [nec
2912 1779 3075 1833 verba
3121 1779 3402 1843 dicuntur,
3438 1779 3585 1848 quod

2027 1884 2171 1921 mors
2212 1868 2301 1920 illa
2340 1867 2492 1920 nobis
2539 1881 2702 1919 causa
2748 1866 2849 1918 fuit
2868 1868 3118 1919 omnium
3166 1866 3454 1919 bonorum.
3492 1864 3585 1920 Ul-

2029 1960 2161 2013 timo
2206 1970 2386 2013 autem
2418 1959 2535 2013 loco
2587 1957 2718 2011 facit
2769 1956 3242 2026 supplicationem,
3277 1966 3464 2024 petens
3503 1971 3587 2009 re-

2025 2049 2336 2103 missionem
2387 2056 2751 2116 peccatorum,
2790 2055 2844 2100 et
2877 2047 3119 2115 requiem
3172 2046 3500 2105 animarum.
3531 2054 3587 2097 et

2025 2140 2126 2191 alia
2180 2138 2507 2209 huiusmodi.
2557 2136 2672 2191 Hoc
2701 2149 2786 2191 est
2843 2138 2985 2189 enim
3033 2137 3171 2204 grati
3226 2134 3425 2198 animi,
3479 2148 3584 2187 non

2022 2230 2150 2299 quid
2179 2245 2312 2296 opus
2343 2231 2416 2284 sit
2448 2230 2629 2283 statim
2662 2229 2844 2281 dicere
2864 2270 2878 2291 ,
2914 2243 3010 2281 nec
3040 2228 3181 2293 quod
3216 2226 3367 2280 deest
3408 2235 3588 2294 postu-

2021 2320 2137 2372 lare
2179 2358 2194 2382 ,
2228 2318 2319 2372 sed
2366 2318 2543 2386 potius
2589 2330 2652 2369 ea
2701 2330 2820 2383 qua
2847 2314 2958 2381 jam
3001 2314 3305 2378 accepimus
3354 2314 3584 2377 primum

2026 2409 2287 2462 memoria
2345 2414 2673 2476 repetentes,
2718 2419 2817 2474 pro
2853 2404 2933 2459 eis
2966 2402 3039 2457 illi
3074 2402 3274 2473 gratias
3316 2414 3496 2472 agere,
3532 2409 3587 2457 et

366 2501 508 2555 illum
538 2505 705 2571 gloria
747 2505 978 2565 allicere,
1004 2513 1057 2559 et
1089 2506 1167 2559 sic
1216 2506 1280 2561 iis
1310 2519 1426 2574 qua:
1455 2511 1584 2557 sunt
1616 2504 1767 2559 nobis
1794 2501 2122 2563 necessaria,
2156 2501 2244 2552 Dei
2277 2498 2502 2567 gloriam
2534 2497 2808 2565 praferre.

922 2598 1173 2651 ΚΕΦΑΛ.
1207 2595 1309 2650 IA'.

367 2691 462 2743 Διὰ
484 2691 540 2743 τί
571 2692 1059 2758 συγκαλύπτεται
1106 2691 1177 2743 τὰ
1228 2691 1418 2757 δῶρα·
1451 2691 1549 2744 καί
1610 2690 1744 2757 περὶ
1802 2688 1921 2743 τῶν

922 2760 1381 2828 ἐπιλεγομένων.

445 2852 600 2904 Ἑπεὶ
651 2851 706 2903 δὲ
738 2852 803 2903 τά
834 2853 891 2902 ἐν
911 2851 988 2921 τῷ
1037 2852 1183 2921 ἄρτῳ
1230 2851 1495 2920 εἰρημένα
1545 2851 1639 2903 καὶ
1664 2866 1918 2921 πεπραγ-

370 2941 505 3008 μένα
534 2983 547 3002 ,
601 2942 668 2993 δι’
720 2934 794 2993 ὧν
843 2941 870 2993 ὁ
911 2942 1135 3004 θάνατος
1190 2943 1520 3011 ἐσημαίνετο
1561 2941 1653 2994 τοῦ
1714 2943 1918 3011 Κυρίου

365 3032 582 3100 γραφὴν
616 3032 849 3100 ἠδύνατο
882 3032 1041 3101 μόνον
1073 3033 1164 3085 καὶ
1196 3032 1365 3085 τύπυον
1389 3050 1400 3062 ·
1432 3034 1459 3084 ὀ
1479 3031 1535 3083 δὲ
1578 3030 1742 3101 ἄρτος
1770 3033 1918 3100 ἐμει-

364 3141 449 3175 νεν
480 3126 640 3193 ἄρτος
668 3122 767 3185 ὣν,
799 3122 959 3175 τοῦτο
1015 3124 1175 3192 μόνον
1215 3122 1416 3187 λαῦὼν,
1452 3122 1512 3176 τὸ
1541 3122 1919 3189 γενέσθαιδῶι

2660 2589 2814 2642 CAP.
2852 2586 2944 2641 XI.

2236 2682 2345 2736 Cur
2374 2682 2513 2735 dona
2550 2681 2968 2801 coapsriunlur;
2998 2688 3046 2731 et
3071 2676 3135 2732 de
3162 2678 3229 2732 iis
3253 2694 3371 2748 qua:

2715 2760 2946 2801 icuntur.

2715 2760 2946 2803 tcuntur.

2096 2845 2228 2911 Quia
2254 2855 2452 2911 autem,
2484 2859 2605 2914 qua:
2635 2845 2687 2897 in
2720 2858 2857 2911 pane
2883 2843 3024 2896 dicta
3055 2852 3107 2896 et
3132 2841 3274 2896 facta
3307 2850 3452 2908 sunt,
3488 2858 3585 2912 per

2028 2950 2148 3007 quae
2183 2952 2325 2989 mors
2360 2935 2567 2989 Domini
2615 2933 3043 3003 signiﬁcabatur,
3095 2931 3229 2984 nihil
3265 2931 3409 2987 aliud
3456 2944 3584 2988 sunt

2028 3042 2188 3095 quam
2240 3036 2396 3097 typus
2440 3035 2493 3080 et
2538 3026 2750 3093 ﬁgura:
2787 3024 2942 3092 panis
2993 3034 3172 3074 autem
3216 3023 3395 3076 adhuc
3427 3024 3579 3088 panis

2027 3121 2256 3181 mansit,
2320 3134 2496 3187 neque
2544 3118 2835 3185 quidquam
2890 3115 3032 3168 aliud
3066 3113 3274 3176 accepit
3318 3129 3475 3180 quam
3524 3126 3582 3168 ut

367 3230 456 3281 ρον
494 3214 569 3280 τῷ
596 3214 757 3282 Θεῷ,
782 3214 875 3267 καὶ
906 3215 989 3266 διὰ
1026 3214 1188 3267 τοῦτο
1222 3214 1394 3267 τύπον
1454 3215 1609 3284 φέρει
1647 3215 1740 3266 τοῦ
1803 3216 1885 3266 Κυ

2028 3215 2128 3264 Deo
2163 3210 2359 3262 donum
2394 3215 2563 3271 esset,
2590 3215 2645 3260 et
2671 3206 2791 3259 ideo
2827 3206 2930 3258 fert
2955 3214 3135 3274 typum
3165 3206 3426 3260 Dominici
3462 3219 3583 3258 cor-

367 3304 555 3371 ριακοῦ
595 3303 869 3373 σώματος,
926 3305 1066 3358 κατὰ
1119 3305 1217 3376 τὴν
1280 3307 1501 3375 πρώτην
1546 3304 1784 3374 ἡλικίαν,
1840 3307 1920 3357 ὅτι

364 3397 589 3448 κάκεῖνο
621 3395 681 3459 ἐξ
717 3397 890 3466 ἀρχῆς
930 3396 1101 3466 δῶρον
1131 3392 1219 3467 ἦν,
1266 3396 1341 3459 ὡς
1370 3398 1430 3449 ἐν
1477 3397 1587 3459 τοῖς
1613 3394 1922 3465 ἔμπροσθεν

362 3488 576 3556 εῐρηται
598 3502 610 3514 ⁸
649 3486 841 3539 τούτου
877 3487 1036 3557 χάριν
1068 3488 1134 3540 τά
1191 3488 1249 3538 ἐν
1285 3487 1478 3555 ἐκείνῳ
1509 3485 1771 3555 γενόμενα
1798 3485 1925 3537 θαύ-

366 3594 536 3646 ματα,
578 3577 851 3648 ἀρτιτόκῳ
872 3577 987 3630 ὄντι
1044 3578 1139 3630 καὶ
1160 3577 1218 3629 ἐν
1244 3579 1309 3648 τῇ
1338 3577 1511 3648 φάτνῃ
1543 3577 1622 3628 ἔτι
1665 3575 1919 3646 κειμένῳ,

358 3669 389 3719 ὁ
423 3668 601 3738 ἱερεὺς
634 3669 878 3736 ἐπιλέγει
915 3670 1006 3721 τὸν
1034 3669 1202 3736 ἄρτον
1270 3671 1362 3720 καὶ
1406 3667 1761 3721 ἐπιδείκνυσι.
1818 3665 1922 3718 Τὸν

360 3757 474 3826 γὰρ
510 3756 804 3824 λεγόμενον
875 3755 1208 3824 ἀστερίσκον
1268 3756 1478 3819 ἐπιθεὶς
1532 3756 1703 3826 αὐτῷ,
1737 3775 1754 3805 ‹
1816 3757 1923 3809 Kal

367 3848 502 3911 ίδοῦ,
551 3847 737 3917 φησιν,
783 3847 810 3897 ὁ
851 3847 1026 3917 ἀστὴρ
1058 3845 1228 3899 ἐλθὼν
1275 3847 1407 3915 ἔστη
1447 3847 1534 3899 ἐπ’
1586 3848 1697 3900 ἄνω
1729 3841 1791 3902 οὗ
1855 3843 1924 3917 ἦν

366 3940 427 3990 τ’)
461 3941 722 3992 παιδίον
761 3959 780 3991 ι
822 3939 900 3993 ἔτι
958 3940 1015 3992 δὲ
1056 3940 1150 3993 καὶ
1206 3938 1273 3992 τὰ
1327 3939 1609 4008 πόρρωθεν
1659 3942 1924 4008 εἰρημένα

360 4032 479 4093 τοῖς
510 4032 818 4100 προφήταις
848 4031 976 4099 περὶ
1012 4029 1179 4084 αὑτοῦ
1226 4030 1345 4099 Θεῷ
1383 4030 1662 4100 πρέποντα
1683 4045 1696 4059 ³
1734 4031 1819 4082 ἵνα
1849 4029 1929 4098 μὴ’

359 4123 451 4176 διὰ
480 4123 579 4192 τὴν
617 4124 795 4193 σάρκα
820 4122 910 4175 καὶ
937 4123 996 4175 τὸ
1040 4122 1386 4190 φαινόμενον,
1440 4120 1717 4189 ἄνθρωποι
1752 4121 1925 4189 μικρά

366 4215 501 4282 περὶ
523 4212 691 4265 αὐτοῦ
757 4212 853 4264 καὶ
885 4212 1078 4274 ἀνάξια
1112 4215 1239 4280 περὶ
1267 4211 1431 4263 αὐτοῦ
1483 4209 1752 4277 θειότητος
1794 4209 1925 4260 ὑπο-

362 4303 577 4355 λάϐωσι
600 4318 614 4331 ·
649 4322 665 4351 ι
711 4301 801 4371 Τῷ
837 4302 982 4371 λόγῳ
1016 4301 1224 4370 Κυρίου
1254 4302 1301 4353 oi
1335 4300 1554 4368 οὐρανοὶ
1596 4298 1929 4369 ἐστερεώθη-

364 4411 494 4448 σαν.
558 4392 618 4445 Ὀ
672 4391 874 4462 Κύριος
921 4393 1292 4455 ἐϐασίλευσεν,
1358 4390 1692 4460 εὐπρέπειαν
1748 4388 1925 4443 ἐνεδύ-

364 4495 503 4531 σατο
527 4493 540 4506 ·
578 4477 849 4546 ἐκάλυψεν
883 4480 1151 4548 οὐρανοὺς
1179 4481 1212 4548 ἠ
1233 4479 1403 4548 ἀρετὴ
1454 4478 1618 4530 αὐτοῦ
1640 4495 1653 4508 ·
1685 4478 1779 4530 καὶ
1826 4478 1925 4546 τῆς

364 4570 640 4632 συνέσεως
668 4568 833 4622 αὐτοῦ
865 4572 1220 4642 πληρουμένη
1251 4573 1285 4641 ἠ
1319 4572 1413 4639 γῆ.
1461 4590 1477 4620 i
1515 4572 1620 4624 Kal
1651 4571 1821 4623 ταῦτα
1841 4570 1929 4622 λέ·

363 4677 477 4728 γει,
517 4665 608 4712 καὶ
641 4659 910 4712 καλύπτει
941 4663 1009 4714 τά
1031 4661 1202 4732 δῶρα,
1243 4661 1334 4713 τὸν
1365 4660 1530 4731 ἄρτον
1566 4659 1809 4728 δηλονότι
1836 4657 1929 4711 καὶ

362 4749 429 4802 τὸ
462 4750 744 4819 ποτήριον,
776 4749 1004 4812 πέπλοις
1046 4748 1271 4819 τιμίοις,
1297 4750 1394 4801 καὶ
1426 4750 1597 4819 θυμιᾷ
1657 4748 1931 4816 πανταχό-

365 4837 488 4890 θεν.
524 4840 632 4889 Kal
657 4839 765 4909 γὰρ
816 4837 1250 4893 συνεκαλύπτετο
1294 4840 1394 4907 μὲν
1444 4841 1579 4903 τέως
1642 4840 1674 4910 ὴ
1715 4839 1810 4892 τοῦ
1845 4856 1931 4891 σε-

368 4931 739 4996 σαρκωμὲνου
804 4928 937 4980 Θεοῦ
988 4927 1239 4995 δύναμις,
1298 4930 1403 4992 ἕως
1438 4929 1531 4982 τοῦ
1581 4930 1772 5000 καιροῦ
1823 4930 1929 4982 τῶν

365 5019 689 5085 θαυμάτων,
730 5019 946 5088 καὶτῆς
984 5018 1042 5084 ἐξ
1095 5019 1325 5087 οὐρανοῦ
1370 5021 1707 5088 μαρτυρίας⁹
1739 5018 1857 5071 ἀλλ’
1884 5019 1931 5070 οἱ

365 5110 553 5176 λέγειν
582 5110 782 5172 εἰδότες
822 5110 953 5180 περὶ
984 5109 1171 5174 αὐτοῦ,
1210 5129 1227 5161 ι
1273 5108 1332 5163 '0
1381 5111 1586 5178 Κύριος
1650 5110 1931 5162 ἐϐασίλευε

370 5218 490 5264 σευ,
545 5202 879 5269 ἐκπρέπειαν
964 5201 1271 5262 ἐνεδύσατο,
1336 5220 1352 5251 ι
1412 5203 1505 5253 καὶ
1557 5205 1621 5254 τὰ
1665 5202 1932 5270 εἰρημένα

371 5293 555 5346 πάντα
585 5294 864 5362 θεοπρεπῆ
891 5309 904 5324 ·
975 5313 993 5345 ι
1024 5295 1131 5348 Kal
1177 5295 1546 5360 ἐπεγίνωσκον
1604 5296 1784 5352 αὐτὸν,
1838 5293 1933 5344 καὶ

372 5384 451 5448 ὡς
480 5384 614 5437 Θεὸν
648 5384 856 5447 ἔσεϐον,
887 5385 983 5437 καὶ
1033 5385 1095 5436 τὸ
1122 5385 1251 5454 παρ’
1281 5383 1431 5452 αὐτῴ
1468 5384 1762 5450 σκέπασμα
1811 5384 1935 5451 ἐζή-

367 5494 524 5532 τουν.
559 5496 578 5528 ο
615 5477 721 5529 Καὶ
759 5477 927 5528 ταῦτα
952 5477 1326 5544 αἰνιττόμενος
1353 5476 1380 5525 ὁ
1409 5476 1612 5543 ἱερεὺς,
1650 5473 1933 5542 κεκαλυμ-

372 5568 560 5636 μένοις
605 5564 849 5631 ἐπιλέγει
877 5569 990 5627 tot;
1019 5565 1232 5638 δώροις·
1291 5584 1307 5615 ι
1373 5564 1653 5616 Σκέπασον
1690 5566 1834 5633 ἡμᾶς
1875 5568 1933 5616 ἐν

368 5660 441 5725 τῇ
474 5658 654 5726 σκέπῃ
679 5655 787 5707 τῶν
815 5655 1104 5725 πτερύγιον
1135 5655 1247 5717 σοῦ,
1269 5675 1287 5707 ι
1333 5656 1426 5707 καὶ
1456 5654 1625 5722 θυμιᾷ
1666 5656 1935 5722 πανταχό-

381 5746 498 5799 θεν.
540 5747 725 5799 Ταῦτα
786 5745 954 5805 οὓτως
1006 5745 1174 5799 εἰπὼν
1217 5748 1310 5799 καὶ
1357 5746 1602 5808 τελέσας,
1637 5750 1729 5797 καὶ
1782 5747 1936 5811 εξ,ξά-

2025 3300 2172 3370 poris
2217 3300 2266 3352 in
2312 3298 2486 3367 prima
2531 3304 2723 3367 aetate,
2765 3297 3027 3363 quoniam
3075 3296 3209 3349 illud
3256 3311 3469 3364 quoque
3512 3295 3580 3348 ab

2025 3392 2176 3446 initio
2208 3390 2414 3444 donum
2446 3385 2652 3449 fuit,rut
2684 3396 2809 3438 ante
2841 3385 3044 3437 dictum
3071 3393 3190 3438 est:
3224 3400 3284 3439 ea
3323 3385 3392 3437 de
3417 3401 3579 3438 causa

2024 3481 2284 3537 miracula
2312 3494 2429 3546 qua:
2460 3479 2511 3531 in
2538 3477 2629 3532 illo
2663 3477 2801 3530 facta
2831 3483 2980 3536 sunt.
3012 3490 3134 3529 eum
3169 3486 3416 3530 recenter
3436 3485 3582 3529 esset

2025 3583 2205 3638 natus,
2236 3580 2289 3625 et
2337 3570 2516 3624 adhuc
2568 3567 2623 3622 in
2673 3580 2898 3634 presept
2947 3565 3175 3634 positus,
3214 3565 3471 3619 sacerdos
3527 3566 3582 3619 in

2023 3678 2161 3733 pane
2192 3663 2383 3716 reeitat
2406 3671 2459 3715 et
2486 3658 2749 3714 os1eudit.
2776 3657 2948 3726 Super
2971 3670 3094 3710 eum
3124 3656 3266 3711 enim
3300 3657 3582 3723 imponens

2024 3755 2344 3811 asteriscum
2394 3753 2482 3821 qui
2517 3752 2733 3813 dicitur,
2772 3762 2865 3803 seu
2895 3748 3169 3802 stellulam
3194 3786 3210 3811 ,
3260 3764 3278 3798 ι
3317 3745 3382 3799 Et
3430 3760 3597 3811 ecce,

2026 3850 2203 3919 inquit
2230 3888 2244 3912 ,
2279 3848 2432 3902 stella
2463 3848 2682 3900 veniens
2712 3845 2863 3898 stetit
2890 3858 3074 3911 supra,
3115 3842 3201 3894 ubi
3229 3851 3344 3894 erat
3382 3853 3532 3909 puer.
3555 3857 3591 3890 ιι

2026 3939 2226 3992 Deinde
2258 3948 2311 3991 et
2343 3954 2463 4004 quae
2512 3937 2697 3991 multis
2740 3944 2865 3988 ante
2899 3933 3113 3989 sarculis
3146 3931 3215 3985 de
3244 3933 3360 4000 ipso
3391 3947 3417 3982 a
3454 3945 3582 3997 pro-

2025 4025 2199 4093 phetis
2232 4026 2396 4086 dicta,
2427 4024 2538 4077 Deo
2570 4022 2966 4086 convenientia,
2995 4035 3062 4074 ne
3094 4031 3312 4089 prepter
3339 4033 3599 4083 caruem,.

2024 4125 2081 4168 et
2118 4114 2167 4167 id
2204 4115 2344 4181 quod
2370 4125 2609 4182 apparet,
2634 4112 2881 4165 homines
2911 4113 2979 4164 de
3007 4126 3068 4165 ea
3110 4123 3269 4175 parva
3300 4119 3352 4161 et
3381 4109 3584 4161 divini-

2029 4215 2136 4258 tate
2181 4204 2400 4272 indigna
2452 4203 2872 4255 existimarent:
2915 4217 2933 4249 ι
2975 4199 3149 4253 Verbo
3199 4197 3407 4250 Domini
3462 4199 3601 4252 cudi-

2029 4296 2220 4350 lirmati
2260 4303 2427 4359 sunt;
2471 4294 2726 4345 Dominus
2762 4292 3026 4360 regnavit,
3068 4289 3322 4345 decorem
3364 4289 3601 4345 indutus.

2026 4400 2125 4441 est.
2169 4385 2391 4453 Operuit
2422 4387 2591 4440 caelos
2634 4386 2807 4437 virtus
2854 4384 3011 4450 ejus,
3062 4391 3116 4435 et
3153 4382 3415 4452 sapientia
3468 4384 3598 4454 ejus-

2028 4479 2183 4547 plena
2216 4485 2296 4532 est
2333 4487 2493 4530 terra.
2531 4493 2548 4525 ι
2589 4475 2654 4528 Et
2691 4475 2804 4528 haec
2837 4474 2993 4535 dicit,
3029 4482 3078 4526 et
3123 4474 3252 4543 tegit
3286 4488 3476 4540 panem
3530 4483 3591 4527 et

2005 4571 2250 4635 ealicem
2315 4566 2569 4636 pretiosis
2605 4565 2797 4631 peplis,
2852 4575 2907 4617 et
2960 4563 3193 4632 undique
3252 4561 3599 4630 suffumigan-

2031 4662 2242 4715 Etenim
2293 4671 2421 4712 tunc
2465 4658 2751 4727 tegebatur
2783 4659 3000 4727 quidem
3042 4655 3132 4709 Dei
3172 4657 3436 4709 incarnati
3490 4671 3587 4721 pos

2033 4752 2194 4802 tentia
2238 4764 2405 4816 usque
2455 4757 2507 4801 at
2540 4759 2752 4814 tempus
2786 4746 3190 4806 miraculorum,
3243 4756 3294 4798 el
3340 4746 3588 4799 testium-

2033 4843 2178 4897 uinm
2211 4841 2275 4893 de
2316 4839 2473 4895 cmlo.
2516 4838 2622 4893 Sed
2660 4840 2748 4908 qui
2793 4839 2906 4892 haec
2935 4838 3000 4890 de
3029 4853 3092 4890 eo
3123 4836 3263 4903 loqui
3319 4836 3601 4895 sciebant,

2037 4951 2055 4983 ι
2098 4932 2355 4986 Dominus
2410 4932 2683 4999 regnavit,
2735 4931 2983 4983 decorem
3041 4928 3256 4981 indutus
3304 4936 3421 4992 est,
3474 4943 3493 4977 ›
3532 4934 3601 4980 ει

2031 5026 2206 5077 omnia
2238 5038 2355 5092 quae
2381 5023 2523 5077 dicta
2570 5033 2697 5076 sunt
2731 5022 2897 5076 Deum
2928 5020 3174 5075 decentia
3202 5036 3216 5072 :
3261 5037 3279 5069 ε
3316 5017 3380 5072 Ει
3411 5018 3599 5087 ipsuur

2032 5117 2415 5183 agnoscebant,
2447 5122 2501 5166 ct
2547 5122 2603 5166 ut
2652 5112 2819 5165 Deum
2871 5112 3141 5172 colebant,
3171 5123 3221 5163 et
3255 5110 3395 5177 quod
3438 5110 3491 5165 in
3521 5124 3606 5165 eo'

2033 5213 2182 5268 erat,
2233 5205 2663 5275 integumentum
2713 5201 3043 5267 qnmrebant.
3084 5220 3103 5252 ι
3157 5201 3221 5254 Et
3268 5203 3378 5258 lucc
3425 5203 3607 5257 tacite‘

2035 5294 2345 5360 signiﬁcans
2395 5294 2682 5358 sacerdos,
2736 5293 2894 5345 tectis
2942 5293 3124 5358 donis,
3177 5294 3345 5347 dicit:
3383 5311 3402 5344 ι
3450 5291 3609 5362 Tege’

2037 5402 2135 5441 nos
2188 5388 2557 5456 integumento
2610 5386 2818 5440 alarum
2868 5396 3115 5447 tuarum,
3156 5403 3174 5436 ι
3201 5395 3253 5438 et
3283 5385 3600 5455 sullumigar

2038 5478 2293 5547 undique.
2355 5476 2477 5531 ΙΙ.εο
2509 5495 2627 5529 cum
2654 5478 2734 5529 sic
2786 5476 2925 5530 dixit
2982 5486 3036 5531 et
3072 5476 3214 5539 fecit,
3246 5485 3298 5530 et
3326 5478 3500 5530 oravit
3534 5485 3604 5529 uti

2037 5570 2216 5622 munia
2253 5569 2411 5637 lmjns
2449 5568 2590 5636 quod
2638 5571 2914 5637 peragitur
2960 5570 3123 5632 steti,
3152 5568 3254 5624 sibi
3302 5568 3401 5618 rite
3439 5575 3494 5618 et
3526 5580 3592 5620 ex

2039 5664 2286 5715 illSllllllO
2328 5662 2643 5727 succedant,
2689 5662 2837 5713 venit
2869 5661 2938 5715 ad
2965 5661 3154 5721 altare,
3188 5668 3239 5710 et
3284 5669 3432 5713 s'eus
3465 5669 3593 5713 ante

2039 5768 2096 5805 sa
2134 5768 2247 5805 ram
2299 5768 2561 5815 mensam,
2595 5752 2780 5821 incipit
2822 5751 3173 5805 sacriﬁcium.
