4132 6308
554 375 655 444 391
693 391 720 417 ⁴
1804 363 2113 427 NICOLAI
2155 355 2537 420 CABASZL£
3691 334 3813 397 392

561 509 721 564 μενος
783 489 851 544 τὰ
911 491 1009 559 τῆς
1090 489 1405 558 ἱερουργίας
1458 489 1673 541 ἅπαντα
1733 486 1876 537 κατὰ
1927 482 2129 535 σκοπὺν
2199 476 2535 544 ἀπαντήσειν
2594 469 2765 540 αὐτῷ,
2822 467 2902 529 si;
2957 465 3018 517 τὸ
3073 458 3467 529 θυσιαστήριον
3557 453 3811 526 ἔρχεται,

559 590 657 644 καὶ
683 587 815 649 στὰς
862 585 969 655 πρὸ
998 584 1100 649 τῆς
1143 586 1293 652 ἱερᾶς
1326 581 1603 651 τραπέζης
1653 580 1753 649 τῆς
1811 576 2127 649 ἱερουργίας
2164 573 2417 643 ἄρχεται.

1186 647 1569 728 ἁΑιιΧιιᾏ
1712 647 1719 649 ⁷
1867 647 1877 649 ἡ
2143 665 2195 725 Α
2809 654 2818 705 1

1561 647 1569 649 ‘
1712 647 1719 649 '
1867 647 1877 649 ‘
2143 665 2195 725 Α
2809 649 3055 705 ΚΕΦΑΛ.
3092 647 3193 700 ιε’.

912 768 987 822 De
1016 764 1400 835 gloriﬁcatione
1439 764 1490 814 in
1523 761 1800 830 principio.
2526 751 2544 803 ι

2526 748 2664 817 Περὶ
2700 745 2809 813 τῆς
2845 746 2914 797 ἐν
2944 741 3102 810 ἀρχῇ
3136 737 3517 806 δοξολοτίας.
3658 824 3671 838 .
3737 826 3770 838 -

637 859 972 918 Sacriﬁcium
1005 824 1181 908 autem
1201 850 1390 918 incipit
1408 865 1436 902 a
1457 824 1846 916 glorificatione
1869 859 1884 895 :
1918 861 1935 894 ι
1958 842 2130 896 Bene-

2301 848 2409 900 Καὶ
2433 843 2651 913 πρῶτον
2679 838 2899 905 ἁπάσης
2920 837 3018 903 τῆς
3047 831 3348 903 ίερολογίας
3371 831 3520 883 ἐστὶν
3543 824 3688 896 ἀρχὴ
3707 826 3819 895 τῆς

565 954 770 1008 dictum
811 958 893 1002 est
923 958 1141 1014 regnum
1193 941 1371 995 Patris
1401 947 1455 992 et
1478 937 1599 991 Filii
1645 945 1700 989 et
1742 934 1975 1002 Spiritus
2007 946 2132 986 san-

2228 935 2557 1002 δοξολογίας’
2611 949 2629 983 t
2671 928 3024 999 Εὐλογημένη
3066 927 3099 994 ἡ
3133 921 3381 992 βασιλεία
3423 919 3520 973 τοῦ
3569 919 3818 1014 ιλατρὸ-ς,

533 1028 551 1050 ’
568 1044 667 1099 eti.
699 1061 718 1093 ι
746 1040 875 1105 Quae
896 1037 960 1091 ad
986 1010 1152 1088 Deum
1173 1035 1226 1086 tit
1247 1030 1524 1092 allocutio,
1548 1037 1630 1082 est
1647 1026 1938 1097 gratiarum
1964 1023 2127 1084 actio.

2230 1028 2431 1080 καὶτοῦ
2452 1024 2719 1088 Υἱοῦ,τκαὶ
2742 1021 2834 1075 τοῦ
2858 1021 3014 1088 ἁγίου
3041 1017 3181 1070 Πνεύ
3191 1031 3360 1084 ματος
3374 1053 3391 1070 .
3405 1030 3423 1063 ι
3443 1014 3505 1066 Ἦ
3526 1010 3820 1080 πρὸςθεδν

567 1103 907 1204 gloriticatio,
924 1126 1219 1190 confessio,
1238 1124 1447 1194 petitio.
1472 1120 1653 1175 Prima
1682 1129 1864 1174 autem
1888 1117 2129 1172 omnium

2231 1119 2491 1184 ἔντευξις.
2516 1114 2835 1186 εὐχαριστία
2867 1110 3006 1175 ἐστὶ,
3055 1107 3358 1173 δοξολογία,
3393 1103 3813 1204 ἐξομολόγησις,

564 1191 648 1281 est
691 1222 1033 1293 glorificatio,
1063 1219 1297 1273 maxime
1341 1216 1582 1280 quidem,
1612 1212 1753 1282 quod
1783 1218 2130 1279 peccatorum

2232 1209 2468 1277 αἴτησις.
2507 1206 2703 1274 Πρώτη
2733 1204 2791 1256 δὲ
2814 1201 3006 1254 πασῶν
3035 1199 3067 1269 ἡ
3095 1196 3397 1263 δοξολογία,
3433 1194 3668 1293 μάλιστα
3708 1191 3818 1293 μὲν

564 1276 894 1387 gratioanimi
928 1322 1041 1377 est,
1075 1311 1141 1364 ad
1180 1309 1463 1362 Dominum
1512 1304 1834 1358 accedentes
1882 1313 1985 1352 non
2036 1310 2130 1387 sua

2232 1297 2312 1348 ὃτι
2349 1294 2506 1346 τοῦτο
2529 1291 2755 1345 οἰκετῶν
2788 1288 3149 1356 εὐγνωμόνων
3178 1284 3255 1352 τῷ
3281 1280 3525 1351 Δεσπότῃ
3558 1276 3819 1346 προσιόν-

563 1369 742 1462 Statim
778 1408 830 1459 in
866 1404 1096 1458 medium
1124 1399 1412 1462 adducere,
1455 1396 1549 1450 sed
1576 1408 1694 1465 qua!
1720 1391 1887 1446 solius
1919 1386 2131 1442 Domini

2234 1404 2364 1447 των.
2402 1386 2477 1453 μὴ
2507 1382 2579 1436 τὰ
2610 1380 2823 1435 ἑαυτῶν
2858 1378 3074 1450 πρῶτον
3105 1376 3259 1443 ἄγειν
3289 1376 3370 1437 εἰς
3402 1373 3588 1442 μέσον·
3616 1369 3731 1421 ἀλλ’
3750 1369 3819 1421 ὄις-

564 1460 702 1563 pure
763 1499 908 1544 sunt.
956 1488 1087 1541 Tale
1117 1487 1244 1554 quid
1297 1460 1476 1538 autem
1518 1460 1606 1535 est
1652 1476 1999 1548 gloriﬁcatio.
2028 1472 2131 1539 Qui

2236 1494 2342 1545 περ
2378 1476 2539 1544 μόνον
2579 1475 2699 1525 ἐστὶ
2738 1470 2988 1540 καθάπερ
3018 1468 3114 1520 τοῦ
3147 1466 3430 1520 δεσπότου.
3473 1460 3729 1514 Τοιοῦτον
3752 1460 3818 1512 δὲ

565 1551 712 1638 enim
761 1583 915 1651 petit,
948 1594 1043 1635 sua
1071 1562 1256 1632 volens
1311 1573 1619 1644 pulchriora
1656 1568 1857 1631 facere,
1891 1566 2133 1634 seipsum

2233 1572 2266 1637 ἡ
2298 1566 2595 1634 δοξολογία⁶
2644 1565 2671 1616 ὁ
2702 1563 2799 1633 μὲν
2857 1561 2966 1629 γὰρ
3006 1558 3196 1620 αἰτῶν,
3242 1556 3312 1609 τὰ
3355 1552 3552 1608 ἑαυτοῦ
3607 1551 3816 1605 καλλίω

569 1642 825 1744 praedicat
846 1689 860 1725 :
880 1642 934 1725 et
965 1660 1055 1739 qui
1086 1670 1290 1738 gratias
1313 1642 1454 1734 vagit,
1487 1663 1695 1718 clarum
1727 1670 1812 1737 est
1838 1659 1979 1728 quod
2011 1672 2135 1726 pro-

2237 1658 2558 1729 βουλόμενος
2605 1653 2850 1723 ποιῆσαι,
2889 1653 3049 1704 αἰτεῖ·
3086 1649 3199 1702 ,καὶ
3250 1650 3279 1701 ὁ
3324 1642 3817 1744 ἐξομολογούμενος

572 1731 705 1833 priis
743 1762 896 1817 bonis
930 1731 1173 1829 gaudens
1202 1755 1278 1822 ei,
1329 1731 1422 1822 qui
1455 1752 1541 1807 illa
1577 1731 1905 1821 suppeditat,
1934 1747 2135 1817 gratias

2237 1748 2421 1802 κακῶν
2459 1745 2843 1812 ἀπαλλαγῆναι
2898 1740 3101 1810 ζητῶν,
3144 1737 3337 1791 ἑαυτὸν
3380 1731 3814 1833 προσαγγέλλει,

565 1822 695 1923 agit.
734 1853 834 1920 Qui
873 1822 1052 1905 autem
1093 1847 1394 1918 gloriﬁcat,
1444 1843 1627 1912 seipse
1668 1842 1892 1895 dimisso
1921 1847 1975 1893 et
2023 1837 2135 1891 suis

2235 1838 2334 1892 καὶ
2361 1834 2700 1907 εὐχαριστῶν
2728 1833 2886 1903 δῆλός
2913 1834 3083 1896 ἐστιν,
3115 1831 3198 1882 ὅτι
3227 1829 3341 1890 τοῖς
3396 1825 3552 1887 ἰδίοις
3585 1822 3816 1890 ἀγαθοῖς

566 1916 823 2002 omnibus
874 1942 1050 2011 ipsum
1098 1916 1321 2006 prapter
1366 1935 1566 2003 ipsum,
1611 1941 1666 1987 et
1709 1931 1885 1999 ipsius
1923 1927 2134 1984 Domini
2170 1996 2198 2011 _

2181 1996 2209 2011 _
2238 1930 2445 2001 χαίρων
2493 1928 2826 1996 εὐχαριστεῖ·
2859 1926 2887 1978 ὁ
2933 1923 2989 1976 δὲ
3037 1920 3354 1987 δοξολογῶν,
3387 1916 3578 1971 ἑαυτὸν
3632 1916 3813 1983 ἀφεὶς,

569 1996 862 2105 potentiam
898 1996 971 2085 'et
1030 1996 1250 2098 gloriam
1310 1996 1595 2097 glo-riilcat.
1656 1996 1927 2078 Praeterea
1957 2060 1972 2084 ,
2022 2021 2134 2088 ipsa
2170 1996 2201 2047 Ε

2181 1996 2211 2047 Β
2240 1996 2435 2074 οιαὶ-τὰ
2477 2016 2673 2071 ἑαυτοῦ
2708 2016 2909 2080 πάντα,
2944 2014 3108 2066 αὐτὸν
3137 2010 3204 2064 δι’
3234 2010 3420 2074 αὐτὸν,
3452 2008 3544 2060 καὶ
3582 2007 3682 2075 τὴν
3712 2008 3813 2058 αὐ·

567 2099 732 2178 etiam
763 2133 952 2174 natura
987 2129 1033 2171 et
1070 2118 1148 2172 rei
1177 2114 1550 2185 probabilitas,
1576 2112 1660 2166 hic
1689 2113 1917 2178 primam
1942 2108 2141 2178 gloriﬁ-

2243 2111 2334 2164 τοῦ
2388 2111 2618 2179 δύναμιν
2689 2106 2783 2160 καὶ
2826 2104 3004 2170 δόξαν,
3060 2103 3153 2156 τὸν
3195 2101 3471 2167 Δεσπότην
3520 2099 3815 2164 δοξολογεῖ·

566 2216 836 2271 cntionem
869 2212 1055 2280 exigit.
1082 2209 1331 2263 Protinus
1356 2208 1500 2261 enim
1528 2206 1593 2259 ad
1622 2205 1790 2259 Deum
1820 2203 2140 2258 accedentes

2243 2204 2434 2257 ἔπειτα
2457 2202 2553 2254 καὶ
2580 2200 2718 2270 αὐτὴ
2749 2200 2782 2268 ἡ
2818 2197 3005 2266 φύσις,
3040 2196 3135 2248 καὶ
3167 2193 3227 2246 τὸ
3247 2193 3393 2255 εἰκὸς
3424 2191 3518 2244 τοῦ
3549 2191 3820 2260 πρᾶγμα-

570 2302 939 2359 accessibilcm
989 2300 1108 2366 ejus
1153 2298 1399 2367 gloriam,
1430 2305 1485 2350 et
1518 2296 1819 2367 potentiam
1851 2303 1905 2349 et
1938 2292 2144 2359 magni-

2240 2315 2332 2361 τος
2372 2295 2608 2349 ἐνταύοα
2644 2292 2868 2362 πρώτην
2885 2291 3108 2343 ἀπαιτεῖ
3140 2287 3239 2359 τὴν
3266 2284 3602 2353 δοξολογίαν.
3637 2283 3820 2345 Εὐθὺς

573 2395 813 2448 tudinem
844 2402 1022 2445 mente
1051 2390 1377 2458 cogitamus,
1403 2388 1549 2456 quod
1574 2387 1795 2455 quidem
1855 2384 2141 2438 admiratio

2242 2389 2350 2458 γὰρ
2376 2388 2453 2457 τῷ
2473 2386 2593 2456 Θεῷ
2620 2384 3072 2456 προσερχόμενοι,
3113 2380 3174 2435 τὸ
3202 2382 3499 2451 ἀπρόσιτον
3537 2378 3634 2447 τῆς
3658 2377 3818 2447 δόξης

575 2492 629 2538 rt
657 2466 1074 2552 obstupefactio,
1105 2487 1159 2533 et
1184 2494 1307 2548 qua:
1337 2485 1465 2532 sunt
1495 2475 1758 2543 ejusmodi
1793 2487 2141 2542 consequun-

2242 2478 2405 2531 αὐτοῦ
2446 2478 2540 2530 καὶ
2583 2476 2682 2546 τὴν
2705 2477 2962 2545 δύναμιν,
3003 2476 3099 2529 καὶ
3135 2474 3198 2528 τὸ
3238 2473 3535 2543 μεγαλεῖον
3584 2487 3816 2523 κατανο-

579 2588 689 2640 tur,
704 2578 806 2629 hoc
832 2581 1014 2627 autem
1039 2569 1358 2637 gloriﬁcatio
1383 2566 1689 2622 necessario
1719 2566 1987 2635 sequitur.
2011 2564 2143 2619 Pro-

2240 2565 2429 2634 οὖμεν⁶
2457 2558 2500 2632 ᾧ
2530 2565 2732 2633 θαῦμα,
2768 2568 2863 2618 καὶ
2888 2563 3150 2633 ἔκπληξις
3203 2564 3297 2615 καὶ
3332 2564 3398 2615 τὰ
3426 2560 3652 2616 τοιαῦτα
3684 2562 3815 2612 datr.-

577 2671 833 2724 eedentes
882 2674 1061 2718 autem
1095 2663 1214 2731 ejus
1242 2661 1627 2729 benignitatem
1659 2668 1715 2714 et
1753 2660 2139 2712 humanitatem

2240 2657 2444 2721 λουθετ,
2468 2657 2629 2710 τοῦτο
2659 2658 2715 2711 δὲ
2748 2660 2781 2727 ὴ
2821 2657 3121 2725 δοξολογία.
3179 2656 3463 2724 Προῑόντες
3479 2654 3555 2719 δὲ,
3587 2654 3685 2723 τὴν
3716 2655 3816 2707 αὐ-

576 2757 877 2809 ύὶειοῖιιιυδζ
925 2751 1068 2821 quod
1101 2750 1454 2818 consequitur
1487 2748 1782 2818 gratiarum
1811 2749 1977 2801 actio.
2010 2749 2142 2803 Post

2240 2749 2334 2802 τοῦ
2370 2749 2705 2820 χρησότητα,
2738 2751 2832 2801 καὶ
2849 2748 3181 2815 δοξολογίαν,
3231 2748 3326 2800 καὶ
3378 2745 3811 2817 φιλανθρωπίαν.

575 2848 678 2899 hoc.
738 2842 1003 2912 insignem
1057 2840 1175 2911 ejus
1244 2839 1638 2908 benignitatem
1686 2847 1742 2892 et
1783 2838 2141 2893 humanitatis

2240 2834 2284 2908 ᾧ
2317 2840 2604 2894 ἀκολουθεί
2633 2842 2665 2911 ἡ
2697 2842 3045 2911 εὐχαριστία*
3085 2838 3224 2908 μετὰ
3250 2838 3428 2903 τοῦτο,
3457 2838 3554 2909 τὴν
3585 2836 3818 2908 ὑπερσο-

572 2932 791 2987 divitias
820 2930 1249 2991 consideramus,
1287 2938 1530 2981 nostram
1563 2926 1966 2996 improbitatem
1995 2927 2140 2981 illius

2240 2932 2338 3002 λὴν
2359 2930 2523 2985 αὐτοῦ
2552 2933 2647 3003 τῆς
2666 2933 3057 3004 χρηστότητος,
3085 2935 3177 2986 καὶ
3197 2932 3287 2985 τὸν
3315 2931 3547 2986 πλοῦτον
3569 2931 3667 2999 τῆς
3696 2931 3817 2999 φιλ-

572 3023 847 3077 suﬂiciens
886 3034 1005 3075 esse
1058 3019 1273 3088 signum
1321 3019 1625 3073 ducentes:
1663 3018 1808 3087 quod
1843 3033 1966 3073 cum
2005 3019 2138 3074 tales

2240 3025 2556 3093 ανθρωπίας
2609 3024 3055 3092 ἁνασκοποῦμεν,
3105 3024 3310 3091 ταύτης
3361 3022 3668 3094 ὐπερόολῆς
3721 3024 3816 3073 καὶ

575 3119 767 3176 simus,
800 3128 904 3168 nos
932 3112 1211 3167 beneﬁciis
1243 3111 1455 3166 afﬁcere
1485 3126 1759 3181 nunquam
1790 3119 1987 3167 cesset.
2024 3109 2139 3166 Hoc
2167 3145 2171 3149 ν

2239 3116 2434 3170 τούτου
2473 3116 2569 3168 τοῦ
2608 3116 2842 3169 πλούτου
2878 3119 3108 3185 σημεῖον
3134 3116 3451 3185 ποιούμενοι
3479 3115 3694 3184 πρῶτον
3723 3122 3816 3170 καὶ

575 3207 723 3258 enim
757 3204 993 3274 signum,
1034 3202 1195 3256 ctiam
1225 3212 1352 3256 ante
1384 3201 1513 3268 alia,
1546 3216 1648 3258 nos
1680 3200 1835 3257 docet
1866 3217 2025 3271 quam
2055 3210 2138 3256 est

2242 3206 2443 3272 ἱκανὸν,
2474 3207 2622 3276 τὴνὴ
2633 3206 2749 3276 μῶν
2777 3205 2956 3259 αὐτῶν
2992 3205 3279 3275 πονηρίαν,
3304 3207 3388 3259 ὅτι
3417 3207 3691 3267 τοιούτους
3713 3203 3816 3257 ’δν-

577 3292 842 3361 benignus
873 3298 927 3345 et
976 3292 1242 3346 humanus
1292 3290 1458 3381 Deus,
1495 3293 1639 3360 quod
1684 3292 1738 3347 in
1782 3292 1961 3355 nobis,
1993 3294 2136 3362 quod
2162 3318 2208 3381 ο

2183 3318 2208 3381 3
2239 3313 2361 3361 τας,
2397 3296 2700 3363 εὐεργετῶν
2731 3296 2792 3348 οὐ
2823 3295 3108 3348 διαλείπει.
3144 3295 3315 3348 Τοῦτο
3346 3294 3535 3364 γὰρτὸ
3563 3296 3815 3363 σημεῖον,

577 3395 703 3437 ante
723 3383 867 3452 ipsos
893 3382 1099 3438 oculos.
1137 3378 1458 3437 Nostrorum
1489 3394 1669 3438 autem
1702 3384 1969 3438 malorum
2000 3387 2139 3455 apud
2180 3378 2191 3381 ⁷

2187 3378 2191 3380 ’
2245 3388 2340 3440 καὶ
2366 3386 2471 3458 πρὸ
2496 3387 2605 3440 τῶν
2638 3386 2813 3441 ἄλλων
2873 3388 3018 3455 ἡμᾶς
3050 3387 3289 3439 διδάσκει
3322 3387 3446 3440 ὅσον
3484 3386 3599 3437 ἐστὶ
3628 3387 3819 3453 φιλάνο

579 3474 744 3531 Deum
769 3474 1101 3539 meminisse,
1122 3475 1224 3529 hoc
1245 3475 1488 3542 estquod
1510 3475 1818 3528 nominatur
1851 3474 2142 3529 confessio.

2245 3475 2459 3545 θρωπος
2494 3479 2521 3528 ὁ
2550 3477 2702 3540 Θεὸς,
2754 3478 2837 3529 ὅτι
2862 3477 3178 3545 ἐγγύτερον,
3205 3478 3285 3529 ὅτι
3314 3479 3371 3530 ὲν
3394 3478 3548 3546 ἡμῖν,
3603 3477 3686 3528 ὅτι
3713 3478 3819 3544 πρὸ

575 3566 843 3633 Quartum
891 3577 1093 3628 autem,
1148 3565 1355 3634 petitio.
1388 3565 1820 3619 Consentaneum
1870 3565 2015 3619 enim
2064 3575 2147 3620 cst

2245 3568 2353 3621 τῶν
2377 3567 2693 3637 ὀφθαλμῶν,
2737 3569 2811 3620 Τὸ
2836 3568 2891 3621 δὲ
2914 3568 3227 3637 μεμνῆσθαι
3251 3569 3359 3620 τῶν
3390 3569 3675 3639 ἡμετέρων
3717 3585 3817 3621 κα-

575 3658 886 3721 conlidere,
918 3657 1061 3725 quod
1115 3655 1201 3708 illa
1247 3670 1473 3725 quorum
1510 3671 1754 3725 egemus,
1789 3667 2034 3724 petentes
2081 3672 2143 3711 ea

2246 3659 2357 3712 κῶν
2392 3658 2532 3729 πρὸς
2552 3658 2642 3711 τὶν
2668 3658 2819 3721 Θεὸν,
2847 3660 3005 3713 τοῦτό
3062 3662 3209 3713 ἐστιν
3239 3661 3268 3713 ὃ
3299 3660 3680 3729 ἐξομολόγησις
3707 3660 3822 3713 ὀνθ-

578 3759 1000 3813 cousequemur,
1037 3752 1161 3812 post
1197 3758 1291 3799 eas
1337 3744 1820 3812 considerationes,
1855 3745 1912 3799 in
1948 3746 2146 3815 quibus

2250 3748 2506 3819 μάζεται.
2541 3749 2813 3818 Τέταρτον
2862 3751 2942 3814 δὲ,
3001 3750 3304 3820 ήαίτησις.
3345 3750 3660 3803 Ἀκὸλουθον
3711 3751 3821 3818 γὰρ

580 3835 676 3890 Dei
707 3836 759 3888 iu
787 3848 883 3890 nos
911 3834 1300 3904 benignitatem
1325 3845 1380 3888 et
1406 3835 1794 3889 humanitatem
1827 3836 2142 3892 ediscimus.

2251 3839 2494 3910 θαρρεῖν,
2556 3841 2631 3901 ὡς
2663 3833 2737 3892 ὧν
2796 3841 3050 3910 δεόμεθα,
3090 3842 3427 3910 αἰτούμενοι,
3486 3842 3818 3911 τευξόμεθα.

580 3927 683 3994 Qui
718 3927 858 3982 enim
898 3926 962 3980 iis
989 3926 1082 3996 qui
1135 3925 1260 3980 mali
1319 3929 1499 3982 adhuc
1551 3937 1728 3995 erant,
1780 3929 1956 3984 bonus
2012 3928 2145 3993 fuit,

2250 3929 2387 3996 μετὰ
2420 3928 2638 3991 τούτους
2667 3930 2790 3991 τοὺς
2829 3929 3119 3999 λογισμοὺς
3150 3933 3208 3984 ὲν
3250 3925 3328 3995 οἷς
3367 3931 3465 4002 τὴν
3495 3933 3624 4003 περὶ
3671 3933 3824 4002 ἡμᾶς

576 4023 841 4094 quidnam
872 4022 978 4076 erit
1005 4019 1246 4086 mutatis,
1278 4032 1332 4075 et
1366 4021 1509 4090 quod
1535 4021 1693 4089 primi
1737 4032 1952 4091 peccata
1987 4020 2147 4076 dixe-

2248 4018 2341 4071 τοῦ
2365 4018 2499 4071 Θεοῦ
2541 4022 2883 4093 χρηστότητα
2913 4024 3007 4075 καὶ
3036 4021 3442 4092 φιλανθρωπίαν
3472 4022 3822 4089 καταμανθὰ-

581 4117 711 4181 rint,
751 4115 1081 4185 iustiﬁcatis,
1119 4114 1509 4170 convenienter
1554 4114 1603 4167 ei
1638 4114 1774 4182 quod
1810 4130 1837 4166 a
1886 4115 2148 4183 propheta

2250 4128 2431 4180 νομεν.
2473 4113 2533 4164 Ὀ
2564 4110 2669 4182 γὰρ
2697 4116 2956 4182 πονηροῖς
2973 4110 3123 4166 οὖσιν
3149 4114 3232 4167 ἔτι
3279 4115 3570 4183 γενόμενος
3595 4116 3820 4184 ἀγαθὸς,

579 4206 785 4260 dictum
813 4214 935 4261 est:
972 4225 991 4256 ς
1031 4205 1127 4260 Dic
1162 4207 1367 4274 primus
1403 4214 1621 4274 peccata
1652 4214 1763 4271 tua,
1794 4215 1856 4259 ut
1887 4206 2149 4274 justitlce—

2248 4200 2329 4262 τίς
2360 4200 2426 4254 ἂν
2475 4202 2687 4268 γένοιτο
2735 4201 3261 4273 μεταϐαλλομένοις,
3293 4205 3387 4258 καὶ
3435 4207 3525 4259 διὰ
3565 4206 3624 4259 τδ
3648 4209 3824 4260 εἰπεῖν

585 4297 662 4351 ris
691 4295 715 4349 ἲ
744 4314 762 4346 ι
795 4293 850 4346 In
884 4293 1258 4364 compellando
1285 4309 1416 4362 ergo
1446 4295 1549 4347 Deo
1580 4294 1811 4361 primum
1843 4294 2014 4348 locum
2051 4294 2149 4348 ba-

2251 4293 2516 4363 πρότερον
2542 4294 2637 4355 τὰς
2669 4293 2970 4362 ἁμαρτίας,
2992 4295 3352 4360 δικαιωθεῖσι,
3392 4297 3534 4351 κατά
3574 4298 3637 4351 τὺ
3672 4301 3823 4367 εἰρη-

589 4386 681 4441 bet
705 4384 1049 4453 gloriﬁca‘tio.
1079 4382 1426 4451 Quapropter
1478 4395 1603 4436 ante
1651 4398 1841 4438 omnes
1875 4399 2062 4452 preces
2098 4397 2152 4439 et

2255 4383 2417 4452 μένον
2450 4383 2554 4435 ὑπὸ
2594 4380 2689 4435 τοῦ
2751 4386 3034 4453 προφήτου
3067 4402 3079 4415 ·
3121 4405 3140 4436 ί
3166 4386 3302 4454 Λέγε
3332 4388 3396 4440 σύ
3453 4387 3669 4457 πρῶτον
3725 4390 3824 4451 τὰς

581 4490 746 4532 omne
799 4473 1122 4528 sacriﬁcium
1168 4472 1423 4527 sacerdos
1477 4473 1746 4542 gieriticat
1807 4474 1999 4530 Deum.
2044 4476 2153 4531 Cur

2231 4474 2529 4544 κάμαρτίας
2600 4476 2718 4537 σοῦ,
2772 4475 2860 4527 ἵνα
2917 4476 3253 4548 δικαιωθῇς;
3320 4496 3338 4529 ι
3388 4479 3548 4533 Οὕτω
3597 4481 3823 4550 πρώτην

582 4580 715 4636 ergo
745 4574 828 4618 ter
879 4563 1044 4616 Deum
1094 4561 1410 4629 gloriﬁcans
1439 4561 1655 4624 eﬂ‘atur.
1690 4573 1744 4618 et
1775 4580 1879 4618 non
1916 4566 2166 4634 singula-'

2253 4564 2367 4633 ἔχει
2395 4563 2545 4631 τάξιν
2576 4563 2685 4616 τῶν
2733 4565 2868 4635 πρὸς
2921 4564 3054 4618 Θεὸν
3102 4566 3395 4631 ἐντεύξεων
3440 4569 3474 4639 ή
3519 4567 3820 4637 δοξολογία.

585 4655 761 4712 riter?
789 4654 906 4710 Non
935 4657 1078 4707 enim
1121 4651 1441 4707 Benedictus
1472 4653 1634 4719 Deus,
1673 4654 1758 4709 vel
1802 4653 2147 4710 Benedictum
2182 4661 2217 4714 ί]

2194 4661 2224 4714 D
2254 4657 2349 4706 Διὰ
2370 4655 2525 4707 τοῦτο
2569 4656 2671 4725 πρύ
2703 4658 2881 4723 πάσης
2945 4657 3114 4726 εὐχῆς
3171 4659 3265 4711 καὶ
3314 4659 3637 4729 ἱερολογίας.
3690 4663 3719 4713 ὁ
3751 4663 3826 4713 ἱε-

586 4749 680 4804 Dei
711 4762 957 4817 regnum,
994 4744 1084 4801 sed
1117 4744 1327 4798 divisim
1380 4760 1473 4813 per
1508 4759 1765 4813 personas
1798 4760 1813 4798 :
1855 4762 1876 4797 ι
1917 4747 2146 4802 Benedi-

2253 4748 2379 4815 Psb;
2414 4745 2681 4814 δοξολογεῖ
2714 4749 2803 4799 τδν
2836 4747 2990 4801 Θεόν.
3024 4748 3090 4800 Τί
3126 4748 3219 4803 οὖν
3258 4751 3319 4804 τδ
3370 4752 3589 4822 τρισσὸν
3631 4755 3827 4821 ἐπιψη-

583 4848 731 4894 etum
765 4836 853 4892 Dei
881 4850 1129 4905 regnum,
1158 4833 1329 4888 Patris
1351 4845 1406 4888 et
1424 4834 1540 4888 Filii
1562 4844 1613 4888 et
1645 4833 1880 4903 Spiritus
1912 4836 2141 4891 sancti.»

2257 4837 2401 4905 μίξει
2431 4838 2525 4889 τοῦ
2551 4835 2684 4890 Θεοῦ
2711 4839 2805 4891 καὶ
2831 4838 2890 4890 οὐ
2931 4839 2991 4891 τὸ
3027 4839 3263 4903 ένιαῖονς
3296 4842 3371 4895 Οὐ
3396 4843 3505 4913 γὰρ
3535 4843 3826 4914 εὐλογητὸς

584 4928 720 4992 Quia
751 4942 848 4996 per
886 4928 1112 4997 primam
1143 4923 1348 4979 Christi
1376 4925 1807 4980 incarnationem
1841 4925 2145 4980 didicerunt

2251 4934 2278 4983 ὁ
2323 4931 2531 5001 Θεὸς,ἢ
2565 4932 2902 5002 εὐλογημένη
2945 4934 2978 5002 ἡ
3034 4933 3297 5001 βασιλεία,
3330 4934 3464 4987 ἀλλὰ
3512 4937 3625 4998 τοῖς
3655 4951 3822 5006 προσ-

589 5017 856 5080 ltomines,
893 5016 1035 5083 quod
1086 5025 1196 5069 tres
1230 5028 1473 5083 personat
1511 5012 1650 5068 Deus
1680 5022 1784 5068 est.
1832 5013 2005 5083 Hujus
2046 5029 2147 5068 au-

2252 5022 2420 5084 ῶποις
2469 5022 2829 5096 διῃρημένως·
2885 5046 2902 5075 ι
2935 5024 3285 5095 Εὐλογημένη
3345 5028 3378 5095 ἡ
3437 5026 3686 5095 βασιλεία
3729 5031 3824 5081 τοῦ

587 5117 695 5160 tem
737 5105 947 5160 Domini
987 5106 1380 5162 incarnationis
1432 5107 1751 5176 mysterium
1806 5116 1930 5162 sunt
1988 5121 2147 5162 sacra

2254 5113 2465 5180 Πατρος
2494 5115 2586 5166 καὶ
2610 5114 2702 5167 τοῦ
2730 5110 2879 5178 Υῐοῦ,
2903 5119 2993 5167 καὶ
3024 5115 3116 5167 τοῦ
3138 5117 3293 5183 ἁγίου
3322 5117 3659 5183 Πνεύματος·
3697 5138 3713 5171 t
3742 5120 3824 5172 ὅτι

584 5209 707 5264 qua:
737 5195 1098 5249 celebrantur.
1123 5195 1277 5251 Unde
1309 5197 1358 5250 in
1385 5175 1571 5251 eorum
1596 5198 1837 5252 exordiis
1865 5201 2150 5268 oportebat

2253 5204 2343 5256 διὰ
2364 5175 2461 5272 τῆς
2498 5175 2963 5276 ὲνανθρωπήσεως
2996 5208 3088 5261 τοῦ
3124 5175 3330 5278 Κυρίου
3353 5175 3571 5280 πρῶτον
3590 5175 3829 5281 ἐμάνθα-

584 5284 909 5340 Trinitatem
948 5285 1293 5354 resplendere
1327 5297 1380 5341 et
1443 5288 1750 5357 praedicari.
1786 5289 1915 5344 Post
1944 5291 2145 5361 glorifi-

2255 5311 2343 5346 νον
2374 5297 2421 5347 οἱ
2454 5294 2736 5366 ἄνθρωποι
2766 5296 2842 5359 ὡς
2868 5297 2954 5369 εἴη
2994 5297 3119 5367 τρία
3143 5302 3411 5369 πρόσωπα
3442 5304 3472 5354 δ
3495 5302 3644 5363 Θεὸς.
3683 5303 3826 5355 Ταύ-

582 5375 855 5430 cationem
903 5382 1122 5439 autem,
1179 5376 1476 5430 introducit
1531 5376 1882 5446 petitionem,
1935 5379 2150 5443 dicens,

2251 5403 2349 5455 της
2386 5385 2446 5439 δὲ
2475 5387 2573 5456 τῆς
2602 5386 3062 5457 ὲνανθρωπήσεως
3099 5392 3192 5443 τοῦ
3229 5393 3435 5462 Κυρίου
3465 5396 3826 5464 μυσταγωγία

589 5483 611 5516 ς
652 5465 706 5518 lu
736 5477 866 5534 pace
900 5461 1183 5516 Dominum
1213 5479 1468 5533 oremus;
1514 5486 1533 5520 ι
1572 5467 1702 5522 illud
1736 5469 1881 5523 enim
1903 5508 1919 5535 ,
1954 5488 1973 5521 ι
2013 5470 2153 5535 Quid

2252 5477 2369 5528 ἐστὶ
2391 5477 2815 5544 τὰ,τελούμενα·
2870 5479 2993 5533 ὅθεν
3026 5482 3220 5544 ἐντοῖς
3277 5485 3585 5555 προοιμίοις
3646 5487 3827 5540 αὐτῶν

579 5571 804 5612 oremus
839 5567 898 5611 ut
926 5562 1161 5625 Oportet,
1186 5544 1493 5624 nescimus;
1535 5577 1555 5611 ι
1594 5568 1647 5616 et
1677 5573 1745 5614 ne
1771 5561 1941 5615 multa
1973 5569 2028 5614 et
2060 5574 2152 5614 su-
2252 5564 2358 5616 ἔδει
2384 5566 2765 5634 προσλάμπειν
2790 5568 2885 5620 καὶ
2909 5544 3388 5642 κηρύττεσθαιτην
3412 5544 3635 5641 ipsa;
3668 5575 3827 5629 Μετὰ

581 5661 919 5716 pervacanea
972 5645 1294 5714 loquamur,
1344 5645 1544 5700 docens
1592 5661 1690 5701 nos
1740 5663 1858 5717 quae
1903 5647 2153 5703 oratione

2249 5653 2306 5706 δὲ
2334 5656 2430 5724 τὴν
2463 5654 2769 5724 δοξολογίαν
2792 5661 3002 5727 εἰσάγει
3027 5662 3125 5730 τὴν
3157 5665 3388 5736 αἴτησιν,
3429 5665 3621 5733 λέγων.
3660 5687 3678 5719 ι
3739 5669 3829 5721 Ἐν

584 5738 828 5794 iacienda
869 5749 1026 5804 sunt;
1058 5747 1110 5792 et
1138 5737 1311 5807 primo
1335 5737 1490 5792 docet
1521 5739 1757 5805 modum,
1784 5753 1973 5808 nempe
2002 5741 2146 5808 quod

2258 5746 2447 5816 εἰρήνῃ
2480 5747 2572 5798 τοῦ
2603 5747 2806 5819 Κυρίου
2842 5751 3144 5823 δεηθῶμεν.
3187 5774 3204 5805 ι
3238 5757 3311 5808 Τὸ
3340 5759 3466 5826 γὰρ,
3508 5776 3523 5806 ι
3561 5759 3623 5809 Τί
3664 5776 3835 5830 προσ-
