  <div class='ocr_page' id='page_1' title='image "/cluster/home/n/w/nwhite01/storage/ocr_20150623/150/mdp.39015078384743/204.png"; bbox 0 0 4158 6306; ppageno 0'>
   <div class='ocr_carea' id='block_1_1' title="bbox 343 344 456 405">
    <p class='ocr_par' dir='ltr' id='par_1_1' title="bbox 343 344 456 405">
     <span class='ocr_line' id='line_1_1' title="bbox 343 344 456 405; baseline -0.009 0"><span class='ocrx_word' id='word_1_1' title='bbox 343 344 456 405; x_wconf 83' lang='lat'><strong>3‘3</strong></span> 
     </span>
    </p>
   </div>
   <div class='ocr_carea' id='block_1_2' title="bbox 1543 342 2410 406">
    <p class='ocr_par' dir='ltr' id='par_1_2' title="bbox 1543 342 2410 406">
     <span class='ocr_line' id='line_1_2' title="bbox 1543 342 2410 406; baseline -0.007 0"><span class='ocrx_word' id='word_1_2' title='bbox 1543 345 1942 406; x_wconf 72' lang='lat' dir='ltr'><strong>LITUBGLE</strong></span> <span class='ocrx_word' id='word_1_3' title='bbox 1983 342 2410 404; x_wconf 79' lang='lat' dir='ltr'><strong>EXPOSITIO.</strong></span> 
     </span>
    </p>
   </div>
   <div class='ocr_carea' id='block_1_3' title="bbox 3483 344 3582 401">
    <p class='ocr_par' dir='ltr' id='par_1_3' title="bbox 3483 344 3582 401">
     <span class='ocr_line' id='line_1_3' title="bbox 3483 344 3582 401; baseline 0 0"><span class='ocrx_word' id='word_1_4' title='bbox 3483 344 3582 401; x_wconf 62' lang='grc' dir='ltr'><strong>ΐῖἱιί</strong></span> 
     </span>
    </p>
   </div>
   <div class='ocr_carea' id='block_1_4' title="bbox 342 448 1941 522">
    <p class='ocr_par' dir='ltr' id='par_1_4' title="bbox 342 448 1920 522">
     <span class='ocr_line' id='line_1_4' title="bbox 342 448 1920 522; baseline -0.001 -16"><span class='ocrx_word' id='word_1_5' title='bbox 342 451 616 519; x_wconf 56' lang='grc' dir='ltr'>ευξόλριεθα</span> <span class='ocrx_word' id='word_1_6' title='bbox 649 448 774 503; x_wconf 72' lang='grc' dir='ltr'>καθ’</span> <span class='ocrx_word' id='word_1_7' title='bbox 805 448 832 500; x_wconf 79' lang='grc' dir='ltr'><strong><em>ὃ</em></strong></span> <span class='ocrx_word' id='word_1_8' title='bbox 855 449 951 513; x_wconf 86' lang='grc' dir='ltr'>δεῖ,</span> <span class='ocrx_word' id='word_1_9' title='bbox 979 449 1076 501; x_wconf 69' lang='grc' dir='ltr'>οὒκ</span> <span class='ocrx_word' id='word_1_10' title='bbox 1104 450 1345 519; x_wconf 66' lang='grc' dir='ltr'>οἴδαμεν·</span> <span class='ocrx_word' id='word_1_11' title='bbox 1381 471 1398 503; x_wconf 75' lang='grc' dir='ltr'><strong>ι</strong></span> <span class='ocrx_word' id='word_1_12' title='bbox 1441 454 1534 506; x_wconf 66' lang='grc' dir='ltr'><strong>καὶ</strong></span> <span class='ocrx_word' id='word_1_13' title='bbox 1567 455 1655 507; x_wconf 76' lang='grc' dir='ltr'><strong>ἵνα</strong></span> <span class='ocrx_word' id='word_1_14' title='bbox 1686 454 1759 521; x_wconf 82' lang='grc' dir='ltr'>μὴ</span> <span class='ocrx_word' id='word_1_15' title='bbox 1790 453 1920 522; x_wconf 73' lang='grc' dir='ltr'>βκτο</span> 
     </span>
    </p>
   </div>
   <div class='ocr_carea' id='block_1_5' title="bbox 2040 448 3602 522">
    <p class='ocr_par' dir='ltr' id='par_1_5' title="bbox 2048 451 3602 522">
     <span class='ocr_line' id='line_1_5' title="bbox 2048 451 3602 522; baseline 0 -16"><span class='ocrx_word' id='word_1_16' title='bbox 2048 472 2076 506; x_wconf 84' lang='lat' dir='ltr'><strong>u</strong></span> <span class='ocrx_word' id='word_1_17' title='bbox 2115 469 2244 521; x_wconf 85' lang='lat' dir='ltr'><strong>pace</strong></span> <span class='ocrx_word' id='word_1_18' title='bbox 2279 467 2440 507; x_wconf 88' lang='lat' dir='ltr'><strong>orare</strong></span> <span class='ocrx_word' id='word_1_19' title='bbox 2479 460 2711 522; x_wconf 86' lang='lat' dir='ltr'><strong>oportet.</strong></span> <span class='ocrx_word' id='word_1_20' title='bbox 2757 451 2894 517; x_wconf 87' lang='lat' dir='ltr'><strong>Quid</strong></span> <span class='ocrx_word' id='word_1_21' title='bbox 2925 466 3053 519; x_wconf 75' lang='lat' dir='ltr'><strong>ergo</strong></span> <span class='ocrx_word' id='word_1_22' title='bbox 3088 462 3206 520; x_wconf 87' lang='lat' dir='ltr'><strong>post</strong></span> <span class='ocrx_word' id='word_1_23' title='bbox 3246 453 3602 522; x_wconf 72' lang='lat' dir='ltr'><strong>gloi-iticatio-</strong></span> 
     </span>
    </p>
   </div>
   <div class='ocr_carea' id='block_1_6' title="bbox 343 541 1932 615">
    <p class='ocr_par' dir='ltr' id='par_1_6' title="bbox 343 541 1932 615">
     <span class='ocr_line' id='line_1_6' title="bbox 343 541 1932 615; baseline 0 -19"><span class='ocrx_word' id='word_1_24' title='bbox 343 543 686 612; x_wconf 74' lang='grc' dir='ltr'>τολογῶμεν,</span> <span class='ocrx_word' id='word_1_25' title='bbox 717 541 961 594; x_wconf 76' lang='grc' dir='ltr'>διδάσκει</span> <span class='ocrx_word' id='word_1_26' title='bbox 983 542 1132 612; x_wconf 80' lang='grc' dir='ltr'>ἡμᾶς</span> <span class='ocrx_word' id='word_1_27' title='bbox 1156 542 1192 596; x_wconf 75' lang='grc' dir='ltr'>ἃ</span> <span class='ocrx_word' id='word_1_28' title='bbox 1214 543 1294 595; x_wconf 90' lang='grc' dir='ltr'><strong>δεῖ</strong></span> <span class='ocrx_word' id='word_1_29' title='bbox 1323 547 1452 613; x_wconf 84' lang='grc' dir='ltr'>περὶ</span> <span class='ocrx_word' id='word_1_30' title='bbox 1476 545 1574 611; x_wconf 77' lang='grc' dir='ltr'>τῆς</span> <span class='ocrx_word' id='word_1_31' title='bbox 1629 545 1814 615; x_wconf 81' lang='grc' dir='ltr'><strong>εὐχῆς·</strong></span> <span class='ocrx_word' id='word_1_32' title='bbox 1838 545 1932 596; x_wconf 75' lang='grc' dir='ltr'><strong>καὶ</strong></span> 
     </span>
    </p>
   </div>
   <div class='ocr_carea' id='block_1_7' title="bbox 351 629 1932 704">
    <p class='ocr_par' dir='ltr' id='par_1_7' title="bbox 351 629 1932 704">
     <span class='ocr_line' id='line_1_7' title="bbox 351 629 1932 704; baseline -0.001 -16"><span class='ocrx_word' id='word_1_33' title='bbox 351 635 568 703; x_wconf 82' lang='grc' dir='ltr'>πρῶτον</span> <span class='ocrx_word' id='word_1_34' title='bbox 593 634 683 684; x_wconf 80' lang='grc' dir='ltr'><strong>τὸν</strong></span> <span class='ocrx_word' id='word_1_35' title='bbox 715 633 916 702; x_wconf 83' lang='grc' dir='ltr'>τρόπον</span> <span class='ocrx_word' id='word_1_36' title='bbox 947 634 1027 686; x_wconf 82' lang='grc' dir='ltr'>ὅτι</span> <span class='ocrx_word' id='word_1_37' title='bbox 1061 635 1119 684; x_wconf 83' lang='grc' dir='ltr'>ὲν</span> <span class='ocrx_word' id='word_1_38' title='bbox 1173 635 1366 704; x_wconf 80' lang='grc' dir='ltr'><strong>εἰρήνῃ</strong></span> <span class='ocrx_word' id='word_1_39' title='bbox 1417 634 1696 704; x_wconf 77' lang='grc' dir='ltr'>εὔχεσθαι.</span> <span class='ocrx_word' id='word_1_40' title='bbox 1750 635 1814 687; x_wconf 88' lang='grc' dir='ltr'><strong>Τί</strong></span> <span class='ocrx_word' id='word_1_41' title='bbox 1840 629 1932 686; x_wconf 78' lang='grc' dir='ltr'><strong>οὖν</strong></span> 
     </span>
    </p>
   </div>
   <div class='ocr_carea' id='block_1_8' title="bbox 361 705 1929 794">
    <p class='ocr_par' dir='ltr' id='par_1_8' title="bbox 361 722 1929 794">
     <span class='ocr_line' id='line_1_8' title="bbox 361 722 1929 794; baseline 0 -18"><span class='ocrx_word' id='word_1_42' title='bbox 361 725 502 794; x_wconf 85' lang='grc' dir='ltr'><strong>μετὰ</strong></span> <span class='ocrx_word' id='word_1_43' title='bbox 531 725 625 792; x_wconf 76' lang='grc' dir='ltr'><strong>τὴν</strong></span> <span class='ocrx_word' id='word_1_44' title='bbox 647 722 963 790; x_wconf 75' lang='grc' dir='ltr'>δοξολογίαν</span> <span class='ocrx_word' id='word_1_45' title='bbox 987 723 1149 786; x_wconf 76' lang='grc' dir='ltr'>εὐθὺς</span> <span class='ocrx_word' id='word_1_46' title='bbox 1174 725 1442 778; x_wconf 83' lang='grc' dir='ltr'>αἰτεῖσθαι</span> <span class='ocrx_word' id='word_1_47' title='bbox 1465 725 1771 787; x_wconf 73' lang='grc' dir='ltr'>ἐκέλευσεν,</span> <span class='ocrx_word' id='word_1_48' title='bbox 1803 726 1864 778; x_wconf 79' lang='grc' dir='ltr'><strong>οῦ</strong></span> <span class='ocrx_word' id='word_1_49' title='bbox 1877 743 1929 777; x_wconf 90' lang='grc' dir='ltr'><strong>τε</strong></span> 
     </span>
    </p>
   </div>
   <div class='ocr_carea' id='block_1_9' title="bbox 363 815 1934 888">
    <p class='ocr_par' dir='ltr' id='par_1_9' title="bbox 363 815 1934 888">
     <span class='ocr_line' id='line_1_9' title="bbox 363 815 1934 888; baseline 0.002 -22"><span class='ocrx_word' id='word_1_50' title='bbox 363 815 924 883; x_wconf 77' lang='grc' dir='ltr'>ἐξομολογησαμένους</span> <span class='ocrx_word' id='word_1_51' title='bbox 969 815 1253 886; x_wconf 74' lang='grc' dir='ltr'>πρότερον,</span> <span class='ocrx_word' id='word_1_52' title='bbox 1289 816 1410 870; x_wconf 77' lang='grc' dir='ltr'>οὕτε</span> <span class='ocrx_word' id='word_1_53' title='bbox 1441 819 1934 888; x_wconf 74' lang='grc' dir='ltr'>εὐχαριστήσανῖας</span> 
     </span>
    </p>
   </div>
   <div class='ocr_carea' id='block_1_10' title="bbox 367 907 1936 979">
    <p class='ocr_par' dir='ltr' id='par_1_10' title="bbox 367 907 1936 979">
     <span class='ocr_line' id='line_1_10' title="bbox 367 907 1936 979; baseline 0.002 -21"><span class='ocrx_word' id='word_1_54' title='bbox 367 909 437 976; x_wconf 79' lang='grc' dir='ltr'><strong>τῷ</strong></span> <span class='ocrx_word' id='word_1_55' title='bbox 463 909 575 977; x_wconf 87' lang='grc' dir='ltr'>Θεῴ</span> <span class='ocrx_word' id='word_1_56' title='bbox 605 925 618 972; x_wconf 90' lang='lat'><strong>;</strong></span> <span class='ocrx_word' id='word_1_57' title='bbox 657 907 780 960; x_wconf 78' lang='grc' dir='ltr'><strong>Ὀτι</strong></span> <span class='ocrx_word' id='word_1_58' title='bbox 809 909 867 959; x_wconf 82' lang='grc' dir='ltr'>ἐν</span> <span class='ocrx_word' id='word_1_59' title='bbox 927 907 1006 977; x_wconf 80' lang='grc' dir='ltr'>τῷ</span> <span class='ocrx_word' id='word_1_60' title='bbox 1033 909 1208 960; x_wconf 73' lang='grc' dir='ltr'>εἰπεῖν</span> <span class='ocrx_word' id='word_1_61' title='bbox 1238 909 1334 976; x_wconf 85' lang='grc' dir='ltr'>τὴν</span> <span class='ocrx_word' id='word_1_62' title='bbox 1397 909 1641 979; x_wconf 80' lang='grc' dir='ltr'>εἰρήνην,</span> <span class='ocrx_word' id='word_1_63' title='bbox 1708 909 1936 962; x_wconf 77' lang='grc' dir='ltr'>κάκεῖνα</span> 
     </span>
    </p>
   </div>
   <div class='ocr_carea' id='block_1_11' title="bbox 368 997 1936 1068">
    <p class='ocr_par' dir='ltr' id='par_1_11' title="bbox 368 997 1936 1068">
     <span class='ocr_line' id='line_1_11' title="bbox 368 997 1936 1068; baseline 0.001 -19"><span class='ocrx_word' id='word_1_64' title='bbox 368 999 702 1068; x_wconf 77' lang='grc' dir='ltr'>περιέλαϐεν,</span> <span class='ocrx_word' id='word_1_65' title='bbox 766 997 819 1050; x_wconf 83' lang='grc' dir='ltr'><strong>εί</strong></span> <span class='ocrx_word' id='word_1_66' title='bbox 856 1014 938 1060; x_wconf 87' lang='grc' dir='ltr'><strong>τις</strong></span> <span class='ocrx_word' id='word_1_67' title='bbox 993 999 1208 1067; x_wconf 70' lang='grc' dir='ltr'>ἀληθῶς</span> <span class='ocrx_word' id='word_1_68' title='bbox 1251 999 1428 1052; x_wconf 70' lang='grc' dir='ltr'>ἐθέλει</span> <span class='ocrx_word' id='word_1_69' title='bbox 1484 1002 1730 1053; x_wconf 82' lang='grc' dir='ltr'><strong>σκοπεῖν.</strong></span> <span class='ocrx_word' id='word_1_70' title='bbox 1800 998 1936 1052; x_wconf 71' lang='grc' dir='ltr'>Οὔτε</span> 
     </span>
    </p>
   </div>
   <div class='ocr_carea' id='block_1_12' title="bbox 359 1089 1937 1160">
    <p class='ocr_par' dir='ltr' id='par_1_12' title="bbox 359 1089 1937 1160">
     <span class='ocr_line' id='line_1_12' title="bbox 359 1089 1937 1160; baseline 0.001 -20"><span class='ocrx_word' id='word_1_71' title='bbox 359 1093 461 1158; x_wconf 74' lang='grc' dir='ltr'>γὰρ</span> <span class='ocrx_word' id='word_1_72' title='bbox 511 1092 539 1143; x_wconf 87' lang='grc' dir='ltr'><strong>ό</strong></span> <span class='ocrx_word' id='word_1_73' title='bbox 573 1089 1024 1158; x_wconf 83' lang='grc' dir='ltr'>ἀπαρεσκόμενος</span> <span class='ocrx_word' id='word_1_74' title='bbox 1062 1092 1174 1152; x_wconf 89' lang='grc' dir='ltr'>τοῖς</span> <span class='ocrx_word' id='word_1_75' title='bbox 1211 1090 1597 1158; x_wconf 86' lang='grc' dir='ltr'>συμϐαίνουσιν</span> <span class='ocrx_word' id='word_1_76' title='bbox 1629 1089 1773 1160; x_wconf 78' lang='grc' dir='ltr'>αὐτῷ</span> <span class='ocrx_word' id='word_1_77' title='bbox 1800 1091 1937 1143; x_wconf 77' lang='grc' dir='ltr'>κατᾶ</span> 
     </span>
    </p>
   </div>
   <div class='ocr_carea' id='block_1_13' title="bbox 357 1178 1939 1252">
    <p class='ocr_par' dir='ltr' id='par_1_13' title="bbox 357 1178 1939 1252">
     <span class='ocr_line' id='line_1_13' title="bbox 357 1178 1939 1252; baseline 0.001 -23"><span class='ocrx_word' id='word_1_78' title='bbox 357 1181 443 1230; x_wconf 76' lang='grc' dir='ltr'><strong>τὸν</strong></span> <span class='ocrx_word' id='word_1_79' title='bbox 479 1178 615 1247; x_wconf 78' lang='grc' dir='ltr'>βίον,</span> <span class='ocrx_word' id='word_1_80' title='bbox 666 1180 900 1232; x_wconf 79' lang='grc' dir='ltr'>δύναται</span> <span class='ocrx_word' id='word_1_81' title='bbox 945 1181 1174 1252; x_wconf 71' lang='grc' dir='ltr'>εἰρήνην</span> <span class='ocrx_word' id='word_1_82' title='bbox 1203 1183 1259 1234; x_wconf 81' lang='grc' dir='ltr'>ἐν</span> <span class='ocrx_word' id='word_1_83' title='bbox 1307 1181 1485 1250; x_wconf 80' lang='grc' dir='ltr'>ἐαυτῷ</span> <span class='ocrx_word' id='word_1_84' title='bbox 1531 1181 1696 1250; x_wconf 78' lang='grc' dir='ltr'>ἔχειν,</span> <span class='ocrx_word' id='word_1_85' title='bbox 1745 1180 1858 1234; x_wconf 77' lang='grc' dir='ltr'>ἀλλ’</span> <span class='ocrx_word' id='word_1_86' title='bbox 1911 1181 1939 1231; x_wconf 85' lang='grc' dir='ltr'>ὁ</span> 
     </span>
    </p>
   </div>
   <div class='ocr_carea' id='block_1_14' title="bbox 357 1270 1937 1342">
    <p class='ocr_par' dir='ltr' id='par_1_14' title="bbox 357 1270 1937 1342">
     <span class='ocr_line' id='line_1_14' title="bbox 357 1270 1937 1342; baseline 0.001 -20"><span class='ocrx_word' id='word_1_87' title='bbox 357 1271 654 1339; x_wconf 73' lang='grc' dir='ltr'>εὐγνώμων</span> <span class='ocrx_word' id='word_1_88' title='bbox 697 1274 793 1324; x_wconf 68' lang='grc' dir='ltr'><strong>καὶ</strong></span> <span class='ocrx_word' id='word_1_89' title='bbox 824 1273 882 1324; x_wconf 82' lang='grc' dir='ltr'>ὲν</span> <span class='ocrx_word' id='word_1_90' title='bbox 909 1273 1074 1325; x_wconf 73' lang='grc' dir='ltr'>παντὶ</span> <span class='ocrx_word' id='word_1_91' title='bbox 1134 1273 1474 1342; x_wconf 79' lang='grc' dir='ltr'>εὐχαριστῶν</span> <span class='ocrx_word' id='word_1_92' title='bbox 1507 1275 1648 1327; x_wconf 71' lang='grc' dir='ltr'>κατὰ</span> <span class='ocrx_word' id='word_1_93' title='bbox 1700 1272 1794 1325; x_wconf 73' lang='grc' dir='ltr'><strong>τὸν</strong></span> <span class='ocrx_word' id='word_1_94' title='bbox 1841 1270 1937 1324; x_wconf 85' lang='grc' dir='ltr'><strong>τοῦ</strong></span> 
     </span>
    </p>
   </div>
   <div class='ocr_carea' id='block_1_15' title="bbox 359 1361 1940 1434">
    <p class='ocr_par' dir='ltr' id='par_1_15' title="bbox 359 1361 1940 1434">
     <span class='ocr_line' id='line_1_15' title="bbox 359 1361 1940 1434; baseline 0.002 -22"><span class='ocrx_word' id='word_1_95' title='bbox 359 1364 628 1429; x_wconf 75' lang='grc' dir='ltr'><strong>μακαρίου</strong></span> <span class='ocrx_word' id='word_1_96' title='bbox 693 1361 902 1416; x_wconf 86' lang='grc' dir='ltr'>Παύλου</span> <span class='ocrx_word' id='word_1_97' title='bbox 951 1363 1134 1433; x_wconf 76' lang='grc' dir='ltr'>νόμονο</span> <span class='ocrx_word' id='word_1_98' title='bbox 1170 1364 1293 1416; x_wconf 73' lang='grc' dir='ltr'>οὕτε</span> <span class='ocrx_word' id='word_1_99' title='bbox 1325 1366 1353 1416; x_wconf 84' lang='grc' dir='ltr'>ὁ</span> <span class='ocrx_word' id='word_1_100' title='bbox 1393 1366 1466 1434; x_wconf 82' lang='grc' dir='ltr'><strong>μὴ</strong></span> <span class='ocrx_word' id='word_1_101' title='bbox 1512 1365 1750 1425; x_wconf 80' lang='grc' dir='ltr'>συνειδὸς</span> <span class='ocrx_word' id='word_1_102' title='bbox 1803 1365 1940 1432; x_wconf 86' lang='grc' dir='ltr'>ἔχων</span> 
     </span>
    </p>
   </div>
   <div class='ocr_carea' id='block_1_16' title="bbox 358 1451 1942 1526">
    <p class='ocr_par' dir='ltr' id='par_1_16' title="bbox 358 1451 1942 1526">
     <span class='ocr_line' id='line_1_16' title="bbox 358 1451 1942 1526; baseline 0.003 -24"><span class='ocrx_word' id='word_1_103' title='bbox 358 1451 618 1518; x_wconf 77' lang='grc' dir='ltr'>καθαρόνο</span> <span class='ocrx_word' id='word_1_104' title='bbox 651 1453 892 1516; x_wconf 82' lang='grc' dir='ltr'>συνειδὸς</span> <span class='ocrx_word' id='word_1_105' title='bbox 919 1453 976 1505; x_wconf 84' lang='grc' dir='ltr'>δὲ</span> <span class='ocrx_word' id='word_1_106' title='bbox 1001 1453 1239 1524; x_wconf 75' lang='grc' dir='ltr'>καθαρὸν</span> <span class='ocrx_word' id='word_1_107' title='bbox 1283 1455 1452 1525; x_wconf 72' lang='grc' dir='ltr'>χωρὶς</span> <span class='ocrx_word' id='word_1_108' title='bbox 1502 1455 1942 1526; x_wconf 75' lang='grc' dir='ltr'>ἑξομολογὴσεως</span> 
     </span>
    </p>
   </div>
   <div class='ocr_carea' id='block_1_17' title="bbox 357 1538 1942 1617">
    <p class='ocr_par' dir='ltr' id='par_1_17' title="bbox 357 1538 1942 1617">
     <span class='ocr_line' id='line_1_17' title="bbox 357 1538 1942 1617; baseline 0.004 -24"><span class='ocrx_word' id='word_1_109' title='bbox 357 1543 638 1611; x_wconf 83' lang='grc' dir='ltr'>ἀμήχανον</span> <span class='ocrx_word' id='word_1_110' title='bbox 683 1538 847 1598; x_wconf 78' lang='grc' dir='ltr'>εἰναι.</span> <span class='ocrx_word' id='word_1_111' title='bbox 889 1543 1054 1597; x_wconf 84' lang='grc' dir='ltr'>Ὥστε</span> <span class='ocrx_word' id='word_1_112' title='bbox 1091 1545 1231 1614; x_wconf 80' lang='grc' dir='ltr'>μετὰ</span> <span class='ocrx_word' id='word_1_113' title='bbox 1273 1546 1494 1616; x_wconf 82' lang='grc' dir='ltr'>εἰρήνης</span> <span class='ocrx_word' id='word_1_114' title='bbox 1517 1547 1830 1617; x_wconf 79' lang='grc' dir='ltr'>εὐχόμενος,</span> <span class='ocrx_word' id='word_1_115' title='bbox 1854 1550 1942 1600; x_wconf 81' lang='grc' dir='ltr'>εύ-</span> 
     </span>
    </p>
   </div>
   <div class='ocr_carea' id='block_1_18' title="bbox 362 1634 1943 1710">
    <p class='ocr_par' dir='ltr' id='par_1_18' title="bbox 362 1634 1943 1710">
     <span class='ocr_line' id='line_1_18' title="bbox 362 1634 1943 1710; baseline 0.005 -26"><span class='ocrx_word' id='word_1_116' title='bbox 362 1634 730 1702; x_wconf 75' lang='grc' dir='ltr'>χαριςτοῦσαν</span> <span class='ocrx_word' id='word_1_117' title='bbox 761 1636 855 1688; x_wconf 77' lang='grc' dir='ltr'>καὶ</span> <span class='ocrx_word' id='word_1_118' title='bbox 885 1635 1394 1706; x_wconf 78' lang='grc' dir='ltr'>ἐξομολογουμένην</span> <span class='ocrx_word' id='word_1_119' title='bbox 1426 1638 1690 1709; x_wconf 81' lang='grc' dir='ltr'>πρότερον</span> <span class='ocrx_word' id='word_1_120' title='bbox 1706 1639 1828 1708; x_wconf 75' lang='grc' dir='ltr'>ἔσχε</span> <span class='ocrx_word' id='word_1_121' title='bbox 1846 1640 1943 1710; x_wconf 79' lang='grc' dir='ltr'>τὴν</span> 
     </span>
    </p>
   </div>
   <div class='ocr_carea' id='block_1_19' title="bbox 361 1724 1942 1800">
    <p class='ocr_par' dir='ltr' id='par_1_19' title="bbox 361 1724 1942 1800">
     <span class='ocr_line' id='line_1_19' title="bbox 361 1724 1942 1800; baseline 0.005 -26"><span class='ocrx_word' id='word_1_122' title='bbox 361 1724 561 1793; x_wconf 66' lang='grc' dir='ltr'>ψυχήν.</span> <span class='ocrx_word' id='word_1_123' title='bbox 597 1726 722 1777; x_wconf 86' lang='grc' dir='ltr'>Ἐτι</span> <span class='ocrx_word' id='word_1_124' title='bbox 753 1725 808 1777; x_wconf 85' lang='grc' dir='ltr'>δὲ</span> <span class='ocrx_word' id='word_1_125' title='bbox 856 1728 950 1778; x_wconf 80' lang='grc' dir='ltr'><strong>καὶ</strong></span> <span class='ocrx_word' id='word_1_126' title='bbox 975 1727 1188 1796; x_wconf 81' lang='grc' dir='ltr'>σίτησις</span> <span class='ocrx_word' id='word_1_127' title='bbox 1243 1728 1310 1797; x_wconf 77' lang='grc' dir='ltr'>ἢν</span> <span class='ocrx_word' id='word_1_128' title='bbox 1346 1729 1644 1796; x_wconf 78' lang='grc' dir='ltr'>αἰτοῦνται,</span> <span class='ocrx_word' id='word_1_129' title='bbox 1689 1731 1942 1800; x_wconf 74' lang='grc' dir='ltr'>εὐχαρισο</span> 
     </span>
    </p>
   </div>
   <div class='ocr_carea' id='block_1_20' title="bbox 2035 527 3666 614">
    <p class='ocr_par' dir='ltr' id='par_1_20' title="bbox 2035 527 3666 614">
     <span class='ocr_line' id='line_1_20' title="bbox 2035 527 3666 614; baseline -0.002 -14"><span class='ocrx_word' id='word_1_130' title='bbox 2035 561 2158 600; x_wconf 74' lang='grc' dir='ltr'>ιιι-ιιι</span> <span class='ocrx_word' id='word_1_131' title='bbox 2190 546 2373 600; x_wconf 90' lang='lat' dir='ltr'><strong>statim</strong></span> <span class='ocrx_word' id='word_1_132' title='bbox 2416 545 2580 612; x_wconf 82' lang='lat' dir='ltr'><strong>jussit</strong></span> <span class='ocrx_word' id='word_1_133' title='bbox 2617 555 2798 613; x_wconf 81' lang='lat' dir='ltr'><strong>petere</strong></span> <span class='ocrx_word' id='word_1_134' title='bbox 2825 559 2920 600; x_wconf 87' lang='lat' dir='ltr'><strong>eos</strong></span> <span class='ocrx_word' id='word_1_135' title='bbox 2963 545 3055 614; x_wconf 90' lang='lat' dir='ltr'><strong>qui</strong></span> <span class='ocrx_word' id='word_1_136' title='bbox 3087 560 3260 612; x_wconf 90' lang='lat' dir='ltr'><strong>neque</strong></span> <span class='ocrx_word' id='word_1_137' title='bbox 3288 547 3434 612; x_wconf 91' lang='lat' dir='ltr'><strong>prius</strong></span> <span class='ocrx_word' id='word_1_138' title='bbox 3464 560 3600 598; x_wconf 79' lang='lat' dir='ltr'><strong>cou-</strong></span> <span class='ocrx_word' id='word_1_139' title='bbox 3653 527 3666 541; x_wconf 65' lang='grc'><em>’</em></span> 
     </span>
    </p>
   </div>
   <div class='ocr_carea' id='block_1_21' title="bbox 2034 634 3601 704">
    <p class='ocr_par' dir='ltr' id='par_1_21' title="bbox 2034 634 3601 704">
     <span class='ocr_line' id='line_1_21' title="bbox 2034 634 3601 704; baseline -0.001 -15"><span class='ocrx_word' id='word_1_140' title='bbox 2034 636 2162 691; x_wconf 78' lang='lat' dir='ltr'><strong>fessi</strong></span> <span class='ocrx_word' id='word_1_141' title='bbox 2203 643 2347 700; x_wconf 58' lang='lat' dir='ltr'><strong>sunt,</strong></span> <span class='ocrx_word' id='word_1_142' title='bbox 2390 650 2567 702; x_wconf 88' lang='lat' dir='ltr'><strong>neque</strong></span> <span class='ocrx_word' id='word_1_143' title='bbox 2599 634 2706 688; x_wconf 82' lang='lat' dir='ltr'><strong>Deo</strong></span> <span class='ocrx_word' id='word_1_144' title='bbox 2734 635 2935 703; x_wconf 81' lang='lat' dir='ltr'><strong>gratias</strong></span> <span class='ocrx_word' id='word_1_145' title='bbox 2988 634 3258 704; x_wconf 81' lang='lat' dir='ltr'><strong>egerunt?</strong></span> <span class='ocrx_word' id='word_1_146' title='bbox 3288 635 3424 701; x_wconf 82' lang='lat' dir='ltr'><strong>Quia</strong></span> <span class='ocrx_word' id='word_1_147' title='bbox 3474 638 3601 690; x_wconf 84' lang='lat' dir='ltr'><strong>dum</strong></span> 
     </span>
    </p>
   </div>
   <div class='ocr_carea' id='block_1_22' title="bbox 2041 725 3608 795">
    <p class='ocr_par' dir='ltr' id='par_1_22' title="bbox 2041 725 3608 795">
     <span class='ocr_line' id='line_1_22' title="bbox 2041 725 3608 795; baseline -0.001 -16"><span class='ocrx_word' id='word_1_148' title='bbox 2041 741 2226 795; x_wconf 85' lang='lat' dir='ltr'><strong>pacem</strong></span> <span class='ocrx_word' id='word_1_149' title='bbox 2259 727 2418 792; x_wconf 80' lang='lat' dir='ltr'><strong>dixit,</strong></span> <span class='ocrx_word' id='word_1_150' title='bbox 2449 725 2537 779; x_wconf 89' lang='lat' dir='ltr'><strong>illa</strong></span> <span class='ocrx_word' id='word_1_151' title='bbox 2568 725 2730 779; x_wconf 85' lang='lat' dir='ltr'><strong>etiam</strong></span> <span class='ocrx_word' id='word_1_152' title='bbox 2771 725 3198 794; x_wconf 89' lang='lat' dir='ltr'><strong>comprehendit,</strong></span> <span class='ocrx_word' id='word_1_153' title='bbox 3234 727 3277 779; x_wconf 93' lang='lat' dir='ltr'><strong>si</strong></span> <span class='ocrx_word' id='word_1_154' title='bbox 3327 725 3448 794; x_wconf 85' lang='lat' dir='ltr'><strong>quis</strong></span> <span class='ocrx_word' id='word_1_155' title='bbox 3481 727 3558 778; x_wconf 84' lang='lat' dir='ltr'><strong>vel</strong></span> <span class='ocrx_word' id='word_1_156' title='bbox 3587 736 3608 778; x_wconf 89' lang='grc' dir='ltr'><strong>ι</strong></span> 
     </span>
    </p>
   </div>
   <div class='ocr_carea' id='block_1_23' title="bbox 2038 804 3602 885">
    <p class='ocr_par' dir='ltr' id='par_1_23' title="bbox 2038 804 3602 885">
     <span class='ocr_line' id='line_1_23' title="bbox 2038 804 3602 885; baseline -0.005 -12"><span class='ocrx_word' id='word_1_157' title='bbox 2038 829 2226 873; x_wconf 78' lang='lat' dir='ltr'><strong>exacte</strong></span> <span class='ocrx_word' id='word_1_158' title='bbox 2257 817 2601 871; x_wconf 84' lang='lat' dir='ltr'><strong>considerare</strong></span> <span class='ocrx_word' id='word_1_159' title='bbox 2663 816 2844 883; x_wconf 52' lang='lat' dir='ltr'><strong>Neque</strong></span> <span class='ocrx_word' id='word_1_160' title='bbox 2878 817 3021 870; x_wconf 91' lang='lat' dir='ltr'><strong>enim</strong></span> <span class='ocrx_word' id='word_1_161' title='bbox 3066 818 3156 885; x_wconf 93' lang='lat' dir='ltr'><strong>qui</strong></span> <span class='ocrx_word' id='word_1_162' title='bbox 3202 804 3307 870; x_wconf 88' lang='lat' dir='ltr'><strong>non</strong></span> <span class='ocrx_word' id='word_1_163' title='bbox 3350 826 3432 869; x_wconf 86' lang='lat' dir='ltr'><strong>est</strong></span> <span class='ocrx_word' id='word_1_164' title='bbox 3472 831 3602 869; x_wconf 78' lang='lat' dir='ltr'><strong>ron-</strong></span> 
     </span>
    </p>
   </div>
   <div class='ocr_carea' id='block_1_24' title="bbox 2039 901 3607 972">
    <p class='ocr_par' dir='ltr' id='par_1_24' title="bbox 2039 901 3607 972">
     <span class='ocr_line' id='line_1_24' title="bbox 2039 901 3607 972; baseline -0.006 -10"><span class='ocrx_word' id='word_1_165' title='bbox 2039 919 2216 962; x_wconf 85' lang='lat' dir='ltr'><strong>teutus</strong></span> <span class='ocrx_word' id='word_1_166' title='bbox 2249 909 2314 960; x_wconf 88' lang='lat' dir='ltr'><strong>iis</strong></span> <span class='ocrx_word' id='word_1_167' title='bbox 2361 921 2480 972; x_wconf 69' lang='lat' dir='ltr'><strong>quae</strong></span> <span class='ocrx_word' id='word_1_168' title='bbox 2509 908 2610 960; x_wconf 89' lang='lat' dir='ltr'><strong>sibi</strong></span> <span class='ocrx_word' id='word_1_169' title='bbox 2656 907 2708 958; x_wconf 91' lang='lat' dir='ltr'><strong>in</strong></span> <span class='ocrx_word' id='word_1_170' title='bbox 2758 905 2863 958; x_wconf 88' lang='lat' dir='ltr'><strong>vita</strong></span> <span class='ocrx_word' id='word_1_171' title='bbox 2920 904 3194 964; x_wconf 80' lang='lat' dir='ltr'><strong>eveniunt,</strong></span> <span class='ocrx_word' id='word_1_172' title='bbox 3232 911 3410 972; x_wconf 90' lang='lat' dir='ltr'><strong>potest</strong></span> <span class='ocrx_word' id='word_1_173' title='bbox 3449 901 3500 954; x_wconf 92' lang='lat' dir='ltr'><strong>in</strong></span> <span class='ocrx_word' id='word_1_174' title='bbox 3547 916 3607 953; x_wconf 88' lang='lat' dir='ltr'><strong>se</strong></span> 
     </span>
    </p>
   </div>
   <div class='ocr_carea' id='block_1_25' title="bbox 2040 992 3605 1067">
    <p class='ocr_par' dir='ltr' id='par_1_25' title="bbox 2040 992 3605 1067">
     <span class='ocr_line' id='line_1_25' title="bbox 2040 992 3605 1067; baseline -0.005 -15"><span class='ocrx_word' id='word_1_175' title='bbox 2040 1014 2223 1067; x_wconf 86' lang='lat' dir='ltr'><strong>pacem</strong></span> <span class='ocrx_word' id='word_1_176' title='bbox 2274 999 2492 1059; x_wconf 82' lang='lat' dir='ltr'><strong>habere,</strong></span> <span class='ocrx_word' id='word_1_177' title='bbox 2539 998 2628 1051; x_wconf 85' lang='lat' dir='ltr'><strong>sed</strong></span> <span class='ocrx_word' id='word_1_178' title='bbox 2675 997 2764 1066; x_wconf 87' lang='lat' dir='ltr'><strong>qui</strong></span> <span class='ocrx_word' id='word_1_179' title='bbox 2801 1005 2882 1050; x_wconf 83' lang='lat' dir='ltr'><strong>est</strong></span> <span class='ocrx_word' id='word_1_180' title='bbox 2926 1007 3110 1064; x_wconf 84' lang='lat' dir='ltr'><strong>gratus</strong></span> <span class='ocrx_word' id='word_1_181' title='bbox 3143 1004 3194 1048; x_wconf 86' lang='lat' dir='ltr'><strong>et</strong></span> <span class='ocrx_word' id='word_1_182' title='bbox 3254 995 3306 1047; x_wconf 91' lang='lat' dir='ltr'><strong>iu</strong></span> <span class='ocrx_word' id='word_1_183' title='bbox 3354 992 3605 1045; x_wconf 81' lang='lat' dir='ltr'><strong>omnibus</strong></span> 
     </span>
    </p>
   </div>
   <div class='ocr_carea' id='block_1_26' title="bbox 2040 1088 3602 1162">
    <p class='ocr_par' dir='ltr' id='par_1_26' title="bbox 2040 1088 3602 1162">
     <span class='ocr_line' id='line_1_26' title="bbox 2040 1088 3602 1162; baseline -0.006 -16"><span class='ocrx_word' id='word_1_184' title='bbox 2040 1094 2148 1162; x_wconf 83' lang='lat' dir='ltr'><strong>agit</strong></span> <span class='ocrx_word' id='word_1_185' title='bbox 2181 1093 2410 1158; x_wconf 84' lang='lat' dir='ltr'><strong>gratias,</strong></span> <span class='ocrx_word' id='word_1_186' title='bbox 2449 1100 2509 1144; x_wconf 90' lang='lat' dir='ltr'><strong>ut</strong></span> <span class='ocrx_word' id='word_1_187' title='bbox 2550 1091 2848 1159; x_wconf 70' lang='lat' dir='ltr'><strong>praescribit</strong></span> <span class='ocrx_word' id='word_1_188' title='bbox 2887 1090 2965 1144; x_wconf 83' lang='lat' dir='ltr'><strong>lex</strong></span> <span class='ocrx_word' id='word_1_189' title='bbox 3003 1091 3142 1142; x_wconf 86' lang='lat' dir='ltr'><strong>beati</strong></span> <span class='ocrx_word' id='word_1_190' title='bbox 3183 1088 3351 1152; x_wconf 87' lang='lat' dir='ltr'><strong>Pauli,</strong></span> <span class='ocrx_word' id='word_1_191' title='bbox 3387 1102 3483 1140; x_wconf 88' lang='lat' dir='ltr'><strong>nec</strong></span> <span class='ocrx_word' id='word_1_192' title='bbox 3511 1088 3602 1153; x_wconf 84' lang='lat' dir='ltr'><strong>qui</strong></span> 
     </span>
    </p>
   </div>
   <div class='ocr_carea' id='block_1_27' title="bbox 2043 1179 3604 1250">
    <p class='ocr_par' dir='ltr' id='par_1_27' title="bbox 2043 1179 3604 1250">
     <span class='ocr_line' id='line_1_27' title="bbox 2043 1179 3604 1250; baseline -0.008 -13"><span class='ocrx_word' id='word_1_193' title='bbox 2043 1199 2148 1238; x_wconf 90' lang='lat' dir='ltr'><strong>non</strong></span> <span class='ocrx_word' id='word_1_194' title='bbox 2183 1184 2344 1238; x_wconf 88' lang='lat' dir='ltr'><strong>habet</strong></span> <span class='ocrx_word' id='word_1_195' title='bbox 2388 1197 2576 1250; x_wconf 87' lang='lat' dir='ltr'><strong>puram</strong></span> <span class='ocrx_word' id='word_1_196' title='bbox 2628 1180 3062 1244; x_wconf 86' lang='lat' dir='ltr'><strong>conscientiam;</strong></span> <span class='ocrx_word' id='word_1_197' title='bbox 3112 1179 3222 1232; x_wconf 84' lang='lat' dir='ltr'><strong>lieri</strong></span> <span class='ocrx_word' id='word_1_198' title='bbox 3280 1191 3458 1230; x_wconf 81' lang='lat' dir='ltr'><strong>autem</strong></span> <span class='ocrx_word' id='word_1_199' title='bbox 3501 1190 3604 1228; x_wconf 90' lang='lat' dir='ltr'><strong>non</strong></span> 
     </span>
    </p>
   </div>
   <div class='ocr_carea' id='block_1_28' title="bbox 2043 1264 3604 1343">
    <p class='ocr_par' dir='ltr' id='par_1_28' title="bbox 2043 1264 3604 1343">
     <span class='ocr_line' id='line_1_28' title="bbox 2043 1264 3604 1343; baseline -0.007 -17"><span class='ocrx_word' id='word_1_200' title='bbox 2043 1286 2223 1343; x_wconf 81' lang='lat' dir='ltr'><strong>potest</strong></span> <span class='ocrx_word' id='word_1_201' title='bbox 2257 1283 2312 1325; x_wconf 93' lang='lat' dir='ltr'><strong>ut</strong></span> <span class='ocrx_word' id='word_1_202' title='bbox 2340 1276 2406 1328; x_wconf 75' lang='lat' dir='ltr'><strong>sit</strong></span> <span class='ocrx_word' id='word_1_203' title='bbox 2439 1289 2571 1342; x_wconf 89' lang='lat' dir='ltr'><strong>pura</strong></span> <span class='ocrx_word' id='word_1_204' title='bbox 2602 1271 2930 1326; x_wconf 86' lang='lat' dir='ltr'><strong>conscientia</strong></span> <span class='ocrx_word' id='word_1_205' title='bbox 2967 1271 3084 1323; x_wconf 89' lang='lat' dir='ltr'><strong>sine</strong></span> <span class='ocrx_word' id='word_1_206' title='bbox 3112 1267 3468 1323; x_wconf 60' lang='lat' dir='ltr'><strong>co::fessioue.</strong></span> <span class='ocrx_word' id='word_1_207' title='bbox 3502 1264 3604 1330; x_wconf 81' lang='lat' dir='ltr'><strong>Qui</strong></span> 
     </span>
    </p>
   </div>
   <div class='ocr_carea' id='block_1_29' title="bbox 2041 1357 3604 1433">
    <p class='ocr_par' dir='ltr' id='par_1_29' title="bbox 2041 1357 3604 1433">
     <span class='ocr_line' id='line_1_29' title="bbox 2041 1357 3604 1433; baseline -0.007 -14"><span class='ocrx_word' id='word_1_208' title='bbox 2041 1380 2169 1433; x_wconf 84' lang='lat' dir='ltr'><strong>ergo</strong></span> <span class='ocrx_word' id='word_1_209' title='bbox 2197 1374 2315 1417; x_wconf 88' lang='lat' dir='ltr'><strong>orat</strong></span> <span class='ocrx_word' id='word_1_210' title='bbox 2343 1378 2465 1418; x_wconf 91' lang='lat' dir='ltr'><strong>cum</strong></span> <span class='ocrx_word' id='word_1_211' title='bbox 2494 1377 2642 1431; x_wconf 85' lang='lat' dir='ltr'><strong>pace,</strong></span> <span class='ocrx_word' id='word_1_212' title='bbox 2684 1362 2882 1429; x_wconf 82' lang='lat' dir='ltr'><strong>gratias</strong></span> <span class='ocrx_word' id='word_1_213' title='bbox 2917 1373 3160 1431; x_wconf 79' lang='lat' dir='ltr'><strong>agentem</strong></span> <span class='ocrx_word' id='word_1_214' title='bbox 3191 1367 3244 1412; x_wconf 84' lang='lat' dir='ltr'><strong>ct</strong></span> <span class='ocrx_word' id='word_1_215' title='bbox 3264 1357 3604 1412; x_wconf 74' lang='lat' dir='ltr'><strong>confitentem</strong></span> 
     </span>
    </p>
   </div>
   <div class='ocr_carea' id='block_1_30' title="bbox 2045 1447 3606 1524">
    <p class='ocr_par' dir='ltr' id='par_1_30' title="bbox 2045 1447 3606 1524">
     <span class='ocr_line' id='line_1_30' title="bbox 2045 1447 3606 1524; baseline -0.008 -15"><span class='ocrx_word' id='word_1_216' title='bbox 2045 1456 2190 1524; x_wconf 83' lang='lat' dir='ltr'><strong>prius</strong></span> <span class='ocrx_word' id='word_1_217' title='bbox 2225 1455 2409 1508; x_wconf 84' lang='lat' dir='ltr'><strong>habuit</strong></span> <span class='ocrx_word' id='word_1_218' title='bbox 2450 1454 2707 1507; x_wconf 82' lang='lat' dir='ltr'><strong>animam.</strong></span> <span class='ocrx_word' id='word_1_219' title='bbox 2741 1454 2816 1506; x_wconf 85' lang='lat' dir='ltr'><strong>Ad</strong></span> <span class='ocrx_word' id='word_1_220' title='bbox 2852 1455 2965 1507; x_wconf 70' lang='lat' dir='ltr'><strong>limc</strong></span> <span class='ocrx_word' id='word_1_221' title='bbox 3003 1464 3186 1506; x_wconf 79' lang='lat' dir='ltr'><strong>autem</strong></span> <span class='ocrx_word' id='word_1_222' title='bbox 3221 1452 3383 1504; x_wconf 86' lang='lat' dir='ltr'><strong>etiam</strong></span> <span class='ocrx_word' id='word_1_223' title='bbox 3421 1447 3606 1514; x_wconf 78' lang='lat' dir='ltr'><strong>petitio</strong></span> 
     </span>
    </p>
   </div>
   <div class='ocr_carea' id='block_1_31' title="bbox 2043 1541 3608 1618">
    <p class='ocr_par' dir='ltr' id='par_1_31' title="bbox 2043 1541 3608 1618">
     <span class='ocr_line' id='line_1_31' title="bbox 2043 1541 3608 1618; baseline -0.008 -19"><span class='ocrx_word' id='word_1_224' title='bbox 2043 1563 2204 1618; x_wconf 90' lang='lat' dir='ltr'><strong>quam</strong></span> <span class='ocrx_word' id='word_1_225' title='bbox 2245 1547 2474 1610; x_wconf 80' lang='lat' dir='ltr'><strong>faciunt,</strong></span> <span class='ocrx_word' id='word_1_226' title='bbox 2522 1560 2615 1600; x_wconf 89' lang='lat' dir='ltr'><strong>eos</strong></span> <span class='ocrx_word' id='word_1_227' title='bbox 2647 1557 2698 1600; x_wconf 87' lang='lat' dir='ltr'><strong>et</strong></span> <span class='ocrx_word' id='word_1_228' title='bbox 2728 1547 2930 1614; x_wconf 88' lang='lat' dir='ltr'><strong>gratias</strong></span> <span class='ocrx_word' id='word_1_229' title='bbox 2951 1553 3174 1613; x_wconf 88' lang='lat' dir='ltr'><strong>agentes</strong></span> <span class='ocrx_word' id='word_1_230' title='bbox 3198 1552 3250 1596; x_wconf 93' lang='lat' dir='ltr'><strong>et</strong></span> <span class='ocrx_word' id='word_1_231' title='bbox 3284 1541 3608 1596; x_wconf 71' lang='lat' dir='ltr'><strong>confitentes</strong></span> 
     </span>
    </p>
   </div>
   <div class='ocr_carea' id='block_1_32' title="bbox 2046 1628 3608 1704">
    <p class='ocr_par' dir='ltr' id='par_1_32' title="bbox 2046 1628 3608 1704">
     <span class='ocr_line' id='line_1_32' title="bbox 2046 1628 3608 1704; baseline -0.008 -11"><span class='ocrx_word' id='word_1_232' title='bbox 2046 1639 2302 1694; x_wconf 84' lang='lat' dir='ltr'><strong>ostendit.</strong></span> <span class='ocrx_word' id='word_1_233' title='bbox 2343 1636 2482 1703; x_wconf 83' lang='lat' dir='ltr'><strong>Quid</strong></span> <span class='ocrx_word' id='word_1_234' title='bbox 2527 1638 2670 1692; x_wconf 90' lang='lat' dir='ltr'><strong>enim</strong></span> <span class='ocrx_word' id='word_1_235' title='bbox 2730 1636 2961 1704; x_wconf 85' lang='lat' dir='ltr'><strong>petunt?</strong></span> <span class='ocrx_word' id='word_1_236' title='bbox 2992 1633 3448 1688; x_wconf 85' lang='lat' dir='ltr'><strong>misericordiam.</strong></span> <span class='ocrx_word' id='word_1_237' title='bbox 3486 1628 3608 1682; x_wconf 67' lang='lat' dir='ltr'><strong>llatc</strong></span> 
     </span>
    </p>
   </div>
   <div class='ocr_carea' id='block_1_33' title="bbox 2047 1721 3608 1800">
    <p class='ocr_par' dir='ltr' id='par_1_33' title="bbox 2047 1721 3608 1800">
     <span class='ocr_line' id='line_1_33' title="bbox 2047 1721 3608 1800; baseline -0.009 -16"><span class='ocrx_word' id='word_1_238' title='bbox 2047 1742 2222 1784; x_wconf 87' lang='lat' dir='ltr'><strong>autem</strong></span> <span class='ocrx_word' id='word_1_239' title='bbox 2249 1740 2328 1785; x_wconf 87' lang='lat' dir='ltr'><strong>est</strong></span> <span class='ocrx_word' id='word_1_240' title='bbox 2361 1730 2550 1800; x_wconf 84' lang='lat' dir='ltr'><strong>petitio</strong></span> <span class='ocrx_word' id='word_1_241' title='bbox 2571 1744 2753 1784; x_wconf 88' lang='lat' dir='ltr'><strong>eorum</strong></span> <span class='ocrx_word' id='word_1_242' title='bbox 2773 1729 2862 1796; x_wconf 87' lang='lat' dir='ltr'><strong>qui</strong></span> <span class='ocrx_word' id='word_1_243' title='bbox 2897 1727 2970 1781; x_wconf 87' lang='lat' dir='ltr'><strong>rei</strong></span> <span class='ocrx_word' id='word_1_244' title='bbox 3003 1734 3251 1794; x_wconf 83' lang='lat' dir='ltr'><strong>aguntur,</strong></span> <span class='ocrx_word' id='word_1_245' title='bbox 3271 1725 3362 1791; x_wconf 90' lang='lat' dir='ltr'><strong>qui</strong></span> <span class='ocrx_word' id='word_1_246' title='bbox 3395 1721 3608 1790; x_wconf 80' lang='lat' dir='ltr'><strong>quando</strong></span> 
     </span>
    </p>
   </div>
   <div class='ocr_carea' id='block_1_34' title="bbox 363 1797 1941 1892">
    <p class='ocr_par' dir='ltr' id='par_1_34' title="bbox 363 1816 1936 1892">
     <span class='ocr_line' id='line_1_34' title="bbox 363 1816 1936 1892; baseline 0.006 -27"><span class='ocrx_word' id='word_1_247' title='bbox 363 1816 588 1880; x_wconf 83' lang='grc' dir='ltr'>τοῦντας</span> <span class='ocrx_word' id='word_1_248' title='bbox 619 1819 713 1870; x_wconf 74' lang='grc' dir='ltr'><strong>καὶ</strong></span> <span class='ocrx_word' id='word_1_249' title='bbox 741 1817 1270 1887; x_wconf 80' lang='grc' dir='ltr'>ὲξομολογουμένους</span> <span class='ocrx_word' id='word_1_250' title='bbox 1301 1821 1497 1884; x_wconf 78' lang='grc' dir='ltr'>αὐτοὺς</span> <span class='ocrx_word' id='word_1_251' title='bbox 1523 1822 1845 1892; x_wconf 79' lang='grc' dir='ltr'>παρίστησι.</span> <span class='ocrx_word' id='word_1_252' title='bbox 1872 1823 1936 1875; x_wconf 89' lang='grc' dir='ltr'><strong>Τί</strong></span> 
     </span>
    </p>
   </div>
   <div class='ocr_carea' id='block_1_35' title="bbox 2040 1797 3609 1892">
    <p class='ocr_par' dir='ltr' id='par_1_35' title="bbox 2040 1797 3609 1880">
     <span class='ocr_line' id='line_1_35' title="bbox 2040 1797 3609 1880; baseline -0.01 -2"><span class='ocrx_word' id='word_1_253' title='bbox 2040 1824 2186 1878; x_wconf 90' lang='lat' dir='ltr'><strong>omni</strong></span> <span class='ocrx_word' id='word_1_254' title='bbox 2215 1822 2301 1876; x_wconf 83' lang='lat' dir='ltr'><strong>sui</strong></span> <span class='ocrx_word' id='word_1_255' title='bbox 2341 1797 2656 1874; x_wconf 74' lang='lat' dir='ltr'><strong>defendendi</strong></span> <span class='ocrx_word' id='word_1_256' title='bbox 2710 1820 2919 1874; x_wconf 84' lang='lat' dir='ltr'><strong>ratione</strong></span> <span class='ocrx_word' id='word_1_257' title='bbox 2964 1816 3163 1880; x_wconf 82' lang='lat' dir='ltr'><strong>ablata,</strong></span> <span class='ocrx_word' id='word_1_258' title='bbox 3215 1814 3346 1868; x_wconf 86' lang='lat' dir='ltr'><strong>nihil</strong></span> <span class='ocrx_word' id='word_1_259' title='bbox 3386 1819 3609 1880; x_wconf 86' lang='lat' dir='ltr'><strong>possunt</strong></span> 
     </span>
    </p>
   </div>
   <div class='ocr_carea' id='block_1_36' title="bbox 362 1907 1935 1978">
    <p class='ocr_par' dir='ltr' id='par_1_36' title="bbox 362 1907 1935 1978">
     <span class='ocr_line' id='line_1_36' title="bbox 362 1907 1935 1978; baseline 0.007 -21"><span class='ocrx_word' id='word_1_260' title='bbox 362 1911 468 1976; x_wconf 77' lang='grc' dir='ltr'><strong>γάρ</strong></span> <span class='ocrx_word' id='word_1_261' title='bbox 538 1907 856 1975; x_wconf 85' lang='grc' dir='ltr'>αἰτοῦνται;</span> <span class='ocrx_word' id='word_1_262' title='bbox 915 1909 1222 1978; x_wconf 76' lang='grc' dir='ltr'>ἐλεηθῆναι.</span> <span class='ocrx_word' id='word_1_263' title='bbox 1292 1912 1463 1965; x_wconf 81' lang='grc' dir='ltr'>Τοῦτο</span> <span class='ocrx_word' id='word_1_264' title='bbox 1509 1912 1568 1966; x_wconf 81' lang='grc' dir='ltr'>δὲ</span> <span class='ocrx_word' id='word_1_265' title='bbox 1630 1913 1935 1968; x_wconf 75' lang='grc' dir='ltr'>καταδίκων</span> 
     </span>
    </p>
   </div>
   <div class='ocr_carea' id='block_1_37' title="bbox 359 1998 1933 2077">
    <p class='ocr_par' dir='ltr' id='par_1_37' title="bbox 359 1998 1933 2077">
     <span class='ocr_line' id='line_1_37' title="bbox 359 1998 1933 2077; baseline 0.007 -29"><span class='ocrx_word' id='word_1_266' title='bbox 359 1999 506 2050; x_wconf 76' lang='grc' dir='ltr'>ἐστὶν</span> <span class='ocrx_word' id='word_1_267' title='bbox 529 1998 764 2068; x_wconf 83' lang='grc' dir='ltr'>αἴτημα,</span> <span class='ocrx_word' id='word_1_268' title='bbox 799 2000 848 2053; x_wconf 86' lang='grc' dir='ltr'><strong>οῖ</strong></span> <span class='ocrx_word' id='word_1_269' title='bbox 882 2002 1009 2054; x_wconf 81' lang='grc' dir='ltr'>ὅταν</span> <span class='ocrx_word' id='word_1_270' title='bbox 1044 2003 1232 2056; x_wconf 82' lang='grc' dir='ltr'>πᾶσαν</span> <span class='ocrx_word' id='word_1_271' title='bbox 1258 2003 1554 2071; x_wconf 85' lang='grc' dir='ltr'>ἀπολογίαν</span> <span class='ocrx_word' id='word_1_272' title='bbox 1587 2008 1933 2077; x_wconf 77' lang='grc' dir='ltr'>περιῃρημέ-</span> 
     </span>
    </p>
   </div>
   <div class='ocr_carea' id='block_1_38' title="bbox 361 2091 1935 2165">
    <p class='ocr_par' dir='ltr' id='par_1_38' title="bbox 361 2091 1935 2165">
     <span class='ocr_line' id='line_1_38' title="bbox 361 2091 1935 2165; baseline 0.004 -24"><span class='ocrx_word' id='word_1_273' title='bbox 361 2107 462 2153; x_wconf 84' lang='grc' dir='ltr'>νοι,</span> <span class='ocrx_word' id='word_1_274' title='bbox 507 2091 783 2161; x_wconf 82' lang='grc' dir='ltr'>μηδεμίαν</span> <span class='ocrx_word' id='word_1_275' title='bbox 823 2092 1024 2162; x_wconf 69' lang='grc' dir='ltr'>ἔχωσιν</span> <span class='ocrx_word' id='word_1_276' title='bbox 1060 2094 1232 2145; x_wconf 83' lang='grc' dir='ltr'>είπεῖν</span> <span class='ocrx_word' id='word_1_277' title='bbox 1282 2093 1672 2162; x_wconf 76' lang='grc' dir='ltr'>δικαιολογίαν,</span> <span class='ocrx_word' id='word_1_278' title='bbox 1729 2096 1935 2165; x_wconf 88' lang='grc' dir='ltr'>ταύτην</span> 
     </span>
    </p>
   </div>
   <div class='ocr_carea' id='block_1_39' title="bbox 355 2183 1936 2257">
    <p class='ocr_par' dir='ltr' id='par_1_39' title="bbox 355 2183 1936 2257">
     <span class='ocr_line' id='line_1_39' title="bbox 355 2183 1936 2257; baseline 0.006 -25"><span class='ocrx_word' id='word_1_279' title='bbox 355 2183 588 2251; x_wconf 73' lang='grc' dir='ltr'>ἔσχατον</span> <span class='ocrx_word' id='word_1_280' title='bbox 619 2185 816 2252; x_wconf 79' lang='grc' dir='ltr'>ἀφιᾶσι</span> <span class='ocrx_word' id='word_1_281' title='bbox 855 2185 954 2254; x_wconf 74' lang='grc' dir='ltr'>τὴν</span> <span class='ocrx_word' id='word_1_282' title='bbox 993 2183 1175 2253; x_wconf 83' lang='grc' dir='ltr'>φωνὴν</span> <span class='ocrx_word' id='word_1_283' title='bbox 1201 2185 1336 2254; x_wconf 77' lang='grc' dir='ltr'>πρὸς</span> <span class='ocrx_word' id='word_1_284' title='bbox 1382 2187 1471 2238; x_wconf 74' lang='grc' dir='ltr'>τὸν</span> <span class='ocrx_word' id='word_1_285' title='bbox 1527 2187 1802 2257; x_wconf 77' lang='grc' dir='ltr'>δικαστὴν,</span> <span class='ocrx_word' id='word_1_286' title='bbox 1837 2189 1936 2241; x_wconf 84' lang='grc' dir='ltr'><strong>οὐκ</strong></span> 
     </span>
    </p>
   </div>
   <div class='ocr_carea' id='block_1_40' title="bbox 363 2277 1939 2351">
    <p class='ocr_par' dir='ltr' id='par_1_40' title="bbox 363 2277 1939 2351">
     <span class='ocr_line' id='line_1_40' title="bbox 363 2277 1939 2351; baseline 0.004 -23"><span class='ocrx_word' id='word_1_287' title='bbox 363 2277 469 2328; x_wconf 72' lang='grc' dir='ltr'><strong>ἀπὸ</strong></span> <span class='ocrx_word' id='word_1_288' title='bbox 498 2277 608 2329; x_wconf 87' lang='grc' dir='ltr'><strong>τῶν</strong></span> <span class='ocrx_word' id='word_1_289' title='bbox 655 2278 901 2340; x_wconf 87' lang='grc' dir='ltr'>δικαίων,</span> <span class='ocrx_word' id='word_1_290' title='bbox 927 2279 1045 2332; x_wconf 81' lang='grc' dir='ltr'>ἀλλ’</span> <span class='ocrx_word' id='word_1_291' title='bbox 1075 2281 1186 2333; x_wconf 82' lang='grc' dir='ltr'><strong>ἀπὸ</strong></span> <span class='ocrx_word' id='word_1_292' title='bbox 1235 2281 1333 2348; x_wconf 79' lang='grc' dir='ltr'>τῆς</span> <span class='ocrx_word' id='word_1_293' title='bbox 1362 2282 1571 2334; x_wconf 77' lang='grc' dir='ltr'>ἐκείνου</span> <span class='ocrx_word' id='word_1_294' title='bbox 1631 2281 1939 2351; x_wconf 82' lang='grc' dir='ltr'>φιλανθρω-</span> 
     </span>
    </p>
   </div>
   <div class='ocr_carea' id='block_1_41' title="bbox 363 2362 1936 2440">
    <p class='ocr_par' dir='ltr' id='par_1_41' title="bbox 363 2362 1936 2440">
     <span class='ocr_line' id='line_1_41' title="bbox 363 2362 1936 2440; baseline 0.004 -23"><span class='ocrx_word' id='word_1_295' title='bbox 363 2368 516 2433; x_wconf 83' lang='grc' dir='ltr'>πίας,</span> <span class='ocrx_word' id='word_1_296' title='bbox 563 2362 641 2421; x_wconf 84' lang='grc' dir='ltr'>ὧν</span> <span class='ocrx_word' id='word_1_297' title='bbox 669 2369 878 2421; x_wconf 82' lang='grc' dir='ltr'>δέονται</span> <span class='ocrx_word' id='word_1_298' title='bbox 923 2373 1107 2438; x_wconf 82' lang='grc' dir='ltr'>τυχεῖν</span> <span class='ocrx_word' id='word_1_299' title='bbox 1163 2372 1591 2440; x_wconf 82' lang='grc' dir='ltr'>προσδοκῶντες.</span> <span class='ocrx_word' id='word_1_300' title='bbox 1650 2371 1821 2425; x_wconf 86' lang='grc' dir='ltr'>Τοῦτο</span> <span class='ocrx_word' id='word_1_301' title='bbox 1880 2372 1936 2424; x_wconf 84' lang='grc' dir='ltr'>δέ</span> 
     </span>
    </p>
   </div>
   <div class='ocr_carea' id='block_1_42' title="bbox 363 2460 1937 2534">
    <p class='ocr_par' dir='ltr' id='par_1_42' title="bbox 363 2460 1937 2534">
     <span class='ocr_line' id='line_1_42' title="bbox 363 2460 1937 2534; baseline 0.004 -24"><span class='ocrx_word' id='word_1_302' title='bbox 363 2463 478 2511; x_wconf 79' lang='grc' dir='ltr'>ἐστι</span> <span class='ocrx_word' id='word_1_303' title='bbox 540 2460 980 2530; x_wconf 71' lang='grc' dir='ltr'>μαρτυρούντων,</span> <span class='ocrx_word' id='word_1_304' title='bbox 1040 2463 1117 2530; x_wconf 81' lang='grc' dir='ltr'>τῷ</span> <span class='ocrx_word' id='word_1_305' title='bbox 1161 2463 1260 2530; x_wconf 81' lang='grc' dir='ltr'><strong>μὲν</strong></span> <span class='ocrx_word' id='word_1_306' title='bbox 1308 2462 1538 2532; x_wconf 79' lang='grc' dir='ltr'>δικαστῇ</span> <span class='ocrx_word' id='word_1_307' title='bbox 1593 2465 1937 2534; x_wconf 68' lang='grc' dir='ltr'>χρηστότητα</span> 
     </span>
    </p>
   </div>
   <div class='ocr_carea' id='block_1_43' title="bbox 371 2547 1936 2624">
    <p class='ocr_par' dir='ltr' id='par_1_43' title="bbox 371 2547 1936 2624">
     <span class='ocr_line' id='line_1_43' title="bbox 371 2547 1936 2624; baseline 0.002 -19"><span class='ocrx_word' id='word_1_308' title='bbox 371 2551 594 2622; x_wconf 76' lang='grc' dir='ltr'>πολλήνο</span> <span class='ocrx_word' id='word_1_309' title='bbox 628 2554 842 2616; x_wconf 82' lang='grc' dir='ltr'>ἑαυτοῖς</span> <span class='ocrx_word' id='word_1_310' title='bbox 858 2553 936 2620; x_wconf 82' lang='grc' dir='ltr'>δὲ,</span> <span class='ocrx_word' id='word_1_311' title='bbox 958 2555 1243 2624; x_wconf 70' lang='grc' dir='ltr'>πονηρίανυ</span> <span class='ocrx_word' id='word_1_312' title='bbox 1263 2547 1357 2621; x_wconf 79' lang='grc' dir='ltr'>ὧν,</span> <span class='ocrx_word' id='word_1_313' title='bbox 1385 2556 1444 2607; x_wconf 87' lang='grc' dir='ltr'><strong>τὸ</strong></span> <span class='ocrx_word' id='word_1_314' title='bbox 1475 2555 1572 2622; x_wconf 84' lang='grc' dir='ltr'>μὲν</span> <span class='ocrx_word' id='word_1_315' title='bbox 1605 2553 1936 2624; x_wconf 80' lang='grc' dir='ltr'>ἐξομολογή-</span> 
     </span>
    </p>
   </div>
   <div class='ocr_carea' id='block_1_44' title="bbox 375 2641 1938 2714">
    <p class='ocr_par' dir='ltr' id='par_1_44' title="bbox 375 2641 1938 2714">
     <span class='ocr_line' id='line_1_44' title="bbox 375 2641 1938 2714; baseline 0.001 -21"><span class='ocrx_word' id='word_1_316' title='bbox 375 2659 531 2706; x_wconf 87' lang='grc' dir='ltr'>σεως,</span> <span class='ocrx_word' id='word_1_317' title='bbox 565 2641 711 2695; x_wconf 81' lang='grc' dir='ltr'>τὸδὲ</span> <span class='ocrx_word' id='word_1_318' title='bbox 760 2643 1110 2714; x_wconf 72' lang='grc' dir='ltr'>εὐχαριστίας</span> <span class='ocrx_word' id='word_1_319' title='bbox 1164 2645 1299 2697; x_wconf 86' lang='grc' dir='ltr'>ἐστί.</span> <span class='ocrx_word' id='word_1_320' title='bbox 1343 2643 1717 2713; x_wconf 79' lang='grc' dir='ltr'>Προτρέπεται</span> <span class='ocrx_word' id='word_1_321' title='bbox 1771 2643 1828 2696; x_wconf 80' lang='grc' dir='ltr'>δὲ</span> <span class='ocrx_word' id='word_1_322' title='bbox 1879 2644 1938 2710; x_wconf 73' lang='grc' dir='ltr'><strong>ἐξ</strong></span> 
     </span>
    </p>
   </div>
   <div class='ocr_carea' id='block_1_45' title="bbox 361 2735 1935 2806">
    <p class='ocr_par' dir='ltr' id='par_1_45' title="bbox 361 2735 1935 2806">
     <span class='ocr_line' id='line_1_45' title="bbox 361 2735 1935 2806; baseline 0 -20"><span class='ocrx_word' id='word_1_323' title='bbox 361 2736 535 2805; x_wconf 84' lang='grc' dir='ltr'>ἀρχῆς</span> <span class='ocrx_word' id='word_1_324' title='bbox 567 2738 596 2788; x_wconf 86' lang='grc' dir='ltr'>ὁ</span> <span class='ocrx_word' id='word_1_325' title='bbox 637 2736 813 2805; x_wconf 75' lang='grc' dir='ltr'>ἰερεῦς</span> <span class='ocrx_word' id='word_1_326' title='bbox 859 2736 950 2789; x_wconf 71' lang='grc' dir='ltr'>τὸν</span> <span class='ocrx_word' id='word_1_327' title='bbox 979 2736 1105 2788; x_wconf 68' lang='grc' dir='ltr'>λαὸν</span> <span class='ocrx_word' id='word_1_328' title='bbox 1137 2739 1216 2798; x_wconf 85' lang='grc' dir='ltr'><strong>εἰς</strong></span> <span class='ocrx_word' id='word_1_329' title='bbox 1267 2735 1363 2806; x_wconf 80' lang='grc' dir='ltr'>τὴν</span> <span class='ocrx_word' id='word_1_330' title='bbox 1387 2735 1552 2805; x_wconf 80' lang='grc' dir='ltr'>εὐχὴν</span> <span class='ocrx_word' id='word_1_331' title='bbox 1578 2739 1935 2804; x_wconf 77' lang='grc' dir='ltr'>τεταγμένος,</span> 
     </span>
    </p>
   </div>
   <div class='ocr_carea' id='block_1_46' title="bbox 361 2826 1936 2898">
    <p class='ocr_par' dir='ltr' id='par_1_46' title="bbox 361 2826 1936 2898">
     <span class='ocr_line' id='line_1_46' title="bbox 361 2826 1936 2898; baseline 0.003 -22"><span class='ocrx_word' id='word_1_332' title='bbox 361 2830 456 2878; x_wconf 76' lang='grc' dir='ltr'><strong>καὶ</strong></span> <span class='ocrx_word' id='word_1_333' title='bbox 489 2826 577 2879; x_wconf 80' lang='grc' dir='ltr'>διὰ</span> <span class='ocrx_word' id='word_1_334' title='bbox 607 2827 766 2880; x_wconf 77' lang='grc' dir='ltr'>τοῦτο</span> <span class='ocrx_word' id='word_1_335' title='bbox 793 2827 884 2880; x_wconf 88' lang='grc' dir='ltr'><strong>τοῦ</strong></span> <span class='ocrx_word' id='word_1_336' title='bbox 921 2827 1050 2881; x_wconf 87' lang='grc' dir='ltr'>λαοῦ</span> <span class='ocrx_word' id='word_1_337' title='bbox 1080 2828 1521 2898; x_wconf 80' lang='grc' dir='ltr'>προϐεϐλημένος</span> <span class='ocrx_word' id='word_1_338' title='bbox 1548 2829 1730 2891; x_wconf 79' lang='grc' dir='ltr'>αὑτός·</span> <span class='ocrx_word' id='word_1_339' title='bbox 1769 2827 1888 2882; x_wconf 82' lang='grc' dir='ltr'>ἀλλ’</span> <span class='ocrx_word' id='word_1_340' title='bbox 1909 2831 1936 2880; x_wconf 85' lang='grc' dir='ltr'>ὁ</span> 
     </span>
    </p>
   </div>
   <div class='ocr_carea' id='block_1_47' title="bbox 373 2917 1935 2990">
    <p class='ocr_par' dir='ltr' id='par_1_47' title="bbox 373 2917 1935 2990">
     <span class='ocr_line' id='line_1_47' title="bbox 373 2917 1935 2990; baseline 0.001 -21"><span class='ocrx_word' id='word_1_341' title='bbox 373 2917 492 2985; x_wconf 77' lang='grc' dir='ltr'>μὲν,</span> <span class='ocrx_word' id='word_1_342' title='bbox 523 2917 598 2979; x_wconf 85' lang='grc' dir='ltr'><strong>ὡς</strong></span> <span class='ocrx_word' id='word_1_343' title='bbox 633 2917 973 2990; x_wconf 77' lang='grc' dir='ltr'>πρεσϐευτὴς</span> <span class='ocrx_word' id='word_1_344' title='bbox 1014 2919 1195 2971; x_wconf 75' lang='grc' dir='ltr'>αὐτῶν</span> <span class='ocrx_word' id='word_1_345' title='bbox 1225 2920 1321 2972; x_wconf 85' lang='grc' dir='ltr'><strong>καὶ</strong></span> <span class='ocrx_word' id='word_1_346' title='bbox 1349 2918 1594 2989; x_wconf 75' lang='grc' dir='ltr'>μεσίτης,</span> <span class='ocrx_word' id='word_1_347' title='bbox 1655 2918 1740 2972; x_wconf 76' lang='grc' dir='ltr'>ἵνα</span> <span class='ocrx_word' id='word_1_348' title='bbox 1773 2919 1935 2971; x_wconf 84' lang='grc' dir='ltr'>αὑτοῦ</span> 
     </span>
    </p>
   </div>
   <div class='ocr_carea' id='block_1_48' title="bbox 359 3009 1936 3083">
    <p class='ocr_par' dir='ltr' id='par_1_48' title="bbox 359 3009 1936 3083">
     <span class='ocr_line' id='line_1_48' title="bbox 359 3009 1936 3083; baseline 0.003 -23"><span class='ocrx_word' id='word_1_349' title='bbox 359 3009 544 3079; x_wconf 75' lang='grc' dir='ltr'>δέησις</span> <span class='ocrx_word' id='word_1_350' title='bbox 580 3011 949 3081; x_wconf 73' lang='grc' dir='ltr'>ἐνεργουμένη</span> <span class='ocrx_word' id='word_1_351' title='bbox 984 3011 1116 3064; x_wconf 76' lang='grc' dir='ltr'>πολὺ</span> <span class='ocrx_word' id='word_1_352' title='bbox 1156 3011 1338 3083; x_wconf 78' lang='grc' dir='ltr'>ἰσχύῃ,</span> <span class='ocrx_word' id='word_1_353' title='bbox 1370 3011 1672 3082; x_wconf 83' lang='grc' dir='ltr'>καθάπερό</span> <span class='ocrx_word' id='word_1_354' title='bbox 1700 3012 1936 3066; x_wconf 80' lang='grc' dir='ltr'>ἀπόστο-</span> 
     </span>
    </p>
   </div>
   <div class='ocr_carea' id='block_1_49' title="bbox 360 3101 1938 3174">
    <p class='ocr_par' dir='ltr' id='par_1_49' title="bbox 360 3101 1938 3174">
     <span class='ocr_line' id='line_1_49' title="bbox 360 3101 1938 3174; baseline 0.002 -20"><span class='ocrx_word' id='word_1_355' title='bbox 360 3101 451 3164; x_wconf 81' lang='grc' dir='ltr'><strong>λος</strong></span> <span class='ocrx_word' id='word_1_356' title='bbox 505 3103 760 3164; x_wconf 82' lang='grc' dir='ltr'>Ἰάκωϐος</span> <span class='ocrx_word' id='word_1_357' title='bbox 799 3101 972 3157; x_wconf 74' lang='grc' dir='ltr'>εἶπενο</span> <span class='ocrx_word' id='word_1_358' title='bbox 1028 3105 1334 3173; x_wconf 80' lang='grc' dir='ltr'>ἐνεργεῖται</span> <span class='ocrx_word' id='word_1_359' title='bbox 1383 3105 1494 3173; x_wconf 84' lang='grc' dir='ltr'>γὰρ</span> <span class='ocrx_word' id='word_1_360' title='bbox 1547 3103 1801 3174; x_wconf 83' lang='grc' dir='ltr'>ήδέησις</span> <span class='ocrx_word' id='word_1_361' title='bbox 1843 3103 1938 3157; x_wconf 82' lang='grc' dir='ltr'><strong>τοῦ</strong></span> 
     </span>
    </p>
   </div>
   <div class='ocr_carea' id='block_1_50' title="bbox 359 3189 1940 3267">
    <p class='ocr_par' dir='ltr' id='par_1_50' title="bbox 359 3189 1940 3267">
     <span class='ocr_line' id='line_1_50' title="bbox 359 3189 1940 3267; baseline 0.002 -21"><span class='ocrx_word' id='word_1_362' title='bbox 359 3195 592 3260; x_wconf 83' lang='grc' dir='ltr'>δικαίου,</span> <span class='ocrx_word' id='word_1_363' title='bbox 618 3196 746 3248; x_wconf 86' lang='grc' dir='ltr'>ὅταν</span> <span class='ocrx_word' id='word_1_364' title='bbox 785 3197 1029 3249; x_wconf 82' lang='grc' dir='ltr'>κάκεῖνοι</span> <span class='ocrx_word' id='word_1_365' title='bbox 1057 3196 1259 3259; x_wconf 85' lang='grc' dir='ltr'>πάντες</span> <span class='ocrx_word' id='word_1_366' title='bbox 1293 3196 1431 3267; x_wconf 82' lang='grc' dir='ltr'>ὑπὲρ</span> <span class='ocrx_word' id='word_1_367' title='bbox 1457 3189 1530 3250; x_wconf 85' lang='grc' dir='ltr'>ὧν</span> <span class='ocrx_word' id='word_1_368' title='bbox 1558 3198 1592 3267; x_wconf 76' lang='grc' dir='ltr'><strong>ἡ</strong></span> <span class='ocrx_word' id='word_1_369' title='bbox 1630 3195 1837 3264; x_wconf 82' lang='grc' dir='ltr'>δέησις,</span> <span class='ocrx_word' id='word_1_370' title='bbox 1869 3197 1940 3249; x_wconf 84' lang='grc' dir='ltr'>τὰ</span> 
     </span>
    </p>
   </div>
   <div class='ocr_carea' id='block_1_51' title="bbox 361 3286 1941 3358">
    <p class='ocr_par' dir='ltr' id='par_1_51' title="bbox 361 3286 1941 3358">
     <span class='ocr_line' id='line_1_51' title="bbox 361 3286 1941 3358; baseline 0.002 -22"><span class='ocrx_word' id='word_1_371' title='bbox 361 3287 490 3354; x_wconf 81' lang='grc' dir='ltr'>παρ’</span> <span class='ocrx_word' id='word_1_372' title='bbox 507 3286 728 3353; x_wconf 59' lang='grc' dir='ltr'>ςὲαυτῶν</span> <span class='ocrx_word' id='word_1_373' title='bbox 761 3287 1092 3356; x_wconf 77' lang='grc' dir='ltr'>εἰσφέρωσιν</span> <span class='ocrx_word' id='word_1_374' title='bbox 1141 3287 1378 3340; x_wconf 73' lang='grc' dir='ltr'>ἅπανταο</span> <span class='ocrx_word' id='word_1_375' title='bbox 1412 3287 1757 3358; x_wconf 82' lang='grc' dir='ltr'>χρηστότητα</span> <span class='ocrx_word' id='word_1_376' title='bbox 1813 3286 1941 3354; x_wconf 81' lang='grc' dir='ltr'>τρό-</span> 
     </span>
    </p>
   </div>
   <div class='ocr_carea' id='block_1_52' title="bbox 364 3377 1942 3449">
    <p class='ocr_par' dir='ltr' id='par_1_52' title="bbox 364 3377 1942 3449">
     <span class='ocr_line' id='line_1_52' title="bbox 364 3377 1942 3449; baseline 0.003 -23"><span class='ocrx_word' id='word_1_377' title='bbox 364 3393 502 3442; x_wconf 78' lang='grc' dir='ltr'>πων,</span> <span class='ocrx_word' id='word_1_378' title='bbox 549 3377 739 3447; x_wconf 76' lang='grc' dir='ltr'>εὐχὰς,</span> <span class='ocrx_word' id='word_1_379' title='bbox 775 3379 1096 3445; x_wconf 74' lang='grc' dir='ltr'>ἐπιείκειαν,</span> <span class='ocrx_word' id='word_1_380' title='bbox 1153 3379 1250 3432; x_wconf 72' lang='grc' dir='ltr'><strong>καὶ</strong></span> <span class='ocrx_word' id='word_1_381' title='bbox 1287 3379 1394 3449; x_wconf 78' lang='grc' dir='ltr'>ὅτῳ</span> <span class='ocrx_word' id='word_1_382' title='bbox 1452 3377 1596 3448; x_wconf 82' lang='grc' dir='ltr'>ἄλλῳ</span> <span class='ocrx_word' id='word_1_383' title='bbox 1638 3379 1786 3431; x_wconf 83' lang='grc' dir='ltr'>ίσασι</span> <span class='ocrx_word' id='word_1_384' title='bbox 1823 3379 1942 3447; x_wconf 83' lang='grc' dir='ltr'>χαί-</span> 
     </span>
    </p>
   </div>
   <div class='ocr_carea' id='block_1_53' title="bbox 367 3469 1937 3542">
    <p class='ocr_par' dir='ltr' id='par_1_53' title="bbox 367 3469 1937 3542">
     <span class='ocr_line' id='line_1_53' title="bbox 367 3469 1937 3542; baseline 0.003 -22"><span class='ocrx_word' id='word_1_385' title='bbox 367 3486 530 3538; x_wconf 85' lang='grc' dir='ltr'>ροντα</span> <span class='ocrx_word' id='word_1_386' title='bbox 559 3469 652 3522; x_wconf 79' lang='grc' dir='ltr'><strong>τὸν</strong></span> <span class='ocrx_word' id='word_1_387' title='bbox 685 3471 843 3523; x_wconf 81' lang='grc' dir='ltr'>Θεόν.</span> <span class='ocrx_word' id='word_1_388' title='bbox 881 3470 944 3522; x_wconf 88' lang='grc' dir='ltr'>Τί</span> <span class='ocrx_word' id='word_1_389' title='bbox 965 3471 1025 3525; x_wconf 79' lang='grc' dir='ltr'>δὲ</span> <span class='ocrx_word' id='word_1_390' title='bbox 1060 3471 1122 3524; x_wconf 75' lang='grc' dir='ltr'><strong>τὸ</strong></span> <span class='ocrx_word' id='word_1_391' title='bbox 1150 3473 1360 3542; x_wconf 75' lang='grc' dir='ltr'>αἴτημα</span> <span class='ocrx_word' id='word_1_392' title='bbox 1403 3471 1464 3523; x_wconf 84' lang='grc' dir='ltr'>τὸ</span> <span class='ocrx_word' id='word_1_393' title='bbox 1498 3471 1714 3542; x_wconf 84' lang='grc' dir='ltr'>πρῶτον</span> <span class='ocrx_word' id='word_1_394' title='bbox 1741 3472 1889 3533; x_wconf 65' lang='grc' dir='ltr'>ιύθὸ,</span> <span class='ocrx_word' id='word_1_395' title='bbox 1923 3490 1937 3538; x_wconf 92' lang='lat'><strong>;</strong></span> 
     </span>
    </p>
   </div>
   <div class='ocr_carea' id='block_1_54' title="bbox 373 3560 1942 3636">
    <p class='ocr_par' dir='ltr' id='par_1_54' title="bbox 373 3560 1942 3636">
     <span class='ocr_line' id='line_1_54' title="bbox 373 3560 1942 3636; baseline 0.005 -25"><span class='ocrx_word' id='word_1_396' title='bbox 373 3560 548 3632; x_wconf 78' lang='grc' dir='ltr'><strong>Ὑπὲρ</strong></span> <span class='ocrx_word' id='word_1_397' title='bbox 598 3561 700 3629; x_wconf 81' lang='grc' dir='ltr'>τῆς</span> <span class='ocrx_word' id='word_1_398' title='bbox 730 3561 936 3616; x_wconf 73' lang='grc' dir='ltr'>ἄνωθεν</span> <span class='ocrx_word' id='word_1_399' title='bbox 969 3564 1215 3633; x_wconf 82' lang='grc' dir='ltr'>εἰρήνης,</span> <span class='ocrx_word' id='word_1_400' title='bbox 1249 3564 1343 3616; x_wconf 57' lang='grc' dir='ltr'><strong>καὶ⁸</strong></span> <span class='ocrx_word' id='word_1_401' title='bbox 1378 3568 1477 3633; x_wconf 85' lang='grc' dir='ltr'>τῆς</span> <span class='ocrx_word' id='word_1_402' title='bbox 1511 3565 1786 3636; x_wconf 80' lang='grc' dir='ltr'>σωτηρίας</span> <span class='ocrx_word' id='word_1_403' title='bbox 1833 3566 1942 3620; x_wconf 87' lang='grc' dir='ltr'><strong>τῶν</strong></span> 
     </span>
    </p>
   </div>
   <div class='ocr_carea' id='block_1_55' title="bbox 361 3649 1946 3725">
    <p class='ocr_par' dir='ltr' id='par_1_55' title="bbox 361 3649 1946 3725">
     <span class='ocr_line' id='line_1_55' title="bbox 361 3649 1946 3725; baseline 0.003 -23"><span class='ocrx_word' id='word_1_404' title='bbox 361 3649 550 3720; x_wconf 68' lang='grc' dir='ltr'>ψυχῶν</span> <span class='ocrx_word' id='word_1_405' title='bbox 574 3651 752 3722; x_wconf 59' lang='grc' dir='ltr'>ἡμῶν</span> <span class='ocrx_word' id='word_1_406' title='bbox 783 3651 998 3716; x_wconf 77' lang='grc' dir='ltr'>διδάξας</span> <span class='ocrx_word' id='word_1_407' title='bbox 1043 3652 1307 3723; x_wconf 79' lang='grc' dir='ltr'>πρότερον</span> <span class='ocrx_word' id='word_1_408' title='bbox 1355 3654 1501 3717; x_wconf 80' lang='grc' dir='ltr'>ὅπως</span> <span class='ocrx_word' id='word_1_409' title='bbox 1525 3653 1743 3724; x_wconf 80' lang='grc' dir='ltr'>ἔχοντας</span> <span class='ocrx_word' id='word_1_410' title='bbox 1792 3654 1946 3725; x_wconf 79' lang='grc' dir='ltr'>εὔχεο</span> 
     </span>
    </p>
   </div>
   <div class='ocr_carea' id='block_1_56' title="bbox 365 3745 1938 3817">
    <p class='ocr_par' dir='ltr' id='par_1_56' title="bbox 365 3745 1938 3817">
     <span class='ocr_line' id='line_1_56' title="bbox 365 3745 1938 3817; baseline 0.002 -20"><span class='ocrx_word' id='word_1_411' title='bbox 365 3745 489 3798; x_wconf 72' lang='grc' dir='ltr'>σθαι</span> <span class='ocrx_word' id='word_1_412' title='bbox 527 3746 627 3808; x_wconf 88' lang='grc' dir='ltr'>δεῖ,</span> <span class='ocrx_word' id='word_1_413' title='bbox 663 3745 754 3797; x_wconf 91' lang='grc' dir='ltr'><strong>νῦν</strong></span> <span class='ocrx_word' id='word_1_414' title='bbox 779 3746 1043 3812; x_wconf 81' lang='grc' dir='ltr'>διδάσκει,</span> <span class='ocrx_word' id='word_1_415' title='bbox 1079 3747 1172 3800; x_wconf 69' lang='grc' dir='ltr'>καὶ</span> <span class='ocrx_word' id='word_1_416' title='bbox 1211 3747 1262 3800; x_wconf 91' lang='grc' dir='ltr'><strong>τί</strong></span> <span class='ocrx_word' id='word_1_417' title='bbox 1295 3746 1378 3800; x_wconf 85' lang='grc' dir='ltr'><strong>δεῖ</strong></span> <span class='ocrx_word' id='word_1_418' title='bbox 1407 3747 1621 3817; x_wconf 82' lang='grc' dir='ltr'>πρῶτον</span> <span class='ocrx_word' id='word_1_419' title='bbox 1651 3749 1938 3800; x_wconf 67' lang='lat' dir='ltr'><strong>ait:chth</strong></span> 
     </span>
    </p>
   </div>
   <div class='ocr_carea' id='block_1_57' title="bbox 365 3837 1943 3911">
    <p class='ocr_par' dir='ltr' id='par_1_57' title="bbox 365 3837 1943 3911">
     <span class='ocr_line' id='line_1_57' title="bbox 365 3837 1943 3911; baseline 0.003 -23"><span class='ocrx_word' id='word_1_420' title='bbox 365 3837 581 3907; x_wconf 86' lang='grc' dir='ltr'>πρῶτον</span> <span class='ocrx_word' id='word_1_421' title='bbox 606 3838 704 3905; x_wconf 73' lang='grc' dir='ltr'><strong>τὴν</strong></span> <span class='ocrx_word' id='word_1_422' title='bbox 759 3837 1034 3906; x_wconf 79' lang='grc' dir='ltr'>βασιλείαν</span> <span class='ocrx_word' id='word_1_423' title='bbox 1083 3838 1177 3890; x_wconf 89' lang='grc' dir='ltr'><strong>τοῦ</strong></span> <span class='ocrx_word' id='word_1_424' title='bbox 1206 3839 1364 3903; x_wconf 86' lang='grc' dir='ltr'>Θεοῦ,</span> <span class='ocrx_word' id='word_1_425' title='bbox 1403 3841 1497 3893; x_wconf 77' lang='grc' dir='ltr'><strong>καὶ</strong></span> <span class='ocrx_word' id='word_1_426' title='bbox 1537 3841 1636 3911; x_wconf 79' lang='grc' dir='ltr'>τὴν</span> <span class='ocrx_word' id='word_1_427' title='bbox 1664 3841 1943 3894; x_wconf 87' lang='grc' dir='ltr'>δικα.οσύ-</span> 
     </span>
    </p>
   </div>
   <div class='ocr_carea' id='block_1_58' title="bbox 363 3921 1945 3993">
    <p class='ocr_par' dir='ltr' id='par_1_58' title="bbox 363 3921 1945 3993">
     <span class='ocr_line' id='line_1_58' title="bbox 363 3921 1945 3993; baseline 0.003 -21"><span class='ocrx_word' id='word_1_428' title='bbox 363 3937 464 3988; x_wconf 85' lang='grc' dir='ltr'><strong>νην</strong></span> <span class='ocrx_word' id='word_1_429' title='bbox 503 3921 692 3973; x_wconf 85' lang='grc' dir='ltr'>αὑτοῦ·</span> <span class='ocrx_word' id='word_1_430' title='bbox 727 3924 824 3990; x_wconf 74' lang='grc' dir='ltr'>τὴν</span> <span class='ocrx_word' id='word_1_431' title='bbox 861 3923 958 3990; x_wconf 79' lang='grc' dir='ltr'>μὲν</span> <span class='ocrx_word' id='word_1_432' title='bbox 987 3921 1100 3990; x_wconf 82' lang='grc' dir='ltr'>γὰρ</span> <span class='ocrx_word' id='word_1_433' title='bbox 1127 3923 1402 3990; x_wconf 85' lang='grc' dir='ltr'>βασιλείαν</span> <span class='ocrx_word' id='word_1_434' title='bbox 1432 3925 1464 3992; x_wconf 86' lang='grc' dir='ltr'>ἡ</span> <span class='ocrx_word' id='word_1_435' title='bbox 1490 3924 1598 3976; x_wconf 74' lang='grc' dir='ltr'><strong>τῶν</strong></span> <span class='ocrx_word' id='word_1_436' title='bbox 1630 3923 1819 3993; x_wconf 72' lang='grc' dir='ltr'>ψυχῶν</span> <span class='ocrx_word' id='word_1_437' title='bbox 1844 3941 1945 3977; x_wconf 91' lang='grc' dir='ltr'>σω-</span> 
     </span>
    </p>
   </div>
   <div class='ocr_carea' id='block_1_59' title="bbox 364 4011 1943 4084">
    <p class='ocr_par' dir='ltr' id='par_1_59' title="bbox 364 4011 1943 4084">
     <span class='ocr_line' id='line_1_59' title="bbox 364 4011 1943 4084; baseline 0.003 -21"><span class='ocrx_word' id='word_1_438' title='bbox 364 4013 556 4082; x_wconf 82' lang='grc' dir='ltr'>τηρία,</span> <span class='ocrx_word' id='word_1_439' title='bbox 593 4013 625 4082; x_wconf 79' lang='grc' dir='ltr'><strong>η</strong></span> <span class='ocrx_word' id='word_1_440' title='bbox 651 4011 706 4064; x_wconf 82' lang='grc' dir='ltr'>δὲ</span> <span class='ocrx_word' id='word_1_441' title='bbox 735 4011 943 4065; x_wconf 82' lang='grc' dir='ltr'>ἄνωθεν</span> <span class='ocrx_word' id='word_1_442' title='bbox 973 4013 1166 4084; x_wconf 82' lang='grc' dir='ltr'>εἰρήνη</span> <span class='ocrx_word' id='word_1_443' title='bbox 1197 4014 1293 4084; x_wconf 78' lang='grc' dir='ltr'>τὴν</span> <span class='ocrx_word' id='word_1_444' title='bbox 1313 4013 1406 4066; x_wconf 88' lang='grc' dir='ltr'><strong>τοῦ</strong></span> <span class='ocrx_word' id='word_1_445' title='bbox 1434 4013 1570 4066; x_wconf 85' lang='grc' dir='ltr'>Θεοῦ</span> <span class='ocrx_word' id='word_1_446' title='bbox 1597 4016 1943 4084; x_wconf 86' lang='grc' dir='ltr'>δικαιοσύνην</span> 
     </span>
    </p>
   </div>
   <div class='ocr_carea' id='block_1_60' title="bbox 365 4098 1936 4174">
    <p class='ocr_par' dir='ltr' id='par_1_60' title="bbox 365 4098 1936 4174">
     <span class='ocr_line' id='line_1_60' title="bbox 365 4098 1936 4174; baseline 0.003 -20"><span class='ocrx_word' id='word_1_447' title='bbox 365 4104 648 4173; x_wconf 81' lang='grc' dir='ltr'>σημαίνει·</span> <span class='ocrx_word' id='word_1_448' title='bbox 681 4103 808 4174; x_wconf 72' lang='grc' dir='ltr'>περὶ</span> <span class='ocrx_word' id='word_1_449' title='bbox 834 4098 900 4173; x_wconf 79' lang='grc' dir='ltr'>ἧς</span> <span class='ocrx_word' id='word_1_450' title='bbox 931 4101 1050 4156; x_wconf 81' lang='grc' dir='ltr'>εἰπε</span> <span class='ocrx_word' id='word_1_451' title='bbox 1082 4103 1312 4168; x_wconf 82' lang='grc' dir='ltr'>Παῦλος,</span> <span class='ocrx_word' id='word_1_452' title='bbox 1351 4124 1370 4157; x_wconf 79' lang='grc' dir='ltr'><strong>ι</strong></span> <span class='ocrx_word' id='word_1_453' title='bbox 1418 4105 1627 4174; x_wconf 79' lang='grc' dir='ltr'>Εἰρήνη</span> <span class='ocrx_word' id='word_1_454' title='bbox 1657 4105 1750 4158; x_wconf 87' lang='grc' dir='ltr'><strong>τοῦ</strong></span> <span class='ocrx_word' id='word_1_455' title='bbox 1776 4105 1936 4172; x_wconf 85' lang='grc' dir='ltr'>Θεοῦ,</span> 
     </span>
    </p>
   </div>
   <div class='ocr_carea' id='block_1_61' title="bbox 361 4195 1945 4267">
    <p class='ocr_par' dir='ltr' id='par_1_61' title="bbox 361 4195 1945 4267">
     <span class='ocr_line' id='line_1_61' title="bbox 361 4195 1945 4267; baseline 0.003 -21"><span class='ocrx_word' id='word_1_456' title='bbox 361 4198 395 4264; x_wconf 76' lang='grc' dir='ltr'><strong>η</strong></span> <span class='ocrx_word' id='word_1_457' title='bbox 436 4195 782 4263; x_wconf 80' lang='grc' dir='ltr'>ὑπερέχουσα</span> <span class='ocrx_word' id='word_1_458' title='bbox 836 4197 1016 4249; x_wconf 86' lang='grc' dir='ltr'>πάντα</span> <span class='ocrx_word' id='word_1_459' title='bbox 1063 4195 1207 4260; x_wconf 86' lang='grc' dir='ltr'>νοῦν,</span> <span class='ocrx_word' id='word_1_460' title='bbox 1243 4215 1262 4249; x_wconf 71' lang='grc' dir='ltr'><strong>ι</strong></span> <span class='ocrx_word' id='word_1_461' title='bbox 1315 4197 1380 4266; x_wconf 81' lang='grc' dir='ltr'>ἢν</span> <span class='ocrx_word' id='word_1_462' title='bbox 1408 4198 1435 4249; x_wconf 87' lang='grc' dir='ltr'><strong>ό</strong></span> <span class='ocrx_word' id='word_1_463' title='bbox 1486 4197 1690 4266; x_wconf 82' lang='grc' dir='ltr'>Κύριος</span> <span class='ocrx_word' id='word_1_464' title='bbox 1732 4197 1945 4267; x_wconf 77' lang='grc' dir='ltr'>ἀφῆκεν</span> 
     </span>
    </p>
   </div>
   <div class='ocr_carea' id='block_1_62' title="bbox 362 4284 1945 4356">
    <p class='ocr_par' dir='ltr' id='par_1_62' title="bbox 362 4284 1945 4356">
     <span class='ocr_line' id='line_1_62' title="bbox 362 4284 1945 4356; baseline 0.004 -20"><span class='ocrx_word' id='word_1_465' title='bbox 362 4287 478 4346; x_wconf 85' lang='grc' dir='ltr'>τοῖς</span> <span class='ocrx_word' id='word_1_466' title='bbox 505 4284 844 4349; x_wconf 80' lang='grc' dir='ltr'>ἀποστόλοις,</span> <span class='ocrx_word' id='word_1_467' title='bbox 891 4285 1193 4339; x_wconf 85' lang='grc' dir='ltr'>ἀναϐαίνων</span> <span class='ocrx_word' id='word_1_468' title='bbox 1245 4287 1380 4356; x_wconf 81' lang='grc' dir='ltr'>πρὸς</span> <span class='ocrx_word' id='word_1_469' title='bbox 1413 4285 1501 4338; x_wconf 79' lang='grc' dir='ltr'><strong>τὸν</strong></span> <span class='ocrx_word' id='word_1_470' title='bbox 1537 4287 1770 4356; x_wconf 81' lang='grc' dir='ltr'>Πατέρα,</span> <span class='ocrx_word' id='word_1_471' title='bbox 1802 4307 1819 4340; x_wconf 82' lang='grc' dir='ltr'><strong>ι</strong></span> <span class='ocrx_word' id='word_1_472' title='bbox 1857 4288 1945 4342; x_wconf 77' lang='lat' dir='ltr'><strong>Ei-</strong></span> 
     </span>
    </p>
   </div>
   <div class='ocr_carea' id='block_1_63' title="bbox 363 4376 1942 4449">
    <p class='ocr_par' dir='ltr' id='par_1_63' title="bbox 363 4376 1942 4449">
     <span class='ocr_line' id='line_1_63' title="bbox 363 4376 1942 4449; baseline 0.003 -22"><span class='ocrx_word' id='word_1_473' title='bbox 363 4378 560 4447; x_wconf 82' lang='grc' dir='ltr'>ρήνην,</span> <span class='ocrx_word' id='word_1_474' title='bbox 594 4376 785 4438; x_wconf 84' lang='grc' dir='ltr'>εἰπὼν,</span> <span class='ocrx_word' id='word_1_475' title='bbox 807 4377 1008 4447; x_wconf 81' lang='grc' dir='ltr'>ἀφίημι</span> <span class='ocrx_word' id='word_1_476' title='bbox 1041 4378 1190 4446; x_wconf 87' lang='grc' dir='ltr'>ὑμῖν,</span> <span class='ocrx_word' id='word_1_477' title='bbox 1223 4380 1445 4448; x_wconf 75' lang='grc' dir='ltr'>εἰρήνην</span> <span class='ocrx_word' id='word_1_478' title='bbox 1470 4379 1570 4447; x_wconf 76' lang='grc' dir='ltr'>τὴν</span> <span class='ocrx_word' id='word_1_479' title='bbox 1599 4379 1736 4449; x_wconf 79' lang='grc' dir='ltr'>ἐμὴν</span> <span class='ocrx_word' id='word_1_480' title='bbox 1751 4381 1942 4449; x_wconf 84' lang='grc' dir='ltr'>δίδωμι</span> 
     </span>
    </p>
   </div>
   <div class='ocr_carea' id='block_1_64' title="bbox 2039 1911 3609 1982">
    <p class='ocr_par' dir='ltr' id='par_1_64' title="bbox 2039 1911 3609 1982">
     <span class='ocr_line' id='line_1_64' title="bbox 2039 1911 3609 1982; baseline -0.011 -11"><span class='ocrx_word' id='word_1_481' title='bbox 2039 1917 2250 1971; x_wconf 86' lang='lat' dir='ltr'><strong>discere</strong></span> <span class='ocrx_word' id='word_1_482' title='bbox 2287 1929 2394 1982; x_wconf 91' lang='lat' dir='ltr'><strong>quo</strong></span> <span class='ocrx_word' id='word_1_483' title='bbox 2436 1928 2494 1966; x_wconf 83' lang='lat' dir='ltr'><strong>se.</strong></span> <span class='ocrx_word' id='word_1_484' title='bbox 2536 1911 2854 1979; x_wconf 78' lang='lat' dir='ltr'><strong>justiliccnl,</strong></span> <span class='ocrx_word' id='word_1_485' title='bbox 2890 1919 2944 1962; x_wconf 91' lang='lat' dir='ltr'><strong>ct</strong></span> <span class='ocrx_word' id='word_1_486' title='bbox 2978 1921 3195 1961; x_wconf 78' lang='lat' dir='ltr'><strong>causam</strong></span> <span class='ocrx_word' id='word_1_487' title='bbox 3231 1919 3388 1960; x_wconf 84' lang='lat' dir='ltr'><strong>suam</strong></span> <span class='ocrx_word' id='word_1_488' title='bbox 3422 1913 3609 1955; x_wconf 87' lang='lat' dir='ltr'><strong>tuean-</strong></span> 
     </span>
    </p>
   </div>
   <div class='ocr_carea' id='block_1_65' title="bbox 2040 1997 3605 2071">
    <p class='ocr_par' dir='ltr' id='par_1_65' title="bbox 2040 1997 3605 2071">
     <span class='ocr_line' id='line_1_65' title="bbox 2040 1997 3605 2071; baseline -0.012 -12"><span class='ocrx_word' id='word_1_489' title='bbox 2040 2017 2148 2071; x_wconf 85' lang='lat' dir='ltr'><strong>tur,</strong></span> <span class='ocrx_word' id='word_1_490' title='bbox 2195 2006 2334 2059; x_wconf 84' lang='lat' dir='ltr'><strong>hauc</strong></span> <span class='ocrx_word' id='word_1_491' title='bbox 2357 2019 2538 2056; x_wconf 86' lang='lat' dir='ltr'><strong>vocem</strong></span> <span class='ocrx_word' id='word_1_492' title='bbox 2565 2012 2841 2070; x_wconf 87' lang='lat' dir='ltr'><strong>postremo</strong></span> <span class='ocrx_word' id='word_1_493' title='bbox 2860 2003 2924 2053; x_wconf 87' lang='lat' dir='ltr'><strong>ad</strong></span> <span class='ocrx_word' id='word_1_494' title='bbox 2945 1999 3180 2066; x_wconf 84' lang='lat' dir='ltr'><strong>judicent</strong></span> <span class='ocrx_word' id='word_1_495' title='bbox 3207 1997 3478 2052; x_wconf 86' lang='lat' dir='ltr'><strong>emittunt.</strong></span> <span class='ocrx_word' id='word_1_496' title='bbox 3501 2006 3605 2044; x_wconf 90' lang='lat' dir='ltr'><strong>non</strong></span> 
     </span>
    </p>
   </div>
   <div class='ocr_carea' id='block_1_66' title="bbox 2035 2085 3610 2167">
    <p class='ocr_par' dir='ltr' id='par_1_66' title="bbox 2035 2085 3610 2167">
     <span class='ocr_line' id='line_1_66' title="bbox 2035 2085 3610 2167; baseline -0.01 -17"><span class='ocrx_word' id='word_1_497' title='bbox 2035 2098 2194 2167; x_wconf 83' lang='lat' dir='ltr'><strong>jure,</strong></span> <span class='ocrx_word' id='word_1_498' title='bbox 2226 2097 2320 2151; x_wconf 89' lang='lat' dir='ltr'><strong>sed</strong></span> <span class='ocrx_word' id='word_1_499' title='bbox 2366 2110 2429 2150; x_wconf 86' lang='lat' dir='ltr'><strong>ex</strong></span> <span class='ocrx_word' id='word_1_500' title='bbox 2473 2093 2590 2161; x_wconf 87' lang='lat' dir='ltr'><strong>ejus</strong></span> <span class='ocrx_word' id='word_1_501' title='bbox 2651 2092 2936 2147; x_wconf 86' lang='lat' dir='ltr'><strong>clementia</strong></span> <span class='ocrx_word' id='word_1_502' title='bbox 2983 2106 3046 2146; x_wconf 90' lang='lat' dir='ltr'><strong>ea</strong></span> <span class='ocrx_word' id='word_1_503' title='bbox 3101 2088 3298 2158; x_wconf 85' lang='lat' dir='ltr'><strong>quibus</strong></span> <span class='ocrx_word' id='word_1_504' title='bbox 3368 2085 3610 2153; x_wconf 88' lang='lat' dir='ltr'><strong>indigent</strong></span> 
     </span>
    </p>
   </div>
   <div class='ocr_carea' id='block_1_67' title="bbox 2038 2176 3605 2258">
    <p class='ocr_par' dir='ltr' id='par_1_67' title="bbox 2038 2176 3605 2258">
     <span class='ocr_line' id='line_1_67' title="bbox 2038 2176 3605 2258; baseline -0.01 -16"><span class='ocrx_word' id='word_1_505' title='bbox 2038 2189 2252 2258; x_wconf 84' lang='lat' dir='ltr'><strong>assequi</strong></span> <span class='ocrx_word' id='word_1_506' title='bbox 2292 2196 2688 2256; x_wconf 65' lang='lat' dir='ltr'><strong>exspectantes.</strong></span> <span class='ocrx_word' id='word_1_507' title='bbox 2741 2184 2854 2239; x_wconf 81' lang='lat' dir='ltr'><strong>Hoc</strong></span> <span class='ocrx_word' id='word_1_508' title='bbox 2905 2193 3083 2238; x_wconf 88' lang='lat' dir='ltr'><strong>autem</strong></span> <span class='ocrx_word' id='word_1_509' title='bbox 3133 2189 3218 2235; x_wconf 89' lang='lat' dir='ltr'><strong>est</strong></span> <span class='ocrx_word' id='word_1_510' title='bbox 3268 2193 3456 2234; x_wconf 89' lang='lat' dir='ltr'><strong>eorum</strong></span> <span class='ocrx_word' id='word_1_511' title='bbox 3512 2176 3605 2244; x_wconf 87' lang='lat' dir='ltr'><strong>qui</strong></span> 
     </span>
    </p>
   </div>
   <div class='ocr_carea' id='block_1_68' title="bbox 2039 2267 3656 2350">
    <p class='ocr_par' dir='ltr' id='par_1_68' title="bbox 2039 2267 3656 2350">
     <span class='ocr_line' id='line_1_68' title="bbox 2039 2267 3656 2350; baseline -0.008 -18"><span class='ocrx_word' id='word_1_512' title='bbox 2039 2279 2261 2332; x_wconf 85' lang='lat' dir='ltr'><strong>multam</strong></span> <span class='ocrx_word' id='word_1_513' title='bbox 2306 2278 2523 2348; x_wconf 87' lang='lat' dir='ltr'><strong>quidem</strong></span> <span class='ocrx_word' id='word_1_514' title='bbox 2566 2278 2764 2346; x_wconf 80' lang='lat' dir='ltr'><strong>iudicis</strong></span> <span class='ocrx_word' id='word_1_515' title='bbox 2789 2291 2910 2330; x_wconf 88' lang='lat' dir='ltr'><strong>esse</strong></span> <span class='ocrx_word' id='word_1_516' title='bbox 2943 2274 3330 2343; x_wconf 83' lang='lat' dir='ltr'><strong>benignitatem</strong></span> <span class='ocrx_word' id='word_1_517' title='bbox 3390 2280 3445 2324; x_wconf 90' lang='lat' dir='ltr'><strong>et</strong></span> <span class='ocrx_word' id='word_1_518' title='bbox 3497 2267 3656 2350; x_wconf 44' lang='lat' dir='ltr'><strong>ele-l</strong></span> 
     </span>
    </p>
   </div>
   <div class='ocr_carea' id='block_1_69' title="bbox 2039 2360 3606 2437">
    <p class='ocr_par' dir='ltr' id='par_1_69' title="bbox 2039 2360 3606 2437">
     <span class='ocr_line' id='line_1_69' title="bbox 2039 2360 3606 2437; baseline -0.008 -12"><span class='ocrx_word' id='word_1_519' title='bbox 2039 2371 2338 2434; x_wconf 87' lang='lat' dir='ltr'><strong>mentiam,</strong></span> <span class='ocrx_word' id='word_1_520' title='bbox 2397 2384 2644 2437; x_wconf 82' lang='lat' dir='ltr'><strong>magnam</strong></span> <span class='ocrx_word' id='word_1_521' title='bbox 2697 2379 2882 2423; x_wconf 89' lang='lat' dir='ltr'><strong>autem</strong></span> <span class='ocrx_word' id='word_1_522' title='bbox 2955 2381 3077 2420; x_wconf 85' lang='lat' dir='ltr'><strong>esse</strong></span> <span class='ocrx_word' id='word_1_523' title='bbox 3148 2380 3298 2418; x_wconf 87' lang='lat' dir='ltr'><strong>suam</strong></span> <span class='ocrx_word' id='word_1_524' title='bbox 3352 2360 3606 2430; x_wconf 86' lang='lat' dir='ltr'><strong>improbi-</strong></span> 
     </span>
    </p>
   </div>
   <div class='ocr_carea' id='block_1_70' title="bbox 2041 2448 3607 2529">
    <p class='ocr_par' dir='ltr' id='par_1_70' title="bbox 2041 2448 3607 2529">
     <span class='ocr_line' id='line_1_70' title="bbox 2041 2448 3607 2529; baseline -0.008 -15"><span class='ocrx_word' id='word_1_525' title='bbox 2041 2471 2205 2515; x_wconf 87' lang='lat' dir='ltr'><strong>tatem</strong></span> <span class='ocrx_word' id='word_1_526' title='bbox 2283 2461 2584 2529; x_wconf 84' lang='lat' dir='ltr'><strong>vitiumque</strong></span> <span class='ocrx_word' id='word_1_527' title='bbox 2637 2466 2924 2512; x_wconf 80' lang='lat' dir='ltr'><strong>testantur.</strong></span> <span class='ocrx_word' id='word_1_528' title='bbox 2976 2456 3216 2522; x_wconf 87' lang='lat' dir='ltr'><strong>Quorum</strong></span> <span class='ocrx_word' id='word_1_529' title='bbox 3295 2455 3396 2506; x_wconf 86' lang='lat' dir='ltr'><strong>hoc</strong></span> <span class='ocrx_word' id='word_1_530' title='bbox 3471 2448 3607 2518; x_wconf 89' lang='lat' dir='ltr'><strong>qui-</strong></span> 
     </span>
    </p>
   </div>
   <div class='ocr_carea' id='block_1_71' title="bbox 2037 2540 3604 2617">
    <p class='ocr_par' dir='ltr' id='par_1_71' title="bbox 2037 2540 3604 2617">
     <span class='ocr_line' id='line_1_71' title="bbox 2037 2540 3604 2617; baseline -0.012 -9"><span class='ocrx_word' id='word_1_531' title='bbox 2037 2552 2158 2608; x_wconf 88' lang='lat' dir='ltr'><strong>dem</strong></span> <span class='ocrx_word' id='word_1_532' title='bbox 2181 2561 2266 2607; x_wconf 89' lang='lat' dir='ltr'><strong>est</strong></span> <span class='ocrx_word' id='word_1_533' title='bbox 2299 2550 2679 2612; x_wconf 80' lang='lat' dir='ltr'><strong>confessionis,</strong></span> <span class='ocrx_word' id='word_1_534' title='bbox 2703 2549 2829 2603; x_wconf 91' lang='lat' dir='ltr'><strong>illud</strong></span> <span class='ocrx_word' id='word_1_535' title='bbox 2863 2562 2991 2602; x_wconf 84' lang='lat' dir='ltr'><strong>vero</strong></span> <span class='ocrx_word' id='word_1_536' title='bbox 3019 2547 3314 2617; x_wconf 76' lang='lat' dir='ltr'><strong>gratiarum</strong></span> <span class='ocrx_word' id='word_1_537' title='bbox 3351 2540 3604 2596; x_wconf 73' lang='lat' dir='ltr'><strong>actionis.</strong></span> 
     </span>
    </p>
   </div>
   <div class='ocr_carea' id='block_1_72' title="bbox 2038 2634 3610 2707">
    <p class='ocr_par' dir='ltr' id='par_1_72' title="bbox 2038 2634 3610 2707">
     <span class='ocr_line' id='line_1_72' title="bbox 2038 2634 3610 2707; baseline -0.007 -11"><span class='ocrx_word' id='word_1_538' title='bbox 2038 2643 2301 2699; x_wconf 87' lang='lat' dir='ltr'><strong>llortatur</strong></span> <span class='ocrx_word' id='word_1_539' title='bbox 2328 2651 2508 2697; x_wconf 90' lang='lat' dir='ltr'><strong>autem</strong></span> <span class='ocrx_word' id='word_1_540' title='bbox 2541 2640 2795 2698; x_wconf 86' lang='lat' dir='ltr'><strong>sacerdos</strong></span> <span class='ocrx_word' id='word_1_541' title='bbox 2835 2641 2902 2695; x_wconf 90' lang='lat' dir='ltr'><strong>ab</strong></span> <span class='ocrx_word' id='word_1_542' title='bbox 2926 2641 3078 2694; x_wconf 87' lang='lat' dir='ltr'><strong>initio</strong></span> <span class='ocrx_word' id='word_1_543' title='bbox 3109 2637 3357 2707; x_wconf 80' lang='lat' dir='ltr'><strong>populum</strong></span> <span class='ocrx_word' id='word_1_544' title='bbox 3391 2634 3456 2688; x_wconf 88' lang='lat' dir='ltr'><strong>ad</strong></span> <span class='ocrx_word' id='word_1_545' title='bbox 3487 2647 3610 2686; x_wconf 86' lang='lat' dir='ltr'><strong>ora-</strong></span> 
     </span>
    </p>
   </div>
   <div class='ocr_carea' id='block_1_73' title="bbox 2041 2728 3606 2802">
    <p class='ocr_par' dir='ltr' id='par_1_73' title="bbox 2041 2728 3606 2802">
     <span class='ocr_line' id='line_1_73' title="bbox 2041 2728 3606 2802; baseline -0.009 -12"><span class='ocrx_word' id='word_1_546' title='bbox 2041 2737 2262 2798; x_wconf 88' lang='lat' dir='ltr'><strong>tionem,</strong></span> <span class='ocrx_word' id='word_1_547' title='bbox 2281 2743 2338 2788; x_wconf 92' lang='lat' dir='ltr'><strong>ut</strong></span> <span class='ocrx_word' id='word_1_548' title='bbox 2357 2734 2446 2802; x_wconf 86' lang='lat' dir='ltr'><strong>qui</strong></span> <span class='ocrx_word' id='word_1_549' title='bbox 2475 2733 2597 2786; x_wconf 90' lang='lat' dir='ltr'><strong>talis</strong></span> <span class='ocrx_word' id='word_1_550' title='bbox 2625 2733 2697 2787; x_wconf 87' lang='lat' dir='ltr'><strong>sit</strong></span> <span class='ocrx_word' id='word_1_551' title='bbox 2719 2732 2811 2801; x_wconf 91' lang='lat' dir='ltr'><strong>qui</strong></span> <span class='ocrx_word' id='word_1_552' title='bbox 2831 2732 2894 2786; x_wconf 91' lang='lat' dir='ltr'><strong>ad</strong></span> <span class='ocrx_word' id='word_1_553' title='bbox 2917 2730 3174 2786; x_wconf 85' lang='lat' dir='ltr'><strong>orandum</strong></span> <span class='ocrx_word' id='word_1_554' title='bbox 3202 2739 3282 2782; x_wconf 87' lang='lat' dir='ltr'><strong>est</strong></span> <span class='ocrx_word' id='word_1_555' title='bbox 3303 2728 3606 2784; x_wconf 77' lang='lat' dir='ltr'><strong>ordinatus.</strong></span> 
     </span>
    </p>
   </div>
   <div class='ocr_carea' id='block_1_74' title="bbox 2037 2816 3606 2896">
    <p class='ocr_par' dir='ltr' id='par_1_74' title="bbox 2037 2816 3606 2896">
     <span class='ocr_line' id='line_1_74' title="bbox 2037 2816 3606 2896; baseline -0.008 -14"><span class='ocrx_word' id='word_1_556' title='bbox 2037 2834 2093 2882; x_wconf 91' lang='lat' dir='ltr'><strong>et</strong></span> <span class='ocrx_word' id='word_1_557' title='bbox 2131 2828 2250 2882; x_wconf 81' lang='lat' dir='ltr'><strong>ideo</strong></span> <span class='ocrx_word' id='word_1_558' title='bbox 2289 2827 2359 2882; x_wconf 91' lang='lat' dir='ltr'><strong>sit</strong></span> <span class='ocrx_word' id='word_1_559' title='bbox 2393 2825 2576 2896; x_wconf 86' lang='lat' dir='ltr'><strong>pepuli</strong></span> <span class='ocrx_word' id='word_1_560' title='bbox 2627 2825 2934 2894; x_wconf 87' lang='lat' dir='ltr'><strong>propositus</strong></span> <span class='ocrx_word' id='word_1_561' title='bbox 2974 2825 3305 2877; x_wconf 89' lang='lat' dir='ltr'><strong>intercessor</strong></span> <span class='ocrx_word' id='word_1_562' title='bbox 3331 2830 3382 2871; x_wconf 87' lang='lat' dir='ltr'><strong>et</strong></span> <span class='ocrx_word' id='word_1_563' title='bbox 3406 2816 3606 2871; x_wconf 80' lang='lat' dir='ltr'><strong>inedia-</strong></span> 
     </span>
    </p>
   </div>
   <div class='ocr_carea' id='block_1_75' title="bbox 2041 2905 3609 2986">
    <p class='ocr_par' dir='ltr' id='par_1_75' title="bbox 2041 2905 3609 2986">
     <span class='ocr_line' id='line_1_75' title="bbox 2041 2905 3609 2986; baseline -0.009 -16"><span class='ocrx_word' id='word_1_564' title='bbox 2041 2925 2144 2982; x_wconf 93' lang='lat' dir='ltr'><strong>tor,</strong></span> <span class='ocrx_word' id='word_1_565' title='bbox 2187 2926 2244 2969; x_wconf 92' lang='lat' dir='ltr'><strong>ut</strong></span> <span class='ocrx_word' id='word_1_566' title='bbox 2301 2917 2418 2986; x_wconf 76' lang='lat' dir='ltr'><strong>ejus</strong></span> <span class='ocrx_word' id='word_1_567' title='bbox 2457 2929 2690 2986; x_wconf 79' lang='lat' dir='ltr'><strong>operam</strong></span> <span class='ocrx_word' id='word_1_568' title='bbox 2742 2914 2916 2968; x_wconf 83' lang='lat' dir='ltr'><strong>oratio</strong></span> <span class='ocrx_word' id='word_1_569' title='bbox 2973 2911 3196 2964; x_wconf 89' lang='lat' dir='ltr'><strong>nmltum</strong></span> <span class='ocrx_word' id='word_1_570' title='bbox 3227 2909 3428 2970; x_wconf 82' lang='lat' dir='ltr'><strong>valeat,</strong></span> <span class='ocrx_word' id='word_1_571' title='bbox 3465 2905 3609 2960; x_wconf 88' lang='lat' dir='ltr'><strong>sicut</strong></span> 
     </span>
    </p>
   </div>
   <div class='ocr_carea' id='block_1_76' title="bbox 2039 2995 3606 3076">
    <p class='ocr_par' dir='ltr' id='par_1_76' title="bbox 2039 2995 3606 3076">
     <span class='ocr_line' id='line_1_76' title="bbox 2039 2995 3606 3076; baseline -0.008 -12"><span class='ocrx_word' id='word_1_572' title='bbox 2039 3009 2176 3064; x_wconf 87' lang='lat' dir='ltr'><strong>dixit</strong></span> <span class='ocrx_word' id='word_1_573' title='bbox 2203 3007 2438 3062; x_wconf 86' lang='lat' dir='ltr'><strong>Jacobus</strong></span> <span class='ocrx_word' id='word_1_574' title='bbox 2459 3007 2756 3076; x_wconf 86' lang='lat' dir='ltr'><strong>apostolus:</strong></span> <span class='ocrx_word' id='word_1_575' title='bbox 2787 3003 3060 3073; x_wconf 87' lang='lat' dir='ltr'><strong>Operatur</strong></span> <span class='ocrx_word' id='word_1_576' title='bbox 3083 3001 3224 3055; x_wconf 76' lang='lat' dir='ltr'><strong>enim</strong></span> <span class='ocrx_word' id='word_1_577' title='bbox 3247 2999 3421 3053; x_wconf 90' lang='lat' dir='ltr'><strong>oratio</strong></span> <span class='ocrx_word' id='word_1_578' title='bbox 3459 2995 3606 3063; x_wconf 89' lang='lat' dir='ltr'><strong>justi.</strong></span> 
     </span>
    </p>
   </div>
   <div class='ocr_carea' id='block_1_77' title="bbox 1963 3085 3605 3200">
    <p class='ocr_par' dir='ltr' id='par_1_77' title="bbox 1963 3085 3605 3200">
     <span class='ocr_line' id='line_1_77' title="bbox 1963 3085 3605 3200; baseline -0.012 -48"><span class='ocrx_word' id='word_1_579' title='bbox 1963 3137 2009 3200; x_wconf 66' lang='grc' dir='ltr'>Ο</span> <span class='ocrx_word' id='word_1_580' title='bbox 2042 3097 2257 3168; x_wconf 87' lang='lat' dir='ltr'><strong>quando</strong></span> <span class='ocrx_word' id='word_1_581' title='bbox 2286 3097 2363 3151; x_wconf 86' lang='lat' dir='ltr'><strong>illi</strong></span> <span class='ocrx_word' id='word_1_582' title='bbox 2415 3097 2577 3150; x_wconf 87' lang='lat' dir='ltr'><strong>etiam</strong></span> <span class='ocrx_word' id='word_1_583' title='bbox 2630 3095 2856 3149; x_wconf 92' lang='lat' dir='ltr'><strong>omnino</strong></span> <span class='ocrx_word' id='word_1_584' title='bbox 2877 3107 2976 3162; x_wconf 88' lang='lat' dir='ltr'><strong>pro</strong></span> <span class='ocrx_word' id='word_1_585' title='bbox 2999 3091 3198 3161; x_wconf 83' lang='lat' dir='ltr'><strong>quibus</strong></span> <span class='ocrx_word' id='word_1_586' title='bbox 3237 3099 3420 3157; x_wconf 87' lang='lat' dir='ltr'><strong>preces</strong></span> <span class='ocrx_word' id='word_1_587' title='bbox 3452 3085 3605 3144; x_wconf 81' lang='lat' dir='ltr'><strong>ﬁunt,</strong></span> 
     </span>
    </p>
   </div>
   <div class='ocr_carea' id='block_1_78' title="bbox 2041 3181 3610 3251">
    <p class='ocr_par' dir='ltr' id='par_1_78' title="bbox 2041 3181 3610 3251">
     <span class='ocr_line' id='line_1_78' title="bbox 2041 3181 3610 3251; baseline -0.011 -6"><span class='ocrx_word' id='word_1_588' title='bbox 2041 3205 2106 3246; x_wconf 87' lang='lat' dir='ltr'><strong>ex</strong></span> <span class='ocrx_word' id='word_1_589' title='bbox 2179 3203 2237 3244; x_wconf 91' lang='lat' dir='ltr'><strong>se</strong></span> <span class='ocrx_word' id='word_1_590' title='bbox 2267 3187 2448 3242; x_wconf 90' lang='lat' dir='ltr'><strong>omnia</strong></span> <span class='ocrx_word' id='word_1_591' title='bbox 2498 3186 2849 3251; x_wconf 87' lang='lat' dir='ltr'><strong>contulerint,</strong></span> <span class='ocrx_word' id='word_1_592' title='bbox 2893 3198 3101 3238; x_wconf 90' lang='lat' dir='ltr'><strong>morum</strong></span> <span class='ocrx_word' id='word_1_593' title='bbox 3134 3181 3455 3238; x_wconf 86' lang='lat' dir='ltr'><strong>bonitatem,</strong></span> <span class='ocrx_word' id='word_1_594' title='bbox 3489 3190 3610 3242; x_wconf 55' lang='lat' dir='ltr'><strong>pre.</strong></span> 
     </span>
    </p>
   </div>
   <div class='ocr_carea' id='block_1_79' title="bbox 2043 3266 3610 3345">
    <p class='ocr_par' dir='ltr' id='par_1_79' title="bbox 2043 3266 3610 3345">
     <span class='ocr_line' id='line_1_79' title="bbox 2043 3266 3610 3345; baseline -0.011 -10"><span class='ocrx_word' id='word_1_595' title='bbox 2043 3296 2135 3335; x_wconf 89' lang='lat' dir='ltr'><strong>ces</strong></span> <span class='ocrx_word' id='word_1_596' title='bbox 2172 3322 2184 3344; x_wconf 87' lang='lat'><strong>,</strong></span> <span class='ocrx_word' id='word_1_597' title='bbox 2215 3279 2489 3333; x_wconf 84' lang='lat' dir='ltr'><strong>leuitatem</strong></span> <span class='ocrx_word' id='word_1_598' title='bbox 2547 3287 2601 3330; x_wconf 91' lang='lat' dir='ltr'><strong>et</strong></span> <span class='ocrx_word' id='word_1_599' title='bbox 2638 3277 2944 3345; x_wconf 66' lang='lat' dir='ltr'><strong>aequitatem</strong></span> <span class='ocrx_word' id='word_1_600' title='bbox 2984 3313 3000 3336; x_wconf 88' lang='lat'><strong>,</strong></span> <span class='ocrx_word' id='word_1_601' title='bbox 3036 3283 3092 3326; x_wconf 89' lang='lat' dir='ltr'><strong>et</strong></span> <span class='ocrx_word' id='word_1_602' title='bbox 3129 3282 3451 3341; x_wconf 89' lang='lat' dir='ltr'><strong>quocunque</strong></span> <span class='ocrx_word' id='word_1_603' title='bbox 3503 3266 3610 3318; x_wconf 90' lang='lat' dir='ltr'><strong>alio</strong></span> 
     </span>
    </p>
   </div>
   <div class='ocr_carea' id='block_1_80' title="bbox 2043 3363 3607 3430">
    <p class='ocr_par' dir='ltr' id='par_1_80' title="bbox 2043 3363 3607 3430">
     <span class='ocr_line' id='line_1_80' title="bbox 2043 3363 3607 3430; baseline -0.014 -2"><span class='ocrx_word' id='word_1_604' title='bbox 2043 3374 2222 3428; x_wconf 86' lang='lat' dir='ltr'><strong>sciunt</strong></span> <span class='ocrx_word' id='word_1_605' title='bbox 2280 3369 2444 3424; x_wconf 91' lang='lat' dir='ltr'><strong>Deum</strong></span> <span class='ocrx_word' id='word_1_606' title='bbox 2519 3366 2797 3428; x_wconf 85' lang='lat' dir='ltr'><strong>delectari.</strong></span> <span class='ocrx_word' id='word_1_607' title='bbox 2869 3363 2999 3430; x_wconf 62' lang='lat' dir='ltr'><strong>Quae</strong></span> <span class='ocrx_word' id='word_1_608' title='bbox 3058 3371 3141 3418; x_wconf 86' lang='lat' dir='ltr'><strong>est</strong></span> <span class='ocrx_word' id='word_1_609' title='bbox 3179 3370 3357 3416; x_wconf 88' lang='lat' dir='ltr'><strong>autem</strong></span> <span class='ocrx_word' id='word_1_610' title='bbox 3417 3373 3607 3413; x_wconf 85' lang='lat' dir='ltr'><strong>eorum</strong></span> 
     </span>
    </p>
   </div>
   <div class='ocr_carea' id='block_1_81' title="bbox 2045 3457 3613 3534">
    <p class='ocr_par' dir='ltr' id='par_1_81' title="bbox 2045 3457 3613 3534">
     <span class='ocr_line' id='line_1_81' title="bbox 2045 3457 3613 3534; baseline -0.011 -16"><span class='ocrx_word' id='word_1_611' title='bbox 2045 3466 2217 3534; x_wconf 88' lang='lat' dir='ltr'><strong>prima</strong></span> <span class='ocrx_word' id='word_1_612' title='bbox 2257 3465 2503 3532; x_wconf 89' lang='lat' dir='ltr'><strong>protinus</strong></span> <span class='ocrx_word' id='word_1_613' title='bbox 2554 3459 2778 3530; x_wconf 83' lang='lat' dir='ltr'><strong>petitio?</strong></span> <span class='ocrx_word' id='word_1_614' title='bbox 2814 3457 2916 3511; x_wconf 87' lang='lat' dir='ltr'><strong>Pro</strong></span> <span class='ocrx_word' id='word_1_615' title='bbox 2943 3470 3175 3524; x_wconf 86' lang='lat' dir='ltr'><strong>superna</strong></span> <span class='ocrx_word' id='word_1_616' title='bbox 3203 3466 3353 3522; x_wconf 87' lang='lat' dir='ltr'><strong>pace,</strong></span> <span class='ocrx_word' id='word_1_617' title='bbox 3411 3458 3466 3502; x_wconf 90' lang='lat' dir='ltr'><strong>et</strong></span> <span class='ocrx_word' id='word_1_618' title='bbox 3525 3463 3613 3502; x_wconf 88' lang='lat' dir='ltr'><strong>sa-</strong></span> 
     </span>
    </p>
   </div>
   <div class='ocr_carea' id='block_1_82' title="bbox 2044 3541 3612 3614">
    <p class='ocr_par' dir='ltr' id='par_1_82' title="bbox 2044 3541 3612 3614">
     <span class='ocr_line' id='line_1_82' title="bbox 2044 3541 3612 3614; baseline -0.013 -3"><span class='ocrx_word' id='word_1_619' title='bbox 2044 3557 2155 3611; x_wconf 89' lang='lat' dir='ltr'><strong>lute</strong></span> <span class='ocrx_word' id='word_1_620' title='bbox 2217 3556 2518 3610; x_wconf 89' lang='lat' dir='ltr'><strong>animarum</strong></span> <span class='ocrx_word' id='word_1_621' title='bbox 2570 3560 2899 3605; x_wconf 86' lang='lat' dir='ltr'><strong>nostrarum.</strong></span> <span class='ocrx_word' id='word_1_622' title='bbox 2949 3546 3084 3600; x_wconf 86' lang='lat' dir='ltr'><strong>Cum</strong></span> <span class='ocrx_word' id='word_1_623' title='bbox 3143 3545 3292 3614; x_wconf 88' lang='lat' dir='ltr'><strong>prius</strong></span> <span class='ocrx_word' id='word_1_624' title='bbox 3342 3541 3612 3596; x_wconf 89' lang='lat' dir='ltr'><strong>docuisset</strong></span> 
     </span>
    </p>
   </div>
   <div class='ocr_carea' id='block_1_83' title="bbox 2044 3629 3610 3717">
    <p class='ocr_par' dir='ltr' id='par_1_83' title="bbox 2044 3629 3610 3717">
     <span class='ocr_line' id='line_1_83' title="bbox 2044 3629 3610 3717; baseline -0.014 -17"><span class='ocrx_word' id='word_1_625' title='bbox 2044 3646 2314 3717; x_wconf 85' lang='lat' dir='ltr'><strong>quomodo</strong></span> <span class='ocrx_word' id='word_1_626' title='bbox 2379 3657 2436 3698; x_wconf 88' lang='lat' dir='ltr'><strong>se</strong></span> <span class='ocrx_word' id='word_1_627' title='bbox 2459 3641 2723 3697; x_wconf 82' lang='lat' dir='ltr'><strong>habentes</strong></span> <span class='ocrx_word' id='word_1_628' title='bbox 2775 3652 2935 3693; x_wconf 85' lang='lat' dir='ltr'><strong>orare</strong></span> <span class='ocrx_word' id='word_1_629' title='bbox 3002 3644 3235 3706; x_wconf 80' lang='lat' dir='ltr'><strong>oportet,</strong></span> <span class='ocrx_word' id='word_1_630' title='bbox 3280 3645 3424 3686; x_wconf 89' lang='lat' dir='ltr'><strong>nunc</strong></span> <span class='ocrx_word' id='word_1_631' title='bbox 3448 3629 3610 3684; x_wconf 89' lang='lat' dir='ltr'><strong>etiam</strong></span> 
     </span>
    </p>
   </div>
   <div class='ocr_carea' id='block_1_84' title="bbox 2046 3721 3615 3804">
    <p class='ocr_par' dir='ltr' id='par_1_84' title="bbox 2046 3721 3615 3804">
     <span class='ocr_line' id='line_1_84' title="bbox 2046 3721 3615 3804; baseline -0.013 -12"><span class='ocrx_word' id='word_1_632' title='bbox 2046 3738 2197 3792; x_wconf 88' lang='lat' dir='ltr'><strong>docet</strong></span> <span class='ocrx_word' id='word_1_633' title='bbox 2251 3735 2381 3804; x_wconf 90' lang='lat' dir='ltr'><strong>quid</strong></span> <span class='ocrx_word' id='word_1_634' title='bbox 2407 3734 2480 3789; x_wconf 90' lang='lat' dir='ltr'><strong>sit</strong></span> <span class='ocrx_word' id='word_1_635' title='bbox 2531 3734 2766 3802; x_wconf 85' lang='lat' dir='ltr'><strong>primunt</strong></span> <span class='ocrx_word' id='word_1_636' title='bbox 2787 3728 3104 3801; x_wconf 90' lang='lat' dir='ltr'><strong>petendum,</strong></span> <span class='ocrx_word' id='word_1_637' title='bbox 3139 3739 3371 3794; x_wconf 89' lang='lat' dir='ltr'><strong>superna</strong></span> <span class='ocrx_word' id='word_1_638' title='bbox 3405 3721 3615 3776; x_wconf 81' lang='lat' dir='ltr'><strong>scilicet</strong></span> 
     </span>
    </p>
   </div>
   <div class='ocr_carea' id='block_1_85' title="bbox 2047 3813 3612 3898">
    <p class='ocr_par' dir='ltr' id='par_1_85' title="bbox 2047 3813 3612 3898">
     <span class='ocr_line' id='line_1_85' title="bbox 2047 3813 3612 3898; baseline -0.014 -15"><span class='ocrx_word' id='word_1_639' title='bbox 2047 3845 2171 3898; x_wconf 84' lang='lat' dir='ltr'><strong>pax,</strong></span> <span class='ocrx_word' id='word_1_640' title='bbox 2220 3837 2274 3881; x_wconf 90' lang='lat' dir='ltr'><strong>et</strong></span> <span class='ocrx_word' id='word_1_641' title='bbox 2327 3828 2631 3880; x_wconf 85' lang='lat' dir='ltr'><strong>animarum</strong></span> <span class='ocrx_word' id='word_1_642' title='bbox 2696 3823 2863 3877; x_wconf 85' lang='lat' dir='ltr'><strong>salus.</strong></span> <span class='ocrx_word' id='word_1_643' title='bbox 2901 3823 2972 3874; x_wconf 87' lang='lat' dir='ltr'><strong>ita</strong></span> <span class='ocrx_word' id='word_1_644' title='bbox 3004 3820 3147 3874; x_wconf 90' lang='lat' dir='ltr'><strong>enim</strong></span> <span class='ocrx_word' id='word_1_645' title='bbox 3177 3817 3341 3886; x_wconf 84' lang='lat' dir='ltr'><strong>jussit</strong></span> <span class='ocrx_word' id='word_1_646' title='bbox 3360 3813 3612 3868; x_wconf 82' lang='lat' dir='ltr'><strong>Christus</strong></span> 
     </span>
    </p>
   </div>
   <div class='ocr_carea' id='block_1_86' title="bbox 2045 3903 3612 3987">
    <p class='ocr_par' dir='ltr' id='par_1_86' title="bbox 2045 3903 3612 3987">
     <span class='ocr_line' id='line_1_86' title="bbox 2045 3903 3612 3987; baseline -0.013 -15"><span class='ocrx_word' id='word_1_647' title='bbox 2045 3927 2229 3987; x_wconf 89' lang='lat' dir='ltr'><strong>petere</strong></span> <span class='ocrx_word' id='word_1_648' title='bbox 2276 3916 2509 3984; x_wconf 84' lang='lat' dir='ltr'><strong>primum</strong></span> <span class='ocrx_word' id='word_1_649' title='bbox 2559 3927 2781 3982; x_wconf 83' lang='lat' dir='ltr'><strong>regnum</strong></span> <span class='ocrx_word' id='word_1_650' title='bbox 2837 3910 2928 3964; x_wconf 86' lang='lat' dir='ltr'><strong>Dei</strong></span> <span class='ocrx_word' id='word_1_651' title='bbox 2977 3916 3032 3961; x_wconf 84' lang='lat' dir='ltr'><strong>et</strong></span> <span class='ocrx_word' id='word_1_652' title='bbox 3059 3907 3344 3978; x_wconf 82' lang='lat' dir='ltr'><strong>justitiam.</strong></span> <span class='ocrx_word' id='word_1_653' title='bbox 3371 3903 3612 3971; x_wconf 81' lang='lat' dir='ltr'><strong>Regnum</strong></span> 
     </span>
    </p>
   </div>
   <div class='ocr_carea' id='block_1_87' title="bbox 2046 3991 3614 4070">
    <p class='ocr_par' dir='ltr' id='par_1_87' title="bbox 2046 3991 3614 4070">
     <span class='ocr_line' id='line_1_87' title="bbox 2046 3991 3614 4070; baseline -0.012 -8"><span class='ocrx_word' id='word_1_654' title='bbox 2046 4009 2190 4062; x_wconf 90' lang='lat' dir='ltr'><strong>enim</strong></span> <span class='ocrx_word' id='word_1_655' title='bbox 2233 4007 2377 4061; x_wconf 85' lang='lat' dir='ltr'><strong>salus</strong></span> <span class='ocrx_word' id='word_1_656' title='bbox 2423 4007 2769 4068; x_wconf 87' lang='lat' dir='ltr'><strong>animarum;</strong></span> <span class='ocrx_word' id='word_1_657' title='bbox 2829 4015 3063 4070; x_wconf 88' lang='lat' dir='ltr'><strong>superna</strong></span> <span class='ocrx_word' id='word_1_658' title='bbox 3124 4008 3304 4052; x_wconf 87' lang='lat' dir='ltr'><strong>autem</strong></span> <span class='ocrx_word' id='word_1_659' title='bbox 3360 4009 3460 4064; x_wconf 87' lang='lat' dir='ltr'><strong>pax</strong></span> <span class='ocrx_word' id='word_1_660' title='bbox 3518 3991 3614 4045; x_wconf 90' lang='lat' dir='ltr'><strong>Dei</strong></span> 
     </span>
    </p>
   </div>
   <div class='ocr_carea' id='block_1_88' title="bbox 2041 4082 3615 4170">
    <p class='ocr_par' dir='ltr' id='par_1_88' title="bbox 2041 4082 3615 4170">
     <span class='ocr_line' id='line_1_88' title="bbox 2041 4082 3615 4170; baseline -0.01 -17"><span class='ocrx_word' id='word_1_661' title='bbox 2041 4100 2304 4170; x_wconf 88' lang='lat' dir='ltr'><strong>justitiam</strong></span> <span class='ocrx_word' id='word_1_662' title='bbox 2381 4098 2668 4163; x_wconf 83' lang='lat' dir='ltr'><strong>signiﬁcat.</strong></span> <span class='ocrx_word' id='word_1_663' title='bbox 2704 4095 2779 4149; x_wconf 90' lang='lat' dir='ltr'><strong>De</strong></span> <span class='ocrx_word' id='word_1_664' title='bbox 2827 4108 2934 4162; x_wconf 89' lang='lat' dir='ltr'><strong>qua</strong></span> <span class='ocrx_word' id='word_1_665' title='bbox 2980 4092 3114 4145; x_wconf 83' lang='lat' dir='ltr'><strong>dixit</strong></span> <span class='ocrx_word' id='word_1_666' title='bbox 3165 4089 3410 4142; x_wconf 88' lang='lat' dir='ltr'><strong>Paulus:</strong></span> <span class='ocrx_word' id='word_1_667' title='bbox 3450 4104 3468 4136; x_wconf 79' lang='grc' dir='ltr'><strong>ι</strong></span> <span class='ocrx_word' id='word_1_668' title='bbox 3502 4082 3615 4138; x_wconf 85' lang='lat' dir='ltr'><strong>Pax</strong></span> 
     </span>
    </p>
   </div>
   <div class='ocr_carea' id='block_1_89' title="bbox 2051 4177 3616 4258">
    <p class='ocr_par' dir='ltr' id='par_1_89' title="bbox 2051 4177 3616 4258">
     <span class='ocr_line' id='line_1_89' title="bbox 2051 4177 3616 4258; baseline -0.01 -13"><span class='ocrx_word' id='word_1_669' title='bbox 2051 4191 2166 4255; x_wconf 85' lang='lat' dir='ltr'><strong>Dei,</strong></span> <span class='ocrx_word' id='word_1_670' title='bbox 2199 4203 2319 4258; x_wconf 65' lang='lat' dir='ltr'><strong>qua:</strong></span> <span class='ocrx_word' id='word_1_671' title='bbox 2347 4187 2714 4257; x_wconf 88' lang='lat' dir='ltr'><strong>supereminet</strong></span> <span class='ocrx_word' id='word_1_672' title='bbox 2736 4199 2949 4239; x_wconf 90' lang='lat' dir='ltr'><strong>omnem</strong></span> <span class='ocrx_word' id='word_1_673' title='bbox 2989 4189 3246 4243; x_wconf 90' lang='lat' dir='ltr'><strong>mentem,</strong></span> <span class='ocrx_word' id='word_1_674' title='bbox 3275 4197 3293 4229; x_wconf 72' lang='grc' dir='ltr'><strong>ι</strong></span> <span class='ocrx_word' id='word_1_675' title='bbox 3328 4191 3489 4247; x_wconf 89' lang='lat' dir='ltr'><strong>quam</strong></span> <span class='ocrx_word' id='word_1_676' title='bbox 3513 4177 3616 4230; x_wconf 82' lang='lat' dir='ltr'><strong>Do-</strong></span> 
     </span>
    </p>
   </div>
   <div class='ocr_carea' id='block_1_90' title="bbox 2047 4269 3612 4346">
    <p class='ocr_par' dir='ltr' id='par_1_90' title="bbox 2047 4269 3612 4346">
     <span class='ocr_line' id='line_1_90' title="bbox 2047 4269 3612 4346; baseline -0.011 -10"><span class='ocrx_word' id='word_1_677' title='bbox 2047 4281 2227 4336; x_wconf 85' lang='lat' dir='ltr'><strong>minus</strong></span> <span class='ocrx_word' id='word_1_678' title='bbox 2293 4277 2516 4346; x_wconf 84' lang='lat' dir='ltr'><strong>reliquit</strong></span> <span class='ocrx_word' id='word_1_679' title='bbox 2567 4275 2872 4346; x_wconf 84' lang='lat' dir='ltr'><strong>discipulis,</strong></span> <span class='ocrx_word' id='word_1_680' title='bbox 2923 4273 3223 4328; x_wconf 85' lang='lat' dir='ltr'><strong>ascendens</strong></span> <span class='ocrx_word' id='word_1_681' title='bbox 3269 4271 3335 4325; x_wconf 88' lang='lat' dir='ltr'><strong>ad</strong></span> <span class='ocrx_word' id='word_1_682' title='bbox 3365 4269 3612 4330; x_wconf 69' lang='lat' dir='ltr'><strong>Patrem,</strong></span> 
     </span>
    </p>
   </div>
   <div class='ocr_carea' id='block_1_91' title="bbox 2052 4366 3616 4437">
    <p class='ocr_par' dir='ltr' id='par_1_91' title="bbox 2052 4366 3616 4437">
     <span class='ocr_line' id='line_1_91' title="bbox 2052 4366 3616 4437; baseline -0.009 -10"><span class='ocrx_word' id='word_1_683' title='bbox 2052 4395 2072 4427; x_wconf 75' lang='grc' dir='ltr'><strong>ι</strong></span> <span class='ocrx_word' id='word_1_684' title='bbox 2105 4375 2320 4437; x_wconf 85' lang='lat' dir='ltr'><strong>Pacem,</strong></span> <span class='ocrx_word' id='word_1_685' title='bbox 2377 4372 2584 4433; x_wconf 88' lang='lat' dir='ltr'><strong>dicens,</strong></span> <span class='ocrx_word' id='word_1_686' title='bbox 2613 4369 2858 4436; x_wconf 87' lang='lat' dir='ltr'><strong>relinquo</strong></span> <span class='ocrx_word' id='word_1_687' title='bbox 2907 4366 3090 4432; x_wconf 79' lang='lat' dir='ltr'><strong>vobis;</strong></span> <span class='ocrx_word' id='word_1_688' title='bbox 3117 4378 3304 4434; x_wconf 87' lang='lat' dir='ltr'><strong>pacem</strong></span> <span class='ocrx_word' id='word_1_689' title='bbox 3331 4376 3508 4416; x_wconf 87' lang='lat' dir='ltr'><strong>meam</strong></span> <span class='ocrx_word' id='word_1_690' title='bbox 3547 4375 3616 4414; x_wconf 67' lang='lat' dir='ltr'><strong>an</strong></span> 
     </span>
    </p>
   </div>
   <div class='ocr_carea' id='block_1_92' title="bbox 365 4453 1941 4539">
    <p class='ocr_par' dir='ltr' id='par_1_92' title="bbox 365 4467 1941 4539">
     <span class='ocr_line' id='line_1_92' title="bbox 365 4467 1941 4539; baseline 0.003 -18"><span class='ocrx_word' id='word_1_691' title='bbox 365 4470 552 4536; x_wconf 72' lang='grc' dir='ltr'>ύμῖν.»</span> <span class='ocrx_word' id='word_1_692' title='bbox 589 4469 800 4536; x_wconf 84' lang='grc' dir='ltr'>Ὠσπερ</span> <span class='ocrx_word' id='word_1_693' title='bbox 857 4469 963 4536; x_wconf 69' lang='grc' dir='ltr'><strong>γάρ</strong></span> <span class='ocrx_word' id='word_1_694' title='bbox 987 4467 1048 4520; x_wconf 83' lang='grc' dir='ltr'><strong>τὸ</strong></span> <span class='ocrx_word' id='word_1_695' title='bbox 1079 4469 1251 4537; x_wconf 72' lang='grc' dir='ltr'>ὄνομα</span> <span class='ocrx_word' id='word_1_696' title='bbox 1307 4473 1406 4539; x_wconf 86' lang='grc' dir='ltr'><strong>τῆς</strong></span> <span class='ocrx_word' id='word_1_697' title='bbox 1447 4469 1795 4538; x_wconf 82' lang='grc' dir='ltr'>δικαιοσύνης</span> <span class='ocrx_word' id='word_1_698' title='bbox 1825 4472 1941 4526; x_wconf 77' lang='grc' dir='ltr'>ἐκεῖ</span> 
     </span>
    </p>
   </div>
   <div class='ocr_carea' id='block_1_93' title="bbox 2040 4453 3617 4539">
    <p class='ocr_par' dir='ltr' id='par_1_93' title="bbox 2053 4453 3617 4529">
     <span class='ocr_line' id='line_1_93' title="bbox 2053 4453 3617 4529; baseline -0.009 -9"><span class='ocrx_word' id='word_1_699' title='bbox 2053 4467 2251 4521; x_wconf 66' lang='lat' dir='ltr'><strong>vobis.»</strong></span> <span class='ocrx_word' id='word_1_700' title='bbox 2283 4462 2435 4518; x_wconf 90' lang='lat' dir='ltr'><strong>Sicut</strong></span> <span class='ocrx_word' id='word_1_701' title='bbox 2485 4465 2629 4517; x_wconf 86' lang='lat' dir='ltr'><strong>enim</strong></span> <span class='ocrx_word' id='word_1_702' title='bbox 2659 4461 2770 4516; x_wconf 87' lang='lat' dir='ltr'><strong>illic</strong></span> <span class='ocrx_word' id='word_1_703' title='bbox 2811 4474 3005 4514; x_wconf 92' lang='lat' dir='ltr'><strong>nomen</strong></span> <span class='ocrx_word' id='word_1_704' title='bbox 3035 4457 3282 4529; x_wconf 67' lang='lat' dir='ltr'><strong>iustitiae,</strong></span> <span class='ocrx_word' id='word_1_705' title='bbox 3317 4469 3424 4510; x_wconf 91' lang='lat' dir='ltr'><strong>non</strong></span> <span class='ocrx_word' id='word_1_706' title='bbox 3451 4453 3617 4524; x_wconf 85' lang='lat' dir='ltr'><strong>signi-</strong></span> 
     </span>
    </p>
   </div>
   <div class='ocr_carea' id='block_1_94' title="bbox 360 4558 1945 4630">
    <p class='ocr_par' dir='ltr' id='par_1_94' title="bbox 360 4558 1945 4630">
     <span class='ocr_line' id='line_1_94' title="bbox 360 4558 1945 4630; baseline 0.001 -19"><span class='ocrx_word' id='word_1_707' title='bbox 360 4562 424 4612; x_wconf 78' lang='grc' dir='ltr'>οὑ</span> <span class='ocrx_word' id='word_1_708' title='bbox 457 4561 556 4629; x_wconf 83' lang='grc' dir='ltr'><strong>τὴν</strong></span> <span class='ocrx_word' id='word_1_709' title='bbox 588 4560 680 4612; x_wconf 88' lang='grc' dir='ltr'><strong>τοῦ</strong></span> <span class='ocrx_word' id='word_1_710' title='bbox 705 4560 820 4611; x_wconf 75' lang='grc' dir='ltr'>ἴσου</span> <span class='ocrx_word' id='word_1_711' title='bbox 849 4559 1108 4629; x_wconf 83' lang='grc' dir='ltr'>διανομὴν</span> <span class='ocrx_word' id='word_1_712' title='bbox 1136 4558 1388 4630; x_wconf 85' lang='grc' dir='ltr'>σημαίνει</span> <span class='ocrx_word' id='word_1_713' title='bbox 1416 4560 1596 4628; x_wconf 84' lang='grc' dir='ltr'>μόνον,</span> <span class='ocrx_word' id='word_1_714' title='bbox 1627 4560 1740 4612; x_wconf 83' lang='grc' dir='ltr'>ἀλλ’</span> <span class='ocrx_word' id='word_1_715' title='bbox 1759 4560 1945 4623; x_wconf 83' lang='grc' dir='ltr'>ἁπλῶς</span> 
     </span>
    </p>
   </div>
   <div class='ocr_carea' id='block_1_95' title="bbox 361 4649 1948 4720">
    <p class='ocr_par' dir='ltr' id='par_1_95' title="bbox 361 4649 1948 4720">
     <span class='ocr_line' id='line_1_95' title="bbox 361 4649 1948 4720; baseline 0.001 -19"><span class='ocrx_word' id='word_1_716' title='bbox 361 4652 565 4708; x_wconf 76' lang='grc' dir='ltr'>παντὸς</span> <span class='ocrx_word' id='word_1_717' title='bbox 597 4650 796 4718; x_wconf 78' lang='grc' dir='ltr'>ἀρετῆς</span> <span class='ocrx_word' id='word_1_718' title='bbox 833 4649 1002 4711; x_wconf 79' lang='grc' dir='ltr'>εἴδους</span> <span class='ocrx_word' id='word_1_719' title='bbox 1041 4649 1335 4720; x_wconf 87' lang='grc' dir='ltr'>δηλωτικόν</span> <span class='ocrx_word' id='word_1_720' title='bbox 1363 4653 1509 4703; x_wconf 79' lang='grc' dir='ltr'>ἐστιν</span> <span class='ocrx_word' id='word_1_721' title='bbox 1541 4667 1554 4681; x_wconf 78' lang='grc'><strong><em>⁸</em></strong></span> <span class='ocrx_word' id='word_1_722' title='bbox 1585 4651 1725 4704; x_wconf 75' lang='grc' dir='ltr'>οὕτω</span> <span class='ocrx_word' id='word_1_723' title='bbox 1757 4651 1852 4704; x_wconf 73' lang='grc' dir='ltr'><strong>καὶ</strong></span> <span class='ocrx_word' id='word_1_724' title='bbox 1888 4652 1948 4702; x_wconf 80' lang='grc' dir='ltr'><strong>τὸ</strong></span> 
     </span>
    </p>
   </div>
   <div class='ocr_carea' id='block_1_96' title="bbox 361 4741 1945 4813">
    <p class='ocr_par' dir='ltr' id='par_1_96' title="bbox 361 4741 1945 4813">
     <span class='ocr_line' id='line_1_96' title="bbox 361 4741 1945 4813; baseline 0.001 -18"><span class='ocrx_word' id='word_1_725' title='bbox 361 4747 466 4811; x_wconf 73' lang='grc' dir='ltr'>τῆς</span> <span class='ocrx_word' id='word_1_726' title='bbox 525 4743 743 4810; x_wconf 81' lang='grc' dir='ltr'>εἰρήνης</span> <span class='ocrx_word' id='word_1_727' title='bbox 798 4741 1052 4804; x_wconf 74' lang='grc' dir='ltr'>ἐνταῦθα,</span> <span class='ocrx_word' id='word_1_728' title='bbox 1119 4741 1348 4794; x_wconf 76' lang='grc' dir='ltr'>καθόλου</span> <span class='ocrx_word' id='word_1_729' title='bbox 1409 4743 1464 4794; x_wconf 87' lang='grc' dir='ltr'><strong>τί</strong></span> <span class='ocrx_word' id='word_1_730' title='bbox 1515 4745 1650 4794; x_wconf 78' lang='grc' dir='ltr'>ἐστι’</span> <span class='ocrx_word' id='word_1_731' title='bbox 1689 4744 1783 4795; x_wconf 76' lang='grc' dir='ltr'>καὶ</span> <span class='ocrx_word' id='word_1_732' title='bbox 1837 4743 1945 4813; x_wconf 83' lang='grc' dir='ltr'><strong>γάρ</strong></span> 
     </span>
    </p>
   </div>
   <div class='ocr_carea' id='block_1_97' title="bbox 367 4832 1948 4902">
    <p class='ocr_par' dir='ltr' id='par_1_97' title="bbox 367 4832 1948 4902">
     <span class='ocr_line' id='line_1_97' title="bbox 367 4832 1948 4902; baseline 0.001 -15"><span class='ocrx_word' id='word_1_733' title='bbox 367 4839 518 4887; x_wconf 73' lang='grc' dir='ltr'>ἐστιν</span> <span class='ocrx_word' id='word_1_734' title='bbox 553 4833 779 4885; x_wconf 65' lang='grc' dir='ltr'>ἁπασῶν</span> <span class='ocrx_word' id='word_1_735' title='bbox 827 4833 1047 4899; x_wconf 82' lang='grc' dir='ltr'>ἀγαθῶν</span> <span class='ocrx_word' id='word_1_736' title='bbox 1081 4833 1214 4901; x_wconf 80' lang='grc' dir='ltr'>ὁμοῦ</span> <span class='ocrx_word' id='word_1_737' title='bbox 1275 4834 1368 4886; x_wconf 73' lang='grc' dir='ltr'>καὶ</span> <span class='ocrx_word' id='word_1_738' title='bbox 1398 4835 1576 4900; x_wconf 85' lang='grc' dir='ltr'>πάσης</span> <span class='ocrx_word' id='word_1_739' title='bbox 1626 4832 1948 4902; x_wconf 79' lang='grc' dir='ltr'>φιλοσοφίας</span> 
     </span>
    </p>
   </div>
   <div class='ocr_carea' id='block_1_98' title="bbox 367 4925 1946 4994">
    <p class='ocr_par' dir='ltr' id='par_1_98' title="bbox 367 4925 1946 4994">
     <span class='ocr_line' id='line_1_98' title="bbox 367 4925 1946 4994; baseline 0.001 -17"><span class='ocrx_word' id='word_1_740' title='bbox 367 4927 604 4992; x_wconf 71' lang='grc' dir='ltr'>καρπός·</span> <span class='ocrx_word' id='word_1_741' title='bbox 639 4925 702 4975; x_wconf 84' lang='grc' dir='ltr'><strong>ού</strong></span> <span class='ocrx_word' id='word_1_742' title='bbox 763 4925 872 4992; x_wconf 74' lang='grc' dir='ltr'><strong>γὰρ</strong></span> <span class='ocrx_word' id='word_1_743' title='bbox 905 4925 1050 4975; x_wconf 75' lang='grc' dir='ltr'>ἔστιν</span> <span class='ocrx_word' id='word_1_744' title='bbox 1083 4927 1305 4993; x_wconf 74' lang='grc' dir='ltr'>εἰρήνην</span> <span class='ocrx_word' id='word_1_745' title='bbox 1371 4925 1584 4979; x_wconf 81' lang='grc' dir='ltr'>τελείαν</span> <span class='ocrx_word' id='word_1_746' title='bbox 1643 4925 1946 4994; x_wconf 76' lang='grc' dir='ltr'>κτήσασθαι</span> 
     </span>
    </p>
   </div>
   <div class='ocr_carea' id='block_1_99' title="bbox 363 5015 1950 5085">
    <p class='ocr_par' dir='ltr' id='par_1_99' title="bbox 363 5015 1950 5085">
     <span class='ocr_line' id='line_1_99' title="bbox 363 5015 1950 5085; baseline -0.003 -14"><span class='ocrx_word' id='word_1_747' title='bbox 363 5020 458 5071; x_wconf 71' lang='grc' dir='ltr'><strong>τὸν</strong></span> <span class='ocrx_word' id='word_1_748' title='bbox 498 5019 687 5078; x_wconf 77' lang='grc' dir='ltr'>ἐνδεῶς</span> <span class='ocrx_word' id='word_1_749' title='bbox 738 5017 928 5085; x_wconf 76' lang='grc' dir='ltr'>ἔχοντα</span> <span class='ocrx_word' id='word_1_750' title='bbox 983 5018 1109 5085; x_wconf 80' lang='grc' dir='ltr'>μιᾶς</span> <span class='ocrx_word' id='word_1_751' title='bbox 1157 5033 1299 5076; x_wconf 87' lang='grc' dir='ltr'>τινος</span> <span class='ocrx_word' id='word_1_752' title='bbox 1327 5017 1547 5085; x_wconf 84' lang='grc' dir='ltr'>ἀρετῆς’</span> <span class='ocrx_word' id='word_1_753' title='bbox 1591 5016 1705 5069; x_wconf 79' lang='grc' dir='ltr'>ἀλλ’</span> <span class='ocrx_word' id='word_1_754' title='bbox 1735 5015 1950 5085; x_wconf 82' lang='grc' dir='ltr'>ἀνάγκη</span> 
     </span>
    </p>
   </div>
   <div class='ocr_carea' id='block_1_100' title="bbox 372 5108 1952 5180">
    <p class='ocr_par' dir='ltr' id='par_1_100' title="bbox 372 5108 1952 5180">
     <span class='ocr_line' id='line_1_100' title="bbox 372 5108 1952 5180; baseline -0.002 -18"><span class='ocrx_word' id='word_1_755' title='bbox 372 5112 466 5162; x_wconf 69' lang='grc' dir='ltr'>τὸν</span> <span class='ocrx_word' id='word_1_756' title='bbox 499 5109 841 5180; x_wconf 77' lang='grc' dir='ltr'>εἰρηνεύσειν</span> <span class='ocrx_word' id='word_1_757' title='bbox 873 5108 1140 5176; x_wconf 84' lang='grc' dir='ltr'>μέλλοντα</span> <span class='ocrx_word' id='word_1_758' title='bbox 1174 5108 1265 5160; x_wconf 86' lang='grc' dir='ltr'>διὰ</span> <span class='ocrx_word' id='word_1_759' title='bbox 1298 5109 1489 5160; x_wconf 82' lang='grc' dir='ltr'>πασῶν</span> <span class='ocrx_word' id='word_1_760' title='bbox 1518 5109 1831 5176; x_wconf 75' lang='grc' dir='ltr'>ἀφικέσθαι.</span> <span class='ocrx_word' id='word_1_761' title='bbox 1861 5111 1952 5165; x_wconf 80' lang='grc' dir='ltr'><strong>Δεῖ</strong></span> 
     </span>
    </p>
   </div>
   <div class='ocr_carea' id='block_1_101' title="bbox 364 5201 1952 5270">
    <p class='ocr_par' dir='ltr' id='par_1_101' title="bbox 364 5201 1952 5270">
     <span class='ocr_line' id='line_1_101' title="bbox 364 5201 1952 5270; baseline -0.003 -14"><span class='ocrx_word' id='word_1_762' title='bbox 364 5206 548 5258; x_wconf 83' lang='grc' dir='ltr'>τοίνυν</span> <span class='ocrx_word' id='word_1_763' title='bbox 570 5205 758 5256; x_wconf 80' lang='grc' dir='ltr'>ἀσκεῖν</span> <span class='ocrx_word' id='word_1_764' title='bbox 785 5201 1009 5262; x_wconf 76' lang='grc' dir='ltr'>ἑαυτοὺς</span> <span class='ocrx_word' id='word_1_765' title='bbox 1041 5201 1177 5263; x_wconf 75' lang='grc' dir='ltr'>ποὺς</span> <span class='ocrx_word' id='word_1_766' title='bbox 1200 5203 1299 5270; x_wconf 78' lang='grc' dir='ltr'>τὴν</span> <span class='ocrx_word' id='word_1_767' title='bbox 1333 5203 1553 5270; x_wconf 83' lang='grc' dir='ltr'>εἰρήνην</span> <span class='ocrx_word' id='word_1_768' title='bbox 1595 5201 1810 5270; x_wconf 80' lang='grc' dir='ltr'>πρῶτον</span> <span class='ocrx_word' id='word_1_769' title='bbox 1839 5203 1952 5264; x_wconf 83' lang='grc' dir='ltr'>τοῖς</span> 
     </span>
    </p>
   </div>
   <div class='ocr_carea' id='block_1_102' title="bbox 367 5291 1952 5363">
    <p class='ocr_par' dir='ltr' id='par_1_102' title="bbox 367 5291 1952 5363">
     <span class='ocr_line' id='line_1_102' title="bbox 367 5291 1952 5363; baseline -0.003 -14"><span class='ocrx_word' id='word_1_770' title='bbox 367 5296 680 5363; x_wconf 73' lang='grc' dir='ltr'>ἀνθρώποις</span> <span class='ocrx_word' id='word_1_771' title='bbox 713 5294 961 5362; x_wconf 72' lang='grc' dir='ltr'>δυνατηνσ</span> <span class='ocrx_word' id='word_1_772' title='bbox 991 5317 998 5324; x_wconf 73' lang='grc' dir='ltr'><strong>ι</strong></span> <span class='ocrx_word' id='word_1_773' title='bbox 1023 5291 1144 5346; x_wconf 81' lang='grc' dir='ltr'>εἶτα</span> <span class='ocrx_word' id='word_1_774' title='bbox 1178 5293 1449 5345; x_wconf 81' lang='grc' dir='ltr'>αἰτεῖσθαι</span> <span class='ocrx_word' id='word_1_775' title='bbox 1496 5293 1647 5362; x_wconf 83' lang='grc' dir='ltr'>παρὰ</span> <span class='ocrx_word' id='word_1_776' title='bbox 1689 5292 1824 5344; x_wconf 88' lang='grc' dir='ltr'>Θεοῦ</span> <span class='ocrx_word' id='word_1_777' title='bbox 1854 5291 1952 5362; x_wconf 81' lang='grc' dir='ltr'>τὴν</span> 
     </span>
    </p>
   </div>
   <div class='ocr_carea' id='block_1_103' title="bbox 367 5382 1952 5455">
    <p class='ocr_par' dir='ltr' id='par_1_103' title="bbox 367 5382 1952 5455">
     <span class='ocr_line' id='line_1_103' title="bbox 367 5382 1952 5455; baseline -0.003 -16"><span class='ocrx_word' id='word_1_778' title='bbox 367 5387 537 5439; x_wconf 72' lang='grc' dir='ltr'>αὐτοῦ</span> <span class='ocrx_word' id='word_1_779' title='bbox 588 5386 835 5455; x_wconf 85' lang='grc' dir='ltr'>εἰρήνην,</span> <span class='ocrx_word' id='word_1_780' title='bbox 875 5384 1124 5454; x_wconf 76' lang='grc' dir='ltr'>καθάπερ</span> <span class='ocrx_word' id='word_1_781' title='bbox 1177 5386 1274 5436; x_wconf 75' lang='grc' dir='ltr'><strong>καὶ</strong></span> <span class='ocrx_word' id='word_1_782' title='bbox 1330 5385 1412 5451; x_wconf 73' lang='grc' dir='ltr'><strong>ἐφ’</strong></span> <span class='ocrx_word' id='word_1_783' title='bbox 1447 5382 1690 5452; x_wconf 78' lang='grc' dir='ltr'>ἑκάστης</span> <span class='ocrx_word' id='word_1_784' title='bbox 1753 5385 1952 5452; x_wconf 81' lang='grc' dir='ltr'>ἀρετῆς</span> 
     </span>
    </p>
   </div>
   <div class='ocr_carea' id='block_1_104' title="bbox 367 5472 1950 5546">
    <p class='ocr_par' dir='ltr' id='par_1_104' title="bbox 367 5472 1950 5546">
     <span class='ocr_line' id='line_1_104' title="bbox 367 5472 1950 5546; baseline -0.004 -18"><span class='ocrx_word' id='word_1_785' title='bbox 367 5479 512 5546; x_wconf 72' lang='grc' dir='ltr'>ἔχει.</span> <span class='ocrx_word' id='word_1_786' title='bbox 543 5475 702 5529; x_wconf 86' lang='grc' dir='ltr'>Ἐστι</span> <span class='ocrx_word' id='word_1_787' title='bbox 742 5474 850 5544; x_wconf 82' lang='grc' dir='ltr'>γὰρ</span> <span class='ocrx_word' id='word_1_788' title='bbox 876 5475 1197 5544; x_wconf 77' lang='grc' dir='ltr'>σωφροσύνη</span> <span class='ocrx_word' id='word_1_789' title='bbox 1228 5474 1315 5526; x_wconf 81' lang='grc' dir='ltr'>διὰ</span> <span class='ocrx_word' id='word_1_790' title='bbox 1345 5474 1628 5543; x_wconf 84' lang='grc' dir='ltr'>ἀσκήσεως</span> <span class='ocrx_word' id='word_1_791' title='bbox 1666 5472 1950 5541; x_wconf 85' lang='grc' dir='ltr'>γινομένη,</span> 
     </span>
    </p>
   </div>
   <div class='ocr_carea' id='block_1_105' title="bbox 367 5561 1948 5634">
    <p class='ocr_par' dir='ltr' id='par_1_105' title="bbox 367 5561 1948 5634">
     <span class='ocr_line' id='line_1_105' title="bbox 367 5561 1948 5634; baseline -0.004 -17"><span class='ocrx_word' id='word_1_792' title='bbox 367 5567 466 5618; x_wconf 75' lang='grc' dir='ltr'><strong>καὶ</strong></span> <span class='ocrx_word' id='word_1_793' title='bbox 497 5563 614 5616; x_wconf 74' lang='grc' dir='ltr'>ἔστι</span> <span class='ocrx_word' id='word_1_794' title='bbox 648 5562 971 5634; x_wconf 78' lang='grc' dir='ltr'>σωφροσύνη</span> <span class='ocrx_word' id='word_1_795' title='bbox 1000 5564 1153 5634; x_wconf 76' lang='grc' dir='ltr'>παρὰ</span> <span class='ocrx_word' id='word_1_796' title='bbox 1181 5563 1316 5616; x_wconf 88' lang='grc' dir='ltr'>Θεοῦ</span> <span class='ocrx_word' id='word_1_797' title='bbox 1360 5565 1426 5632; x_wconf 80' lang='grc' dir='ltr'>τῇ</span> <span class='ocrx_word' id='word_1_798' title='bbox 1450 5562 1458 5567; x_wconf 84' lang='grc'><strong>’</strong></span> <span class='ocrx_word' id='word_1_799' title='bbox 1478 5562 1624 5632; x_wconf 75' lang='grc' dir='ltr'>ψυχῇ</span> <span class='ocrx_word' id='word_1_800' title='bbox 1665 5561 1948 5630; x_wconf 80' lang='grc' dir='ltr'>διδομένη,</span> 
     </span>
    </p>
   </div>
   <div class='ocr_carea' id='block_1_106' title="bbox 368 5655 1950 5726">
    <p class='ocr_par' dir='ltr' id='par_1_106' title="bbox 368 5655 1950 5726">
     <span class='ocr_line' id='line_1_106' title="bbox 368 5655 1950 5726; baseline -0.001 -18"><span class='ocrx_word' id='word_1_801' title='bbox 368 5658 467 5709; x_wconf 70' lang='grc' dir='ltr'>καὶ</span> <span class='ocrx_word' id='word_1_802' title='bbox 488 5657 701 5724; x_wconf 85' lang='grc' dir='ltr'>ἀγάπη,</span> <span class='ocrx_word' id='word_1_803' title='bbox 735 5659 830 5710; x_wconf 75' lang='grc' dir='ltr'>καὶ</span> <span class='ocrx_word' id='word_1_804' title='bbox 851 5657 1008 5726; x_wconf 79' lang='grc' dir='ltr'>εὐχὴ,</span> <span class='ocrx_word' id='word_1_805' title='bbox 1039 5657 1134 5710; x_wconf 71' lang='grc' dir='ltr'><strong>καὶ</strong></span> <span class='ocrx_word' id='word_1_806' title='bbox 1158 5657 1338 5726; x_wconf 85' lang='grc' dir='ltr'>σοφία,</span> <span class='ocrx_word' id='word_1_807' title='bbox 1375 5657 1470 5709; x_wconf 75' lang='grc' dir='ltr'><strong>καὶ</strong></span> <span class='ocrx_word' id='word_1_808' title='bbox 1498 5657 1590 5708; x_wconf 74' lang='grc' dir='ltr'><strong>ἐπὶ</strong></span> <span class='ocrx_word' id='word_1_809' title='bbox 1634 5656 1742 5708; x_wconf 85' lang='grc' dir='ltr'><strong>τῶν</strong></span> <span class='ocrx_word' id='word_1_810' title='bbox 1761 5655 1950 5712; x_wconf 75' lang='grc' dir='ltr'><strong>⁴ἄλλων</strong></span> 
     </span>
    </p>
   </div>
   <div class='ocr_carea' id='block_1_107' title="bbox 367 5745 1949 5817">
    <p class='ocr_par' dir='ltr' id='par_1_107' title="bbox 367 5745 1949 5817">
     <span class='ocr_line' id='line_1_107' title="bbox 367 5745 1949 5817; baseline 0.001 -19"><span class='ocrx_word' id='word_1_811' title='bbox 367 5747 464 5798; x_wconf 61' lang='grc' dir='ltr'>τὶν</span> <span class='ocrx_word' id='word_1_812' title='bbox 495 5747 655 5800; x_wconf 70' lang='grc' dir='ltr'>αύτὲν</span> <span class='ocrx_word' id='word_1_813' title='bbox 679 5747 897 5816; x_wconf 77' lang='grc' dir='ltr'>τρόπον.</span> <span class='ocrx_word' id='word_1_814' title='bbox 933 5750 1029 5801; x_wconf 68' lang='grc' dir='ltr'>Δια</span> <span class='ocrx_word' id='word_1_815' title='bbox 1052 5748 1210 5800; x_wconf 87' lang='grc' dir='ltr'>τοῦτο</span> <span class='ocrx_word' id='word_1_816' title='bbox 1238 5750 1332 5800; x_wconf 75' lang='grc' dir='ltr'>καὶ</span> <span class='ocrx_word' id='word_1_817' title='bbox 1372 5748 1399 5800; x_wconf 87' lang='grc' dir='ltr'>ὁ</span> <span class='ocrx_word' id='word_1_818' title='bbox 1449 5746 1626 5817; x_wconf 76' lang='grc' dir='ltr'>ίερεὺς</span> <span class='ocrx_word' id='word_1_819' title='bbox 1676 5747 1798 5817; x_wconf 71' lang='grc' dir='ltr'>περὶ</span> <span class='ocrx_word' id='word_1_820' title='bbox 1849 5745 1949 5814; x_wconf 82' lang='grc' dir='ltr'>τῆς</span> 
     </span>
    </p>
   </div>
   <div class='ocr_carea' id='block_1_108' title="bbox 627 5840 1218 5904">
    <p class='ocr_par' dir='ltr' id='par_1_108' title="bbox 627 5840 1218 5904">
     <span class='ocr_line' id='line_1_108' title="bbox 627 5840 1218 5904; baseline -0.014 0"><span class='ocrx_word' id='word_1_821' title='bbox 627 5843 898 5904; x_wconf 71' lang='grc' dir='ltr'>Ρλτιιοι..</span> <span class='ocrx_word' id='word_1_822' title='bbox 936 5841 1052 5900; x_wconf 73' lang='lat' dir='ltr'><strong>Gs.</strong></span> <span class='ocrx_word' id='word_1_823' title='bbox 1087 5840 1179 5900; x_wconf 88' lang='lat' dir='ltr'><strong>CL</strong></span> <span class='ocrx_word' id='word_1_824' title='bbox 1201 5879 1218 5897; x_wconf 91' lang='lat'><strong>.</strong></span> 
     </span>
    </p>
   </div>
   <div class='ocr_carea' id='block_1_109' title="bbox 2053 4549 3610 4623">
    <p class='ocr_par' dir='ltr' id='par_1_109' title="bbox 2053 4549 3610 4623">
     <span class='ocr_line' id='line_1_109' title="bbox 2053 4549 3610 4623; baseline -0.01 -13"><span class='ocrx_word' id='word_1_825' title='bbox 2053 4560 2178 4611; x_wconf 84' lang='lat' dir='ltr'><strong>licat</strong></span> <span class='ocrx_word' id='word_1_826' title='bbox 2210 4556 2381 4611; x_wconf 86' lang='lat' dir='ltr'><strong>solum</strong></span> <span class='ocrx_word' id='word_1_827' title='bbox 2440 4554 2560 4622; x_wconf 87' lang='lat' dir='ltr'><strong>ejus</strong></span> <span class='ocrx_word' id='word_1_828' title='bbox 2601 4552 2743 4623; x_wconf 90' lang='lat' dir='ltr'><strong>quod</strong></span> <span class='ocrx_word' id='word_1_829' title='bbox 2786 4566 2999 4621; x_wconf 75' lang='lat' dir='ltr'><strong>:equum</strong></span> <span class='ocrx_word' id='word_1_830' title='bbox 3023 4558 3122 4614; x_wconf 90' lang='lat' dir='ltr'><strong>est,</strong></span> <span class='ocrx_word' id='word_1_831' title='bbox 3147 4549 3610 4608; x_wconf 79' lang='lat' dir='ltr'><strong>distributionem,</strong></span> 
     </span>
    </p>
   </div>
   <div class='ocr_carea' id='block_1_110' title="bbox 2053 4639 3611 4716">
    <p class='ocr_par' dir='ltr' id='par_1_110' title="bbox 2053 4639 3611 4716">
     <span class='ocr_line' id='line_1_110' title="bbox 2053 4639 3611 4716; baseline -0.012 -10"><span class='ocrx_word' id='word_1_832' title='bbox 2053 4652 2147 4706; x_wconf 83' lang='lat' dir='ltr'><strong>sed</strong></span> <span class='ocrx_word' id='word_1_833' title='bbox 2195 4651 2438 4703; x_wconf 87' lang='lat' dir='ltr'><strong>absolute</strong></span> <span class='ocrx_word' id='word_1_834' title='bbox 2505 4661 2667 4702; x_wconf 89' lang='lat' dir='ltr'><strong>omne</strong></span> <span class='ocrx_word' id='word_1_835' title='bbox 2722 4661 2892 4716; x_wconf 87' lang='lat' dir='ltr'><strong>genus</strong></span> <span class='ocrx_word' id='word_1_836' title='bbox 2924 4645 3142 4698; x_wconf 87' lang='lat' dir='ltr'><strong>virtutis</strong></span> <span class='ocrx_word' id='word_1_837' title='bbox 3177 4681 3192 4707; x_wconf 90' lang='lat'><strong>,</strong></span> <span class='ocrx_word' id='word_1_838' title='bbox 3224 4642 3300 4694; x_wconf 87' lang='lat' dir='ltr'><strong>ita</strong></span> <span class='ocrx_word' id='word_1_839' title='bbox 3325 4641 3410 4692; x_wconf 84' lang='lat' dir='ltr'><strong>hic</strong></span> <span class='ocrx_word' id='word_1_840' title='bbox 3451 4639 3611 4690; x_wconf 81' lang='lat' dir='ltr'><strong>etiam</strong></span> 
     </span>
    </p>
   </div>
   <div class='ocr_carea' id='block_1_111' title="bbox 2057 4731 3615 4812">
    <p class='ocr_par' dir='ltr' id='par_1_111' title="bbox 2057 4731 3615 4812">
     <span class='ocr_line' id='line_1_111' title="bbox 2057 4731 3615 4812; baseline -0.012 -14"><span class='ocrx_word' id='word_1_841' title='bbox 2057 4760 2250 4798; x_wconf 77' lang='lat' dir='ltr'><strong>nomen</strong></span> <span class='ocrx_word' id='word_1_842' title='bbox 2292 4741 2443 4812; x_wconf 74' lang='lat' dir='ltr'><strong>pacis</strong></span> <span class='ocrx_word' id='word_1_843' title='bbox 2496 4750 2576 4794; x_wconf 90' lang='lat' dir='ltr'><strong>est</strong></span> <span class='ocrx_word' id='word_1_844' title='bbox 2626 4739 2755 4808; x_wconf 86' lang='lat' dir='ltr'><strong>quid</strong></span> <span class='ocrx_word' id='word_1_845' title='bbox 2805 4735 3154 4797; x_wconf 86' lang='lat' dir='ltr'><strong>universale;</strong></span> <span class='ocrx_word' id='word_1_846' title='bbox 3209 4742 3294 4786; x_wconf 91' lang='lat' dir='ltr'><strong>est</strong></span> <span class='ocrx_word' id='word_1_847' title='bbox 3325 4731 3469 4783; x_wconf 89' lang='lat' dir='ltr'><strong>enim</strong></span> <span class='ocrx_word' id='word_1_848' title='bbox 3499 4743 3615 4783; x_wconf 88' lang='lat' dir='ltr'><strong>om-</strong></span> 
     </span>
    </p>
   </div>
   <div class='ocr_carea' id='block_1_112' title="bbox 2057 4820 3616 4890">
    <p class='ocr_par' dir='ltr' id='par_1_112' title="bbox 2057 4820 3616 4890">
     <span class='ocr_line' id='line_1_112' title="bbox 2057 4820 3616 4890; baseline -0.012 0"><span class='ocrx_word' id='word_1_849' title='bbox 2057 4836 2202 4890; x_wconf 78' lang='lat' dir='ltr'><strong>nium</strong></span> <span class='ocrx_word' id='word_1_850' title='bbox 2265 4833 2424 4888; x_wconf 88' lang='lat' dir='ltr'><strong>simul</strong></span> <span class='ocrx_word' id='word_1_851' title='bbox 2489 4833 2748 4886; x_wconf 86' lang='lat' dir='ltr'><strong>virtutum</strong></span> <span class='ocrx_word' id='word_1_852' title='bbox 2823 4839 2877 4882; x_wconf 87' lang='lat' dir='ltr'><strong>et</strong></span> <span class='ocrx_word' id='word_1_853' title='bbox 2932 4829 3194 4881; x_wconf 70' lang='lat' dir='ltr'><strong>universa:</strong></span> <span class='ocrx_word' id='word_1_854' title='bbox 3259 4820 3616 4890; x_wconf 73' lang='lat' dir='ltr'><strong>philosophia:</strong></span> 
     </span>
    </p>
   </div>
   <div class='ocr_carea' id='block_1_113' title="bbox 2057 4905 3614 4988">
    <p class='ocr_par' dir='ltr' id='par_1_113' title="bbox 2057 4905 3614 4988">
     <span class='ocr_line' id='line_1_113' title="bbox 2057 4905 3614 4988; baseline -0.011 -13"><span class='ocrx_word' id='word_1_855' title='bbox 2057 4923 2286 4976; x_wconf 81' lang='lat' dir='ltr'><strong>fructus.</strong></span> <span class='ocrx_word' id='word_1_856' title='bbox 2338 4919 2521 4988; x_wconf 81' lang='lat' dir='ltr'><strong>Neque</strong></span> <span class='ocrx_word' id='word_1_857' title='bbox 2563 4919 2705 4971; x_wconf 87' lang='lat' dir='ltr'><strong>enim</strong></span> <span class='ocrx_word' id='word_1_858' title='bbox 2732 4916 2845 4969; x_wconf 81' lang='lat' dir='ltr'><strong>ﬁeri</strong></span> <span class='ocrx_word' id='word_1_859' title='bbox 2877 4923 3048 4982; x_wconf 84' lang='lat' dir='ltr'><strong>potest</strong></span> <span class='ocrx_word' id='word_1_860' title='bbox 3074 4922 3131 4963; x_wconf 92' lang='lat' dir='ltr'><strong>ut</strong></span> <span class='ocrx_word' id='word_1_861' title='bbox 3156 4923 3340 4974; x_wconf 73' lang='lat' dir='ltr'><strong>pacein</strong></span> <span class='ocrx_word' id='word_1_862' title='bbox 3378 4905 3614 4976; x_wconf 69' lang='lat' dir='ltr'><strong>perfecte</strong></span> 
     </span>
    </p>
   </div>
   <div class='ocr_carea' id='block_1_114' title="bbox 2059 4997 3614 5076">
    <p class='ocr_par' dir='ltr' id='par_1_114' title="bbox 2059 4997 3614 5076">
     <span class='ocr_line' id='line_1_114' title="bbox 2059 4997 3614 5076; baseline -0.01 -10"><span class='ocrx_word' id='word_1_863' title='bbox 2059 5014 2252 5067; x_wconf 86' lang='lat' dir='ltr'><strong>habeat</strong></span> <span class='ocrx_word' id='word_1_864' title='bbox 2292 5051 2308 5076; x_wconf 88' lang='lat'><strong>,</strong></span> <span class='ocrx_word' id='word_1_865' title='bbox 2335 5010 2419 5063; x_wconf 91' lang='lat' dir='ltr'><strong>cui</strong></span> <span class='ocrx_word' id='word_1_866' title='bbox 2450 5010 2532 5062; x_wconf 81' lang='lat' dir='ltr'><strong>vel</strong></span> <span class='ocrx_word' id='word_1_867' title='bbox 2588 5021 2691 5060; x_wconf 90' lang='lat' dir='ltr'><strong>una</strong></span> <span class='ocrx_word' id='word_1_868' title='bbox 2749 5005 2922 5072; x_wconf 85' lang='lat' dir='ltr'><strong>aliqua</strong></span> <span class='ocrx_word' id='word_1_869' title='bbox 2952 5004 3122 5054; x_wconf 83' lang='lat' dir='ltr'><strong>virtus</strong></span> <span class='ocrx_word' id='word_1_870' title='bbox 3148 4997 3349 5061; x_wconf 78' lang='lat' dir='ltr'><strong>deﬁcit,</strong></span> <span class='ocrx_word' id='word_1_871' title='bbox 3380 4997 3473 5052; x_wconf 82' lang='lat' dir='ltr'><strong>sed</strong></span> <span class='ocrx_word' id='word_1_872' title='bbox 3518 5012 3614 5050; x_wconf 54' lang='lat' dir='ltr'><strong>nec</strong></span> 
     </span>
    </p>
   </div>
   <div class='ocr_carea' id='block_1_115' title="bbox 2059 5086 3618 5163">
    <p class='ocr_par' dir='ltr' id='par_1_115' title="bbox 2059 5086 3618 5163">
     <span class='ocr_line' id='line_1_115' title="bbox 2059 5086 3618 5163; baseline -0.012 -10"><span class='ocrx_word' id='word_1_873' title='bbox 2059 5114 2211 5153; x_wconf 76' lang='lat' dir='ltr'><strong>cesse</strong></span> <span class='ocrx_word' id='word_1_874' title='bbox 2275 5107 2357 5153; x_wconf 87' lang='lat' dir='ltr'><strong>est</strong></span> <span class='ocrx_word' id='word_1_875' title='bbox 2399 5137 2414 5158; x_wconf 87' lang='lat'><strong>,</strong></span> <span class='ocrx_word' id='word_1_876' title='bbox 2447 5105 2504 5149; x_wconf 92' lang='lat' dir='ltr'><strong>ut</strong></span> <span class='ocrx_word' id='word_1_877' title='bbox 2531 5095 2619 5163; x_wconf 89' lang='lat' dir='ltr'><strong>qui</strong></span> <span class='ocrx_word' id='word_1_878' title='bbox 2661 5099 2882 5161; x_wconf 86' lang='lat' dir='ltr'><strong>pacatus</strong></span> <span class='ocrx_word' id='word_1_879' title='bbox 2931 5097 3016 5142; x_wconf 91' lang='lat' dir='ltr'><strong>est</strong></span> <span class='ocrx_word' id='word_1_880' title='bbox 3044 5086 3275 5146; x_wconf 78' lang='lat' dir='ltr'><strong>futurus,</strong></span> <span class='ocrx_word' id='word_1_881' title='bbox 3307 5097 3400 5152; x_wconf 86' lang='lat' dir='ltr'><strong>per</strong></span> <span class='ocrx_word' id='word_1_882' title='bbox 3429 5097 3618 5136; x_wconf 82' lang='lat' dir='ltr'><strong>omnes</strong></span> 
     </span>
    </p>
   </div>
   <div class='ocr_carea' id='block_1_116' title="bbox 2058 5171 3614 5255">
    <p class='ocr_par' dir='ltr' id='par_1_116' title="bbox 2058 5171 3614 5255">
     <span class='ocr_line' id='line_1_116' title="bbox 2058 5171 3614 5255; baseline -0.013 -12"><span class='ocrx_word' id='word_1_883' title='bbox 2058 5189 2234 5243; x_wconf 89' lang='lat' dir='ltr'><strong>veniat</strong></span> <span class='ocrx_word' id='word_1_884' title='bbox 2265 5206 2281 5254; x_wconf 85' lang='lat'><strong>;</strong></span> <span class='ocrx_word' id='word_1_885' title='bbox 2312 5195 2526 5255; x_wconf 87' lang='lat' dir='ltr'><strong>oportet</strong></span> <span class='ocrx_word' id='word_1_886' title='bbox 2573 5197 2702 5250; x_wconf 81' lang='lat' dir='ltr'><strong>ergo</strong></span> <span class='ocrx_word' id='word_1_887' title='bbox 2746 5180 2959 5247; x_wconf 80' lang='lat' dir='ltr'><strong>Seipsos</strong></span> <span class='ocrx_word' id='word_1_888' title='bbox 2993 5176 3224 5244; x_wconf 87' lang='lat' dir='ltr'><strong>primum</strong></span> <span class='ocrx_word' id='word_1_889' title='bbox 3258 5187 3512 5227; x_wconf 81' lang='lat' dir='ltr'><strong>exercere</strong></span> <span class='ocrx_word' id='word_1_890' title='bbox 3551 5171 3614 5223; x_wconf 88' lang='lat' dir='ltr'><strong>ad</strong></span> 
     </span>
    </p>
   </div>
   <div class='ocr_carea' id='block_1_117' title="bbox 2059 5260 3615 5346">
    <p class='ocr_par' dir='ltr' id='par_1_117' title="bbox 2059 5260 3615 5346">
     <span class='ocr_line' id='line_1_117' title="bbox 2059 5260 3615 5346; baseline -0.017 -13"><span class='ocrx_word' id='word_1_891' title='bbox 2059 5291 2242 5346; x_wconf 84' lang='lat' dir='ltr'><strong>pacem</strong></span> <span class='ocrx_word' id='word_1_892' title='bbox 2284 5289 2400 5343; x_wconf 72' lang='lat' dir='ltr'><strong>quae</strong></span> <span class='ocrx_word' id='word_1_893' title='bbox 2435 5279 2609 5342; x_wconf 89' lang='lat' dir='ltr'><strong>potest</strong></span> <span class='ocrx_word' id='word_1_894' title='bbox 2657 5267 2840 5322; x_wconf 85' lang='lat' dir='ltr'><strong>haberi</strong></span> <span class='ocrx_word' id='word_1_895' title='bbox 2898 5265 2967 5318; x_wconf 91' lang='lat' dir='ltr'><strong>ab</strong></span> <span class='ocrx_word' id='word_1_896' title='bbox 2996 5263 3323 5325; x_wconf 87' lang='lat' dir='ltr'><strong>hominibus,</strong></span> <span class='ocrx_word' id='word_1_897' title='bbox 3354 5260 3615 5346; x_wconf 75' lang='lat' dir='ltr'><strong>deindea</strong></span> 
     </span>
    </p>
   </div>
   <div class='ocr_carea' id='block_1_118' title="bbox 2063 5345 3617 5432">
    <p class='ocr_par' dir='ltr' id='par_1_118' title="bbox 2063 5345 3617 5432">
     <span class='ocr_line' id='line_1_118' title="bbox 2063 5345 3617 5432; baseline -0.017 -13"><span class='ocrx_word' id='word_1_898' title='bbox 2063 5345 2168 5419; x_wconf 83' lang='lat' dir='ltr'><strong>Deo</strong></span> <span class='ocrx_word' id='word_1_899' title='bbox 2195 5372 2375 5432; x_wconf 85' lang='lat' dir='ltr'><strong>petere</strong></span> <span class='ocrx_word' id='word_1_900' title='bbox 2434 5373 2584 5412; x_wconf 85' lang='lat' dir='ltr'><strong>suam</strong></span> <span class='ocrx_word' id='word_1_901' title='bbox 2658 5367 2843 5422; x_wconf 90' lang='lat' dir='ltr'><strong>pacem</strong></span> <span class='ocrx_word' id='word_1_902' title='bbox 2878 5391 2892 5416; x_wconf 90' lang='lat'><strong>,</strong></span> <span class='ocrx_word' id='word_1_903' title='bbox 2929 5353 3068 5405; x_wconf 83' lang='lat' dir='ltr'><strong>sicut</strong></span> <span class='ocrx_word' id='word_1_904' title='bbox 3097 5364 3157 5403; x_wconf 84' lang='lat' dir='ltr'><strong>se</strong></span> <span class='ocrx_word' id='word_1_905' title='bbox 3189 5349 3348 5403; x_wconf 87' lang='lat' dir='ltr'><strong>habet</strong></span> <span class='ocrx_word' id='word_1_906' title='bbox 3369 5348 3528 5400; x_wconf 89' lang='lat' dir='ltr'><strong>etiam</strong></span> <span class='ocrx_word' id='word_1_907' title='bbox 3563 5345 3617 5395; x_wconf 91' lang='lat' dir='ltr'><strong>in</strong></span> 
     </span>
    </p>
   </div>
   <div class='ocr_carea' id='block_1_119' title="bbox 2060 5439 3616 5520">
    <p class='ocr_par' dir='ltr' id='par_1_119' title="bbox 2060 5439 3616 5520">
     <span class='ocr_line' id='line_1_119' title="bbox 2060 5439 3616 5520; baseline -0.017 -13"><span class='ocrx_word' id='word_1_908' title='bbox 2060 5463 2384 5520; x_wconf 87' lang='lat' dir='ltr'><strong>unaquaque</strong></span> <span class='ocrx_word' id='word_1_909' title='bbox 2437 5447 2653 5500; x_wconf 80' lang='lat' dir='ltr'><strong>virtute.</strong></span> <span class='ocrx_word' id='word_1_910' title='bbox 2711 5439 2803 5494; x_wconf 81' lang='lat' dir='ltr'><strong>Est</strong></span> <span class='ocrx_word' id='word_1_911' title='bbox 2858 5440 3000 5492; x_wconf 85' lang='lat' dir='ltr'><strong>enim</strong></span> <span class='ocrx_word' id='word_1_912' title='bbox 3057 5439 3431 5507; x_wconf 87' lang='lat' dir='ltr'><strong>temperantia,</strong></span> <span class='ocrx_word' id='word_1_913' title='bbox 3497 5448 3616 5500; x_wconf 78' lang='lat' dir='ltr'><strong>qua:</strong></span> 
     </span>
    </p>
   </div>
   <div class='ocr_carea' id='block_1_120' title="bbox 2061 5523 3614 5607">
    <p class='ocr_par' dir='ltr' id='par_1_120' title="bbox 2061 5523 3614 5607">
     <span class='ocr_line' id='line_1_120' title="bbox 2061 5523 3614 5607; baseline -0.014 -16"><span class='ocrx_word' id='word_1_914' title='bbox 2061 5547 2279 5607; x_wconf 84' lang='lat' dir='ltr'><strong>paratur</strong></span> <span class='ocrx_word' id='word_1_915' title='bbox 2298 5549 2390 5603; x_wconf 90' lang='lat' dir='ltr'><strong>per</strong></span> <span class='ocrx_word' id='word_1_916' title='bbox 2411 5529 2877 5589; x_wconf 82' lang='lat' dir='ltr'><strong>exercitationem,</strong></span> <span class='ocrx_word' id='word_1_917' title='bbox 2902 5537 2953 5580; x_wconf 85' lang='lat' dir='ltr'><strong>et</strong></span> <span class='ocrx_word' id='word_1_918' title='bbox 2976 5537 3058 5581; x_wconf 90' lang='lat' dir='ltr'><strong>est</strong></span> <span class='ocrx_word' id='word_1_919' title='bbox 3076 5523 3425 5592; x_wconf 88' lang='lat' dir='ltr'><strong>temperantia</strong></span> <span class='ocrx_word' id='word_1_920' title='bbox 3443 5535 3562 5588; x_wconf 66' lang='lat' dir='ltr'><strong>quae</strong></span> <span class='ocrx_word' id='word_1_921' title='bbox 3585 5536 3614 5570; x_wconf 72' lang='grc' dir='ltr'><strong>α</strong></span> 
     </span>
    </p>
   </div>
   <div class='ocr_carea' id='block_1_121' title="bbox 2060 5611 3614 5687">
    <p class='ocr_par' dir='ltr' id='par_1_121' title="bbox 2060 5611 3614 5687">
     <span class='ocr_line' id='line_1_121' title="bbox 2060 5611 3614 5687; baseline -0.014 -4"><span class='ocrx_word' id='word_1_922' title='bbox 2060 5631 2168 5683; x_wconf 85' lang='lat' dir='ltr'><strong>Dco</strong></span> <span class='ocrx_word' id='word_1_923' title='bbox 2185 5628 2342 5682; x_wconf 88' lang='lat' dir='ltr'><strong>datur</strong></span> <span class='ocrx_word' id='word_1_924' title='bbox 2365 5623 2580 5687; x_wconf 60' lang='lat' dir='ltr'><strong>animae,</strong></span> <span class='ocrx_word' id='word_1_925' title='bbox 2609 5633 2663 5675; x_wconf 91' lang='lat' dir='ltr'><strong>et</strong></span> <span class='ocrx_word' id='word_1_926' title='bbox 2684 5621 2941 5684; x_wconf 77' lang='lat' dir='ltr'><strong>Charitas,</strong></span> <span class='ocrx_word' id='word_1_927' title='bbox 2968 5631 3022 5673; x_wconf 88' lang='lat' dir='ltr'><strong>et</strong></span> <span class='ocrx_word' id='word_1_928' title='bbox 3042 5619 3235 5679; x_wconf 89' lang='lat' dir='ltr'><strong>oratio,</strong></span> <span class='ocrx_word' id='word_1_929' title='bbox 3255 5623 3307 5668; x_wconf 91' lang='lat' dir='ltr'><strong>et</strong></span> <span class='ocrx_word' id='word_1_930' title='bbox 3329 5611 3614 5680; x_wconf 88' lang='lat' dir='ltr'><strong>sapientia,</strong></span> 
     </span>
    </p>
   </div>
   <div class='ocr_carea' id='block_1_122' title="bbox 2059 5699 3615 5774">
    <p class='ocr_par' dir='ltr' id='par_1_122' title="bbox 2059 5699 3615 5774">
     <span class='ocr_line' id='line_1_122' title="bbox 2059 5699 3615 5774; baseline -0.011 -2"><span class='ocrx_word' id='word_1_931' title='bbox 2059 5729 2112 5772; x_wconf 90' lang='lat' dir='ltr'><strong>ct</strong></span> <span class='ocrx_word' id='word_1_932' title='bbox 2152 5717 2203 5769; x_wconf 83' lang='lat' dir='ltr'><strong>in</strong></span> <span class='ocrx_word' id='word_1_933' title='bbox 2230 5714 2350 5768; x_wconf 88' lang='lat' dir='ltr'><strong>aliis</strong></span> <span class='ocrx_word' id='word_1_934' title='bbox 2393 5712 2580 5766; x_wconf 88' lang='lat' dir='ltr'><strong>eodem</strong></span> <span class='ocrx_word' id='word_1_935' title='bbox 2631 5710 2806 5763; x_wconf 91' lang='lat' dir='ltr'><strong>modo.</strong></span> <span class='ocrx_word' id='word_1_936' title='bbox 2859 5707 3146 5774; x_wconf 86' lang='lat' dir='ltr'><strong>Propterea</strong></span> <span class='ocrx_word' id='word_1_937' title='bbox 3169 5705 3328 5758; x_wconf 90' lang='lat' dir='ltr'><strong>etiam</strong></span> <span class='ocrx_word' id='word_1_938' title='bbox 3362 5699 3615 5755; x_wconf 80' lang='lat' dir='ltr'><strong>sacerdos</strong></span> 
     </span>
    </p>
   </div>
   <div class='ocr_carea' id='block_1_123' title="bbox 3069 5817 3140 5875">
    <p class='ocr_par' dir='ltr' id='par_1_123' title="bbox 3069 5817 3140 5875">
     <span class='ocr_line' id='line_1_123' title="bbox 3069 5817 3140 5875; baseline -0.014 0"><span class='ocrx_word' id='word_1_939' title='bbox 3069 5817 3140 5875; x_wconf 83' lang='lat' dir='ltr'><strong>l3</strong></span> 
     </span>
    </p>
   </div>
  </div>
