4158 6306
566 346 680 411 395

1828 300 2157 393 'Ntcoun
2187 321 2576 385 CABASILIE

3711 303 3821 367 396

563 463 629 515 de
678 470 809 528 pace
866 453 952 509 illa
1002 452 1177 522 primo
1223 447 1458 520 loquitur
1489 462 1607 517 qua:
1625 456 1706 501 est
1739 447 1789 499 itt
1823 454 2006 499 nostra
2040 456 2132 511 pn-

2243 437 2464 507 εἰρήνης
2499 432 2715 502 ἐκείνης
2757 429 2976 503 πρώτης
3004 428 3136 499 ἡμῖν
3171 421 3478 492 διαλέγεται
3513 418 3611 489 τῆς
3642 416 3728 486 ἐφ’
3756 418 3823 487 ἡ⁴

560 562 779 614 testate,
809 557 862 603 et
898 563 928 601 a
948 546 1104 600 nobis
1135 552 1283 597 recte
1307 542 1420 610 geri
1453 548 1505 594 et
1536 537 1911 593 administrari
1933 544 2132 604 potest:

562 656 614 697 et
653 658 773 697 cum
813 656 874 696 ea
924 640 1079 708 jubet
1109 639 1173 690 ad
1208 635 1370 688 Deum
1402 631 1578 686 facere
1609 630 1909 691 orationes,
1940 625 2134 681 deinde

561 736 628 787 de
652 747 715 786 ca
743 745 862 801 quae
906 745 935 782 a
970 730 1078 783 Deo
1134 726 1317 789 datur,
1361 730 1413 777 et
1442 736 1542 793 pro
1572 734 1633 775 ea
1669 721 1935 782 hortatur,
1970 716 2134 770 Deum

561 839 719 877 orare
747 863 761 885 ,
801 840 818 872 ι
849 820 1098 883 Oremus,
1146 817 1331 870 dicens
1362 852 1376 876 ,
1408 827 1503 882 pro
1537 826 1771 882 superna
1810 824 1962 880 pace.
1996 826 2014 860 ι
2037 806 2139 861 Pa-

563 932 679 967 cum
718 923 899 967 autem
946 908 1098 969 dicit,
1140 921 1242 959 non
1270 918 1388 958 eam
1427 902 1596 957 solam
1616 915 1734 971 quae
1759 908 1845 954 est
1877 899 2017 952 inter
2048 897 2135 949 in-

562 1005 757 1060 ilicem.
810 996 1025 1068 quando
1063 994 1194 1049 nulli
1256 990 1395 1046 male
1429 989 1696 1054 volumus,
1731 1002 1831 1041 nec
1860 986 2022 1040 ullius
2046 1000 2135 1038 su-

563 1111 683 1148 mus
723 1088 932 1163 injuriae
969 1098 1257 1147 memores,
1282 1082 1375 1138 sed
1405 1096 1525 1136 eam
1554 1079 1714 1134 etiam
1757 1092 1877 1147 quae
1904 1086 1988 1131 est
2009 1091 2135 1146 erga

561 1202 660 1239 nos
681 1187 844 1251 ipsos,
876 1179 1092 1249 quando
1122 1176 1228 1244 cor;
1249 1184 1496 1228 nostrum
1534 1187 1642 1226 non
1669 1171 1994 1225 condemnat
2017 1185 2134 1224 nos.

562 1276 750 1343 Magna
813 1281 894 1325 est
959 1277 1140 1322 autent
1208 1264 1359 1334 pacis
1384 1265 1615 1328 utilitas,
1643 1262 1727 1317 vel
1759 1261 1934 1329 potius
1969 1276 2030 1316 ea
2053 1271 2137 1314 est

560 1365 777 1417 munitio
799 1359 1119 1415 necessaria.
1156 1356 1222 1411 Ut
1257 1353 1569 1425 perturbata
1609 1353 1753 1408 enim
1789 1368 1941 1408 meus
2010 1367 2134 1407 cum

548 1460 671 1509 'Deo
726 1453 1012 1508 conveniat
1041 1488 1056 1513 ,
1100 1446 1321 1501 minime
1380 1444 1493 1498 ﬁeri
1528 1452 1725 1512 potest:
1754 1442 1985 1510 primum
2015 1445 2136 1510 qui-

544 1551 704 1608 dem,
729 1555 944 1612 propter
968 1542 1135 1607 ipsam
1156 1535 1578 1609 perturbationis
1611 1542 1880 1588 naturam.
1937 1534 2136 1600 Quem-

564 1636 851 1691 admodum
905 1634 1051 1687 enim
1073 1646 1172 1699 pax
1212 1630 1410 1683 mullos
1440 1643 1603 1691 unum
1646 1624 1846 1688 reddit,
1879 1625 1951 1678 ita
1969 1625 2132 1680 etiam

2244 533 2356 599 μῖν,
2383 528 2483 595 τῆς
2505 524 2773 595 ὐφ’ήμῶν
2803 518 3269 590 κατορθουμένης,
3317 514 3415 569 καὶ
3449 511 3589 583 μετά
3613 509 3819 599 ταύτης

2239 619 2450 672 κελεύει
2480 618 2580 680 τὰς
2626 615 2764 686 πρὸς
2790 615 2883 667 τὸν
2939 612 3073 665 Θεὸν
3103 606 3375 662 ποιεῖσθαι
3398 605 3636 674 δεήσειςο
3701 595 3819 653 εἶτα

2237 709 2369 781 περὶ
2399 709 2499 777 τῆς
2536 710 2600 762 ὲκ
2629 706 2766 760 Θεοῦ
2796 703 3100 774 διδομένης,
3127 701 3222 754 καὶ
3261 699 3469 766 ταύτης
3498 694 3665 747 ἕνεκα
3694 692 3819 761 δεη-

2237 799 2399 869 θῆναι
2427 798 2518 850 τὸν
2543 796 2674 850 Θεὸν
2704 793 2983 863 παραινεῖ,
3022 809 3040 842 ι
3073 788 3391 860 Δεηθῶμεν,
3417 785 3615 854 λέγων,
3669 781 3810 851 ὑπὲρ

2237 890 2335 959 τῆς
2363 887 2567 944 ἄνωθεν
2617 887 2836 957 ἀρετῆς.
2873 903 2891 934 ι
2932 883 3174 952 Εἰρήνην
3208 879 3380 946 λέγει,
3442 877 3501 929 οὐ
3550 875 3651 945 τὴν
3681 873 3821 943 πρὸς

2236 983 2496 1051 ἀλλήλους
2534 981 2715 1051 μόνον,
2744 980 2872 1032 ὅταν
2898 976 3032 1047 πρὸς
3065 973 3325 1043 ἀλλήλους
3357 969 3433 1041 μὴ
3468 966 3821 1039 μνησικακῶ-

2240 1089 2358 1143 μενο
2390 1072 2526 1127 ἀλλὰ
2548 1073 2641 1125 καὶ
2690 1070 2788 1139 τήν
2820 1068 2957 1139 πρὸς
3010 1067 3161 1137 ἡμᾶς
3194 1063 3410 1124 αὐτούς*
3439 1062 3565 1114 ὅταν
3599 1060 3634 1129 ἡ
3680 1074 3821 1128 καρ-

2235 1163 2323 1217 δία
2366 1164 2523 1234 ήμῶν
2551 1162 2626 1233 μὴ
2660 1157 3047 1229 καταγινώσκῃ
3079 1156 3255 1227 ήμῶν.
3287 1153 3427 1206 Πολύ
3456 1151 3514 1203 δὲ
3542 1149 3602 1203 τὸ
3625 1148 3819 1217 ὄφελος

2236 1253 2443 1323 ταύτης
2469 1253 2568 1322 τῆς
2592 1254 2840 1323 εἰρήνης·
2885 1250 3086 1319 μᾶλλον
3109 1248 3165 1300 δὲ
3194 1246 3409 1314 ἀνάγκη
3468 1241 3672 1311 ταύτης
3719 1239 3823 1309 τῆς

2235 1346 2443 1416 ἀρετῆς
2470 1347 2605 1416 ἡμῖν
2637 1343 2940 1413 πανταχοῦο
2977 1342 3070 1394 τὸν
3098 1341 3207 1410 γὰρ
3247 1335 3647 1409 θορυόούμενον
3669 1332 3818 1386 νοῦνο
3915 1410 3927 1423 .

2419 1436 2694 1490 συνελθεῖν
2754 1433 3037 1496 παντελῶς
3069 1433 3349 1495 ἀδύνατον,
3401 1426 3471 1481 δι’
3504 1426 3677 1496 αὐτὴν
3720 1424 3823 1492 τὴν

2239 1528 2402 1599 φύσιν
2437 1528 2530 1582 τοῦ
2570 1525 2826 1596 θορύϐου.
2859 1524 3130 1595 Καθάπερ
3161 1521 3268 1590 γὰρ
3312 1520 3564 1592 ήεὶρήνη
3614 1533 3825 1570 παντα-

2237 1620 2331 1692 χοῦ
2360 1621 2486 1682 τοὺς
2514 1618 2745 1681 πολλοὺς
2773 1615 2871 1670 ἕνα
2894 1614 3161 1677 δείκνυσι,
3197 1611 3370 1673 οὔτως
3427 1611 3455 1663 ὁ
3485 1606 3711 1675 θόρυϐος
3729 1607 3827 1659 τὸν

544 1726 902 1792 perturbatio
965 1737 1129 1775 unum
1187 1717 1353 1773 multa
1421 1716 1601 1770 allicit.
1664 1713 1951 1780 Quomodo
2005 1729 2135 1783 ergo

2243 1712 2333 1764 Eva.
2353 1710 2581 1773 πολλοὺς
2612 1710 2775 1762 ποιεῖ.
2810 1706 2931 1769 Πῶς
2948 1701 3043 1759 οὖν
3079 1701 3389 1774 ἐφαρμόσαι
3426 1700 3714 1769 δυνήσεται
3743 1695 3829 1766 τῷ

571 1816 816 1886 adaptari
846 1824 900 1869 et
938 1810 1227 1867 convenire
1267 1809 1465 1880 poterit
1533 1807 1623 1860 uni
1657 1816 1710 1861 et
1739 1806 1969 1874 simplici
1995 1781 2139 1861 Deo?

2243 1803 2322 1856 ἑνὶ
2351 1802 2446 1855 καὶ
2476 1799 2632 1871 ἀπλῷ
2657 1798 2814 1869 Θεῷ;
2853 1796 3027 1851 ἔπειθ’
3055 1796 3137 1849 ὅτι
3197 1794 3318 1847 οὐδὲ
3355 1791 3616 1858 εὔξασθαι
3657 1789 3827 1842 δύνα-
3892 1851 3900 1857 1

557 1909 854 1978 Propterea
911 1905 1054 1974 quod
1116 1916 1293 1971 neque
1339 1909 1490 1955 recte
1523 1912 1700 1963 orare,
1740 1910 1913 1966 neque
1937 1897 2137 1965 aliquid

555 2003 691 2056 boni
713 2014 775 2055 ex
801 1998 1045 2053 oratione
1073 1992 1328 2062 consequi
1351 2001 1547 2060 potest,
1580 1992 1671 2058 qui
1700 1999 1819 2043 orat
1841 1988 1958 2042 sine
1985 2001 2135 2055 pace.

550 2091 697 2145 'Sive
756 2089 900 2143 enim
964 2087 1044 2139 ira
1076 2084 1345 2138 hominem
1376 2083 1679 2150 perturbat,
1702 2092 1754 2133 et
1791 2086 2026 2147 accepta!
2048 2077 2136 2131 in-

560 2183 721 2252 juria:
769 2176 1028 2232 memoria
1081 2188 1266 2244 pacem
1299 2188 1360 2226 ex
1387 2172 1566 2224 anima
1596 2170 1780 2239 ejecit,
1823 2183 1921 2222 nec
1949 2181 2140 2237 pecva-

561 2282 742 2325 torutn
809 2267 1025 2335 quidem
1094 2264 1302 2317 veniam
1331 2260 1569 2314 inveniet
1612 2273 1675 2313 ex
1712 2259 1978 2320 oratione,
2025 2266 2141 2310 tan-

564 2376 681 2416 tum
749 2361 898 2414 abest
933 2365 991 2411 ut
1034 2355 1192 2409 ullam
1250 2352 1680 2421 alianrgratiatn
1710 2358 2047 2421 assequatttr.
2082 2352 2139 2404 Si

568 2454 691 2521 quis
722 2458 1065 2521 peccatorum
1099 2459 1322 2500 suorum
1376 2458 1537 2497 causa
1563 2458 1590 2495 a
1632 2441 1959 2497 conscientia
2002 2457 2141 2509 pun.

563 2546 732 2612 gitur,
766 2554 825 2597 et
874 2542 1036 2596 habet
1097 2555 1190 2594 cor
1225 2536 1370 2606 quod
1408 2551 1531 2590 etttn
1578 2543 1833 2600 accusat,
1860 2545 1995 2587 etea
2023 2548 2141 2602 per-

572 2635 878 2688 turbatione
902 2632 1158 2699 agitatur,
1210 2627 1356 2683 omni
1392 2626 1531 2695 apud
1562 2625 1725 2678 Deum
1761 2622 2011 2677 libertate
2030 2623 2140 2690 pri-

568 2740 726 2783 Vatus
792 2735 870 2779 est
911 2763 926 2787 ,
955 2733 1010 2775 ιιι
1058 2723 1135 2775 ait
1170 2720 1407 2773 divinum
1434 2716 1703 2786 eloquium
1737 2730 1752 2769 :
1784 2734 1802 2765 ι
1826 2717 1889 2768 Ει
1922 2715 2140 2785 quando

562 2828 711 2878 erat,
767 2816 885 2869 sine
941 2814 1192 2866 libertate
1242 2810 1477 2879 loquitur
1502 2845 1517 2870 ,
1557 2827 1574 2858 ι
1608 2808 1709 2862 hoc
1729 2815 1832 2871 cat,
1865 2807 1981 2861 sine
2018 2804 2139 2858 fide.

552 2909 676 2972 Qui
708 2916 886 2961 autem
941 2905 1057 2957 sine
1127 2901 1229 2954 fide
1271 2907 1411 2962 orat,
1449 2898 1646 2951 frustra
1677 2905 1818 2960 orat,
1853 2908 1951 2948 nec
1980 2894 2141 2948 ullam

566 3021 632 3058 ex
698 3018 762 3058 eo
792 3002 958 3055 sentit
986 2996 1302 3050 utilitatem.
1330 2993 1625 3062 Pr0ptcrea
1676 2991 1930 3060 jnbemnr
1976 2991 2139 3044 etiam

566 3107 692 3147 eum
749 3105 880 3157 pace
925 3088 1090 3141 Deum
1130 3099 1310 3149 orare,
1343 3090 1397 3137 et
1433 3089 1558 3136 ante
1625 3080 1804 3135 omnia
1852 3092 2135 3147 supernam
2168 3106 2212 3165 ϐ

566 3199 759 3251 pacem
806 3193 1028 3250 petere:
1067 3188 1253 3249 postea
1310 3181 1490 3230 autem
1538 3173 1704 3229 etiam
1740 3188 1836 3241 pro
1862 3174 1981 3226 aliis
2008 3172 2142 3227 lihe-

572 3277 757 3331 raliter
792 3287 977 3343 preces
1039 3270 1281 3333 fundere,
1308 3283 1413 3322 non
1443 3267 1614 3322 solum
1665 3264 1939 3329 Ecclesia,
1964 3273 2016 3318 et
2043 3266 2141 3319 im-

571 3370 747 3441 perio,
807 3378 862 3421 et
921 3364 1200 3431 utriusque
1246 3359 1540 3431 prmfectis,
1579 3356 1663 3412 vel
1701 3356 1764 3411 iis
1800 3356 1890 3425 qui
1928 3365 2053 3410 sunt
2085 3357 2141 3410 in

569 3459 854 3528 periculis,
907 3465 963 3510 et
983 3458 1145 3510 rebus
1208 3452 1455 3506 adversis
1489 3450 1891 3517 Opprimuntnr,
1924 3447 2014 3501 sed
2048 3462 2143 3514 pro

570 3552 826 3605 omnibus
867 3549 1093 3603 omnino
1140 3543 1451 3599 hominibus
1504 3542 1767 3594 universae
1799 3549 1973 3592 terrm.
2012 3537 2158 3593 tl’rO‘

563 3654 705 3710 pace
736 3638 877 3691 enim
906 3677 921 3701 ,
955 3634 1151 3701 inquit,
1189 3631 1421 3683 universi
1454 3626 1675 3691 mundi;
1707 3644 1725 3676 ι
1758 3624 1991 3679 maxime
2025 3625 2144 3692 qui-

551 3729 719 3792 :detn,
758 3729 880 3797 quia
921 3725 1100 3780 sciunt
1124 3738 1279 3776 suum
1307 3720 1593 3774 Dominum
1633 3733 1755 3772 esse
1797 3731 2140 3771 communem

553 3820 812 3873 omnium
880 3815 1186 3877 Dominum,
1247 3811 1473 3880 etquod
1546 3809 1726 3862 omnia
1770 3806 1990 3861 cicura:
2018 3814 2145 3861 sunt

548 3918 829 3974 ‘tanquant
872 3916 1034 3971 Opera
1077 3915 1195 3954 sua:
1233 3908 1284 3952 et
1314 3898 1356 3951 si
1378 3897 1500 3965 quis
1530 3910 1716 3949 eorum
1759 3908 1943 3947 curam
1966 3899 2141 3958 gerat,

572 3991 747 4060 magis
786 4004 911 4043 eum
969 3987 1101 4040 colit
1142 4024 1157 4047 ,
1184 3999 1342 4054 quam
1393 3984 1436 4036 si
1466 3982 1511 4034 ei
1555 3981 1839 4035 sacrificet.
1876 3978 2141 4032 Praeterea

560 4093 776 4145 autem,
822 4090 879 4133 ιιι
934 4078 1098 4132 sentit
1144 4076 1335 4130 beatus
1363 4073 1585 4131 Paulus.
1617 4082 1668 4125 ιιι
1700 4087 1795 4125 nos
1826 4070 1927 4124 sub
1955 4083 2142 4123 eorum

564 4168 965 4240 sranqnillitate
1048 4167 1285 4236 quietam
1346 4163 1510 4216 vitam
1574 4176 1819 4231 agamus,
1888 4161 1940 4214 in
1995 4160 2141 4215 omni

571 4265 794 4331 pietate,
823 4269 878 4314 et
914 4260 1216 4313 honestate.
1263 4254 1330 4309 Et
1360 4270 1466 4308 non
1503 4253 1674 4309 solum
1702 4267 1799 4321 pro
1824 4252 1888 4305 iis
1920 4266 2038 4319 quae
2076 4251 2143 4304 ad

575 4353 814 4408 animant
853 4349 1180 4409 conferunt,
1212 4344 1305 4398 sed
1334 4344 1496 4399 etiam
1530 4357 1627 4412 pro
1669 4342 1825 4397 bonis
1852 4340 2140 4409 corporali-

2240 1910 2330 1946 ται
2369 1891 2575 1955 καλῶς,
2616 1891 2737 1945 οὐδὲ
2771 1887 3076 1943 ἀπολαῦσαί
3122 1904 3174 1939 τι
3210 1885 3306 1954 τῆς
3361 1883 3527 1954 εὐχῆς
3572 1881 3754 1943 καλῶς
3790 1882 3828 1934 ὁ

2241 1985 2407 2054 χωρὶς
2437 1984 2661 2053 εἰρήνης
2717 1980 3032 2052 εὐχόμενος.
3069 1980 3192 2032 Εἴτε
3238 1976 3347 2047 γὰρ
3374 1975 3513 2047 ὀργὴ
3553 1976 3821 2046 ταράττει

2240 2074 2331 2127 τὸν
2394 2074 2703 2142 ἄνθρωπον,
2758 2071 2854 2125 καὶ
2923 2069 3261 2141 μνησικακία
3313 2067 3410 2138 τήν
3445 2067 3666 2137 εἰρήνην
3724 2064 3824 2135 τῆς

2240 2165 2417 2235 ψυχῆς
2448 2164 2720 2231 ὲξέὸαλεν,
2754 2162 2875 2215 οὐδὲ
2908 2160 3200 2231 συγνώμην
3231 2160 3455 2230 εὑρήσει
3500 2158 3611 2221 τῶν
3638 2157 3825 2227 πλημ-

2245 2256 2570 2328 μελημάτων
2596 2255 2701 2308 ὐπὸ
2734 2256 2829 2325 τῆς
2854 2254 3038 2323 εὐχῆς,
3072 2253 3250 2323 πολλῷ
3282 2251 3481 2321 μᾶλλον
3507 2250 3625 2304 οὐδὲ
3654 2250 3826 2320 ἄλλην

2241 2350 2361 2401 τινὰ
2393 2348 2619 2419 λήψεται
2641 2347 2825 2418 χάριν.
2864 2348 2990 2399 Εἴτε
3017 2344 3434 2415 ἁμαρτημάτων
3465 2343 3665 2413 ἑτέρων
3711 2343 3826 2396 ἓνε-

2244 2458 2334 2503 κα,
2377 2440 2482 2494 ὐπὸ
2526 2439 2622 2492 τοῦ
2655 2438 2957 2500 συνειδότος
2990 2440 3285 2502 κεντείται,
3322 2437 3414 2488 καί
3443 2434 3540 2503 τὴν
3595 2435 3825 2505 καρδίαν

2241 2531 2353 2600 ἔχει
2418 2522 2928 2598 κατηγορουμένην,
2981 2526 3074 2578 καί¹
3138 2525 3327 2578 τοῦτον
3366 2525 3675 2596 θορυῦείται
3733 2525 3825 2577 τὸν

2242 2619 2490 2691 θόρυϐον,
2520 2620 2616 2687 τῆς
2652 2619 2786 2688 πρδς
2807 2618 2896 2669 τὸν
2915 2616 3048 2669 Θεὸν
3075 2619 3254 2687 πάσης
3276 2618 3649 2689 ἀπεστέρηται
3676 2621 3824 2688 πιρα

2244 2711 2459 2781 ρησίας,
2494 2709 2635 2763 κατὰ
2671 2710 2733 2762 τὸ
2759 2708 2960 2776 λόγιον,
3020 2726 3038 2759 ι
3072 2709 3181 2761 Καὶ
3215 2709 3342 2761 ὅταν
3370 2706 3617 2779 εὔχηται,
3652 2710 3823 2779 χωρὶς

2244 2803 2554 2874 παρρησίας
2594 2800 2840 2871 εὔχεται,
2881 2819 2899 2852 t
2921 2800 3066 2854 τοῦτ’
3090 2799 3231 2864 ἐστι,
3262 2802 3434 2871 χωρὶς
3465 2801 3720 2864 πίστεως.
3766 2801 3824 2853 '0

2241 2894 2296 2947 δὲ
2329 2895 2495 2964 χωρὶς
2551 2896 2790 2957 πίστεως
2844 2893 3154 2963 εὐχόμενος,
3191 2895 3369 2964 μάτην
3420 2893 3658 2964 εὔχεται,
3728 2896 3826 2947 καὶ

2243 2992 2322 3053 εἰς
2343 2990 2493 3042 οὐδὲν
2527 2990 2733 3058 ὄφελος.
2771 2990 2868 3044 Διά
2888 2988 3062 3042 ταῦτα
3114 2989 3472 3059 κελευόμεθα,
3538 2990 3632 3043 καὶ
3682 2990 3824 3060 μετὰ

2243 3082 2340 3153 τῆς
2376 3081 2600 3151 εἰρήνης
2625 3081 2717 3135 τοῦ
2748 3081 2881 3134 Θεοῦ
2909 3080 3139 3145 δεῖσθαι,
3201 3084 3296 3134 καὶ
3329 3081 3435 3152 πρὸ
3464 3083 3685 3135 πάντων
3717 3083 3822 3152 τὴν

2245 3173 2450 3229 ἄνωθεν
2486 3174 2707 3245 εἰρήνην
2725 3174 3015 3227 αἰτεῖσθαι·
3045 3174 3184 3244 μετά
3206 3173 3271 3227 δὲ
3293 3174 3521 3239 τούτων,
3555 3173 3651 3228 καὶ
3678 3174 3825 3245 ὑπὲρ

2242 3265 2351 3333 τῷν
2379 3265 2554 3319 ἄλλων
2585 3264 2903 3334 φιλαγάθως
2925 3264 3139 3334 δεήσεις
3165 3263 3455 3329 ποιεῖσθαι,
3476 3265 3538 3317 οὐ
3569 3267 3666 3336 τῆς
3700 3267 3826 3320 Ἐκ-

2247 3355 2475 3425 κλησίας
2509 3361 2690 3427 μόνον,
2729 3357 2822 3409 καὶ
2859 3357 2956 3426 τῆς
2989 3355 3286 3425 βασιλείας,
3319 3351 3415 3410 mil.
3445 3355 3556 3412 τῶν
3581 3374 3827 3428 προστα-

2244 3450 2351 3503 τῶν
2371 3449 2663 3520 ἑκατέρων,
2696 3449 2789 3502 καί
2812 3448 2922 3501 τῶν
2946 3449 3003 3501 ὲν
3025 3449 3290 3511 κινδύνοις
3321 3447 3417 3502 καὶ
3439 3450 3824 3520 περιστάσεσι,

2244 3544 2334 3595 καὶ
2377 3543 2683 3610 συμφοραῖς
2709 3542 2915 3606 ςδντων,
2972 3539 3088 3593 ἀλλ’
3112 3540 3297 3602 ἁπλῶς
3327 3541 3581 3594 ἁπάντων
3611 3540 3710 3593 ἀνθ
3723 3541 3827 3613 ρώ-

2245 3651 2362 3686 πων
2392 3635 2488 3703 τῆς
2518 3633 2844 3702 οἰκουμένης
2899 3633 3136 3698 ἀπάσης.
3168 3650 3186 3684 ι
3211 3632 3383 3702 ’Υπὲρ
3440 3632 3537 3701 τῆς
3596 3634 3827 3702 εἰρήνης

2243 3727 2371 3796 γὰρ,
2392 3725 2544 3796 φησί,
2571 3723 2665 3777 τοῦ
2694 3725 3006 3793 σύμπαντος
3033 3724 3297 3795 κόσμουοι
3330 3724 3563 3794 μάλιστα
3586 3725 3710 3794 μὲν,
3744 3728 3826 3780 ὅτι

2242 3817 2333 3870 τὸν
2353 3817 2556 3868 ἑαυτῶν
2591 3815 2866 3884 Δεσπότην
2896 3817 3045 3868 ῐσασι
3097 3817 3274 3868 κοινὸν
3303 3815 3553 3868 ἁπάντων
3573 3815 3703 3868 ὄντα
3726 3819 3827 3869 Δε-

2244 3907 2466 3978 σπότην,
2490 3907 2586 3961 καὶ
2616 3908 2697 3961 ὅτι
2734 3907 2890 3976 μέλει
2920 3907 3136 3961 πάντων
3161 3907 3310 3977 αὐτῷ
3356 3908 3433 3970 ὡς
3496 3905 3826 3978 δημιουργῷ

2242 3998 2351 4050 τῶν
2370 3999 2888 4068 δημιουργημὰτων·
2923 3999 3023 4052 κᾶν
3050 4015 3130 4063 τις
3161 3999 3341 4052 αὐτῶν
3372 3999 3624 4070 κήδηται,
3664 4001 3828 4071 θερα-

2243 4088 2402 4142 πεύει
2424 4088 2584 4142 αὐτὸν
2608 4090 2830 4159 μᾶλλον,
2866 4090 2898 4158 ἢ
2924 4088 3088 4143 θύωψ
3127 4090 3317 4144 ἔπειτα
3345 4092 3487 4146 κατὰ
3511 4095 3602 4145 τὸν
3639 4095 3826 4164 μακά-

2247 4196 2361 4249 ριον
2391 4179 2625 4244 Παῦλον,
2667 4181 2753 4233 ἵνα
2787 4181 2881 4233 καί
2912 4183 3074 4249 ἡμεῖς
3103 4183 3160 4234 ὲν
3195 4184 3260 4253 τῇ
3297 4182 3506 4255 γαλήνῃ
3539 4184 3724 4239 αὐτῶν
3765 4188 3827 4256 ῆ-

2247 4288 2413 4339 ρεμον
2435 4271 2526 4324 καὶ
2553 4271 2775 4342 ἡσύχιον
2808 4270 2924 4340 βίον
2950 4271 3246 4343 διάγωμεν,
3278 4275 3520 4344 ὲνηπάσῃ
3559 4276 3827 4350 εὐλαϐείᾳ

2244 4361 2336 4413 καὶ
2363 4361 2674 4431 σεμνότητιυ
2731 4364 2825 4415 καὶ
2853 4364 2949 4433 οὐχ
2995 4363 3137 4435 ὑπὲρ
3164 4365 3272 4419 τῶν
3305 4367 3385 4429 εἰς
3413 4368 3590 4439 ψυχὴν
3623 4372 3826 4440 φερόν.

575 4446 676 4495 bus
732 4436 1056 4492 necessariis
1118 4446 1340 4488 oramus
1375 4469 1391 4495 ,
1420 4431 1559 4484 bona
1606 4429 1749 4484 aeris
1791 4429 2051 4497 temperie
2091 4438 2142 4484 et

2250 4467 2357 4502 των
2389 4429 2740 4519 μόνονίάλλὰ
2769 4452 2865 4504 καὶ
3043 4429 3370 4523 σῶματικῶν
3399 4429 3826 4531 ἀγάθῶνέὐχόο

576 4532 849 4585 l'ructttttttt
895 4536 1054 4579 terra:
1090 4521 1385 4577 fertilitate.
1425 4520 1748 4576 Utsciamus
1769 4532 1891 4574 esse
1907 4519 2144 4573 omnium

577 4629 851 4672 auctorem
897 4624 950 4668 et
978 4612 1437 4682 suppeditatnrent
1492 4609 1682 4673 Deum,
1706 4617 1759 4662 et
1790 4609 1856 4663 ad
1879 4607 2026 4661 illum
2055 4622 2147 4663 so-

579 4712 686 4762 lunt
711 4705 1087 4776 respiciamus,
1112 4702 1367 4772 quoniam
1395 4701 1555 4755 etiam
1599 4713 1789 4766 panem
1823 4699 1891 4753 ah
1927 4700 2043 4768 ipso
2057 4713 2149 4769 pc-

568 4815 690 4858 .tcrc
708 4800 1085 4871 quotidianum
1126 4810 1247 4850 cum
1281 4794 1401 4849 aliis
1430 4792 1593 4862 jussit
1624 4792 1743 4862 ipse
1774 4792 2043 4871 Christus.

1285 4996 1440 5052 CAP.
1467 4996 1633 5061 Xlll.,

738 5094 875 5159 Quid
913 5091 1010 5144 sibi
1040 5092 1145 5144 vult
1166 5090 1535 5144 misericordia:
1562 5089 1749 5157 ubique
1772 5088 1973 5155 petitio.

651 5184 783 5239 lllud
803 5197 1014 5250 quoque
1033 5180 1380 5249 quwrendum
1419 5189 1521 5241 est,
1546 5193 1703 5247 quam
1728 5179 1795 5230 ob
1825 5192 2040 5231 causam
2070 5193 2157 5231 sa-

581 5275 773 5329 cerdos
811 5270 1026 5337 quidem
1076 5268 1231 5336 jubet
1261 5282 1422 5320 orare
1474 5281 1570 5335 pro
1605 5264 1789 5319 multis
1817 5273 1871 5319 et
1902 5266 2152 5321 diversis.

578 5366 999 5417 circumstantes
1054 5368 1235 5411 autem
1295 5357 1477 5412 tideles
1512 5363 1700 5424 rogant
1741 5354 1913 5409 solum
1948 5358 2157 5411 miseri-

582 5456 822 5510 cordiam
862 5490 877 5517 ,
918 5458 971 5502 et
1025 5463 1140 5501 eam
1207 5446 1376 5501 solam
1424 5446 1643 5499 omnino
1675 5460 1855 5499 vocent
1880 5448 1945 5501 ad
1988 5446 2154 5501 Deum

574 5544 855 5598 emittunt.
909 5536 1153 5590 Primum
1216 5538 1436 5605 quidem
1499 5550 1599 5588 vox
1647 5535 1952 5602 ejusmodi,
1987 5549 2041 5590 ιιι
2076 5538 2157 5590 di-

572 5646 728 5691 ctum
755 5643 858 5695 est,
898 5629 1188 5698 gratiarum
1222 5628 1382 5680 aetim
1409 5642 1491 5678 em
1517 5637 1570 5678 et
1602 5629 2001 5683 confessionem
2024 5645 2154 5682 cutt-

570 5723 738 5775 ttinet.
760 5721 964 5775 Deinde
1028 5731 1055 5768 a
1096 5713 1203 5768 Deo
1242 5725 1421 5784 petere
1458 5717 2009 5785 miscricordiam,esi
2036 5722 2152 5792 ejus

2253 4540 2392 4610 μεθα
2445 4541 2555 4605 τῶν
2599 4543 2937 4610 ἀναγκαίων,
2986 4545 3285 4612 εὐκρασίας
3323 4547 3522 4617 ἀέριον,
3558 4552 3827 4620 εὐφορίας

2248 4631 2358 4684 τῶν
2406 4632 2640 4701 καρπῶν
2696 4633 2797 4703 τῆς
2845 4633 2971 4702 γῆς·
3028 4635 3095 4689 ἵν’
3125 4637 3356 4707 εἰδῶμεν
3395 4640 3613 4693 πάντων
3644 4643 3826 4697 αἴτιον

2250 4721 2379 4773 ὄντα
2408 4725 2504 4775 καὶ
2542 4724 2777 4795 χορηγὸν
2808 4725 2898 4777 τὸν
2929 4724 3083 4790 Θεὸν,
3126 4729 3219 4780 καὶ
3242 4729 3377 4798 πρδς
3416 4732 3622 4784 ἐκεῖνον
3654 4735 3830 4802 μόνον

2251 4808 2490 4880 ὁρῶμεν·
2529 4810 2649 4863 ἐπεὶ
2676 4811 2772 4864 καὶ
2800 4812 2966 4882 ἄρτον
2999 4814 3268 4870 αἰτεῖσθαι
3295 4818 3424 4886 παρ’
3443 4819 3607 4872 αὐτοῦ
3648 4822 3833 4893 καθη-

2257 4901 2644 4971 μερινὸν’μετά
2669 4903 2778 4956 τῶν
2810 4904 2985 4957 ἄλλων
3013 4905 3177 4969 αὐτὸς
3207 4908 3488 4963 ἐκέλευσεν
3512 4914 3538 4965 ὁ
3562 4912 3829 4982 Χριστός.

2817 4993 3065 5048 ΚΕΦᾹΛ.
3111 4994 3210 5050 ll".

2332 5084 2392 5136 Τί
2417 5083 2713 5149 ,βούλεται
2739 5086 2777 5152 ἠ
2814 5084 3058 5152 αἴτησις
3084 5087 3192 5141 τοῦ
3216 5088 3393 5144 ἐλέου
3410 5095 3754 5161 πανταχοῦ.

2318 5173 2598 5248 ,Ζητητέον
2636 5175 2692 5228 δὲ
2723 5175 2969 5240 κάκεῖνο,
3022 5177 3164 5242 τίνος
3217 5179 3377 5250 χάριν
3439 5183 3467 5234 ό
3497 5181 3597 5250 μὲν
3637 5184 3831 5256 ἱερεὺς

2257 5263 2387 5334 περί
2411 5264 2620 5318 πολλῶν
2649 5264 2904 5334 εὔχεσθαι
2925 5266 3134 5320 κελεύει
3159 5269 3431 5340 διαφόρων
3452 5288 3467 5301 ’
3523 5273 3573 5326 οἱ
3625 5272 3689 5327 δὲ
3733 5293 3836 5329 πε·

2262 5351 2552 5418 ριεστῶτες
2585 5354 2765 5408 πιστοί
2819 5354 3106 5426 ἐλεηθῆναι
3176 5359 3336 5427 μόνον
3387 5360 3659 5430 εὔχονται,
3734 5369 3837 5419 καὶ

2257 5444 2461 5514 ταύτην
2489 5446 2659 5514 μόνην
2683 5447 2774 5498 ἐπὶ
2827 5448 2982 5512 πᾶσι,
3039 5448 3130 5501 καὶ
3182 5449 3316 5518 μίαν
3349 5451 3485 5522 πρὸς
3540 5454 3628 5507 τὸν
3692 5455 3837 5511 Θεὸν

2228 5616 2231 5619 Α
2260 5535 2457 5601 ἀφιᾶσι
2485 5537 2689 5605 φωνήν.
2737 5530 2957 5608 Πρῶτον
2993 5538 3093 5607 μὲν
3126 5541 3208 5593 ὅτι
3238 5543 3463 5613 τοιαύτη
3513 5545 3672 5616 φωνὴ
3727 5566 3838 5602 κα-

2258 5627 2435 5692 θάπερ
2472 5629 2687 5698 εἴρηται
2728 5631 3080 5701 εὐχαριστίαν
3100 5634 3195 5686 καὶ
3228 5632 3617 5707 ἐξομολόγησιν
3667 5656 3839 5710 πείκ-

2259 5720 2391 5789 έχει.
2432 5721 2662 5773 Ἔπειτα
2696 5720 2753 5773 τὸ
2801 5722 2947 5784 ἕλεος
2976 5724 3124 5793 παρά
3152 5724 3248 5777 τοῦ
3305 5725 3441 5778 Θεοῦ
3476 5729 3670 5796 αἰτεῖν,
3728 5740 3839 5804 τήν
