  <div class='ocr_page' id='page_1' title='image "/cluster/home/n/w/nwhite01/storage/ocr_20150623/150/mdp.39015078384743/206.png"; bbox 0 0 4132 6308; ppageno 0'>
   <div class='ocr_carea' id='block_1_1' title="bbox 303 265 415 328">
    <p class='ocr_par' dir='ltr' id='par_1_1' title="bbox 303 265 415 328">
     <span class='ocr_line' id='line_1_1' title="bbox 303 265 415 328; baseline 0 -1"><span class='ocrx_word' id='word_1_1' title='bbox 303 265 415 328; x_wconf 66' lang='lat'><strong>3‘37</strong></span> 
     </span>
    </p>
   </div>
   <div class='ocr_carea' id='block_1_2' title="bbox 1489 263 2370 324">
    <p class='ocr_par' dir='ltr' id='par_1_2' title="bbox 1489 263 2370 324">
     <span class='ocr_line' id='line_1_2' title="bbox 1489 263 2370 324; baseline 0.002 -3"><span class='ocrx_word' id='word_1_2' title='bbox 1489 263 1892 324; x_wconf 62' lang='lat' dir='ltr'><strong>LITURGIJE.</strong></span> <span class='ocrx_word' id='word_1_3' title='bbox 1930 263 2370 324; x_wconf 81' lang='lat' dir='ltr'><strong>EXPOSITIO.</strong></span> 
     </span>
    </p>
   </div>
   <div class='ocr_carea' id='block_1_3' title="bbox 3445 269 3548 326">
    <p class='ocr_par' dir='ltr' id='par_1_3' title="bbox 3445 269 3548 326">
     <span class='ocr_line' id='line_1_3' title="bbox 3445 269 3548 326; baseline 0 0"><span class='ocrx_word' id='word_1_4' title='bbox 3445 269 3548 326; x_wconf 64' lang='lat' dir='ltr'><strong>39H</strong></span> 
     </span>
    </p>
   </div>
   <div class='ocr_carea' id='block_1_4' title="bbox 312 367 1880 442">
    <p class='ocr_par' dir='ltr' id='par_1_4' title="bbox 312 367 1880 442">
     <span class='ocr_line' id='line_1_4' title="bbox 312 367 1880 442; baseline -0.006 -15"><span class='ocrx_word' id='word_1_5' title='bbox 312 376 486 428; x_wconf 68' lang='grc' dir='ltr'>αὑτοῦ</span> <span class='ocrx_word' id='word_1_6' title='bbox 527 369 804 442; x_wconf 76' lang='grc' dir='ltr'>βασιλείαν</span> <span class='ocrx_word' id='word_1_7' title='bbox 838 370 983 424; x_wconf 66' lang='grc' dir='ltr'>ἐστὶν</span> <span class='ocrx_word' id='word_1_8' title='bbox 1014 368 1209 432; x_wconf 79' lang='grc' dir='ltr'>αἰτεῖν,</span> <span class='ocrx_word' id='word_1_9' title='bbox 1269 367 1335 438; x_wconf 83' lang='grc' dir='ltr'>ἢν</span> <span class='ocrx_word' id='word_1_10' title='bbox 1391 369 1500 430; x_wconf 75' lang='grc' dir='ltr'>τοῖς</span> <span class='ocrx_word' id='word_1_11' title='bbox 1543 368 1880 436; x_wconf 76' lang='grc' dir='ltr'><strong>αἰτουμένοις</strong></span> 
     </span>
    </p>
   </div>
   <div class='ocr_carea' id='block_1_5' title="bbox 1984 367 3550 442">
    <p class='ocr_par' dir='ltr' id='par_1_5' title="bbox 1989 369 3550 439">
     <span class='ocr_line' id='line_1_5' title="bbox 1989 369 3550 439; baseline 0.006 -17"><span class='ocrx_word' id='word_1_12' title='bbox 1989 384 2206 438; x_wconf 63' lang='lat' dir='ltr'><strong>regnum</strong></span> <span class='ocrx_word' id='word_1_13' title='bbox 2253 377 2436 439; x_wconf 84' lang='lat' dir='ltr'><strong>petere</strong></span> <span class='ocrx_word' id='word_1_14' title='bbox 2463 409 2482 434; x_wconf 89' lang='lat'><strong>,</strong></span> <span class='ocrx_word' id='word_1_15' title='bbox 2509 369 2648 438; x_wconf 92' lang='lat' dir='ltr'><strong>quod</strong></span> <span class='ocrx_word' id='word_1_16' title='bbox 2689 384 2747 424; x_wconf 88' lang='lat' dir='ltr'><strong>se</strong></span> <span class='ocrx_word' id='word_1_17' title='bbox 2774 370 3090 438; x_wconf 83' lang='lat' dir='ltr'><strong>petentibus</strong></span> <span class='ocrx_word' id='word_1_18' title='bbox 3115 371 3366 427; x_wconf 89' lang='lat' dir='ltr'><strong>daturum</strong></span> <span class='ocrx_word' id='word_1_19' title='bbox 3395 375 3550 431; x_wconf 50' lang='lat' dir='ltr'><strong>Chri.</strong></span> 
     </span>
    </p>
   </div>
   <div class='ocr_carea' id='block_1_6' title="bbox 300 459 1877 536">
    <p class='ocr_par' dir='ltr' id='par_1_6' title="bbox 300 459 1877 536">
     <span class='ocr_line' id='line_1_6' title="bbox 300 459 1877 536; baseline -0.002 -20"><span class='ocrx_word' id='word_1_20' title='bbox 300 471 339 520; x_wconf 64' lang='grc' dir='ltr'>τ)</span> <span class='ocrx_word' id='word_1_21' title='bbox 373 465 617 536; x_wconf 75' lang='grc' dir='ltr'>Χριστὸς</span> <span class='ocrx_word' id='word_1_22' title='bbox 649 465 815 530; x_wconf 68' lang='grc' dir='ltr'>αὐτὴν</span> <span class='ocrx_word' id='word_1_23' title='bbox 863 480 918 516; x_wconf 86' lang='grc' dir='ltr'><strong>τε</strong></span> <span class='ocrx_word' id='word_1_24' title='bbox 973 461 1341 530; x_wconf 74' lang='grc' dir='ltr'>ἐπηγγεῖλατο</span> <span class='ocrx_word' id='word_1_25' title='bbox 1395 459 1612 525; x_wconf 83' lang='grc' dir='ltr'>δώσειν,</span> <span class='ocrx_word' id='word_1_26' title='bbox 1681 460 1773 513; x_wconf 69' lang='grc' dir='ltr'><strong>καὶ</strong></span> <span class='ocrx_word' id='word_1_27' title='bbox 1810 460 1877 513; x_wconf 79' lang='grc' dir='ltr'><strong>τά</strong></span> 
     </span>
    </p>
   </div>
   <div class='ocr_carea' id='block_1_7' title="bbox 313 549 1879 625">
    <p class='ocr_par' dir='ltr' id='par_1_7' title="bbox 313 549 1879 625">
     <span class='ocr_line' id='line_1_7' title="bbox 313 549 1879 625; baseline -0.004 -16"><span class='ocrx_word' id='word_1_28' title='bbox 313 556 455 609; x_wconf 80' lang='grc' dir='ltr'>ἄλλα</span> <span class='ocrx_word' id='word_1_29' title='bbox 483 549 558 608; x_wconf 81' lang='grc' dir='ltr'>ὧν</span> <span class='ocrx_word' id='word_1_30' title='bbox 592 555 774 625; x_wconf 78' lang='grc' dir='ltr'><strong>χρείαν</strong></span> <span class='ocrx_word' id='word_1_31' title='bbox 821 553 1017 623; x_wconf 82' lang='grc' dir='ltr'>ἔχομεν</span> <span class='ocrx_word' id='word_1_32' title='bbox 1049 554 1240 616; x_wconf 85' lang='grc' dir='ltr'>πάντα,</span> <span class='ocrx_word' id='word_1_33' title='bbox 1272 551 1620 622; x_wconf 73' lang='grc' dir='ltr'>προσθήσειν,</span> <span class='ocrx_word' id='word_1_34' title='bbox 1653 549 1749 603; x_wconf 77' lang='grc' dir='ltr'><strong>καὶ</strong></span> <span class='ocrx_word' id='word_1_35' title='bbox 1791 549 1879 602; x_wconf 74' lang='grc' dir='ltr'>διὰ</span> 
     </span>
    </p>
   </div>
   <div class='ocr_carea' id='block_1_8' title="bbox 312 640 1877 714">
    <p class='ocr_par' dir='ltr' id='par_1_8' title="bbox 312 640 1877 714">
     <span class='ocr_line' id='line_1_8' title="bbox 312 640 1877 714; baseline -0.003 -17"><span class='ocrx_word' id='word_1_36' title='bbox 312 645 480 697; x_wconf 79' lang='grc' dir='ltr'>τοῦτο</span> <span class='ocrx_word' id='word_1_37' title='bbox 502 645 667 714; x_wconf 83' lang='grc' dir='ltr'>ταύτῃ</span> <span class='ocrx_word' id='word_1_38' title='bbox 701 643 994 713; x_wconf 72' lang='grc' dir='ltr'><strong>ἀρκοῦνται</strong></span> <span class='ocrx_word' id='word_1_39' title='bbox 1039 645 1103 712; x_wconf 81' lang='grc' dir='ltr'>τῇ</span> <span class='ocrx_word' id='word_1_40' title='bbox 1139 642 1345 711; x_wconf 78' lang='grc' dir='ltr'><strong>δεήσει,</strong></span> <span class='ocrx_word' id='word_1_41' title='bbox 1397 641 1471 700; x_wconf 85' lang='grc' dir='ltr'>ὡς</span> <span class='ocrx_word' id='word_1_42' title='bbox 1529 642 1708 694; x_wconf 85' lang='grc' dir='ltr'>πάντα</span> <span class='ocrx_word' id='word_1_43' title='bbox 1743 640 1877 709; x_wconf 81' lang='grc' dir='ltr'>ὁμοῦ</span> 
     </span>
    </p>
   </div>
   <div class='ocr_carea' id='block_1_9' title="bbox 322 732 1880 808">
    <p class='ocr_par' dir='ltr' id='par_1_9' title="bbox 322 732 1880 808">
     <span class='ocr_line' id='line_1_9' title="bbox 322 732 1880 808; baseline -0.004 -18"><span class='ocrx_word' id='word_1_44' title='bbox 322 737 618 808; x_wconf 78' lang='grc' dir='ltr'><strong>δυναμένῃ.</strong></span> <span class='ocrx_word' id='word_1_45' title='bbox 657 735 761 787; x_wconf 73' lang='grc' dir='ltr'><strong>Καὶ</strong></span> <span class='ocrx_word' id='word_1_46' title='bbox 787 734 950 786; x_wconf 85' lang='grc' dir='ltr'>πόθεν</span> <span class='ocrx_word' id='word_1_47' title='bbox 980 734 1096 785; x_wconf 69' lang='grc' dir='ltr'>ἔστι</span> <span class='ocrx_word' id='word_1_48' title='bbox 1122 732 1282 784; x_wconf 80' lang='grc' dir='ltr'>τοῦτο</span> <span class='ocrx_word' id='word_1_49' title='bbox 1321 732 1510 801; x_wconf 79' lang='grc' dir='ltr'>μαθεῖν</span> <span class='ocrx_word' id='word_1_50' title='bbox 1542 772 1556 796; x_wconf 91' lang='grc'><strong>,</strong></span> <span class='ocrx_word' id='word_1_51' title='bbox 1590 733 1774 802; x_wconf 74' lang='grc' dir='ltr'>φησὶν,</span> <span class='ocrx_word' id='word_1_52' title='bbox 1800 732 1880 796; x_wconf 85' lang='grc' dir='ltr'>ὡς</span> 
     </span>
    </p>
   </div>
   <div class='ocr_carea' id='block_1_10' title="bbox 323 823 1876 894">
    <p class='ocr_par' dir='ltr' id='par_1_10' title="bbox 323 823 1876 894">
     <span class='ocr_line' id='line_1_10' title="bbox 323 823 1876 894; baseline -0.004 -12"><span class='ocrx_word' id='word_1_53' title='bbox 323 830 514 890; x_wconf 66' lang='grc' dir='ltr'>δελεος</span> <span class='ocrx_word' id='word_1_54' title='bbox 538 828 630 880; x_wconf 78' lang='grc' dir='ltr'>τοῦ</span> <span class='ocrx_word' id='word_1_55' title='bbox 686 826 824 880; x_wconf 80' lang='grc' dir='ltr'>Θεοῦ</span> <span class='ocrx_word' id='word_1_56' title='bbox 892 826 992 893; x_wconf 81' lang='grc' dir='ltr'>τὴν</span> <span class='ocrx_word' id='word_1_57' title='bbox 1040 823 1205 876; x_wconf 76' lang='grc' dir='ltr'>αὑτοῦ</span> <span class='ocrx_word' id='word_1_58' title='bbox 1260 823 1540 893; x_wconf 80' lang='grc' dir='ltr'>βασιλείαν</span> <span class='ocrx_word' id='word_1_59' title='bbox 1589 825 1876 894; x_wconf 87' lang='grc' dir='ltr'>σημαίνει;</span> 
     </span>
    </p>
   </div>
   <div class='ocr_carea' id='block_1_11' title="bbox 323 912 1880 988">
    <p class='ocr_par' dir='ltr' id='par_1_11' title="bbox 323 912 1880 988">
     <span class='ocr_line' id='line_1_11' title="bbox 323 912 1880 988; baseline -0.003 -15"><span class='ocrx_word' id='word_1_60' title='bbox 323 920 410 984; x_wconf 80' lang='grc' dir='ltr'><strong>Ἐξ</strong></span> <span class='ocrx_word' id='word_1_61' title='bbox 441 915 512 973; x_wconf 82' lang='grc' dir='ltr'>ὧν</span> <span class='ocrx_word' id='word_1_62' title='bbox 545 922 572 970; x_wconf 80' lang='grc' dir='ltr'><strong><em>ὁ</em></strong></span> <span class='ocrx_word' id='word_1_63' title='bbox 606 918 840 988; x_wconf 72' lang='grc' dir='ltr'>Χριστὶς</span> <span class='ocrx_word' id='word_1_64' title='bbox 867 917 926 969; x_wconf 84' lang='grc' dir='ltr'><strong>τὸ</strong></span> <span class='ocrx_word' id='word_1_65' title='bbox 969 912 1130 969; x_wconf 84' lang='grc' dir='ltr'>ἆθλον</span> <span class='ocrx_word' id='word_1_66' title='bbox 1159 916 1267 968; x_wconf 84' lang='grc' dir='ltr'>τῶν</span> <span class='ocrx_word' id='word_1_67' title='bbox 1317 915 1626 985; x_wconf 71' lang='grc' dir='ltr'>ἔλεημόνων</span> <span class='ocrx_word' id='word_1_68' title='bbox 1664 916 1880 986; x_wconf 78' lang='grc' dir='ltr'>διηγού-</span> 
     </span>
    </p>
   </div>
   <div class='ocr_carea' id='block_1_12' title="bbox 1979 447 3603 530">
    <p class='ocr_par' dir='ltr' id='par_1_12' title="bbox 1979 447 3603 530">
     <span class='ocr_line' id='line_1_12' title="bbox 1979 447 3603 530; baseline 0.004 -17"><span class='ocrx_word' id='word_1_69' title='bbox 1979 468 2094 513; x_wconf 88' lang='lat' dir='ltr'><strong>stus</strong></span> <span class='ocrx_word' id='word_1_70' title='bbox 2139 467 2223 513; x_wconf 85' lang='lat' dir='ltr'><strong>est</strong></span> <span class='ocrx_word' id='word_1_71' title='bbox 2279 457 2568 527; x_wconf 78' lang='lat' dir='ltr'><strong>pollicitus,</strong></span> <span class='ocrx_word' id='word_1_72' title='bbox 2598 468 2650 512; x_wconf 91' lang='lat' dir='ltr'><strong>et</strong></span> <span class='ocrx_word' id='word_1_73' title='bbox 2676 458 2776 511; x_wconf 86' lang='lat' dir='ltr'><strong>alia</strong></span> <span class='ocrx_word' id='word_1_74' title='bbox 2805 459 3190 530; x_wconf 25' lang='lat' dir='ltr'><strong>etiam‘quibus</strong></span> <span class='ocrx_word' id='word_1_75' title='bbox 3225 477 3358 529; x_wconf 91' lang='lat' dir='ltr'><strong>opus</strong></span> <span class='ocrx_word' id='word_1_76' title='bbox 3381 464 3549 518; x_wconf 85' lang='lat' dir='ltr'><strong>habe-</strong></span> <span class='ocrx_word' id='word_1_77' title='bbox 3591 447 3603 460; x_wconf 53' lang='grc'><strong><em>⁸</em></strong></span> 
     </span>
    </p>
   </div>
   <div class='ocr_carea' id='block_1_13' title="bbox 1979 548 3551 616">
    <p class='ocr_par' dir='ltr' id='par_1_13' title="bbox 1979 548 3551 616">
     <span class='ocr_line' id='line_1_13' title="bbox 1979 548 3551 616; baseline 0.003 -14"><span class='ocrx_word' id='word_1_78' title='bbox 1979 563 2101 602; x_wconf 90' lang='lat' dir='ltr'><strong>mus</strong></span> <span class='ocrx_word' id='word_1_79' title='bbox 2124 563 2182 601; x_wconf 88' lang='lat' dir='ltr'><strong>se</strong></span> <span class='ocrx_word' id='word_1_80' title='bbox 2226 548 2582 616; x_wconf 79' lang='lat' dir='ltr'><strong>adjecturum:</strong></span> <span class='ocrx_word' id='word_1_81' title='bbox 2636 558 2687 601; x_wconf 90' lang='lat' dir='ltr'><strong>et</strong></span> <span class='ocrx_word' id='word_1_82' title='bbox 2735 560 3016 616; x_wconf 84' lang='lat' dir='ltr'><strong>pmptcrca</strong></span> <span class='ocrx_word' id='word_1_83' title='bbox 3072 550 3152 604; x_wconf 89' lang='lat' dir='ltr'><strong>eis</strong></span> <span class='ocrx_word' id='word_1_84' title='bbox 3194 552 3306 606; x_wconf 71' lang='lat' dir='ltr'><strong>hmc</strong></span> <span class='ocrx_word' id='word_1_85' title='bbox 3355 552 3551 608; x_wconf 71' lang='lat' dir='ltr'><strong>sumet</strong></span> 
     </span>
    </p>
   </div>
   <div class='ocr_carea' id='block_1_14' title="bbox 1980 638 3551 709">
    <p class='ocr_par' dir='ltr' id='par_1_14' title="bbox 1980 638 3551 709">
     <span class='ocr_line' id='line_1_14' title="bbox 1980 638 3551 709; baseline 0.003 -17"><span class='ocrx_word' id='word_1_86' title='bbox 1980 638 2219 708; x_wconf 73' lang='lat' dir='ltr'><strong>precatio</strong></span> <span class='ocrx_word' id='word_1_87' title='bbox 2251 677 2265 702; x_wconf 91' lang='lat'><strong>,</strong></span> <span class='ocrx_word' id='word_1_88' title='bbox 2292 647 2478 704; x_wconf 85' lang='lat' dir='ltr'><strong>utpote</strong></span> <span class='ocrx_word' id='word_1_89' title='bbox 2513 652 2630 706; x_wconf 67' lang='lat' dir='ltr'><strong>qua:</strong></span> <span class='ocrx_word' id='word_1_90' title='bbox 2662 640 2840 692; x_wconf 89' lang='lat' dir='ltr'><strong>omnia</strong></span> <span class='ocrx_word' id='word_1_91' title='bbox 2871 639 3030 693; x_wconf 86' lang='lat' dir='ltr'><strong>simul</strong></span> <span class='ocrx_word' id='word_1_92' title='bbox 3055 641 3248 709; x_wconf 85' lang='lat' dir='ltr'><strong>possit.</strong></span> <span class='ocrx_word' id='word_1_93' title='bbox 3281 641 3346 695; x_wconf 83' lang='lat' dir='ltr'><strong>Et</strong></span> <span class='ocrx_word' id='word_1_94' title='bbox 3381 648 3551 696; x_wconf 76' lang='lat' dir='ltr'><strong>unde-</strong></span> 
     </span>
    </p>
   </div>
   <div class='ocr_carea' id='block_1_15' title="bbox 1980 730 3550 800">
    <p class='ocr_par' dir='ltr' id='par_1_15' title="bbox 1980 730 3550 800">
     <span class='ocr_line' id='line_1_15' title="bbox 1980 730 3550 800; baseline 0.001 -16"><span class='ocrx_word' id='word_1_95' title='bbox 1980 746 2101 784; x_wconf 87' lang='lat' dir='ltr'><strong>nam</strong></span> <span class='ocrx_word' id='word_1_96' title='bbox 2131 731 2254 785; x_wconf 87' lang='lat' dir='ltr'><strong>sciri</strong></span> <span class='ocrx_word' id='word_1_97' title='bbox 2307 739 2506 800; x_wconf 83' lang='lat' dir='ltr'><strong>potest,</strong></span> <span class='ocrx_word' id='word_1_98' title='bbox 2557 730 2697 798; x_wconf 85' lang='lat' dir='ltr'><strong>quod</strong></span> <span class='ocrx_word' id='word_1_99' title='bbox 2765 731 3131 784; x_wconf 77' lang='lat' dir='ltr'><strong>miScricordia</strong></span> <span class='ocrx_word' id='word_1_100' title='bbox 3185 731 3275 786; x_wconf 90' lang='lat' dir='ltr'><strong>Dei</strong></span> <span class='ocrx_word' id='word_1_101' title='bbox 3301 735 3418 800; x_wconf 85' lang='lat' dir='ltr'><strong>ejus</strong></span> <span class='ocrx_word' id='word_1_102' title='bbox 3466 749 3550 787; x_wconf 83' lang='lat' dir='ltr'><strong>rc-</strong></span> 
     </span>
    </p>
   </div>
   <div class='ocr_carea' id='block_1_16' title="bbox 1979 813 3550 892">
    <p class='ocr_par' dir='ltr' id='par_1_16' title="bbox 1979 813 3550 892">
     <span class='ocr_line' id='line_1_16' title="bbox 1979 813 3550 892; baseline 0.002 -18"><span class='ocrx_word' id='word_1_103' title='bbox 1979 836 2143 892; x_wconf 80' lang='lat' dir='ltr'><strong>gnqu</strong></span> <span class='ocrx_word' id='word_1_104' title='bbox 2169 813 2462 889; x_wconf 81' lang='lat' dir='ltr'><strong>signiﬁcat?</strong></span> <span class='ocrx_word' id='word_1_105' title='bbox 2485 819 2562 874; x_wconf 77' lang='lat' dir='ltr'><strong>Ex</strong></span> <span class='ocrx_word' id='word_1_106' title='bbox 2602 834 2668 873; x_wconf 80' lang='lat' dir='ltr'><strong>eo</strong></span> <span class='ocrx_word' id='word_1_107' title='bbox 2691 820 2831 888; x_wconf 89' lang='lat' dir='ltr'><strong>quod</strong></span> <span class='ocrx_word' id='word_1_108' title='bbox 2855 819 3110 875; x_wconf 82' lang='lat' dir='ltr'><strong>Christus</strong></span> <span class='ocrx_word' id='word_1_109' title='bbox 3137 824 3416 891; x_wconf 66' lang='lat' dir='ltr'><strong>praemium</strong></span> <span class='ocrx_word' id='word_1_110' title='bbox 3449 827 3550 877; x_wconf 79' lang='lat' dir='ltr'><strong>nti-</strong></span> 
     </span>
    </p>
   </div>
   <div class='ocr_carea' id='block_1_17' title="bbox 1980 913 3530 982">
    <p class='ocr_par' dir='ltr' id='par_1_17' title="bbox 1980 913 3530 982">
     <span class='ocr_line' id='line_1_17' title="bbox 1980 913 3530 982; baseline -0.001 -15"><span class='ocrx_word' id='word_1_111' title='bbox 1980 914 2334 968; x_wconf 85' lang='lat' dir='ltr'><strong>sericordium</strong></span> <span class='ocrx_word' id='word_1_112' title='bbox 2368 927 2596 966; x_wconf 88' lang='lat' dir='ltr'><strong>narrans</strong></span> <span class='ocrx_word' id='word_1_113' title='bbox 2619 950 2633 975; x_wconf 94' lang='lat'><strong>,</strong></span> <span class='ocrx_word' id='word_1_114' title='bbox 2658 921 2710 965; x_wconf 90' lang='lat' dir='ltr'><strong>ct</strong></span> <span class='ocrx_word' id='word_1_115' title='bbox 2732 925 2891 979; x_wconf 88' lang='lat' dir='ltr'><strong>quam</strong></span> <span class='ocrx_word' id='word_1_116' title='bbox 2919 913 2985 964; x_wconf 90' lang='lat' dir='ltr'><strong>ab</strong></span> <span class='ocrx_word' id='word_1_117' title='bbox 3010 927 3073 967; x_wconf 82' lang='lat' dir='ltr'><strong>eo</strong></span> <span class='ocrx_word' id='word_1_118' title='bbox 3093 916 3366 982; x_wconf 77' lang='lat' dir='ltr'><strong>accipient</strong></span> <span class='ocrx_word' id='word_1_119' title='bbox 3399 915 3530 969; x_wconf 87' lang='lat' dir='ltr'><strong>beni-</strong></span> 
     </span>
    </p>
   </div>
   <div class='ocr_carea' id='block_1_18' title="bbox 322 1001 1880 1080">
    <p class='ocr_par' dir='ltr' id='par_1_18' title="bbox 322 1005 1878 1080">
     <span class='ocr_line' id='line_1_18' title="bbox 322 1005 1878 1080; baseline -0.002 -19"><span class='ocrx_word' id='word_1_120' title='bbox 322 1028 500 1080; x_wconf 86' lang='grc' dir='ltr'>μενος,</span> <span class='ocrx_word' id='word_1_121' title='bbox 525 1011 619 1062; x_wconf 72' lang='grc' dir='ltr'>καὶ</span> <span class='ocrx_word' id='word_1_122' title='bbox 651 1012 716 1078; x_wconf 75' lang='grc' dir='ltr'><strong>ἢν</strong></span> <span class='ocrx_word' id='word_1_123' title='bbox 741 1008 1010 1077; x_wconf 71' lang='grc' dir='ltr'>λήψονται</span> <span class='ocrx_word' id='word_1_124' title='bbox 1043 1005 1172 1075; x_wconf 84' lang='grc' dir='ltr'>παρ’</span> <span class='ocrx_word' id='word_1_125' title='bbox 1202 1005 1364 1058; x_wconf 73' lang='grc' dir='ltr'>αὑτοῦ</span> <span class='ocrx_word' id='word_1_126' title='bbox 1389 1006 1486 1075; x_wconf 79' lang='grc' dir='ltr'><strong>τῆς</strong></span> <span class='ocrx_word' id='word_1_127' title='bbox 1513 1009 1878 1077; x_wconf 73' lang='grc' dir='ltr'><strong>χρηστότητος</strong></span> 
     </span>
    </p>
   </div>
   <div class='ocr_carea' id='block_1_19' title="bbox 1984 1001 3544 1080">
    <p class='ocr_par' dir='ltr' id='par_1_19' title="bbox 1984 1001 3544 1070">
     <span class='ocr_line' id='line_1_19' title="bbox 1984 1001 3544 1070; baseline 0.003 -16"><span class='ocrx_word' id='word_1_128' title='bbox 1984 1001 2202 1070; x_wconf 80' lang='lat' dir='ltr'><strong>gnitatis</strong></span> <span class='ocrx_word' id='word_1_129' title='bbox 2255 1001 2748 1055; x_wconf 81' lang='lat' dir='ltr'><strong>remunerationem</strong></span> <span class='ocrx_word' id='word_1_130' title='bbox 2775 1039 2790 1060; x_wconf 94' lang='lat'><strong>,</strong></span> <span class='ocrx_word' id='word_1_131' title='bbox 2823 1015 2963 1054; x_wconf 86' lang='lat' dir='ltr'><strong>nunc</strong></span> <span class='ocrx_word' id='word_1_132' title='bbox 2996 1002 3214 1070; x_wconf 78' lang='lat' dir='ltr'><strong>quidem</strong></span> <span class='ocrx_word' id='word_1_133' title='bbox 3242 1004 3361 1058; x_wconf 87' lang='lat' dir='ltr'><strong>illos</strong></span> <span class='ocrx_word' id='word_1_134' title='bbox 3393 1005 3544 1059; x_wconf 85' lang='lat' dir='ltr'><strong>mise-</strong></span> 
     </span>
    </p>
   </div>
   <div class='ocr_carea' id='block_1_20' title="bbox 317 1098 1879 1172">
    <p class='ocr_par' dir='ltr' id='par_1_20' title="bbox 317 1098 1879 1172">
     <span class='ocr_line' id='line_1_20' title="bbox 317 1098 1879 1172; baseline -0.004 -15"><span class='ocrx_word' id='word_1_135' title='bbox 317 1104 573 1172; x_wconf 73' lang='grc' dir='ltr'>ἀμοιϐὴν,</span> <span class='ocrx_word' id='word_1_136' title='bbox 602 1103 699 1155; x_wconf 78' lang='grc' dir='ltr'>νῦν</span> <span class='ocrx_word' id='word_1_137' title='bbox 734 1103 832 1171; x_wconf 81' lang='grc' dir='ltr'><strong>μὲν</strong></span> <span class='ocrx_word' id='word_1_138' title='bbox 879 1099 1273 1170; x_wconf 78' lang='grc' dir='ltr'>ὲλεηθήσεσθαι</span> <span class='ocrx_word' id='word_1_139' title='bbox 1310 1098 1506 1161; x_wconf 77' lang='grc' dir='ltr'>αὐτοὺς</span> <span class='ocrx_word' id='word_1_140' title='bbox 1549 1099 1718 1166; x_wconf 80' lang='grc' dir='ltr'><strong>λέγει,</strong></span> <span class='ocrx_word' id='word_1_141' title='bbox 1784 1099 1879 1152; x_wconf 78' lang='grc' dir='ltr'>νῦν</span> 
     </span>
    </p>
   </div>
   <div class='ocr_carea' id='block_1_21' title="bbox 309 1190 1878 1265">
    <p class='ocr_par' dir='ltr' id='par_1_21' title="bbox 309 1190 1878 1265">
     <span class='ocr_line' id='line_1_21' title="bbox 309 1190 1878 1265; baseline -0.003 -17"><span class='ocrx_word' id='word_1_142' title='bbox 309 1198 367 1248; x_wconf 84' lang='grc' dir='ltr'>δὲ</span> <span class='ocrx_word' id='word_1_143' title='bbox 399 1196 685 1265; x_wconf 75' lang='grc' dir='ltr'>βασιλείας</span> <span class='ocrx_word' id='word_1_144' title='bbox 738 1193 1056 1254; x_wconf 81' lang='grc' dir='ltr'>τεύξεσθαι⁶</span> <span class='ocrx_word' id='word_1_145' title='bbox 1084 1192 1155 1253; x_wconf 83' lang='grc' dir='ltr'>ὡς</span> <span class='ocrx_word' id='word_1_146' title='bbox 1191 1191 1388 1244; x_wconf 81' lang='grc' dir='ltr'>ταυτὸν</span> <span class='ocrx_word' id='word_1_147' title='bbox 1409 1190 1498 1256; x_wconf 68' lang='grc' dir='ltr'><strong>δν,</strong></span> <span class='ocrx_word' id='word_1_148' title='bbox 1543 1193 1604 1243; x_wconf 82' lang='grc' dir='ltr'>τό</span> <span class='ocrx_word' id='word_1_149' title='bbox 1662 1209 1720 1243; x_wconf 85' lang='grc' dir='ltr'><strong>τε</strong></span> <span class='ocrx_word' id='word_1_150' title='bbox 1782 1191 1878 1244; x_wconf 82' lang='grc' dir='ltr'>τοῦ</span> 
     </span>
    </p>
   </div>
   <div class='ocr_carea' id='block_1_22' title="bbox 313 1283 1877 1357">
    <p class='ocr_par' dir='ltr' id='par_1_22' title="bbox 313 1283 1877 1357">
     <span class='ocr_line' id='line_1_22' title="bbox 313 1283 1877 1357; baseline -0.002 -18"><span class='ocrx_word' id='word_1_151' title='bbox 313 1287 446 1357; x_wconf 80' lang='grc' dir='ltr'>παρ’</span> <span class='ocrx_word' id='word_1_152' title='bbox 486 1287 654 1339; x_wconf 65' lang='grc' dir='ltr'>αὐτοῦ</span> <span class='ocrx_word' id='word_1_153' title='bbox 687 1285 840 1337; x_wconf 78' lang='grc' dir='ltr'>ἐλέου</span> <span class='ocrx_word' id='word_1_154' title='bbox 874 1286 1076 1353; x_wconf 83' lang='grc' dir='ltr'>τυχεῖν.</span> <span class='ocrx_word' id='word_1_155' title='bbox 1127 1283 1220 1357; x_wconf 62' lang='grc' dir='ltr'><strong>καῖ</strong></span> <span class='ocrx_word' id='word_1_156' title='bbox 1270 1283 1552 1353; x_wconf 73' lang='grc' dir='ltr'>βασιλείας</span> <span class='ocrx_word' id='word_1_157' title='bbox 1615 1283 1877 1353; x_wconf 64' lang='grc' dir='ltr'>κληροντμ</span> 
     </span>
    </p>
   </div>
   <div class='ocr_carea' id='block_1_23' title="bbox 309 1372 1876 1446">
    <p class='ocr_par' dir='ltr' id='par_1_23' title="bbox 309 1372 1876 1446">
     <span class='ocr_line' id='line_1_23' title="bbox 309 1372 1876 1446; baseline -0.001 -18"><span class='ocrx_word' id='word_1_158' title='bbox 309 1378 450 1446; x_wconf 82' lang='grc' dir='ltr'>μίαν</span> <span class='ocrx_word' id='word_1_159' title='bbox 481 1376 691 1428; x_wconf 79' lang='grc' dir='ltr'>λαὸεἰν.</span> <span class='ocrx_word' id='word_1_160' title='bbox 739 1394 756 1425; x_wconf 78' lang='grc' dir='ltr'><strong>ι</strong></span> <span class='ocrx_word' id='word_1_161' title='bbox 799 1374 1075 1444; x_wconf 82' lang='grc' dir='ltr'><strong>Μακάριοι</strong></span> <span class='ocrx_word' id='word_1_162' title='bbox 1104 1373 1233 1443; x_wconf 86' lang='grc' dir='ltr'><strong>γάρ,</strong></span> <span class='ocrx_word' id='word_1_163' title='bbox 1271 1375 1464 1442; x_wconf 65' lang='grc' dir='ltr'>φησιν,</span> <span class='ocrx_word' id='word_1_164' title='bbox 1489 1374 1540 1425; x_wconf 89' lang='grc' dir='ltr'><strong>οἱ</strong></span> <span class='ocrx_word' id='word_1_165' title='bbox 1564 1372 1876 1443; x_wconf 71' lang='grc' dir='ltr'><strong>ἐλεήμονες,</strong></span> 
     </span>
    </p>
   </div>
   <div class='ocr_carea' id='block_1_24' title="bbox 307 1465 1878 1539">
    <p class='ocr_par' dir='ltr' id='par_1_24' title="bbox 307 1465 1878 1539">
     <span class='ocr_line' id='line_1_24' title="bbox 307 1465 1878 1539; baseline -0.001 -15"><span class='ocrx_word' id='word_1_166' title='bbox 307 1474 394 1524; x_wconf 81' lang='grc' dir='ltr'><strong>ὅτι</strong></span> <span class='ocrx_word' id='word_1_167' title='bbox 431 1472 585 1523; x_wconf 69' lang='grc' dir='ltr'>αὐτοὶ</span> <span class='ocrx_word' id='word_1_168' title='bbox 627 1470 1029 1539; x_wconf 77' lang='grc' dir='ltr'>ἐλεηθήσονται.</span> <span class='ocrx_word' id='word_1_169' title='bbox 1062 1487 1080 1520; x_wconf 71' lang='grc' dir='ltr'><strong>ι</strong></span> <span class='ocrx_word' id='word_1_170' title='bbox 1143 1465 1281 1523; x_wconf 77' lang='grc' dir='ltr'><strong>Εἶτα</strong></span> <span class='ocrx_word' id='word_1_171' title='bbox 1313 1467 1570 1536; x_wconf 81' lang='grc' dir='ltr'><strong>ἀλλαχοῦ,</strong></span> <span class='ocrx_word' id='word_1_172' title='bbox 1626 1469 1878 1539; x_wconf 75' lang='grc' dir='ltr'>καθάπερ</span> 
     </span>
    </p>
   </div>
   <div class='ocr_carea' id='block_1_25' title="bbox 309 1559 1879 1631">
    <p class='ocr_par' dir='ltr' id='par_1_25' title="bbox 309 1559 1879 1631">
     <span class='ocr_line' id='line_1_25' title="bbox 309 1559 1879 1631; baseline -0.001 -16"><span class='ocrx_word' id='word_1_173' title='bbox 309 1561 683 1631; x_wconf 72' lang='grc' dir='ltr'><strong>ἐξηγούμενος</strong></span> <span class='ocrx_word' id='word_1_174' title='bbox 715 1561 932 1624; x_wconf 75' lang='grc' dir='ltr'>ἑαυτὸν,</span> <span class='ocrx_word' id='word_1_175' title='bbox 964 1561 1057 1613; x_wconf 68' lang='grc' dir='ltr'><strong>καὶ</strong></span> <span class='ocrx_word' id='word_1_176' title='bbox 1083 1560 1135 1612; x_wconf 86' lang='grc' dir='ltr'><strong>τί</strong></span> <span class='ocrx_word' id='word_1_177' title='bbox 1181 1563 1296 1612; x_wconf 85' lang='grc' dir='ltr'>ἐστι</span> <span class='ocrx_word' id='word_1_178' title='bbox 1343 1559 1402 1612; x_wconf 81' lang='grc' dir='ltr'><strong>τὸ</strong></span> <span class='ocrx_word' id='word_1_179' title='bbox 1440 1559 1750 1630; x_wconf 78' lang='grc' dir='ltr'><strong>ἐλεηθῆναι,</strong></span> <span class='ocrx_word' id='word_1_180' title='bbox 1779 1578 1879 1630; x_wconf 62' lang='grc' dir='ltr'><strong>σηυ</strong></span> 
     </span>
    </p>
   </div>
   <div class='ocr_carea' id='block_1_26' title="bbox 311 1648 1878 1720">
    <p class='ocr_par' dir='ltr' id='par_1_26' title="bbox 311 1648 1878 1720">
     <span class='ocr_line' id='line_1_26' title="bbox 311 1648 1878 1720; baseline -0.001 -17"><span class='ocrx_word' id='word_1_181' title='bbox 311 1652 550 1720; x_wconf 79' lang='grc' dir='ltr'>μαίνων·</span> <span class='ocrx_word' id='word_1_182' title='bbox 581 1670 598 1701; x_wconf 76' lang='grc' dir='ltr'><strong>ι</strong></span> <span class='ocrx_word' id='word_1_183' title='bbox 644 1651 806 1719; x_wconf 84' lang='grc' dir='ltr'>Ἑρεῖ,</span> <span class='ocrx_word' id='word_1_184' title='bbox 837 1650 1021 1718; x_wconf 77' lang='grc' dir='ltr'>φησὶν,</span> <span class='ocrx_word' id='word_1_185' title='bbox 1058 1651 1084 1701; x_wconf 79' lang='grc' dir='ltr'><strong><em>ὁ</em></strong></span> <span class='ocrx_word' id='word_1_186' title='bbox 1112 1648 1363 1718; x_wconf 74' lang='grc' dir='ltr'>βασιλεὺς</span> <span class='ocrx_word' id='word_1_187' title='bbox 1409 1649 1520 1711; x_wconf 88' lang='grc' dir='ltr'>τοῖς</span> <span class='ocrx_word' id='word_1_188' title='bbox 1569 1651 1631 1700; x_wconf 82' lang='grc' dir='ltr'>ὲκ</span> <span class='ocrx_word' id='word_1_189' title='bbox 1689 1648 1878 1712; x_wconf 78' lang='grc' dir='ltr'>δεξιῶν</span> 
     </span>
    </p>
   </div>
   <div class='ocr_carea' id='block_1_27' title="bbox 238 1735 1872 1812">
    <p class='ocr_par' dir='ltr' id='par_1_27' title="bbox 238 1735 1872 1812">
     <span class='ocr_line' id='line_1_27' title="bbox 238 1735 1872 1812; baseline 0.001 -23"><span class='ocrx_word' id='word_1_190' title='bbox 238 1810 240 1812; x_wconf 14' lang='grc' dir='ltr'><strong><em>τ</em></strong></span> <span class='ocrx_word' id='word_1_191' title='bbox 311 1739 506 1790; x_wconf 81' lang='grc' dir='ltr'>αὐτοῦ·</span> <span class='ocrx_word' id='word_1_192' title='bbox 527 1738 650 1798; x_wconf 76' lang='grc' dir='ltr'>τοὺς</span> <span class='ocrx_word' id='word_1_193' title='bbox 673 1737 970 1806; x_wconf 80' lang='grc' dir='ltr'>ἐλεήμονας</span> <span class='ocrx_word' id='word_1_194' title='bbox 994 1737 1169 1804; x_wconf 85' lang='grc' dir='ltr'>λέγων</span> <span class='ocrx_word' id='word_1_195' title='bbox 1188 1755 1201 1769; x_wconf 88' lang='grc'><strong>·</strong></span> <span class='ocrx_word' id='word_1_196' title='bbox 1224 1735 1410 1801; x_wconf 82' lang='grc' dir='ltr'>Δεῦτε,</span> <span class='ocrx_word' id='word_1_197' title='bbox 1440 1739 1489 1789; x_wconf 83' lang='grc' dir='ltr'>οῖ</span> <span class='ocrx_word' id='word_1_198' title='bbox 1520 1737 1872 1808; x_wconf 77' lang='grc' dir='ltr'><strong>εὐλογημένοι</strong></span> 
     </span>
    </p>
   </div>
   <div class='ocr_carea' id='block_1_28' title="bbox 312 1825 1873 1896">
    <p class='ocr_par' dir='ltr' id='par_1_28' title="bbox 312 1825 1873 1896">
     <span class='ocr_line' id='line_1_28' title="bbox 312 1825 1873 1896; baseline 0 -18"><span class='ocrx_word' id='word_1_199' title='bbox 312 1827 410 1879; x_wconf 79' lang='grc' dir='ltr'>τοῦ</span> <span class='ocrx_word' id='word_1_200' title='bbox 451 1828 658 1896; x_wconf 84' lang='grc' dir='ltr'><strong>Πατρός</strong></span> <span class='ocrx_word' id='word_1_201' title='bbox 691 1843 816 1896; x_wconf 87' lang='grc' dir='ltr'>μου,</span> <span class='ocrx_word' id='word_1_202' title='bbox 849 1827 1301 1896; x_wconf 80' lang='grc' dir='ltr'><strong>κληρονομήσατε</strong></span> <span class='ocrx_word' id='word_1_203' title='bbox 1328 1825 1425 1894; x_wconf 71' lang='grc' dir='ltr'><strong>τὴν</strong></span> <span class='ocrx_word' id='word_1_204' title='bbox 1459 1827 1873 1896; x_wconf 75' lang='grc' dir='ltr'>ἡτοιμασμένην</span> 
     </span>
    </p>
   </div>
   <div class='ocr_carea' id='block_1_29' title="bbox 309 1915 1874 1987">
    <p class='ocr_par' dir='ltr' id='par_1_29' title="bbox 309 1915 1874 1987">
     <span class='ocr_line' id='line_1_29' title="bbox 309 1915 1874 1987; baseline 0.001 -19"><span class='ocrx_word' id='word_1_205' title='bbox 309 1915 456 1986; x_wconf 78' lang='grc' dir='ltr'>ὑμῖν</span> <span class='ocrx_word' id='word_1_206' title='bbox 476 1917 756 1987; x_wconf 84' lang='grc' dir='ltr'>βασιλείαν</span> <span class='ocrx_word' id='word_1_207' title='bbox 790 1918 900 1971; x_wconf 84' lang='grc' dir='ltr'>ἀπὸ</span> <span class='ocrx_word' id='word_1_208' title='bbox 956 1917 1267 1984; x_wconf 77' lang='grc' dir='ltr'>καταϐολῆς</span> <span class='ocrx_word' id='word_1_209' title='bbox 1299 1917 1529 1985; x_wconf 83' lang='grc' dir='ltr'>κόσμου.</span> <span class='ocrx_word' id='word_1_210' title='bbox 1574 1935 1592 1968; x_wconf 74' lang='grc' dir='ltr'><strong>ι</strong></span> <span class='ocrx_word' id='word_1_211' title='bbox 1631 1919 1741 1970; x_wconf 76' lang='grc' dir='ltr'>Καὶ</span> <span class='ocrx_word' id='word_1_212' title='bbox 1779 1917 1874 1969; x_wconf 84' lang='grc' dir='ltr'>ἀλ-</span> 
     </span>
    </p>
   </div>
   <div class='ocr_carea' id='block_1_30' title="bbox 307 2001 1876 2076">
    <p class='ocr_par' dir='ltr' id='par_1_30' title="bbox 307 2001 1876 2076">
     <span class='ocr_line' id='line_1_30' title="bbox 307 2001 1876 2076; baseline -0.001 -17"><span class='ocrx_word' id='word_1_213' title='bbox 307 2010 416 2070; x_wconf 88' lang='grc' dir='ltr'>λως</span> <span class='ocrx_word' id='word_1_214' title='bbox 450 2009 505 2061; x_wconf 79' lang='grc' dir='ltr'><strong>δὲ</strong></span> <span class='ocrx_word' id='word_1_215' title='bbox 529 2011 580 2061; x_wconf 78' lang='grc' dir='ltr'><strong>εί</strong></span> <span class='ocrx_word' id='word_1_216' title='bbox 606 2025 692 2072; x_wconf 86' lang='grc' dir='ltr'><strong>τις</strong></span> <span class='ocrx_word' id='word_1_217' title='bbox 731 2007 790 2072; x_wconf 75' lang='grc' dir='ltr'>ἐξ</span> <span class='ocrx_word' id='word_1_218' title='bbox 838 2001 914 2061; x_wconf 79' lang='grc' dir='ltr'>ὧν</span> <span class='ocrx_word' id='word_1_219' title='bbox 958 2009 1250 2076; x_wconf 71' lang='grc' dir='ltr'>ἐλεήμονες</span> <span class='ocrx_word' id='word_1_220' title='bbox 1317 2008 1594 2075; x_wconf 82' lang='grc' dir='ltr'>ἄνθρωποι</span> <span class='ocrx_word' id='word_1_221' title='bbox 1643 2007 1876 2072; x_wconf 84' lang='grc' dir='ltr'>ποιοῦσι,</span> 
     </span>
    </p>
   </div>
   <div class='ocr_carea' id='block_1_31' title="bbox 310 2097 1880 2171">
    <p class='ocr_par' dir='ltr' id='par_1_31' title="bbox 310 2097 1880 2171">
     <span class='ocr_line' id='line_1_31' title="bbox 310 2097 1880 2171; baseline -0.001 -18"><span class='ocrx_word' id='word_1_222' title='bbox 310 2104 372 2153; x_wconf 75' lang='grc' dir='ltr'>τὺ</span> <span class='ocrx_word' id='word_1_223' title='bbox 402 2103 563 2171; x_wconf 81' lang='grc' dir='ltr'>ἔργον</span> <span class='ocrx_word' id='word_1_224' title='bbox 609 2101 703 2153; x_wconf 79' lang='grc' dir='ltr'>τοῦ</span> <span class='ocrx_word' id='word_1_225' title='bbox 740 2101 889 2153; x_wconf 89' lang='grc' dir='ltr'>θείου</span> <span class='ocrx_word' id='word_1_226' title='bbox 917 2099 1071 2150; x_wconf 83' lang='grc' dir='ltr'>ὲλέου</span> <span class='ocrx_word' id='word_1_227' title='bbox 1095 2098 1338 2151; x_wconf 83' lang='grc' dir='ltr'>κατιδεῖν</span> <span class='ocrx_word' id='word_1_228' title='bbox 1398 2097 1669 2166; x_wconf 74' lang='grc' dir='ltr'>ἐθελήσει,</span> <span class='ocrx_word' id='word_1_229' title='bbox 1728 2099 1880 2152; x_wconf 72' lang='grc' dir='ltr'>οἰδὲν</span> 
     </span>
    </p>
   </div>
   <div class='ocr_carea' id='block_1_32' title="bbox 307 2189 1880 2261">
    <p class='ocr_par' dir='ltr' id='par_1_32' title="bbox 307 2189 1880 2261">
     <span class='ocr_line' id='line_1_32' title="bbox 307 2189 1880 2261; baseline 0.001 -17"><span class='ocrx_word' id='word_1_230' title='bbox 307 2193 499 2260; x_wconf 71' lang='grc' dir='ltr'>ἕτερον</span> <span class='ocrx_word' id='word_1_231' title='bbox 523 2193 746 2261; x_wconf 76' lang='grc' dir='ltr'>εὑρήσει</span> <span class='ocrx_word' id='word_1_232' title='bbox 803 2191 1124 2258; x_wconf 81' lang='grc' dir='ltr'>δυνάμενον,</span> <span class='ocrx_word' id='word_1_233' title='bbox 1148 2190 1181 2256; x_wconf 84' lang='grc' dir='ltr'>ἢ</span> <span class='ocrx_word' id='word_1_234' title='bbox 1240 2189 1337 2260; x_wconf 77' lang='grc' dir='ltr'><strong>τὴν</strong></span> <span class='ocrx_word' id='word_1_235' title='bbox 1374 2189 1654 2260; x_wconf 80' lang='grc' dir='ltr'>βασιλείαν</span> <span class='ocrx_word' id='word_1_236' title='bbox 1684 2191 1880 2260; x_wconf 80' lang='grc' dir='ltr'>αὐτήν.</span> 
     </span>
    </p>
   </div>
   <div class='ocr_carea' id='block_1_33' title="bbox 309 2279 1875 2350">
    <p class='ocr_par' dir='ltr' id='par_1_33' title="bbox 309 2279 1875 2350">
     <span class='ocr_line' id='line_1_33' title="bbox 309 2279 1875 2350; baseline 0 -15"><span class='ocrx_word' id='word_1_237' title='bbox 309 2283 494 2336; x_wconf 76' lang='grc' dir='ltr'>Τίοῦν</span> <span class='ocrx_word' id='word_1_238' title='bbox 525 2285 574 2334; x_wconf 85' lang='grc' dir='ltr'><strong>οῖ</strong></span> <span class='ocrx_word' id='word_1_239' title='bbox 609 2283 938 2350; x_wconf 77' lang='grc' dir='ltr'>ὲλεήμονες;</span> <span class='ocrx_word' id='word_1_240' title='bbox 978 2300 996 2332; x_wconf 79' lang='lat' dir='ltr'><strong>r</strong></span> <span class='ocrx_word' id='word_1_241' title='bbox 1053 2279 1368 2344; x_wconf 82' lang='grc' dir='ltr'>Ἐπείνασα,</span> <span class='ocrx_word' id='word_1_242' title='bbox 1407 2281 1565 2348; x_wconf 61' lang='grc' dir='ltr'>φησι,</span> <span class='ocrx_word' id='word_1_243' title='bbox 1593 2282 1686 2334; x_wconf 80' lang='grc' dir='ltr'>καὶ</span> <span class='ocrx_word' id='word_1_244' title='bbox 1743 2281 1875 2335; x_wconf 72' lang='grc' dir='ltr'>ὲδώυ</span> 
     </span>
    </p>
   </div>
   <div class='ocr_carea' id='block_1_34' title="bbox 308 2372 1873 2445">
    <p class='ocr_par' dir='ltr' id='par_1_34' title="bbox 308 2372 1873 2445">
     <span class='ocr_line' id='line_1_34' title="bbox 308 2372 1873 2445; baseline -0.003 -17"><span class='ocrx_word' id='word_1_245' title='bbox 308 2392 448 2428; x_wconf 78' lang='grc' dir='ltr'>κατε</span> <span class='ocrx_word' id='word_1_246' title='bbox 471 2376 592 2445; x_wconf 74' lang='grc' dir='ltr'>ἐμοὶ</span> <span class='ocrx_word' id='word_1_247' title='bbox 647 2376 841 2444; x_wconf 80' lang='grc' dir='ltr'>φαγεῖν</span> <span class='ocrx_word' id='word_1_248' title='bbox 868 2390 882 2404; x_wconf 72' lang='grc' dir='ltr'><strong>ο</strong></span> <span class='ocrx_word' id='word_1_249' title='bbox 928 2372 1176 2443; x_wconf 72' lang='grc' dir='ltr'>ἐδίψησα,</span> <span class='ocrx_word' id='word_1_250' title='bbox 1223 2387 1321 2426; x_wconf 84' lang='grc' dir='ltr'><strong>και</strong></span> <span class='ocrx_word' id='word_1_251' title='bbox 1353 2373 1636 2426; x_wconf 77' lang='grc' dir='ltr'>ἐποτίσατέ</span> <span class='ocrx_word' id='word_1_252' title='bbox 1689 2390 1815 2443; x_wconf 86' lang='grc' dir='ltr'>μου.</span> <span class='ocrx_word' id='word_1_253' title='bbox 1855 2391 1873 2424; x_wconf 73' lang='grc' dir='ltr'><strong>ι</strong></span> 
     </span>
    </p>
   </div>
   <div class='ocr_carea' id='block_1_35' title="bbox 309 2463 1882 2537">
    <p class='ocr_par' dir='ltr' id='par_1_35' title="bbox 309 2463 1882 2537">
     <span class='ocr_line' id='line_1_35' title="bbox 309 2463 1882 2537; baseline -0.002 -17"><span class='ocrx_word' id='word_1_254' title='bbox 309 2466 528 2520; x_wconf 76' lang='grc' dir='ltr'>Οὐκοῦν</span> <span class='ocrx_word' id='word_1_255' title='bbox 557 2469 654 2520; x_wconf 76' lang='grc' dir='ltr'>καὶ</span> <span class='ocrx_word' id='word_1_256' title='bbox 702 2468 728 2518; x_wconf 81' lang='grc' dir='ltr'>ὁ</span> <span class='ocrx_word' id='word_1_257' title='bbox 751 2466 985 2537; x_wconf 64' lang='grc' dir='ltr'>Χριστὸς</span> <span class='ocrx_word' id='word_1_258' title='bbox 1016 2463 1109 2527; x_wconf 82' lang='grc' dir='ltr'><strong>οὓς</strong></span> <span class='ocrx_word' id='word_1_259' title='bbox 1138 2466 1296 2528; x_wconf 81' lang='grc' dir='ltr'>ἐλεεῖ,</span> <span class='ocrx_word' id='word_1_260' title='bbox 1329 2463 1551 2526; x_wconf 85' lang='grc' dir='ltr'>τούτους</span> <span class='ocrx_word' id='word_1_261' title='bbox 1603 2463 1703 2533; x_wconf 85' lang='grc' dir='ltr'><strong>τῆς</strong></span> <span class='ocrx_word' id='word_1_262' title='bbox 1752 2467 1882 2517; x_wconf 78' lang='grc' dir='ltr'><strong>ἑαυ-</strong></span> 
     </span>
    </p>
   </div>
   <div class='ocr_carea' id='block_1_36' title="bbox 311 2555 1878 2626">
    <p class='ocr_par' dir='ltr' id='par_1_36' title="bbox 311 2555 1878 2626">
     <span class='ocr_line' id='line_1_36' title="bbox 311 2555 1878 2626; baseline -0.001 -17"><span class='ocrx_word' id='word_1_263' title='bbox 311 2559 411 2610; x_wconf 82' lang='grc' dir='ltr'>τοῦ</span> <span class='ocrx_word' id='word_1_264' title='bbox 476 2557 776 2626; x_wconf 85' lang='grc' dir='ltr'>μεταδώσει</span> <span class='ocrx_word' id='word_1_265' title='bbox 837 2557 1137 2626; x_wconf 76' lang='grc' dir='ltr'>τραπέζης.</span> <span class='ocrx_word' id='word_1_266' title='bbox 1183 2555 1283 2618; x_wconf 81' lang='grc' dir='ltr'>Τίς</span> <span class='ocrx_word' id='word_1_267' title='bbox 1335 2556 1390 2608; x_wconf 81' lang='grc' dir='ltr'><strong>δέ</strong></span> <span class='ocrx_word' id='word_1_268' title='bbox 1447 2558 1593 2610; x_wconf 73' lang='grc' dir='ltr'>ἐστιν</span> <span class='ocrx_word' id='word_1_269' title='bbox 1650 2556 1878 2624; x_wconf 73' lang='grc' dir='ltr'>ὲκείνη;</span> 
     </span>
    </p>
   </div>
   <div class='ocr_carea' id='block_1_37' title="bbox 322 2634 1883 2717">
    <p class='ocr_par' dir='ltr' id='par_1_37' title="bbox 322 2634 1883 2717">
     <span class='ocr_line' id='line_1_37' title="bbox 322 2634 1883 2717; baseline -0.001 -16"><span class='ocrx_word' id='word_1_270' title='bbox 322 2669 341 2701; x_wconf 77' lang='grc' dir='ltr'><strong>ι</strong></span> <span class='ocrx_word' id='word_1_271' title='bbox 380 2651 500 2701; x_wconf 86' lang='grc' dir='ltr'>Ἵνα</span> <span class='ocrx_word' id='word_1_272' title='bbox 542 2649 783 2717; x_wconf 76' lang='grc' dir='ltr'>ἐσθίητε,</span> <span class='ocrx_word' id='word_1_273' title='bbox 815 2651 967 2716; x_wconf 75' lang='grc' dir='ltr'>φησὶ,</span> <span class='ocrx_word' id='word_1_274' title='bbox 995 2648 1090 2698; x_wconf 70' lang='grc' dir='ltr'><strong>καὶ</strong></span> <span class='ocrx_word' id='word_1_275' title='bbox 1125 2646 1320 2713; x_wconf 84' lang='grc' dir='ltr'>πίνητε</span> <span class='ocrx_word' id='word_1_276' title='bbox 1356 2647 1449 2697; x_wconf 74' lang='grc' dir='ltr'><strong>ἐπὶ</strong></span> <span class='ocrx_word' id='word_1_277' title='bbox 1468 2647 1568 2715; x_wconf 76' lang='grc' dir='ltr'>τῆς</span> <span class='ocrx_word' id='word_1_278' title='bbox 1604 2634 1883 2716; x_wconf 79' lang='grc' dir='ltr'>τραπέζης</span> 
     </span>
    </p>
   </div>
   <div class='ocr_carea' id='block_1_38' title="bbox 320 2736 1882 2808">
    <p class='ocr_par' dir='ltr' id='par_1_38' title="bbox 320 2736 1882 2808">
     <span class='ocr_line' id='line_1_38' title="bbox 320 2736 1882 2808; baseline 0.001 -20"><span class='ocrx_word' id='word_1_279' title='bbox 320 2756 450 2807; x_wconf 81' lang='grc' dir='ltr'>μου,</span> <span class='ocrx_word' id='word_1_280' title='bbox 490 2741 546 2790; x_wconf 82' lang='grc' dir='ltr'>ὲν</span> <span class='ocrx_word' id='word_1_281' title='bbox 567 2741 629 2808; x_wconf 81' lang='grc' dir='ltr'>τῇ</span> <span class='ocrx_word' id='word_1_282' title='bbox 668 2737 918 2808; x_wconf 75' lang='grc' dir='ltr'>βασιλείᾳ</span> <span class='ocrx_word' id='word_1_283' title='bbox 959 2754 1083 2804; x_wconf 87' lang='grc' dir='ltr'>μου.</span> <span class='ocrx_word' id='word_1_284' title='bbox 1123 2755 1141 2786; x_wconf 67' lang='grc' dir='ltr'><strong>ι</strong></span> <span class='ocrx_word' id='word_1_285' title='bbox 1180 2737 1288 2790; x_wconf 76' lang='grc' dir='ltr'><strong>Καὶ</strong></span> <span class='ocrx_word' id='word_1_286' title='bbox 1312 2737 1397 2788; x_wconf 83' lang='grc' dir='ltr'><strong>ἵνα</strong></span> <span class='ocrx_word' id='word_1_287' title='bbox 1425 2736 1567 2805; x_wconf 80' lang='grc' dir='ltr'>γνῷς</span> <span class='ocrx_word' id='word_1_288' title='bbox 1595 2736 1692 2806; x_wconf 76' lang='grc' dir='ltr'><strong>τὴν</strong></span> <span class='ocrx_word' id='word_1_289' title='bbox 1747 2739 1882 2807; x_wconf 91' lang='grc' dir='ltr'>λαμ-</span> 
     </span>
    </p>
   </div>
   <div class='ocr_carea' id='block_1_39' title="bbox 318 2826 1879 2898">
    <p class='ocr_par' dir='ltr' id='par_1_39' title="bbox 318 2826 1879 2898">
     <span class='ocr_line' id='line_1_39' title="bbox 318 2826 1879 2898; baseline 0.001 -18"><span class='ocrx_word' id='word_1_290' title='bbox 318 2830 566 2898; x_wconf 79' lang='grc' dir='ltr'>πρότητα</span> <span class='ocrx_word' id='word_1_291' title='bbox 594 2829 688 2897; x_wconf 84' lang='grc' dir='ltr'>τῆς</span> <span class='ocrx_word' id='word_1_292' title='bbox 721 2829 995 2897; x_wconf 76' lang='grc' dir='ltr'>τραπέζης</span> <span class='ocrx_word' id='word_1_293' title='bbox 1047 2826 1285 2896; x_wconf 80' lang='grc' dir='ltr'>ἐκείνης,</span> <span class='ocrx_word' id='word_1_294' title='bbox 1341 2827 1436 2879; x_wconf 75' lang='grc' dir='ltr'><strong>καὶ</strong></span> <span class='ocrx_word' id='word_1_295' title='bbox 1485 2827 1563 2889; x_wconf 80' lang='grc' dir='ltr'><strong>ὡς</strong></span> <span class='ocrx_word' id='word_1_296' title='bbox 1598 2828 1696 2880; x_wconf 81' lang='grc' dir='ltr'>οὐκ</span> <span class='ocrx_word' id='word_1_297' title='bbox 1764 2828 1879 2882; x_wconf 77' lang='grc' dir='ltr'>ἔστι</span> 
     </span>
    </p>
   </div>
   <div class='ocr_carea' id='block_1_40' title="bbox 313 2919 1876 2989">
    <p class='ocr_par' dir='ltr' id='par_1_40' title="bbox 313 2919 1876 2989">
     <span class='ocr_line' id='line_1_40' title="bbox 313 2919 1876 2989; baseline 0.001 -18"><span class='ocrx_word' id='word_1_298' title='bbox 313 2921 540 2986; x_wconf 78' lang='grc' dir='ltr'>δούλων,</span> <span class='ocrx_word' id='word_1_299' title='bbox 596 2921 731 2973; x_wconf 76' lang='grc' dir='ltr'>ἀλλὰ</span> <span class='ocrx_word' id='word_1_300' title='bbox 773 2919 1056 2989; x_wconf 81' lang='grc' dir='ltr'>βασιλέων,</span> <span class='ocrx_word' id='word_1_301' title='bbox 1118 2919 1420 2987; x_wconf 81' lang='grc' dir='ltr'>μανθάνετε</span> <span class='ocrx_word' id='word_1_302' title='bbox 1467 2919 1560 2971; x_wconf 75' lang='grc' dir='ltr'><strong>τὸν</strong></span> <span class='ocrx_word' id='word_1_303' title='bbox 1608 2920 1876 2986; x_wconf 83' lang='grc' dir='ltr'>διάκονον,</span> 
     </span>
    </p>
   </div>
   <div class='ocr_carea' id='block_1_41' title="bbox 1981 1091 3552 1163">
    <p class='ocr_par' dir='ltr' id='par_1_41' title="bbox 1981 1091 3552 1163">
     <span class='ocr_line' id='line_1_41' title="bbox 1981 1091 3552 1163; baseline 0.003 -20"><span class='ocrx_word' id='word_1_304' title='bbox 1981 1091 2267 1145; x_wconf 87' lang='lat' dir='ltr'><strong>ricordiam</strong></span> <span class='ocrx_word' id='word_1_305' title='bbox 2289 1099 2652 1157; x_wconf 87' lang='lat' dir='ltr'><strong>assecuturos,</strong></span> <span class='ocrx_word' id='word_1_306' title='bbox 2685 1106 2827 1145; x_wconf 81' lang='lat' dir='ltr'><strong>nunc</strong></span> <span class='ocrx_word' id='word_1_307' title='bbox 2855 1105 2979 1157; x_wconf 84' lang='lat' dir='ltr'><strong>vero</strong></span> <span class='ocrx_word' id='word_1_308' title='bbox 2998 1107 3224 1160; x_wconf 77' lang='lat' dir='ltr'><strong>regnum</strong></span> <span class='ocrx_word' id='word_1_309' title='bbox 3247 1094 3395 1158; x_wconf 82' lang='lat' dir='ltr'><strong>dicit;</strong></span> <span class='ocrx_word' id='word_1_310' title='bbox 3431 1109 3552 1163; x_wconf 78' lang='lat' dir='ltr'><strong>per-</strong></span> 
     </span>
    </p>
   </div>
   <div class='ocr_carea' id='block_1_42' title="bbox 1985 1181 3552 1250">
    <p class='ocr_par' dir='ltr' id='par_1_42' title="bbox 1985 1181 3552 1250">
     <span class='ocr_line' id='line_1_42' title="bbox 1985 1181 3552 1250; baseline 0.001 -16"><span class='ocrx_word' id='word_1_311' title='bbox 1985 1181 2109 1236; x_wconf 87' lang='lat' dir='ltr'><strong>inde</strong></span> <span class='ocrx_word' id='word_1_312' title='bbox 2159 1197 2222 1236; x_wconf 88' lang='lat' dir='ltr'><strong>ac</strong></span> <span class='ocrx_word' id='word_1_313' title='bbox 2265 1183 2403 1236; x_wconf 84' lang='lat' dir='ltr'><strong>idem</strong></span> <span class='ocrx_word' id='word_1_314' title='bbox 2469 1184 2558 1246; x_wconf 84' lang='lat' dir='ltr'><strong>sit,</strong></span> <span class='ocrx_word' id='word_1_315' title='bbox 2586 1190 2640 1236; x_wconf 87' lang='lat' dir='ltr'><strong>et</strong></span> <span class='ocrx_word' id='word_1_316' title='bbox 2663 1182 2729 1235; x_wconf 86' lang='lat' dir='ltr'><strong>ab</strong></span> <span class='ocrx_word' id='word_1_317' title='bbox 2759 1182 2875 1250; x_wconf 88' lang='lat' dir='ltr'><strong>ipso</strong></span> <span class='ocrx_word' id='word_1_318' title='bbox 2943 1183 3374 1237; x_wconf 86' lang='lat' dir='ltr'><strong>misericordiam</strong></span> <span class='ocrx_word' id='word_1_319' title='bbox 3403 1200 3552 1238; x_wconf 85' lang='lat' dir='ltr'><strong>assc-</strong></span> 
     </span>
    </p>
   </div>
   <div class='ocr_carea' id='block_1_43' title="bbox 1983 1273 3556 1344">
    <p class='ocr_par' dir='ltr' id='par_1_43' title="bbox 1983 1273 3556 1344">
     <span class='ocr_line' id='line_1_43' title="bbox 1983 1273 3556 1344; baseline 0.001 -19"><span class='ocrx_word' id='word_1_320' title='bbox 1983 1273 2096 1342; x_wconf 87' lang='lat' dir='ltr'><strong>qui,</strong></span> <span class='ocrx_word' id='word_1_321' title='bbox 2149 1283 2205 1326; x_wconf 84' lang='lat' dir='ltr'><strong>et</strong></span> <span class='ocrx_word' id='word_1_322' title='bbox 2243 1289 2464 1344; x_wconf 78' lang='lat' dir='ltr'><strong>regnum</strong></span> <span class='ocrx_word' id='word_1_323' title='bbox 2513 1275 2786 1343; x_wconf 83' lang='lat' dir='ltr'><strong>accipere.</strong></span> <span class='ocrx_word' id='word_1_324' title='bbox 2825 1274 3191 1338; x_wconf 68' lang='lat' dir='ltr'><strong>(Beatieuim,</strong></span> <span class='ocrx_word' id='word_1_325' title='bbox 3227 1275 3422 1343; x_wconf 80' lang='lat' dir='ltr'><strong>inquit,</strong></span> <span class='ocrx_word' id='word_1_326' title='bbox 3448 1277 3556 1328; x_wconf 81' lang='lat' dir='ltr'><strong>mi-</strong></span> 
     </span>
    </p>
   </div>
   <div class='ocr_carea' id='block_1_44' title="bbox 1983 1367 3554 1436">
    <p class='ocr_par' dir='ltr' id='par_1_44' title="bbox 1983 1367 3554 1436">
     <span class='ocr_line' id='line_1_44' title="bbox 1983 1367 3554 1436; baseline -0.001 -15"><span class='ocrx_word' id='word_1_327' title='bbox 1983 1367 2307 1429; x_wconf 87' lang='lat' dir='ltr'><strong>sericordes,</strong></span> <span class='ocrx_word' id='word_1_328' title='bbox 2334 1367 2586 1436; x_wconf 82' lang='lat' dir='ltr'><strong>quoniam</strong></span> <span class='ocrx_word' id='word_1_329' title='bbox 2621 1367 2716 1434; x_wconf 87' lang='lat' dir='ltr'><strong>ipsi</strong></span> <span class='ocrx_word' id='word_1_330' title='bbox 2753 1367 3178 1422; x_wconf 86' lang='lat' dir='ltr'><strong>misericordiam</strong></span> <span class='ocrx_word' id='word_1_331' title='bbox 3221 1383 3554 1436; x_wconf 87' lang='lat' dir='ltr'><strong>consequen-</strong></span> 
     </span>
    </p>
   </div>
   <div class='ocr_carea' id='block_1_45' title="bbox 1983 1458 3554 1527">
    <p class='ocr_par' dir='ltr' id='par_1_45' title="bbox 1983 1458 3554 1527">
     <span class='ocr_line' id='line_1_45' title="bbox 1983 1458 3554 1527; baseline -0.001 -15"><span class='ocrx_word' id='word_1_332' title='bbox 1983 1470 2122 1512; x_wconf 66' lang='lat' dir='ltr'><strong>tur.»</strong></span> <span class='ocrx_word' id='word_1_333' title='bbox 2173 1459 2376 1513; x_wconf 84' lang='lat' dir='ltr'><strong>Deinde</strong></span> <span class='ocrx_word' id='word_1_334' title='bbox 2411 1459 2540 1513; x_wconf 86' lang='lat' dir='ltr'><strong>alibi</strong></span> <span class='ocrx_word' id='word_1_335' title='bbox 2579 1460 2739 1513; x_wconf 79' lang='lat' dir='ltr'><strong>veluti</strong></span> <span class='ocrx_word' id='word_1_336' title='bbox 2802 1459 3037 1527; x_wconf 87' lang='lat' dir='ltr'><strong>seipsum</strong></span> <span class='ocrx_word' id='word_1_337' title='bbox 3074 1458 3463 1526; x_wconf 85' lang='lat' dir='ltr'><strong>interpretans,</strong></span> <span class='ocrx_word' id='word_1_338' title='bbox 3497 1469 3554 1512; x_wconf 88' lang='lat' dir='ltr'><strong>et</strong></span> 
     </span>
    </p>
   </div>
   <div class='ocr_carea' id='block_1_46' title="bbox 1983 1549 3548 1618">
    <p class='ocr_par' dir='ltr' id='par_1_46' title="bbox 1983 1549 3548 1618">
     <span class='ocr_line' id='line_1_46' title="bbox 1983 1549 3548 1618; baseline -0.001 -16"><span class='ocrx_word' id='word_1_339' title='bbox 1983 1551 2109 1618; x_wconf 90' lang='lat' dir='ltr'><strong>quid</strong></span> <span class='ocrx_word' id='word_1_340' title='bbox 2136 1553 2204 1604; x_wconf 85' lang='lat' dir='ltr'><strong>sit</strong></span> <span class='ocrx_word' id='word_1_341' title='bbox 2223 1550 2647 1605; x_wconf 82' lang='lat' dir='ltr'><strong>misericordiam</strong></span> <span class='ocrx_word' id='word_1_342' title='bbox 2670 1551 2923 1618; x_wconf 84' lang='lat' dir='ltr'><strong>consequi</strong></span> <span class='ocrx_word' id='word_1_343' title='bbox 2950 1549 3286 1618; x_wconf 79' lang='lat' dir='ltr'><strong>signiﬁcans,</strong></span> <span class='ocrx_word' id='word_1_344' title='bbox 3321 1569 3339 1600; x_wconf 71' lang='grc' dir='ltr'><strong>ι</strong></span> <span class='ocrx_word' id='word_1_345' title='bbox 3374 1551 3548 1613; x_wconf 82' lang='lat' dir='ltr'><strong>Dicet,</strong></span> 
     </span>
    </p>
   </div>
   <div class='ocr_carea' id='block_1_47' title="bbox 1986 1641 3550 1711">
    <p class='ocr_par' dir='ltr' id='par_1_47' title="bbox 1986 1641 3550 1711">
     <span class='ocr_line' id='line_1_47' title="bbox 1986 1641 3550 1711; baseline -0.001 -16"><span class='ocrx_word' id='word_1_346' title='bbox 1986 1643 2175 1710; x_wconf 87' lang='lat' dir='ltr'><strong>inquit,</strong></span> <span class='ocrx_word' id='word_1_347' title='bbox 2200 1641 2315 1697; x_wconf 82' lang='lat' dir='ltr'><strong>Rex</strong></span> <span class='ocrx_word' id='word_1_348' title='bbox 2350 1644 2413 1695; x_wconf 90' lang='lat' dir='ltr'><strong>iis</strong></span> <span class='ocrx_word' id='word_1_349' title='bbox 2441 1644 2528 1711; x_wconf 89' lang='lat' dir='ltr'><strong>qui</strong></span> <span class='ocrx_word' id='word_1_350' title='bbox 2561 1651 2684 1696; x_wconf 90' lang='lat' dir='ltr'><strong>sunt</strong></span> <span class='ocrx_word' id='word_1_351' title='bbox 2725 1659 2750 1693; x_wconf 90' lang='lat' dir='ltr'><strong>a</strong></span> <span class='ocrx_word' id='word_1_352' title='bbox 2783 1641 3031 1706; x_wconf 81' lang='lat' dir='ltr'><strong>dextris,</strong></span> <span class='ocrx_word' id='word_1_353' title='bbox 3071 1643 3255 1696; x_wconf 89' lang='lat' dir='ltr'><strong>dicens</strong></span> <span class='ocrx_word' id='word_1_354' title='bbox 3284 1644 3350 1696; x_wconf 89' lang='lat' dir='ltr'><strong>ad</strong></span> <span class='ocrx_word' id='word_1_355' title='bbox 3385 1644 3550 1696; x_wconf 87' lang='lat' dir='ltr'><strong>misc-</strong></span> 
     </span>
    </p>
   </div>
   <div class='ocr_carea' id='block_1_48' title="bbox 1982 1732 3552 1798">
    <p class='ocr_par' dir='ltr' id='par_1_48' title="bbox 1982 1732 3552 1798">
     <span class='ocr_line' id='line_1_48' title="bbox 1982 1732 3552 1798; baseline 0.001 -11"><span class='ocrx_word' id='word_1_356' title='bbox 1982 1735 2219 1789; x_wconf 83' lang='lat' dir='ltr'><strong>ricordes</strong></span> <span class='ocrx_word' id='word_1_357' title='bbox 2253 1736 2480 1789; x_wconf 77' lang='lat' dir='ltr'><strong>:Veuite</strong></span> <span class='ocrx_word' id='word_1_358' title='bbox 2513 1774 2527 1798; x_wconf 91' lang='lat'><strong>,</strong></span> <span class='ocrx_word' id='word_1_359' title='bbox 2559 1734 2826 1788; x_wconf 83' lang='lat' dir='ltr'><strong>benedicti</strong></span> <span class='ocrx_word' id='word_1_360' title='bbox 2892 1732 3068 1787; x_wconf 82' lang='lat' dir='ltr'><strong>Patris</strong></span> <span class='ocrx_word' id='word_1_361' title='bbox 3128 1735 3230 1788; x_wconf 84' lang='lat' dir='ltr'><strong>mei</strong></span> <span class='ocrx_word' id='word_1_362' title='bbox 3258 1775 3273 1796; x_wconf 96' lang='lat'><strong>,</strong></span> <span class='ocrx_word' id='word_1_363' title='bbox 3310 1735 3552 1788; x_wconf 68' lang='lat' dir='ltr'><strong>haeredcs</strong></span> 
     </span>
    </p>
   </div>
   <div class='ocr_carea' id='block_1_49' title="bbox 1977 1824 3552 1896">
    <p class='ocr_par' dir='ltr' id='par_1_49' title="bbox 1977 1824 3552 1896">
     <span class='ocr_line' id='line_1_49' title="bbox 1977 1824 3552 1896; baseline -0.001 -15"><span class='ocrx_word' id='word_1_364' title='bbox 1977 1837 2092 1881; x_wconf 85' lang='lat' dir='ltr'><strong>este</strong></span> <span class='ocrx_word' id='word_1_365' title='bbox 2146 1827 2321 1894; x_wconf 80' lang='lat' dir='ltr'><strong>parati</strong></span> <span class='ocrx_word' id='word_1_366' title='bbox 2373 1825 2524 1879; x_wconf 86' lang='lat' dir='ltr'><strong>vobis</strong></span> <span class='ocrx_word' id='word_1_367' title='bbox 2581 1827 2748 1896; x_wconf 80' lang='lat' dir='ltr'><strong>regni.</strong></span> <span class='ocrx_word' id='word_1_368' title='bbox 2781 1825 2876 1879; x_wconf 73' lang='grc' dir='ltr'>ιΕι</span> <span class='ocrx_word' id='word_1_369' title='bbox 2925 1824 3130 1894; x_wconf 81' lang='lat' dir='ltr'><strong>alioqui</strong></span> <span class='ocrx_word' id='word_1_370' title='bbox 3171 1826 3359 1893; x_wconf 84' lang='lat' dir='ltr'><strong>siquis</strong></span> <span class='ocrx_word' id='word_1_371' title='bbox 3387 1841 3453 1881; x_wconf 79' lang='lat' dir='ltr'><strong>ex</strong></span> <span class='ocrx_word' id='word_1_372' title='bbox 3486 1828 3552 1879; x_wconf 77' lang='lat' dir='ltr'><strong>iLs</strong></span> 
     </span>
    </p>
   </div>
   <div class='ocr_carea' id='block_1_50' title="bbox 1977 1916 3551 1986">
    <p class='ocr_par' dir='ltr' id='par_1_50' title="bbox 1977 1916 3551 1986">
     <span class='ocr_line' id='line_1_50' title="bbox 1977 1916 3551 1986; baseline -0.002 -15"><span class='ocrx_word' id='word_1_373' title='bbox 1977 1933 2096 1986; x_wconf 63' lang='lat' dir='ltr'><strong>quae</strong></span> <span class='ocrx_word' id='word_1_374' title='bbox 2131 1918 2342 1973; x_wconf 77' lang='lat' dir='ltr'><strong>laciunt</strong></span> <span class='ocrx_word' id='word_1_375' title='bbox 2398 1917 2640 1970; x_wconf 83' lang='lat' dir='ltr'><strong>homines</strong></span> <span class='ocrx_word' id='word_1_376' title='bbox 2669 1917 3068 1980; x_wconf 87' lang='lat' dir='ltr'><strong>misericordes,</strong></span> <span class='ocrx_word' id='word_1_377' title='bbox 3089 1916 3321 1970; x_wconf 78' lang='lat' dir='ltr'><strong>voluerit</strong></span> <span class='ocrx_word' id='word_1_378' title='bbox 3358 1917 3551 1970; x_wconf 67' lang='lat' dir='ltr'><strong>divinae</strong></span> 
     </span>
    </p>
   </div>
   <div class='ocr_carea' id='block_1_51' title="bbox 1982 2009 3543 2080">
    <p class='ocr_par' dir='ltr' id='par_1_51' title="bbox 1982 2009 3543 2080">
     <span class='ocr_line' id='line_1_51' title="bbox 1982 2009 3543 2080; baseline 0.003 -18"><span class='ocrx_word' id='word_1_379' title='bbox 1982 2011 2368 2064; x_wconf 67' lang='lat' dir='ltr'><strong>misericordia:</strong></span> <span class='ocrx_word' id='word_1_380' title='bbox 2417 2025 2553 2080; x_wconf 87' lang='lat' dir='ltr'><strong>opus</strong></span> <span class='ocrx_word' id='word_1_381' title='bbox 2600 2010 2907 2080; x_wconf 82' lang='lat' dir='ltr'><strong>perspicere</strong></span> <span class='ocrx_word' id='word_1_382' title='bbox 2934 2050 2949 2074; x_wconf 93' lang='lat'><strong>,</strong></span> <span class='ocrx_word' id='word_1_383' title='bbox 2971 2025 3032 2064; x_wconf 88' lang='lat' dir='ltr'><strong>ea</strong></span> <span class='ocrx_word' id='word_1_384' title='bbox 3062 2009 3192 2064; x_wconf 76' lang='lat' dir='ltr'><strong>nihil</strong></span> <span class='ocrx_word' id='word_1_385' title='bbox 3225 2009 3366 2063; x_wconf 75' lang='lat' dir='ltr'><strong>aliud</strong></span> <span class='ocrx_word' id='word_1_386' title='bbox 3391 2012 3543 2066; x_wconf 85' lang='lat' dir='ltr'><strong>iuve-</strong></span> 
     </span>
    </p>
   </div>
   <div class='ocr_carea' id='block_1_52' title="bbox 1983 2099 3548 2169">
    <p class='ocr_par' dir='ltr' id='par_1_52' title="bbox 1983 2099 3548 2169">
     <span class='ocr_line' id='line_1_52' title="bbox 1983 2099 3548 2169; baseline 0.003 -18"><span class='ocrx_word' id='word_1_387' title='bbox 1983 2100 2094 2152; x_wconf 88' lang='lat' dir='ltr'><strong>niet</strong></span> <span class='ocrx_word' id='word_1_388' title='bbox 2146 2101 2324 2152; x_wconf 66' lang='lat' dir='ltr'><strong>valere</strong></span> <span class='ocrx_word' id='word_1_389' title='bbox 2355 2139 2370 2162; x_wconf 92' lang='lat'><strong>,</strong></span> <span class='ocrx_word' id='word_1_390' title='bbox 2407 2113 2566 2166; x_wconf 85' lang='lat' dir='ltr'><strong>quam</strong></span> <span class='ocrx_word' id='word_1_391' title='bbox 2599 2102 2767 2167; x_wconf 85' lang='lat' dir='ltr'><strong>ipsum</strong></span> <span class='ocrx_word' id='word_1_392' title='bbox 2795 2115 3039 2169; x_wconf 83' lang='lat' dir='ltr'><strong>regnum.</strong></span> <span class='ocrx_word' id='word_1_393' title='bbox 3069 2099 3204 2164; x_wconf 86' lang='lat' dir='ltr'><strong>Quid</strong></span> <span class='ocrx_word' id='word_1_394' title='bbox 3223 2114 3352 2167; x_wconf 86' lang='lat' dir='ltr'><strong>ergo</strong></span> <span class='ocrx_word' id='word_1_395' title='bbox 3385 2103 3548 2156; x_wconf 65' lang='lat' dir='ltr'><strong>misr-</strong></span> 
     </span>
    </p>
   </div>
   <div class='ocr_carea' id='block_1_53' title="bbox 1984 2190 3553 2260">
    <p class='ocr_par' dir='ltr' id='par_1_53' title="bbox 1984 2190 3553 2260">
     <span class='ocr_line' id='line_1_53' title="bbox 1984 2190 3553 2260; baseline 0.002 -15"><span class='ocrx_word' id='word_1_396' title='bbox 1984 2191 2276 2246; x_wconf 76' lang='lat' dir='ltr'><strong>rieordes?</strong></span> <span class='ocrx_word' id='word_1_397' title='bbox 2307 2190 2512 2244; x_wconf 68' lang='lat' dir='ltr'><strong>«Esurii</strong></span> <span class='ocrx_word' id='word_1_398' title='bbox 2553 2229 2568 2254; x_wconf 96' lang='lat'><strong>,</strong></span> <span class='ocrx_word' id='word_1_399' title='bbox 2598 2191 2817 2260; x_wconf 84' lang='lat' dir='ltr'><strong>inquit,</strong></span> <span class='ocrx_word' id='word_1_400' title='bbox 2848 2202 2902 2244; x_wconf 84' lang='lat' dir='ltr'><strong>et</strong></span> <span class='ocrx_word' id='word_1_401' title='bbox 2958 2191 3178 2246; x_wconf 76' lang='lat' dir='ltr'><strong>deditis</strong></span> <span class='ocrx_word' id='word_1_402' title='bbox 3209 2194 3338 2246; x_wconf 89' lang='lat' dir='ltr'><strong>mihi</strong></span> <span class='ocrx_word' id='word_1_403' title='bbox 3371 2208 3553 2248; x_wconf 82' lang='lat' dir='ltr'><strong>corne-</strong></span> 
     </span>
    </p>
   </div>
   <div class='ocr_carea' id='block_1_54' title="bbox 1987 2282 3552 2352">
    <p class='ocr_par' dir='ltr' id='par_1_54' title="bbox 1987 2282 3552 2352">
     <span class='ocr_line' id='line_1_54' title="bbox 1987 2282 3552 2352; baseline 0.002 -17"><span class='ocrx_word' id='word_1_404' title='bbox 1987 2284 2155 2348; x_wconf 86' lang='lat' dir='ltr'><strong>dere;</strong></span> <span class='ocrx_word' id='word_1_405' title='bbox 2188 2283 2354 2347; x_wconf 61' lang='lat' dir='ltr'><strong>sitis&#39;i,</strong></span> <span class='ocrx_word' id='word_1_406' title='bbox 2393 2292 2449 2336; x_wconf 89' lang='lat' dir='ltr'><strong>et</strong></span> <span class='ocrx_word' id='word_1_407' title='bbox 2472 2290 2652 2350; x_wconf 88' lang='lat' dir='ltr'><strong>potum</strong></span> <span class='ocrx_word' id='word_1_408' title='bbox 2683 2282 2908 2336; x_wconf 74' lang='lat' dir='ltr'><strong>dedistis</strong></span> <span class='ocrx_word' id='word_1_409' title='bbox 2942 2284 3127 2336; x_wconf 49' lang='lat' dir='ltr'><strong>mihi»</strong></span> <span class='ocrx_word' id='word_1_410' title='bbox 3157 2284 3294 2352; x_wconf 81' lang='lat' dir='ltr'><strong>Ergo</strong></span> <span class='ocrx_word' id='word_1_411' title='bbox 3325 2285 3552 2341; x_wconf 83' lang='lat' dir='ltr'><strong>ctCln-i-</strong></span> 
     </span>
    </p>
   </div>
   <div class='ocr_carea' id='block_1_55' title="bbox 1983 2373 3552 2444">
    <p class='ocr_par' dir='ltr' id='par_1_55' title="bbox 1983 2373 3552 2444">
     <span class='ocr_line' id='line_1_55' title="bbox 1983 2373 3552 2444; baseline 0.001 -16"><span class='ocrx_word' id='word_1_412' title='bbox 1983 2383 2099 2430; x_wconf 77' lang='lat' dir='ltr'><strong>stus</strong></span> <span class='ocrx_word' id='word_1_413' title='bbox 2134 2390 2364 2442; x_wconf 90' lang='lat' dir='ltr'><strong>quorum</strong></span> <span class='ocrx_word' id='word_1_414' title='bbox 2401 2373 2812 2436; x_wconf 83' lang='lat' dir='ltr'><strong>misere-tur,eis</strong></span> <span class='ocrx_word' id='word_1_415' title='bbox 2838 2388 2989 2426; x_wconf 81' lang='lat' dir='ltr'><strong>suam</strong></span> <span class='ocrx_word' id='word_1_416' title='bbox 3025 2389 3260 2429; x_wconf 84' lang='lat' dir='ltr'><strong>mensam</strong></span> <span class='ocrx_word' id='word_1_417' title='bbox 3291 2375 3552 2444; x_wconf 83' lang='lat' dir='ltr'><strong>impertit.</strong></span> 
     </span>
    </p>
   </div>
   <div class='ocr_carea' id='block_1_56' title="bbox 1984 2462 3557 2534">
    <p class='ocr_par' dir='ltr' id='par_1_56' title="bbox 1984 2462 3557 2534">
     <span class='ocr_line' id='line_1_56' title="bbox 1984 2462 3557 2534; baseline 0.001 -16"><span class='ocrx_word' id='word_1_418' title='bbox 1984 2464 2240 2531; x_wconf 75' lang='lat' dir='ltr'><strong>Qureuam</strong></span> <span class='ocrx_word' id='word_1_419' title='bbox 2277 2474 2374 2520; x_wconf 79' lang='lat' dir='ltr'><strong>est</strong></span> <span class='ocrx_word' id='word_1_420' title='bbox 2423 2473 2602 2519; x_wconf 81' lang='lat' dir='ltr'><strong>autem</strong></span> <span class='ocrx_word' id='word_1_421' title='bbox 2635 2463 2766 2517; x_wconf 85' lang='lat' dir='ltr'><strong>illa?</strong></span> <span class='ocrx_word' id='word_1_422' title='bbox 2803 2462 2902 2518; x_wconf 70' lang='lat' dir='ltr'><strong>«Ut</strong></span> <span class='ocrx_word' id='word_1_423' title='bbox 2932 2465 3250 2527; x_wconf 63' lang='lat' dir='ltr'><strong>comedetis,</strong></span> <span class='ocrx_word' id='word_1_424' title='bbox 3276 2465 3468 2534; x_wconf 90' lang='lat' dir='ltr'><strong>inquit,</strong></span> <span class='ocrx_word' id='word_1_425' title='bbox 3501 2477 3557 2520; x_wconf 81' lang='lat' dir='ltr'><strong>et</strong></span> 
     </span>
    </p>
   </div>
   <div class='ocr_carea' id='block_1_57' title="bbox 1983 2557 3553 2627">
    <p class='ocr_par' dir='ltr' id='par_1_57' title="bbox 1983 2557 3553 2627">
     <span class='ocr_line' id='line_1_57' title="bbox 1983 2557 3553 2627; baseline -0.001 -15"><span class='ocrx_word' id='word_1_426' title='bbox 1983 2558 2180 2612; x_wconf 83' lang='lat' dir='ltr'><strong>bibatis</strong></span> <span class='ocrx_word' id='word_1_427' title='bbox 2217 2559 2267 2610; x_wconf 88' lang='lat' dir='ltr'><strong>in</strong></span> <span class='ocrx_word' id='word_1_428' title='bbox 2301 2573 2481 2612; x_wconf 88' lang='lat' dir='ltr'><strong>mensa</strong></span> <span class='ocrx_word' id='word_1_429' title='bbox 2518 2571 2668 2621; x_wconf 88' lang='lat' dir='ltr'><strong>mea,</strong></span> <span class='ocrx_word' id='word_1_430' title='bbox 2710 2557 2760 2611; x_wconf 94' lang='lat' dir='ltr'><strong>in</strong></span> <span class='ocrx_word' id='word_1_431' title='bbox 2796 2573 2960 2627; x_wconf 82' lang='lat' dir='ltr'><strong>regno</strong></span> <span class='ocrx_word' id='word_1_432' title='bbox 3010 2573 3182 2611; x_wconf 65' lang='lat' dir='ltr'><strong>meo.»</strong></span> <span class='ocrx_word' id='word_1_433' title='bbox 3216 2557 3282 2611; x_wconf 85' lang='lat' dir='ltr'><strong>Et</strong></span> <span class='ocrx_word' id='word_1_434' title='bbox 3323 2569 3378 2612; x_wconf 92' lang='lat' dir='ltr'><strong>ut</strong></span> <span class='ocrx_word' id='word_1_435' title='bbox 3407 2561 3553 2614; x_wconf 81' lang='lat' dir='ltr'><strong>scias</strong></span> 
     </span>
    </p>
   </div>
   <div class='ocr_carea' id='block_1_58' title="bbox 1982 2648 3554 2716">
    <p class='ocr_par' dir='ltr' id='par_1_58' title="bbox 1982 2648 3554 2716">
     <span class='ocr_line' id='line_1_58' title="bbox 1982 2648 3554 2716; baseline 0.002 -15"><span class='ocrx_word' id='word_1_436' title='bbox 1982 2648 2130 2702; x_wconf 91' lang='lat' dir='ltr'><strong>illius</strong></span> <span class='ocrx_word' id='word_1_437' title='bbox 2157 2663 2357 2702; x_wconf 67' lang='lat' dir='ltr'><strong>mensae</strong></span> <span class='ocrx_word' id='word_1_438' title='bbox 2407 2648 2742 2716; x_wconf 85' lang='lat' dir='ltr'><strong>splendorem</strong></span> <span class='ocrx_word' id='word_1_439' title='bbox 2773 2649 2867 2715; x_wconf 69' lang='grc' dir='ltr'>,ζει</span> <span class='ocrx_word' id='word_1_440' title='bbox 2905 2649 3047 2716; x_wconf 86' lang='lat' dir='ltr'><strong>quod</strong></span> <span class='ocrx_word' id='word_1_441' title='bbox 3101 2665 3207 2701; x_wconf 89' lang='lat' dir='ltr'><strong>non</strong></span> <span class='ocrx_word' id='word_1_442' title='bbox 3256 2658 3337 2703; x_wconf 82' lang='lat' dir='ltr'><strong>est</strong></span> <span class='ocrx_word' id='word_1_443' title='bbox 3365 2664 3554 2704; x_wconf 81' lang='lat' dir='ltr'><strong>servo-</strong></span> 
     </span>
    </p>
   </div>
   <div class='ocr_carea' id='block_1_59' title="bbox 1984 2739 3554 2810">
    <p class='ocr_par' dir='ltr' id='par_1_59' title="bbox 1984 2739 3554 2810">
     <span class='ocr_line' id='line_1_59' title="bbox 1984 2739 3554 2810; baseline 0.001 -17"><span class='ocrx_word' id='word_1_444' title='bbox 1984 2755 2122 2804; x_wconf 89' lang='lat' dir='ltr'><strong>rum,</strong></span> <span class='ocrx_word' id='word_1_445' title='bbox 2152 2740 2244 2793; x_wconf 88' lang='lat' dir='ltr'><strong>sed</strong></span> <span class='ocrx_word' id='word_1_446' title='bbox 2267 2754 2452 2808; x_wconf 84' lang='lat' dir='ltr'><strong>regum</strong></span> <span class='ocrx_word' id='word_1_447' title='bbox 2497 2740 2638 2793; x_wconf 82' lang='lat' dir='ltr'><strong>scias</strong></span> <span class='ocrx_word' id='word_1_448' title='bbox 2677 2739 3006 2801; x_wconf 86' lang='lat' dir='ltr'><strong>ministrum,</strong></span> <span class='ocrx_word' id='word_1_449' title='bbox 3065 2755 3185 2794; x_wconf 88' lang='lat' dir='ltr'><strong>esse</strong></span> <span class='ocrx_word' id='word_1_450' title='bbox 3225 2741 3405 2810; x_wconf 88' lang='lat' dir='ltr'><strong>ipsum</strong></span> <span class='ocrx_word' id='word_1_451' title='bbox 3431 2759 3554 2796; x_wconf 84' lang='lat' dir='ltr'><strong>om-</strong></span> 
     </span>
    </p>
   </div>
   <div class='ocr_carea' id='block_1_60' title="bbox 1985 2829 3554 2900">
    <p class='ocr_par' dir='ltr' id='par_1_60' title="bbox 1985 2829 3554 2900">
     <span class='ocr_line' id='line_1_60' title="bbox 1985 2829 3554 2900; baseline 0 -16"><span class='ocrx_word' id='word_1_452' title='bbox 1985 2831 2128 2884; x_wconf 89' lang='lat' dir='ltr'><strong>nium</strong></span> <span class='ocrx_word' id='word_1_453' title='bbox 2161 2829 2462 2884; x_wconf 84' lang='lat' dir='ltr'><strong>Dominum.</strong></span> <span class='ocrx_word' id='word_1_454' title='bbox 2496 2849 2516 2881; x_wconf 71' lang='grc' dir='ltr'><strong>ι</strong></span> <span class='ocrx_word' id='word_1_455' title='bbox 2552 2831 2876 2900; x_wconf 78' lang='lat' dir='ltr'><strong>Acciugetur</strong></span> <span class='ocrx_word' id='word_1_456' title='bbox 2938 2831 3082 2884; x_wconf 88' lang='lat' dir='ltr'><strong>enim</strong></span> <span class='ocrx_word' id='word_1_457' title='bbox 3113 2872 3129 2896; x_wconf 91' lang='lat'><strong>,</strong></span> <span class='ocrx_word' id='word_1_458' title='bbox 3157 2832 3353 2900; x_wconf 85' lang='lat' dir='ltr'><strong>inquit,</strong></span> <span class='ocrx_word' id='word_1_459' title='bbox 3385 2846 3437 2887; x_wconf 87' lang='lat' dir='ltr'><strong>et</strong></span> <span class='ocrx_word' id='word_1_460' title='bbox 3459 2849 3554 2887; x_wconf 87' lang='lat' dir='ltr'><strong>eos</strong></span> 
     </span>
    </p>
   </div>
   <div class='ocr_carea' id='block_1_61' title="bbox 1985 2920 3547 2992">
    <p class='ocr_par' dir='ltr' id='par_1_61' title="bbox 1985 2920 3547 2992">
     <span class='ocr_line' id='line_1_61' title="bbox 1985 2920 3547 2992; baseline 0.001 -20"><span class='ocrx_word' id='word_1_461' title='bbox 1985 2922 2142 2976; x_wconf 77' lang='lat' dir='ltr'><strong>faciet</strong></span> <span class='ocrx_word' id='word_1_462' title='bbox 2183 2923 2504 2976; x_wconf 86' lang='lat' dir='ltr'><strong>accumbere</strong></span> <span class='ocrx_word' id='word_1_463' title='bbox 2537 2961 2550 2984; x_wconf 86' lang='lat'><strong>,</strong></span> <span class='ocrx_word' id='word_1_464' title='bbox 2590 2932 2642 2975; x_wconf 92' lang='lat' dir='ltr'><strong>ct</strong></span> <span class='ocrx_word' id='word_1_465' title='bbox 2697 2922 2957 2976; x_wconf 88' lang='lat' dir='ltr'><strong>accedens</strong></span> <span class='ocrx_word' id='word_1_466' title='bbox 3004 2920 3335 2977; x_wconf 83' lang='lat' dir='ltr'><strong>ministrabit</strong></span> <span class='ocrx_word' id='word_1_467' title='bbox 3367 2923 3547 2992; x_wconf 60' lang='lat' dir='ltr'><strong>ipsis.»</strong></span> 
     </span>
    </p>
   </div>
   <div class='ocr_carea' id='block_1_62' title="bbox 308 3010 1880 3082">
    <p class='ocr_par' dir='ltr' id='par_1_62' title="bbox 308 3011 1880 3081">
     <span class='ocr_line' id='line_1_62' title="bbox 308 3011 1880 3081; baseline 0.001 -18"><span class='ocrx_word' id='word_1_468' title='bbox 308 3013 397 3063; x_wconf 81' lang='grc' dir='ltr'>ὅτι</span> <span class='ocrx_word' id='word_1_469' title='bbox 422 3012 584 3074; x_wconf 75' lang='grc' dir='ltr'>αὑτός</span> <span class='ocrx_word' id='word_1_470' title='bbox 613 3013 760 3064; x_wconf 76' lang='grc' dir='ltr'>ἐστιν</span> <span class='ocrx_word' id='word_1_471' title='bbox 789 3013 816 3064; x_wconf 85' lang='grc' dir='ltr'>ὁ</span> <span class='ocrx_word' id='word_1_472' title='bbox 856 3011 1075 3064; x_wconf 83' lang='grc' dir='ltr'>πάντων</span> <span class='ocrx_word' id='word_1_473' title='bbox 1122 3011 1421 3081; x_wconf 83' lang='grc' dir='ltr'>Δεσπότης.</span> <span class='ocrx_word' id='word_1_474' title='bbox 1457 3029 1475 3061; x_wconf 76' lang='grc' dir='ltr'><strong>ι</strong></span> <span class='ocrx_word' id='word_1_475' title='bbox 1512 3011 1880 3080; x_wconf 83' lang='grc' dir='ltr'>Περισὼζεται</span> 
     </span>
    </p>
   </div>
   <div class='ocr_carea' id='block_1_63' title="bbox 1984 3010 3551 3082">
    <p class='ocr_par' dir='ltr' id='par_1_63' title="bbox 1987 3010 3551 3078">
     <span class='ocr_line' id='line_1_63' title="bbox 1987 3010 3551 3078; baseline 0.001 -15"><span class='ocrx_word' id='word_1_476' title='bbox 1987 3010 2124 3076; x_wconf 89' lang='lat' dir='ltr'><strong>Quin</strong></span> <span class='ocrx_word' id='word_1_477' title='bbox 2157 3011 2318 3065; x_wconf 84' lang='lat' dir='ltr'><strong>etiam</strong></span> <span class='ocrx_word' id='word_1_478' title='bbox 2365 3012 2556 3064; x_wconf 80' lang='lat' dir='ltr'><strong>vestiet</strong></span> <span class='ocrx_word' id='word_1_479' title='bbox 2591 3025 2709 3064; x_wconf 92' lang='lat' dir='ltr'><strong>eum</strong></span> <span class='ocrx_word' id='word_1_480' title='bbox 2744 3011 2897 3078; x_wconf 70' lang='lat' dir='ltr'><strong>cuius</strong></span> <span class='ocrx_word' id='word_1_481' title='bbox 2938 3014 3190 3068; x_wconf 77' lang='lat' dir='ltr'><strong>misertus</strong></span> <span class='ocrx_word' id='word_1_482' title='bbox 3222 3014 3406 3078; x_wconf 78' lang='lat' dir='ltr'><strong>fuerit,</strong></span> <span class='ocrx_word' id='word_1_483' title='bbox 3432 3032 3551 3068; x_wconf 85' lang='lat' dir='ltr'><strong>cum</strong></span> 
     </span>
    </p>
   </div>
   <div class='ocr_carea' id='block_1_64' title="bbox 307 3102 1880 3173">
    <p class='ocr_par' dir='ltr' id='par_1_64' title="bbox 307 3102 1880 3173">
     <span class='ocr_line' id='line_1_64' title="bbox 307 3102 1880 3173; baseline -0.001 -18"><span class='ocrx_word' id='word_1_484' title='bbox 307 3106 447 3172; x_wconf 74' lang='grc' dir='ltr'>γὰρ,</span> <span class='ocrx_word' id='word_1_485' title='bbox 477 3105 634 3173; x_wconf 73' lang='grc' dir='ltr'>φησὶ,</span> <span class='ocrx_word' id='word_1_486' title='bbox 687 3103 781 3156; x_wconf 77' lang='grc' dir='ltr'><strong>καὶ</strong></span> <span class='ocrx_word' id='word_1_487' title='bbox 842 3103 1126 3155; x_wconf 83' lang='grc' dir='ltr'>ἀνακλινεῖ</span> <span class='ocrx_word' id='word_1_488' title='bbox 1175 3103 1395 3167; x_wconf 75' lang='grc' dir='ltr'>αὐτοὺς,</span> <span class='ocrx_word' id='word_1_489' title='bbox 1453 3103 1548 3155; x_wconf 74' lang='grc' dir='ltr'><strong>καὶ</strong></span> <span class='ocrx_word' id='word_1_490' title='bbox 1598 3102 1880 3172; x_wconf 80' lang='grc' dir='ltr'>παρελθὼν</span> 
     </span>
    </p>
   </div>
   <div class='ocr_carea' id='block_1_65' title="bbox 299 3189 1883 3261">
    <p class='ocr_par' dir='ltr' id='par_1_65' title="bbox 299 3189 1883 3261">
     <span class='ocr_line' id='line_1_65' title="bbox 299 3189 1883 3261; baseline -0.002 -16"><span class='ocrx_word' id='word_1_491' title='bbox 299 3193 626 3261; x_wconf 46' lang='grc' dir='ltr'>’διακονήσει</span> <span class='ocrx_word' id='word_1_492' title='bbox 664 3193 868 3254; x_wconf 85' lang='grc' dir='ltr'>αὐτοῖς.</span> <span class='ocrx_word' id='word_1_493' title='bbox 903 3211 920 3243; x_wconf 74' lang='grc' dir='ltr'><strong>ι</strong></span> <span class='ocrx_word' id='word_1_494' title='bbox 969 3189 1136 3244; x_wconf 85' lang='grc' dir='ltr'>Ἀλλά</span> <span class='ocrx_word' id='word_1_495' title='bbox 1197 3193 1290 3243; x_wconf 70' lang='grc' dir='ltr'>καὶ</span> <span class='ocrx_word' id='word_1_496' title='bbox 1330 3190 1617 3259; x_wconf 78' lang='grc' dir='ltr'>περιδαλεῖ</span> <span class='ocrx_word' id='word_1_497' title='bbox 1677 3191 1883 3259; x_wconf 78' lang='grc' dir='ltr'>γυμνὸν</span> 
     </span>
    </p>
   </div>
   <div class='ocr_carea' id='block_1_66' title="bbox 301 3279 1883 3352">
    <p class='ocr_par' dir='ltr' id='par_1_66' title="bbox 301 3279 1883 3352">
     <span class='ocr_line' id='line_1_66' title="bbox 301 3279 1883 3352; baseline -0.002 -16"><span class='ocrx_word' id='word_1_498' title='bbox 301 3284 447 3337; x_wconf 65' lang='grc' dir='ltr'>ἤντοι</span> <span class='ocrx_word' id='word_1_499' title='bbox 479 3283 568 3336; x_wconf 77' lang='grc' dir='ltr'>τὸν</span> <span class='ocrx_word' id='word_1_500' title='bbox 594 3283 919 3352; x_wconf 74' lang='grc' dir='ltr'>ἡλεημένον.</span> <span class='ocrx_word' id='word_1_501' title='bbox 951 3282 1165 3334; x_wconf 81' lang='grc' dir='ltr'>Οὐκοῦν</span> <span class='ocrx_word' id='word_1_502' title='bbox 1203 3279 1398 3350; x_wconf 80' lang='grc' dir='ltr'>στολὴν</span> <span class='ocrx_word' id='word_1_503' title='bbox 1451 3281 1610 3333; x_wconf 84' lang='grc' dir='ltr'>δώσει</span> <span class='ocrx_word' id='word_1_504' title='bbox 1677 3281 1883 3351; x_wconf 88' lang='grc' dir='ltr'>βασιλι-</span> 
     </span>
    </p>
   </div>
   <div class='ocr_carea' id='block_1_67' title="bbox 306 3371 1880 3445">
    <p class='ocr_par' dir='ltr' id='par_1_67' title="bbox 306 3371 1880 3445">
     <span class='ocr_line' id='line_1_67' title="bbox 306 3371 1880 3445; baseline -0.001 -16"><span class='ocrx_word' id='word_1_505' title='bbox 306 3380 420 3445; x_wconf 78' lang='grc' dir='ltr'>κήν</span> <span class='ocrx_word' id='word_1_506' title='bbox 448 3393 465 3442; x_wconf 90' lang='grc'><strong>;</strong></span> <span class='ocrx_word' id='word_1_507' title='bbox 495 3376 723 3428; x_wconf 86' lang='grc' dir='ltr'>Οῐκοθεν</span> <span class='ocrx_word' id='word_1_508' title='bbox 753 3375 862 3442; x_wconf 83' lang='grc' dir='ltr'>γὰρ</span> <span class='ocrx_word' id='word_1_509' title='bbox 917 3374 1078 3426; x_wconf 69' lang='grc' dir='ltr'>αὑτὶν</span> <span class='ocrx_word' id='word_1_510' title='bbox 1113 3372 1318 3426; x_wconf 79' lang='grc' dir='ltr'>ὲνδύσει</span> <span class='ocrx_word' id='word_1_511' title='bbox 1383 3371 1479 3426; x_wconf 75' lang='grc' dir='ltr'><strong>καῖ</strong></span> <span class='ocrx_word' id='word_1_512' title='bbox 1531 3372 1638 3425; x_wconf 87' lang='grc' dir='ltr'>τῶν</span> <span class='ocrx_word' id='word_1_513' title='bbox 1694 3373 1880 3428; x_wconf 77' lang='grc' dir='ltr'>αὐτοῦ.</span> 
     </span>
    </p>
   </div>
   <div class='ocr_carea' id='block_1_68' title="bbox 307 3455 1882 3536">
    <p class='ocr_par' dir='ltr' id='par_1_68' title="bbox 307 3455 1882 3536">
     <span class='ocr_line' id='line_1_68' title="bbox 307 3455 1882 3536; baseline -0.004 -13"><span class='ocrx_word' id='word_1_514' title='bbox 307 3467 575 3523; x_wconf 80' lang='grc' dir='ltr'>Δουλικδν</span> <span class='ocrx_word' id='word_1_515' title='bbox 594 3466 649 3518; x_wconf 84' lang='grc' dir='ltr'>δὲ</span> <span class='ocrx_word' id='word_1_516' title='bbox 678 3465 830 3519; x_wconf 79' lang='grc' dir='ltr'>οὐδὲν</span> <span class='ocrx_word' id='word_1_517' title='bbox 859 3463 988 3533; x_wconf 82' lang='grc' dir='ltr'>παρ’</span> <span class='ocrx_word' id='word_1_518' title='bbox 1015 3462 1164 3533; x_wconf 80' lang='grc' dir='ltr'>αὐτῷ</span> <span class='ocrx_word' id='word_1_519' title='bbox 1196 3463 1405 3531; x_wconf 83' lang='grc' dir='ltr'>βασιλεῖ</span> <span class='ocrx_word' id='word_1_520' title='bbox 1436 3455 1498 3531; x_wconf 85' lang='grc' dir='ltr'><strong>γε</strong></span> <span class='ocrx_word' id='word_1_521' title='bbox 1524 3464 1660 3527; x_wconf 83' lang='grc' dir='ltr'>δντι,</span> <span class='ocrx_word' id='word_1_522' title='bbox 1695 3465 1882 3536; x_wconf 85' lang='grc' dir='ltr'>ὥσπερ</span> 
     </span>
    </p>
   </div>
   <div class='ocr_carea' id='block_1_69' title="bbox 307 3551 1882 3628">
    <p class='ocr_par' dir='ltr' id='par_1_69' title="bbox 307 3551 1882 3628">
     <span class='ocr_line' id='line_1_69' title="bbox 307 3551 1882 3628; baseline -0.001 -16"><span class='ocrx_word' id='word_1_523' title='bbox 307 3560 471 3612; x_wconf 70' lang='grc' dir='ltr'>οὐδὲν</span> <span class='ocrx_word' id='word_1_524' title='bbox 505 3558 635 3628; x_wconf 78' lang='grc' dir='ltr'>παρ’</span> <span class='ocrx_word' id='word_1_525' title='bbox 671 3559 804 3626; x_wconf 81' lang='grc' dir='ltr'>ἡμῖν</span> <span class='ocrx_word' id='word_1_526' title='bbox 839 3557 1052 3609; x_wconf 76' lang='grc' dir='ltr'>οἴκοθεν</span> <span class='ocrx_word' id='word_1_527' title='bbox 1073 3554 1372 3624; x_wconf 78' lang='grc' dir='ltr'>βασιλικὸν,</span> <span class='ocrx_word' id='word_1_528' title='bbox 1412 3551 1530 3608; x_wconf 74' lang='grc' dir='ltr'>οὖσί</span> <span class='ocrx_word' id='word_1_529' title='bbox 1560 3573 1621 3624; x_wconf 87' lang='grc' dir='ltr'><strong>γε</strong></span> <span class='ocrx_word' id='word_1_530' title='bbox 1654 3555 1882 3620; x_wconf 86' lang='grc' dir='ltr'>δούλοις.</span> 
     </span>
    </p>
   </div>
   <div class='ocr_carea' id='block_1_70' title="bbox 303 3645 1882 3717">
    <p class='ocr_par' dir='ltr' id='par_1_70' title="bbox 303 3645 1882 3717">
     <span class='ocr_line' id='line_1_70' title="bbox 303 3645 1882 3717; baseline -0.002 -13"><span class='ocrx_word' id='word_1_531' title='bbox 303 3653 491 3703; x_wconf 80' lang='grc' dir='ltr'>Τοῦτο</span> <span class='ocrx_word' id='word_1_532' title='bbox 521 3651 579 3702; x_wconf 80' lang='grc' dir='ltr'><strong>δέ</strong></span> <span class='ocrx_word' id='word_1_533' title='bbox 617 3650 732 3700; x_wconf 79' lang='grc' dir='ltr'>ἐστι</span> <span class='ocrx_word' id='word_1_534' title='bbox 765 3647 823 3700; x_wconf 86' lang='grc' dir='ltr'>τὸ</span> <span class='ocrx_word' id='word_1_535' title='bbox 854 3647 1057 3717; x_wconf 76' lang='grc' dir='ltr'>ἔνδυμα</span> <span class='ocrx_word' id='word_1_536' title='bbox 1091 3645 1182 3698; x_wconf 77' lang='grc' dir='ltr'><strong>τοῦ</strong></span> <span class='ocrx_word' id='word_1_537' title='bbox 1216 3647 1414 3716; x_wconf 85' lang='grc' dir='ltr'>γάμου,</span> <span class='ocrx_word' id='word_1_538' title='bbox 1449 3647 1587 3717; x_wconf 81' lang='grc' dir='ltr'>ὅπερ</span> <span class='ocrx_word' id='word_1_539' title='bbox 1615 3649 1741 3711; x_wconf 77' lang='grc' dir='ltr'>τοὺς</span> <span class='ocrx_word' id='word_1_540' title='bbox 1788 3666 1882 3702; x_wconf 84' lang='grc' dir='ltr'>πε-</span> 
     </span>
    </p>
   </div>
   <div class='ocr_carea' id='block_1_71' title="bbox 309 3736 1882 3812">
    <p class='ocr_par' dir='ltr' id='par_1_71' title="bbox 309 3736 1882 3812">
     <span class='ocr_line' id='line_1_71' title="bbox 309 3736 1882 3812; baseline -0.003 -16"><span class='ocrx_word' id='word_1_541' title='bbox 309 3743 669 3812; x_wconf 85' lang='grc' dir='ltr'>ρικειμένους</span> <span class='ocrx_word' id='word_1_542' title='bbox 695 3739 842 3792; x_wconf 73' lang='grc' dir='ltr'>ἔνδον</span> <span class='ocrx_word' id='word_1_543' title='bbox 873 3738 1090 3807; x_wconf 85' lang='grc' dir='ltr'>ἀνάγκη</span> <span class='ocrx_word' id='word_1_544' title='bbox 1115 3739 1215 3806; x_wconf 82' lang='grc' dir='ltr'><strong>τῆς</strong></span> <span class='ocrx_word' id='word_1_545' title='bbox 1246 3739 1525 3808; x_wconf 81' lang='grc' dir='ltr'>βασιλείας</span> <span class='ocrx_word' id='word_1_546' title='bbox 1561 3736 1701 3793; x_wconf 85' lang='grc' dir='ltr'>εἴναι</span> <span class='ocrx_word' id='word_1_547' title='bbox 1731 3756 1744 3770; x_wconf 76' lang='grc' dir='ltr'><strong><em>ο</em></strong></span> <span class='ocrx_word' id='word_1_548' title='bbox 1802 3741 1882 3794; x_wconf 81' lang='grc' dir='ltr'>ὅτι</span> 
     </span>
    </p>
   </div>
   <div class='ocr_carea' id='block_1_72' title="bbox 301 3831 1884 3901">
    <p class='ocr_par' dir='ltr' id='par_1_72' title="bbox 301 3831 1884 3901">
     <span class='ocr_line' id='line_1_72' title="bbox 301 3831 1884 3901; baseline -0.003 -13"><span class='ocrx_word' id='word_1_549' title='bbox 301 3837 465 3888; x_wconf 70' lang='grc' dir='ltr'>οὐδὲν</span> <span class='ocrx_word' id='word_1_550' title='bbox 499 3835 616 3900; x_wconf 72' lang='grc' dir='ltr'>ἔξει</span> <span class='ocrx_word' id='word_1_551' title='bbox 656 3834 682 3884; x_wconf 85' lang='grc' dir='ltr'>ὁ</span> <span class='ocrx_word' id='word_1_552' title='bbox 734 3831 1008 3900; x_wconf 76' lang='grc' dir='ltr'>βασιλεὺς,</span> <span class='ocrx_word' id='word_1_553' title='bbox 1063 3832 1090 3882; x_wconf 85' lang='grc' dir='ltr'>ὁ</span> <span class='ocrx_word' id='word_1_554' title='bbox 1127 3831 1481 3901; x_wconf 76' lang='grc' dir='ltr'>μεμψάμενος</span> <span class='ocrx_word' id='word_1_555' title='bbox 1530 3831 1744 3893; x_wconf 74' lang='grc' dir='ltr'>αὐτοὺς,</span> <span class='ocrx_word' id='word_1_556' title='bbox 1782 3833 1884 3884; x_wconf 57' lang='grc' dir='ltr'><strong>ἐκέ</strong></span> 
     </span>
    </p>
   </div>
   <div class='ocr_carea' id='block_1_73' title="bbox 301 3921 1884 3992">
    <p class='ocr_par' dir='ltr' id='par_1_73' title="bbox 301 3921 1884 3992">
     <span class='ocr_line' id='line_1_73' title="bbox 301 3921 1884 3992; baseline -0.008 -12"><span class='ocrx_word' id='word_1_557' title='bbox 301 3927 468 3979; x_wconf 79' lang='grc' dir='ltr'>ϐαλεῖ</span> <span class='ocrx_word' id='word_1_558' title='bbox 528 3924 624 3977; x_wconf 80' lang='grc' dir='ltr'><strong>τοῦ</strong></span> <span class='ocrx_word' id='word_1_559' title='bbox 680 3924 988 3992; x_wconf 65' lang='grc' dir='ltr'>νυμφῶνος.</span> <span class='ocrx_word' id='word_1_560' title='bbox 1031 3922 1097 3973; x_wconf 79' lang='grc' dir='ltr'>Τί</span> <span class='ocrx_word' id='word_1_561' title='bbox 1143 3923 1258 3985; x_wconf 76' lang='grc' dir='ltr'>ἔτις</span> <span class='ocrx_word' id='word_1_562' title='bbox 1295 3922 1428 3990; x_wconf 74' lang='grc' dir='ltr'><strong>⁸Τὴν</strong></span> <span class='ocrx_word' id='word_1_563' title='bbox 1484 3921 1662 3974; x_wconf 77' lang='grc' dir='ltr'>οἰκίαν</span> <span class='ocrx_word' id='word_1_564' title='bbox 1702 3921 1884 3983; x_wconf 78' lang='grc' dir='ltr'>αὐτοῖς</span> 
     </span>
    </p>
   </div>
   <div class='ocr_carea' id='block_1_74' title="bbox 301 4011 1882 4087">
    <p class='ocr_par' dir='ltr' id='par_1_74' title="bbox 301 4011 1882 4087">
     <span class='ocr_line' id='line_1_74' title="bbox 301 4011 1882 4087; baseline -0.004 -15"><span class='ocrx_word' id='word_1_565' title='bbox 301 4018 518 4083; x_wconf 83' lang='grc' dir='ltr'>ἀνοίξει</span> <span class='ocrx_word' id='word_1_566' title='bbox 584 4016 682 4087; x_wconf 77' lang='grc' dir='ltr'>τὴν</span> <span class='ocrx_word' id='word_1_567' title='bbox 736 4013 930 4068; x_wconf 78' lang='grc' dir='ltr'>ἑαυτοῦ</span> <span class='ocrx_word' id='word_1_568' title='bbox 961 4031 974 4044; x_wconf 75' lang='grc'><strong>⁸</strong></span> <span class='ocrx_word' id='word_1_569' title='bbox 1047 4015 1140 4068; x_wconf 79' lang='grc' dir='ltr'>καὶ</span> <span class='ocrx_word' id='word_1_570' title='bbox 1196 4012 1504 4080; x_wconf 76' lang='grc' dir='ltr'>εἰσαγαγὼν</span> <span class='ocrx_word' id='word_1_571' title='bbox 1555 4011 1882 4065; x_wconf 84' lang='grc' dir='ltr'>ἀναπαύσει.</span> 
     </span>
    </p>
   </div>
   <div class='ocr_carea' id='block_1_75' title="bbox 307 4102 1884 4177">
    <p class='ocr_par' dir='ltr' id='par_1_75' title="bbox 307 4102 1884 4177">
     <span class='ocr_line' id='line_1_75' title="bbox 307 4102 1884 4177; baseline -0.007 -13"><span class='ocrx_word' id='word_1_572' title='bbox 307 4129 322 4164; x_wconf 69' lang='grc' dir='ltr'><strong>ε</strong></span> <span class='ocrx_word' id='word_1_573' title='bbox 373 4108 539 4173; x_wconf 77' lang='grc' dir='ltr'>Ξένος</span> <span class='ocrx_word' id='word_1_574' title='bbox 569 4109 677 4177; x_wconf 78' lang='grc' dir='ltr'>γὰρ</span> <span class='ocrx_word' id='word_1_575' title='bbox 709 4109 880 4177; x_wconf 78' lang='grc' dir='ltr'>ἥμην,</span> <span class='ocrx_word' id='word_1_576' title='bbox 926 4109 1020 4159; x_wconf 74' lang='grc' dir='ltr'>καὶ</span> <span class='ocrx_word' id='word_1_577' title='bbox 1054 4104 1399 4172; x_wconf 82' lang='grc' dir='ltr'>συνηγάγετέ</span> <span class='ocrx_word' id='word_1_578' title='bbox 1445 4119 1533 4169; x_wconf 85' lang='grc' dir='ltr'><strong>με.</strong></span> <span class='ocrx_word' id='word_1_579' title='bbox 1583 4120 1603 4154; x_wconf 72' lang='grc' dir='ltr'><strong>ι</strong></span> <span class='ocrx_word' id='word_1_580' title='bbox 1651 4102 1789 4153; x_wconf 73' lang='grc' dir='ltr'>Ἀλλ’</span> <span class='ocrx_word' id='word_1_581' title='bbox 1833 4102 1884 4153; x_wconf 80' lang='grc' dir='ltr'><strong>οῖ</strong></span> 
     </span>
    </p>
   </div>
   <div class='ocr_carea' id='block_1_76' title="bbox 296 4192 1883 4271">
    <p class='ocr_par' dir='ltr' id='par_1_76' title="bbox 296 4192 1883 4271">
     <span class='ocr_line' id='line_1_76' title="bbox 296 4192 1883 4271; baseline -0.006 -15"><span class='ocrx_word' id='word_1_582' title='bbox 296 4203 518 4271; x_wconf 82' lang='grc' dir='ltr'>ταύτης</span> <span class='ocrx_word' id='word_1_583' title='bbox 551 4201 651 4268; x_wconf 81' lang='grc' dir='ltr'><strong>τῆς</strong></span> <span class='ocrx_word' id='word_1_584' title='bbox 684 4199 906 4268; x_wconf 82' lang='grc' dir='ltr'>χάριτος</span> <span class='ocrx_word' id='word_1_585' title='bbox 933 4197 1264 4265; x_wconf 83' lang='grc' dir='ltr'>ἀξιούμενοι,</span> <span class='ocrx_word' id='word_1_586' title='bbox 1298 4195 1397 4247; x_wconf 83' lang='grc' dir='ltr'>οὐκ</span> <span class='ocrx_word' id='word_1_587' title='bbox 1426 4193 1505 4245; x_wconf 77' lang='grc' dir='ltr'>ἔτι</span> <span class='ocrx_word' id='word_1_588' title='bbox 1527 4192 1883 4259; x_wconf 82' lang='grc' dir='ltr'>δούλοι,ἀλλά</span> 
     </span>
    </p>
   </div>
   <div class='ocr_carea' id='block_1_77' title="bbox 301 4286 1883 4361">
    <p class='ocr_par' dir='ltr' id='par_1_77' title="bbox 301 4286 1883 4361">
     <span class='ocr_line' id='line_1_77' title="bbox 301 4286 1883 4361; baseline -0.006 -15"><span class='ocrx_word' id='word_1_589' title='bbox 301 4294 437 4349; x_wconf 69' lang='grc' dir='ltr'>υἱοί.</span> <span class='ocrx_word' id='word_1_590' title='bbox 473 4311 493 4344; x_wconf 75' lang='grc' dir='ltr'><strong>σ</strong></span> <span class='ocrx_word' id='word_1_591' title='bbox 535 4294 602 4345; x_wconf 87' lang='lat'><strong>&#39;0</strong></span> <span class='ocrx_word' id='word_1_592' title='bbox 635 4292 743 4361; x_wconf 79' lang='grc' dir='ltr'>γὰρ</span> <span class='ocrx_word' id='word_1_593' title='bbox 764 4291 980 4355; x_wconf 82' lang='grc' dir='ltr'>δοῦλος,</span> <span class='ocrx_word' id='word_1_594' title='bbox 1017 4291 1204 4358; x_wconf 73' lang='grc' dir='ltr'>φησὶν,</span> <span class='ocrx_word' id='word_1_595' title='bbox 1241 4290 1301 4342; x_wconf 85' lang='grc' dir='ltr'><strong>ού</strong></span> <span class='ocrx_word' id='word_1_596' title='bbox 1349 4287 1501 4358; x_wconf 81' lang='grc' dir='ltr'>μένει</span> <span class='ocrx_word' id='word_1_597' title='bbox 1526 4289 1584 4340; x_wconf 80' lang='grc' dir='ltr'>ὲν</span> <span class='ocrx_word' id='word_1_598' title='bbox 1640 4290 1704 4357; x_wconf 82' lang='grc' dir='ltr'>τῇ</span> <span class='ocrx_word' id='word_1_599' title='bbox 1737 4286 1883 4356; x_wconf 73' lang='grc' dir='ltr'>οἰκίᾳ</span> 
     </span>
    </p>
   </div>
   <div class='ocr_carea' id='block_1_78' title="bbox 1982 3101 3549 3172">
    <p class='ocr_par' dir='ltr' id='par_1_78' title="bbox 1982 3101 3549 3172">
     <span class='ocr_line' id='line_1_78' title="bbox 1982 3101 3549 3172; baseline 0.002 -17"><span class='ocrx_word' id='word_1_600' title='bbox 1982 3103 2051 3155; x_wconf 86' lang='lat' dir='ltr'><strong>sit</strong></span> <span class='ocrx_word' id='word_1_601' title='bbox 2076 3103 2270 3155; x_wconf 90' lang='lat' dir='ltr'><strong>nudus.</strong></span> <span class='ocrx_word' id='word_1_602' title='bbox 2307 3101 2460 3155; x_wconf 87' lang='lat' dir='ltr'><strong>Dabit</strong></span> <span class='ocrx_word' id='word_1_603' title='bbox 2482 3117 2609 3169; x_wconf 85' lang='lat' dir='ltr'><strong>ergo</strong></span> <span class='ocrx_word' id='word_1_604' title='bbox 2633 3111 2830 3154; x_wconf 83' lang='lat' dir='ltr'><strong>vestem</strong></span> <span class='ocrx_word' id='word_1_605' title='bbox 2862 3104 3117 3172; x_wconf 75' lang='lat' dir='ltr'><strong>regalem;</strong></span> <span class='ocrx_word' id='word_1_606' title='bbox 3169 3119 3200 3158; x_wconf 91' lang='lat' dir='ltr'><strong>e</strong></span> <span class='ocrx_word' id='word_1_607' title='bbox 3226 3107 3383 3158; x_wconf 84' lang='lat' dir='ltr'><strong>domo</strong></span> <span class='ocrx_word' id='word_1_608' title='bbox 3406 3107 3549 3158; x_wconf 89' lang='lat' dir='ltr'><strong>enim</strong></span> 
     </span>
    </p>
   </div>
   <div class='ocr_carea' id='block_1_79' title="bbox 1981 3190 3549 3262">
    <p class='ocr_par' dir='ltr' id='par_1_79' title="bbox 1981 3190 3549 3262">
     <span class='ocr_line' id='line_1_79' title="bbox 1981 3190 3549 3262; baseline 0.001 -15"><span class='ocrx_word' id='word_1_609' title='bbox 1981 3203 2037 3247; x_wconf 86' lang='lat' dir='ltr'><strong>et</strong></span> <span class='ocrx_word' id='word_1_610' title='bbox 2064 3207 2134 3246; x_wconf 74' lang='lat' dir='ltr'><strong>ex</strong></span> <span class='ocrx_word' id='word_1_611' title='bbox 2183 3190 2295 3244; x_wconf 87' lang='lat' dir='ltr'><strong>suis</strong></span> <span class='ocrx_word' id='word_1_612' title='bbox 2347 3205 2470 3244; x_wconf 91' lang='lat' dir='ltr'><strong>eum</strong></span> <span class='ocrx_word' id='word_1_613' title='bbox 2521 3191 2732 3244; x_wconf 75' lang='lat' dir='ltr'><strong>induet.</strong></span> <span class='ocrx_word' id='word_1_614' title='bbox 2765 3191 2906 3245; x_wconf 81' lang='lat' dir='ltr'><strong>Nihil</strong></span> <span class='ocrx_word' id='word_1_615' title='bbox 2936 3203 3015 3246; x_wconf 80' lang='lat' dir='ltr'><strong>est</strong></span> <span class='ocrx_word' id='word_1_616' title='bbox 3043 3204 3222 3247; x_wconf 83' lang='lat' dir='ltr'><strong>autem</strong></span> <span class='ocrx_word' id='word_1_617' title='bbox 3257 3197 3395 3262; x_wconf 91' lang='lat' dir='ltr'><strong>apud</strong></span> <span class='ocrx_word' id='word_1_618' title='bbox 3427 3210 3549 3250; x_wconf 88' lang='lat' dir='ltr'><strong>eum</strong></span> 
     </span>
    </p>
   </div>
   <div class='ocr_carea' id='block_1_80' title="bbox 1984 3281 3552 3352">
    <p class='ocr_par' dir='ltr' id='par_1_80' title="bbox 1984 3281 3552 3352">
     <span class='ocr_line' id='line_1_80' title="bbox 1984 3281 3552 3352; baseline 0 -14"><span class='ocrx_word' id='word_1_619' title='bbox 1984 3283 2198 3350; x_wconf 79' lang='lat' dir='ltr'><strong>servile,</strong></span> <span class='ocrx_word' id='word_1_620' title='bbox 2235 3296 2357 3336; x_wconf 87' lang='lat' dir='ltr'><strong>eum</strong></span> <span class='ocrx_word' id='word_1_621' title='bbox 2399 3281 2467 3335; x_wconf 91' lang='lat' dir='ltr'><strong>sit</strong></span> <span class='ocrx_word' id='word_1_622' title='bbox 2492 3282 2765 3342; x_wconf 77' lang='lat' dir='ltr'><strong>rex,sicut</strong></span> <span class='ocrx_word' id='word_1_623' title='bbox 2793 3283 2923 3335; x_wconf 89' lang='lat' dir='ltr'><strong>nihil</strong></span> <span class='ocrx_word' id='word_1_624' title='bbox 2947 3292 3027 3336; x_wconf 89' lang='lat' dir='ltr'><strong>cst</strong></span> <span class='ocrx_word' id='word_1_625' title='bbox 3047 3285 3186 3352; x_wconf 88' lang='lat' dir='ltr'><strong>apud</strong></span> <span class='ocrx_word' id='word_1_626' title='bbox 3207 3301 3310 3341; x_wconf 88' lang='lat' dir='ltr'><strong>uos</strong></span> <span class='ocrx_word' id='word_1_627' title='bbox 3340 3302 3372 3340; x_wconf 89' lang='lat' dir='ltr'><strong>e</strong></span> <span class='ocrx_word' id='word_1_628' title='bbox 3393 3289 3552 3340; x_wconf 84' lang='lat' dir='ltr'><strong>domo</strong></span> 
     </span>
    </p>
   </div>
   <div class='ocr_carea' id='block_1_81' title="bbox 1986 3371 3551 3442">
    <p class='ocr_par' dir='ltr' id='par_1_81' title="bbox 1986 3371 3551 3442">
     <span class='ocr_line' id='line_1_81' title="bbox 1986 3371 3551 3442; baseline 0 -14"><span class='ocrx_word' id='word_1_629' title='bbox 1986 3374 2186 3442; x_wconf 78' lang='lat' dir='ltr'><strong>regale,</strong></span> <span class='ocrx_word' id='word_1_630' title='bbox 2245 3387 2368 3427; x_wconf 89' lang='lat' dir='ltr'><strong>cum</strong></span> <span class='ocrx_word' id='word_1_631' title='bbox 2398 3373 2537 3428; x_wconf 82' lang='lat' dir='ltr'><strong>servi</strong></span> <span class='ocrx_word' id='word_1_632' title='bbox 2571 3373 2756 3426; x_wconf 86' lang='lat' dir='ltr'><strong>simus.</strong></span> <span class='ocrx_word' id='word_1_633' title='bbox 2789 3371 2903 3427; x_wconf 89' lang='lat' dir='ltr'><strong>lloc</strong></span> <span class='ocrx_word' id='word_1_634' title='bbox 2931 3383 3013 3429; x_wconf 91' lang='lat' dir='ltr'><strong>est</strong></span> <span class='ocrx_word' id='word_1_635' title='bbox 3051 3384 3232 3428; x_wconf 88' lang='lat' dir='ltr'><strong>autem</strong></span> <span class='ocrx_word' id='word_1_636' title='bbox 3265 3376 3551 3430; x_wconf 80' lang='lat' dir='ltr'><strong>indumen—</strong></span> 
     </span>
    </p>
   </div>
   <div class='ocr_carea' id='block_1_82' title="bbox 1985 3463 3553 3534">
    <p class='ocr_par' dir='ltr' id='par_1_82' title="bbox 1985 3463 3553 3534">
     <span class='ocr_line' id='line_1_82' title="bbox 1985 3463 3553 3534; baseline 0.003 -17"><span class='ocrx_word' id='word_1_637' title='bbox 1985 3474 2095 3518; x_wconf 87' lang='lat' dir='ltr'><strong>tum</strong></span> <span class='ocrx_word' id='word_1_638' title='bbox 2142 3464 2378 3534; x_wconf 85' lang='lat' dir='ltr'><strong>nuptiale</strong></span> <span class='ocrx_word' id='word_1_639' title='bbox 2432 3478 2537 3532; x_wconf 88' lang='lat' dir='ltr'><strong>quo</strong></span> <span class='ocrx_word' id='word_1_640' title='bbox 2567 3464 2657 3532; x_wconf 89' lang='lat' dir='ltr'><strong>qui</strong></span> <span class='ocrx_word' id='word_1_641' title='bbox 2713 3463 2884 3517; x_wconf 91' lang='lat' dir='ltr'><strong>induti</strong></span> <span class='ocrx_word' id='word_1_642' title='bbox 2911 3472 3055 3529; x_wconf 88' lang='lat' dir='ltr'><strong>sunt,</strong></span> <span class='ocrx_word' id='word_1_643' title='bbox 3091 3480 3312 3520; x_wconf 87' lang='lat' dir='ltr'><strong>necesse</strong></span> <span class='ocrx_word' id='word_1_644' title='bbox 3347 3475 3430 3520; x_wconf 87' lang='lat' dir='ltr'><strong>est</strong></span> <span class='ocrx_word' id='word_1_645' title='bbox 3457 3482 3553 3521; x_wconf 86' lang='lat' dir='ltr'><strong>eos</strong></span> 
     </span>
    </p>
   </div>
   <div class='ocr_carea' id='block_1_83' title="bbox 1982 3558 3548 3630">
    <p class='ocr_par' dir='ltr' id='par_1_83' title="bbox 1982 3558 3548 3630">
     <span class='ocr_line' id='line_1_83' title="bbox 1982 3558 3548 3630; baseline 0 -18"><span class='ocrx_word' id='word_1_646' title='bbox 1982 3559 2134 3627; x_wconf 78' lang='lat' dir='ltr'><strong>regni</strong></span> <span class='ocrx_word' id='word_1_647' title='bbox 2197 3573 2340 3614; x_wconf 88' lang='lat' dir='ltr'><strong>esse.</strong></span> <span class='ocrx_word' id='word_1_648' title='bbox 2379 3558 2522 3613; x_wconf 81' lang='lat' dir='ltr'><strong>Nihil</strong></span> <span class='ocrx_word' id='word_1_649' title='bbox 2555 3559 2697 3613; x_wconf 90' lang='lat' dir='ltr'><strong>enim</strong></span> <span class='ocrx_word' id='word_1_650' title='bbox 2727 3559 2888 3613; x_wconf 86' lang='lat' dir='ltr'><strong>habet</strong></span> <span class='ocrx_word' id='word_1_651' title='bbox 2932 3575 3047 3626; x_wconf 85' lang='lat' dir='ltr'><strong>rex,</strong></span> <span class='ocrx_word' id='word_1_652' title='bbox 3067 3560 3210 3630; x_wconf 89' lang='lat' dir='ltr'><strong>quod</strong></span> <span class='ocrx_word' id='word_1_653' title='bbox 3234 3576 3355 3616; x_wconf 90' lang='lat' dir='ltr'><strong>cum</strong></span> <span class='ocrx_word' id='word_1_654' title='bbox 3385 3563 3438 3616; x_wconf 90' lang='lat' dir='ltr'><strong>in</strong></span> <span class='ocrx_word' id='word_1_655' title='bbox 3465 3562 3548 3617; x_wconf 62' lang='lat' dir='ltr'><strong>ei.-</strong></span> 
     </span>
    </p>
   </div>
   <div class='ocr_carea' id='block_1_84' title="bbox 1985 3650 3549 3721">
    <p class='ocr_par' dir='ltr' id='par_1_84' title="bbox 1985 3650 3549 3721">
     <span class='ocr_line' id='line_1_84' title="bbox 1985 3650 3549 3721; baseline 0.001 -17"><span class='ocrx_word' id='word_1_656' title='bbox 1985 3650 2407 3720; x_wconf 85' lang='lat' dir='ltr'><strong>reprebenderit,</strong></span> <span class='ocrx_word' id='word_1_657' title='bbox 2470 3666 2531 3704; x_wconf 78' lang='lat' dir='ltr'><strong>ex</strong></span> <span class='ocrx_word' id='word_1_658' title='bbox 2560 3651 2887 3719; x_wconf 85' lang='lat' dir='ltr'><strong>nuptialibus</strong></span> <span class='ocrx_word' id='word_1_659' title='bbox 2929 3652 3130 3706; x_wconf 66' lang='lat' dir='ltr'><strong>aedibus</strong></span> <span class='ocrx_word' id='word_1_660' title='bbox 3151 3653 3354 3720; x_wconf 82' lang='lat' dir='ltr'><strong>ejiciat.</strong></span> <span class='ocrx_word' id='word_1_661' title='bbox 3407 3655 3549 3721; x_wconf 85' lang='lat' dir='ltr'><strong>Quid</strong></span> 
     </span>
    </p>
   </div>
   <div class='ocr_carea' id='block_1_85' title="bbox 1984 3740 3550 3811">
    <p class='ocr_par' dir='ltr' id='par_1_85' title="bbox 1984 3740 3550 3811">
     <span class='ocr_line' id='line_1_85' title="bbox 1984 3740 3550 3811; baseline 0.004 -17"><span class='ocrx_word' id='word_1_662' title='bbox 1984 3740 2279 3810; x_wconf 71' lang='lat' dir='ltr'><strong>prmterea?</strong></span> <span class='ocrx_word' id='word_1_663' title='bbox 2314 3743 2530 3794; x_wconf 89' lang='lat' dir='ltr'><strong>domum</strong></span> <span class='ocrx_word' id='word_1_664' title='bbox 2559 3742 2638 3795; x_wconf 89' lang='lat' dir='ltr'><strong>eis</strong></span> <span class='ocrx_word' id='word_1_665' title='bbox 2671 3757 2823 3796; x_wconf 86' lang='lat' dir='ltr'><strong>suam</strong></span> <span class='ocrx_word' id='word_1_666' title='bbox 2879 3743 3104 3811; x_wconf 80' lang='lat' dir='ltr'><strong>aperiet,</strong></span> <span class='ocrx_word' id='word_1_667' title='bbox 3136 3755 3190 3798; x_wconf 90' lang='lat' dir='ltr'><strong>et</strong></span> <span class='ocrx_word' id='word_1_668' title='bbox 3216 3746 3550 3800; x_wconf 76' lang='lat' dir='ltr'><strong>introductos</strong></span> 
     </span>
    </p>
   </div>
   <div class='ocr_carea' id='block_1_86' title="bbox 1983 3830 3548 3900">
    <p class='ocr_par' dir='ltr' id='par_1_86' title="bbox 1983 3830 3548 3900">
     <span class='ocr_line' id='line_1_86' title="bbox 1983 3830 3548 3900; baseline 0.006 -17"><span class='ocrx_word' id='word_1_669' title='bbox 1983 3830 2146 3885; x_wconf 79' lang='lat' dir='ltr'><strong>faciet</strong></span> <span class='ocrx_word' id='word_1_670' title='bbox 2175 3833 2476 3899; x_wconf 87' lang='lat' dir='ltr'><strong>quiescere.</strong></span> <span class='ocrx_word' id='word_1_671' title='bbox 2511 3830 2751 3900; x_wconf 68' lang='lat' dir='ltr'><strong>«Hospes</strong></span> <span class='ocrx_word' id='word_1_672' title='bbox 2783 3833 2923 3886; x_wconf 86' lang='lat' dir='ltr'><strong>enim</strong></span> <span class='ocrx_word' id='word_1_673' title='bbox 2959 3847 3109 3888; x_wconf 88' lang='lat' dir='ltr'><strong>eram</strong></span> <span class='ocrx_word' id='word_1_674' title='bbox 3141 3872 3158 3899; x_wconf 88' lang='lat'><strong>,</strong></span> <span class='ocrx_word' id='word_1_675' title='bbox 3189 3847 3241 3890; x_wconf 92' lang='lat' dir='ltr'><strong>et</strong></span> <span class='ocrx_word' id='word_1_676' title='bbox 3273 3853 3357 3890; x_wconf 90' lang='lat' dir='ltr'><strong>me</strong></span> <span class='ocrx_word' id='word_1_677' title='bbox 3382 3839 3548 3892; x_wconf 84' lang='lat' dir='ltr'><strong>colle-</strong></span> 
     </span>
    </p>
   </div>
   <div class='ocr_carea' id='block_1_87' title="bbox 1984 3921 3549 3990">
    <p class='ocr_par' dir='ltr' id='par_1_87' title="bbox 1984 3921 3549 3990">
     <span class='ocr_line' id='line_1_87' title="bbox 1984 3921 3549 3990; baseline 0.004 -17"><span class='ocrx_word' id='word_1_678' title='bbox 1984 3922 2159 3990; x_wconf 80' lang='lat' dir='ltr'><strong>gistis.</strong></span> <span class='ocrx_word' id='word_1_679' title='bbox 2193 3941 2211 3973; x_wconf 79' lang='grc' dir='ltr'><strong>ι</strong></span> <span class='ocrx_word' id='word_1_680' title='bbox 2249 3921 2353 3976; x_wconf 89' lang='lat' dir='ltr'><strong>Sed</strong></span> <span class='ocrx_word' id='word_1_681' title='bbox 2385 3926 2471 3990; x_wconf 87' lang='lat' dir='ltr'><strong>qui</strong></span> <span class='ocrx_word' id='word_1_682' title='bbox 2507 3925 2607 3977; x_wconf 81' lang='lat' dir='ltr'><strong>hac</strong></span> <span class='ocrx_word' id='word_1_683' title='bbox 2639 3925 2809 3990; x_wconf 76' lang='lat' dir='ltr'><strong>gratia</strong></span> <span class='ocrx_word' id='word_1_684' title='bbox 2866 3924 3072 3990; x_wconf 75' lang='lat' dir='ltr'><strong>dignati</strong></span> <span class='ocrx_word' id='word_1_685' title='bbox 3114 3935 3260 3990; x_wconf 91' lang='lat' dir='ltr'><strong>sunt,</strong></span> <span class='ocrx_word' id='word_1_686' title='bbox 3289 3942 3392 3979; x_wconf 92' lang='lat' dir='ltr'><strong>nou</strong></span> <span class='ocrx_word' id='word_1_687' title='bbox 3436 3945 3549 3980; x_wconf 87' lang='lat' dir='ltr'><strong>am-</strong></span> 
     </span>
    </p>
   </div>
   <div class='ocr_carea' id='block_1_88' title="bbox 1987 4013 3543 4084">
    <p class='ocr_par' dir='ltr' id='par_1_88' title="bbox 1987 4013 3543 4084">
     <span class='ocr_line' id='line_1_88' title="bbox 1987 4013 3543 4084; baseline 0.003 -18"><span class='ocrx_word' id='word_1_688' title='bbox 1987 4014 2125 4082; x_wconf 86' lang='lat' dir='ltr'><strong>plius</strong></span> <span class='ocrx_word' id='word_1_689' title='bbox 2173 4014 2423 4066; x_wconf 86' lang='lat' dir='ltr'><strong>serviDei</strong></span> <span class='ocrx_word' id='word_1_690' title='bbox 2455 4053 2468 4075; x_wconf 91' lang='lat'><strong>,</strong></span> <span class='ocrx_word' id='word_1_691' title='bbox 2498 4013 2591 4067; x_wconf 86' lang='lat' dir='ltr'><strong>sed</strong></span> <span class='ocrx_word' id='word_1_692' title='bbox 2636 4014 2751 4068; x_wconf 79' lang='lat' dir='ltr'><strong>lilii.</strong></span> <span class='ocrx_word' id='word_1_693' title='bbox 2783 4014 3009 4068; x_wconf 65' lang='lat' dir='ltr'><strong>«Servus</strong></span> <span class='ocrx_word' id='word_1_694' title='bbox 3031 4017 3195 4078; x_wconf 88' lang='lat' dir='ltr'><strong>enim,</strong></span> <span class='ocrx_word' id='word_1_695' title='bbox 3229 4019 3420 4084; x_wconf 81' lang='lat' dir='ltr'><strong>inquit,</strong></span> <span class='ocrx_word' id='word_1_696' title='bbox 3441 4034 3543 4072; x_wconf 91' lang='lat' dir='ltr'><strong>nou</strong></span> 
     </span>
    </p>
   </div>
   <div class='ocr_carea' id='block_1_89' title="bbox 1988 4104 3546 4163">
    <p class='ocr_par' dir='ltr' id='par_1_89' title="bbox 1988 4104 3546 4163">
     <span class='ocr_line' id='line_1_89' title="bbox 1988 4104 3546 4163; baseline 0.002 -4"><span class='ocrx_word' id='word_1_697' title='bbox 1988 4115 2168 4160; x_wconf 84' lang='lat' dir='ltr'><strong>manet</strong></span> <span class='ocrx_word' id='word_1_698' title='bbox 2187 4105 2236 4158; x_wconf 91' lang='lat' dir='ltr'><strong>in</strong></span> <span class='ocrx_word' id='word_1_699' title='bbox 2271 4105 2429 4158; x_wconf 88' lang='lat' dir='ltr'><strong>domo</strong></span> <span class='ocrx_word' id='word_1_700' title='bbox 2483 4105 2534 4157; x_wconf 93' lang='lat' dir='ltr'><strong>iu</strong></span> <span class='ocrx_word' id='word_1_701' title='bbox 2559 4114 2874 4158; x_wconf 66' lang='lat' dir='ltr'><strong>aeternum.»</strong></span> <span class='ocrx_word' id='word_1_702' title='bbox 2901 4104 3017 4158; x_wconf 83' lang='lat' dir='ltr'><strong>Filii</strong></span> <span class='ocrx_word' id='word_1_703' title='bbox 3044 4115 3222 4160; x_wconf 84' lang='lat' dir='ltr'><strong>autem</strong></span> <span class='ocrx_word' id='word_1_704' title='bbox 3248 4109 3411 4162; x_wconf 85' lang='lat' dir='ltr'><strong>etiam</strong></span> <span class='ocrx_word' id='word_1_705' title='bbox 3439 4115 3546 4163; x_wconf 73' lang='lat' dir='ltr'><strong>tire-</strong></span> 
     </span>
    </p>
   </div>
   <div class='ocr_carea' id='block_1_90' title="bbox 1987 4193 3545 4268">
    <p class='ocr_par' dir='ltr' id='par_1_90' title="bbox 1987 4193 3545 4268">
     <span class='ocr_line' id='line_1_90' title="bbox 1987 4193 3545 4268; baseline 0.003 -18"><span class='ocrx_word' id='word_1_706' title='bbox 1987 4199 2164 4262; x_wconf 90' lang='lat' dir='ltr'><strong>redes,</strong></span> <span class='ocrx_word' id='word_1_707' title='bbox 2207 4210 2310 4250; x_wconf 91' lang='lat' dir='ltr'><strong>non</strong></span> <span class='ocrx_word' id='word_1_708' title='bbox 2351 4197 2498 4263; x_wconf 86' lang='lat' dir='ltr'><strong>regni</strong></span> <span class='ocrx_word' id='word_1_709' title='bbox 2539 4193 2734 4260; x_wconf 89' lang='lat' dir='ltr'><strong>solum,</strong></span> <span class='ocrx_word' id='word_1_710' title='bbox 2763 4195 2854 4249; x_wconf 88' lang='lat' dir='ltr'><strong>sed</strong></span> <span class='ocrx_word' id='word_1_711' title='bbox 2879 4195 3041 4249; x_wconf 90' lang='lat' dir='ltr'><strong>etiam</strong></span> <span class='ocrx_word' id='word_1_712' title='bbox 3069 4195 3183 4267; x_wconf 87' lang='lat' dir='ltr'><strong>ejus</strong></span> <span class='ocrx_word' id='word_1_713' title='bbox 3211 4199 3302 4267; x_wconf 91' lang='lat' dir='ltr'><strong>qui</strong></span> <span class='ocrx_word' id='word_1_714' title='bbox 3325 4215 3545 4268; x_wconf 87' lang='lat' dir='ltr'><strong>regnum</strong></span> 
     </span>
    </p>
   </div>
   <div class='ocr_carea' id='block_1_91' title="bbox 1989 4284 3546 4356">
    <p class='ocr_par' dir='ltr' id='par_1_91' title="bbox 1989 4284 3546 4356">
     <span class='ocr_line' id='line_1_91' title="bbox 1989 4284 3546 4356; baseline 0.003 -15"><span class='ocrx_word' id='word_1_715' title='bbox 1989 4287 2386 4355; x_wconf 87' lang='lat' dir='ltr'><strong>complectitur,</strong></span> <span class='ocrx_word' id='word_1_716' title='bbox 2423 4284 2705 4340; x_wconf 63' lang='lat' dir='ltr'><strong>tilwredes</strong></span> <span class='ocrx_word' id='word_1_717' title='bbox 2725 4287 2892 4351; x_wconf 83' lang='lat' dir='ltr'><strong>enim,</strong></span> <span class='ocrx_word' id='word_1_718' title='bbox 2925 4287 3116 4356; x_wconf 83' lang='lat' dir='ltr'><strong>inquit,</strong></span> <span class='ocrx_word' id='word_1_719' title='bbox 3159 4289 3272 4353; x_wconf 85' lang='lat' dir='ltr'><strong>Dei,</strong></span> <span class='ocrx_word' id='word_1_720' title='bbox 3312 4291 3546 4346; x_wconf 69' lang='lat' dir='ltr'><strong>cohaere—</strong></span> 
     </span>
    </p>
   </div>
   <div class='ocr_carea' id='block_1_92' title="bbox 301 4356 1880 4448">
    <p class='ocr_par' dir='ltr' id='par_1_92' title="bbox 301 4356 1879 4448">
     <span class='ocr_line' id='line_1_92' title="bbox 301 4356 1879 4448; baseline -0.006 -9"><span class='ocrx_word' id='word_1_721' title='bbox 301 4388 385 4448; x_wconf 81' lang='grc' dir='ltr'><strong>είς</strong></span> <span class='ocrx_word' id='word_1_722' title='bbox 423 4388 520 4438; x_wconf 80' lang='grc' dir='ltr'>τὸν</span> <span class='ocrx_word' id='word_1_723' title='bbox 555 4356 761 4438; x_wconf 78' lang='grc' dir='ltr'>αἰῶνα.</span> <span class='ocrx_word' id='word_1_724' title='bbox 811 4403 831 4436; x_wconf 74' lang='grc' dir='ltr'><strong>ι</strong></span> <span class='ocrx_word' id='word_1_725' title='bbox 871 4383 935 4435; x_wconf 71' lang='lat' dir='ltr'><strong>Ol</strong></span> <span class='ocrx_word' id='word_1_726' title='bbox 988 4356 1044 4434; x_wconf 61' lang='grc' dir='ltr'><strong>δέ</strong></span> <span class='ocrx_word' id='word_1_727' title='bbox 1087 4356 1231 4445; x_wconf 24' lang='grc' dir='ltr'>-υίοὶ,</span> <span class='ocrx_word' id='word_1_728' title='bbox 1269 4356 1362 4432; x_wconf 77' lang='grc' dir='ltr'><strong>καῖ</strong></span> <span class='ocrx_word' id='word_1_729' title='bbox 1414 4356 1761 4447; x_wconf 78' lang='grc' dir='ltr'>κληρονόμοι,</span> <span class='ocrx_word' id='word_1_730' title='bbox 1820 4379 1879 4430; x_wconf 80' lang='grc' dir='ltr'>οὐ</span> 
     </span>
    </p>
   </div>
   <div class='ocr_carea' id='block_1_93' title="bbox 1984 4356 3549 4448">
    <p class='ocr_par' dir='ltr' id='par_1_93' title="bbox 1991 4377 3549 4447">
     <span class='ocr_line' id='line_1_93' title="bbox 1991 4377 3549 4447; baseline 0.002 -13"><span class='ocrx_word' id='word_1_731' title='bbox 1991 4381 2084 4434; x_wconf 89' lang='lat' dir='ltr'><strong>des</strong></span> <span class='ocrx_word' id='word_1_732' title='bbox 2139 4389 2316 4434; x_wconf 89' lang='lat' dir='ltr'><strong>autem</strong></span> <span class='ocrx_word' id='word_1_733' title='bbox 2369 4377 2628 4432; x_wconf 63' lang='lat' dir='ltr'><strong>Christi.»</strong></span> <span class='ocrx_word' id='word_1_734' title='bbox 2689 4377 2761 4430; x_wconf 90' lang='lat' dir='ltr'><strong>Ita</strong></span> <span class='ocrx_word' id='word_1_735' title='bbox 2808 4393 2837 4432; x_wconf 89' lang='lat' dir='ltr'><strong>a</strong></span> <span class='ocrx_word' id='word_1_736' title='bbox 2867 4380 2974 4433; x_wconf 89' lang='lat' dir='ltr'><strong>Deo</strong></span> <span class='ocrx_word' id='word_1_737' title='bbox 3013 4389 3196 4447; x_wconf 85' lang='lat' dir='ltr'><strong>petere</strong></span> <span class='ocrx_word' id='word_1_738' title='bbox 3243 4382 3549 4437; x_wconf 82' lang='lat' dir='ltr'><strong>misericor-</strong></span> 
     </span>
    </p>
   </div>
   <div class='ocr_carea' id='block_1_94' title="bbox 299 4467 1878 4547">
    <p class='ocr_par' dir='ltr' id='par_1_94' title="bbox 299 4467 1878 4547">
     <span class='ocr_line' id='line_1_94' title="bbox 299 4467 1878 4547; baseline -0.006 -18"><span class='ocrx_word' id='word_1_739' title='bbox 299 4479 402 4547; x_wconf 82' lang='grc' dir='ltr'>τῆς</span> <span class='ocrx_word' id='word_1_740' title='bbox 448 4475 737 4547; x_wconf 85' lang='grc' dir='ltr'>βασιλείας</span> <span class='ocrx_word' id='word_1_741' title='bbox 769 4473 954 4536; x_wconf 85' lang='grc' dir='ltr'>ἀπλῶς</span> <span class='ocrx_word' id='word_1_742' title='bbox 985 4473 1167 4543; x_wconf 81' lang='grc' dir='ltr'>μόνον,</span> <span class='ocrx_word' id='word_1_743' title='bbox 1228 4470 1366 4524; x_wconf 86' lang='grc' dir='ltr'><strong>ἀλλά</strong></span> <span class='ocrx_word' id='word_1_744' title='bbox 1418 4471 1514 4522; x_wconf 71' lang='grc' dir='ltr'><strong>καὶ</strong></span> <span class='ocrx_word' id='word_1_745' title='bbox 1568 4467 1735 4522; x_wconf 78' lang='grc' dir='ltr'>αὐτοῦ</span> <span class='ocrx_word' id='word_1_746' title='bbox 1785 4467 1878 4521; x_wconf 84' lang='grc' dir='ltr'><strong>τοῢ</strong></span> 
     </span>
    </p>
   </div>
   <div class='ocr_carea' id='block_1_95' title="bbox 1987 4470 3543 4540">
    <p class='ocr_par' dir='ltr' id='par_1_95' title="bbox 1987 4470 3543 4540">
     <span class='ocr_line' id='line_1_95' title="bbox 1987 4470 3543 4540; baseline 0.003 -18"><span class='ocrx_word' id='word_1_747' title='bbox 1987 4470 2128 4523; x_wconf 88' lang='lat' dir='ltr'><strong>diam</strong></span> <span class='ocrx_word' id='word_1_748' title='bbox 2182 4480 2263 4523; x_wconf 91' lang='lat' dir='ltr'><strong>est</strong></span> <span class='ocrx_word' id='word_1_749' title='bbox 2306 4479 2487 4537; x_wconf 88' lang='lat' dir='ltr'><strong>petere</strong></span> <span class='ocrx_word' id='word_1_750' title='bbox 2539 4477 2597 4521; x_wconf 94' lang='lat' dir='ltr'><strong>ut</strong></span> <span class='ocrx_word' id='word_1_751' title='bbox 2639 4483 2858 4538; x_wconf 90' lang='lat' dir='ltr'><strong>regnum</strong></span> <span class='ocrx_word' id='word_1_752' title='bbox 2916 4471 3014 4523; x_wconf 82' lang='lat' dir='ltr'><strong>sibi</strong></span> <span class='ocrx_word' id='word_1_753' title='bbox 3076 4470 3234 4525; x_wconf 83' lang='lat' dir='ltr'><strong>liccat</strong></span> <span class='ocrx_word' id='word_1_754' title='bbox 3304 4475 3543 4540; x_wconf 84' lang='lat' dir='ltr'><strong>assequi.</strong></span> 
     </span>
    </p>
   </div>
   <div class='ocr_carea' id='block_1_96' title="bbox 301 4558 3582 4638">
    <p class='ocr_par' dir='ltr' id='par_1_96' title="bbox 301 4558 3582 4638">
     <span class='ocr_line' id='line_1_96' title="bbox 301 4558 3582 4638; baseline -0.002 -17"><span class='ocrx_word' id='word_1_755' title='bbox 301 4565 706 4638; x_wconf 83' lang='grc' dir='ltr'>περικειμένου</span> <span class='ocrx_word' id='word_1_756' title='bbox 731 4565 829 4634; x_wconf 80' lang='grc' dir='ltr'>τὴν</span> <span class='ocrx_word' id='word_1_757' title='bbox 884 4563 1176 4632; x_wconf 83' lang='grc' dir='ltr'>βασιλείαν.</span> <span class='ocrx_word' id='word_1_758' title='bbox 1250 4579 1270 4613; x_wconf 70' lang='grc' dir='ltr'><strong>ι</strong></span> <span class='ocrx_word' id='word_1_759' title='bbox 1335 4561 1676 4629; x_wconf 83' lang='grc' dir='ltr'>Κληρονόμοι</span> <span class='ocrx_word' id='word_1_760' title='bbox 1730 4559 1858 4630; x_wconf 82' lang='grc' dir='ltr'>γὰρ,</span> <span class='ocrx_word' id='word_1_761' title='bbox 1901 4562 2054 4627; x_wconf 78' lang='grc' dir='ltr'>φησὶ,</span> <span class='ocrx_word' id='word_1_762' title='bbox 2077 4559 2238 4621; x_wconf 82' lang='grc' dir='ltr'>Θεοῦ,</span> <span class='ocrx_word' id='word_1_763' title='bbox 2267 4558 2698 4628; x_wconf 84' lang='grc' dir='ltr'>συγκληρονόμοι</span> <span class='ocrx_word' id='word_1_764' title='bbox 2755 4559 2812 4612; x_wconf 87' lang='grc' dir='ltr'><strong>δὲ</strong></span> <span class='ocrx_word' id='word_1_765' title='bbox 2850 4559 3107 4630; x_wconf 83' lang='grc' dir='ltr'>Χριστοῦ.</span> <span class='ocrx_word' id='word_1_766' title='bbox 3146 4579 3164 4612; x_wconf 76' lang='grc' dir='ltr'><strong>ι</strong></span> <span class='ocrx_word' id='word_1_767' title='bbox 3235 4561 3392 4614; x_wconf 74' lang='grc' dir='ltr'><strong>Οὕτω</strong></span> <span class='ocrx_word' id='word_1_768' title='bbox 3456 4563 3582 4614; x_wconf 72' lang='grc' dir='ltr'>τὸν·</span> 
     </span>
    </p>
   </div>
   <div class='ocr_carea' id='block_1_97' title="bbox 881 4747 1254 4800">
    <p class='ocr_par' dir='ltr' id='par_1_97' title="bbox 881 4747 1254 4800">
     <span class='ocr_line' id='line_1_97' title="bbox 881 4747 1254 4800; baseline -0.003 0"><span class='ocrx_word' id='word_1_769' title='bbox 881 4748 1132 4800; x_wconf 77' lang='grc' dir='ltr'><strong>ΚΕΦΑΛ.</strong></span> <span class='ocrx_word' id='word_1_770' title='bbox 1161 4747 1254 4799; x_wconf 72' lang='lat' dir='ltr'><strong>IA&#39;.</strong></span> 
     </span>
    </p>
   </div>
   <div class='ocr_carea' id='block_1_98' title="bbox 715 4836 1430 4907">
    <p class='ocr_par' dir='ltr' id='par_1_98' title="bbox 715 4836 1430 4907">
     <span class='ocr_line' id='line_1_98' title="bbox 715 4836 1430 4907; baseline -0.006 -14"><span class='ocrx_word' id='word_1_771' title='bbox 715 4840 856 4907; x_wconf 77' lang='grc' dir='ltr'>Περὶ</span> <span class='ocrx_word' id='word_1_772' title='bbox 890 4838 1000 4906; x_wconf 82' lang='grc' dir='ltr'>τῆς</span> <span class='ocrx_word' id='word_1_773' title='bbox 1029 4836 1430 4905; x_wconf 80' lang='grc' dir='ltr'>παραθέσεως.</span> 
     </span>
    </p>
   </div>
   <div class='ocr_carea' id='block_1_99' title="bbox 381 4927 1886 5000">
    <p class='ocr_par' dir='ltr' id='par_1_99' title="bbox 381 4927 1886 5000">
     <span class='ocr_line' id='line_1_99' title="bbox 381 4927 1886 5000; baseline -0.011 -8"><span class='ocrx_word' id='word_1_774' title='bbox 381 4936 546 4992; x_wconf 77' lang='grc' dir='ltr'>Μετὰ</span> <span class='ocrx_word' id='word_1_775' title='bbox 577 4934 634 4987; x_wconf 75' lang='grc' dir='ltr'>δὲ</span> <span class='ocrx_word' id='word_1_776' title='bbox 657 4933 720 4986; x_wconf 76' lang='grc' dir='ltr'>τὸ</span> <span class='ocrx_word' id='word_1_777' title='bbox 755 4930 1017 4994; x_wconf 77' lang='grc' dir='ltr'>εὔξασθαι</span> <span class='ocrx_word' id='word_1_778' title='bbox 1053 4931 1181 5000; x_wconf 75' lang='grc' dir='ltr'>περὶ</span> <span class='ocrx_word' id='word_1_779' title='bbox 1203 4928 1442 4993; x_wconf 82' lang='grc' dir='ltr'>πάντων,</span> <span class='ocrx_word' id='word_1_780' title='bbox 1504 4927 1736 4990; x_wconf 71' lang='grc' dir='ltr'>ἑαυτοὺς</span> <span class='ocrx_word' id='word_1_781' title='bbox 1793 4944 1886 4980; x_wconf 85' lang='grc' dir='ltr'><strong>κε.</strong></span> 
     </span>
    </p>
   </div>
   <div class='ocr_carea' id='block_1_100' title="bbox 302 5017 1880 5094">
    <p class='ocr_par' dir='ltr' id='par_1_100' title="bbox 302 5017 1880 5094">
     <span class='ocr_line' id='line_1_100' title="bbox 302 5017 1880 5094; baseline -0.012 -9"><span class='ocrx_word' id='word_1_782' title='bbox 302 5031 466 5085; x_wconf 82' lang='grc' dir='ltr'>λεύει</span> <span class='ocrx_word' id='word_1_783' title='bbox 490 5026 577 5094; x_wconf 80' lang='grc' dir='ltr'>τῷ</span> <span class='ocrx_word' id='word_1_784' title='bbox 639 5022 757 5090; x_wconf 83' lang='grc' dir='ltr'><strong>Θεῷ</strong></span> <span class='ocrx_word' id='word_1_785' title='bbox 795 5020 1212 5089; x_wconf 83' lang='grc' dir='ltr'>παρατίθεσθαι,</span> <span class='ocrx_word' id='word_1_786' title='bbox 1261 5019 1433 5088; x_wconf 81' lang='grc' dir='ltr'>λέγων</span> <span class='ocrx_word' id='word_1_787' title='bbox 1459 5036 1472 5049; x_wconf 89' lang='grc'><strong>·</strong></span> <span class='ocrx_word' id='word_1_788' title='bbox 1522 5036 1541 5070; x_wconf 74' lang='grc' dir='ltr'><strong>ι</strong></span> <span class='ocrx_word' id='word_1_789' title='bbox 1583 5017 1880 5082; x_wconf 85' lang='grc' dir='ltr'>Παναγίας,</span> 
     </span>
    </p>
   </div>
   <div class='ocr_carea' id='block_1_101' title="bbox 302 5105 1887 5188">
    <p class='ocr_par' dir='ltr' id='par_1_101' title="bbox 302 5105 1887 5188">
     <span class='ocr_line' id='line_1_101' title="bbox 302 5105 1887 5188; baseline -0.011 -15"><span class='ocrx_word' id='word_1_790' title='bbox 302 5121 630 5188; x_wconf 80' lang='grc' dir='ltr'>ἀχράντου,</span> <span class='ocrx_word' id='word_1_791' title='bbox 665 5109 1121 5179; x_wconf 72' lang='grc' dir='ltr'>ὑπερευλογίμου,</span> <span class='ocrx_word' id='word_1_792' title='bbox 1155 5110 1363 5175; x_wconf 72' lang='grc' dir='ltr'>ἐνδόξου</span> <span class='ocrx_word' id='word_1_793' title='bbox 1399 5109 1698 5177; x_wconf 82' lang='grc' dir='ltr'>Δεσποίνης</span> <span class='ocrx_word' id='word_1_794' title='bbox 1731 5105 1887 5175; x_wconf 80' lang='grc' dir='ltr'>ἡμῶν</span> 
     </span>
    </p>
   </div>
   <div class='ocr_carea' id='block_1_102' title="bbox 303 5195 1888 5271">
    <p class='ocr_par' dir='ltr' id='par_1_102' title="bbox 303 5195 1888 5271">
     <span class='ocr_line' id='line_1_102' title="bbox 303 5195 1888 5271; baseline -0.011 -8"><span class='ocrx_word' id='word_1_795' title='bbox 303 5207 593 5263; x_wconf 81' lang='grc' dir='ltr'>Θεοτὸκου</span> <span class='ocrx_word' id='word_1_796' title='bbox 633 5204 725 5255; x_wconf 72' lang='grc' dir='ltr'>καὶ</span> <span class='ocrx_word' id='word_1_797' title='bbox 755 5202 841 5255; x_wconf 78' lang='grc' dir='ltr'>ἀεὶ</span> <span class='ocrx_word' id='word_1_798' title='bbox 869 5199 1138 5271; x_wconf 84' lang='grc' dir='ltr'>παρθένου</span> <span class='ocrx_word' id='word_1_799' title='bbox 1190 5199 1428 5269; x_wconf 84' lang='grc' dir='ltr'>Μαρίας,</span> <span class='ocrx_word' id='word_1_800' title='bbox 1481 5197 1620 5267; x_wconf 80' lang='grc' dir='ltr'>μετὰ</span> <span class='ocrx_word' id='word_1_801' title='bbox 1671 5195 1888 5248; x_wconf 79' lang='grc' dir='ltr'>πάντων</span> 
     </span>
    </p>
   </div>
   <div class='ocr_carea' id='block_1_103' title="bbox 303 5285 1886 5362">
    <p class='ocr_par' dir='ltr' id='par_1_103' title="bbox 303 5285 1886 5362">
     <span class='ocr_line' id='line_1_103' title="bbox 303 5285 1886 5362; baseline -0.012 -9"><span class='ocrx_word' id='word_1_802' title='bbox 303 5300 421 5352; x_wconf 82' lang='grc' dir='ltr'><strong>τῶν</strong></span> <span class='ocrx_word' id='word_1_803' title='bbox 460 5294 646 5362; x_wconf 84' lang='grc' dir='ltr'>ἁγίων</span> <span class='ocrx_word' id='word_1_804' title='bbox 672 5290 1174 5361; x_wconf 82' lang='grc' dir='ltr'>μνημονεύσαντες,</span> <span class='ocrx_word' id='word_1_805' title='bbox 1199 5289 1426 5350; x_wconf 78' lang='grc' dir='ltr'>ἑαυτοὺς</span> <span class='ocrx_word' id='word_1_806' title='bbox 1476 5289 1570 5340; x_wconf 66' lang='grc' dir='ltr'>καὶ</span> <span class='ocrx_word' id='word_1_807' title='bbox 1627 5285 1886 5347; x_wconf 82' lang='grc' dir='ltr'>ἀλλήλους</span> 
     </span>
    </p>
   </div>
   <div class='ocr_carea' id='block_1_104' title="bbox 307 5378 1881 5453">
    <p class='ocr_par' dir='ltr' id='par_1_104' title="bbox 307 5378 1881 5453">
     <span class='ocr_line' id='line_1_104' title="bbox 307 5378 1881 5453; baseline -0.01 -9"><span class='ocrx_word' id='word_1_808' title='bbox 307 5393 409 5444; x_wconf 70' lang='grc' dir='ltr'><strong>καὶ</strong></span> <span class='ocrx_word' id='word_1_809' title='bbox 448 5388 642 5439; x_wconf 72' lang='grc' dir='ltr'>πᾶσαν</span> <span class='ocrx_word' id='word_1_810' title='bbox 671 5384 771 5453; x_wconf 78' lang='grc' dir='ltr'><strong>τὴν</strong></span> <span class='ocrx_word' id='word_1_811' title='bbox 797 5382 940 5451; x_wconf 77' lang='grc' dir='ltr'><strong>ζωὴν</strong></span> <span class='ocrx_word' id='word_1_812' title='bbox 976 5380 1129 5452; x_wconf 76' lang='grc' dir='ltr'>ἡμῶν</span> <span class='ocrx_word' id='word_1_813' title='bbox 1157 5380 1234 5450; x_wconf 75' lang='grc' dir='ltr'><strong>τῷ</strong></span> <span class='ocrx_word' id='word_1_814' title='bbox 1264 5379 1380 5448; x_wconf 81' lang='grc' dir='ltr'>Θεῷ</span> <span class='ocrx_word' id='word_1_815' title='bbox 1430 5378 1823 5447; x_wconf 78' lang='grc' dir='ltr'>παραοὼμεθα.</span> <span class='ocrx_word' id='word_1_816' title='bbox 1863 5395 1881 5428; x_wconf 75' lang='grc' dir='ltr'><strong>ι</strong></span> 
     </span>
    </p>
   </div>
   <div class='ocr_carea' id='block_1_105' title="bbox 307 5468 1884 5542">
    <p class='ocr_par' dir='ltr' id='par_1_105' title="bbox 307 5468 1884 5542">
     <span class='ocr_line' id='line_1_105' title="bbox 307 5468 1884 5542; baseline -0.007 -9"><span class='ocrx_word' id='word_1_817' title='bbox 307 5484 388 5534; x_wconf 72' lang='lat'><strong>0-3</strong></span> <span class='ocrx_word' id='word_1_818' title='bbox 420 5479 652 5532; x_wconf 85' lang='grc' dir='ltr'>πάντων</span> <span class='ocrx_word' id='word_1_819' title='bbox 678 5475 794 5526; x_wconf 76' lang='grc' dir='ltr'>ἐστὶ</span> <span class='ocrx_word' id='word_1_820' title='bbox 823 5474 882 5526; x_wconf 79' lang='grc' dir='ltr'><strong>τὸ</strong></span> <span class='ocrx_word' id='word_1_821' title='bbox 912 5471 1310 5542; x_wconf 84' lang='grc' dir='ltr'>παρατίθεσθαι</span> <span class='ocrx_word' id='word_1_822' title='bbox 1359 5471 1588 5532; x_wconf 78' lang='grc' dir='ltr'>ἑαυτοὺς</span> <span class='ocrx_word' id='word_1_823' title='bbox 1640 5468 1717 5538; x_wconf 83' lang='grc' dir='ltr'>τῷ</span> <span class='ocrx_word' id='word_1_824' title='bbox 1747 5468 1884 5537; x_wconf 81' lang='grc' dir='ltr'>Θεῷ.</span> 
     </span>
    </p>
   </div>
   <div class='ocr_carea' id='block_1_106' title="bbox 311 5560 1888 5637">
    <p class='ocr_par' dir='ltr' id='par_1_106' title="bbox 311 5560 1888 5637">
     <span class='ocr_line' id='line_1_106' title="bbox 311 5560 1888 5637; baseline -0.01 -12"><span class='ocrx_word' id='word_1_825' title='bbox 311 5574 391 5625; x_wconf 85' lang='grc' dir='ltr'><strong>Οὐ</strong></span> <span class='ocrx_word' id='word_1_826' title='bbox 420 5571 540 5637; x_wconf 76' lang='grc' dir='ltr'>γὰρ</span> <span class='ocrx_word' id='word_1_827' title='bbox 572 5567 734 5635; x_wconf 86' lang='grc' dir='ltr'>ἀρκεῖ</span> <span class='ocrx_word' id='word_1_828' title='bbox 783 5564 844 5616; x_wconf 82' lang='grc' dir='ltr'>τὺ</span> <span class='ocrx_word' id='word_1_829' title='bbox 862 5565 1060 5625; x_wconf 81' lang='grc' dir='ltr'>εἰπεῖν,</span> <span class='ocrx_word' id='word_1_830' title='bbox 1083 5562 1217 5614; x_wconf 85' lang='grc' dir='ltr'><strong>ἀλλά</strong></span> <span class='ocrx_word' id='word_1_831' title='bbox 1252 5561 1331 5613; x_wconf 89' lang='grc' dir='ltr'><strong>δεῖ</strong></span> <span class='ocrx_word' id='word_1_832' title='bbox 1358 5562 1451 5614; x_wconf 69' lang='grc' dir='ltr'><strong>καὶ</strong></span> <span class='ocrx_word' id='word_1_833' title='bbox 1479 5560 1570 5612; x_wconf 75' lang='grc' dir='ltr'>τὸν</span> <span class='ocrx_word' id='word_1_834' title='bbox 1609 5560 1740 5612; x_wconf 73' lang='grc' dir='ltr'>θεὸν</span> <span class='ocrx_word' id='word_1_835' title='bbox 1766 5576 1888 5610; x_wconf 77' lang='grc' dir='ltr'>συν-</span> 
     </span>
    </p>
   </div>
   <div class='ocr_carea' id='block_1_107' title="bbox 309 5651 1884 5731">
    <p class='ocr_par' dir='ltr' id='par_1_107' title="bbox 309 5651 1884 5731">
     <span class='ocr_line' id='line_1_107' title="bbox 309 5651 1884 5731; baseline -0.007 -17"><span class='ocrx_word' id='word_1_836' title='bbox 309 5663 616 5731; x_wconf 75' lang='grc' dir='ltr'>τιθέμενον</span> <span class='ocrx_word' id='word_1_837' title='bbox 645 5657 808 5727; x_wconf 74' lang='grc' dir='ltr'>έχειν.</span> <span class='ocrx_word' id='word_1_838' title='bbox 841 5654 1012 5708; x_wconf 80' lang='grc' dir='ltr'>Τοῦτο</span> <span class='ocrx_word' id='word_1_839' title='bbox 1032 5655 1088 5707; x_wconf 82' lang='grc' dir='ltr'>δὲ</span> <span class='ocrx_word' id='word_1_840' title='bbox 1110 5653 1419 5725; x_wconf 68' lang='grc' dir='ltr'>παρρησίας</span> <span class='ocrx_word' id='word_1_841' title='bbox 1453 5653 1623 5706; x_wconf 82' lang='grc' dir='ltr'>δεῖται</span> <span class='ocrx_word' id='word_1_842' title='bbox 1649 5651 1884 5718; x_wconf 79' lang='grc' dir='ltr'>πάντως,</span> 
     </span>
    </p>
   </div>
   <div class='ocr_carea' id='block_1_108' title="bbox 214 4650 2674 4727">
    <p class='ocr_par' dir='ltr' id='par_1_108' title="bbox 214 4650 2674 4727">
     <span class='ocr_line' id='line_1_108' title="bbox 214 4650 2674 4727; baseline -0.003 -15"><span class='ocrx_word' id='word_1_843' title='bbox 214 4693 222 4702; x_wconf 73' lang='grc' dir='ltr'><strong><em>ο</em></strong></span> <span class='ocrx_word' id='word_1_844' title='bbox 301 4659 459 4714; x_wconf 75' lang='grc' dir='ltr'>ἔλεον</span> <span class='ocrx_word' id='word_1_845' title='bbox 486 4657 648 4727; x_wconf 78' lang='grc' dir='ltr'>παρὰ</span> <span class='ocrx_word' id='word_1_846' title='bbox 675 4657 769 4710; x_wconf 81' lang='grc' dir='ltr'>τοῦ</span> <span class='ocrx_word' id='word_1_847' title='bbox 796 4655 1031 4726; x_wconf 76' lang='grc' dir='ltr'>Χριστοῦ</span> <span class='ocrx_word' id='word_1_848' title='bbox 1084 4656 1277 4717; x_wconf 88' lang='grc' dir='ltr'>αἰτεῖν,</span> <span class='ocrx_word' id='word_1_849' title='bbox 1301 4654 1362 4706; x_wconf 79' lang='grc' dir='ltr'>τὸ</span> <span class='ocrx_word' id='word_1_850' title='bbox 1400 4654 1586 4721; x_wconf 84' lang='grc' dir='ltr'>τυχεῖν</span> <span class='ocrx_word' id='word_1_851' title='bbox 1616 4655 1746 4724; x_wconf 85' lang='grc' dir='ltr'>παρ’</span> <span class='ocrx_word' id='word_1_852' title='bbox 1775 4653 1942 4707; x_wconf 70' lang='grc' dir='ltr'><strong>αἰδτοῦ</strong></span> <span class='ocrx_word' id='word_1_853' title='bbox 1973 4650 2270 4723; x_wconf 83' lang='grc' dir='ltr'>βασιλείας,</span> <span class='ocrx_word' id='word_1_854' title='bbox 2305 4650 2448 4703; x_wconf 74' lang='grc' dir='ltr'>ἔστιν</span> <span class='ocrx_word' id='word_1_855' title='bbox 2479 4651 2674 4704; x_wconf 75' lang='grc' dir='ltr'>αἰτεῖν.</span> 
     </span>
    </p>
   </div>
   <div class='ocr_carea' id='block_1_109' title="bbox 2596 4739 2931 4796">
    <p class='ocr_par' dir='ltr' id='par_1_109' title="bbox 2596 4739 2931 4796">
     <span class='ocr_line' id='line_1_109' title="bbox 2596 4739 2931 4796; baseline 0.006 -2"><span class='ocrx_word' id='word_1_856' title='bbox 2596 4741 2751 4795; x_wconf 83' lang='lat' dir='ltr'><strong>CAP.</strong></span> <span class='ocrx_word' id='word_1_857' title='bbox 2794 4739 2931 4796; x_wconf 79' lang='lat' dir='ltr'><strong>XIV.</strong></span> 
     </span>
    </p>
   </div>
   <div class='ocr_carea' id='block_1_110' title="bbox 2288 4829 3247 4902">
    <p class='ocr_par' dir='ltr' id='par_1_110' title="bbox 2288 4829 3247 4902">
     <span class='ocr_line' id='line_1_110' title="bbox 2288 4829 3247 4902; baseline 0.002 -18"><span class='ocrx_word' id='word_1_858' title='bbox 2288 4829 2362 4886; x_wconf 80' lang='lat' dir='ltr'><strong>De</strong></span> <span class='ocrx_word' id='word_1_859' title='bbox 2390 4830 2839 4885; x_wconf 82' lang='lat' dir='ltr'><strong>commendatione</strong></span> <span class='ocrx_word' id='word_1_860' title='bbox 2870 4849 2961 4886; x_wconf 75' lang='lat' dir='ltr'><strong>seu</strong></span> <span class='ocrx_word' id='word_1_861' title='bbox 2993 4834 3247 4902; x_wconf 74' lang='lat' dir='ltr'><strong>deposito.</strong></span> 
     </span>
    </p>
   </div>
   <div class='ocr_carea' id='block_1_111' title="bbox 2061 4923 3547 4994">
    <p class='ocr_par' dir='ltr' id='par_1_111' title="bbox 2061 4923 3547 4994">
     <span class='ocr_line' id='line_1_111' title="bbox 2061 4923 3547 4994; baseline 0.004 -18"><span class='ocrx_word' id='word_1_862' title='bbox 2061 4923 2348 4991; x_wconf 82' lang='lat' dir='ltr'><strong>Postquam</strong></span> <span class='ocrx_word' id='word_1_863' title='bbox 2391 4931 2568 4976; x_wconf 88' lang='lat' dir='ltr'><strong>autem</strong></span> <span class='ocrx_word' id='word_1_864' title='bbox 2628 4923 2803 4976; x_wconf 77' lang='lat' dir='ltr'><strong>oravit</strong></span> <span class='ocrx_word' id='word_1_865' title='bbox 2831 4937 2927 4991; x_wconf 89' lang='lat' dir='ltr'><strong>pro</strong></span> <span class='ocrx_word' id='word_1_866' title='bbox 2971 4926 3242 4986; x_wconf 86' lang='lat' dir='ltr'><strong>omnibus,</strong></span> <span class='ocrx_word' id='word_1_867' title='bbox 3272 4925 3424 4994; x_wconf 80' lang='lat' dir='ltr'><strong>jubet</strong></span> <span class='ocrx_word' id='word_1_868' title='bbox 3453 4941 3547 4982; x_wconf 83' lang='lat' dir='ltr'><strong>eos</strong></span> 
     </span>
    </p>
   </div>
   <div class='ocr_carea' id='block_1_112' title="bbox 1994 5011 3546 5082">
    <p class='ocr_par' dir='ltr' id='par_1_112' title="bbox 1994 5011 3546 5082">
     <span class='ocr_line' id='line_1_112' title="bbox 1994 5011 3546 5082; baseline 0.005 -18"><span class='ocrx_word' id='word_1_869' title='bbox 1994 5013 2098 5065; x_wconf 87' lang='lat' dir='ltr'><strong>Deo</strong></span> <span class='ocrx_word' id='word_1_870' title='bbox 2129 5012 2333 5082; x_wconf 86' lang='lat' dir='ltr'><strong>seipsos</strong></span> <span class='ocrx_word' id='word_1_871' title='bbox 2369 5012 2771 5076; x_wconf 84' lang='lat' dir='ltr'><strong>commendare,</strong></span> <span class='ocrx_word' id='word_1_872' title='bbox 2807 5011 3035 5066; x_wconf 88' lang='lat' dir='ltr'><strong>dicens:</strong></span> <span class='ocrx_word' id='word_1_873' title='bbox 3076 5032 3095 5064; x_wconf 73' lang='grc' dir='ltr'><strong>ι</strong></span> <span class='ocrx_word' id='word_1_874' title='bbox 3148 5011 3546 5080; x_wconf 68' lang='lat' dir='ltr'><strong>Sauct&#39;issimaz.</strong></span> 
     </span>
    </p>
   </div>
   <div class='ocr_carea' id='block_1_113' title="bbox 1992 5093 3548 5171">
    <p class='ocr_par' dir='ltr' id='par_1_113' title="bbox 1992 5093 3548 5171">
     <span class='ocr_line' id='line_1_113' title="bbox 1992 5093 3548 5171; baseline 0.005 -15"><span class='ocrx_word' id='word_1_875' title='bbox 1992 5104 2344 5165; x_wconf 70' lang='lat' dir='ltr'><strong>intemeratre,</strong></span> <span class='ocrx_word' id='word_1_876' title='bbox 2405 5101 2890 5170; x_wconf 67' lang='lat' dir='ltr'><strong>superbcnedicta,</strong></span> <span class='ocrx_word' id='word_1_877' title='bbox 2949 5103 3232 5171; x_wconf 67' lang='lat' dir='ltr'><strong>gloriosae</strong></span> <span class='ocrx_word' id='word_1_878' title='bbox 3309 5093 3548 5164; x_wconf 68' lang='lat' dir='ltr'><strong>Dentium</strong></span> 
     </span>
    </p>
   </div>
   <div class='ocr_carea' id='block_1_114' title="bbox 1991 5192 3548 5266">
    <p class='ocr_par' dir='ltr' id='par_1_114' title="bbox 1991 5192 3548 5266">
     <span class='ocr_line' id='line_1_114' title="bbox 1991 5192 3548 5266; baseline 0.003 -15"><span class='ocrx_word' id='word_1_879' title='bbox 1991 5205 2186 5251; x_wconf 72' lang='lat' dir='ltr'><strong>nostra:</strong></span> <span class='ocrx_word' id='word_1_880' title='bbox 2225 5195 2464 5266; x_wconf 80' lang='lat' dir='ltr'><strong>Deiparae</strong></span> <span class='ocrx_word' id='word_1_881' title='bbox 2492 5234 2507 5259; x_wconf 93' lang='lat'><strong>,</strong></span> <span class='ocrx_word' id='word_1_882' title='bbox 2536 5207 2590 5249; x_wconf 89' lang='lat' dir='ltr'><strong>et</strong></span> <span class='ocrx_word' id='word_1_883' title='bbox 2627 5207 2839 5262; x_wconf 88' lang='lat' dir='ltr'><strong>semper</strong></span> <span class='ocrx_word' id='word_1_884' title='bbox 2900 5192 3130 5264; x_wconf 84' lang='lat' dir='ltr'><strong>Virginis</strong></span> <span class='ocrx_word' id='word_1_885' title='bbox 3189 5198 3369 5254; x_wconf 79' lang='lat' dir='ltr'><strong>Maria:</strong></span> <span class='ocrx_word' id='word_1_886' title='bbox 3421 5216 3548 5255; x_wconf 88' lang='lat' dir='ltr'><strong>cum</strong></span> 
     </span>
    </p>
   </div>
   <div class='ocr_carea' id='block_1_115' title="bbox 1990 5284 3548 5359">
    <p class='ocr_par' dir='ltr' id='par_1_115' title="bbox 1990 5284 3548 5359">
     <span class='ocr_line' id='line_1_115' title="bbox 1990 5284 3548 5359; baseline 0.002 -17"><span class='ocrx_word' id='word_1_887' title='bbox 1990 5289 2241 5342; x_wconf 89' lang='lat' dir='ltr'><strong>omnibus</strong></span> <span class='ocrx_word' id='word_1_888' title='bbox 2266 5288 2468 5341; x_wconf 86' lang='lat' dir='ltr'><strong>sanctis</strong></span> <span class='ocrx_word' id='word_1_889' title='bbox 2510 5285 2829 5339; x_wconf 87' lang='lat' dir='ltr'><strong>memoriam</strong></span> <span class='ocrx_word' id='word_1_890' title='bbox 2863 5284 3147 5353; x_wconf 77' lang='lat' dir='ltr'><strong>facientes,</strong></span> <span class='ocrx_word' id='word_1_891' title='bbox 3179 5305 3275 5345; x_wconf 87' lang='lat' dir='ltr'><strong>nos</strong></span> <span class='ocrx_word' id='word_1_892' title='bbox 3299 5291 3470 5359; x_wconf 85' lang='lat' dir='ltr'><strong>ipsos,</strong></span> <span class='ocrx_word' id='word_1_893' title='bbox 3493 5301 3548 5345; x_wconf 80' lang='lat' dir='ltr'><strong>et</strong></span> 
     </span>
    </p>
   </div>
   <div class='ocr_carea' id='block_1_116' title="bbox 1992 5374 3548 5440">
    <p class='ocr_par' dir='ltr' id='par_1_116' title="bbox 1992 5374 3548 5440">
     <span class='ocr_line' id='line_1_116' title="bbox 1992 5374 3548 5440; baseline 0.001 -11"><span class='ocrx_word' id='word_1_894' title='bbox 1992 5392 2089 5430; x_wconf 86' lang='lat' dir='ltr'><strong>nos</strong></span> <span class='ocrx_word' id='word_1_895' title='bbox 2154 5377 2401 5440; x_wconf 89' lang='lat' dir='ltr'><strong>invicem,</strong></span> <span class='ocrx_word' id='word_1_896' title='bbox 2447 5385 2500 5427; x_wconf 89' lang='lat' dir='ltr'><strong>et</strong></span> <span class='ocrx_word' id='word_1_897' title='bbox 2551 5387 2762 5427; x_wconf 88' lang='lat' dir='ltr'><strong>omnem</strong></span> <span class='ocrx_word' id='word_1_898' title='bbox 2819 5374 2978 5427; x_wconf 83' lang='lat' dir='ltr'><strong>vitam</strong></span> <span class='ocrx_word' id='word_1_899' title='bbox 3044 5387 3282 5433; x_wconf 90' lang='lat' dir='ltr'><strong>nostram</strong></span> <span class='ocrx_word' id='word_1_900' title='bbox 3333 5380 3548 5432; x_wconf 78' lang='lat' dir='ltr'><strong>Christo</strong></span> 
     </span>
    </p>
   </div>
   <div class='ocr_carea' id='block_1_117' title="bbox 1994 5461 3546 5532">
    <p class='ocr_par' dir='ltr' id='par_1_117' title="bbox 1994 5461 3546 5532">
     <span class='ocr_line' id='line_1_117' title="bbox 1994 5461 3546 5532; baseline -0.001 -11"><span class='ocrx_word' id='word_1_901' title='bbox 1994 5467 2454 5523; x_wconf 85' lang='lat' dir='ltr'><strong>commendemus.</strong></span> <span class='ocrx_word' id='word_1_902' title='bbox 2486 5474 2541 5516; x_wconf 91' lang='lat' dir='ltr'><strong>et</strong></span> <span class='ocrx_word' id='word_1_903' title='bbox 2571 5461 2953 5517; x_wconf 88' lang='lat' dir='ltr'><strong>custodiendos</strong></span> <span class='ocrx_word' id='word_1_904' title='bbox 2980 5465 3327 5532; x_wconf 90' lang='lat' dir='ltr'><strong>deponamus.</strong></span> <span class='ocrx_word' id='word_1_905' title='bbox 3372 5484 3390 5516; x_wconf 72' lang='grc' dir='ltr'><strong><em>ο</em></strong></span> <span class='ocrx_word' id='word_1_906' title='bbox 3431 5465 3546 5520; x_wconf 88' lang='lat' dir='ltr'><strong>Non</strong></span> 
     </span>
    </p>
   </div>
   <div class='ocr_carea' id='block_1_118' title="bbox 1993 5553 3555 5621">
    <p class='ocr_par' dir='ltr' id='par_1_118' title="bbox 1993 5553 3555 5621">
     <span class='ocr_line' id='line_1_118' title="bbox 1993 5553 3555 5621; baseline -0.002 -9"><span class='ocrx_word' id='word_1_907' title='bbox 1993 5568 2076 5612; x_wconf 87' lang='lat' dir='ltr'><strong>est</strong></span> <span class='ocrx_word' id='word_1_908' title='bbox 2104 5557 2343 5610; x_wconf 88' lang='lat' dir='ltr'><strong>omnium</strong></span> <span class='ocrx_word' id='word_1_909' title='bbox 2405 5554 2512 5607; x_wconf 88' lang='lat' dir='ltr'><strong>Deo</strong></span> <span class='ocrx_word' id='word_1_910' title='bbox 2567 5553 2774 5621; x_wconf 88' lang='lat' dir='ltr'><strong>seipsos</strong></span> <span class='ocrx_word' id='word_1_911' title='bbox 2827 5554 3231 5621; x_wconf 82' lang='lat' dir='ltr'><strong>commendare,</strong></span> <span class='ocrx_word' id='word_1_912' title='bbox 3275 5564 3328 5609; x_wconf 89' lang='lat' dir='ltr'><strong>et</strong></span> <span class='ocrx_word' id='word_1_913' title='bbox 3372 5566 3555 5609; x_wconf 75' lang='lat' dir='ltr'><strong>cusm-</strong></span> 
     </span>
    </p>
   </div>
   <div class='ocr_carea' id='block_1_119' title="bbox 1993 5641 3553 5709">
    <p class='ocr_par' dir='ltr' id='par_1_119' title="bbox 1993 5641 3553 5709">
     <span class='ocr_line' id='line_1_119' title="bbox 1993 5641 3553 5709; baseline -0.002 -9"><span class='ocrx_word' id='word_1_914' title='bbox 1993 5648 2220 5702; x_wconf 85' lang='lat' dir='ltr'><strong>dieudes</strong></span> <span class='ocrx_word' id='word_1_915' title='bbox 2275 5646 2506 5700; x_wconf 83' lang='lat' dir='ltr'><strong>tradere.</strong></span> <span class='ocrx_word' id='word_1_916' title='bbox 2569 5641 2684 5697; x_wconf 82' lang='lat' dir='ltr'><strong>Non</strong></span> <span class='ocrx_word' id='word_1_917' title='bbox 2757 5643 2952 5696; x_wconf 62' lang='lat' dir='ltr'><strong>sufﬁcit</strong></span> <span class='ocrx_word' id='word_1_918' title='bbox 3008 5642 3151 5695; x_wconf 89' lang='lat' dir='ltr'><strong>enim</strong></span> <span class='ocrx_word' id='word_1_919' title='bbox 3205 5649 3408 5709; x_wconf 83' lang='lat' dir='ltr'><strong>dicere,</strong></span> <span class='ocrx_word' id='word_1_920' title='bbox 3457 5652 3553 5702; x_wconf 72' lang='lat' dir='ltr'><strong>sed</strong></span> 
     </span>
    </p>
   </div>
  </div>
