4132 6308
556 375 666 435 391i

1823 370 2129 431 NICOLA!
2172 370 2259 430 CA
2273 370 2561 429 BASILE

3710 363 3818 424 400

557 493 774 555 oportet
803 483 968 537 etiam
1026 481 1118 535 Dei
1165 497 1493 537 consensum
1534 482 1755 536 habere.
1790 480 1903 537 lloc
1958 495 2138 535 autem

2267 483 2560 555 ιαῤῥησίαν
2596 481 2652 535 δὲ
2682 480 2923 550 καθαρὴν
2949 481 3094 531 ποιεῖ
3127 478 3364 537 συνειδός
3390 494 3403 508 ·
3448 477 3577 530 ὅταν
3608 478 3639 538 ἡ
3676 495 3823 549 καρ-

561 576 786 630 omnino
807 574 1008 641 indiget
1026 572 1276 627 libertate
1300 573 1637 626 :libcrtatent
1657 583 1835 625 autem
1859 571 1988 628 laeit
2008 587 2139 640 pura

567 664 921 727 conscientia,
957 667 1170 733 quando
1201 679 1294 717 cor
1332 678 1577 717 nostrum
1626 679 1721 719 nos
1753 679 1858 717 non
1884 664 2143 718 condem-

570 768 684 821 nat,
715 759 933 826 quando
974 770 1092 822 qua!
1126 765 1249 808 sunt
1301 755 1440 822 ejus,
1478 770 1734 810 curamus
1767 774 1779 809 :
1834 757 2047 822 quando
2088 762 2146 807 ut.

570 866 757 904 eorum
793 863 910 916 qua:
952 855 1076 901 sunt
1110 847 1245 913 ejus,
1271 861 1455 899 curam
1510 860 1785 914 geramus,
1828 856 2012 899 nostra
2048 859 2145 898 ue-

574 943 844 1012 gligimus.
866 940 1019 996 Tunc
1048 941 1192 995 enim
1242 952 1296 995 et
1328 939 1429 1008 ipsi
1465 955 1591 992 vere
1621 955 1649 990 a
1691 954 1816 992 cura
1851 937 2018 993 nostri
2057 951 2146 991 re-

578 1036 846 1101 cedimus,
881 1044 934 1087 ct
958 1032 1066 1086 Deo
1097 1047 1215 1085 eam
1255 1045 1449 1086 secure
1485 1030 1900 1093 conunittimus,
1928 1029 2148 1098 quando

579 1127 789 1177 ﬁrmam
818 1123 1137 1178 etstabilem
1188 1121 1345 1175 ﬁdem
1375 1121 1636 1176 habemus
1670 1120 1813 1188 quod
1846 1119 2148 1186 depositum

578 1230 818 1271 nostrum
883 1214 1142 1281 suscipiet
1191 1223 1243 1266 et
1298 1214 1559 1266 servabit.
1627 1209 1764 1276 Quia
1821 1219 1999 1264 autem
2064 1223 2152 1262 res

579 1318 726 1362 tanta
788 1305 1230 1360 consideratione
1261 1315 1311 1358 et
1350 1302 1532 1358 studio
1595 1302 1822 1368 indiget,
1866 1307 2152 1368 propterea

570 1412 721 1449 nunc
741 1395 957 1462 quidem
1005 1390 1366 1446 sanctissimae
1403 1389 1494 1441 Dei
1559 1388 1744 1441 Matris
1797 1399 1850 1439 ct
1907 1384 2152 1438 omnium

585 1495 897 1540 sanctorum
936 1491 1114 1537 castus
1146 1484 1398 1536 invocato
1432 1481 1656 1545 auxilio,
1687 1480 1757 1532 iia
1797 1480 2153 1532 commenda-

586 1581 794 1634 tionciu
828 1592 922 1631 seu
956 1576 1353 1643 depositionem
1397 1573 1667 1627 faciams:
1697 1573 1801 1625 hoc
1849 1571 1992 1624 enim
2053 1566 2153 1621 sibi

546 1688 549 1695 ·
582 1668 699 1721 vult
729 1666 881 1728 illud,
914 1682 932 1715 ι
963 1674 1414 1722 commemorare,
1457 1673 1674 1720 vocare,
1717 1670 1892 1710 orare.
1930 1673 1949 1706 ι
2000 1654 2158 1708 Nunc

587 1770 766 1813 autem
792 1756 915 1811 ﬁdei
943 1755 1169 1817 unitate,
1203 1762 1257 1805 ct
1288 1751 1461 1805 sancti
1513 1750 1750 1817 Spiritus
1793 1749 1945 1816 prius
1990 1747 2156 1816 petita

586 1849 996 1910 communione,
1027 1842 1225 1900 deinde
1275 1858 1374 1897 nos
1414 1844 1558 1912 ipsos
1612 1852 1665 1894 et
1722 1854 1936 1894 omnem
1988 1841 2155 1893 vitam

585 1951 830 1997 nostram
866 1940 976 1992 Deo
1022 1935 1489 1997 commendamus,
1529 1942 1582 1987 et
1610 1930 2013 1986 custodiendam
2043 1939 2157 1984 tra-

586 2035 785 2088 dimus.
854 2029 992 2096 Quid
1049 2038 1131 2085 est
1192 2037 1370 2080 autem
1425 2027 1606 2079 unitas
1667 2022 1829 2077 ﬁdei?
1882 2040 1900 2073 ι
1952 2021 2156 2087 llotno,

587 2126 807 2196 inquit,
883 2122 1085 2189 duplici
1149 2121 1361 2184 corde,
1444 2128 1529 2173 est
1607 2116 1875 2172 instabilis
1939 2115 1992 2167 in
2058 2114 2160 2167 viis

587 2220 701 2272 suis
756 2235 770 2271 :
828 2235 846 2268 ι
906 2213 1104 2284 duplici
1169 2212 1334 2265 corde
1407 2210 1684 2264 hominem
1744 2221 1971 2274 vocans,
2035 2221 2159 2260 eutn

582 2311 683 2379 qui
733 2319 819 2365 est
848 2308 1047 2361 dubius
1104 2316 1161 2363 et
1208 2303 1429 2357 minime
1471 2302 1659 2357 ﬁrmus
1688 2311 1740 2356 et
1785 2300 2018 2356 stabilis.
2055 2297 2161 2365 Qui

588 2403 733 2455 enim
802 2399 925 2453 talis
973 2407 1100 2465 est,
1176 2397 1218 2449 is
1284 2396 1336 2447 in
1383 2402 1669 2462 utramque
1726 2399 1935 2461 partem
1990 2388 2160 2444 decli-

592 2509 751 2556 nam,
805 2494 857 2546 in
922 2501 1112 2545 neutra
1170 2499 1326 2558 parte
1380 2489 1609 2541 lirmitcr
1665 2484 1993 2552 ingreditur.
2052 2481 2163 2535 Hu-

591 2589 681 2656 jus
736 2595 921 2639 autem
979 2583 1315 2635 contrarium
1350 2593 1445 2649 per
1486 2579 1747 2631 unitatem
1781 2576 2158 2647 signiﬁcatur:

596 2682 646 2733 id
673 2677 814 2746 quod
852 2673 1064 2729 scilitct
1114 2681 1199 2724 est
1258 2670 1494 2733 ﬁrmum,
1552 2678 1807 2722 constans
1863 2676 1916 2722 et
1945 2667 2161 2721 stabile.

584 2770 694 2836 Qui
726 2768 872 2823 enim
901 2773 1224 2820 constanter
1274 2761 1470 2826 credit,
1505 2774 1669 2814 unum
1701 2759 1974 2829 quidpiam
2009 2760 2075 2812 de
2106 2772 2165 2813 re

588 2860 788 2925 credit,
820 2859 902 2913 vel
932 2872 1072 2920 esse,
1106 2853 1188 2909 vel
1214 2869 1317 2907 non
1367 2866 1516 2907 esse.
1548 2850 1653 2918 Qui
1690 2859 1869 2905 autem
1923 2857 2007 2904 cst
2060 2848 2164 2903 du-

594 2956 740 3021 bius,
767 2965 893 3008 eum
927 2952 992 3003 ad
1026 2957 1319 3016 utrumque
1358 2943 1635 2999 declinare
1655 2942 1737 2997 vel
1764 2958 1826 2996 ex
1859 2942 1974 3010 ipso
2003 2956 2166 2997 voca-

584 3045 720 3099 itulo
742 3039 1092 3096 manili-stunt
1124 3042 1227 3090 est.
1254 3032 1364 3088 Hoc
1391 3048 1545 3103 ergo,
1580 3032 1701 3087 ﬁdei
1727 3033 1937 3087 scilicet
1964 3030 2161 3096 unitas,

2245 576 2331 628 δία
2364 573 2522 644 ἡμῶν
2548 578 2622 643 μὴ
2670 571 3070 639 καταγινώσκει
3123 572 3315 639 ἡμῶν·
3353 571 3483 621 ὅταν
3537 569 3604 620 τὰ
3651 569 3827 622 αὐτοῦ

2251 669 2629 739 μεριμνῶμεν,
2663 667 2794 719 ὅταν
2829 667 2968 734 ὑπὲρ
2999 664 3093 716 τοῦ
3137 664 3409 734 μεριμνᾷν
3461 662 3529 713 τὰ
3580 662 3825 727 ἐκείνου,

2245 761 2353 812 τῶν
2379 759 2664 831 ἡμετέρων
2720 757 3173 827 καταφρονῶμεν.
3226 755 3359 808 Τότε
3389 744 3497 822 γὰρ
3555 754 3716 806 αὐτοί
3756 773 3826 807 τε

2248 851 2464 921 ἀληθῶς
2489 850 2839 918 ἀφιστάμεθα
2869 851 2967 911 τῆς
2997 848 3270 916 μερίμνης
3312 847 3414 912 τῆς
3467 846 3613 915 ὑπὲρ
3657 847 3828 915 ἡμῶν

2251 943 2451 1008 αὐτῶν,
2494 944 2588 995 καὶ
2613 940 2691 1011 τῷ
2723 940 2843 1010 Θεῷ
2874 939 3077 1009 ταύτην
3123 940 3499 1009 παρατίθεμεν
3538 939 3827 1006 ἀσφαλῶς·

2252 1034 2603 1097 πιστεύοντες
2637 1033 2870 1100 βεϐαίως
2899 1034 2981 1085 ὃτι
3011 1030 3222 1094 δέξεται
3260 1031 3360 1100 τὴν
3428 1033 3831 1102 παρακαταθῆ-

2254 1146 2358 1197 κην
2390 1127 2546 1196 ἡμῶν
2577 1126 2670 1177 καὶ
2698 1124 2946 1192 φυλάξει.
2977 1122 3133 1176 Ἐπεὶ
3152 1123 3332 1176 τοίνυν
3360 1122 3631 1189 τοσαύτης
3649 1123 3831 1175 δεῖται

2253 1220 2315 1273 τὸ
2355 1221 2587 1289 πρᾶγμα
2656 1218 2974 1286 φιλοσοφίας
3012 1233 3071 1268 τε
3118 1217 3212 1268 καὶ
3243 1216 3499 1283 σπουδῆς,
3540 1216 3626 1267 διὰ
3664 1215 3833 1269 τοῦτο

2254 1312 2349 1365 νῦν
2387 1313 2484 1381 μὲν
2517 1311 2792 1377 παναγίαν
2829 1308 2923 1361 τοῦ
2964 1308 3099 1360 θεοῦ
3153 1310 3405 1377 Μητέρα,
3442 1309 3536 1361 καὶ
3583 1308 3674 1361 τὸν
3714 1309 3830 1361 τῶν

2257 1405 2430 1472 ἁγίων
2468 1404 2686 1457 ἅπαντα
2719 1401 2923 1453 κύκλον
2963 1401 3042 1462 εἰς
3083 1400 3402 1470 ἐπικουρίαν
3472 1398 3830 1460 καλέσαντες,

2257 1497 2398 1551 οὕτω
2424 1495 2729 1566 ποιούμεθα
2752 1494 2849 1565 τὴν
2883 1495 3184 1565 παράθεσιν
3214 1510 3226 1523 ·
3267 1493 3422 1546 τοῦτο
3442 1493 3549 1562 γὰρ
3576 1492 3832 1562 βούλεται

2257 1588 2340 1652 τὸ,
2360 1606 2378 1638 ι
2410 1587 2802 1657 μνημονεῦσαι,
2829 1604 2847 1639 ι
2869 1585 2951 1650 τὸ,
2977 1603 2995 1636 ι
3024 1585 3273 1647 καλέσαι,
3305 1604 3322 1635 ι
3342 1589 3422 1649 to,
3448 1602 3467 1634 ι
3488 1583 3769 1655 δεηθῆναι.
3805 1604 3826 1635 ο

2260 1677 2375 1731 Νῦν
2406 1678 2462 1731 δὲ
2486 1677 2587 1747 τὴν
2621 1677 2847 1747 ἑνότητα
2869 1676 2967 1745 τῆς
2987 1675 3245 1740 πίστεως,
3272 1676 3367 1729 καὶ
3398 1675 3497 1743 τὴν
3537 1674 3831 1727 κοινωνίαν

2262 1766 2355 1818 τοῦ
2400 1766 2557 1833 ἁγίου
2596 1765 2913 1834 ῐῐνεύματος
2967 1766 3322 1836 αἰτησάμενοι
3360 1764 3649 1835 πρότερον,
3711 1759 3832 1817 εἶτα

2264 1858 2492 1919 ἑαυτοὺς
2520 1859 2614 1911 καὶ
2652 1856 2940 1926 ἀλλήλους,
2986 1856 3080 1908 καὶ
3134 1858 3315 1910 πᾶσαν
3352 1856 3452 1927 τὴν
3479 1856 3629 1925 ζωὴν
3670 1857 3832 1926 ἡμῶν

2261 1948 2682 2021 παρατιθέμεθα
2734 1949 2812 2020 τῷ
2841 1947 2983 2019 Θεῷ.
3015 1948 3080 2000 Τί
3123 1948 3181 2002 δέ
3227 1948 3380 2013 ἐστιν
3406 1949 3439 2017 ἡ
3466 1948 3562 2017 τῆς
3595 1948 3833 2010 πίστεως

2264 2040 2496 2110 ἑνότης;
2544 2059 2561 2091 ι
2617 2040 2803 2111 ’Λνὴρ,
2851 2041 3009 2110 φησι,
3042 2040 3289 2112 δίψυχος,
3332 2041 3717 2103 ἀκατάστατος
3771 2041 3835 2092 ὲν

2263 2132 2465 2194 πάσαις
2496 2134 2618 2195 ταῖς
2645 2131 2786 2195 ὁδοῖς
2822 2130 2989 2184 αὐτοῦ
3013 2148 3026 2162 ο
3064 2151 3082 2184 ι
3140 2132 3362 2204 δίψυχον
3399 2131 3575 2200 λέγων
3604 2132 3697 2184 τὸν
3730 2134 3837 2200 ἀμ-

2263 2223 2505 2293 φίϐολον,
2557 2222 2649 2277 τὸν
2701 2221 2940 2294 οὐδαμοῦ
3005 2222 3243 2294 βέϐαιον.
3322 2222 3384 2276 Ὃ
3437 2225 3544 2294 γὰρ
3593 2223 3836 2288 τοιοῦτος

2261 2317 2347 2384 ἐφ’
2370 2316 2641 2388 ἑκατέρας
2678 2315 2899 2380 κλίνων,
2954 2314 3280 2385 οὐδετέρωθι
3342 2315 3515 2383 βαίνει
3570 2315 3832 2385 βεϐαίως.

2262 2408 2468 2462 Τούτου
2510 2408 2568 2460 τὸ
2594 2407 2838 2462 ἐναντίον
2867 2405 3125 2473 δηλοῦται
3157 2409 3248 2462 διὰ
3297 2408 3395 2475 τῆς
3441 2406 3714 2471 ὲνὼσεως,
3770 2407 3835 2459 τὸ

2263 2500 2482 2569 πάγιον,
2515 2499 2574 2552 τὸ
2611 2499 2853 2568 βέϐαιον,
2884 2500 2946 2552 τὸ
2987 2500 3178 2564 ἑστώς.
3221 2501 3280 2552 Ὀ
3314 2500 3534 2570 μὲνγὰρ
3554 2498 3834 2552 πιστεύων

2266 2592 2522 2663 βεϐαίως,
2554 2592 2613 2645 ἓν
2639 2609 2692 2645 τι
2717 2592 3015 2660 γιγνώσκει
3072 2594 3201 2662 περὶ
3250 2592 3343 2646 τοῦ
3390 2593 3739 2663 πράγματος,
3797 2596 3832 2665 ἦ

2264 2685 2323 2737 τὸ
2353 2678 2516 2749 εἶναι,
2543 2685 2576 2754 ἢ
2606 2683 2668 2737 τὸ
2705 2683 2782 2755 μὴ
2806 2680 2970 2738 εῖναι.
3001 2685 3061 2738 'U
3099 2684 3152 2738 δὲ
3177 2684 3477 2753 ἀμφίϐολος
3509 2685 3643 2752 πρὸς
3665 2685 3837 2755 ἄμφω

2268 2774 2472 2845 ῥέπων,
2509 2775 2602 2827 καὶ
2640 2774 2747 2829 ἀπὸ
2777 2775 2877 2841 τῆς
2937 2775 3308 2846 προσηγορίας
3350 2775 3597 2842 γίνεσθαι
3651 2775 3834 2844 δῆλος.

2266 2863 2437 2917 Τοῦτο
2468 2864 2566 2934 μὲν
2608 2865 2640 2934 ή
2688 2864 2788 2934 τῆς
2819 2866 3053 2927 πίστεως
3111 2865 3325 2934 ἑνότης·
3360 2867 3420 2919 τὸ
3461 2864 3735 2935 ἀκίνητον,
3771 2867 3835 2917 τὸ

2267 2957 2450 3028 πάσης
2516 2957 2917 3026 ἁμφιϐολογίας
2978 2957 3425 3026 ἀπηλλαγμένον.
3492 2959 3557 3011 Ἠ
3622 2957 3681 3011 δὲ
3735 2958 3832 3011 τοῦ

2272 3050 2429 3117 ἁγίου
2482 3048 2803 3118 Πνεύματος
2865 3048 3115 3102 κοινωνία
3169 3050 3267 3119 τὴν
3308 3050 3521 3103 ἐκείνου
3580 3049 3837 3119 σημαίνει

582 3144 675 3189 est
705 3133 757 3187 id
789 3132 928 3201 quod
961 3138 1045 3183 est
1101 3126 1402 3189 iuuuobile,
1442 3134 1495 3179 ct
1524 3125 1590 3179 ab
1635 3124 1780 3179 omni
1830 3123 2166 3179 duldtatione

2273 3141 2458 3211 χάριν.
2480 3138 2715 3206 Λέγεται
2759 3139 2815 3191 δὲ
2843 3141 3121 3205 κοινωνία,
3169 3140 3252 3192 ὅτι
3278 3139 3371 3192 τοῦ
3395 3140 3596 3210 Κυρίου
3635 3141 3726 3193 διὰ
3740 3141 3834 3193 τοῦ

592 3228 845 3281 liberum.
901 3222 1087 3276 Sancti
1154 3229 1336 3274 autem
1389 3218 1623 3288 Spiritus
1654 3217 1965 3274 communio
2024 3216 2168 3291 illius

595 3321 828 3388 gratiam
864 3316 1161 3386 signiﬁcat.
1210 3312 1421 3366 Dicitur
1443 3322 1621 3367 autem
1651 3313 1988 3375 communio,
2042 3308 2168 3380 quia

591 3424 714 3463 cum
753 3408 1012 3462 Dominus
1044 3419 1141 3475 per
1170 3418 1390 3459 crucem
1452 3401 1791 3471 interiectam
1816 3401 1961 3470 scpis
1994 3414 2171 3455 macc-

597 3503 758 3568 riam,
794 3515 916 3569 quae
944 3499 1088 3553 inter
1115 3512 1212 3551 nos
1247 3506 1302 3550 et
1328 3495 1493 3548 Deum
1528 3502 1671 3558 erat,
1699 3491 1977 3556 diruisset,-
2034 3507 2171 3560 quo-

597 3597 744 3648 niam
814 3607 911 3646 eos
968 3590 1061 3659 qui
1103 3599 1235 3642 tunc
1284 3585 1541 3656 disiuncti
1590 3592 1767 3651 erant,
1810 3583 1961 3637 nullo
2015 3584 2173 3640 modo

600 3699 760 3755 posse
789 3681 1083 3737 convenire
1131 3690 1184 3732 ct
1211 3675 1616 3731 communicare
1665 3682 2037 3745 cognoverat:
2074 3676 2172 3729 de-

603 3780 796 3844 inceps
828 3771 1006 3827 sancti
1053 3769 1287 3837 Spiritus
1325 3767 1392 3821 ad
1427 3765 1704 3835 apostolos
1751 3766 2015 3821 adventus
2070 3767 2173 3821 hoc

590 3866 785 3921 sclﬁcit.
818 3862 955 3917 llinc
972 3861 1115 3915 enim
1151 3864 1400 3914 sanctum
1440 3857 1709 3926 baptisma
1766 3869 1821 3912 et
1853 3860 2029 3913 omnis
2055 3859 2174 3916 fons

601 3958 910 4015 divinarum
949 3954 1241 4024 gratiarum
1268 3950 1578 4005 hominibus
1603 3958 1822 4018 apertus
1854 3962 1958 4004 est.
1999 3951 2085 4018 lit,
2118 3959 2174 4004 ut

603 4049 738 4103 dicit
793 4047 988 4102 beatus
1021 4042 1236 4108 Petrus,
1262 4039 1456 4095 divinae
1483 4050 1691 4095 natura:
1726 4041 1859 4096 socii
1913 4042 2037 4095 lacti
2086 4058 2174 4097 su-

602 4157 724 4197 mus
754 4139 1066 4210 participes.

672 4232 821 4302 Opus
854 4242 935 4286 cst
964 4246 1092 4299 ergo
1140 4238 1193 4285 et
1226 4228 1329 4285 ﬁde
1369 4230 1518 4285 ﬁrma
1564 4241 1619 4284 et
1646 4230 1867 4300 spiritus
1891 4227 2092 4284 auxilio
2126 4228 2176 4281 ci
2250 4272 2253 4287 .

601 4326 699 4394 qui
728 4324 965 4392 seipsum
1002 4322 1114 4375 Deo
1141 4333 1224 4376 est
1248 4322 1752 4387 commendaturus,
1793 4331 1848 4374 et
1900 4335 1961 4375 se
2001 4321 2051 4374 ei
2083 4337 2180 4375 cu-

603 4413 947 4467 s'odiendum
971 4412 1218 4465 daturus.
1245 4409 1431 4480 Neque
1485 4426 1619 4471 vero
1655 4412 2025 4481 unusquisque
2087 4428 2175 4468 se-

2272 3230 2507 3301 σταυροῦ
2550 3231 2611 3282 τὸ
2661 3231 2981 3301 μεσότοιχον
3039 3231 3136 3283 τοῦ
3178 3230 3437 3300 φραγμοῦ
3464 3269 3479 3294 ,
3519 3231 3579 3283 τὸ
3630 3231 3835 3298 μεταξὺ

2269 3322 2405 3376 Θεοῦ
2429 3322 2524 3376 καὶ
2552 3321 2709 3391 ήιιῶν
2759 3320 3103 3388 καθελόντος,
3143 3321 3267 3373 ἐπεὶ
3298 3323 3420 3385 τοὺς
3474 3323 3594 3375 τότε
3629 3323 3835 3376 διιστα-

2274 3415 2472 3485 μένους
2522 3415 2617 3467 καὶ
2685 3412 2852 3483 μηδὲν
2910 3413 3131 3482 ἔχοντας
3192 3414 3394 3476 κοινὸν,
3453 3414 3690 3467 συνιέναι
3741 3418 3839 3468 καὶ

2272 3510 2552 3561 κοινωνεῖν
2591 3505 2697 3558 ἔδει
2721 3505 2932 3570 λοιπὸν,
2962 3507 2995 3577 ἡ
3038 3505 3131 3558 τοῦ
3167 3507 3323 3575 ἁγίου
3349 3507 3671 3576 Πνεύματος
3699 3508 3839 3577 προς

2271 3599 2398 3661 τοὺς
2428 3596 2767 3660 ἀποστόλους
2824 3597 3093 3668 ἐπιδημία
3151 3596 3312 3651 τοῦτο
3349 3599 3511 3652 ποιεῖ.
3558 3596 3839 3650 Ἐντεῦθεν

2274 3685 2383 3753 γὰρ
2418 3684 2478 3736 τὸ
2532 3683 2685 3752 ἆγιον
2740 3683 3021 3753 βάπτισμα
3092 3685 3186 3739 καὶ
3239 3688 3389 3739 πᾶσα
3433 3687 3467 3756 η
3519 3685 3628 3739 τῶν
3678 3687 3837 3740 θείων

2273 3775 2512 3846 χαρίτων
2564 3775 2714 3847 πηγὴ
2744 3779 2854 3840 τοῖς
2901 3775 3211 3847 ἀνθρώποις
3248 3778 3480 3846 ἀνέῳγε,
3527 3777 3651 3844 καὶ,
3689 3778 3833 3830 κατά

2274 3869 2365 3922 τὸν
2423 3867 2693 3938 μακάριον
2750 3869 2979 3940 Πέτρον,
3041 3869 3189 3932 θείας
3233 3869 3538 3940 γεγόναμεν
3597 3871 3844 3921 κοινωνοὶ

2276 3976 2511 4027 φυσεως.

2347 4230 2441 4283 Δεῖ
2476 4229 2659 4283 τοίνυν
2687 4227 2781 4282 καὶ
2827 4227 3064 4290 πίστεως
3102 4226 3344 4296 βεϐαίας,
3405 4228 3502 4281 καὶ
3541 4228 3642 4298 τῆς
3695 4232 3849 4300 παρὰ

2280 4321 2372 4375 τοῦ
2402 4321 2559 4390 ἀγίοσ
2584 4321 2725 4374 Πνεύ
2737 4338 2906 4391 ματος
2943 4319 3220 4390 βοηθείας,
3259 4319 3339 4388 τῷ
3368 4320 3629 4391 μέλλοντι.
3664 4322 3850 4385 καλῶς

2284 4412 2601 4467 ἀνατιθέναι
2623 4413 2701 4483 τῷ
2726 4412 2844 4482 Θεῷ
2869 4413 3086 4465 ἑαυτόν.
3117 4413 3228 4465 Καὶ
3260 4413 3361 4466 οὐκ
3392 4412 3585 4465 ἑαυτὸν
3615 4412 3854 4477 ἕκαστος

603 4508 780 4576 ipsum
836 4506 1031 4566 solum,
1067 4504 1161 4558 sed
1209 4506 1371 4557 etiam
1415 4520 1516 4559 nos
1568 4504 1798 4559 invicem
1838 4506 2166 4560 commcnda-

2292 4505 2481 4575 μόνον,’
2506 4504 2639 4557 ἀλλὰ
2677 4506 2770 4557 καὶ
2826 4504 3086 4572 ἀλλήλους
3138 4504 3575 4575 παρατιθέμεθα.
3612 4507 3703 4557 Δεῖ
3740 4509 3852 4576 γὰρ

607 4610 749 4649 unus.
810 4592 1033 4662 Oportet
1088 4589 1231 4643 enim
1294 4606 1399 4644 non
1474 4600 1683 4644 tantum
1732 4607 1977 4661 quaerere
2033 4593 2177 4662 quod

610 4700 769 4739 suum
796 4693 910 4746 εει,
948 4683 1041 4736 sed
1079 4681 1245 4735 etiam
1286 4680 1538 4747 aliorum,
1576 4691 1792 4750 propter
1835 4681 2001 4752 legem
2053 4683 2181 4736 cita-

611 4776 808 4832 ritatis.
1742 4793 1746 4796 ·

1240 4861 1391 4939 cAP.
1440 4860 1553 4916 xv.

786 4982 861 5036 De
905 4978 1208 5049 antiphouis
1238 4992 1354 5044 qua:
1384 4974 1655 5049 dicuntur,
1698 4984 1744 5030 et
1772 4976 2009 5045 precibus

1102 5064 1220 5118 quw
1249 5052 1304 5101 m
1364 5047 1489 5114 ipsis
1536 5046 1688 5113 ﬁunt.

687 5146 895 5197 interea
930 5153 1109 5195 autem
1149 5142 1273 5194 dum
1314 5138 1600 5208 petitiones
1624 5137 1777 5207 praeit
1808 5138 2065 5191 diaconus
2088 5180 2101 5202 ,
2130 5145 2183 5190 et

617 5248 775 5289 sacer
843 5240 961 5285 orat
1014 5230 1262 5300 populus,
1329 5228 1583 5283 sacerdos
1632 5228 1775 5281 intus
1830 5239 1951 5282 orat
2001 5243 2092 5293 per
2126 5241 2184 5280 se

619 5324 888 5381 subuniSsa
925 5336 1054 5377 voce
1108 5335 1204 5390 pro
1245 5318 1574 5383 astantibus,
1608 5328 1661 5371 et
1696 5330 1792 5386 pro
1846 5316 1946 5370 hac
2000 5326 2184 5369 sancta

619 5424 805 5480 domo,
833 5425 889 5469 ut
929 5415 1007 5469 cis
1045 5412 1240 5467 divites
1302 5411 1649 5465 eﬁ‘undautur
1698 5407 2081 5461 misericordiae
2132 5415 2187 5459 cl.

618 5509 996 5569 miserationes
1022 5522 1049 5557 ιι
1074 5504 1182 5557 Deo
1201 5544 1215 5569 ,
1251 5513 1304 5555 et
1337 5502 1521 5570 adjicit
1544 5512 1761 5555 causam
1781 5508 1997 5567 pr0pter
2024 5514 2185 5567 quant

617 5613 672 5660 et
707 5604 821 5673 ipse
856 5600 968 5652 hate
1000 5593 1152 5666 petit,
1183 5603 1232 5646 et
1270 5592 1406 5646 Deus
1439 5576 1556 5659 qiue
1606 5591 1817 5659 petivit,
1868 5590 2011 5658 jttste
2053 5603 2187 5658 pra:-

617 5700 821 5764 bucrit,
853 5713 958 5753 non
986 5695 1129 5764 quod
1161 5690 1307 5757 digni
1341 5688 1449 5741 sint
1476 5689 1562 5746 ιιιιί
1597 5695 1722 5739 sunt
1755 5685 2052 5753 accepturi,
2083 5700 2185 5737 non

610 5789 763 5860 quod
794 5803 854 5845 ea
886 5788 1008 5859 jure
1035 5785 1281 5854 accipere
1314 5792 1639 5843 mereamur,
1670 5776 1761 5832 sed
1789 5778 1913 5845 quia
1940 5777 2030 5831 tibi
2062 5792 2189 5831 cou-

2279 4598 2339 4649 οὐ
2365 4597 2424 4649 τὸ
2449 4597 2642 4650 ἑαυτοῦ
2668 4595 2852 4666 ζητεῖν
2879 4598 3064 4665 μόνον,
3086 4598 3222 4650 ἀλλὰ
3249 4601 3342 4651 καὶ
3370 4599 3439 4651 τὰ
3484 4601 3590 4652 τῶν
3647 4601 3850 4659 ἄλλων.

2281 4689 2369 4742 διὰ
2395 4692 2485 4742 τὶμν
2512 4689 2608 4756 τῆς
2642 4691 2863 4761 ἀγάπης
2896 4690 3081 4760 νόμον.

2868 4866 3115 4919 ΚΕΦᾹᾹ.
3164 4865 3260 4919 lE'.

2355 4975 2493 5043 Περὶ
2528 4974 2646 5029 τῶν
2671 4976 3015 5045 λεγομένων
3038 4977 3408 5045 ἀντιφώνων,
3434 4977 3527 5031 καί
3569 4976 3687 5031 τῶν
3716 4978 3789 5031 ἐν

2834 5047 3041 5112 αὐτοῖς
3073 5047 3291 5115 εὐχῶν.

2369 5139 2458 5190 Ἐν
2491 5140 2599 5208 ὅσῳ
2638 5137 2693 5189 δὲ
2732 5138 2841 5190 τῶν
2891 5139 3162 5209 αἰτήσεων
3196 5142 3223 5192 ὁ
3256 5139 3503 5201 διάκονος
3554 5138 3853 5210 ἐξηγεῖται,

2285 5232 2381 5285 καὶ
2411 5234 2438 5283 ὀ
2468 5230 2609 5300 ἱερὸς
2650 5230 2778 5293 λαὸς
2813 5230 3055 5299 εὔχεται,
3100 5234 3127 5283 ὁ
3160 5230 3336 5300 ἱερεὺς
3364 5232 3510 5285 ἔνδον
3541 5233 3705 5303 εὐχὴν
3735 5248 3860 5284 ποι-

2286 5323 2427 5374 εῖται
2458 5322 2634 5390 ἡσυχῇ
2694 5322 2790 5373 καὶ
2823 5320 2945 5373 καθ’
2978 5323 3198 5385 ἑαυτὸν,
3230 5322 3370 5393 ὑπὲρ
3416 5322 3522 5375 τῶν
3555 5324 3861 5391 περιεστῶ-

2286 5431 2413 5476 των,
2450 5414 2545 5466 καὶ
2566 5412 2659 5464 τοῦ
2688 5412 2843 5480 ἁγίου
2868 5412 3043 5476 οἴκου,
3079 5413 3308 5466 πλούσια
3335 5412 3561 5482 χεθῆναι
3584 5413 3767 5475 αὐτοῖς
3787 5413 3861 5467 τὰ

2287 5504 2412 5573 ὲλέη
2437 5504 2589 5571 παρὰ
2605 5501 2697 5555 τοῦ
2722 5502 2884 5566 Θεοῦ,
2908 5505 3001 5554 καὶ
3032 5505 3154 5565 τοὺς
3184 5504 3504 5573 οίκτιρμούς
3532 5520 3545 5533 ο
3572 5504 3665 5555 καὶ
3690 5520 3865 5573 προσ-

2290 5597 2472 5666 τίθησι
2501 5596 2598 5667 τὴν
2630 5596 2809 5649 αἰτίαν
2842 5596 2909 5649 δι’
2943 5597 3009 5666 ἣν
3053 5597 3216 5659 αὐτὸς
3244 5596 3418 5650 ταῦτα
3459 5596 3716 5659 αἰτεῖται,
3759 5598 3866 5651 καὶ

2289 5691 2314 5741 ὀ
2338 5689 2471 5751 Θεὸς
2499 5689 2563 5740 3w
2595 5690 2873 5760 παράσχοι
2901 5690 2970 5740 τὰ
3005 5686 3202 5741 ἑαυτοῦ
3225 5687 3425 5750 δίκαια,
3455 5689 3518 5740 οὐ
3542 5687 3638 5751 τῷ,
3670 5686 3869 5750 ἀξίους

2290 5774 2429 5831 εἶναι
2463 5779 2586 5842 τοὺς
2612 5780 2992 5849 αἱτουμένους,
3015 5781 3110 5847 οὐχ
3134 5781 3216 5833 ὅτι
3241 5778 3439 5831 δίκαιοι
3468 5776 3652 5830 λαϐεῖν
3672 5778 3869 5847 ἡμεῖς,
