4132 6308
355 368 452 432 lﬁl

1546 369 1942 430 ΙΛΤυΡιΟΙίΕ
1977 369 2405 431 EXPOSlTlO.

3493 369 3609 430 4‘03“

354 484 472 536 ἀλλ’
500 484 585 537 ὅτι
627 498 711 535 σοι
757 482 953 552 πρέπει
987 482 1136 535 πᾶσα
1168 482 1312 549 δὸξα,
1346 483 1504 553 τιμὴ,
1541 486 1633 537 καὶ
1678 487 1922 558 προσκύ-

2044 486 2168 539 renit
2201 484 2378 539 omnis
2433 483 2622 553 gloria,
2687 486 2858 539 ItOnor
2886 492 2942 538 et
2993 484 3257 537 adoratio.
3311 503 3328 534 ι
3371 486 3597 549 I‘ropter

356 592 535 642 νησις.
570 593 588 625 ι
627 574 723 628 Διὰ
770 573 868 643 τὴν
921 573 1021 642 σὴν
1057 573 1217 637 δόξαν
1283 575 1459 630 ταῦτα
1490 575 1682 646 δέομαί
1746 594 1860 640 σου,
1898 596 1917 630 ι

363 667 519 737 φησί.
549 666 622 721 Τὸ
667 666 774 737 γάρ
806 665 950 719 οὕτω
986 665 1574 736 φιλανθρωπεύσασθαι
1617 668 1755 737 πρὸς
1796 672 1925 732 τοῦς

365 757 612 824 ἀναξίους
656 756 825 827 ἡμᾶς,
853 757 995 826 ὑπὲρ
1026 760 1125 827 τῆς
1153 757 1255 827 σῆς
1302 759 1511 825 γίνεται
1546 758 1723 827 δόξης.
1756 760 1927 814 Τοῦτο

364 847 421 919 δὲ
452 848 510 900 τδ
541 846 859 911 δοξάζεσθαι
891 848 1093 917 πρέπει
1125 866 1208 902 σοι
1237 850 1360 903 κατ’
1390 851 1566 905 ἐκεῖνο
1593 851 1653 904 τὸ
1697 853 1791 907 τοῦ
1826 870 1929 923 μα-

366 935 547 1006 καρίου
576 935 762 1001 Δαόὶδ,
804 953 823 987 ι
851 937 946 1006 Μὴ
976 937 1129 1007 ἡμῖν,
1175 936 1369 1008 Κύριε,
1400 936 1477 1008 μὴ
1499 940 1655 1006 ἡμῖν,
1681 938 1817 995 ἀλλά
1845 940 1924 1009 τῷ

361 1026 583 1097 ὀνόματί
622 1042 718 1080 σου
750 1027 841 1091 δὸς
872 1026 1053 1091 δόξαν.
1094 1046 1113 1079 ι
1157 1027 1259 1082 Διὰ
1289 1027 1447 1082 τοῦτο
1493 1030 1592 1102 τὴν
1638 1032 1805 1103 εὐχὴν
1841 1048 1926 1084 τε-

359 1118 538 1179 λέσας,
572 1118 675 1189 τὴν
706 1119 1047 1185 αἰτιολογίαν
1078 1120 1304 1188 ταύτην,
1345 1122 1426 1173 ὅτι
1478 1124 1570 1174 καὶ
1603 1122 1929 1190 άκροτελεύ-

357 1224 470 1270 τιος
495 1204 635 1263 οὖσα
665 1210 763 1263 καὶ
799 1209 1079 1276 δοξολογία
1111 1213 1279 1274 ἐστὶν,
1315 1216 1392 1276 εἰς
1438 1214 1586 1280 ὲπήκ
1620 1232 1678 1266 ον
1711 1216 1930 1267 πάντων

359 1300 765 1369 ἀναγινώσκει,
824 1302 911 1354 ἵνα
963 1302 1055 1355 τοῦ
1111 1303 1280 1373 ὕμνου
1332 1308 1625 1368 κοινωνοὺς
1681 1306 1932 1369 ἅπαντας

358 1392 525 1464 λάϐῃ,
563 1393 659 1445 καὶ
682 1393 789 1445 ὑπὸ
828 1395 1005 1462 πάσης
1041 1395 1137 1464 τῆς
1181 1397 1506 1467 Ἑκκλησίας
1536 1400 1564 1451 ὁ
1598 1396 1732 1461 Θεὸς
1761 1398 1935 1467 ὑμνη-

362 1484 456 1556 θῇ.
506 1488 618 1540 Καὶ
670 1486 850 1540 τοίνυν
894 1488 1187 1552 ἀκούοντες
1235 1490 1586 1544 κοινωνοῦσιν
1635 1490 1784 1560 αὐτῷ
1838 1490 1930 1543 τοῦ

364 1574 560 1645 ὕμνου.
591 1578 852 1642 Εἰπόντος
885 1579 994 1651 γὰρ
1032 1578 1127 1632 τσῦ
1162 1580 1356 1652 ἰερέως
1413 1580 1506 1635 καὶ
1547 1581 1933 1651 δοξολογήσαν·

367 1686 484 1736 τος,
511 1668 561 1722 οἰ
596 1671 779 1724 πιστοὶ
807 1671 1008 1733 πάντες
1033 1671 1094 1724 τὸ
1128 1690 1147 1724 t
1195 1671 1368 1744 Ἀμὴν
1398 1691 1417 1725 ι
1452 1674 1787 1743 ἐπιλέγουσι,
1836 1676 1933 1730 καὶ

367 1760 526 1813 τοῦτο
570 1760 632 1813 τδ
664 1760 814 1832 ῥῆμα
871 1762 1171 1832 βοήσαντες
1226 1763 1557 1819 οἰκειοῦνται
1604 1766 1785 1829 πάσας
1832 1767 1929 1829 τὰς

2030 590 2173 633 tuam
2206 578 2454 645 gloriam,
2522 577 2716 645 inquit,
2757 578 2870 631 hac
2930 585 2983 631 te
3014 590 3162 645 rogo.
3200 594 3219 629 ι
3295 575 3592 642 Ba-niguuzn

2025 674 2171 727 enim
2200 681 2254 724 et
2294 670 2607 723 muniﬁcum
2636 685 2757 725 esse
2787 670 2840 722 in
2869 685 2969 724 nos
2998 671 3087 738 qui
3120 685 3309 723 sumus
3368 670 3595 737 indigni.

2027 764 2091 818 ad
2127 773 2274 815 luam
2307 762 2533 831 gloriam
2571 762 2835 830 pertinet;
2869 762 2971 814 hoc
2999 767 3201 826 autem,
3236 761 3443 815 scilicet
3477 762 3594 826 κιαι-

2026 852 2373 917 riﬁcari,tibi
2426 852 2702 916 convenit,
2735 859 2794 905 ut
2851 860 2935 905 est
2993 850 3124 905 illud
3179 853 3319 905 beati
3378 853 3594 905 David:

2032 964 2051 996 ι
2086 944 2201 999 Νοη
2234 944 2411 1008 nobis,
2448 942 2700 1005 Domine,
2734 956 2838 998 non
2875 941 3054 1004 nobis,
3085 941 3181 996 sed
3235 942 3441 996 nomini
3506 951 3602 992 itm

2027 1038 2094 1090 da
2123 1036 2373 1105 gloriam.
2418 1056 2436 1088 ι
2479 1034 2778 1104 PrOpterea
2810 1049 2930 1089 cum
2979 1032 3208 1102 perfecit
3266 1034 3595 1093 orationem,

2028 1126 2170 1185 hanc
2223 1141 2403 1181 cauam
2453 1126 2785 1191 allattonem,
2842 1138 2958 1193 quas
3014 1132 3067 1178 et
3120 1134 3204 1179 est
3247 1125 3300 1177 in
3359 1133 3601 1177 extrema

2030 1228 2208 1287 parte,
2236 1227 2289 1272 et
2315 1217 2753 1286 estglorilicatio,
2791 1217 2922 1283 legit
2954 1215 3209 1268 omnibus
3236 1213 3600 1275 audientibus,

2032 1320 2088 1363 nt
2113 1323 2307 1364 omnes
2328 1308 2509 1378 hymni
2529 1308 2819 1377 participes
2841 1305 3100 1374 accipiat,
3144 1313 3195 1358 et
3211 1304 3353 1358 Deus
3373 1302 3438 1356 ab
3456 1303 3603 1356 omni

2032 1399 2268 1456 Ecclesia
2306 1400 2570 1453 laudetur.
2608 1399 2900 1454 Audientes
2924 1411 3052 1464 ergo
3097 1403 3226 1448 sunt
3261 1393 3444 1463 hymni
3482 1407 3603 1444 ιιιιιι

2032 1495 2122 1547 illo
2148 1492 2462 1563 participes.
2492 1489 2785 1560 Postquam
2838 1489 2983 1543 enim
3017 1486 3108 1539 ille
3136 1485 3276 1539 dixit
3322 1492 3379 1537 et
3423 1483 3604 1550 glori-

2033 1586 2231 1649 ﬁcavit,
2270 1586 2456 1640 ﬁdeles
2493 1599 2684 1640 omnes
2720 1601 2739 1634 ι
2773 1582 2943 1636 Amen
2980 1598 3000 1630 ι
3033 1579 3240 1643 dicunt,
3268 1586 3325 1631 et
3356 1592 3480 1630 cum
3503 1576 3607 1629 hoc

2033 1679 2254 1733 verbum
2285 1677 2678 1739 acclamarunt,
2698 1688 2888 1732 omnes
2917 1671 3059 1726 illius
3090 1685 3248 1724 voces
3275 1677 3336 1723 ut
3360 1666 3606 1736 preprias

2038 1770 2137 1825 sibi
2190 1776 2498 1826 assumunt.
2547 1767 2749 1823 Deinde
2799 1780 2989 1821 sacras
3031 1761 3361 1831 psalmodias
3418 1759 3611 1826 incipit

365 1852 573 1906 ἐκείνου
603 1854 804 1920 φωνάς.
845 1849 978 1908 Εἶτα
1019 1855 1130 1909 τῶν
1180 1855 1345 1927 ἱερῶν
1374 1855 1711 1926 ψαλμῳδιῶν
1755 1857 1932 1925 ἀπάρ-

2044 1861 2251 1931 quidem
2283 1860 2561 1925 sacerdos,
2601 1858 2825 1927 implent
2851 1867 3034 1913 autem
3070 1854 3391 1909 universum
3426 1850 3462 1904 ii
3516 1849 3613 1918 qui

362 1958 516 2012 χεται
544 1943 644 2013 μὲν
681 1947 709 1998 ὁ
741 1946 922 2016 ἰερεὺς
948 1946 1219 2015 πληροῦσι
1260 1947 1318 1998 δὲ
1339 1947 1401 1999 τὸ
1427 1949 1534 2000 πᾶν
1563 1949 1613 2000 οἰ
1635 1949 1935 2015 περιεστῶ-

362 2051 473 2100 τες,
502 2036 570 2088 τὰ
617 2036 954 2090 θεόπνευστα
1003 2038 1113 2089 τῶν
1166 2037 1329 2107 ἰερῶν
1378 2038 1672 2108 προφητῶν
1723 2039 1937 2111 ᾄδοντες

366 2129 625 2198 ῥήματαθ
662 2146 681 2181 ι
735 2128 966 2194 Ἀγαθὸν
1022 2126 1084 2179 τὸ
1136 2126 1579 2197 ἐξομολογεῖσθαι
1619 2128 1697 2199 τῷ
1747 2128 1940 2198 Κυρίῳ

365 2220 461 2271 καὶ
486 2218 713 2289 ψάλλειν
744 2218 821 2293 τῷ
856 2219 1084 2288 ὀνόματί
1113 2236 1228 2283 σου,
1260 2218 1496 2288 ’Υψιστε
1520 2235 1535 2249 ·
1579 2237 1600 2272 ι
1633 2220 1777 2291 ἀρχῇ
1810 2219 1944 2290 πρέ-

365 2328 471 2363 πον
494 2309 658 2373 εύθὺς
701 2310 761 2362 τὸ
793 2311 966 2380 ῥῆμα,
995 2310 1078 2363 ὅτι
1106 2312 1234 2381 περὶ
1260 2311 1426 2366 αὑτοῦ
1458 2310 1606 2381 λέγει
1628 2311 1721 2365 τοῦ
1746 2311 1940 2381 ὕμνου,

364 2402 448 2454 ὅτι
477 2401 704 2469 ἀγαθὸν,
739 2401 766 2454 ὃ
795 2402 874 2454 δεῖ
901 2402 1117 2466 πάντως
1145 2402 1342 2458 εἰδέναι
1373 2403 1481 2475 πρὸ
1504 2403 1705 2467 παντὸς
1744 2402 1937 2474 ὕμνου·

371 2489 818 2559 ἐξομολογεῖσθαι
860 2491 1035 2559 λέγων
1086 2493 1147 2546 τὸ
1194 2494 1562 2564 εὐχαριστεῖν,
1620 2495 1680 2548 τὸ
1730 2494 1941 2564 ὑμνεῖν.

368 2581 588 2636 Τούτων
616 2584 674 2635 δὲ
706 2584 800 2635 καὶ
834 2583 945 2636 τῶν
975 2584 1099 2652 ἑξῆς
1125 2585 1501 2653 ὑμνηθέντων,
1533 2589 1559 2639 ὁ
1588 2587 1837 2649 διάκονος
1861 2592 1943 2651 εἰς

369 2674 537 2741 εὐχὴν
578 2673 948 2744 προτρέπεται
979 2676 1104 2737 τοὺς
1134 2676 1380 2741 πιστοὺς,
1412 2672 1501 2729 οἷα
1538 2678 1632 2730 καὶ
1680 2680 1945 2749 πρότερον

373 2765 645 2816 αἰτεῖσθαι
707 2763 967 2818 κελεύων.
1009 2765 1097 2818 Ἐν
1148 2766 1258 2836 ὅσῳ
1300 2767 1357 2820 δὲ
1401 2769 1433 2837 ἡ
1492 2768 1783 2838 ψαλμῳδία
1830 2772 1947 2822 ὲτε-

374 2854 535 2920 λεῖτο,
573 2855 667 2909 καὶ
711 2857 757 2909 οἰ
786 2857 969 2909 πιστοί
1009 2857 1260 2928 ηὔχοντο,
1295 2863 1322 2913 ὀ
1371 2860 1550 2930 ἱερεὺς
1581 2860 1728 2914 ἔνδον
1778 2862 1944 2931 εὐχὴν

374 2949 740 3018 ποιησάμενος
762 2949 843 3012 εἰς
869 2950 958 3002 τὸν
982 2949 1137 3017 Θεὸν,
1170 2950 1402 3005 καθόλου
1435 2969 1494 3005 τε
1527 2952 1655 3025 περί
1684 2951 1779 3006 τοῦ
1808 2953 1943 3025 πλη-

372 3038 626 3109 ρώματος
676 3041 775 3112 τῆς
822 3042 1171 3113 Ἐκκλησίας,
1215 3043 1310 3098 καί⁸
1358 3044 1502 3108 ἰδίως
1533 3044 1674 3115 ὑπὲρ
1713 3044 1823 3099 τῶν
1857 3062 1948 3099 κο-

2039 1955 2416 2017 cirrutnstant,
2463 1951 2719 2007 divinitus
2744 1951 3003 2016 inspirata
3054 1961 3336 2004 sacrorum
3368 1943 3609 2011 prophe-

2042 2056 2215 2099 tarum
2255 2045 2423 2101 verba
2470 2053 2756 2098 canentes:
2799 2059 2820 2094 ι
2858 2039 3064 2094 Bonum
3114 2036 3466 2094 estconﬁteri
3513 2035 3617 2088 Do-

2043 2137 2213 2195 mino.
2247 2144 2302 2189 et
2322 2134 2553 2202 psallere
2601 2133 2808 2187 nomini
2835 2141 2948 2196 tuo,
2983 2130 3280 2185 Altissime.
3333 2148 3352 2181 ι
3392 2125 3613 2181 Princi-

2044 2228 2134 2295 pio
2170 2224 2498 2280 conveniens
2523 2224 2708 2278 statim
2736 2222 2983 2282 verbum,
3021 2221 3147 2288 quia
3184 2222 3250 2274 de
3311 2221 3430 2288 ipso
3481 2218 3615 2271 dicit

2045 2318 2264 2387 hymno,
2292 2314 2434 2385 quod
2457 2322 2540 2369 est
2564 2313 2790 2377 bonum,
2823 2312 2963 2379 quod
2985 2321 3198 2381 oportet
3224 2311 3445 2363 cumino
3471 2309 3613 2362 scire

2045 2420 2172 2465 ante
2197 2422 2409 2463 omnem
2435 2408 2715 2477 hymnum,
2746 2403 3022 2473 appellans
3082 2400 3356 2464 conﬁteri,
3414 2400 3620 2469 gratias

2046 2518 2226 2575 agere,
2260 2501 2490 2573 hymnos
2519 2512 2739 2554 canere.
2775 2497 2872 2552 llis
2911 2504 3089 2551 autem
3131 2504 3187 2548 et
3248 2493 3313 2547 iis
3351 2507 3474 2562 qua:
3530 2504 3620 2545 ses

2046 2604 2286 2664 quuntur
2329 2592 2593 2655 cantatis,
2643 2589 2904 2644 diaconus
2936 2587 3121 2642 ﬁdeles
3186 2585 3252 2640 ad
3311 2585 3614 2640 orationem

2046 2690 2388 2744 adhortatur.
2423 2685 2633 2741 Interea
2665 2693 2844 2738 autem
2884 2681 3008 2735 dum
3044 2678 3446 2750 peragebantur
3473 2675 3615 2744 psal-

2047 2783 2258 2847 modiaa,
2284 2789 2341 2834 et
2375 2779 2556 2834 ﬁdeles
2582 2778 2833 2840 orabant,
2865 2774 3124 2829 sacerdos
3147 2780 3431 2841 postquam
3466 2770 3618 2822 intus

2044 2876 2111 2928 ad
2145 2874 2309 2929 Deum
2342 2871 2468 2928 fecit
2510 2870 2836 2935 orationem,
2874 2875 2928 2922 et
2960 2864 3287 2937 generaliter
3341 2877 3437 2932 pro
3501 2870 3618 2913 toto

2046 2980 2275 3037 corpore
2303 2964 2581 3026 Ecclesiae.
2617 2973 2673 3017 et
2702 2975 2947 3016 seorsum
2977 2973 3075 3027 pro
3124 2957 3190 3011 iis
3224 2955 3315 3023 qui
3370 2961 3614 3008 sanctam

2048 3059 2263 3112 domum
2286 3057 2403 3126 ejus
2418 3062 2636 3118 ornant,
2665 3060 2715 3107 et
2748 3066 2867 3106 eam
2897 3049 3252 3118 undequaque
3273 3042 3617 3114 splendidam

371 3135 654 3203 σμούντων
676 3136 767 3189 τὸν
801 3135 957 3204 ἅγιον
990 3137 1157 3190 αὑτοῦ
1184 3133 1356 3201 οἷκον,
1391 3142 1488 3193 καὶ
1519 3140 1774 3211 λαμπρὸν
1807 3158 1936 3195 παν-

2049 3149 2274 3203 reddere
2306 3147 2640 3209 desiderant,
2702 3151 2763 3196 ut
2793 3151 2850 3195 et
2879 3140 2981 3210 ipsi
3012 3142 3078 3193 ab
3116 3140 3236 3208 ipso
3299 3135 3613 3207 gloriﬁcen-

369 3224 598 3294 ταχόθεν
631 3225 1020 3279 ἀποδεικνύναι
1066 3227 1508 3298 ἐπιθυμούντων,
1536 3230 1624 3283 ἵνα
1655 3230 1748 3284 καὶ
1790 3231 1946 3284 αὐτοὶ

373 3319 507 3387 παρ’
532 3317 698 3371 αὐτοῦ
725 3318 1082 3385 δοξασθῶσιν,
1115 3319 1298 3373 αἰτίαν
1336 3322 1696 3391 προστίθησιν
1729 3325 1947 3376 ὲπικαι·

374 3410 629 3479 ροτάτην,
670 3427 689 3460 ι
731 3409 855 3463 Ὅτι
892 3411 982 3463 σὺν
1027 3411 1086 3464 τὸ
1131 3411 1353 3481 κράτος,
1412 3414 1508 3466 καὶ
1559 3413 1654 3467 σοῦ
1712 3415 1859 3467 ἔστιν
1910 3415 1943 3483 ἡ

374 3501 641 3569 βασιλεία.
685 3520 703 3553 ι
738 3502 899 3573 Παρὰ
951 3504 1063 3565 τοῖς
1117 3503 1417 3573 βασιλεῦσι,
1470 3506 1658 3576 φησὶν,
1708 3507 1741 3577 ἡ
1797 3506 1945 3572 δόξα,

370 3592 470 3644 καὶ
497 3592 558 3645 τὸ
605 3590 864 3646 δύνασθαι
894 3591 1181 3663 λαμπροὺς
1234 3596 1426 3660 ποιεῖν,
1457 3595 1551 3660 οῦς
1591 3599 1657 3650 ἂν
1712 3597 1948 3667 βούλων-

371 3697 483 3736 ται.
515 3683 585 3735 Σὺ
609 3683 686 3745 δὲ,
721 3683 979 3752 βασιλεὺς
1010 3683 1247 3750 αἰώνιος,
1275 3689 1365 3739 καὶ
1397 3687 1488 3739 σδν
1518 3688 1580 3741 τὸ
1602 3688 1819 3759 κράτος,
1852 3690 1946 3743 καὶ

375 3771 473 3825 σοῦ
510 3773 659 3824 ἐστιν
689 3775 721 3839 ή
754 3771 1023 3839 βασιλεία.
1066 3772 1177 3827 Καὶ
1209 3774 1412 3844 ταύτην
1441 3775 1538 3846 τὴν
1589 3777 1942 3845 αἰτιολογίαν,

374 3866 449 3927 ὡς
477 3864 787 3932 ὃοξολογίαν
834 3859 1000 3918 οὖσαν
1057 3864 1257 3935 βοήσας
1292 3868 1488 3928 ἐντοῖς
1540 3867 1796 3921 ἁπάντων
1844 3869 1947 3921 ὠσὶ

375 3957 483 4009 τῶν
516 3957 747 4018 πιστῶν,
775 3957 870 4009 καὶ
898 3957 1184 4010 κοινωνίαν
1203 3956 1389 4009 λαῦὼν
1419 3957 1517 4010 τοῦ
1546 3958 1681 4027 πρὸς
1706 3958 1793 4012 τὸν
1816 3958 1948 4011 Θεὸν

376 4047 568 4115 ὕμνου,
599 4048 849 4117 καθάπερ
898 4049 992 4100 καὶ
1038 4048 1327 4117 πρότερον,
1364 4043 1521 4111 αὖθις
1571 4048 1680 4100 τῶν
1726 4047 1950 4119 ψαλμῳ-

376 4142 504 4194 διῶν
532 4142 780 4211 ἄρχεται,
810 4142 904 4194 καὶ
931 4141 981 4193 οἰ
1013 4141 1196 4194 πιστοὶ
1243 4139 1678 4211 συμπληροῦσιν.
1712 4135 1830 4193 εἶτα
1861 4142 1946 4194 ai-

376 4233 595 4288 τοῦνται
630 4234 779 4304 παρὰ
808 4233 944 4287 Θεοῦ
979 4234 1076 4296 τὰς
1098 4234 1370 4304 αἰτήσεις,
1402 4227 1477 4288 ὧν
1497 4236 1524 4286 ὁ
1546 4233 1794 4297 διάκονος
1819 4233 1946 4305 ἐξη-

375 4329 576 4395 γεῖται,
609 4327 750 4379 κατὰ
797 4324 867 4378 τὰ
918 4326 1186 4396 πρότερον
1233 4326 1518 4396 εἰρημένα.
1557 4325 1615 4379 ’0
1666 4325 1723 4378 δὲ
1767 4327 1946 4398 ἰερεῦς

378 4417 542 4470 πάλιν
587 4417 752 4486 εὐχὴν
798 4419 1168 4486 ποιησάμενος
1210 4418 1348 4486 ὑπὲρ
1377 4415 1486 4469 τῶν
1532 4418 1947 4487 συνευχομένων

2050 3250 2159 3306 tur,
2204 3252 2423 3293 causam
2456 3233 2639 3302 adiicit
2673 3232 2724 3287 in
2755 3231 2948 3301 primis
3000 3238 3365 3299 opportunam
3398 3238 3452 3281 et
3483 3240 3614 3280 cou-

2048 3329 2392 3384 venientem:
2431 3345 2450 3377 ι
2485 3325 2621 3391 Quia
2656 3333 2746 3377 tua
2774 3332 2858 3377 est
2884 3320 3149 3388 potentia.
3205 3329 3354 3372 tuum
3411 3325 3495 3370 est
3530 3329 3617 3367 re-

2048 3435 2232 3490 gnum.
2263 3437 2283 3471 ι
2311 3418 2462 3488 Apud
2520 3431 2697 3486 reges,
2761 3413 2954 3483 inquit,
2991 3420 3075 3466 est
3109 3409 3303 3479 gloria,
3346 3417 3401 3462 et
3459 3420 3617 3475 posse

2047 3512 2357 3583 splendidos
2380 3511 2592 3566 eﬁicere
2645 3521 2783 3578 quos
2817 3504 3109 3561 voluerint.
3144 3500 3224 3556 'l‘u
3260 3510 3461 3564 autem,
3520 3515 3611 3553 rex

2046 3618 2302 3669 aeternus,
2333 3612 2385 3657 et
2419 3613 2507 3656 tua
2534 3610 2617 3656 est
2640 3600 2905 3668 potentia,
2939 3604 2993 3652 et
3052 3606 3199 3650 tuum
3243 3602 3326 3649 est
3362 3608 3613 3661 regnum.

2051 3695 2256 3749 Etcum
2295 3693 2437 3748 hanc
2477 3706 2654 3747 causa:
2685 3691 3066 3751 redditionem,
3126 3696 3310 3757 utpote
3362 3699 3484 3754 qua:
3546 3688 3618 3737 sit

2047 3782 2387 3854 gloriﬁcatio,
2418 3783 2660 3837 omnium
2717 3781 2955 3835 ﬁdelium
3004 3778 3229 3833 auribus
3273 3774 3614 3838 inclamavit,

2050 3887 2224 3931 etnos
2251 3876 2433 3946 hymni
2462 3875 2529 3928 ad
2566 3873 2733 3927 Deum
2766 3872 3058 3941 participes
3109 3869 3311 3929 eﬂecit,
3362 3870 3505 3921 sicut
3565 3878 3619 3918 ct

2050 3969 2199 4036 prius
2264 3981 2450 4020 rursus
2509 3964 2695 4032 incipit
2776 3962 3100 4032 psalmodias
3142 4002 3157 4026 ,
3192 3969 3247 4013 et
3297 3958 3480 4011 ﬁdeles
3527 3972 3622 4009 eas

2051 4052 2342 4123 complent.
2398 4052 2599 4106 Deinde
2630 4060 2819 4118 petunt
2873 4065 2903 4101 a
2953 4048 3064 4101 Deo
3121 4046 3427 4115 petitiones,
3483 4059 3619 4112 quas

2052 4143 2206 4213 pracit
2240 4141 2514 4204 diaconus,
2553 4149 2610 4194 ut
2642 4148 2767 4193 ante
2791 4138 2997 4191 dictum
3047 4145 3154 4190 est.
3210 4135 3475 4189 Sacerdos
3526 4150 3620 4187 au-

2052 4240 2158 4285 tem
2193 4245 2383 4285 rursus
2413 4228 2554 4283 facta
2583 4226 2828 4283 oratione
2850 4241 2950 4297 pro
2975 4225 3044 4280 iis
3072 4225 3165 4295 qui
3224 4241 3329 4279 una
3389 4240 3509 4277 cum
3556 4239 3620 4277 eo

2053 4328 2340 4392 precantur
2370 4318 2638 4383 ﬁdelibus,
2675 4328 2733 4370 ut
2758 4332 2877 4386 qua:
2935 4316 3309 4386 unusquisque
3367 4315 3620 4384 privatim

2051 4414 2203 4483 petit,
2248 4427 2276 4465 a
2308 4412 2416 4468 Deo
2448 4420 2833 4480 consequatur,
2866 4417 3029 4477 prout
3061 4411 3109 4464 ei
3140 4410 3270 4464 utile
3324 4408 3508 4473 fuerit,
3566 4417 3621 4462 ct

377 4507 527 4576 αὐτῷ
560 4507 784 4571 πιστῶν,
820 4507 905 4559 ἶνα
951 4500 1025 4561 ὧν
1055 4506 1283 4568 ἕκαστος
1341 4507 1447 4577 ἰδίᾳ
1491 4508 1747 4572 αἰτεῖται,
1796 4508 1940 4577 τύχοι

2055 4513 2311 4573 praeterea
2343 4504 2505 4557 vitam
2537 4511 2792 4558 :eleruam
2825 4500 2883 4555 in
2920 4500 3128 4567 futuro,
3158 4501 3345 4570 adjicit
3394 4513 3613 4552 causam

379 4599 522 4652 κατὰ
553 4599 612 4653 τὸ
658 4599 809 4668 αὐτῷ
867 4599 1148 4670 συμφέρον
1192 4599 1343 4667 παρὰ
1371 4599 1464 4652 τοῦ
1514 4598 1674 4663 Θεοῦ,
1725 4599 1821 4652 καὶ
1866 4598 1946 4651 ἔτι

381 4691 527 4762 ζωὴν
559 4693 777 4746 αἰώνιον
812 4694 872 4747 ὲν
900 4692 977 4762 τῷ
1026 4691 1313 4760 μέλλοντι·
1345 4691 1703 4763 προστίθησιν
1734 4691 1943 4754 αἰτίαν,

379 4782 478 4850 τὴν
531 4783 695 4835 αὐτοῦ
747 4783 1058 4853 άγαθότητα
1110 4782 1205 4835 καὶ
1259 4782 1704 4854 φιλανθρωπίαν⁸
1756 4784 1821 4854 ἢν
1855 4786 1950 4837 καὶ

381 4875 794 4943 ἁκροτελεύτιον
826 4871 990 4928 οὖσαν
1027 4878 1104 4939 εἰς
1148 4877 1384 4946 ἐπήκοον
1432 4876 1542 4928 τῶν
1572 4875 1826 4930 ἁπάντων
1869 4876 1948 4927 εἰ·

379 4964 519 5027 πὼν,
558 4966 656 5033 τῆς
687 4967 988 5034 ἁπάρχεται
1031 4965 1348 5035 ψαλμῳδίας
1379 4966 1594 5035 τρίτης,
1640 4960 1706 5036 ἧς
1750 4965 1947 5036 ᾀδομέ-

377 5075 479 5128 νης
505 5058 566 5112 τὸ
610 5057 940 5124 Εύαγγέλιον
995 5058 1275 5125 εἰσάγεται
1316 5059 1807 5128 δορυφορούμενον,
1844 5058 1948 5110 ὑπὸ

376 5148 633 5218 λαμπάσι
667 5149 762 5198 καὶ
808 5146 1140 5215 θυμιάμασι,
1172 5149 1390 5202 πάντων
1434 5149 1786 5217 πεμπόντων,
1834 5149 1948 5201 ὅσοι

377 5245 474 5299 τοῦ
508 5243 772 5314 βήματος,
802 5242 896 5295 τοῦ
924 5242 1171 5296 διακόνου
1203 5244 1332 5296 αὐτὸ
1360 5245 1696 5312 κομίζοντος,
1730 5243 1762 5314 ἢ
1792 5246 1839 5296 εἰ
1875 5243 1949 5311 μὴ

379 5334 572 5405 παρὼν
606 5334 781 5404 τύχοι,
810 5333 904 5386 τοῦ
939 5335 1154 5401 ἱερέως.
1191 5334 1247 5385 '0
1290 5334 1345 5385 δὲ
1377 5335 1560 5404 ἱερεὺς
1593 5336 1651 5386 ὲν
1696 5328 1740 5401 ᾧ
1785 5334 1863 5396 εἰς
1888 5334 1948 5385 τὸ

378 5426 768 5494 θυσιαστήριον
798 5423 1024 5476 εἰσιέναι
1067 5422 1272 5492 μέλλει,
1309 5423 1440 5487 στὰς
1484 5424 1588 5493 πρὸ
1628 5424 1737 5476 τῶν
1767 5424 1947 5493 θυρῶν

378 5519 448 5570 ἐκ
485 5516 683 5587 μικροῦ
712 5515 1108 5584 διαστήματος,
1141 5515 1246 5570 ἓως
1272 5516 1302 5583 ἡ
1333 5514 1623 5584 ψαλμῳδία
1658 5516 1942 5585 πληρωθῇ,

377 5608 595 5679 εὔχεται
625 5607 701 5677 τῷ
738 5607 855 5677 Θεῷ
900 5608 1089 5674 ἁγίους
1138 5607 1408 5672 ἀγγέλους
1444 5607 1829 5668 συνεισελθεῖν,
1866 5609 1946 5670 εἰς

374 5701 440 5752 τὸ
496 5701 883 5770 θυσιαστήριον
935 5700 1181 5762 εἰσιόντι,
1238 5701 1330 5753 καὶ
1389 5700 1797 5767 συνεφάψασθαι
1846 5703 1944 5769 τῆς

375 5790 714 5864 ἱερουργίας,
761 5793 855 5844 καὶ
908 5792 1231 5859 κοινωνῇσαι
1274 5791 1368 5860 τῆς
1401 5790 1532 5858 πρὸς
1576 5790 1704 5844 (θεὸν
1739 5791 1916 5857 δοξοὶο

2054 4597 2224 4664 ipsius
2246 4595 2541 4650 bonitatem
2572 4604 2627 4650 et
2659 4594 3023 4649 clementiam.
3048 4593 3220 4657 Quam
3247 4599 3432 4657 utpote
3483 4589 3616 4642 ulti-

2053 4704 2221 4754 mam,
2252 4696 2537 4757 postquam
2588 4686 2839 4740 omnibus
2875 4683 3217 4738 audientibus
3272 4681 3427 4740 dixit,
3490 4678 3622 4731 inci-

2052 4781 2128 4849 pit
2155 4780 2364 4834 tertiam
2392 4778 2763 4847 psalmodiam.
2800 4775 2929 4842 ριιω
2959 4779 3084 4829 dum
3111 4772 3345 4831 canitur,
3370 4771 3616 4839 Evange-

2050 4869 2183 4926 lium
2236 4868 2597 4924 introducitur
2644 4872 2898 4937 stipatum
2946 4862 3306 4932 lampadibus,
3368 4863 3619 4916 omnibus

2053 4963 2120 5016 iis
2146 4960 2537 5016 deducentibus
2567 4959 2659 5029 qui
2691 4966 2820 5013 sunt
2853 4954 3087 5011 ministri
3119 4952 3330 5016 altaris,
3391 4951 3619 5007 diacono
3712 4954 3724 4982 ί

2051 5053 2227 5122 ipsum
2264 5051 2545 5115 aﬂerente,
2584 5049 2688 5114 vel,
2748 5048 2791 5101 si
2824 5063 2929 5100 non
2955 5044 3116 5106 adsit,
3154 5043 3455 5098 sacerdote.
3517 5043 3617 5097 Sa-
3703 5068 3719 5093 ,-

2052 5146 2242 5199 cerdos
2271 5156 2474 5205 autem,
2520 5142 2737 5211 quando
2762 5148 2845 5193 est
2898 5138 2962 5191 ad
3026 5136 3197 5191 altare
3245 5136 3610 5205 ingressurus,
3704 5167 3719 5209 -_

2052 5247 2204 5289 stans
2230 5251 2393 5303 parvo
2421 5234 2704 5301 interiecto
2727 5228 2902 5296 spatio
2926 5239 3053 5282 ante
3078 5228 3241 5294 fores,
3272 5229 3440 5282 donec
3469 5242 3617 5281 cum-

2053 5329 2191 5397 pleta
2225 5326 2386 5380 fuerit
2420 5324 2739 5393 psalmodia,
2764 5331 2886 5375 orat
2911 5319 3102 5384 Deum,
3137 5330 3194 5373 ut
3223 5321 3407 5374 sancti»
3439 5318 3612 5387 angeli

2053 5435 2156 5473 una
2188 5435 2310 5473 cum
2337 5415 2448 5470 Deo
2480 5413 2875 5483 ingrediantur,
2929 5414 3161 5466 intrante
3219 5412 3284 5463 ad
3335 5414 3527 5469 altare,
3560 5413 3614 5457 rt

2051 5511 2376 5568 sacriﬁcium
2406 5514 2768 5569 contrectant,
2802 5513 2856 5558 et
2880 5505 2989 5558 sint
3040 5518 3160 5557 cum
3196 5502 3314 5569 ipso
3346 5499 3614 5568 gloriﬁca-

2052 5603 2216 5656 tionis
2242 5599 2549 5670 participes.
2586 5603 2639 5651 et
2673 5596 2864 5664 adjicit
2886 5609 3129 5655 causam,
3159 5592 3286 5659 quia
3321 5602 3374 5641 et
3403 5589 3468 5641 ab
3512 5589 3612 5642 ho-

2054 5692 2288 5746 minibus
2319 5700 2369 5745 et
2398 5688 2467 5743 ab
2500 5686 2706 5754 angelis
2737 5685 2987 5738 convenit
3013 5686 3186 5749 ipsum
3234 5682 3531 5749 gini-iticari
3559 5690 3617 5733 et

2052 5782 2283 5838 adorari.
2313 5780 2427 5835 lloc
2473 5777 2613 5831 enim
2645 5774 2744 5828 sibi
2785 5774 2892 5827 vult
2927 5772 3090 5824 illud:
3194 5772 3384 5831 Omnis
3425 5772 3616 5841 gloria.
