4132 6308
529 437 637 505 ιω

1786 443 2097 508 NICOLAI
2138 445 2533 508 CAB‘ASILIE’

3675 447 3788 515 40$

494 544 706 610 'honor
732 560 787 607 et
837 551 1082 609 adoratio
1111 551 1180 608 ab
1204 551 1459 609 omnibus
1515 551 1606 623 qui
1670 551 1841 609 Deum
1900 555 2104 625 gloriﬁ-

2224 558 2330 626 πίας
2360 559 2541 629 αὐτῷ’
2579 557 2673 613 καὶ
2709 556 3064 630 προστίθησιν
3119 557 3321 623 αἰτίαν,
3347 556 3431 610 ὅτι
3478 558 3633 628 παρά
3681 561 3786 613 ἀν-

527 662 678 713 eare,
706 647 979 700 honorare
1005 652 1060 698 et
1087 644 1316 699 adorare
1344 644 1547 699 sciunt.
1587 662 1607 695 ι
1661 643 1728 700 Et
1772 645 1887 702 haec
1915 662 2102 716 preca-

2210 649 2449 720 θρώπων
2487 650 2581 705 καὶ
2628 650 2780 722 παρά
2827 649 3076 719 ἀγγέλων
3119 649 3318 719 πρέπει
3350 648 3515 702 αὐτὸν
3561 647 3789 715 δοξάζε-

478 794 485 803 ,
532 748 642 801 tus,
671 736 973 808 ingreditur
995 735 1061 791 ad
1095 734 1287 800 altare,
1341 745 1396 791 et
1446 735 1598 806 ponit
1640 750 1806 807 super
1852 748 2099 796 sanetam

2224 739 2359 796 rem.
2395 739 2567 795 Τοῦτο
2615 740 2725 810 γάρ
2790 740 3063 812 βούλεται,
3097 757 3116 791 ι
3162 739 3230 791 Ἥ
3275 740 3422 791 πᾶσα
3449 738 3596 806 δόξα,
3621 742 3784 810 τιμὴ,

530 844 777 886 mensam
804 828 1172 899 Evangelium.

2207 833 2301 884 καὶ
2362 833 2733 904 προσκύνησις
2784 835 2817 903 ἡ
2874 832 3022 902 παρά
3074 832 3315 897 πάντων,
3367 831 3478 884 τῶν
3533 832 3791 896 δοξάζειν

529 922 666 975 Θεὸν
698 921 940 982 εἰδότων,
974 921 1071 974 καὶ
1103 920 1453 990 προσκυνεῖν.
1502 938 1523 975 ι
1566 920 1680 975 Καὶ
1725 918 1905 976 ταῦτα
1936 919 2231 993 εὐξάμενος
2268 923 2348 986 εἰς
2390 923 2452 976 τὸ
2520 922 2912 996 θυσιαστήριον
2990 923 3320 995 εἰσέρχεται,
3391 922 3485 977 καὶ
3564 923 3789 995 τίθησιν

530 1014 626 1069 ἐπὶ
660 1015 760 1081 τῆς
781 1012 946 1082 ἀγίας
968 1012 1251 1084 τραπέζης
1278 1015 1338 1067 τὸ
1371 1013 1724 1083 Εὑαγγέλιον.

1146 1106 1302 1164 CAP.
1330 1105 1476 1161 XVI.

826 1199 1168 1271 Signiﬁcatia
1194 1200 1463 1269 sacriﬁcii
1484 1201 1541 1255 in
1571 1215 1807 1255 summa.

598 1289 832 1347 Necesse
878 1302 961 1346 est
1018 1302 1198 1347 autem
1244 1291 1315 1347 ab
1359 1291 1467 1346 alto
1520 1290 1796 1359 sigillatim
1850 1289 2103 1359 persequi

2305 1173 2310 1179 ,
2780 1102 3033 1157 mssa.
3067 1101 3184 1169 ις’.

2366 1200 2647 1271 Σημασία
2672 1198 2784 1269 τῆς
2817 1199 3153 1270 ἱερουργίας
3184 1198 3254 1252 ἐν
3283 1197 3613 1267 κεφαλαίῳ.

2291 1295 2620 1363 Ἀναγκαῖον
2658 1292 2715 1345 δέ
2756 1292 2965 1347 ἄνωθεν
3010 1289 3151 1357 κατά
3184 1292 3351 1360 μέρος
3392 1290 3639 1344 ἐπελθεῖν
3673 1291 3788 1345 τῶν

530 1383 694 1438 verba
720 1382 1165 1452 psalmodiarum,
1201 1382 1251 1437 si
1281 1383 1430 1453 prius
1460 1382 1589 1436 illud
1615 1382 1937 1447 dixerimus,
1964 1381 2106 1451 quod

2224 1383 2534 1454 ,ηαλμῳδιῶν
2579 1383 2648 1438 τά
2678 1383 2948 1453 ίρήματιν
3006 1383 3182 1435 ἐκεῖνο
3216 1381 3484 1454 πρότερον
3528 1381 3785 1445 εἰπόντας

528 1474 852 1543 mysterium
923 1472 1311 1528 incarnationis
1361 1471 1566 1528 Christi
1616 1472 1954 1542 signiﬁcatur
1987 1471 2114 1541 qui-

529 1568 651 1619 dem
712 1579 807 1632 per
863 1563 1036 1633 ipsum
1084 1564 1449 1630 sacriﬁcium;
1526 1563 1871 1634 signiﬁcatur
1929 1574 2109 1617 autem

528 1658 699 1711 etiam
751 1670 848 1723 per
907 1670 968 1709 ea
1023 1670 1140 1722 qua:
1210 1657 1517 1726 praecedunt
1598 1654 1923 1710 sacriﬁcium
1960 1692 1976 1718 ,
2059 1662 2113 1709 et

531 1761 630 1814 per
690 1759 754 1800 ea
834 1760 957 1812 qua:
1017 1754 1142 1815 post
1228 1743 1558 1801 sacriﬁcium
1611 1754 1666 1800 et
1727 1745 1865 1801 ﬁunt
1917 1754 1971 1800 et
2025 1743 2114 1799 di-

533 1847 753 1893 cuntur.
823 1836 1165 1891 Sacriﬁcium
1236 1837 1380 1892 enim
1474 1848 1701 1892 mortem
1784 1836 1953 1907 ipsius
2014 1851 2112 1890 an-

2211 1479 2293 1531 ὂτι
2326 1476 2389 1529 τὸ
2426 1476 2726 1547 μυστήριον
2753 1474 2851 1545 τῆς
2901 1473 3213 1543 οἰκονομίας
3241 1472 3335 1526 τοῦ
3377 1472 3639 1540 Χριστοῦ,
3685 1489 3787 1543 cq-

2221 1569 2472 1638 μαίνεται
2505 1567 2603 1638 μέν
2635 1567 2722 1620 διὰ
2755 1567 2855 1635 τῆς
2885 1565 3075 1628 Θυσίας
3105 1564 3277 1635 αὖτῆς
3301 1581 3314 1594 ·
3352 1564 3676 1634 σημαίνεται
3702 1560 3781 1629 δὲ,

2220 1661 2312 1714 καὶ
2336 1659 2422 1714 διά
2448 1659 2555 1713 τῶν
2586 1657 2692 1730 πρὸ
2726 1657 2825 1728 τῆς
2862 1657 3072 1723 θυσίας,
3116 1658 3205 1711 καί
3237 1657 3345 1710 τῶν
3394 1657 3533 1726 μετά
3564 1656 3661 1728 τὴν
3694 1656 3787 1710 θυ-

2220 1753 2364 1818 σίαν,
2398 1752 2737 1822 τελουμένων
2767 1752 2858 1803 καὶ
2886 1749 3215 1819 λεγομένων.
3259 1749 3324 1802 Ἦ
3357 1748 3457 1818 μέν
3488 1748 3597 1819 γάρ
3623 1748 3784 1801 θυσία

2217 1844 2310 1897 τὸν
2339 1843 2568 1897 θάνατον
2598 1841 2766 1897 αὐτοῦ
2798 1840 3178 1909 καταγγέλλει,
3214 1840 3308 1894 καὶ
3340 1840 3435 1909 τὴν
3462 1840 3784 1906 ἀνάστασιν,

537 1928 783 1991 nuntiat,
816 1938 871 1982 et
903 1927 1380 1991 resurrectionem,
1405 1937 1461 1984 et
1493 1928 1943 1997 assumptionem,
1974 1942 2107 1996 quo-

2224 1935 2308 1989 καὶ
2336 1933 2435 2006 τὴν
2475 1934 2766 2004 ἀνάληψιν,
2812 1934 2903 1987 ὅτε
2940 1932 3006 1986 τά
3042 1933 3197 2003 τίμια
3243 1932 3394 2002 δῶρα
3438 1931 3519 1994 είς
3562 1930 3696 1986 αύτδ
3724 1932 3790 1984 rs

537 2020 682 2075 niam
711 2019 950 2089 pretiosa
1002 2019 1144 2074 dona
1184 2020 1238 2073 in
1294 2019 1466 2086 ipsum
1525 2018 1861 2073 Dominicum
1914 2032 2114 2088 corpus

535 2119 837 2175 mutantur,
873 2109 1016 2178 quod
1044 2110 1368 2175 resurrexit,
1402 2110 1546 2179 quod
1602 2111 1654 2164 in
1690 2109 1861 2165 caelos
1916 2125 2113 2166 ascen-

537 2201 620 2253 dit
648 2215 665 2266 ;
689 2214 808 2268 qua
830 2192 1013 2255 autem
1050 2210 1177 2255 ante
1202 2199 1529 2256 sacriﬁcium
1565 2200 1725 2266 ﬁunt,
1753 2215 1821 2255 ea
1848 2215 1966 2270 quae
1990 2209 2117 2254 ante

534 2300 766 2346 mortem
794 2290 1033 2356 luerunt,
1054 2293 1363 2357 adventum,
1395 2291 1788 2357 ostensionem,
1815 2290 2114 2362 perfectam

535 2381 1029 2437 mauiiestatienem
1049 2400 1065 2451 ;
1088 2396 1211 2452 qua:
1232 2396 1361 2437 vero
1389 2391 1511 2453 post
1538 2382 1892 2448 sacriﬁcium,
1927 2382 2108 2437 Patris

535 2471 981 2540 promissionem,
1022 2478 1080 2525 ut
1114 2471 1229 2542 ipse
1258 2471 1425 2535 dixit,
1463 2469 1700 2539 Spiritus
1726 2470 1793 2525 ad
1842 2471 2120 2541 apostolos

534 2562 876 2625 descensum,
903 2561 1139 2630 gentium
1170 2575 1270 2630 per
1296 2559 1415 2614 illos
1434 2548 1500 2614 ad
1521 2558 1689 2616 Deum
1713 2562 2118 2618 conversionem

533 2661 594 2707 et
613 2653 1072 2708 communionem.
1099 2646 1164 2707 Et
1183 2660 1269 2706 est
1287 2653 1536 2708 universa
1556 2653 1792 2724 mysterii
1810 2653 2116 2719 celebratio,

537 2743 703 2798 veluti
740 2758 904 2798 unum
927 2744 1196 2813 quoddam
1222 2759 1421 2813 corpus
1440 2745 1676 2801 historia:
1696 2747 1763 2801 ab
1780 2746 1936 2802 initio
1952 2760 2121 2817 usque

446 2823 450 2828 ’
541 2833 607 2888 ad
642 2832 801 2888 ﬁnem
820 2833 1256 2890 convenientiam
1280 2842 1337 2890 et
1369 2835 1739 2904 integritatem
1768 2849 2117 2904 conservans,

542 2926 680 2980 adeo
727 2934 783 2981 ut
817 2926 1245 2997 unumquodque
1275 2941 1462 2982 eorum
1489 2941 1610 2998 quae
1650 2926 1787 2983 ﬁunt
1815 2929 1897 2984 vel
1929 2929 2120 2983 dicun-

545 3027 657 3082 tur,
686 3019 981 3088 separatim
1036 3019 1242 3087 aliquid
1297 3019 1367 3074 ad
1421 3019 1661 3074 universi
1721 3019 2117 3075 coniectionem

545 3106 817 3163 conferat.
853 3107 1006 3163 Unde
1031 3109 1225 3177 psalmi
1252 3118 1309 3179 ut
1336 3104 1426 3179 qui
1459 3111 1514 3165 in
1549 3111 1716 3166 divini
1746 3112 1997 3183 mysterii
2028 3125 2119 3166 ce-

2220 2027 2500 2098 Κυριακδν
2537 2027 2859 2097 μεταϐάλλει
2894 2026 3075 2095 σῶμα,
3104 2025 3165 2079 τὸ
3200 2024 3461 2088 ἀναστὰν,
3488 2023 3548 2092 τὸ
3579 2025 3659 2087 εἰς
3696 2025 3791 2076 ού-

2220 2119 2413 2189 ρανοὺς
2439 2118 2787 2189 ἀνεληλυθός.
2829 2116 2913 2172 Tit
2959 2118 3016 2172 δέ
3048 2117 3151 2187 πρὸ
3180 2115 3279 2186 τῆς
3310 2114 3521 2179 θυσίας,
3554 2114 3623 2167 τὰ
3679 2115 3794 2180 πρὸ

2221 2209 2310 2262 τοῦ
2341 2209 2599 2275 θανάτου,
2630 2208 2727 2280 τὴν
2766 2208 3090 2277 παρουσίαν,
3116 2205 3214 2278 τὴν
3241 2203 3535 2271 ἀνάδειξ;ν,
3564 2203 3663 2273 τὴν
3693 2219 3790 2255 τε-

2218 2301 2370 2355 λείαν
2401 2300 2727 2371 φανέρωσιν,
2761 2300 2829 2355 τά
2861 2300 2918 2354 δέ
2953 2298 3089 2369 μετά
3111 2299 3209 2367 τὴν
3234 2296 3444 2362 θυσίαν,
3475 2295 3572 2366 τὴν
3610 2297 3789 2361 ἐπαγ-

2220 2392 2407 2460 γελίαν
2437 2391 2531 2445 τοῦ
2564 2392 2794 2462 Πατρδς,
2823 2392 2900 2453 ὡς
2927 2390 3085 2453 αύτδς
3112 2386 3254 2453 εἶπε,
3278 2389 3378 2458 τὴν
3407 2386 3503 2439 τοῦ
3532 2384 3791 2453 Πνεύμα-

2220 2499 2312 2544 τος
2334 2483 2413 2544 εἰς
2444 2481 2573 2544 τοὺς
2599 2479 2930 2544 ἀποστόλους
2963 2479 3206 2542 κάθοδον,
3251 2477 3349 2547 τὴν
3389 2477 3497 2529 τῶν
3526 2474 3692 2528 ἐθνῶν
3717 2473 3789 2526 δι’

2222 2572 2446 2628 ἐκείνων
2491 2573 2626 2644 πρὸς
2668 2571 2800 2625 Θεδν
2832 2572 3169 2643 ἐπιστροφήν
3206 2586 3266 2624 τε
3323 2570 3439 2623 καί
3472 2567 3781 2622 κοινωνίαν.

2222 2668 2330 2721 Καὶ
2360 2667 2509 2721 ἔστιν
2539 2668 2572 2738 ἡ
2616 2667 2764 2720 πᾶσα
2793 2665 3150 2736 μυσταγωγία
3172 2663 3420 2736 καθάπερ
3460 2680 3513 2715 τι
3541 2662 3698 2727 σῶμα
3726 2661 3790 2713 ἓν

2222 2758 2482 2827 ἱστορίας,
2516 2757 2609 2811 ἀπ’
2643 2756 2818 2828 ἀρχῆς
2849 2758 2976 2828 ἄχρι
3005 2756 3191 2819 τέλους
3216 2755 3314 2825 τὴν
3347 2753 3664 2825 συμφωνίαν
3689 2756 3787 2806 καὶ

2220 2850 2544 2920 ὁλοκληρίαν
2584 2850 2852 2919 φυλάττον
2878 2866 2892 2881 ο
2941 2848 3080 2903 ὥστε
3109 2848 3344 2901 ἕκαστον
3387 2846 3494 2900 τῶν
3524 2845 3784 2915 τελουμέ-

2221 2958 2349 3000 νων.
2386 2941 2425 3012 ἥ
2455 2942 2763 3009 λεγομένων
2797 2941 2931 2995 ἰδίαν
2973 2940 3094 2994 τινὰ
3126 2939 3440 2992 συντέλειαν
3472 2940 3536 3006 τῇ
3568 2935 3785 2999 ὁλότητι

2225 3032 2505 3103 παρέχειν.
2541 3032 2703 3086 Ὅθεν
2735 3034 2786 3086 οἰ
2809 3031 3037 3103 ψαλμοὶ,
3071 3031 3146 3095 ὡς
3172 3033 3235 3085 ἂν
3270 3033 3327 3084 ἐν
3356 3028 3660 3100 προοιμίοις
3684 3027 3786 3096 τῆς

2226 3121 2613 3190 μυσταγωγίας
2665 3122 2938 3192 ᾀδόμενοι,
2984 3122 3076 3175 τὸν
3119 3120 3387 3191 πρότερον
3450 3117 3642 3188 καιρὸν
3685 3120 3787 3186 τῆς

543 3199 863 3255 lebrationis
938 3201 1162 3257 exordio
1210 3212 1477 3259 canuntur
1509 3240 1531 3269 ,
1614 3205 1845 3273 primum
1910 3213 2119 3274 tempus

2224 3213 2316 3267 τοῦ
2370 3215 2607 3285 Χριστοῦ
2652 3214 2963 3283 οἰκονομίας
3009 3215 3365 3282 σημαίνουσι·
3422 3211 3491 3265 τά
3540 3211 3596 3264 δέ
3649 3211 3789 3279 μετά

546 3291 770 3375 Christi
807 3292 1200 3350 incarnationis
1255 3295 1586 3365 signiﬁcant.
1641 3297 1771 3365 Quae
1820 3305 1998 3351 autem
2050 3311 2113 3349 ea

2224 3306 2447 3371 τούτων,
2481 3307 2595 3360 αῑτε
2625 3309 2732 3359 τῶν
2761 3306 2923 3374 ἱερῶν
2954 3307 3184 3375 Γραφῶν
3215 3305 3569 3375 ἀναγνώσεις,
3601 3305 3694 3357 καὶ
3716 3304 3787 3355 τὰ

549 3371 975 3451 conseruentur,
1013 3400 1206 3457 nempe
1253 3402 1530 3443 sacrarum
1576 3387 1975 3459 Scripturarum
2042 3387 2117 3442 le-

550 3472 784 3541 ctiones,
817 3483 876 3529 et
931 3475 1163 3544 reliqua,
1217 3477 1269 3532 id
1336 3477 1479 3548 quod
1527 3478 1783 3548 deinceps
1847 3477 2114 3548 sequitur.

546 3563 711 3633 Atqui
747 3565 852 3619 alia
885 3580 1006 3622 esse
1058 3580 1221 3622 causa
1266 3565 1416 3622 dicta
1460 3574 1542 3622 est
1574 3566 2000 3638 ,Scripturarum
2064 3576 2120 3622 et

551 3655 1001 3722 psalmodiarum,
1044 3656 1199 3724 quod
1246 3656 1356 3711 sint
1408 3658 1618 3713 scilicet
1671 3657 2016 3728 purgationes
2062 3670 2119 3713 et

547 3747 971 3816 praeparationes
999 3749 1065 3802 ad
1088 3762 1242 3803 sacra
1269 3750 1543 3820 mysteria.
1570 3749 1677 3805 Sed
1710 3750 1841 3806 nihil
1864 3750 2119 3820 prohibet

550 3853 614 3890 ea
642 3847 700 3892 et
729 3838 828 3892 hoc
852 3846 906 3893 et
928 3837 1061 3892 illud
1088 3852 1268 3908 posse,
1302 3848 1359 3894 et
1399 3840 1584 3896 eadem
1623 3849 1677 3896 et
1710 3840 1893 3896 ﬁdeles
1915 3841 2119 3896 sancti-

551 3929 737 3996 ﬁcare,
770 3938 824 3984 et
850 3929 1257 3986 incarnationis
1285 3931 1527 4003 mysterii
1555 3932 1916 3988 meonomiam
1949 3933 2119 4002 signi-

552 4022 741 4078 ﬁcare.
772 4022 1234 4090 Quemadmodum
1266 4023 1411 4078 enim
1442 4033 1622 4081 vestes
1649 4024 1875 4094 implent
1903 4025 2117 4095 quidem

554 4130 707 4170 usum
748 4119 981 4171 amictus
1037 4126 1092 4172 et
1136 4131 1347 4187 corpus
1390 4124 1595 4188 tegunt,
1647 4131 1719 4174 eo
1743 4126 1922 4173 autem
1978 4119 2122 4186 quod

552 4207 693 4264 tales
722 4219 852 4264 sunt
883 4209 962 4264 vel
995 4210 1151 4277 tales,
1185 4221 1241 4265 et
1269 4212 1506 4267 studium
1538 4213 1770 4280 vitaeque
1796 4210 2120 4267 exercitium

555 4302 888 4369 signiﬁcant,
917 4309 973 4353 et
994 4301 1309 4371 dignitatem
1357 4315 1544 4356 eorum
1576 4301 1669 4371 qui
1726 4300 1899 4354 induti
1956 4309 2082 4353 sunt
2105 4315 2129 4353 ι’

555 4389 631 4441 ita
665 4389 828 4441 etiam
868 4402 928 4442 se
960 4389 1123 4442 habet
1152 4391 1217 4441 in
1244 4390 1351 4442 his.
1387 4388 1540 4453 Quod
1575 4388 1718 4443 enim
1751 4398 1876 4443 sunt
1903 4388 2125 4444 omnino

556 4475 753 4530 divinae
792 4475 1106 4544 Scriptura,
1135 4486 1191 4530 et
1214 4478 1375 4531 verba
1412 4478 1670 4531 divinitus
1723 4477 1980 4548 inspirata
2008 4493 2126 4549 quae
2203 4480 2209 4487 ’

2218 3398 2375 3463 ἄλλα,
2403 3399 2465 3452 τὸ
2499 3399 2720 3469 ἐφεξῆς.
2755 3401 2865 3455 Καὶ
2912 3399 3019 3470 μὴν
3052 3400 3183 3470 ἄλλη
3225 3418 3311 3465 τις
3337 3396 3476 3454 εἶναι
3504 3399 3719 3469 εἴρηται
3749 3398 3787 3466 ὴ

2220 3491 2372 3543 αἰτία·
2392 3491 2502 3544 τῶν
2529 3491 2879 3562 ψαλμῳδιῶν,
2904 3494 2998 3544 καὶ
3023 3492 3130 3547 τῶν
3168 3491 3401 3563 Γραφῶν
3421 3507 3436 3522 ο
3466 3490 3788 3561 προκαθαρ-

2223 3583 2343 3635 σίαν
2368 3582 2490 3636 τινὰ
2517 3583 2654 3652 πρὸς
2682 3587 2752 3637 τά
2785 3584 3083 3654 μυστήρια,
3110 3583 3202 3635 καὶ
3237 3582 3600 3653 παρασκευάς
3621 3598 3635 3612 ·
3665 3580 3786 3633 ἀλλ’

2220 3673 2373 3726 οὐδὲν
2403 3672 2602 3727 κωλύει
2650 3675 2937 3728 καὶτοῦτο
2984 3675 3208 3728 κάκεῖνο
3262 3673 3549 3732 δύνασθαι.
3596 3671 3690 3725 καὶ
3720 3671 3791 3723 τὰ

2224 3764 2364 3818 αύτά
2414 3764 2509 3818 καὶ
2537 3765 2661 3829 τοὺς
2697 3766 2923 3828 πιστοὺς
2967 3764 3240 3833 ἀγιάζειν,
3286 3755 3381 3819 καὶ
3434 3763 3534 3835 τὴν
3583 3765 3790 3815 οἰκονο-

2226 3856 2359 3926 μίαν
2389 3858 2700 3928 σημαίνειν.
2739 3858 3007 3928 Καθάπερ
3037 3858 3147 3929 γὰρ
3188 3856 3261 3910 τά
3287 3858 3477 3924 ἰμάτια
3516 3854 3789 3925 πληροῦσι

2228 3949 2327 4020 μὲν
2359 3949 2458 4021 τὴν
2504 3950 2694 4021 χρείαν
2740 3953 2837 4020 τῆς
2883 3951 3168 4017 ἐνδύσεως,
3224 3951 3320 4003 καί
3358 3948 3695 4004 καλύπτουσι
3728 3948 3794 4001 τὸ

2227 4040 2407 4110 σῶμα,
2439 4040 2515 4110 τῷ
2542 4039 2599 4094 δὲ
2633 4039 2807 4094 τοιάδε
2854 4035 2992 4093 εἶναι
3018 4039 3050 4109 ἦ
3097 4039 3296 4102 τοιάδε,
3331 4042 3425 4093 καὶ
3450 4040 3791 4109 ἐπιτήδευμα

2228 4130 2578 4201 σημαίνουσι,
2606 4130 2701 4183 καὶ
2727 4128 2857 4199 βίον,
2895 4130 2989 4182 καὶ
3016 4128 3172 4194 ἀξίαν
3198 4129 3308 4183 τῶν
3353 4130 3788 4199 περικειμένων·

2225 4220 2367 4273 οὕτω
2403 4224 2499 4273 καὶ
2527 4219 2619 4271 ἐπὶ
2650 4218 2857 4271 τούτων
2888 4218 3022 4287 ἔχει.
3051 4217 3173 4271 Ὀτι
3216 4217 3316 4286 μὲν
3344 4218 3452 4289 γὰρ
3485 4219 3620 4281 ὅλως
3650 4218 3792 4272 θεῖαι

2228 4311 2463 4380 Γραφαί,
2515 4311 2612 4364 καὶ
2671 4309 3002 4363 θεόπνευστα
3051 4310 3272 4378 ῥήματα
3312 4309 3380 4362 τά
3435 4308 3666 4381 ᾀδόμενα
3696 4310 3794 4363 καὶ

2225 4401 2735 4470 ἀναγινωσκόμενα,
2768 4403 2893 4465 τοὺς
2929 4401 3409 4469 ἀναγινώσκοντας
3441 4403 3534 4454 καὶ
3565 4401 3791 4472 ᾅδοντας

2226 4490 2484 4558 ἁγιάζειο
2537 4492 2619 4545 ὅτι
2655 4490 2712 4544 δὲ
2744 4491 2968 4544 τοιαῦτα
3014 4491 3265 4561 ἐξελέγη,
3315 4492 3408 4545 καί
3440 4489 3614 4552 οὓτως
3669 4494 3796 4543 ἐτά-

554 4573 830 4621 canuntur
855 4575 911 4620 et
942 4565 1240 4631 leguntur:
1288 4581 1383 4621 eos
1431 4566 1523 4636 qui
1585 4566 1767 4638 legunt
1793 4576 1847 4623 et
1900 4578 2122 4636 canunt,

2230 4580 2462 4652 χθησαν,
2490 4583 2587 4635 καὶ
2611 4581 2708 4653 τὴν
2734 4581 2901 4651 ἄλλην
2930 4581 3160 4649 δύναμιν
3188 4583 3394 4652 έχουσι,
3437 4583 3532 4635 καὶ
3562 4581 3793 4652 ἀρκοῦσι

555 4658 920 4716 sanctiﬁcant.
956 4658 1109 4724 Quod
1138 4665 1319 4713 autem
1356 4657 1481 4712 talia
1523 4656 1694 4713 electa
1755 4668 1884 4715 sunt
1942 4670 1999 4714 et
2044 4662 2122 4714 sic

2232 4673 2371 4744 πρὸς
2423 4672 2700 4743 σημασίαν
2730 4673 2825 4725 τοῦ
2881 4672 3119 4743 Χριστοῦ
3167 4672 3466 4741 παρουσίας
3500 4674 3595 4725 καὶ⁵
3642 4673 3795 4725 πολι-

560 4751 832 4811 ordinata.
861 4750 1025 4806 etiam
1067 4749 1224 4805 aliam
1250 4749 1454 4806 habent
1490 4759 1814 4820 potestatem
1842 4794 1858 4821 ,
1892 4760 1951 4808 et
1973 4751 2125 4808 sutil-

558 4843 709 4899 ciunt
735 4842 806 4899 ad
834 4843 1251 4914 signiﬁcandum-
1292 4842 1497 4899 Christi
1540 4842 1839 4900 adventum
1891 4853 1948 4899 et
2004 4846 2127 4914 ejus

562 4935 981 4989 institutionem.
1020 4932 1138 4990 Non
1193 4932 1366 4989 solum
1400 4932 1546 4990 enim
1578 4947 1641 4989 ea
1702 4948 1824 5004 qua
1860 4941 2129 4988 canuntur

561 5031 616 5081 et
645 5026 925 5094 dicuntur,
951 5025 1048 5081 sed
1084 5025 1247 5081 ctiam
1290 5040 1409 5091 qua:
1435 5035 1587 5093 sunt,
1610 5026 1802 5082 eodem
1872 5025 2031 5079 modo
2069 5037 2143 5107 se.

538 5114 786 5183 .habent,
818 5124 873 5170 et
929 5114 989 5170 ﬁt
1010 5118 1436 5188 unumquodque
1473 5124 1694 5188 propter
1712 5130 1869 5171 usum
1897 5128 2131 5185 praesen-

565 5220 709 5265 tem:
754 5209 1024 5277 signiﬁcat
1071 5222 1251 5266 autem
1275 5213 1437 5266 etiam
1491 5210 1695 5280 aliquid
1729 5224 1799 5264 ex
1848 5209 2123 5280 operibus,

559 5301 644 5355 vel
671 5301 992 5369 actionibus,
1042 5303 1125 5356 vel
1176 5304 1520 5371 passionibus
1565 5301 1810 5370 Christi,
1863 5301 2003 5356 sicut
2043 5309 2129 5357 est

564 5391 840 5463 Evangelii
880 5393 945 5447 ad
977 5393 1150 5448 altare
1191 5395 1394 5459 ablatio,
1441 5394 1805 5464 pretiosorum
1858 5393 2123 5448 donorum

564 5485 899 5555 importatio.
926 5484 1180 5540 Fitenim
1215 5493 1504 5556 utrumque
1551 5485 1770 5555 quidem
1823 5486 1890 5539 ad
1929 5499 2127 5541 usum:

563 5578 654 5632 illa
683 5578 901 5647 quidem
947 5586 1005 5632 ut
1058 5576 1401 5647 Evangelium
1450 5586 1678 5647 tegatur,
1727 5577 1842 5633 haec
1889 5590 2017 5632 vero
2073 5584 2134 5630 ut

569 5681 859 5738 peragatur
921 5669 1272 5725 sacriﬁcium.
1302 5667 1618 5739 Signiﬁcant
1675 5677 1853 5750 autem
1890 5677 2132 5737 utraeque

570 5760 784 5817 Domini
809 5764 1175 5819 ostensionem
1199 5771 1253 5817 et
1287 5760 1814 5817 manifestationem:
1874 5760 1962 5815 ilia
2012 5761 2134 5832 qui-

574 5853 694 5906 dent
724 5855 841 5923 ejus
877 5856 1184 5927 incipientis
1230 5853 1586 5922 manifestari,
1614 5853 1793 5910 adhuc
1844 5854 2127 5910 obscuram

2231 4767 2402 4830 τείας.
2449 4766 2604 4819 Ἑπεί
2652 4765 2714 4818 οὗ
2747 4764 2908 4834 μόνον
2960 4768 3030 4818 τά
3077 4764 3312 4835 ᾁδῦμενα
3365 4763 3462 4817 καὶ
3501 4763 3792 4834 λεγόμενα,

2229 4854 2369 4909 ἀλλά
2395 4856 2490 4907 καὶ
2520 4853 2590 4907 τά
2617 4852 2938 4922 τελούμενα,
2968 4851 3155 4907 τοῦτον
3185 4854 3299 4921 ἔχει
3326 4851 3417 4905 τὸν
3445 4854 3664 4922 τρόπον,
3698 4852 3795 4905 καὶ

2231 4946 2439 5015 γίνεται
2473 4944 2578 5014 μὲν
2603 4943 2832 4998 ἕκαστον
2853 4944 2950 5013 τῆς
2979 4945 3168 5015 χρείας
3197 4943 3361 4997 ἕνεκα
3387 4943 3490 5012 τῆς
3511 4943 3796 5013 ἐνισταμέ-

2226 5052 2350 5105 νης.
2373 5033 2636 5103 Σημαίνει
2679 5032 2738 5087 δὲ
2771 5031 2865 5087 καί
2895 5050 2949 5086 τι
2975 5034 3081 5088 τῶν
3116 5032 3209 5086 τοῦ
3256 5032 3496 5103 Χριστοῦ
3529 5032 3706 5102 ἔργων
3751 5032 3785 5101 ἢ

2231 5122 2506 5192 πράξεων,
2538 5122 2570 5194 ἢ
2605 5121 2793 5176 παθῶν
2819 5138 2833 5152 ’
2865 5117 2978 5176 οἷόν
3006 5123 3175 5185 ἐστιν,
3217 5123 3250 5191 ή
3286 5122 3367 5183 εἰς
3393 5121 3453 5173 τὸ
3488 5118 3794 5187 Oeneasq-

2234 5232 2348 5287 ριον
2372 5213 2648 5283 εἰσαγωγὴ
2672 5213 2766 5266 τοῦ
2799 5212 3155 5280 Εὐαγγελίου,
3186 5212 3217 5282 ἢ
3254 5212 3533 5282 εἰσαγωγὴ
3580 5211 3689 5263 τῶν
3714 5227 3796 5262 τι-

2236 5305 2374 5377 μίων
2403 5305 2612 5376 δώρων.
2643 5305 2888 5358 Γίνονται
2915 5305 3020 5375 μὲν
3045 5305 3155 5374 γὰρ
3175 5304 3316 5358 κατὰ
3337 5305 3530 5373 χρείαν
3564 5301 3792 5362 ἕκαστα,

2233 5399 2267 5467 ἡ
2306 5399 2403 5467 μὲν
2431 5396 2518 5450 ἴνα
2548 5397 2607 5449 τὸ
2632 5395 2970 5465 Εύαγγέλιον
2997 5395 3340 5466 ἀναγνωσθῇ,
3369 5398 3403 5466 ἡ
3436 5394 3493 5448 δέ
3522 5395 3609 5448 ἵνα
3644 5394 3675 5463 ἠ
3702 5391 3797 5445 ου-

2236 5493 2324 5543 σία
2357 5491 2605 5561 τελεσθῇ.
2637 5491 2974 5562 Σημαίνουσι
3003 5490 3058 5544 δὲ
3083 5491 3393 5560 ἀμφότεραι
3437 5490 3536 5558 τὴν
3561 5488 3654 5541 τοῦ
3688 5490 3802 5540 Κυ-

2237 5583 2354 5653 ρίου
2414 5582 2686 5649 ἀνάδειξιν
2741 5583 2774 5653 ἢ
2827 5582 3173 5654 φανέρωσινθ
3227 5581 3261 5650 ἠ
3328 5581 3433 5650 μὲν
3492 5579 3805 5650 ἀρχομένου

2235 5672 2598 5743 φανεροῦσθαι
2632 5674 2733 5742 τὴν
2778 5674 3029 5745 ἀμυδρὰν
3054 5672 3137 5727 ἔτι
3180 5673 3275 5725 καὶ
3306 5672 3492 5739 ἀτελῆ,
3522 5672 3554 5742 ἡ
3607 5672 3664 5724 δὲ
3698 5673 3808 5742 τὴν

2235 5765 2606 5838 τελειωτάτην
2626 5769 2719 5820 καὶ
2762 5767 3101 5819 τελευταίαν.
3138 5765 3258 5819 Εἱσί
3288 5764 3346 5817 δὲ
3385 5765 3478 5818 καὶ
3505 5764 3613 5819 τῶν
3644 5766 3701 5816 ἐν
3736 5768 3803 5838 τῇ

2242 5860 2598 5932 μνσταγωγία
2654 5858 2950 5930 τελουμένῃ
2996 5857 3131 5926 ἔνια,
3164 5857 3352 5929 χρείαν
3396 5856 3495 5927 μὲν
3541 5856 3811 5928 οὖδεμίαν
