4132 6308
429 355 542 430 405

1496 319 1501 322 ᾔ
1605 370 1893 432 LlTURG
1910 367 2005 429 [2E
2048 368 2481 433 EXPOSITIO.

3569 367 3677 430 486

436 474 768 547 πληροῦντα,
804 477 1074 547 σημασίας
1094 479 1151 533 δὲ
1178 479 1343 534 ἕνεκα
1375 478 1535 548 μόνον
1564 478 1888 547 τελούμενα,
1918 478 1992 539 ὡς

2124 477 2403 547 ιιίιοηιιιυε
2440 488 2496 534 et
2548 478 3119 546 imperfectissituam,
3174 478 3262 531 illa
3313 487 3493 532 autem
3545 493 3671 547 pera

438 568 475 637 ὴ
512 568 702 639 λόγχη,
744 571 833 622 καὶ
864 570 898 640 ἠ
928 569 1020 623 τοῦ
1052 570 1216 641 ἀρτου
1263 570 1536 639 κέντησις,
1566 569 1658 623 καὶ
1689 571 1722 640 ὴ
1771 571 1830 623 ὲν
1858 569 2004 639 αὐτῷ

440 659 628 730 γραφὴ
655 660 747 713 τοῦ
774 662 1033 732 σταυροῦ,
1064 663 1161 715 καὶ
1188 662 1248 716 τὸ
1271 662 1581 715 τελευταῖον
1606 662 1640 733 ἠ
1666 662 1746 724 είς
1769 663 1838 714 τά
1871 660 1936 730 ἀγ
1951 678 2005 714 ια

447 751 659 823 ἐκϐολή.
688 753 797 807 Καὶ
821 755 879 805 ὲν
903 756 1018 815 τοῖς
1048 754 1226 817 ἀλλοις
1249 754 1306 808 δὲ
1334 754 1652 824 μυστηρίοις
1685 752 1856 806 πολλὰ
1890 770 2005 807 τοισ-

445 840 578 894 αῦτα
594 840 660 895 ἂν
678 840 881 912 εὕροις,
909 843 1098 914 ὥσπερ
1130 844 1187 896 ἐν
1211 843 1287 913 τῷ
1315 842 1653 913 βαπτίσματι
1671 843 1732 896 τὸ
1754 843 2005 897 λούεσθαι

445 930 753 997 μέλλοντας,
789 934 1119 987 ὑποδύεσθαι
1153 934 1233 988 δεῖ
1279 935 1374 987 καὶ
1405 934 1755 998 ἀποδύεσθαι,
1789 937 1884 988 καὶ
1924 936 2006 997 είς

438 1020 533 1081 τὰς
557 1021 765 1092 δεσμάς
797 1023 1092 1092 βλέποντας
1116 1024 1216 1088 τάς
1245 1024 1434 1097 χεῖρᾴς
1460 1041 1516 1078 τε
1550 1026 1885 1091 ἀποτείνειν,
1910 1027 2005 1079 καὶ

438 1113 700 1182 ἐκφυσᾷν.
735 1112 926 1168 Ταῦτα
958 1114 1069 1184 γάρ
1112 1115 1203 1167 καὶ
1229 1115 1391 1181 ἕτερα
1416 1115 1645 1170 τοιαῦτα
1685 1117 1873 1186 χρείαν
1905 1114 2008 1185 μὲν

437 1203 695 1272 οὐδεμίαν
741 1205 823 1267 είς
869 1204 932 1257 τὸ
983 1207 1280 1275 μυστήριον
1327 1205 1606 1274 εἰσάγουσι
1633 1223 1647 1237 ⁸
1696 1206 2008 1260 διδάσκουσι

439 1290 497 1343 δὲ
527 1292 618 1345 τὸν
638 1291 983 1363 τελούμενον,
1014 1295 1075 1347 τὸ
1096 1297 1248 1365 μῖσος
1281 1297 1375 1349 καὶ
1396 1296 1494 1367 τὴν
1521 1295 1742 1365 ἔχθραν,
1774 1296 1842 1364 ἠν
1870 1297 2008 1366 πρὸς

441 1384 535 1437 τὸν
567 1386 804 1456 πονηρὸν
852 1387 996 1458 ἔχειν
1032 1389 1269 1459 ἀνάγκη,
1306 1388 1403 1442 καὶ
1442 1390 1590 1451 ὅπως
1629 1388 1790 1441 αὑτὸν
1821 1389 2010 1458 ἐκτρέ-

447 1478 648 1532 πεσθαι
678 1480 807 1549 χρὴ,
838 1480 932 1533 τὸν
974 1481 1235 1547 μέλλοντα
1266 1482 1595 1553 Χριστιανὸν
1637 1481 1809 1551 ἀληθῆ
1845 1478 2003 1538 εἶναι.

448 1569 669 1622 Τούτων
722 1569 893 1634 οὕτως
938 1572 1166 1641 ἐχόντων
1223 1571 1518 1644 θεωρῶμεν
1571 1572 1671 1643 τὴν
1700 1575 2008 1645 ἱερουργίαν

449 1659 667 1713 ἃπασαν
689 1662 833 1714 κατά
867 1663 1051 1732 μέρος,
1084 1664 1207 1717 καθ’
1230 1664 1354 1717 ὅσον
1399 1666 1499 1732 τῆς
1532 1663 1623 1717 τοῦ
1653 1666 1903 1737 Σωτῆρος
1932 1670 2007 1721 oi-

2103 566 2455 627 i‘ectissimam
2486 577 2540 622 et
2571 569 2837 623 ultimam.
2888 568 3025 623 Sunt
3057 578 3233 621 autem
3289 568 3451 622 etiam
3480 581 3670 622 eorum

2103 672 2223 727 qua:
2279 659 2332 713 in
2377 660 2603 729 mystica
2656 660 3027 714 celebratione
3087 659 3241 723 ﬁunt,
3291 674 3414 728 qua:
3462 658 3671 712 nullum

2105 765 2259 805 usum
2312 751 2558 820 implent,
2614 750 2952 819 signiﬁcandi
2999 760 3178 805 autem
3221 751 3391 819 gratia
3457 756 3669 802 tantum

2109 843 2269 904 ﬁunt,
2303 850 2363 897 ut
2396 842 2585 897 lancea
2615 854 2668 897 et
2693 842 2848 912 panis
2888 843 3130 911 punctio,
3162 851 3217 896 et
3266 842 3445 895 crucis
3476 840 3672 894 inscri-

2106 933 2240 1003 ptio,
2271 944 2328 989 et
2359 944 2632 1003 postremo
2652 946 2803 1001 aquae
2834 932 3025 986 calida:
3075 932 3128 985 in
3179 939 3370 986 saneta
3430 931 3668 1001 injectio.

2104 1024 2248 1091 Quin
2283 1026 2448 1079 etiam
2482 1024 2537 1078 in
2578 1023 2705 1078 aliis
2774 1022 3132 1078 sacramentis
3186 1022 3350 1075 multa
3405 1022 3672 1091 ejusmodi

2064 1116 2418 1195 _inveneris:
2475 1114 2932 1186 quemadmodum
3001 1114 3053 1169 in
3110 1113 3374 1183 baptismo
3432 1129 3526 1169 cos
3581 1115 3670 1182 qui

2107 1208 2214 1263 sint
2269 1208 2550 1277 tingendi,
2602 1222 2661 1262 se
2706 1215 2760 1263 et
2829 1207 3029 1261 calceis
3082 1215 3136 1260 et
3182 1207 3418 1261 vestibus
3475 1222 3676 1260 exuere

2107 1309 2342 1369 oportet,
2367 1310 2423 1355 et
2450 1303 2516 1354 ad
2545 1300 2890 1356 Occidentem
2927 1298 3273 1367 usuieieutes,
3333 1311 3523 1352 manus
3554 1308 3676 1352 ten-

2107 1394 2235 1448 dere
2294 1402 2349 1448 et
2398 1392 2694 1447 insuﬁlare.
2748 1391 2872 1446 llaec
2926 1390 3072 1444 enim
3138 1400 3190 1443 et
3243 1390 3344 1444 aiia
3405 1390 3679 1459 ejusmodi

2109 1487 2314 1540 nullum
2362 1486 2581 1555 quidem
2633 1500 2786 1540 usum
2814 1486 2880 1538 ad
2939 1493 3336 1540 sacramentum
3396 1483 3675 1544 inducunt,

2109 1580 2200 1634 sed
2237 1580 2434 1635 docent
2463 1594 2587 1635 eum
2638 1578 2727 1648 qui
2777 1577 3047 1641 initiatur,
3113 1577 3294 1631 odium
3348 1585 3402 1630 et
3445 1574 3680 1628 inimici-

2110 1671 2234 1731 tias.
2264 1683 2399 1738 quas
2427 1669 2686 1724 adversus
2722 1669 3017 1739 malignum
3049 1683 3239 1740 gerere
3289 1682 3516 1721 necesse
3567 1676 3673 1727 est,

451 1755 709 1823 κονομίας
736 1756 917 1810 είκόνα
944 1759 1100 1826 φέρει
1131 1773 1147 1790 ⁸
1173 1759 1269 1811 καὶ
1301 1759 1517 1827 πρῶτον
1540 1759 1634 1822 τὰς
1664 1759 2005 1829 ψαλμῳδίας.

2124 1769 2169 1815 et
2204 1760 2475 1829 quomodo
2508 1768 2724 1828 oportet
2753 1761 3042 1837 malignum
3112 1759 3348 1813 aversari
3408 1773 3529 1813 eum
3584 1758 3676 1826 qni

451 1858 605 1900 verus
632 1845 971 1905 Christianus
998 1848 1210 1905 futurus
1234 1860 1339 1905 est.
1398 1849 1494 1905 His
1527 1850 1598 1904 ita
1653 1867 1711 1906 se
1762 1854 2101 1917 habentibus,
2167 1850 2591 1923 contemplemur
2636 1854 2911 1921 sigillatim
2963 1853 3269 1907 universum
3329 1849 3677 1913 sacriﬁcium,

448 1949 713 2011 quatenus
798 1941 1106 1997 Scrvatoris
1168 1942 1556 1997 incarnationis
1604 1944 1706 1997 fert
1786 1944 2095 2013 imaginem.
2132 1945 2197 2000 Et
2230 1946 2457 2014 primum
2496 1944 2839 2014 psalmodias.

1031 2033 1285 2087 ΚΕΦΑΛ.
1323 2031 1424 2088 1Ζ’.

636 2126 963 2192 Ἑξήγησις
1014 2124 1131 2177 τῶν
1166 2123 1414 2192 πρώτων
1464 2126 1835 2194 ἀντιφώνων.

529 2220 594 2270 Ἠ
622 2218 719 2287 μὲν
744 2216 837 2269 οὖν
869 2215 1059 2286 πρώτη
1093 2216 1376 2287 προτροπή
1405 2218 1551 2271 ἐστιν
1583 2220 1661 2280 εἰς
1704 2217 2013 2287 δοξολογίαν

452 2309 779 2380 ἀρχομένοις
821 2309 1140 2379 πρέπουσα⁸
1179 2328 1198 2361 ι
1252 2307 1502 2377 Ἀγαθὸν,
1545 2311 1699 2379 φησὶ,
1732 2311 1793 2363 τὸ
1827 2310 2018 2379 ἐξομο-

453 2401 729 2469 λογεῖσθαι
763 2399 841 2471 τῷ
878 2400 1066 2473 Κυρίῳ
1091 2416 1103 2430 ⁸
1138 2419 1156 2452 ι
1197 2403 1223 2454 ὁ
1253 2400 1426 2470 ὕμνος
1459 2401 1594 2471 πρὸς
1641 2402 1732 2455 τὸν
1762 2401 1897 2454 Θεὸν
1923 2401 2017 2454 καὶ

458 2490 698 2561 Πατέρα,
738 2490 833 2543 καὶ
878 2492 1008 2560 περὶ
1037 2489 1134 2542 τοῦ
1184 2488 1522 2554 Μονογενοῦς
1555 2505 1572 2522 ⁸
1608 2509 1627 2541 ι
1679 2489 1910 2559 Ἀγαθὸν
1957 2490 2018 2542 τὸ

456 2581 901 2650 ἐξομολογεῖσθαι
930 2581 1006 2649 τῷ
1033 2581 1248 2651 Κυρίῳ,
1288 2582 1382 2633 καὶ
1424 2580 1648 2650 ψάλλειν
1677 2581 1756 2651 τῷ
1798 2581 2018 2650 ὀνόματί

463 2689 580 2736 σου,
603 2671 839 2739 ’Ὕψιστε
863 2685 876 2700 ⁸
908 2690 926 2722 ι
961 2670 1225 2739 ’Ὕψιστον
1242 2671 1459 2740 Πατέρα
1480 2671 1671 2739 λέγων,
1697 2670 1898 2740 Κύριον
1928 2671 2018 2723 τὸν

463 2762 745 2832 Μονογενῆ
771 2777 786 2791 ⁸
810 2753 1016 2829 ἀγαθὸν
1041 2763 1130 2816 τὸν
1165 2762 1293 2815 Υίὸν
1326 2763 1538 2833 ὑμνεῖν,
1574 2763 1665 2816 καί
1701 2780 1759 2817 σε
1787 2762 1876 2817 τὸν
1906 2764 2017 2817 Πα-

465 2851 616 2921 τέρα.
652 2852 761 2907 Καὶ
807 2854 861 2906 τί
899 2852 1147 2922 βούλεται
1201 2852 1415 2919 ταῦτα;
1460 2855 1603 2924 Πρὸς
1646 2854 1713 2909 τὰ
1760 2854 1884 2924 ἑξῆς
1923 2855 2019 2909 τοῦ

466 2938 621 3005 λόγου
685 2940 1123 3009 προοιμιάζεται.
1181 2940 1380 2995 Μέλλει
1435 2942 1542 3012 γὰρ
1600 2944 1777 2996 κοινὸν
1838 2944 2020 3008 αὐτοῖς

469 3029 733 3083 ποιεῖσθαι
791 3032 881 3085 τὸν
930 3031 1118 3102 ὕμνον.
1164 3034 1300 3090 Τίνα
1350 3030 1586 3106 τρόπονς
1624 3037 1706 3091 Τά
1745 3036 1840 3092 τοῦ
1892 3039 2019 3092 Υίοῦ

464 3119 667 3190 βοήσει,
694 3122 761 3175 δι’
784 3116 859 3178 ὧν
879 3130 974 3180 καὶ
994 3127 1020 3176 ὁ
1040 3125 1227 3197 Πατὴρ
1248 3126 1531 3196 ἐδοξάσθη.
1549 3126 1646 3191 Τίς
1670 3129 1776 3199 γάρ
1799 3129 2022 3201 ἀφορμὴ

461 3211 559 3279 τῆς
592 3211 913 3281 ὑμνήσεως
961 3213 1020 3267 Ἥ
1057 3212 1151 3267 τοῦ
1192 3214 1324 3267 Υίοῦ
1367 3215 1594 3278 κένωσις
1626 3217 1720 3270 καὶ
1751 3218 2018 3287 πτωχεία,

2708 2037 2859 2094 CAP.
2886 2035 3048 2092 XVII.

2430 2132 2802 2200 Interpretatio
2827 2140 3010 2198 prima!
3043 2130 3361 2196 antipltomt’.

2185 2223 2360 2276 Prima
2395 2235 2524 2288 ergo
2588 2229 2672 2274 est
2742 2220 3049 2273 adhortatio
3100 2222 3164 2273 ad
3209 2219 3681 2287 gloriﬁcationctu,

2119 2312 2501 2379 incipientibus
2538 2310 2903 2365 conveniens:
2943 2328 2961 2361 ι
2992 2308 3219 2375 Bonum,
3272 2311 3464 2379 inquit,
3521 2315 3687 2367 coali-

2118 2406 2216 2459 teri
2251 2403 2496 2459 Dotnino.
2535 2421 2554 2454 ι
2585 2403 2830 2473 Hymnus
2861 2405 2925 2457 ad
2951 2400 3118 2456 Deum
3149 2411 3204 2455 et
3233 2400 3471 2469 Patrem,
3517 2415 3571 2458 et
3625 2407 3689 2457 de

2120 2495 2438 2567 Unigenito:
2474 2495 2708 2549 «Bonum
2727 2505 2807 2550 est
2843 2495 3087 2550 conﬁteri
3122 2496 3371 2563 Domino,
3406 2507 3459 2552 et
3486 2514 3682 2553 canere

2117 2589 2326 2643 nomini
2354 2598 2464 2655 tuo,
2492 2588 2800 2643 Altissime:
2828 2588 3198 2643 iAltissimum
3232 2589 3441 2643 Patrem
3480 2590 3683 2653 dicens,

2118 2675 2405 2730 Dominum
2436 2675 2823 2746 Unigeuitum;
2866 2677 3066 2730 bonum
3102 2677 3319 2731 laudare
3397 2676 3589 2730 Fitium
3635 2687 3689 2730 et

2119 2771 2354 2827 Patrem.
2399 2772 2463 2826 Et
2489 2772 2618 2842 quid
2644 2774 2755 2827 haec
2773 2771 2873 2825 sibi
2912 2772 3138 2825 volunt?
3167 2771 3245 2824 Ad
3281 2788 3341 2823 ea
3388 2787 3506 2838 qttze
3559 2788 3640 2826 snt
3668 2779 3689 2825 ί

2119 2863 2373 2932 deinceps
2395 2863 2618 2917 dicenda
2647 2861 2930 2917 exordium
2986 2861 3159 2914 ducit.
3219 2860 3310 2914 Est
3355 2860 3496 2913 enim
3525 2860 3689 2913 utris-

2121 2970 2226 3024 que
2304 2968 2644 3009 communem
2702 2954 2957 3024 hymnum
3013 2950 3305 3005 dicturus.‘
3360 2948 3702 3015 Quomodo?“

2121 3046 2381 3102 Clamabit
2401 3060 2461 3100 ea
2487 3059 2607 3114 quae
2644 3053 2771 3099 sunt
2793 3042 2936 3107 Filii,
2977 3057 3071 3112 per
3106 3057 3226 3112 qua:
3278 3041 3440 3095 Pater
3473 3057 3695 3111 quoque

2123 3136 2451 3208 gioriﬁcatus
2480 3146 2583 3190 est.
2619 3134 2871 3199 QII-mnam
2891 3142 2972 3187 est
3001 3134 3142 3187 enim
3184 3132 3508 3187 laudationis
3529 3149 3685 3188 erea-

2126 3230 2249 3285 sio?
2278 3227 2397 3283 Filii
2451 3224 2746 3281 exinanitio
2788 3232 2843 3278 et
2893 3232 3201 3293 paupertas,
3243 3223 3295 3277 in
3332 3238 3493 3275 carne
3525 3239 3691 3292 Opt'l'i}

461 3302 532 3355 τά
559 3302 645 3357 διὰ
670 3305 767 3372 τῆς
801 3306 1000 3374 σαρκὸς
1032 3307 1166 3375 ἔργα
1197 3308 1295 3359 καὶ
1319 3308 1469 3377 πάθη
1490 3322 1504 3336 ⁸
1537 3307 1709 3361 ταῦτα
1743 3309 1851 3378 γὰρ
1876 3310 2021 3373 ἔλεος

2125 3331 2179 3375 et
2209 3321 2520 3391 passiones;
2552 3332 2616 3372 ea
2641 3315 2783 3370 enim
2816 3324 2967 3370 vocat
3017 3315 3439 3368 misericordiam
3496 3324 3549 3367 et
3596 3329 3688 3365 ve-

464 3394 563 3449 καὶ⁵
618 3394 864 3465 ἀλήθεια.
905 3395 1093 3458 Ἔλεος
1144 3396 1265 3465 μὲν,
1315 3398 1398 3451 ὅτι
1450 3398 1667 3453 πάντων
1717 3399 2025 3454 ἀθλιώτατα

463 3484 869 3555 διακειμένους,
918 3488 1014 3540 καὶ
1070 3488 1297 3559 ἐχθροὺς
1346 3489 1526 3557 ὄντας,
1582 3494 1675 3547 καὶ
1733 3493 2025 3564 πολεμίους

466 3577 636 3647 αὐτῷ,
667 3577 757 3630 διὰ
808 3578 1007 3648 πολλὴν
1038 3583 1404 3652 χρηατότητα,
1447 3586 1539 3636 καὶ
1597 3585 2023 3655 φιλανθρωπίαν,

465 3669 526 3719 οὐ
557 3669 815 3737 περιεῖδε,
854 3672 945 3723 καὶ
968 3670 1030 3725 οὐ
1069 3674 1375 3746 σ·)νήλγησε
1410 3676 1572 3746 μόνον
1604 3677 1706 3746 τῆς
1739 3679 2026 3748 συμφορᾶς

464 3769 620 3836 ἡμῖν,
661 3767 798 3820 ἀλλὰ
824 3768 917 3823 καὶ
952 3769 1131 3822 αὐτῶν
1163 3772 1490 3842 ἐκοινώνησε
1515 3772 1624 3835 τῶν
1651 3774 1861 3838 κακῶν,
1896 3777 2022 3841 φ’ῗο·

471 3865 569 3933 ρᾶς
616 3862 727 3920 7.11.
749 3863 1000 3932 θανάτου,
1034 3864 1127 3917 καὶ
1163 3865 1285 3918 οὐδὲ
1331 3866 1594 3934 ἀνέστησε
1626 3867 1784 3936 μόνον
1821 3868 2028 3920 ἐκείνου

468 3956 562 4009 τοῦ
606 3957 843 4026 χαλεποῦ
894 3955 1212 4024 πτώματος,
1253 3955 1390 4009 ἀλλά
1440 3956 1537 4011 καὶ
1592 3956 1890 4026 βασιλείας,
1937 3959 2031 4009 καὶ

470 4044 578 4096 τῶν
615 4046 886 4114 μεγίστων
914 4044 1145 4114 ἠξίωσεν
1172 4045 1414 4112 ἀγαθῶν.
1434 4045 1533 4098 Διά
1565 4045 1726 4099 τοῦτο
1751 4048 1845 4099 καὶ
1889 4047 2035 4099 Παῦ-

470 4135 560 4197 λος
582 4153 595 4165 ⁸
634 4155 651 4187 ι
700 4137 850 4200 Ὅτε,
889 4137 1052 4205 φησὶν
1079 4138 1111 4207 η
1135 4137 1441 4207 χρηστότης
1473 4137 1568 4190 καὶ
1594 4138 1624 4207 η
1658 4136 2033 4207 φιλανθρωπία

471 4226 720 4297 ἐπεφάνη
755 4226 848 4280 τοῦ
880 4227 1133 4298 Σωτῆρος
1161 4228 1322 4298 ἡμῶν
1355 4228 1514 4293 Θεοῦ,
1555 4248 1574 4281 ι
1611 4228 1687 4292 ὡς
1727 4228 2035 4300 τηνικαῦτα

472 4317 691 4384 πρῶτον
724 4316 1133 4387 φανερωθείσης
1160 4319 1259 4388 ὅτη
1306 4319 1387 4381 τίς
1417 4323 1554 4374 ὲστι.
1587 4320 1698 4373 Καὶ
1730 4320 1757 4373 ὁ
1787 4321 1988 4389 Κύριος
2015 4336 2030 4352 ⁸

480 4427 499 4457 ε
522 4409 705 4470 Οὕτως
737 4409 1025 4478 ἠγάπησεν
1051 4410 1078 4462 ὁ
1107 4409 1233 4472 Θεὸς
1255 4411 1347 4461 τὸν
1366 4409 1570 4479 κόσμον
1588 4426 1634 4462 ⁸»
1668 4409 1766 4480 τὴν
1803 4410 2036 4481 ὑπερδο-

473 4501 571 4570 λὴν
603 4501 700 4569 τῆς
729 4501 945 4570 ἀγάπης
971 4501 1246 4569 ὲκφαίνων
1275 4501 1353 4571 τῷ
1384 4503 1591 4570 ῥήματι
1617 4501 1811 4572 τούτῳ.
1846 4503 2034 4567 Ἔλεος

2127 3411 2363 3467 ritatem.
2395 3407 2823 3465 Misericordiam
2854 3405 3094 3475 quidem,
3129 3406 3268 3471 quod
3315 3406 3551 3456 omnium
3585 3405 3689 3457 mi-

2127 3506 2350 3561 serrime
2382 3502 2623 3564 affectos,
2660 3515 2781 3555 cum
2813 3500 2931 3569 ejus
2980 3512 3225 3552 essemus
3256 3496 3459 3549 inimici
3498 3504 3548 3549 et
3586 3498 3686 3549 bo—

2127 3607 2260 3655 Stes.
2294 3604 2514 3666 propter
2545 3592 2763 3646 multam
2796 3605 2944 3646 suam
2969 3590 3345 3659 benignitati-tn
3376 3599 3427 3657 et
3457 3590 3691 3643 clemen-

2131 3689 2259 3743 tiam
2303 3703 2405 3741 non
2443 3685 2719 3756 despexit:
2746 3693 2933 3739 etnon
2975 3684 3145 3738 solum
3180 3693 3375 3737 nostra:
3414 3683 3687 3737 calamita-

2132 3780 2199 3834 tis
2229 3779 2476 3833 misertus
2515 3786 2616 3842 est,
2643 3776 2736 3829 sed
2802 3776 3036 3844 ipsorum
3065 3774 3225 3828 etiam
3281 3775 3539 3826 malorum
3590 3772 3689 3825 fuit

2130 3872 2307 3927 socius
2337 3878 2391 3923 et
2416 3868 2708 3937 particeps,
2748 3865 2997 3919 interitus
3027 3874 3081 3918 et
3139 3865 3359 3927 mortis;
3392 3875 3443 3917 et
3472 3880 3574 3917 non
3598 3878 3691 3917 sn-

2134 3961 2240 4013 lum
2264 3973 2361 4011 nos
2393 3959 2567 4011 erexit
2619 3970 2646 4006 τι
2678 3954 2827 4024 gravi
2852 3954 2944 4007 illo
2984 3968 3136 4016 casu,
3171 3954 3263 4005 sed
3321 3965 3483 4019 regno
3529 3952 3690 4003 etiam

2133 4061 2187 4104 et
2220 4047 2467 4101 maximis
2514 4046 2670 4099 bonis
2717 4044 2967 4111 dignatus
3018 4050 3119 4095 est.
3182 4041 3440 4106 Quocirca
3499 4040 3694 4093 Paulus

2133 4154 2365 4211 quoque.
2401 4136 2691 4205 «Quando,
2727 4134 2921 4205 inquit,
2987 4133 3289 4202 benignitas
3332 4142 3386 4187 et
3443 4135 3695 4188 Immani-

2136 4245 2217 4290 tas
2250 4230 2498 4301 apparuit
2554 4226 2855 4283 Servatoris
2902 4226 3065 4278 nostri
3100 4224 3214 4290 Dei,
3251 4243 3269 4276 ι
3306 4233 3362 4279 ιιι
3418 4240 3538 4295 qum
3572 4236 3696 4281 tunc

2135 4325 2366 4394 primum
2397 4330 2613 4376 ostensa
2665 4328 2720 4372 et
2752 4317 3092 4371 manifestata
3125 4326 3207 4370 est
3258 4329 3455 4384 quanta
3481 4319 3571 4372 sit.
3633 4318 3696 4373 Et

2136 4414 2429 4470 Dominus:
2452 4430 2471 4459 ι
2502 4410 2593 4465 Sic
2613 4409 2752 4463 Deus
2767 4408 2954 4462 dilexit
2979 4407 3259 4470 mundum,
3288 4426 3306 4459 ι
3329 4407 3592 4477 insignem
3620 4410 3695 4463 di-

2137 4507 2421 4561 lectionem
2458 4505 2558 4556 boe
2580 4500 2745 4555 verbo
2777 4500 3087 4555 ostendens.
3121 4496 3539 4553 Misericordiazn
3565 4514 3695 4568 ergo

476 4591 579 4661 μὲν
608 4590 812 4642 τούτων
841 4590 1027 4655 ἓνεκα,
1059 4590 1159 4660 τὴν
1200 4591 1514 4658 οἰκονομίαν
1548 4589 1706 4643 καλεῖ
1726 4606 1740 4621 ⁸
1771 4590 2023 4662 ἀλήθειαν

2140 4599 2223 4652 bis
2254 4597 2320 4651 de
2342 4593 2523 4649 causis
2545 4600 2699 4649 vocat
2763 4601 3025 4656 suscepta:
3079 4591 3257 4643 carnis
3312 4588 3692 4650 ωοοιιοηιίιιιιι.

474 4683 533 4735 δὲ
564 4683 645 4735 ὅτι
686 4682 934 4751 καθάπερ
964 4683 1114 4735 σκιαὶ
1150 4681 1245 4735 καὶ
1269 4681 1432 4735 τύποι
1472 4681 1609 4752 πρὸς
1640 4682 1811 4752 αὐτὴν
1834 4683 1900 4737 τὰ
1927 4701 2032 4738 πα-

477 4773 606 4826 λαιά
633 4775 807 4827 πάντα
837 4772 1042 4842 ἑώρων.
1075 4772 1172 4826 Διά
1205 4773 1365 4827 τοῦτο
1394 4775 1521 4845 περὶ
1566 4774 1735 4844 αὐτῆς
1761 4777 1789 4828 ὁ
1818 4777 2032 4846 προφή-

475 4882 576 4931 της
602 4864 794 4931 λέγων,
825 4884 843 4916 ι
887 4864 1092 4934 Ὤμοσε
1124 4864 1348 4935 Κύριος,
1403 4864 1558 4934 φησὶ,
1596 4864 1674 4934 τῷ
1706 4865 1869 4918 Δασὶδ
1904 4866 2032 4936 ὄιλὴ-

378 5014 399 5029 ,
476 4954 645 5011 θείαν.
678 4972 701 5009 1
729 4954 862 5010 Τίνα
879 4953 935 5007 δὲ
967 4956 1036 5008 τὰ
1055 4954 1477 5024 ώμωμοσμένα;
1517 4955 1578 5008 'll
1598 4955 1690 5008 τοῦ
1718 4957 1922 5025 Κυρίου
1946 4957 2034 5010 διὰ

477 5047 679 5116 σαρκὸς
710 5046 993 5116 ἐπιδημία,
1020 5046 1111 5100 καὶ
1134 5046 1397 5101 πολιτεία.
1432 5064 1452 5098 ι
1492 5045 1587 5099 Ἐκ
1605 5047 1845 5119 καρποῦ,
1876 5049 2031 5117 φησὶ,

476 5137 583 5205 τῆς
610 5134 822 5197 κοιλίας
866 5151 959 5188 σου
992 5134 1231 5204 θήσομαι
1258 5137 1348 5188 ἐπὶ
1384 5134 1481 5188 τοῦ
1507 5135 1699 5204 θρόνου
1729 5153 1846 5199 σου,
1888 5154 1907 5187 ι
1944 5125 2042 5190 αὑ-

476 5228 570 5280 τὸν
595 5224 772 5291 δηλῶν
802 5226 896 5278 τὸν
939 5224 1190 5295 Σωτῆρα.
1238 5226 1347 5280 Καὶ
1385 5225 1548 5279 πόθεν
1592 5225 1790 5296 δῆλονς
1837 5227 1894 5280 '0
1929 5227 2035 5279 Γα-

476 5318 643 5389 ϐριὴλ
671 5317 912 5384 ἐδίδαξεν
936 5319 997 5370 ὲν
1024 5311 1106 5379 οἷς
1138 5317 1230 5370 τὸν
1263 5316 1577 5388 ἀπόρρητον
1611 5320 1772 5371 τόκον
1796 5321 1861 5387 τῇ
1891 5318 2041 5388 Παρ-

476 5403 619 5479 θένῳ
659 5406 903 5477 μηνύων,
951 5407 1044 5459 καὶ⁸
1089 5408 1181 5459 τὸν
1226 5406 1624 5476 τεχθησόμενον
1655 5408 1842 5478 ἡλίκος
1888 5408 2042 5461 ἔσται

475 5500 769 5560 διδάσκων,
818 5516 838 5549 ι
876 5496 1048 5549 Δώσει
1083 5495 1254 5567 αὐτῷ,
1284 5498 1440 5566 φησὶ,
1484 5499 1687 5567 Κύριος
1721 5501 1750 5551 ό
1789 5496 1921 5563 Θεὸς
1952 5500 2041 5552 τὸν

478 5592 672 5661 θρόνον
699 5588 865 5642 Δαὸὶδ
886 5588 982 5641 τοῦ
1024 5588 1231 5659 πατρὸς
1268 5587 1458 5651 αὑτοῦ,
1488 5590 1582 5642 καὶ
1615 5587 1924 5658 βασιλεύσει
1950 5590 2043 5641 ἐπὶ

477 5685 575 5735 τὸν
614 5677 762 5733 οἷκον
797 5678 989 5733 Ἰακὼϐ
1015 5680 1095 5742 εἰς
1117 5679 1245 5741 τοὺς
1271 5678 1501 5744 αἰῶνας,
1525 5680 1617 5731 καὶ
1641 5680 1742 5748 τῆς
1765 5679 2043 5749 βασιλείας

486 5770 658 5827 αὐτοῦ
687 5770 783 5823 οὐκ
815 5771 969 5825 ἔσται
996 5771 1170 5834 τέλος.
1218 5790 1237 5823 ι
1287 5768 1426 5823 Ἀλλ’
1459 5769 1598 5841 αὑτὴ
1639 5771 1669 5841 ἡ
1698 5770 1923 5841 ἀλήθεια
1956 5769 2048 5823 καὶ

2139 4687 2431 4742 Veritatem
2457 4693 2660 4746 autem,
2688 4681 2810 4750 quia
2843 4680 2987 4735 velut
3017 4680 3221 4733 umbrae
3254 4686 3308 4731 et
3375 4678 3555 4747 ﬁgurae
3609 4694 3699 4732 ve-

2142 4787 2253 4832 tera
2279 4774 2454 4831 omnia
2480 4774 2545 4828 ad
2576 4787 2694 4827 eam
2756 4770 3134 4839 respiciebant.
3171 4767 3458 4835 Propterea
3513 4768 3579 4822 de
3631 4782 3694 4822 ea

2141 4868 2366 4934 loquens
2396 4864 2652 4934 pr0pltcta
2680 4882 2692 4912 :
2730 4880 2748 4912 ‹
2783 4860 3011 4921 Juravit,
3031 4857 3222 4926 inquit,
3253 4855 3507 4911 Dominus
3528 4855 3695 4910 David

2138 4957 2437 5012 veritatem.
2454 4974 2472 5007 ι
2503 4954 2630 5020 Quae
2649 4960 2776 5008 sunt
2797 4952 2938 5006 enim
2963 4965 3081 5018 qua:
3098 4950 3279 5018 jurata
3299 4950 3459 5003 sunt?
3489 4947 3696 5003 Domini

2142 5063 2236 5116 per
2264 5060 2482 5101 carnem
2536 5042 2911 5112 peregrinatio,
2972 5050 3025 5093 et
3048 5049 3189 5094 ret-ta
3244 5041 3363 5094 vite
3407 5044 3697 5103 tustttutio.

2153 5138 2261 5192 «De
2292 5136 2488 5200 fructu,
2519 5135 2711 5203 inquit,
2744 5130 2947 5185 ventris
3004 5131 3076 5185 tui
3107 5146 3298 5199 ponam
3328 5148 3490 5203 super
3514 5139 3694 5191 sedem

2140 5236 2342 5289 tuam,»
2378 5228 2550 5297 ipsum
2580 5222 2920 5279 Servatorem
2978 5221 3264 5291 signiﬁcat.
3319 5223 3384 5278 Et
3429 5227 3694 5279 uudeuam
3779 5289 3802 5302 .

2140 5321 2243 5375 hoc
2272 5320 2399 5376 sciri
2423 5316 2640 5388 potest?
2665 5313 2882 5370 Gabriel
2910 5314 3087 5368 docuit
3139 5314 3191 5368 in
3212 5315 3278 5369 iis
3304 5315 3357 5369 in
3386 5312 3580 5383 quibus
3605 5330 3697 5369 ar-

2141 5426 2333 5468 canum
2357 5418 2567 5479 partum
2591 5405 2925 5476 signiﬁcans,
2968 5414 3022 5459 et
3044 5416 3275 5474 quantus
3307 5405 3489 5471 sitqui
3523 5407 3700 5458 nasci-

2150 5513 2301 5556 turus
2329 5508 2413 5553 est
2440 5498 2662 5562 docens,
2695 5497 2881 5549 «Dabit
2930 5495 3001 5555 ei,
3024 5496 3218 5564 ittquit,
3275 5494 3528 5546 Dominus
3560 5494 3702 5550 Deus

2149 5595 2327 5647 sedem
2360 5588 2521 5643 David
2551 5587 2717 5651 patris
2758 5585 2862 5651 sui,
2901 5595 2954 5638 et
2998 5584 3239 5652 regnabit
3296 5596 3454 5648 super
3481 5581 3699 5639 domum

2150 5679 2314 5734 Iacob
2338 5678 2389 5730 in
2429 5676 2645 5738 smcula,
2675 5684 2728 5729 et
2759 5674 2906 5741 regni
2942 5673 3056 5740 ejus
3085 5684 3187 5723 non
3241 5667 3345 5721 crit
3380 5668 3522 5724 ﬁnis.
3564 5671 3723 5727 )Stzd.

2135 5781 2247 5839 ipsa
2278 5765 2478 5822 veritas
2500 5774 2581 5820 est
2638 5773 2690 5817 et
2754 5761 3008 5825 iudicium
3065 5766 3117 5810 et
3156 5755 3384 5824 justitia.
3450 5760 3697 5825 Quonam
