4132 6308
289 414 397 476 409

1483 376 1890 482 LITURGIzE
1921 421 2361 487 EXPOSthO.

3447 431 3552 493 410

290 526 490 595 λέγων.
522 527 760 599 Ἔστησε
794 530 857 599 τῇ
891 530 1063 602 πλάνῃ
1094 531 1518 601 κλονουμένους,
1546 535 1726 604 ἑαυτῷ
1744 552 1870 589 συν-

1982 547 2309 591 mamentum
2347 536 2505 592 ﬁdem
2534 536 2741 594 dicens.
2771 537 2929 595 Stare
2955 538 3087 596 fecit
3110 553 3208 596 eos
3236 541 3327 610 qui
3360 556 3553 597 errore

292 619 458 688 έδησε
476 635 492 650 ο
522 620 762 682 τοιοῦτος
797 624 904 690 γὰρ
938 623 967 674 6
990 620 1364 693 πλανώμενος⁹
1394 623 1632 694 οὐδαμοῦ
1654 624 1879 679 δύναται

298 712 519 782 στῆναι.
568 712 629 765 '0
659 712 716 766 δὲ
742 713 967 782 Κύριος,
1007 733 1027 766 «
1083 718 1468 785 πορευθέντες,
1507 718 1663 788 φησὶ,
1699 719 1878 787 μαθη-

299 804 535 858 τεύσατε
565 805 735 859 πάντα
768 807 838 859 τὰ
881 807 1036 875 ἔθνη,
1069 808 1428 877 βαπτίζοντες
1460 809 1661 872 αὐτοὺς
1706 812 1785 873 είς
1817 810 1878 864 τὸ

299 896 469 966 ὄνομα
523 897 614 950 τοῦ
663 900 879 968 [ἰατρὸς
927 904 1026 956 καὶ
1080 900 1174 954 τοῦ
1216 902 1373 963 Υίοῦ.
1427 903 1519 956 καὶ
1575 903 1672 955 τοῦ
1713 903 1874 971 ἁγίου

303 988 654 1057 ΠνιιιΞματος⁸
693 1009 712 1042 ι
748 994 888 1063 ὅπερ
942 993 1094 1046 ἐστὶν
1146 996 1179 1064 ἡ
1235 993 1560 1047 διδασκαλία
1612 997 1711 1064 τῆς
1778 996 1875 1049 πί-

301 1095 489 1143 στεως.
546 1081 689 1135 Ἀλλ’
720 1083 822 1137 οὐκ
869 1084 1038 1154 ἀρκεῖ
1072 1084 1233 1145 τοῦτο
1258 1084 1394 1153 πρὸς
1437 1085 1536 1157 τὴν
1572 1085 1873 1155 βασιλείαν,

294 1172 326 1239 ή
361 1170 543 1233 πίστις
569 1188 583 1203 ο
637 1172 759 1226 οὐδὲ
791 1173 1120 1241 ὑποτάγειεν
1152 1174 1218 1228 ἂν
1258 1177 1477 1238 τελείως
1501 1178 1570 1231 τὰ
1617 1176 1746 1244 ἔθνη
1781 1176 1874 1230 τδν

293 1258 495 1327 τρόπον
523 1258 717 1315 τοῦτον
752 1299 771 1318 .
807 1261 909 1317 Διὰ
932 1262 1091 1317 τοῦτο
1122 1265 1219 1317 καὶ
1246 1265 1345 1335 τὴν
1377 1266 1627 1336 φυλακὴν
1657 1266 1767 1318 τῶν
1789 1269 1876 1318 ἑν-

292 1349 467 1403 τολῶν
528 1351 851 1420 προσθεῖναι
898 1352 1132 1422 δεῆσαν,
1165 1357 1194 1409 6
1243 1357 1344 1424 μὲν
1381 1358 1692 1428 προφήτης,
1734 1376 1754 1411 ι
1791 1359 1874 1412 Τὰ

296 1440 581 1510 μαρτύριά
614 1460 734 1508 σου,
769 1446 1372 1518 φησὶν,’ὲπιστὼθησαν
1404 1448 1611 1518 σφόδρα
1643 1466 1655 1480 ·
1698 1468 1719 1501 ›
1756 1451 1784 1503 6
1812 1450 1872 1504 δὲ

296 1529 502 1600 Κύριος
528 1531 603 1601 τῷ
632 1534 760 1603 περὶ
786 1534 879 1586 τοῦ
916 1533 1287 1604 βαπτίσματος
1309 1535 1470 1605 λόχῳ,
1501 1536 1613 1589 τῶν
1642 1536 1873 1591 ἐντολῶν

1982 628 2494 690 commovebantur,
2524 638 2577 682 et
2607 628 2711 684 sibi
2739 630 3042 701 colligavit.
3093 629 3242 688 Talis
3285 642 3371 689 est
3407 636 3563 689 enim

1980 719 2075 786 qui
2127 728 2277 774 errat
2307 735 2322 773 :
2349 719 2576 774 minime
2606 730 2755 775 stare
2800 731 3002 791 petest.
3044 722 3308 779 Dominus
3341 734 3557 790 autem,

1986 829 2005 863 «
2041 811 2271 876 Euntes,
2306 811 2502 880 inquit,
2536 811 2732 868 docete
2766 826 2959 868 omnes
2979 824 3190 882 gentes,
3211 816 3561 885 baptizantes

1977 902 2127 971 ipsos
2159 902 2212 957 in
2254 903 2473 958 nomine
2496 902 2677 957 Patris
2697 914 2752 958 et
2785 902 2906 958 Filii
2934 905 3247 975 etSpiritus
3277 908 3451 964 sancti
3480 922 3497 973 ;
3529 927 3551 961 ι

1977 995 2122 1063 quod
2184 1002 2269 1051 est
2317 994 2562 1049 doctrina
2601 995 2747 1051 tidei.
2782 995 2887 1050 Sed
2941 1012 3047 1052 non
3099 996 3301 1053 suﬂieit
3338 1001 3441 1055 hor.
3479 1001 3548 1057 ad

1976 1102 2227 1155 regnum,
2287 1084 2461 1153 fides;
2519 1101 2698 1155 neque
2760 1084 3004 1156 perfecte
3051 1088 3312 1157 subjecta:
3348 1090 3557 1146 fuerint

1976 1188 2168 1250 gentes
2200 1179 2304 1235 hoc
2338 1179 2522 1234 modo.
2574 1177 2874 1249 Propterea
2917 1193 3040 1235 cum
3071 1194 3138 1236 eo
3188 1182 3353 1236 etiam
3407 1199 3558 1237 tuan-

1976 1272 2229 1327 datorum
2278 1271 2717 1327 observationem
2772 1281 3051 1341 oporteret
3105 1273 3365 1342 adjicere.
3419 1273 3559 1329 Pro.

1975 1365 2136 1435 pheta
2191 1364 2434 1433 quidem,
2480 1363 2868 1426 «Testimonia,
2904 1364 3104 1434 inquit,
3140 1372 3229 1419 tua
3275 1366 3558 1421 credibilia

1973 1455 2115 1513 facta
2145 1469 2271 1512 sunt
2295 1457 2451 1511 valde
2481 1474 2498 1524 ;
2532 1475 2552 1509 ι
2582 1455 2844 1512 Dominus
2871 1463 3053 1512 autem
3082 1458 3131 1511 ei
3158 1456 3302 1525 quod
3335 1456 3401 1510 de
3426 1457 3559 1527 bap-

1975 1549 2135 1603 tismo
2167 1547 2326 1608 dixit,
2356 1546 2423 1602 de
2451 1546 2721 1601 mandatis
2750 1561 2967 1616 quoque
2989 1559 3297 1602 sermonem
3336 1546 3561 1617 adjecit,

294 1619 389 1672 τὸν
422 1621 585 1690 λόγον
613 1624 959 1694 προστίθησι,
990 1626 1185 1694 λέγων,
1226 1645 1246 1679 ι
1283 1627 1637 1694 Διδάσκοντες
1668 1630 1869 1696 αὐτοὺς

1982 1641 2157 1696 dicens
2190 1658 2205 1694 :
2243 1639 2544 1696 «Doeentes
2575 1654 2672 1696 eos
2700 1654 2926 1695 servare
2945 1654 3285 1708 quaecunque
3307 1642 3559 1695 mandavi

297 1714 489 1783 τηρεῖν
514 1716 690 1768 πάντα
719 1716 821 1769 ὅσα
857 1718 1213 1790 ἐνετειλάμην
1239 1720 1389 1790 ὑμῖν.
1429 1739 1449 1773 ι
1487 1722 1670 1793 "Amp
1700 1724 1809 1793 γὰρ
1838 1727 1869 1778 6

1982 1732 2149 1786 vobis.
2168 1750 2187 1784 ι
2215 1730 2345 1798 Quae
2366 1731 2506 1784 enim
2536 1719 2794 1784 Servator
2816 1732 3087 1795 mundata,
3109 1727 3376 1800 Propheta
3403 1741 3561 1786 vocnt

298 1801 492 1872 Σωτὴρ
547 1804 782 1873 ἐντολὰς,
826 1809 855 1861 6
901 1810 1197 1881 Προφήτης
1227 1811 1507 1884 μαρτύριά
1562 1832 1719 1886 φησι.
1756 1818 1867 1870 Καὶ

1982 1825 2314 1880 testimonia.
2349 1822 2414 1877 Et
2445 1823 2559 1877 haec
2589 1823 2792 1893 ubique
2836 1823 2890 1877 in
2958 1822 3244 1890 Scriptura
3294 1825 3555 1889 invenies,

295 1894 459 1948 τοῦτο
509 1899 785 1970 πανταχοῦ
834 1901 936 1970 τῆς
987 1904 1028 1955 Γ
1034 1904 1213 1973 ραφῆς
1261 1906 1543 1975 εὑρήσεις,
1591 1910 1873 1980 μαρτύρια

1982 1913 2294 1969 testimonia
2339 1912 2428 1966 Dei
2448 1912 2593 1981 leges
2615 1891 2937 1981 appellante.
2959 1912 3089 1967 Post
3115 1913 3254 1979 bare,
3279 1930 3300 1964 «
3331 1912 3558 1967 Domum

262 2002 269 2007 ·
297 1987 425 2050 τοὺς
455 1987 548 2041 τοῦ
583 1988 718 2043 Θεοῦ
752 1990 951 2060 νόμους
975 1996 1270 2063 καλούσης.
1305 1997 1460 2049 Μετὰ
1487 1997 1690 2051 ταῦτα·
1728 2017 1746 2051 t
1784 2000 1875 2069 Τῷ

1982 2015 2129 2060 tuam
2187 2006 2346 2060 decet
2397 2004 2750 2069 santitieatio,
2801 2005 3061 2069 Domine;
3117 2024 3135 2058 ι
3175 2005 3562 2061 sanctificatio-

299 2075 432 2147 οἴκῳ
457 2096 550 2131 σου
581 2081 783 2151 πρέπει
815 2082 1085 2152 ἅγίασμα,
1119 2083 1290 2152 Κύριε
1316 2101 1331 2117 ο
1370 2103 1390 2136 ι
1426 2086 1676 2154 ἀγίασμα
1702 2087 1879 2156 λέγων

1982 2111 2103 2151 nem
2128 2112 2328 2152 vocans
2358 2098 2649 2163 sacriﬁcia,
2704 2099 2873 2162 dona,
2930 2113 3150 2165 omnem
3209 2097 3417 2154 cultum
3462 2100 3558 2169 qui
3603 2090 3609 2097 ’

299 2168 401 2232 τὰς
440 2170 667 2232 θυσίας·
692 2172 765 2225 τὰ
810 2170 984 2242 δῶρα,
1023 2174 1209 2226 πᾶσαν
1237 2172 1491 2243 λατρείαν
1536 2175 1637 2245 τὴν
1670 2177 1882 2246 ὀφειλο-

304 2262 475 2332 μένην
502 2261 626 2331 Θεῷ
645 2278 661 2293 ο
702 2262 740 2317 ἃ
777 2262 1013 2332 πρέπειν
1062 2263 1142 2334 τῷ
1168 2264 1304 2334 οἴκῳ
1332 2266 1425 2318 τοῦ
1465 2266 1601 2320 Θεοῦ
1631 2268 1878 2335 φάσκων,

300 2351 546 2407 δείκυσιν
579 2353 642 2405 οὐ
689 2353 846 2409 κενὸν
876 2353 1006 2407 ὄντα
1041 2356 1134 2407 τὸν
1176 2352 1327 2409 οἷκον
1379 2357 1591 2423 τοῦτον,
1631 2359 1756 2413 οὐδὲ
1784 2359 1879 2414 τοῦ

301 2445 437 2499 Θεοῦ
464 2446 674 2517 ἔρημον
697 2463 714 2479 ο
746 2447 865 2501 ἀλλ’
894 2448 1059 2521 αὐτὸν
1083 2451 1142 2502 ὲν
1171 2449 1352 2519 ἑαυτῷ
1386 2450 1579 2521 ἔχοντα
1608 2453 1701 2505 τὸν
1733 2453 1880 2507 οἰκο-

302 2537 590 2606 δεσπότην.
625 2540 688 2592 Εἰ
735 2540 846 2610 γὰρ
877 2520 1034 2602 κένδς
1062 2535 1132 2610 ἦν
1164 2539 1259 2593 τοῦ
1288 2520 1446 2607 Θεοῦ,
1476 2542 1576 2596 οὐκ
1606 2543 1673 2596 ἂν
1715 2544 1880 2614 ἔπρε-

306 2646 409 2681 πεν
438 2629 591 2699 αὑτῷ
626 2630 696 2683 τὰ
725 2630 806 2700 τῷ
838 2631 957 2700 Θεῷ
1002 2630 1286 2698 πρέποντα
1318 2632 1465 2703 μόνῳ
1488 2648 1503 2663 ⁸
1540 2633 1700 2687 τοῦτο
1728 2637 1823 2689 καὶ
1851 2637 1880 2690 6

306 2718 515 2787 Κύριος
544 2720 658 2780 τοῖς
685 2720 1001 2789 εἰρημένοις
1049 2720 1423 2791 προσέθηκεν⁸
1467 2724 1879 2795 ἑπαγγειλάμε-

308 2825 400 2872 νος
428 2809 647 2864 ἔσεσθαι
680 2810 821 2880 μετὰ
861 2810 962 2880 τῆς
1003 2811 1332 2883 Ἐκκλησίας
1370 2813 1478 2870 ἀεί.
1521 2815 1641 2887 Τὴν
1668 2817 1724 2870 δὲ
1767 2818 1883 2872 Ἐκ·

310 2898 542 2969 κλησίαν
589 2897 737 2956 οἷκον
782 2901 921 2970 Θεοῦ
962 2902 1166 2967 ζῶντος
1196 2904 1225 2956 6
1272 2903 1484 2969 Παῦλος
1535 2906 1710 2963 καλεῖ.
1741 2908 1881 2979 Φησὶ

308 2992 440 3062 γὰρ,
480 3009 501 3044 «
548 2992 664 3048 Ἵνα
696 2993 859 3062 γνῷς
886 2994 1034 3058 ὅπως
1067 2995 1148 3051 δεῖ
1175 2997 1234 3048 ἐν
1271 2996 1406 3065 οἴκῳ
1430 2996 1567 3051 Θεοῦ
1618 3000 1883 3069 ἀναστρέ-

307 3083 505 3153 φεσθαι
529 3100 545 3117 ν
570 3086 692 3156 ἥτις
722 3086 871 3140 ἐστὶν
906 3085 1203 3157 Ἐκκλησία
1227 3088 1609 3152 Θεοῦζῶντοτ
1644 3109 1664 3144 ι
1701 3109 1721 3143 «
1743 3091 1877 3145 Ἰδοὺ

305 3177 418 3247 ἐγὼ
444 3177 564 3247 μεθ’
586 3178 742 3248 ὑμῶν
770 3181 909 3249 ειμι.
930 3198 951 3233 a
982 3179 1093 3233 Καὶ
1112 3181 1248 3251 ὅπερ
1265 3181 1498 3249 ἐκεῖνος,
1534 3181 1630 3246 Εἰς
1662 3184 1876 3254 μακρό-

303 3286 446 3340 τητα
471 3269 696 3339 ἡμερῶν
719 3287 740 3321 ι
775 3265 952 3336 εἶπεν,
976 3271 1005 3324 6
1023 3270 1226 3341 Κύριος
1259 3289 1280 3323 t
1314 3271 1504 3336 Πάσας
1518 3273 1618 3338 τὰς
1638 3274 1876 3345 ἡμέρας,

305 3363 494 3431 φησὶν,
515 3362 619 3426 ἕως
632 3362 732 3434 τῆς
744 3363 1056 3426 συντελείας
1075 3362 1169 3417 τοῦ
1187 3363 1408 3428 αἰῶνος.
1440 3383 1460 3419 ι
1482 3367 1594 3421 Καὶ
1611 3366 1752 3438 αῦτη
1780 3370 1881 3440 μὲν

307 3452 597 3525 ψαλμῳδία
615 3452 794 3516 οὕτως
812 3454 1048 3527 ἀκριϐὴς
1068 3456 1373 3526 προφητεία
1387 3457 1528 3523 ἐστὶ,
1551 3456 1660 3511 τῶν
1676 3457 1762 3513 διὰ
1780 3461 1876 3515 τοῦ

308 3545 549 3618 σταυροῦ
579 3546 783 3602 καὶτοῦ
802 3546 1034 3603 θανάτου
1057 3552 1141 3618 ’τῷ
1162 3548 1378 3619 Σωτῆρι
1401 3549 1875 3620 κατωρθωμένων.

893 3641 1145 3695 ΚΕΦΔΛ.
1188 3641 1290 3696 ιον.

557 3734 886 3804 Ἐξήγησις
914 3733 1023 3788 τοῦ
1045 3735 1245 3802 τρίτου
1278 3733 1638 3805 ἀντιφώνου.

390 3828 458 3882 Ἥ
488 3828 546 3881 δὲ
586 3827 715 3898 ἑξῆς
740 3826 1045 3897 ἀπάντησις
1074 3822 1386 3881 εἶναιδοκεῖ
1412 3828 1488 3893 ὡς
1518 3828 1618 3900 ήδη
1642 3827 1738 3881 τοῦ
1766 3828 1882 3882 Ku-

313 3921 433 3993 ρίου
489 3919 966 3990 παραγενομένου,
1020 3919 1117 3972 καὶ
1166 3920 1533 3987 φαινομένου*
1589 3920 1677 3972 διὰ
1725 3918 1886 3974 τοῦτο

309 4019 450 4086 πρὸς
471 4015 538 4083 τῇ
570 4012 762 4082 εἰσόδῳ
792 4012 888 4064 τοῦ
930 4010 1269 4078 Εὑαγγελίου
1312 4012 1408 4064 καὶ
1445 4011 1719 4078 ἀναδείξει
1748 4012 1882 4065 τάτ-

308 4122 465 4160 τεται
487 4107 580 4160 καὶ
605 4103 811 4175 ᾄδεται,
841 4103 909 4156 δι’
948 4095 1009 4157 οῦ
1033 4104 1061 4154 6
1093 4102 1329 4173 Χριστὸς
1370 4102 1723 4173 σημαίνεται.
1758 4103 1882 4156 Ὀτι

310 4199 370 4253 δὲ
402 4198 501 4268 τὴν
526 4196 622 4251 τοῦ
652 4195 891 4264 Χριστοῦ
917 4195 1243 4263 ἐπιφάνειαν
1264 4197 1291 4249 6
1320 4196 1607 4266 προφήτης
1642 4193 1748 4265 πρὸ
1778 4194 1889 4249 τῶν

308 4291 612 4362 ὀφθαλμῶν
651 4288 750 4359 τῆς
779 4288 961 4359 ψυχῆς
988 4288 1128 4359 ἔχων
1152 4288 1354 4358 ταύτην
1399 4285 1498 4359 ᾖσε
1525 4287 1623 4359 τὴν
1655 4288 1888 4359 ψαλμῳ-

308 4384 453 4447 δίαν,
490 4382 767 4435 δείκνυται
799 4381 1033 4451 μάλιστα
1079 4380 1178 4451 μὲν
1211 4381 1318 4433 ἀπὸ
1345 4382 1442 4451 τῆς
1474 4379 1562 4432 ἐπ’
1593 4381 1743 4449 αὑτῷ
1787 4398 1886 4449 χα-

312 4478 415 4547 ρᾶς
445 4477 539 4530 καὶ
578 4474 918 4544 εὐφροσύνης
943 4489 957 4506 ο
986 4469 1054 4544 ἧς
1097 4473 1258 4537 αὐτὸς
1286 4489 1344 4526 τε
1395 4471 1645 4540 φαίνεται
1675 4473 1882 4541 γέμων,

1981 2184 2095 2241 Deo
2119 2188 2369 2242 debetur:
2403 2188 2496 2256 qui
2525 2188 2713 2243 dicens
2739 2189 2938 2243 decere
2968 2189 3193 2244 domum
3226 2190 3345 2252 Dei,
3375 2200 3562 2245 osten-

1981 2275 2064 2331 dit
2097 2291 2205 2331 non
2238 2291 2366 2331 esse
2392 2291 2620 2331 vacuam
2662 2278 2886 2331 domum
2925 2279 3021 2333 Dei
3056 2292 3232 2348 neque
3313 2282 3426 2336 Deo
3466 2283 3561 2336 de-

1982 2368 2254 2430 stitutam,
2291 2368 2387 2424 sed
2421 2369 2594 2437 ipsum
2629 2368 2683 2421 in
2713 2369 2892 2437 seipsa
2927 2369 3127 2424 habere
3156 2370 3353 2425 domus
3380 2370 3561 2424 Domi-

1985 2477 2140 2516 num.
2180 2460 2238 2517 Si
2268 2462 2412 2517 enim
2465 2476 2524 2517 ea
2571 2461 2680 2515 Deo
2723 2470 2870 2517 esset
2909 2476 3102 2526 vacua,
3150 2476 3259 2515 non
3310 2462 3562 2518 decerent

1979 2568 2100 2609 eam
2142 2553 2231 2607 illa
2256 2569 2379 2621 quae
2394 2552 2496 2607 soli
2532 2552 2640 2607 Deo
2666 2553 3024 2608 conveniunt.
3052 2551 3166 2608 Hoc
3190 2561 3371 2607 autem
3397 2552 3559 2607 etiam

1984 2644 2243 2699 Dominus
2276 2644 2344 2700 iis
2377 2660 2501 2714 qua:
2541 2645 2684 2699 dicta
2713 2653 2840 2699 sunt
2888 2645 3112 2715 adjecit,
3159 2645 3432 2715 pollicitus
3499 2661 3563 2701 se

1981 2752 2195 2807 semper
2228 2736 2475 2791 futurum
2522 2753 2648 2792 cum
2683 2737 2951 2792 Ecclesia.
3008 2739 3312 2793 Ecclesiam
3370 2750 3555 2794 autem

1978 2826 2202 2883 domum
2232 2827 2324 2882 Dei
2356 2829 2591 2883 viventis
2629 2837 2785 2884 vocat
2805 2827 3027 2884 Paulus.
3060 2829 3200 2885 Dicit
3230 2830 3413 2884 enim:
3457 2829 3562 2885 «Ut

1979 2919 2121 2975 scias
2143 2919 2418 2988 quomodo
2438 2929 2657 2989 oportet
2677 2920 2729 2974 in
2759 2919 2924 2974 domo
2948 2919 3039 2973 Dei
3066 2920 3301 2984 versari,
3324 2935 3445 2990 qua:
3477 2931 3562 2975 est

1980 3009 2225 3066 Ecclesia
2261 3011 2353 3065 Dei
2375 3011 2644 3079 viventis;
2667 3029 2686 3063 ι
2721 3029 2740 3063 «
2771 3010 2915 3066 Ecce
2943 3026 3044 3082 ego
3060 3012 3341 3066 vobiscum
3366 3026 3553 3075 sum”

1981 3111 2035 3155 et
2099 3103 2241 3171 quod
2294 3102 2407 3170 ille,
2464 3120 2482 3153 «
2514 3100 2571 3155 lu
2621 3101 3013 3169 longitudinem
3048 3102 3284 3168 dierum,
3319 3120 3338 3154 ι
3390 3100 3555 3166 dixit,

1906 3215 1950 3273 ρ
1984 3191 2244 3248 Dominus
2283 3192 2442 3259 dicit,
2494 3210 2516 3246 «
2553 3192 2820 3249 Omnibus
2865 3192 3080 3260 diebus,
3113 3208 3285 3262 usque
3316 3193 3382 3249 ad
3421 3208 3559 3247 con-

1986 3282 2407 3339 summationem
2444 3282 2654 3338 saeculi.
2694 3300 2713 3334 ι
2740 3284 2807 3338 Et
2838 3283 2951 3337 haec
2992 3286 3209 3352 quidem
3255 3284 3558 3353 psalmodia

1987 3382 2072 3428 est
2096 3372 2233 3427 adeo
2259 3381 2452 3427 exacta
2485 3372 2770 3443 prophetia
2806 3388 2996 3428 eorum
3035 3389 3157 3444 qua:
3213 3389 3308 3443 per
3336 3389 3557 3430 erucem

1984 3473 2039 3520 et
2068 3474 2298 3521 mortem
2330 3481 2362 3522 a
2411 3465 2702 3523 Servatore
2725 3475 2876 3535 gesta
2906 3475 3054 3522 sunt.

2605 3646 2758 3703 CAP.
2813 3645 2955 3703 XIX.

2303 3739 2671 3810 Interpretatt'o
2713 3740 2884 3794 tertia:
2923 3739 3243 3809 antiphomc.

2056 3830 2187 3897 Quae
2219 3839 2401 3886 autem
2432 3831 2699 3900 sequitur,
2736 3830 2949 3884 videtur
2977 3847 3100 3885 esse
3124 3831 3340 3900 quidam
3369 3812 3561 3885 occur-

1984 3936 2098 3987 sus,
2137 3930 2390 3989 tanquam
2432 3921 2657 3975 Do:nino
2678 3920 2789 3989 jam
2818 3921 3122 3975 accedente
3150 3930 3199 3972 et
3231 3928 3558 3987 apparente;

1984 4019 2037 4064 et
2072 4009 2196 4063 ideo
2232 4011 2283 4062 itt
2337 4011 2590 4078 ingressu
2636 4009 2918 4075 Evangelii
2951 4019 3005 4063 et
3039 4009 3358 4062 ostensione
3398 4009 3559 4076 poni-

1993 4111 2083 4154 tur
2104 4108 2159 4154 et
2178 4100 2415 4163 canitur,
2446 4115 2543 4168 per
2567 4114 2728 4166 quam
2750 4099 3001 4152 Christus
3024 4098 3382 4167 signiﬁcatur.
3405 4096 3563 4161 Quod

1991 4201 2173 4247 autem
2229 4190 2433 4247 Christi
2487 4190 2888 4259 apparitionem
2948 4197 3075 4243 ante
3120 4189 3311 4241 oculos
3362 4189 3562 4241 animzc

1991 4282 2197 4338 habens
2230 4280 2529 4351 Propheta,
2571 4281 2710 4335 hanc
2762 4281 2963 4335 cecinit
2998 4279 3389 4348 psalmodiam,
3447 4294 3562 4331 ma-

1988 4378 2134 4433 xime
2164 4376 2382 4447 quidem
2420 4376 2729 4430 ostenditur
2756 4389 2822 4430 ex
2874 4374 3073 4444 gaudio
3106 4381 3162 4427 et
3210 4372 3418 4436 Izetitia,
3452 4386 3559 4439 qua

1986 4486 2048 4524 ea
2082 4472 2149 4524 de
2170 4484 2332 4524 causa
2388 4470 2505 4537 ipse
2561 4466 2751 4537 plenus
2799 4466 3035 4529 videtur,
3096 4472 3150 4518 et
3188 4463 3323 4518 alios
3371 4477 3561 4517 onmes

309 4572 409 4624 καὶ
464 4569 588 4630 τοὺς
640 4567 834 4629 ἄλλους
880 4566 1129 4628 ἅπαντας
1186 4565 1266 4626 είς
1327 4564 1617 4617 κοινωνίαν
1678 4564 1869 4616 καλεῖο

1982 4571 2134 4616 vocat
2164 4561 2228 4615 ad
2258 4560 2569 4615 societatem
2597 4574 2612 4612 :
2647 4556 2889 4623 «Venite,
2914 4557 3253 4612 exsultemus
3278 4556 3555 4608 Domitth

315 4682 335 4715 «
364 4658 551 4724 Δεῦτε,
577 4656 1036 4727 ἁγαλλιασώμεθα
1050 4656 1130 4726 τῷ
1145 4654 1332 4727 Κυρίῳ
1354 4671 1369 4686 ·
1403 4674 1421 4707 ι
1450 4655 1510 4707 οὐ
1537 4655 1644 4724 γὰρ
1672 4648 1739 4724 ἦν
1764 4652 1885 4723 χαί-

312 4771 433 4827 ρειν
465 4753 756 4821 ἄνθρωπον
806 4749 880 4819 μὴ
912 4748 1012 4801 τοῦ
1051 4747 1258 4819 Κυρίου
1307 4747 1773 4817 ἐπιδημήσαντος.
1801 4747 1885 4798 ὅτι

307 4845 411 4916 τὴν
429 4844 607 4915 χαρὰν
640 4845 776 4911 ἡμῖν
805 4842 831 4893 6
857 4839 1089 4909 Χριστὸς
1135 4839 1359 4908 έκὸμισε
1395 4838 1574 4907 μόνος,
1610 4834 1704 4889 καὶ
1736 4833 1887 4896 εἴτις

308 4940 370 4992 δὲ
406 4937 538 5007 πρὶν
572 4936 781 4989 ἐκεῖνον
812 4931 986 4985 ἐλθεῖν
1014 4933 1094 4994 εἰς
1121 4931 1219 5001 τὴν
1246 4930 1350 4998 γῆν
1382 4928 1589 4999 ἔχαιρε,
1622 4927 1692 4979 τὰ
1736 4925 1886 4978 ὲκεί-

308 5047 408 5084 νου
446 5027 671 5099 μυηθεὶς
694 5026 933 5095 ἔχαιρεν.
962 5022 1472 5094 ι”ΩσπερἊδραὰμ
1495 5020 1883 5091 ἠγαλλιάσατο,

309 5124 505 5192 φησὶν.
540 5121 627 5174 ἵνα
657 5120 742 5190 ἴδῃ
774 5118 874 5188 τὴν
922 5116 1136 5185 ἡμέραν
1165 5115 1263 5184 τὴν
1295 5114 1456 5184 ἐμὴν,
1492 5116 1585 5167 καὶ
1635 5108 1764 5177 εἶδε,
1794 5112 1890 5164 καὶ

310 5214 514 5282 ἐχάρη.
551 5230 568 5263 ›
611 5211 722 5264 Καὶ
772 5208 934 5270 αὑτὸς
986 5209 1014 5260 6
1068 5205 1254 5269 Δαὸὶδ,
1309 5222 1328 5255 ι
1380 5203 1606 5264 Ἀπόδος
1653 5218 1743 5271 μοι
1789 5199 1888 5270 τὴν

309 5301 639 5370 ἁγαλλίασιν
671 5297 763 5351 τοῦ
802 5295 1074 5366 σωτηρίου
1112 5311 1226 5348 σου.
1270 5313 1289 5345 ι
1331 5293 1432 5344 Ἦν
1481 5292 1591 5360 γὰρ
1623 5289 1891 5358 61:03.59:-

313 5411 405 5447 σιν
436 5388 576 5461 εἶχεν
608 5390 665 5441 ὲν
694 5388 769 5457 τῷ
800 5383 1021 5456 Χριστῷ
1070 5384 1201 5452 πρὶν
1241 5382 1529 5450 ἁμαρτεῖν,
1569 5379 1775 5447 ταύτην
1821 5376 1888 5429 δι’

313 5482 397 5541 ὧν
420 5486 673 5554 ἥμαρτεν
702 5478 1014 5541 ἁποὸαλὼν,
1048 5474 1343 5530 ἀπολαϐεῖν
1379 5474 1589 5527 ἱκέτευε
1622 5474 1712 5525 τὸν
1734 5471 1887 5525 Θεὸν.

312 5580 532 5647 Ὠσπερ
555 5572 650 5628 οὖν
679 5576 728 5627 εἰ
772 5572 945 5638 ἔλεγε,
987 5570 1150 5623 Δεῦτε
1181 5569 1271 5622 καὶ
1300 5567 1680 5637 φωθισθῶμεν,
1714 5566 1890 5635 φωτὸς

309 5670 387 5725 ἂν
419 5669 624 5737 ἐμήνυε
667 5662 975 5733 παρουσίαν
998 5678 1011 5692 ·
1049 5660 1222 5722 οὕτως
1245 5658 1440 5723 εἰπὼν,
1465 5681 1482 5709 ο
1510 5659 1694 5719 Δεῦτε,
1723 5659 1890 5727 ἀγαλ-

309 5754 637 5826 λιασώμεθα
687 5755 762 5823 τῷ
810 5753 1019 5823 Κυρίῳ,
1064 5771 1081 5802 ι
1119 5751 1389 5804 δείκνυσιν
1442 5751 1603 5805 αὐτὸν
1654 5751 1888 5819 φανῆναι

312 5852 421 5904 τὸν,
445 5849 739 5919 κομίζοντα
772 5846 868 5917 τὴν
900 5845 1092 5918 χαράν.
1132 5845 1360 5898 Ἔπειτα
1400 5846 1490 5897 καὶ
1536 5844 1761 5914 Σωτῆρα
1795 5844 1887 5896 καὶ

1986 4651 2103 4707 Non
2148 4660 2367 4723 poterat
2434 4651 2577 4704 enim
2626 4650 2788 4703 Immo
2840 4648 3102 4718 gaudere,
3147 4647 3252 4699 nisi
3302 4644 3560 4697 Dominus

1987 4758 2113 4799 cum
2145 4745 2224 4798 eis
2249 4752 2584 4809 versaretur,
2621 4742 2748 4810 quia
2778 4740 2934 4795 solus
2962 4739 3216 4793 Christus
3238 4737 3396 4790 nobis
3425 4749 3560 4802 gau-

1987 4832 2134 4888 dium
2182 4832 2407 4898 attulit;
2456 4833 2585 4887 etsi
2634 4831 2759 4900 quis
2788 4840 3083 4899 antequam
3119 4827 3210 4878 ille
3253 4829 3305 4876 tu
3355 4832 3556 4877 terram

1987 4924 2218 4990 veniret,
2244 4926 2464 4994 gavisus
2491 4932 2595 4985 est,
2631 4924 2683 4977 in
2717 4923 2804 4985 iis,
2834 4936 2956 4989 quae
2987 4919 3051 4972 ad
3087 4918 3234 4969 illum
3267 4916 3558 4984 pertinent,

1990 5018 2245 5073 initiatus
2307 5018 2523 5086 gavisus
2555 5025 2657 5070 est.
2693 5034 2709 5066 «
2746 5016 2898 5068 Sicut
2931 5012 3203 5064 Abraham
3244 5010 3556 5071 CXStllltull,

1989 5111 2186 5180 inquit,
2228 5117 2286 5163 ut
2314 5109 2524 5163 videret
2556 5108 2701 5162 diem
2734 5120 2939 5166 meum,
2985 5113 3037 5155 et
3069 5101 3224 5162 vidit,
3255 5110 3308 5153 et
3340 5104 3559 5165 gavisus

1989 5211 2125 5257 est.»
2154 5200 2218 5255 Et
2248 5202 2364 5271 ipse
2398 5201 2587 5265 David,
2629 5197 2844 5251 «Redde
2876 5193 3010 5247 mihi
3059 5193 3302 5247 ltetitiam
3352 5193 3559 5245 saluta-

1989 5294 2064 5349 ris
2086 5295 2221 5348 tui.)
2256 5294 2430 5359 Quam
2465 5292 2608 5346 enim
2657 5288 2888 5342 habebat
2929 5286 3173 5338 laetitiam
3227 5286 3279 5337 in
3333 5284 3563 5337 Christe

1989 5395 2279 5451 antequam
2332 5389 2611 5449 peccaret,
2663 5392 2783 5430 eam
2834 5390 2932 5445 per
2968 5386 3249 5445 peceatum
3296 5374 3553 5427 amissam

1990 5483 2049 5528 ut
2083 5474 2376 5542 reciperet,
2410 5471 2576 5524 Deum
2611 5470 2804 5522 oravit.
2839 5468 3304 5533 Quemadmodum
3357 5476 3484 5527 ergo
3509 5462 3554 5511 si

1988 5567 2239 5631 dixisset,
2284 5563 2474 5617 Venite
2504 5573 2558 5616 et
2596 5561 2984 5623 illuutiuetnus,
3038 5561 3175 5613 lucis
3211 5552 3563 5623 prmsctttiztm.

1990 5657 2369 5728 signiﬁcasset,
2410 5655 2484 5707 ita
2527 5667 2648 5707 cum
2698 5652 2867 5707 dixit:
2929 5649 3173 5713 «Venite,
3217 5643 3566 5699 exsultemtts

1993 5750 2243 5812 Domino,
2286 5764 2305 5799 ι
2340 5743 2574 5799 ostendit
2615 5759 2735 5797 cum
2796 5741 3110 5809 apparuisse
3156 5734 3245 5803 qui
3285 5729 3554 5785 afl‘ettlm-

1993 5842 2185 5895 titiam.
2218 5839 2414 5894 Deinde
2453 5836 2616 5891 etiatm
2674 5832 3015 5886 Servatorem
3072 5828 3214 5879 hunc
3266 5820 3569 5878 Dominum.
