4158 6306
615 417 718 483 411
1872 419 2179 481 NlCOLAl

2279 418 2616 484 ABASIME
3749 417 3861 482 412

611 534 865 606 appellat.
902 532 1242 588 Servatorem
1275 542 1456 588 autem
1482 543 1536 590 et
1556 533 1805 599 salutem,
1860 545 1916 590 et
1947 535 2179 589 salutare

2292 533 2495 602 Κύριον
2535 531 2723 585 τοῦτον
2758 531 2931 586 καλεῖ.
2975 531 3204 603 Σωτῆρα
3252 533 3307 586 δὲ
3356 532 3450 588 καὶ
3503 534 3777 603 σωτηρίαν
3824 538 3859 605 ἡ

611 628 894 683 Christum
928 636 1085 680 vocat
1141 625 1448 695 Scriptura,
1504 636 1558 680 et
1580 641 1645 679 ex
1686 626 1885 681 divinis
1940 627 2179 694 personis

2290 624 2483 694 Γραφὴ
2519 623 2612 675 τὸν
2642 622 2879 691 Χριστὸν
2907 622 3063 676 καλεί
3085 640 3098 655 ·
3134 623 3349 677 ὅτιτῶν
3380 624 3690 694 θιαρχικῶν
3722 625 3861 677 ὑπο-

615 720 765 773 solus
799 717 972 772 Filius
1009 716 1111 770 fuit
1144 725 1344 773 nostra:
1374 718 1563 771 salutis
1601 718 1805 788 opilex,
1841 730 1894 772 et
1927 734 2023 788 per
2045 721 2190 789 seip-

611 824 733 864 sum
760 810 1071 862 universum
1104 808 1305 872 effecit,
1329 810 1782 876 quemadmodum
1801 812 1938 866 dixit
1964 812 2185 866 Paulus:

622 918 640 950 ι
678 898 781 952 l’cr
829 899 1066 966 seipsum
1118 901 1497 968 purgationem
1554 901 1766 958 faciens
1837 913 2185 972 peccatorum

616 999 985 1043 nostrorum.)
1030 987 1186 1053 Quod
1229 990 1396 1044 etiam
1464 991 1584 1059 ipse
1640 993 1882 1048 ostendit
1937 995 2186 1064 exemplo

614 1081 738 1133 honi
771 1080 1031 1147 pastoris,
1065 1080 1159 1149 qui
1215 1095 1320 1136 non
1359 1082 1508 1136 misit
1558 1083 1653 1153 qui
1703 1097 1861 1139 ovem
1916 1084 2183 1155 perditam

614 1178 948 1234 quaererent,
981 1169 1075 1223 sed
1112 1170 1228 1238 ipse
1255 1171 1527 1238 quaesivit,
1564 1182 1617 1226 et
1647 1172 1875 1239 invenit,
1909 1184 1965 1228 et
1994 1185 2185 1229 sustu-
2216 1228 2227 1233 -

617 1258 701 1321 Ιίι,
729 1266 781 1311 et
815 1258 865 1310 in
897 1260 1141 1313 humeris
1168 1262 1418 1330 gestavit.
1466 1260 1762 1332 Pr0pterea
1793 1265 1956 1319 etiam
1983 1279 2183 1334 cogno«

614 1364 736 1401 men
774 1350 1001 1402 sortitus
1037 1362 1143 1414 εει,
1180 1354 1325 1419 quod
1361 1353 1438 1407 rei
1495 1355 1832 1419 conveniret,
1881 1357 2186 1426 appellatus
2226 1395 2242 1403 ο

608 1436 800 1492 Jcsus:
829 1438 1306 1509 «Praeoccupemus
1330 1443 1524 1499 faciem
1553 1444 1668 1512 ejus
1687 1446 1741 1499 in
1765 1446 2179 1512 confessionezn

610 1525 829 1591 faciem,
884 1528 1277 1595 apparitionem
1324 1531 1445 1600 ejus
1499 1532 1689 1589 dicens
1729 1549 1744 1587 :
1787 1550 1853 1589 ne
1895 1546 2178 1604 exspecte-

610 1630 730 1669 mus
763 1630 886 1669 eum
929 1620 1112 1673 videre
1147 1636 1268 1675 cum
1303 1624 1444 1678 domi
1491 1624 1675 1690 fuerit,
1725 1626 1941 1680 obviam
1990 1642 2183 1685 eamus

608 1706 661 1757 in
693 1704 1060 1773 confessione,
1091 1709 1301 1764 scilicet
1337 1712 1758 1780 gloriﬁcatioue.
1799 1714 1898 1769 «Et
1931 1716 1983 1770 in
2034 1718 2182 1785 psal-

2294 716 2537 769 στάσεων
2568 715 2726 785 μόνος
2751 716 2778 766 ὁ
2810 714 2956 778 Υἱὸς,
2985 716 3287 788 αὐτουργὸς
3317 716 3539 782 ἐγένετο
3568 718 3666 787 τῆς
3688 734 3867 787 σωτη-

2288 806 2414 876 ρίας
2446 806 2604 877 ήμῶν
2628 821 2641 835 ’
2676 806 2771 860 καὶ
2802 805 2871 859 δι’
2920 805 3115 860 ἑαυτοῦ
3160 807 3221 859 τὸ
3259 807 3367 859 πᾶν
3407 807 3728 876 εἰργάσατο,
3766 824 3869 859 κσ-

2287 890 2463 961 θὰπερ
2488 888 2609 945 εἶπε
2638 892 2867 958 Παῦλος,
2900 911 2919 944 ι
2953 895 3031 945 Δι’
3053 893 3247 947 ἑαυτοῦ
3273 894 3619 965 καθαρισμὸν
3647 897 3872 949 παυσά-

2291 999 2455 1049 μενος
2487 981 2595 1036 τῶν
2619 983 2908 1055 ἀμαρτιῶν
2945 984 3126 1054 ἡμῶν.
3161 1003 3178 1035 ι
3211 986 3276 1037 '0
3293 985 3388 1038 xui.
3411 986 3571 1049 αὐτὸς
3602 986 3863 1056 ἐδήλωσε,

2286 1073 2364 1142 τῷ
2393 1074 2797 1144 παραδείγματι
2819 1074 2912 1128 τοῦ
2937 1075 3101 1129 καλοῦ
3120 1077 3401 1146 ποιμένος,
3435 1076 3494 1139 ὃς
3517 1077 3618 1131 οὐκ
3644 1078 3864 1149 ἔπεμψε

2286 1168 2414 1230 τοὺς
2447 1165 2788 1238 ζητήσοντας
2807 1169 2867 1222 τὸ
2893 1171 3169 1241 πρόϐατον
3202 1172 3265 1225 τὸ
3287 1172 3587 1239 ἀπολωλὸς,
3627 1174 3741 1228 ἀλλ’
3765 1175 3865 1228 αὺ-

2286 1257 2377 1321 τῦς
2410 1257 2645 1328 ἐζήτησε
2672 1276 2687 1292 ο
2721 1261 2816 1314 καὶ
2844 1252 2972 1330 εὗρε
3012 1262 3107 1313 καὶ
3135 1262 3228 1315 ἐπὶ
3267 1262 3375 1316 τῶν
3403 1262 3568 1329 ὤμων
3609 1264 3859 1335 ἐκόμισε.

2285 1348 2383 1401 Διά
2407 1345 2567 1400 τοῦτο
2591 1347 2684 1400 καὶ
2730 1348 2828 1418 τὴν
2863 1350 3242 1420 προσηγορίαν
3277 1350 3520 1418 ἐδέξατο,
3554 1356 3653 1423 τὴν
3699 1357 3862 1410 τοῦτο

2283 1438 2632 1508 δυναμένην,
2679 1438 2898 1505 κληθεὶς
2958 1440 3206 1507 Ἰησοῦς*
3262 1459 3282 1493 ι
3340 1443 3749 1515 Προφθάσωμεν
3799 1448 3864 1500 τὸ

2287 1529 2577 1596 πρόσωπον
2603 1529 2771 1582 αὐτοῦ
2788 1530 2858 1603 ’ὲν
2885 1530 3276 1602 ἐξομολογήσει
3301 1549 3314 1564 ·
3356 1552 3375 1584 ι
3420 1535 3710 1606 πρόσωπον
3738 1539 3862 1591 ἑπι-

2287 1619 2515 1685 φάνειαν
2547 1618 2714 1673 αὐτοῦ
2756 1620 2965 1689 λέγων·
2997 1622 3071 1691 μὴ
3106 1623 3490 1695 ἀναμείνωμεν
3529 1628 3670 1681 οἴκοι
3698 1631 3860 1697 γενό-

2289 1724 2452 1778 μενον
2491 1709 2620 1763 ἰδεῖν
2646 1710 2850 1790 ίαύτδν,
2886 1713 3295 1783 ἀπαντήσωμεν
3345 1716 3404 1769 ὲν
3454 1716 3856 1790 ἐξομολογήσει,

606 1795 710 1848 mis
737 1794 1031 1863 jubilemus
1055 1799 1103 1850 ei
1133 1817 1178 1852 ει
1212 1799 1321 1855 Deo
1356 1806 1768 1860 convenientem
1809 1808 1858 1861 ei
1895 1809 2179 1864 reddamus

2286 1798 2346 1850 ὲν
2377 1782 2663 1870 δοξολογίᾴ
2675 1799 2939 1871 δηλονότι,
2974 1818 2993 1852 ι
3031 1782 3140 1854 Κάι
3169 1806 3226 1855 ἐν
3247 1803 3479 1874 ψαλμοῖς
3500 1782 3860 1879 ἀλαλάξωμεν

606 1882 890 1938 honorem.
934 1885 1055 1954 Ipse
1087 1889 1304 1957 quidem
1345 1891 1397 1945 in
1430 1893 1574 1948 servi
1618 1892 1787 1951 forma
1840 1911 1963 1952 esse
1997 1899 2180 1969 elegit,

606 1990 706 2030 nos
740 1986 919 2033 autem
958 1981 1255 2037 Dominum
1284 1998 1353 2038 ne
1384 1986 1717 2056 ignoremus,
1751 1998 1804 2043 et
1827 2004 1990 2046 carne
2014 1992 2182 2048 oﬂ'en-

604 2065 824 2128 damus,
891 2084 960 2125 ne
997 2087 1064 2126 eo
1109 2073 1471 2139 abducamur,
1505 2088 1561 2130 ιιι
1618 2079 1739 2131 vilia
1776 2088 1829 2132 et
1866 2082 2074 2148 objecta
2112 2085 2180 2140 de

600 2155 820 2210 excelso
867 2159 1049 2213 animo
1082 2162 1450 2230 concipiamus
1484 2203 1499 2228 ,
1536 2176 1755 2235 propter
1808 2169 1858 2222 id
1890 2171 2037 2239 quod
2088 2188 2181 2242 ap-

603 2251 778 2309 paret.
820 2244 988 2311 «Quia
1011 2247 1151 2304 Deus
1183 2264 1412 2320 magnus
1439 2254 1717 2318 Dominus,
1748 2266 1802 2310 et
1828 2272 1922 2312 rex
1950 2274 2179 2328 magnus

602 2351 768 2403 super
799 2352 1024 2393 omnem
1064 2350 1291 2406 terram,
1330 2362 1350 2396 ι
1383 2345 1475 2415 qui
1529 2346 1583 2399 in
1619 2346 1719 2401 hac
1741 2362 1906 2404 carne
1955 2353 2177 2422 tegitur.

602 2427 667 2479 Et
706 2443 824 2497 qua:
846 2430 1097 2501 deinceps
1127 2446 1429 2503 sequuntur
1455 2440 1634 2492 omnia
1666 2440 1776 2494 Deo
1803 2444 2195 2501 convenientia"

603 2519 808 2589 adjicit.
867 2523 931 2576 Et
965 2535 1094 2580 sunt
1143 2530 1410 2596 ejusmodi
1467 2531 1690 2600 quidem
1734 2535 2080 2605 prophetica,
2123 2548 2177 2596 ct

604 2625 906 2683 Opportune
933 2627 1231 2674 canuntur.

1230 2730 1402 2789 CAP.’
1425 2734 1546 2790 XX.

675 2815 748 2870 De
773 2820 1065 2875 ostensione
1094 2819 1397 2891 Evangelii,
1423 2838 1472 2880 et
1504 2834 1568 2883 de
1592 2832 1785 2902 hymno
1813 2844 1891 2890 ter
1913 2840 2104 2892 sancti.

672 2969 768 3025 llis
800 2981 979 3027 autem
1016 2976 1268 3042 peractis,
1310 2980 1569 3039 sacerdos
1600 2992 1752 3041 stans
1786 3002 1955 3058 super
1981 2992 2174 3053 altare.

601 3079 653 3116 tn
705 3065 873 3117 altum
926 3066 1066 3119 tollit
1128 3066 1481 3140 Evangelium
1545 3084 1600 3129 et
1651 3080 1908 3148 ostendit,
1967 3082 2174 3139 Domini

601 3156 968 3210 ostensionem
1001 3158 1339 3229 signiﬁcans,
1374 3168 1592 3234 quando
1615 3171 1780 3239 cmpit
1808 3174 1989 3229 multis
2013 3190 2177 3246 appa-
2204 3191 2245 3248 ο

555 3298 557 3302 ς
601 3261 740 3300 rere.
785 3245 887 3301 l‘cr
921 3247 1276 3320 Evangeliitm
1309 3256 1454 3309 enim
1507 3258 1763 3318 Christus
1814 3265 2174 3337 signiﬁcatur,

601 3337 1061 3400 quemadmodum
1116 3351 1171 3396 et
1215 3345 1517 3415 prophetici
1564 3349 1682 3405 libri
1737 3353 1993 3410 dicuntur
2045 3357 2175 3412 Pro-

599 3425 786 3487 pltetw.
817 3432 1278 3496 quemadmodum
1330 3437 1485 3491 diviti
1537 3440 1606 3495 ab
1652 3443 1923 3499 Abraham
1971 3448 2173 3503 dictum

598 3525 681 3571 est
709 3537 721 3572 :
758 3516 997 3575 «Habent
1026 3522 1206 3579 Mosen
1240 3535 1295 3580 et
1335 3529 1669 3600 prophetas;
1703 3552 1721 3584 ι
1755 3535 1967 3590 dicebat
1994 3550 2172 3593 autem

603 3609 796 3664 libros.
835 3610 972 3676 Quia
1020 3626 1199 3670 autem
1249 3633 1315 3672 eo
1346 3620 1436 3688 qui
1472 3624 1787 3690 praedicitur
1835 3635 2076 3693 ostenso,
2124 3640 2176 3684 et

604 3714 702 3769 per
730 3702 973 3771 seipsum
1004 3717 1304 3776 apparente
1326 3748 1340 3775 ,
1368 3713 1547 3767 verbis
1581 3715 1966 3785 prophetarum
2015 3736 2174 3777 nemo

598 3792 717 3844 vult
745 3794 1044 3860 attendere,
1078 3806 1362 3867 propterea
1397 3813 1619 3860 ostenso
1648 3804 1935 3879 Evangelio
1958 3823 2173 3868 cessant

598 3884 935 3951 prophetica.
962 3885 1228 3945 Canimus
1254 3902 1433 3951 autem
1468 3895 1513 3949 si
1544 3897 1672 3965 quid
1706 3909 1791 3955 est
1817 3899 1952 3957 Novi
1982 3902 2172 3959 Testa-

600 3977 787 4029 menti.
820 3977 908 4031 Vel
936 3980 1080 4033 enim
1114 3984 1508 4041 sanctissimam
1536 3988 1627 4043 Dei
1655 3988 1902 4055 Matrem,
1926 3994 2008 4049 vel
2036 3996 2171 4051 alios

599 4075 819 4122 sanctos
854 4070 1167 4138 laudamus,
1196 4075 1277 4129 vel
1310 4076 1487 4146 ipsum
1512 4078 1786 4137 Christum
1814 4084 2042 4142 canticis
2077 4102 2168 4141 ceo

598 4159 897 4227 lebramus,
928 4173 1211 4234 propterea
1265 4170 1410 4236 quod
1463 4172 1745 4228 nobiscum
1773 4185 2021 4232 versatus
2062 4188 2164 4244 est,

600 4252 685 4305 vel
715 4252 784 4306 ob
813 4268 875 4307 ea
907 4271 1029 4325 quae
1062 4259 1191 4312 dum
1245 4262 1530 4318 nobiscum
1583 4276 1892 4322 versaretur
1912 4308 1927 4333 ,
1969 4284 2165 4337 passus

601 4348 687 4394 est
729 4342 811 4396 vel
862 4343 1009 4398 fecit.
1042 4344 1272 4415 Propter
1316 4366 1435 4418 quae
1484 4350 1728 4406 Ecclesia
1775 4354 1917 4409 diem
1965 4354 2161 4411 festum

604 4447 818 4500 semper
851 4435 1104 4493 celebrat.
1137 4438 1337 4494 Deinde
1366 4441 1530 4494 etiam
1563 4442 1733 4510 ipsqu
1762 4453 1819 4499 ut
1843 4443 2159 4503 Trinitatem

2286 1887 2459 1957 αὐτῷ,
2501 1907 2519 1940 ι
2552 1888 2671 1959 Θεῷ
2700 1890 3018 1961 πρέπουσαν
3051 1893 3340 1964 ἀποδῶμεν
3369 1895 3519 1964 αὐτῷ
3574 1900 3759 1968 τιμήν.
3794 1901 3860 1953 Ὁ

2286 1979 2385 2048 μὲν
2413 1981 2468 2033 ἒν
2496 1979 2686 2035 δούλου
2727 1985 2906 2053 μορφῇ
2940 1985 3176 2055 φανῆναι
3223 1986 3581 2052 κατεδέξατοο
3610 1991 3768 2059 ἡμεῖς
3798 1992 3858 2044 δὲ

2282 2071 2374 2123 τὸν
2438 2072 2717 2142 Δεσπότην
2769 2075 2842 2143 μὴ
2896 2078 3272 2147 ἁγνοήσωμεν,
3313 2080 3387 2148 μὴ
3450 2082 3859 2150 προςκέψωμεν

2281 2164 2348 2230 τῇ
2398 2164 2584 2232 σαρκὶ,
2641 2162 2716 2234 μὴ
2750 2166 3303 2237 παρενεχθῶμενςὲπὶ
3344 2172 3412 2223 τὰ
3457 2173 3690 2225 ταπεινά
3724 2175 3861 2243 περὶ

2282 2251 2376 2304 τοῦ
2408 2252 2616 2323 ὑψηλοῦ
2651 2254 2893 2325 φρονεῖν,
2918 2256 3007 2309 διά
3037 2257 3095 2309 τὸ
3129 2259 3475 2327 φαινόμενον.
3516 2278 3537 2311 ι
3572 2263 3694 2316 ’Ότι
3721 2265 3856 2329 Θεὸς

2286 2345 2462 2415 μέγας
2509 2346 2715 2416 Κύριος
2759 2349 2855 2401 καὶ
2890 2348 3144 2418 βασιλεὺς
3174 2352 3347 2421 μέγας
3388 2355 3478 2405 ἐπὶ
3525 2355 3707 2408 πᾶσαν
3750 2357 3859 2426 τὴν

2282 2436 2405 2506 γῆν,
2444 2454 2463 2488 ι
2493 2437 2521 2489 δ
2553 2438 2611 2488 ὲν
2632 2439 2804 2509 ταύτῃ
2848 2440 3255 2510 καλυπτόμενος
3301 2445 3366 2513 τῇ
3401 2446 3587 2514 σαρκί.
3622 2447 3728 2499 Καὶ
3782 2449 3856 2502 τὰ

2283 2527 2407 2596 ἑξῆς
2446 2527 2503 2580 δὲ
2542 2528 2821 2599 θεοπρεπῆ
2877 2530 3201 2601 προστίθησι
3246 2533 3446 2588 πάντα.
3483 2535 3589 2587 Καὶ
3629 2535 3855 2590 τοιαῦτα

2285 2618 2385 2687 μὲν
2412 2616 2481 2671 τὰ
2512 2621 2852 2688 προφητικά,
2895 2620 2991 2672 καὶ
3018 2620 3160 2675 οὕτω
3194 2624 3337 2677 κατὰ
3378 2625 3566 2693 καιρὸν
3612 2626 3848 2697 ᾅδονται.

2876 2737 3126 2792 ΚΕΦΑΛ.
3162 2739 3248 2793 K'.

2282 2822 2422 2891 Περὶ
2468 2823 2579 2892 τῆς
2610 2825 2976 2894 ἀναδείξεωρ
3010 2829 3563 2906 ,τοῦκεὺαγ-γελίου
3597 2837 3692 2889 καὶ
3742 2835 3856 2890 τοῦ

2781 2900 3092 2968 τρισαγίου
3140 2900 3356 2981 ὕμνου.

2346 2986 2569 3059 ,Τούτων
2606 2985 2661 3040 δὲ
2701 2988 2994 3059 ᾀσθέντων,
3024 2991 3053 3042 ὁ
3102 2991 3279 3061 ἱερεὺς
3327 2997 3384 3047 ὲν
3428 2995 3577 3066 μέσῳ
3613 2996 3715 3067 πρὸ
3754 2995 3854 3048 τ’λῦ

2282 3074 2670 3146 θυσιαστηρίου
2701 3078 2989 3149 ἱστάμενος
3011 3081 3177 3150 ,ὑψοῦ
3223 3082 3282 3137 τὸ
3325 3085 3654 3153 Εὐαγγέλιον
3678 3082 3848 3156 αἱρεῖ,

2284 3170 2376 3219 καὶ
2416 3169 2797 3222 ἀναδείκνυσιο
2829 3173 2927 3240 τὴν
2973 3172 3243 3239 ἀνάδειξιν
3275 3176 3366 3229 τοῦ
3415 3178 3623 3247 Κυρίου
3654 3180 3860 3248 σημαί-

2285 3276 2410 3320 νων,
2434 3260 2519 3311 ὅτε
2547 3259 2748 3330 ἤρξατο
2774 3262 3081 3330 φαίνεσθαι.
3117 3267 3215 3320 Διά
3244 3268 3350 3337 γὰρ
3389 3252 3499 3321 τοῦί
3522 3270 3853 3338 Εὑαγγελίου

2284 3351 2570 3420 exp-me;
2622 3352 3133 3424 δη).οὖται·.ὦσπερ
3187 3361 3256 3412 τὰ
3308 3363 3625 3431 προφητικὲι
3673 3363 3855 3431 βιϐλία

2286 3440 2616 3507 Προφητῶν
2660 3443 2906 3510 λέγονται
2937 3461 2950 3476 ·
2997 3448 3139 3501 κατὰ
3181 3448 3243 3500 τὸ
3285 3451 3574 3520 εἰρημένον
3616 3443 3720 3505 ἀπὸ
3753 3454 3852 3505 τοῦ

2296 3531 2547 3600 Ἀἒῖραὰμ
2577 3532 2713 3601 πρὸς
2758 3534 2851 3586 τὸν
2891 3535 3166 3599 πλούσιον,
3200 3557 3218 3589 ι
3268 3540 3492 3610 Ἔχουσι
3522 3543 3724 3595 Μωσέα
3755 3544 3850 3595 καὶ

2282 3623 2408 3680 τοὺς
2445 3624 2752 3691 προφήτας,
2795 3643 2813 3675 ι
2847 3625 2915 3676 τὰ
2950 3624 3129 3695 βιϐλία
3175 3628 3448 3696 λέγοντος.
3490 3632 3641 3684 Ἐπεὶ
3669 3632 3728 3686 δὲ
3755 3634 3853 3687 τοῦ

2281 3716 2785 3784 προφητευομένου,
2809 3717 3280 3788 ἀναδεικνυμένου,
3309 3722 3405 3773 καὶ
3424 3721 3492 3774 δι’
3507 3723 3698 3778 ἑαυτοῦ
3719 3741 3854 3794 φαι-

2280 3807 2530 3876 νομένου,
2574 3809 2685 3869 τοῖς
2738 3810 2950 3878 ῥήμασι
2988 3810 3095 3863 τῶν
3147 3814 3442 3882 προφητῶν
3495 3816 3666 3881 οὐδεὶς
3708 3818 3856 3883 ἀξιοῖ

2280 3897 2590 3966 προσέχειν,
2639 3897 2925 3950 διά’τοῦτο
2969 3898 3064 3952 τοῦ
3097 3900 3427 3969 Εὑαγγελίου
3459 3905 3853 3977 ἀναδεικνυμέ-

2276 4003 2390 4049 νου,
2416 3988 2484 4041 τὰ
2516 3990 2833 4058 προφητικά
2881 3990 3168 4046 παύονται.
3201 3994 3430 4064 Ι’ᾼδομεν
3456 3996 3536 4059 δὲ,
3568 3998 3622 4051 εῐ
3656 4014 3707 4051 τι
3748 4001 3852 4070 τῆς

2275 4079 2468 4146 καινῆς
2519 4080 2633 4132 ἐστι
2690 4082 2984 4150 Διαθήκης.
3033 4084 3102 4136 Ἢ
3142 4085 3250 4154 γὰρ
3300 4086 3399 4157 τὴν
3447 4090 3720 4155 παναγέαν
3754 4092 3850 4144 τοῦ

2273 4170 2410 4223 Θεοῦ
2436 4172 2684 4241 Μητέρα,
2713 4171 2746 4242 ἢ
2777 4171 2972 4236 ἄλλους
3009 4176 3115 4228 τῶν
3146 4179 3317 4245 ἁγίων
3349 4181 3790 4253 ἐγκωμιάζομεν,
3814 4185 3848 4255 ἦ

2271 4262 2432 4314 αὐτὸν
2453 4262 2542 4315 τὸν
2572 4264 2810 4334 Χριστὸν
2837 4266 3136 4338 ὑμνοῦμεν,
3170 4270 3309 4341 ὑπὲρ
3337 4266 3411 4327 ὧν
3436 4277 3515 4339 εἰς
3545 4279 3692 4347 ἡμᾶς
3718 4281 3851 4331 ἐπε-

2269 4353 2332 4422 δή
2343 4370 2533 4423 μησεν,
2562 4354 2595 4425 ἢ
2619 4356 2964 4427 ἐπιδημήσας
3008 4358 3208 4414 ἔπαθεν
3233 4363 3265 4430 ἦ
3311 4365 3588 4437 ἐποίησεν.
3633 4372 3744 4439 Ἐφ’
3764 4369 3851 4435 οἷς

2269 4444 2524 4500 ἑκάστοτε
2550 4449 2584 4518 ἡ
2609 4447 2898 4519 Ἐκκλησία
2918 4453 3536 4524 πανηγυρίζει.Ἕπειτα
3553 4462 3646 4515 καὶ
3662 4466 3848 4531 αὐτὸν,

564 4592 567 4593 ν
610 4519 776 4573 ticum
813 4522 1187 4592 decantamus,
1230 4529 1446 4596 qualem
1483 4530 1658 4599 ipsum
1691 4547 1813 4589 esse
1844 4550 1943 4591 nos
1972 4537 2159 4595 docuit

2279 4537 2336 4600 it;
2354 4537 2579 4607 Τριάδα,
2602 4540 2690 4592 τὸν
2712 4539 2844 4595 Θεὸν
2866 4519 3227 4615 ἀνυμνοῦμεν,
3244 4543 3355 4602 οἷον
3374 4551 3533 4606 αὑτὸν
3551 4554 3697 4622 ἡμᾶς
3710 4519 3849 4609 εἶναι

605 4611 910 4669 Servatoris
936 4617 1221 4685 apparitio.
1258 4617 1355 4673 Hic
1390 4629 1569 4676 autem
1613 4622 1848 4692 hymnus
1895 4627 1964 4682 ab
1989 4643 2153 4699 ange-

603 4706 669 4758 lis
701 4706 920 4775 quidem
962 4707 1141 4762 dictus
1168 4717 1271 4774 est,
1304 4720 1562 4780 acceptus
1595 4724 1678 4769 est
1710 4724 1888 4771 autem
1918 4734 1984 4773 ex
2023 4720 2160 4775 libro

581 4794 941 4853 .Psalmorum
1004 4810 1320 4856 sanctorum
1384 4801 1692 4872 Prophetm.
1754 4806 2025 4863 Collectus
2081 4817 2165 4863 est

599 4896 778 4941 autem
830 4903 861 4943 a
912 4889 1114 4944 Christi
1155 4889 1415 4958 Ecclesia,
1467 4901 1521 4947 et
1557 4893 1808 4949 Trinitati
1839 4896 2161 4951 dedicatus:

602 4977 711 5030 lluc
746 4980 910 5042 enim,
950 4999 968 5033 ι
1004 4980 1256 5048 Sanctus,
1286 5001 1304 5034 ι
1336 4984 1479 5052 quod
1516 4994 1599 5038 ter
1626 4985 1860 5048 canitur,
1889 4998 1971 5041 est
2003 5001 2167 5056 ange-

603 5069 814 5134 lmum;
851 5073 980 5127 illud
1011 5089 1160 5139 vero,
1204 5093 1222 5125 ι
1262 5075 1401 5131 Deus
1425 5086 1480 5131 et
1515 5076 1671 5132 fortis
1702 5088 1755 5132 et
1786 5078 2161 5143 immortalis”

599 5175 673 5214 est
719 5163 859 5217 beati
904 5162 1104 5226 David,
1157 5166 1247 5220 ubi
1295 5167 1470 5221 dicit:
1505 5185 1524 5218 ι
1560 5168 1685 5221 Sitit
1714 5168 1897 5222 anima
1939 5183 2056 5223 mea
2099 5171 2167 5223 ad

602 5253 770 5308 Deum
824 5258 1026 5311 fontem
1062 5257 1265 5313 vitum.
1296 5277 1316 5312 ι
1350 5258 1473 5314 H:ec
1520 5268 1701 5313 autem
1765 5261 2072 5330 suscepisse
2118 5271 2174 5316 et

588 5346 710 5401 .illis
750 5348 1117 5414 coniunxisse,
1157 5359 1213 5403 et
1237 5350 1690 5420 supplicationem
1717 5351 2018 5421 adjecisse;
2049 5353 2172 5408 dico

599 5449 780 5491 autem
807 5437 962 5502 illud,
1003 5457 1021 5490 ι
1040 5439 1299 5496 Miserere
1330 5442 1558 5509 nostri,»
1589 5452 1676 5498 est
1700 5443 1951 5498 Ecclesia:
1979 5459 2169 5499 eorum

603 5530 698 5597 qui
732 5529 1056 5586 Trinitatem
1103 5548 1271 5588 unum
1324 5532 1493 5587 Deum
1543 5542 1597 5587 et
1632 5535 1812 5588 sciunt
1867 5546 1922 5589 et
1973 5537 2170 5605 praedi-

594 5631 761 5689 cant,
823 5623 1021 5693 partim
1088 5632 1146 5678 ut
1209 5625 1529 5680 ostendatur
1578 5625 1787 5681 Veteris
1840 5625 2170 5681 Testamemi

602 5728 725 5766 cum
768 5712 920 5767 Novo
964 5715 1352 5769 convenientia
1390 5731 1404 5767 :
1445 5716 1645 5784 partim
1674 5726 1879 5792 autem,
1917 5730 1973 5773 ut
1999 5720 2173 5789 angeli

603 5817 656 5854 et
698 5805 943 5860 homines
976 5806 1105 5859 [lant
1150 5823 1253 5860 una
1290 5807 1528 5861 Ecclesia
1572 5818 1625 5862 et
1666 5808 1868 5863 chorus
1895 5828 2057 5873 unus,
2084 5828 2176 5880 per

606 5894 717 5948 Chr
742 5897 807 5950 sti
833 5897 1147 5963 adventum,
1173 5898 1265 5967 qui
1300 5909 1379 5958 Cal
1409 5901 1810 5969 supcrcoelcstis
1830 5914 1877 5960 ct
1902 5914 2168 5961 tenuius.

2260 4625 2550 4699 ἐδίδαξενὴ
2580 4631 2870 4700 ἐπιφάνεια
2886 4632 2978 4685 τοῦ
3010 4635 3278 4707 Σωτῆρος.
3322 4637 3380 4691 ⁸0
3419 4640 3475 4693 δὲ
3504 4640 3672 4711 ὕμνος
3691 4638 3849 4710 οὗτος

2266 4716 2521 4787 εἴληπται
2550 4721 2646 4788 μὲν
2680 4720 2787 4773 απο
2818 4723 2928 4776 τῶν
2957 4723 3224 4791 ἀγγέλων,
3253 4726 3504 4797 εἴληπται
3534 4732 3589 4785 δὲ
3623 4737 3716 4786 καὶ
3741 4736 3849 4787 ἀπὸ

2266 4810 2365 4879 τῆς
2399 4811 2582 4880 βίϐλου
2614 4813 2721 4865 τῶν
2763 4814 2924 4884 ιερῶν
2958 4816 3051 4868 τοῦ
3088 4817 3378 4890 Προφήτου
3406 4822 3661 4892 ψαλμῶν.
3684 4827 3854 4895 Συνῆ-

2268 4921 2393 4957 κται
2413 4906 2470 4958 δὲ
2489 4908 2634 4975 παρά
2650 4908 2747 4969 τῆς
2764 4907 2856 4961 τοῦ
2875 4910 3109 4979 Χριστοῦ
3130 4911 3587 4985 Ἐκκλησίας,⁶καὶ
3620 4920 3850 4991 ἀνετέθη

2268 4998 2332 5065 τῇ
2355 4997 2569 5067 Τριάδι.
2591 5000 2663 5051 Τὸ
2687 4999 2784 5068 μὲν
2807 5000 2936 5069 γὰρ,
2958 5019 2975 5053 ι
3007 5001 3216 5071 Ἀγιος,
3243 5023 3264 5058 ι
3288 5009 3406 5077 τρὶς
3428 5008 3720 5078 βοώμενον,
3738 5014 3850 5067 τῶν

2270 5088 2535 5157 ἀγγέλων,
2567 5090 2629 5143 τὸ
2650 5090 2726 5154 δὲ,
2768 5108 2786 5142 ι
2817 5090 2950 5155 Θεὸς
2984 5095 3079 5147 καὶ
3113 5095 3332 5166 ἰσχυρὸς
3362 5101 3459 5151 καὶ
3503 5102 3788 5168 ἀθάνατος,
3823 5125 3843 5158 ι

2273 5178 2367 5232 τοῦ
2401 5179 2676 5250 μακαρίου
2734 5180 2920 5248 Δαϐἰδ,
2951 5184 3008 5235 ὲν
3058 5179 3139 5249 οἷς
3194 5203 3349 5257 φησι,
3396 5209 3415 5242 ι
3473 5191 3758 5262 Ἐδίψησεν
3814 5196 3849 5264 ἡ

2273 5271 2417 5341 ψυχή
2453 5288 2554 5340 μου
2608 5272 2742 5341 πρὸς
2794 5275 2886 5327 τὸν
2919 5274 3052 5327 Θεὸν
3086 5276 3177 5328 τὸν
3215 5279 3436 5350 ἰσχυρὸν
3458 5283 3547 5334 τὸν
3579 5284 3779 5347 ζῶντα·
3824 5307 3843 5336 ι
3942 5270 3949 5276 ’

2274 5362 2335 5415 τὸ
2366 5362 2619 5427 δέξασθαι
2668 5364 2723 5416 δὲ
2782 5367 2877 5417 καὶ
2936 5367 3206 5422 συνθεῖναι
3240 5370 3415 5424 ταῦτα
3466 5374 3718 5440 ἐκείνοις,
3752 5362 3851 5430 ian

2276 5452 2575 5523 προσϐῆναι
2625 5452 2725 5523 τὴν
2790 5454 3024 5520 ἱκεσίαν,
3070 5456 3212 5527 λέγω
3259 5460 3324 5530 δὴ
3392 5463 3474 5526 τὸ,
3520 5482 3539 5516 ι
3593 5466 3850 5537 Ἐλέησον

2275 5544 2445 5612 ἡμᾶς,
2491 5561 2511 5595 ι
2551 5545 2651 5615 τῆς
2689 5545 3013 5617 Ἐκκλησίας
3056 5548 3161 5601 τῶν
3189 5548 3396 5621 Τριὰδα
3434 5553 3527 5607 τὸν
3565 5555 3659 5607 ἕνα
3690 5558 3850 5625 Θεὸν,

2275 5632 2372 5685 καὶ
2403 5633 2619 5686 εἰδότων
2651 5637 2743 5690 καὶ
2772 5635 3169 5705 κηρυττόντων,
3203 5637 3291 5691 ῐνα
3317 5640 3529 5712 δειχθῇ;
3557 5644 3719 5698 τοῦτο
3743 5648 3851 5716 μὲν

2277 5722 2308 5790 ἡ
2344 5721 2479 5792 πρὸς
2509 5723 2606 5790 τὴν
2639 5724 2846 5794 Καινὴν
2899 5725 3174 5794 Διαθήκην
3212 5727 3312 5797 τῆς
3347 5731 3584 5793 Halani;
3621 5751 3855 5801 συμφω-

2277 5815 2361 5867 νία.
2381 5828 2395 5842 ·
2417 5814 2574 5867 τοῦτο
2602 5816 2659 5867 δὲ
2689 5818 2767 5881 τὸ,
2801 5817 3061 5884 ἀγγέλους
3078 5821 3168 5870 καὶ
3201 5820 3520 5890 ἀνθρώπους
3551 5826 3680 5894 μίαν
3729 5822 3855 5880 Ἑκη

2279 5903 2504 5972 κλητίαν
2540 5906 2817 5974 γενέσθαι,
2851 5909 2943 5960 καὶ
2983 5906 3138 5976 χορόν
3169 5906 3286 5978 ἕνα,
3317 5910 3404 5966 διά
3434 5912 3528 5982 τὴν
3574 5914 3669 5969 τοῦ
3702 5917 3849 5989 Χρι-
