4132 6308
352 433 456 496 413

1536 431 1935 495 LlTURGi/E
1977 432 2406 496 EXPOSITIO.

3487 437 3589 500 411

352 548 486 602 στοῦ
532 548 865 616 ἐπιφάνειαν,
904 544 996 600 τοῦ
1041 544 1456 618 ύπερουρανίου.
1500 549 1597 601 καὶ
1639 547 1907 615 επιγείον.

2012 545 2306 615 Propterea
2336 588 2353 614 ,
2397 553 2686 616 postquam
2753 554 2840 604 est
2901 556 3183 603 ostensum
3226 553 3282 602 et
3358 547 3587 602 allatum

353 640 456 693 Δια
479 638 637 692 τοῦτο
673 639 808 708 μετά
848 638 909 691 τὸ
954 637 1334 707 ἀναδειχθῆναι
1369 636 1430 690 τδ
1458 637 1788 707 Εύαγγέλιον
1821 637 1915 690 καὶ

359 729 744 800 εἰσενεχθῆναι,
769 728 859 781 τὸν
883 714 1049 799 ὕμνον
1068 729 1265 801 ᾄδομεν
1277 727 1483 795 τοῦτον,
1508 731 1732 799 μονονοὺ
1751 727 1917 798 βοῶν-

360 838 469 893 τες.
499 820 571 884 ὡς
591 822 617 873 ὁ
638 819 980 889 ἐπιδημήσας
1003 813 1159 883 οὗτος
1188 817 1448 890 μετὰτῶν
1474 820 1741 888 ἀγγέλων,
1765 820 1914 889 ἡμᾶς

363 914 598 981 ἔστησεν,
621 911 699 975 είς
728 913 938 964 ἐκεῖνον
963 910 1121 975 ἔταξε
1141 911 1234 963 τὸν
1260 910 1439 982 χορόν.
1480 910 1590 965 Καὶ
1617 911 1787 963 ταῦτα
1814 910 1915 981 μὲν

359 999 543 1065 οὕτως.

944 1091 1193 1146 ΚΕΦᾹΛ.
1222 1093 1353 1147 KA'.

348 1202 491 1273 Περὶ
516 1203 628 1273 τῆς
656 1203 811 1258 κατὰ
833 1205 942 1258 τὸν
972 1204 1164 1279 ὕμνον
1192 1205 1399 1279 εὐχῇς,
1430 1206 1529 1261 καί
1550 1206 1667 1262 τῶν
1690 1211 1911 1279 ἐπιφω-

895 1272 1176 1342 νημάτων
1197 1272 1387 1342 ἱερῶν.

433 1365 493 1417 Ὁ
525 1365 705 1433 ἱερεὺς
740 1365 843 1435 πρδ
876 1365 972 1435 μὲν
1003 1367 1098 1434 τῆς
1125 1367 1410 1437 ὑμνήσεως
1429 1368 1653 1440 ταύτης,
1682 1368 1914 1423 ἱκετεύει

346 1455 445 1510 τὸν
466 1456 601 1510 Θεὸν
628 1456 881 1523 δέξασθαι
909 1459 1000 1511 τὸν
1052 1458 1239 1528 ὕμνον,
1283 1461 1377 1515 καὶ
1400 1462 1563 1531 χάριν
1588 1462 1772 1516 δοῦναι
1801 1466 1913 1528 τοῖς

348 1548 640 1618 ύμνηταῖς.
678 1549 786 1602 Καὶ
832 1550 954 1604 τίνα
996 1551 1155 1622 χάριν
1183 1570 1198 1617 ;
1227 1552 1307 1622 τῷ
1353 1551 1507 1623 ὕμνῳ
1555 1553 1908 1623 κατάλληλον,

347 1638 577 1705 ἁγιάσαι
606 1638 764 1692 αὐτὸν
790 1639 887 1703 τὰς
912 1640 1087 1709 ψυχὰς
1115 1641 1208 1696 καὶ
1234 1642 1565 1711 τὰσώματα,
1583 1644 1912 1714 συγγνώμην

347 1730 769 1800 παρασχόμενον
799 1732 907 1784 τῶν
935 1733 1373 1803 ἁμαρτημάτων,
1402 1734 1546 1789 ὥστε
1579 1737 1636 1789 ὲν
1672 1737 1910 1807 ὁσιότητι

346 1819 633 1887 λατρεύειν
664 1821 812 1890 αὐτῴ
839 1823 1017 1886 πάσας
1066 1826 1164 1888 τὰς
1209 1826 1440 1896 ἡμέρας.
1474 1828 1581 1881 Καὶ
1609 1828 1704 1899 τὴν
1735 1829 1910 1883 αίτίαν

351 1908 724 1978 προστίθησιν,
768 1927 788 1961 ι
835 1909 956 1963 Ὅτι
1006 1912 1101 1963 καὶ
1149 1911 1300 1980 ἅγιος
1336 1908 1387 1966 εἷ
1422 1916 1514 1967 καὶ
1554 1917 1731 1980 ἁγίοις
1777 1918 1913 1970 ἑπα-

2016 638 2389 708 Ενειιε‹·ιὶιιηι,
2423 640 2569 695 hunc
2599 641 2858 710 hymnum
2891 640 3160 703 canimus,
3190 640 3583 708 propemodum

2015 731 2333 795 clamantes,
2368 733 2513 802 quod
2546 733 2592 787 is
2631 732 2915 787 nobiscum
2946 742 3219 795 versatus,
3249 745 3351 785 nos
3395 730 3590 786 statuit

2014 837 2142 876 cum
2166 822 2397 892 angelis,
2425 823 2560 878 etin
2590 823 2685 878 illo
2712 823 2879 878 choro
2904 823 3104 893 posuit.
3131 820 3195 877 Et
3218 822 3332 877 hac
3361 820 3584 892 quidem

2015 916 2117 970 hoc
2144 914 2329 969 modo.

2615 1092 2768 1149 CAP.
2810 1090 2955 1148 XXI.

2020 1208 2094 1264 De
2128 1211 2366 1265 oratione
2399 1210 2453 1264 in
2484 1211 2696 1279 hymno,
2727 1216 2777 1263 et
2808 1208 2874 1262 de
2894 1222 3061 1263 ωσι-ιε
3092 1204 3583 1261 acclamationibus.

2085 1367 2351 1424 Sacerdos
2403 1376 2604 1432 autem,
2659 1376 2784 1422 ante
2831 1367 2976 1422 hanc
3028 1366 3416 1430 laudationem,
3475 1365 3584 1418 Deo

2013 1459 2282 1528 supplicat
2326 1468 2386 1513 ιιι
2439 1459 2697 1529 hymnum
2763 1458 3055 1528 suscipiat,
3110 1467 3167 1512 et
3219 1456 3587 1511 laudatoribus

2012 1548 2235 1617 gratiam
2289 1548 2567 1602 retribuat.
2618 1547 2682 1601 Et
2728 1562 3019 1616 quamnam
3054 1547 3332 1617 gratiam?
3386 1547 3588 1617 hymno

2012 1638 2423 1692 convenientem
2449 1678 2464 1701 ,
2512 1645 2572 1691 ut
2634 1637 2939 1691 sanctiﬁcet
2996 1638 3240 1705 ipsorum
3281 1636 3493 1690 animas
3532 1643 3588 1687 ct

2012 1744 2274 1798 corpora,
2314 1730 2438 1783 data
2480 1740 2829 1797 peccatorum
2871 1730 3054 1790 venia.
3098 1737 3156 1782 ut
3196 1744 3321 1783 eum
3364 1728 3417 1781 in
3454 1742 3584 1781 san-

2012 1821 2199 1875 ctitate
2238 1821 2421 1875 colant
2460 1822 2718 1875 omnibus
2745 1821 2960 1877 diebus.
3002 1819 3067 1873 Et
3096 1834 3315 1875 causam
3349 1817 3532 1886 adjicit
3567 1834 3584 1869 :

2017 1927 2036 1960 ι
2080 1909 2217 1975 Quia
2254 1920 2475 1966 sanctus
2506 1927 2587 1974 es,
2622 1921 2675 1965 et
2716 1911 2768 1965 in
2809 1910 3011 1965 sanctis
3041 1909 3355 1980 requiescis.
3400 1927 3419 1959 ι
3452 1908 3589 1960 Vere

345 1997 587 2067 ναπαύῃ.
620 2016 639 2050 ι
677 1998 784 2051 Τοῦ
811 2001 918 2069 γάρ
939 2000 1155 2068 ἀληθῶς
1183 2000 1364 2068 ἀγίου,
1401 2004 1460 2054 τὸ
1490 2004 1701 2072 χαίρειν
1727 2007 1783 2056 ὲν
1804 2006 1913 2068 τοῖς

2012 2000 2155 2053 enim
2212 2000 2386 2053 sancti
2447 2009 2529 2053 est
2575 2000 2830 2055 deleatari
2872 2000 3079 2054 sanctis
3113 2008 3167 2054 et
3219 1998 3585 2053 sanctiticare.

346 2088 524 2155 ἁγίοις
551 2091 645 2142 καὶ
678 2090 948 2158 ἀγιάζειν.
983 2092 1095 2143 Kal
1141 2091 1299 2143 τοῦτο
1336 2092 1606 2161 ἐκϐοήσας
1637 2094 1732 2145 καὶ
1757 2093 1913 2158 δοξο-

2015 2089 2077 2140 Ει
2111 2102 2234 2141 cum
2273 2089 2377 2143 hoc
2408 2090 2754 2152 exclamavit,
2789 2097 2845 2143 et
2874 2090 3320 2160 gloriﬁcationem
3359 2086 3583 2156 adjecit,

345 2178 536 2248 λογίαν
586 2180 867 2250 προσθεὶς,
902 2182 999 2249 τῆς
1028 2181 1314 2251 ὑμνήσεως
1340 2181 1437 2235 τοῦ
1461 2184 1748 2250 τρισαγίου
1781 2184 1913 2253 πρὸς

2015 2177 2268 2230 cantandi
2303 2178 2488 2247 hymni
2517 2187 2598 2232 ter
2634 2180 2810 2235 sancti
2844 2195 3002 2236 sacro
3035 2181 3233 2249 popqu
3275 2181 3377 2234 hoc
3419 2177 3585 2233 veluti

320 2270 438 2323 ’τδν
468 2270 614 2339 ἱερὸν
660 2270 809 2336 λαὸν,
840 2270 1090 2339 σύνθημα
1135 2272 1291 2325 τοῦτο
1323 2276 1555 2326 ποιεῖται
1585 2288 1600 2303 ⁶
1640 2276 1732 2328 καὶ
1764 2275 1913 2329 αὐτοὶ

2016 2267 2231 2333 signum
2272 2270 2528 2334 proponit
2560 2285 2573 2331 ;
2618 2280 2670 2323 ct
2713 2286 2837 2324 cum
2872 2272 2996 2338 ipsi,
3025 2282 3085 2326 ut
3120 2287 3241 2326 mos
3278 2281 3382 2333 est,
3418 2271 3587 2338 glori-

347 2361 418 2430 τῇ
443 2359 724 2430 δοξολογία
752 2360 812 2412 τὸ
849 2381 868 2413 ι
892 2363 1085 2431 Ἀμὴν,
1114 2382 1132 2413 ι
1170 2365 1310 2417 κατὰ
1334 2364 1396 2416 τὸ
1422 2364 1635 2430 εἰωθὸς,
1665 2367 1920 2419 ἐπειπόνο

349 2465 466 2517 τες,
490 2449 584 2503 τοῦ
638 2448 808 2520 ὕμνου
859 2452 1217 2523 ἀπάρχονται.
1248 2454 1401 2507 Μετά
1430 2453 1487 2507 δὲ
1529 2454 1619 2507 τὸν
1666 2452 1854 2521 ὕμνον,
1888 2456 1913 2508 ὁ

2012 2449 2191 2517 piunt.
2236 2446 2365 2502 Post
2412 2450 2674 2519 hymnum
2707 2459 2890 2503 autem
2939 2450 3195 2505 sacerdos
3216 2449 3368 2519 jubet
3396 2464 3588 2503 omnes

357 2542 534 2610 ἱερεὺς
556 2538 767 2595 Ξιελεύει
793 2543 1000 2608 πάντας
1031 2544 1102 2613 μὴ
1130 2544 1385 2615 ῥαθύμως
1405 2546 1499 2598 καὶ⁸
1516 2545 1756 2616 ἀμελῶς,
1779 2547 1913 2600 ἀλλὰ

2013 2554 2121 2592 non
2162 2539 2467 2594 socorditer
2504 2549 2557 2594 et
2596 2541 2938 2611 negligenter
2980 2552 3155 2607 stare,
3216 2542 3308 2596 sed
3351 2558 3414 2595 ea
3467 2559 3588 2612 quae

353 2633 463 2694 τοῖς
495 2632 839 2701 τελουμένοις
865 2638 957 2687 καὶ
992 2636 1269 2705 ᾀδομένοις
1302 2637 1592 2706 προσέχειν
1624 2638 1715 2691 τὸν
1747 2638 1872 2690 νοῦν
1896 2652 1910 2666 ·

2015 2631 2156 2683 fiunt
2179 2641 2231 2683 et
2264 2641 2535 2684 canuntur
2570 2635 2850 2686 attendere
2880 2648 2895 2687 :
2927 2633 3260 2704 Πρὸσχωμεν
3278 2632 3445 2697 enim,
3477 2649 3587 2702 quo

354 2721 416 2773 τὸ
431 2721 559 2789 γὰρ,
579 2723 962 2791 Πρόσχωμεν,
977 2725 1135 2778 τοῦτο
1165 2726 1406 2781 δύναται.
1425 2726 1553 2781 Εἶτα
1574 2730 1671 2799 τὴν
1690 2730 1913 2799 εἰρήνην

2012 2718 2275 2774 vocabulo
2307 2730 2552 2786 utuntur,
2580 2722 2721 2776 idem
2752 2731 2835 2777 est
2868 2724 3037 2793 quod,
3070 2722 3298 2778 Mentem
3335 2725 3588 2779 adhibea-

2017 2356 2279 2417 ﬁczttioui.
2332 2376 2350 2409 ι
2385 2360 2555 2411 Amen
2614 2376 2633 2410 ι
2702 2358 3072 2425 subiecerint,
3135 2362 3393 2430 hymnum
3446 2362 3585 2415 inci-
3682 2372 3693 2381 '

358 2810 576 2879 εὕχεται
632 2816 788 2876 πᾶσι,
819 2817 912 2867 καὶ
969 2816 1164 2884 σοφίαν
1212 2820 1641 2889 ἀναμιμνήσκει,
1688 2821 1807 2891 μεθ’
1844 2817 1912 2894 ἦς

360 2902 440 2955 δεῖ
481 2906 591 2968 τοῖς
633 2908 955 2976 μυστηρίοις
986 2908 1298 2977 προσέχειν.
1342 2910 1436 2971 Τίς
1483 2911 1539 2964 δὲ
1571 2912 1603 2980 ἡ
1633 2911 1792 2981 σοφία
1818 2928 1833 2977 ;
1859 2914 1910 2965 oi

355 2995 722 3066 προσήκοντες
775 3001 841 3069 τῇ
896 3000 1080 3070 τελετῇ
1125 3000 1393 3071 λογισμοὶ,
1429 3001 1550 3072 μεθ’
1569 2998 1642 3056 ὧν
1673 3004 1802 3073 ὁρᾷν
1831 3003 1914 3057 δεῖ

352 3085 445 3137 καὶ
488 3086 706 3141 ἀκούειν
739 3090 805 3142 τὰ
831 3090 1130 3160 τελούμενα
1160 3094 1252 3145 καὶ
1285 3092 1574 3160 λεγόμενα,
1601 3095 1650 3146 oi
1674 3096 1912 3156 πίστεως

2010 2824 2148 2863 ntus.
2190 2811 2389 2866 Deinde
2419 2822 2674 2879 precatur
2730 2829 2917 2884 pacem
2960 2816 3236 2880 omnibus,
3266 2824 3320 2869 et
3362 2816 3581 2886 sapien-

2012 2901 2139 2956 tiam
2189 2903 2242 2957 in
2295 2906 2610 2961 memoriam
2648 2915 2902 2973 revocat,
2937 2921 3061 2961 cum
3095 2921 3202 2976 qua
3240 2917 3457 2976 oportet
3507 2906 3575 2960 ad

2013 2996 2271 3066 mysteria
2315 2998 2574 3052 accedere
2609 3008 2665 3053 et
2704 3006 2936 3052 mentem
3001 2998 3282 3054 adhibere.
3326 2998 3583 3065 Quanam

2010 3097 2092 3142 cst
2130 3096 2311 3142 autem
2341 3088 2652 3159 sapientia?
2682 3088 3053 3159 Cogitationes
3094 3091 3350 3163 mysterio
3382 3105 3586 3146 conve-

349 3177 630 3246 γέμοντες,
663 3180 713 3230 οί
742 3183 905 3249 μηδὲν
932 3180 1285 3253 ,ἀνθρώπινον
1316 3183 1549 3253 ἔχοντες.
1598 3186 1767 3239 Τοῦτο
1799 3187 1907 3257 γὰρ

2014 3179 2243 3241 nientes,
2267 3193 2390 3233 cum
2416 3178 2619 3247 quibus
2638 3188 2850 3250 oportet
2879 3181 3067 3236 audire
3090 3190 3142 3235 et
3173 3183 3353 3238 videre
3378 3197 3441 3237 ea
3465 3197 3586 3251 quae

348 3269 383 3337 ἠ
410 3270 518 3323 τῶν
548 3271 881 3341 Χριστιανῶν
917 3275 1098 3342 σοφία,
1140 3278 1231 3328 καὶ
1264 3276 1421 3330 τοῦτο
1458 3278 1677 3331 δύναται
1704 3280 1763 3332 τὸ
1800 3295 1906 3332 σο-

347 3362 485 3429 φία,
516 3362 782 3433 πολλαχοῦ
820 3365 918 3434 τῆς
946 3367 1255 3437 ίερουργίας
1309 3370 1645 3441 ἐκδοώμενον
1684 3374 1792 3433 τοῖς
1823 3389 1910 3424 πι-

350 3453 500 3513 στοῖς
542 3451 694 3521 παρά
739 3453 834 3507 τοῦ
893 3454 1098 3525 ἱερέως,
1144 3456 1447 3526 ἀνάμνησις
1494 3458 1603 3512 τῶν
1635 3459 1910 3528 λογισμῶν

348 3542 577 3597 τούτων.
612 3543 768 3596 Οὕτω
798 3545 906 3613 γὰρ
953 3545 1204 3616 ἀλλήλοις
1253 3548 1759 3618 ἀναμιμνήσκομεν,
1787 3549 1909 3603 ὀλό-

347 3634 555 3703 κληρον
578 3632 784 3688 ἔννοιαν
811 3636 890 3687 ἑνὶ
920 3637 1121 3706 ῥήματι
1165 3637 1442 3702 πολλάκις.
1479 3642 1558 3700 εἰς
1588 3640 1687 3701 τὰς
1734 3640 1911 3711 ψυχὰς

345 3724 460 3778 τῶν
508 3724 812 3779 ἀκουόντων
842 3726 1218 3783 ἀνανεοῦντες.
1252 3726 1349 3791 Τίς
1392 3728 1448 3781 δὲ
1492 3731 1525 3799 ἡ
1567 3730 1779 3800 ἀνάγκη
1813 3732 1911 3799 τῆς

343 3814 745 3884 ἀναμνήσεωςς
780 3816 953 3873 Πολλὴ
983 3816 1087 3884 τῆς
1121 3818 1288 3890 λήθης
1323 3820 1356 3890 ἠ
1386 3823 1661 3891 τυραννὶς,
1686 3825 1781 3874 καὶ
1821 3823 1913 3876 οὐ-

345 3906 446 3957 δὲν
469 3905 579 3958 τῶν
611 3905 966 3977 ἀνθρωπίνων
1012 3907 1223 3972 παθῶν,
1246 3907 1390 3962 οὕτω
1422 3911 1658 3980 συνεχῶς
1691 3912 1787 3965 καὶ
1819 3914 1916 3983 ρᾳ-

344 3997 482 4058 diu);
515 3998 808 4067 ἀνατρέπει
852 3999 943 4051 τὸν
972 3997 1278 4067 ἄνθρωπον,
1317 4001 1395 4060 ὡς
1448 3999 1607 4053 τοῦτο
1634 4001 1695 4053 τὸ
1723 4002 1915 4065 πάθος.

360 4088 521 4141 Ἐπεὶ
543 4088 599 4141 δὲ
619 4090 757 4159 μετὰ
780 4091 887 4143 τῶν
908 4103 1297 4161 προσηκοντων
1329 4092 1607 4163 λογισμῶν
1625 4094 1917 4159 ἀναγκαῖον

346 4178 599 4242 ὲττάναι,
630 4182 725 4233 καὶ
772 4181 1019 4250 μετέχειν
1050 4180 1151 4249 τῆς
1195 4180 1437 4250 τελετῆς,
1461 4180 1554 4233 καὶ
1596 4179 1705 4233 τῶν
1756 4178 1918 4248 ἱερῶν

346 4270 530 4339 αὐτῆς
577 4271 960 4340 ἀκουσμάτων,
1002 4272 1094 4323 καὶ
1128 4271 1435 4340 θεαμάτων,
1463 4269 1517 4323 ετ
1536 4286 1598 4338 γε
1632 4268 1920 4339 μέλλοιμεν

352 4364 438 4433 μὴ
476 4362 653 4433 μάτην
699 4362 945 4433 μετέχειν
994 4363 1198 4429 αὐτῶν,
1230 4363 1446 4417 καὶτὸν
1477 4361 1667 4433 χρόνον
1712 4361 1920 4431 τρίϐειν

345 4453 479 4523 είκῆ
500 4466 517 4483 ⁸
546 4453 704 4508 τοῦτο
734 4454 790 4507 δε
820 4455 881 4506 ού
916 4455 1129 4526 ῥᾴδιον·
1155 4455 1243 4508 διὰ
1266 4454 1427 4508 τοῦτο
1458 4454 1617 4524 χρεία
1643 4454 1742 4523 μὲν
1770 4454 1919 4522 ἡμᾶς

343 4544 572 4608 αὐτοὺς,
600 4544 732 4611 παρ’
756 4544 914 4614 ἡμῶν
958 4543 1135 4597 αὐτῶν
1182 4544 1543 4614 ἐγρηγορέναι
1569 4544 1665 4596 καὶ
1700 4544 1910 4613 νήφεινο

344 4637 516 4707 χρεία
546 4635 603 4689 δὲ
643 4635 741 4704 τῆς
783 4635 980 4699 ἔξωθεν
1014 4636 1392 4705 ὑπομνήσεως,
1424 4635 1511 4686 ῐνα
1544 4634 1782 4703 συνεχῶς
1808 4632 1914 4685 ὑπὸ

346 4731 453 4798 τῆς
475 4727 644 4797 λήθης
673 4726 976 4796 συλώμενον
999 4727 1090 4779 τὸν
1112 4728 1377 4797 ἡμετέρον
1408 4726 1553 4791 νοῦν,
1580 4727 1673 4778 καὶ
1698 4724 1915 4795 περιελ-

347 4819 586 4886 κόμενον
608 4819 688 4879 είς
712 4816 945 4885 ματαίας
963 4816 1184 4880 ἐλπίδας
1207 4817 1609 4887 ἀναλαμϐάνειν
1630 4815 1913 4884 δυνώμεθα

348 4909 519 4963 πάλιν
542 4923 556 4940 ο
588 4909 745 4962 τοῦτο
771 4909 862 4961 καὶ
885 4910 945 4961 τὸ
971 4904 1122 4980 ᾆσμα
1151 4908 1400 4980 βούλεται
1447 4910 1507 4960 τὸ
1539 4908 1797 4978 ᾀδόμενον
1821 4923 1916 4976 με·

346 4997 489 5063 ταξῦ
517 4997 624 5052 τῶν
659 4998 854 5069 τιμίων
878 4997 1066 5069 δώρων
1093 4999 1170 5061 είς
1199 4998 1262 5052 τὸ
1284 4997 1667 5068 θυσιαστήριον
1693 4994 1916 5066 κομιζο-

334 5092 551 5162 μένων.

432 5270 622 5325 Πᾶσαν
647 5269 903 5341 βιωτικὴν
923 5268 1050 5340 γὰρ,
1075 5270 1232 5339 φησι,
1248 5267 1583 5339 ἀποθώμεθα
1618 5267 1913 5337 μέριμναν·

353 5363 453 5416 καὶ
500 5362 722 5417 τοιαῦτα
758 5363 859 5435 μὲν
887 5362 1046 5416 τοῦτο
1089 5362 1312 5417 δύναται
1356 5363 1417 5415 τδ
1466 5363 1640 5431 ῥῆμα.
1676 5362 1831 5413 Ἐστι
1857 5357 1915 5412 δὲ

354 5456 452 5507 καὶ
481 5455 562 5514 τὸ.
595 5454 765 5526 ὀρθοὶ,
814 5453 1144 5524 ἐπιφώνημα
1199 5453 1524 5522 παραίνεσιν
1555 5451 1699 5521 ἕχον.
1733 5451 1830 5514 Τίς
1857 5450 1914 5503 δὲ

354 5548 390 5613 ὴ
426 5546 784 5616 παραίνεσιςς
827 5545 916 5598 Ἑν
945 5546 1151 5615 ἀγωνίᾳ
1181 5547 1327 5615 ἡμᾶς
1375 5539 1516 5599 εἶναι
1563 5541 1916 5615 βούλεταιτῷ

354 5636 479 5705 Θεῷ
511 5637 603 5691 καὶ
631 5637 743 5699 τοῖς
772 5638 1090 5707 μυστηρίοις
1121 5637 1568 5708 ἐντυγχάνοντας,
1597 5635 1789 5704 καὶμὴ
1819 5638 1917 5705 ρᾳ-

357 5727 571 5797 θύμως,
603 5728 739 5783 ἀλλά
792 5728 930 5799 μετὰ
961 5727 1200 5800 σπουδῆς
1234 5729 1326 5781 καὶ
1359 5728 1542 5797 πάσης
1590 5728 1772 5791 αἰδοῦς
1816 5727 1916 5799 τὴν

356 5818 616 5892 τοιαύτην
647 5820 862 5892 ὁμιλίαν
894 5820 1192 5889 ποιεῖσθαι,
1238 5820 1346 5874 εἴτε
1375 5821 1526 5891 ὀρᾷν,
1565 5819 1671 5871 εἴτε
1713 5819 1913 5887 λέγειν,

2013 3268 2149 3322 ﬁunt
2181 3277 2232 3323 et
2265 3268 2542 3332 dicuntur,
2576 3286 2669 3323 eos
2701 3271 2807 3339 qui
2825 3271 2927 3324 [ide
2959 3272 3101 3340 pleni
3133 3282 3279 3337 sunt,
3309 3274 3401 3341 qui
3443 3274 3583 3329 nihil

2012 3360 2214 3414 habent
2257 3359 2501 3414 humani.
2548 3360 2661 3415 lloc
2698 3370 2782 3415 est
2818 3361 2962 3414 enim
3004 3363 3436 3417 Christianorum
3490 3379 3585 3416 Sn-

2009 3453 2233 3521 picntia,
2264 3462 2328 3517 ,et
2374 3454 2475 3507 hoc
2514 3452 2617 3506 sibi
2656 3453 2769 3506 vult
2800 3453 3087 3522 sapientia,
3128 3470 3249 3522 qua:
3301 3456 3353 3507 iu
3400 3454 3585 3506 multis

2010 3543 2147 3599 locis
2195 3544 2451 3600 sacriticii
2484 3543 2731 3599 ﬁdelibus
2778 3544 3113 3599 acclamatur
3166 3562 3193 3598 a
3252 3546 3579 3610 sacerdote,

2013 3633 2205 3688 harum
2249 3633 2460 3690 scilicet
2501 3634 2895 3705 cogitationum
2933 3632 3258 3688 recordatio.
3315 3633 3390 3686 Ita
3435 3636 3580 3685 enim

2013 3740 2115 3781 nos
2151 3724 2384 3780 invicem
2429 3726 2786 3781 admonemus
2814 3733 2866 3780 et
2900 3724 2953 3779 iu
2996 3726 3313 3780 memoriam
3356 3739 3583 3780 revoca-

2014 3831 2159 3883 mus,
2196 3817 2461 3886 integram
2493 3816 2876 3885 cogitationem
2910 3829 3020 3871 uuo
3065 3816 3232 3871 verbo
3276 3816 3327 3869 iu
3370 3816 3585 3870 audito-

1986 3923 2136 3965 .rum
2170 3907 2365 3962 animis
2397 3915 2746 3963 renovantes.
2787 3907 2929 3974 Quid
2977 3916 3159 3963 autem
3198 3910 3297 3963 hac
3337 3908 3390 3960 in
3433 3924 3586 3961 uten-

2016 4009 2120 4054 tcm
2150 3999 2494 4053 revocatione
2527 4015 2666 4068 opus
2694 4000 2810 4054 est?
2836 3999 3026 4069 Magna
3061 4010 3142 4053 est
3175 4000 3466 4053 oblivionis
3501 4009 3583 4069 ty-

2017 4090 2227 4151 rannis,
2258 4098 2314 4141 et
2343 4089 2488 4141 nulla
2531 4091 2766 4143 humana
2795 4090 3011 4143 aﬂ‘ectio
3041 4091 3354 4157 frequenter
3377 4099 3433 4143 et
3475 4100 3584 4143 tam

2021 4178 2179 4234 facile
2212 4178 2489 4233 hominem
2515 4179 2797 4243 subvertit,
2829 4188 2887 4234 ut
2912 4181 3028 4234 hate
3061 4179 3294 4234 affectio.
3328 4180 3463 4246 Quia
3488 4195 3583 4233 au-

2023 4279 2125 4327 tem
2152 4285 2275 4326 cum
2309 4270 2764 4326 convenientibus
2793 4272 3212 4342 c0gitatiouihus
3253 4285 3475 4325 necesse
3499 4280 3583 4324 est

2021 4371 2167 4417 stare
2200 4369 2254 4415 et
2294 4361 2538 4432 mysterii
2570 4376 2691 4416 esse
2719 4362 3030 4432 participes,
3067 4373 3124 4417 et
3153 4377 3431 4419 sacrarum
3463 4361 3583 4431 ejus

2022 4454 2365 4508 auditionum
2399 4462 2454 4507 et
2500 4454 3043 4522 contemplationum,
3097 4456 3201 4510 nisi
3256 4455 3333 4509 eis
3381 4455 3580 4508 frustra

1947 4533 1989 4587 Ι)
2017 4556 2208 4595 sumus
2237 4540 2555 4595 interfuturi
2586 4552 2640 4595 et
2664 4551 2879 4613 tempus
2906 4544 3279 4613 cousutnpturi
3310 4562 3323 4598 :
3350 4545 3453 4597 hoc
3480 4558 3582 4595 au-

2016 4640 2122 4686 tem
2152 4648 2260 4687 non
2291 4632 2557 4698 sitfacile;
2586 4643 2869 4703 propterea
2903 4649 3039 4705 opus
3072 4634 3398 4702 estquidem
3433 4634 3579 4701 ipsos

2015 4738 2046 4777 a
2074 4724 2229 4778 nobis
2258 4724 2391 4793 ipsis
2424 4726 2650 4781 excitari
2685 4736 2740 4782 et
2767 4743 2891 4783 esse
2919 4728 3166 4793 sobrios;
3193 4743 3331 4796 opus
3362 4737 3445 4781 cst
3477 4742 3576 4779 au-

2018 4820 2120 4865 tem
2165 4825 2387 4869 externa
2436 4816 2805 4873 admonitione
2829 4858 2845 4884 ,
2880 4830 2937 4874 ut
2967 4828 3205 4873 nostram
3242 4828 3475 4872 mentem
3509 4821 3579 4874 ab

2016 4906 2289 4961 oblivione
2322 4909 2541 4962 assidue
2572 4920 2903 4979 surreptam,
2935 4919 2989 4964 ct
3019 4910 3085 4963 ad
3117 4924 3280 4964 vanas
3311 4923 3471 4964 curas
3500 4922 3583 4966 at-

2017 5008 2242 5053 tractam
2275 5000 2547 5069 possimus
2578 5001 2835 5070 recipere.
2867 5002 2980 5054 [Ioc
3001 5001 3162 5055 etiam
3180 5001 3281 5056 sibi
3301 5003 3414 5057 vult
3445 5019 3582 5057 cau-

2016 5092 2185 5147 ticum
2220 5090 2368 5162 quod
2399 5094 2635 5159 canitur,
2671 5095 2798 5147 dum
2831 5094 3067 5163 pretiosa
3114 5094 3255 5146 dona
3297 5093 3363 5147 ad
3411 5094 3580 5150 altare

2016 5184 2341 5240 aﬂ‘eruntur.

2084 5274 2334 5342 Omnem,
2371 5276 2566 5346 inquit,
2597 5275 2665 5330 de
2694 5275 2842 5329 victu
2870 5274 3297 5332 sollicitudinem
3334 5276 3576 5344 depona-

2017 5379 2160 5419 mus.
2200 5365 2267 5419 Et
2301 5366 2414 5422 haec
2447 5366 2667 5436 quidem
2712 5366 2815 5422 hoc
2857 5367 3082 5422 verhutn
3120 5369 3408 5438 signiﬁcat.
3451 5365 3579 5423 Haec

2014 5470 2232 5524 quoque
2302 5457 2620 5511 acclamatio
2670 5459 2800 5512 recti
2874 5459 3037 5514 habet
3115 5459 3573 5513 adhortationem.

2018 5546 2150 5613 Quae
2173 5555 2256 5601 est
2284 5557 2462 5601 autem
2496 5548 2839 5603 adhortatio?
2872 5547 2999 5605 Vult
3024 5565 3120 5604 uos
3142 5562 3265 5602 esse
3290 5547 3573 5601 certamini

2017 5637 2255 5693 intentos
2282 5676 2296 5700 ,
2342 5637 2435 5705 qui
2471 5636 2742 5693 ad‘Deutn
2773 5649 2828 5694 et
2857 5640 3040 5693 divina
3078 5636 3335 5705 mysteria
3363 5640 3574 5693 accedi-

2017 5743 2161 5794 mus,
2193 5735 2246 5782 et
2274 5742 2380 5782 nou
2417 5729 2742 5793 socorditer,
2770 5730 2861 5784 sed
2892 5743 3017 5781 cum
3061 5725 3243 5781 studio
3273 5734 3327 5779 et
3348 5728 3575 5799 diligen-

2020 5818 2116 5884 tia,
2149 5817 2405 5887 outniqtte
2431 5818 2733 5874 reverentia
2771 5820 2822 5873 in
2847 5819 2925 5873 eis
2960 5815 3186 5879 versari,
3214 5815 3329 5873 sive
3369 5822 3572 5884 videre,
