4132 6308
559 413 664 475 4ίὸ

1814 418 2121 480 NICOLAI
2157 418 2544 481 CABASILE

3698 411 3808 472 416

557 528 687 584 sive
705 527 909 597 dicere,
936 529 1052 583 sive
1074 530 1262 585 audire
1288 530 1490 602 aliquid
1522 547 1585 587 ex
1615 533 1788 588 sacris
1816 533 2120 603 oportebit;

2230 533 2336 584 sise
2358 531 2452 583 καὶ
2484 529 2703 582 ἀκούειν
2733 545 2785 581 τι
2809 528 2991 598 δεήσει
3026 527 3189 597 ἱερῶν
3214 543 3228 557 ο
3272 527 3365 579 καὶ
3396 528 3616 597 σημεῖον
3649 527 3808 580 τοῦτο

558 629 617 675 et
658 620 762 675 hoc
794 621 1028 689 primum
1073 623 1287 691 signum
1324 624 1610 679 ostendere
1662 622 1828 692 hujus
1876 625 2043 680 studii
2072 633 2126 679 et

561 713 907 777 reverentiae,
939 715 1189 784 corporis
1222 717 1573 781 erectionem,
1615 726 1674 771 ut
1705 732 1813 771 non
1847 717 2121 786 sedentes,

560 807 657 858 sed
691 804 825 859 recti
870 805 972 860 hoc
1016 821 1258 876 agamus.
1293 805 1441 861 Talis
1485 817 1569 863 est
1616 809 1759 863 enim
1812 809 2030 863 habitus
2071 819 2127 865 et

562 893 733 961 ﬁgura
783 895 1110 964 supplicum,
1145 898 1270 951 talis
1304 898 1526 954 habitus
1575 915 1880 959 servorum.
1917 900 2011 971 qui
2056 900 2123 955 ad

560 990 751 1036 nutum
804 983 1152 1040 dominorum
1200 1004 1418 1043 onmem
1464 998 1701 1045 mentem
1742 1000 1978 1047 erectam
2031 994 2125 1047 ha-

563 1072 711 1136 bent,
746 1079 805 1126 ut
833 1074 1014 1127 statim
1053 1075 1118 1127 ad
1174 1077 1565 1144 ministerium,
1592 1089 1880 1150 postquam
1907 1082 2122 1151 jussuin

560 1164 910 1232 arripuerint,
940 1175 1089 1222 recta
1136 1179 1391 1235 currant;
1424 1186 1525 1226 nos
1552 1181 1733 1227 autem
1781 1188 1971 1228 smnus
2016 1175 2125 1229 Deo

559 1254 627 1307 de
677 1255 931 1310 maximis
977 1260 1250 1327 supplices
1296 1268 1351 1314 et
1403 1262 1551 1316 omni
1602 1262 1884 1317 servitutis
1928 1279 2126 1331 genere

559 1346 722 1401 servi.
756 1345 823 1401 Et
847 1347 1039 1403 borum
1074 1350 1293 1420 quidem
1321 1354 1612 1409 verborum
1642 1354 1756 1410 haec
1786 1365 1869 1411 est
1896 1357 2053 1412 ratio.

1157 1552 1309 1609 CAP.
1357 1553 1523 1610 XXII.

705 1642 779 1696 De
811 1642 1031 1698 lectione
1053 1642 1451 1712 Scripturarum
1475 1658 1522 1700 et
1552 1649 1736 1703 ordine
1764 1665 1974 1713 eorum,

1106 1725 1151 1766 et
1183 1713 1583 1784 signiﬁcatione.

629 1801 760 1858 Post
795 1814 876 1857 ter
904 1814 1152 1860 sanctum
1188 1806 1473 1876 hymnum,
1504 1809 1701 1879 legitur
1745 1810 1881 1866 liber
1910 1823 2128 1881 aposto-

558 1894 728 1959 licus;
774 1895 970 1950 deinde
1004 1894 1393 1967 Evangelium,
1442 1902 1643 1970 hymno
1690 1906 1847 1973 prius
1900 1880 2007 1960 Deo
2058 1907 2126 1961 ab
2158 1880 2199 1935 Β

558 1984 805 2040 Ecclesia
840 1995 1078 2041 cantato.
1111 1989 1223 2043 Cur
1251 1998 1432 2045 autem
1469 2001 1596 2047 ante
1644 1994 1904 2052 lectiones
1945 2012 2128 2053 sacra—

558 2091 681 2131 rum
746 2078 1154 2148 Scripturarum
1235 2082 1403 2138 Deum
1473 2085 1798 2144 laudamus?
1855 2090 2009 2155 Quod
2074 2091 2128 2145 in

561 2168 820 2225 omnibus
864 2180 1084 2241 oportet
1118 2174 1221 2228 hoc
1268 2173 1467 2240 facere,
1501 2178 1700 2247 quibus
1743 2180 1834 2235 ille
1877 2195 1977 2237 nos
2011 2197 2133 2251 per-

559 2267 723 2328 petuo
758 2265 944 2327 donat,
998 2264 1236 2319 maxime
1264 2275 1442 2322 autem
1481 2278 1707 2339 propter
1730 2273 2128 2329 assecutionem

559 2349 741 2417 magni
777 2350 1012 2419 alicujus
1058 2352 1204 2418 boni,
1244 2356 1404 2424 quale
1430 2367 1515 2413 est
1546 2358 1857 2417 divinorum
1889 2364 2134 2433 eloquio-

561 2455 682 2493 rum
756 2442 985 2497 auditio.
1051 2443 1158 2500 Sed
1206 2445 1262 2499 in
1306 2448 1573 2516 Apostolo
1614 2453 1853 2520 quidem,
1897 2455 2132 2525 hymnus

560 2542 685 2580 cum
742 2530 1163 2599 supplicatione.
1211 2533 1444 2590 Additur
1495 2541 1641 2593 enim
1683 2541 1859 2598 illud:
1911 2563 1931 2596 ‹
1974 2545 2134 2600 illise-

560 2632 702 2671 rere.
730 2636 749 2670 ›
796 2619 851 2672 lu
890 2620 1184 2690 Evangelio
1222 2634 1402 2678 autem
1439 2641 1632 2694 puram
1674 2643 1702 2681 a
1739 2631 2134 2700 supplicatione

561 2708 798 2762 facimus
852 2710 1224 2781 hymnodiam,
1279 2724 1339 2769 ut
1399 2720 1642 2785 sciamus
1690 2723 1833 2790 quod
1880 2723 2133 2779 Christus

564 2814 660 2866 per
688 2797 1040 2870 Evangelium
1069 2803 1412 2874 signiﬁcatur
1439 2826 1456 2874 ;
1487 2824 1648 2877 quem
1679 2812 1774 2879 qui
1803 2812 2130 2877 invenerint.

564 2891 633 2946 iis
661 2906 825 2948 omne
864 2895 1008 2961 quod
1054 2900 1323 2966 quaeritur
1364 2910 1448 2955 est
1510 2902 1563 2956 in
1613 2904 1883 2960 manibus.
1922 2907 2131 2961 Etenim

565 2983 832 3065 intusuest
864 2986 1133 3055 Sponsus,
1168 3000 1222 3046 et
1262 3008 1371 3048 non
1420 3010 1560 3062 opus
1593 3007 1676 3054 est
1710 3001 1793 3056 eis
1831 3003 1897 3056 de
1937 3004 2046 3058 ulla
2075 3019 2137 3058 re

566 3074 899 3144 supplicare,
941 3094 1064 3134 cum
1101 3084 1287 3138 omnia
1330 3084 1591 3145 habeant.
1645 3090 1800 3146 Sicut
1853 3107 1953 3149 nec
2001 3110 2134 3149 con-

566 3173 893 3268 sentaneum
914 3170 1166 3240 jejunare
1195 3173 1337 3231 ﬁlios
1363 3176 1587 3247 Sponsi.
1616 3182 1858 3250 quandiu
1899 3192 1981 3238 est
2010 3200 2131 3239 cum
2156 3204 2202 3268 ρ

564 3257 646 3312 eis
674 3256 920 3327 Sponsus
942 3303 957 3327 ,
997 3265 1092 3319 sed
1118 3280 1241 3345 eum
1271 3276 1481 3325 tantum
1515 3274 1762 3329 venerari
1790 3283 1845 3330 et
1869 3276 2127 3343 laudare,

565 3350 1003 3421 quandoquidem
1027 3369 1081 3411 et
1101 3361 1419 3429 angelorum
1441 3364 1697 3433 hymnus,
1716 3368 1929 3437 qualem
1952 3370 2131 3439 ipsum

567 3440 844 3509 propheta:
871 3445 1088 3506 docent.
1116 3459 1338 3519 propter
1361 3454 1607 3508 eamdem
1639 3457 1931 3521 rationem,
1953 3459 2132 3514 solum

566 3536 800 3599 hymnus
825 3544 909 3590 est
940 3539 1011 3592 ab
1040 3541 1189 3595 omni
1231 3544 1633 3611 supplicatione
1663 3547 1818 3604 liber.
1863 3548 1967 3603 Sed
2001 3551 2132 3619 quid

563 3624 666 3677 sibi
715 3627 828 3678 vult
881 3628 967 3683 hic
1000 3645 1284 3686 sacrarum
1323 3632 1652 3690 Litterarum
1700 3638 1895 3693 lectio?
1948 3639 2004 3694 Si
2048 3642 2132 3698 vis

563 3715 785 3780 quidem
821 3733 975 3772 usum
1021 3722 1187 3783 scire.
1227 3724 1435 3779 dictum
1477 3739 1581 3782 est.
1610 3726 1720 3781 Nos
1751 3730 1895 3785 enim
1924 3747 2132 3803 praepa-

567 3817 681 3859 rant
734 3817 785 3860 et
850 3824 1199 3882 prazpurgant
1254 3825 1382 3873 ante
1443 3835 1694 3887 magnam
1747 3826 2128 3894 mysteriorum

563 3897 1077 3961 sanctiﬁcationem.
1099 3904 1196 3960 Sin
1222 3916 1402 3962 autem
1429 3911 1630 3980 quaeris
1654 3912 2131 3983 signiﬁcationem,

566 3986 776 4043 Domini
806 3993 1302 4052 manifestationem
1331 3999 1658 4070 signiﬁcant,
1683 4019 1789 4074 qua
1816 4006 2134 4063 manifesta-v

564 4088 651 4135 tus
693 4090 777 4138 est
809 4086 1064 4153 paulatim
1109 4102 1231 4159 post
1271 4094 1664 4150 ostensionem.
1707 4096 1949 4153 Primum
1984 4100 2128 4154 enim

561 4175 868 4231 ostenditur
899 4182 1286 4250 complicatum
1324 4183 1700 4257 Evangelium,
1741 4188 1886 4259 quod
1915 4188 2128 4245 Domini

561 4267 962 4332 apparitionem
992 4274 1283 4343 signiﬁcat,
1321 4293 1416 4343 per
1445 4295 1610 4348 quam
1644 4281 1822 4349 ipsum
1857 4290 2127 4337 tacentem

563 4352 722 4407 Pater
755 4360 1015 4424 ostendit,
1048 4366 1271 4429 quando
1302 4368 1394 4421 ille
1430 4371 1568 4424 nihil
1603 4371 1835 4438 loquens
1867 4374 2129 4439 praedica-

562 4443 697 4496 toris
727 4460 859 4498 voce
897 4464 1035 4515 opus
1088 4452 1300 4509 habuit.
1342 4456 1468 4512 llaec
1511 4467 1694 4513 autem
1748 4461 2125 4527 perfectiorem

2229 623 2444 692 πρῶτον
2470 621 2746 675 δεικνύναι
2776 621 2873 690 τῆς
2906 621 3142 689 σπουδῆς
3188 618 3413 687 ταύτης,
3447 620 3541 671 καὶ
3579 622 3675 688 τῆς
3712 622 3807 672 εύ-

2225 713 2468 777 λαϐείας,
2496 713 2594 779 τὴν
2639 712 2873 783 ὄρθωσιν
2918 709 3011 762 τοῦ
3049 710 3322 779 σώματος,
3352 711 3410 762 τὸ
3446 710 3518 779 μὴ
3556 710 3808 789 καθημεο

2226 823 2368 870 νους.
2422 805 2534 859 ἀλλ’
2581 804 2820 865 ἑστῶτας
2856 802 3014 856 τοῦτο
3050 803 3224 853 ποιεῖν
3254 816 3269 830 ο
3322 800 3565 853 τοιοῦτον
3604 802 3715 869 γὰρ
3747 801 3807 852 τὸ

2227 898 2411 969 σχῆμα
2441 897 2548 950 τῶν
2584 896 2958 958 ἱκετευόντων,
2987 893 3228 947 τοιοῦτον
3250 894 3311 945 τὸ
3340 893 3525 962 σχῆμα
3548 893 3656 944 τῶν
3681 893 3807 945 δού-

2225 988 2355 1051 λων,
2386 990 2437 1042 οἳ
2472 989 2609 1058 πρὸς
2640 988 2700 1040 τὸ
2733 985 2909 1055 νεῦμα
2959 984 3069 1040 τῶν
3098 985 3406 1048 Δεσποτῶν,
3440 982 3659 1038 ἅπαντα
3710 986 3809 1037 τὸν

2228 1079 2351 1134 νοῦν
2381 1079 2617 1151 ἔχουσιν,
2650 1078 2741 1133 ἵνα
2767 1078 2904 1148 πρὸς
2934 1078 3031 1147 τὴν
3056 1077 3333 1132 διακονίαν
3365 1076 3622 1146 ἑτοίμοις,
3652 1078 3808 1130 ἐπει-

2228 1174 2326 1226 δάν
2354 1173 2415 1225 τὸ
2445 1171 2734 1225 κελευσθὲν
2766 1171 3078 1241 ἀρπάσωσι,
3103 1170 3265 1233 εὐθὺς
3282 1170 3567 1240 δράμωσιν
3598 1185 3611 1198 ·
3640 1170 3804 1238 ἡμεῖς

2228 1264 2285 1317 δὲ
2319 1264 2408 1317 καὶ
2449 1264 2625 1316 ἱκέται
2661 1261 2739 1332 τῷ
2769 1262 2888 1330 Θεῷ
2934 1262 3063 1330 περὶ
3095 1260 3204 1313 τῶν
3237 1259 3529 1327 μεγίστων,
3560 1260 3657 1311 καὶ
3679 1260 3807 1311 δού-

2228 1355 2313 1408 λοι
2341 1356 2435 1409 καὶ
2489 1353 2737 1407 δουλείαν
2786 1353 3162 1424 παντοδαπὴν.
3197 1352 3309 1405 Καὶ
3351 1350 3460 1423 τῶν
3498 1350 3597 1421 μὲν
3626 1352 3807 1422 ρημάη

2228 1461 2338 1499 των
2364 1444 2572 1498 τούτων
2601 1438 2759 1507 οὗτος
2784 1446 2811 1499 ό
2841 1444 3020 1511 λόγος.

2822 1554 3078 1608 ΚΕΦΔΛ.
3109 1553 3239 1608 κη’.

2231 1647 2368 1716 Περὶ
2398 1644 2933 1726 τῆς-ἀναγνῷσςως
2960 1645 3080 1726 τῷν
3108 1646 3392 1726 ζραφῶν,
3429 1652 3530 1726 καὶ
3571 1652 3683 1722 τῆς
3708 1654 3811 1708 τά.

2508 1715 2667 1783 ξεως
2686 1715 2905 1779 αὐτῶν,
2938 1716 3037 1769 καὶ
3068 1715 3178 1783 τῆς
3202 1722 3534 1785 σημασίας.

2303 1809 2459 1862 Μετά
2479 1808 2536 1862 δὲ
2559 1809 2650 1860 τὸν
2691 1806 2976 1876 τρισάγιον
3007 1807 3035 1858 ὖ
3047 1825 3199 1876 μνον,
3230 1809 3589 1865 ἀποστολικον
3619 1814 3812 1882 ἀναγι-

2228 1899 2536 1967 γνώσκεται
2572 1899 2773 1970 βιϐλίον
2801 1916 2813 1930 ·
2840 1895 2960 1953 εἶτα
2984 1899 3043 1951 τὸ
3070 1900 3403 1969 Εὐαγγέλιον
3430 1903 3586 1970 αὐτὸ,
3613 1906 3813 1974 πρότε-

2234 2010 2324 2062 ρον
2354 1991 2524 2062 ὕμνου
2559 1991 2637 2059 τῷ
2671 1991 2790 2061 θεῷ
2838 1990 2992 2062 παρὰ
3029 1990 3126 2060 τῆς
3171 1991 3496 2062 Ἐκκλησίας
3525 1995 3808 2065 ᾀσθέντος.

2229 2086 2329 2140 Διά
2356 2084 2489 2137 τίδὲ
2530 2083 2638 2152 πρὸ
2678 2082 2786 2134 τῶν
2837 2081 3202 2151 ἀναγνώσεων
3234 2083 3398 2155 ἱερῶν
3427 2085 3687 2155 Γραφῶν,
3715 2088 3812 2141 τὸν

2230 2178 2362 2232 Θεὸν
2391 2176 2670 2249 ύμνούμεν
2696 2191 2711 2240 ;
2747 2174 2870 2227 ’Ότι
2902 2173 2993 2225 ἐπὶ
3034 2174 3168 2226 πᾶσι
3198 2172 3356 2225 τοῦτο
3387 2171 3469 2227 δεῖ
3504 2177 3699 2239 ποιεῖν,
3725 2171 3811 2240 οἷς

2231 2274 2437 2334 ἐκεῖνος
2468 2271 2617 2340 ἡμᾶς
2648 2268 2910 2321 ἑκάστοτε
2962 2265 3303 2335 δωρούμενος
3345 2266 3617 2320 διατελεῖ·
3651 2269 3818 2336 μάλι-

2233 2381 2333 2418 στα
2359 2363 2415 2417 δὲ
2450 2366 2508 2416 ὲν
2537 2362 2813 2425 ὲπιτεύξει
2844 2360 3080 2430 μεγάλου
3113 2358 3257 2421 τινὸς
3281 2358 3490 2424 ἀγαθοῦ
3512 2375 3526 2389 ·
3556 2353 3669 2412 οἷόν
3690 2362 3812 2413 ἐστι

2232 2457 2265 2525 ἠ
2313 2455 2422 2507 τῶν
2471 2453 2630 2507 θείων
2681 2452 2876 2521 λογίων
2924 2450 3191 2521 ἀκρόασις
3221 2465 3234 2480 ·
3265 2450 3382 2503 ἀλλ’
3431 2452 3524 2503 ἐπὶ
3559 2450 3659 2518 μὲν
3711 2452 3812 2505 τοῦ

2243 2542 2571 2598 ’Δποστὸλου
2601 2543 2739 2612 μετά
2763 2541 2973 2605 ἱκεσίας
3008 2538 3196 2606 ὕμνος.
3231 2537 3690 2609 Πρόσκειταιγάρ
3720 2539 3805 2603 τὸ,

2240 2652 2258 2685 ι
2316 2632 2589 2703 Ἐλέησον.
2624 2650 2643 2683 ›
2693 2631 2817 2684 Ἐπὶ
2846 2630 2902 2683 δὲ
2933 2628 3027 2682 τοῦ
3062 2627 3398 2696 Εύαγγελίου
3426 2626 3666 2698 καθαρὰν
3692 2628 3813 2681 ἱκε-

2234 2725 2354 2777 σίαν
2401 2724 2700 2793 ποιούμεθα
2753 2721 2854 2791 τὴν
2893 2720 3184 2791 ὑμνῳδίαν,
3225 2720 3314 2772 ἵνα
3370 2717 3634 2788 μάθωμεν
3673 2719 3811 2782 ὠςοὸ

2231 2816 2465 2887 Χριστὸς
2503 2815 2589 2869 διὰ
2635 2814 2731 2868 τοῦ
2786 2812 3120 2882 Εὐαγγελίου
3158 2812 3532 2881 σημαίνεταιο
3585 2810 3644 2863 δν
3690 2814 3810 2873 τοῖς

2231 2907 2505 2978 εύροῦσιν,
2532 2908 2678 2962 ἅπαν
2708 2906 2767 2959 τὸ
2807 2904 3139 2975 ζητούμενον
3180 2905 3239 2956 ἐν
3265 2903 3473 2973 χερσίν.
3500 2901 3605 2955 Καὶ
3636 2900 3746 2972 γάρ
3776 2903 3811 2953 δ

2232 2996 2485 3067 Νυμφίος
2534 2996 2705 3057 ἔνδον.
2743 2997 2839 3049 καὶ
2871 2998 2934 3049 ού
2963 2995 3124 3065 χρεία
3182 2994 3455 3047 ἱκετεύειν
3478 2988 3641 3047 αὐτὸν
3671 2994 3807 3062 περὶ

2232 3091 2464 3155 οὐδενὸς,
2493 3091 2672 3144 πάντα
2703 3090 2943 3159 ἔχοντας.
2970 3089 3181 3159 Ὥσπερ
3202 3086 3323 3140 οὐδὲ
3348 3085 3632 3156 νηστεύειν
3652 3085 3810 3147 υἱοὺς

2233 3181 2328 3236 τοῦ
2362 3182 2673 3252 Νυμφῶνος
2729 3182 2897 3246 εἰκὸς,
2935 3178 3022 3248 ἀφ’
3054 3180 3179 3232 ὅσον
3226 3178 3345 3247 μετ’
3374 3177 3555 3230 αὐτῶν
3603 3179 3751 3229 ἐστιν
3777 3180 3810 3230 ὁ

2233 3272 2486 3340 Νυμφίος
2511 3289 2526 3303 ·
2570 3272 2705 3325 ἀλλά
2742 3271 2901 3325 τοῦτο
2945 3270 3128 3340 μόνον,
3176 3270 3355 3323 σέϐειν
3388 3268 3552 3321 αὐτὸν
3578 3270 3672 3321 καὶ
3701 3269 3811 3336 ύμ-

2234 3364 2347 3417 νεῖν
2367 3379 2381 3392 '
2417 3364 2541 3416 ἐπεὶ
2579 3364 2675 3416 καὶ
2712 3365 2739 3416 ὁ
2762 3362 2873 3415 τῶν
2906 3362 3156 3429 ἀγγέλων
3184 3360 3373 3432 ὕμνος,
3418 3355 3533 3414 οἷον
3563 3360 3726 3411 αὐτὴν
3756 3361 3811 3413 οἱ

2234 3453 2517 3524 προφῆται
2570 3454 2906 3519 διδάσκουσι,
2950 3444 3172 3527 animi
3228 3452 3389 3504 αὑτὸν
3432 3450 3611 3516 λόγον,
3660 3451 3813 3503 τοῦτ’

2233 3544 2365 3598 αύτδ
2427 3543 2587 3612 μόνον
2661 3543 2830 3613 ὕμνος
2876 3544 3022 3598 ἐστὶν
3076 3542 3289 3606 ἱκεσίας
3357 3542 3809 3613 ἀπηλλαγμένος.

2245 3634 2410 3688 Ἀλλά
2439 3635 2492 3686 τί
2517 3633 2769 3704 βούλεται
2810 3634 3045 3689 ἐνταῦθα
3089 3636 3121 3705 ἡ
3167 3633 3474 3703 ἀνάγνωσις
3499 3633 3610 3686 τῶν
3644 3633 3813 3703 ἱερῶν

2234 3724 2496 3796 Γραφῶν;
2525 3726 2586 3779 Et
2615 3727 2716 3794 μὲν
2747 3726 2846 3797 την
2869 3726 3060 3797 χρείαν
3091 3725 3272 3797 βούλει
3309 3724 3526 3796 μαθεῖν,
3546 3724 3767 3794 εἴρηται
3788 3740 3808 3756 ο

2236 3819 2722 3889 παρασκευάζουσι
2762 3822 2870 3889 γὰρ
2909 3820 3075 3890 ημᾶς,
3106 3820 3200 3872 καὶ
3236 3819 3670 3889 προκαθαίρουσι
3698 3819 3811 3888 πρὸ

2230 3910 2329 3965 τοῦ
2366 3912 2603 3981 μεγάλου
2659 3912 2769 3964 τῶν
2808 3912 3123 3982 μυστηρίων
3169 3910 3470 3979 ἀγιασμοῦ.
3508 3913 3570 3964 Ei
3597 3911 3654 3963 δὲ
3700 3912 3806 3980 τὴν

2232 4004 2509 4073 σημασίαν
2556 4004 2761 4074 ζητεῖς,
2787 4002 2885 4076 τὴν
2915 4004 3224 4074 φανέρωσιν
3250 4004 3343 4055 τοῦ
3372 4002 3578 4072 Κυρίου
3608 4002 3805 4072 δηλοῦς-

2233 4114 2339 4161 σιν,
2380 4096 2447 4167 ἢν
2494 4095 2827 4168 ἐφανεροῦτο
2859 4096 3001 4149 κατά
3050 4095 3247 4165 μικρὸν
3280 4095 3418 4165 μετά
3447 4095 3546 4163 τὴν
3591 4094 3807 4147 ἀνάδει-

2232 4188 2332 4252 ξιν.
2382 4188 2601 4257 Πρῶτον
2651 4188 2751 4257 μὲν
2784 4186 2893 4257 γὰρ
2937 4186 2998 4239 τὸ
3047 4185 3382 4254 Εὐαγγὲλιον
3423 4186 3808 4240 ἀναδείκνυται

2232 4280 2696 4349 συνεπτυγμένον,
2736 4280 2834 4349 τὴν
2868 4276 3194 4346 ἐπιφάνειαν
3223 4276 3316 4330 τοῦ
3359 4276 3567 4347 Κυρίου
3599 4278 3807 4345 σημαῖο

2228 4384 2319 4421 νον
2345 4384 2360 4401 ⁸
2388 4369 2513 4422 καθ’
2544 4369 2610 4438 ἣν
2653 4367 2948 4422 σιωπῶντα
2984 4367 3146 4421 αὐτὸν
3177 4371 3204 4420 ὁ
3243 4366 3435 4437 Πατὴρ
3494 4365 3803 4429 ἀνεδείκνυ,

2226 4460 2318 4514 ὅτε
2364 4460 2518 4514 οὐδὲν
2575 4462 2782 4524 ἐκεῖνος
2816 4459 3211 4528 φθεγγόμενος,
3248 4459 3359 4528 ’τῆς
3409 4458 3502 4512 τοῦ
3550 4459 3802 4528 κήρυκος

562 4534 1060 4594 manifestatiouem
1113 4543 1478 4612 signiﬁcant:
1543 4564 1639 4618 per
1681 4565 1846 4620 quam
1916 4552 2127 4620 publice

2230 4552 2401 4605 ἐδεῖτο
2433 4554 2635 4623 φωνῆς.
2664 4551 2850 4604 Ταῦτα
2892 4551 2950 4603 δὲ
2983 4552 3083 4620 τῆς
3132 4548 3497 4620 φανερώσεὼς
3546 4552 3664 4602 ἐστι
3697 4567 3803 4621 σηο

559 4642 683 4679 eum
725 4630 984 4685 omnihus
1021 4636 1472 4701 conversabatur,
1500 4651 1552 4694 et
1591 4642 1827 4710 seipsum
1879 4647 2127 4701 ostende.

558 4719 669 4784 bat,
708 4736 813 4776 non
844 4722 1016 4777 solum
1044 4739 1109 4779 ex
1151 4726 1216 4779 iis
1267 4743 1389 4797 qua:
1440 4732 1555 4799 ipse
1581 4734 1813 4806 diccbat,
1844 4735 1937 4790 sed
1959 4739 2122 4791 etiam

557 4823 624 4862 ex
685 4812 748 4865 iis
806 4828 928 4883 quae
975 4815 1162 4871 docuit
1214 4822 1494 4886 apostolos
1524 4824 1730 4889 dicere,
1780 4826 2002 4881 mittens
2028 4844 2125 4884 eos

557 4898 623 4949 ad
660 4912 790 4953 oves
844 4918 966 4972 qute
1020 4906 1297 4974 perierant
1349 4912 1544 4967 domus
1593 4912 1780 4969 lsrael.
1831 4915 2124 4986 Propterea

560 4989 813 5056 leguntur
862 4996 1079 5065 quidem
1131 5000 1323 5055 litteras
1383 5004 1715 5073 apostolicae,
1764 5006 1962 5078 legitur
2019 5023 2124 5062 au-

562 5090 666 5134 tem
733 5084 910 5152 ipsum
972 5105 1191 5159 quoque
1240 5092 1617 5163 Evangelium.
1661 5098 1776 5153 Cur
1835 5115 1942 5155 non
1989 5116 2124 5171 ergo

560 5171 792 5237 primum
828 5174 1217 5248 Evangelium?
1248 5183 1386 5249 Quia
1430 5187 1772 5255 perfectioris
1808 5190 2126 5246 manifesta-

559 5261 722 5314 δίθηίε
749 5262 903 5331 Signa
936 5279 1088 5333 sunt,
1115 5287 1237 5339 quac
1277 5290 1371 5342 per
1398 5275 1574 5344 ipsum
1608 5277 1924 5343 Dominum,
1958 5297 2121 5350 quam

557 5367 679 5421 quae
727 5368 822 5422 per
872 5361 1148 5424 apostolos
1196 5364 1476 5422 dicuntur.
1510 5368 1647 5434 Quia
1682 5380 1860 5425 autem
1894 5387 1999 5426 non
2035 5388 2124 5427 re-

559 5453 740 5514 petito,
769 5456 824 5501 et
864 5463 974 5503 uno
1016 5453 1181 5508 simul
1228 5465 1470 5527 tempore
1519 5463 1775 5531 apparuit
1808 5463 2123 5526 hominibus

564 5536 826 5595 Dominus
870 5552 1077 5610 quanto
1128 5556 1247 5599 erat
1308 5552 1507 5605 robore
1536 5564 1591 5606 et
1634 5565 1836 5623 quanta
1884 5556 2124 5614 bonitate

561 5632 690 5699 {hoc
716 5633 860 5689 enim
899 5643 983 5690 est
1013 5638 1238 5692 secundi
1265 5641 1382 5711 ejus
1413 5643 1725 5714 adventus),
1749 5646 1843 5701 sed
1876 5648 1957 5702 via
1992 5664 2116 5718 pro-

562 5723 782 5787 cedens,
823 5726 892 5781 ab
917 5744 983 5782 eo
1012 5729 1154 5797 quod
1176 5741 1259 5785 est
1289 5733 1467 5789 minus
1499 5747 1767 5803 apertum,
1799 5740 1863 5793 ad
1898 5739 1948 5793 id
1976 5742 2121 5810 quod

565 5823 647 5867 ut
681 5817 1021 5875 manufestius
1051 5825 1315 5891 percssit
1343 5844 1357 5881 :
1395 5843 1456 5882 ea
1481 5829 1546 5883 de
1569 5844 1733 5885 causa
1761 5844 1852 5887 eos
1887 5834 1977 5901 qui
2002 5834 2123 5902 ejus

2231 4641 2470 4712 μαντικὰ
2516 4643 2613 4711 τῆς
2656 4642 3055 4712 τελειωτέραςο
3105 4640 3230 4694 καθ’
3256 4641 3323 4711 ἢν
3352 4642 3591 4711 δημοσία
3632 4643 3803 4693 πᾶσιν

2225 4738 2446 4806 ὡμίλει,
2478 4739 2571 4792 καὶ
2599 4739 2792 4792 ἑαυτὸν
2814 4739 3108 4804 ἐδείκνυεν,
3130 4738 3192 4790 ού
3220 4738 3380 4805 μόνον
3410 4738 3469 4804 ἐξ
3498 4731 3574 4791 ὧν
3605 4736 3801 4807 ἔλεγεν

2227 4831 2412 4895 αὐτὸς,
2448 4830 2586 4886 ἀλλά
2623 4831 2716 4885 καὶ
2740 4831 2898 4894 ὄντας
2947 4830 3284 4894 ἀποστόλους
3313 4829 3557 4882 ἐδίδασκε
3589 4830 3799 4897 λέγειν,

2225 4922 2459 4990 πέμπων
2489 4921 2690 4984 αὐτοὺς
2725 4921 2803 4984 είς
2831 4921 2899 4974 τά
2924 4920 3172 4989 πρόϐατα
3201 4919 3270 4971 τὰ
3300 4918 3619 4974 ἀπολωλότα
3644 4920 3800 4973 οἴκου

2238 5012 2480 5084 Ἰσραήλ.
2518 5012 2617 5064 Διά
2659 5012 2819 5065 τοῦτο
2859 5010 3303 5079 ἀναγινώσκεται
3344 5009 3443 5078 μὲν
3487 5011 3802 5081 γράμματα

2231 5101 2588 5167 ἀποστολικὰ,
2618 5102 3055 5169 ἀναγινώσκεται
3084 5101 3141 5154 δὲ
3173 5101 3304 5153 αὐτὸ
3338 5100 3398 5153 τὸ
3439 5101 3794 5167 Εύαγγέλιον.

2227 5197 2293 5249 Τί
2322 5195 2417 5249 οὖν
2450 5194 2526 5266 μὴ
2552 5195 2775 5266 πρῶτον
2825 5194 2884 5247 τὸ
2935 5193 3307 5261 Εὐαγγέλιον;
3340 5193 3465 5246 Ὅτι
3516 5193 3799 5246 τελειωτέο

2227 5305 2326 5359 ρας
2355 5288 2471 5340 ἐστὶ
2518 5287 2880 5359 φανερώσεως
2928 5287 3214 5358 σημαίνειν
3252 5286 3320 5338 τὰ
3363 5285 3435 5338 δι’
3482 5283 3649 5337 αὑτοῦ
3696 5284 3793 5337 τοῦ

2226 5378 2456 5449 Κυρίου,
2486 5378 2519 5449 ἢ
2552 5379 2639 5432 διὰ
2684 5377 2793 5431 τῶν
2842 5377 3159 5431 ἀποστόλων
3209 5375 3498 5445 λεγόμενα.
3542 5375 3693 5427 Ἐπεὶ
3736 5375 3796 5428 δὲ

2226 5470 2327 5522 οὐκ
2358 5470 2556 5539 ἀθρόον
2591 5468 2767 5538 ὲφάνη
2816 5470 2928 5530 τοῖς
2962 5466 3270 5537 ἀνθρώποις
3314 5470 3340 5519 ὁ
3372 5465 3569 5535 Κύριος
3605 5466 3796 5534 ἡλίκος

2224 5555 2292 5629 ἦν
2321 5561 2418 5628 τὴν
2475 5562 2650 5630 ἰσχὺν,
2682 5561 2776 5611 καὶ
2824 5557 2935 5622 οἷος
2963 5559 3062 5628 τὴν
3119 5556 3436 5625 ἀγαθότητα
3469 5555 3651 5627 (τοῦτο
3680 5556 3796 5625 γὰρ

2223 5651 2322 5719 τῆς
2349 5649 2613 5720 δευτέρας
2646 5649 2811 5703 αύτοῦ
2840 5649 3193 5719 παρουσίας),
3218 5647 3332 5702 ἀλλ’
3350 5648 3452 5717 ὁδῷ
3479 5647 3799 5716 προϐαίνων

2226 5740 2334 5795 ἀπὸ
2362 5741 2455 5794 τοῦ
2500 5740 2871 5810 ἀφανεστέρου
2910 5742 3002 5794 ἐπὶ
3031 5740 3091 5794 sb
3117 5738 3497 5810 φανερώτερον
3546 5740 3745 5807 προῄει
3777 5755 3792 5767 ·

2226 5834 2415 5891 τούτου
2443 5835 2603 5906 χάριν
2627 5834 2724 5904 τὴν
2752 5834 3021 5902 ἀνάδειξιν
3046 5831 3209 5886 αὖτοῦ
3238 5833 3376 5885 κατὰ
3411 5831 3607 5901 μικρὸν
3636 5846 3796 5895 ymo.
