4132 6308
360 333 464 396 ἆΠ

1496 379 1500 382 ι
1562 343 1848 404 Ι.ΪἸἪΠΟ
1866 346 1961 405 ΗΕ
2009 344 2433 411 EXPOSITIO.

3503 356 3607 420 I18

368 450 539 517 μένην
589 448 868 502 δεικνύναι
907 448 1282 521 βουλομένοις,
1335 454 1403 506 τὰ
1453 454 1792 511 ἀποστολικά
1829 461 1923 530 τιρὲ

2048 461 2413 514 ostensionem
2459 463 2714 531 paulatim
2751 465 2918 520 fuisse
2954 463 3152 520 factam
3194 467 3384 524 volunt
3420 483 3599 526 osten-

362 542 478 593 τῶν
516 540 867 609 Εὐαγγελίων
920 543 1361 611 ἀναγιγνώσκειν
1410 546 1577 609 εἰκός.
1626 548 1725 600 Διὰ
1777 551 1934 603 τοῦτο

369 632 503 701 γὰρ,
540 633 633 685 καί⁵
666 632 731 685 τὰ
762 635 858 700 τῆς
908 635 1120 697 τελείας
1166 635 1494 700 ἀναδείξεως
1522 636 1687 692 αὐτοῦ
1730 657 1937 709 σημαν-

374 720 524 786 τικᾶι,
559 721 840 774 τελευταῖα
880 725 1243 792 φυλάττεται,
1285 726 1359 788 ὡς
1388 728 1445 779 ἐν
1472 730 1585 792 τοῖς
1627 727 1755 801 ἑξῆς
1782 732 1932 786 ἔστα·

372 812 550 881 δῆλον.

928 909 1180 964 ΚΕΦΔΛ.
1242 907 1372 965 Kl".

500 999 635 1068 Περὶ
664 997 787 1053 τῶν
808 999 963 1069 μετὰ
996 1002 1061 1054 τὸ
1097 1003 1465 1073 Εὐαγγέλιω·
1490 1006 1806 1070 αἰτήσεων.

439 1091 589 1144 Μετά
620 1091 675 1144 δὲ
709 1092 793 1151 τὸ,
820 1093 881 1145 τὸ
918 1093 1258 1162 Εὐαγγὲλιον
1288 1096 1725 1170 ἀναγνωσθῆναι,
1770 1101 1931 1166 εὖξα-

363 1182 485 1232 σθαι
521 1182 741 1234 κελεύει
789 1181 849 1234 τὸ
876 1182 1083 1252 πλῆθος
1124 1185 1153 1236 ὁ
1183 1184 1447 1250 διάκονος.
1478 1187 1710 1259 Εὐχεται
1751 1191 1806 1243 δὲ
1835 1190 1932 1245 καὶ

360 1271 522 1335 αὐτὸς
558 1274 739 1343 ίερεὺς
789 1273 938 1326 ἔνδον
989 1274 1112 1328 καθ’
1141 1277 1334 1329 ἑαυτὸν
1378 1280 1577 1350 ἡσυχῆ,
1626 1282 1723 1344 τὰς
1767 1284 1932 1352 εὐχὰς

362 1362 593 1415 ἐκείνων
627 1363 734 1417 ὐπὸ
760 1365 854 1418 τοῦ
886 1365 1021 1419 Θεοῦ
1050 1368 1475 1441 προσδεχθῆναι.
1507 1369 1643 1427 Εἶτα
1676 1376 1769 1428 τὸν
1798 1376 1930 1430 Θεὸν

360 1454 725 1524 δοξολογήσας
760 1458 969 1531 μεγάλῃ
995 1457 1115 1528 βοῇ,
1152 1464 1447 1527 κοινωνοὺς
1482 1465 1575 1517 καὶ
1600 1465 1801 1531 αὐτοὺς
1827 1468 1929 1537 τῆς

359 1541 675 1612 δοξολογίας
702 1547 993 1615 λαμὸἀνει.
1040 1549 1137 1612 Τίς
1168 1549 1224 1603 δὲ
1261 1552 1293 1623 ἡ
1327 1554 1479 1625 παρὰ
1513 1556 1730 1611 πάντων
1772 1558 1926 1628 εὐχὴ,

366 1633 604 1702 μάλιστα
631 1639 662 1708 ἡ
689 1641 828 1709 μετὰ
860 1641 919 1694 τὺ
943 1642 1273 1711 Εὐαγγέλιον
1292 1648 1575 1716 πρέπουσα
1602 1664 1617 1716 ;
1649 1648 1806 1718 ἡτῶν
1834 1668 1927 1722 τη-

364 1724 603 1793 ρούντων
634 1728 693 1781 τὸ
734 1729 1087 1799 Εὐαγγέλιον,
1123 1735 1231 1788 τῶν
1266 1738 1664 1809 μιμησαμένων
1708 1741 1807 1811 τὴν
1840 1758 1927 1810 φι-

2038 549 2185 617 dere,
2213 552 2514 621 apostolica
2562 554 2738 624 legere
2772 567 2894 609 ante
2930 555 3217 627 Evangelia
3251 569 3334 614 est
3376 576 3603 616 consen-

2041 650 2284 697 taneum.
2315 645 2608 714 Propterea
2640 647 2781 700 enim
2814 648 2975 701 etiam
3007 664 3127 719 quae
3161 651 3450 719 perfectam
3482 654 3604 725 ejus

2037 735 2406 789 ostensioncm
2440 735 2770 806 signiﬁcant.
2800 739 2987 794 ultima
3011 753 3323 810 servantur,
3350 755 3410 799 ut
3437 745 3588 800 mani-

2035 821 2230 878 l‘estum
2268 826 2375 880 erit
2403 826 2454 880 in
2491 827 2560 881 iis
2592 844 2715 897 qua:
2749 840 3180 897 consequuntur.

2628 919 2779 975 CAP.
2816 920 3005 976 XXIII.

2317 1010 2391 1065 De
2421 1012 2762 1081 petitionibus
2805 1023 2924 1083 post
2960 1013 3321 1086 Evangelium.

2106 1104 2395 1173 Postquam
2437 1111 2617 1157 autem
2657 1103 2856 1158 lectum
2903 1113 2989 1158 est
3037 1104 3407 1176 Evangelium,
3443 1107 3601 1178 jubet

2033 1195 2297 1251 diaconus
2327 1196 2586 1264 pepulum
2613 1210 2793 1250 orare.
2821 1193 2952 1250 Orat
2995 1206 3173 1250 autem
3202 1197 3348 1252 intus
3374 1200 3489 1269 ipse
3515 1216 3601 1255 sa—

2033 1292 2225 1341 cerdos
2255 1303 2348 1357 per
2374 1303 2452 1349 se,
2481 1295 2539 1341 ut
2562 1301 2752 1356 preces
2776 1287 2994 1341 illorum
3019 1302 3048 1341 a
3075 1285 3185 1343 Deo
3208 1289 3598 1359 suscipiantur.

2041 1377 2248 1432 Deinde
2292 1392 2415 1432 cum
2448 1378 2618 1433 Deum
2664 1393 2853 1449 magna
2894 1395 3025 1434 voce
3064 1379 3415 1449 gioriticavit,
3454 1383 3601 1451 ipsos

2032 1484 2251 1540 quoque
2286 1470 2468 1525 socios
2497 1480 2550 1525 et
2591 1471 2884 1541 participes
2927 1471 3336 1542 gloriﬁcationis
3374 1474 3595 1543 accipit.

2031 1560 2335 1627 Quamnam
2370 1572 2553 1617 autem
2598 1562 2904 1617 orationem
2938 1562 3008 1617 ab
3042 1562 3296 1617 omnibus
3333 1563 3452 1618 ﬁeri
3485 1581 3602 1619 ma-

2029 1653 2174 1708 xime
2215 1655 2473 1709 convenit
2515 1665 2640 1723 post
2676 1652 3058 1723 Evangeiium,
3103 1655 3208 1710 nisi
3249 1670 3346 1725 pro
3386 1655 3453 1711 iis
3503 1658 3599 1727 qui

2031 1757 2252 1803 servant
2288 1749 2666 1820 Evangelium,
2697 1751 2790 1820 qui
2819 1751 3014 1805 imitati
3048 1761 3178 1807 sunt
3208 1751 3597 1824 benignitatem

360 1814 708 1887 λανθρωπίαν
736 1822 830 1876 τοῦ
871 1823 960 1877 διὰ
997 1825 1093 1878 τοῦ
1130 1828 1465 1896 Εὐαγγελίου
1520 1832 1923 1901 σημαινομένου

2030 1848 2081 1894 ει
2114 1814 2513 1896 humanitatem
2541 1814 2766 1906 Christi,
2788 1842 2878 1910 qui
2903 1857 2999 1911 per
3026 1814 3378 1912 Evangelium
3428 1844 3598 1913 signi-

364 1908 621 1977 Χριστοῦ.
646 1914 907 1978 Καὶτίνες
937 1910 1121 1983 οὗτοις
1151 1920 1211 1973 Οί
1239 1922 1543 1989 προστάται
1563 1924 1660 1994 τῆς
1696 1924 1926 1996 Ἐκκλη-

358 1998 500 2066 σίας,
536 2001 584 2053 oi
608 2001 755 2056 λαῶν
789 2007 1073 2075 ποιμένες,
1102 2009 1150 2060 oi
1177 2008 1275 2078 τὴν
1300 2010 1580 2064 πολιτείαν
1614 2013 1922 2077 τάττοντες.

357 2083 515 2143 Οὗτοι
549 2092 681 2160 γὰρ,
706 2094 754 2145 εί
784 2092 1018 2155 σώζουσι
1041 2094 1143 2164 τὴν
1183 2095 1539 2164 ἐπαγγελίαν,
1573 2098 1642 2150 τὰ
1692 2099 1810 2151 ἐκεῖ
1836 2116 1927 2167 γε·

360 2182 662 2250 γραμμένα
692 2182 925 2250 τηροῦσι
974 2184 1159 2247 καλῶς
1203 2185 1298 2237 καὶ
1338 2185 1672 2251 διδάσκουσι,
1723 2189 1815 2239 καὶ
1867 2188 1928 2240 τὸ

357 2270 646 2341 ὑστέρημα
660 2272 755 2325 τοῦ
776 2273 1036 2342 Χριστοῦ,
1064 2275 1206 2327 κατά
1223 2275 1312 2328 τὸν
1328 2274 1666 2342 Ἀπὸστολον,
1688 2276 1932 2345 ἀναπλη-

360 2359 523 2428 ροῦσι
567 2359 688 2430 μετ’
715 2362 922 2415 ἐκεῖνον
959 2361 1058 2432 τὴν
1104 2362 1270 2416 αὐτοῦ
1295 2364 1531 2433 ποίμνην
1566 2366 1689 2417 κατ’
1719 2366 1929 2417 ἐκεῖνον

361 2452 769 2518 ποιμαίνοντες.
806 2453 926 2506 Ἔτι
964 2453 1019 2506 δὲ
1044 2455 1139 2508 καὶ
1173 2454 1391 2508 κτίσται
1426 2455 1587 2526 ἱερῶν
1613 2455 1799 2518 οίκων,
1832 2456 1928 2509 καὶ

358 2543 714 2614 ἐπιμεληταὶ,
748 2545 843 2598 καὶ
899 2545 1103 2618 ἀρετῆς
1153 2546 1488 2612 διδάσκαλοι,
1542 2549 1638 2602 καὶ
1693 2551 1746 2602 si!
1779 2566 1926 2613 τινες

357 2633 608 2687 ὁπωσοῦν
644 2635 729 2705 τῷ
760 2635 926 2705 κοινῷ
963 2636 1064 2704 τῆς
1104 2635 1437 2707 Ἐκκλησίας
1480 2639 1574 2692 καὶ
1617 2642 1729 2703 τοῖς
1763 2640 1926 2711 ἱεροῖς

360 2722 659 2787 λυσιτελεῖς
724 2725 884 2789 εἰσιν,
942 2726 1024 2786 είς
1059 2726 1271 2779 ἐκεῖνον
1322 2728 1575 2782 τάττουσι
1607 2732 1694 2784 τὸν
1741 2734 1921 2802 χορὸν,

363 2811 461 2864 καὶ
488 2811 598 2863 τῶν
621 2813 818 2866 κοινῶν
844 2815 982 2867 εἰσιν
1003 2813 1145 2878 ἄξιοι
1174 2815 1463 2884 τυγχάνειν
1491 2819 1678 2888 εὐχῶν.
1702 2822 1925 2875 Μέλλων

363 2899 407 2952 δ’
463 2901 557 2955 ἐπὶ
615 2902 716 2974 τὴν
766 2903 960 2959 θυσίαν
1012 2905 1113 2976 ἤδη
1167 2909 1390 2977 χωρεῖν,
1500 2913 1751 2981 παρεῖναι
1797 2913 1925 2973 τοὺς

363 2995 642 3064 ἀμυήτους
671 2996 734 3048 οὐ
770 2996 958 3066 θέμις’
1003 2996 1097 3060 οὓς
1139 2994 1590 3068 κατηχουμένόυς
1621 3002 1700 3055 ἔτι
1731 3004 1925 3058 καλοῦ-

361 3100 483 3152 μεν,
514 3085 596 3137 ὄτι
626 3085 824 3157 μέχρις
852 3087 1046 3158 ἀκοῆς,
1077 3087 1175 3142 καὶ
1196 3088 1319 3141 ὅσον
1347 3089 1673 3147 διδασκαλία
1699 3094 1921 3147 δύναται

359 3176 542 3244 μόνον,
588 3176 680 3230 τὸν
710 3179 1139 3251 Χριστιανισμδν
1172 3182 1500 3250 ὑπεδέξαντο
1530 3199 1546 3217 ο
1581 3185 1804 3250 τούτους
1838 3188 1924 3238 ὲκ-

354 3267 544 3320 6άλλει
573 3267 663 3321 τοῦ
710 3269 874 3339 χοροῦ
925 3270 1035 3324 τῶν
1070 3273 1420 3343 Χριστιανῶν
1475 3277 1700 3337 πιστῶν.
1758 3276 1923 3347 εὐχὴν

354 3362 500 3432 ὑπὲρ
526 3362 706 3415 αὐτῶν
734 3365 1003 3432 ἀναγνοὺς
1028 3366 1316 3439 πρότερον.
1350 3366 1413 3423 Ἦ
1438 3368 1492 3421 δὲ
1523 3368 1679 3439 εὐχὴ,
1707 3369 1923 3423 τελειω-

353 3454 520 3523 θῆναι
567 3455 770 3518 αὐτοὺς
821 3455 915 3509 τοῦ
954 3456 1338 3527 βαπτίσματος
1354 3460 1723 3540 δὰξιωθέντας
1779 3464 1922 3518 κατὰ

352 3545 577 3614 καιρόν·
608 3545 643 3614 ἡ
685 3545 741 3597 δὲ
775 3546 926 3600 αἰτία
966 3549 1067 3617 τῆς
1118 3548 1302 3618 εὐχῆς,
1359 3551 1392 3620 ἡ
1442 3549 1536 3603 τοῦ
1595 3551 1728 3604 Θεοῦ
1767 3551 1916 3619 δόξα,

356 3652 379 3685 ι
426 3633 544 3686 Ἵνα
580 3633 678 3689 καὶ
708 3636 884 3701 αὐτοὶ,
912 3639 1072 3708 φησι,
1103 3641 1202 3693 σὺν
1228 3642 1360 3711 ἡμῖν
1402 3641 1668 3707 δοξάζωσι
1699 3642 1760 3696 τὸ
1786 3644 1921 3698 πάν-

347 3743 514 3797 τιμον
541 3727 640 3782 atat
680 3730 1097 3802 μεγαλοπρεπὲς
1135 3731 1307 3803 δνομά
1348 3750 1477 3787 σου·
1534 3753 1554 3786 ι
1586 3734 1653 3806 ἢν
1701 3735 1795 3790 καὶ
1846 3736 1920 3800 ῶς

345 3815 665 3885 δοξολογίαν
727 3819 1057 3890 ἀναϐοήσας,
1124 3822 1213 3873 καὶ
1250 3825 1539 3886 κοινωνοὺς
1591 3823 1771 3877 λαϐὼν
1820 3824 1918 3895 τῆς

342 3907 680 3976 δοξολογίας.
710 3907 769 3960 τδ
802 3907 1005 3978 πλῆθος
1031 3909 1141 3961 τῶν
1178 3912 1405 3976 πιστῶν,
1438 3912 1606 3980 ἀλλην
1634 3914 1797 3983 εὐχὴν
1826 3914 1920 3967 εὓ-

343 4014 533 4067 χεται,
574 3997 634 4048 ὲν
675 3991 709 4069 ᾖ
763 3996 982 4067 πρῶτον
1037 3998 1139 4066 μὲν
1171 3999 1488 4071 εὐχαριστεῖ
1531 4001 1610 4070 τῷ
1642 4001 1786 4070 Θεῷ,
1838 4001 1918 4054 ὅτι

342 4090 492 4151 ὅλως
538 4087 744 4157 ἠξιώθη
805 4086 1035 4142 ἐνώπιον
1084 4088 1250 4143 αὐτοῦ
1299 4092 1515 4160 στῆναι,
1566 4092 1660 4142 καὶ
1730 4091 1919 4160 χεῖρας

341 4181 533 4250 αἱρεῖν
566 4178 702 4249 πρὸς
764 4177 947 4244 αὐτὸν,
1001 4178 1141 4249 ὑπὲρ
1172 4178 1371 4233 ἑαυτοῦ
1422 4180 1517 4233 καὶ
1558 4179 1668 4233 τῶν
1710 4180 1915 4235 ἄλλωνο

343 4273 548 4325 ιἔπειτα.
597 4270 833 4323 ἱκετεύει
902 4268 1207 4339 ἀξιωθῆναι
1241 4270 1398 4324 τοῦτο
1439 4273 1615 4325 ποιεῖν
1650 4273 1740 4326 ἀεὶ
1782 4274 1920 4344 μετὰ

341 4363 595 4433 καθαροῦ
628 4362 944 4423 συνειδότος.
991 4362 1057 4415 'II
1087 4362 1142 4416 δὲ
1170 4363 1321 4417 αίτία
1352 4363 1448 4434 τῆς
1487 4363 1651 4435 εὐχῆς
1687 4364 1914 4436 ταύτης,

2025 1931 2259 1987 ticatur?
2297 1933 2361 1987 Et
2396 1935 2488 2003 qui
2538 1944 2668 1989 sunt
2705 1932 2762 1987 hi
2794 1932 2817 1987 ?
2850 1934 3115 1989 Prtesules
3174 1934 3450 1999 Ecclesiae,
3496 1951 3597 2007 po-

2028 2022 2289 2091 pulorum
2338 2032 2604 2093 pastores,
2644 2024 2739 2095 qui
2777 2026 3171 2095 rempublicam
3220 2026 3496 2082 ordinant.
3530 2026 3594 2081 Ili

2028 2113 2195 2179 enim,
2254 2113 2301 2168 si
2365 2123 2587 2169 servant
2636 2116 2783 2185 quod
2840 2116 3072 2185 professi
3129 2125 3278 2184 sunt,
3318 2133 3441 2188 quae
3482 2119 3595 2172 illic

2030 2202 2229 2270 scripta
2276 2213 2406 2257 sunt
2440 2205 2666 2272 pulchre
2720 2216 2939 2262 servant
2972 2217 3028 2262 et
3078 2208 3296 2274 docent,
3346 2218 3401 2265 et
3446 2210 3593 2279 quod

2031 2291 2187 2343 deest
2234 2288 2475 2356 Christo,
2532 2301 2591 2346 ut
2650 2302 2837 2348 censet
2901 2297 3214 2365 Apostolus,
3271 2298 3593 2369 adimplcnt.

2031 2390 2152 2450 post
2194 2380 2371 2446 illum,
2412 2382 2561 2438 illius
2590 2398 2805 2453 gregem
2838 2384 2912 2437 illi
2941 2386 3329 2441 convenienter
3369 2404 3598 2457 pascen-

2029 2478 2130 2525 tes.
2190 2468 2459 2528 Praeterea
2515 2484 2696 2528 autem
2754 2475 2915 2529 etiam
2971 2489 3253 2530 sacrarum
3305 2475 3592 2532 domorum

2026 2569 2397 2616 exstructores
2442 2571 2498 2617 et
2534 2572 2839 2628 curatores,
2873 2574 2923 2618 et
2977 2563 3193 2617 virtutis
3235 2564 3506 2632 doctores,
3540 2575 3596 2620 et

2026 2649 2074 2704 si
2107 2651 2201 2705 ulli
2229 2653 2721 2724 quomodocunque
2751 2655 3028 2709 communi
3058 2656 3317 2711 Ecclesiae
3341 2665 3395 2712 et
3419 2658 3594 2713 sacris

2026 2754 2154 2798 sunt
2180 2744 2364 2811 utiles,
2398 2745 2463 2800 ad
2508 2760 2632 2801 eum
2664 2762 2953 2801 numerum
2988 2746 3322 2810 referuntur.
3349 2758 3403 2804 et
3438 2763 3590 2804 com-

2027 2848 2221 2890 munes
2268 2849 2458 2905 preces
2498 2838 2717 2907 assequi
2755 2838 2900 2908 digni
2945 2848 3090 2893 sunt.
3134 2839 3213 2892 Ad
3262 2840 3590 2895 sacriﬁcium

2025 2935 2203 2979 autem
2233 2925 2344 2995 jam
2377 2942 2761 2996 processurus.
2785 2930 2871 2984 cui
2906 2930 3059 2985 ueras
3087 2942 3166 2985 est
3202 2931 3466 2988 interesse
3493 2948 3590 2990 eos

2026 3017 2118 3087 qui
2148 3033 2257 3073 non
2289 3029 2420 3074 sunt
2446 3021 2725 3092 mysteriis
2768 3020 2991 3085 initiati,
3026 3038 3165 3091 quos
3201 3038 3303 3078 nos
3337 3028 3592 3080 catechu-

2027 3122 2218 3163 menos
2244 3108 2423 3165 adhuc
2454 3125 2736 3177 vocamus,
2768 3111 2914 3181 quod
2952 3113 3016 3166 ail
3050 3112 3386 3167 auditionem
3416 3128 3590 3184 usque

2024 3207 2077 3252 et
2114 3209 2374 3269 quantum
2410 3198 2658 3255 doctrina
2691 3203 2867 3256 solum
2901 3203 3073 3260 licuit.
3106 3202 3587 3259 Christianismum

2024 3300 2411 3362 susceperunt,
2453 3306 2549 3347 eos
2599 3293 2749 3361 ejieit
2797 3309 2858 3347 ex
2904 3297 3075 3348 choro
3123 3295 3396 3362 lidclium,
3449 3297 3590 3352 lecta

2023 3378 2180 3448 prius
2224 3394 2323 3446 pro
2369 3379 2450 3435 eis
2497 3381 2768 3435 oratione.
2807 3381 2995 3435 Oratio
3035 3394 3217 3436 autem
3261 3393 3364 3445 est,
3396 3396 3452 3438 ut
3487 3385 3590 3454 ipsi

2024 3467 2403 3537 perficiantur,
2431 3478 2646 3538 tempus
2682 3468 2941 3538 baptismi
2984 3472 3249 3525 assecuti.
3285 3472 3461 3527 Causa
3494 3488 3592 3526 au-

2024 3564 2129 3610 tem
2182 3558 2451 3613 orationis
2480 3568 2563 3613 est
2596 3557 2691 3613 Dei
2726 3558 2898 3629 gloria
2928 3577 2941 3614 :
2981 3578 2999 3611 ι
3038 3558 3104 3615 Ut
3134 3569 3188 3614 et
3233 3561 3354 3631 ipsi,
3395 3563 3588 3631 inquit,

2024 3645 2308 3699 nobiscum
2342 3647 2647 3717 gloriﬁcent
2676 3650 2826 3702 omni
2856 3664 2919 3703 ex
2950 3660 3103 3719 parte
3131 3650 3501 3707 venerandum
3534 3662 3591 3707 et

2024 3736 2370 3806 magniﬁcum
2405 3753 2603 3795 nomen
2633 3747 2804 3794 tuum.
2839 3759 2857 3791 ›
2892 3740 3065 3807 Quam
3104 3752 3392 3812 postquam
3421 3743 3586 3798 etiam

2024 3835 2277 3896 tanquam
2308 3828 2756 3898 gloriﬁcationem
2786 3831 3121 3897 inclamavit,
3146 3842 3199 3888 et
3222 3833 3460 3889 ﬁdelium
3490 3853 3589 3905 pu-

2023 3918 2211 3987 pulum
2241 3919 2658 3987 glorillcationis
2690 3922 3009 3992 participem
3046 3925 3281 3993 accepit,
3309 3926 3470 3980 aliam
3506 3926 3587 3979 ta-

2023 4007 2096 4062 cit
2146 4010 2474 4075 orationem,
2513 4011 2566 4064 in
2614 4026 2722 4081 qua
2769 4012 3003 4081 primum
3051 4014 3272 4081 quidem
3325 4015 3436 4069 Deo
3477 4018 3589 4085 agit

2023 4095 2251 4165 gratias,
2293 4096 2670 4167 quod‘dignus
2699 4100 2929 4153 omnino
2959 4101 3177 4156 habitus
3208 4102 3279 4157 sit
3310 4118 3491 4158 coram
3523 4120 3587 4161 co

2023 4192 2192 4251 stare,
2238 4194 2294 4241 et
2338 4201 2535 4242 manus
2576 4187 2642 4242 ad
2686 4202 2809 4241 eum
2861 4189 3051 4245 tollere
3098 4205 3197 4259 pro
3237 4207 3297 4247 se
3342 4201 3397 4248 et
3434 4194 3586 4264 aliis;

2025 4284 2289 4346 praeterea
2343 4285 2485 4344 orat,
2542 4286 2600 4331 ut
2651 4277 2848 4348 dignus
2903 4295 3119 4350 semper
3165 4281 3429 4337 habeatur
3486 4284 3588 4339 hoc

2031 4367 2214 4422 facere
2244 4381 2367 4423 cum
2398 4382 2560 4438 pura-
2577 4369 2935 4425 conscientia.
2976 4371 3156 4428 Causa
3198 4381 3379 4428 autem
3425 4375 3587 4447 hujus

340 4458 375 4524 ἡ
415 4453 515 4507 τοῦ
569 4451 705 4506 Θεοῦ
745 4452 961 4531 δόξαν(
1012 4454 1136 4507 Ὀτι
1186 4453 1271 4507 σοὶ
1315 4454 1537 4522 πρέπει,
1578 4457 1735 4529 φησὶ,
1770 4459 1920 4511 πᾶσα

2026 4472 2241 4530 quoque
2265 4458 2535 4514 orationis
2575 4468 2660 4516 est
2695 4460 2788 4516 Dei
2819 4462 3014 4531 gloria.
3058 4483 3077 4515 ι
3104 4463 3374 4531 Quoniam
3413 4475 3464 4523 te
3490 4469 3587 4522 de-

340 4546 504 4611 δόξα·
532 4563 552 4597 ι
579 4543 672 4597 καί
701 4542 844 4597 οὕτω
888 4545 1029 4597 κατά
1055 4544 1115 4598 τὸ
1142 4544 1328 4608 εἰωθὸς
1372 4546 1511 4616 μετὰ
1552 4545 1646 4599 τοῦ
1677 4545 1920 4617 πλήθους

340 4636 741 4706 δοξολογήσας,
769 4636 934 4689 πάλιν
959 4636 1047 4705 ἐφ’
1069 4636 1257 4690 ἑαυτὸν
1278 4637 1306 4688 ὁ
1336 4637 1514 4708 ἱερεὺς
1541 4635 1756 4707 εὔχεται
1778 4637 1920 4708 ὑπὲρ

342 4729 557 4793 αὐτῶν,
589 4726 806 4781 καὶτοῦ
832 4728 1091 4799 πλήθους,
1144 4727 1286 4781 ὥστε
1345 4728 1508 4784 αὐτὸν
1551 4728 1920 4799 ἀκατάκριτον

345 4821 708 4890 παραστῆναι
746 4822 810 4889 τῇ
848 4821 981 4891 ἁγίᾳ
1007 4818 1292 4892 τραπέζῃ,
1348 4818 1589 4887 καθαρὸν
1637 4815 1919 4888 μολυσμοῦ

346 4913 562 4980 σαρκὸς
603 4912 694 4964 καὶ
743 4910 1079 4981 πνεύματοςο
1114 4910 1238 4972 τούς
1269 4909 1324 4962 δὲ
1366 4910 1798 4979 συνευχομένους
1835 4927 1920 4962 πι-

347 5003 519 5065 στοὺς
551 5004 659 5055 τῶν
714 5001 1029 5071 μυστηρίων
1061 5002 1354 5071 μετασχεῖν
1400 4999 1717 5069 ἀξιωθῆναι,
1752 4999 1920 5070 χωρὶς

345 5097 546 5163 ἑνοχῆς
603 5095 698 5147 καὶ
750 5092 1152 5162 κατακρίσεως,
1214 5095 1306 5145 καὶ
1360 5091 1496 5161 πρὸς
1554 5091 1766 5153 τούτοις
1821 5091 1917 5159 τῆς

351 5186 640 5256 βασιλείας
674 5185 782 5238 τῶν
816 5184 1063 5253 οὐρανῶν
1093 5184 1495 5252 κληρονομῆσαι
1518 5197 1537 5212 σ
1579 5182 1673 5235 καὶ
1709 5184 1742 5251 ἡ
1773 5182 1921 5235 αίτία

347 5281 460 5348 τῆς
483 5278 648 5348 εὐχῆς
676 5278 837 5331 πάλιν
878 5279 912 5345 ἠ
946 5276 1041 5328 τοῦ
1073 5275 1206 5328 Θεοῦ
1251 5274 1397 5340 δόξα,
1429 5276 1507 5338 εἰς
1541 5273 1608 5332 ἣν
1649 5275 1677 5326 ὁ
1710 5273 1921 5336 Παῦλος

347 5367 637 5431 ἐκέλευσε,
671 5368 845 5435 λέγων
867 5379 883 5395 ⁸
920 5384 938 5417 ι
987 5365 1170 5418 Πάντα
1196 5366 1273 5426 είς
1304 5364 1461 5427 δόξαν
1493 5362 1628 5414 Θεοῦ
1662 5363 1914 5414 ποιεῖτε.»

351 5459 530 5512 Τοῦτο
566 5460 696 5527 ἡμῖν
731 5458 871 5509 ἔστω
901 5454 1179 5524 πανταχοῦ
1215 5454 1437 5516 σκοπὸς,
1476 5455 1632 5521 φησὶ,
1665 5451 1753 5504 τὸν
1786 5451 1919 5503 Θεὸν

352 5548 701 5613 δοξάζεσθαι.
736 5548 801 5599 οι
833 5547 1072 5616 γεωργοὶ
1098 5545 1253 5608 τέλος
1280 5542 1557 5595 ποιοῦνται
1585 5542 1693 5594 τῶν
1722 5542 1916 5607 πόνων,

354 5642 463 5706 τὴν
494 5638 669 5708 φορὰν
698 5637 805 5690 τῶν
843 5638 1094 5707 καρπῶν,
1134 5638 1219 5704 ἐφ’
1255 5629 1336 5697 οἷς
1379 5633 1658 5701 αἱροῦνται
1697 5637 1878 5686 πονεῖν
1904 5648 1916 5661 ·

353 5733 455 5783 καὶ
484 5731 530 5785 oi
565 5730 793 5802 ἔμποροι
821 5730 881 5782 τὸ
923 5728 1133 5797 κέρδος,
1172 5730 1262 5780 καὶ
1297 5727 1454 5788 ἄλλος
1486 5727 1612 5779 ἄλλο
1645 5740 1718 5779 τι’
1757 5728 1917 5795 ὐμεῖς

2020 4558 2127 4609 cet.
2177 4548 2377 4619 inquit,
2421 4551 2603 4606 omnis
2648 4551 2852 4622 gloria;
2883 4572 2902 4606 ι
2935 4562 2988 4608 et
3029 4556 3101 4611 ita
3152 4567 3434 4627 postquam
3484 4573 3585 4627 pro

2023 4653 2175 4695 more
2199 4654 2322 4694 cum
2355 4642 2556 4715 populo
2585 4643 2932 4712 gloritlcavit,
2973 4662 3166 4702 rursus
3197 4648 3337 4717 apud
3370 4663 3426 4703 se
3465 4657 3587 4703 orat

2021 4743 2122 4798 pro
2157 4731 2340 4798 seipso
2396 4741 2448 4786 et
2493 4733 2713 4802 populo,
2745 4741 2805 4787 ut
2848 4734 3091 4805 seipsum
3132 4737 3350 4799 quidem
3385 4749 3586 4794 sancta:

2021 4831 2224 4873 mensa:
2272 4832 2381 4872 non
2428 4820 2900 4875 condemnandum
2950 4821 3226 4884 exhibeat,
3276 4837 3469 4889 purum
3515 4825 3585 4877 ab

2024 4906 2439 4975 inquinamento
2481 4910 2666 4965 Carnis
2706 4920 2759 4965 et
2806 4912 3038 4980 Spiritus
3068 4928 3087 4963 ι
3128 4925 3222 4964 eos
3268 4925 3450 4966 autem
3489 4915 3582 4984 qui

2022 5012 2129 5051 una
2160 5008 2478 5068 precantur,
2513 5000 2719 5065 fideles,
2765 5010 2822 5054 ut
2851 5016 2972 5056 esse
3006 5003 3386 5070 mysteriorum
3414 5007 3586 5073 parti-

2023 5090 2170 5158 cipes
2199 5090 2348 5160 digni
2385 5091 2709 5153 habeantur,
2741 5093 2947 5159 absque
2984 5099 3134 5144 reatu
3169 5101 3222 5145 et
3254 5095 3586 5147 condemna-

2024 5184 2189 5246 tione,
2216 5194 2269 5236 et
2298 5193 2557 5251 praeterea
2587 5183 2849 5237 caelorum
2876 5196 3044 5252 regno
3077 5183 3222 5252 digni
3257 5185 3579 5240 habeantur.

2022 5272 2090 5326 Et
2121 5274 2384 5327 orationis
2418 5288 2608 5328 rursus
2635 5288 2799 5327 causa
2828 5281 2911 5328 est
2955 5274 3051 5327 Dei
3099 5275 3294 5342 gloria,
3330 5278 3382 5329 in
3415 5292 3579 5347 quam

2022 5364 2203 5417 omnia
2250 5362 2427 5418 facere
2477 5363 2634 5432 jubet
2680 5362 2905 5427 Paulus,
2946 5366 3175 5421 dicens:
3231 5385 3249 5417 ι
3280 5368 3475 5421 Omnia
3522 5369 3578 5420 in

2022 5454 2253 5524 gloriam
2283 5454 2377 5507 Dei
2415 5454 2598 5508 facite.
2632 5469 2649 5504 ι
2696 5452 2795 5508 Ilio
2827 5456 2919 5518 sit,
2947 5455 3140 5524 inquit,
3174 5456 3328 5510 nobis
3366 5471 3584 5523 semper

2021 5560 2243 5616 scopus,
2273 5543 2443 5597 Deum
2492 5543 2821 5614 gloriﬁcare.
2870 5546 3130 5615 Agricon
3182 5546 3429 5597 laborum
3478 5545 3582 5600 sibi

2023 5637 2184 5689 tinem
2238 5644 2547 5703 proponunt
2577 5634 2852 5690 fructuum
2894 5634 3328 5703 productionem,
3364 5646 3583 5704 propter

2022 5739 2159 5794 quos
2189 5724 2418 5780 libenter
2445 5724 2736 5793 laborant;
2776 5733 3107 5781 mercatores
3137 5730 3316 5776 autem
3346 5724 3578 5793 lucrum,

2450 5814 2457 5835 ἱ
