4132 6308
549 302 656 367 ιιρ
1806 299 2112 359 NlCOLAl
2154 301 2544 363 CABASIL/E
3702 309 3811 377 420

546 424 602 471 et
625 413 715 467 alii
768 410 938 467 aliud.
966 408 1079 466 Vos
1129 417 1339 475 autem,
1372 408 1433 489 in
1471 408 1729 465 omnibus
1761 425 1881 479 quae
1925 408 2124 474 facitis,

2235 411 2289 465 δέ
2308 413 2365 465 ἐν
2387 412 2592 466 ἅπασιν
2610 408 2691 476 οἷς
2722 412 2958 477 ποιεῖτε,
2987 413 3087 481 τὴν
3104 412 3261 478 δόξαν
3289 413 3381 469 τοῦ
3398 416 3534 471 Θεοῦ
3565 419 3810 491 ζητεῖτε·

546 505 776 577 gloriam
814 503 904 557 Dei
947 501 1197 571 quaerite.
1237 498 1393 554 Servi
1427 488 1571 554 enim
1613 514 1825 561 sumus,
1869 498 1974 553 hoc
2014 498 2121 553 Do-

2230 503 2413 558 Δοῦλοι
2452 506 2560 575 γάρ
2607 506 2776 574 ἐσμεν
2798 548 2813 570 ,
2857 506 3067 576 ταύτην
3092 508 3402 575 ὀφείλοντες
3435 510 3512 578 τῷ
3548 488 3812 585 Δεσπότῃ

550 596 704 650 mino
739 596 1003 648 debentes
1036 590 1427 653 ministerium,
1458 597 1519 642 ut
1552 588 1645 659 qui
1670 604 1770 659 pro
1816 590 1936 659 ipso
1970 598 2024 643 et
2053 590 2123 646 ab

2230 595 2324 665 τὴν
2361 596 2662 659 διακονίαν,
2707 597 2782 659 ὡς
2830 598 2896 651 ἂν
2935 598 3077 670 ὑπὲρ
3108 601 3300 670 αὐτῆς,
3342 602 3437 654 καὶ
3489 604 3817 667 κτισθέντες

548 688 710 741 initio
754 683 958 739 conditi
1013 698 1226 745 sumus,
1280 691 1333 735 et
1367 688 1552 751 postea
1586 680 1796 750 empti;
1835 688 2123 749 propterea

2230 686 2319 740 ὑπ’
2349 686 2550 754 αὐτοῦ,
2587 687 2684 758 τὴν
2731 688 2933 758 ἀρχὴν,
2982 691 3077 742 καὶ
3106 688 3335 760 ὕστερον
3373 692 3812 760 ἀγορασθέντες.

547 775 797 832 invenies
865 773 1163 828 Eeclesiam
1231 771 1322 825 Dei
1355 771 1541 841 gloria:
1573 770 1775 840 ubique
1805 786 1990 826 curam
2033 786 2124 842 ge-

2230 780 2333 832 Διά
2360 778 2518 831 τοῦτο
2568 779 2667 847 τὴν
2712 779 3042 849 Ἐκκλησίαν
3078 782 3333 852 εὑρήσεις
3363 782 3462 851 τῆς
3493 783 3656 853 δόξης
3708 788 3811 840 τοῦ

551 867 777 928 rere,'et
810 864 913 917 hoc
950 862 1172 916 verbum
1205 862 1588 930 susquedeque
1637 862 1895 925 clamare,
1919 871 1973 916 et
2002 876 2121 915 eam

2230 867 2361 921 Θεοῦ
2400 868 2793 938 φροντίζουσαν
2830 869 3108 940 πανταχοῦ
3138 909 3154 934 ,
3210 872 3303 923 καὶ
3349 871 3497 925 τοῦτ’
3549 872 3665 928 ἄνω
3714 878 3814 928 xui.

547 972 648 1026 per
699 955 881 1009 omnia
929 954 1173 1017 laudare,
1219 964 1273 1006 et
1300 967 1422 1007 eam
1461 953 1645 1007 omnia
1689 953 2031 1016 existimare,
2071 961 2124 1006 et

2230 960 2376 1012 κάτω
2393 958 2604 1029 βοῶσαν
2625 958 2685 1014 τὸ
2712 961 2864 1030 ῥῆμα
2884 1001 2900 1026 ,
2920 962 3012 1014 καὶ
3034 960 3236 1031 ταύτην
3254 961 3341 1015 διὰ
3363 962 3580 1016 πάντων
3602 965 3811 1033 ὑμνοῦ-

552 1047 621 1101 ad
655 1061 773 1100 eam
805 1046 986 1100 omnia
1016 1043 1217 1108 facere,
1252 1044 1552 1107 orationes,
1588 1059 1799 1110 preces,
1831 1044 2124 1114 mysterio-

553 1153 676 1191 rum
711 1151 804 1193 sen
846 1143 1313 1190 sacramentorum
1341 1134 1765 1198 celebrationes,
1796 1134 2126 1189 adhortatio-

548 1243 668 1293 nes,
698 1226 962 1297 quidquid
1004 1241 1243 1280 sacrum.
1273 1225 1333 1278 Et
1368 1226 1482 1279 haec
1516 1224 1733 1292 quidem
1776 1225 1879 1279 hoc
1939 1226 2119 1279 modo.

1166 1316 1319 1369 (ZAP.
1353 1314 1545 1369 XXIV.

623 1409 695 1464 De
728 1409 1115 1464 introductione
1145 1422 1419 1462 sacrorum
1464 1407 1723 1462 donorum
1756 1407 1825 1462 ad
1862 1408 2052 1462 altare.

621 1588 897 1643 Sacerdos
932 1595 1140 1649 autem,
1185 1597 1477 1655 postquam
1522 1601 1646 1642 cum
1687 1586 1921 1641 (latuere
1960 1585 2126 1641 Deum

549 1679 896 1751 glorificavit,
930 1678 1077 1732 vertit
1105 1678 1170 1732 ad
1199 1677 1361 1740 dona,
1397 1689 1448 1731 et
1481 1693 1605 1732 cum
1650 1693 1712 1731 ea
1752 1678 1803 1729 in
1829 1687 1989 1746 caput
2019 1679 2131 1731 val-

551 1776 619 1829 de
656 1775 885 1829 honeste
908 1780 962 1826 et
989 1781 1300 1827 reverenter
1346 1772 1588 1837 sustulit,
1618 1773 1893 1842 egreditur
1925 1788 1940 1837 ;
1981 1772 2129 1827 etsic

549 1881 615 1921 ea
672 1865 873 1929 ferens,
924 1864 1073 1917 ducit
1113 1864 1176 1917 ad
1238 1862 1433 1929 altare,
1469 1863 1535 1918 de
1597 1863 1865 1919 industria
1894 1865 2129 1919 circum-

551 1956 763 2011 ducens
821 1957 873 2009 in
928 1954 1133 2023 templo
1173 1964 1394 2023 prepter
1424 1954 1707 2023 populum,
1738 1957 1919 2025 quiete
1952 1964 2005 2009 et
2034 1969 2129 2025 pc-

551 2048 829 2102 deieutim.
872 2046 972 2117 Ipsi
1016 2056 1197 2100 autem
1231 2054 1455 2109 canunt,
1488 2056 1543 2100 et
1585 2061 1759 2116 genua
1800 2061 1924 2100 cum
1979 2046 2124 2100 omni

551 2138 853 2193 reverentia
880 2145 934 2191 et
979 2136 1240 2206 religione
1292 2135 1594 2198 inficetunt,
1654 2146 1906 2207 rogantes
1947 2146 2003 2191 ut
2033 2152 2123 2191 eo.

550 2246 670 2282 rum
701 2228 773 2283 sit
819 2243 1027 2283 memor
1076 2230 1126 2281 in
1176 2228 1443 2282 donorum
1474 2229 1768 2283 oblatione.
1801 2228 1919 2299 Ipse
1944 2238 2124 2284 autem

549 2323 816 2394 procedit,
845 2323 1135 2376 comitatus
1166 2321 1510 2389 lampadibus
1561 2329 1616 2375 et
1646 2321 1941 2387 sumtibus,
1966 2332 2021 2391 et
2052 2322 2125 2377 ita

554 2432 613 2472 se
646 2417 875 2480 habens,
909 2416 1075 2469 altare
1102 2416 1427 2485 ingreditur.
1457 2415 1583 2471 Ilaec
1616 2426 1797 2469 autem
1840 2416 1975 2469 fiunt
2004 2417 2126 2483 qui-

550 2508 672 2561 dem
706 2509 770 2561 ad
807 2523 965 2562 usum
1004 2525 1019 2573 ;
1060 2508 1343 2577 oportebat
1377 2509 1522 2561 enim
1567 2507 1749 2560 afferri
1795 2516 1848 2560 et
1879 2507 1932 2560 in
1970 2507 2125 2561 altari

550 2600 734 2667 reponi
773 2598 914 2651 dona
975 2611 1097 2665 qua:
1163 2607 1292 2651 sunt
1333 2578 1725 2660 sacrificando,
1772 2596 1935 2667 idque
1998 2613 2123 2651 cum

551 2704 715 2757 quam
749 2687 982 2739 maxime
1013 2686 1125 2739 fieri
1155 2696 1337 2755 potest
1369 2688 1576 2742 honore
1615 2699 1667 2740 et
1703 2690 2018 2743 reverentia.
2047 2689 2123 2749 ita

551 2780 695 2830 enim
730 2775 1219 2832 introducebantur
1261 2777 1402 2831 dona
1440 2778 1530 2831 Dei
1591 2780 2031 2848 quandoquidem
2067 2792 2121 2836 et

552 2886 727 2937 reges,
785 2885 907 2923 cum
937 2879 1212 2939 oporteret
1259 2871 1407 2938 ipsos
1439 2870 1550 2926 Deo
1580 2871 1722 2925 dona
1757 2869 1976 2937 offerre,
2014 2888 2120 2927 rem

554 2977 658 3014 non
695 2962 815 3014 aliis
869 2945 1305 3023 committebant,
1332 2962 1424 3015 sed
1457 2962 1557 3030 ipsi
1584 2977 1678 3032 per
1700 2963 1908 3031 scipsos
1944 2962 2123 3017 fcren-

555 3063 656 3115 tes,
689 3068 749 3103 ca
777 3051 1022 3105 coronati
1056 3051 1494 3105 introducebant.

628 3139 864 3193 Possunt
904 3140 1087 3192 autem
1133 3140 1246 3193 ha'e
1287 3140 1449 3211 etiam
1514 3139 1713 3199 habere
1768 3140 2125 3211 significatio—

557 3246 681 3284 nem
715 3212 917 3284 ultimm
939 3229 1139 3284 Christi
1174 3210 1524 3294 oste'nsionis,
1560 3246 1654 3300 per
1685 3246 1849 3299 quam
1886 3233 2123 3287 maxime

555 3321 908 3375 Hebraeorum
947 3321 1205 3376 invidiam
1243 3321 1519 3386 accendit,
1552 3323 1772 3391 quando
1797 3323 1964 3376 etiam
1998 3338 2123 3393 pro-

554 3413 728 3466 fectus
782 3423 867 3468 est
897 3411 1147 3481 via'quze
1170 3413 1321 3467 ducit
1353 3428 1383 3467 a
1410 3413 1584 3481 patria
1634 3412 1688 3466 in
1720 3413 2046 3478 Jerusalem,
2070 3418 2124 3469 in

556 3516 664 3570 qua
695 3504 983 3570 oportebat
1039 3519 1163 3557 eum
1207 3502 1531 3570 sacrificari,
1561 3505 1780 3571 quando
1813 3514 1866 3558 et
1923 3505 1976 3558 in
2009 3506 2125 3560 asi-

565 3607 636 3645 no
674 3601 864 3647 vectus
905 3594 1091 3647 urbem
1155 3594 1433 3660 ingressus
1478 3604 1580 3659 est,
1633 3610 1660 3646 a
1728 3596 1915 3651 multis
1959 3596 2125 3651 dedu-

554 3693 698 3745 ctus,
747 3694 801 3738 et
839 3684 1066 3737 canticis
1109 3684 1436 3737 celebratus.
1491 3686 1712 3754 Oportet
1757 3697 1936 3742 autem
1964 3689 2125 3743 etiam

557 3786 688 3829 tunc
741 3775 805 3828 ad
833 3774 1131 3829 sacerdotis
1158 3789 1331 3843 genua
1356 3775 1659 3843 procidere,
1677 3787 1727 3832 et
1752 3793 1912 3835 orare
1932 3791 1990 3835 ut
2020 3781 2127 3836 illis

556 3865 899 3921 orationibus
962 3867 1133 3920 nostri
1198 3868 1529 3925 meminerit.
1581 3865 1771 3941 Neque
1834 3872 1979 3927 enim
2043 3881 2129 3928 est

557 3959 698 4012 alius
731 3958 916 4011 modus
944 3958 1361 4027 supplicationis
1389 3961 1479 4030 qui
1503 3969 1715 4016 tantum
1738 3963 1931 4034 possit,
1957 3973 2010 4019 et
2032 3965 2125 4036 qui

556 4048 731 4117 magis
778 4048 989 4101 firmam
1041 4057 1095 4102 et
1121 4049 1378 4105 stabilem
1437 4052 1597 4107 nobis
1645 4067 1795 4123 spem
1849 4056 2123 4123 praebeat,

556 4156 718 4209 quam
749 4143 839 4210 qui
871 4139 930 4194 fit
955 4156 1053 4211 per
1080 4141 1185 4197 hoc
1208 4142 1579 4199 venerandum
1605 4145 1955 4211 sacrificium,
1982 4148 2125 4218 quod

558 4233 861 4300 impietates
922 4240 976 4286 et
1017 4234 1337 4303 iniquitates
1393 4237 1582 4291 mutuli
1617 4240 1789 4307 gratis
1847 4238 2124 4309 purgavit.

563 4320 617 4375 Si
647 4321 741 4390 qui
779 4331 961 4375 autem
993 4338 1182 4378 eorum
1228 4326 1323 4394 qui
1362 4328 1644 4409 sacerdote
1680 4342 1806 4383 cum
1854 4329 2015 4384 donis
2044 4329 2128 4383 iu-

2228 1069 2348 1117 σαν,
2373 1054 2467 1106 καὶ
2484 1055 2662 1107 πάντα
2702 1054 2870 1124 αὐτὴν
2894 1056 3225 1125 ἡγουμένην,
3267 1056 3362 1108 καὶ
3411 1057 3550 1125 πρὸς
3592 1056 3805 1127 ταύτην

2228 1146 2405 1200 πάντα
2428 1146 2807 1211 ποιοῦσαν,τάς
2825 1146 3018 1216 εὐχὰς,
3043 1148 3140 1204 τὰς
3161 1148 3396 1217 δεήσεις,
3420 1148 3518 1207 τὰς
3548 1149 3803 1220 μυήσεις,

2224 1237 2323 1300 τὰς
2378 1238 2748 1307 παραινέσεις,
2767 1239 2873 1290 πᾶν
2925 1238 3089 1307 ίερόν.
3114 1240 3224 1293 Καὶ
3243 1238 3415 1291 ταῦτα
3451 1239 3553 1309 μὲν
3601 1240 3795 1303 οὕτως.

2802 1330 3057 1384 ΚΕΦΑΛ.
3106 1333 3233 1385 KA'.

2228 1423 2364 1491 Περὶ
2400 1421 2512 1492 τῆς
2562 1423 2651 1486 είς
2699 1422 2765 1476 τὸ
2815 1422 3254 1494 θυσιαστήριον
3296 1424 3631 1494 είσαγωῃῆς
3678 1423 3795 1478 τῶν

2780 1492 2992 1561 τιμίων
3018 1492 3244 1561 δώρωνε

2313 1584 2373 1639 Ὀ
2405 1585 2462 1638 δὲ
2509 1586 2685 1655 ἱερεὺς
2742 1584 2838 1655 βοῇ
2874 1585 2967 1636 τὸν
3013 1586 3144 1638 Θεὸν
3193 1586 3555 1657 δοξολογήσας
3578 1588 3798 1657 ἔρχεται

2232 1677 2326 1730 ἐπὶ
2357 1678 2424 1731 τά
2462 1676 2630 1748 δῶρα,
2665 1678 2755 1728 καὶ
2806 1677 3128 1746 ἀνελόμενος
3174 1678 3267 1730 ἐπὶ
3306 1679 3404 1748 τῆς
3440 1681 3683 1749 κεφαλῆς
3715 1698 3799 1733 κοο

2237 1769 2432 1837 σμίως,
2475 1769 2683 1829 ἔξεισιο
2738 1770 2832 1821 καὶ
2880 1768 3053 1831 οὕτως
3110 1769 3248 1822 αὐτὰ
3302 1771 3567 1840 κομίζων,
3605 1773 3696 1824 ἐπὶ
3742 1774 3800 1825 τὸ

2236 1859 2626 1929 θυσιαστήριον
2650 1861 2882 1928 είσάγει,
2908 1865 3184 1929 περιάγων
3210 1863 3456 1933 ἐπίτηδες
3479 1867 3536 1916 ἐν
3558 1866 3639 1933 τῷ
3664 1867 3800 1936 ναῷ,

2235 1947 2395 2017 σχολῇ
2434 1952 2527 2002 καὶ
2562 1948 2747 2021 βάδην.
2796 1952 2905 2003 Καὶ
2957 1953 3110 2005 αὐτοὶ
3160 1953 3376 2024 ᾄδουσι,
3422 1959 3514 2009 καὶ
3567 1957 3802 2026 προσπί-

2236 2038 2461 2093 πτουσιν
2491 2040 2659 2110 αὐτῷ,
2696 2042 2793 2094 σὺν
2822 2042 2962 2094 αἰδοῖ
2992 2044 3139 2114 πασῃ
3178 2046 3272 2097 καὶ
3298 2046 3575 2116 εὐλαϐείᾳ,
3607 2047 3769 2116 δεόμε
3790 2079 3802 2087 -

2233 2149 2315 2185 νοι
2345 2133 2566 2203 μνήμης
2606 2135 2737 2202 παρ’
2781 2131 2929 2204 αὐτῷ
2977 2137 3182 2205 τυχεῖν,
3236 2139 3294 2187 ἐν
3333 2140 3397 2208 τῇ
3446 2138 3555 2190 τῶν
3607 2138 3800 2208 δώρων

2235 2228 2593 2295 προσαγωγῇ.
2654 2226 2765 2279 Καὶ
2823 2226 2986 2289 αὐτὸς
3055 2233 3227 2297 χωρεῖ
3288 2233 3639 2300 πεμπόμενος
3692 2234 3802 2295 ὐπὸ

2232 2316 2484 2384 λαμπάσι
2512 2316 2607 2370 καὶ
2637 2317 2945 2388 θυμιάμασι
2969 2335 2982 2351 ο
3024 2321 3118 2374 καὶ
3137 2320 3311 2386 οὕτως
3341 2322 3500 2393 ἔχων,
3524 2324 3584 2376 τὸ
3612 2324 3803 2377 θυσια-

2234 2411 2455 2476 στήριον
2499 2408 2829 2478 εἰσέρχεται.
2885 2410 3069 2465 Ταῦτα
3118 2412 3173 2464 δὲ
3228 2413 3440 2480 γίνεται
3490 2413 3591 2484 μὲν
3649 2420 3797 2467 κατά

2231 2501 2453 2569 χρείανο
2511 2497 2617 2551 ἔδει
2652 2500 2762 2570 γὰρ
2811 2501 3118 2572 ἐνεχθῆναι,
3159 2503 3253 2557 καὶ
3301 2504 3378 2576 τῷ
3422 2506 3797 2577 θυσιαστηρίῳ

2233 2589 2571 2659 ἀποτεθῆναι
2598 2592 2665 2643 τὰ
2697 2591 2923 2645 θύεσθαι
2961 2592 3225 2662 μέλλοντα
3270 2594 3452 2665 δῶρα⁶
3501 2596 3596 2648 καὶ⁵
3630 2598 3798 2649 τοῦτο

2233 2683 2446 2751 σεμνῶς
2475 2682 2549 2744 ὡς
2578 2680 2754 2747 ἔξεστι
2780 2683 2873 2736 καὶ
2903 2685 3166 2753 κοσμίως.
3200 2684 3356 2738 Οὕτω
3380 2688 3485 2756 γὰρ
3514 2688 3799 2757 εἰσήγοντο

2230 2775 2298 2827 τὰ
2328 2773 2475 2845 δῶρα
2507 2774 2597 2828 τοῦ
2639 2774 2807 2828 Θεοῦο
2859 2776 2980 2828 ἐπεὶ
3028 2777 3123 2829 καὶ
3164 2777 3215 2827 ot
3248 2775 3488 2846 βασιλεῖς
3527 2777 3675 2844 δῶρα
3711 2780 3795 2844 τῷ

2230 2865 2349 2934 Θεῷ
2386 2866 2689 2934 προσάγειν
2719 2865 2918 2933 δεῆσαν
2948 2866 3150 2928 αὐτοῖς,
3200 2867 3299 2918 οὐκ
3340 2866 3519 2928 ἄλλοις
3556 2870 3614 2919 τὸ
3650 2871 3794 2937 πρᾶ-

2231 2972 2348 3025 γμα
2388 2955 2730 3024 ἐπέτρεπον,
2780 2955 2897 3009 ἀλλ’
2942 2955 3095 3010 αὐτοὶ
3126 2955 3193 3008 δι’
3225 2957 3432 3010 ἑαυτῶν
3477 2958 3795 3028 κομίζοντες

2152 3073 2195 3131 c
2231 3045 2452 3115 εἰσῆγον
2482 3046 2644 3110 αὐτὰ,
2678 3048 3132 3115 ἐστεφανωμένοι.

2302 3140 2534 3192 Δύναται
2563 3138 2619 3191 δὲ
2653 3138 2823 3192 ταῦτα
2844 3130 2937 3193 καί
2960 3141 3233 3210 σημασίαν
3262 3141 3404 3211 ἔχειν
3431 3143 3530 3211 τῖς
3563 3142 3792 3212 ἐσχάτης

2229 3226 2324 3282 τοῦ
2382 3226 2621 3298 Χριστοῦ
2669 3229 3016 3294 ἀναδείξεως,
3046 3230 3167 3283 καθ’
3198 3229 3264 3298 ἢν
3318 3229 3549 3299 μάλιστα
3582 3232 3677 3302 τὴν
3701 3232 3793 3302 βα-

2230 3320 2456 3373 σκανίαν
2508 3318 2614 3371 τῶν
2679 3319 2947 3389 Ἑϐραίων
3009 3320 3248 3390 ἀνῆψεν,
3312 3321 3473 3391 ἡνίκα
3527 3325 3623 3375 καὶ
3677 3324 3793 3376 ὁδὸν

2234 3411 2512 3465 ἐστείλατο
2545 3410 2645 3479 τὴν
2694 3411 2801 3463 ἀπὸ
2849 3412 2945 3481 τῆς
2977 3414 3241 3483 πατρίδος.
3276 3416 3369 3469 ἐπὶ
3416 3414 3796 3485 Ἰερουσαλὴμ,
3892 3400 3906 3410 ’

2232 3504 2292 3555 ἐν
2392 3501 2617 3554 θύεσθαι
2668 3501 2775 3554 ἔδει
2802 3518 2817 3532 '
2854 3503 2943 3556 ὅτε
2998 3506 3092 3557 καὶ
3131 3505 3424 3574 ὀχούμενος
3473 3507 3647 3578 είσῄει
3695 3507 3796 3575 τὴν

2230 3593 2408 3658 πόλιν,
2443 3592 2546 3645 ὑπὸ
2578 3592 2789 3646 πολλῶν
2837 3598 3341 3666 παραπεμπόμενος
3393 3582 3488 3649 καὶ
3522 3598 3795 3666 ὑμνούμε-

2233 3702 2344 3747 νος.
2374 3686 2469 3736 Δεῖ
2491 3684 2547 3737 δὲ
2573 3686 2936 3754 προσπίπτειν
2966 3688 3263 3757 τηνικαῦτα
3291 3689 3387 3741 καὶ
3413 3688 3490 3757 τῷ
3522 3691 3677 3760 ἱερεῖ,
3702 3691 3797 3742 καὶ

2229 3774 2437 3829 δεῖσθαι
2481 3776 2567 3830 ἵνα
2602 3777 2758 3847 ἡμῶν
2792 3778 2849 3830 ἐν
2880 3780 3002 3842 ταῖς
3050 3780 3232 3849 εὐχαῖς
3278 3780 3516 3843 ἐκείναις
3554 3782 3795 3851 μνησθῇ.

2233 3867 2357 3920 Ὀτι
2398 3868 2500 3920 οὐκ
2547 3867 2694 3922 ἔστιν
2739 3868 2895 3932 ἄλλος
2922 3871 3119 3941 τρόπος
3163 3871 3369 3933 ἱκεσίας
3408 3872 3550 3925 οὕτω
3587 3874 3795 3941 μεγάλα

2233 3958 2555 4029 δυνάμενος,
2587 3962 2681 4014 καὶ
2730 3960 2954 4030 βεϐαίας
2984 3964 3362 4033 παρεχόμενος
3408 3965 3540 4033 ἡμῖν
3581 3966 3679 4027 τὰς
3709 3965 3796 4017 ὲλσ

2236 4052 2417 4116 πίδας,
2463 4051 2652 4123 ὥσπερ
2680 4054 2708 4106 ὁ
2735 4054 2821 4107 διά
2862 4054 2962 4122 τῆς
2986 4054 3293 4123 φρικώδους
3335 4055 3540 4126 ταύτης
3579 4057 3795 4120 θυσίας,

2228 4144 2264 4211 ἥ
2291 4145 2389 4206 τὰς
2418 4144 2672 4208 ἀσεϐείας
2714 4147 2807 4199 καὶ
2840 4144 2939 4209 τὰς
2979 4146 3208 4215 ἀνομίας
3237 4144 3531 4215 ἐκαθάρισε
3562 4146 3793 4215 δωρεάν.

2230 4235 2294 4287 Et
2335 4236 2390 4289 δέ
2422 4252 2566 4299 τινες
2603 4235 2713 4289 τῶν
2758 4237 3209 4304 προσπιπτόντων
3258 4235 3482 4289 είσιόντι
3516 4237 3655 4306 μετά
3684 4238 3795 4291 τῶν

2230 4326 2418 4396 δώρων
2451 4326 2530 4394 τῷ
2586 4328 2753 4397 ίερεῖ,
2801 4328 2876 4391 ὡς
2925 4328 3083 4399 σῶμα
3135 4326 3375 4399 Χριστοῦ
3428 4330 3519 4381 καί⁵
3556 4323 3699 4397 αἷμα
3726 4328 3795 4379 τὰ

561 4411 837 4479 grediente
861 4410 1009 4464 humi
1030 4414 1414 4480 procumbunt,
1436 4426 1693 4484 tanquam
1717 4430 1916 4483 corpus
1932 4426 1984 4471 et
2004 4432 2124 4473 san-

2232 4415 2568 4484 κομιζόμενα
2590 4410 3135 4487 δῶραπροσκυνοῦσι
3168 4418 3263 4472 καὶ
3291 4419 3652 4485 διαλέγονται,
3688 4416 3796 4469 ἀπὸ

562 4501 779 4569 guinem
810 4501 1038 4564 Christi,
1066 4501 1209 4556 dona
1234 4518 1356 4573 quae
1389 4504 1667 4570 deferunt,
1698 4506 1929 4561 adorant
1956 4520 2011 4561 et
2041 4508 2120 4562 al.

561 4593 881 4661 loquuntur,
914 4590 982 4645 ab
1014 4592 1260 4660 ingressu
1314 4596 1890 4663 praesanctificatorum
1950 4600 2124 4655 dono-

559 4699 683 4738 rum
717 4685 925 4754 decepti
957 4692 1105 4749 sunt,
1137 4685 1456 4753 ignorantes
1480 4688 1836 4746 differentiam
1872 4694 2029 4762 huius
2072 4703 2126 4750 et

561 4774 706 4830 illius
740 4775 1016 4830 sacrificii.
1049 4773 1163 4829 Hoc
1188 4776 1331 4832 enim
1366 4778 1421 4833 in
1451 4779 1569 4849 ipso
1602 4780 1852 4853 ingressu
1897 4800 2003 4841 non
2031 4800 2122 4841 sa-

562 4864 803 4921 critieata
857 4866 1023 4922 habet
1077 4867 1244 4933 dona,
1287 4876 1344 4923 et
1404 4870 1643 4925 nondum
1674 4872 2123 4941 perfectazillud

563 4967 769 5023 autem,
794 4959 1034 5027 perfecta
1052 4969 1107 5013 et
1138 4958 1499 5024 sanctiﬁcata,
1526 4970 1578 5015 et
1604 4976 1804 5032 corpus
1833 4972 1888 5019 et
1902 4965 2125 5035 sangui-

564 5059 687 5099 nem
717 5047 938 5103 Christi.
976 5049 1043 5104 Et
1076 5050 1191 5104 haec
1222 5049 1441 5120 quidem
1466 5050 1547 5106 sic
1584 5051 1808 5108 habent.

1157 5160 1312 5217 CAP.
1342 5161 1487 5217 XXV

568 5268 647 5322 De
680 5269 920 5338 precibus
969 5280 1083 5339 post
1108 5275 1463 5341 pretiosorum
1489 5275 1746 5331 donorum
1776 5277 2128 5334 introductio-

720 5353 856 5401 uem,
910 5349 956 5392 et
989 5344 1257 5410 praeceptis
1280 5347 1564 5399 sacerdotis
1595 5346 1664 5400 ad
1696 5348 1967 5417 populum.

641 5486 908 5542 Sacerdos
950 5498 1130 5542 autem
1159 5491 1301 5547 dona
1350 5497 1561 5563 quidem
1592 5499 1744 5567 ponit
1775 5515 1937 5569 super
1976 5516 2127 5556 men-

571 5593 689 5631 sam
716 5595 730 5643 ;
787 5578 903 5648 ipse
922 5588 1125 5645 autem,
1162 5590 1223 5635 ut
1251 5584 1341 5650 qui
1366 5584 1479 5653 jam
1526 5601 1770 5645 versetur
1802 5593 1852 5645 in
1884 5594 2127 5662 mysterii

572 5670 952 5739 celebratione,
985 5678 1039 5728 et
1067 5673 1429 5729 venerandam
1454 5678 1526 5735 sit
1552 5680 1784 5737 hostiam
1820 5695 2118 5739 contrecta-

2223 4506 2321 4575 τῆς
2376 4506 2589 4559 εἰσόδου
2643 4508 2753 4561 τῶν
2790 4510 3248 4579 προηγιασμένων
3289 4509 3478 4578 δώρων
3508 4507 3796 4579 ἠπατήθη-

2225 4612 2368 4661 σαν,
2421 4598 2791 4668 ἀγνοήσαντες
2842 4599 2940 4669 τὴν
3003 4599 3264 4670 διαφορὰν
3320 4600 3420 4669 τῆς
3481 4597 3794 4669 ἱερουργίας

2227 4686 2432 4756 ταύτης
2460 4688 2741 4758 κάκείνης.
2780 4689 2926 4761 Αὐτὴ
2959 4690 3056 4760 μὲν
3084 4691 3194 4761 γὰρ
3219 4692 3277 4745 ἐν
3300 4690 3476 4761 ταύτῃ
3506 4692 3572 4760 τῇ
3603 4689 3793 4757 εἰσόδῳ

2224 4773 2401 4828 ἄθυτα
2433 4776 2546 4846 ἔχει
2579 4776 2648 4831 τὰ
2678 4778 2850 4846 δῶρα,
2882 4783 2978 4835 καὶ
3003 4780 3159 4833 οὔπω
3189 4781 3578 4847 τετελεσμένα·
3606 4779 3795 4846 ἐκείνη

2223 4868 2282 4921 δὲ
2315 4869 2514 4935 τέλεια,
2553 4873 2649 4924 καὶ
2686 4874 3018 4943 ἠγιασμένα,
3050 4873 3147 4929 καὶ
3175 4873 3336 4944 σῶμα
3364 4873 3461 4927 καὶ
3478 4866 3618 4942 αἷμα
3650 4869 3793 4942 Χρι-

2228 4957 2377 5012 στοῦ.
2418 4961 2530 5014 Καὶ
2562 4962 2733 5016 ταῦτα
2767 4964 2866 5036 μὲν
2895 4962 3088 5028 οὕτως.

2801 5163 3052 5218 ΚΕΦΑΔ.
3086 5164 3216 5218 KE’.

2227 5271 2368 5345 Περί
2399 5269 2515 5345 τῷν
2555 5274 2709 5345 μετὰ
2753 5274 2869 5339 τὴν
2910 5276 3255 5345 εἰσαγωγὴν
3280 5276 3401 5330 τῶν
3462 5275 3663 5344 δώρων
3688 5276 3792 5328 καὶ

2296 5339 2516 5463 £131.63",
2544 5339 2644 5395 καὶ
2675 5339 3095 5413 παραγγελιῶῦ
3129 5339 3236 5400 τοῦ
3285 5346 3487 5415 ἱερέως
3526 5339 3675 5412 πρὸς
3720 5345 3794 5398 τὸ

2302 5425 2345 5462 π
2390 5428 2426 5477 η
2467 5428 2555 5477 ος.

2308 5499 2369 5551 ’0
2400 5501 2455 5552 δὲ
2483 5500 2665 5571 ἱερεὺς
2706 5502 2776 5557 τὰ
2819 5504 2918 5573 μὲν
2943 5505 3091 5576 δῶρα
3120 5505 3305 5575 τίθησι
3335 5506 3429 5560 ἐπὶ
3457 5507 3556 5577 τῆς
3580 5508 3796 5578 τραπέ-

2229 5590 2327 5659 ζης
2349 5606 2363 5622 ο
2397 5591 2559 5653 αὐτὸς
2603 5593 2662 5646 δὲ
2709 5594 2784 5656 ὡς
2816 5596 2916 5665 ἤδη
2949 5597 3083 5665 πρὸς
3115 5600 3182 5667 τῇ
3222 5596 3446 5669 τελευτῇ
3478 5598 3792 5668 γενόμενος,

2231 5683 2327 5736 καὶ
2361 5684 2569 5753 μέλλων
2604 5687 2703 5758 τῆς
2735 5689 2971 5760 φρικτῆς
2997 5689 3262 5744 ἆπτεσθαι
3301 5689 3516 5756 θυσίας,
3551 5689 3627 5742 ἐτι
3660 5689 3797 5744 ἐαυ-
