4132 6308
275 318 369 380 421

1357 271 1363 277 ⁸
1463 323 1856 386 LITURGL’E
1892 326 2318 388 EXPOSITIO.

3414 336 3518 400 422

271 434 359 486 τὸν
404 435 741 505 εὐτρεπίζει,
780 438 870 491 καὶ
920 437 1008 491 διὰ
1052 439 1160 492 τῶν
1211 439 1397 510 εὐχῶν
1428 442 1699 511 καθαίρει,
1754 441 1829 495 κα⁴

1954 448 2132 506 turus,
2173 442 2352 497 adhuc
2381 442 2618 511 seipsum
2647 444 2954 514 componit,
2979 457 3029 500 cl
3052 463 3144 516 per
3169 462 3356 517 preces
3379 465 3521 518 pur-

272 528 406 596 πρὸε
437 528 537 597 τὴν
563 529 879 599 ἱερουργίαν
918 532 1350 599 παρασκευάζει,
1382 535 1477 586 καὶ
1511 535 1610 604 οὐχ
1652 534 1845 588 ἑαυτὸν

278 620 464 689 μόνον,
519 621 654 675 ἀλλά
686 623 778 675 καὶ
816 623 876 675 τὸ
926 623 1229 693 περιεστὼς
1260 625 1461 693 πλῆθος
1504 626 1844 695 καταρτίζει,

278 715 371 766 καὶ
402 714 674 784 διατίθησι
706 714 839 783 πρὸς
862 714 962 785 τὴν
994 717 1175 785 χάριν,
1202 718 1335 787 εὐχῇ
1371 719 1463 772 καὶ
1492 721 1556 788 τῇ
1588 720 1721 787 πρὸς
1752 719 1845 771 άλ-

279 804 474 872 λήλους
513 806 719 876 ἀγάπῃ,
770 808 863 860 καὶ
895 810 961 877 τῇ
1010 807 1273 878 ὁμολογίᾳ
1317 809 1416 878 τῆς
1455 810 1713 873 πίστεως.
1755 810 1843 863 Ἑν

283 896 487 958 τούτοις
518 896 573 949 δὲ
622 896 681 949 τὸ
714 899 825 951 πᾶν
854 901 953 967 τῆς
1005 900 1329 967 ἐτοιμασίας
1377 901 1513 963 ἐστὶ,
1549 901 1670 954 καθ’
1701 902 1766 972 ἢν
1814 905 1843 955 ὁ

286 988 477 1058 Κύριος
510 987 766 1041 ἐκέλευσε
813 989 1021 1057 λέγων’
1080 1009 1098 1040 ι
1139 989 1357 1043 Γίνεσθε
1394 991 1618 1060 ἕτοιμοι.
1655 1011 1673 1043 ι
1724 993 1842 1046 Ἐν-

280 1074 442 1127 ταῦθα
469 1080 578 1144 γὰρ
606 1078 640 1146 ἠ
669 1079 876 1140 πίστις,
919 1079 1014 1130 καὶ
1045 1078 1112 1130 τὰ
1144 1080 1280 1149 ἔργα
1301 1097 1316 1110 ·
1348 1083 1379 1148 ἡ
1420 1081 1520 1149 μὲν
1547 1082 1730 1146 πίστις
1751 1082 1841 1135 διά

274 1168 366 1237 τῆς
389 1171 684 1238 ὁμολογίας
730 1171 1057 1240 φαινομένη,
1089 1172 1157 1225 τὰ
1190 1173 1245 1225 δὲ
1281 1173 1414 1243 ἔργα
1447 1174 1537 1227 διὰ
1564 1175 1661 1245 τῆς
1705 1176 1840 1243 ἀγά-

272 1279 400 1332 πης,
428 1264 464 1333 ἦ
497 1281 583 1326 τις
632 1264 787 1326 τέλος
823 1264 973 1316 ἐστὶν
1020 1264 1180 1335 ἔργου
1220 1268 1420 1330 παντὸς
1468 1268 1703 1335 ἀγαθοῦ,
1747 1270 1840 1321 καὶ

267 1356 468 1426 ἀρετῆς
528 1355 715 1424 πάσης
762 1356 1078 1423 κεφάλαιον.
1125 1357 1282 1411 Ἀλλά
1339 1360 1511 1413 ταῦτα
1565 1361 1664 1430 μὲν
1721 1359 1840 1430 μετ’

264 1448 469 1516 ὀλίγον.
504 1448 619 1519 Πρὸ
659 1447 716 1500 δὲ
745 1449 951 1503 τούτων
987 1450 1110 1512 τοὺς
1167 1451 1536 1520 περιεστῶτας
1590 1454 1836 1517 πιστοὺς,

263 1537 525 1608 εὔχεσθαι
550 1539 761 1592 κελεύει
792 1540 933 1610 ὑπὲρ
958 1533 1031 1596 ὧν
1053 1539 1310 1610 εὔχεσθαι
1334 1541 1453 1594 τότε
1476 1542 1573 1596 δεῖ.
1609 1559 1629 1630 t
1669 1542 1838 1611 ’Υπὲρ

259 1628 375 1681 τῶν
414 1630 784 1698 προτεθέντων
820 1630 1028 1703 δώρων,
1076 1633 1228 1701 φησὶ,
1263 1632 1357 1685 τοῦ
1394 1628 1838 1704 Κυρίουδεηθῶ-

263 1736 389 1788 μεν.
407 1738 424 1770 ι
458 1719 630 1791 ’Υπὲρ
660 1721 750 1774 τοῦ
780 1722 1141 1793 προκειμένου
1169 1724 1257 1777 τὸν
1284 1724 1414 1777 Θεὸν
1442 1724 1835 1795 ίκετεύσωμεν,

1950 540 2061 601 gat,
2089 538 2142 585 et
2161 531 2227 586 ad
2261 531 2586 586 sacriﬁcium
2619 545 2912 604 praeparat,
2950 547 3002 591 et
3027 552 3133 589 non
3158 538 3334 592 solum
3376 542 3521 607 scip-

1949 637 2097 687 sum,
2123 622 2216 676 sed
2247 621 2736 680 circumsistentem
2757 629 2917 683 etiam
2953 630 3352 685 multitudinem
3386 648 3522 700 pra:—

1948 721 2124 782 parat,
2152 720 2209 767 et
2264 712 2506 782 disponit
2561 716 2628 771 ad
2684 721 2934 787 gratiam,
2991 722 3243 775 oratione
3286 732 3339 775 ct
3380 723 3522 777 inter

1949 817 2008 856 se
2059 800 2294 855 invicem
2336 804 2629 861 dilectione
2672 817 2727 863 et
2761 808 2883 863 ﬁdei
2940 812 3303 869 confessione.
3340 813 3398 868 In
3435 816 3519 871 bis

1945 894 2128 948 autem
2163 896 2421 951 consistit
2467 898 2723 953 universa
2756 903 3104 969 praeparatio.
3134 922 3298 974 quam
3334 908 3518 962 Domi-

1945 1001 2049 1040 nus
2070 987 2257 1057 jussit,
2284 987 2512 1043 dicens:
2547 1008 2565 1041 ι
2601 988 2783 1044 Estote
2799 993 2995 1059 parati.
3023 1011 3041 1044 ι
3087 993 3181 1050 Hic
3209 998 3352 1051 enim
3384 999 3518 1053 ﬁdes

1943 1087 2000 1131 et
2024 1092 2228 1146 opera;
2277 1078 2410 1133 ﬁdes
2441 1081 2656 1147 quidem
2691 1095 2811 1148 quae
2838 1093 3063 1150 apparet
3095 1100 3187 1153 per
3216 1088 3517 1142 confessio-

1943 1182 2066 1219 nem
2094 1183 2110 1232 ;
2144 1181 2309 1237 opera
2360 1177 2541 1222 autem
2594 1184 2689 1239 per
2713 1170 3061 1239 charitatem,
3099 1190 3219 1242 quae
3250 1176 3373 1232 ﬁnis
3397 1194 3518 1232 om-

1943 1256 2029 1309 nis
2069 1256 2198 1310 boni
2231 1257 2433 1326 operis,
2458 1265 2514 1312 et
2537 1273 2752 1313 summa
2783 1261 2964 1314 omnis
2994 1262 3234 1317 virtutis.
3261 1264 3365 1320 Sed
3403 1268 3516 1323 tunc

1942 1344 2159 1412 quidem
2192 1346 2357 1415 paulo
2399 1356 2538 1416 post.
2567 1350 2704 1404 Ante
2732 1351 2844 1405 luce
2870 1360 3049 1406 autem
3086 1355 3268 1411 ﬁdeles
3295 1359 3385 1425 qui
3412 1360 3517 1412 cir-

1943 1434 2298 1499 cumsistunt,
2320 1452 2482 1491 orare
2506 1440 2656 1508 jubet
2679 1457 2776 1509 pro
2798 1442 2863 1497 iis
2889 1459 2986 1511 pro
3013 1446 3212 1512 quibus
3240 1455 3369 1503 tunc
3392 1466 3516 1503 ora-

1943 1539 1999 1576 re
2025 1533 2258 1588 oportet.
2306 1543 2323 1575 ι
2355 1524 2465 1579 Pro
2522 1528 2841 1597 propositis,
2904 1534 3100 1602 inquit,
3150 1537 3308 1591 donis
3362 1551 3516 1594 orate

1943 1614 2255 1670 Dominum.
2290 1636 2309 1667 ι
2340 1617 2446 1673 Pro
2469 1634 2536 1673 eo
2562 1622 2707 1691 quod
2739 1631 2818 1677 est
2850 1627 3219 1694 prOpositmn,
3246 1627 3354 1684 Deo
3381 1648 3512 1702 sup-

1941 1707 2226 1777 plicemus,
2273 1720 2330 1763 ut
2356 1711 2498 1766 dona
2529 1714 2959 1781 sanctiﬁccntur,
2986 1728 3040 1772 ct
3088 1718 3156 1772 ad
3189 1720 3350 1775 ﬁnem
3385 1737 3512 1792 per-

261 1810 350 1863 ίνα
394 1788 697 1879 ἀγιασθῶσι
728 1814 796 1867 τὰ
823 1788 996 1882 δῶρα,
1055 1816 1148 1868 καὶ
1197 1817 1277 1880 είς
1329 1816 1481 1880 τέλος
1528 1818 1659 1888 ἡμῖν
1776 1788 1829 1880 ἐξ

1948 1799 2186 1853 ducatur
2234 1816 2354 1869 qua:
2385 1800 2485 1857 fuit
2509 1804 2578 1857 ab
2607 1807 2761 1867 initio
2792 1809 3127 1877 propositio.
3155 1809 3356 1866 Deinde
3383 1788 3508 1868 cum

258 1902 445 1971 ἀρχῆς
498 1902 755 1972 πρόθεσις
805 1903 956 1975 ἔλθῃ.
1016 1902 1149 1959 Εἶτα
1207 1908 1301 1959 καὶ
1351 1907 1486 1961 ἄλλα
1549 1908 1827 1977 προσθεῖς,

259 1993 407 2063 ὑπὲρ
454 1988 528 2045 ὧν
566 1993 648 2047 δεῖ
700 1994 793 2049 τὸν
843 1997 976 2049 Θεὸν
1032 1996 1325 2061 ἱκετεύειν,
1359 1999 1451 2049 καὶ
1520 1998 1832 2050 τελευταῖον

258 2083 609 2153 παραθέσθαι
661 2085 927 2149 κελεύσας
969 2087 1220 2173 ἑαυτοὺς,
1269 2088 1347 2173 τῷ
1390 2086 1508 2157 Θεῷ
1540 2090 1632 2140 καὶ
1666 2089 1833 2157 ἀλλή-

257 2169 408 2232 λους,
435 2173 529 2224 καὶ
560 2173 745 2226 πᾶσαν
783 2175 889 2242 τήν
928 2172 1096 2243 ζωὴν,
1133 2169 1387 2227 εἶτακαὶ
1418 2177 1600 2241 αὐτὸς,
1644 2178 1702 2229 τὸ
1735 2177 1832 2245 τῆς

260 2264 430 2333 εὐχῆς
470 2264 911 2334 ἀκροτελεύτιον,
943 2266 1012 2335 ἢν
1046 2267 1137 2335 ὑφ’
1166 2267 1357 2320 ἑαυτοῦ
1390 2268 1527 2338 πρὸς
1565 2269 1656 2322 τὸν
1700 2269 1836 2322 Θεὸν

257 2355 577 2424 ἐποιήσατο,
611 2356 692 2420 είς
717 2358 953 2427 ἐπήκοον
986 2359 1201 2413 πάντων
1225 2359 1429 2430 βοήσας
1461 2362 1599 2414 κατά
1624 2362 1682 2414 τὸ
1711 2362 1834 2425 ἔθος

256 2447 356 2498 καὶ
387 2447 766 2518 δοξολογήσας,
804 2452 896 2503 καὶ
931 2450 1132 2514 αὐτοὺς
1174 2451 1357 2505 λαϐὼν
1397 2456 1496 2524 τῆς
1523 2453 1834 2523 δοξολογίας

259 2542 577 2606 κοινωνοὺς,
611 2542 750 2610 μετὰ
781 2544 940 2596 τοῦτο
987 2545 1213 2615 εἰρήνην
1246 2545 1345 2616 τῆς
1374 2546 1513 2616 πρὸς
1540 2546 1828 2618 ἀλλήλους,

255 2629 351 2681 καὶ
400 2630 622 2699 εῦχεται
647 2635 808 2699 πᾶσι,
838 2638 932 2687 καὶ
954 2640 1215 2705 παραινεῖ

324 2720 524 2773 Εἰπὼν
553 2724 684 2791 γὰρ,
710 2743 726 2774 ι
757 2725 956 2796 Εἰρήνη
979 2731 1109 2780 πᾶσι
1139 2747 1184 2790 ι,
1209 2729 1420 2797 ἐπάγει,
1458 2748 1477 2780 ι
1509 2731 1829 2801 Ἀγαπήσω-

250 2830 356 2880 μεν
409 2814 742 2885 ἀλλήλους.»
797 2817 951 2871 Ἐπεὶ
994 2820 1050 2872 δὲ
1083 2820 1337 2891 εὔχεσθαι
1392 2823 1529 2894 ὑπὲρ
1587 2824 1830 2894 ἀλλήλων

256 2903 452 2971 ἐντολή
490 2906 632 2958 ἐστιν
660 2908 1011 2978 ἀποστολικὴ,
1036 2910 1122 2963 διὰ
1146 2912 1302 2965 τοῦτο
1330 2914 1422 2966 καὶ
1452 2915 1480 2966 ὁ
1518 2914 1647 2975 λαὸς
1678 2914 1831 2985 εὔχε-

258 3010 351 3045 ται
381 2993 642 3065 αὐτῷτὴν
700 2997 869 3069 αὐτὴν
914 2999 1159 3072 είρήνην,
1219 3004 1487 3073 λέγοντες,
1542 3007 1696 3061 (Καὶ
1752 3009 1829 3075 τῷ

256 3085 531 3154 πνεύματί
579 3104 695 3144 σου.
727 3107 745 3141 ι
795 3092 943 3144 Ἐπεὶ
973 3093 1030 3146 δὲ
1080 3097 1144 3165 τῇ
1176 3096 1312 3167 πρὸς
1360 3098 1623 3169 ἀλλήλους
1671 3101 1827 3171 ήμῶν
1855 3112 1897 3168 c

250 3180 469 3249 ἀγάπῃ,
521 3181 784 3250 καὶπρὸς
833 3182 964 3236 Θεὸν
999 3187 1032 3256 ή
1063 3188 1251 3259 ἀγάπη
1285 3192 1591 3257 ἀκολουθεῖ,
1642 3196 1709 3264 τῇ
1773 3193 1830 3246 δὲ

253 3268 398 3337 πρὸς
422 3270 555 3322 Θεὸν
584 3270 774 3342 ἀγάπῃ
807 3277 900 3325 καὶ
941 3277 974 3343 ἡ
1018 3278 1154 3346 πρὸς
1186 3279 1318 3333 Θεὸν
1344 3281 1524 3335 τελεία
1561 3287 1651 3339 καὶ
1678 3285 1828 3350 ζῶσα

249 3359 443 3422 πίστις
487 3360 704 3427 ἕπεται,
747 3366 837 3416 διὰ
881 3365 1039 3418 τοῦτο
1086 3369 1185 3438 μὲν
1230 3371 1453 3445 ἀγάπην
1498 3376 1693 3444 είπὼν,
1732 3378 1828 3432 καὶ

247 3453 477 3523 ἀγαπᾷν
523 3454 788 3525 ἀλλήλους
826 3462 1182 3530 παραινέσας,
1216 3464 1376 3529 εὐθὺς
1405 3467 1502 3538 τήν
1537 3471 1826 3539 ὁμολογίαν

247 3544 451 3611 ἐπάγει
508 3546 612 3616 τῆς
679 3549 954 3614 πίστεως·
994 3569 1014 3601 ι
1054 3553 1173 3607 Ἰνα
1209 3557 1265 3609 ὲν
1308 3557 1588 3632 ὁμολογίᾳ,
1638 3564 1824 3633 φησὶν,

245 3636 705 3707 ὁμολογήσωμεν.
766 3658 785 3692 ι
847 3644 956 3697 Καὶ
1000 3645 1049 3697 οἱ
1108 3650 1290 3701 πιστοὶ
1336 3651 1555 3720 βοῶσιν,
1634 3672 1653 3706 ι
1728 3658 1825 3709 Ὃν

243 3727 588 3797 ὁμολογῆσαι
621 3730 703 3784 δεῖ
730 3730 881 3799 Θεὸν,
917 3734 1015 3805 τὴν
1042 3736 1205 3805 ἁγίαν
1232 3741 1454 3812 Τριάδα.
1504 3762 1522 3794 ι

818 3906 1071 3962 meum.
1119 3912 1262 3979 Kq'.

243 3992 387 4074 Περί
448 3993 564 4071 τῆς
588 3997 934 4080 ⁹ὁμολογία(-
975 3999 1083 4080 ξῆς
1118 4004 1402 4080 πίστεως,
1440 4009 1536 4062 καὶ
1577 4004 1664 4063 ὧν
1696 4015 1824 4080 μετ’

312 4062 515 4145 agter
567 4066 599 4115 ό
653 4062 849 4145 tepetii;
903 4062 1675 4145 τοῖς”πιστοῖς’ἒταραινῖεῒ
1696 4062 1822 4135 ’καί

310 4130 584 4198 εὔχεται,
628 4130 727 4187 καί
771 4130 858 4189 ὧν*
897 4130 1121 4194 ἐκεῖνοι
1171 4130 1325 4211 πρὸξ
1343 4130 1531 4201 αὑτῦν
1572 4130 1825 4219 dit—014:2;

310 4216 549 4256 νονται.

312 4290 453 4347 Εἶτα
481 4295 510 4345 ὁ
541 4295 721 4360 ἱερεὺς
749 4296 829 4350 ἔτι
864 4299 1077 4356 κελεύει
1112 4305 1321 4369 πάντας
1357 4310 1604 4365 ἀνειπεῖν
1627 4312 1664 4367 ἃ
1694 4316 1821 4385 περὶ

239 4385 373 4437 Θεὸν
425 4386 699 4455 μαθόντες
738 4391 1088 4447 πιστεύουσιο
1140 4397 1240 4468 τὴν
1293 4399 1551 4471 ἀληθινὴν
1591 4403 1817 4472 σοφίανο

239 4480 371 4547 περὶ
398 4475 473 4552 ἦς
506 4481 671 4548 φησὶν
697 4484 725 4534 ὁ
771 4482 1122 4550 Ἀπόστολος·
1162 4505 1180 4540 t
1224 4490 1425 4560 Σοφίαν
1456 4494 1515 4546 δὲ
1548 4495 1817 4567 λαλοῦμεν

240 4565 295 4617 ὲν
325 4570 438 4630 τοῖς
478 4568 710 4631 τελείοις
736 4585 749 4598 ⁸
800 4589 818 4621 ι
869 4573 938 4642 ἢν
973 4579 1165 4644 σοφίαν
1192 4580 1221 4630 ὀ
1256 4582 1459 4651 κόσμος
1499 4584 1598 4637 ούκ
1637 4565 1814 4654 ἔγνω*

239 4655 495 4726 δηλονότι
524 4660 572 4711 οἱ
602 4661 710 4714 ἀπὸ
736 4662 831 4715 τοῦ
857 4667 1068 4735 κόσμου
1104 4672 1281 4738 σοφοὶ,
1318 4676 1411 4727 καὶ
1441 4679 1538 4746 τῆς
1566 4681 1674 4732 ἀπὸ
1708 4682 1817 4733 τῶν

238 4750 526 4821 αἰσθητῶν
574 4752 832 4821 γνώσεως
883 4759 1068 4828 μεῖζον
1119 4766 1213 4817 καὶ
1273 4765 1625 4839 ὑψηλότερον,
1694 4770 1817 4825 οὔτε

236 4842 468 4908 εἰδότες,
502 4840 644 4897 “οὔτε
674 4846 813 4909 ὅλως
844 4844 985 4904 εἶναι
1016 4854 1383 4921 πιστεύοντες.
1432 4859 1521 4912 Ἐν
1551 4860 1721 4934 ταύτῃ
1749 4867 1814 4936 τῇ

239 4935 405 5003 σοφία
454 4934 678 4990 κελεύει
728 4940 909 5002 πάσας
956 4943 1299 5000 ἀναπετάσαι
1347 4949 1445 5013 τὰς
1493 4950 1682 5021 θύρας,
1748 4934 1817 5009 τά

236 5021 496 5088 στόματα
530 5024 711 5094 ἡμῶν,
742 5029 813 5081 τά
858 5023 972 5085 ὦτα
1011 5035 1189 5103 ἡμῶν.
1238 5037 1327 5091 Ἐν
1377 5039 1569 5113 ταύτῃ,
1625 5045 1814 5114 φησὶν,

236 5112 495 5179 ἀνοίξατε
528 5118 596 5185 τῇ
616 5119 799 5190 σοφία,
825 5121 998 5176 ταῦτα
1024 5125 1287 5196 διηνεκῶς
1321 5132 1417 5184 καὶ
1449 5112 1697 5201 λέγοντες
1722 5138 1817 5191 καὶ

235 5203 562 5272 ἀκούοντες,
594 5209 689 5260 καὶ
718 5210 878 5265 τοῦτο
906 5215 968 5267 ού
1020 5217 1301 5288 ῥᾳθύμως,
1322 5222 1456 5275 ἀλλὰ
1508 5227 1816 5292 σπουδαίως

235 5296 469 5360 ποιεῖτε,
542 5298 641 5350 καὶ
676 5301 1033 5370 προσέχοντες
1069 5305 1199 5376 ὑμῖν
1237 5310 1443 5374 αὐτοῖς.
1502 5315 1610 5367 Καὶ
1660 5316 1816 5370 αὐτοὶ

236 5387 423 5438 πᾶσαν
476 5388 751 5444 ἀναϐοῶσι
802 5396 904 5462 τὴν
963 5398 1253 5467 ὁμολογίαν
1304 5404 1363 5456 τὸ
1419 5406 1517 5474 τῆς
1575 5407 1814 5473 πίστεως

237 5475 535 5544 σύμϐολον.
578 5476 715 5533 Εἶτα
740 5484 766 5534 ὁ
818 5484 1020 5554 ἱερεὺς,
1049 5506 1068 5539 ι
1106 5490 1330 5561 Στῶμεν
1359 5495 1561 5563 καλῶς,
1599 5499 1812 5568 στῶμεν

238 5570 381 5632 μετὰ
430 5569 628 5637 φόϐου.
670 5591 688 5623 ι
746 5575 869 5627 Ἐπὶ
898 5578 995 5645 τῆς
1032 5581 1342 5651 ὁμολογίας,
1403 5587 1556 5659 φησὶ,
1611 5591 1811 5661 ταύτης

240 5659 483 5728 στῶμεν,
520 5665 593 5731 μὴ
636 5662 724 5717 διά
758 5666 1144 5737 πιθανολογίαν
1176 5677 1467 5745 αἱρετικῶν
1516 5680 1813 5751 σαλευόμε-

237 5765 337 5803 νοι.
383 5771 403 5804 ι
447 5753 671 5825 Στῶμεν
706 5761 844 5829 μετά
886 5762 1074 5831 φόϐου,
1119 5782 1137 5816 ι
1176 5766 1258 5820 ὅτι
1288 5768 1452 5833 πολὺς
1494 5771 1521 5821 ὁ
1568 5772 1811 5838 κίνδυνος

1933 1888 2038 1943 alia
2070 1891 2236 1945 etiam
2273 1893 2471 1960 adjecit
2519 1911 2615 1961 pro
2645 1898 2848 1967 quibus
2877 1910 3095 1969 Oportet
3125 1901 3294 1957 Deum
3323 1919 3508 1971 orare,

1932 1985 1986 2030 et
2040 1980 2255 2033 tandem
2287 1996 2411 2035 cum
2454 1985 2669 2054 seipsos
2706 1998 2760 2041 et
2805 1988 2945 2043 inter
2967 2006 3027 2044 se
3059 1991 3313 2057 invicem,
3343 2004 3395 2049 et
3426 2004 3507 2049 to-

1934 2075 2043 2120 tam
2076 2084 2231 2122 suam
2263 2071 2424 2124 vitam
2474 2073 2644 2141 jussit
2687 2075 2797 2130 Deo
2838 2081 3230 2138 commendare
3265 2099 3280 2150 ;
3312 2084 3509 2139 deinde

1936 2170 2060 2211 cum
2092 2158 2208 2226 ipse
2237 2175 2459 2229 quoque
2493 2164 2741 2219 ultimam
2770 2169 3038 2226 orationis
3081 2182 3316 2241 partem,
3342 2192 3505 2244 quam

1937 2248 2078 2317 apud
2119 2263 2178 2301 se
2200 2250 2266 2303 ad
2298 2251 2464 2305 Deum
2520 2253 2667 2319 fecit,
2706 2257 3055 2316 audientibus
3114 2266 3394 2332 omnibus,
3445 2281 3505 2323 ut

1937 2352 2056 2392 mos
2084 2349 2189 2401 est,
2225 2342 2332 2394 alta
2355 2356 2487 2425 voc’e
2527 2344 2803 2407 clamavit.
2843 2358 2899 2401 et
2943 2351 3291 2420 gloriﬁcavit,
3326 2372 3378 2411 et
3427 2360 3507 2428 ip-

1935 2443 2029 2485 sos
2078 2431 2496 2500 gloriﬁcatiouis
2536 2438 2833 2508 participes
2882 2443 3112 2517 accepit,
3171 2457 3355 2512 postea
3410 2467 3505 2519 pa-

1933 2536 2050 2576 eem
2083 2524 2340 2580 oumibus
2398 2527 2540 2582 inter
2603 2544 2662 2583 se
2703 2529 2935 2588 invicem
2986 2544 3266 2604 precatur,
3300 2551 3505 2597 etsun-

1932 2613 1965 2669 d
1990 2622 2041 2667 ι.
2706 2622 2713 2628 ’

2003 2746 2303 2818 Postquam
2333 2734 2479 2807 enim
2511 2753 2651 2810 dixit
2686 2774 2699 2810 :
2740 2778 2756 2811 ι
2784 2757 2892 2815 Pax
2924 2764 3201 2833 omnibus,
3237 2784 3255 2818 ι
3277 2768 3501 2838 subjun-

1932 2839 2029 2910 git,
2065 2858 2083 2891 ι
2122 2841 2422 2912 Diligamus
2471 2846 2729 2905 invicem.
2783 2869 2800 2903 ι
2863 2852 3133 2919 Quoniam
3179 2869 3356 2913 autem
3403 2877 3501 2930 pro

1932 2946 1991 2986 se
2057 2933 2290 2989 invicem
2353 2940 2565 3006 precari
2617 2950 2701 2996 est
2752 2958 3083 3016 prmeeptum
3114 2953 3497 3017 apostolicum,

1932 3033 2220 3093 propterea
2253 3029 2486 3097 populus
2514 3047 2735 3102 quoque
2755 3035 2805 3089 ei
2849 3052 3021 3107 ipsam
3055 3055 3244 3110 pacem
3305 3058 3498 3112 prcca-

1932 3125 2039 3181 tur,
2071 3118 2259 3172 direns
2293 3137 2307 3173 :
2368 3138 2385 3171 ι
2420 3122 2486 3175 Ει
2519 3139 2642 3177 cum
2672 3127 2866 3194 spiritu
2908 3118 3029 3185 tuo.
3055 3149 3074 3182 ι
3108 3131 3247 3198 Quia
3317 3145 3497 3190 autem

1932 3216 2175 3261 nostram
2230 3210 2369 3262 inter
2431 3227 2531 3267 nos
2600 3215 2829 3270 invicem
2885 3220 3253 3288 dilectionem,
3332 3229 3496 3281 etiam

1896 3310 2086 3375 _amor
2135 3298 2252 3363 Dei,
2304 3299 2396 3355 Dei
2450 3314 2630 3359 autem
2664 3307 3041 3382 dilectionem,
3073 3315 3212 3371 ﬁdes
3268 3318 3323 3373 in
3372 3335 3495 3376 eum

1929 3387 2168 3457 perfecta
2217 3398 2271 3444 et
2328 3391 2446 3446 viva
2491 3399 2870 3467 consequitur,
2921 3414 3207 3473 propterea
3240 3411 3331 3477 qui
3364 3412 3498 3465 dixit

1928 3479 2307 3552 dilectionem:
2336 3491 2391 3538 et
2445 3499 2506 3540 se
2550 3486 2783 3544 invicem
2838 3491 3067 3563 diligere
3099 3494 3350 3555 hortatus
3391 3509 3497 3565 est,

1927 3571 2110 3625 statim
2142 3570 2449 3629 introduxit
2494 3576 2895 3636 confessionem
2931 3585 3054 3639 ﬁdei
3083 3604 3097 3641 :
3132 3603 3152 3639 ι
3196 3587 3266 3644 Ut
3296 3589 3349 3643 in
3375 3606 3499 3645 cou-

1926 3662 2133 3729 cordia,
2164 3664 2364 3733 inquit,
2396 3668 2779 3728 conﬁteanmr.
2821 3694 2839 3727 ι
2872 3674 2939 3730 Ει
2973 3676 3159 3736 ﬁdeles
3216 3680 3494 3739 clamant:

1931 3769 1949 3802 ι
1979 3750 2149 3818 Quem
2210 3757 2455 3813 conﬁteri
2490 3772 2703 3831 oportet
2736 3764 2928 3834 Deum,
2969 3779 3210 3827 sanctam
3261 3770 3497 3829 Trinita-

1928 3854 2056 3902 tem.
2094 3868 2113 3900 ι

2486 3941 2639 4005 CAP;
2658 3974 2670 3985 -
2690 3951 2875 4009 XXVI.

1926 4031 2002 4084 De
2040 4034 2570 4117 confessiottleuﬁdei,
2622 4052 2690 4117 ειΔ
2725 4047 2789 4098 de
2846 4048 2912 4099 iis
2963 4065 3079 4116 qua:
3132 4063 3247 4114 post
3326 4071 3496 4117 tpsmn

1999 4104 2519 4184 sacerdos/idalium
2554 4104 2744 4184 suadet
2800 4125 2847 4167 et
2880 4104 3156 4184 pre'catur',
3193 4133 3243 4173 et

1995 4186 2113 4239 qua:
2142 4171 2225 4224 illi
2250 4174 2352 4241 ipsi
2389 4179 2723 4245 respondent.

1996 4326 2200 4385 Deinde
2227 4332 2484 4389 sacerdos
2516 4335 2697 4392 adhuc
2724 4338 2876 4408 jubet
2911 4357 3100 4401 omnes
3154 4347 3334 4405 dicere
3371 4366 3492 4420 qua:

1848 4434 1894 4493 ο
1924 4417 1991 4472 de
2027 4418 2135 4473 Deo
2163 4420 2492 4485 didicerunt.
2526 4434 2579 4478 et
2607 4430 2857 4491 credunt,
2897 4448 3077 4488 veram
3130 4417 3489 4509 sapientiam,

1924 4507 1992 4561 de
2024 4522 2130 4577 qua
2173 4510 2305 4564 dicit
2330 4512 2672 4579 Apostolus:
2714 4537 2732 4570 ι
2795 4521 3130 4591 Sapientiam
3179 4507 3355 4583 autem
3421 4507 3492 4585 lo-

1920 4601 2138 4669 quimur
2164 4603 2303 4656 inter
2322 4605 2625 4674 perfectos;
2654 4628 2673 4660 ι
2700 4626 2859 4679 quam
2891 4616 3218 4684 sapientiam
3255 4623 3492 4677 mundus
3570 4646 3575 4651 π

1920 4705 2028 4742 non
2062 4694 2337 4760 cognovit,
2365 4697 2577 4752 scilicet
2618 4704 2804 4757 mundi
2830 4710 3127 4774 sapientes,
3158 4721 3213 4763 et
3251 4713 3343 4780 qui
3369 4730 3494 4766 scu-
3546 4760 3549 4764 .

1917 4781 2161 4835 sibilimn
2202 4788 2519 4854 cognitione
2563 4792 2696 4847 nihil
2740 4797 2920 4865 majus
2946 4815 3045 4854 nec
3075 4802 3240 4857 altius
3267 4818 3489 4869 norunt,

1918 4886 2095 4941 neque
2139 4877 2366 4931 omnino
2401 4894 2526 4936 esse
2569 4886 2819 4941 credunt.
2881 4886 2938 4941 In
2974 4892 3078 4945 hac
3113 4895 3378 4964 sapientia
3404 4900 3493 4969 ju_

1918 4960 2010 5015 bet
2039 4977 2232 5020 omnes
2267 4980 2452 5037 portas
2493 4976 2730 5042 aperire,
2785 4993 2880 5032 ora
2915 4992 3126 5047 nostra,
3187 4999 3352 5042 aures
3395 5006 3492 5043 no-

1917 5064 2083 5111 stras.
2118 5058 2176 5112 ln
2212 5060 2334 5128 hac,
2362 5064 2560 5132 inquit,
2588 5071 2793 5139 aperite
2827 5074 3117 5141 sapientia,
3142 5080 3332 5133 eadem
3355 5084 3491 5136 assi-

1917 5144 2024 5201 due
2063 5159 2118 5203 et
2164 5151 2410 5210 dicentes
2438 5168 2492 5211 et
2522 5160 2827 5224 audientes,
2861 5172 2916 5217 et
2948 5165 3053 5220 hoc
3104 5183 3210 5224 non
3244 5174 3489 5226 socordiu

1919 5244 2020 5302 ter,
2065 5241 2158 5292 sed
2196 5244 2486 5313 diligenter
2522 5250 2704 5311 facite,
2734 5262 2788 5305 et
2835 5255 3177 5313 attendentes
3227 5262 3380 5316 vobis
3410 5264 3489 5331 ip-

1902 5328 2014 5392 sis.
2052 5328 2156 5400 Ipsi
2190 5347 2373 5390 autem
2431 5353 2649 5393 omnem
2712 5344 3025 5400 exclamant
3084 5350 3484 5405 confessionem

1915 5416 2037 5472 ﬁdei
2073 5419 2423 5488 Symbolum.
2459 5426 2660 5483 Deinde
2695 5432 2973 5501 sacerdos,
3012 5454 3030 5487 ι
3068 5435 3288 5492 Stemus
3317 5451 3484 5500 recte.

1915 5519 2122 5566 stemus
2156 5528 2279 5566 cum
2316 5515 2531 5570 timore.
2571 5536 2589 5569 ι
2621 5520 2675 5573 In
2705 5521 2830 5588 hac,
2890 5526 3091 5594 inquit,
3139 5524 3486 5582 confessione

1913 5605 2139 5660 stemus,
2174 5615 2272 5653 nrc
2309 5613 2526 5671 prepter
2543 5616 2725 5675 aptum
2752 5614 2816 5665 ad
2843 5614 3280 5681 persuadendum
3309 5614 3486 5670 barre-

1916 5695 2146 5740 ιιεοιΊιιιι
2214 5704 2526 5745 δθγιιιοιιειη
2585 5713 2926 5754 moveamur.
2999 5721 3017 5751 ι
3069 5703 3287 5753 διυιιιιιε
3359 5724 3484 5762 ('Ulll

1917 5777 2132 5846 timore,
2174 5797 2193 5831 ι
2236 5782 2360 5848 quia
2402 5799 2658 5850 magnum
2710 5801 2793 5846 cst
2828 5788 3133 5843 periculum
3164 5789 3230 5841 iis
3258 5798 3352 5852 qui
3391 5803 3485 5855 du-
