4132 6308
643 339 748 403 4⁸23

1903 322 2220 388 NICOLAI
2258 319 2348 381 CA
2358 318 2648 380 BASIL/E

3790 318 3907 386 49.1.

634 400 962 504 bitationem
992 444 1233 516 aliquam
1261 436 1329 500 de
1384 444 1488 498 liae
1516 442 1619 497 ﬁde
1655 441 1708 495 in
1737 440 1921 494 anima
1955 446 2213 503 suscepe—

2319 435 2429 496 τοῖς
2450 431 2851 502 ἀμφιϐολογίαν
2876 400 3003 486 τινὰ
3024 431 3155 502 περὶ
3194 432 3293 500 τῆς
3333 429 3574 492 πίστεως
3609 429 3818 503 ταύτης
3843 435 3910 485 ὲν

624 546 789 593 .runt.
820 536 897 590 Ita
945 536 1176 591 ﬁrmiter
1224 537 1279 590 in
1317 534 1421 590 ﬁde
1451 534 1747 600 stantibus,
1792 529 1991 601 inquit,
2045 528 2207 582 etiam

624 628 905 682 donorum
937 634 1249 681 nostrorum
1278 627 1344 680 ad
1367 625 1532 679 Deum
1562 621 1768 678 oblatio
1801 618 2100 677 secundum
2127 631 2216 669 ra-

638 717 845 771 tionem
880 715 992 769 ﬁat.
1018 715 1156 781 Quid
1185 724 1363 770 autem
1400 713 1701 770 secundum
1761 711 2029 766 rationem
2056 708 2080 764 ?
2108 728 2126 761 ι
2153 707 2212 761 In

640 824 798 877 pace.
831 826 850 859 ι
889 808 1269 872 Attendamus,
1306 808 1507 876 inquit,
1530 816 1776 861 sanctam
1804 803 2131 858 oblationem
2156 800 2212 853 in

550 916 555 921 ·
642 915 775 970 pace
809 900 1024 955 oﬁ‘erre.
1055 899 1439 954 Recordemini
1464 897 1610 952 enim
1640 895 1932 953 verborum
1962 892 2213 948 Demini:

648 1013 666 1041 ι
695 992 752 1046 Si
779 992 978 1048 offeras
1004 1006 1203 1047 munus
1230 999 1405 1053 tuum,
1455 998 1509 1044 et
1531 988 1851 1043 recordatus
1880 985 2048 1041 fueris
2067 984 2215 1056 quod

641 1084 805 1137 habet
859 1083 1131 1152 quispiam
1180 1082 1387 1152 aliquid
1438 1082 1703 1137 adversus
1730 1089 1803 1144 te,
1854 1094 2091 1149 primum
2122 1092 2214 1133 re-

641 1173 962 1235 conciliare,
994 1172 1197 1227 deinde
1221 1172 1491 1227 accedens
1516 1213 1533 1239 ,
1572 1172 1706 1228 offer
1737 1186 1938 1227 munus
1974 1179 2151 1224 tuum.
2191 1187 2210 1220 ι

641 1263 856 1319 Fideles
917 1275 1096 1319 autem
1150 1264 1483 1333 respondent
1519 1281 1533 1318 :
1574 1282 1593 1315 ι
1633 1262 1927 1318 Oll‘erimus
1961 1276 2073 1316 non
2124 1274 2217 1315 so—

638 1352 750 1406 lum
781 1370 905 1408 cum
947 1369 1100 1423 pace.
1139 1354 1231 1409 sed
1253 1354 1418 1408 etiam
1447 1355 1622 1423 ipsam
1657 1369 1845 1424 pacem
1877 1353 1997 1407 loco
2026 1366 2217 1406 mune-

639 1443 719 1497 ris
757 1453 813 1496 et
863 1443 1006 1496 alius
1051 1442 1337 1497 sacriﬁcii.
1375 1462 1394 1495 ι
1459 1443 1892 1500 Misericordiam
1933 1440 2216 1496 oﬂ’erimus

637 1534 687 1585 ci
716 1533 812 1600 qui
844 1532 1023 1586 dixit:
1062 1550 1080 1583 ι
1109 1531 1545 1588 Misericordiam
1606 1533 1753 1596 volo,
1797 1540 1853 1586 et
1908 1546 2019 1586 non
2049 1530 2218 1585 sacri-

641 1622 847 1676 ficium.
894 1639 912 1672 ι
958 1621 1324 1677 Misericordia
1372 1638 1555 1679 autem
1601 1632 1687 1678 est
1743 1622 1912 1678 foetus
1943 1623 2117 1676 ﬁrmae
2160 1628 2215 1676 et

640 1726 791 1780 ριν-ευ
818 1712 966 1780 pacis
1000 1730 1013 1778 ;
1043 1713 1264 1781 quando
1294 1713 1439 1766 enim
1482 1714 1720 1767 animam
1753 1711 1902 1766 nulla
1934 1710 2218 1780 perturbat

2324 525 2391 591 τῇ
2427 523 2574 594 ψυχῇ
2624 522 2959 595 δεξαμένοις.
2993 522 3150 576 Οὕτω
3176 522 3233 575 δὲ
3276 521 3510 594 βεϐαίως
3541 522 3797 580 ἑστώτων
3847 528 3915 581 ἐν

2325 619 2391 685 τῇ
2422 608 2625 681 πίστει,
2672 618 2825 688 φησὶ,
2860 618 2956 671 καὶ
2996 620 3029 686 ἡ
3063 619 3172 672 τῶν
3217 618 3406 688 δώρων
3448 618 3612 689 ἡμῶν
3643 619 3781 691 πρὸς
3808 621 3913 675 τὸν

2326 707 2460 762 Θεὸν
2517 711 2874 782 προσαγωγὴ,
2908 714 3051 765 κατὰ
3096 711 3253 780 λόγον
3280 702 3543 779 γινέσθω.
3570 713 3637 766 Τί
3668 713 3725 767 δὲ
3755 716 3911 769 κατὰ

2325 798 2516 867 λόγον;
2544 801 2603 852 τὸ
2651 819 2670 851 ι
2732 801 2825 854 Ἐν
2864 802 3080 872 εἰρήνῃ.
3125 821 3144 854 ι
3193 804 3530 873 Πρόσχωμεν
3568 806 3701 874 γὰρ,
3735 806 3907 875 φησι,

2323 889 2422 958 τὴν
2454 889 2616 957 ἁγίαν
2645 892 2948 964 ἀναφορὰν,
2981 895 3039 945 ὲν
3069 894 3259 965 εἰρήνῃ
3282 893 3655 965 προσφέρεινο
3687 899 3912 969 μέμνηε

2326 978 2443 1043 σθε,
2496 982 2627 1049 γὰρ,
2679 983 2837 1053 φησί,
2884 983 2993 1037 τῶν
3032 983 3206 1052 λόγων
3261 984 3357 1038 τοῦ
3414 988 3644 1058 Κυρίου,
3697 1008 3718 1042 ι
3774 991 3909 1045 Ἐὰν

2328 1070 2653 1141 προσφέρῃς
2685 1072 2749 1124 τὸ
2779 1072 2955 1144 δῶρόν
3000 1091 3093 1128 σου
3136 1076 3228 1128 ἐπὶ
3269 1077 3329 1130 τὺ
3373 1077 3785 1153 θυσιαστήριον,
3810 1085 3910 1138 καὶ

2330 1160 2574 1231 μνησθῇς
2601 1162 2683 1215 ὅτι
2711 1161 2823 1233 ἔχει
2855 1180 2939 1227 τις
2962 1166 3107 1218 κατά
3137 1165 3253 1230 σοῦ,
3304 1167 3624 1241 διαλλάγηθι
3660 1175 3907 1245 πρῶτον,

2326 1245 2446 1303 εἶτα
2478 1250 2646 1304 ἐλθὼν
2689 1252 2967 1325 πρόσφερε
2997 1256 3058 1308 τὸ
3083 1257 3257 1325 δῶρόν
3290 1275 3408 1314 σου.
3449 1278 3468 1312 ι
3505 1263 3569 1314 Ol
3604 1262 3660 1315 δὲ
3717 1270 3908 1321 πιστοὶ

2328 1342 2737 1411 ἀποκρίνονται,
2763 1363 2782 1396 ι
2813 1346 3305 1417 Προσφέρομεν,,οὑ
3329 1350 3490 1419 μόνον
3514 1353 3631 1423 μετ’
3653 1356 3906 1426 εἰρήνης.

2328 1432 2464 1485 ἀλλὰ
2510 1434 2604 1489 καὶ
2655 1435 2824 1503 αὐτὴν
2879 1437 3104 1506 εἰρήνην
3161 1439 3283 1491 ἀντὶ
3319 1438 3492 1506 δώρου
3555 1444 3648 1495 καὶ
3706 1444 3908 1510 θυσίας

2328 1524 2542 1594 ἐτέρας.
2609 1543 2630 1576 ι
2697 1526 2890 1580 Ἐλεον
2956 1528 3087 1596 γὰρ,
3145 1531 3307 1600 φησὶ,
3366 1532 3778 1605 προσφέρομεν,
3823 1537 3907 1607 τῷ

2328 1616 2558 1680 εἰπόντι,
2636 1636 2654 1667 ι
2722 1617 2912 1694 ξἘλεον
2960 1617 3122 1685 θέλω,
3176 1621 3275 1674 καὶ
3309 1621 3370 1674 οὐ
3424 1623 3637 1679 θυσίαν.
3690 1644 3708 1678 ι
3759 1629 3817 1680 Ὀ
3847 1631 3906 1683 δὲ

2323 1705 2493 1769 ἔλεος,
2514 1706 2759 1779 γέννημά
2783 1713 2898 1763 ἐστι
2915 1710 3013 1778 τῆς
3037 1710 3258 1779 βεϐαίας
3280 1715 3373 1767 καὶ
3390 1715 3634 1786 καθαρᾶ;
3654 1719 3904 1791 εἰρήνης.

644 1801 881 1867 alfectio,
909 1803 1044 1857 nihil
1084 1813 1228 1857 vetat
1257 1804 1556 1876 quominus
1602 1819 1665 1859 ea
1693 1805 1765 1859 sit
1817 1804 1981 1873 plena
2004 1802 2214 1857 miseri-

2330 1798 2502 1851 Ὅταν
2546 1801 2654 1870 γὰρ
2691 1801 2792 1872 τὴν
2847 1803 3026 1873 ψυχὴν
3052 1802 3207 1857 οὐδὲν
3257 1806 3471 1876 ἐνοχλεῖ
3507 1809 3703 1874 πάθος,
3752 1788 3906 1866 οὐδὲν

639 1893 852 1958 cordia,
877 1904 930 1948 et
953 1895 1223 1950 sacriﬁcio
1272 1895 1475 1950 laudis.
1511 1894 1637 1950 llaec
1689 1904 1875 1950 autem
1924 1906 2217 1966 postquam

637 1985 920 2050 dixerunt.
964 1998 1226 2055 precatur
1260 1988 1519 2043 sacerdos
1550 2003 1670 2057 quae
1695 1996 1825 2042 sunt
1851 1988 2100 2043 omnium
2131 1987 2219 2043 di-

637 2076 925 2130 vinissima
957 2084 1009 2131 et
1048 2079 1283 2133 maxima
1312 2095 1325 2134 :
1354 2098 1375 2131 ι
1410 2079 1599 2135 Gratia
1631 2079 1850 2134 Domini
1884 2080 2058 2135 nostri
2089 2077 2218 2135 Jesu

637 2166 868 2230 Christi,
903 2176 956 2221 et
984 2167 1208 2224 dilectio
1239 2169 1331 2225 Dei
1368 2180 1423 2225 et
1453 2170 1653 2236 Patris,
1700 2180 1755 2226 et
1791 2171 2221 2228 communicatio

636 2257 815 2311 sancti
866 2258 1104 2328 Spiritus
1155 2262 1228 2315 sit
1273 2276 1398 2316 cum
1432 2262 1584 2318 vobis
1621 2263 1901 2319 omnibus.
1930 2280 1949 2316 ι
2006 2264 2071 2318 Et
2117 2263 2220 2333 ipsi

636 2347 802 2402 etiam
841 2350 1030 2404 eadem
1084 2365 1185 2420 pro
1237 2353 1523 2409 sacerdote
1584 2363 1808 2410 orantes
1842 2394 1857 2419 ,
1894 2371 1914 2406 ι
1982 2353 2047 2408 Ει
2095 2368 2221 2409 cum

624 2438 843 2509 spiritu
878 2449 1000 2507 tuo,
1041 2459 1061 2493 ι
1126 2442 1195 2497 ad
1252 2458 1377 2499 eum
1433 2447 1794 2515 respondent,
1829 2448 2222 2502 convenienter

636 2543 907 2601 praecepto
948 2533 1096 2603 quod
1152 2534 1299 2604 iubet
1342 2550 1442 2605 pro
1475 2551 1535 2590 se
1585 2536 1816 2591 invicem
1878 2550 2061 2592 orare.
2095 2536 2223 2592 Haec

639 2631 822 2677 autem
852 2623 1031 2677 oratio
1087 2633 1304 2693 sumpta
1364 2625 1588 2695 quidem
1638 2636 1724 2682 est
1778 2643 1846 2681 ex
1879 2625 2136 2697 Epistolis
2158 2627 2220 2683 Β.

639 2710 815 2765 Pauli.
866 2711 1116 2767 Postulat
1164 2724 1346 2769 autem
1413 2716 1570 2772 nobis
1620 2732 1650 2771 a
1713 2728 1907 2774 sancta
1959 2718 2223 2775 Trinitate

640 2803 806 2867 lzona,
832 2818 995 2859 omne
1024 2807 1229 2861 donum
1260 2806 1572 2876 perfectum
1610 2826 1624 2862 :
1649 2816 1705 2863 et
1735 2809 1851 2863 haec
1874 2809 1942 2864 ab
1974 2826 2223 2881 unaqua-

637 2908 746 2963 que
780 2908 845 2947 ει
908 2894 1081 2949 beatis
1140 2894 1394 2950 Personis
1455 2897 1675 2967 proprio
1731 2898 1967 2968 quodam
2001 2902 2222 2956 nomine

641 2984 897 3054 appellat.
925 2985 970 3037 Α
1004 2984 1144 3040 Filio
1192 2986 1416 3056 quidem
1467 2988 1744 3058 gratiam;
1777 3005 1807 3043 a
1862 2989 2022 3044 Patre
2070 3006 2217 3057 vero,

641 3076 987 3131 dilectionem
1018 3093 1034 3143 ;
1068 3093 1097 3130 τι
1127 3086 1321 3134 sancto
1353 3088 1538 3133 autem
1588 3079 1820 3149 Spiritu,
1847 3082 2221 3137 communica-

641 3170 868 3223 tionem.
902 3168 1039 3234 Quia
1075 3170 1221 3225 enim
1256 3169 1428 3227 Filius
1456 3171 1526 3227 iis
1555 3173 1649 3242 qui
1676 3173 1810 3227 nihil
1853 3175 2218 3242 contulerant,

640 3259 736 3314 scd
772 3261 934 3314 etiam
963 3261 1144 3316 adhuc
1175 3262 1407 3318 debendi
1444 3265 1520 3320 rei
1566 3272 1744 3331 erant,
1781 3265 2024 3336 scipsum
2061 3268 2220 3323 nobis

640 3350 989 3407 Scrvatoreni
1028 3354 1264 3424 prwbuit
1306 3374 1320 3410 :
1356 3373 1376 3409 ι
1418 3354 1633 3412 Etenim
1673 3374 1798 3414 cum
1858 3359 2010 3430 impii
2042 3361 2222 3417 adhuc

634 3458 899 3509 essemus,
936 3443 1134 3514 inquit,
1170 3460 1268 3515 pro
1295 3446 1457 3502 nobis
1489 3457 1737 3502 mortuus
1766 3458 1888 3515 est;
1919 3468 1938 3501 ι
1969 3450 2089 3519 ejus
2117 3466 2218 3506 no-

635 3535 733 3589 stri
767 3551 920 3600 cura.
950 3538 1126 3606 gratia
1179 3545 1283 3594 est.
1320 3536 1460 3604 Quia
1522 3549 1702 3594 autem
1753 3538 1912 3595 Pater
1951 3557 2047 3612 per
2095 3558 2221 3613 pas-

635 3629 820 3681 siones
857 3627 980 3683 Filii
1015 3630 1257 3684 humano
1291 3631 1477 3700 generi
1503 3632 1891 3689 reconciliatus
1917 3644 2022 3696 est,
2048 3645 2101 3690 et
2132 3635 2218 3690 di-

633 3718 1067 3784 lexitinimicos.
1113 3733 1401 3791 prepterea
1433 3738 1644 3792 eaquae
1672 3724 1763 3779 ille
1811 3725 1865 3779 in
1919 3741 2018 3782 uos
2068 3728 2215 3795 fecit,

635 3809 983 3877 appellantur
1014 3811 1257 3865 dilectio.
1285 3812 1420 3878 Quia
1468 3824 1652 3867 autem
1694 3816 1887 3871 amicis
1912 3831 1976 3871 ex
2032 3818 2217 3872 inimi-

634 3901 716 3954 cis
742 3898 953 3956 eﬁ‘ectis
988 3903 1276 3971 oportebat
1305 3918 1429 3957 eum
1465 3906 1557 3975 qui
1606 3906 1762 3962 dives
1794 3918 1876 3962 est
1918 3908 1972 3963 in
2000 3910 2217 3965 miseri-

633 3989 839 4055 θοι-ἀίει,
861 3993 1076 4061 prepria
1100 3994 1238 4048 bona
1264 3999 1694 4064 connnunicare,
1712 3997 1815 4054 hoc
1834 3997 1963 4055 facit
1980 4001 2215 4068 Spiritus

633 4094 859 4139 sanctus
884 4085 977 4155 qui
1012 4087 1162 4142 venit
1199 4088 1266 4142 ad
1319 4090 1617 4157 apostolos.
1654 4092 1952 4163 Propterea
1977 4094 2123 4152 illius
2158 4097 2211 4152 in

634 4175 891 4231 homines
958 4177 1277 4248 benignitas
1342 4182 1770 4239 communicatio
1820 4185 2048 4255 dicitur.
2105 4187 2211 4244 Sed

634 4268 837 4322 dixerit
865 4268 1161 4338 quiSpiam,
1191 4272 1307 4327 haec
1366 4277 1549 4329 omnia
1606 4276 1772 4339 bona.
1821 4294 1946 4333 cum
1993 4280 2213 4336 advenit

635 4356 915 4420 Servator,
949 4359 1262 4417 hominibus
1296 4364 1424 4418 data
1457 4380 1580 4421 esse
1615 4382 1630 4418 :
1671 4367 1798 4434 quid
1831 4376 1914 4423 est
1957 4386 2086 4439 ergo
2118 4374 2212 4427 ad-

2329 1890 2529 1944 κωλύει
2560 1891 2712 1945 ἐλέου
2746 1894 2942 1964 γέμειν
2971 1896 3181 1966 αὐτήν·
3216 1898 3351 1950 ἀλλὰ
3390 1901 3487 1953 καὶ
3523 1901 3717 1956 Θυσίαν
3752 1904 3902 1958 αἰνέ-

2328 1997 2489 2045 σεως.
2544 1982 2730 2037 Ταῦτα
2778 1985 2834 2038 δὲ
2875 1985 3162 2054 εἰπόντων,
3212 1989 3239 2040 ὁ
3281 1990 3461 2061 ἱερεὺς
3511 1993 3804 2065 ἐπεύχεται
3834 1996 3904 2050 τὰ

2329 2072 2578 2128 θειότατα
2621 2077 2715 2129 καὶ
2776 2077 3008 2147 μέγιστα
3061 2080 3320 2135 ’πάντων⁸
3375 2103 3395 2136 ι
3467 2085 3532 2139 Ἦ
3593 2086 3758 2158 χάρις
3804 2091 3901 2143 τοῦ

2326 2167 2535 2239 Κυρίου
2556 2169 2714 2239 ἡμῶν
2755 2170 2933 2243 Ἰησοῦ
2960 2172 3221 2241 Χριστοῦ,
3256 2176 3350 2228 καὶ
3378 2177 3411 2246 ἠ
3433 2177 3621 2248 ἀγάπη
3645 2180 3737 2233 τοῦ
3762 2180 3902 2236 Θεοῦ

2324 2262 2419 2312 καὶ
2460 2260 2694 2333 Πατρὺς,
2728 2265 2822 2314 καὶ
2852 2267 2886 2333 ἡ
2917 2265 3174 2318 κοινωνία
3213 2264 3306 2319 τοῦ
3342 2267 3501 2336 ἁγίου
3552 2270 3899 2342 Πνεὴιατος,

2323 2353 2411 2422 εἴη
2467 2354 2607 2422 μετὰ
2638 2354 2859 2409 πάντων
2887 2356 3060 2426 ὑμῶν.
3121 2376 3140 2411 ι
3198 2359 3312 2412 Καὶ
3359 2361 3519 2415 αὐτοὶ
3550 2362 3609 2416 δὲ
3647 2365 3718 2417 τὰ
3759 2367 3904 2420 αὐτὰ

2325 2444 2467 2516 ὑπὲρ
2493 2448 2587 2498 τοῦ
2621 2445 2813 2518 ἱερέως
2842 2448 3129 2520 εὐχόμενοι
3144 2466 3170 2489 -ο
3221 2469 3241 2503 ι
3277 2452 3389 2507 Καὶ
3422 2454 3564 2524 μετὰ
3605 2456 3704 2510 τοῦ
3735 2461 3904 2512 πνεύ-

2326 2537 2497 2607 ματός
2530 2553 2648 2604 σου,
2686 2555 2708 2591 ι
2751 2538 2889 2610 πρὸς
2926 2543 3093 2597 αὐτὸν
3144 2544 3556 2617 ἀποκρίνονται,
3609 2550 3757 2604 κατὰ
3800 2553 3902 2621 τὴν

2321 2626 2581 2698 εὔχεσθαι
2621 2631 2763 2702 ὑπὲρ
2798 2632 3047 2705 ἀλλήλων
3081 2636 3417 2695 κελεύουσαν
3452 2639 3692 2713 ἐντολήν.
3745 2645 3814 2698 Ἦ
3842 2647 3901 2700 δὲ

2322 2719 2457 2790 εὐχὴ
2507 2721 2647 2791 αὐτὴ
2676 2722 2935 2793 εἴληπται
2974 2725 3071 2794 μὲν
3120 2728 3226 2781 ἀπὸ
3267 2729 3378 2784 τῶν
3420 2731 3753 2788 Ἐπιστολῶν
3800 2738 3897 2792 τοῦ

2326 2814 2598 2883 μακαρίου
2649 2816 2885 2874 Παύλου.
2939 2818 3203 2890 Προξενεί
3246 2823 3306 2877 δὲ
3343 2826 3479 2894 ἡμῖν
3527 2826 3597 2879 τὰ
3651 2828 3761 2882 ἀπὸ
3794 2831 3899 2900 τῆς

2295 2904 2484 2971 -ἁγίας
2517 2906 2560 2957 Τ
2568 2906 2750 2975 ριάδος
2792 2910 2989 2977 ἀγαθὰ,
3056 2914 3166 2968 πᾶν
3220 2915 3455 2986 δώρημα
3514 2920 3742 2986 τέλειον,
3797 2927 3898 2978 καὶ

2320 2994 2493 3050 ταῦτα
2528 2998 2613 3066 ἐφ’
2637 2999 2873 3071 ἑκάστης
2896 3002 3005 3055 τῶν
3032 3004 3323 3075 μακαρίων
3354 3008 3759 3078 ’Υποστάσεων,
3778 3014 3897 3087 ἰδίῳ

2322 3087 2429 3140 τινὶ
2468 3088 2693 3159 ὀνόματι
2741 3093 3033 3163 ὀνομάζειο
3082 3096 3192 3150 ἀπὸ
3246 3101 3349 3167 μὲν
3382 3100 3477 3154 τοῦ
3511 3102 3643 3157 Υίοῦ
3697 3106 3895 3179 χάριν

2323 3178 2432 3233 ἀπὸ
2463 3180 2521 3235 δὲ
2550 3181 2642 3235 τοῦ
2674 3184 2910 3255 Πατρδς,
2943 3187 3167 3259 ἀγάπην
3184 3206 3197 3220 ·
3221 3192 3329 3246 ἀπὸ
3352 3192 3410 3248 δὲ
3430 3193 3524 3248 τοῦ
3548 3196 3893 3267 Πνεῦματος,

2322 3270 2631 3359 κοινωνίαν.
2670 3273 2791 3328 Ὀτι
2822 3274 2923 3344 μὲν
2950 3276 3059 3349 γὰρ
3089 3279 3216 3343 Υἱὸς
3249 3283 3419 3353 μηδὲν
3480 3290 3894 3359 εἰσενεγκοῦσιν

2320 3358 2455 3413 ἀλλὰ
2489 3361 2583 3414 καὶ
2615 3363 2922 3430 ὀφείλουσιν
2973 3367 3056 3421 ἔτι
3112 3370 3288 3435 δίκας,
3344 3375 3578 3448 Σωτῆρα
3614 3384 3894 3456 παρέσχεν

2319 3452 2453 3552 ⁷ςμξίν
2487 3453 2679 3508 ἑαυτόν
2709 3472 2722 3485 ·
2760 3474 2781 3508 ι
2823 3459 2933 3513 Καὶ
2970 3462 3083 3532 γὰρ
3112 3464 3329 3522 ἀσεϐῶν
3363 3469 3534 3526 ὄντων
3567 3476 3672 3542 ἔτι,
3701 3452 3889 3552 qualn,

2320 3542 2460 3643 ὑπὲρ
2484 3546 2642 3643 ἡμῶν
2669 3548 2908 3643 ἀπέθανε
2931 3569 2946 3585 ο
2984 3571 3003 3605 ι
3040 3556 3071 3625 ή
3104 3559 3234 3629 περὶ
3255 3560 3416 3630 ἡμῶν
3449 3566 3614 3621 αὐτοῦ
3637 3542 3889 3643 πρόνοια,

2318 3634 2479 3704 χάρις
2521 3637 2687 3692 ἐστίν.
2735 3641 2856 3696 Ὀτι
2895 3644 2953 3698 δὲ
2999 3647 3028 3700 6
3073 3650 3264 3721 Πατὴρ
3323 3654 3414 3709 διὰ
3450 3657 3561 3711 τῶν
3624 3634 3721 3719 τόδ
3759 3634 3889 3722 nor}

2319 3726 2530 3821 παθῶν,
2582 3730 2848 3802 διηλλάγη
2894 3735 2973 3806 τῷ
3030 3738 3181 3808 γένει
3237 3744 3348 3799 τῶν
3407 3747 3733 3821 ἀνθρώπων,
3791 3760 3892 3815 καὶ

2317 3819 2572 3891 ἠγάπησε
2606 3824 2732 3886 τοὺς
2769 3826 3026 3897 ἐχθροὺς,
3059 3831 3145 3886 διὰ
3178 3835 3338 3890 τοῦτο
3388 3841 3456 3895 τὰ
3500 3819 3716 3901 ἐκείνου
3750 3853 3889 3919 πρὸς

2315 3913 2465 4006 ημᾶς
2500 3915 2691 3987 ἀγάπη
2742 3918 3012 3977 καλεῖται.
3067 3925 3225 3980 Ἐπεὶ
3275 3929 3332 3984 δὲ
3380 3936 3494 3998 τοῖς
3547 3913 3889 4006 φιλιωθεέσιν

2316 4003 2531 4099 ἐχθροῖς
2562 4007 2668 4063 ἔδει
2695 4012 3030 4083 κοινωνῆσαι
3060 4016 3151 4072 τὸν
3185 4020 3444 4079 πλούσιον
3487 4003 3733 4099 ἐν’ὲλέει,
3776 4038 3889 4092 τῶν

2313 4097 2533 4153 οἰκείων
2562 4099 2806 4169 ἀγαθῶν,
2857 4104 3015 4159 τοῦτο
3071 4114 3217 4163 ποιεῖ
3252 4114 3317 4166 τὸ
3370 4116 3597 4192 Πνεῦμα
3638 4097 3892 4196 τὺ-ἆγιον

2315 4189 2662 4285 ὲπιδημῆσαν
2691 4195 2801 4257 τοῖς
2836 4196 3175 4266 ἀποστόλοις.
3228 4206 3330 4260 Διὰ
3386 4189 3545 4267 τοῦτο
3586 4218 3619 4285 ὴ
3671 4189 3886 4275 ἐκείνου

2315 4281 2451 4375 πρὸς
2479 4283 2807 4356 ἀνθρώπους
2831 4294 3141 4365 χρηστότης
3170 4302 3426 4356 κοινωνία
3460 4281 3703 4375 λέγεται.
3741 4314 3886 4370 Ἀλλ’

2313 4369 2458 4473 εἴποι
2499 4390 2587 4439 τις
2610 4376 2675 4430 ἂν
2709 4378 2792 4433 δτι
2835 4381 3010 4437 ταῦτα
3040 4386 3106 4439 τὰ
3135 4387 3318 4456 ἀγαθὰ
3347 4392 3443 4447 τοῦ
3474 4369 3729 4473 Σωτῆρος
3761 4369 3885 4460 ἔπιέ-

632 4445 742 4500 huc
777 4459 916 4513 cpus
950 4450 1199 4504 oratione
1232 4466 1332 4519 pro
1358 4452 1519 4508 bonis
1561 4469 1682 4523 quae
1734 4456 1847 4525 jam
1884 4458 2009 4513 data
2045 4462 2212 4518 sunt?

632 4536 851 4561 θυι-...υ-
887 4546 960 4561 -..α
1011 4540 1151 4561 ...η-Λ
1187 4555 1250 4561 -.Α
1281 4556 1330 4561 --
1398 4557 1441 4561 ,ο
1468 4559 1475 4561 λ
1500 4559 1509 4561 _
1536 4553 1572 4561 ,.
1734 4547 1789 4561 ι--
2086 4553 2097 4561 .

2319 4462 2662 4561 δημήσαντος
2694 4471 2873 4527 πάντα
2908 4478 3023 4540 τοῖς
3055 4445 3369 4551 ἀνθρώποις
3389 4445 3399 4447 Ῠ
3602 4445 3742 4560 ire};
3761 4445 3886 4554 ’ἓν

631 4536 853 4592 Clarum
883 4546 985 4600 est,
1008 4540 1155 4607 quod
1187 4555 1254 4595 ne
1274 4556 1337 4596 ea
1393 4553 1609 4614 accepta
1642 4547 1977 4618 amittamus,
2007 4553 2102 4607 sed
2145 4568 2208 4609 ea

629 4638 894 4700 perpetuo
921 4629 1219 4687 habeamus
1248 4650 1263 4700 ;
1299 4643 1353 4687 et
1376 4634 1498 4690 ideo
1530 4652 1639 4692 non
1676 4638 1812 4693 dixit
1841 4657 1855 4694 :
1883 4640 2090 4697 Deutur
2120 4660 2211 4700 vo-

628 4725 713 4778 bis
735 4723 1012 4790 omnibus,
1075 4734 1133 4778 ιιι
1187 4740 1247 4780 ea
1301 4744 1423 4797 quae
1480 4731 1593 4797 jam
1659 4735 1799 4810 data.
1833 4747 1989 4790 erant
2034 4755 2048 4805 ;
2114 4738 2206 4793 sed

634 4835 651 4865 ι
687 4815 809 4869 Sint
837 4831 959 4870 cum
985 4816 1137 4872 vobis
1155 4818 1434 4875 omnibus.
1475 4838 1496 4874 ι
1527 4820 1644 4877 Non
1670 4826 1904 4892 recedat,
1939 4828 2137 4898 inquit,
2176 4844 2208 4884 a

628 4908 782 4962 vobis
812 4908 985 4977 gratia
1017 4924 1139 4979 quae
1168 4909 1293 4964 data
1365 4921 1469 4965 est.
1524 4915 1821 4982 Postquam
1885 4929 2065 4973 autem
2112 4935 2208 4976 eos

627 4998 895 5065 ejusmodi
920 5001 1165 5057 oratione
1184 5003 1439 5074 dignatus
1458 5016 1562 5072 est,
1590 5020 1642 5063 et
1669 5009 1749 5063 sic
1784 5010 1995 5066 animas
2011 5015 2204 5077 erexit,

627 5091 988 5160 cogitationes
1064 5109 1255 5151 eorum
1331 5111 1361 5150 a
1413 5106 1554 5152 terra
1629 5101 1881 5168 extollit,
1928 5111 1979 5157 et
2050 5105 2200 5171 dicit,

635 5201 653 5233 ι
696 5181 927 5238 Sursum
957 5185 1121 5241 corda
1143 5186 1445 5245 habeamus
1475 5207 1491 5244 :
1525 5207 1542 5241 ι
1584 5207 1701 5261 qua:
1732 5208 1897 5263 supra
1931 5205 2059 5248 sunt
2109 5212 2203 5251 co-

627 5273 887 5343 gitemus,
923 5291 1031 5330 non
1063 5293 1186 5346 quae
1220 5282 1273 5334 in
1303 5291 1467 5337 terra.
1498 5283 1575 5337 Illi
1611 5293 1792 5338 autem
1829 5290 2201 5355 consentiunt,

550 5427 563 5442 ‘
627 5377 681 5420 ct
715 5366 907 5420 dicunt
964 5383 1024 5423 se
1057 5371 1169 5426 illic
1212 5374 1380 5428 corda
1419 5376 1642 5441 habere,
1670 5376 1761 5432 ubi
1791 5389 1873 5432 est
1912 5379 2200 5436 thesaurus

628 5468 840 5525 noster,
867 5460 958 5513 ubi
1000 5470 1083 5515 est
1114 5462 1367 5521 Christus
1391 5468 1443 5520 in
1480 5470 1702 5527 dextera
1742 5470 1920 5527 Patris
1956 5474 2150 5529 sedens
2182 5491 2197 5529 :

630 5566 653 5602 ι
682 5548 954 5609 Habemus
984 5552 1050 5607 ad
1074 5552 1385 5611 Dominum.
1426 5577 1443 5610 ι

2315 4557 2735 4660 Ξδηῄχρείαητῆς
2764 4565 2951 4660 εθχῆς,
2984 4573 3112 4642 περὶ
3141 4575 3251 4629 τῶν
3275 4577 3373 4648 ἤδη
3397 4557 3659 4640 δοθέντων
3706 4557 3880 4660 ημῖνς

2314 4649 2585 4722 Πρόδηλον
2615 4652 2698 4706 ἵνα
2729 4658 2903 4711 ταῦτα
2932 4661 3186 4728 λαϐόντες
3217 4667 3294 4739 μὴ
3318 4671 3707 4747 ἀπολέσωμεν
3725 4649 3883 4737 and

2316 4742 2571 4842 μένωμεν
2600 4744 2815 4815 ἔχοντες
2867 4750 2953 4803 διὰ
2986 4754 3194 4819 τέλους.
3241 4762 3340 4816 Διὰ
3394 4766 3554 4820 τοῦτο
3575 4742 3690 4823 *οὐκ
3729 4769 3877 4842 εἷπε,

2311 4829 2501 4938 Δοθείη
2536 4837 2699 4938 πᾶσιν
2729 4839 2876 4938 ὑμῖν,
2908 4842 2982 4906 ὼς
3014 4846 3116 4916 ἤδη
3145 4848 3440 4908 δοθέντων·
3487 4859 3646 4929 ἀλλὰ,
3697 4884 3715 4917 ι

2313 4922 2453 5027 μετὰ
2507 4927 2726 5027 πάντων
2761 4928 2936 4999 ὑμῶν.
2985 4953 3004 4986 ι
3052 4938 3142 5008 Μὴ
3196 4942 3488 5015 ἀποσταίη,
3545 4922 3733 5022 φησὶν.
3781 4922 3878 5027 0'9:

2309 5012 2485 5116 ὑμῶν,
2513 5016 2544 5085 ἠ
2582 5017 2794 5073 δοθεῖσα
2819 5026 2999 5096 χάρις.
3029 5030 3300 5105 Τοιαύτης
3330 5038 3385 5091 δὲ
3412 5012 3875 5116 anteire-diuina;

2308 5103 2493 5211 εῗχῆς,
2521 5109 2615 5211 καὶ
2640 5110 2781 5166 οὕτω
2811 5117 2909 5179 τὰς
2937 5117 3116 5188 ψυχὰς
3138 5103 3449 5200 ἀναστήσας
3479 5103 3715 5207 ἀπδντῆς
3743 5103 3869 5211 γῆς

2306 5195 2453 5301 αἴρει
2489 5199 2919 5301 ’τὰ-,φρονήματα
2942 5227 2954 5238 ·
3004 5213 3098 5266 καί
3125 5232 3310 5286 φησιν,
3333 5195 3344 5200 ν
3377 5241 3396 5273 ι
3455 5224 3601 5280 Ἀνω

2304 5288 2400 5350 τὰς
2441 5290 2684 5361 καρδίας,
2720 5314 2736 5346 ι
2772 5296 2839 5350 τὰ
2892 5300 3003 5353 ἄνω
3064 5307 3371 5377 φρονῶμεν,
3422 5314 3498 5386 μὴ
3540 5320 3617 5372 τὰ
3646 5288 3736 5374 ἐπὶ
3770 5288 3874 5393 τῆς

2304 5384 2441 5448 γῆς’
2481 5385 2573 5436 καὶ
2613 5387 2770 5441 αὐτοὶ
2828 5393 3207 5451 συντίθενταιο
3258 5404 3352 5455 καί
3400 5384 3563 5476 ςεησιν
3613 5384 3872 5481 ἐκεῖ

2303 5474 2535 5567 καρδίας
2579 5475 2743 5545 ἔχειν,
2789 5482 2921 5536 ὅπου
2961 5485 2988 5536 ὁ
3021 5486 3298 5561 θησαυρὸς
3335 5474 3496 5564 ἡμῶν
3525 5502 3698 5567 ἐστιν,
3736 5501 3798 5560 οὗ
3838 5474 3872 5564 δ

2301 5564 2533 5666 Χρᾷστός
2582 5568 2753 5637 ἐστιν,
2787 5573 2845 5625 ἐν
2883 5575 3034 5647 δεξιᾷ
3086 5579 3179 5632 τοῦ
3234 5583 3448 5655 Πατρὸς
3507 5564 3869 5666 καθήμενοςθ

2305 5670 2321 5701 ι
2360 5655 2591 5725 Ἕχομεν
2626 5661 2761 5731 πρὸς,
2788 5663 2876 5719 τὸν
2908 5667 3131 5736 Κύριον.
3165 5689 3184 5722 ι
