4132 6308
391 258 493 319 425

950 366 1198 422 xeiras.
1245 347 1383 419 'xz'.

398 482 539 552 Περὶ
571 481 672 536 τοῦ
708 478 1006 548 ἁνιιισμοῦ
1041 478 1158 552 τῶν
1175 477 1397 552 δώρων,
1433 477 1530 529 καί
1563 474 1674 544 τῆς
1692 472 1806 540 πρὸ
1832 471 1964 524 τού-

885 547 988 601 του
1014 547 1430 615 εὐχαριστίας.

472 661 623 698 Lurco
662 641 716 694 δὲ
748 641 1010 694 κάλλιστα
1063 639 1154 692 καὶ
1180 638 1451 708 ἱερώτατα
1495 635 1860 699 διατεθέντας,
1913 632 1966 684 τί

403 736 633 805 λοιπὶνῆ
677 734 812 804 πρὸς
851 733 1203 803 εὐχαριστίαν
1255 729 1531 802 τραπῆναι
1578 729 1672 781 τοῦ
1731 723 1966 797 χορηγοῦ

407 829 507 879 τῶν
539 826 750 894 ἀγαθῶν
799 827 1056 879 ἁπάντων
1104 823 1283 886 Θεοῦ;
1334 821 1507 884 ἄλλως
1546 837 1606 872 τε
1636 820 1726 872 τὸν
1756 817 1969 886 πρῶτον

407 918 546 988 ίερέα
578 915 915 986 μιμούμενος
947 911 1376 985 εὐχαριστοῦντα
1395 912 1470 982 τῷ
1491 910 1607 980 Θεῴ
1641 910 1733 962 καὶ
1769 908 1968 977 Πατρὶ.

402 1010 502 1077 πρὸ
522 1006 614 1059 τοῦ
647 1006 980 1077 παραδοῦναι
1008 1005 1068 1057 rb
1091 1004 1391 1073 μυστήριον
1416 1006 1514 1071 τῆς
1535 1000 1834 1062 κοινωνίας.
1861 997 1972 1051 Καὶ

396 1098 554 1160 αὐτὸς
589 1097 696 1166 πρὸ
745 1096 848 1164 τῆς
880 1096 1198 1163 τελεστικῆς
1231 1095 1411 1162 εὐχῆς,
1445 1091 1568 1145 καθ’
1595 1090 1664 1161 ἢν
1699 1089 1973 1159 ίερουργεῖ

394 1191 461 1242 τά
494 1191 558 1256 ἆγ
573 1207 649 1250 ια,
682 1189 782 1255 τὴν
804 1189 1152 1257 εὐχαριστίαν
1183 1185 1386 1254 ταύτην
1415 1185 1671 1244 ποιεῖται,
1702 1181 1840 1249 πρὸς
1881 1179 1973 1231 τὸν

393 1279 527 1330 Θεθιν
565 1279 659 1329 καὶ
691 1277 910 1344 Πατέρα
931 1275 1024 1327 τοῦ
1060 1275 1261 1345 Κυρίου
1302 1273 1463 1342 ἡμῶν
1494 1272 1671 1340 Ἰησοῦ
1711 1266 1970 1340 Χριστοῦ,

399 1388 419 1421 ι
461 1368 971 1437 Εὐχαριστὴσωμεν
996 1366 1070 1435 τῷ
1107 1365 1314 1436 Κυρίῳ’
1353 1384 1370 1417 ι
1401 1363 1496 1418 καὶ
1537 1366 1756 1416 πάντων
1789 1359 1974 1413 οσυνθε⁸

399 1461 600 1530 μένων,
631 1458 725 1511 καὶ
753 1477 770 1509 ι
813 1458 990 1524 Ἀξιον
1029 1459 1124 1510 καὶ
1155 1457 1387 1522 δίκαιον,
1422 1475 1442 1507 ι
1469 1455 1822 1515 ἀνειπόντων,
1877 1452 1976 1504 αύο

397 1554 486 1614 τὸς
526 1550 824 1619 ἐφ’ὲαυτοῦ
858 1550 954 1620 τὴν
995 1549 1350 1619 εὐχαριστίαν
1398 1548 1667 1617 ἀναφέρει
1721 1545 1796 1615 τῷ
1828 1544 1968 1613 θεῷ’

402 1645 496 1694 καὶ
518 1641 869 1712 δοξολογήσας
890 1642 1075 1704 αὐτὸν,
1128 1639 1222 1692 καὶ
1255 1639 1394 1708 μετὰ
1420 1638 1666 1706 ἀγγέλων
1699 1637 1967 1706 ὑμνήσας,

404 1735 496 1786 καὶ
519 1734 746 1802 χάριτας
768 1733 1114 1800 ὁμολογήσας
1135 1729 1246 1782 τῶν
1269 1728 1490 1798 ἀγαθῶν
1533 1729 1809 1791 ἁπάντων,
1863 1728 1972 1779 τῶν

403 1824 462 1887 ἐξ
479 1823 670 1883 αἰῶνος
698 1823 830 1890 ἡμῖν
851 1823 979 1891 παρ’
999 1820 1165 1874 αὑτοῦ
1193 1819 1524 1889 γενομένων
1555 1818 1648 1870 καὶ
1664 1817 1974 1870 τελευταῖον

401 1913 572 1980 αὐτῆς
600 1911 694 1980 τῆς
746 1912 1013 1982 ἀρρήτου,
1064 1911 1161 1962 καὶ
1196 1909 1337 1977 ὑπὲρ
1395 1907 1556 1975 λόγον
1607 1907 1767 1977 ἡμῶν
1811 1906 1975 1958 ἕνεκα

400 2003 491 2054 τοῦ
517 2003 765 2071 Σωτῆρος
794 1999 1108 2068 οἰκονομίας
1146 1997 1434 2068 μνησθεὶς,
1459 1994 1578 2049 εἶτα
1610 1997 1882 2065 ἱερουργεῖ
1906 1994 1977 2045 τὰ

401 2097 557 2162 τίμια
585 2093 752 2160 δῶρα,
800 2092 896 2146 κα)⁸
926 2089 1144 2162 ὴθυσία
1206 2090 1354 2140 πᾶσα
1408 2087 1664 2141 τελεῖται.
1697 2087 1808 2140 Καὶ
1856 2086 1977 2136 τίνα

415 2186 652 2255 τρόπονς
679 2184 754 2236 Τὸ
786 2182 1015 2252 φρικτὸν
1063 2182 1239 2233 ἐκεῖνο
1285 2180 1688 2248 διηγησάμενος
1739 2177 1977 2240 δεῖπνον,

404 2279 498 2330 καὶ
522 2279 670 2339 ὅπως
693 2274 840 2345 αὐτῷ
867 2273 1145 2343 παρέδωκε
1172 2273 1275 2341 πρὸ
1304 2271 1396 2324 τοῦ
1436 2271 1640 2332 πάθους
1662 2271 1768 2333 τοῖς
1799 2267 1977 2336 ἁγίοις

405 2367 576 2422 αὑτοῦ
647 2365 939 2438 μαθηταῖς,
991 2365 1084 2430 καὶ
1141 2365 1215 2428 ὡς
1275 2365 1492 2428 ἐδέξατο
1537 2363 1838 2431 ποτήριον,
1880 2360 1976 2412 καὶ

404 2459 479 2522 ὡς
510 2459 702 2513 ἐλαϐεν
723 2459 911 2527 ἄρτον,
962 2457 1057 2510 καὶ
1106 2455 1457 2526 εὐχαριστίαν
1490 2453 1708 2524 ι’)γίοισε⁸
1772 2451 1870 2504 καὶ
1901 2449 1976 2512 ὡς

407 2549 526 2604 εἷπε
550 2549 616 2602 δι’
650 2543 725 2601 ὦν
757 2548 993 2617 ἐδήλωσε
1017 2545 1078 2598 rb
1117 2547 1434 2615 μυστήριον,
1468 2543 1562 2594 καὶ
1592 2541 1732 2594 αὐτὰ
1783 2541 1850 2593 τὰ
1882 2541 1977 2609 ῥή-

409 2657 563 2709 ματα
615 2636 872 2697 ἀνειπὼν,
923 2633 1042 2687 εἶτα
1091 2635 1444 2704 προσπίπτει,
1492 2632 1586 2684 καὶ
1631 2630 1847 2700 εὔχεται
1883 2631 1976 2682 καὶ

414 2729 674 2789 ἱκετεύει,
707 2727 804 2792 τὰς
835 2727 986 2789 θείας
1040 2727 1258 2790 ὲκείνας
1293 2727 1478 2795 φωνὰς
1509 2725 1614 2792 ,τοῦ
1651 2722 1977 2794 μονογενοῦς

417 2821 546 2876 Υίοῦ
579 2819 764 2885 αὑτοῦ,
789 2820 883 2872 τοῦ
911 2819 1168 2890 Σωτῆρος
1197 2820 1374 2890 ἡμῶν,
1401 2818 1725 2888 ἐφαρμόσας
1765 2818 1859 2870 καὶ
1883 2817 1976 2868 ἐπὶ

416 2916 526 2968 τῶν
558 2913 932 2984 προκειμένων
981 2913 1192 2984 δώρων,
1235 2912 1330 2965 καὶ
1389 2911 1659 2981 δεξάμενοι
1710 2911 1770 2964 rb
1804 2910 1977 2964 πανά-

1581 242 1973 306 ῘιῐτῐῖἷζϐῐίΕ
2017 240 2420 299 ΕΧΡΟΞΙΤᾸΟ

3524 234 3628 296 ίΞῖ

2629 352 2780 407 CAP.
2837 351 3048 405 XXVII.

2143 466 2214 518 De
2249 465 2667 533 canui/icatione
2703 465 2984 525 donorum,
3017 477 3064 517 et
3109 480 3224 532 quin
3247 481 3360 518 eam
3381 466 3628 534 pra'rcdt't

2574 538 2865 603 gratiarum
2908 535 3134 589 actione.

2137 628 2239 695 Qui
2274 637 2454 682 autem
2485 628 2849 696 pulcherrime
2873 638 2926 681 et
2981 627 3326 682 sanctissime
3361 628 3438 682 sic
3498 630 3632 684 alic-

2069 730 2193 774 ctus
2225 728 2327 783 est,
2358 716 2488 788 quid
2517 725 2680 772 restat
2735 717 2838 772 nisi
2903 727 2960 771 ut
3014 719 3078 771 ad
3137 720 3342 788 gratias
3397 721 3634 788 agendas

2069 819 2420 865 convertatur
2475 810 2584 864 Deo
2624 810 2714 878 qui
2749 813 2888 862 bona
2918 810 3095 862 omnia
3128 809 3478 880 suppeditat?
3515 828 3633 864 ma-

2073 903 2220 955 xime
2255 901 2487 970 primum
2551 899 2890 955 sacerdotem
2935 900 3173 962 imitans,
3228 903 3336 955 Deo
3375 913 3428 958 et
3491 901 3634 955 Patri

2071 993 2274 1062 gratias
2330 999 2599 1061 agentem,
2650 1000 2942 1060 antequam
3025 990 3180 1043 daret
3237 1005 3637 1046 sacramentum

2073 1081 2493 1135 communionis.
2516 1079 2634 1150 Ipse
2671 1083 2831 1135 etiam
2870 1087 2997 1134 ante
3040 1082 3342 1136 orationem
3375 1085 3635 1154 mystcrii,

2073 1187 2169 1241 per
2197 1187 2360 1241 quam
2399 1182 2587 1225 sancta
2620 1181 2929 1237 consecrat,
2967 1172 3107 1225 hanc
3141 1175 3434 1241 gratiarum
3467 1176 3639 1229 actio-

2075 1283 2196 1320 nem
2239 1267 2418 1320 fundit
2466 1265 2532 1320 ad
2579 1265 2748 1318 Deum
2817 1275 2872 1319 et
2923 1265 3138 1318 Patrem
3199 1265 3410 1319 Domini
3467 1267 3637 1320 nostri

2073 1355 2461 1413 JesuChristi:
2506 1375 2523 1408 ι
2553 1356 2764 1411 Gratias
2819 1372 3044 1426 agamus
3099 1355 3394 1420 Dominou
3431 1367 3482 1411 et
3517 1374 3639 1411 cum

2073 1462 2263 1502 omnes
2293 1448 2698 1512 consenserint,
2753 1457 2830 1512 et,
2877 1447 3139 1516 (Dignum
3187 1457 3234 1500 et
3265 1448 3638 1516 jusmmea,»

2073 1539 2329 1605 dixerint,
2361 1540 2477 1610 ipse
2513 1539 2622 1592 Deo
2663 1538 2822 1593 οσον-ι
2866 1539 3162 1608 gratiarum
3226 1537 3534 1604 actionem;
3589 1550 3644 1593 et

2076 1638 2359 1700 postquam
2394 1631 2566 1698 ipsum
2597 1629 2940 1699 gloriﬁcavit,
2989 1638 3186 1684 etcum
3215 1632 3423 1700 angelis
3452 1632 3640 1683 lauda-

2078 1721 2170 1784 vit,
2198 1729 2252 1775 et
2304 1721 2508 1790 gratias
2555 1736 2653 1789 pro
2715 1720 2872 1774 bonis
2939 1721 3194 1776 omnibus
3247 1723 3357 1791 egit
3396 1737 3515 1790 qua:
3576 1725 3644 1774 ab

2074 1821 2276 1864 mterno
2303 1813 2354 1863 in
2390 1826 2488 1866 nos
2521 1811 2772 1876 contulit,
2797 1820 2850 1866 et
2912 1822 3188 1881 postremo
3243 1827 3455 1866 arcana:
3500 1813 3640 1881 ejus,

2074 1911 2127 1957 et
2163 1919 2282 1972 quae
2317 1917 2530 1957 omnem
2566 1920 2874 1958 sermonem
2906 1914 2958 1959 et
2991 1908 3254 1961 rationem
3314 1905 3527 1960 exectlit
3571 1907 3646 1959 iu-

2075 1994 2407 2049 carnationis
2460 1997 2728 2061 meminit,
2785 1997 2870 2052 dei
2899 1999 2979 2052 .de
3040 1999 3278 2068 pretiosa
3324 1999 3464 2054 dona
3512 2013 3645 2052 con-

2077 2095 2276 2144 secret.
2296 2095 2349 2137 et
2374 2095 2540 2138 totum
2567 2087 2895 2142 sacriéicium
2921 2091 3216 2157 peragitur.
3243 2090 3307 2144 Et
3329 2090 3646 2158 quomodo?

2077 2173 2212 2225 Cum
2248 2176 2608 2228 venerandam
2638 2177 2782 2230 illum
2817 2193 3031 2232 cmnam
3095 2184 3358 2247 narravit,
3415 2194 3468 2237 et
3508 2199 3648 2252 quo-

2077 2262 2244 2318 modo
2301 2266 2471 2333 ipsam
2538 2279 2664 2320 ante
2733 2269 3040 2336 paSsioucm
3099 2273 3246 2325 dedit
3275 2275 3477 2329 sanetis
3531 2276 3648 2330 suis

2078 2355 2380 2424 discipulis,
2414 2365 2467 2410 et
2495 2357 2639 2426 quod
2672 2359 2881 2427 accepit
2936 2362 3180 2426 calicem,
3211 2373 3263 2416 et
3294 2364 3437 2434 quod
3489 2381 3649 2420 acce-

2076 2445 2153 2513 pit
2180 2460 2392 2514 panem,
2423 2457 2478 2501 et
2525 2447 2659 2502 actis
2720 2450 2910 2519 gratiis
2959 2454 3337 2518 sanctiﬁcavit,
3399 2465 3454 2510 et
3505 2454 3647 2525 quod

2076 2535 2213 2590 dixit
2242 2551 2304 2592 ea
2335 2552 2429 2606 per
2450 2552 2569 2607 quae
2622 2540 2950 2610 signiﬁcavit
3001 2545 3364 2613 mysterium:
3415 2555 3468 2599 et
3523 2561 3650 2600 cum

2079 2643 2141 2682 ea
2180 2630 2296 2698 ipsa
2344 2630 2510 2685 verba
2551 2632 2712 2699 dixit,
2763 2633 2958 2688 deinde
3025 2636 3278 2704 procidit,
3315 2649 3368 2692 et
3413 2647 3553 2701 orat,
3597 2647 3654 2692 et

2077 2723 2743 2793 supplieat,divinasillas
2787 2741 2948 2781 voces
2980 2726 3154 2796 ipsius
3210 2728 3477 2797 unigeniti
3525 2729 3654 2784 Ser-

2080 2814 2282 2868 vatoris
2315 2816 2486 2869 nostri
2513 2815 2677 2870 etiam
2733 2816 2787 2870 in
2821 2817 2984 2872 donis
3019 2818 3315 2888 prOpositis
3346 2820 3650 2891 applicans,

2079 2915 2138 2960 ut
2166 2915 2426 2986 suscepto
2449 2907 2568 2977 ejus
2591 2908 2940 2964 sanctissimo
2995 2919 3049 2964 et
3102 2910 3478 2981 omnipotente
3530 2908 3655 2981 Spi-

414 3023 534 3074 γιον
561 3005 725 3061 αὐτοῦ
757 3009 848 3059 καὶ
874 3005 1344 3076 παντοδυνάμενον
1375 3004 1599 3075 Πνεῦμα
1630 3004 1976 3076 μεταϐληθῆ-

2081 2999 2184 3052 ritu
2216 3007 2570 3054 convertatur
2596 2999 2814 3070 quidem
2867 3002 3025 3072 panis
3047 3002 3100 3057 in
3123 3003 3300 3072 ipsum
3331 3017 3552 3072 corpus.
3597 3009 3655 3058 et

412 3115 521 3160 ναι,
581 3095 671 3149 τὸν
703 3095 802 3164 μὲν
839 3097 1004 3167 ἄρτον
1059 3098 1141 3160 είς
1173 3097 1304 3150 αύτδ
1346 3097 1408 3150 rb
1461 3097 1647 3166 τίμιον
1697 3097 1792 3151 καὶ
1822 3097 1976 3166 ἆγιον

410 3183 574 3236 αὐτοῦ
599 3182 780 3250 σῶμα,
815 3185 906 3236 τὸν
932 3184 988 3236 δὲ
1018 3181 1158 3236 οἶνον
1211 3186 1290 3248 εἰς
1321 3184 1451 3238 αύτο
1485 3185 1546 3239 rb
1590 3185 1859 3257 ἄχραντον
1877 3187 1976 3240 αὑ-

424 3273 522 3326 τοῦ
552 3275 648 3325 καὶ
699 3273 853 3340 ἅγιον
886 3267 1048 3342 αἷμα.
1081 3273 1296 3328 Τούτων
1328 3275 1383 3328 δὲ
1413 3276 1743 3346 εἰρημένων,
1776 3277 1837 3330 rb
1869 3279 1977 3331 πᾶν

411 3365 514 3433 τῆς
543 3364 858 3435 ἱερουργίας
887 3365 1121 3434 ἧνυσται
1152 3368 1249 3422 καὶ
1268 3367 1597 3434 τετέλεσται,
1626 3369 1716 3422 καὶ
1738 3371 1808 3423 τὰ
1828 3371 1974 3442 δῶρα

413 3457 676 3528 ἡγιάσθη,
711 3460 808 3511 καὶ
837 3458 870 3528 ἡ
901 3456 1064 3511 θυσία
1090 3458 1422 3531 ἄπηρτίσθη,
1448 3464 1541 3516 καὶ
1567 3463 1626 3515 rb
1661 3463 1805 3533 μέγα
1828 3464 1975 3534 θύμα

413 3549 510 3602 καὶ
545 3549 743 3618 ἱερεῖον
805 3549 866 3601 rb
897 3549 1040 3620 ὑπὲρ
1083 3550 1179 3604 τοῦ
1238 3551 1444 3621 κόσμου
1508 3555 1715 3623 σφαγὲν
1762 3555 1854 3608 ἐπὶ
1880 3556 1976 3626 τῆς

418 3640 568 3712 ἱερᾶς
591 3639 875 3708 τραπέζης
901 3641 1091 3711 ὁρᾶται
1139 3641 1409 3710 κείμενον·
1458 3644 1486 3697 ὁ
1515 3647 1625 3714 γὰρ
1683 3645 1846 3717 ἄρτος
1877 3645 1972 3699 τοῦ

416 3731 698 3802 Κυριακοῦ
735 3731 982 3800 σώματος
1032 3733 1134 3784 οὐκ
1167 3732 1248 3785 ἔτι
1282 3731 1470 3800 τύπος,
1531 3735 1648 3789 οὐδὲ
1677 3736 1870 3807 δῶρον,
1895 3738 1973 3790 εἰ·

416 3822 550 3874 κόνα
590 3822 772 3891 φέρων
801 3822 892 3874 τοῦ
922 3821 1175 3893 ἀληθινοῦ
1221 3821 1418 3890 δώρου,
1445 3825 1567 3878 οὐδὲ
1598 3827 1819 3898 γραφήν
1851 3845 1976 3880 τινα

417 3913 659 3981 κομίζων
708 3916 768 3966 ὲν
829 3913 1005 3983 ἐαυτῷ
1054 3913 1163 3966 τῶν
1219 3916 1505 3985 σωτηρίων
1548 3917 1737 3970 παθῶν
1785 3917 1976 3986 ὥσπερ

415 4008 478 4059 ἐν
521 4006 733 4070 πίνακι,
755 4005 870 4058 ἀλλ’
901 4005 1031 4059 αὐτὸ
1056 4007 1117 4058 τὸ
1169 4005 1422 4078 ἀληθινὸν
1452 4009 1628 4076 δῶρον
1653 4025 1667 4038 ·
1700 4010 1829 4062 αὐτὸ
1885 4011 1978 4062 τοῦ

415 4096 683 4147 Δεσπότου
741 4092 834 4146 τοῦ
868 4094 1131 4160 παναγίου
1199 4095 1378 4164 σῶμα,
1412 4094 1472 4149 rb
1539 4097 1718 4150 πάντα
1766 4096 1981 4166 ἀληθῶς

418 4187 601 4238 ἐκεῖνα
643 4184 937 4255 δεξάμενον
981 4185 1047 4238 τὰ
1077 4185 1274 4256 ὀνείδη,
1315 4187 1413 4250 τὰς
1437 4186 1643 4257 ὕϐρεις,
1680 4188 1805 4252 τοὺς
1864 4188 1980 4259 μώο

415 4277 626 4338 λωπαςο
657 4277 716 4328 rb
749 4275 1081 4346 σταυρωθὲν,
1124 4276 1183 4329 τὸ
1231 4277 1461 4344 σφαγὲν,
1519 4279 1580 4331 rb
1624 4282 1981 4350 μαρτυρῆσαν

416 4370 513 4421 ἐπὶ
538 4369 758 4422 Ποντίου
786 4367 1040 4434 Πιλάτου,
1077 4367 1176 4438 τὴν
1209 4369 1380 4439 καλὴν
1425 4369 1744 4437 ὁμολογίαν,
1782 4371 1843 4424 rb
1881 4375 1980 4442 ρας

416 4459 633 4522 πισθὲν,
656 4459 717 4512 rb
743 4458 1012 4521 αἰκισθὲν,
1059 4460 1119 4512 rb
1152 4461 1562 4529 ἐμπτυσμὰτων
1593 4462 1982 4531 ἀνασχόμενον,

417 4553 482 4605 rb
514 4552 679 4621 χολῆς
713 4551 1076 4621 γευσάμενον.
1119 4549 1353 4620 Ὁμοίως
1381 4553 1476 4606 καὶ
1499 4551 1526 4602 ὁ
1559 4546 1722 4616 οἶνος,
1759 4554 1889 4606 αὐτὸ
1924 4554 1985 4606 rb

417 4640 558 4713 αἷμα
586 4643 646 4695 rb
665 4641 983 4712 ἐκπηδῆσαν
1011 4641 1380 4709 σφαττομένου
1412 4641 1505 4695 τοῦ
1534 4641 1804 4712 σώματος,
1827 4644 1986 4697 τοῦτο

416 4736 480 4786 rb
514 4733 695 4801 σῶμα,
728 4731 885 4784 τοῦτο
917 4731 976 4784 rb
1017 4728 1157 4802 αἷμα
1192 4732 1254 4784 rb
1305 4733 1506 4785 συστὰν
1566 4735 1628 4786 ὲκ
1670 4735 1986 4805 Πνεύματος

415 4825 598 4892 ἁγίου,
615 4826 673 4876 rb
691 4823 948 4894 γεννηθὲν
978 4825 1086 4877 ἀπὸ
1102 4825 1201 4894 τῆς
1219 4823 1376 4891 ἁγίας
1399 4824 1695 4895 Παρθένου,
1715 4828 1772 4879 rb
1794 4831 1985 4896 ταφὲν,

415 4920 479 4973 rb
499 4920 730 4972 ἀναστὰν
749 4921 812 4988 τῇ
831 4917 987 4987 τρίτῃ
1004 4917 1205 4987 ἡμέρᾳ,
1226 4919 1286 4969 rb
1321 4919 1540 4971 ἀνελθὸν
1571 4921 1652 4983 εἰς
1703 4924 1828 4987 τοὺς
1893 4926 1987 4978 ού-

421 5014 638 5086 ρινοὺς,
679 5012 771 5065 καὶ
806 5009 1168 5079 καθεζόμενον
1229 5013 1292 5064 ἐκ
1347 5011 1539 5077 δεξιῶν
1587 5014 1680 5068 τοῦ
1753 5018 1990 5091 Πατρός.

990 5103 1239 5158 ΚΕΦΑΛ.
1283 5101 1416 5158 KH'.

503 5222 694 5276 Πόθεν
721 5215 1012 5288 ἀσφαλῶς
1048 5218 1412 5286 πιστεύομεν
1439 5218 1504 5272 τὸ
1522 5220 1884 5290 μυστήριον.

491 5377 602 5431 Καὶ
631 5376 713 5439 τίς
740 5378 772 5445 ή
806 5375 984 5436 πίστις
1011 5390 1028 5438 ;
1079 5373 1249 5436 Αὐτὸς
1303 5367 1445 5436 εἷπε,
1505 5393 1524 5425 ι
1548 5375 1724 5428 Τοῦτό
1754 5379 1870 5429 ἐστι
1921 5379 1982 5432 rb

421 5468 583 5537 σῗὸμά
615 5483 738 5537 μου·
772 5483 790 5515 ι
820 5485 838 5516 ι
866 5464 1038 5517 Τοῦτο
1061 5463 1121 5515 rb
1154 5457 1294 5530 αἷμά
1331 5481 1453 5532 μου.
1497 5483 1516 5515 ι
1549 5466 1721 5529 Αὐτὸς
1751 5470 1977 5533 καὶτοῖς

419 5560 740 5622 ἀποστόλοις
770 5557 1043 5622 ἐκέλευσε,
1085 5556 1178 5608 καὶ
1205 5554 1276 5607 δι’
1299 5556 1524 5608 ἐκείνων
1565 5561 1631 5628 τῇ
1667 5559 1809 5631 πάσῃ
1859 5564 1983 5615 Ἕκ-

423 5654 644 5723 κλησίᾳ,
684 5650 841 5702 τοῦτο
876 5653 1071 5703 ποιεῖν.
1103 5666 1121 5698 ι
1158 5646 1326 5699 Ἰὀῦτο
1365 5649 1497 5712 γὰρ.
1560 5653 1713 5717 φησὶ,
1780 5657 1980 5708 ποιεῖτε

762 5747 1028 5809 PATROL.
1064 5747 1178 5805 Gn.
1216 5746 1340 5808 CL.

2079 3094 2264 3147 vinum
2300 3095 2353 3145 in
2383 3093 2682 3162 pretiosqu
2734 3103 2788 3148 et
2826 3104 3074 3150 sanctum
3135 3095 3254 3165 ejus
3309 3095 3651 3165 sanguinem.

2079 3185 2206 3238 Haec
2237 3200 2358 3238 cum
2398 3185 2599 3248 oravit,
2652 3194 2707 3238 et
2742 3183 2900 3250 dixit,
2962 3188 3274 3241 universum
3319 3188 3650 3242 sacrificium

2078 3286 2360 3346 peractum
2385 3286 2439 3330 et
2463 3277 2764 3346 perfectum
2797 3286 2900 3341 est,
2925 3291 2977 3332 et
3033 3277 3175 3332 dona
3220 3289 3348 3333 sunt
3409 3279 3651 3333 sanctiﬁ—

2080 3377 2223 3432 cata,
2253 3375 2308 3422 et
2338 3367 2513 3422 hostia
2561 3365 2772 3437 integra
2827 3376 2882 3422 et
2919 3366 3157 3436 perfecta
3209 3366 3399 3421 en‘ccta
3438 3376 3544 3431 est,
3601 3374 3656 3420 et

2081 3473 2274 3528 magna
2303 3458 2483 3514 hostia
2512 3467 2566 3512 ct
2594 3457 2836 3522 victima,
2868 3475 2989 3528 qua:
3023 3473 3122 3528 pro
3178 3458 3384 3512 mundo
3413 3465 3653 3511 mactata

2077 3561 2180 3616 est,
2218 3566 2382 3620 supra
2455 3565 2664 3606 sacram
2745 3566 2988 3606 mensam
3061 3551 3164 3606 sita
3235 3552 3514 3616 cernitur;
3569 3565 3658 3621 pa-

2081 3643 2166 3698 nis
2199 3643 2342 3697 enim
2407 3657 2516 3696 non
2578 3643 2812 3713 amplius
2869 3645 3038 3714 ﬁgura
3090 3643 3354 3699 Dominici
3388 3643 3655 3711 corporis,

2079 3747 2255 3802 neque
2313 3733 2513 3786 donum
2563 3731 2741 3789 ferens
2813 3736 3100 3806 imaginem
3169 3736 3280 3788 veri
3349 3733 3521 3799 doni,
3560 3749 3659 3789 ne-

2079 3838 2186 3891 que
2228 3821 2408 3877 ferens
2463 3823 2701 3892 aliquam
2744 3825 3166 3894 descriptionem
3224 3825 3396 3894 ipsius
3451 3825 3655 3880 Serva-

2082 3913 2215 3967 toris
2275 3915 2588 3982 passionum
2654 3924 2911 3983 tanquam
2977 3917 3030 3968 in
3068 3915 3409 3970 tabula:sed
3477 3918 3654 3984 ipsum

2081 4017 2269 4056 verum
2301 4004 2525 4064 donum,
2594 4005 2772 4072 ipsum
2816 4007 3227 4059 sanctissimum
3292 4020 3493 4074 corpus
3548 4005 3660 4059 Do-

2086 4093 2242 4155 mini,
2271 4093 2415 4164 quod
2454 4094 2637 4147 omnia
2669 4095 2757 4148 illa
2785 4111 2910 4148 vere
2961 4097 3220 4164 suscepit,
3276 4098 3498 4168 probra,
3523 4111 3656 4151 con-

2094 4185 2370 4251 tumelias,
2400 4184 2640 4239 vibices:
2669 4187 2809 4254 quod
2849 4187 3192 4252 cruciﬁxum,
3220 4186 3364 4256 quod
3399 4187 3663 4243 interfec-

2088 4289 2223 4342 tum,
2249 4277 2388 4345 quod
2425 4278 2526 4330 sub
2549 4276 2743 4331 Pontio
2764 4275 2937 4332 Pilato
2965 4279 3250 4347 pulchrum
3277 4280 3656 4335 testimonium

2088 4371 2394 4426 confessum
2427 4380 2530 4432 est.
2555 4370 2699 4438 quod
2727 4369 2972 4440 colaphis
3023 4373 3343 4441 appetitum,
3378 4383 3664 4428 contume-

2089 4465 2176 4518 liis
2197 4462 2474 4526 allectum,
2533 4471 2692 4530 sputa
2753 4476 2970 4530 passum
3027 4472 3224 4524 est,.et
3274 4461 3344 4516 fc!
3401 4462 3660 4531 gustavit.

2091 4554 2351 4608 Similiter
2372 4563 2425 4606 et
2461 4553 2671 4618 viuum,
2704 4554 2818 4622 ipse
2838 4555 3064 4623 sanguis
3091 4555 3299 4609 cxsiliit
3326 4556 3510 4609 occiso
3539 4569 3662 4607 cor-

2091 4660 2248 4716 pore,
2279 4645 2380 4699 hoc
2412 4659 2633 4711 corpus,
2671 4653 2728 4700 et
2764 4648 2989 4715 sanguis
3046 4647 3138 4709 qui
3169 4663 3236 4700 ex
3271 4648 3478 4714 Spiritu
3535 4662 3663 4701 sano

2093 4751 2182 4797 cto
2221 4741 2546 4795 constitutus
2575 4751 2680 4805 est,
2715 4750 2879 4796 natus
2933 4758 3000 4796 ex
3065 4742 3232 4795 Maria
3280 4740 3518 4809 virgine,
3568 4740 3662 4808 qui

2097 4835 2340 4904 sepultus
2362 4842 2464 4896 est,
2509 4834 2602 4903 qui
2636 4840 2938 4889 resurrexit
2977 4833 3141 4888 tertio
3174 4833 3284 4895 die,
3315 4833 3406 4900 qui
3469 4847 3664 4886 ascen-

2097 4929 2178 4981 dit
2212 4927 2264 4981 iu
2314 4928 2508 4992 caelos,
2549 4937 2602 4982 et
2627 4927 2782 4984 sedet
2814 4928 2880 4982 ad
2921 4928 3200 4980 dexteram
3233 4922 3434 4983 Patris.

2680 5107 2836 5163 CAP.
2885 5105 3125 5162 XXVIII.

2089 5221 2356 5276 Undarum
2419 5231 2802 5277 sacramentum
2871 5222 3094 5290 ﬁrmiter
3139 5231 3187 5276 et
3251 5239 3430 5277 secure
3494 5220 3662 5274 credi-

2152 5385 2218 5438 Et
2249 5397 2496 5452 quamam
2532 5390 2612 5436 est
2644 5381 2821 5436 lides?
2851 5382 2972 5452 Ipse
3031 5385 3168 5440 dixit
3199 5405 3212 5440 :
3256 5387 3399 5441 «Ιίοο
3431 5392 3514 5438 est
3541 5397 3665 5438 cor-

2081 5489 2186 5544 pus
2212 5490 2460 5536 meump
2513 5472 2640 5527 «Hie
2689 5483 2773 5528 est
2823 5477 3048 5548 sanguis
3079 5495 3283 5533 meus.»
3327 5477 3444 5544 Ipse
3491 5473 3656 5529 etiam

2091 5565 2252 5633 iussit
2281 5563 2566 5632 apostolis,
2591 5574 2644 5619 et
2673 5580 2770 5634 per
2802 5566 2924 5620 illos
2959 5568 3225 5621 universae
3263 5565 3541 5628 Ecclesiae,
3565 5566 3667 5621 hoc

2090 5655 2289 5712 facere.
2329 5653 2471 5708 «Hoc
2500 5657 2670 5722 enim,
2696 5657 2890 5726 inquit,
2925 5659 3086 5714 facile
3115 5659 3166 5710 in
3200 5670 3372 5707 meam
3408 5660 3669 5713 recorda-

3221 5745 3291 5802 1's
