4132 6308
519 364 623 427 627

1725 313 1729 328 ’
1775 356 2078 415 NICOiAl
2120 357 2257 416 can
2277 357 2504 417 λείως

3647 366 3750 428 428

517 477 774 532 tionem.»
805 471 921 527 Non
951 470 1208 541 iussisset
1233 479 1412 524 autem
1461 469 1657 533 facere,
1688 469 1787 523 nisi
1815 478 1955 521 esset
1995 484 2061 536 po

2189 469 2268 526 εἰς
2323 467 2410 538 τὴν
2445 468 2582 537 ἐμὴν
2615 467 2947 534 ἀνάμνησιν,
2981 487 2998 518 ι
3037 469 3136 522 οὐκ
3181 471 3246 523 ἂν
3292 472 3550 534 κελεύσας
3597 474 3754 528 τοῦτο

515 556 772 621 ιοεῑαιέω
813 563 1066 628 daturus,
1099 570 1158 615 ut
1189 571 1409 630 possent
1434 561 1536 613 boc
1567 557 1764 614 facere.
1819 557 1884 612 Et
1929 575 2080 627 quzr-

516 669 644 710 nam
675 662 758 709 est
823 651 1109 722 potestas?
1151 651 1386 720 Spiritus
1443 659 1689 714 sanctus,
1725 650 1815 720 qui
1869 666 1931 704 ex
1975 651 2082 702 alto

505 746 798 818 apostolos
843 747 1096 807 armavit,
1171 744 1307 797 sicut
1339 758 1368 796 a
1425 742 1653 795 Domino
1687 741 1818 810 ipsis
1877 742 2079 796 dictum

511 846 641 894 est:
681 835 907 890 «Sedete
928 835 982 888 in
1008 832 1225 888 civitate
1277 829 1602 892 Jerusalem,
1660 830 1834 884 donec
1889 830 2084 883 indua-

512 928 648 982 mini
682 927 882 982 virtute
913 913 978 980 ei
996 927 1152 980 alto.»
1184 922 1296 978 Hoc
1317 934 1398 978 est
1428 938 1562 991 opus
1588 921 1734 976 illius
1762 921 2077 976 descensus.

505 1017 631 1074 Non
661 1019 804 1073 enim
834 1016 999 1071 semel
1034 1014 1332 1078 descendit,
1373 1013 1566 1067 deinde
1598 1027 1694 1066 nos
1723 1012 1961 1080 reliquit,
1987 1011 2082 1066 sed

519 1120 605 1164 est
638 1110 811 1165 eterit
840 1123 1053 1178 semper
1083 1107 1387 1159 nobiscum.
1417 1103 1713 1173 Propterea
1762 1104 1905 1156 enim
1958 1118 2079 1156 eum

516 1200 957 1264 tnisitServator,
992 1209 1049 1253 ut
1093 1197 1377 1251 nobiscum
1433 1203 1649 1249 maneat
1706 1194 1758 1248 iu
1796 1204 2078 1248 aeternum.

509 1292 580 1346 Et
636 1292 839 1357 alium,
877 1292 1076 1361 inquit,
1137 1290 1454 1344 advocatum
1515 1287 1722 1341 mittam
1791 1286 1966 1351 vobis,
2024 1294 2084 1340 ut

512 1393 730 1440 maneat
752 1384 1034 1438 vobiscum
1078 1384 1130 1435 in
1156 1389 1440 1444 aeternum,
1473 1397 1492 1430 t
1517 1377 1780 1447 Spiritum
1808 1377 2078 1441 veritatis,

507 1492 673 1547 quem
709 1476 942 1531 mundus
966 1490 1075 1528 non
1109 1481 1284 1542 potest
1309 1471 1574 1539 accipere,
1639 1469 1768 1540 quia
1803 1485 1908 1524 non
1941 1469 2085 1524 videt

510 1570 714 1639 ipsum,
748 1582 847 1622 nec
879 1565 1158 1636 cognoscit
1189 1564 1364 1633 ipsum
1389 1578 1509 1617 :vos
1535 1571 1715 1616 autem
1749 1563 2082 1631 cognoscitis

510 1659 718 1728 ipsum,
757 1657 884 1727 quia
913 1655 1055 1725 apud
1094 1669 1188 1709 vos
1219 1663 1417 1716 manet,
1460 1663 1514 1708 et
1547 1663 1628 1708 est
1681 1653 1734 1707 in
1786 1653 1995 1710 vobis.»
2032 1653 2084 1708 is

509 1765 610 1819 per
639 1763 855 1802 manum
877 1756 931 1802 et
958 1747 1190 1817 linguam
1227 1746 1571 1801 sacerdotum
1603 1747 1919 1818 mysterium
1954 1763 2079 1818 per-

511 1841 644 1912 agit.
671 1839 860 1910 Neque
887 1853 1016 1893 vero
1065 1838 1327 1907 Spiritum
1383 1837 1556 1894 solum
1587 1839 1735 1893 misit
1755 1839 1821 1892 ad
1851 1854 1948 1893 nos
1981 1839 2080 1892 Do-

511 1932 716 1996 minus,
746 1937 806 1983 ut
838 1936 1056 1982 maneat
1082 1927 1367 1983 nobiscum
1396 1945 1411 1983 :
1467 1927 1557 1982 sed
1591 1927 1704 1997 ipse
1735 1928 1893 1982 etiam
1930 1929 2081 1999 polli-

509 2022 652 2076 citus
680 2027 783 2086 est,
821 2035 878 2075 se
905 2019 1190 2074 nobiscum
1222 2034 1543 2073 mansurum
1603 2034 1776 2084 usque
1826 2019 1893 2074 ad
1944 2035 2078 2074 eon-

510 2109 932 2166 snmmationem
954 2108 1137 2162 saeculi
1163 2123 1178 2160 :
1204 2106 1294 2161 sed
1323 2105 1637 2160 Paracletus
1671 2105 1889 2176 quidem
1927 2104 2079 2162 adest

509 2199 872 2266 invisibiliter,
901 2199 1028 2268 quia
1052 2199 1166 2268 ipse
1182 2212 1378 2268 corpus
1401 2213 1505 2252 non
1537 2200 1786 2268 gestavit.
1820 2198 2077 2256 Dominus

506 2306 689 2347 autem
711 2291 924 2346 videtur
945 2302 997 2344 et
1019 2298 1387 2345 contrectatur
1413 2304 1508 2359 per
1530 2289 1834 2344 veneranda
1856 2300 2076 2347 etsacra

510 2385 786 2454 mysteria,
826 2392 884 2438 ut
923 2384 1015 2454 qui
1044 2393 1282 2438 n08tram
1316 2390 1562 2436 naturam
1599 2393 1651 2437 et
1675 2383 2000 2451 susceperit,
2021 2391 2077 2437 et

507 2474 648 2532 ferat
697 2475 752 2530 in
822 2485 1101 2531 aeternum.
1143 2474 1264 2528 Haec
1326 2483 1410 2528 est
1459 2472 1750 2526 sacerdotii
1806 2481 2070 2542 potestas,

509 2567 599 2621 hic
629 2579 712 2621 est
746 2565 1022 2621 sacerdos.
1053 2562 1263 2618 Etenim
1317 2561 1410 2632 qui
1438 2562 1676 2630 seipsum
1723 2563 1890 2616 semel
1918 2563 2075 2618 obtu-

507 2655 573 2710 lit
601 2666 654 2710 et
685 2654 1032 2718 sacriﬁcavit,
1081 2665 1112 2706 a
1163 2651 1471 2707 sacerdotio
1540 2665 1646 2707 non
1692 2653 1946 2720 cessavit,
1978 2652 2072 2710 sed

507 2754 831 2816 perpetuum
887 2746 988 2798 hoc
1041 2743 1291 2798 sacriticii
1351 2758 1552 2798 munus
1597 2743 1755 2798 nobis
1801 2743 1937 2810 obit,
1977 2758 2074 2815 per

439 2825 442 2829 ’
508 2837 656 2906 quod
694 2836 857 2890 etiam
885 2847 963 2890 est
1029 2835 1326 2889 advocatus
1363 2847 1461 2904 pro
1510 2835 1667 2888 nobis
1693 2833 1760 2890 ad
1817 2834 1984 2890 Deum
2015 2837 2070 2891 in

507 2937 791 2983 aeternum.
822 2927 938 2992 Qua
969 2925 1034 2980 de
1061 2941 1226 2980 causa
1255 2925 1304 2979 ei
1337 2925 1542 2980 dictum
1591 2933 1709 2980 est:
1749 2924 1858 2980 «Tu
1895 2943 1952 2982 es
1979 2944 2070 2984 sa-

507 3018 701 3073 cerdos
729 3017 780 3070 in
807 3027 1126 3071 :eternum.»
1184 3015 1478 3086 Propterea
1519 3016 1665 3070 nulla
1701 3027 1784 3072 est
1818 3019 2069 3075 ﬁdelibus

2185 560 2382 619 ποιεῖν,
2424 558 2572 627 εἰμὴ
2611 558 2842 628 δύναμιν
2875 559 3122 628 ἐνθήσειν
3165 559 3374 630 ἔμελλε,
3405 562 3543 615 ὥστε
3592 563 3754 618 δύνα-

2188 649 2313 701 σθαι
2349 649 2508 702 τοῦτο
2535 652 2730 702 ποιεῖν.
2760 652 2866 702 Καὶ
2887 653 3026 720 τίςὴ
3081 652 3348 722 δύναμις;
3402 652 3475 706 Τὸ
3525 655 3749 724 Πνεῦμα

2183 741 2241 792 τὸ
2287 740 2461 808 ἅγιον,
2511 742 2543 812 ἡ
2575 741 2632 806 ἐξ
2657 740 2822 809 ὕψους
2853 741 2978 805 τοὺς
3001 743 3329 806 ἀποστόλους
3367 745 3637 798 ὁπλίσασα
3663 749 3754 800 δύο

2184 848 2364 900 ναμις,
2390 831 2531 882 κατὰ
2552 831 2611 884 τὸ
2649 832 2939 902 εἰρημένον
2974 833 3113 904 πρὸς
3135 835 3332 897 αὐτοὺς
3387 836 3489 888 ὑπὸ
3514 837 3609 890 τυῦ
3638 840 3746 890 Κυ-

2189 926 2324 992 ρίοιν
2359 941 2377 973 ι
2419 923 2609 990 Ὑμεῖς
2634 923 2688 974 δὲ
2712 923 2967 976 καθίσατε
3001 926 3058 975 ἐν
3090 927 3155 995 τῇ
3185 925 3337 978 πόλει
3369 925 3752 998 Ἰερουσαλὴμ,

2183 1014 2288 1074 ἕως
2321 1009 2380 1067 οῦ
2409 1013 2698 1081 ἐνδύσησθε
2737 1013 2969 1082 δύναμιν
2997 1013 3053 1079 ἐξ
3083 1013 3271 1083 ῦψους.
3309 1036 3326 1067 s
3355 1016 3526 1070 Τοῦτο
3575 1020 3633 1069 τὸ
3663 1019 3756 1088 ἔρα

2187 1119 2284 1170 γον
2308 1103 2524 1170 ἐκείνης
2551 1102 2650 1169 τῆς
2694 1102 2948 1156 καθόδου.
2997 1105 3070 1155 Οὐ
3115 1105 3220 1172 γὰρ
3277 1103 3539 1157 κατελθὸν
3580 1105 3750 1172 ἆπαξ,

2185 1186 2305 1243 εἶτα
2330 1190 2693 1242 ἀπολέλοιπεν
2731 1193 2903 1262 ἡμᾶς,
2939 1192 3076 1244 ἀλλὰ
3102 1191 3222 1262 μεθ’
3249 1194 3408 1262 ἡμῶν
3470 1193 3607 1258 ἔστι,
3656 1199 3752 1249 καὶ

2184 1281 2338 1336 ἔσται
2374 1284 2536 1354 μέχρι
2567 1284 2786 1346 παντός.
2831 1285 2931 1336 Διά
2963 1282 3121 1338 τοῦτο
3165 1286 3272 1356 γὰρ
3311 1287 3557 1356 ἔπεμψεν
3618 1289 3752 1342 αὐτὸ

2184 1371 2212 1423 6
2240 1373 2453 1442 Σωτὴρ,
2506 1374 2590 1425 ῖνα
2634 1373 2769 1444 μένῃ
2804 1371 2922 1441 μεθ’
2958 1371 3113 1442 ήμῶν
3141 1375 3218 1434 είς
3269 1375 3358 1426 τὸν
3396 1377 3591 1440 αἰῶνα,
3629 1397 3645 1428 ι
3686 1379 3750 1431 τὸ

2187 1462 2410 1533 Πνεῦμα
2450 1467 2550 1533 τῆς
2577 1465 2855 1535 ἀληθείας·
2887 1465 2912 1516 ὃ
2941 1466 2967 1517 6
3010 1466 3211 1535 κόσμος
3270 1467 3330 1518 οὗ
3367 1465 3590 1519 δύναται
3649 1469 3750 1522 λαο

2187 1553 2320 1619 ὄεῖν,
2353 1556 2436 1608 ὅτι
2465 1555 2528 1608 οὐ
2549 1555 2744 1627 θεωρεῖ
2771 1556 2922 1619 αὐτὸ,
2949 1555 3069 1608 οὐδὲ
3112 1556 3372 1624 γινώσκει
3403 1559 3554 1626 αὐτὸ,
3590 1560 3751 1629 ὑμεῖς

2184 1643 2240 1697 δὲ
2280 1645 2575 1712 γινώσκετε
2629 1647 2780 1709 αὐτὸ,
2830 1648 2912 1699 ὅτι
2971 1647 3101 1715 παρ’
3139 1649 3268 1716 ὑμῖν
3321 1650 3488 1717 μένει,
3547 1653 3640 1704 καὶ
3693 1656 3754 1705 ἐν

2186 1734 2316 1803 ὑμῖν
2351 1735 2486 1792 ἔστι.
2531 1753 2548 1786 ι
2586 1736 2754 1788 Τοῦτο
2776 1735 2864 1788 διὰ
2894 1737 2993 1807 τῆς
3015 1738 3195 1807 χειρὸς
3241 1739 3335 1791 καὶ
3365 1743 3461 1808 τῆς
3500 1741 3754 1812 γλώσσης

2184 1825 2291 1878 τῶν
2321 1827 2511 1897 ἱερέων
2562 1827 2630 1880 τὰ
2665 1829 2946 1898 μυστήρια
2996 1829 3389 1899 τελεσιουργετ.
3443 1833 3550 1883 Καὶ
3595 1835 3653 1884 οὐ
3696 1837 3756 1886 τὸ

2181 1914 2334 1984 ἅγιον
2370 1909 2596 1986 Πνεῦμα
2645 1918 2805 1987 μόνον
2832 1917 3075 1988 ἔπεμψεν
3105 1919 3132 1970 6
3168 1919 3367 1988 Κύριος
3402 1921 3557 1989 ἡμῖν,
3606 1919 3756 1974 ὥστε

2183 2008 2365 2076 μένειν
2399 2008 2516 2078 μεθ’
2542 2008 2722 2078 ἡμῶν,
2742 2007 2874 2061 ἀλλὰ
2900 2011 2993 2061 καὶ
3021 2009 3184 2070 αὐτὸς
3211 2011 3238 2062 6
3259 2008 3460 2078 Κύριος
3492 2010 3757 2079 ἐπηγγεί-

2177 2095 2307 2149 λατο
2351 2099 2532 2167 μένειν
2588 2098 2706 2166 μεθ’
2743 2100 2921 2168 ἡμῶν,
2971 2098 3080 2160 ἓως
3153 2100 3250 2166 τῆς
3301 2099 3611 2164 συντελείας
3657 2101 3754 2157 τοῦ

2178 2186 2399 2251 αἰῶνος
2423 2187 2542 2240 ἀλλ’
2567 2189 2594 2241 6
2625 2189 2721 2258 μὲν
2754 2188 3110 2259 Παράκλητος
3159 2189 3404 2257 ἀοράτως
3435 2191 3752 2259 πρόσεστιν,

2176 2280 2258 2332 δτι
2285 2280 2443 2350 σῶμα
2467 2281 2626 2344 αὐτὸς
2650 2281 2749 2334 οὑκ
2778 2283 3058 2350 ἐφόρεσεν.
3098 2279 3155 2332 Ὀ
3190 2281 3242 2333 δέ
3279 2280 3482 2350 Κύριος
3513 2283 3602 2334 καὶ
3622 2283 3755 2352 ὁρᾶ-

2173 2389 2287 2438 ται,
2318 2373 2411 2425 καὶ
2454 2372 2599 2441 ἁφῆς
2629 2373 2897 2441 ἀνέχεται,
2927 2371 3016 2424 διὰ
3039 2371 3148 2424 τῶν
3187 2373 3428 2440 φρικτῶν
3473 2374 3566 2424 καὶ
3591 2375 3752 2443 ἱερῶν

2179 2460 2512 2530 μυστηρίων,
2560 2459 2635 2521 ὼ;
2659 2461 2724 2513 ἂν
2759 2460 2856 2530 τὴν
2886 2463 3164 2531 ἡμετέραν
3208 2460 3370 2530 φύσιν
3405 2466 3495 2515 καὶ
3523 2463 3752 2532 δεξάμε-

2175 2568 2283 2616 νος,
2309 2553 2403 2604 καὶ
2429 2552 2609 2620 φέρων
2640 2552 2718 2613 εἰς
2753 2553 2842 2604 τὸν
2884 2553 3072 2606 αἰῶνα.
3134 2553 3279 2622 Αὕτη
3313 2553 3414 2622 τῆς
3445 2554 3745 2623 ἱερωσύνης

2173 2642 2422 2714 δύναμις,
2453 2639 2604 2708 οὗτος
2637 2647 2663 2697 6
2700 2645 2900 2715 ἱερεύς.
2931 2647 3004 2699 Οὐ
3040 2648 3143 2718 γὰρ
3176 2646 3323 2710 ἅπαξ
3357 2647 3541 2700 ἑαυτὸν
3573 2664 3746 2717 προσ·

2178 2735 2403 2805 αγαγὼν
2453 2738 2550 2791 καὶ
2615 2737 2803 2799 θύσας,
2837 2739 3116 2792 ἐπαύσατο
3149 2741 3244 2807 τῆς
3269 2740 3585 2810 ἱερωσύνης,
3611 2741 3750 2794 ἀλλὰ

2172 2828 2395 2898 διηνεκῆ
2439 2829 2646 2899 ταύτην
2703 2831 3010 2899 λειτουργεῖ
3058 2832 3156 2900 τὴν
3200 2833 3542 2902 λειτουργίαν
3594 2833 3744 2901 ἡμῖν,

2171 2919 2294 2974 καθ’
2315 2921 2382 2990 ἢν
2411 2922 2505 2973 καὶ
2537 2922 2887 2992 παράκλητος
2910 2925 3042 2992 ἡμῖν
3067 2927 3186 2977 ὲστι
3217 2925 3351 2993 πρὸς
3380 2925 3470 2976 τὸν
3516 2925 3647 2976 Θεὸν
3681 2923 3747 2976 δι’

2170 3013 2388 3078 αἰῶνος,
2417 3005 2478 3065 οῦ
2506 3014 2666 3084 χάριν
2685 3015 2901 3083 εἴρηται
2928 3015 3062 3084 πρὸς
3090 3015 3276 3080 αὐτὸν,
3312 3034 3330 3066 ι
3353 3015 3424 3066 Σὺ
3457 3016 3640 3086 ἱερεὺς
3669 3017 3744 3077 είς

509 3109 576 3165 de
608 3112 876 3164 donorum
898 3105 1327 3163 sanctificatione
1378 3108 1663 3176 dubitatio,
1717 3123 1814 3164 nec
1847 3109 1914 3164 de
1957 3109 2073 3166 aliis

2177 3105 2267 3158 τὸν
2302 3104 2498 3160 αἰῶνα.
2538 3125 2556 3158 ι
2591 3107 2690 3160 Διὰ
2734 3107 2892 3161 τοῦτο
2920 3105 3145 3174 οὐδεμία
3195 3109 3309 3169 τοῖς
3361 3107 3572 3169 πιστοῖς
3622 3111 3747 3174 περὶ

507 3199 805 3271 mysteriis,
845 3201 890 3252 si
914 3198 1205 3253 secundum
1259 3199 1592 3268 propositum
1618 3208 1672 3254 et
1724 3200 2071 3257 sacerdotum

506 3305 697 3362 preces
729 3299 1074 3360 peragantur.
1099 3291 1164 3345 Et
1193 3287 1308 3345 haec
1335 3289 1550 3360 quidem
1575 3290 1858 3347 hactenus.

1031 3554 1185 3611 CAP.
1217 3553 1386 3609 XXIX
1438 3556 1538 3625 (ι).

505 3667 584 3724 De
635 3669 788 3722 iisin
827 3669 1013 3731 quibus
1067 3666 1252 3737 Latini
1310 3684 1404 3722 nos
1449 3668 1868 3737 reprehendunt,
1912 3677 1963 3724 ct
1997 3671 2068 3725 ad

903 3736 1350 3806 reprehensionem
1381 3736 1669 3806 respOnsio.

577 3826 678 3883 Hic
717 3839 895 3882 autem
946 3827 1125 3882 Latini
1155 3829 1372 3898 quidam
1421 3838 1606 3884 nostra
1635 3831 2066 3900 reprehendunt.

507 3920 705 3976 Dicunt
737 3920 902 3984 enim,
935 3929 1057 3990 post
1092 3923 1316 3976 verbum
1353 3920 1588 3987 Domini,
1632 3923 1925 3992 «Accipite,
1977 3940 2068 3982 co-

506 4013 757 4078 medite,»
795 4021 848 4065 et
878 4027 997 4079 qua:
1027 4020 1350 4082 sequuntur,
1387 4011 1455 4066 ad
1497 4013 1598 4066 hoc
1632 4022 1691 4068 ut
1717 4015 2064 4070 sanetiiicen-

506 4114 596 4159 tur
626 4105 789 4170 dona,
841 4103 986 4160 nulla
1020 4104 1250 4175 amplius
1277 4119 1416 4176 opus
1475 4106 1677 4162 habere
1711 4107 1978 4174 oratione,
2008 4118 2068 4162 ut

505 4210 625 4264 quae
661 4211 690 4249 a
727 4197 890 4249 verbo
934 4196 1146 4250 Domini
1187 4196 1424 4266 perfecta
1457 4203 1602 4254 sint:
1634 4207 1919 4268 propterea
1974 4201 2068 4269 qui

504 4294 790 4353 postquam
821 4287 938 4339 haec
962 4287 1120 4340 verba
1149 4287 1409 4351 dixerint,
1444 4302 1639 4356 panem
1674 4296 1729 4341 et
1759 4288 1942 4342 vinum
1970 4303 2067 4342 no-

505 4376 736 4438 minant,
769 4383 824 4427 et
856 4383 1112 4442 tanquam
1148 4376 1388 4430 nondum
1445 4377 1794 4432 sanctiﬁcatis
1847 4393 2069 4447 precan-

2171 3193 2265 3249 τοῦ
2291 3193 2564 3266 ἀγιασμοῦ
2601 3195 2710 3249 τῶν
2739 3195 2928 3270 δώρων
2969 3194 3287 3264 ἀμφιϐολία,
3331 3194 3448 3246 οὐδὲ
3480 3197 3611 3264 περὶ
3639 3196 3744 3248 τῶν

2171 3285 2346 3342 ἄλλων
2376 3288 2634 3352 τελετῶν,
2666 3289 2715 3341 εί
2743 3287 2884 3341 κατά
2916 3287 3014 3356 τὴν
3044 3285 3304 3356 πρόθεσιν
3333 3285 3424 3339 καὶ
3452 3287 3551 3348 τὰς
3581 3286 3740 3357 εὐχὰς

2168 3378 2279 3431 τῶν
2355 3379 2548 3450 ίερέων
2604 3379 3014 3436 ἀποτελοῦνται.
3084 3379 3194 3432 Καὶ
3245 3380 3420 3433 ταῦτα
3494 3377 3596 3448 μὲν
3664 3380 3742 3440 είς

2169 3466 2440 3522 τοσοῦτον.

2771 3558 3016 3615 ΚΕΦΔΛ.
3053 3557 3179 3612 ΚΘ’.

2170 3669 2313 3740 Περὶ
2332 3665 2422 3726 ὦν
2453 3669 2882 3742 ἠμῒννένταῦθά
2915 3689 3073 3738 τινες
3103 3671 3368 3728 Λατῖνοί
3381 3673 3740 3742 μέμφονται.

2523 3741 2621 3793 καὶ
2643 3746 2790 3810 πρὸς
2805 3741 3038 3810 μέμψιν
3071 3743 3388 3809 ἀπολογία.

2239 3827 2506 3885 Ἐνταῦθα
2532 3832 2589 3884 δέ
2614 3847 2759 3894 τινες
2786 3833 3001 3886 Λατῖνοι
3031 3831 3141 3886 τῶν
3171 3834 3462 3905 ἡμετέρων
3488 3836 3732 3906 ἐπιλαμ-

2168 3915 2444 3973 ϐάνονται.
2474 3921 2612 3972 Φασὶ
2633 3921 2764 3990 γὰρ,
2805 3922 2943 3990 μετὰ
2971 3921 3061 3975 τὸν
3084 3922 3179 3975 τοῦ
3206 3924 3411 3994 Κυρίου
3462 3926 3644 3992 λόγον,
3675 3928 3736 3977 τὸ

2173 4023 2194 4061 t
2231 4008 2462 4075 Λάϐετε,
2499 4011 2722 4080 φάγετε,
2760 4030 2780 4063 ι
2817 4013 2909 4065 καὶ
2941 4013 3010 4065 τὰ
3039 4012 3185 4082 ἑξῆς,
3218 4015 3353 4083 πρὸς
3381 4014 3442 4066 τὸ
3470 4017 3742 4085 ἁγιασθῆ.

2170 4118 2259 4155 ναι
2291 4104 2360 4156 τὰ
2409 4104 2581 4172 δῶρα,
2631 4105 2903 4174 μηδεμιᾶς
2933 4104 3097 4174 εὐχῆς
3151 4104 3231 4157 ἔτι
3260 4105 3489 4168 δεῖσθαι,
3518 4107 3591 4168 ὡς
3641 4108 3744 4159 ὑπὸ

2169 4193 2262 4246 τοῦ
2294 4195 2576 4264 Κυριακοῦ
2615 4197 2772 4263 λόγου
2803 4196 3127 4264 τελούμενα.
3193 4197 3294 4250 Διὰ
3330 4199 3487 4253 τοῦτο
3521 4201 3567 4251 οἱ
3606 4200 3744 4268 μετὰ

2168 4285 2228 4337 τὸ
2249 4287 2492 4340 ἀνειπεῖν
2537 4287 2707 4340 ταῦτα
2738 4288 2804 4340 τὰ
2836 4288 3078 4357 ῥήματα,
3123 4287 3285 4357 ἄρτον
3326 4290 3418 4340 καὶ
3446 4285 3587 4342 οἶνον
3611 4307 3741 4343 κατ-

2167 4374 2548 4442 ονομάςοντες,
2581 4378 2673 4428 καὶ
2726 4377 2802 4438 ὡς
2849 4377 3018 4445 μήπω
3067 4377 3401 4444 ἁγιασθεῖσιν
3455 4377 3739 4447 εὐχόμενοι

507 4475 594 4518 tur
626 4464 1133 4530 sanctilicationem,
1161 4475 1357 4534 praeter
1381 4465 1434 4518 id
1461 4465 1606 4534 quod
1643 4465 1963 4521 intidelitate
1992 4472 2070 4521 la-

2176 4465 2262 4517 τὸν
2317 4466 2612 4534 ἁγιασμὸν,
2651 4468 2785 4536 πρὸς
2813 4467 2892 4536 τῷ
2945 4467 3174 4538 ἀπιστίᾳ
3209 4469 3406 4534 νοσεῖν,
3439 4471 3590 4536 φασὶ,
3647 4471 3738 4522 καὶ

506 4553 1015 4623 borant,inquiunt,
1054 4567 1242 4606 vanam
1271 4553 1559 4622 quamdam
1599 4569 1711 4607 rem
1736 4563 1790 4608 et
1810 4570 2070 4624 superva‘

505 4662 730 4702 caueam
765 4645 993 4700 faciunt.
1030 4641 1182 4708 Quod
1217 4650 1398 4696 autem
1435 4643 1536 4698 hoc
1567 4645 1792 4699 verbum
1822 4646 2070 4714 estquod

506 4738 646 4792 dona
702 4735 931 4806 perlicit,
964 4734 1176 4800 beatus,
1219 4732 1489 4802 inquiunt,
1533 4734 1952 4807 Chrysostomus
1992 4745 2071 4791 tea

505 4825 912 4890 Statur,dicens,
947 4822 1089 4894 quod
1139 4823 1590 4892 quemadmodum
1629 4825 1808 4893 opifex
1865 4841 2066 4893 sermo,

506 4916 596 4970 hic
655 4917 879 4981 scilicet,
937 4915 1208 4970 tCl’OSCitO
1252 4923 1308 4968 et
1355 4914 1841 4983 multiplicamini,»
1901 4917 2070 4971 semel

505 5022 536 5062 a
573 5006 682 5061 Deo
717 5008 893 5062 dictus
912 5018 1015 5072 est,
1042 5021 1255 5076 semper
1295 5014 1474 5060 autem
1507 5016 1782 5075 operatur,
1810 5007 1880 5061 ita
1907 5007 2069 5062 etiam

505 5099 612 5152 hoc
661 5098 911 5161 verbum,
951 5099 1118 5152 semel
1144 5113 1173 5151 a
1231 5098 1517 5151 Servatore
1545 5091 1772 5164 dictum,
1808 5109 2068 5168 perpetuo

504 5195 780 5256 operatur.
826 5187 926 5251 Qui
962 5203 1089 5258 ergo
1119 5202 1228 5240 sua:
1267 5187 1497 5242 orationi
1554 5188 1726 5254 magis
1756 5189 2058 5256 confidunt,

503 5292 667 5348 quam
699 5279 864 5332 verbo
915 5278 1151 5343 Domini,
1207 5283 1442 5349 primum
1501 5280 1719 5350 quidem
1747 5296 1870 5336 eum
1901 5298 2065 5338 accu-

577 5457 652 5526 (i)
681 5454 798 5508 Duo
825 5456 939 5509 haec
965 5455 1171 5524 integra
1195 5458 1392 5524 capita,
1426 5474 1615 5526 nempe
1640 5457 1710 5511 29
1733 5467 1786 5509 et
1815 5458 1903 5524 50,
1935 5474 2052 5514 me-

503 5527 611 5582 rito
637 5529 688 5580 in
725 5536 894 5580 totum
915 5536 1098 5579 essent
1120 5528 1504 5596 expungenda;
1533 5545 1656 5582 nam
1685 5529 1880 5583 delirat
1905 5529 2058 5584 Grac-

505 5612 605 5651 cus
633 5598 737 5649 istc
769 5597 1172 5657 s‘cltisntnticus,
1197 5599 1516 5649 existimans
1572 5615 1677 5650 non
1713 5601 1844 5653 solis
1881 5605 2064 5654 verbis

505 5668 667 5720 istius
694 5666 1120 5719 censet-rationis
1147 5668 1337 5718 t-nttiici
1369 5666 1786 5733 l'lttt-ltatistiant,
1823 5671 1914 5722 scd
1947 5669 2068 5723 aliis

511 5753 746 5803 quoque,
791 5755 908 5806 quat:
968 5755 1026 5789 rx
1065 5738 1372 5788 Gttcttttltlll
1425 5736 1678 5804 Lilttl'gtls
1700 5749 2067 5807 apponuntur.

2177 4557 2405 4628 μάταιόν
2435 4575 2489 4611 τι
2525 4561 2624 4635 καί
2651 4560 2922 4632 παρέλκον
2952 4561 3184 4630 πρᾶγμα
3229 4560 3494 4614 ποιοῦσιν.
3537 4561 3654 4614 Ὅτι
3683 4563 3736 4614 δὲ

2173 4643 2330 4711 οὗτός
2361 4650 2509 4703 ἐστιν
2542 4652 2569 4702 6
2594 4650 2771 4718 λόγος,
2795 4652 2823 4703 6
2844 4649 2913 4702 τὰ
2943 4651 3090 4718 δῶρα
3120 4651 3362 4715 τελειῶν,
3395 4654 3420 4703 6
3451 4653 3735 4720 μακάριος,

2173 4741 2326 4808 φασὶ,
2378 4741 2763 4810 Χρυσόστομος
2804 4745 3074 4812 μαρτυρεῖ
3129 4743 3304 4809 λέγων
3353 4745 3434 4795 ὃτι
3489 4746 3739 4812 καθάπῖρ

2172 4832 2200 4884 6
2231 4831 2623 4900 δημιουργικδς
2659 4833 2836 4901 λόγος,
2868 4833 2950 4897 τὸ,
2989 4851 3006 4884 ι
3035 4832 3341 4897 Λὺξάνεσθε
3399 4836 3490 4885 καὶ
3530 4835 3740 4902 πληθύ-

2173 4921 2351 4983 νεσθε,
2385 4939 2404 4972 ι
2438 4921 2652 4991 εἴρηται
2678 4923 2776 4990 μὲν
2810 4923 2957 4989 ᾶπαξ
2985 4923 3088 4976 ὑπὸ
3122 4923 3212 4976 τοῦ
3244 4924 3400 4987 Θεοῦ,
3434 4925 3740 4992 ἐνεργεῖται

2169 5012 2225 5065 δὲ
2252 5013 2359 5064 ἀεί’
2387 5010 2529 5066 οὕτω
2561 5013 2655 5068 καὶ
2685 5013 2839 5080 λόγος
2879 5008 3033 5076 οὗτος
3063 5014 3207 5079 ἅπαξ
3261 5014 3444 5086 ῥηθεὶς
3496 5017 3598 5067 ὑπὸ
3642 5018 3739 5068 τοῦ

2169 5102 2444 5173 Σωτῆρος,
2477 5103 2566 5157 διὰ
2590 5105 2790 5166 παντὸς
2833 5107 3065 5172 ἐνεργεῖ.
3103 5106 3165 5157 ΟΞ
3215 5107 3394 5158 τοίνυν
3426 5109 3492 5176 τῇ
3529 5108 3742 5160 ἑαυτῶν

2167 5195 2301 5265 εὐχῇ
2328 5194 2653 5265 θαρροῦντες
2685 5195 2881 5264 μᾶλλον
2909 5197 2939 5266 ἢ
2973 5197 3049 5265 τῷ
3082 5197 3343 5266 Κυριακῷ
3390 5198 3554 5267 λόγῳ,
3583 5199 3735 5267 πρῶο

2166 5300 2257 5338 τον
2288 5286 2386 5356 μὲν
2442 5286 2726 5340 ἀσθένειαν
2766 5287 2929 5338 αὐτοῦ
2973 5290 3494 5357 καταγινώσκουσιν,
3549 5291 3743 5343 ἔπειτα

2163 5459 2360 5534 Verum
2399 5462 2602 5518 [cadum
2646 5464 2808 5517 istum
2865 5463 3173 5518 Grecorum
3227 5481 3470 5518 errorem
3508 5466 3732 5534 egregie

2169 5531 2529 5587 coniutarunt
2565 5535 2850 5587 Bessat'inn
2903 5553 2996 5589 cur
3019 5539 3194 5588 tinnl's
3227 5535 3366 5587 Nion:
3392 5553 3492 5598 επις,
3530 5531 3738 5592 linit):

2171 5602 2334 5652 verbis
2395 5604 2824 5661 consecratimiis,
2859 5618 2905 5654 et
2962 5605 3048 5656 alii
3120 5621 3314 5655 mnum.
3344 5610 3384 5656 ri
3428 5607 3739 5659 orthodoxi.

2181 5668 2308 5743 Vide
2351 5671 2753 5736 Bciidl'tlillllittl,
2793 5676 2881 5725 iii).
2931 5691 2980 5727 tv
3021 5677 3087 5727 Dr
3115 5674 3466 5734 Ι-.ἰ‹ι.σέ(ι›ἱδιίει,
3497 5695 3615 5743 mp.
3656 5676 3740 5739 li,

2181 5740 2267 5805 15,
2309 5743 2391 5794 Μ.
