4132 6308
549 311 652 378 431

1810 313 2114 373 NlCOLAl
2159 313 2546 373 CABASlL/E

3681 317 3787 382 432

551 467 674 507 cum
699 466 811 522 ipse
834 464 1097 507 uommus
1122 465 1220 520 per
1244 449 1425 504 omnia
1450 448 1750 504 ostenderit
1783 465 1842 505 se
1863 449 1998 504 velle
2025 451 2119 504 da-

2228 450 2388 520 εὐχὴ,
2415 449 2537 503 οὐδὲ
2559 448 2619 502 τὸ
2649 448 2820 520 πέρας
2857 448 3051 520 ἄδηλον
3087 449 3226 520 ἔχει,
3275 447 3442 503 αὐτοῦ
3485 450 3577 504 τοῦ
3610 450 3794 508 δοῦναι

553 560 629 600 re.
651 544 942 612 Propterea
965 543 1352 612 mysteriorum
1374 541 1860 597 sanctiﬁcationem
1884 539 2119 596 orationi

558 635 862 691 sacerdotis
908 634 1204 699 credimus,
1233 649 1338 687 non
1371 642 1626 703 tanquam
1657 633 1819 687 alicui
1847 633 2119 700 humanae,

553 725 651 781 sed
686 732 942 795 tanquam
969 725 1063 780 Dei
1091 725 1344 794 petentiae
1384 725 1634 780 ﬁdentes.
1657 722 1774 779 Non
1809 726 1950 780 enim
1992 739 2121 796 pro-

552 823 677 887 pter
720 825 968 872 orantem
1000 816 1302 882 hominem,
1333 816 1428 871 sed
1464 825 1686 886 propter
1741 817 1910 872 Deum
1957 832 2124 872 exau-

552 911 816 975 dientem,
841 924 1018 980 neque
1049 909 1194 979 quod
1231 908 1322 962 ille
1356 908 1590 979 rogavit,
1630 907 1726 964 sed
1757 910 1900 977 quod
1924 909 2123 963 veritas

550 1013 612 1053 se
637 998 1034 1053 esse'daturum
1077 1003 1161 1051 est
1212 996 1476 1066 pollicita.
1506 995 1663 1061 ρυσά
1721 1006 1899 1050 autem
1961 995 2122 1050 Chri-

548 1099 670 1146 stus
702 1090 938 1146 ostendit
972 1104 1030 1144 se
1090 1088 1236 1143 hanc
1279 1102 1494 1157 semper
1523 1086 1660 1142 velle
1691 1087 1850 1142 nobis
1891 1088 2120 1158 gratiam

551 1183 715 1246 dare,
775 1195 875 1235 nec
938 1175 1121 1234 dicere
1170 1178 1392 1246 quidem
1466 1191 1604 1247 opus
1667 1187 1769 1233 est.
1825 1175 2123 1248 Propterea

552 1272 696 1326 enim
768 1272 823 1324 in
889 1279 1086 1324 terram
1140 1271 1307 1336 venit,
1354 1277 1408 1323 et
1480 1268 1821 1324 sacrilicatus
1885 1279 1992 1337 est,
2067 1279 2122 1325 et

551 1373 847 1427 mortuus,
893 1369 946 1416 et
1007 1369 1292 1430 propterea
1347 1359 1540 1415 altaria
1595 1370 1650 1415 et
1704 1361 2015 1418 sacerdotes
2069 1371 2123 1417 et

550 1453 731 1507 omnis
776 1451 1048 1520 purgatio,
1101 1461 1154 1505 et
1205 1451 1388 1506 omnia
1437 1462 1705 1522 praecepta
1757 1461 1810 1506 et
1863 1453 2123 1512 doctrinae

548 1553 604 1598 et
663 1541 1112 1606 adhortationes,
1143 1551 1202 1595 ut
1257 1540 1397 1597 hanc
1449 1543 1608 1598 nobis
1661 1559 1903 1598 mensam
1957 1559 2123 1614 appo-

551 1645 666 1688 nat.
689 1632 981 1703 Propterea
1009 1631 1139 1686 illud
1170 1633 1332 1687 etiam
1357 1633 1566 1690 Pascha
1606 1649 1666 1691 se
1693 1635 2001 1692 desiderare
2041 1637 2123 1692 di-

551 1726 747 1790 cebat,
795 1725 939 1796 quod
989 1725 1091 1780 hoe
1140 1739 1330 1779 verum
1399 1724 1611 1782 Pascha
1664 1738 1784 1783 erat
1833 1728 2121 1800 discipulis

2231 543 2463 611 Κυρίου,
2494 541 2580 595 διὰ
2617 542 2834 598 πάντων
2863 543 3134 607 δείξαντος
3177 543 3259 597 ὅτι
3312 542 3562 613 βούλεται
3589 545 3790 602 δοῦναι.

2229 637 2327 689 Διὰ
2357 634 2512 688 τοῦτο
2542 635 2651 690 τῶν
2706 633 3030 705 μυστηρίων
3088 635 3181 688 τὸν
3230 635 3503 704 ἀγιασμδν
3537 639 3601 706 τῇ
3661 637 3796 707 εὐχῇ

2228 724 2324 778 τοῦ
2377 725 2569 798 ἱερέως
2617 723 2971 793 πιστεύομεν,
3012 725 3110 793 οὐχ
3165 722 3240 786 ὡς
3291 724 3611 796 ἀνθρωπίνη
3665 730 3796 792 τινὶ,

2229 816 2436 879 ἀλλ’ὡς
2477 815 2612 869 Θεοῦ
2648 815 2875 886 δυνάμει
2910 814 3262 886 θαρροῦντες.
3305 815 3384 867 Οὐ
3420 816 3531 887 γὰρ
3583 815 3671 871 διὰ
3707 819 3800 871 τὸν

2231 904 2522 974 εὐχόμενον
2541 903 2851 972 ἄνθρωπον,
2881 903 3016 957 ἀλλὰ
3041 903 3131 956 διὰ
3155 904 3247 957 τὸν
3273 905 3615 958 ἐπακούοντα
3642 907 3799 960 Θεόν’

2229 996 2338 1049 οὐδ’
2371 996 2455 1049 ὃτι
2507 996 2715 1059 ἐκεῖνος
2757 995 2973 1064 ἐδεήθη,
3026 995 3142 1048 ἀλλ’
3173 996 3309 1066 ὅτιὴ
3343 997 3572 1066 ἀλήθεια
3623 999 3801 1066 ἐπηγ-

2227 1085 2448 1155 γείλατο
2486 1085 2700 1140 δώσειν.
2740 1084 2864 1140 Ὅτι
2899 1086 3009 1140 δὲὸ
3038 1087 3272 1156 Χριστὸς
3308 1086 3511 1154 ἔδειξεν
3545 1089 3621 1151 ὡς
3674 1089 3802 1158 βού-

2231 1182 2380 1231 λεται
2429 1178 2633 1249 ταύτην
2697 1179 2784 1231 ἀεὶ
2845 1178 3049 1231 διδόναι
3096 1179 3199 1248 τῆν
3249 1179 3436 1248 χάριν,
3471 1181 3593 1233 οὐδέ
3630 1181 3795 1247 λόγου

2227 1269 2418 1323 δεῖται.
2457 1270 2556 1323 Διὰ
2574 1267 2733 1322 τοῦτο
2759 1267 2867 1338 γὰρ
2890 1270 2968 1333 είς
2994 1269 3107 1339 τὴν,
3133 1272 3237 1338 γῆν
3255 1267 3407 1340 ἦλθε,
3460 1271 3556 1323 καὶ
3607 1271 3796 1342 ἐτύθη,

2229 1360 2324 1411 καὶ
2345 1357 2602 1411 ἀπέθανε.
2635 1357 2733 1410 Διὰ
2762 1357 2920 1411 τοῦτο
2967 1359 3330 1428 θυσιαστήρια
3351 1362 3444 1413 καὶ
3483 1361 3668 1430 ῖερεῖς,
3699 1362 3799 1417 καὶ

2230 1450 2379 1502 πᾶσα
2393 1447 2660 1520 κάθαρσις
2680 1449 2774 1502 καὶ
2794 1451 2966 1502 πᾶσαι
2983 1451 3216 1516 ἐντολαὶ,
3235 1453 3329 1506 καὶ
3349 1452 3685 1508 διδασκαλίαι
3703 1457 3798 1509 καὶ

2229 1539 2603 1609 παραινέσεις,
2625 1540 2711 1593 ῖνα
2730 1540 2827 1608 τὴν
2859 1542 3142 1611 τράπεζαν
3171 1543 3392 1615 παραϐῇ
3417 1545 3619 1615 ταύτην
3640 1547 3793 1614 ἡμῖν.

2229 1629 2327 1680 Διὰ
2343 1627 2498 1681 τοῦτο
2522 1631 2618 1684 καὶ
2638 1628 2733 1682 τοῦ
2773 1629 2962 1696 Πάσχα
2989 1631 3324 1703 ἐπιθυμῆσαι
3347 1633 3530 1703 ἔλεγεν
3563 1637 3794 1705 ἐκείνου,

2227 1722 2310 1776 ὅτι
2337 1723 2494 1778 τοῦτο
2525 1723 2716 1795 ἔμελλε
2750 1725 3049 1797 τηνικαῦτα
3081 1728 3428 1796 παραδιδόναι
3458 1731 3518 1784 τὸ
3545 1732 3798 1802 ἀληθ.ν’ν

551 1821 896 1886 traditurus;
967 1826 1255 1890 propterea
1315 1819 1514 1890 jussit,
1582 1839 1602 1874 ι
1662 1819 1780 1878 Hoc
1833 1822 1997 1878 facile
2057 1823 2111 1877 in

2223 1812 2407 1883 Πάσχα
2445 1815 2556 1877 τοῖς
2599 1815 2904 1885 μαθηταῖς·
2951 1815 3041 1870 διὰ
3085 1818 3241 1871 τοῦτο
3278 1819 3531 1873 ἐκέλευσε
3579 1841 3597 1874 ι
3639 1823 3798 1877 τοῦτο

549 1927 724 1968 meam
756 1911 1213 1977 recordationem,
1253 1930 1274 1964 ι
1311 1912 1458 1982 quod
1511 1911 1626 1967 vult
1673 1928 1888 1984 semper
1935 1928 1966 1969 a
2017 1929 2116 1969 no-

549 2007 637 2062 bis
667 2020 886 2062 sacrum
916 2003 1056 2060 ﬁeri.
1085 2003 1217 2070 Quae
1247 2017 1376 2074 ergo
1425 2003 1590 2058 fuerit
1625 2006 1913 2062 orantibus
1957 2004 2116 2062 dubi-

551 2098 687 2153 latio
721 2097 787 2152 de
817 2111 883 2152 eo
919 2098 1062 2168 quod
1090 2097 1310 2165 petitur,
1351 2095 1397 2151 si
1445 2096 1724 2166 accepturi
1767 2097 1942 2152 sunt?
1969 2097 2116 2167 quod

551 2192 607 2246 bi
664 2188 882 2261 quidem
943 2197 1107 2242 orant
1161 2194 1220 2242 ut
1272 2188 1580 2258 accipiant:
1617 2189 1710 2258 qui
1761 2199 1940 2245 autem
1985 2189 2117 2248 dare

549 2289 747 2352 potest,
770 2281 900 2336 dare
927 2282 1101 2350 cupit.
1142 2279 1222 2334 lta
1254 2281 1344 2360 qui
1379 2279 1808 2336 sanctiﬁcationi
1843 2279 2116 2336 donorum

548 2388 647 2444 per
678 2371 981 2427 orationem
1013 2369 1313 2436 conﬁdunt,
1349 2385 1449 2426 nec
1480 2369 1792 2426 Servatoris
1828 2386 1992 2427 voces
2030 2371 2119 2427 de-

547 2462 809 2534 spiciunt,
838 2475 940 2517 nec
970 2475 1000 2515 a
1034 2475 1091 2514 re
1117 2459 1307 2523 dubia,
1336 2459 1576 2514 humana
1603 2460 1816 2516 scilicet
1843 2461 2116 2526 oratione,

546 2556 871 2626 mysterium
895 2551 1202 2622 dependere
1232 2562 1486 2621 oportere
1517 2560 1786 2618 statuunt,
1831 2561 1891 2606 ut
1933 2551 2117 2607 Latini

549 2663 654 2703 nos
679 2647 883 2700 frustra
913 2644 1300 2700 criminantur.
1332 2643 1466 2698 Nam
1497 2645 1661 2700 etiam
1697 2645 2111 2701 sanctissimum

549 2745 912 2808 unguentum,
936 2733 1081 2804 quod
1104 2733 1349 2804 ejusdem
1381 2749 1506 2790 esse
1535 2736 1745 2792 ordinis
1775 2751 1897 2792 cum
1929 2737 2116 2792 divina

550 2826 937 2886 communione
969 2826 1099 2881 dicit
1131 2824 1324 2882 beatus
1359 2823 1678 2898 Dionysius,
1715 2829 1960 2882 oratione
1999 2844 2122 2898 per-

549 2921 798 2993 agiturct
819 2918 1213 2975 sanctiﬁcatnr.
1241 2915 1396 2984 Quod
1428 2927 1607 2973 autem
1634 2920 1908 2988 operando
1939 2934 2126 2974 sacra-

470 3017 474 3021 ’
547 3023 733 3070 mento
770 3012 1045 3068 deserviat
1072 3020 1126 3066 et
1155 3011 1461 3066 sanctiﬁcet
1487 3049 1502 3076 ,
1535 3011 1682 3066 nulla
1710 3020 1794 3066 est
1828 3013 1930 3083 piis
1965 3012 2126 3068 dubi-

2221 1906 2396 1958 ποιεῖν
2427 1906 2508 1968 είς
2537 1905 2635 1978 τὴν
2665 1907 2804 1977 ἐμὴν
2827 1906 3153 1978 ἀνάμνησιν,
3190 1928 3210 1962 ›
3245 1911 3326 1963 ὅτι
3356 1911 3516 1965 τοῦτο
3545 1913 3799 1982 βούλεται

2221 1996 2627 2067 ῖερουργεῖσθαι
2662 1998 2751 2052 ἀεὶ
2791 2000 2919 2071 παρ’
2950 1999 3129 2070 ἡμῶν.
3161 2002 3258 2064 Τίς
3305 2003 3395 2057 οὐν
3423 2004 3503 2058 ἔτι
3535 2009 3666 2077 περὶ
3703 2010 3797 2064 τοῦ

2218 2086 2553 2158 ζητουμένου
2583 2091 2695 2152 τοῖς
2733 2089 3047 2160 εὐχομένοις
3077 2093 3441 2163 ἀμφιὸολογία
3470 2099 3677 2164 γένοιτ’
3706 2102 3797 2167 ἂν,

2218 2181 2268 2232 εί
2293 2179 2554 2250 λήψονται
2589 2182 2690 2251 μέν
2727 2182 2755 2235 ὃ
2789 2183 3003 2238 δέονται
3042 2179 3187 2239 οὗτοι
3223 2187 3440 2242 λαϐεῖν’
3467 2189 3496 2242 δ
3527 2190 3586 2244 δὲ
3614 2191 3797 2246 δοῦναι

2215 2269 2515 2341 δυνάμενος
2543 2271 2742 2326 διδόναι
2795 2274 3095 2346 ἐπιθυμεῖς
3126 2277 3312 2341 Οὕτως
3336 2280 3386 2332 οῖ
3408 2280 3499 2334 τὸν
3521 2281 3801 2354 άγιασμδν

2218 2365 2326 2418 τῶν
2359 2366 2546 2437 δώρων
2585 2370 2648 2438 τῇ
2685 2369 2816 2440 εὐχῇ
2860 2371 3224 2437 πιστεύοντες,
3261 2373 3386 2428 οὔτε
3421 2376 3512 2430 τοῦ
3541 2377 3799 2447 Σωτῆρος

2218 2459 2315 2522 τὰς
2346 2460 2530 2528 φωνάς
2558 2462 2884 2532 περιορῶσιν
2911 2461 3057 2535 [οὔτε
3080 2467 3294 2530 ἑαυτοῖς
3315 2467 3647 2539 θαρῤοῦσιν],
3668 2471 3797 2524 οὐτε

2219 2550 2519 2620 ἀμφιϐόλου
2575 2553 2901 2623 πράγματος
2953 2557 3014 2609 τὸ
3047 2559 3350 2628 μυστήριον
3389 2557 3648 2629 ἐξαρτῶσι
3689 2562 3797 2631 τῆς

2219 2643 2566 2715 ἀνθρωπίνης
2599 2646 2783 2716 εὐχῆς,
2812 2647 2888 2711 ὡς
2919 2648 2968 2700 οἱ
2995 2649 3213 2701 Λατῖνοι
3257 2649 3436 2719 μάτην
3465 2652 3593 2722 ἡμῖν
3622 2652 3796 2720 ἐγκα-

2218 2731 2425 2799 λοῦσιν,
2456 2735 2579 2788 ἐπεὶ
2632 2737 2725 2790 καὶ
2773 2737 2833 2790 τὸ
2861 2737 3126 2808 πανάγιον
3161 2739 3352 2810 μύρον,
3383 2741 3413 2794 ὂ
3441 2745 3506 2813 τῇ
3538 2742 3658 2812 θεία
3685 2761 3788 2798 κοι-

2225 2827 2396 2898 νωνία
2435 2829 2463 2882 ὁ
2500 2827 2773 2900 μακάριος
2803 2830 3079 2895 Διονύσιός
3111 2849 3278 2901 φησιν
3319 2835 3595 2902 ὁμοταγές
3626 2831 3792 2899 εῖναι,

2220 2921 2286 2990 τῇ
2311 2918 2442 2990 εὐχῇ
2460 2919 2694 2973 τελεῖται
2740 2921 2832 2974 καὶ
2856 2920 3163 2990 ἁγιάζεται.
3194 2924 3304 2977 Καὶ
3315 2925 3388 2987 ὡς
3405 2925 3490 2995 εἴη
3514 2926 3795 2997 τελεστικὴ

2223 3011 2318 3066 καὶ
2360 3012 2676 3083 ἁγιαστικὴ,
2726 3013 2952 3080 οὐδεμία
2977 3017 3089 3077 τοῖς
3133 3013 3415 3068 εὐσεϐέσιν
3457 3015 3790 3084 ἀμφιϐολίαο

548 3105 708 3171 ττιιὶος
721 3101 1095 3162 οι-εειεοιάοιίε
1111 3111 1169 3159 et
1189 3101 1462 3174 pontiﬁcis
1477 3103 1745 3160 ordinatio
1767 3104 1932 3160 simili
1958 3104 2119 3161 modo

2225 3104 2319 3158 καὶ
2345 3105 2380 3175 ἠ
2414 3103 2508 3158 τοῦ
2542 3105 2730 3176 ἱερέως
2760 3105 3065 3176 χειροτονία
3101 3105 3193 3159 τὸν
3234 3106 3348 3159 ῖσον
3379 3102 3602 3176 τρόπον,
3636 3107 3730 3161 καὶ
3761 3108 3794 3178 ἠ

547 3216 646 3271 per
695 3199 999 3254 orationem
1055 3197 1354 3268 peragitur.
1396 3214 1416 3249 ι
1457 3195 1692 3253 Oremus
1716 3199 1886 3266 enim,
1915 3199 2112 3269 inquit,

548 3309 648 3365 pro
673 3295 810 3364 ipso,
837 3303 894 3345 ut
919 3291 1100 3346 veniat
1135 3291 1188 3345 in
1223 3291 1398 3359 ipsum
1429 3291 1605 3361 gratia
1641 3292 1970 3346 sanctissimi
1994 3291 2119 3362 Spi-

549 3389 728 3451 ritus;
768 3404 786 3438 ι
825 3393 950 3456 post
991 3384 1392 3454 impositionem
1426 3397 1642 3448 manus,
1663 3384 1708 3439 is
1737 3385 1829 3454 qui
1877 3386 2117 3452 ordinat,

547 3480 614 3534 ad
642 3480 848 3534 clerum
901 3476 1144 3541 clamat;
1173 3486 1226 3529 et
1259 3476 1314 3529 in
1349 3490 1413 3530 ea
1449 3489 1572 3544 qua:
1619 3474 1679 3528 ﬁt
1710 3476 1763 3529 in
1797 3475 2116 3532 Latinorum

549 3571 791 3626 Ecclesia
847 3568 1124 3639 pontiﬁcis
1171 3568 1543 3634 ordinatione,
1577 3575 1870 3638 postquam
1917 3569 2116 3624 inludit

551 3667 886 3728 unguentum
923 3655 978 3709 in
1021 3663 1188 3726 caput
1233 3655 1354 3725 ejus
1385 3657 1477 3724 qui
1511 3658 1820 3722 ordinatur,
1845 3659 1938 3729 qui
1970 3659 2118 3714 ordi-

550 3758 664 3814 nat,
679 3754 829 3818 optat
848 3745 1172 3814 locupletem
1197 3747 1374 3800 sancti
1399 3745 1638 3818 Spiritus
1655 3748 1886 3818 gratiam
1912 3750 1968 3805 in
1989 3766 2114 3806 eum

525 3839 902 3898 descendere.
930 3836 1288 3892 Peecatorum
1320 3853 1540 3909 quoque
1565 3841 1816 3897 remissio
1843 3843 2116 3912 pceniten-

549 3934 703 3990 tibus
739 3931 899 3988 datur
923 3945 1019 4001 per
1049 3929 1354 3985 orationem
1381 3931 1756 3998 sacerdotum,
1785 3943 1839 3989 ct
1867 3934 2115 3990 ultimum

549 4026 655 4082 olei
711 4032 1117 4083 sacramentum
1191 4022 1448 4079 similiter
1505 4023 1718 4094 perﬁcit
1766 4027 2116 4082 sacerdotum

550 4116 768 4173 oratio:
808 4113 956 4185 quod
997 4112 1506 4183 etiam,corporalis
1537 4114 1713 4170 morbi
1762 4116 2026 4172 medelam
2061 4124 2116 4171 et

518 4259 520 4262 ,
550 4215 900 4278 peccatorum
935 4204 1322 4260 remissionem
1357 4203 1450 4259 dat
1489 4205 1556 4260 iis
1579 4206 1781 4276 quibus
1812 4209 2114 4278 peragitur,

554 4304 614 4348 ut
639 4295 802 4349 habet
832 4295 1134 4364 apostolica
1159 4294 1386 4349 traditio
1411 4312 1426 4347 :
1456 4313 1474 4346 ι
1513 4293 1820 4350 lnﬁrmatur
1851 4297 1994 4350 enim
2018 4297 2118 4351 ali-

553 4387 681 4458 quis
715 4385 772 4440 in
802 4385 985 4450 vobis,
1019 4384 1217 4454 inquit,
1253 4393 1506 4438 accersat
1545 4387 1898 4455 presbyteros
1932 4387 2118 4444 Eccle-

2223 3192 2318 3247 τοῦ
2347 3194 2667 3265 ἀρχιερέως,
2693 3195 2780 3248 διὰ
2805 3195 2904 3264 τῆς
2922 3195 3091 3266 εὐχῆς
3121 3197 3501 3267 ῖερουργεῖται.
3551 3215 3573 3248 ι
3616 3197 3795 3264 Baga-

2223 3287 2362 3356 μεθα
2398 3289 2527 3356 γάρ,
2559 3288 2744 3356 φησιν,
2776 3287 2916 3358 ὐπὲρ
2947 3287 3134 3352 αὐτοῦ,
3165 3287 3252 3340 ῖνα
3284 3288 3428 3342 ἔλθοι
3459 3289 3546 3341 ἐπ’
3575 3289 3738 3343 αὐτὸν
3759 3291 3792 3359 ἠ

2219 3377 2381 3449 χάρις
2409 3377 2504 3431 τοῦ
2533 3378 2799 3448 παναγίου
2825 3378 3140 3449 Πνεύματος
3164 3393 3182 3412 ο
3213 3397 3233 3432 ι
3267 3379 3404 3449 μετά
3425 3379 3523 3452 τὴν
3550 3381 3793 3435 ἐπίθεσιν

2218 3468 2319 3540 τῆς
2345 3470 2526 3540 χειρὸς
2557 3471 2587 3524 ὁ
2611 3471 2934 3541 χειροτονῶν
2975 3471 3113 3540 πρὸς
3150 3470 3243 3523 τὸν
3289 3471 3489 3542 κλῆρον
3536 3472 3651 3545 βοᾷ.
3684 3472 3800 3527 Καὶ

2218 3559 2277 3612 ἐν
2308 3561 2374 3631 τῇ
2411 3561 2520 3614 τῶν
2553 3561 2802 3615 Λατίνων
2838 3561 2896 3614 δὲ
2942 3561 3239 3633 Ἐκκλησία
3273 3563 3572 3634 τελουμένῃ
3608 3581 3795 3636 χειρο-

2215 3647 2370 3718 τονία
2404 3646 2496 3700 τοῦ
2533 3647 2742 3718 ἱερέως,
2777 3649 2915 3718 μετὰ
2945 3649 3007 3703 τὸ
3035 3650 3249 3720 ἐπιχέαι
3287 3650 3348 3703 τὸ
3386 3651 3558 3722 μύρον
3588 3653 3680 3706 ἐπὶ
3700 3653 3796 3723 τῆς

2217 3739 2461 3810 κεφαλῆς
2502 3740 2596 3793 τοῦ
2629 3744 3126 3814 χειροτονουμένου,
3165 3745 3193 3796 ὁ
3223 3743 3398 3798 τελῶν
3435 3743 3658 3814 εὔχεται
3691 3746 3790 3815 τὴν

2217 3829 2380 3902 χάριν
2404 3833 2494 3884 τοῦ
2520 3832 2676 3901 ἁγίου
2700 3833 3016 3904 Πνεύματος
3039 3835 3124 3888 ἐπ’
3140 3834 3207 3887 αὐ
3220 3834 3300 3890 ιδν
3325 3836 3607 3890 κατελθεῖν
3635 3836 3797 3891 πλου-

2219 3924 2337 3977 σίαν
2359 3939 2372 3955 ⁶
2407 3927 2500 3979 καὶ
2530 3925 2724 3996 ἄφεσις
2758 3927 3044 3998 ἁμαρτιῶν
3067 3931 3180 3992 τοῖς
3207 3930 3528 4000 μετανοοῦσι
3577 3932 3663 3985 διὰ
3692 3932 3792 4002 τῆς

2216 4009 2385 4086 εὐχῆς
2437 4017 2546 4072 τῶν
2603 4018 2793 4089 ἱερέων
2829 4018 3060 4073 δίδοταιο
3107 4022 3204 4075 καὶ
3247 4007 3319 4074 τίν’
3352 4021 3658 4076 τελευταῖον
3698 4025 3793 4078 τοῦ

2217 4109 2399 4162 ἐλαίου
2457 4110 2760 4183 μυστήριον
2796 4109 3058 4174 ὡσαύτως
3085 4111 3119 4180 ἠ
3149 4111 3256 4165 τῶν
3295 4111 3486 4178 ἱερέων
3523 4115 3658 4183 εὐχὴ
3694 4116 3791 4168 ’τεο

2224 4200 2534 4271 λεσιουργεῖ
2559 4218 2573 4232 ο
2611 4201 2639 4254 δ
2670 4202 2768 4255 καὶ
2803 4201 2943 4255 ῖασιν
2996 4203 3316 4274 σωματικῆς
3349 4205 3506 4258 νόσου
3540 4205 3634 4260 καὶ
3664 4206 3797 4276 ἄξε-

2221 4308 2306 4344 σιν
2334 4291 2622 4363 ἁμαρτιῶν
2653 4296 2765 4357 τοῖς
2793 4294 3143 4364 τελουμένοις
3185 4295 3411 4352 δυνάται
3431 4340 3448 4366 ,
3478 4299 3554 4362 ὡς
3583 4301 3616 4370 ἡ
3662 4301 3797 4354 ἀπο-

2220 4381 2445 4453 στολικὴ
2474 4385 2773 4454 παράδοσις
2805 4385 2942 4456 ἔχει.
2975 4404 2993 4438 ι
3031 4387 3272 4440 Ἀσθενεῖ
3300 4390 3408 4460 γάρ
3437 4406 3521 4454 τις
3558 4393 3614 4444 ἐν
3640 4393 3794 4462 ὑμῖν,

515 4541 519 4544 ,
552 4477 671 4542 size,
705 4483 758 4529 et
789 4481 948 4529 orent
982 4487 1080 4542 pro
1111 4473 1254 4544 ipso,
1287 4484 1554 4544 ungentes
1581 4490 1706 4531 cum
1738 4477 1882 4545 oleo,
1911 4488 1966 4535 et
1994 4494 2119 4534 ora-

2225 4475 2380 4544 φησὶ,
2395 4475 2845 4546 προσκαλέσασθε
2863 4477 2988 4541 τούς
3014 4479 3419 4550 πρεσϐυτέρους
3437 4481 3538 4552 τῆς
3567 4483 3796 4555 Ἐκκλης

555 4571 630 4626 tio
671 4568 792 4624 ﬁdei
840 4564 1082 4621 servabit
1134 4565 1514 4636 laborantem,
1543 4575 1598 4623 et
1649 4570 1940 4641 suscitabit
1991 4585 2118 4628 eum

557 4660 864 4723 Dominus;
893 4667 969 4724 et,
1011 4656 1058 4712 si
1093 4665 1315 4727 peccata
1355 4654 1567 4727 fecerit,
1599 4661 1946 4717 remittentur
1963 4662 2048 4720 ‘ci.
2089 4680 2110 4715 ι

553 4754 658 4821 Qui
693 4766 826 4823 ergo
859 4751 1166 4807 orationem
1213 4749 1268 4804 in
1299 4751 1662 4806 sacramentis
1702 4740 2016 4824 reprobant,
2049 4755 2116 4809 ad

554 4849 668 4902 haec
697 4845 826 4917 quid
859 4841 1083 4899 dicent?
1113 4841 1168 4897 Si
1214 4843 1362 4897 enim
1405 4851 1490 4898 est
1523 4844 1792 4899 incertum
1822 4847 1968 4916 quod
1998 4847 2058 4901 lit
2086 4861 2118 4901 a

553 4937 828 5006 precibus,
861 4944 922 4990 ut
960 4933 1068 5006 ipsi
1099 4935 1318 5000 dicunt,
1351 4934 1622 4990 incertum
1668 4936 1890 5006 quidem
1918 4944 2007 4993 est
2048 4952 2118 4993 an

555 5028 608 5083 id
638 5027 710 5084 sit
739 5027 998 5083 sacerdos
1026 5027 1171 5096 quod
1201 5042 1323 5082 esse
1352 5025 1596 5094 dicitur;
1629 5027 1898 5084 incertum
1932 5037 2116 5085 autem

553 5135 621 5175 an
659 5127 1000 5188 unguentum
1053 5118 1223 5188 possit
1257 5116 1643 5184 sanctiﬁcare;
1675 5125 1730 5172 et
1774 5121 1849 5172 ita
1886 5133 1989 5174 nec
2023 5133 2116 5176 sa-

501 5267 504 5271 ,
555 5217 894 5266 cramentum
920 5210 1141 5279 quidem
1177 5219 1436 5267 constare
1461 5218 1643 5280 potest
1672 5225 1846 5266 sacrae
1874 5225 2121 5268 commu-
2165 5277 2167 5279 1

2227 4565 2370 4630 σίας,
2411 4567 2504 4620 καὶ
2533 4567 3026 4638 προσευξάσθωσαν
3078 4569 3220 4641 ὑπὲρ
3255 4571 3440 4638 αὐτοῦ,
3475 4573 3797 4644 ἀλείψαντες

2225 4657 2389 4710 αὐτὸν
2410 4658 2611 4727 ἐλαίῳ,
2643 4662 2700 4712 ἐν
2729 4660 2805 4730 τῷ
2829 4660 3054 4731 ὀνόματι
3092 4661 3185 4714 τοῦ
3220 4663 3446 4734 Κυρίου,
3478 4667 3571 4719 καὶ
3601 4667 3634 4738 ἡ
3665 4667 3801 4739 εὐχὴ

2225 4743 2326 4814 τῆς
2353 4745 2587 4808 πίστεως
2624 4746 2785 4799 σώσει
2813 4747 2902 4801 τὸν
2932 4747 3204 4817 καμόντα,
3239 4753 3337 4804 καὶ
3365 4751 3554 4822 ἐγερεῖ
3577 4755 3738 4808 αὐτὸν
3771 4758 3802 4810 ὁ

2224 4833 2449 4908 Κύριος,
2479 4837 2584 4890 κᾶν
2606 4837 2880 4910 ἁμαρτίας
2967 4839 3301 4909 πεποιηκὼς,
3335 4842 3670 4912 ἀφεθήσεται
3697 4848 3805 4900 αὐ-

2223 4927 2324 4998 τῷ.
2368 4947 2388 4981 ι
2425 4931 2489 4982 Οἱ
2519 4931 2699 4984 τοίνυν
2732 4933 2832 5002 τὴν
2863 4933 3029 5003 εὐχὴν
3058 4935 3117 4986 ἐν
3145 4939 3260 4997 τοῖς
3296 4936 3617 5007 μυστηρίοις
3659 4940 3805 4994 arro-

2224 5020 2627 5091 δοκιμάζοντες,
2657 5023 2709 5075 τί
2737 5025 2871 5092 πρὸς
2891 5024 3064 5078 ταῦτα
3091 5024 3346 5095 ἐροῦσινς
3379 5025 3440 5080 El
3473 5028 3582 5097 γάρ
3602 5029 3810 5101 ἄδηλον

2223 5111 2285 5166 τδ
2311 5113 2464 5182 παρά
2490 5113 2599 5166 τῶν
2624 5113 2823 5183 εὐχῶν,
2854 5115 2930 5179 ὼς
2956 5116 3109 5168 αὐτοὶ
3137 5116 3406 5185 λέγουσιν,
3431 5118 3624 5188 ἄδηλον
3652 5122 3754 5189 μὲν
3775 5127 3812 5178 ὁ

2227 5205 2428 5274 ίερεύς,
2483 5207 2531 5256 εί
2569 5204 2728 5258 τοῦτο
2772 5205 2919 5260 εστιν
2972 5207 3000 5260 δ
3055 5208 3341 5262 καλεῖται’
3393 5209 3587 5281 ἄδηλον
3634 5212 3690 5266 δὲ
3739 5217 3812 5269 τὸ

2227 5297 2422 5369 μύρον,
2477 5297 2526 5348 εί
2579 5295 2805 5351 δύναται
2853 5297 3137 5368 άγιάζειν·
3195 5302 3287 5353 καὶ
3344 5300 3516 5365 οὓτως
3561 5303 3684 5356 οὐδέ
3739 5306 3816 5360 τὸ

2229 5392 2528 5460 μυστήριον
2567 5391 2890 5446 συνεστάναι
2919 5392 3144 5445 δύναται
3173 5393 3274 5461 τῆς
3303 5394 3456 5465 ἱερᾶς
3487 5395 3815 5463 κοινωνίας,

2224 5481 2345 5535 οὐτε
2392 5484 2581 5553 ἱερέως
2616 5483 2828 5553 ἀληθῶς
2859 5485 3031 5549 ὄντος,
3064 5485 3187 5538 οὐτε
3214 5486 3624 5556 θυσιαστηρίου.
3658 5486 3818 5543 Οὔτε

2224 5576 2332 5643 γάρ
2363 5577 2511 5644 παρὰ
2539 5575 2748 5629 ἰδιώτου
2783 5566 3078 5646 λεγόμενον
3110 5579 3198 5630 τὸν
3245 5578 3337 5631 τοῦ
3373 5579 3580 5648 Κυρίου
3639 5578 3834 5643 λόγον

2225 5667 2634 5736 τελεσιουργίαν
2659 5670 2824 5735 φαῖεν
2874 5671 2940 5722 ἂν
2968 5670 3075 5722 οὐδ’
3123 5670 3296 5735 αὐτοὶ,
3337 5667 3460 5721 οὔτε
3500 5671 3672 5739 χωρὶς
3704 5673 3823 5727 τοῦ

2228 5757 2633 5828 θυσιαστηρίου.
2666 5760 2771 5813 Καὶ
2803 5763 2909 5832 γὰρ
2938 5761 3027 5813 καὶ
3061 5763 3116 5814 τὸ
3149 5763 3532 5832 θυσιαστήριον
3559 5763 3614 5815 ὲν
3645 5755 3692 5831 ᾧ
3719 5762 3827 5822 δεῖ

552 5303 757 5366 nionis,
788 5315 914 5356 cum
959 5316 1136 5371 neque
1175 5303 1249 5357 sit
1297 5317 1427 5359 vere
1475 5302 1759 5369 sacerdos,
1790 5317 1892 5359 nec
1925 5304 2116 5361 altare.

550 5390 739 5461 Neque
785 5390 929 5446 enim
975 5389 1203 5443 verbum
1237 5389 1473 5458 Domini,
1509 5392 1577 5447 ab
1627 5393 1794 5446 idiota
1841 5393 2120 5463 privatave

551 5497 784 5554 persona
819 5481 1045 5546 dictum,
1074 5479 1339 5536 elﬁciendi
1375 5484 1704 5538 sacramenti
1743 5485 1848 5538 vim
1882 5485 1987 5556 ipsi
2027 5486 2121 5540 ha-

552 5577 682 5631 bere
742 5575 1024 5641 dixerint,
1080 5588 1258 5644 neque
1319 5575 1438 5627 sine
1499 5576 1678 5630 altari.
1725 5577 1911 5632 Altare
1974 5579 2116 5634 enim

554 5681 717 5734 supra
751 5666 896 5736 quod
957 5665 1113 5736 panis
1162 5665 1445 5735 ponendus
1494 5676 1618 5731 est,
1649 5678 1933 5739 unguento
1985 5686 2120 5725 san-

554 5758 878 5813 ctilicatur:
932 5759 1074 5829 quod
1145 5757 1366 5826 quidem
1442 5769 1781 5830 unguentum
1860 5762 2118 5833 precibus
