4158 6306
298 402 407 474 .533

1505 420 1906 482 LITURGLE
1941 421 2375 483 EXPOSITIO.

3463 418 3571 482 634

301 526 514 580 τιθέναι
547 526 638 578 τον
665 523 858 594 ἄρτον,
893 524 969 595 τῷ
1001 527 1158 598 μύρῳ
1193 530 1507 596 ἁγιάζεται.
1539 533 1568 586 δ
1616 535 1682 605 δὴ
1723 536 1895 607 μύρον

2001 535 2312 590 conticitur.
2347 534 2615 590 Praeterea
2659 543 2840 592 autem
2897 545 3245 605 peccatorum
3291 536 3577 592 remissio-

306 618 398 670 διὰ
423 618 535 669 τῶν
557 617 722 687 εὐχῶν
747 617 1238 688 τελεσιουργεῖται.
1263 624 1382 676 Ἔτι
1409 625 1464 678 δὲ
1488 627 1581 680 καὶ
1605 629 1892 699 ἁμαρτιῶν

313 707 516 776 ἄφεσιν
543 707 628 769 τίς
656 708 788 776 ἡμῖν
818 707 984 762 δώσει
1016 709 1272 779 βεϐαίως,
1311 715 1419 768 τῶν
1449 717 1640 786 ἱερέων
1670 720 1764 773 καὶ
1793 723 1894 790 τῆς

318 797 499 851 αὐτῶν
539 797 772 869 δεήσεως
819 801 1349 874 ἀμφιϐαλλομένων;
1404 808 1516 862 Καὶ
1563 808 1718 864 οὐδὲν
1765 811 1896 866 ἄλλο

320 893 516 959 λοιπὸν,
559 895 588 964 ἦ
623 896 804 950 πάντα
837 898 931 951 τὸν
969 900 1400 972 Χριστιανισμὺν
1440 905 1503 958 ἐκ
1535 905 1702 975 μέσου
1733 909 1894 977 ποιῆ-

325 1004 423 1050 σαι,
455 991 569 1048 ταῖς
599 990 979 1059 καινοτομίαις
1009 992 1441 1058 ἀκολουθοῦντας
1468 997 1672 1051 αὐτῶν.
1701 1000 1894 1054 Φαίνε-

315 1091 398 1125 ται
450 1075 637 1128 τοίνυν
680 1077 755 1142 ὡς
790 1079 1022 1144 ἐκείνοις
1067 1082 1269 1151 μᾶλλον
1312 1085 1361 1137 οἳ
1407 1085 1581 1140 ταῦτα
1625 1088 1892 1154 ἀξιοῦσιν,

312 1165 366 1214 ἐν
403 1166 708 1239 ἀμφιϐολίᾳ
739 1171 917 1223 κεῖται
951 1173 1020 1226 τὰ
1051 1173 1148 1243 τῆς
1181 1174 1407 1247 ἀρετῆς,
1443 1178 1540 1231 καὶ
1573 1179 1741 1234 πολὺν
1780 1181 1894 1251 ἔχει

308 1253 370 1304 τδι
401 1257 639 1325 πρᾶγμα
669 1257 935 1323 κίνδυνον,
966 1259 1227 1333 ἀλλότρια
1255 1264 1363 1318 τῶν
1396 1268 1683 1337 πατρικῶν
1715 1287 1895 1337 παρα·

304 1343 507 1399 δόσεων
545 1349 640 1400 καὶ
697 1353 796 1417 τῆς
857 1352 916 1402 ὲν
979 1354 1169 1418 αὐταῖς
1216 1356 1519 1422 ἀσφαλείας
1563 1360 1892 1417 ἐπινοοῦσιν.

310 1435 430 1487 Ὀτι
465 1439 564 1505 μὲν
596 1439 705 1507 γὰρ
738 1442 766 1493 ὁ
798 1441 930 1500 Θεὸς
963 1443 1258 1512 εὐχόμενος
1289 1448 1548 1513 ἐπινεύει,
1587 1450 1685 1503 καὶ
1703 1451 1894 1522 ρίδωσι

307 1525 532 1597 Πνεῦμα
562 1528 717 1598 ᾶγιον
751 1534 865 1595 τοϊς
892 1535 1139 1590 αἰτοῦσιν
1169 1537 1357 1604 αὐτὸν,
1391 1541 1485 1592 καὶ
1517 1541 1670 1595 οὐδὲν
1701 1543 1898 1596 ἀδυνα-

300 1618 391 1668 τεῖ
432 1622 544 1682 τοῖς
576 1621 716 1687 μετὰ
748 1622 984 1686 πίστεως
1011 1625 1174 1678 αὐτοῦ
1213 1627 1512 1696 δεομένοις,
1549 1630 1710 1693 αὐτος
1742 1628 1896 1686 εἶπεν

304 1709 334 1760 ὀ
389 1709 548 1774 Θεός’
596 1714 691 1767 καὶ
733 1715 958 1786 οὐδεμία
999 1719 1215 1790 μηχανὴ
1261 1720 1357 1773 τοῦ
1405 1721 1481 1794 μὴ
1523 1723 1700 1794 ἀληθῆ
1742 1725 1894 1779 ταῦτ’

305 1794 467 1854 εἶναι.
497 1803 620 1858 Ὀτι
653 1806 708 1859 δὲ
741 1806 1122 1880 διηγουμένοις
1153 1813 1333 1868 ὁτιοῦν
1360 1815 1467 1869 τῶν
1498 1817 1696 1885 λογίων
1757 1837 1898 1890 συμ-

298 1892 482 1948 ϐαίνει
520 1915 571 1950 τι
601 1899 862 1967 τοιοῦτον,
887 1904 1100 1974 οἱδαμῆ
1123 1905 1367 1974 λέγεααι.
1397 1910 1504 1962 Καὶ
1527 1909 1586 1962 τὸ
1608 1911 1710 1980 μὲν
1762 1915 1894 1984 εὐχῇ

302 1985 376 2037 τά
417 1992 660 2054 μυστικά
687 1991 866 2046 τελεῖν
889 1995 938 2046 οἱ
979 1996 1222 2067 Πατὲρες
1254 2001 1585 2068 παρέδοσαν,
1642 2003 1752 2057 ἀπὸ
1789 2006 1898 2061 τῶν

307 2076 627 2168 ἀποστόλων
661 2085 757 2136 καὶ
793 2085 903 2138 τῶν
940 2086 1182 2153 ἐκείνους
1224 2090 1601 2161 ἐκδεξαμένων
1643 2097 1897 2168 παραλα·

298 2165 533 2232 ϐόντες·
567 2171 638 2224 τά
673 2190 732 2227 τε
773 2175 932 2242 ἄλλα,
977 2178 1232 2250 καθάπερ
1278 2180 1438 2254 ἔφην,
1477 2186 1571 2239 καὶ
1601 2187 1702 2258 τὴν
1728 2165 1898 2258 ’ίεράν

304 2260 687 2333 εῦχαρίστιαν,
724 2268 864 2336 μετὰ
898 2271 1132 2336 πολλοὺς
1157 2272 1354 2338 ἄλλους
1385 2276 1482 2330 καλ⁵
1521 2279 1695 2348 μόγας
1731 2282 1897 2335 Βασί-

304 2354 481 2418 λειος,
513 2357 610 2410 καὶ
647 2357 894 2432 Ἰωάννης
935 2363 966 2415 ό
997 2365 1410 2436 Χρυσόστομος,
1443 2369 1494 2424 οἰ
1531 2371 1759 2440 μεγάλοι
1799 2374 1898 2444 τῆς

318 2444 655 2516 Ἑκκλησίας
694 2449 1042 2508 διδάσκαλοι·
1072 2451 1155 2518 οἷς
1190 2457 1317 2520 τοὺς
1358 2459 1745 2527 ἀντιλέγοντας
1779 2464 1898 2518 οὐδὲ

298 2536 478 2604 λόγου
514 2540 658 2603 τινὸς
696 2541 880 2607 ἀξιοῦν
914 2544 1043 2615 χρὴ,
1079 2546 1205 2612 τοὺς
1234 2548 1480 2606 εὐσεϐεῖν
1513 2551 1893 2624 βουλομένους.

307 2632 419 2686 Τὸν
451 2633 508 2687 δὲ
542 2635 638 2688 τοῦ
683 2638 890 2710 Κυρίου
928 2641 1060 2711 περ)⁸
1089 2640 1199 2696 τῶν
1247 2643 1569 2714 μυστηρίων
1618 2645 1797 2714 λόγον,
1842 2649 1900 2701 ὲν

306 2727 443 2779 εἴδει
487 2729 797 2799 διηγήσεως
823 2731 1137 2801 λεγόμενον,
1172 2733 1310 2804 πρὸς
1352 2735 1446 2790 τὸν
1474 2735 1749 2807 ἀγιασμδν
1790 2740 1900 2794 τῶν

299 2817 501 2888 δώρων
545 2822 776 2892 ἀρκεῖν,
823 2823 1038 2890 οὐδείς’,
1091 2823 1219 2880 οὔτε
1269 2825 1380 2881 τῶν
1421 2828 1735 2883 ἀπόστολων
1775 2828 1899 2884 οὔτε

313 2911 422 2962 τῶν
472 2912 815 2970 διδασκάλων
867 2914 1039 2972 είπὼν
1061 2917 1314 2986 φαίνεται
1342 2935 1357 2951 ο
1382 2918 1602 2975 ἀλλ”ὄτι
1627 2923 1725 2992 μὲν
1750 2922 1900 2992 ἅπαξ

313 3003 416 3058 ὑπὸ
444 3006 541 3060 τοῦ
571 3007 782 3077 Κυρίου
807 3008 1043 3080 λεχθεὶς,
1069 3011 1217 3082 αὐτῷ
1243 3012 1321 3083 τῷ
1367 3013 1462 3068 ὐπ’
1493 3015 1702 3069 ἐκείνου
1745 3015 1900 3085 λέγε-

316 3096 462 3164 σθαι,
510 3099 588 3164 ὡς
627 3103 655 3154 ό
693 3101 1092 3173 δημιουργικὸς
1135 3103 1291 3173 λόγος
1329 3106 1416 3160 ἀεὶ
1460 3108 1696 3179 ἐνεργεῖ,
1743 3111 1840 3162 καὶ
1870 3109 1900 3164 δ

314 3191 586 3262 μακάριός
604 3211 737 3265 φησι
782 3196 1058 3266 Ἰωάννης.
1091 3198 1218 3254 Ὅτι
1247 3199 1304 3254 δὲ
1336 3198 1433 3254 νῦν
1459 3199 1563 3253 ὑπὸ
1587 3201 1682 3256 τοῦ
1707 3202 1898 3272 ίερέως

309 3281 626 3352 λεγόμενος,
693 3285 784 3340 διὰ
838 3288 898 3340 τὸ
963 3289 1053 3341 ὑπ’
1118 3290 1330 3344 ἐκείνου
1387 3289 1677 3358 λέγεσθαι,
1726 3290 1887 3344 τοῦτο

300 3373 554 3442 δύναται,
584 3377 884 3448 οὐδαμόθεν
937 3379 1054 3433 ἐστι
1101 3379 1296 3450 μαθεῖν
1324 3395 1339 3411 ⁸
1368 3380 1491 3435 ἐπεὶ
1516 3380 1626 3434 οὐδ’
1659 3380 1822 3444 αὐτὸς
1860 3383 1888 3435 ὁ

2009 642 2131 680 nem
2160 630 2287 697 quis
2319 626 2578 681 sacerdos
2606 626 2767 682 nobis
2797 634 2950 681 certo
2989 627 3164 691 dabit,
3203 627 3249 683 si
3282 626 3350 682 de
3381 641 3571 680 eorum

2001 719 2254 773 oratione
2298 716 2630 772 dubitetur?
2658 718 2724 772 Et
2756 717 2892 771 nihil
2939 718 3166 772 omnino
3219 717 3366 771 aliud
3407 726 3578 771 restat

2009 824 2173 877 quam
2205 818 2266 862 ut
2298 823 2520 863 omnem
2549 808 3037 863 Christianismum
3071 808 3138 862 de
3164 807 3347 862 niedio
3375 807 3575 860 tollant

2001 898 2097 964 qui
2133 913 2326 953 eorum
2351 898 2620 953 novitates
2655 905 2984 968 sequuntur.
3018 894 3242 950 Videtur
3271 910 3402 965 ergo
3430 896 3575 964 quod

2006 990 2117 1045 illis
2151 991 2363 1059 p0tius,
2395 989 2440 1043 si
2473 991 2546 1044 ita
2575 997 2828 1056 censent,
2861 991 2916 1043 in
2944 987 3108 1043 dubio
3131 988 3306 1042 virtus
3339 988 3442 1042 sita
3467 996 3575 1050 est,

2005 1097 2203 1150 resque
2233 1082 2284 1134 in
2315 1097 2510 1152 magno
2535 1082 2780 1152 periculo
2798 1089 3048 1136 versatur
3075 1079 3142 1132 iis
3159 1081 3250 1150 qui
3279 1094 3309 1132 a
3337 1079 3580 1148 paternis

2006 1172 2400 1229 traditionibus
2435 1183 2642 1243 etquae
2687 1174 2740 1228 in
2796 1174 2862 1228 iis
2890 1184 2976 1228 est
3027 1172 3348 1235 securitate,
3400 1171 3578 1226 aliena

2005 1264 2344 1333 excogitant.
2383 1264 2537 1330 Quod
2578 1266 2725 1320 enim
2779 1264 3127 1319 orationibus
3164 1262 3310 1317 Deus
3363 1263 3579 1326 annuit,

2004 1369 2060 1414 et
2089 1358 2180 1412 dat
2236 1358 2505 1428 Spiritum
2553 1369 2805 1413 sanctum
2837 1356 2907 1411 iis
2934 1357 3028 1425 qui
3062 1356 3240 1425 ipsum
3277 1365 3490 1425 petunt,
3523 1365 3578 1411 et

2005 1450 2141 1504 nihil
2168 1449 2243 1506 sit
2271 1450 2617 1520 impossibile
2649 1452 2715 1506 iis
2741 1451 2834 1520 qui
2862 1465 2986 1506 cum
3017 1449 3120 1504 {ide
3143 1449 3324 1517 ipsum
3359 1457 3575 1518 rogant,

2006 1543 2122 1612 ipse
2157 1544 2296 1599 dixit
2328 1544 2514 1609 Deus;
2549 1559 2649 1598 ucc
2682 1545 2791 1598 ulla
2839 1544 3056 1598 ratione
3096 1541 3210 1595 ﬁeri
3243 1549 3422 1611 potest
3445 1541 3576 1610 quin

2008 1636 2125 1691 haec
2165 1651 2290 1691 vera
2327 1636 2460 1690 sint.
2489 1635 2649 1702 Quod
2688 1645 2872 1692 autem
2907 1636 3015 1690 tale
3054 1635 3184 1703 quid
3215 1633 3466 1690 evenerit
3511 1633 3580 1690 iis

2003 1727 2100 1796 qui
2131 1727 2416 1798 quidpiam
2437 1744 2503 1783 ex
2529 1728 2769 1798 eloquiis
2793 1737 3040 1793 narrant,
3061 1743 3331 1796 nusquam
3354 1727 3574 1782 dicitur.

2005 1817 2069 1872 Et
2105 1820 2357 1874 oratione
2379 1820 2602 1890 quidem
2637 1831 2982 1876 sacramenta
3017 1834 3300 1890 peragere,
3329 1819 3578 1874 tradide—

2005 1920 2134 1967 runt
2169 1911 2362 1969 l’atres
2383 1954 2398 1978 ,
2423 1915 2516 1983 qui
2549 1914 2619 1966 ah
2649 1914 2913 1983 apostolis
2940 1923 2994 1968 et
3028 1914 3119 1982 qui
3158 1914 3236 1968 cis
3266 1927 3582 1968 successso-

2006 2013 2158 2070 runt,
2208 2013 2564 2073 acceperunt,
2605 2014 2660 2059 et
2723 2006 2828 2059 alia
2877 2006 3019 2060 sicut
3067 2004 3224 2070 dixi;
3259 2013 3316 2059 et
3365 2019 3580 2058 sacram

2009 2096 2442 2161 Eucharistiam,
2475 2106 2602 2168 post
2651 2097 2854 2154 multos
2897 2097 3036 2150 alios
3067 2105 3123 2152 et
3162 2111 3393 2166 magnus
3427 2094 3581 2150 Basi-

2005 2188 2113 2244 lius
2161 2197 2216 2245 et
2266 2187 2510 2244 Joannes
2561 2189 3009 2259 Chrysostomus,
3063 2203 3273 2256 magna:
3323 2186 3582 2243 Ecclesiae

2005 2278 2288 2344 doctores,
2324 2279 2535 2347 quibus
2562 2279 2656 2348 qui
2693 2277 3100 2340 contradicunt,
3139 2291 3330 2331 eorum
3368 2276 3577 2329 nullam

2007 2372 2277 2426 rationem
2324 2371 2526 2425 ducere
2568 2376 2786 2437 Oportet
2829 2383 2928 2423 eos
2961 2368 3053 2437 qui
3087 2367 3161 2436 pii
3195 2381 3320 2422 esse
3368 2367 3576 2421 volunt.

2006 2461 2165 2530 Quod
2215 2473 2395 2518 autem
2431 2476 2616 2517 sermo
2653 2459 2898 2526 Domini,
2933 2459 3028 2529 qui
3077 2458 3145 2514 de
3194 2460 3488 2529 mysteriis“
3525 2459 3578 2514 in

1980 2556 2182 2622 ,l'orma
2238 2554 2575 2610 narrationis
2623 2553 2870 2618 dicitur,
2921 2549 3157 2607 svﬂiciat
3207 2551 3274 2605 ad
3309 2550 3579 2606 donorum

2009 2646 2537 2710 sanetilicationem,
2603 2645 2788 2700 nullus
2849 2658 3030 2712 neque
3099 2641 3414 2713 apostolus,
3480 2657 3582 2696 nec

2005 2738 2196 2792 doctor
2235 2738 2436 2792 dixisse
2469 2736 2736 2791 cernitur.
2774 2732 2881 2789 Sed
2913 2733 3058 2804 quod
3089 2734 3259 2789 semel
3287 2749 3315 2787 a
3347 2731 3580 2791 Domitio

2005 2824 2205 2889 dictus,
2237 2838 2303 2880 eo
2332 2823 2453 2896 ipso
2480 2822 2627 2894 quod
2655 2823 2720 2877 ab
2748 2822 2846 2878 illo
2883 2823 3067 2878 dictus
3094 2825 3186 2886 sit,
3216 2823 3362 2878 sicut
3395 2824 3578 2895 Opile!

2007 2931 2228 2982 sermo,
2282 2931 2501 2987 semper
2545 2923 2829 2988 operatur,
2877 2924 2936 2972 et
2985 2915 3123 2972 dicit
3164 2917 3330 2971 etiam
3387 2917 3580 2974 beatus

2005 3011 2268 3068 Joannes.
2303 3011 2458 3078 Quod
2490 3020 2676 3066 autem
2707 3025 2858 3066 nunc
2894 3009 3080 3066 dictus
3113 3025 3142 3064 ο
3177 3011 3486 3077 sacerdote,
3514 3025 3582 3066 eo

2005 3105 2149 3176 quod
2172 3105 2242 3161 ab
2266 3106 2385 3175 ipso
2410 3104 2650 3168 dicatur,
2669 3103 2776 3158 hoc
2807 3103 3001 3173 possit,
3032 3103 3182 3159 nullo
3203 3119 3269 3158 ex
3302 3104 3422 3160 loco
3444 3105 3576 3160 sciri

2007 3205 2220 3268 potest;
2241 3193 2684 3266 quandoquidem
2713 3209 2812 3249 nec
2831 3194 2944 3262 ipse
2975 3209 3156 3250 sermo
3186 3194 3366 3263 opifex
3389 3210 3584 3265 opera-

2007 3295 2118 3351 tur.
2152 3289 2297 3359 quod
2326 3289 2380 3343 iu
2413 3288 2952 3358 unoquoque’eorum
2979 3300 3104 3356 quae
3128 3285 3370 3350 llunt,ab
3393 3287 3579 3355 aliquo

2000 3381 2222 3435 homine
2252 3381 2492 3446 dicatur,
2526 3379 2620 3436 sed
2651 3377 2792 3447 quod
2836 3378 3003 3432 semel
3042 3392 3072 3430 a
3119 3375 3228 3432 Deo
3261 3377 3442 3430 dictus
3477 3378 3572 3434 sit.

299 3474 701 3542 δημιουργικδς
729 3473 886 3541 λόγος
919 3475 1152 3544 ἐνεργεῖ,
1183 3476 1263 3528 ὅτι
1303 3476 1386 3544 ἐφ’
1422 3475 1669 3530 ἑκάστων
1693 3475 2010 3545 γενόμενος,
2056 3477 2162 3531 ὑπό
2199 3493 2343 3540 τινος
2373 3473 2665 3546 ἀνθρώπου
2709 3473 2950 3542 λέγεται,
2984 3472 3100 3526 ἀλλ’
3137 3472 3220 3526 ὅτι
3251 3471 3399 3525 ἐστὶν
3427 3473 3576 3541 ἅπαξ

310 3566 414 3621 ὑπὸ
447 3568 544 3622 τοῦ
576 3569 780 3638 Κυρίου
811 3570 1118 3641 εἰρημένος.

914 3664 1162 3721 ΚΕΦΔΑ.
1213 3666 1294 3720 ΛΤ.

315 3776 558 3845 Ὅτιξκαί
578 3775 654 3845 τῇ
677 3778 1010 3850 Ἐκκλησία
1028 3781 1302 3850 Λατίνων
1317 3778 1356 3848 ἠ
1379 3779 1592 3850 τελετὴ
1615 3779 1769 3834 κατά
1790 3781 1897 3838 τὸν

627 3849 819 3901 αὐτὸν
862 3848 1009 3917 ἡμῖν
1032 3849 1291 3903 τελεῖται
1324 3848 1589 3919 τρόπον.
1812 3862 1825 3874 ⁹

385 3941 451 3992 '0
500 3940 562 3992 δὲ
615 3941 894 4004 παντελῶς
939 3941 1140 4006 αὐτοὺς
1183 3942 1549 4014 ἐπιστομίζει,
1593 3946 1674 3999 δτι
1725 3945 1819 4001 καὶ
1863 3947 1896 4016 ἡ

317 4030 566 4086 Λατίνων
604 4033 922 4102 Ἐκκλησία,
959 4034 1039 4097 είς
1071 4036 1136 4105 ἢν
1160 4035 1457 4105 ἀναφέρειν
1488 4036 1726 4104 δοκοῦσι,
1761 4039 1902 4108 μετά

317 4123 401 4177 τὸν
428 4124 526 4178 τοῦ
560 4126 771 4194 Κυρίου
809 4125 991 4193 λόγον,
1022 4125 1278 4197 εὔχεσθαι
1312 4127 1454 4198 ὑπὲρ
1481 4127 1591 4181 τῶν
1619 4128 1808 4200 δώρων
1837 4131 1899 4184 οὐ

321 4216 732 4289 παραιτοῦνται.
775 4217 1042 4272 Λανθάνει
1085 4219 1143 4272 δὲ
1186 4220 1405 4284 αὐτοὺς,
1453 4221 1537 4274 ὅτι
1581 4221 1686 4275 οὐκ
1738 4218 1900 4288 εὐθὺς

325 4309 451 4372 μετά
471 4309 568 4362 τὸν
593 4308 754 4377 λόγον
776 4309 1051 4380 εὔχονται,
1083 4309 1179 4365 καὶ
1204 4312 1287 4365 ὅτι
1318 4311 1380 4364 οὐ
1411 4311 1597 4381 σαφῶς
1627 4312 1900 4382 ἀγιασμδν

323 4403 614 4466 αἰτοῦνται,
633 4406 727 4456 καὶ
751 4402 1052 4474 μεταϐολὴν
1076 4405 1155 4467 είς
1173 4403 1532 4483 τὴΚυριακδν
1555 4405 1716 4475 σῶμα
1734 4444 1750 4469 ,
1780 4385 1899 4459 ἀλλ’

327 4493 524 4564 ἑτέροις
547 4495 798 4565 χρῶνται.
812 4495 1042 4565 ὀνόμασι
1064 4495 1203 4565 πρὸς
1235 4485 1392 4548 τοῦτο
1426 4495 1673 4564 φέρουσι,
1705 4496 1800 4549 καὶ
1827 4495 1898 4550 τὰ

2603 3663 2758 3719 CAP.
2802 3662 2974 3719 XXX.

2072 3783 2227 3854 Quod
2255 3783 2417 3838 etiam
2451 3780 2849 3854 fulminantur
2890 3779 3126 3854 Ecclesia
3193 3781 3374 3854 eodem
3405 3795 3508 3850 quo

2115 3857 2259 3924 apud
2290 3870 2382 3907 nos
2405 3851 2560 3906 modo
2587 3866 2794 3905 sacrum
2828 3850 3126 3904 celebratur
3145 3851 3473 3920 mysterium.

2073 3948 2228 4016 Quod
2270 3956 2451 4000 autem
2503 3959 2566 3997 os
2615 3943 2695 3997 eis
2745 3943 2970 3996 omnino
3022 3941 3282 4002 obstruit.
3316 3949 3404 3995 est
3431 3943 3577 4010 quod

2001 4041 2168 4096 etiam
2203 4037 2527 4092 Latinorum
2560 4032 2832 4098 Ecclesia,
2871 4033 2937 4085 ad
2971 4047 3132 4100 quam
3168 4047 3228 4086 se
3259 4031 3468 4086 referre
3493 4037 3576 4086 vi-

2001 4133 2222 4194 dentur,
2259 4136 2382 4196 post
2410 4126 2636 4180 verbum
2670 4123 2909 4185 Domini,
2954 4136 3056 4192 pro
3085 4122 3248 4177 donis
3276 4137 3438 4177 orare
3466 4139 3573 4178 non

2002 4229 2245 4278 recusat.
2298 4219 2337 4275 li
2386 4226 2568 4273 autem
2607 4215 2733 4271 ideo
2763 4214 3049 4281 falluntur,
3078 4214 3223 4284 quod
3253 4214 3434 4270 Latini
3466 4231 3571 4272 non

1999 4318 2185 4373 statim
2223 4323 2348 4386 post
2393 4312 2609 4371 Domini
2644 4311 2917 4381 prolatum
2952 4322 3262 4364 sermonem
3305 4317 3487 4375 orant,
3518 4318 3574 4365 ct

1999 4408 2146 4479 quod
2192 4423 2301 4462 non
2337 4413 2525 4476 aperte
2567 4412 2760 4474 petunt
2811 4399 3302 4456 sanctiﬁcationem
3345 4409 3400 4455 et
3454 4388 3574 4455 mu?

1997 4499 2259 4553 tationem
2297 4497 2350 4551 in
2382 4511 2586 4565 corpus
2637 4493 3005 4558 Dominicum,
3044 4493 3136 4547 sed
3188 4492 3312 4546 aliis
3345 4499 3573 4544 utuntur

326 4583 453 4638 αὐτὰ
474 4584 821 4654 δυναμένοις.
849 4584 942 4646 Τίς
969 4585 1026 4637 δὲ
1051 4583 1182 4654 εὐχή
1205 4601 1222 4650 ;
1253 4602 1272 4635 ι
1300 4585 1572 4638 Κέλευσον
1598 4585 1888 4656 ἀνενεχθῆ-

2000 4589 2310 4645 nominibus
2336 4603 2400 4643 eo
2431 4586 2823 4648 ferentibus,ct
2845 4600 2972 4653 qua:
2999 4584 3336 4637 tantumdem
3362 4581 3568 4637 valent.

327 4691 402 4729 ναι
424 4677 490 4730 τὲ
516 4675 669 4748 δῶρα
693 4675 870 4729 ταῦτα
901 4677 958 4729 ὲν
979 4677 1127 4746 χειρὶ
1157 4677 1419 4744 ἀγγέλου,
1453 4679 1531 4740 εἰς
1562 4677 1623 4730 τὸ
1653 4677 1891 4746 ὑπερου-

331 4765 504 4832 ρᾶνιόν
529 4784 626 4820 σου
649 4767 1064 4837 θυσιαστήριον.
1097 4787 1115 4820 ι
1149 4768 1471 4835 Λεγέτωσαν
1505 4768 1634 4838 γὰρ,
1659 4769 1712 4820 τί
1745 4771 1893 4822 ἐστιν

328 4857 448 4912 uir-rb
467 4860 548 4923 τὺ,
574 4875 594 4910 ι
631 4859 990 4929 ἀνενεχθῆναι
1015 4859 1083 4912 τὰ
1108 4859 1256 4928 δῶρα
1280 4860 1483 4923 ταῦτας
1513 4879 1532 4912 ι
1563 4861 1633 4914 Ἦ
1666 4861 1774 4931 γάρ
1807 4876 1894 4913 το-

319 4949 482 5018 πικὴν
505 4950 796 5019 μετάθεσιν
814 4947 1283 5020 αὐτοῖςςεῦχονται,
1304 4951 1412 5003 ἀπὸ
1435 4953 1529 5020 τῆς
1549 4951 1652 5021 γῆς
1669 4951 1763 5005 καὶ
1783 4951 1892 5004 τῶν

327 5037 467 5091 κάτω
493 5039 676 5092 τόπων
711 5041 788 5102 είς
817 5038 910 5092 τὸν
947 5039 1202 5110 οὐρανὸν,
1234 5039 1266 5109 ἢ
1299 5040 1454 5105 ἀξίαν
1487 5043 1632 5105 τινὰ,
1666 5043 1762 5095 καὶ
1789 5041 1892 5112 τὴν

330 5129 430 5181 ἀπὸ
449 5130 555 5184 τῶν
581 5131 986 5202 ταπεινοτέρων
1009 5132 1103 5184 ἐπὶ
1133 5132 1203 5186 τὰ
1225 5132 1544 5206 ⁸ὑψηλότερα
1565 5131 1888 5203 μεταϐολήν.

332 5218 463 5273 Ἀλλ’
484 5219 533 5275 εἰ
563 5223 663 5291 μὲν
687 5223 749 5277 τὸ
781 5224 1069 5294 πρότερον,
1095 5223 1150 5277 τί
1186 5225 1380 5294 ὄφελος
1403 5225 1608 5297 ταύτης
1635 5227 1770 5296 ἡμῖν
1791 5227 1889 5297 τῆς

333 5311 486 5381 εὐχῆς
509 5313 601 5382 ἀφ’
625 5315 787 5386 ἡμῶν
803 5315 1041 5386 ἀρθῆναι
1069 5317 1140 5370 τὰ
1165 5316 1318 5386 am,
1345 5317 1382 5372 ἃ
1413 5319 1542 5389 παρ’
1569 5319 1703 5388 ἡμῖν
1725 5314 1888 5384 εἶναι,

333 5405 422 5455 καὶ
439 5406 491 5458 έν
521 5407 654 5477 ἡμῖν
683 5407 892 5475 μένειν,
918 5406 1013 5461 καὶ
1046 5407 1322 5478 εὐχόμεθα
1377 5409 1475 5462 καὶ
1524 5408 1888 5480 πιστεύομεν,

330 5491 402 5559 ὡς
430 5498 578 5553 τοῦτο
601 5498 664 5552 ὃν
697 5499 758 5552 τὸ
792 5495 934 5553 εἶναι
963 5499 1054 5553 τὸν
1101 5501 1339 5570 Χριστὸν
1389 5499 1510 5571 μεθ’
1547 5500 1732 5572 ἡμῶν,
1781 5501 1890 5566 ἕως

331 5585 768 5654 τῆςσυντελείας
801 5592 896 5645 τοῦ
944 5592 1182 5657 αἰῶνος;
1235 5593 1367 5657 Πῶς
1405 5593 1462 5647 δὲ
1501 5595 1562 5647 οὐ
1602 5593 1890 5648 πιστεύου-

340 5691 437 5742 σιν,
457 5680 502 5732 εί
529 5681 694 5752 σῶμα
723 5681 962 5753 Χριστοῦ
992 5683 1154 5737 τοῦτο
1187 5684 1613 5754 γιγνώσκουσιν,
1676 5686 1759 5738 ὅτι
1788 5688 1888 5741 καὶ

339 5767 394 5819 ἐν
419 5771 542 5840 ἡμῖν
571 5777 714 5840 ἐστι,
746 5775 842 5828 καὶ
865 5774 1262 5847 ὑπερουράνιόν
1303 5780 1442 5842 ἐστι,
1498 5780 1588 5831 καὶ
1622 5779 1682 5831 ὲν
1736 5779 1889 5850 δοξιᾷ

343 5859 422 5914 ταῦ
447 5865 656 5938 Πατρὺς
687 5868 920 5940 κάθηται
952 5911 967 5938 ,
994 5872 1194 5942 τρόπον
1232 5871 1290 5926 ὃν
1313 5869 1466 5927 οἶδεν
1522 5871 1679 5938 αὑτός
1714 5889 1728 5940 ἰ
1765 5872 1885 5938 Πῶὶ

1997 4681 2128 4748 Quae
2165 4689 2250 4736 est
2289 4688 2473 4734 autem
2505 4677 2733 4732 oratio?
2768 4696 2786 4728 ι
2829 4675 2968 4729 Jube
3000 4689 3224 4728 sursum
3257 4672 3386 4726 ferri
3424 4671 3568 4727 dona

1995 4769 2113 4826 hac
2134 4771 2186 4824 in
2211 4782 2376 4824 manu
2407 4767 2582 4838 angeli
2615 4769 2680 4821 ad
2706 4766 3099 4837 superccelestc
3135 4772 3284 4816 tuum
3311 4762 3506 4817 a'ltare.
3545 4784 3564 4815 ι

1995 4861 2189 4919 Dicant
2210 4861 2380 4928 enim,
2405 4859 2534 4930 quid
2550 4861 2664 4914 hoc
2683 4867 2788 4922 est,
2816 4877 2834 4910 ι
2856 4858 3086 4912 Sursum
3111 4856 3252 4909 dona
3277 4854 3476 4910 deferri
3499 4857 3521 4910 ?
3542 4876 3561 4909 ι

1993 4951 2092 5008 Vc‘l
2110 4953 2252 5008 enim
2267 4953 2500 5007 localcm
2525 4951 2605 5005 eis
2622 4949 3040 5004 translationem
3059 4953 3355 5016 precantur
3369 4962 3398 5001 a
3421 4958 3564 5003 terra

1993 5051 2048 5100 et
2083 5043 2603 5100 inferioribus'loeis
2630 5044 2680 5096 in
2707 5041 2930 5108 malum,
2967 5040 3047 5094 vel
3080 5041 3299 5107 dignam
3328 5041 3565 5112 aliquam

1992 5145 2046 5189 et
2085 5135 2153 5190 ab
2199 5135 2585 5190 humilioribus
2628 5135 2693 5188 ad
2737 5133 2929 5187 altiora
2963 5133 3346 5187 mutationem.
3377 5133 3485 5188 Sed
3519 5136 3564 5189 si

1992 5224 2228 5295 primum
2253 5225 2506 5296 quidem,
2530 5227 2660 5295 quid
2693 5227 2792 5279 hac
2827 5224 2991 5280 nobis
3030 5226 3286 5280 oratione
3309 5242 3450 5296 opus
3478 5235 3566 5278 est

1992 5325 2052 5372 ut
2102 5333 2132 5372 a
2187 5319 2341 5374 nobis
2379 5320 2641 5375 tollantur
2668 5326 2877 5380 sancta,
2909 5333 3032 5386 qua:
3067 5318 3209 5385 apud
3263 5334 3364 5372 nos
3418 5333 3564 5382 esse,

1990 5418 2048 5466 et
2081 5411 2135 5465 in
2172 5411 2330 5468 nobis
2363 5425 2583 5466 manere
2624 5417 2678 5462 ct
2725 5424 2944 5463 oramus
2971 5418 3026 5462 et
3079 5408 3354 5464 credimus
3392 5447 3406 5471 ,
3441 5416 3566 5459 tan-

1991 5519 2155 5573 quam
2189 5505 2291 5559 hoc
2337 5504 2428 5567 sit,
2462 5517 2582 5556 esse
2633 5500 2911 5556 Christum
2953 5500 3236 5554 nobiscum
3283 5513 3454 5566 usque
3494 5497 3561 5550 ad

1992 5595 2516 5649 consummationem
2585 5591 2806 5648 saeculi?
2862 5591 3148 5657 Quomodo
3212 5595 3394 5641 autem
3452 5601 3561 5641 non

1993 5689 2243 5753 credunt,
2270 5687 2313 5742 si
2339 5687 2439 5740 hoc
2469 5685 2670 5740 Christi
2703 5700 2902 5754 corpus
2932 5688 3304 5755 cognoscunt,
3329 5679 3472 5748 quod
3509 5690 3564 5735 et

1993 5781 2046 5834 in
2084 5779 2240 5833 nobis
2273 5787 2375 5841 est,
2411 5790 2466 5831 et
2497 5791 2583 5832 est
2631 5773 3046 5845 supercoulestc,
3075 5782 3129 5828 et
3158 5771 3312 5826 sedet
3336 5772 3402 5826 ad
3421 5772 3565 5827 ’τίει-

1993 5885 2161 5929 teram
2194 5870 2393 5938 Patris,
2423 5886 2528 5941 quo
2564 5871 2678 5942 ipsc
2733 5867 2884 5923 uovit
2911 5867 3120 5922 modo?
3147 5865 3430 5932 Quomodo
3460 5881 3560 5919 au-
