4158 6306
580 427 686 490 435

1836 439 2142 503 NICOLAI
2182 442 2570 504 CABASlL/E

3713 449 3816 515 6"6

578 546 688 589 tczn
738 537 1071 609 fueritquod
1122 547 1366 602 nondum
1399 560 1501 617 cst,
1533 555 1925 623 supercmleste
1969 555 2137 623 ipsum

2249 556 2389 611 δ’ἂν
2421 557 2506 628 εἴη
2555 559 2953 630 ὑπερουράνιον
2978 560 3039 614 τὸ
3105 561 3275 631 μήπω
3336 560 3629 633 γενόμενον
3683 564 3814 618 αὐτὸ

578 644 777 699 corpus
812 633 1037 698 Chrisd,
1084 641 1229 707 quod
1268 650 1353 695 est
1398 646 1826 711 supercwleste?
1857 646 2143 714 Quomodo

578 732 757 783 autem
789 726 951 783 etiam
984 745 1199 785 sursum
1235 732 1440 787 feretur
1481 737 1533 789 in
1571 751 1733 791 mauro
1776 739 1976 807 angeli,
2002 737 2144 805 quod

580 828 746 880 super
775 832 991 875 omnem
1020 822 1382 892 principatum
1416 836 1471 881 et
1533 837 1855 897 potestatem
1896 838 1951 884 et
1978 830 2146 884 virtu—

578 912 686 959 tem
715 916 769 960 et
796 922 959 964 omne
996 927 1196 967 nomrn
1245 918 1390 984 quod
1414 919 1770 975 nominatur?
1809 921 1904 975 Sin
1958 935 2141 977 autem

578 997 795 1065 dignam
825 1000 1062 1070 aliquam
1090 1013 1144 1058 et
1191 1005 1244 1058 in
1295 1009 1488 1065 melius
1547 1013 1903 1067 mutationem
1961 1022 2140 1076 orant,

577 1102 688 1141 non
720 1090 875 1163 video
903 1095 1177 1160 quomodo
1208 1114 1314 1153 non
1351 1101 1462 1156 sint
1501 1103 1700 1172 insigni
1740 1104 2018 1174 impietate
2055 1106 2141 1159 fu-

576 1181 703 1244 turi,
735 1181 779 1237 si
807 1183 972 1238 etiam
1008 1186 1184 1256 ipsum
1204 1205 1327 1246 esse
1346 1192 1544 1248 Christi
1565 1210 1762 1264 corpus
1789 1204 2140 1265 cognoscant,

574 1281 628 1329 et
656 1274 722 1326 aJ
782 1276 981 1332 melius
1019 1280 1148 1348 quid
1200 1293 1254 1335 et
1304 1286 1549 1340 sanctius
1608 1287 1661 1342 id
1688 1297 1973 1343 venturum
2025 1303 2144 1343 esse

574 1364 826 1421 credunt.
862 1366 1015 1425 Unde
1042 1371 1385 1429 manifestum
1415 1386 1498 1431 est
1527 1392 1622 1432 eos
1651 1381 1879 1433 omnino
1914 1380 2055 1434 scire
2078 1393 2141 1433 ea

576 1454 754 1510 adhuc
783 1472 908 1515 esse
945 1473 1141 1531 panem
1174 1472 1229 1517 ct
1255 1465 1441 1519 vinum
1486 1483 1608 1537 quae
1656 1468 2137 1524 sanctilicationem

576 1545 817 1600 nondum
854 1562 1233 1620 susceperunt,
1269 1565 1322 1610 et
1352 1568 1605 1627 proptera
1630 1574 1731 1629 pro
1758 1560 1892 1629 ipsis
1920 1562 2139 1631 quidem

571 1649 751 1704 orant,
792 1652 851 1695 ut
874 1659 993 1709 quae
1019 1645 1265 1701 oratione
1283 1647 1461 1712 adhuc
1480 1651 1740 1720 indigent.
1761 1650 1932 1708 Orant
1957 1663 2137 1708 autem

573 1738 634 1783 ut
676 1745 739 1785 ea
781 1748 1001 1789 sursum
1036 1736 1303 1803 ferantur,
1333 1752 1391 1795 ut
1422 1758 1541 1811 quae
1569 1744 1749 1799 adhuc
1776 1744 2002 1802 inferius
2032 1747 2137 1801 sita

572 1824 704 1879 sint.
732 1834 785 1878 et
835 1825 900 1882 ad
931 1828 1119 1894 altare,
1161 1841 1220 1885 ut
1257 1848 1377 1901 quae
1403 1836 1645 1888 nondum
1677 1834 1789 1895 sint
1809 1836 2136 1899 sacriﬁcata,

2245 652 2307 703 τὸ
2359 651 2518 719 σῶμα
2577 653 2671 704 τοῦ
2730 651 2990 722 Χριστοῦ,
3040 653 3100 706 τὸ
3159 654 3600 724 ὕπερουρόινιον;
3688 655 3812 719 Πῶς

2244 740 2303 795 δὲ
2372 743 2466 793 καὶ
2521 740 2940 819 ἀνενεχθήσεται
2996 741 3054 794 ἐν
3097 742 3241 813 χειρὶ
3276 742 3538 810 ἀγγέλου,
3578 740 3639 793 τὸ
3674 743 3813 810 ὑπὲρ

2248 835 2430 886 πᾶσαν
2473 834 2648 902 ἀρχὴν
2687 834 2783 886 καὶ
2817 831 3089 898 ἐξουσίαν,
3149 831 3243 887 καὶ
3267 833 3497 903 δύναμιν
3550 832 3646 886 καὶ
3703 833 3813 883 πᾶν

2243 924 2413 995 ὄνομα
2472 923 2877 993 ὀνομαζόμενον
2921 924 3028 987 ςΕί
3092 908 3151 976 δὲ
3218 924 3377 989 ἀξίαν
3436 923 3560 977 τινὰ
3625 924 3812 985 αὐτοῖς

2244 1017 2494 1089 εὔχονται
2564 1019 2658 1071 καὶ
2707 1017 2808 1087 τὴν
2832 1015 2924 1068 ἐπὶ
2957 1016 3018 1069 τὸ
3062 1015 3274 1085 βέλτιον
3327 1013 3654 1087 μεταϐολὴν,
3711 1012 3809 1065 οὐκ

2243 1100 2371 1162 οἶδα
2392 1108 2445 1160 εί
2461 1123 2581 1160 τινα
2604 1107 3023 1176 καταλείψουσιν
3050 1104 3305 1163 ἀσεϐείας
3328 1103 3656 1173 ὑπερϐολὴν.
3680 1103 3809 1169 εῖγε

2245 1202 2339 1252 καὶ
2370 1198 2501 1252 αὐτὸ
2524 1197 2584 1251 τὸ
2609 1198 2766 1265 σῶμα
2801 1197 2895 1250 τοῦ
2928 1195 3136 1267 Κυρίου
3169 1195 3406 1266 Χριστοῦ
3437 1189 3576 1248 εἷναι
3617 1196 3810 1260 ιὶνιιιγι⁴

2245 1291 2535 1353 νὼσκουσι,
2568 1290 2664 1344 καὶ
2698 1290 2792 1342 ἐπὶ
2821 1289 2883 1342 τὸ
2915 1288 3122 1357 βέλτιον
3147 1290 3244 1342 καὶ
3294 1287 3598 1358 ἁγιώτερον
3659 1286 3812 1353 ἥξειν

2245 1385 2383 1439 αὐτὰ
2413 1381 2780 1437 πιστεύουσιν.
2818 1380 2984 1433 Ὅθεν
3005 1380 3154 1451 δῆλοι
3178 1381 3393 1445 πάντως
3423 1378 3583 1441 εἰσὶν,
3645 1378 3809 1444 ἄρτον

2244 1476 2324 1530 ἔτι
2364 1477 2458 1531 καὶ
2488 1470 2631 1529 οῐνον
2656 1475 2821 1544 μήπω
2847 1473 3118 1543 δεξάμενα
3142 1472 3234 1524 τὸν
3262 1469 3553 1540 ἀγιασμδν,
3611 1469 3809 1530 εἰδότες

2243 1568 2383 1621 αὺτά
2406 1583 2422 1599 ο
2447 1567 2543 1620 καὶ
2569 1566 2657 1620 διά
2684 1565 2844 1619 τοῦτο
2874 1562 3129 1635 εὔχονται
3165 1562 3265 1633 μὲν
3311 1562 3455 1632 ὑπὲρ
3501 1561 3700 1622 αὐτῶν,
3735 1557 3810 1624 ᾡς

2244 1658 2325 1711 ἔτι
2367 1657 2639 1726 δεομένων
2663 1655 2855 1727 εὐχῆς,
2911 1654 3163 1725 εὔχονται
3185 1654 3242 1707 δὲ
3299 1651 3681 1722 ἀνενεχθῆναι,
3734 1650 3807 1713 ὡς

2244 1751 2321 1802 ἔτι
2354 1748 2582 1817 κείμενα
2615 1748 2785 1810 κάτω,
2813 1746 2907 1799 καὶ
2933 1747 3014 1809 είς
3042 1745 3102 1798 τδ
3124 1744 3515 1815 θυσιαστήριον
3536 1743 3612 1805 ὡς
3641 1743 3808 1814 μήπω

2241 1838 2558 1907 τεθυμένα,
2592 1838 2678 1890 ῖνα
2717 1838 2836 1889 ἐκεῖ
2899 1835 3124 1888 τεθέντα
3176 1833 3404 1888 τυθῶσι.
3457 1834 3639 1885 Δεῖται
3700 1832 3808 1900 γάρ

573 1922 633 1967 ιιι
666 1914 777 1971 illic
837 1919 1012 1981 posita
1055 1921 1455 1978 sacriﬁcentur.
1505 1925 1650 1993 Opus
1701 1935 1884 1980 autem
1938 1927 2137 1982 habent

2243 1928 2477 1996 ἀγγέλου
2544 1927 2727 1997 χειρὸς
2784 1925 2860 1987 ὡς
2909 1927 3006 1994 τῆς
3069 1925 3328 1995 δευτέρας
3385 1922 3670 1993 ίεραρχίας
3709 1924 3809 1990 τῆς

574 2018 738 2059 manu
790 2009 986 2077 angeli,
1033 2026 1227 2081 nempe
1277 2014 1420 2081 quod
1453 2015 1702 2070 secunda:
1734 2015 1985 2071 humana:
2026 2019 2139 2072 hic-

576 2098 828 2164 rarchiaz,
858 2110 916 2154 ut
950 2102 1067 2156 vult
1105 2104 1324 2162 divinus
1349 2103 1667 2176 Dionysius,
1704 2122 1737 2162 a
1774 2108 1949 2177 prima
1972 2124 2142 2177 ange-

572 2186 752 2247 lorum
807 2190 1117 2255 hierarchia
1173 2196 1441 2253 auxilium
1504 2196 1732 2253 feratur.
1777 2198 1904 2253 Haec
1964 2201 2141 2256 oratio

577 2279 713 2335 nihil
752 2281 898 2337 aliud
957 2283 1168 2339 confert
1223 2286 1383 2345 donis
1453 2303 1616 2358 quam
1675 2291 2031 2346 mutationem
2086 2293 2138 2346 i'n

575 2386 775 2443 corpus
803 2382 859 2433 et
890 2377 1211 2446 sanguinem
1250 2376 1485 2433 Domini.
1519 2379 1637 2447 Non
1679 2384 1824 2435 enim
1860 2384 2016 2438 locus
2044 2398 2131 2438 suo

572 2478 672 2533 per
702 2466 869 2523 caelos
900 2467 1012 2521 Deo
1035 2479 1320 2536 separatus
1342 2471 1397 2525 in
1423 2486 1534 2540 quo
1563 2481 1779 2541 oportet
1805 2473 2137 2542 sacriﬁcare,

570 2555 741 2610 altare
793 2557 925 2617 illud
988 2558 1413 2615 existimandum
1466 2569 1568 2616 est.
1603 2561 1678 2618 Ea
1725 2563 1869 2617 enim
1929 2565 2161 2629 ratione,

571 2658 681 2699 non
705 2646 934 2715 multum
964 2646 1280 2721 diﬁ‘eremus
1300 2650 1455 2707 abiis
1473 2651 1564 2721 qui
1600 2654 1654 2713 in
1673 2663 1853 2709 monte
1879 2655 2139 2713 Samaria:

572 2736 760 2793 dicunt
802 2753 924 2795 esse
951 2739 1131 2795 locum
1170 2741 1259 2813 ubi
1297 2751 1513 2812 oportet
1547 2744 1799 2812 adorare,
1836 2749 1919 2801 vel
1945 2749 2137 2801 Hiero-

570 2828 815 2899 solymis.
846 2830 951 2889 Sed
982 2834 1266 2901 quoniam,
1293 2843 1351 2888 ut
1376 2841 1454 2889 alt
1481 2835 1674 2891 beatus
1698 2836 1920 2903 Paulus,
1945 2856 1964 2890 ι
1996 2855 2138 2893 unus

573 2914 738 2982 Deus,
769 2934 910 2979 unus
936 2921 1101 2980 etiam
1134 2923 1466 2983 intercessor
1505 2924 1598 2993 Dei
1638 2936 1693 2981 et
1737 2928 2018 2982 hominum
2051 2927 2139 2981 Je-

568 3024 667 3077 ωε
696 3010 971 3077 Christus,
1004 3032 1023 3071 ι
1058 3014 1242 3074 omnia
1265 3031 1386 3084 qua:
1412 3016 1783 3073 intercedendi
1810 3020 1917 3074 vim
1940 3019 2139 3074 habent

568 3112 624 3163 et
665 3106 1152 3168 sanctiﬁcationem
1176 3109 1341 3181 nobis
1384 3111 1644 3179 praebent,
1696 3113 1849 3167 solus
1888 3123 1972 3166 est
2023 3115 2138 3181 ipse

568 3194 849 3258 Servator.
907 3196 1166 3267 Quaenam
1221 3216 1354 3271 ergo
1408 3212 1535 3257 sunt
1586 3218 1708 3272 qua:
1764 3204 2134 3271 intercedendi

573 3290 682 3353 yim
746 3289 944 3349 habent
993 3300 1048 3347 et
1109 3293 1501 3349 sanctiﬁcanti
1570 3295 1856 3366 Sacerdos,
1932 3297 2134 3371 hostia,

571 3380 763 3449 altare.
798 3376 1010 3438 Etenim
1038 3391 1093 3439 et
1138 3386 1311 3441 altare
1340 3385 1663 3450 sanctiﬁcat,
1719 3396 1776 3440 ut
1813 3387 1926 3441 vult
1957 3402 2136 3441 sermo

573 3471 808 3547 Demini.
831 3490 849 3523 ι
874 3473 1059 3535 Altare
1088 3475 1255 3539 enim,
1283 3475 1481 3545 inquit.
1506 3475 1754 3544 estquod
1781 3476 1979 3531 donum
2009 3492 2138 3533 sano

567 3563 791 3619 ctilicat.
806 3583 823 3615 ι
850 3565 987 3634 Ergo
1003 3566 1262 3635 quoniam
1287 3567 1440 3620 solus
1460 3567 1575 3636 ipse
1595 3577 1679 3622 est
1694 3569 1785 3637 qui
1809 3569 2132 3637 sanctiﬁcat,

568 3654 721 3709 solus
744 3652 905 3708 fuerit
930 3655 1186 3710 sacerdos
1205 3663 1259 3711 et
1281 3656 1459 3711 hostia
1487 3666 1544 3713 et
1567 3657 1755 3712 altare.
1784 3658 1849 3713 Et
1872 3660 2016 3728 quod
2043 3675 2135 3714 sa-

569 3746 767 3803 cerdos
808 3748 1031 3817 quidem
1092 3758 1147 3803 et
1180 3747 1379 3816 hostia,
1426 3749 1543 3820 ipse
1571 3748 1752 3806 dixit:
1792 3769 1811 3803 ι
1865 3749 1971 3806 Pro
2001 3751 2135 3825 ipsis

568 3842 755 3919 enim”
775 3839 972 3912 inquit,
1027 3855 1127 3913 ego
1156 3843 1437 3899 sanctilico
1468 3844 1759 3913 meipsum.
1798 3862 1816 3897 ι
1850 3842 2007 3909 Quod
2038 3859 2136 3899 au-

569 3939 679 3987 tem
703 3933 870 3991 etiam
904 3932 1097 4003 altare,
1141 3935 1527 3999 sanctissimus
1559 3944 1786 3992 testatur
1820 3936 2133 4008 Dionysius,

567 4023 756 4093 dicens
780 4024 833 4095 in
862 4022 1004 4079 libro
1044 4023 1119 4079 De
1166 4037 1428 4095 unguento
1458 4043 1479 4082 :
1522 4045 1541 4079 ι
1584 4028 1643 4083 Si
1676 4028 1821 4091 enim
1856 4038 1941 4082 est
1992 4029 2133 4082 divi-

568 4116 860 4173 uissimum
905 4125 1156 4172 nostrum
1191 4118 1366 4174 altare
1386 4120 1569 4183 Jesus,
1601 4120 1785 4177 divina
1823 4111 2131 4175 divinarum

569 4206 833 4281 mentium
879 4208 1242 4283 consecratio,
1302 4209 1355 4263 in
1385 4224 1520 4280 quo,
1565 4218 1625 4266 ut
1678 4210 1791 4263 vult
1837 4210 2135 4282 eloquium,

566 4299 871 4357 consecrati
902 4309 957 4355 et
987 4301 1216 4370 mystice
1248 4311 1508 4372 tanquam
1535 4302 1916 4359 holocaustum
1957 4303 2134 4358 sacri-

569 4390 717 4444 ticati
752 4390 1086 4446 oblationem
1124 4391 1410 4459 habemus,
1458 4396 1925 4463 supermundauis
1959 4395 2135 4451 oculis

568 4481 899 4552 aspiciamus
940 4482 1116 4555 ipsum
1157 4482 1560 4543 divinissimum
1605 4485 1797 4541 altare.
1839 4504 1858 4538 ι
1898 4485 1977 4541 Ad
2030 4485 2135 4541 hoc

2245 2019 2612 2090 ἀνθρωπίνης,
2636 2016 2777 2069 κατά
2797 2016 2885 2069 τὸν
2902 2017 3076 2086 μέγαν
3100 2014 3393 2073 Διονύσιον,
3416 2013 3522 2067 ὑπὸ
3537 2014 3635 2084 τῆς
3657 2011 3806 2082 πρώ-

2240 2126 2339 2177 της
2374 2109 2660 2178 ίεραρχέας
2680 2106 2789 2160 τῶν
2822 2107 3073 2173 ἀγγέλων
3098 2103 3484 2174 βοηθουμένων
3521 2117 3538 2134 ⁸
3587 2102 3727 2169 αὑτὴ
3772 2101 3807 2171 ή

2242 2200 2375 2269 εὐχή
2404 2199 2556 2257 οὐδὲν
2590 2198 2779 2268 ἔτερόν
2808 2198 2927 2251 ἐστι
2965 2195 3239 2264 δυναμένη
3271 2197 3385 2257 τοῖς
3408 2193 3622 2264 δώροις,
3652 2194 3685 2262 ἢ
3708 2193 3806 2261 τὴν

2242 2295 2322 2355 είς
2349 2293 2408 2345 τὸ
2439 2291 2714 2360 Κυριακὺν
2742 2290 2901 2356 σῶμα
2937 2289 3029 2341 καὶ
3060 2282 3197 2358 αἷμα
3228 2287 3547 2356 μεταϐολήν.
3585 2286 3657 2339 Οὐ
3698 2288 3807 2355 γὰρ

2239 2386 2304 2455 δὴ
2330 2385 2497 2436 τόπον
2523 2382 2644 2435 τινὰ
2671 2382 2813 2451 ὑπὲρ
2842 2382 2932 2434 τὸν
2958 2379 3190 2452 οὐρανὸν
3239 2380 3597 2451 ἐξῃρημένον,
3658 2380 3715 2430 ὲν
3759 2369 3805 2449 ᾧ

2239 2477 2320 2529 δεῖ
2350 2473 2519 2538 θύειν,
2556 2471 2617 2524 τό
2639 2471 3034 2540 θυσιαστήριον
3061 2472 3240 2523 ἐκεῖνο
3278 2470 3584 2539 νομιστέον.
3646 2467 3806 2521 Οὕτω

2240 2567 2349 2636 γὰρ
2368 2566 2427 2618 οὐ
2456 2563 2592 2616 πολὺ
2642 2561 2957 2630 διοισόμεθα
3002 2560 3113 2614 τῶν
3162 2561 3220 2612 ὲν
3263 2558 3657 2629 Ἰεροσολύμοις
3718 2558 3806 2609 λε-

2241 2654 2505 2726 γόντωνῆ
2541 2656 2597 2706 ὲν
2624 2652 2701 2722 τῷ
2743 2653 2860 2723 ὄρει
2888 2653 2987 2722 τῆς
3022 2652 3340 2721 Σαμαρείας
3379 2653 3469 2704 τὸν
3518 2653 3686 2704 τόπον
3720 2645 3803 2703 εί-

2224 2766 2327 2803 ιναι
2356 2748 2489 2801 ὅπου
2514 2746 2593 2798 δεῖ
2619 2745 2751 2798 Θεὸν
2786 2746 3133 2816 προσκυνεῖν.
3183 2743 3325 2796 Ἀλλ’
3361 2741 3504 2807 ἐπεὶ,
3538 2740 3678 2795 κατὰ
3710 2740 3803 2792 τὸν

2242 2840 2508 2910 μακάριον
2540 2837 2773 2901 Παῦλον,
2822 2852 2842 2888 ι
2874 2831 2953 2899 εἷς
2976 2834 3131 2900 θεὸς,
3162 2829 3243 2898 εἷς
3276 2834 3371 2887 καὶ
3410 2834 3632 2910 μεσίτης
3664 2829 3803 2885 Θεοῦ

2239 2906 2334 2995 ita).
2365 2928 2667 2999 ἀνθρώπων
2720 2926 2929 2997 Ἰησοῦς
2989 2927 3247 2999 Χριστὸς,
3283 2942 3302 2977 ι
3332 2906 3515 2979 πάντα
3549 2916 3615 2976 τὰ
3649 2938 3804 2991 μεσι-

2236 3021 2387 3075 τείαν
2415 3020 2713 3089 δυνάμενα,
2736 3019 2827 3072 τὸν
2866 3018 3142 3087 ἀγιασμδν
3169 3019 3303 3087 ήμῖν
3353 3017 3575 3087 ἔχοντα.
3642 3014 3802 3085 μόνος

2238 3112 2386 3167 ἑστιν
2420 3112 2581 3175 αὐτὸς
2606 3110 2635 3162 6
2659 3111 2870 3180 Σωτήρ.
2896 3111 3033 3164 Τίνα
3049 3111 3103 3164 δὲ
3141 3111 3210 3163 τὰ
3235 3109 3512 3177 μεσιτείαν
3542 3108 3802 3175 συνάγον-

2236 3221 2325 3268 τα,
2351 3201 2445 3256 καὶ
2459 3199 2710 3271 άγιάζειν
2738 3202 3008 3269 δυνάμενα
3033 3218 3047 3265 ;
3090 3202 3289 3271 ’ἱερεὺς
3309 3243 3323 3257 .
3351 3201 3570 3271 ίερεῖον,
3610 3198 3807 3251 θυσιαο

2241 3300 2482 3369 στήριον.
2506 3297 2615 3351 Καὶ
2642 3295 2752 3363 γὰρ
2774 3297 2835 3348 τὸ
2867 3292 3254 3365 θυσιαστήριον
3277 3293 3517 3362 ἁγιάζει,
3542 3293 3686 3347 κατά
3709 3290 3803 3344 τὸν

2239 3389 2441 3461 Κυρίου
2458 3389 2634 3456 λόγον,
2656 3387 2716 3441 τὸ
2731 3385 3108 3455 θυσιασθῆναιο
3135 3404 3153 3437 ι
3175 3385 3247 3438 Τὸ
3268 3384 3652 3454 θυσιαστήριον
3669 3382 3804 3451 γάρ⁹

2237 3482 2473 3553 (priamo?)
2495 3479 2718 3549 ἁγιάζον
2743 3479 2803 3532 τὸ
2823 3478 3049 3548 δῶρον.»
3080 3478 3286 3531 Οὐκοῦν
3309 3478 3430 3531 ἐπεὶ
3456 3477 3615 3547 μόνος
3637 3474 3804 3537 αὐτός

2238 3577 2385 3627 ἐστιν
2411 3572 2439 3623 6
2461 3569 2732 3639 ἁγιάζων,
2765 3569 2927 3639 μόνος
2952 3568 3016 3622 ἂν
3048 3569 3136 3635 εἴη
3165 3567 3193 3619 6
3227 3570 3426 3639 ἱερεὺς,
3465 3569 3562 3632 καὶ
3593 3568 3801 3638 ἱερεῖον

2237 3670 2333 3720 καὶ
2363 3664 2769 3732 θυσιαστήριον.
2800 3661 2910 3717 Καὶ
2937 3661 3018 3715 ὅτι
3044 3659 3147 3729 μὲν
3170 3660 3197 3712 6
3225 3660 3406 3731 ἱερεὺς
3443 3660 3538 3712 καὶ
3580 3660 3799 3728 ἱερεῖον,

2236 3757 2397 3823 αὐτὸς
2421 3750 2594 3827 εἶπεν
2619 3772 2639 3827 ι
2660 3752 2831 3827 ’Υπὲρ
2872 3751 3051 3808 αὐτῶν
3077 3750 3208 3825 γὰρ,
3236 3755 3423 3823 φησιν,
3450 3751 3561 3819 ἐγὼ
3588 3747 3804 3819 ἁγιάζω

2235 3848 2469 3918 ἐμαυτόν
2485 3863 2497 3878 ο
2513 3865 2531 3899 ι
2557 3844 2638 3903 ὅτι
2654 3844 2711 3903 δὲ
2732 3838 2824 3913 καὶ
2846 3843 3258 3913 θυσιαστήριον,
3294 3844 3323 3895 6
3346 3842 3642 3914 ίερὼτατος
3661 3857 3800 3909 μαρο

2235 3940 2393 4008 τυρεῖ
2417 3934 2715 3999 Διονύσιος,
2740 3934 2914 4002 λέγων
2943 3936 3000 3991 ὲν
3022 3932 3098 4002 τῷ
3119 3931 3259 4001 Περὶ
3281 3931 3387 3986 τοῦ
3408 3933 3603 4000 μύρου
3620 3930 3760 3996 λόγῳ
3781 3941 3798 3956 ο

2243 4050 2263 4081 ι
2296 4030 2360 4096 Ei
2382 4029 2490 4099 γάρ
2520 4030 2637 4082 ἐστι
2671 4029 2731 4085 τὸ
2763 4027 3109 4082 θειότατατον
3147 4024 3308 4095 ήμῶν
3354 4024 3745 4092 θυσιαστήριον
3772 4023 3807 4073 ά

2234 4120 2446 4192 Ἰησοῦς
2468 4159 2485 4187 ο
2521 4122 2554 4191 ἡ
2579 4118 2846 4191 θεαρχικὴ
2873 4118 2983 4179 τῶν
3021 4117 3184 4189 θείων
3204 4116 3344 4170 νόων
3389 4116 3707 4185 ὰφιέρωσις,
3739 4112 3806 4165 ἐν

2234 4207 2279 4282 ᾧ
2314 4212 2457 4277 κατά
2478 4212 2538 4265 τὸ
2566 4210 2746 4279 λόγιον
2771 4209 3185 4281 ᾁφιερούμενοι,
3216 4210 3311 4263 καὶ
3351 4206 3626 4277 μυστικῶς
3678 4204 3776 4258 ὀλο

2237 4301 2437 4365 καυτού
2444 4317 2615 4372 μενοι,
2637 4299 2734 4370 τήν
2760 4299 3129 4369 προσαγωγὴν
3152 4299 3374 4370 ἐχόμεν,
3405 4294 3803 4366 ὑπερκοσμίοις

2235 4393 2536 4465 ὀφθαλμοῖς
2567 4389 2998 4460 ἐποπτεύσωμεν
3031 4392 3092 4447 τὸ
3114 4391 3394 4447 θειότατον
3432 4389 3564 4442 αὐτὸ
3614 4386 3801 4440 θυσια-

2238 4488 2482 4558 στήριον.
2523 4504 2544 4538 ›
2573 4486 2668 4550 Εἰς
2688 4484 2848 4541 τοῦτο
2880 4483 2942 4541 τὸ
2965 4484 3353 4557 θυσιαστήριον
3402 4483 3465 4537 τὸ
3494 4481 3806 4550 orta-ponpi-

568 4576 959 4651 supercwleste
1015 4576 1187 4630 altare
1235 4585 1356 4630 orat
1412 4577 1669 4632 sacerdos
1725 4577 1869 4637 dona
1908 4593 2130 4635 sursum

2239 4597 2350 4634 νιον
2398 4578 2468 4633 τὰ
2514 4577 2664 4650 δῶρα
2682 4576 2898 4648 εὔχεται
2936 4576 3289 4646 ἀνενεχθῆναι
3321 4576 3350 4627 6
3403 4574 3603 4645 ἱερεὺς,
3660 4571 3807 4638 ὅπερ

570 4667 722 4732 ferri,
756 4669 899 4739 quod
928 4676 1012 4722 est
1051 4667 1405 4729 sanctiﬁcari,
1441 4669 1494 4722 in
1529 4669 1707 4739 ipsum
1741 4670 2131 4739 supercceleste

565 4759 766 4821 Christi
798 4776 997 4833 corpus
1029 4761 1229 4815 mutari
1276 4780 1289 4817 :
1324 4776 1434 4816 non
1469 4762 1647 4818 locum
1686 4763 1971 4828 mutantia,
2019 4770 2074 4817 et
2101 4776 2134 4817 a

567 4863 708 4907 terra
743 4853 1008 4907 translata
1041 4852 1096 4907 in
1146 4853 1345 4908 caelum
1386 4868 1400 4905 :
1436 4854 1694 4923 quoniam
1735 4852 1981 4911 videmus
2016 4852 2132 4921 ipsa

568 4946 748 5001 adhuc
776 4946 921 5017 apud
956 4961 1054 5003 nos
1076 4961 1220 5009 esse,
1253 4956 1307 5001 et
1347 4954 1471 5015 post
1507 4946 1810 5001 orationem
1843 4944 2015 5003 nihilo
2044 4958 2134 4998 se-

567 5038 705 5090 cius.
770 5036 1041 5109 Quoniam
1107 5040 1249 5094 enim
1300 5039 1468 5101 altare
1516 5037 1823 5093 sanctificat
1878 5036 2019 5089 dona
2081 5035 2132 5093 ei

571 5129 1016 5201 superimposita,
1066 5132 1205 5186 idem
1244 5140 1328 5187 cst
1386 5144 1546 5191 orare
1606 5140 1667 5185 ut
1716 5130 1860 5185 dona
1895 5128 2135 5189 sanctiﬁ-

569 5229 786 5287 centur,
839 5232 893 5278 et
940 5222 994 5277 in
1055 5223 1213 5281 altari
1270 5223 1447 5293 posita
1504 5236 1646 5279 esse.
1680 5218 1813 5286 Quae
1839 5226 1923 5274 est
1951 5229 2131 5274 autem

567 5312 969 5378 sanctiﬁcatio,
1020 5328 1142 5381 qua:
1202 5315 1377 5369 altare
1439 5310 1786 5368 sanctiﬁcat?
1827 5310 1975 5368 Dona
2027 5311 2134 5377 im-

566 5407 746 5478 posita
787 5413 843 5459 et
895 5404 1158 5474 quoipso
1207 5405 1465 5460 sacerdos
1529 5403 1766 5472 seipsum
1833 5402 2136 5465 sanctifica-

567 5498 645 5555 \‘il
679 5541 694 5563 ,
734 5497 913 5567 oblata
968 5510 1092 5551 esse
1144 5493 1255 5550 Deo
1299 5495 1442 5559 dona
1499 5504 1552 5551 ct
1602 5497 1927 5551 sacriﬁcam.
1983 5494 2133 5562 Quo-

567 5594 712 5645 niam
756 5590 900 5657 enim
949 5587 1093 5643 idem
1139 5596 1223 5645 est
1269 5597 1324 5641 et
1380 5588 1659 5651 sacerdos,
1716 5596 1770 5643 et
1832 5587 2028 5652 altare,
2079 5593 2138 5651 et

571 5682 770 5745 hostia,
802 5681 943 5755 idem
971 5689 1053 5739 cst
1101 5688 1155 5732 et
1185 5693 1215 5732 a
1246 5683 1533 5732 sacerdme
1581 5678 1947 5747 sacriﬁcatum
1987 5690 2133 5740 esse,

568 5780 619 5823 ct
659 5770 712 5823 in
741 5769 974 5829 hostiam
1001 5770 1147 5829 illam
1174 5776 1438 5822 mutatum
1465 5782 1605 5833 esse,
1639 5776 1691 5823 et
1726 5766 1777 5821 in
1810 5766 1902 5821 illo
1934 5779 2128 5836 super:

573 5859 778 5933 caelesti
836 5861 990 5917 altari
1017 5860 1191 5933 ιιοείιει
1234 5869 1287 5921 et
1338 5859 1580 5917 dedicata
1636 5874 1778 5916 esse.
1835 5859 2134 5930 Propterea

2238 4675 2387 4727 ἐστὶν
2415 4669 2765 4739 ἀγιασθῆναι,
2793 4672 2873 4731 εἰς
2923 4668 3056 4725 αὐτὸ
3080 4668 3143 4723 τὸ
3198 4667 3589 4737 ὑπερουράνιον
3640 4663 3807 4732 σῶμα

2236 4764 2331 4820 τοῦ
2367 4763 2569 4833 Κυρίου
2620 4760 3029 4832 μεταϐληθῆναι
3061 4777 3076 4793 ο
3133 4761 3194 4815 οὐ
3240 4761 3409 4816 τόπον
3463 4757 3807 4828 ἀμείψαντα,

2236 4856 2334 4911 καὶ
2389 4853 2496 4908 ἀπὸ
2539 4852 2641 4920 τῆς
2687 4855 2790 4924 γῆς
2814 4853 3083 4922 γενόμενα
3125 4854 3205 4916 εἰς
3254 4853 3349 4907 τὸν
3393 4851 3640 4919 οὐρανὸν,
3675 4848 3809 4903 επεὶ

2235 4943 2453 5014 ὁρῶμεν
2485 4940 2623 4995 αὐτὰ
2650 4943 2781 5010 παρ’
2820 4942 2954 5011 ἡμῖν
2985 4940 3113 4995 ὄντα
3160 4939 3264 5007 ἔτι,
3289 4941 3382 4996 καὶ
3416 4938 3553 5008 μετά
3576 4937 3672 5006 τήν
3706 4936 3806 4988 εὐ-

2236 5035 2337 5105 χήν
2365 5033 2517 5088 οὑδὶν
2545 5028 2730 5104 ἦττον.
2767 5031 2922 5089 Ἐπεὶ
2948 5032 3056 5105 γάρ
3081 5034 3143 5087 τὸ
3194 5032 3583 5102 θυσιαστήριον
3640 5029 3805 5096 ἁγιά-

2237 5126 2320 5190 ζει
2342 5126 2411 5181 τὰ
2459 5123 2683 5187 τεθέντα
2710 5123 2860 5197 αὐτῴ
2887 5123 3054 5194 δῶρα,
3090 5124 3289 5179 ταύτόν
3322 5125 3494 5187 ἐστιν,
3538 5120 3805 5187 εὔξασθαι

2234 5221 2346 5281 τοῖς
2377 5216 2569 5285 δώροις
2600 5217 2948 5287 ἁγιασθῆναι,
2979 5218 3072 5273 καὶ
3097 5218 3155 5275 ὲν
3186 5217 3264 5286 τῷ
3295 5214 3664 5284 θυσιαστηρίῳ
3702 5228 3807 5266 τε·-

2236 5310 2417 5378 θῇναι.
2442 5308 2484 5363 Τ
2491 5308 2537 5371 ir;
2561 5307 2617 5360 δὲ
2655 5311 2684 5362 6
2712 5309 2985 5379 ἁγιασμὸς
3015 5308 3074 5361 δν
3123 5307 3342 5377 ἁγιάζει
3391 5309 3453 5362 τὸ
3503 5307 3808 5377 θυσιαστή-

2239 5415 2387 5470 pros;
2422 5400 2502 5455 Τά
2557 5399 2783 5457 τεθέντα
2818 5399 2965 5470 αὐτῷ
2998 5400 3180 5471 δῶρα·
3216 5401 3274 5453 ὃν
3333 5403 3495 5471 αὐτὸς
3543 5401 3572 5452 6
3617 5399 3807 5469 ἱερεὺς

2237 5490 2466 5560 ήγίασεν
2517 5490 2734 5558 ἑαυτὸν,
2786 5490 2863 5561 τῷ
2922 5490 3352 5561 προσενεχθῆναι
3403 5491 3481 5562 τῷ
3529 5487 3649 5559 Θεῷ
3702 5490 3809 5553 καὶ

2236 5580 2480 5650 τεθῆναι.
2554 5582 2711 5636 Ἐπεὶ
2757 5582 2869 5654 γάρ
2913 5584 2943 5639 6
2994 5583 3157 5645 αὑτός
3202 5584 3319 5641 ἐστι
3349 5582 3671 5654 καὶίεριὺς,
3701 5581 3811 5637 καὶ

2237 5672 2630 5741 θυσιαστήριον
2660 5675 2995 5745 καὶίερείον,
3029 5675 3223 5731 ταυτόν
3258 5677 3425 5745 tactv,
3449 5674 3555 5741 ὑπὸ
3589 5673 3684 5727 τοῦ
3721 5674 3818 5729 ἱε-

2242 5763 2380 5832 ρέως
2432 5764 2642 5817 ἐκείνου
2696 5766 3141 5837 ἱερουργηθῆναι,
3204 5767 3299 5823 καὶ
3352 5767 3431 5828 εἰς
3478 5765 3538 5817 τὺ
3600 5767 3821 5831 ἱερεῖον

2239 5856 2416 5909 ἐκεῖνο
2435 5856 2862 5929 μεταϐληθῆναι,
2882 5860 2974 5913 καὶ
3005 5860 3061 5919 ὲν
3092 5858 3173 5928 τῷ
3202 5858 3575 5931 θυσιαστηρίῳ
3604 5856 3825 5933 ἐκείνῳ
