4132 6308
361 363 462 430 437

1545 371 1934 434 LITURGLE
1973 371 2399 434 EXPOSITIO.

3479 365 3589 433 438

363 479 444 545 τῷ
485 477 857 548 ὐπερουρανίῳ
878 477 1228 549 ἀνατεθῆναι.
1267 481 1366 535 Διά
1395 481 1556 536 τοῦτο
1608 486 1658 537 st
1707 503 1758 538 τι
1817 486 1922 538 τῶν

2036 501 2153 540 cum
2184 484 2403 554 aliquod
2440 484 2633 538 horum
2658 483 2820 537 trium
2856 480 3149 549 receperis,
3177 493 3321 544 ores,
3373 480 3588 536 univera

367 568 540 637 τριῶν
574 568 858 620 ἀπολαϐὼν
885 569 1091 636 εὔξαιο,
1121 573 1180 625 τὸ
1211 575 1318 627 πᾶν
1341 573 1512 644 ηὔξω,
1563 576 1624 627 τὸ
1659 576 1928 646 ζητούμε-

371 673 462 711 νον
492 656 650 728 ἔχεις,
685 659 778 728 τὴν
809 658 1001 721 θυσίαν
1033 663 1305 728 ἐτέλεσας.
1363 669 1426 719 Οί
1485 668 1585 736 μὲν
1637 669 1743 738 γὰρ
1796 673 1926 739 παρ’

2031 592 2150 630 sum
2179 591 2324 635 oras,
2353 576 2521 629 habes
2553 574 2695 644 quod
2725 573 2883 642 petis,
2925 570 3206 642 perfecisti
3239 569 3586 625 sacriﬁcium.

2031 667 2208 721 Vestri
2239 666 2459 734 quidem
2511 665 2823 719 sacerdotes
2873 661 3392 732 tanquamestiam
3428 659 3589 720 Chri-

373 750 502 819 ὑμῖν
527 753 709 821 ἱερεῖς,
731 752 805 811 ὠς
843 755 1040 823 ἱερεῖον
1071 755 1161 808 τὸν
1201 758 1436 824 Χριστὸν
1472 759 1781 828 βλέποντες,
1815 763 1928 824 τοῖς

2036 762 2170 810 stum
2205 753 2550 821 aspicientes,
2607 761 2767 807 orant
2800 761 2858 806 ut
2888 752 3026 806 dona
3068 753 3122 804 in
3174 750 3266 804 illo
3298 760 3586 818 ponantur,

371 841 557 909 δώροις
578 844 832 912 εὖχοντναι
868 845 967 913 τὴν
998 849 1053 898 ἐν
1071 850 1264 920 ἐκείνῳ
1299 849 1469 913 θέσιν,
1497 853 1706 921 ῥήμασι
1737 854 1926 922 διαφάο

374 949 481 999 por;
508 935 598 986 καὶ
623 935 824 1002 λόγοις,
850 937 913 988 ἓν
939 941 1035 992 καὶ
1064 941 1125 990 τὸ
1160 941 1320 993 αὑτὸν
1342 943 1575 1010 πρᾶγμα
1613 943 1925 1012 εὐχόμενοι.

367 1021 566 1075 Τούτου
592 1023 776 1094 χάριν,
815 1027 865 1078 οἱ
887 1027 1016 1097 παρ’
1045 1030 1176 1097 ἡμῖν
1242 1031 1431 1098 ἱερεῖς,
1465 1032 1604 1101 μετὰ
1648 1033 1708 1084 τὸ
1768 1033 1930 1098 εὔξα-

367 1111 487 1164 σθαι
518 1115 629 1175 τοῖς
655 1115 852 1185 δώροις
871 1116 968 1187 τὴν
996 1121 1077 1180 εἰς
1112 1119 1169 1172 τὸ
1193 1119 1333 1172 θεῖον
1363 1121 1522 1190 σῶμα
1547 1123 1640 1175 καὶ
1670 1119 1808 1192 αἷμα
1832 1143 1929 1192 με-

362 1201 618 1268 ταϐολὴν,
653 1207 990 1273 μνησθέντες
1023 1209 1120 1261 τοῦ
1171 1210 1570 1279 ὑπερουρανίου
1634 1213 1930 1284 θυσιαστη-

368 1292 508 1360 ρίου,
533 1296 633 1346 οὐκ
656 1297 737 1348 ἔτι
755 1297 1004 1367 εὔχονται
1029 1303 1108 1364 εἰς
1127 1302 1256 1355 αὐτὸ
1287 1305 1640 1374 ἀνενεχθῆναι
1663 1307 1731 1357 τὰ
1757 1307 1927 1376 δῶραο

366 1384 484 1435 ἀλλ’
509 1385 581 1448 ὡς
609 1387 710 1457 ἤδη
745 1391 1137 1458 ἀνενεχθέντων
1190 1394 1305 1445 ἐκεῖ
1346 1396 1440 1446 καὶ
1489 1395 1931 1466 προσδεχθέντων

368 1473 621 1544 εὔχονται
649 1483 1109 1551 καταπεμφθῆναι
1161 1487 1291 1554 ἡμῖν
1333 1486 1427 1555 τὴν
1479 1487 1642 1556 χάριν
1693 1491 1784 1543 καὶ
1832 1491 1930 1558 τὴν

367 1564 578 1635 δωρεάν
627 1570 718 1621 τοῦ
774 1572 927 1638 ἁγίου
991 1575 1328 1643 Πνεύματος.
1381 1595 1400 1627 ι
1431 1576 1724 1645 Εὑξὼμεθα
1796 1580 1925 1649 γὰρ,

371 1656 526 1723 φησὶ,
559 1659 648 1710 ἐπὶ
675 1661 784 1712 τῶν
803 1663 1174 1728 άγιασθέντων
1203 1666 1409 1735 δώρων.
1445 1686 1464 1720 s
1501 1669 1622 1720 Ἵνα
1655 1669 1924 1740 ἁγιασθῇ;

370 1747 630 1817 Οὐδαμῶς
653 1767 667 1782 ο
699 1753 953 1820 ἡγίασται
981 1757 1090 1828 γάρ
1112 1775 1123 1785 ·
1177 1758 1291 1809 ἀλλ’
1333 1759 1421 1811 ἵνα
1453 1762 1750 1828 ἁγιαστικὲι
1793 1764 1925 1830 ἡμῖν

2030 845 2208 898 verbis
2261 842 2492 898 diversis
2549 852 2602 897 et
2654 841 2998 897 sermonibus
3034 857 3194 895 unam
3255 850 3309 894 et
3341 840 3588 894 eamdem

2030 949 2144 988 rem
2187 943 2428 990 orantes.
2474 933 2540 988 Et
2571 935 2690 989 ideo
2720 933 2890 988 nostri
2915 933 3247 996 sacerdoses,
3295 941 3582 1000 postquam

2029 1026 2304 1079 oraverint
2337 1033 2396 1080 ut
2423 1026 2566 1080 dona
2598 1026 2651 1078 in
2685 1025 2928 1078 divinum
2962 1037 3160 1092 corpus
3190 1030 3244 1077 et
3266 1023 3588 1091 sanguinem

2031 1123 2328 1180 mutentur,
2363 1117 2710 1171 recordantes
2758 1115 3163 1185 supercoslestis
3212 1115 3422 1180 altaris,
3480 1130 3587 1170 non

2030 1207 2264 1275 amplius
2295 1219 2454 1262 orant
2484 1217 2542 1261 ut
2569 1210 2709 1262 dona
2731 1208 2801 1262 ad
2827 1209 3004 1277 ipsum
3058 1220 3278 1261 sursum
3322 1204 3589 1273 ferantur,

2031 1299 2124 1352 sed
2177 1311 2436 1369 tanquam
2495 1301 2562 1354 iis
2611 1301 2720 1367 jam
2773 1314 2992 1354 sursum
3051 1299 3173 1351 latis
3207 1307 3262 1352 et
3300 1298 3590 1365 susceptis,

2030 1397 2189 1442 orant
2236 1400 2294 1444 ut
2323 1391 2482 1446 nobis
2532 1390 2837 1445 dimittatur
2869 1390 3042 1459 gratia
3076 1400 3129 1443 et
3190 1391 3391 1444 donum
3423 1390 3594 1444 sancti

2032 1477 2288 1545 Spiritus.
2325 1499 2346 1532 ι
2374 1482 2628 1546 Oremus,
2653 1483 2848 1550 inquit,
2877 1496 2972 1550 pro
2989 1480 3341 1536 sanctiﬁcatis
3360 1479 3537 1534 donis.
3571 1499 3592 1529 ν

2030 1569 2099 1625 Ut
2125 1571 2571 1627 sanctiﬂcentur?
2599 1571 2841 1626 Minime.
2868 1572 3005 1632 Sunt
3033 1573 3174 1627 enim
3232 1570 3595 1632 sanctiﬁcata,

2029 1664 2122 1718 sed
2168 1673 2227 1718 ut
2256 1679 2356 1720 nos
2380 1664 2740 1730 sanetilicent,
2784 1674 2844 1718 ut
2897 1664 3037 1719 Deus
3067 1665 3160 1734 qui
3188 1680 3253 1720 ea
3286 1663 3596 1720 sanctiﬁca-

2034 1753 2125 1816 vit,
2162 1769 2260 1808 nos
2286 1770 2502 1825 quoque
2528 1771 2621 1824 per
2644 1770 2706 1810 ea
2742 1755 3062 1810 sanctiﬁcet.
3090 1755 3308 1808 Clarum
3328 1763 3409 1807 est
3436 1766 3594 1821 ergo,

368 1837 632 1904 γένωνται
659 1857 672 1871 ο
701 1817 785 1896 ἱίνα
815 1845 842 1896 ὁ
877 1817 1110 1913 ἁγιάσάς
1142 1849 1312 1910 αὑτὰς
1363 1817 1624 1912 Θεὸς-καὶ
1661 1817 1924 1921 ἡμᾶςηδι⁹

2036 1845 2172 1914 quod
2203 1859 2556 1902 contemnere
2583 1848 2883 1901 orationem
2913 1861 3011 1916 pro
3049 1844 3208 1899 donis
3230 1853 3353 1913 post
3385 1857 3596 1897 sermo-

365 1929 546 1982 αὺτῶν
596 1933 820 2004 ἁγιάσῃ.
860 1937 1100 2007 (Dav:pr
1155 1939 1353 2004 τοίνυν,
1407 1941 1490 1992 ὅτι
1527 1942 1588 1992 τὸ
1639 1943 1929 2012 ἀτιμάζειν

365 2021 464 2088 τὴν
495 2023 634 2092 ὑπὲρ
679 2026 789 2079 τῶν
833 2027 1021 2096 δώρων
1053 2031 1216 2098 εὐχὴν
1273 2032 1410 2100 μετὰ
1448 2032 1537 2084 τὸν
1581 2033 1676 2084 τοῦ
1726 2035 1930 2101 Κυρίου

366 2113 542 2182 λόγον,
614 2117 735 2170 οὐδὲ
795 2119 890 2186 τῆς
948 2120 1056 2172 τῶν
1109 2121 1354 2172 Λατίνων
1405 2123 1745 2192 Ἐκκλησίαςλ
1787 2126 1932 2176 ἐστὶν

365 2207 575 2271 ἁπλῶς,
601 2208 716 2260 ἀλλ’
749 2209 904 2261 ἐνίων
935 2211 1131 2276 ὀλίγων
1159 2212 1253 2263 καὶ
1292 2213 1590 2281 νεωτέρων,
1626 2213 1675 2266 οἳ
1727 2215 1822 2266 καὶ
1868 2214 1935 2267 τὰ

368 2298 505 2351 ἄλλα
531 2299 704 2368 αὐτὴν
753 2300 1090 2370 ἐλυμήναντο
1118 2318 1131 2332 ο
1177 2303 1256 2364 είς
1298 2303 1451 2375 οὐδὲν
1491 2303 1678 2372 ἕτερον
1748 2305 1934 2358 εὐκαι-

373 2388 854 2458 ροῦντεςῆλέγειν
907 2409 960 2443 τι
1020 2392 1113 2444 καὶ
1151 2391 1374 2445 ἀκούειν
1427 2395 1766 2464 καινότερον.
1823 2396 1933 2449 Καὶ

367 2480 540 2534 ταῦτα
568 2482 666 2550 μὲν
710 2485 836 2552 περὶ
870 2483 967 2548 τῆς
996 2483 1188 2553 εὐχῆς.

951 2594 1200 2648 ΚΕΦΑΛ.
1225 2593 1348 2648 AA'.

379 2682 544 2746 τίνος
574 2681 752 2769 War
771 2682 962 2769 ἐιξὺς
988 2686 1086 2769 sic:
1103 2683 1214 2769 τὼς
1236 2685 1532 2769 desse“
1562 2685 1680 2769 τῶι
1703 2686 1928 2768 ἐώρων»

547 2753 616 2804 οὐ
648 2750 755 2804 τὸν
789 2752 940 2817 Υἱὸν,
968 2753 1128 2808 ἀλλὰ
1156 2753 1260 2807 τὸν
1284 2750 1525 2822 ’Πατὲρα
1551 2758 1724 2810 καλεῖ
1734 2775 1756 2823 ;
1784 2750 1799 2756 ⁷
1886 2773 1892 2778 ·

458 2840 615 2894 Ἀλλά
650 2842 791 2905 τίνος
821 2843 980 2912 χάριν
1010 2845 1070 2895 οὐ
1110 2844 1200 2898 τὸν
1229 2845 1355 2898 Υἱὺν
1387 2847 1480 2898 ἐπὶ
1509 2846 1570 2898 τὸ
1605 2847 1828 2912 ἁγιάσαι
1865 2847 1933 2908 τὰ

373 2931 520 3001 δῶρα
577 2934 604 2984 ὁ
663 2933 840 3002 ἱερεὺς
895 2937 1068 2999 καλεῖ,
1108 2937 1257 3005 ἱερέα
1304 2937 1431 2989 ὄντα
1467 2943 1557 2991 καὶ
1601 2937 1931 3006 ἁγιάζοντα,

371 3026 618 3092 καθάπερ
649 3027 864 3096 εἴρηται
895 3065 911 3086 .
963 3027 1099 3080 ἀλλὰ
1152 3028 1242 3080 τὸν
1285 3029 1508 3101 Πατέρα
1544 3046 1559 3096 ;
1593 3031 1710 3083 Ἵνα
1751 3030 1934 3102 μάθῃς

2035 1951 2156 1989 nem
2204 1935 2444 2001 Domini,
2475 1953 2548 1992 ne
2592 1937 2910 1992 Latinorum
2965 1937 3183 2006 quidem
3239 1933 3464 1988 omnino
3514 1941 3600 1987 est

2037 2024 2316 2091 Ecclesiae,
2349 2027 2443 2082 sed
2479 2041 2774 2094 paucorum
2828 2026 3188 2096 quorumdam
3221 2033 3276 2078 et
3327 2022 3598 2077 recentio-

2037 2131 2178 2180 rum,
2206 2119 2300 2186 qui
2329 2118 2380 2172 ei
2417 2133 2636 2187 quoque
2676 2119 2732 2172 in
2763 2119 2882 2172 aliis
2913 2118 3300 2171 detrimentum
3336 2113 3592 2180 aﬂ'erunt,

2037 2212 2098 2258 ut
2147 2207 2239 2273 qui
2297 2207 2364 2259 ad
2415 2207 2549 2260 nihil
2596 2206 2740 2259 aliud
2795 2223 2853 2260 se
2904 2215 3011 2258 tant
3049 2215 3352 2273 opportune
3379 2213 3594 2272 gerunt,

2036 2310 2200 2364 quam
2233 2296 2300 2349 ad
2331 2297 2533 2365 aliquid
2587 2310 2789 2348 novum
2841 2296 3126 2349 dicendum
3151 2303 3204 2347 et
3243 2293 3593 2348 audiendum.

2034 2385 2099 2440 Et
2123 2387 2236 2441 hmo
2268 2388 2484 2456 quidem
2519 2389 2582 2442 de
2621 2387 2890 2442 oratione.

2633 2593 2786 2648 CAP.
2828 2589 3017 2646 XXXI.

2039 2684 2283 2751 Quanam
2303 2687 2368 2740 de
2389 2702 2553 2740 causa
2580 2685 2822 2738 sacerdos
2843 2687 2911 2738 ad
2933 2685 3194 2737 donorum
3218 2681 3602 2751 sanctiﬁcatio-

2245 2771 2358 2810 nem
2394 2773 2494 2810 non
2522 2754 2742 2821 Filium,
2773 2756 2862 2809 sed
2894 2753 3108 2809 Putrem
3140 2753 3391 2808 inuocat?
3640 2753 3646 2760 ’

2107 2845 2211 2900 Sed
2245 2861 2480 2915 quanam
2511 2847 2577 2900 de
2630 2861 2793 2901 causa
2824 2860 2932 2898 non
2962 2843 3153 2898 Filium
3186 2842 3262 2902 ad
3285 2842 3424 2896 dona
3472 2855 3602 2895 san-

2035 2939 2323 2994 ctiilcanda
2353 2949 2510 2994 vocat
2547 2939 2817 3004 sacerdos,
2857 2952 2987 2992 cum
3024 2937 3072 2991 is
3111 2938 3179 2990 sit
3238 2943 3291 2988 et
3318 2931 3596 2998 sacerdos,

2034 3039 2087 3084 et
2122 3031 2447 3093 sanctilicet,
2510 3031 2651 3084 sicut
2695 3032 2900 3086 dictum
2932 3038 3032 3092 est,
3067 3026 3158 3082 sed
3226 3024 3490 3079 Patrem?
3531 3023 3601 3078 Ut

367 3119 527 3172 ὅτιτὸ
562 3120 811 3186 ἀγιάζειν
845 3123 870 3172 ὁ
903 3116 1122 3190 Σωτὴρ,
1170 3123 1266 3190 οὐχ
1321 3121 1396 3185 ὡς
1451 3121 1734 3192 ἄνθρωπος
1791 3121 1930 3192 ἔχει,

2037 3121 2178 3177 scias
2209 3122 2353 3191 quod
2398 3120 2656 3177 Servatur
2707 3121 2871 3175 habet
2922 3119 3074 3184 illud,
3127 3132 3320 3186 nempe
3361 3115 3601 3171 sanctiﬁ-

370 3211 483 3262 ἀλλ’
512 3211 583 3273 ὡς
615 3211 744 3273 Θεός
774 3227 785 3239 ·
847 3215 937 3262 καὶ
978 3213 1064 3264 διὰ
1094 3213 1191 3279 τὴν
1221 3211 1456 3281 δύναμιν
1486 3212 1583 3282 τὴν
1639 3211 1812 3280 θείαν,
1864 3212 1931 3283 ἣν
1958 3282 1998 3302 ω

368 3303 550 3370 κιινὴν
576 3303 836 3368 κέκτηται
869 3305 1005 3370 μετὰ
1035 3301 1128 3352 τοῦ
1158 3301 1388 3371 Πατρός.

2036 3228 2186 3278 care,
2215 3227 2326 3267 non
2355 3223 2413 3267 ut
2439 3214 2627 3276 homo,
2680 3212 2774 3267 sed
2805 3220 2864 3266 ut
2899 3212 3060 3274 Deus,
3091 3225 3187 3280 per
3222 3210 3457 3264 divinam
3501 3220 3602 3276 po-

2039 3303 2286 3369 tentiam,
2317 3319 2478 3370 quatn
2514 3304 2674 3359 habet
2705 3318 3054 3359 communem
3095 3317 3218 3356 cum
3254 3299 3430 3354 Patre.

442 3395 610 3445 Τοῦτο
642 3393 735 3444 καὶ
766 3393 926 3456 αὐτὸς
971 3392 998 3444 ὁ
1041 3393 1244 3462 Κύριος
1295 3392 1532 3461 δηλῶσαι
1588 3393 1930 3463 βουλόμενος,

2102 3391 2215 3450 Hoc
2268 3395 2443 3464 ipsum
2488 3395 2651 3450 etiam
2699 3396 2892 3449 volens
2954 3392 3216 3447 Dominus
3269 3389 3598 3458 signiﬁcare,

368 3487 456 3537 ὅτε
492 3485 663 3535 ἐτέλει
701 3483 762 3534 τὸ
815 3485 1134 3552 μυστήριον,
1190 3486 1268 3545 εἰς
1302 3484 1392 3536 τὸν
1427 3485 1658 3554 οὐρανὸν
1713 3486 1934 3548 ἔϐλεπε,

372 3579 462 3628 καὶ
498 3577 570 3644 τῷ
610 3576 782 3644 Πατρ“ι
811 3575 1121 3626 ἀνεδείκνυε
1153 3575 1242 3626 τὸν
1273 3573 1456 3644 ἄρτον.
1487 3577 1586 3627 Διὰ
1625 3575 1781 3628 τοῦτο
1839 3578 1934 3628 καὶ

369 3669 483 3719 ἔνια
513 3667 620 3718 τῶν
652 3666 946 3734 θαυμάτων
974 3665 1115 3719 οὖτω
1149 3666 1396 3732 φαίνεται
1449 3667 1636 3731 ποιῶν,
1705 3671 1762 3720 ὲν
1808 3669 1935 3739 σχή-

371 3777 500 3830 ματι
533 3760 631 3827 τῆς
658 3758 793 3828 πρὸς
823 3759 913 3810 τὸν
963 3757 1093 3809 Θεὸν
1125 3758 1309 3826 εὐχῆς,
1343 3758 1429 3810 ἵνα
1465 3758 1609 3830 δείξῃ
1637 3760 1711 3822 ὡς
1740 3760 1800 3812 οὐ
1833 3759 1935 3829 φύ-

371 3871 508 3913 σεως
539 3849 883 3920 ἀνθρωπίνης
910 3851 1029 3902 ἐστὶ
1050 3851 1114 3901 τὰ
1147 3850 1392 3911 τοιαῦτα,
1420 3851 1539 3903 καθ’
1593 3854 1660 3920 ἢν
1706 3852 1936 3921 Μητέρα

369 3940 525 4007 ἔτχεν
595 3939 685 3990 ἐπὶ
744 3940 840 4008 τῆς
891 3939 1036 4008 γῆς·
1078 3937 1215 3992 ἀλλὰ
1251 3941 1349 4008 τῆς
1392 3940 1586 3992 ἑαυτοῦ
1636 3942 1948 4009 θειότητος,

371 4032 488 4085 καθ’
519 4032 584 4102 ἢν
610 4031 700 4083 τὸν
734 4032 864 4083 Θεὸν
896 4031 1016 4097 ἔσχε
1049 4029 1288 4099 Πατέρα.
1339 4030 1449 4082 Καὶ
1496 4030 1584 4081 ὅτε
1630 4030 1687 4082 δὲ
1744 4031 1936 4100 ἔμελλε

368 4121 578 4174 ὲπ.τὸν
638 4121 871 4189 σταυρῖιν
920 4119 1257 4181 ἀναϐαίνειν,
1322 4118 1643 4188 βουλόμενος
1696 4121 1936 4188 σημᾶναι

367 4216 462 4275 τὰς
501 4213 593 4266 δύο
619 4213 867 4282 θελήσεις
911 4209 1215 4279 αὑτοῦ,τὴν
1246 4209 1395 4261 θείαν
1446 4211 1536 4262 καὶ
1578 4213 1677 4276 τὴν
1730 4212 1938 4282 ἀνθρω-

370 4309 552 4375 πίνην,
615 4305 710 4374 τὴν
767 4303 865 4372 μὲν
921 4301 1140 4369 θέλησιν
1167 4303 1264 4370 τῆς
1293 4299 1509 4354 -ὲαυτοῦ
1553 4300 1825 4371 θειότητος
1859 4301 1934 4371 τῷ

371 4399 543 4466 Πατρὶ
578 4394 829 4457 ἀνετίθει,
880 4392 976 4463 τὴν
1045 4394 1101 4445 δὲ
1147 4392 1365 4462 θέλησιν
1390 4392 1488 4461 τῆς
1514 4390 1934 4463 άνθρωπότητο;

369 4487 566 4542 ἑαυτοῦ
617 4487 833 4553 θέλησιν
864 4485 1052 4552 ἔλεγεν
1084 4481 1222 4538 εἶναι
1259 4501 1274 4515 ·
1311 4503 1329 4536 ι
1365 4485 1479 4554 Οὐχ
1502 4485 1576 4546 ὡς
1604 4483 1712 4552 ἐγὼ
1767 4484 1926 4551 θέλω,

370 4582 554 4650 φησιν,
584 4577 696 4629 ἀλλ’
717 4577 788 4636 ὼς
813 4574 931 4628 eo»
963 4576 1110 4639 “1,.
1136 4574 1228 4645 Μὴ
1259 4574 1316 4626 τὸ
1334 4574 1545 4643 θέλημά
1566 4591 1689 4641 μου,
1715 4575 1852 4628 ἀλλὰ
1875 4577 1935 4628 τδ

371 4676 462 4724 σ’,ν
491 4668 746 4737 γενέσθω.
780 4688 798 4718 ι
831 4667 951 4719 Ὀτι
976 4668 1084 4737 γάρ
1115 4669 1206 4720 καὶ
1233 4666 1393 4724 αὐτὸς
1419 4666 1623 4737 ταύτην
1652 4667 1809 4738 ἤθελε
1835 4669 1936 4736 τὴν

370 4764 613 4830 θέλησιν,
646 4759 712 4830 ἣν
751 4757 1074 4828 ἁπεπλήρου
1101 4756 1176 4826 τῷ
1203 4757 1403 4826 Πατρὶ,
1434 4757 1592 4824 δῆλος
1622 4753 1688 4828 ἦν
1720 4759 1812 4810 καὶ
1840 4758 1934 4811 ἀπ’

369 4853 549 4907 αὐτῶν
578 4849 777 4903 τούτων
799 4851 909 4901 τῶν
933 4849 1216 4919 ῥημάτων,
1271 4850 1326 4900 ὲν
1375 4844 1456 4911 οἷς
1506 4848 1656 4900 δοκεί
1706 4850 1936 4919 διαιρεῖν

367 4941 678 5013 τὴνὲαυτοῦ
716 4941 937 5010 θέλησιν
987 4944 1084 5010 τῆς
1114 4939 1386 5008 θελήσεως
1430 4939 1524 4992 τοῦ
1580 4941 1814 5012 Πατρός.
1863 4941 1936 4995 Τὸ

366 5037 478 5105 γάρ
501 5051 516 5065 ·
556 5053 573 5086 ι
614 5035 703 5104 Μὴ
737 5031 1030 5100 τὸίθέλημά
1056 5049 1178 5100 μου,
1220 5032 1358 5085 ἀλλὰ
1379 5031 1438 5082 τὸ
1471 5031 1562 5083 σὺν
1613 5033 1876 5099 γενέσθω,
1909 5050 1928 5083 ι

369 5127 751 5196 συντιθεμένου
793 5121 860 5196 ἦν
886 5126 978 5178 καί
1013 5124 1083 5175 τά
1119 5122 1260 5174 αὐτὰ
1293 5121 1646 5192 βουλομένου.
1673 5123 1843 5192 Δῆλος
1878 5123 1935 5176 at

365 5217 456 5290 ἦν,
491 5221 580 5272 ὅτε
614 5218 853 5288 ἐπετίμα
880 5216 960 5287 τῷ
991 5217 1180 5285 Πέτρῳ
1215 5215 1574 5284 άπευχομένῳ
1628 5215 1718 5267 τὸν
1774 5231 1936 5268 σταυ-

374 5315 466 5380 ρὸν
492 5311 658 5364 αὐτοῦ
693 5312 784 5364 καὶ
819 5309 908 5362 τὸν
949 5309 1182 5360 θάνατον
1212 5322 1225 5336 ⁸
1257 5307 1348 5359 καὶ
1377 5306 1456 5358 ἔτι
1492 5309 1550 5358 ὲν
1599 5303 1678 5368 οἷς
1708 5306 1896 5374 ἔλεγεν
1916 5325 1930 5340 '

378 5427 394 5458 ι
445 5405 742 5475 Ἐπιθυμίᾳ
772 5403 1094 5472 ἐπεθύμησα
1163 5401 1326 5455 τοῦτο
1383 5402 1443 5454 τὸ
1494 5403 1678 5472 πάσχα
1738 5408 1934 5472 φαγεῖν

374 5496 492 5564 μεθ’
521 5494 696 5565 ὑμῶν,
735 5495 840 5564 πρὸ
869 5495 963 5546 τοῦ
1002 5511 1068 5564 με
1099 5493 1312 5545 παθεῖν.
1342 5511 1362 5543 δ
1409 5492 1514 5545 Τοῦ
1556 5494 1692 5562 πρὸς
1730 5495 1804 5564 τῷ
1836 5497 1935 5550 πά-

370 5587 452 5640 θει
477 5587 678 5654 πάσχα,
715 5587 900 5654 φησὶν,
932 5584 1273 5654 ἐπεθύμησα,
1311 5585 1534 5653 μονονοὺ
1561 5586 1748 5652 λέγων·
1782 5588 1930 5640 Ἑπι-

371 5680 543 5747 θυμίᾳ
603 5679 926 5748 ἐπεθύμησα
976 5678 1112 5731 αὐτὰ
1161 5678 1230 5730 τὰ
1278 5677 1522 5746 πρόθυρα
1589 5677 1681 5731 τοῦ
1727 5680 1930 5744 πάθους

377 5768 522 5824 ἰδεῖν.
555 5769 663 5822 Καὶ
696 5770 866 5823 ταῦτα
899 5770 994 5838 μὲν
1019 5770 1095 5831 είς
1130 5771 1398 5822 τοσοῦτον.

2036 3487 2256 3556 quando
2287 3487 2493 3557 peregit
2543 3487 2886 3558 mysterium,
2941 3486 2992 3538 in
3033 3485 3231 3540 cmlum
3282 3481 3511 3550 aspexit,
3547 3488 3602 3533 et

2038 3576 2183 3632 Patri
2211 3594 2402 3648 panem
2433 3581 2689 3635 ostendit.
2725 3577 2799 3633 Ea
2831 3580 2898 3634 de
2938 3592 3101 3634 causa
3131 3576 3292 3631 etiam
3339 3572 3597 3626 nonnutla

2038 3671 2297 3725 miracula
2331 3671 2406 3725 ita
2449 3672 2732 3728 videbatur
2779 3671 2960 3726 facere
3005 3669 3186 3738 specie
3216 3667 3478 3722 orationis
3533 3665 3598 3719 ad

2039 3764 2229 3831 Deum,
2261 3776 2320 3820 ut
2349 3766 2660 3821 ostenderet
2679 3782 2784 3821 non
2809 3781 2926 3820 esse
2962 3768 3072 3819 haec
3095 3751 3348 3817 humana:
3367 3769 3599 3822 naturae,

2039 3870 2138 3924 per
2167 3873 2329 3926 quam
2364 3858 2554 3912 habuit
2578 3858 2800 3912 Matrem
2833 3859 2884 3911 in
2927 3866 3090 3921 terra,
3133 3855 3226 3910 sed
3258 3868 3370 3907 suae
3399 3850 3603 3904 divini-

2040 3950 2186 4014 tatis,
2221 3964 2314 4017 per
2344 3964 2506 4017 quam
2545 3950 2712 4003 Deum
2741 3948 2929 4001 habuit
2965 3947 3200 3999 Patrem.
3226 3942 3394 3996 Porro
3421 3950 3601 3994 autent

2043 4041 2258 4107 quando
2279 4054 2498 4094 crucem
2527 4050 2642 4094 erat
2681 4051 3038 4099 ascensurus,
3078 4036 3268 4088 volens
3293 4032 3606 4098 signiﬁcare

2040 4132 2176 4186 duas
2232 4134 2561 4193 voluntates,
2604 4130 2844 4183 divinam
2906 4127 3112 4182 scilicet
3163 4136 3218 4178 et
3286 4125 3602 4185 humanam,

2039 4237 2154 4278 suae
2189 4222 2412 4292 quidem
2447 4221 2750 4275 divinitatis
2779 4220 3109 4273 voluntatem
3147 4218 3294 4272 Patri
3328 4215 3602 4276 attribuit.

2040 4313 2398 4366 humanitatis
2451 4321 2630 4367 autem
2686 4312 3016 4365 voluntatem
3074 4323 3226 4363 suam
3261 4320 3382 4360 esse
3427 4304 3603 4362 dixit.

2045 4426 2062 4458 ‹
2099 4406 2218 4460 Νοη
2244 4407 2384 4460 sicut
2411 4421 2512 4475 ego
2545 4405 2686 4468 volo,
2715 4404 2909 4473 inquit,
2933 4402 3024 4456 sed
3058 4400 3199 4455 sicut
3242 4409 3297 4452 tu
3325 4397 3428 4458 vis,
3456 4415 3473 4447 ι
3503 4404 3556 4449 et
3585 4409 3600 4446 :

2044 4517 2062 4550 t
2103 4497 2218 4552 Non
2261 4514 2380 4553 mea
2441 4498 2714 4562 voluntas,
2772 4498 2866 4553 sed
2917 4509 3004 4550 tua
3037 4494 3146 4549 fiat.
3197 4512 3215 4545 ι
3249 4491 3404 4557 Quod
3457 4503 3604 4542 enttn

2039 4589 2155 4657 ipse
2208 4591 2373 4644 etiam
2417 4589 2559 4645 hanc
2595 4589 2788 4644 habuit
2839 4587 3196 4650 voluntatem,
3233 4597 3396 4652 quam
3444 4577 3596 4632 Patri

2039 4681 2303 4749 implevit,
2335 4695 2399 4734 ex
2436 4680 2522 4735 his
2561 4679 2695 4748 ipsis
2723 4679 2888 4733 etiam
2914 4678 3092 4730 verbis
3117 4672 3462 4726 manifestum
3491 4679 3596 4734 est,

2037 4774 2089 4827 in
2126 4775 2326 4841 quibus
2353 4774 2570 4827 videtur
2598 4787 2854 4843 separare
2889 4770 3218 4824 voluntatem
3246 4777 3400 4817 suam
3437 4777 3466 4815 a
3501 4777 3597 4816 vo-

2037 4865 2244 4922 luntate
2304 4865 2505 4920 Patris.
2558 4867 2673 4920 Hoc
2717 4864 2903 4927 enim,
2948 4878 2966 4912 ι
3013 4859 3129 4911 Non
3195 4855 3448 4910 voluntas
3478 4871 3599 4911 mea

2041 4959 2134 5013 sed
2174 4967 2265 5012 tua
2293 4957 2438 5020 ﬁat,»
2465 4964 2549 5010 est
2576 4956 2694 5018 eius
2722 4955 2814 5024 qui
2840 4954 3136 5006 assentitur
3167 4958 3219 5004 et
3242 4945 3357 5001 vult
3384 4950 3593 5003 eadem.

2043 5049 2100 5105 Id
2133 5049 2298 5105 etiam
2344 5048 2611 5112 ostendit,
2648 5044 2866 5114 quando
2900 5041 3118 5097 Petrum
3155 5041 3473 5112 increpavit,
3504 5043 3598 5112 qui
3690 5076 3695 5082 -

2040 5157 2260 5196 crucem
2292 5140 2412 5208 ejus
2444 5148 2500 5195 et
2523 5147 2758 5194 mortem
2788 5134 3216 5204 deprecabatur;
3245 5143 3295 5190 et
3337 5144 3596 5204 praeterea

2037 5234 2258 5303 quando
2304 5233 2460 5298 dixit,
2504 5251 2522 5282 ι
2565 5230 2846 5286 Desiderio
2898 5229 3204 5284 desideravi
3257 5228 3359 5285 hoc
3386 5230 3592 5300 pascha

2035 5325 2373 5380 manducare
2441 5321 2765 5384 vobiscum,
2820 5328 3110 5388 antequam
3165 5333 3267 5390 ego
3329 5321 3522 5389 patiar.
3566 5338 3586 5370 ι

2036 5418 2273 5482 Pascha,
2301 5415 2498 5484 inquit,
2529 5424 2655 5468 ante
2690 5412 2996 5482 passionem
3021 5411 3328 5466 desideravi
3354 5428 3369 5464 :
3397 5424 3596 5479 prope.

2034 5509 2255 5562 modum
2287 5506 2476 5559 dicens
2510 5519 2523 5556 :
2552 5501 2833 5557 Desiderio
2854 5501 3153 5555 desideravi
3177 5501 3295 5565 ipsa
3325 5496 3599 5566 passionis

2033 5601 2218 5656 videre
2247 5597 2541 5654 vestibula.
2568 5597 2629 5650 Et
2667 5596 2781 5649 haec
2816 5595 3033 5662 quidem
3069 5592 3348 5644 hactenus.
