4158 6306
500 441 620 505 τάδε)

1093 555 1245 610 CAP.
1288 555 1507 611 XXXII.

499 667 592 736 ,De
627 669 894 739 sacriﬁcio
931 671 1063 738 ipso,
1095 681 1146 726 et
1175 673 1298 753 quid
1319 683 1407 753 _esl
1432 675 1569 741 quod
1604 671 1932 742 sacriﬁcium
1963 687 2084 726 sus-

1228 744 1375 809 cipit.

586 833 662 887 De
693 833 812 903 ipso
845 843 1026 888 autem
1061 833 1333 889 sacriﬁcio
1356 847 1534 903 opera:
1569 834 1802 904 pretium
1842 842 1924 888 est
1950 831 2082 887 illud

500 928 778 990 ’qttmrere.
815 921 952 988 Quia
989 924 1135 976 enim
1189 937 1300 976 non
1349 924 1535 993 ﬁgura:
1590 923 1868 989 sacriﬁcii,
1908 937 2084 992 neque

514 1015 805 1086 sanguinis
843 1016 1042 1083 imago,
1074 1015 1171 1069 sed
1217 1029 1344 1069 vere
1381 1023 1466 1070 est
1497 1017 1751 1070 mactatio
1791 1026 1845 1070 et
1876 1014 2084 1071 sacriﬁo

513 1107 681 1169 cium,
731 1120 1039 1175 quaeramus
1077 1105 1209 1174 quid
1248 1113 1334 1160 est
1367 1105 1761 1171 sacriﬁcatum,
1809 1105 1966 1174 panis
2013 1119 2082 1158 an

513 1212 715 1268 corpus
741 1197 996 1252 Domini?
1034 1198 1280 1253 videlicet
1315 1197 1536 1268 quando
1584 1198 1726 1252 dona
1769 1197 2085 1252 sacriﬁcan-

516 1302 628 1356 tur,
671 1292 988 1360 priusquam
1025 1292 1138 1346 sint
1197 1292 1560 1357 sanctiﬁcata,
1610 1307 1676 1346 an
1708 1303 1916 1360 postea.
1949 1289 2084 1345 Etsi

515 1379 674 1447 panis
698 1379 915 1446 quidem
952 1391 1034 1436 est
1067 1381 1212 1449 quod
1245 1382 1609 1444 sacriﬁcatur,
1661 1382 1898 1450 primum
1962 1379 2086 1448 qui-

515 1471 634 1523 dem
660 1469 932 1538 quodnam
965 1469 1130 1525 fuerit
1164 1473 1319 1542 panis
1352 1472 1717 1526 sacriﬁcium:
1752 1473 1946 1526 deinde
1975 1485 2081 1524 non

513 1569 596 1614 est
629 1559 735 1616 hoc
756 1562 912 1617 nobis
937 1562 1275 1632 mysterium,
1302 1563 1488 1618 videre
1529 1577 1723 1632 panem
1761 1569 2081 1624 mactatum,

513 1651 608 1706 sed
644 1651 857 1718 Agnum
886 1651 1004 1717 Dei,
1029 1654 1121 1723 qui
1151 1670 1247 1708 sua
1273 1663 1445 1709 morte
1469 1654 1843 1724 tollitIpeccata
1872 1652 2081 1705 tnnndi.

515 1741 610 1795 Sin
643 1751 826 1798 autem
857 1743 1035 1812 ipsum
1090 1743 1434 1799 Dominicum
1486 1737 1688 1814 corpus
1721 1743 2082 1807 sacriﬁcatur,

514 1833 617 1886 hoc
671 1841 817 1887 certe
847 1848 914 1887 ne
949 1835 1066 1888 ﬁeri
1116 1835 1336 1904 quidem
1374 1845 1572 1904 potest.
1613 1833 1733 1890 Non
1768 1837 1913 1890 enim
1960 1849 2083 1888 am-

1770 446 2067 508 NlCOLM
2113 449 2200 508 CA
2213 451 2295 508 ΒΑ
2305 450 2367 508 SI
2381 451 2494 509 LE

3639 442 3746 508 4'0

2777 561 3028 617 ΚΕΦᾹΛ.
3069 559 3192 616 AB'.

2195 677 2337 746 Περὶ
2372 675 2482 745 τῆς
2519 676 2738 740 θυσίας
2776 674 2990 746 αὐτῆς,
3031 673 3143 746 καὶ,
3171 673 3228 726 τί
3255 672 3385 726 ἐστι
3413 668 3480 724 τὸ
3516 667 3750 739 δεχόμεσ

2714 761 2826 799 νον
2855 744 2971 811 τὴν
2999 743 3243 799 θυσίαν.

2265 841 2401 910 Περὶ
2427 839 2483 894 δὲ
2512 839 2612 908 τῆς
2653 837 2844 900 θυσίας
2891 836 3064 906 αὐτῆς
3131 835 3287 900 ἄξιον
3335 836 3513 888 ἐκεῖνο
3553 834 3739 902 ζητεῖν

2193 934 2348 986 Ἐπεὶ
2403 934 2511 1003 γάρ
2563 932 2626 984 οὐ
2657 929 2827 994 τύπος
2875 928 3069 992 θυσίας
3116 928 3239 983 οὐδὲ
3285 927 3522 996 αἵματος,
3576 925 3760 988 εἰκὼν,

2193 1025 2330 1079 ἀλλά
2360 1023 2583 1094 ἀληθῶς
2621 1007 2815 1092 σφαγῆ
2834 1021 2931 1074 καὶ
2961 1020 3145 1084 θυσία,
3184 1018 3438 1089 ζητῶμεν
3465 1017 3518 1071 τί
3548 1018 3608 1070 τὸ
3639 1015 3756 1070 θυό-

2195 1133 2382 1185 μενον,
2419 1115 2448 1166 ὀ
2479 1114 2642 1184 ἄρτος
2681 1112 2714 1182 ἦ
2771 1112 2833 1166 τὸ
2883 1109 2978 1164 τοῦ
3030 1111 3237 1182 Κυρίου
3282 1109 3477 1179 adma;
3517 1106 3761 1178 δηλονότι

2192 1207 2325 1260 πότε
2355 1205 2425 1258 τά
2456 1205 2606 1272 δῶρα
2635 1203 2847 1267 θύεται,
2895 1202 3003 1274 πρὸ
3031 1200 3126 1254 τοῦ
3159 1199 3508 1270 ἀγιασθῆναι,
3541 1197 3574 1269 ἦ
3624 1197 3762 1266 μετᾶ

2190 1299 2252 1352 τὸ
2287 1296 2656 1366 ἀγιασθῆναι;
2695 1296 2803 1350 Καὶ
2855 1296 2902 1348 εί
2942 1294 3042 1364 μὲν
3088 1296 3114 1346 ὁ
3152 1293 3316 1362 ἄρτος
3365 1290 3426 1345 τὸ
3475 1289 3757 1358 θυόμενον,

2194 1390 2410 1462 πρῶτον
2439 1389 2536 1458 μὲν
2569 1387 2649 1446 τίς
2673 1389 2838 1458 ἄρτου
2866 1385 3026 1439 θυσία
3057 1385 3255 1451 γένοιτ’
3281 1384 3346 1438 ἄν
3371 1400 3386 1447 ;
3411 1383 3667 1442 Ἔπειτα,
3697 1379 3756 1430 οὐ

2189 1479 2349 1534 τοῦτο
2385 1481 2516 1550 ἡμῖν
2552 1479 2668 1530 ἐστι
2696 1478 2754 1529 τὸ
2792 1477 3114 1547 μυστήριον,
3148 1476 3312 1544 ἄρτον
3358 1475 3488 1527 ἰδεῖν
3525 1470 3756 1540 σφαττῦ-

2194 1584 2377 1637 μενον,
2411 1565 2547 1619 άλλά
2589 1565 2681 1618 τὸν
2728 1563 2923 1634 Ἀμνδν
2958 1563 3049 1616 τοῦ
3100 1560 3258 1626 Θεοῦ,
3307 1561 3399 1615 τδν
3433 1560 3664 1630 αἴροντα
3691 1559 3758 1628 τῇ

2193 1660 2378 1728 σφαγῇ
2410 1657 2514 1728 τὴν
2544 1656 2820 1727 ἁμαρτίαν
2844 1656 2938 1708 τοῦ
2969 1654 3197 1724 κόσμου.
3225 1649 3294 1706 Ἐξ
3325 1653 3382 1706 δὲ
3407 1651 3540 1706 αὐτὸ
3571 1650 3756 1704 θύεται

2189 1751 2250 1805 τὸ
2283 1750 2562 1819 Κυριακὺν
2592 1748 2773 1817 σῶμα,
2811 1747 3048 1818 μάλιστα
3078 1745 3176 1815 μὲν
3204 1745 3325 1799 οὐδὲ
3347 1743 3575 1798 δυνατόν
3597 1759 3608 1771 ·
3640 1741 3759 1796 οὐδὲ

2191 1843 2299 1913 γὰρ
2342 1839 2630 1920 ,σφαγῆναι
2666 1840 2746 1892 ἔτι
2780 1838 2814 1909 ἢ
2860 1837 3137 1907 πληγῆναι
3188 1837 3446 1900 δύναται,
3485 1835 3761 1904 ἀκήρατον

511 1923 656 1990 plin-s
679 1924 858 1979 occidi
882 1925 963 1977 vel
990 1926 1198 1995 percuti
1231 1935 1430 1996 potest,
1463 1942 1588 1982 cum
1616 1927 1728 1997 jam
1763 1927 1832 1983 ab
1861 1927 2083 1980 interitu

2191 1935 2287 2006 ἤδη
2319 1936 2413 1988 καὶ
2447 1932 2716 1986 ἀθάνατον
2751 1931 3067 2001 γενόμενον.
3096 1930 3156 1982 El
3181 1929 3237 1982 δὲ
3270 1929 3398 1998 ἐξῆν
3431 1945 3484 1980 τι
3514 1925 3762 1979 τοιοῦτον

512 2023 565 2064 et
589 2013 939 2081 corruptione
983 2015 1220 2068 alienum
1258 2024 1308 2070 et
1361 2016 1671 2070 immortale
1699 2015 1950 2070 ellectum
1989 2016 2085 2070 sit.

513 2101 671 2167 Quod
703 2105 750 2159 si
785 2106 898 2160 ﬁeri
954 2117 1136 2176 posset
1168 2117 1226 2160 ut
1255 2108 1436 2163 adhuc
1485 2108 1692 2178 aliquid
1718 2109 1824 2163 tale
1872 2115 2088 2178 patere-

515 2203 628 2261 tur,
651 2205 932 2263 oporteret
983 2213 1104 2254 esse
1140 2208 1191 2253 et
1239 2199 1332 2269 qui
1374 2200 1774 2270 cruciﬁgereat,
1809 2206 1863 2255 et
1904 2197 2088 2254 omnia

515 2287 622 2342 alia
656 2289 953 2343 convenire
985 2305 1103 2359 quae
1135 2291 1268 2345 illud
1301 2291 1628 2345 sacriﬁcium
1661 2290 1983 2355 cﬁecerunt,
2009 2288 2084 2342 si-

517 2380 738 2449 quidem
773 2396 881 2434 non
927 2380 1096 2451 ﬁgura
1130 2382 1496 2446 mactationis,
1546 2381 1640 2436 sed
1676 2397 1803 2437 vera
1831 2380 2089 2436 mactatio

517 2487 642 2528 esse
664 2473 905 2541 ponitur.
947 2472 1152 2528 Deinde
1171 2489 1283 2543 quo
1316 2474 1480 2529 modo
1503 2473 1760 2528 Christus
1807 2471 1973 2528 semel
2006 2479 2091 2526 est

519 2574 792 2630 mortuus,
855 2575 908 2620 et
973 2566 1292 2630 suscitatus,
1350 2580 1458 2619 non
1487 2566 1720 2636 amplius
1753 2564 2002 2629 moritur,
2037 2573 2090 2620 et

517 2658 686 2712 semel
735 2673 928 2728 passus
957 2667 1041 2712 est
1079 2659 1138 2712 in
1172 2658 1646 2713 consummatione
1673 2659 1879 2720 seculi,
1924 2665 1978 2712 et
2005 2672 2092 2713 se-

515 2751 622 2806 mel
663 2749 864 2806 dicitur
891 2751 1127 2818 oblatus,
1162 2761 1221 2805 ut
1249 2753 1544 2806 multorum
1580 2761 1802 2822 peccata
1830 2749 2090 2805 oﬁerret?

520 2844 577 2899 Si
605 2844 755 2901 enim
790 2845 845 2898 in
904 2860 1234 2915 unaquaque
1283 2845 1529 2917 mysterii
1569 2845 1940 2900 celebratione
1974 2843 2092 2914 ipse

517 2936 879 3002 sacriﬁcatur,
939 2936 1186 3006 quotidie
1247 2937 1500 2992 moritur.
1522 2935 1662 3003 Quid
1698 2936 1764 2992 ad
1798 2936 1913 2992 haec
1961 2949 2093 3006 ergo

520 3029 812 3082 dicendum
844 3037 929 3084 est
951 3028 973 3082 2
998 3027 1342 3082 Sacriﬁcium
1383 3043 1564 3098 neque
1599 3037 1891 3098 antequam
1935 3026 2092 3096 panis

520 3120 910 3186 sanctiﬁcetur,
972 3135 1152 3189 neque
1207 3130 1498 3191 postquam
1557 3130 1639 3177 est
1701 3120 2090 3185 sanctiﬁcatus,

2188 2025 2320 2080 αὐτὸ
2350 2026 2617 2094 ἐνεγκεῖν,
2654 2022 2763 2076 ἔδει
2787 2021 2880 2076 καὶ
2912 2023 3038 2085 τοὺς
3078 2020 3448 2091 σταυροῦντας
3475 2014 3635 2082 εἶναι,
3667 2019 3762 2069 καὶ

2187 2118 2359 2173 τᾶλλα
2391 2114 2669 2170 συνελθεῖν
2703 2115 2941 2177 ἄπαντα,
2985 2111 3020 2168 ἃ
3051 2113 3148 2184 τὴν
3179 2111 3371 2165 θυσίαν
3403 2110 3621 2179 ἐκείνην
3649 2110 3763 2176 είρ-

2187 2208 2463 2278 γάσαντο·
2534 2206 2649 2275 εἴγε
2715 2205 2776 2259 ού
2834 2204 3004 2268 τύπος
3067 2204 3302 2272 σφαγῆς,
3375 2200 3512 2255 ἀλλά
3578 2200 3766 2268 σφαγὴ

2189 2300 2394 2371 ἀληθὴς
2454 2299 2738 2352 ὑπόκειται
2799 2293 2962 2350 εἶναι.
3017 2295 3250 2349 Ἔπειτα
3296 2292 3414 2355 πῶς
3463 2294 3490 2345 ὁ
3524 2292 3764 2362 Χριστὸς

2190 2391 2335 2456 suae
2367 2390 2624 2452 ἀπέθανε,
2650 2391 2744 2444 καὶ
2771 2389 3037 2457 ἐγερθεὶς,
3066 2388 3254 2441 οὐκέτι
3284 2384 3640 2454 ἀποθνήσκει,
3667 2384 3762 2434 καὶ

2190 2484 2340 2550 suae
2385 2482 2588 2536 ἔπαθεν
2622 2484 2716 2534 ἐπὶ
2750 2481 3035 2552 συντελείᾳ
3080 2481 3175 2533 τοῦ
3211 2479 3428 2543 αἰῶνος,
3475 2477 3568 2528 καὶ
3614 2474 3765 2538 ἅπαξ

2188 2577 2406 2646 λέγεται
2463 2573 2869 2644 προσενεχθεὶς,
2922 2575 3004 2636 εἰς
3051 2571 3114 2625 τὸ
3176 2571 3389 2623 πολλῶν
3445 2567 3770 2635 ἀνενεγκεῖν

2191 2670 2465 2740 ἁμαρτίας
2493 2683 2509 2733 ;
2539 2667 2602 2720 Ei
2631 2668 2739 2737 γάρ
2770 2665 2891 2720 καθ’
2926 2665 3164 2735 ἑκάστην
3198 2664 3419 2732 τελετὴν
3452 2659 3610 2723 αὐτὸς
3639 2657 3764 2711 θύε-

2189 2777 2304 2826 ται,
2349 2758 2472 2812 καθ’
2507 2757 2745 2826 ἑκάστην
2775 2754 3135 2824 ἀποθνήσκει.
3174 2754 3239 2807 Τί
3285 2753 3380 2806 οὖν
3425 2750 3559 2820 πρὸς
3590 2747 3763 2801 ταῦτα

2192 2853 2340 2906 ἔστιν
2375 2851 2578 2914 είπεϊνς
2617 2847 2686 2903 'H
2715 2845 2873 2901 θυσία
2903 2845 3029 2899 οὔτε
3060 2843 3167 2915 πρὸ
3191 2843 3286 2898 τοῦ
3319 2841 3651 2912 ἄγιασθῆναι
3673 2839 3764 2892 τὸν

2192 2943 2378 3012 ἄρτον,
2409 2938 2532 2993 οὔτε
2568 2937 2707 3009 μετά
2755 2937 2817 2992 τὸ
2851 2936 3183 3008 ἀγιασθῆναι
3219 2935 3477 3000 τελεῖται,
3537 2929 3654 2985 ἀλλ’
3705 2931 3767 2981 ὲν

2193 3031 2342 3103 αὐτῷ
2387 3030 2463 3101 τῷ
2521 3028 2867 3099 ἀγιάζεσθαι.
2919 3029 3076 3082 Οὕτω
3116 3029 3228 3099 γὰρ
3281 3026 3494 3095 ἀνάγκη
3555 3022 3766 3084 πάντας

2196 3121 2581 3194 συντηρεϊσθαι
2605 3123 2733 3184 τοὺς
2757 3138 2823 3175 πε
2835 3122 2887 3193 pi.
2909 3121 3075 3191 αὐτῆς
3099 3117 3522 3189 πιστευομένους
3547 3117 3759 3184 λόγους,

520 3212 823 3281 peragitur,
843 3213 938 3266 sed
965 3227 1029 3267 eo
1050 3213 1166 3283 ipso
1192 3222 1437 3282 tempore
1459 3228 1563 3282 quo
1583 3213 1977 3268 sanctiﬁcatur.
2002 3211 2088 3266 Sic

2195 3215 2291 3269 καὶ
2327 3214 2531 3284 μηδένα
2561 3212 2800 3266 πίπτειν.
2829 3213 2996 3276 Τίνας
3030 3213 3094 3283 δὴ
3125 3211 3270 3280 λέγω
3299 3210 3525 3278 λόγους;
3563 3208 3636 3259 Τὸ
3665 3206 3766 3276 τὴν

519 3304 665 3358 enim
715 3317 938 3358 necesse
981 3312 1063 3358 est
1110 3304 1295 3358 omnia
1332 3318 1456 3374 quae
1508 3303 1577 3359 de
1622 3302 1734 3357 Deo
1769 3303 2087 3367 creduntur,

2197 3310 2387 3364 θυσίαν
2440 3307 2648 3378 ταύτην
2706 3306 2780 3376 μὴ
2819 3307 3002 3359 εἰκόνα
3049 3306 3142 3359 καὶ
3171 3307 3337 3358 τύπον
3367 3298 3506 3356 εἶναι
3550 3300 3766 3362 θυσίας,

518 3396 853 3459 conservari,
881 3405 933 3451 et
963 3396 1098 3451 nihil
1129 3397 1358 3452 omnino
1393 3397 1666 3453 excidero.
1709 3395 1966 3461 Quanam
1996 3409 2093 3448 att.

521 3500 626 3543 tem
659 3504 722 3544 ea
753 3489 920 3544 sunt?
975 3490 1311 3545 Sacriﬁcium
1345 3491 1445 3545 hoc
1491 3505 1600 3544 non
1632 3504 1753 3545 esse
1797 3488 2089 3558 imaginem

518 3590 574 3635 et
605 3582 832 3650 ﬁguram
895 3582 1171 3648 sacriﬁcii,
1206 3582 1300 3637 sed
1335 3597 1520 3636 verum
1580 3581 1906 3635 sacriﬁcium
1934 3595 1949 3645 ;
1981 3594 2089 3633 non

519 3689 641 3729 esse
671 3689 866 3743 panem
898 3675 948 3729 id
973 3675 1118 3744 quod
1151 3674 1520 3741 sacriﬁcatur,
1555 3676 1648 3728 sed
1682 3671 2091 3743 ipsum'Christi

521 3781 723 3833 corpus
753 3804 768 3829 ,
804 3775 862 3819 et
890 3774 1150 3834 praeterea
1176 3780 1342 3818 unum
1367 3779 1488 3820 esse
1512 3764 1645 3835 Agni
1665 3763 2011 3828 sacriﬁcium,
2040 3770 2094 3818 et

520 3857 664 3924 quod
688 3857 854 3910 semel
878 3854 1084 3909 factum
1104 3865 1205 3912 est.
1234 3855 1297 3910 Et
1325 3857 1559 3924 primum
1582 3856 1962 3922 t'ideamus,an
1985 3870 2092 3909 non

520 3950 718 4019 ﬁgura,
769 3948 863 4003 sed
904 3948 1084 4018 reipsa
1115 3949 1442 4003 sacriﬁcium
1473 3949 1542 4004 sit
1566 3949 1802 4020 mysterii
1850 3947 2093 4002 celebra-

524 4041 618 4095 tio.
642 4038 796 4105 Quod
815 4039 959 4093 enim
982 4048 1068 4093 est
1091 4039 1210 4093 ovis
1228 4037 1579 4103 sacriﬁcium,
1601 4053 1723 4106 quae
1765 4039 1830 4091 ab
1851 4051 1915 4092 eo
1948 4034 2092 4107 quod

522 4149 628 4188 non
656 4141 740 4189 est
758 4132 982 4188 omnino
1004 4131 1244 4187 occisum
1273 4131 1325 4185 in
1352 4131 1594 4186 occisum
1629 4129 1688 4184 ﬁt
1711 4127 1960 4192 mutatio,
1989 4128 2093 4182 hoc

521 4225 686 4278 etiam
731 4224 819 4278 hie
862 4223 940 4278 ﬁt.
992 4220 1157 4277 Panis
1207 4222 1354 4277 enim
1389 4223 1480 4291 qui
1529 4232 1614 4277 est
1666 4219 2088 4281 insacriﬁcatus,

522 4322 768 4369 mutatur
792 4323 922 4368 tunc
949 4313 1004 4366 in
1037 4312 1090 4366 id
1125 4314 1268 4380 quod
1299 4320 1384 4367 est
1428 4313 1817 4367 sacriﬁcatum.
1846 4309 2092 4363 Mutatur

521 4405 667 4458 enim
705 4419 733 4457 a
766 4418 906 4469 pane
937 4416 1046 4456 non
1077 4409 1316 4456 mactato
1351 4403 1404 4455 in
1431 4403 1610 4471 ipsum
1633 4417 1833 4470 corpus
1862 4401 2090 4466 Christi,

522 4497 668 4567 quod
715 4509 841 4550 vere
890 4503 1183 4547 mactatum
1235 4501 1337 4546 est.
1375 4492 1526 4547 Unde
1550 4492 2003 4563 quemadmodum
2035 4493 2088 4546 in

2194 3401 2330 3456 ἄλλά
2361 3399 2554 3454 θυσίαν
2601 3399 2882 3467 ἀληθινὴν,
2929 3397 2987 3451 τὸ
3025 3395 3098 3468 μὴ
3147 3397 3308 3468 ἄρτον
3344 3389 3485 3447 εἶναι
3515 3393 3574 3446 τὺ
3605 3391 3762 3443 τεθν-

2197 3491 2380 3562 μένον,
2415 3489 2529 3543 ἀλλ’
2555 3488 2687 3543 αὐτὸ
2715 3488 2776 3540 τὸ
2805 3486 2902 3539 τοῦ
2928 3485 3164 3555 Χριστοῦ
3189 3486 3250 3539 τὸ
3277 3483 3438 3553 σῶμα
3459 3499 3470 3510 ’
3507 3484 3597 3534 καὶ
3626 3480 3762 3550 πρὸς

2192 3589 2426 3647 τούτοις,
2469 3582 2531 3634 τὸ
2579 3581 2708 3651 μίαν
2761 3575 2902 3632 εἶναι
2957 3581 3054 3649 τὴν
3101 3579 3193 3631 τοῦ
3261 3575 3459 3646 Ἀμνοῦ
3491 3575 3584 3629 τοῦ
3625 3573 3760 3626 Θεοῦ

2194 3677 2407 3736 θυσίαν,
2431 3676 2526 3729 καλ⁵
2559 3675 2707 3739 ἆπαξ
2731 3672 3126 3742 γεγενημένην.
3153 3672 3262 3724 Καὶ
3290 3670 3506 3739 πρῶτον
3537 3668 3760 3735 ἴδωμεν.

2193 3773 2241 3824 εἰ
2272 3770 2346 3841 μὴ
2375 3769 2566 3832 τύπος,
2602 3764 2735 3819 ἀλλὰ
2764 3765 2998 3834 πρᾶγμα
3025 3762 3216 3825 θυσίας
3243 3763 3275 3832 ἡ
3299 3760 3510 3830 τελετή,
3532 3758 3628 3820 Τίς
3654 3756 3762 3822 γὰρ

2193 3860 2342 3933 ἠτοῦ
2387 3857 2663 3930 προϐάτου
2715 3855 2892 3920 θυσία,
2939 3857 2974 3926 η
3016 3854 3123 3909 ἀπὸ
3167 3854 3260 3906 τοῦ
3310 3852 3386 3923 μὴ
3415 3849 3764 3921 ἐσφαγμένον

2193 3954 2410 4014 πάντως
2450 3952 2529 4012 εἰς
2557 3951 2615 4003 τὺ
2649 3949 2991 4018 ἐσφαγμένον
3024 3945 3317 4016 μεταϐολὴ,
3347 3945 3505 3998 τοῦτο
3544 3945 3638 3996 καὶ
3674 3943 3762 3993 ἒν-

2191 4043 2386 4109 ταῡθα,
2406 4041 2636 4110 γίνεται.
2677 4039 2741 4095 Ὀ
2772 4039 2880 4110 γὰρ
2913 4037 3073 4108 ἄρτος
3102 4036 3296 4099 ἄθυτος
3325 4034 3402 4088 ὢν
3433 4031 3758 4102 μεταϐάλλει

2192 4137 2315 4189 τότε
2363 4136 2442 4196 εἰς
2473 4133 2534 4185 τὸ
2568 4131 2883 4200 τεουμένον.
2928 4127 3271 4184 Μεταϐάλλει
3318 4127 3426 4196 γάρ
3455 4126 3562 4180 ἀπὸ
3589 4124 3757 4193 ἄρτου

2195 4226 2270 4298 μὴ
2319 4225 2662 4294 ἐσφαγμένου
2714 4226 2793 4286 είς
2841 4221 2974 4276 αύτδ
3024 4221 3085 4274 τὸ
3121 4219 3279 4290 σῶμα
3325 4218 3419 4271 τοῦ
3469 4217 3670 4287 Κυρίου
3699 4215 3758 4268 τ’)

2194 4317 2400 4387 σφαγὲν
2423 4315 2656 4383 ἀληθῶς.
2696 4312 2859 4366 Ὅθεν
2889 4311 3139 4384 καθάπερ
3170 4311 3260 4364 ἐπὶ
3290 4309 3385 4364 τοῦ
3422 4307 3694 4378 προϐάτου
3722 4307 3757 4374 ἡ

2197 4407 2470 4479 μεταϐολὴ
2525 4406 2719 4459 θυσίαν
2757 4403 2976 4475 ἀληθῶς
3025 4402 3339 4474 ἐργάζεται,
3370 4401 3514 4454 οὕτω
3541 4399 3632 4452 καὶ
3669 4399 3756 4450 ὲν-

2191 4500 2387 4563 ταῦθα,
2419 4498 2507 4550 διὰ
2567 4496 2664 4568 τὴν
2725 4495 3055 4566 μεταϐολὴν,
3111 4495 3273 4547 θυσία
3323 4494 3383 4546 τὸ
3433 4490 3758 4560 τελούμενον

522 4601 625 4640 σιό
682 4583 935 4648 mutatio,
990 4597 1114 4638 vero
1157 4583 1484 4638 sacriﬁcium
1533 4591 1794 4654 operatur
1827 4601 1841 4637 :
1873 4582 1948 4638 ita
1978 4582 2088 4653 jam

2196 4591 2433 4662 ἀληθές’
2481 4589 2807 4660 μεταϐάλλει
2861 4587 2969 4658 γάρ
3004 4587 3105 4639 οὐκ
3149 4587 3230 4647 είς
3271 4584 3462 4646 τύπον,
3517 4582 3632 4635 ἀλλ’
3677 4582 3759 4643 είς

522 4679 610 4733 hic
636 4687 858 4748 propter
914 4679 1055 4731 hanc
1089 4677 1443 4731 mutationem
1490 4677 1541 4731 id
1589 4678 1731 4747 quod
1791 4677 2085 4747 peragitur,

520 4785 709 4824 verum
743 4777 827 4825 est
855 4767 1184 4823 sacriﬁcium
1219 4783 1235 4833 ;
1266 4777 1508 4822 mutatur
1554 4769 1698 4822 enim
1736 4783 1840 4822 non
1874 4769 1924 4822 in
1953 4767 2090 4836 ﬁgu-

521 4880 663 4927 ram,
727 4863 822 4918 sed
881 4864 934 4916 in
997 4876 1110 4916 rem
1148 4862 1515 4926 mactationis,
1569 4863 1622 4916 in
1675 4861 1853 4930 ipsum
1888 4873 2090 4928 corpus

522 4955 724 5008 Christi
759 4953 902 5020 quod
933 4953 1306 5008 sacriﬁcatum
1333 4963 1436 5007 est.
1472 4953 1580 5007 Sed
1607 4952 1660 5008 si.
1683 4953 1843 5021 panis
1865 4949 2086 5019 quidem

520 5065 750 5104 manens
768 5049 792 5102 ί
793 5049 960 5105 uisset
977 5049 1335 5116 sacriﬁculus,
1357 5050 1512 5117 panis
1534 5057 1678 5103 esset
1697 5048 1788 5116 qui
1809 5043 2092 5101 mactatio-

524 5157 646 5196 nem
681 5141 941 5210 suscepit,
971 5151 1027 5196 et
1057 5140 1250 5196 fuisset
1269 5142 1524 5196 mactatio
1547 5149 1675 5195 tunc
1695 5139 1852 5208 panis
1878 5135 2089 5191 sacriﬁ-

521 5235 690 5286 cium.
724 5232 994 5298 Quoniam
1024 5241 1447 5302 autemntraque
1477 5241 1680 5285 mutata
1705 5237 1854 5294 sunt,
1874 5237 1922 5282 ct
1948 5227 2093 5281 insa—

521 5324 823 5381 criﬁcatum
848 5334 900 5377 et
937 5326 1114 5392 panis,
1145 5333 1200 5378 et
1230 5324 1410 5379 factus
1453 5332 1534 5378 est
1577 5338 1676 5392 pro
1725 5318 2103 5375 insaeriﬁcato

521 5420 735 5487 quidem
762 5417 1128 5481 sacriﬁeattts,
1148 5431 1246 5484 pro
1279 5431 1418 5485 pane
1441 5425 1622 5468 autem
1647 5426 1848 5482 corpus
1863 5409 2086 5474 Christi,

523 5517 806 5580 propterea
831 5505 1202 5560 mactatioilla
1223 5521 1330 5561 non
1357 5507 1410 5559 in
1430 5519 1589 5580 pane,
1621 5504 1718 5559 sed
1751 5511 2008 5569 tanquam
2035 5501 2086 5553 in

521 5600 766 5666 subjecto
795 5598 1160 5661 considerata,
1184 5611 1412 5667 corpore
1433 5575 1656 5660 Christi,
1675 5611 1778 5648 non
1802 5592 1977 5663 panis,
1996 5592 2098 5646 sed

520 5691 656 5758 Agni
681 5688 770 5744 Dei
797 5689 1126 5745 sacriﬁcium
1148 5699 1202 5742 et
1224 5698 1306 5741 est
1333 5695 1387 5740 et
1403 5687 1623 5740 dicitur.
1647 5686 1866 5742 Clarum
1891 5695 1972 5742 est
1989 5703 2084 5742 an-

524 5795 630 5834 tem
651 5781 795 5849 quod
816 5781 898 5835 his
937 5781 1150 5850 positis,
1179 5779 1310 5833 nihil
1355 5793 1575 5833 necesse
1616 5788 1701 5834 est
1737 5779 1935 5834 multas
1971 5780 2086 5833 ﬁeri

523 5873 822 5930 oblationes
848 5873 1090 5943 corporis
1125 5871 1504 5938 DominLQnia
1528 5871 1670 5928 enim
1696 5873 1751 5928 ﬁt
1785 5873 1887 5928 hoc
1913 5874 2084 5929 sacri-

2197 4686 2428 4755 πρᾶγμα
2483 4681 2732 4752 σφαγῆς,
2777 4682 2856 4744 είς
2905 4679 3036 4734 αύτδ
3096 4677 3155 4732 τὸ
3195 4678 3352 4747 σῶμα
3412 4675 3507 4728 τοῦ
3551 4674 3759 4744 Κυρίου

2191 4775 2255 4829 τὸ
2287 4773 2608 4842 τεθυμένον.
2654 4771 2797 4825 Ἀλλ’
2841 4771 2892 4824 εί
2941 4769 3040 4840 μὲν
3093 4768 3260 4839 ἄρτος
3319 4767 3498 4838 μένων
3538 4766 3762 4834 ἐγένετο

2191 4864 2510 4932 τεθυμένος,
2546 4864 2574 4916 ὸ
2606 4861 2770 4932 ἄρτος
2794 4861 2860 4914 ἂν
2894 4856 2962 4931 ἦν
3005 4861 3033 4913 ὁ
3065 4860 3360 4930 δεξάμενος
3389 4858 3488 4928 τὴν
3520 4857 3759 4927 σφαγὴν,

2193 4961 2288 5013 καὶ
2320 4955 2388 5028 ἦν
2418 4957 2484 5010 ἄν
2515 4957 2548 5026 ἡ
2580 4955 2763 5024 σφαγὴ
2794 4953 2914 5006 τότε
2944 4954 3111 5024 ἄρτου
3152 4954 3334 5006 θυσία.
3382 4952 3534 5004 Ἐπεὶ
3567 4952 3621 5004 δὲ
3652 4951 3760 5020 ἁμα

2193 5049 2397 5118 φότερα
2436 5045 2763 5116 μετεϐλήθη,
2809 5046 2903 5099 καὶ
2929 5043 2988 5097 τὸ
3017 5044 3212 5098 ἄθυτον
3246 5044 3344 5098 καὶ
3373 5045 3400 5097 ὁ
3429 5043 3611 5112 ἄρτος,
3663 5043 3760 5094 καὶ

2191 5142 2420 5209 γέγονεν
2453 5139 2576 5192 ἀντὶ
2609 5137 2710 5209 μὲν
2743 5137 2945 5192 ἀθύτου
2987 5137 3306 5204 τεθυμένος,
3345 5136 3466 5191 ἀντὶ
3495 5136 3550 5188 δὲ
3587 5135 3757 5205 ἄρτου

2191 5234 2252 5286 τὸ
2285 5233 2444 5302 σῶμα
2473 5230 2841 5300 Χριστοῦ,διά
2879 5228 3039 5284 τοῦτο
3069 5231 3102 5300 ἡ
3133 5231 3316 5300 σφαγὴ
3351 5229 3537 5298 ἐκείνη
3567 5228 3666 5280 οὐκ
3699 5228 3759 5278 ἐν

2191 5324 2268 5394 τῷ
2297 5324 2467 5396 ἄρτῳ,
2509 5323 2626 5376 ἀλλ’
2665 5323 2741 5386 ὡς
2792 5326 2850 5376 ὲν
2896 5321 3243 5393 ὑποκειμένῳ
3295 5322 3641 5392 θεωρουμένη
3676 5317 3759 5388 τῷ

2195 5417 2408 5488 σώματι
2443 5417 2534 5470 τοῦ
2566 5416 2900 5486 Χριστοῦ,ού
2931 5416 3026 5470 τοῦ
3049 5417 3239 5487 ἄρτου,
3261 5415 3395 5468 ἀλλά
3416 5414 3509 5468 τοῦ
3550 5412 3756 5482 Ἀμνοῦ

2190 5509 2286 5563 τοῦ
2336 5507 2472 5560 Θεοῦ
2535 5508 2693 5561 θυσία
2743 5509 2838 5562 καὶ⁵
2890 5507 3005 5561 ἔστι
3064 5510 3160 5562 καὶ
3220 5507 3461 5575 λέγεται.
3518 5504 3760 5569 Φανερὸν

2189 5600 2246 5652 δέ
2278 5600 2358 5652 ὅτι
2383 5598 2590 5651 τούτων
2612 5599 3009 5668 ὑποκειμένων,
3039 5599 3190 5652 οὐδὲν
3219 5597 3519 5663 ἀναγκάζει
3553 5593 3759 5656 πολλάς

2189 5689 2436 5757 γίνεσθαι
2469 5690 2568 5752 τὰς
2612 5692 2982 5758 προσαγωγὰς
3020 5689 3108 5742 τοῦ
3155 5688 3436 5758 Κυριακοῦ
3477 5687 3753 5756 σώματος.

2203 5781 2358 5834 Ἐπεὶ
2390 5781 2499 5850 γὰρ
2533 5783 2564 5852 ἡ
2614 5783 2774 5835 θυσία
2815 5783 2953 5852 αὑτὴ
2987 5783 3222 5851 γίνεται,
3267 5783 3328 5834 ού
3378 5779 3754 5851 σφαττομένου

2192 5873 2493 5944 τηνικαῦτα
2519 5873 2610 5927 τοῦ
2648 5871 2870 5944 ’Δμνοῦ,
2917 5874 3051 5928 άλλά
3090 5873 3180 5928 τοῦ
3213 5873 3379 5945 ἄρτου
3420 5869 3754 5944 μεταϐαλλο-
