4132 6308
276 339 379 406 ιιι

1467 345 1876 417 Ll'l‘UBiiIAS,
1902 348 1998 410 EX
2013 350 2330 416 POSiTIO.

3417 348 3528 422 H2

279 457 446 527 μένου
477 453 558 518 εἷς
583 451 675 507 τὸν
708 453 982 522 σφαγέντα
1018 453 1236 526 Ἀμιιδν,
1278 458 1544 528 πρόδηλον
1573 461 1649 524 ὼς
1680 463 1713 530 ή
1744 446 1843 531 μὲν

1961 463 2159 529 licium,
2190 465 2345 535 Agno
2379 481 2483 522 non
2515 475 2650 524 tunc
2680 466 2890 530 occiso,
2915 467 3012 522 sed
3057 476 3196 536 rane
3229 476 3438 522 metato
3467 471 3523 524 in

285 545 560 617 μεταϐολὴ
589 545 816 614 γίνεται,
847 549 880 616 ἡ
911 546 968 600 δὲ
996 549 1179 619 σφαγὴ
1233 547 1295 604 οὐ
1327 553 1537 619 γίνεται
1565 554 1710 618 τότε,
1753 557 1848 606 καὶ

281 637 428 693 οὔτω
456 638 517 692 τὸ
552 637 650 708 μὲν
683 638 1177 708 μεταϐαλλόμενον,
1213 642 1404 706 πολλὰ,
1460 646 1554 698 καὶ
1599 647 1630 715 ἡ
1687 660 1850 708 μεταο

287 733 418 803 σολὴ
462 731 748 793 πολλάκιςο
796 731 859 784 τὸ
907 731 966 785 δὲ
1023 735 1102 795 είς
1139 734 1171 787 ὃ
1217 737 1634 804 μεταϐάλλεται,
1691 739 1844 792 οὐδὲν

290 825 504 888 κωλύει,
531 823 588 876 ἒν
618 821 711 873 καὶ
739 820 799 874 τὸ
829 822 962 876 αὐτὸ
990 820 1154 891 εἶναι,
1190 827 1443 897 καθάπερ
1479 829 1638 898 σῶμα
1661 829 1720 882 ἒν
1752 831 1846 883 καὶ

294 917 461 979 οὔτως
496 914 590 967 τοῦ
640 917 900 983 σώματος
933 915 1148 987 σφαγὴν
1185 918 1465 987 μίαν.Καὶ
1507 920 1678 974 ταῦτα
1747 921 1846 990 μὲν

287 1006 410 1076 περὶ
436 1005 660 1058 τούτων,

868 1100 1116 1156 ΚΕΦΛΔ.
1159 1100 1281 1154 ΛΡ.

279 1193 418 1262 Περί
451 1196 570 1252 τῶν
591 1197 745 1268 μετὰ
787 1197 903 1262 τὴν
942 1195 1164 1268 θυσίαν
1198 1195 1416 1268 εὐχῶν,
1443 1197 1539 1268 καί
1572 1197 1847 1268 τίςᾼόᾼλό-

350 1281 458 1331 τος
492 1265 624 1323 καθ’
660 1268 731 1320 ὃν
783 1267 1044 1320 ἐνταῦθα
1073 1266 1434 1334 μνημονεύει
1466 1265 1585 1319 τῶν
1638 1266 1846 1334 ἁγίων,

350 1337 451 1389 καὶ
495 1337 608 1405 τῆς
650 1337 958 1404 Παναγίας
999 1332 1332 1402 ἐξαιρέτως.

379 1429 423 1479 0
451 1429 508 1481 δὲ
541 1430 740 1499 ἱερεὺς,
766 1429 860 1495 τῆς
884 1427 1071 1490 θυσίας
1100 1426 1472 1497 τελεσθείσης,
1519 1427 1614 1480 καὶ
1647 1428 1708 1480 τὸ
1738 1427 1849 1481 ἐνέ-

277 1530 451 1582 χυρον
517 1515 620 1584 τῆς
681 1517 773 1570 τοῦ
833 1514 967 1570 Θεοῦ
1021 1513 1433 1586 φιλανθρωπίας
1489 1518 1847 1588 προκείμενον

277 1606 558 1671 ὀρῶν,τδν
595 1607 790 1677 Ἀμνὸν
813 1607 1000 1670 αὐτοῦ,
1035 1607 1110 1670 ὡς
1150 1607 1250 1678 ἤδη
1295 1608 1390 1660 τοῦ
1431 1608 1654 1677 μεσίτου
1689 1610 1849 1663 λαϐό-

285 1710 470 1764 μενος,
505 1697 598 1749 καὶ
637 1698 757 1765 μεθ’
783 1697 977 1752 ἑαυτοῦ
1015 1697 1106 1751 τὸν
1135 1700 1488 1768 παράκλητον
1522 1700 1684 1770 ἔχων,
1708 1716 1849 1768 γνω-

285 1785 428 1854 ρίζει
471 1790 536 1841 τὰ
566 1789 761 1843 ἑαυτοῦ
791 1791 1072 1860 αίτήματα
1104 1789 1240 1861 πρὸς
1265 1790 1357 1844 τὸν
1385 1791 1538 1857 Θεὸν,
1575 1793 1728 1862 ἐκχεῖ
1748 1793 1846 1863 τὴν

1951 553 2164 624 Agnum
2203 557 2467 621 occisum,
2503 557 2708 612 clarum
2751 567 2830 612 est
2862 557 3007 628 quod
3053 557 3109 610 lit
3136 557 3358 624 quidem
3407 574 3525 612 mna

1956 651 2114 711 tatio,
2134 650 2226 705 sed
2257 663 2366 704 non
2398 660 2530 705 tunc
2565 650 2622 706 lit
2647 651 2853 706 occisio
2889 670 2903 706 :
2947 660 3001 705 et
3027 650 3107 704 sic
3143 650 3193 704 id
3222 651 3366 719 quod
3405 667 3524 704 uin-

1955 747 2104 792 tatur
2131 740 2374 808 quidem,
2405 739 2594 803 multa,
2623 750 2677 794 et
2709 740 2937 794 mutatio
2969 754 3144 807 saepe;
3170 739 3221 792 id
3252 751 3435 792 autem
3467 741 3526 794 in

1949 831 2092 901 quod
2125 842 2364 887 sumatur
2409 832 2544 886 nihil
2573 831 2822 902 prohibet
2867 847 3035 886 unum
3063 839 3119 885 et
3157 831 3300 886 idem
3345 847 3469 887 esse
3502 873 3519 896 ,

1950 924 2091 977 sicut
2118 939 2286 978 unum
2311 937 2533 993 corpus,
2593 922 2664 977 ita
2697 923 2862 977 etiam
2891 922 3229 977 occisionem
3272 924 3520 992 corporis

1956 1030 2144 1070 etiam.
2179 1015 2244 1070 Et
2264 1016 2380 1071 bzec
2403 1016 2622 1086 quidem
2653 1015 2721 1070 de
2747 1015 2854 1070 his.

2517 1107 2670 1162 CAP.
2706 1105 2955 1160 XXXIII.

1956 1199 2031 1253 De
2090 1200 2418 1253 orationibus
2483 1208 2601 1269 post
2649 1199 2998 1269 sacriﬁcium,
3055 1205 3106 1250 et
3151 1207 3391 1267 quartam
3447 1209 3524 1250 est

2024 1271 2214 1338 oratio,
2245 1281 2456 1338 propter
2487 1268 2658 1338 quam
2691 1268 2775 1321 hit:
2805 1268 3044 1321 meminit
3099 1278 3424 1334 sanctorum,
3476 1279 3524 1320 τι

2023 1334 2288 1409 praecipue
2315 1334 2696 1395 Sanctissimae.

2026 1428 2295 1482 Sacerdos
2320 1440 2523 1491 autem,
2545 1438 2762 1494 peracto
2793 1426 3096 1492 sacriﬁcio,
3124 1439 3174 1482 et
3203 1429 3400 1498 pignus
3435 1429 3524 1482 0.-i

1955 1520 2304 1590 benignitatis
2353 1515 2560 1586 videns,
2607 1518 2817 1589 Agnum
2850 1522 2968 1588 ejus
2999 1522 3363 1590 propositum,
3399 1526 3523 1576 t'a-n-

1952 1623 2114 1678 quam
2142 1609 2254 1677 jam
2301 1608 2666 1663 intercessore
2722 1618 2968 1678 accepto,
3003 1620 3266 1664 etsccum
3318 1612 3526 1668 habens

1951 1697 2298 1762 advocatum,
2331 1707 2486 1752 notas
2535 1697 2666 1753 facit
2703 1713 2830 1754 suas
2866 1699 2932 1754 ad
2989 1697 3156 1754 Deum
3196 1702 3525 1769 petitiones;

1952 1787 2180 1844 eﬂuudit
2214 1805 2401 1858 preces
2424 1805 2549 1844 cum
2583 1789 2722 1846 bona
2746 1790 2856 1862 jam
2883 1800 2937 1846 et
2970 1790 3124 1845 firma
3154 1806 3281 1861 spe;
3309 1802 3362 1848 et
3389 1811 3528 1863 quo-

279 1873 470 1948 εέησιν
500 1881 636 1950 μετά
668 1882 914 1953 χρηστῆς
944 1883 1045 1953 ἤδη
1085 1883 1181 1936 καὶ
1212 1882 1438 1953 βεϐαίας
1473 1884 1711 1948 ἐλπίδος,
1755 1887 1850 1938 καὶ

1961 1897 2100 1944 rum,
2135 1897 2304 1951 panes
2357 1899 2690 1953 proponens,
2717 1885 2985 1952 meminit,
3045 1897 3100 1940 et
3169 1902 3268 1956 pro
3329 1889 3530 1957 quibus

277 1961 356 2024 ὧν
386 1973 668 2042 προτιθεὶς
707 1975 799 2029 τὸν
842 1975 1008 2046 ἄρτον
1042 1976 1314 2047 ἐμνήσθη,
1345 1979 1439 2030 καὶ
1477 1977 1616 2048 ὑπὲρ
1647 1968 1722 2031 ὧν
1751 1975 1849 2042 τὰς

279 2065 632 2134 προτελείους
687 2067 853 2137 εὐχάς
900 2069 1217 2140 ἐποιήσατο,
1268 2069 1363 2121 καὶ
1399 2069 1467 2121 τὰ
1499 2069 1647 2139 δῶρα
1682 2087 1853 2139 προσ-

280 2155 506 2225 ήνεγκε,
564 2157 660 2210 καί¹
715 2157 1119 2228 προσδεχθῆναι
1174 2157 1349 2211 ταῦτα
1401 2158 1631 2224 ίκέτευε,
1682 2159 1857 2214 ταῦτα

279 2245 689 2315 προσδεχθέντα
716 2245 936 2317 εὔχεται
968 2248 1047 2310 είς
1091 2245 1254 2316 ἔργον
1299 2247 1593 2318 προϐῆναι.
1624 2246 1760 2300 Τίνα
1799 2246 1855 2300 δὲ

277 2333 492 2401 ταῦτα;
523 2336 696 2390 Κοινὰ
715 2336 812 2390 καὶ
843 2335 978 2402 ζῶσι
1006 2339 1100 2391 καὶ
1133 2336 1450 2402 ἀπελθοῦσι,
1483 2340 1542 2391 τὸ
1571 2337 1668 2409 τὴν
1692 2337 1856 2408 χάριν

279 2429 872 2501 ἀντικαταπεμφθῆναι
924 2431 1047 2486 ἀντὶ
1085 2429 1196 2484 τῶν
1237 2429 1424 2498 δώρων
1457 2429 1609 2501 ποιρά
1640 2429 1735 2482 τοῦ
1767 2429 1854 2483 δε-

283 2519 525 2590 ξαμένου
560 2522 735 2577 ταῦτα
766 2521 938 2575 Θεοῦο
976 2523 1082 2592 ἰδίᾳ
1126 2523 1182 2575 δὲ
1226 2525 1338 2585 τοῖς
1392 2522 1491 2591 μὲν
1528 2522 1850 2588 ἀπελθοῦσι,

283 2611 476 2681 ψυχῶν
519 2611 847 2674 ἀνάπαυσιν,
882 2612 977 2665 καὶ
1009 2611 1287 2682 βασιλείας
1317 2612 1682 2682 κληρονομίαν
1716 2611 1857 2682 μετά

285 2700 399 2756 τῶν
427 2700 866 2767 τετελειωμένων
914 2701 1118 2772 ἁγίωνο
1153 2705 1264 2766 τοῖς
1303 2703 1361 2755 δὲ
1391 2701 1548 2766 ζῶσι,
1583 2703 1644 2757 τὸ
1694 2719 1860 2772 μετα-

291 2796 446 2864 σχεῖν
500 2797 600 2865 τῆς
673 2794 826 2864 ίερᾶς
875 2794 1176 2866 τραπέζης,
1227 2796 1319 2849 καὶ
1370 2795 1715 2867 ἀγιασθῆναι,
1763 2797 1858 2850 καὶ

294 2883 501 2952 μηδένα
533 2884 613 2946 είς
643 2883 821 2954 κρίμα
854 2887 1180 2956 μετασχεῖν·
1215 2885 1411 2954 ἄφεσιν
1439 2888 1744 2956 ἁμαρτιῶν,
1775 2889 1856 2942 εί-

288 2977 484 3044 ρήνην,
542 2975 867 3045 εὐετηρίαν,
928 2977 1198 3047 χορηγίαν
1248 2977 1355 3030 τῶν
1412 2979 1749 3045 ἀναγκαίων,
1795 2981 1856 3034 τὸ

284 3067 617 3131 τελευταῖον,
651 3069 930 3140 βασιλείας
953 3069 1137 3136 ἀξίους
1168 3072 1403 3141 φανῆναι
1436 3071 1586 3143 παρὰ
1613 3073 1689 3143 τῷ
1711 3073 1855 3144 Θεῷ.

300 3159 456 3215 Ἐπεὶ
491 3160 549 3214 δὲ
588 3162 648 3214 οὐ
693 3160 855 3231 μόνον
898 3163 1102 3226 ίκέσιος
1152 3162 1295 3234 αὐτὴ
1326 3165 1360 3234 ἡ
1393 3167 1733 3236 προσαγωγὴ
1759 3169 1856 3238 τῆς

287 3250 505 3317 θυσίας,
529 3252 666 3308 ἀλλά
691 3255 784 3306 καὶ
810 3257 1183 3324 χαριστήριος,
1208 3256 1460 3328 καθάπερ
1496 3259 1554 3310 ὲν
1585 3261 1697 3322 τοῖς
1728 3276 1858 3328 προ⁹

285 3342 488 3412 οιμίοις
516 3338 614 3412 τῆς
652 3342 873 3411 τελετῆς
895 3382 912 3407 ,
947 3344 1114 3413 ἡνίκα
1133 3345 1159 3398 ὁ
1182 3345 1362 3415 ἱερεὺς
1390 3346 1464 3410 ὡς
1495 3347 1644 3418 δῶρα
1673 3347 1860 3401 ἀνατί-

286 3433 417 3504 θησι
465 3433 544 3504 τῷ
580 3434 701 3504 Θεῷ
751 3435 1167 3504 προσαγόμενα,
1216 3438 1310 3490 καὶ
1358 3438 1458 3508 τὴν
1497 3439 1858 3510 εὐχαριστίαν

285 3525 546 3596 ἐμφαίνει
587 3527 681 3580 καὶ
715 3525 814 3597 τὴν
859 3526 1102 3580 ίκεσίαν·
1138 3526 1280 3582 οὔτω
1329 3531 1422 3584 καὶ
1457 3529 1553 3583 νῦν
1586 3531 1860 3586 τυθέντων

289 3620 388 3673 καὶ
437 3619 832 3672 τελειωθέντων
886 3619 997 3672 τῶν
1047 3619 1258 3689 δώρων,
1314 3621 1410 3674 καὶ
1449 3622 1763 3694 εὐχαριστεῖ
1792 3624 1860 3678 δι’

291 3711 474 3764 αὐτῶν
496 3710 576 3780 τῷ
603 3710 722 3781 Θεῷ
747 3711 843 3764 καὶ
875 3711 1086 3765 ἱκεσίαν
1115 3712 1403 3780 προσάγει,
1429 3716 1525 3770 καὶ
1552 3715 1731 3786 τίθησι
1759 3715 1860 3785 μὲν

289 3806 390 3866 τὰς
445 3804 702 3874 ἀφορμὰς
750 3805 848 3873 τῆς
883 3802 1258 3874 εὐχαριστίας,
1307 3806 1640 3876 προστίθησι
1674 3807 1730 3860 δὲ
1769 3809 1863 3860 καὶ

288 3897 391 3957 τὰς
422 3894 708 3958 ὑποθέσεις
740 3895 842 3962 τῆς
898 3894 1131 3956 ἱκεσίας.
1171 3894 1281 3946 Καὶ
1336 3895 1482 3958 τίνες
1517 3897 1572 3949 aI
1615 3897 1864 3966 ἀφορμαὶ

287 3985 393 4053 τῆς
444 3984 841 4055 εὐχαριστίας;
890 3982 954 4037 Οί
987 3983 1154 4052 ἇγιοι,
1183 3983 1438 4056 καθάπερ
1479 3986 1864 4056 καὶπρότερον

292 4075 536 4146 εἴρηται.
577 4075 666 4130 Ἐν
691 4073 904 4137 τούτοις
937 4073 1108 4146 γάρὴ
1151 4072 1450 4145 Ἐκκλησία
1494 4075 1556 4129 τὸ
1597 4075 1869 4147 ζητούμε-

295 4186 387 4222 νον
418 4162 570 4239 εὔρε,
603 4167 824 4236 καὶτῆς
883 4167 1050 4236 εὐχῆς
1083 4166 1241 4238 ἔτυχε
1284 4165 1385 4234 τῆς
1435 4162 1715 4238 βασιλείας
1757 4169 1866 4225 τῶν

294 4258 571 4330 οὐρανῶν.
613 4257 771 4321 Τίνες
812 4257 868 4312 δὲ
920 4258 1014 4310 καὶ
1054 4259 1110 4311 at
1159 4257 1449 4322 ὑποθέσεις
1493 4259 1594 4330 τῆς
1639 4259 1868 4334 Ἐκκλη-

297 4351 458 4417 σίας;
507 4351 570 4405 Οί
615 4351 783 4422 μήπω
832 4351 1248 4417 τελειωθέντες,
1289 4353 1338 4404 οἱ
1389 4351 1633 4422 δεόμενοι
1679 4353 1862 4425 εὐχῆς.

295 4443 406 4497 Καὶ
441 4443 572 4512 περὶ
611 4442 710 4511 μὲν
762 4441 870 4494 τῶν
923 4442 1096 4511 ἁγίων
1144 4441 1252 4509 ἔτι,
1293 4461 1311 4494 ι
1354 4441 1712 4513 Προσάγομέν
1757 4462 1862 4510 σοι,

1956 1986 2143 2041 preces
2175 1974 2229 2027 in
2268 1973 2580 2029 celebrandi
2645 1977 2886 2047 mysterii
2940 1981 3336 2046 praeparatione
3379 1979 3526 2045 fecit,

1956 2074 2010 2117 et
2029 2063 2170 2118 dona
2205 2065 2427 2132 obtulit,
2457 2075 2512 2121 et
2536 2075 2592 2120 ιιι
2623 2081 2688 2122 ea
2716 2068 3151 2138 susciperentur.
3183 2071 3526 2140 supplicavit,

1957 2173 2020 2213 ea
2081 2158 2305 2228 hisjam
2341 2161 2632 2229 susceptis,
2688 2172 2745 2215 ιιι
2805 2164 2858 2214 ἰιι
2920 2177 3060 2232 opus
3108 2176 3332 2227 exuant,
3387 2176 3525 2219 orat.

1957 2249 2220 2318 Quaenam
2246 2261 2427 2305 autem
2471 2262 2598 2306 sunt
2623 2251 2779 2306 hch
2805 2251 3154 2315 Communia,
3187 2264 3241 2308 et
3273 2255 3430 2316 vivis.
3457 2265 3532 2309 'et

1957 2341 2027 2397 iis
2057 2338 2153 2411 qui
2179 2349 2578 2398 excesserunt:
2612 2349 2670 2394 ut
2705 2355 2805 2410 pro
2828 2339 2986 2394 donis
3011 2343 3181 2409 gratia
3215 2343 3532 2396 demittatur

1955 2447 1987 2488 a
2017 2431 2124 2486 Deo
2152 2432 2243 2502 qui
2271 2431 2362 2486 illa
2391 2430 2633 2499 suscepit
2658 2449 2672 2495 ;
2713 2431 3008 2500 separatim
3051 2441 3230 2486 autem
3259 2431 3532 2486 defunctis

1955 2522 2176 2594 quidem
2213 2522 2529 2576 animarum
2562 2521 2829 2591 requiem,
2856 2531 2908 2575 et
2963 2521 3111 2593 regni
3163 2523 3530 2576 lnereditatem

1958 2629 2083 2670 curn
2133 2615 2342 2670 sanctis
2386 2614 2824 2678 consummatis;
2863 2613 3001 2666 vivis
3056 2622 3264 2680 autem,
3332 2623 3391 2668 ut
3424 2615 3533 2669 sint

1958 2715 2163 2763 sanctae
2187 2720 2389 2760 mensa:
2414 2704 2730 2775 participes.
2761 2715 2813 2760 et
2835 2704 3269 2771 sanctiﬁcetttur,
3298 2714 3349 2760 et
3373 2721 3538 2760 nemo

1958 2796 2027 2853 sit
2055 2795 2174 2867 ejus
2211 2795 2552 2866 injudicium
2585 2794 2666 2850 vel
2691 2796 3203 2852 condemnationem
3229 2797 3528 2866 particeps:

1957 2887 2338 2943 remissionem
2381 2899 2756 2958 peccatorum,
2793 2903 3006 2956 pacem,
3044 2887 3406 2951 fertilitatem,
3443 2905 3532 2942 re-

1957 2996 2078 3036 rum
2109 2979 2549 3035 necessariarum
2587 2982 3094 3050 suppeditationcm
3131 2999 3143 3035 :
3181 2991 3231 3034 et
3257 2992 3533 3051 postremo

1959 3082 2019 3126 ut
2049 3089 2217 3142 regno
2247 3073 2394 3143 digni
2428 3074 2572 3142 apud
2609 3074 2774 3127 Deum
2812 3083 3132 3143 appareant.
3159 3073 3296 3140 Quia
3348 3082 3527 3128 autem

1961 3161 2164 3214 oblatio
2220 3161 2475 3216 sacriﬁcii
2517 3176 2622 3215 non
2681 3162 2854 3215 solum
2896 3173 3147 3217 versatur
3214 3164 3264 3216 in
3325 3165 3532 3232 suppli~

1964 3251 2203 3317 catione,
2254 3252 2347 3307 sed
2381 3254 2542 3306 etiam
2580 3253 2873 3322 gratiarum
2900 3255 3138 3313 actioae.
3166 3256 3530 3324 quemadmo-

1963 3344 2092 3400 dum
2153 3344 2207 3398 in
2272 3346 2541 3413 prooemio
2593 3343 2982 3398 celebrationis
3013 3346 3530 3414 mysterii,quando

1961 3439 2218 3494 sacerdos
2270 3447 2527 3509 tanquam
2565 3440 2706 3492 dona
2748 3435 2856 3492 Deo
2905 3437 3118 3491 dedicat
3145 3454 3266 3505 qua:
3292 3437 3531 3491 oderun-

1963 3539 2074 3593 tur.
2125 3539 2180 3585 et
2213 3531 2510 3599 gratiarum
2555 3531 2826 3583 actionem
2862 3528 3102 3584 ostendit
3160 3539 3215 3584 et
3260 3529 3532 3599 supplica-

1963 3621 2164 3676 tionem
2199 3639 2213 3676 :
2245 3623 2319 3675 ita
2354 3621 2516 3675 etiam
2547 3636 2691 3675 nunc
2716 3619 3040 3675 saerilicatis
3066 3628 3119 3673 et
3145 3617 3398 3688 perfectis
3431 3619 3530 3673 do-

1964 3715 2144 3773 nis.et
2169 3729 2262 3782 per
2293 3728 2356 3767 ea
2400 3713 2508 3768 Deo
2548 3713 2751 3784 gratias
2787 3713 2896 3782 agit
2939 3722 2992 3768 et
3040 3712 3201 3770 oﬂert
3258 3711 3533 3782 supplica-

1962 3806 2189 3874 tionem,
2237 3813 2292 3860 et
2355 3805 2507 3874 ponit
2563 3805 2783 3875 quidem
2837 3805 3133 3875 gratiarum
3193 3804 3528 3875 agendarum

1964 3910 2186 3958 causas,
2247 3895 2432 3964 adjicit
2469 3907 2649 3950 autem
2707 3894 2871 3948 etiam
2911 3895 3326 3964 supplicationis
3359 3905 3532 3947 mate-

1965 3989 2126 4040 riam.
2172 3986 2239 4040 Et
2292 4001 2540 4054 quaenam
2601 3994 2730 4040 sunt
2787 4001 2968 4039 causa:
3034 3986 3226 4054 agendi
3285 3985 3535 4056 gratias?

1968 4070 2180 4135 Sancti.
2214 4074 2353 4128 sicut
2385 4075 2534 4143 prius
2571 4076 2777 4129 dictum
2811 4084 2917 4129 est.
2973 4074 3026 4127 In
3059 4077 3135 4145 iis;
3161 4076 3304 4127 enim
3351 4073 3534 4128 Et'CIv-

1966 4168 2048 4223 sia
2081 4165 2452 4234 invenitquod
2490 4164 2728 4234 petebat,
2771 4173 2824 4218 et
2863 4166 3006 4234 quod
3036 4164 3246 4224 orabat.
3281 4175 3530 4218 assecuta

1966 4267 2068 4322 cst,
2100 4269 2292 4323 nempe
2316 4268 2541 4322 regnum
2571 4253 2862 4308 cmlorum.
2903 4250 3033 4318 Qua:
3064 4261 3146 4307 est
3183 4262 3360 4306 autem
3418 4269 3534 4308 ma-

1968 4351 2102 4406 teria
2144 4345 2598 4417 supplicationis?
2639 4344 2743 4411 Qui
2793 4346 3034 4399 nondum
3095 4352 3222 4399 sunt
3276 4359 3534 4399 consum-

1968 4440 2122 4506 mati,
2152 4440 2244 4510 qui
2275 4452 2411 4508 opus
2456 4437 2660 4491 habent
2686 4437 2953 4492 oratione.
3000 4433 3068 4489 Et
3095 4437 3160 4489 de
3183 4438 3390 4490 sanctis
3413 4439 3534 4504 qui-

295 4535 452 4606 φησὶ,
509 4534 612 4604 τὴν
665 4534 890 4605 λογικὴν
935 4533 1141 4605 ταύτην
1189 4533 1448 4604 λατρείαν
1479 4535 1618 4604 ὑπὲρ
1663 4536 1771 4590 τῶν
1803 4540 1858 4592 ὲν

1967 4533 2087 4587 dent
2119 4551 2134 4587 :
2170 4550 2190 4584 ι
2229 4529 2496 4585 Praeterea
2526 4524 2808 4584 oﬂ'erinms
2837 4527 2956 4597 tibi,
2989 4527 3186 4597 inquit.
3238 4528 3534 4582 rationabi-

294 4628 482 4682 πίστει
517 4625 1130 4698 προαναπαυσαμένων,
1158 4625 1436 4697 πατέρων,
1473 4628 1862 4700 προπατόρων,

297 4717 676 4790 πατριαρχῶν,
712 4718 1031 4789 προφητῶν,
1070 4718 1494 4788 εὐαγγάιστῶν,
1527 4719 1864 4787 ἀποστόλων,

295 4811 584 4882 κηρύκων,
644 4809 1022 4880 δμολογητῶν,
1072 4809 1478 4878 ὲγκρατευτῶν,
1530 4811 1623 4864 καὶ
1667 4812 1866 4876 παντὸς

299 4902 609 4970 πνεύματος
639 4901 698 4954 ὲν
745 4900 930 4954 πίστει
963 4900 1410 4971 τετελειωμένου,
1443 4900 1736 4972 ἐξαιρέτως
1769 4901 1868 4972 τῆς

301 4995 597 5063 παναγίας,
661 4993 952 5063 ἀχράντου,
1008 4993 1563 5066 ὐπερευλογημένης,
1614 4995 1863 5061 ἐνδόξου,

299 5088 599 5157 Δεσποίνης
642 5087 801 5156 ἡμῶν
862 5084 1128 5140 Θεοτόκου
1191 5086 1285 5138 καὶ
1327 5086 1696 5156 ἀειπσρθένου
1743 5084 1868 5140 Μα-

301 5182 447 5254 ρίας,
497 5197 516 5232 ι
555 5179 652 5232 καὶ
685 5177 812 5246 ἑξῆς
857 5175 1152 5243 καταλέγει
1179 5177 1272 5244 τὸν
1299 5175 1410 5230 τῶν
1443 5177 1615 5244 ἁγίων
1649 5176 1868 5231 ἅπαντα

302 5269 584 5337 σύλλογον.
621 5261 782 5322 Οὗτοί
812 5267 952 5319 εἰσιν
993 5266 1242 5336 ἀφορμαὶ
1287 5265 1389 5336 τῆς
1439 5265 1578 5337 πρὸς
1608 5266 1738 5319 Θεὸν
1783 5267 1867 5319 εὐ-

300 5357 591 5431 χαριστίας
640 5359 706 5428 τῇ
768 5355 1088 5424 Ἐκκλησία.
1135 5352 1304 5424 ’Υπὲρ
1349 5353 1555 5408 τούτων
1604 5354 1868 5423 προσάγει

301 5449 399 5520 τὴν
431 5446 661 5517 λογικὴν
705 5445 912 5514 ταύτην
955 5445 1236 5514 λατρείαν,
1266 5444 1340 5508 ὡς
1387 5446 1742 5516 χαριστήριον
1790 5443 1869 5514 τῷ

303 5540 462 5610 Θεῷο
492 5540 586 5594 καὶ
625 5539 844 5592 πάντων
879 5536 1172 5608 ἐξαιρέτως
1210 5537 1317 5589 τῶν
1347 5538 1542 5604 ἄλλων,
1590 5539 1729 5606 ὑπὲρ
1770 5534 1868 5608 τῆς

309 5630 589 5701 μακαρίας
627 5626 725 5682 τοῦ
777 5625 914 5680 Θεοῦ
965 5628 1191 5698 μητρὸς,
1239 5627 1312 5690 ὡς
1359 5626 1527 5698 οὔσης
1563 5628 1870 5700 ἁγιωσύνης

310 5727 565 5779 ἐπέκεινα
598 5722 798 5792 πάσης.
851 5719 948 5774 Διά
977 5719 1135 5773 τοῦτο
1167 5720 1320 5773 οὐδὲν
1361 5721 1546 5783 αὐτοῖς
1593 5719 1808 5790 εὔχεται
1840 5723 1868 5775 ὁ

313 5811 530 5886 ίερεύςο
584 5813 946 5885 ἀλλά-μᾶλλον
996 5813 1156 5878 αὐτὸς
1212 5811 1339 5884 παρ’
1375 5812 1595 5866 ἒκεένων
1640 5813 1716 5877 εἰς
1770 5813 1868 5877 τὰς

1968 4623 2070 4676 lem
2107 4622 2254 4676 hunc
2298 4619 2522 4684 cultum,
2567 4634 2666 4687 pro
2697 4619 2765 4674 iis
2789 4619 2959 4690 quiin
2995 4617 3098 4673 tide
3133 4621 3282 4688 prius
3321 4618 3534 4682 requie-

1963 4725 2181 4779 verunt,
2261 4713 2398 4776 avis,
2466 4711 2734 4780 patribus,
2813 4710 3161 4780 patriarchis,
3248 4712 3537 4780 apostolis,r

1966 4800 2264 4872 prophetis,
2351 4800 2722 4868 evangelistis,
2809 4798 3171 4868 martyribus,
3253 4795 3530 4854 confesso-

1964 4893 2157 4957 ribus,
2221 4890 2677 4958 continentibus,
2748 4898 2800 4944 et
2882 4889 3131 4961 quolibet
3206 4892 3399 4960 spiritu
3479 4893 3530 4947 in

1966 4997 2098 5052 pace
2148 4992 2548 5046 consummato,
2602 4981 2874 5052 prmeipue
2937 4989 3117 5035 autem
3161 4983 3531 5048 sanctissima,

1968 5075 2316 5138 intemerata,
2344 5073 2570 5128 domina
2625 5082 2814 5128 nostra
2848 5071 3076 5142 Deipara
3103 5083 3158 5129 et
3187 5090 3399 5145 semper
3427 5077 3538 5128 vir-

1969 5166 2094 5236 gine
2142 5164 2343 5229 Maria;
2390 5182 2408 5216 ›
2444 5173 2499 5220 et
2555 5163 2816 5232 deinceps
2841 5173 3125 5219 enumerat
3165 5181 3378 5221 omnem
3408 5182 3544 5222 san--

1969 5270 2180 5312 ctorum
2217 5265 2445 5313 cretum.
2493 5254 2558 5310 Ili
2590 5265 2723 5312 sunt
2760 5253 3015 5312 Ecclesiae
3055 5259 3382 5329 agendarum
3428 5259 3545 5315 Deo

1969 5353 2264 5423 gratiarum
2347 5366 2550 5407 causa}.
2624 5350 2733 5406 Pro
2804 5350 2870 5406 iis
2929 5350 3090 5407 oﬂ‘ert
3156 5352 3536 5408 rationabilem

1973 5445 2118 5499 hunc
2165 5443 2396 5505 cultum,
2455 5451 2715 5513 tauquam
2756 5442 2866 5498 Deo
2911 5444 3205 5514 gratiarum
3244 5443 3544 5507 actionem,

1971 5549 2024 5593 et
2061 5552 2172 5606 pra:
2200 5535 2413 5590 caeteris
2463 5536 2719 5590 omnibus
2761 5549 2856 5604 pro
2904 5535 3062 5591 beata
3125 5537 3213 5587 Dei
3265 5531 3434 5586 Matre
3472 5550 3539 5586 u.

1971 5643 2092 5698 quae
2147 5641 2364 5681 omnem
2393 5626 2735 5681 sanctitatem
2781 5626 3023 5679 excedat.
3077 5623 3366 5690 Propterea
3397 5623 3546 5678 uihiF

1972 5734 2069 5788 pro
2099 5717 2179 5772 eis
2200 5725 2318 5770 orat
2346 5717 2621 5782 sacerdos,
2656 5717 2747 5771 sed
2775 5714 2952 5782 potius
2975 5729 3067 5768 eos
3092 5723 3238 5779 orat,
3269 5721 3325 5766 ιιι
3355 5715 3424 5770 ab
3453 5717 3546 5773 eis

1974 5813 2029 5868 in
2055 5803 2399 5888 orationibus
2423 5808 2731 5879 adjuvetur.
2769 5804 2902 5869 Quia
2939 5819 3045 5886 non
3085 5801 3151 5857 ad
3179 5805 3541 5876 supplicatiov
