4158 6306
609 374 714 439 443

1867 386 2176 450 NICOLAI
2206 387 2590 450 CARASlL/E

3757 383 3859 448 lit

612 514 758 563 nem,
792 496 885 556 sed
936 497 1002 556 ad
1038 501 1333 569 gratiarum
1377 503 1669 567 actionem,
1702 514 1758 559 ut
1817 505 2020 561 dictum
2069 513 2175 574 est,

2282 507 2448 576 εὐχὰς
2493 506 2665 559 δεῖται
2724 503 3058 573 βοηθεῖσθαι.
3112 501 3234 556 Ὅτι
3286 500 3384 572 οὐχ
3440 497 3665 563 ἱκέσιον,
3724 498 3861 552 ἀλλὰ

609 589 741 644 facit
770 604 866 659 pro
901 591 1036 659 ipsis
1057 592 1326 649 d'onorum
1359 595 1716 652 oblationem.
1743 597 1872 651 Post
1893 598 2006 652 haec
2027 599 2182 651 aﬂ‘ert

611 681 772 733 etiam
809 682 1286 750 supplicationem,
1332 695 1385 741 et
1428 698 1715 741 enumerat
1747 704 1810 743 ea
1849 705 1949 758 pro
1983 691 2180 759 quibus

611 773 904 839 supplicat,
931 783 984 827 et
1019 785 1270 842 precatur
1291 779 1549 834 omnibus
1582 780 1834 846 salutem,
1865 790 1918 836 et
1961 782 2004 836 si
2035 782 2180 850 quod

611 864 814 918 homun
843 875 927 920 est
960 867 1254 936 unicuique
1303 884 1611 940 congruens
1649 882 1702 926 et
1734 875 2085 930 conveniens.
2121 876 2179 930 ln

611 957 812 1023 quibus
849 959 962 1014 h'aec
1005 959 1168 1013 etiam
1219 961 1352 1017 dicit
1402 980 1415 1016 :
1481 982 1502 1016 ι
1587 963 1855 1022 Praeterea
1899 967 2181 1023 oﬁ'erimus

613 1048 706 1099 tibi
741 1049 1119 1104 rationabilem
1154 1051 1303 1107 hunc
1339 1055 1569 1119 cultum,
1598 1072 1697 1126 pro
1733 1059 1862 1113 orbe
1884 1065 2178 1126 terrarum,

611 1153 710 1206 pro
734 1147 923 1193 sancta
959 1142 1230 1198 catholica
1259 1153 1313 1198 et
1344 1147 1646 1215 apostolica
1679 1149 1946 1211 Ecclesia,
1989 1167 2087 1219 pro
2117 1153 2180 1205 iis

609 1229 703 1295 qui
737 1232 790 1282 in
830 1233 1135 1288 veneranda
1194 1234 1504 1304 reipublicm
1561 1239 2036 1295 administratione
2065 1257 2178 1294 νει*-

609 1330 824 1381 santur,
887 1336 985 1388 pro
1027 1322 1361 1380 ﬁdelissimis
1430 1336 1482 1381 et
1513 1330 1715 1383 Christi
1787 1331 2181 1384 amantissimis

609 1409 1032 1474 imperatoribus
1052 1415 1280 1472 nostris.
1311 1433 1328 1465 ι
1363 1415 1429 1470 Et
1461 1418 1571 1470 haec
1605 1419 1829 1473 orat.Et
1860 1421 1929 1474 ita
1963 1421 2180 1489 quidem

609 1500 798 1555 beatus
840 1500 1081 1558 Joannes
1113 1505 1385 1575 duplicem
1437 1511 1579 1572 sacri
1608 1511 1772 1578 hujus
1807 1511 1987 1565 cultus
2028 1511 2178 1566 habi-

608 1601 721 1645 tum
753 1607 877 1647 esse
918 1594 1252 1663 signiﬁcans,
1284 1601 1578 1664 gratiarum
1626 1603 1857 1656 actionis
1899 1611 1952 1655 et
1984 1602 2186 1672 suppli-

605 1683 862 1747 cationis,
897 1701 1144 1740 seorsum
1171 1689 1387 1758 quidem
1417 1693 1569 1759 ponit
1597 1708 1690 1747 eos
1716 1709 1814 1761 pro
1848 1693 2051 1763 quibus
2076 1693 2186 1762 agit

609 1777 835 1844 gratias,
861 1793 1109 1832 seorsum
1136 1789 1315 1834 autem
1351 1798 1447 1852 pro
1471 1785 1672 1854 quibus
1706 1786 2000 1854 supplicat.
2039 1785 2184 1839 Divi-

2281 596 2639 667 χαριστήριον
2675 594 2815 662 ὑπὲρ
2845 594 3046 656 αὐτῶν,
3078 591 3153 655 ὡς
3199 592 3437 660 εἴρηται,
3485 591 3722 642 ποιεῖται
3761 590 3858 658 τὴν

2280 688 2388 739 τῶν
2418 686 2604 757 δώρων
2652 687 3040 756 προσαγωγὴν.
3077 685 3231 737 Μετὰ
3271 684 3328 735 δὲ
3367 682 3560 747 ταῦτα,
3618 683 3714 733 καὶ
3761 681 3859 750 τὴν

2286 781 2494 834 ἱκεσίαν
2521 777 2885 840 δείκνυσι,κα’ί
2911 775 3202 843 καταλέγει
3230 774 3360 845 περὶ
3382 767 3457 826 ὧν
3483 771 3742 836 ἱκετεύει,
3765 771 3858 824 καὶ

2281 869 2501 940 εὔχεται
2549 871 2684 923 πᾶσι
2746 868 2844 938 τὴν
2898 864 3202 934 σωτηρίαν·
3236 865 3331 917 καὶ
3388 863 3441 914 εί
3469 881 3522 916 τι
3577 862 3858 932 προσῆκόν

2282 964 2430 1016 ἐστιν
2461 963 2676 1030 ἑκάστῳ
2710 961 2806 1014 καὶ⁴
2861 958 3200 1027 κατάλληλον
3233 954 3473 1022 ἀγαθόν·
3508 955 3567 1006 ὲν
3621 947 3703 1014 οἷς
3760 951 3856 1004 καὶ

2282 1058 2456 1112 ταῦτά
2488 1074 2685 1126 φησιν’
2739 1075 2758 1108 ι
2796 1057 2919 1108 Ἔτι
2962 1052 3311 1123 προσάγομέν
3366 1067 3450 1102 σοι
3499 1049 3597 1119 τὴν
3629 1047 3857 1116 λογικὴν

2281 1148 2485 1217 ταύτην
2508 1147 2768 1218 λατρείαν
2788 1146 2926 1215 ὑπὲρ
2945 1145 3041 1212 τῆς
3060 1141 3405 1210 οἰκουμένης,
3423 1140 3562 1208 ὑπὲρ
3581 1139 3677 1206 τῆς
3695 1136 3856 1203 ἁγίας

2283 1240 2573 1306 καθολικῆς
2639 1239 2732 1291 καὶ
2776 1235 3142 1303 ἁποστολικῆς
3185 1231 3541 1300 Ἐκκλησίας,
3577 1230 3716 1298 ὑπὲρ
3747 1227 3857 1281 τῶν

2283 1332 2342 1383 ἐν
2385 1331 2557 1398 σεμνῇ
2595 1327 2841 1398 πολιτείᾳ
2892 1327 3214 1394 διαγόντων,
3249 1325 3389 1394 ὑπὲρ
3438 1324 3548 1375 τῶν
3602 1320 3856 1373 πιστοτά-

2283 1439 2390 1476 των
2418 1422 2512 1474 καὶ
2544 1418 2910 1489 φιλοχρίστων
2945 1418 3212 1488 βασιλέων
3243 1416 3420 1484 ἡμῶν.
3455 1432 3473 1464 ι
3503 1413 3613 1466 Καὶ
3632 1411 3855 1466 τοιαῦτα

2285 1514 2525 1584 εὔχεται.
2577 1514 2686 1567 Καὶ
2757 1511 2899 1566 οὕτω
2974 1511 3072 1580 μὲν
3133 1513 3162 1563 6
3221 1509 3491 1578 μακάριος
3561 1507 3854 1573 Ἰωάννης.

2284 1605 2506 1659 διπλοῦν
2587 1604 2648 1657 τδ
2711 1605 2898 1674 σχῆμα
2951 1604 3048 1670 τῆς
3103 1601 3256 1670 ἱερᾶς
3318 1598 3523 1666 ταύτης
3597 1597 3856 1666 λατρείας

2287 1691 2427 1758 εἶναι
2481 1695 2784 1763 σημαίνων,
2847 1690 3202 1762 χαριστήριον
3263 1688 3356 1747 καὶ
3407 1687 3635 1748 ἱκέσιον,
3686 1687 3858 1754 χωρὶς
3913 1703 3916 1708 ·

2290 1782 2389 1852 μὲν
2415 1781 2628 1852 τίθησιν
2661 1781 2800 1850 ὑπὲρ
2829 1773 2904 1832 ὧν
2941 1779 3277 1847 εὐχαριστεῖ,
3312 1779 3477 1846 χωρὶς
3511 1775 3588 1842 δὲ,
3618 1777 3756 1846 ὑπὲρ
3783 1769 3854 1830 ὧν

606 1881 710 1920 nus
731 1879 910 1923 autem
943 1869 1176 1927 Basilius
1202 1875 1463 1928 admiscet
1489 1877 1868 1945 supplicationi
1888 1877 2175 1948 gratiarum

2290 1845 2543 1928 licentia.
2581 1873 2640 1926 '0
2693 1845 2932 1934 Selicio;
2966 1845 3245 1932 Βασίλειος
3392 1845 3572 1936 ίκεσίᾳ
3610 1845 3854 1936 παραμί-

608 1959 905 2016 actionem.
959 1962 1026 2016 Et
1061 1965 1130 2018 ita
1164 1965 1293 2020 facit
1322 1968 1524 2037 ubique
1547 1969 1597 2021 iu
1631 1969 1771 2023 sacri
1807 1969 2052 2039 mystcrii
2089 1983 2178 2023 ce-

609 2049 908 2108 lebratione
943 2071 957 2108 :
992 2066 1044 2108 et
1066 2070 1258 2111 onmes
1288 2056 1402 2112 fore
1423 2058 1540 2127 ejus
1567 2060 1843 2114 orationes
1879 2060 2174 2122 inveneris,

606 2157 726 2209 quae
760 2152 1046 2212 utramque
1072 2147 1178 2198 vim
1231 2147 1452 2201 habent.
1502 2148 1746 2202 Meminit
1777 2161 1957 2204 autent
2018 2149 2179 2204 etiam

605 2245 947 2299 sanctorum,
1007 2251 1240 2304 quorum
1290 2247 1345 2292 et
1407 2239 1564 2293 divus
1613 2239 1852 2294 Joannes
1904 2242 2067 2294 etiam
2125 2239 2180 2294 in

605 2324 799 2377 eodem
827 2324 948 2380 loco
975 2328 1257 2388 saerilieii.
1292 2331 1384 2383 sed
1413 2345 1519 2383 non
1555 2331 1742 2384 eodem
1786 2331 1970 2385 modo.
2021 2331 2180 2386 Post-

607 2431 768 2484 quam
798 2417 941 2470 enim
973 2419 1152 2474 oravit
1184 2430 1241 2475 ut
1292 2437 1483 2476 omnes
1512 2423 1657 2491 digni
1694 2424 2001 2478 habeantur
2031 2440 2180 2482 com-

603 2507 863 2562 munione
887 2519 1382 2575 sacramentorum,
1411 2531 1427 2563 ι
1471 2529 1574 2566 non
1604 2513 1657 2566 in
1701 2513 1994 2583 judicium,
2021 2516 2100 2574 vel
2126 2516 2180 2570 in

602 2599 1136 2666 eondemnationem,
1178 2621 1196 2652 ι
1222 2601 1520 2673 subjungit,
1561 2621 1582 2656 ι
1623 2605 1713 2659 sed
1755 2614 1814 2659 ut
1843 2607 2183 2662 inveniamus

602 2693 830 2758 gratiam
861 2707 983 2745 eum
1009 2695 1264 2748 omnibus
1292 2697 1516 2761 sanctis,
1537 2697 1628 2765 qui
1664 2699 1757 2752 tibi
1791 2715 1820 2754 a
1843 2701 2040 2755 saeculo
2069 2700 2180 2770 pla-

603 2788 860 2844 cuerunt,
886 2781 1186 2851 majoribus
1225 2787 1610 2852 nostris,avis,
1651 2789 1918 2857 patrihus,
1957 2791 2186 2860 patriar-

602 2871 741 2931 chis,
771 2890 788 2922 ι
820 2881 871 2926 et
902 2889 1022 2944 (ιιιτῑι
1047 2887 1386 2944 sequuntur;
1414 2878 1610 2932 deinde
1630 2881 1925 2949 prazcipue,
1947 2883 2186 2936 sanctis-

598 2963 760 3017 sima.
800 2965 907 3020 Sed
937 2967 1052 3020 hrec
1083 2969 1312 3035 quidem
1363 2970 1528 3024 verba
1568 2971 1774 3028 habent
1825 2973 2184 3040 supplicatio-

600 3072 758 3119 nem;
793 3058 1086 3112 ostendunt
1107 3070 1285 3114 autem
1309 3063 1472 3114 etiam
1493 3064 1787 3133 gratiarum
1821 3066 2111 3127 actionem,
2135 3079 2187 3123 et

601 3145 768 3199 llcuut
791 3150 1004 3210 generis
1034 3149 1433 3206 benefactorcm
1466 3156 1780 3223 praedicant.
1813 3158 1900 3208 tthi
1939 3155 2186 3211 meminit

597 3253 785 3292 eorum
847 3240 1129 3295 hominum
1160 3245 1250 3311 qui
1295 3245 1362 3298 ab
1390 3245 1510 3314 ipso
1563 3247 1892 3300 sanctiﬁcati
1951 3255 2078 3301 sunt
2123 3259 2174 3302 et

598 3331 985 3395 consummati;
1013 3334 1403 3401 propemodum
1425 3336 1645 3390 'licens:
1674 3336 1740 3390 Ut
1761 3337 1856 3392 des
1880 3338 2038 3392 nobis
2052 3352 2173 3407 gra-

597 3421 748 3484 tiam,
774 3438 936 3490 quam
967 3424 1174 3479 sanctis
1196 3425 1345 3494 prius
1368 3425 1584 3493 dedisti;
1611 3437 1668 3479 ut
1704 3441 1802 3481 nos
1836 3429 2165 3492 sanetiﬁces,

596 3510 738 3564 sicut
764 3519 816 3565 et
845 3513 983 3568 alios
1017 3514 1164 3582 prius
1187 3515 1563 3579 sanctiﬁcasti,
1615 3517 1706 3585 qui
1741 3526 1869 3571 sunt
1921 3517 2161 3585 ejusdem

597 3605 812 3670 generis
845 3605 1154 3660 nobiscum.
1184 3605 1248 3659 Et
1274 3605 1338 3659 de
1369 3606 1454 3661 his
1475 3606 1692 3676 quidem
1717 3608 1830 3662 haec
1863 3607 2160 3662 sufﬁciunt.

1159 3721 1311 3778 CAP.
1355 3723 1597 3780 XXXIV.

599 3833 676 3886 De
703 3833 778 3888 eis
808 3847 924 3902 quia
949 3835 1194 3889 sacerdos
1224 3850 1318 3902 pro
1345 3853 1398 3890 se
1433 3847 1570 3901 orat,
1609 3854 1703 3905 pro
1733 3837 1900 3892 sacris
1923 3836 2092 3900 donis,
2120 3846 2171 3892 et

931 3905 994 3958 de
1024 3905 1087 3958 iis
1113 3905 1393 3974 qucejubet
1425 3908 1603 3975 ﬁdeles
1629 3924 1806 3963 orare.

670 4061 943 4116 Sacerdos
975 4071 1157 4115 autem
1192 4075 1482 4131 posuptam
1534 4063 1788 4118 omnibus
1815 4078 1874 4118 ea
1917 4077 2038 4132 quae
2066 4077 2164 4132 par

595 4163 681 4209 est
704 4155 962 4214 oraverit,
988 4153 1150 4206 etiam
1181 4169 1277 4223 pro
1295 4169 1354 4209 se
1385 4165 1506 4207 orat
1530 4164 1636 4208 uta
1663 4156 1822 4211 donis
1854 4157 2162 4211 sanctiﬁce-

597 4253 705 4300 tur.
734 4243 981 4310 Quanam
1007 4245 1479 4299 sanctiﬁcatione?
1512 4246 1582 4300 Ut
1615 4247 1846 4314 accipiat
1875 4249 2160 4302 remissio-

595 4355 720 4394 nem
747 4350 1111 4408 peccatorum.
1142 4338 1253 4392 Hoc
1284 4340 1428 4394 enim
1462 4349 1545 4392 est
1566 4339 1836 4392 donorum
1867 4341 2166 4409 principale

598 4429 858 4484 cilicium.
902 4431 967 4482 Et
995 4430 1263 4482 undenatn
1296 4436 1475 4497 potest
1518 4431 1621 4480 hoc
1653 4429 1822 4482 sciri?
1856 4431 1925 4482 Ex
1957 4431 2023 4485 iis
2044 4447 2164 4499 quae

2279 1982 2438 2034 γνυσι
2478 1963 2575 2034 τὴν
2613 1962 2988 2036 εὐχαριστίαν.
3037 1962 3145 2015 Καί
3189 1961 3348 2013 τοῦτο
3399 1963 3546 2012 ποιεῖ
3580 1956 3854 2028 πανταχοῦ

2279 2057 2377 2130 τῆς
2413 2056 2756 2128 ἱερουργία;’
2812 2054 2906 2108 καὶ
2950 2054 3050 2117 τὰς
3103 2055 3268 2124 εὐχὰς
3322 2054 3388 2106 ἂν
3449 2051 3618 2123 εὕρῃς
3675 2051 3856 2122 σχεδὸν

2282 2151 2522 2219 ἁπάσας,
2567 2150 2658 2200 καὶ
2684 2147 2840 2202 τοῦτο
2871 2148 3090 2199 κακεῖνο
3120 2145 3449 2214 δυναμένας.
3479 2145 3767 2214 Μέμνηται
3801 2143 3856 2198 δὲ

2283 2241 2376 2294 καὶ
2407 2240 2512 2294 τῶν
2539 2221 2840 2307 άγίων,λῶν
2872 2237 2899 2288 ό
2931 2236 3084 2304 ἅγιος
3119 2237 3394 2305 Ἰωάννης,
3424 2236 3514 2288 καὶ
3539 2234 3736 2289 ταύτὸν
3757 2234 3856 2303 τῆς

2287 2332 2596 2405 ἱερουργίας
2629 2332 2720 2384 τὸν
2765 2332 2950 2392 τόπον,
3007 2329 3122 2382 ἀλλ’
3159 2331 3217 2382 οὐ
3275 2329 3364 2382 τὸν
3414 2329 3577 2381 αὐτὸν
3633 2326 3856 2398 τρόπον.

2284 2425 2590 2495 Εὑξάμενος
2618 2423 2727 2495 γὰρ
2777 2423 3074 2493 ἀξιωθῆναι
3123 2423 3332 2483 πάντας
3367 2421 3467 2484 τῆς
3497 2420 3602 2472 τῶν
3640 2437 3855 2490 μυστηο

2287 2517 2416 2590 ρίων
2444 2516 2750 2586 κοινωνίας,
2782 2534 2798 2563 ι
2842 2517 2916 2585 μὴ
2953 2517 3030 2576 εἰς
3058 2514 3231 2584 κρίμα
3271 2512 3302 2583 ἢ
3347 2515 3423 2575 είς
3457 2509 3777 2579 κατάκριμα
3802 2527 3850 2573 ,ι

2285 2609 2504 2677 ἐπάγει,
2563 2626 2581 2660 ι
2624 2606 2738 2660 ἀλλ’
2795 2606 2882 2660 ἴνα
2939 2605 3190 2676 εὕρωμεν
3237 2605 3398 2674 χάριν
3443 2602 3581 2672 μετά
3635 2601 3855 2654 πάντων

2288 2702 2482 2770 ἁγίων,
2512 2700 2619 2753 τῶν
2648 2701 2743 2754 ἀπ’
2774 2699 2968 2763 αἰῶνός
2998 2714 3079 2750 σοι
3107 2693 3613 2766 εὐαρεστησάντων,
3642 2710 3854 2763 προπα-

2287 2794 2478 2863 τόρων,
2531 2792 2752 2862 πατρῶν
2799 2789 3153 2858 πατριαρχῶν
3182 2806 3194 2819 ·
3242 2807 3261 2839 ι
3309 2787 3503 2842 καὶτὰ
3537 2785 3698 2854 ἑξῆς·
3739 2781 3857 2836 εἶτα

2289 2883 2576 2948 ἐξαιρέτως
2597 2881 2696 2950 τῆς
2722 2897 2891 2947 παναγ
2910 2881 3014 2941 ἱας.
3050 2879 3208 2930 Ἀλλὰ
3235 2876 3519 2930 καὶταῦτα
3543 2876 3610 2928 τὰ
3637 2875 3856 2945 ῥήματα

2289 2976 2400 3045 ἔχει
2432 2974 2530 3043 μὲν
2555 2973 2784 3032 ἱκεσίαν,
2819 2971 3065 3036 ἐκφαίνει
3093 2969 3151 3021 δὲ
3178 2968 3551 3039 εὐχαριστίαν,
3577 2967 3670 3020 καὶ
3697 2967 3853 3035 εὐερ-

2289 3066 2451 3134 γέτην
2474 3065 2566 3118 τοῦ
2591 3063 2779 3128 γένους
2812 3059 3076 3132 κηρύττει
3107 3059 3198 3112 τὸν
3231 3058 3386 3122 Θεὸν,
3425 3059 3480 3110 ὲν
3528 3050 3608 3119 οἷς
3650 3055 3860 3125 μέμνη-

2291 3171 2377 3206 ται
2407 3153 2512 3206 τῶν
2552 3153 2679 3222 παρ’
2723 3151 2887 3212 αὑτοῦ
2921 3150 3312 3204 τελειωθέντων
3341 3146 3436 3202 καὶ
3484 3144 3853 3213 ἀγιασθέντων

2287 3243 2618 3315 ἀνθρώπων,
2677 3243 2897 3312 μονονοὺ
2956 3241 3165 3306 λέγων’
3225 3240 3342 3293 Ἵνα
3401 3237 3504 3308 δῷς
3563 3236 3695 3306 ἡμῖν
3749 3235 3852 3302 xi-

2281 3350 2385 3404 ριν,
2415 3333 2481 3404 ἢν
2517 3334 2628 3396 τοῖς
2670 3332 2846 3399 ἁγίαις
2882 3329 3108 3386 κατέθου
3164 3331 3454 3400 πρότερον,
3483 3329 3574 3383 ἵνα
3616 3327 3853 3398 ἁγιάσῃς

2273 3423 2461 3494 ὥσπερ
2515 3424 2608 3476 καὶ⁸
2658 3424 2850 3484 ἄλλους
2885 3422 3093 3490 φθάσας
3143 3422 3380 3490 ἡγίασας
3430 3419 3540 3473 τῶν
3574 3415 3855 3490 ὁμογενῶν

2269 3520 2421 3588 ἡμῖν.
2447 3517 2556 3572 Καὶ
2587 3517 2713 3585 περὶ
2747 3516 2845 3585 μὲν
2872 3515 3074 3569 τούτων
3096 3515 3338 3584 ἀρκείτω
3361 3512 3556 3571 ταῦτα.

2869 3719 3124 3773 ΚΕΦΑΛ.
3162 3719 3283 3770 AA'.

2273 3831 2411 3899 Περὶ
2435 3825 2521 3885 ὧν
2553 3834 2585 3885 ὁ
2619 3829 2810 3898 Ιερεὺς
2834 3830 3012 3889 ἕνεκα
3038 3830 3254 3899 ἐαυζοῦ
3279 3831 3517 3897 εὔχεται
3552 3831 3704 3898 ὑπὲρ
3732 3831 3852 3889 τῶν

2376 3901 2548 3969 ιερῶν
2572 3891 2802 3967 sopor;
2821 3901 2918 3956 καὶ
2949 3901 3100 3969 ὑπὲρ
3126 3891 3212 3952 ὧν
3249 3891 3634 3967 τοῖ’(ἷπιστοῖς
3666 3891 3857 3970 ἐὔχε-

2375 3975 2514 4025 σθαι
2548 3973 2800 4024 κελεύει.

2351 4063 2367 4082 ⁸
2395 4065 2435 4116 0
2467 4063 2522 4116 δὲ
2556 4063 2753 4130 ἱερεὺς,
2798 4063 2934 4131 μετὰ
2967 4062 3027 4115 τὸ
3067 4065 3232 4116 πᾶσιν
3265 4061 3524 4127 εὔξασθαι
3549 4061 3617 4116 τὰ
3642 4063 3850 4126 δέοντα,

2270 4155 2362 4207 καὶ
2389 4154 2527 4223 ὑπὲρ
2561 4153 2754 4206 ἑαυτοῦ
2787 4152 3026 4222 εῦχεται,
3061 4153 3162 4206 ὑπὸ
3189 4153 3294 4206 τῶν
3341 4152 3530 4222 δώρων
3581 4153 3850 4222 άγιασθῆ-

2269 4265 2377 4300 ναι.
2410 4246 2544 4298 Τίνα
2592 4245 2884 4314 ἁγιασμόν;
2915 4246 3144 4313 Ἀφεσιν
3177 4245 3362 4299 λαϐεῖν
3395 4246 3504 4300 τῶν
3542 4246 3848 4316 ἁμαρτιῶν.

2269 4337 2438 4389 Τοῦτο
2469 4336 2577 4405 γὰρ
2608 4335 2666 4387 τὸ
2714 4336 3126 4406 προηγούμενον
3181 4337 3240 4390 τὸ
3276 4337 3436 4406 ἔργον
3483 4338 3688 4390 τούτων
3740 4336 3850 4389 τῶν

2269 4426 2476 4497 δώρων.
2507 4427 2618 4480 Καὶ
2651 4426 2814 4479 πόθεν
2838 4427 3015 4496 δῆλον;
3044 4428 3137 4494 Ἐξ
3159 4421 3232 4482 ὧν
3279 4431 3306 4481 6
3347 4429 3550 4500 Κύριος
3583 4423 3702 4481 εἷπε
3739 4431 3850 4490 τοῖς

600 4522 863 4576 Dominus
889 4521 1045 4584 dixit,
1080 4522 1343 4590 apostolis
1374 4537 1564 4590 panem
1600 4521 1932 4584 ostendens:
1991 4541 2008 4573 ι
2051 4521 2162 4576 [loc

2280 4517 2606 4582 Ξιποστὸλοις,
2648 4517 2738 4570 τὸν
2799 4517 2962 4586 ἄρτον
2992 4518 3235 4581 δεικνύς·
3279 4519 3480 4572 «Τοῦτό
3512 4523 3626 4572 ἐστι
3660 4519 3719 4571 τὸ
3748 4519 3850 4570 σῶ-

597 4624 682 4669 est
710 4628 908 4682 corpus
933 4628 1138 4676 meum,
1175 4613 1319 4681 quod
1365 4630 1461 4682 pro
1497 4615 1651 4670 vobis
1689 4615 1955 4684 frangitur
1989 4615 2042 4669 in
2087 4630 2172 4669 re-

597 4707 915 4762 missionem
978 4714 1351 4774 peccatorum.
1397 4726 1413 4756 ι
1451 4705 1516 4760 Ει
1573 4707 1625 4760 in
1660 4707 1829 4763 calice
1863 4710 2123 4763 'similiter
2157 4728 2170 4765 :

605 4819 622 4850 ι
658 4799 946 4863 Memento,
977 4799 1178 4866 inquit,
1206 4797 1432 4852 Domine
1457 4801 1621 4854 etiam
1650 4816 1783 4855 mea:
1815 4801 2173 4872 indignitatis,

598 4900 651 4944 ct
675 4892 921 4945 eondona
952 4891 1079 4944 mihi
1124 4906 1286 4945 omne
1317 4892 1573 4945 delictum
1603 4893 1975 4946 voluntarium
2011 4902 2063 4945 ct
2095 4894 2176 4946 in-

598 4983 986 5036 voluutarium.
1019 4984 1080 5036 Et
1106 4999 1171 5036 ne
1204 4992 1424 5052 propter
1450 5001 1565 5038 mra
1589 4995 1805 5053 peccata
1829 4985 2173 5050 prohibueris

600 5077 826 5140 gratiam
862 5077 1034 5128 sancti
1067 5075 1304 5144 Spiritus
1329 5091 1356 5126 a
1387 5077 1543 5129 donis
1567 5078 1879 5145 preposilis.
1912 5097 1928 5128 ι
1958 5075 2175 5130 Remis-

599 5165 806 5219 sionem
838 5176 1182 5232 peccatorum
1218 5168 1309 5220 dat
1334 5178 1557 5222 sanctus
1585 5168 1820 5236 Spiritus
1845 5169 1910 5221 iis
1930 5167 2019 5236 qui
2047 5177 2174 5222 sunt

600 5257 860 5307 donorum
886 5256 1200 5324 participes.
1238 5275 1256 5308 (
1287 5255 1430 5318 llaze,
1465 5257 1662 5322 inquit,
1697 5258 1867 5324 gratia
1903 5257 1953 5309 in
1989 5273 2074 5311 me
2106 5271 2173 5312 ne

599 5345 958 5412 prohibeatur
994 5361 1060 5398 ex
1097 5346 1255 5402 donis
1291 5357 1516 5415 propter
1551 5361 1666 5399 mea
1729 5358 1971 5416 peccata.
2012 5366 2030 5400 ι
2059 5346 2170 5401 Du-

599 5435 814 5502 pliciter
848 5432 995 5486 enim
1017 5435 1217 5488 dicitur
1248 5436 1417 5503 gratia
1456 5435 1672 5503 operari
1699 5437 1751 5488 in
1785 5435 2040 5504 pretiosis
2069 5435 2170 5490 do-

597 5527 699 5578 nis.
730 5523 846 5578 Uno
868 5524 1085 5594 quidem
1107 5525 1287 5586 modo,
1314 5540 1408 5593 per
1426 5541 1585 5592 quem
1613 5527 1724 5592 ipsa
1741 5525 2167 5592 sanctiﬁcantur,

596 5617 726 5676 alio.
757 5632 1025 5687 perquem
1045 5618 1216 5688 gratia
1248 5633 1348 5670 nos
1379 5633 1470 5685 per
1497 5618 1610 5686 ipsa
1641 5619 1965 5674 sanctiﬁcat.
1986 5619 2170 5675 Primo

594 5719 726 5774 ergo
769 5710 949 5774 modo,
977 5711 1028 5764 in
1063 5710 1216 5764 donis
1244 5712 1471 5776 gratiam
1517 5711 1726 5778 operari
1757 5711 1960 5765 nttllutn
1993 5719 2168 5780 potest

599 5792 894 5850 humanum
920 5798 1342 5869 malumqvctat‘c.
1365 5798 2164 5868 Sed,quemadtnodumeorum

2285 4607 2362 4678 μά
2398 4625 2521 4678 μου,
2552 4608 2612 4660 τὸ
2665 4609 2805 4679 ὑπὲρ
2836 4610 2990 4677 ὑμῶν
3025 4609 3300 4678 κλώμενον
3336 4613 3413 4672 εἱς
3444 4611 3637 4679 ἄφεσιν
3671 4613 3850 4680 ἀμαρ-

2278 4700 2462 4764 τιῶν,›
2531 4702 2622 4753 καί⁵
2653 4702 2745 4753 ἐπὶ
2780 4701 2873 4753 τοῦ
2904 4703 3167 4772 ποτηρίου
3228 4704 3426 4772 ὁμοίως
3451 4720 3465 4733 ·
3507 4705 3845 4775 (Μνήσθητι,

2279 4793 2472 4863 Κύριε,
2505 4794 2657 4862 φησὶ,
2690 4793 2910 4862 καὶτῆς
2944 4795 3081 4864 ὲμῆς
3145 4795 3514 4865 ἀνσξιότητος,
3560 4795 3654 4847 καὶ
3716 4811 3846 4862 συγς

2277 4881 2525 4954 χώρησόν
2583 4899 2675 4952 μοι
2735 4886 2842 4937 πᾶν
2895 4885 3272 4956 πλημμέλημα
3328 4886 3576 4944 ἑκούσιόν
3633 4902 3694 4938 τε
3751 4885 3846 4938 καὶ

2277 4976 2552 5040 ἀκούσιον,
2588 4976 2680 5028 καὶ
2717 4975 2792 5045 μὴ
2844 4975 2933 5029 διὰ
2968 4977 3065 5039 τὰς
3093 4978 3229 5046 ἐμὰς
3290 4977 3558 5046 ἁμαρτίας
3593 4977 3846 5047 κωλύσῃς

2275 5066 2370 5135 τὴν
2399 5066 2557 5136 χάριν
2588 5066 2684 5118 τοῦ
2718 5067 2870 5134 ἁγίου
2907 5067 3223 5136 ῐΙνεύματος
3248 5069 3354 5120 ἀπὸ
3387 5069 3492 5120 τῶν
3549 5069 3846 5138 προκειμέ-

2274 5175 2381 5211 νων
2405 5159 2591 5229 δώρων
2613 5177 2660 5214 .›
2706 5160 2933 5226 Ἀφεσιν
2959 5161 3241 5229 ἁμαρτιῶν
3297 5160 3474 5212 δίδωσι
3505 5161 3562 5212 τὸ
3621 5160 3842 5227 Πνεῦμα

2274 5251 2333 5303 τὸ
2356 5249 2507 5318 ἆγιον
2535 5251 2644 5313 τοῖς
2672 5250 2778 5302 τῶν
2799 5248 2988 5315 δώρων
3019 5251 3354 5304 κοινωνοῦσι.
3391 5250 3568 5320 «Αὕτη
3598 5253 3630 5319 ἠ
3661 5253 3838 5321 χάρις,

2273 5344 2427 5415 φησὶ,
2469 5344 2543 5415 μὴ
2573 5343 2875 5413 κωλυθήτω
2904 5344 3009 5398 ἀπὸ
3038 5344 3148 5395 τῶν
3206 5343 3414 5415 δώρων,
3445 5344 3533 5396 διὰ
3579 5345 3676 5406 τὰς
3705 5344 3842 5413 ἐμὰς

2271 5435 2564 5506 ἁμαρτίας.
2589 5455 2607 5486 ι
2645 5435 2849 5498 Διττῶς
2879 5438 2988 5505 γὰρ
3013 5436 3229 5503 λέγεται
3269 5438 3510 5508 ἐνεργεῖν
3535 5437 3591 5487 ἐν
3623 5437 3734 5496 τοῖς
3763 5451 3839 5485 τι·

2275 5527 2416 5597 μίοις
2445 5526 2638 5596 δώροις
2671 5529 2704 5596 ἡ
2731 5529 2888 5596 χάρις
2913 5545 2924 5557 ·
2954 5528 3050 5579 ἕνα
3089 5527 3187 5596 μὲν
3233 5527 3434 5596 τρόπον
3463 5524 3584 5579 καθ’
3617 5525 3675 5578 ὃν
3704 5521 3840 5576 αὐτὰ

2273 5617 2578 5685 ἁγιάζεταισ
2626 5617 2812 5689 ἕτερον
2841 5617 2918 5682 δὲ,
2981 5618 3184 5671 καθ’ὃν
3241 5619 3273 5687 ἡ
3325 5617 3482 5690 χάρις
3536 5615 3604 5668 δι’
3658 5613 3836 5668 αὐτῶν

2271 5709 2426 5779 ήμῶν
2459 5708 2696 5775 ἁγιάζει.
2733 5709 2836 5761 Τὸν
2868 5711 2966 5780 μὲν
2997 5709 3090 5762 οῦν
3143 5710 3358 5778 πρῶτον
3419 5712 3476 5763 ὲν
3507 5710 3615 5783 τοῖς
3644 5708 3838 5777 δώροις

2271 5804 2368 5872 τὴν
2400 5802 2558 5873 χάριν
2599 5804 2864 5874 ἐνεργεῖν,
2896 5803 3048 5855 οὐδέν
3077 5820 3126 5856 τι
3183 5803 3402 5856 δύναται
3470 5801 3699 5854 κωλύειν
3730 5796 3835 5850 τῶν
