4158 6306
522 363 627 431 m

1772 365 2080 430 NICOLAI
2123 362 2388 425 CABASI
2407 365 2515 426 ΗΕ

3661 366 3766 432 H8

523 480 812 548 (κειμένους,
843 476 908 534 Τί
935 475 989 535 δὲ
1024 478 1268 552 βούλεται
1297 487 1328 553 ὴ
1356 485 1454 553 τῆς
1483 483 1711 547 πίστεως
1743 483 1952 550 ὲνότης,
1985 481 2081 531 καὶ
2122 479 2154 547 ή
2205 477 2298 530 τοῦ
2329 479 2486 547 ἁγίου
2551 477 2866 550 Πνεύματος
2919 481 3191 550 κοινωνία,
3245 483 3340 536 καὶ
3416 481 3561 546 τίνος
3603 481 3764 535 ἓνεκα

518 575 726 628 τούτων
769 576 1001 630 ἐνταῦθα
1031 579 1280 646 δεόμεθα.
1317 580 1405 633 διὰ
1437 579 1646 632 πολλῶν
1693 579 1908 648 εἴρηται
1964 574 2218 645 τρόπων.

1105 692 1260 748 CAP.
1302 692 1518 747 XXXV.

528 798 605 852 De
643 802 884 876 oratione
924 821 955 856 τι
984 803 1091 857 Deo
1123 805 1345 868 tradita,
1373 818 1422 861 et
1456 808 1804 863 inclinatione
1833 811 2086 876 capitum,

595 879 644 990 let
674 873 964 940 gratiarum
992 885 1171 943 postea
1203 878 1407 932 actione
1434 879 1504 932 ad
1524 879 1708 946 Deum,
1743 889 1790 934 et
1819 873 2093 949 glori/ica;

618 956 755 990 iane.

618 956 755 994 ιοηε.

600 1113 703 1169 Sed
738 1131 860 1170 cum
896 1119 976 1174 sic
1026 1118 1141 1190 ipse
1173 1122 1484 1186 aedificavit.
1515 1135 1566 1180 et
1595 1126 1665 1180 ad
1697 1126 1901 1182 bonum
1936 1128 2088 1183 omni

523 1215 589 1256 ‘cx
623 1217 773 1273 parte
806 1208 1040 1264 instituit
1073 1221 1124 1266 et
1176 1217 1534 1283 comparavit,
1561 1225 1815 1287 tanquam
1837 1219 1946 1287 jam
1975 1236 2096 1289 pcr-

527 1290 722 1361 chtos,
756 1309 810 1354 et
837 1301 1021 1355 divina
1054 1305 1344 1375 adoptione
1373 1308 1568 1376 dignos
1596 1351 1610 1374 ,
1646 1309 1809 1363 Deum
1845 1321 1995 1380 rogat
2033 1321 2094 1366 ut

526 1389 677 1456 digni
721 1391 1025 1448 habeantur
1071 1398 1371 1453 orationem
1419 1400 1565 1454 illam
1605 1417 1727 1454 cum
1779 1402 1896 1470 ipso
1927 1403 2094 1458 libere

529 1473 729 1545 facere,
796 1482 850 1536 in
902 1499 1007 1551 qua
1059 1489 1328 1543 audemus
1371 1490 1546 1559 ipsum
1603 1489 1815 1546 Patrem
1876 1508 2091 1548 vocare.

528 1561 821 1638 Postquam
853 1584 1030 1628 autem
1061 1591 1250 1632 omnes
1270 1579 1416 1633 illam
1445 1596 1568 1635 cum
1597 1597 1662 1636 eo
1692 1582 1948 1648 dixerint,
1979 1584 2094 1652 ipse

529 1675 656 1711 cum
705 1662 949 1718 ultimam
1013 1665 1127 1733 ejus
1154 1680 1359 1738 partem
1400 1670 1464 1725 ad
1519 1671 1608 1726 Dei
1645 1672 2092 1741 gloriﬁcationem

530 1751 876 1815 exclamavit,
916 1756 1216 1812 ouationem
1261 1762 1556 1816 concludit.
1600 1763 1730 1818 Post
1758 1765 1861 1818 hoc
1906 1780 2091 1834 pacem

527 1852 787 1910 precatur
815 1848 1089 1904 omnibus.
1131 1851 1268 1905 Cum
1304 1862 1482 1907 autem
1515 1868 1710 1909 eorum
1746 1855 2090 1910 nobilitatem

2119 671 2168 725 Α

2772 691 3025 746 ΚΙςΦΛΛ.
3059 691 3182 748 AE'.

2195 805 2332 873 Περὶ
2377 805 2490 870 τῆς
2518 802 2667 859 Θεοῦ
2714 805 3052 874 παραδότου
3106 805 3315 874 εὐχῆς.
3349 800 3584 874 καὶτῆς
3630 807 3761 860 xli-

2260 885 2416 941 σεως
2440 875 2560 928 τῶν
2586 873 2885 943 κεφαλῶν,
2921 876 3018 929 καὶ
3049 874 3158 942 τῆς
3182 873 3333 942 μετὰ
3376 873 3552 929 τοῦτο
3587 879 3765 942 εὐχα-

2256 946 2500 1069 gladi/ac
2530 945 2628 998 καὶ
2653 945 2918 1012 δεήσεως
2954 946 3103 1012 πρὸς
3131 947 3239 1000 τὸν
3262 945 3434 1010 Θεὸν,
3464 944 3564 998 καί
3593 946 3770 1011 δοξο-

2339 1032 2375 1069 r
2396 1033 2490 1069 ac.

2339 1032 2490 1084 γιας.

2273 1126 2607 1192 Ἀλλόύτως
2648 1128 2812 1192 αὐτὸς
2852 1128 3234 1200 οἱκοδομήσας,
3294 1131 3391 1183 καὶ
3435 1130 3770 1199 πανταχόθεν

2193 1222 2275 1284 εἰς
2295 1221 2362 1274 τὰ
2390 1221 2568 1288 ἀγαθὰ
2602 1223 2997 1291 συγκροτήσας,
3027 1224 3102 1284 ὡς
3129 1220 3230 1292 ήδη
3253 1223 3491 1284 τελείους
3538 1223 3635 1276 καὶ
3669 1222 3768 1290 τῆς

2195 1310 2347 1374 θείας
2373 1311 2646 1374 υἱοθεσίας
2675 1311 2860 1377 ἀξίους
2885 1313 3233 1381 γενομένους,
3282 1311 3515 1364 ἱκετεύει
3543 1312 3633 1364 τὸν
3663 1311 3764 1364 Θε-

2193 1402 2253 1456 ὸν
2275 1401 2568 1471 ἀξιωθῆναι
2589 1401 2687 1472 τὴν
2744 1402 2910 1473 εὐχὴν
2935 1403 3152 1471 ἐκείνην
3179 1401 3435 1472 εὔχεσθαι
3465 1404 3606 1471 μετὰ
3628 1404 3771 1474 παῤ.

2195 1492 2414 1562 ρησίας.
2443 1485 2556 1566 ἐνῇ
2584 1491 2874 1561 τολμῶμεν
2903 1492 3123 1560 Πατέρα
3147 1493 3334 1544 καλεῖν
3365 1491 3550 1545 αὐτόν.
3599 1489 3772 1554 Εὐξαο

2198 1583 2373 1652 μένων
2394 1583 2454 1636 δὲ
2477 1583 2648 1652 αὐτὴν
2684 1583 2802 1654 μετ’
2831 1583 2999 1638 αὐτοῦ
3030 1585 3247 1637 πάντων
3268 1624 3283 1648 ,
3312 1584 3473 1646 αὐτὸς
3517 1583 3578 1636 τδ
3607 1584 3745 1651 ἀκρο

2193 1674 2466 1728 τελεύτιον
2488 1674 2754 1744 ἐκϐοήσας
2779 1675 2862 1738 εἱς
2885 1675 3188 1742 δοξολογίαν
3207 1675 3299 1728 τοῦ
3343 1673 3500 1739 Θεοῦ,
3537 1673 3636 1744 τὴν
3679 1673 3770 1725 εὒο

2195 1765 2296 1835 χὴν
2325 1765 2654 1821 κατακλείει.
2682 1767 2835 1820 Μετὰ
2861 1765 3018 1820 τοῦτο
3043 1766 3142 1836 τὴν
3168 1767 3389 1835 είρήνην
3421 1765 3638 1836 εὔχεται
3669 1766 3772 1818 πᾶ-

2197 1875 2302 1916 σιν.
2339 1857 2496 1914 Οὕτω
2528 1858 2586 1911 δὲ
2613 1859 2713 1928 τῆς
2749 1857 3028 1925 εὐγενείας
3051 1857 3139 1910 διὰ
3177 1859 3276 1927 τῆς
3305 1856 3472 1925 εὐχῆς
3526 1857 3770 1924 ἀναμνή-

530 1926 611 1988 sic
637 1937 686 1988 in
724 1947 956 1992 mentem
991 1944 1290 2010 revocavit,
1313 1955 1366 1999 et
1402 1945 1616 2000 Patrem
1660 1947 1826 2002 Deum
1858 1948 2090 2014 vocavit,

2203 1967 2317 2017 σας,
2345 1950 2438 2002 καὶ
2469 1926 2684 2018 Πατέρα
2724 1949 2962 2010 καλέσας
2987 1948 3076 2000 τὸν
3105 1926 3256 2012 Θεὸν,
3282 1945 3397 2000 εῐτα
3422 1948 3516 2001 καὶ
3557 1945 3632 2008 ὡς
3679 1949 3770 1998 Δε-

532 2026 727 2082 deinde
780 2029 942 2083 etiam
979 2043 1234 2104 tanquam
1269 2035 1558 2091 Dominum
1585 2038 1738 2106 jubet
1773 2054 2091 2107 agnoscere,

532 2121 586 2170 οἰ
617 2133 736 2186 qua:
784 2130 913 2174 sunt
945 2138 1224 2180 servorum
1270 2128 1326 2182 in
1365 2130 1540 2199 ipsum
1575 2131 1886 2195 ostendere,
1942 2143 1994 2186 et
2041 2133 2092 2187 ci

527 2211 706 2280 capita
736 2213 1024 2284 inclinare,
1052 2227 1107 2273 et
1137 2235 1201 2274 eo
1246 2222 1430 2277 habitu
1459 2225 1776 2280 servitutem
1803 2225 2050 2280 conﬁteri
2076 2239 2093 2279 :

528 2306 583 2355 εἰ
614 2303 877 2362 inclinant
901 2324 1007 2364 non
1031 2313 1205 2366 solum
1235 2324 1491 2383 tanquam
1531 2327 1723 2372 natura
1756 2318 2005 2384 Domino,
2037 2327 2092 2372 et

527 2391 717 2464 Opiﬁci
742 2405 796 2452 et
828 2397 955 2465 Deo,
986 2403 1079 2457 sed
1106 2403 1265 2458 etiam
1293 2415 1352 2459 ut
1375 2407 1518 2462 servi
1541 2408 1731 2477 empti.
1763 2409 1810 2462 ci
1839 2410 1930 2478 qui
1961 2410 2094 2464 emit

529 2486 772 2553 pretioso
803 2492 1068 2560 sanguine
1095 2492 1386 2564 Unigeniti,
1414 2513 1512 2566 pro
1534 2514 1641 2568 quo
1670 2500 1831 2554 etiam
1850 2500 2093 2569 duplices

527 2587 719 2630 servos
760 2591 861 2631 nos
890 2581 1203 2649 acquisivit,
1227 2593 1280 2638 et
1306 2586 1444 2641 lilios
1467 2602 1596 2642 suos
1629 2588 1786 2655 fecit;
1811 2590 2011 2643 etenim
2039 2597 2096 2644 et

532 2667 848 2720 servitutem
891 2672 1063 2737 auxit,
1092 2685 1144 2728 ct
1173 2675 1437 2744 majorem
1469 2681 1727 2744 reddidit,
1759 2690 1810 2735 et
1839 2681 2094 2752 adoptio.

531 2771 657 2810 nem
685 2760 862 2814 etfacit
892 2779 1034 2818 unus
1059 2776 1112 2820 et
1163 2768 1305 2822 idem
1340 2773 1580 2840 sanguis.
1616 2771 1882 2829 Omnibus
1908 2785 2088 2828 autem

530 2849 710 2916 capita
740 2849 1147 2922 inclinantibus,
1190 2860 1444 2916 sacerdos
1488 2861 1628 2929 apud
1661 2877 1718 2916 se
1749 2862 1860 2917 Deo
1893 2864 2094 2931 gratias

532 2953 701 3007 agens
755 2956 852 3010 pro
896 2959 1086 3000 eorum
1115 2964 1235 3016 quae
1257 2960 1387 3005 sunt
1415 2952 1712 3019 creatione,
1747 2964 2006 3022 precatur
2031 2970 2092 3009 ea

533 3047 656 3101 quae
685 3043 816 3089 sunt
861 3037 1014 3090 utilia
1043 3039 1316 3104 omnibus,
1345 3041 1678 3098 mentionem
1702 3043 1908 3103 faciens
1947 3047 2092 3116 apud

533 3138 682 3186 cum,
714 3133 768 3178 et
797 3128 1035 3182 nominis
1066 3129 1367 3202 Unigeniti,
1403 3143 1456 3188 et
1481 3135 1668 3204 gratiae
1699 3135 1818 3204 ejus
1861 3145 1916 3192 et
1944 3138 2097 3194 beni-

535 3218 780 3285 gnitatis,
827 3228 1082 3290 tanquam
1131 3223 1213 3278 sic
1277 3226 1441 3295 petita
1479 3238 1826 3298 accepturus,
1888 3239 1948 3286 ut
1982 3231 2098 3301 ipse

2199 2040 2400 2105 σπότην
2431 2038 2812 2106 ἐπιγινώσκειν
2859 2038 3092 2102 κελεύει,
3126 2039 3218 2091 καὶ
3269 2038 3338 2092 τὰ
3392 2036 3596 2091 δούλων
3637 2037 3769 2105 πρὸς

2197 2131 2357 2186 αὑτὸν
2390 2131 2812 2197 ἐπιδείκνυσθαι,
2847 2132 2941 2185 καὶ
2972 2132 3150 2185 κλῖναι
3177 2131 3274 2192 τὰς
3328 2131 3574 2198 κεφαλὰς
3599 2128 3768 2196 αὐτῷ,

2199 2223 2295 2276 καὶ
2315 2223 2490 2293 τούτῳ
2512 2223 2588 2293 τῷ
2621 2224 2859 2293 σχήματι
2885 2224 2984 2292 τῆς
3011 2223 3253 2287 δουλείας
3277 2223 3630 2292 ὁμολογῆσαι.
3658 2221 3771 2274 Καὶ

2197 2313 2469 2367 κλίνουσιν
2495 2315 2556 2366 οὺ
2590 2313 2748 2382 μόνον
2774 2315 2849 2377 ὡς
2880 2313 3038 2382 φύσει
3065 2315 3309 2386 Δεσπότῃ
3332 2314 3424 2368 καὶ¹
3444 2311 3769 2383 Δημιουργῷ

2198 2406 2292 2460 καὶ
2319 2405 2457 2474 Θεῷ,
2483 2404 2620 2458 ἀλλὰ
2650 2405 2744 2457 καὶ
2770 2405 2846 2468 ὡς
2895 2404 3092 2475 ὠνητοὶ
3139 2404 3332 2463 δοῦλοι.
3355 2405 3430 2474 τῷ
3481 2406 3770 2476 πριαμένῳ

2197 2499 2262 2552 δι’
2297 2496 2457 2551 αὑτοῦ
2487 2497 2716 2566 αἵματος
2766 2495 2857 2550 τοῦ
2909 2496 3265 2565 Μονσγενούς,
3307 2497 3444 2568 ὑπὲρ
3472 2491 3530 2551 οὗ
3562 2498 3654 2549 καὶ
3685 2496 3766 2547 δι-

2199 2588 2350 2650 πλοῖς
2403 2586 2610 2649 δούλοις
2638 2588 2789 2656 ήμᾶς
2823 2588 3110 2658 ἐκτήσατο,
3139 2589 3234 2641 καὶ
3265 2589 3414 2652 υἱοὺς
3477 2589 3769 2656 ἐποιήσατο

2201 2680 2326 2741 τοὺς
2379 2679 2598 2740 αὐτούς.
2661 2677 2772 2730 Καὶ
2803 2678 2910 2748 γὰρ
2943 2679 3036 2731 καὶ
3080 2679 3181 2751 τὴν
3239 2678 3480 2732 δουλείαν
3535 2678 3770 2750 ηὔξησεν

2199 2771 2328 2840 ἡμῖν
2351 2770 2442 2821 καὶ
2479 2766 2698 2838 μείζονα
2737 2767 2924 2832 ἔδειξε,
2951 2768 3043 2821 καὶ
3067 2771 3166 2839 τήν
3210 2768 3478 2822 υἱοθεσίαν
3508 2768 3766 2838 εἱργάσα-

2199 2878 2262 2912 το
2305 2860 2365 2911 τὸ
2391 2859 2448 2911 ἒν
2482 2858 2577 2910 καὶ
2601 2858 2662 2910 τὸ
2687 2858 2816 2911 αὐτὸ
2843 2855 3002 2926 αἷμα.
3033 2859 3254 2912 Πάντων
3283 2858 3337 2911 δέ
3363 2858 3649 2911 κλινόντων
3673 2859 3769 2921 τὰς

2201 2949 2460 3018 κεφαλὰς,
2494 2951 2522 3003 ὁ
2561 2950 2739 3019 ἱερεὺς
2766 2948 2845 3018 τῷ
2890 2948 3010 3019 Θεῷ
3039 2950 3138 3012 τὰς
3189 2950 3415 3020 χάριτας
3456 2949 3548 3017 ἀφ’
3575 2949 3769 3002 ἐαυτοῦ

2195 3042 2294 3111 τῆς
2316 3042 2422 3094 τῶν
2448 3040 2582 3101 ὅλων
2609 3041 2969 3111 δημιουργίας
3006 3041 3365 3112 ὁμολογήσας,
3430 3040 3650 3112 εὔχεται
3703 3041 3773 3094 τὰ

2202 3133 2551 3204 συμφέροντα
2606 3135 2761 3200 πᾶσι,
2810 3133 3068 3204 μνησθεὶς
3125 3133 3260 3203 πρὸς
3309 3135 3472 3188 αὐτὸν
3528 3137 3622 3190 καῖ
3675 3133 3770 3187 τοῦ

2201 3225 2462 3296 ὀνόματος
2497 3225 2591 3278 τοῦ
2626 3223 2958 3291 Μονογενοῦς
2991 3223 3084 3277 καὶ
3109 3224 3208 3292 τῆς
3233 3224 3393 3278 αὑτοῦ
3424 3226 3647 3295 χάριτος
3673 3227 3770 3278 καὶ

536 3307 796 3363 Servatur
861 3311 1145 3381 professus
1202 3323 1304 3370 est.
1363 3336 1382 3369 ι
1439 3318 1633 3375 Omnia
1685 3321 1856 3388 enim,
1905 3322 2100 3391 inquit,

2206 3311 2749 3385 φιλανθρωπίαςοὼς
2780 3312 2921 3366 οὕτω
3002 3313 3069 3366 τὰ
3125 3313 3403 3383 αἱτήματα
3450 3315 3770 3384 ληψόμενος,

535 3416 873 3472 (ιυτιξοιιηηυο
901 3405 1168 3472 petieritis
1195 3408 1408 3463 Patrem
1442 3411 1497 3465 in
1536 3412 1753 3466 nomine
1777 3427 1920 3476 meo,
1951 3413 2102 3468 dabit

533 3493 712 3549 vobis.
761 3512 782 3546 ι
843 3492 1052 3553 Deinde
1100 3498 1311 3567 adjecta
1361 3502 1774 3572 gloriﬁcatione,
1847 3505 2104 3560 audiente

540 3585 944 3641 circumstante
990 3590 1362 3656 multitudine,
1435 3594 1618 3649 laudat
1696 3597 2101 3652 sanctissimam

535 3671 905 3733 Trinitatem:
935 3689 988 3733 et
1018 3695 1141 3734 cum
1205 3697 1300 3738 eos
1345 3684 1763 3752 gloriﬁcationis
1814 3689 2102 3760 participes

535 3764 769 3833 accepit,
801 3766 997 3822 deinde
1041 3786 1234 3826 rursus
1283 3775 1348 3827 ad
1380 3777 1622 3846 seipsum
1654 3781 2016 3847 convertitur,
2049 3790 2105 3836 et

537 3855 812 3911 submissa
839 3873 973 3914 voce
995 3875 1095 3930 per
1122 3877 1182 3918 se
1197 3874 1478 3932 precatur.
1514 3868 1690 3923 Orans
1728 3879 1909 3923 autem
1946 3879 2106 3925 vocat

539 3944 715 4013 ipsum
769 3947 1065 4012 Christum.
1119 3953 1415 4020 victimam,
1474 3961 1836 4022 sacerdotem,
1882 3975 2104 4029 panem,

540 4047 600 4090 ut
634 4038 747 4108 ipse
768 4055 869 4109 per
895 4057 952 4096 sc
989 4044 1164 4098 servis
1190 4047 1428 4116 seipsum
1464 4051 1847 4105 communicet.

1067 4271 1074 4276 ν
1101 4251 1253 4307 CAP.
1307 4253 1546 4311 XXXVI.

543 4361 619 4416 De
649 4363 716 4415 iis
743 4377 864 4430 qua:
883 4366 1131 4434 sacerdos
1157 4366 1353 4418 clamat
1378 4367 1446 4418 ad
1466 4367 1738 4434 populant,
1769 4377 1954 4424 sancta
1998 4369 2106 4425 ele-

613 4449 740 4484 vans
767 4447 785 4484 :
805 4443 853 4484 et
881 4433 1035 4486 dedis
1057 4450 1174 4502 quw
1195 4435 1270 4487 illi
1296 4433 1617 4489 vicissimad
1645 4455 1760 4491 eum
1790 4439 2045 4496 clamant.

606 4524 682 4578 Et
715 4528 780 4576 ad
815 4541 1058 4578 mensam
1086 4535 1140 4580 et
1167 4527 1278 4596 ipse
1313 4541 1661 4593 accessurus,
1698 4541 1751 4584 et
1772 4532 1921 4588 ‘alios
1953 4550 2110 4590 voca-

2202 3407 2342 3462 κατὰ
2367 3408 2469 3478 τὴν
2499 3406 2664 3459 αὐτοῦ
2697 3405 2946 3476 Σωτῆρος
2998 3405 3149 3461 θείαν
3183 3407 3542 3475 ἐπαγγελίαν·
3590 3425 3609 3459 ι
3637 3407 3776 3461 Πάν-

2199 3516 2269 3551 τα
2294 3498 2423 3569 γὰρ,
2464 3497 2649 3567 φησὶν,
2681 3496 2782 3548 ὅσα
2809 3495 2874 3549 ἂν
2906 3497 3168 3567 αἰτήσητε
3201 3497 3296 3550 τὸν
3345 3497 3560 3567 Πατέρα
3603 3497 3662 3548 ἐν
3698 3497 3776 3566 τῷ

2200 3587 2426 3658 ὀνόματί
2453 3605 2576 3656 μου,
2613 3585 2773 3639 δώσει
2819 3585 2968 3656 ύμῖν.
2999 3605 3018 3638 ι
3056 3583 3191 3656 lii-cla
3242 3588 3550 3655 δοξολογίαν
3604 3605 3774 3657 προσ-

2204 3679 2317 3743 θεὶς
2354 3679 2435 3739 είς
2463 3677 2696 3747 ἐπήκοον
2742 3676 2834 3730 τοῦ
2891 3678 3250 3749 περιεστῶτος
3297 3681 3556 3750 πλήθους,
3620 3682 3777 3751 ὑμνεῖ

2202 3769 2302 3838 τὴν
2334 3767 2602 3835 παναγίαν
2648 3767 2876 3837 Τριὰδα,
2907 3769 3000 3822 καὶ
3027 3768 3207 3822 λαϐὼν
3232 3773 3522 3834 κοινωνοὺς
3553 3773 3650 3843 τῆς
3691 3771 3775 3824 δο-

2204 3856 2472 3925 ξολογίας,
2529 3853 2650 3910 εἱτα
2698 3855 2862 3909 πάλιν
2917 3857 2997 3919 εἱς
3052 3856 3244 3909 ἐαυτὸν
3293 3856 3633 3926 ἐπιστρέφει,
3680 3857 3776 3910 καὶ

2204 3950 2380 4019 ἡσυχῇ
2409 3947 2504 4001 καὶ
2528 3947 2651 4001 καθ’
2679 3948 2873 4002 ἐαυτὸν
2921 3947 3162 4018 εὔχεται.
3194 3948 3497 4018 Εύχόμενος
3527 3949 3582 4000 δὲ
3613 3949 3775 4002 αὑτὸν

2203 4039 2360 4094 καλεῖ
2403 4040 2495 4092 τὸν
2550 4040 2808 4110 Χριστὸν.
2833 4040 2893 4094 τὸ
2928 4041 3155 4108 σφάγιον
3176 4081 3191 4106 ,
3217 4041 3310 4095 τὸν
3357 4041 3526 4111 ἱερέα,
3558 4041 3648 4094 τδν
3675 4041 3775 4107 ἆρ-

2204 4149 2312 4187 τον’
2334 4132 2420 4187 ῖνα
2449 4133 2610 4196 αὐτὸς
2629 4133 2694 4186 δι’
2717 4134 2811 4186 έαυ
2823 4132 2907 4185 τοῦ
2931 4135 3040 4196 τοῖς
3085 4132 3291 4197 δούλοις
3313 4133 3510 4186 ἑαυτὸν
3541 4131 3772 4205 μεταδῷ.

2781 4243 3031 4297 ΚΕΦΑΛ.
3058 4243 3196 4312 Δεῖν.

2206 4360 2361 4430 Περὶ,
2386 4353 2474 4414 ὧν
2509 4361 2540 4413 ό
2565 4359 2756 4430 ἱερεὺς
2782 4358 2924 4430 πρὸ(
2970 4359 3038 4413 τὸ
3071 4357 3318 4430 πλῆθος
3333 4359 3476 4428 βοᾷ,
3523 4361 3594 4414 τὰ
3640 4361 3778 4430 ἅγια

2243 4424 2419 4499 ὑψῶν
2443 4447 2457 4463 .
2482 4429 2581 4483 καὶ
2611 4424 2703 4484 ὧν
2733 4424 2950 4482 ἐκεῖνοι
2975 4429 3124 4498 πρὸς
3156 4424 3342 4484 αὗτὸν
3366 4424 3742 4486 ἀύέιῦοῶσιὲ.

2279 4523 2388 4575 Καὶ
2420 4521 2628 4591 μέλλων
2657 4520 2751 4573 ἐπὶ
2782 4519 2881 4591 τὴν
2910 4519 3187 4589 τράπεζαν
3225 4522 3322 4574 καὶ
3354 4522 3516 4585 αὐτὸς
3554 4525 3778 4592 χωρεῖν,

546 4623 720 4680 turus,
751 4615 1010 4684 quoniam
1050 4629 1157 4671 non
1198 4617 1446 4673 absolute
1485 4620 1742 4675 omnibus
1792 4638 2098 4680 sacramen-

2211 4613 2306 4665 καὶ
2338 4611 2533 4674 ἄλλους
2567 4610 2878 4680 συγκαλεῖν,
2911 4611 3032 4662 ἐπεὶ
3063 4609 3123 4662 ού
3159 4613 3326 4664 πᾶσιν
3361 4613 3547 4676 ἁπλῶς
3572 4613 3782 4679 ἔξεστιν

539 4713 726 4758 torum
756 4705 1069 4759 communio
1093 4716 1176 4760 est
1199 4707 1504 4778 licita,-ipse
1534 4726 1751 4781 quoque
1779 4728 1883 4767 non
1916 4723 2105 4771 omnes

2209 4705 2242 4773 ὴ
2290 4701 2544 4754 κοινωνία
2586 4701 2693 4753 τῶν
2746 4701 3081 4770 μυστηρίων,
3135 4703 3228 4755 καὶ
3263 4703 3421 4766 αὐτὸς
3466 4704 3524 4757 οὗ
3572 4706 3784 4770 πάντας

542 4804 724 4857 vocat,
772 4796 864 4850 sed
918 4796 1133 4851 vivitico
1179 4813 1316 4864 pane
1377 4812 1598 4870 accepto
1640 4811 1693 4856 et
1740 4813 1980 4870 ostenso,
2011 4822 2108 4863 eos

536 4887 640 4954 qui
697 4889 856 4956 digne
907 4898 1036 4944 sunt
1093 4889 1258 4959 ipsius
1323 4893 1609 4962 participes
1671 4895 1872 4962 futuri,
1922 4909 2109 4954 'vocat.

555 4997 575 5030 ι
615 4978 834 5043 Sancta,
876 4982 1075 5051 inquit,
1109 4983 1336 5046 sanctis,
1377 5003 1396 5035 ι
1432 4987 1825 5055 propemodum
1870 4989 2058 5044 dicens
2095 5008 2109 5044 :

550 5068 690 5122 Ecce
727 5072 881 5136 panis
915 5073 1036 5126 vita:
1071 5090 1230 5143 quem
1257 5076 1476 5131 'vidctis.
1511 5077 1794 5134 Accurrite
1829 5096 1958 5150 ergo
1983 5097 2111 5151 par-

554 5161 742 5228 ticipes
774 5162 964 5226 futuri,
992 5166 1086 5220 sed
1111 5182 1232 5222 non
1265 5185 1478 5234 omnes,
1511 5171 1605 5225 sed
1637 5171 1684 5226 si
1713 5171 1835 5240 quis
1871 5182 2112 5230 sanctus.

540 5251 752 5306 'Sancta
798 5252 940 5306 enim
995 5256 1198 5310 sanctis
1253 5257 1384 5312 solis
1429 5257 1836 5326 permittuntur.
1887 5257 2119 5314 Sanctos

554 5351 736 5397 autem
771 5341 860 5396 hic
890 5357 1001 5396 non
1031 5343 1165 5400 dicit
1193 5348 1393 5402 virtute
1422 5347 1717 5416 perfectos,
1747 5348 1840 5402 sed
1886 5349 2137 5417 quicun-'

542 5448 663 5498 νιιιιιε
708 5435 776 5488 ad
822 5432 971 5488 illam
1017 5436 1236 5504 quidem
1287 5439 1516 5492 tendunt
1563 5436 1968 5508 perfectionem,
2022 5438 2120 5494 sed

548 5522 798 5577 mendum
832 5533 959 5578 sunt
993 5526 1224 5580 assecuti
1263 5543 1278 5580 :
1311 5527 1513 5581 ctenim
1557 5541 1654 5582 cos
1695 5528 1830 5583 nibil
1871 5528 2121 5599 prohibet

545 5624 874 5670 sanctorum
903 5616 1125 5672 effectos
1151 5617 1535 5688 mysteriorum
1570 5618 1883 5688 participes,
1917 5620 2122 5674 sancti-

551 5703 734 5764 εὕροι-ἱ.
772 5715 825 5760 et
852 5708 990 5762 hanc
1025 5717 1230 5776 partem
1260 5721 1381 5762 esse
1425 5716 1692 5775 sanctam,
1743 5710 1885 5764 sicut
1915 5717 1963 5763 cl
1999 5711 2123 5764 unio

552 5805 720 5852 Versa
753 5797 994 5855 Ecclesia
1041 5808 1226 5855 sancta
1259 5814 1381 5854 esse
1413 5798 1646 5870 dicitur;
1675 5813 1722 5856 ct
1762 5801 1950 5858 beatus
1983 5804 2123 5874 Apo-

2183 4975 2384 5029 ~xalei.
2426 4991 2445 5025 ι
2487 4972 2568 5024 Τὰ
2600 4972 2747 5040 διγια,
2793 4973 2945 5042 φησὶ,
2979 4976 3089 5036 τοῖς
3118 4975 3294 5041 ἁγίοις
3317 4991 3331 5004 ·

2211 4793 2402 4846 καλεῖ·
2438 4791 2574 4844 ἀλλὰ
2602 4791 2692 4842 τὸν
2719 4789 2984 4854 ζωοποιδν
3016 4792 3178 4862 ἄρτον
3209 4792 3410 4860 λαϐὼν,
3444 4795 3536 4848 καὶ
3564 4796 3786 4850 ἀποδείο

2212 4883 2327 4948 ξας,
2355 4883 2476 4944 τοὺς
2502 4879 2684 4945 ἀξίους
2709 4880 2875 4932 αὑτοῦ
2899 4884 3240 4950 μετέχοντας,
3273 4885 3350 4947 εἰς
3373 4886 3468 4955 τὴν
3493 4888 3787 4956 μετουσίαν

3371 4994 3390 5028 ι
3437 4979 3661 5045 μονονοὺ
3691 4979 3789 5030 λέ-

2212 5081 2344 5136 γων·
2376 5064 2507 5118 Ἰδοὺ
2538 5066 2564 5117 ὁ
2589 5063 2686 5132 τῆς
2723 5063 2866 5131 ζωῆς
2892 5064 3061 5132 ’ἄρτος
3093 5065 3151 5118 ὃν
3178 5067 3362 5136 ὁρᾶτε.
3392 5067 3603 5123 Οὐκοῦν
3663 5069 3791 5138 δρά·

2219 5174 2348 5226 μετε
2399 5154 2861 5226 μεταληψόμενοι,
2910 5155 3026 5210 ἀλλ’
3071 5157 3131 5209 οὗ
3172 5159 3393 5224 πάντες,
3442 5161 3560 5214 ἀλλ’
3603 5162 3656 5214 εί
3700 5179 3788 5224 τις

2218 5249 2393 5316 ᾶγιος.
2452 5247 2534 5301 Τὰ
2588 5248 2695 5315 γὰρ
2749 5247 2878 5314 ἅγια
2925 5249 3036 5311 τοῖς
3091 5248 3267 5318 ἁγίοις
3315 5252 3525 5320 ἐφεῖται
3579 5253 3783 5322 μόνοις.

2231 5340 2446 5409 ’Δγίους
2493 5339 2550 5394 δέ
2618 5339 2678 5394 οὐ
2729 5339 2853 5400 τοὺς
2917 5340 3153 5403 τελείους
3224 5342 3322 5412 τὴν
3377 5343 3577 5415 ἀρετὴν
3627 5344 3788 5414 μόνον

2221 5432 2457 5487 ἐνταῦθά
2498 5449 2686 5502 φησιν,
2727 5432 2862 5486 ἀλλὰ
2889 5433 2982 5486 καὶ
3019 5433 3133 5486 ὅσοι
3173 5434 3312 5505 πρὸς
3348 5435 3447 5505 τὴν
3478 5436 3788 5507 τελειότητα

2225 5523 2437 5592 ἐκείνην
2463 5523 2770 5590 ἐπείγονται
2796 5523 2914 5591 μὲν,
2935 5523 3210 5578 λείπονται
3235 5523 3292 5577 δὲ
3315 5524 3414 5580 ἔτι.
3442 5526 3548 5578 Καὶ
3570 5525 3792 5590 τούτους

2227 5615 2337 5686 γὰρ
2369 5613 2523 5667 οὐδὲν
2555 5612 2752 5666 κωλύει
2788 5615 2895 5668 τῶν
2930 5615 3102 5681 ἁγίων
3132 5615 3442 5685 μυστηρίων
3480 5618 3536 5669 ἐν
3574 5616 3789 5686 μεθέξει

2229 5706 2534 5777 γενομένων
2568 5704 2912 5773 ἁγιάζεσθαι,
2963 5705 3056 5758 καὶ
3102 5704 3258 5758 τοῦτο
3297 5707 3357 5759 τὸ
3396 5707 3557 5776 μέρος
3604 5705 3791 5772 ἁγίους

2229 5797 2401 5856 εἶναι·
2441 5797 2627 5869 ὥσπερ
2670 5796 2760 5849 καὶ
2795 5797 2825 5866 ή
2873 5796 3166 5868 Ὶίκκλησία
3202 5799 3348 5852 πᾶσα
3381 5798 3508 5866 ἁγία
3549 5797 3786 5867 λέγεται,
