4132 6308
619 245 717 307 451

1876 249 2185 313 NICOLAI
2229 252 2317 309 CA
2328 250 2488 329 BAS]
2505 251 2614 310 LA!

3759 245 3860 315 £52

612 357 985 426 gniticandum
1021 354 1194 412 sancti
1222 354 1458 425 Spiritus
1493 354 1557 410 ad
1614 355 1909 411 Ecclesiam
1953 357 2168 413 descen-

2286 358 2447 411 ἕνεκα
2479 354 2579 425 τῆς
2610 357 2702 409 τοῦ
2734 355 2889 424 ἁγίου
2916 356 3234 427 Πνεῦματος
3265 355 3359 409 ἐπὶ
3398 355 3497 427 τὴν
3539 356 3866 429 Ἐκκλησίαν

614 467 759 505 sum.
824 447 1113 502 Descendit
1167 447 1311 501 enim
1375 455 1505 499 tunc
1565 445 1818 500 universa
1873 445 2180 502 incarnatio

610 528 898 596 hom-inica
930 548 1148 608 peracta
1196 540 1497 593 oeconomia
1530 554 1544 591 :
1582 552 1726 592 nunc
1764 546 1964 603 autem,
1997 538 2181 594 oblato

613 631 908 697 sacriﬁcio,
946 639 1000 683 et
1034 629 1429 685 consummatis
1459 628 1640 695 tloiiis,
1679 639 1927 684 versatur
1958 645 2082 685 cum
2113 631 2180 685 iis

614 723 708 793 qui
740 720 900 790 digne
926 719 1148 775 fuerunt
1180 734 1366 775 eorum
1392 719 1704 790 participes.
1741 719 2005 776 Universa
2032 721 2179 775 enim

612 812 870 867 humana:
919 827 948 866 a
996 811 1217 867 Christo
1277 821 1546 879 suscepta:
1596 820 1805 865 natura:
1854 813 2178 878 mcnnomia,

608 902 672 960 in
695 919 855 960 sacro
891 902 1253 959 Eucharistim
1289 902 1573 974 mysterio,
1619 902 1674 957 in
1718 918 1880 973 pane,
1915 912 2179 973 tanquam

610 998 670 1052 in
712 997 919 1063 tabula,
951 995 1216 1065 inscripta
1251 994 1403 1066 (nam
1434 1005 1486 1050 et
1534 994 1795 1051 infantem
1829 997 2029 1067 ipsum,
2055 1006 2180 1054 tan-

615 1103 778 1158 quam
826 1087 882 1142 in
914 1087 1083 1157 ﬁgura
1128 1086 1559 1156 contemplamur
1592 1103 1606 1140 :
1634 1095 1687 1142 et
1709 1087 1773 1142 ad
1822 1099 2050 1143 mortem
2078 1090 2178 1145 du-

612 1188 768 1233 ctum
802 1188 855 1233 et
888 1179 1235 1242 cruciﬁxum,
1264 1186 1317 1232 et
1348 1178 1400 1231 in
1450 1177 1614 1233 latere
1639 1186 1935 1248 punctum;
1985 1180 2182 1235 deinde

612 1271 775 1323 etiam
804 1269 980 1337 ipsum
1014 1283 1233 1338 panem,
1266 1268 1318 1321 in
1358 1267 1487 1321 illud
1522 1268 1932 1324 sanctissimum
1955 1284 2176 1338 corpus,

610 1361 754 1430 quod
792 1361 907 1415 haec
950 1374 1077 1415 vere
1105 1359 1386 1422 sustinuit,
1418 1367 1472 1413 et
1519 1359 1838 1423 resurrexit,
1870 1371 1923 1414 et
1951 1375 2176 1416 assum-

608 1459 764 1521 ptum
830 1458 932 1514 est,
997 1457 1052 1501 et
1098 1448 1248 1502 sedet
1306 1450 1371 1501 ad
1437 1448 1715 1502 dexteram
1766 1447 1966 1512 Patris,
1999 1458 2178 1503 muta-

611 1538 776 1605 tum),
813 1537 1099 1606 oportebat
1149 1538 1311 1590 etiam
1347 1535 1539 1590 horum
1580 1538 1825 1591 omnium
1862 1537 2021 1592 ﬁnem
2059 1546 2178 1606 post

607 1624 725 1682 haec
764 1627 1085 1695 signiﬁcari,
1125 1636 1182 1679 ιιι
1226 1635 1371 1681 esset
1404 1628 1612 1697 integra
1663 1628 1905 1698 mysterii
1938 1628 2179 1683 celebra-

609 1721 711 1782 tio,
765 1719 1020 1772 universo
1070 1719 1284 1787 negotio
1330 1728 1386 1771 et
1435 1719 1830 1773 incarnationis
1894 1719 2177 1789 dispensa-

603 1810 742 1865 tioni
776 1808 881 1863 line
922 1809 1231 1878 all'ectnque
1263 1809 1497 1879 adjecto.
1529 1808 1684 1874 Quod
1711 1819 1794 1863 est
1837 1811 1982 1864 enim
2018 1826 2173 1879 opus,

606 1910 662 1957 et
707 1903 831 1972 quis
880 1900 1104 1956 effectus
1158 1899 1362 1956 Christi
1408 1902 1721 1973 passionum
1767 1911 1822 1956 et
1865 1918 2088 1973 operum
2120 1912 2175 1959 et

606 1993 920 2048 dictorum?
951 1994 1009 2047 Si
1043 1994 1166 2061 quis
1201 2008 1287 2059 ea,
1325 1994 1465 2061 quod
1502 1994 1567 2048 ad
1614 2008 1713 2049 nos
1737 1993 1948 2058 attinet,
1989 1995 2170 2049 consi-

600 2084 783 2147 derat,
836 2085 967 2139 nihil
1018 2084 1163 2139 aliud
1212 2095 1341 2140 sunt
1391 2101 1551 2155 quam
1601 2085 1781 2141 sancti
1829 2084 2065 2154 Spiritus
2118 2087 2170 2141 in

602 2175 908 2229 Ecclesiam
945 2175 1231 2230 adventus.
1266 2176 1564 2245 Oportebat
1604 2190 1732 2246 ergo
1762 2191 1885 2229 eum
1925 2185 2046 2247 post
2084 2176 2170 2229 illa

608 2265 928 2333 signiﬁcari.
961 2266 1137 2336 Atque
1168 2267 1215 2320 is
1244 2266 1466 2333 quidem
1513 2265 1850 2336 signiﬁcatur
1900 2284 2039 2337 aqua
2080 2284 2172 2322 ca-

600 2354 716 2407 lida
771 2354 823 2408 in
869 2356 1122 2426 mysteria
1165 2355 1366 2409 infusa.
1408 2353 1534 2409 Haec
1581 2357 1727 2411 enim
1757 2372 1921 2425 aqua,
1963 2374 2085 2411 cum
2118 2366 2173 2413 et

600 2458 745 2513 aqua
780 2444 871 2510 sit,
899 2456 951 2499 et
992 2446 1133 2513 ignis
1162 2447 1236 2499 sit
1263 2448 1561 2515 particeps,
1611 2446 1881 2515 signiﬁcat
1921 2461 2167 2503 sanctum

606 2536 891 2604 Spiritum,
922 2536 1016 2603 qui
1043 2536 1207 2589 etiam
1240 2551 1381 2604 aqua
1408 2536 1632 2603 dicitur,
1658 2547 1710 2590 et
1743 2550 1998 2606 tanquam
2031 2542 2170 2609 ignis

599 2628 855 2695 Apparuit
881 2626 933 2677 in
960 2625 1166 2680 Christi
1197 2626 1500 2697 discipulos
1533 2626 1793 2697 dilapsus.
1841 2631 1957 2685 Hoc
1987 2643 2166 2688 autem

606 2724 822 2785 tempus
856 2717 987 2770 illud
1022 2726 1237 2787 tempus
1264 2716 1568 2788 signiﬁcat;
1596 2730 1724 2774 tunc
1763 2722 1908 2775 enim
1939 2725 2164 2779 «lescen-

512 2799 517 2803 ’
602 2808 700 2871 dit,
731 2816 1017 2877 poStquam
1053 2810 1234 2863 omnia
1274 2826 1394 2879 qua:
1419 2812 1484 2865 ad
1520 2811 1797 2865 Christum
1832 2817 2163 2881 spectabant,

602 2909 819 2966 peracta
837 2908 1015 2952 erant.
1041 2894 1195 2952 Nunc
1218 2908 1396 2953 autem
1424 2897 1678 2969 perfectis
1702 2912 1754 2955 et
1774 2908 2165 2958 consummatis

2283 440 2535 502 καθόδου.
2563 449 2810 517 Κατῆλθε
2838 448 2944 518 γὰρ
2970 449 3090 501 τότε
3121 448 3223 518 τῆς
3250 448 3561 518 οἰκονομίας
3591 449 3867 504 τελεσθεί-

2285 555 2384 610 σης
2422 539 2517 594 τοῦ
2548 541 2797 610 Σωτῆρος
2836 540 3085 608 ἁπάσης·
3120 538 3217 593 νῦν
3241 540 3601 610 δηὲπιδημεῖ,
3639 542 3741 612 τῆς
3768 547 3865 596 θυ-

2285 633 2407 694 σίας
2452 633 2853 704 ἀνενεχθείσης,
2911 633 3006 684 καὶ
3046 632 3447 687 τελειωθέντων
3493 635 3604 688 τῶν
3652 634 3865 707 δώρωνθ

2282 727 2393 788 τοίς
2448 741 2513 792 γε
2569 724 2737 789 ἀξίως
2789 722 3140 778 κοινωνοῦσιν
3192 724 3394 778 αὐτῶν.
3443 726 3554 795 Τῆς
3617 726 3730 794 γὰρ
3772 728 3864 782 τιιῦ

2281 816 2521 885 Χριστοῦ
2555 816 2869 885 οἰκονομίας
2904 815 3124 886 ἁπάσης
3153 820 3295 870 κατὰ
3325 815 3424 887 τὴν
3457 816 3610 887 ίερὰν
3640 817 3744 910 τῆς
3780 819 3866 872 εὐο

2282 908 2570 977 χαριστίας
2614 907 2860 979 τελετὴν,
2900 908 2960 963 ὲν
2993 907 3071 979 τῷ
3104 907 3255 979 ἄρτῳ
3298 906 3550 977 καθάπερ
3585 910 3644 960 ἂν
3676 906 3862 963 πίνακι

2282 1001 2639 1071 γραφομένης
2670 1002 2785 1071 (καὶ
2814 1000 2923 1068 γὰρ
2957 1001 3052 1055 καὶ
3083 999 3280 1070 βρέφος
3310 998 3474 1062 αὐτὸς
3507 999 3584 1061 ὠς
3616 1001 3678 1052 ἐν
3708 1000 3860 1071 τύτφ

2283 1094 2617 1163 θεωροῦμεν,
2650 1093 2744 1146 καὶ
2770 1094 2849 1156 εἰς
2878 1092 3110 1145 θάνατον
3139 1091 3429 1161 ἀγόμενον,
3460 1090 3556 1144 καὶ
3591 1094 3856 1163 σταυροῦ-

2285 1200 2463 1254 μενον,
2494 1185 2587 1237 καὶ
2617 1184 2716 1252 τὴν
2747 1182 2984 1253 πλευρὰν
3015 1181 3369 1249 κεντούμενον
3391 1196 3406 1211 ⁸
3432 1178 3551 1235 εἶτα
3579 1185 3675 1236 καὶ
3699 1185 3855 1236 αὑτὸν

2281 1274 2371 1325 τὸν
2406 1272 2567 1342 ἄρτον
2611 1275 2690 1334 είς
2732 1274 2909 1325 ἐκεῖνο
2941 1272 3000 1326 τὸ
3048 1274 3315 1343 πανάγιον
3354 1272 3536 1340 σῶμα,
3585 1274 3646 1326 τὸ
3691 1275 3854 1327 ταῦτα

2282 1364 2494 1434 ἀληθῶς
2525 1365 2847 1434 ὑπομεῖναν,
2876 1366 2968 1418 καὶ
2993 1364 3252 1429 ἀναστὰν,
3280 1365 3376 1420 καὶ
3403 1365 3739 1435 ἀναληφθὲν,
3766 1370 3851 1419 καὶ

2282 1456 2591 1526 καθήμενον
2638 1459 2695 1508 ὲν
2736 1456 2885 1527 δεξιᾷ
2930 1457 3026 1509 τοῦ
3073 1458 3306 1528 Πατρδς,
3336 1455 3846 1529 μεταϐαλλόμενον),

2281 1548 2387 1601 ἔδει
2406 1550 2498 1601 καὶ
2521 1548 2584 1602 τὸ
2613 1548 2766 1612 τέλος
2796 1549 3001 1603 τούτων
3018 1549 3278 1604 ἁπάντων
3310 1549 3448 1618 μετὰ
3479 1548 3658 1602 ταῦτα
3682 1551 3846 1603 πάντα

2284 1637 2677 1706 σημαίνεσθαι,
2728 1639 2819 1692 ἵνα
2860 1639 3153 1708 ὁλόκληρος
3187 1640 3222 1707 ἠ
3258 1637 3459 1708 μύησις
3501 1640 3732 1710 γένηται
3761 1640 3841 1693 res

2283 1729 2584 1799 μυστηρίου
2605 1746 2620 1760 ο
2651 1732 2714 1800 τῇ
2751 1730 3100 1801 πραγματείᾳ
3137 1731 3293 1802 πάσῃ
3325 1733 3418 1785 καὶ
3443 1732 3731 1804 οἰκονομίᾳ
3760 1732 3840 1785 τοῦ

2278 1820 2715 1889 ἀποτελέσματος
2756 1821 3167 1889 προστεθέντος.
3204 1822 3270 1875 Τί
3317 1821 3427 1893 γὰρ
3473 1823 3536 1874 τὸ
3567 1822 3729 1893 ἔργον
3758 1826 3838 1877 καὶ

2277 1910 2625 1981 ἀποτέλεσμα
2661 1911 2768 1965 τῶν
2796 1913 2891 1965 τοῦ
2916 1911 3156 1982 Χριστοῦ
3182 1912 3395 1975 παθῶν,
3423 1913 3523 1967 καὶ
3553 1913 3729 1983 λόγων
3754 1915 3837 1968 καὶ

2278 2001 2450 2071 ἔργων
2477 2018 2492 2067 ;
2526 2002 2695 2065 Εἴτις
2726 2004 2862 2073 πρὸς
2894 2005 3039 2074 ἡμᾶς
3072 2004 3211 2057 αὐτὰ
3243 2003 3461 2075 θεωρεῖ,
3488 2005 3643 2061 οὐδὲν
3667 2006 3837 2076 ἕτερον

2274 2093 2307 2163 ἢ
2331 2091 2422 2145 τοῦ
2448 2092 2605 2160 ἁγίου
2631 2092 2770 2147 Πνεύ
2779 2112 2947 2163 ματος
2973 2096 3049 2158 είς
3079 2096 3178 2165 τὴν
3210 2095 3546 2166 Ἐκκλησίαν
3565 2097 3827 2167 ἐπιδημία.

2275 2183 2487 2237 Οὐκοῦν
2512 2184 2618 2237 ἔδει
2652 2185 2767 2254 μετ’
2801 2188 2985 2240 ἐκεῖνα
3019 2185 3363 2257 σημανθῆναι
3387 2188 3484 2241 καὶ
3517 2190 3709 2260 αὐτήν.
3733 2189 3835 2243 Καὶ.

2273 2273 2338 2341 δὴ
2390 2276 2714 2344 σημαίνεται
2749 2276 2840 2330 τοῦ
2880 2277 3094 2342 ζέοντος
3134 2277 3325 2341 ὕδατος
3370 2282 3699 2351 ἐκχεομένου
3737 2282 3837 2340 τοῖς

2275 2369 2618 2437 μυστηρίοις.
2653 2367 2725 2421 Τὸ
2761 2370 2861 2438 μὲν
2908 2371 3018 2440 γὰρ
3048 2369 3215 2439 ὕδωρ,
3244 2370 3377 2425 αὐτό
3413 2387 3469 2424 τε
3511 2370 3673 2424 τοῦτο
3704 2370 3837 2443 ὕδωρ

2270 2456 2351 2521 ὃν,
2382 2461 2475 2511 καὶ
2497 2459 2667 2529 πυρὸς
2692 2459 2939 2530 μετέχον,
2968 2462 3030 2514 τὸ
3058 2461 3280 2530 Πνεῦμα
3306 2461 3551 2532 σημαίνει
3574 2463 3638 2515 τὸ
3662 2463 3835 2530 ἅγιον,

2269 2543 2297 2596 ὃ
2330 2547 2419 2597 καὶ⁸
2447 2544 2591 2616 ὕδωρ
2616 2546 2852 2615 λέγεται,
2885 2550 2980 2602 καὶ
3007 2550 3081 2611 ὼς
3112 2550 3223 2620 πῦρ
3257 2550 3430 2621 ἐφάνη
3454 2551 3573 2604 τότε
3600 2554 3718 2614 τοῖς
3741 2550 3833 2604 τοῦ

2271 2632 2508 2704 Χριστοῦ
2542 2639 2812 2708 μαθηταῖς
2841 2640 3106 2710 ἐμπεσόν.
3147 2638 3211 2696 Ὀ
3242 2642 3298 2694 δὲ
3347 2642 3536 2713 καιρὸς
3575 2637 3729 2707 οὗτος
3749 2644 3835 2695 τον

2269 2728 2458 2798 καιρὸν
2485 2730 2693 2783 ἐκεῖνον
2717 2732 3153 2801 σημαίνει.”Τότε
3184 2733 3284 2802 μὲν
3320 2736 3422 2803 γὰρ
3446 2735 3684 2805 κατῆλθε
3709 2735 3836 2805 μετὰ

2266 2819 2327 2870 τὸ
2352 2806 2706 2891 πληρωθῆναι
2737 2824 2804 2876 τὰ
2828 2824 2970 2878 κατὰ
2992 2825 3084 2878 τὸν
3111 2827 3347 2896 Χριστὸν
3371 2829 3611 2892 ἅπαντα,
3642 2828 3737 2882 νῦν
3759 2827 3833 2893 δὲ,

2265 2909 2663 2967 τελειωθέντων
2680 2914 2789 2966 τῶν
2810 2914 3019 2985 δώρων,
3038 2917 3097 2969 τὸ
3116 2916 3259 2986 ὕδωρ
3280 2918 3638 2986 ἑπεισάγεται
3664 2919 3830 2973 τοῦτο.

601 2987 758 3042 donis
812 2989 927 3042 haec
977 3000 1119 3056 aqua
1169 2989 1503 3044 immittitur.
1537 2986 1639 3046 Per
1687 2994 1943 3064 mysteria
1983 3008 2160 3049 autem

2273 2994 2367 3053 Διὰ
2393 3002 2448 3054 δὲ
2472 3002 2579 3056 τῶν
2615 3005 2931 3076 μυστηρίων
2961 3009 3052 3059 καὶ
3083 3009 3117 3078 η
3159 3006 3453 3077 Ἐκκλησία
3495 3010 3834 3079 σημαίνεται,

602 3077 942 3147 signiﬁcatur
978 3076 1241 3145 Ecclesia,
1276 3088 1398 3151 qua!
1420 3090 1473 3137 et
1505 3090 1633 3139 tunc
1659 3086 1870 3155 accepit
1898 3078 2157 3156 Spiritum

600 3175 852 3222 sanctum
904 3186 918 3223 :
955 3177 1010 3223 et
1041 3177 1328 3240 postquam
1356 3169 1607 3228 Christus
1638 3173 1692 3229 in
1730 3177 1898 3231 caelos
1950 3193 2164 3234 assum-

601 3266 728 3329 ptus
764 3268 871 3325 est,
912 3259 1072 3315 etiam
1105 3274 1249 3316 nunc
1280 3262 1475 3333 accipit
1502 3263 1706 3320 donum
1741 3265 1994 3337 Spiritus,
2034 3288 2157 3326 sus-

599 3349 773 3419 ceptis
797 3350 954 3404 donis
982 3350 1035 3405 in
1067 3350 1225 3406 altari
1260 3355 1662 3422 supercmlesﬁ,
1696 3356 1749 3411 id
1781 3360 1942 3415 nobis
1970 3371 2160 3418 contra

591 3440 907 3496 remittente
934 3438 1066 3508 Deo,
1117 3442 1210 3512 qui
1242 3444 1332 3500 illa
1382 3448 1610 3516 accepit,
1656 3458 1714 3502 ut
1759 3447 1919 3506 antea
1955 3454 2160 3508 dictum

591 3539 706 3595 est,
737 3533 880 3600 quod
930 3533 1076 3587 idem
1118 3542 1205 3591 es’t
1234 3535 1566 3593 intercessor
1588 3545 1639 3595 et
1666 3548 1815 3610 tunc,
1837 3551 1891 3598 et
1914 3560 2078 3610 nunc,
2109 3554 2164 3602 et

597 3620 745 3676 idem
781 3622 1042 3686 Spiritus.

1142 3801 1296 3858 CAP.
1325 3801 1626 3863 [XXXVII].

673 3936 920 4005 Quanam
946 3938 1152 3994 ratione
1181 3941 1432 4012 mysteria
1462 3942 1764 4013 signiﬁcant
1792 3945 2106 4005 Ecclesium.

673 4093 1032 4175 Signiﬁcatur
1089 4105 1268 4151 autem
1325 4093 1569 4154 Ecclesia
1616 4099 1673 4155 in
1722 4105 2015 4175 mysteriis,
2055 4122 2162 4163 non

597 4189 858 4254 tanquam
892 4174 946 4239 iii
974 4184 1167 4253 signis,
1202 4188 1297 4242 sed
1331 4197 1591 4258 tanquam
1629 4191 1682 4245 in
1699 4174 1863 4248 corde
1895 4198 2163 4264 membra,

590 4284 654 4330 et
678 4277 729 4329 in
758 4275 974 4329 arboris
1002 4276 1185 4331 radice
1216 4293 1425 4342 ramus,
1450 4290 1504 4335 et
1543 4281 1685 4336 sicut
1714 4283 1851 4337 dixit
1880 4284 2160 4352 Dominus,

2272 3090 2427 3167 σῶμα
2457 3092 2590 3147 οὖσα
2621 3094 2857 3167 Χριστοῦ
2886 3098 2980 3151 καὶ
3008 3099 3145 3168 μέλη
3175 3101 3241 3154 ὲκ
3296 3099 3498 3171 μέρους
3516 3118 3535 3137 ·
3564 3102 3690 3172 ἥτις
3726 3104 3835 3155 τότε

2270 3172 2484 3244 ἐδέξατο
2515 3180 2737 3251 Πνεῦμα
2770 3183 2829 3237 τὸ
2867 3182 3044 3252 ἅγιον,
3079 3186 3218 3255 μετὰ
3250 3189 3308 3240 τὸ
3333 3189 3718 3260 ἀναληφθῆναι
3751 3191 3835 3243 τὸν

2272 3260 2508 3338 Χριστὸν
2535 3273 2614 3334 είς
2642 3273 2769 3336 τοὺς
2800 3275 3063 3347 οὐρανούς
3083 3294 3096 3308 °
3127 3279 3220 3331 καὶ
3251 3277 3348 3332 νῦν
3382 3281 3597 3351 δέχεται
3620 3283 3722 3351 τὴν
3742 3283 3835 3335 6m-

2270 3362 2400 3430 ρεὰν
2416 3362 2508 3414 τοῦ
2532 3362 2686 3430 ἁγίου
2701 3358 2838 3417 Πνεύ
2847 3384 3037 3437 ματος,
3054 3356 3489 3440 προσδεχθέντων
3503 3372 3614 3426 τῶν
3628 3374 3836 3445 δώρων,

2267 3452 2343 3512 εἰς
2358 3452 2418 3504 τὸ
2439 3454 2824 3524 ὑπερουράνιον
2845 3457 3249 3530 θυσιαστήριον,
3268 3463 3835 3534 ἀντικαταπέμποντος

2268 3543 2438 3613 αὐτὴν
2466 3547 2599 3615 ημῖν
2624 3545 2718 3598 τοῦ
2751 3547 3185 3622 προσδεξαμένου
3222 3553 3392 3606 ταῦτα
3420 3554 3575 3618 Θεοῦ,
3600 3557 3743 3612 κατά
3772 3556 3835 3611 τὰ

2270 3635 2662 3704 προειρημένα,
2691 3636 2777 3715 ὅτι¹
2807 3640 3031 3711 μεσίτης
3062 3643 3089 3695 ό
3112 3642 3292 3709 αὐτὸς,
3313 3645 3407 3698 καὶ
3434 3644 3559 3699 τότε
3593 3650 3690 3700 καὶ
3720 3646 3830 3711 νῦν,

2271 3726 2361 3777 καὶ
2390 3726 2449 3778 τὸ
2478 3727 2609 3781 αὐτὸ
2641 3727 2884 3801 Πνεῦμα.

2845 3843 3095 3900 ΚΕΦΔΛ.
3127 3847 3254 3903 AH’.

2278 3950 2417 4005 Τίνα
2439 3955 2629 4021 λόγον
2653 3957 2721 4011 τὰ
2738 3960 3043 4046 μυστήρια
3068 3967 3407 4086 «imitat-rma
3433 3960 3506 4035 τῆ
3523 3986 3540 4003 π
3582 3970 3835 4025 Ἐκκλιτ-

2895 4046 3039 4086 acac
3064 4048 3093 4083 ε
3119 4049 3158 4085 σ
3186 4070 3202 4085 .

2895 4046 3039 4095 acac
3064 4046 3202 4086 εισι.

2339 4113 2671 4193 Σημαίνεται
2693 4117 2750 4170 δὲ
2773 4121 2806 4189 η
2830 4119 3127 4191 Ἐκκλησία
3151 4125 3209 4177 ιν
3230 4127 3340 4190 τοῖς
3369 4128 3710 4199 μυστηρίοις,
3735 4133 3832 4200 οὐχ

2269 4202 2345 4265 ὡς
2390 4207 2445 4256 ὲν
2483 4206 2790 4273 συμϐόλοις,
2830 4209 2946 4263 ἀλλ’
2979 4210 3052 4276 ὡς
3099 4214 3158 4266 ἑν
3194 4214 3393 4287 καρδίᾳ
3429 4218 3590 4289 μέλη,
3631 4220 3723 4272 καὶ
3760 4222 3833 4281 ὡς

2269 4295 2328 4348 ἐν
2357 4296 2483 4366 ῥίζῃ
2518 4296 2610 4349 τοῦ
2641 4298 2811 4366 φυτοῦ
2839 4301 3022 4356 κλάδοι
3045 4343 3062 4368 ,
3096 4306 3192 4360 καὶ
3228 4305 3479 4380 καθάπερ
3510 4310 3614 4381 ἔφη
3646 4314 3678 4366 ὁ
3723 4311 3835 4365 Κύ-

594 4375 864 4433 tanquam
898 4364 952 4417 in
991 4364 1100 4418 vite
1128 4366 1402 4435 palmites.
1438 4367 1554 4423 Non
1587 4371 1732 4425 enim
1764 4382 1848 4427 est
1870 4373 1959 4429 hic
1986 4378 2160 4432 solum

2273 4364 2403 4454 ριος,
2456 4364 2532 4449 ὧς
2576 4364 2920 4462 ὲννάμπέλῳ
2967 4364 3241 4466 κλήματα.
3292 4400 3371 4453 Οὐ
3421 4364 3835 4473 {apem—pm:

603 4454 841 4509 nominis
877 4455 1214 4521 communio,
1269 4457 1353 4510 vel
1395 4459 1654 4529 analogia:
1705 4457 2163 4532 similitudo,‘sed

599 4560 692 4600 res
722 4544 933 4600 eadem.
976 4541 1183 4598 Etenim
1221 4560 1419 4615 corpus
1460 4548 1659 4604 Christi
1696 4561 1750 4607 et
1792 4557 2013 4625 sanguis
2042 4574 2160 4630 my-

587 4636 794 4703 steria,
822 4636 914 4693 sed
947 4633 1202 4693 Ecclesiae
1229 4636 1343 4692 haec
1374 4651 1502 4694 sunt
1533 4642 1686 4697 cibus
1721 4654 1774 4699 et
1794 4660 1955 4702 verus
1978 4659 2160 4720 potus,

596 4734 657 4781 et
681 4741 869 4782 eorum
897 4725 1169 4796 particeps
1197 4726 1416 4795 eﬁ‘ecta,
1454 4736 1563 4785 non
1590 4748 1652 4787 ea
1687 4745 1854 4791 mutat
1883 4739 1940 4792 in
1963 4755 2162 4812 corpus

593 4818 902 4875 humanum
928 4819 1090 4875 veluti
1121 4819 1355 4883 aliquem
1389 4822 1554 4877 alium
1585 4826 1792 4890 cilium,
1831 4831 1925 4885 sed
1960 4832 2075 4901 ipsa
2108 4835 2162 4889 in

597 4907 694 4964 illa
728 4920 970 4968 mutatur
993 4910 1337 4969 vincentibus
1367 4912 1437 4969 iis
1458 4930 1577 4984 quae
1610 4927 1735 4972 sunt
1759 4926 2159 4989 praestantiora.

595 4998 738 5057 Nam
769 5004 934 5057 etiam
982 5003 1188 5060 ferrum
1237 5022 1360 5062 cum
1391 5007 1514 5076 igne
1560 5007 1765 5064 habens
1808 5018 2164 5072 consuetudi-

594 5106 752 5157 nem,
784 5094 843 5149 ﬁt
870 5095 1039 5167 ignis,»
1068 5113 1175 5153 non
1210 5107 1392 5154 autem
1426 5099 1520 5153 dat
1563 5099 1675 5169 igni
1718 5110 1778 5155 ut
1806 5102 1875 5159 sit
1912 5104 2156 5172 ferrum;

594 5195 659 5241 et
692 5188 1147 5254 quemadmodum
1189 5192 1393 5248 ferrum
1438 5191 1856 5262 inﬂammatum,
1908 5212 2014 5253 non
2052 5200 2165 5255 l‘er-

602 5291 751 5341 rum,
783 5276 878 5330 sed
905 5279 1085 5347 ignem
1111 5291 1298 5350 aperte
1342 5283 1616 5351 videmus,
1648 5282 1778 5340 ferri
1823 5287 2166 5356 proprietati-

593 5367 705 5423 bus
735 5369 960 5423 omnino
987 5370 1055 5424 ab
1088 5370 1214 5441 igne
1251 5373 1441 5431 deletis
1469 5392 1485 5431 :
1518 5377 1591 5431 ita
1621 5378 1785 5431 etiam
1827 5365 2026 5435 Christi
2066 5383 2165 5435 Ec-

589 5458 826 5514 clesium
874 5458 920 5514 si
979 5460 1102 5528 quis
1146 5460 1330 5517 videre
1375 5468 1630 5534 potuerit,
1662 5483 1727 5523 eo
1775 5468 1893 5540 ipso
1923 5472 2066 5540 quod
2106 5479 2156 5530 ei

593 5550 756 5608 unita
784 5560 887 5615 est,
925 5560 1080 5608 etest
1126 5554 1247 5621 ejus
1283 5557 1467 5611 carnis
1501 5561 1796 5631 particeps,
1841 5563 1976 5618 nihil
2011 5566 2159 5622 aliud

592 5640 802 5697 vidi-hit
840 5657 1000 5711 quam
1037 5643 1214 5713 ipsum
1262 5659 1462 5716 corpus
1493 5649 1723 5706 Domini.
1755 5651 1986 5723 Propter
2019 5656 2159 5711 hanc

2263 4475 2498 4530 ἐνταῦθα
2523 4482 2777 4535 κοινωνία
2801 4483 2980 4552 μόνον,
3006 4485 3036 4554 ἢ
3063 4487 3324 4556 ἀναλογία
3337 4493 3673 4562 ὁμοιότητος,
3698 4491 3833 4547 ἀλλὰ

2265 4566 2588 4636 πράγματος
2642 4573 2932 4642 ταυτότης.
2991 4576 3103 4629 Καὶ
3158 4577 3267 4649 γὰρ
3332 4581 3491 4650 σῶμα
3547 4584 3642 4635 καὶ
3694 4578 3835 4652 αἷμα

2262 4657 2498 4728 Χριστοῦ
2534 4660 2600 4713 τὰ
2640 4665 2919 4734 μυστήρια
2942 4680 2955 4695 ’
2986 4666 3120 4722 ἀλλὰ
3158 4671 3224 4739 τῇ
3272 4670 3566 4743 Ἐκκλησία
3604 4674 3834 4742 Χριστοῦ

2263 4746 2434 4799 ταῦτα
2487 4747 2687 4820 βρῶσίς
2716 4753 2833 4806 ἐστι
2882 4757 2976 4808 καὶ
3009 4757 3163 4821 πόσις
3198 4758 3459 4831 ἀληθινή·
3494 4765 3590 4817 καὶ
3627 4764 3835 4817 τούτων

2269 4840 2589 4909 μετέχουσα,
2640 4844 2704 4895 οὐ
2750 4844 2887 4917 πρὸς
2935 4847 3276 4919 ἀνθρώπινον
3312 4853 3454 4907 αὐτὰ
3507 4858 3836 4924 μεταὸάλλει

2269 4929 2447 4998 σῶμα,
2483 4930 2734 5004 καθάπερ
2769 4935 2897 4989 ἄλλο
2927 4954 2980 4990 τι
3012 4942 3201 5003 σιτίον,
3239 4940 3356 4996 ἀλλ’
3387 4946 3527 5017 αὐτή
3562 4948 3834 5016 μετασάῐι-

2265 5020 2414 5074 λεται
2455 5022 2534 5083 ei;
2578 5025 2795 5093 ἐκεῖνα,
2849 5028 2958 5082 τῶν
3012 5035 3339 5097 κρειττόνων
3387 5036 3831 5106 ὑπερνικώντων.

2278 5111 2430 5165 Ἐπεὶ
2448 5114 2544 5167 καὶ
2565 5116 3074 5190 σίδηροςηὸμιλήσας
3094 5128 3244 5194 πυρὶ,
3273 5126 3432 5192 αὐτὸς
3462 5130 3673 5198 γίνεται
3699 5132 3831 5199 πῦρ,

2265 5205 2327 5257 οὐ
2360 5204 2436 5277 τῷ
2467 5212 2601 5279 πυρὶ
2636 5209 2846 5265 δίδωσιν
2877 5210 3015 5268 εῖναι
3050 5217 3300 5287 σίδηρον·
3333 5220 3427 5273 καὶ
3463 5222 3711 5293 καθάπερ
3740 5225 3836 5276 τὸν

2265 5300 2689 5366 πυρακτωθέντα
2710 5303 2947 5374 σίδηρον,
2971 5307 3031 5360 οὐ
3054 5309 3291 5380 σίδηρον,
3314 5311 3449 5365 ἀλλὰ
3466 5314 3578 5383 πῦρ
3596 5317 3835 5385 ἀτεχνῶς

2266 5391 2500 5461 ὁρῶμεν,
2546 5394 2653 5448 τῶν
2681 5395 2773 5447 τοῦ
2810 5397 3029 5466 σιδήρου
3061 5399 3363 5469 ίδιωμάτων
3391 5403 3497 5456 ὑπὸ
3524 5405 3620 5457 τοῦ
3660 5406 3831 5475 πυρὸς

2267 5480 2546 5544 παντελῶς
2567 5486 2995 5555 ἀφανιζομένων,
3025 5489 3166 5543 οῧτω
3196 5493 3286 5543 καὶ
3310 5492 3410 5562 τὴν
3437 5491 3673 5559 Χριστο)
3711 5495 3833 5549 Ἐκ-

2269 5571 2494 5641 κλησίαν
2523 5575 2575 5626 ετ
2598 5592 2684 5638 τις
2718 5578 2845 5630 ἰδεῖν
2877 5576 3152 5649 δυνηθείη,
3194 5580 3313 5633 κατ’
3348 5583 3481 5636 αὐτὸ
3513 5586 3675 5639 τοῦτο
3708 5584 3829 5639 καθ’

2268 5662 2390 5714 ὅσον
2429 5663 2574 5734 αὐτῷ
2602 5666 2828 5737 ἥνωται,
2867 5670 2959 5721 καὶ
2992 5668 3101 5721 τῶν
3130 5671 3289 5725 αὐτοῦ
3329 5674 3545 5742 μετέχει
3584 5677 3828 5747 σαρκίον,
