4132 6308
612 207 717 268 435

1867 205 2166 266 NiCOLftl
2213 207 2594 266 CADASILE

3767 207 3876 268 £16

615 316 849 370 rentiam
882 314 1200 376 exhiberet,
1240 313 1829 384 paupertatem‘quam
1876 329 1977 383 pro
2027 315 2188 368 nobis

2300 315 2441 385 πήσῃ
2494 313 2721 381 μᾶλλον,
2756 313 2852 381 τῆς
2913 313 3181 384 πτωχείας
3215 314 3282 380 ἣν
3317 313 3454 383 ὑπὲρ
3502 315 3658 385 ἡμῶν
3693 316 3882 370 ἑπτάγ-

612 407 891 471 sustinuit,
923 407 971 459 ei
1001 407 1054 459 in
1087 415 1322 458 tuentem
1367 421 1648 461 revocans.
1690 404 1797 460 Pro
1843 419 1932 468 eo,
1975 407 2184 474 inquit,

611 507 664 550 te
695 511 817 558 oro,
853 496 999 564 quod
1049 496 1166 565 ipse
1209 494 1517 551 sustinuisti
1568 505 1618 550 te
1662 509 1782 550 esse
1825 509 1950 550 cum
1994 497 2185 559 servis,

613 597 667 642 et
698 589 1014 644 mandatum
1065 589 1316 658 accipere
1341 629 1354 651 ,
1387 597 1442 644 et
1473 599 1618 642 stare
1647 603 1769 642 cum
1806 586 1875 641 iis
1911 587 2004 658 qui
2038 588 2186 642 acci-

615 681 792 748 piunt,
817 695 939 734 cum
987 681 1170 735 omnia
1200 681 1437 746 habeas;
1471 691 1524 736 et
1571 679 1837 751 appellari
1872 681 2068 745 lierS,
2096 681 2188 736 cui

617 773 755 826 nihil
781 781 864 828 est
887 773 1239 843 acquisitum,
1273 775 1508 829 maxime
1541 789 1664 828 eum
1699 773 2040 844 perfectioris
2078 789 2190 830 me-

620 863 850 917 minisse
884 873 1086 918 nostrae
1116 880 1242 918 cum
1279 864 1502 920 Christo
1537 863 1977 928 necessitudinis,
2017 864 2191 934 magis

619 954 792 1019 ipsum
833 964 1012 1009 movet
1044 955 1109 1010 ad
1150 955 1605 1010 misericordiam.
1642 954 1738 1010 Est
1787 967 1970 1008 autem
2019 955 2191 1010 haere-

618 1047 783 1112 ditas,
813 1047 981 1101 multo
1003 1048 1280 1102 creatione
1316 1047 1608 1116 perfectior
1630 1047 1996 1101 necessitudo.
2024 1047 2191 1101 Multo

617 1140 760 1192 enim
799 1140 1034 1208 amplius
1078 1148 1131 1193 ct
1176 1141 1370 1194 melius
1402 1154 1504 1192 nos
1545 1139 1790 1208 possedit
1843 1139 2016 1193 [neres
2062 1138 2193 1192 cile-

618 1239 758 1292 ctns,
795 1246 957 1299 quam
1011 1231 1162 1299 prius
1217 1230 1403 1284 habuit
1451 1245 1574 1284 cum
1627 1238 1710 1284 est
1761 1228 2080 1283 fabricatus.
2113 1227 2192 1282 Ex

617 1322 892 1376 creatione
941 1324 1086 1376 enim
1143 1325 1394 1376 humana:
1469 1320 1812 1376 solummodo
1849 1328 2060 1374 natura:
2095 1307 2192 1372 do-

617 1412 849 1468 minium
887 1413 1142 1467 obtinuit.
1184 1412 1256 1466 Ex
1291 1412 1608 1466 hmreditate
1641 1421 1844 1477 autem,
1877 1409 2104 1465 rationis
2141 1421 2196 1465 et

621 1503 922 1558 voluntatis
955 1503 1220 1558 Dominus
1250 1503 1585 1558 constitutus
1617 1509 1703 1556 est
1724 1539 1740 1565 ,
1777 1500 1920 1570 quod
1955 1510 2040 1555 est
2071 1515 2196 1555 vere

622 1595 940 1650 hominibus
975 1595 1263 1663 imperare.
1311 1595 1443 1648 Illud
1493 1593 1637 1648 enim
1685 1602 1767 1648 est
1813 1606 2105 1647 commune
2139 1600 2196 1648 et

2289 423 2503 474 χευσεν,
2557 406 2875 475 ἀναμνήσας
2915 405 3094 458 αὐτόν.
3144 406 3319 477 ’Υπὲρ
3373 406 3579 459 τούτων
3614 410 3880 471 ἱκετεύω.

2289 499 2472 567 φησὶν.
2530 499 2672 568 ὑπὲρ
2712 493 2788 552 ὧν
2838 499 2999 562 αὐτὸς
3048 497 3278 568 ἠνέσχου
3325 497 3466 566 μετὰ
3497 500 3607 552 τῶν
3659 501 3880 554 δούλων

2289 591 2564 657 γενέσθαι,
2599 591 2693 645 καὶ
2722 592 2911 644 λαϐεῖν
2941 591 3184 658 ἐντολὴν,
3225 593 3318 645 καὶ
3358 593 3558 662 στῆναι
3588 595 3734 663 μετὰ
3762 595 3874 647 τῶν

2288 683 2698 753 λαμϐανόντων,
2733 687 2758 737 ό
2786 687 2968 736 πάντα
2993 684 3130 754 ἔχων
3149 699 3163 712 ο
3201 685 3297 737 καὶ
3345 685 3578 738 ἀκοῦσαι
3608 685 3878 756 κληρονός

2293 791 2389 844 μος
2421 768 2463 842 ᾧ
2515 775 2684 844 μηδὲν
2739 776 3034 845 ἐπίκτητον
3056 792 3070 807 ·
3120 775 3295 839 ᾰλὶως
3330 793 3422 840 τε,
3460 777 3520 830 τὸ
3554 777 3876 846 μνησθῆναι

2289 865 2388 934 τῆς
2415 866 2810 937 ἀκριϐεστέρας
2838 868 3164 932 οίκειώσεως
3200 870 3357 937 ήμῶν
3391 868 3526 939 πρὸς
3571 869 3663 921 τὸν
3709 869 3872 933 Θεὸν,

2293 960 2373 1020 είς
2413 958 2561 1011 ἔλεον
2593 959 2756 1012 αὑτὸν
2792 960 3082 1027 ἐφέλκεται
3115 961 3338 1030 μᾶλλον.
3389 959 3787 1032 Ἀκριϐεστέρα
3818 961 3874 1014 δέ

2292 1051 2587 1114 οἰκείωσις,
2646 1051 3063 1121 ήκληρονομία,
3113 1052 3214 1122 τῆς
3258 1051 3645 1122 δημιουργίαςο
3686 1053 3872 1120 πολλῷ

2294 1141 2374 1211 τῷ
2409 1143 2557 1212 μέσῳ
2599 1144 2697 1195 καὶ
2757 1143 2894 1196 πολὺ
2927 1143 3135 1212 βέλτιον
3166 1145 3314 1213 ήμᾶς
3367 1143 3636 1212 ἐκτήσατο
3670 1144 3875 1212 κληρο-

2295 1233 2564 1301 νομήσας.
2600 1231 2633 1302 ἢ
2665 1231 2934 1303 πρότερον
2968 1227 3080 1302 εἶχε
3123 1232 3563 1301 δημιουργήσας.
3605 1232 3742 1286 Ἀπὸ
3775 1234 3872 1301 μὲν

2296 1322 2404 1391 γὰρ
2422 1321 2518 1391 τῆς
2543 1321 2926 1392 δημιουργίας,
2945 1322 3044 1388 τῆς
3069 1319 3284 1400 φύσεως
3308 1320 3496 1382 ἁπλῶς
3516 1319 3626 1372 τῶν
3653 1322 3870 1392 ἀνθρώ·

2297 1429 2415 1465 πων
2447 1411 2694 1482 ἐκράτει,
2741 1411 2850 1466 ἀπὸ
2901 1411 2957 1464 δέ
3007 1413 3108 1480 τῆς
3142 1409 3531 1480 κληρονομίας,
3581 1407 3678 1461 τοῦ
3709 1411 3869 1478 λόγου

2297 1503 2393 1556 καὶ
2421 1502 2522 1572 τῆς
2543 1503 2918 1573 προαιρέσεως
2945 1502 3182 1571 κατέστη
3214 1504 3490 1569 Δεσπότης
3510 1545 3526 1568 ,
3549 1505 3691 1574 δπερ
3723 1504 3871 1556 ἐστὶν

2300 1591 2606 1661 ἀνθρώπων
2651 1591 2868 1660 ἄρχειν,
2916 1591 2992 1654 ὡς
3026 1590 3267 1660 άληθῶς.
3312 1594 3520 1646 Ἐκεῖνο
3553 1594 3666 1664 γὰρ
3695 1597 3868 1648 κοινόν

623 1686 689 1739 iis
717 1701 838 1754 qua
868 1693 1060 1740 carent
1102 1684 1330 1750 ratione,
1370 1693 1423 1738 et
1463 1684 1528 1738 iis
1565 1697 1688 1752 qua:
1711 1690 1839 1738 sunt
1873 1682 2191 1738 inanimata.

2303 1687 2416 1738 ἐστι
2452 1683 2547 1738 καὶ
2574 1684 2686 1746 τοῖς
2715 1683 2931 1752 ἀλόγοις
2961 1686 3056 1738 καὶ
3087 1687 3198 1748 τοῖς
3243 1686 3497 1756 ἀψύχοις.
3547 1687 3717 1740 Φύσει
3765 1688 3864 1754 γὰρ

621 1773 814 1831 Omnia
845 1777 990 1832 enim
1031 1785 1227 1832 natura
1275 1777 1384 1831 Deo
1432 1775 1824 1844 subjiciuntur,
1856 1783 1915 1829 ut
1939 1790 2061 1845 quae
2087 1777 2198 1830 sint

621 1869 736 1937 ejus
755 1883 944 1938 opera.
975 1867 1080 1922 Sed
1111 1868 1389 1938 quomodo
1422 1881 1517 1937 per
1541 1865 1912 1920 haereditatem
1971 1866 2198 1924 talionis

622 1969 676 2013 ct
705 1960 1006 2014 voluntatis
1040 1959 1367 2014 constitutus
1397 1969 1484 2015 est
1538 1958 1844 2014 Dominus?
1889 1957 2028 2024 Quia
2070 1973 2196 2012 cum

625 2053 679 2104 in
702 2063 900 2106 terram
925 2051 1226 2114 descendit,
1257 2062 1312 2106 et
1337 2051 1640 2108 cruciﬁxus
1659 2059 1763 2116 est,
1791 2060 1846 2105 et
1874 2049 2196 2115 resurrexit,
2242 2077 2251 2087 -

622 2143 672 2196 ei
726 2152 973 2197 nostram
1038 2144 1304 2198 rationem
1359 2143 1693 2212 subiecimus
1736 2150 1790 2198 et
1840 2142 2195 2198 voluntatem.

626 2234 910 2288 Rationem
951 2233 1200 2303 quidem,
1237 2234 1383 2304 quod
1409 2249 1534 2288 eum
1563 2232 1732 2289 Deum
1765 2249 1956 2288 rerum
1990 2250 2198 2304 cogno-

626 2327 798 2379 vimus
824 2333 878 2379 et
912 2324 1181 2380 universae
1219 2333 1482 2380 creaturae
1502 2321 1819 2388 Dominum;
1852 2323 2196 2379 voluntatem

622 2425 828 2480 autem,
863 2416 989 2485 quia
1021 2432 1143 2470 eum
1181 2416 1476 2470 dileximus
1513 2423 1566 2468 et
1611 2415 1730 2483 ejus
1761 2414 2064 2468 dominium
2095 2453 2110 2476 ,
2147 2421 2202 2468 et

617 2508 808 2577 jugum
848 2506 968 2576 ejus
1013 2521 1136 2560 cum
1175 2506 1372 2574 gaudio
1421 2505 1667 2560 humeris
1704 2505 2053 2560 sustulimus.
2109 2507 2189 2559 lta

628 2601 772 2653 Deus
804 2598 1055 2652 homines
1090 2596 1328 2667 perfecte
1372 2595 1600 2666 accepit,
1649 2596 1721 2650 ita
1768 2611 1895 2651 vere
1927 2596 2195 2665 possedit.

626 2694 777 2750 llattc
819 2696 1220 2763 possessionem
1261 2691 1434 2746 Isaias
1463 2689 1732 2760 propheta
1763 2689 1925 2760 longe
1951 2699 2076 2745 ante
2109 2690 2202 2744 de-

626 2786 878 2842 siderans
905 2825 919 2848 ,
951 2785 1191 2848 dicebat,
1233 2801 1252 2836 ι
1295 2782 1526 2838 Domine
1558 2779 1704 2836 Deus
1739 2789 1948 2846 noster,
1984 2780 2203 2851 posside

585 2866 593 2874 ’
627 2895 749 2933 nos.
794 2898 814 2931 ι
860 2877 982 2932 llrec
1014 2885 1098 2931 est
1129 2875 1408 2946 possessio
1436 2883 1490 2928 et
1524 2873 1834 2939 haereditas,
1863 2889 2023 2943 quam
2057 2874 2201 2928 dici-

2300 1777 2480 1830 πάντα
2510 1774 2883 1830 ὑποτάσσεται
2912 1774 2988 1844 τῷ
3009 1775 3154 1845 Θεῷ,
3187 1775 3263 1839 ώς
3300 1775 3769 1847 δημιουργήματα
3796 1776 3866 1846 τῷ

2298 1865 2636 1938 δημιουργῷ.
2696 1865 2855 1921 Ἀλλά
2896 1865 3014 1929 πῶς
3057 1866 3203 1920 κατὰ
3239 1867 3336 1936 τὴν
3369 1867 3741 1938 κληρονομίαν
3776 1868 3864 1921 τοῦ

2298 1959 2458 2028 λόγου
2514 1960 2747 2031 καὶτῆς
2804 1959 3183 2028 προαιρέσεως
3249 1959 3488 2030 κατέστη
3560 1960 3863 2030 Δεσπότηςς

2303 2055 2428 2106 Ὅτι
2455 2052 2774 2106 κατελθόντι
2809 2053 2886 2113 εἱς
2913 2050 3010 2121 τὴν
3043 2049 3150 2119 γῆν
3203 2051 3298 2104 κιιδ⁸
3347 2051 3733 2122 σταυρωθέντι,
3768 2053 3861 2105 καὶ

2299 2145 2614 2209 ἀναστάντι,
2632 2143 2722 2198 τὸν
2743 2142 2903 2211 λόγον
2917 2143 3011 2193 τὸν
3031 2140 3302 2211 ἡμέτερον
3322 2141 3670 2213 ὑπετάξαμεν
3717 2141 3858 2210 αὐτῷ

2302 2237 2397 2288 καὶ
2426 2236 2523 2304 τὴν
2554 2235 2801 2304 Θέλησιν·
2834 2235 2926 2288 τὸν
2963 2235 3062 2303 μὲν
3090 2233 3270 2302 λόγον,
3298 2235 3382 2286 ὅτι
3424 2234 3672 2305 ἔγνωμεν
3707 2235 3865 2290 αὑτὸν

2299 2328 2434 2382 Θεὸν
2463 2325 2723 2392 ἀληθινὸν
2783 2328 2879 2379 καὶ
2912 2327 3011 2394 τῆς
3046 2325 3276 2388 κτίσεως
3303 2326 3521 2394 ἁπάσης
3553 2328 3863 2397 Δεσπότην·

2301 2419 2402 2490 τὴν
2453 2420 2509 2473 δὲ
2559 2419 2797 2490 Θέλησιν,
2839 2419 2921 2473 ὅτι
2979 2420 3353 2490 ἠγαπήσαμεν
3397 2417 3577 2480 αὐτὸν,
3632 2421 3732 2471 καὶ
3774 2421 3871 2487 τήν

2300 2510 2465 2563 αὐτοῦ
2504 2509 2829 2565 δεσποτείαν
2856 2511 2950 2564 καὶ
2989 2511 3080 2564 τὸν
3113 2511 3280 2565 αὑτοῦ
3309 2509 3467 2580 ζυγὸν
3497 2509 3632 2576 μετὰ
3684 2513 3863 2582 χαρᾶς

2301 2603 2531 2656 ἐπὶτῶν
2572 2603 2818 2674 αὐχένων
2867 2603 3208 2674 ήνὲγκαμεν.
3263 2603 3423 2657 Οὕτω
3468 2602 3686 2665 τελείως
3737 2603 3866 2667 τοὺς

2300 2695 2622 2765 ἀνθρώπους
2643 2699 2671 2749 ό
2700 2695 2830 2760 Θεὸς
2865 2695 3082 2758 ἐλαϐεν,
3132 2694 3308 2758 οὕτως
3335 2695 3552 2763 ἀληθῶς
3575 2693 3867 2763 ἐκτήσατο.

2301 2786 2523 2856 Ταύτης
2547 2788 2648 2856 τῆς
2676 2788 2924 2858 κτήσεως
2958 2787 3191 2851 Ἡσαΐας
3217 2789 3244 2840 6
3265 2788 3557 2858 προφήτης
3585 2787 3868 2858 πόρρωθεν

2303 2875 2587 2946 ἐπιθυμῶν
2645 2877 2834 2946 ἑλεγεο
2905 2878 3081 2950 Κύριε
3143 2879 3171 2932 6
3230 2879 3362 2934 Θεὸς
3418 2878 3600 2949 ήμῶν,
3673 2881 3871 2947 κτῆσαι

631 2981 718 3023 tur
753 2967 1086 3035 Unigenitus
1117 2981 1148 3022 a
1183 2965 1343 3022 Patre
1388 2965 1655 3036 accipere.
1687 2965 1752 3021 Et
1801 2965 1924 3021 talis
1973 2965 2194 3035 quidem

2303 2967 2474 3036 ἡμᾶς.
2515 2985 2535 3019 ι
2573 2967 2744 3021 Τοῦτο
2766 2970 2798 3035 ὴ
2829 2969 3166 3040 κληρονομία
3181 2969 3247 3040 ήν
3267 2968 3488 3036 λέγεται
3511 2968 3703 3021 λαϐεῖν
3725 2971 3870 3038 παρὰ

624 3072 709 3117 est
737 3061 935 3116 oratio.

1254 3171 1408 3229 CAP.
1437 3171 1575 3229 XLI.

697 3265 774 3320 De
803 3266 1094 3338 gratiarum
1128 3266 1340 3320 actione
1388 3274 1443 3388 ett
1481 3263 1867 3335 gloriﬁcatione
1909 3279 2028 3335 quae
2069 3262 2132 3333 ﬁt

1327 3352 1418 3388 nos
1447 3351 1530 3388 ea.

1327 3351 1530 3405 postea.

700 3427 798 3483 llic
827 3438 1008 3484 autem
1045 3427 1366 3484 universum
1411 3426 1717 3497 completur
1747 3424 2078 3480 sacriticium
2103 3465 2119 3489 ,
2149 3432 2203 3479 et

626 3519 824 3572 divina:
857 3517 1220 3573 Eucharistia:
1254 3517 1577 3589 mysterium
1617 3517 1778 3571 tinem
1808 3515 2032 3585 accipit.
2065 3513 2201 3570 Nam

627 3617 681 3662 et
709 3609 847 3662 dona
883 3617 1012 3662 sunt
1041 3608 1380 3663 sanctificata
1410 3617 1466 3663 et
1506 3612 1844 3663 sacerdotem
1889 3608 2202 3664 sanctifica-

629 3709 776 3761 runt,
810 3709 865 3752 et
902 3713 1122 3753 omnem
1164 3699 1259 3768 qui
1287 3713 1410 3754 eum
1455 3699 1811 3754 circumsistit
1850 3700 2114 3767 chorum;
2148 3708 2202 3754 et

631 3805 726 3858 per
776 3789 923 3858 ipsos
971 3789 1247 3860 reliquum
1305 3790 1565 3846 Ecclesiae
1614 3799 1817 3865 emtum
1868 3791 2104 3862 perfecit
2149 3801 2204 3847 et

629 3882 1013 3937 sanctificavit.
1045 3883 1336 3953 Propterea
1369 3882 1426 3937 in
1465 3881 1560 3936 Dei
1591 3883 1894 3951 gratiarum
1928 3885 2201 3940 actionem

627 3983 680 4029 et
709 3974 1162 4041 gloriﬁcationem
1210 3984 1265 4031 et
1301 3975 1420 4046 ipse
1468 3975 1729 4031 sacerdos
1766 3975 1990 4042 desiuit,
2019 3985 2074 4032 et
2108 3976 2200 4045 qui

627 4080 752 4120 eum
789 4065 1207 4120 circumsistunt
1241 4063 1444 4120 fideles.
1474 4063 1541 4119 Et
1574 4064 1664 4119 ille
1693 4065 1940 4134 quidem,
1985 4083 2004 4117 ι
2029 4067 2202 4120 Bene-

628 4157 808 4211 dictus
835 4156 1001 4220 Deus,
1043 4157 1240 4227 inquit,
1269 4172 1416 4212 nunc
1445 4164 1500 4211 et
1545 4171 1784 4226 semper,
1819 4167 1876 4212 et
1913 4157 1967 4211 in
2002 4155 2200 4211 saecula

627 4246 974 4299 surculorum.
1002 4245 1196 4300 Amen.
1235 4263 1254 4296 ι

2302 3053 2396 3108 τοῦ
2420 3055 2630 3127 Πατρὸς
2659 3058 2687 3109 ὁ
2714 3056 3046 3127 Μονογενής.
3077 3059 3187 3112 Καὶ
3208 3057 3432 3129 τοιαύτη
3464 3058 3566 3128 μέν
3593 3059 3629 3130 ή
3658 3059 3812 3129 εὐχή.

2877 3170 3130 3226 ΚΕΦΔΛ.
3165 3169 3304 3228 MA'.

2303 3260 2444 3331 Περὶ
2467 3259 2576 3331 τῆς
2585 3263 2738 3332 μετὰ
2753 3262 2940 3318 ταῦτα
2956 3264 3347 3334 εὐχαριστίας
3361 3263 3464 3320 καὶ
3479 3263 3870 3335 δοξολογίας.

2388 3415 2655 3470 Ἐνταῦοα
2690 3375 2748 3470 δῖ
2791 3419 2824 3486 ἡ
2868 3419 3156 3489 ἱερουργία
3199 3419 3622 3490 ωμπληροῦται
3661 3419 3870 3483 ἅπασα.

2305 3507 2404 3562 καὶ
2423 3507 2575 3579 ήτῆς
2606 3508 2756 3573 Θείας
2775 3510 3130 3581 εὐχαριστίας
3157 3512 3350 3583 τελετή
3379 3514 3552 3583 πέρας
3582 3513 3872 3582 λαμϐάνει.

2304 3603 2440 3656 Τότε
2496 3604 2608 3672 γὰρ
2657 3603 2807 3675 δῶρα
2842 3605 3130 3674 ἡγίασται,
3177 3606 3276 3659 καὶ
3309 3607 3400 3659 τὸν
3456 3607 3606 3678 ἱερέα
3652 3607 3870 3676 ήγίασε,

2305 3697 2401 3750 καὶ⁸
2431 3695 2608 3752 πάντα
2638 3697 2732 3750 τὸν
2780 3699 2913 3767 περὶ
2939 3697 3106 3751 αὐτὸν
3134 3697 3317 3768 χορὸν,
3357 3699 3452 3751 καὶ
3485 3699 3555 3752 δι’
3585 3699 3765 3753 αὐτῶν
3813 3698 3874 3752 τὸ

2303 3788 2495 3844 λοιπὸν
2517 3790 2617 3859 τῆς
2648 3788 2980 3860 Ἐκκλησίας
3003 3790 3218 3843 ἐτέλεσε
3242 3791 3336 3842 καὶ
3353 3790 3549 3860 ήγίασε
3575 3791 3872 3860 πλήρωμα.

2303 3880 2403 3934 Διὰ
2435 3879 2592 3934 τοῦτο
2627 3881 2707 3944 είς
2733 3881 3084 3951 εὐχαριστίαν
3113 3880 3206 3934 τοῦ
3235 3880 3371 3935 Θεοῦ
3421 3882 3518 3935 καὶ
3565 3881 3875 3948 δοξολογίαν

2303 3971 2465 4034 αὑτός
2522 3987 2581 4023 τε
2635 3973 2664 4024 6
2714 3971 2893 4041 ἱερεὺς
2947 3971 3246 4041 καταλήγει
3286 3973 3380 4025 καὶ
3414 3973 3463 4024 οἱ
3509 3972 3874 4040 περιεστῶτες

2307 4062 2512 4116 πιστοί.
2576 4063 2688 4116 Καὶ
2736 4062 2766 4115 6
2808 4062 2930 4131 μὲν,
2998 4079 3018 4113 ι
3077 4061 3391 4133 Εὐλογητὸς
3446 4064 3474 4115 ό
3525 4063 3676 4126 Θεὸς,
3715 4064 3872 4132 φησὶ,

2305 4153 2560 4215 πάντοτε,
2617 4152 2714 4208 νῦν
2773 4155 2871 4208 καὶ
2920 4154 3032 4220 ἀεὶ,
3063 4155 3158 4208 καὶ
3201 4156 3281 4217 εἰς
3345 4155 3470 4218 τοὺς
3512 4153 3714 4218 αἰῶνας
3765 4154 3875 4208 τῶν

2303 4245 2537 4300 αἰώνων.
2574 4245 2766 4316 Ἀμήν.
2805 4263 2826 4298 ι

699 4332 936 4401 Populus
986 4343 1165 4387 autem
1203 4336 1352 4388 canit
1407 4335 1738 4404 prommium
1789 4335 1987 4389 cantici
2037 4348 2197 4389 acceo

2377 4335 2452 4387 Τὸ
2487 4334 2544 4388 δέ
2575 4334 2780 4404 πλῆοος
2807 4335 2994 4408 ᾅδουσι
3027 4334 3087 4388 τὸ
3117 4335 3403 4406 προοίμιον
3441 4338 3538 4407 τῆς
3564 4337 3730 4408 ᾠδῆς.
3767 4339 3876 4392 άπὸ

629 4433 780 4494 ptum
813 4438 878 4477 ex
912 4422 1076 4476 dictis
1105 4425 1471 4494 propheticis:
1503 4444 1520 4476 ι
1547 4425 1920 4494 Impleaturos
1951 4436 2197 4481 nostrum

631 4516 813 4582 laude,
845 4514 1090 4581 Domine,
1123 4525 1182 4569 ut
1209 4516 1549 4571 celebremus
1576 4517 1806 4586 gloriam
1841 4527 2041 4573 tuam.»
2077 4518 2195 4574 Non

629 4623 845 4673 sumus,
883 4606 1080 4677 inquit,
1121 4606 1489 4669 sufﬁcientes.
1544 4605 1796 4672 Domine,
1830 4611 2198 4682 ne.hytnnum

630 4701 848 4769 quidem
897 4711 953 4754 et
1001 4699 1216 4754 laudem
1266 4699 1362 4752 tibi
1396 4698 1590 4753 oﬂ‘erre
1618 4739 1633 4763 ,
1671 4715 1768 4768 pro
1804 4701 1961 4755 bonis
1991 4701 2196 4772 quibus

631 4809 731 4848 nos
762 4794 1020 4863 dignatus
1074 4807 1157 4855 es;
1213 4790 1306 4846 sed
1349 4801 1408 4844 tu
1458 4790 1564 4845 hoc
1595 4805 1816 4858 quoque
1845 4792 1998 4845 nobis
2030 4793 2196 4846 dona.

632 4885 878 4950 Quonam
933 4885 1140 4939 modo?
1195 4882 1428 4953 ltuplens
1483 4898 1546 4938 os
1599 4892 1846 4937 nostrum
1904 4883 2096 4950 laude;
2148 4892 2204 4938 et

634 4975 1092 5044 quemadmodum
1129 4974 1227 5028 das
1275 4973 1578 5028 orationem
1623 4972 1930 5036 orantibus,
1961 4981 2024 5027 ut
2062 4974 2203 5028 scia-

633 5081 756 5120 mus
787 5081 1032 5135 quazuam
1066 5073 1280 5135 oportet
1304 5073 1358 5120 et
1385 5064 1658 5134 quomodo
1683 5074 1865 5134 petere
1891 5079 1905 5116 :
1938 5064 2010 5118 ita
2035 5063 2197 5118 etiam

632 5157 700 5212 ad
731 5157 946 5211 laudem
987 5166 1132 5212 tuam
1164 5157 1231 5212 da
1283 5157 1363 5213 ori
1399 5157 1732 5213 facultatem.
1767 5155 1974 5210 Deinde
2004 5167 2198 5221 orant,

636 5259 696 5303 nt
721 5264 882 5318 quam
911 5259 1239 5320 acceperunt
1269 5249 1760 5306 sanctificationem
1786 5247 2050 5304 trahentes
2081 5264 2200 5318 pcr-

635 5350 917 5404 maneant,
943 5350 996 5396 et
1025 5343 1255 5410 gratiam
1281 5359 1390 5397 non
1415 5344 1664 5412 perdant,
1688 5356 1786 5396 nec
1811 5341 2014 5394 donqu
2040 5342 2202 5394 amit-

634 5446 768 5498 tant.
799 5436 868 5490 ab
915 5433 1034 5504 ejus
1089 5449 1253 5488 manu
1291 5434 1484 5501 adjuti.
1531 5453 1550 5486 ι
1586 5435 1858 5490 Conserva
1893 5447 1994 5487 nos
2023 5432 2077 5484 in
2112 5441 2202 5486 tua

632 5526 1088 5584 sanctificatione.
1110 5543 1128 5576 ι
1157 5523 1296 5590 Quid
1313 5524 1572 5592 agentes?
1605 5524 1842 5593 (Etenim
1871 5521 1938 5576 iis
1979 5537 2200 5591 quoque

631 5634 756 5688 quae
791 5635 821 5672 a
860 5618 1018 5674 nobis
1053 5615 1498 5690 proﬁciscuntur,
1531 5629 1669 5684 opus
1713 5613 1840 5682 est.)
1887 5630 1904 5666 ι
1949 5611 2084 5668 Τοιο
2115 5613 2201 5669 die

2303 4425 2412 4478 τῶν
2441 4425 2795 4496 προφητικῶν
2813 4425 2972 4480 τοῦτο
2994 4427 3250 4489 λαϐόντες
3273 4428 3559 4498 ῥημάτων,
3591 4447 3610 4480 ι
3649 4432 3878 4500 Πληρω-

2306 4515 2455 4584 οήτω
2507 4517 2569 4568 τὸ
2617 4516 2792 4587 στόμα
2839 4515 2997 4586 ήμῶν
3028 4517 3310 4580 αἰνέσεως,
3356 4517 3554 4588 Κύριε,
3608 4519 3756 4581 ὅπως
3806 4520 3875 4572 ἂν

2305 4608 2635 4678 ὑμνήσωμεν
2659 4608 2758 4680 τὴν
2774 4608 2930 4675 δόξαν
2955 4625 3072 4664 σου.
3107 4626 3126 4660 ι
3156 4608 3270 4662 Οὐκ
3293 4609 3458 4678 ἐσμὲν
3485 4610 3682 4673 ἱκανοὶ,
3715 4612 3876 4680 φησὶ,

2303 4702 2567 4761 Δέσποτα,
2605 4700 2725 4752 οὐδὲ
2759 4699 2927 4770 ὕμνον
2962 4717 3047 4754 σοι
3109 4704 3520 4770 προσενεγκεῖν,
3581 4703 3722 4771 ὑπὲρ
3765 4703 3876 4754 τῶν

2302 4787 2524 4853 ἀγαθῶν
2550 4782 2625 4842 ὧν
2655 4791 2802 4860 ἡμᾶς
2835 4791 3096 4860 ἠξίωσας,
3149 4791 3287 4844 ἀλλὰ
3316 4793 3380 4844 σὺ
3427 4791 3522 4845 καὶ
3571 4791 3731 4846 τοῦτο
3765 4793 3873 4847 δό·.

2305 4880 2437 4932 Τίνα
2468 4881 2668 4950 τρόπον
2695 4899 2710 4947 ;
2761 4882 3060 4952 ιιληρώσας
3093 4885 3151 4935 τὸ
3184 4883 3355 4951 στόμα
3399 4884 3557 4951 ἡμῶν
3589 4885 3875 4948 αἰνέσεως,

2302 4974 2397 5024 καὶ
2426 4970 2611 5041 ὥσπερ
2631 4973 2795 5043 εὐχὴν
2823 4973 2980 5036 δίδως
3013 4977 3126 5037 τοῖς
3159 4975 3494 5043 εὐχομένοις,
3533 4973 3601 5027 ἵν’
3638 4973 3877 5044 εἰδῶμεν

2303 5063 2422 5118 τίνα
2468 5065 2549 5117 δεῖ
2605 5067 2698 5118 καὶ
2754 5067 2902 5128 ὃπως
2938 5066 3243 5119 αἰτεῖσθαι·
3303 5065 3446 5118 οὕτω
3479 5066 3572 5120 καὶ
3607 5067 3745 5137 πρὸς
3787 5065 3878 5118 τὸν

2305 5159 2474 5227 ὕμνον
2533 5157 2628 5210 τὸν
2683 5157 2772 5210 σὸν
2829 5157 2970 5211 δίδου
3028 5158 3259 5228 δύναμιν
3319 5157 3393 5227 τῷ
3459 5159 3710 5224 στόματι.
3751 5154 3879 5210 Εἶτα

2303 5246 2551 5317 εὔχονται
2579 5247 2670 5300 τὸν
2716 5248 3016 5319 ἁγιασμὸν,
3067 5248 3126 5302 ὃν
3166 5248 3356 5304 ἔλαϐον
3388 5249 3624 5319 ἔχοντες,
3672 5253 3876 5319 μεῖναι,

2304 5343 2401 5394 καὶ
2442 5342 2518 5413 μὴ
2555 5341 2849 5412 προδοῦναι
2906 5342 3004 5415 τὴν
3053 5345 3236 5414 χάριν,
3278 5345 3413 5413 μηδὲ
3461 5346 3732 5398 ἀπολέσαι
3778 5345 3878 5416 τὴν

2303 5434 2533 5501 δωρεὰν,
2595 5435 2700 5488 ὑπὸ
2768 5436 2870 5506 τῆς
2944 5435 3154 5490 ἐκείνου
3228 5435 3579 5508 βοηθούμενοι
3648 5436 3872 5506 χαράν

2311 5539 2330 5572 ι
2362 5523 2614 5591 Τήρησον
2637 5525 2783 5594 ἡμᾶς
2811 5527 2869 5577 ἐν
2889 5525 2964 5592 τῷ
2990 5527 3065 5593 σῷ
3092 5527 3348 5594 ἁγιασμῷ
3374 5539 3388 5556 ο
3421 5544 3439 5576 ι
3470 5527 3523 5578 τί
3546 5527 3874 5589 ποιοῦντας-ς

2306 5615 2420 5685 (Δεῖ
2449 5613 2556 5684 γὰρ
2586 5619 2675 5668 καὶ
2703 5617 2811 5671 τῶν
2844 5615 2974 5688 παρ’
2999 5618 3203 5687 ἡμῶν.)
3239 5636 3257 5668 ι
3299 5615 3470 5683 Ὅλην
3515 5617 3614 5688 τὴν
3663 5616 3878 5686 ἡμέραν
