4132 6308
532 358 643 421 459
1758 351 2068 410 ΝιςυιοΑι
2115 352 2506 413 ΟΑΒΛΒΙΙΑΞ

538 474 685 532 Nihil
711 470 959 528 omnino.
993 467 1130 539 Ergo
1163 463 1363 520 dixerit
1390 463 1697 534 quispiam-z
1734 464 1788 516 Si
1811 466 1935 533 quis
1957 465 2120 519 etiam

2248 485 2307 532 rt;
2338 470 2432 522 καὶ
2455 469 2563 522 τῶν
2604 468 2825 535 ζώντων
2860 472 2927 525 τά
2961 472 3058 543 μὲν
3083 475 3141 526 ὲν
3169 477 3233 544 τῇ
3272 475 3418 547 ψυχῇ
3474 476 3656 544 ἀγαθά
3683 478 3808 547 ἔχοι

536 564 782 618 vivorum
852 560 993 614 bona
1037 559 1257 627 quidem
1302 570 1423 625 quin
1475 555 1618 608 dicta
1664 562 1793 607 sunt
1843 554 1897 606 in
1935 554 2118 607 anima

2248 563 2291 614 ἀ
2336 564 2625 633 εἰρημένα,
2689 562 2765 634 μὴ
2827 566 3112 635 προσέλθοι
3168 567 3225 620 δὲ
3273 570 3386 626 τοῖς
3452 570 3805 640 μυστηρίοις,

540 654 775 715 habeat,
812 652 879 706 ad
916 650 1175 721 mysteria
1233 655 1410 702 autem
1475 661 1581 700 non
1617 645 1858 709 accedat,
1899 645 2121 699 habebit

461 810 473 832 Χ
541 748 692 802 illinc
723 746 896 800 nihilo
920 759 1077 799 secus
1125 739 1659 797 sanctiﬁcationem?
1692 736 1810 791 Non
1844 738 2075 807 quilibet
2103 755 2119 803 ;

545 837 641 893 sed
675 837 719 891 si
750 835 875 906 quis
907 850 1014 889 non
1064 842 1242 903 potest
1289 828 1645 901 corporaliter
1669 828 1947 893 accedere,
1981 828 2124 882 sinit

539 928 925 983 defunctorum
958 925 1172 985 animm,
1196 922 1385 992 quales
1420 919 1645 975 fuerunt
1667 919 1703 972 ii
1734 918 1827 987 qui
1853 919 1904 970 in
1937 917 2122 971 deser-

544 1022 619 1075 tis
655 1021 918 1075 errabant
939 1017 1217 1072 montibus
1240 1030 1336 1070 seu
1383 1012 1658 1083 Spi-luncis
1686 1020 1739 1066 et
1762 1008 2125 1065 foraminibus

545 1127 724 1179 terrm,
753 1114 845 1184 qui
872 1114 1039 1166 altare
1073 1120 1168 1165 aut
1201 1108 1536 1164 sacerdotem
1563 1105 1712 1159 nullo
1745 1105 1908 1158 modo
1941 1102 2127 1156 videre

545 1214 817 1278 poterant.
849 1204 955 1258 Eos
976 1202 1122 1256 enim
1149 1200 1398 1255 Christus
1426 1199 1543 1267 ipse
1568 1199 1665 1251 hac
1688 1192 2128 1251 sanctificatione

546 1298 901 1354 invisibiliter
961 1292 1357 1350 sanctiticabat.
1414 1288 1694 1345 Undenam
1745 1295 1900 1356 potes
1949 1284 2131 1341 scire?

546 1391 703 1458 Quod
736 1391 899 1444 vitam
934 1389 1077 1442 intra
1108 1401 1167 1442 se
1229 1383 1525 1447 habebant,
1572 1395 1685 1435 non
1732 1378 1972 1435 habituri
2021 1375 2129 1431 nisi

549 1485 714 1554 hujus
778 1490 968 1537 essent
1017 1477 1347 1535 sacramenti
1427 1473 1748 1546 participes.
1810 1474 1933 1541 ipse
1986 1469 2133 1524 enim

549 1577 804 1633 Christus
831 1574 993 1637 dixit,
1034 1591 1052 1624 ι
1093 1570 1211 1625 Nisi
1244 1567 1587 1624 comederitis
1613 1579 1834 1621 carnem
1870 1561 1997 1617 Filii
2028 1561 2134 1615 ho-

552 1669 737 1731 minis,
785 1663 1266 1733 ctbibcritisojus
1298 1661 1647 1730 sanguinem,
1704 1672 1815 1711 non
1862 1654 2136 1710 habebitis

553 1762 723 1816 vitam
752 1761 806 1814 in
852 1758 1060 1813 vobis.»
1105 1755 1168 1810 Et
1201 1763 1261 1809 ut
1294 1756 1397 1807 hoc
1434 1751 1793 1823 signiﬁcaret,
1825 1746 2012 1802 multis
2043 1746 2157 1815 Ιιοτ

554 1867 675 1905 rum
706 1858 1024 1904 sanctorum
1074 1844 1223 1901 misit
1278 1843 1502 1913 angelos
1557 1842 1695 1895 dona
1756 1838 2012 1894 ferentes.
2074 1832 2133 1888 Si

553 1944 675 2013 quis
702 1952 881 1998 autem
916 1955 1042 1997 cum
1076 1946 1282 2010 posset,
1307 1937 1373 1993 ad
1400 1951 1638 1992 mensam
1670 1951 1778 1990 non
1812 1930 2130 1995 accesserit,

554 2036 671 2090 ﬁeri
698 2050 807 2090 non
839 2042 1019 2104 potest
1069 2041 1129 2087 ut
1156 2045 1277 2101 quae
1309 2046 1372 2085 ex
1414 2029 1493 2084 eis
1529 2027 1778 2099 provenit
1829 2024 2133 2081 sanctifica-

554 2129 759 2182 tioucm
792 2134 1154 2195 assequatur;
1192 2139 1299 2179 non
1326 2122 1470 2193 quod
1523 2136 1630 2175 non
1657 2118 1890 2174 accessit
1925 2115 2130 2170 solum-

556 2218 737 2283 modo,
773 2216 868 2272 sed
908 2216 1054 2285 quod
1078 2230 1201 2270 cum
1236 2223 1443 2286 posset,
1476 2229 1585 2268 non
1621 2209 1893 2275 accessit;
1925 2214 1979 2263 et
2004 2221 2132 2278 pro-

557 2321 739 2380 pterea
791 2310 995 2365 clarum
1022 2318 1130 2372 est,
1194 2308 1337 2379 quod
1404 2308 1564 2363 bonis
1597 2320 1717 2377 quae
1744 2303 2012 2358 debentur
2044 2316 2134 2355 sae

554 2403 869 2469 oramentis,
899 2418 1129 2459 vacuam
1171 2401 1333 2456 habet
1356 2400 1620 2454 animam.

623 2496 755 2564 Qua:
797 2504 882 2552 est
908 2496 1051 2551 enim
1090 2494 1159 2549 ad
1196 2507 1440 2548 mensam
1508 2488 1814 2545 adeundam
1853 2485 2132 2549 alacritas,

558 2588 778 2658 etquod
805 2585 1136 2641 desiderium
1174 2582 1230 2637 in
1258 2598 1324 2639 eo
1364 2583 1609 2653 quicum
1661 2581 1817 2638 facile
1847 2588 2027 2650 potest
2069 2564 2134 2633 ad

558 2698 678 2737 eam
712 2679 994 2742 accedere,
1030 2693 1139 2733 non
1180 2677 1330 2732 vult?
1368 2676 1628 2743 Quaenam
1659 2686 1743 2730 est
1777 2684 1958 2730 autem
2005 2673 2136 2727 fides

488 2816 493 2820 .
561 2773 617 2825 in
659 2772 830 2825 Deum
860 2770 1003 2840 apud
1034 2783 1159 2824 eum
1189 2768 1284 2838 qui
1322 2783 1434 2822 non
1483 2768 1638 2822 timet
1681 2766 1857 2822 minas
1907 2779 2028 2834 qua:
2080 2764 2135 2817 in

546 2848 781 2920 'Domini
815 2863 993 2919 verbis
1023 2863 1143 2918 sitae
1173 2869 1323 2927 sunt,
1366 2862 1631 2917 adversus
1696 2875 1791 2915 eos
1846 2857 1939 2929 qui
2000 2857 2141 2911 hanc

462 3019 476 3033 _.
564 2971 776 3011 coenam
809 2954 1217 3010 contemnunt?
1264 2953 1553 3019 Quomodo
1579 2958 1759 3006 autem
1790 2963 1975 3004 amare
2023 2963 2142 3002 cre-

564 3048 742 3113 detur,
779 3046 866 3102 cui
893 3060 1017 3099 cum
1051 3034 1214 3099 liceat
1239 3043 1510 3112 accipere,
1558 3057 1664 3095 non
1716 3040 1972 3109 accepit?
2001 3039 2137 3094 Pro-

2222 652 2333 717 ἕξει
2385 653 2478 706 τὸν
2534 654 2746 708 ἐκεῖθεν
2794 656 3068 726 ἁγιασμδ)
3113 657 3268 711 οὐδὲν
3299 652 3491 729 ἦττονς
3542 661 3619 712 Ού
3655 663 3808 722 πᾶς·

2222 745 2336 801 ἀλλ’
2367 746 2419 798 εί
2440 762 2524 809 τις
2570 746 2630 801 ού
2680 746 2902 800 δύναται
2927 750 3210 819 προσιέναι
3232 750 3579 819 σωματικῶς,
3609 749 3811 820 ὥσπερ

2224 839 2281 890 αἱ
2325 838 2434 890 τῶν
2492 835 2833 906 τεθνηκότων
2872 838 3079 908 ψυχαί*
3132 833 3235 893 οἷοι
3288 842 3601 909 γεγόνασιν,
3654 845 3705 895 οῖ
3747 844 3810 895 ὲν

2227 925 2483 997 ἐρημίαις
2508 925 2874 996 πλανώμενοι.
2914 928 3008 981 καὶ
3028 926 3198 996 ὄρεσι,
3231 930 3327 981 καὶ
3360 927 3668 995 σπηλαίοις,
3705 930 3811 981 καὶ

2226 1023 2348 1084 ταῖς
2371 1021 2531 1084 ὀπαῖς
2552 1021 2650 1089 τῆς
2678 1023 2751 1089 γῆ
2765 1040 2802 1082 :,
2828 1014 2908 1084 οἷς
2930 1020 3316 1093 θυσιαστήριον
3343 1023 3436 1076 καὶ
3465 1023 3617 1092 ίερέα
3669 1023 3809 1076 ἰδεῖν

3694 360 3809 423 4110
3846 365 3859 373 '

2228 1112 2512 1183 ἀμήχανον
2552 1108 2663 1183 ἦν.
2717 1112 2954 1175 Τούτους
3007 1116 3117 1181 γὰρ
3166 1112 3327 1175 αὐτὸς
3358 1116 3385 1166 6
3419 1114 3658 1182 Χριστὸς
3708 1114 3808 1167 τὸν
3842 1122 3859 1143 ’

2231 1206 2500 1277 ἁγιασμὺν
2530 1206 2753 1274 ἀφανῶς
2780 1206 2973 1276 ἡγίαξε
3000 1210 3214 1260 τοῦτον.
3251 1206 3421 1260 Πόθεν
3448 1207 3642 1277 δῆλονς
3674 1207 3809 1262 ’Ότι

2231 1297 2379 1368 ζωὴν
2412 1293 2558 1369 εἶχον
2599 1300 2656 1352 ὲν
2690 1299 2932 1362 ἑαυτοῖς·
2973 1299 3034 1352 ού
3068 1301 3177 1369 γὰρ
3216 1298 3452 1369 ἔχοντες,
3507 1300 3556 1351 εί
3590 1303 3668 1370 μὴ
3706 1300 3807 1354 τοῦ

2236 1391 2541 1461 μυστηρίου
2593 1390 2784 1444 τούτου
2844 1393 3117 1461 μετεῖχον.
3169 1390 3341 1454 Λύτὺς
3370 1392 3478 1458 γὰρ
3506 1392 3534 1443 6
3567 1392 3808 1460 Χριστὸς

2235 1480 2421 1537 εἷπεν·
2460 1501 2478 1535 ι
2529 1481 2658 1536 Ἐἀν
2693 1482 2768 1555 μὴ
2797 1484 3011 1553 φάγητε
3041 1482 3140 1554 τὴν
3197 1483 3376 1554 σάρκα
3414 1483 3510 1536 τοῦ
3542 1483 3671 1536 Υἱοῦ
3711 1484 3809 1536 τοῦ

2237 1572 2552 1642 ἀνθρώπου,
2582 1576 2680 1628 καὶ
2708 1574 2872 1644 πίητε
2901 1572 3067 1628 αὑτοῦ
3092 1574 3152 1626 τὸ
3177 1568 3335 1642 αἷμα,
3363 1573 3462 1626 οὐκ
3489 1571 3642 1642 ἔχετε
3666 1572 3813 1641 ζωὴν

2239 1666 2298 1718 ὲν
2324 1665 2558 1726 ἑαυτοῖς.
2615 1683 2634 1716 ι
2690 1665 2800 1717 Καὶ
2849 1665 2939 1718 ἴνα
2987 1663 3149 1717 τοῦτο
3177 1664 3420 1733 σημάνῃ,
3452 1664 3814 1727 πολλοῖςτῶν

2242 1754 2415 1826 ἁγίων
2435 1758 2644 1811 τούτων
2696 1757 2959 1826 ἀγγέλους
2985 1756 3192 1827 ἔπεμψε
3209 1757 3278 1810 τὰ
3295 1755 3444 1828 δῶρα
3461 1756 3812 1827 κομίζοντας.

2244 1852 2304 1904 Et
2346 1850 2405 1903 δέ
2450 1866 2531 1914 τις
2591 1850 2890 1921 δυνάμενος
2948 1851 3009 1902 οὐ
3067 1848 3358 1920 προσέλθοι
3411 1851 3477 1919 τῇ
3527 1850 3811 1919 τραπέζῃ,

2240 1942 2427 1996 τοῦτον
2459 1942 2553 1995 τοῦ
2584 1941 2717 2012 παρ’
2752 1942 2936 2005 αὐτοῖς
2979 1939 3259 2011 ἀγιασμοΰ
3298 1943 3486 2011 τυχεῖν
3526 1940 3811 2002 παντελῶς

2241 2035 2537 2089 ἀδύνατον⁹
2603 2035 2702 2104 οὐχ
2758 2034 2839 2087 ὅτι
2873 2033 2934 2086 ού
2978 2033 3289 2104 προσῆλθεν
3325 2033 3534 2097 ἅπλῶς,
3582 2032 3698 2085 ἀλλ’
3727 2032 3809 2084 ὅτι

2241 2127 2542 2197 δυνάμενος
2567 2127 2626 2179 ού
2657 2125 2935 2198 προσῆλθε
2961 2140 2976 2154 ’
3012 2124 3107 2178 καὶ
3126 2123 3216 2177 διὰ
3261 2123 3425 2178 τοῦτο
3447 2123 3608 2193 δῆλός
3635 2124 3800 2185 ἐστιν,

2242 2219 2448 2273 ὅτιτῶν
2473 2218 2839 2288 ὀφειλομένων
2857 2215 3079 2287 ἀγαθῶν
3095 2219 3205 2281 τοῖς
3233 2216 3579 2290 μυστηρίοις,
3601 2214 3797 2287 ἔρημον

2241 2312 2328 2383 εχε
2340 2329 2358 2365 ι
2385 2312 2483 2383 τὴν
2513 2310 2714 2382 ψυχήν.

2313 2490 2411 2554 Τίς
2446 2491 2555 2563 γὰρ
2587 2491 2732 2560 ὁρμὴ
2766 2487 2860 2543 καὶ
2889 2489 3170 2562 προθυμία
3207 2489 3339 2559 περὶ
3383 2487 3479 2557 τὴν
3519 2487 3814 2557 τράπεζαν

2244 2582 2397 2654 παρὰ
2423 2583 2500 2652 τῷ
2535 2582 2823 2652 δυναμένῳ
2852 2581 3052 2652 ῥαδίως
3087 2582 3318 2652 δραμεῖν
3352 2580 3434 2633 ἐπ’
3474 2579 3664 2647 αὐτὴν,
3711 2579 3812 2632 καὶ

2245 2675 2321 2747 μὴ
2349 2675 2693 2745 βουλομένῳς
2726 2673 2822 2736 Τίς
2851 2673 2903 2726 δὲ
2933 2675 3114 2735 πίστις
3132 2673 3266 2745 πρὸς
3301 2672 3431 2727 Θεὸν
3456 2672 3602 2742 παρὰ
3627 2670 3707 2740 τῷ
3738 2671 3815 2740 μὴ

2244 2768 2570 2838 φοϐουμένῳ
2594 2767 2693 2831 τὴν
2726 2769 2783 2820 ἒν
2806 2766 2918 2829 τοῖς
2948 2768 3158 2837 ῥήμασι
3189 2764 3283 2819 τοῦ
3316 2762 3523 2835 Κυρίου
3553 2763 3819 2832 κειμένην

2242 2861 2498 2931 ἀπειλὴν,
2534 2862 2647 2924 τοῖς
2668 2860 2729 2913 τὸ
2751 2860 2970 2914 δεῖπνον
3007 2858 3170 2912 τοῦτο
3217 2856 3561 2930 περιορῶσι;
3615 2856 3741 2918 Πῶς
3771 2853 3818 2906 6'

2245 2950 2312 3006 ἂν
2338 2952 2660 3024 πιστευθείη
2691 2951 2890 3020 φιλεῖν,
2918 2951 2977 3012 ὃς
3001 2949 3191 3005 λαϐεῖν
3227 2949 3366 3014 ἐξὸν,
3413 2949 3473 3001 οὐ
3507 2948 3814 3016 λαμῖἀνεις

2245 3043 2343 3098 Διά
2365 3043 2525 3096 τοῦτο
2556 3042 2711 3096 οὐδὲν
2761 3041 2971 3108 καινὸν,
2998 3042 3047 3094 εί
3081 3039 3351 3107 σωμάτων
3382 3039 3817 3106 ἀπολελυμέναις

564 3131 748 3210 pterca
778 3154 886 3193 non
911 3146 996 3193 est
1023 3153 1244 3204 novum,
1275 3136 1320 3192 si
1359 3135 1560 3192 animis
1591 3152 1621 3190 a
1648 3133 1972 3205 corporibus
2007 3132 2144 3187 libe-

2248 3134 2443 3205 ψυχαῖς
2478 3136 2504 3187 6
2534 3131 2792 3204 Χριστὸς,
2825 3126 2911 3194 αἷς
2938 3130 3197 3201 τοιαύτην
3248 3130 3519 3200 πονηρίαν
3560 3127 3821 3197 οὐδεμίαν

565 3228 725 3293 ratis,
755 3241 878 3298 quae
909 3226 1114 3282 nullius
1135 3224 1449 3296 huiusmodi
1506 3224 1623 3280 vitii
1683 3222 1995 3280 insimulari
2020 3236 2145 3292 pos-

568 3329 718 3385 sunt,
752 3321 892 3374 hanc
916 3334 1157 3375 mensam
1186 3320 1439 3375 Christus
1492 3317 1776 3388 impertiit.
1813 3314 1951 3370 Illud
1996 3314 2143 3368 enim

572 3426 770 3467 novum
800 3420 963 3467 estet
988 3410 1334 3475 admirabile,
1389 3409 1535 3480 quod
1599 3407 1764 3461 homo
1795 3405 1885 3478 qui
1921 3407 1974 3458 in
2026 3418 2146 3457 cor-

570 3505 828 3575 ruptione
862 3512 916 3558 et
956 3503 1179 3557 interitu
1215 3509 1492 3567 versatur,
1528 3498 1597 3553 ab
1632 3496 1855 3551 interitu
1905 3495 2142 3549 alienum

573 3611 772 3664 corpus
800 3592 1077 3648 comedat:
1117 3591 1264 3661 quod
1298 3601 1477 3646 autem
1528 3588 1734 3653 anima,
1765 3602 1886 3657 quae
1916 3594 2000 3639 est
2047 3584 2148 3637 im-

577 3684 821 3739 mortalis
853 3684 1181 3745 substantia,
1214 3680 1285 3737 sit
1325 3680 1447 3750 ejus
1495 3680 1639 3750 quod
1700 3687 1784 3735 est
1841 3676 2147 3731 immortale

580 3775 872 3846 particeps,
912 3774 1074 3827 modo
1095 3774 1200 3828 sibi
1227 3770 1604 3838 conveniente,
1657 3770 1786 3840 quid
1820 3768 2054 3822 mirum?
2087 3765 2147 3821 Si

579 3880 761 3928 autem
792 3870 894 3925 hoc
924 3884 1121 3924 novum
1187 3876 1242 3923 et
1294 3865 1633 3930 admirabile,
1665 3881 1762 3937 per
1814 3863 2146 3918 ineffabilem

583 3963 973 4018 humanitatem
1010 3970 1063 4017 et
1094 3974 1349 4016 arcanam
1402 3957 1722 4029 sapientiam
1784 3956 1986 4012 invenit
2015 3970 2149 4025 quo-

580 4054 744 4110 modo
774 4051 1057 4124 perﬁceret
1080 4090 1097 4119 ,
1134 4050 1188 4106 id
1221 4049 1366 4121 quod
1396 4058 1481 4104 est
1520 4046 1803 4120 probabile
1834 4055 1889 4102 et
1919 4061 2151 4102 consen-

583 4156 800 4200 taneum
833 4141 1109 4216 quomodo
1152 4157 1255 4198 non
1288 4139 1468 4197 facere
1500 4138 1802 4195 credetur?

1180 4254 1334 4311 CAP.
1374 4252 1563 4307 XLIII.

621 4349 773 4414 Quod
812 4348 1004 4402 animo:
1024 4348 1138 4416 ejus
1166 4348 1255 4414 qui
1286 4348 1664 4416 communicet,
1716 4343 1775 4412 ﬁt
1807 4340 2117 4411 principali-

1183 4413 1263 4468 ter
1292 4413 1662 4481 sanctiﬁcatio.

664 4505 930 4575 Quoniam
961 4512 1139 4559 autem
1174 4504 1241 4559 iis
1269 4504 1431 4558 etiam
1475 4504 1570 4572 qui
1594 4505 1770 4557 adhuc
1810 4503 2001 4559 vivunt
2032 4518 2155 4559 cum
2189 4512 2234 4568 ι)

591 4613 843 4669 corpore,
882 4597 1042 4651 datur
1067 4595 1284 4665 quidem
1315 4596 1517 4650 donum
1549 4611 1644 4665 per
1681 4612 1901 4665 corpus,
1934 4597 2026 4653 sed
2058 4597 2165 4667 pri-

601 4708 746 4746 nunu
788 4689 1036 4761 pervadit
1071 4689 1125 4743 in
1178 4687 1372 4741 animae
1415 4688 1797 4754 substantiam,
1832 4699 1885 4742 et
1918 4705 2013 4760 per
2042 4690 2162 4746 ani-

599 4800 737 4839 mam
776 4786 828 4837 in
884 4797 1082 4852 corpus
1118 4778 1540 4843 transmittitur,
1591 4789 1644 4833 ct
1697 4780 1799 4834 hoc
1844 4780 2163 4849 ’signiﬁcans

596 4877 784 4929 beatus
836 4871 1072 4936 Paulus,
1112 4888 1131 4921 ι
1172 4868 1274 4936 Qui
1334 4867 1593 4929 adhaeret,
1658 4868 1852 4937 inquit,
1909 4869 2161 4933 Domino,

597 4980 740 5020 unus
772 4972 855 5019 est
883 4964 1129 5034 spiritus,
1157 4979 1175 5013 ι
1214 4968 1399 5029 utpote
1425 4960 1567 5029 quod
1601 4960 1653 5013 in
1684 4961 1861 5015 anima
1906 4960 2083 5031 primo
2110 4968 2161 5015 et

496 5072 497 5075 η
597 5053 971 5123 principaliter
1001 5054 1115 5107 haec
1148 5052 1280 5106 unio
1300 5061 1353 5105 et
1377 5049 1695 5119 coniunctio
1716 5050 1999 5106 consistat.

669 5143 786 5198 Illic
811 5143 955 5197 enim
988 5145 1203 5211 proprie
1260 5143 1472 5207 homo;
1535 5140 1647 5196 illic
1695 5141 1856 5196 etiam
1918 5141 2160 5197 sanctiﬁ-

599 5236 743 5291 catio
777 5248 896 5303 qua:
946 5234 1313 5300 proficiscitur
1366 5251 1433 5290 ex
1485 5228 1779 5288 virtutibus
1810 5243 1865 5288 et
1920 5235 2162 5290 humano

597 5327 799 5389 studio,
827 5335 882 5378 et
918 5324 1045 5379 illud
1071 5326 1213 5394 quod
1261 5335 1466 5394 peccat.
1514 5324 1745 5396 Corpori
1768 5334 1946 5381 autem
1978 5327 2161 5381 omnia

598 5422 738 5475 ﬁunt
763 5432 825 5471 ex
856 5414 1036 5469 anima
1066 5432 1080 5480 ;
1111 5426 1165 5468 et
1186 5416 1642 5483 quemadmodum
1692 5431 1722 5470 a
1768 5417 1925 5470 malis
1960 5418 2164 5487 cogita-

600 5510 839 5567 tionibus
873 5521 994 5578 quze
1045 5520 1111 5560 ex
1181 5506 1343 5560 corde
1406 5517 1624 5573 exeunt,
1691 5508 2027 5577 inquinatur,
2087 5509 2160 5561 ita

600 5604 759 5660 etiam
795 5600 944 5655 illinc
967 5606 1053 5653 est
1081 5596 1130 5650 ei
1184 5594 1574 5652 sanctificatio:
1639 5599 1781 5652 sicut
1815 5615 1935 5668 quae
1965 5614 1993 5652 a
2050 5599 2161 5652 viro

601 5705 736 5755 tute,
769 5692 841 5745 ita
872 5689 1036 5746 etiam
1062 5702 1183 5757 qua:
1209 5701 1239 5741 a
1272 5688 1665 5743 sacramentis:
1700 5691 1946 5743 nonnulli
1975 5699 2156 5743 autem

602 5780 778 5839 morbi
806 5783 969 5835 etiam
1026 5774 1361 5845 corporales,
1422 5791 1651 5845 quorum
1691 5791 1851 5831 causa
1898 5776 1997 5831 luit
2037 5775 2155 5831 aui-

2251 3228 2502 3296 ἐγκαλεῖν
2549 3226 2684 3298 ἔχει,
2736 3227 2835 3296 τῆς
2886 3225 3167 3296 τραπέζης
3216 3223 3543 3294 μεταδίδωσι
3593 3221 3820 3290 ταύτης.

2263 3321 2474 3373 Ἐκεῖνο
2530 3318 2629 3390 μ’ὲν
2676 3317 2783 3387 γὰρ
2836 3315 3025 3370 καινὸν
3077 3315 3170 3368 καὶ
3217 3313 3521 3383 ὑπερφυὲς,
3556 3314 3608 3364 εί
3647 3310 3820 3379 φθορᾷ

2253 3412 2435 3480 συζῶν
2474 3411 2783 3484 ἄνθρωπος,
2820 3407 3101 3480 ἀκηράτου
3147 3406 3402 3477 σώματος
3437 3405 3635 3474 φάγοιθ
3673 3404 3731 3455 τὸ
3764 3401 3819 3454 δὲ

2250 3502 2439 3555 οὐσίαν
2471 3501 2741 3555 ἀθάνατον
2770 3500 2867 3571 τὴν
2927 3499 3107 3570 ψυχὴν
3151 3498 3424 3552 ἀθανάτου
3469 3495 3821 3567 μεταλαϐεῖν,

2251 3592 2341 3646 τὸν
2372 3591 2710 3662 κατάλληλον
2742 3592 2880 3663 αὐτῇ
2912 3591 3143 3662 τρόπον,
3170 3587 3224 3641 τί
3262 3587 3616 3657 θαυμαστόν;
3669 3584 3729 3638 ΕΞ
3762 3583 3819 3636 δὲ

2252 3681 2312 3734 τὸ
2352 3682 2540 3734 καινὸν
2592 3681 2752 3735 τοῦτο
2806 3682 2903 3736 καὶ
2943 3680 3222 3751 ὑπερφυὲς
3268 3679 3356 3735 διὰ
3410 3678 3819 3749 φιλανθρωπίαν

2252 3774 2484 3844 ἄφατον,
2514 3777 2609 3830 καὶ
2645 3775 2841 3845 σοφίαν
2863 3777 3179 3846 ἀπόρρητον
3199 3773 3421 3846 ἐξεῦρεν
3448 3775 3596 3837 ὅπως
3625 3775 3818 3842 ἀνύσῃ,

2252 3868 2314 3922 τὸ
2342 3869 2489 3935 εἰκὸς
2520 3869 2700 3925 καὶτὸ
2730 3868 3026 3926 ἀκόλουθον
3054 3870 3253 3935 ποιεῖν,
3285 3867 3401 3932 πῶς
3433 3868 3492 3922 ού
3531 3864 3823 3921 πιστευθὲ-

2257 3975 2449 4028 σεται;

2821 4248 3078 4306 ΚΕΦΑΛ.
3124 4251 3257 4307 MI".

2260 4342 2382 4396 Ὅτι
2420 4339 2494 4409 τῆ
2532 4339 2715 4415 ψυχῇ.
2766 4341 2872 4395 τοῦ
2915 4343 3475 4415 μεταλαμϐάνοντος
3528 4357 3825 4415 προηγου-

2455 4440 2467 4444 -
2641 4411 2837 4480 μένως
2867 4415 2900 4466 ό
2921 4414 3215 4482 ἁγιασμὸς
3235 4413 3473 4467 arietat.

2346 4501 2502 4556 Ἐπεὶ
2534 4501 2630 4555 καὶ
2664 4504 2849 4566 αὐτοῖς
2887 4506 3002 4567 τοῖς
3042 4504 3123 4556 ἔτι
3191 4504 3332 4573 μετὰ
3389 4504 3645 4575 σώματος
3696 4506 3828 4571 ζῶσι

2266 4591 2468 4645 δίδοται
2502 4592 2602 4662 μὲν
2632 4590 2692 4645 τὸ
2717 4592 2889 4663 δῶρον
2915 4591 3003 4644 διὰ
3026 4593 3120 4646 τοῦ
3152 4592 3429 4663 σώματος,
3465 4595 3585 4647 ἀλλ’
3620 4598 3699 4659 είς
3728 4599 3827 4666 τὴν

2266 4683 2455 4737 οὐσίαν
2489 4684 2706 4751 πρῶτον
2735 4687 2907 4753 χωρεῖ
2934 4685 3035 4753 τῆς
3060 4683 3263 4755 ψυχῆς,
3290 4685 3384 4738 καὶ
3409 4684 3495 4738 διὰ
3524 4687 3626 4756 τῆς
3652 4688 3831 4757 ψυχῆς

2267 4778 2359 4830 ἐπὶ
2383 4776 2444 4828 τὸ
2471 4775 2630 4845 σῶμα
2658 4775 2927 4829 διαϐαίνει
2950 4792 2967 4807 ·
2992 4776 3087 4830 καὶ
3111 4775 3271 4830 τοῦτο
3298 4777 3479 4846 δηλῶν
3499 4780 3528 4831 6
3559 4783 3831 4849 μακάριος

2279 4867 2603 4929 ’Δπόστολος
2625 4908 2640 4933 ,
2682 4885 2701 4918 ι
2749 4866 2809 4919 '0
2842 4866 3182 4936 κολλώμενος
3211 4867 3289 4937 τῷ
3317 4867 3528 4939 Κυρίῳ,
3555 4870 3745 4939 φησὶν,
3772 4869 3833 4921 ἓν

2266 4958 2487 5027 πνεῦμά
2512 4959 2656 5011 ἔστιν
2677 4974 2692 4989 ⁸
2743 4976 2763 5010 ι
2798 4957 2874 5021 ὡς
2909 4960 2967 5012 ὲν
3001 4962 3065 5030 τῇ
3089 4958 3236 5030 ψυχῇ
3268 4962 3700 5030 προηγουμένως
3736 4962 3831 5030 τῆς

2266 5050 2511 5113 ὲνὼσεως
2551 5049 2777 5120 ταύτης,
2810 5051 2903 5103 καὶ
2939 5053 3036 5121 τῆς
3065 5052 3362 5121 συναφείας
3401 5056 3829 5125 συνισταμένης.

2349 5143 2497 5195 Ἐκεῖ
2525 5143 2634 5212 γὰρ
2665 5142 2871 5211 κυρίως
2901 5145 2929 5196 6
2972 5143 3259 5215 ἄνθρωπος
3279 5161 3294 5177 ο
3329 5146 3447 5197 ἐκεῖ
3490 5145 3586 5198 καὶ
3618 5146 3647 5198 6
3675 5148 3834 5214 ἅγιε-

2267 5234 2403 5306 σμὸς
2466 5235 2494 5286 6
2549 5232 2660 5286 ἀπὸ
2708 5233 2818 5286 τῶν
2872 5234 3107 5305 ἀρετῶν,
3165 5236 3258 5289 καὶ
3309 5237 3410 5305 τῆς
3473 5235 3831 5306 ἀνθρωπίνης

2267 5323 2535 5391 σπουδῆς’
2574 5322 2667 5375 καὶ
2709 5322 2770 5375 τὸ
2808 5323 3121 5399 ἀμαρτάνρν
3156 5326 3293 5391 ἐκεῖ,
3330 5325 3426 5377 καὶ
3467 5324 3530 5377 τὸ
3573 5325 3832 5394 δεόμενον

2265 5415 2361 5482 τῆς
2394 5412 2694 5483 θεραπείας
2724 5412 2831 5466 ἀπὸ
2868 5412 2974 5466 τῶν
3006 5412 3216 5485 δώρων,
3251 5415 3448 5469 ἐκεῖνο.
3489 5415 3577 5485 Τῷ
3616 5415 3831 5485 σώματι

2264 5504 2320 5556 δὲ
2352 5502 2528 5556 πάντα
2554 5503 2661 5556 ἀπὸ
2706 5504 2806 5572 τῆς
2834 5502 3012 5573 ψυχῆς
3042 5504 3287 5572 γίνεται·
3341 5505 3435 5557 καὶ
3472 5504 3664 5574 ῶσπερ
3722 5504 3832 5556 ἀπὸ

2264 5594 2370 5646 τῶν
2414 5594 2667 5665 πονηρῶν
2713 5596 3098 5665 διαλογισμῶν,
3146 5595 3251 5647 τῶν
3295 5595 3402 5647 ἀπὸ
3441 5595 3543 5664 τῆς
3598 5596 3829 5666 καρδίας

2264 5686 2636 5755 ἐξερχομένων
2665 5685 2975 5756 μολύνεται,
3004 5688 3143 5740 οὓτω
3168 5688 3257 5738 καὶ
3277 5689 3302 5737 6
3319 5686 3595 5756 ἁγιασμὸς
3620 5687 3828 5740 ἐκεῖθεν

2267 5775 2433 5846 αὐτῷ,
2465 5777 2713 5848 καθάπερ
2745 5780 2770 5831 6
2804 5778 2909 5831 ἁπδ
2954 5780 3046 5847 τῆς
3082 5777 3315 5846 ἀρετῆς·
3372 5776 3520 5830 οὕτω
3578 5780 3672 5832 καὶ
3716 5779 3829 5831 ἀπὸ
