4158 6306
487 365 587 428 4ΰ1

1678 372 2075 434 ΙΛἸἪΒΕΙᾹΞ
2121 373 2549 434 ΕΧΡΟΞΙΤΙΟ.

3619 383 3723 446 iii?

484 471 592 527 τῶν
619 474 963 545 μυστηρίων.
1013 476 1290 540 Ἐνὶοιςιιδὲ
1324 482 1639 551 σωματικαὶ
1662 484 1807 539 νόσοι
1833 487 2026 553 συμϐαε

2132 529 2134 538 ,
2164 498 2265 537 mre
2300 485 2638 553 improbitas.
2666 484 2819 551 Quod
2858 487 3042 543 volens
3093 489 3402 559 signiﬁcare
3444 493 3725 554 Sumatur.

485 582 687 630 νουσιν,
726 566 910 619 αῖτίαν
945 566 1165 638 ἔχουσαι
1194 570 1293 640 τὴν
1350 572 1683 642 κακοήθειαν
1718 579 1811 645 τῆς
1834 577 2011 647 ψυχῆς
2035 594 2049 608 °

493 655 521 708 ὖ
545 658 777 725 σημᾶναι
810 656 1135 726 βουλόμενος
1164 662 1190 713 ὁ
1233 661 1444 733 Σωτὴρ,
1475 663 1551 733 τῷ
1583 664 1921 731 θεραπεῦσαι
1954 666 2053 736 τὴν

495 746 585 798 τοῦ
621 746 898 810 νοσοῦντος
932 750 1133 819 ψυχὴν,
1165 753 1302 823 ὅπερ
1333 748 1409 824 ἦν’
1431 754 1538 809 τῶν
1570 755 1851 827 ἁμαρτιῶν
1883 759 2052 823 αὐτὴν

499 837 777 901 ἁπολύσαι,
824 839 887 892 τὸ
936 840 1094 909 σῶμα
1133 845 1231 912 τῆς
1281 844 1596 915 ἀρρωστίας
1630 848 1951 918 ἀνέστησεν.
1988 851 2051 902 Εἰ

495 928 663 981 τοίνυν
693 932 815 983 οὐδὲ
846 932 986 1002 πρὸς
1014 933 1111 1004 τὴν
1144 935 1414 1008 ὑποδοχὴν
1442 938 1536 991 τοῦ
1572 938 1849 1010 ἁγιασμοῦ
1881 941 2049 995 δεῖται

488 1020 575 1071 τοῦ
601 1020 858 1090 σώματος
886 1024 917 1092 ἡ
940 1022 1111 1095 ψυχὴ,
1141 1026 1276 1080 ἀλλὰ
1307 1028 1513 1097 ταύτης
1545 1030 1744 1099 μᾶλλον
1771 1032 1966 1098 έκεῖνο,
1997 1031 2050 1085 τί

487 1109 644 1161 πλέον
671 1113 770 1180 τῆς
805 1113 1033 1183 τελετῆς
1064 1115 1279 1185 ἔχουσιν
1313 1118 1368 1169 αἰ
1418 1120 1744 1191 μετέχουσαι
1796 1121 2048 1191 σώματος

478 1199 646 1268 ψυχαὶ
672 1204 783 1255 τῶν
818 1206 1284 1276 ἀπηλλαγμένων,
1339 1211 1422 1264 ὅτι
1475 1211 1568 1265 τὸν
1619 1214 1769 1282 ἱέρεα
1823 1215 2045 1285 ὁρῶσιν,

482 1295 577 1344 καὶ
606 1294 736 1364 παρ’
769 1296 936 1349 αὑτοῦ
977 1298 1040 1351 τὰ
1073 1298 1220 1370 δῶρα
1255 1302 1535 1372 δέχονται;
1582 1305 1747 1359 Ἀλλά
1793 1308 2046 1360 κάκεῖναι

481 1385 569 1437 τὸν
593 1387 812 1440 αἰώνιον
840 1387 1055 1458 ἔχουσιν
1080 1392 1230 1461 ἱερέα
1257 1393 1434 1447 πάντα
1482 1397 1653 1449 ταῦτα
1682 1397 1869 1462 αὐταῖς
1901 1399 2046 1466 γινό-

482 1490 660 1543 μενον,
709 1476 769 1539 ὃς
829 1479 925 1533 καὶ
971 1481 1081 1533 τῶν
1134 1483 1213 1536 ἔτι
1264 1483 1485 1548 ζώντων
1538 1490 1654 1550 τοῖς
1705 1487 1783 1552 ὡς
1824 1489 2045 1559 ἀληθῶς

478 1564 834 1634 λαμϐάνουσι,
861 1573 1238 1641 μεταδίδωσιν.
1266 1576 1341 1629 Ού
1362 1578 1471 1648 γὰρ
1495 1580 1695 1642 πάντες
1717 1577 1799 1644 οἷς
1830 1582 2045 1638 δίδωσιν

481 1657 505 1708 5
561 1657 740 1725 ἱερεὺς
795 1659 1012 1731 ἀληθῶς
1063 1665 1609 1733 μεταλαμϐάνουσιν·
1676 1671 1791 1723 ἀλλ’
1842 1676 2042 1727 ἐκεῖνοι

478 1749 628 1817 μόνοι
667 1749 902 1818 πάντως,
934 1751 1015 1816 οἷς
1059 1755 1222 1821 αὐτὸς
1261 1758 1474 1813 δίδωσιν
1503 1762 1530 1814 ὀ
1557 1762 1809 1833 Χριστός.
1850 1765 1910 1817 Ὀ
1941 1765 2042 1835 μὲν

2157 577 2213 629 in
2236 576 2518 631 liberanda
2546 594 2572 629 a
2611 579 2805 633 morbo
2849 581 3053 644 anima,
3079 582 3225 651 quod
3253 593 3335 637 est
3358 590 3482 639 eam
3501 586 3730 642 liberare

2156 683 2183 721 a
2212 670 2469 736 peccatis,
2500 685 2528 723 a
2559 684 2792 739 corpore
2849 671 3222 729 inﬁrmitatem
3259 676 3481 745 depulit.
3516 676 3573 733 Si
3600 695 3729 749 ergo

2153 773 2253 814 nec
2281 759 2344 813 ad
2370 761 2815 818 sanctiﬁcationis
2866 764 3087 833 quidem
3128 768 3527 836 susceptionem
3567 770 3729 826 habet

2153 850 2334 905 anima
2364 865 2503 921 opus
2534 867 2786 920 corpore,
2822 855 2915 908 sed
2948 853 3081 909 illud
3136 871 3198 910 ea
3229 859 3431 928 potius,
3477 874 3574 914 cur
3604 872 3730 917 sunt

2154 942 2330 1011 magis
2368 942 2615 1014 mysterii
2668 944 2959 1015 participes
3007 948 3206 1004 animae
3256 964 3377 1019 qua:
3417 967 3615 1021 corpus
3637 953 3727 1007 ha-

2152 1031 2303 1098 bent,
2336 1048 2497 1103 quam
2531 1050 2649 1104 qum
2675 1035 2825 1091 abeo
2854 1045 2983 1091 sunt
3030 1037 3254 1093 liberae?
3291 1040 3444 1107 Quod
3480 1043 3729 1098 sacerdo-

2151 1131 2258 1177 tem
2290 1124 2495 1188 vident,
2528 1127 2670 1181 etab
2699 1141 2764 1181 eo
2795 1128 2940 1182 dona
2959 1131 3222 1185 sumunt?
3250 1131 3412 1201 Atqui
3440 1133 3542 1188 illae
3560 1135 3726 1189 etiam

2151 1213 2356 1269 habent
2387 1223 2648 1270 aeternum
2687 1218 3055 1283 sacerdotem,
3107 1221 3197 1291 qui
3232 1223 3413 1277 omnia
3438 1224 3519 1279 eis
3549 1224 3727 1282 factus

2150 1312 2252 1367 cst,
2289 1304 2384 1374 qui
2416 1306 2577 1360 etiam
2609 1306 2677 1361 iis
2701 1307 2794 1377 qui
2827 1324 2893 1363 ex
2922 1310 3058 1365 vivis
3086 1326 3211 1367 vere
3236 1322 3485 1379 sumunt,
3518 1317 3726 1386 imper~

2148 1395 2233 1450 tit.
2271 1394 2385 1451 Non
2417 1398 2561 1452 enim
2586 1413 2776 1455 omnes
2810 1401 3006 1470 quibus
3050 1402 3143 1457 dat
3173 1405 3454 1469 sacerdos,
3487 1421 3616 1461 vere
3646 1409 3724 1476 (l)

2149 1496 2397 1550 sumunt,
2439 1489 2533 1543 sed
2558 1489 2633 1543 illi
2667 1491 2893 1545 omnino
2945 1493 3046 1547 soli
3077 1495 3277 1563 quibus
3306 1495 3537 1567 datipse
3571 1491 3726 1552 Chri-

2148 1585 2289 1632 stus.
2330 1577 2598 1635 Sacerdos
2639 1582 2781 1635 enim
2812 1583 3088 1647 omnibus.
3119 1592 3179 1639 ut
3206 1586 3372 1642 semel
3402 1587 3602 1651 dicam,
3629 1592 3719 1658 qui

2145 1670 2430 1733 accedunt,
2457 1669 2711 1728 Christus
2745 1684 2926 1729 autem
2959 1675 3053 1731 dat
3080 1677 3146 1732 iis
3207 1679 3385 1734 solum
3418 1681 3511 1750 qui
3553 1682 3722 1748 parti-

2146 1759 2292 1829 cipes
2320 1775 2439 1817 esse
2458 1762 2607 1831 digni
2640 1774 2788 1820 sunt.
2829 1766 2979 1821 Unde
3021 1768 3230 1824 clarum
3262 1781 3365 1833 est,
3426 1772 3574 1843 quod
3625 1772 3720 1843 qui

475 1842 585 1909 γὰρ
641 1841 845 1912 ἱερεὺς,
884 1846 1049 1898 πᾶσιν
1111 1847 1297 1912 ἁπλῶς
1349 1852 1464 1914 τοῖς
1513 1854 1865 1924 προσιοῦσινσ
1906 1857 1933 1907 ὀ
1986 1857 2026 1910 δί

2150 1851 2359 1908 animas
2389 1865 2732 1911 sacramento
2798 1859 3010 1927 perﬁcit
3066 1871 3121 1916 et
3142 1841 3463 1928 sanctiﬁcat,
3488 1841 3720 1920 etvivros

477 1932 737 2001 Χριστὸς,
770 1937 885 1997 τοῖς
914 1936 1088 2002 ἀξίοις
1111 1938 1207 1992 τοῦ
1244 1946 1557 2014 μετασχεῖν.
1589 1946 1751 2001 Ὅθεν
1780 1947 1939 2017 δῆλον
1965 1949 2040 2015 ὡς

473 2023 501 2072 ό
523 2023 692 2074 τελῶν
718 2024 816 2085 τὰς
840 2024 1021 2097 ψυχὰς
1052 2027 1112 2081 τὸ
1142 2034 1466 2103 μυστήριον,
1498 2036 1596 2089 καὶ
1625 2036 1893 2107 ἁγιάζων,
1945 2041 2040 2094 καὶ

473 2113 682 2178 ζῶντας
740 2117 832 2169 καὶ
881 2118 1236 2190 τεθνηκότας,
1297 2126 1456 2195 μόνος
1490 2145 1575 2191 τις
1630 2130 1792 2194 αὑτός
1839 2133 2039 2187 ὲστινό

470 2206 684 2277 Σωτήρ.
759 2209 853 2263 Ἐκ
909 2210 973 2281 δὴ
1023 2213 1132 2266 *ὧν
1187 2218 1493 2289 εἰρημένων
1542 2222 1800 2278 ἁπάντων
1863 2227 2040 2280 έκεῖνο

470 2296 680 2362 γίνεται
722 2298 902 2368 δῆλον,
933 2300 1018 2354 ὅτι
1080 2303 1259 2357 πάντα
1307 2307 1407 2361 ὅσα
1449 2310 1541 2373 ἐίς
1578 2312 1678 2380 τὴν
1726 2311 1880 2383 ἱερὰν
1909 2314 2037 2383 ἥκει

466 2387 711 2458 τελετὴν.
745 2390 902 2443 κοινά
931 2393 1045 2445 ἐστι
1091 2395 1186 2447 καὶ
1233 2394 1368 2459 ζῶσι
1405 2398 1499 2452 καὶ
1548 2401 1860 2473 τεθνηκόσι.
1924 2406 2035 2458 Καὶ

468 2478 578 2550 γὰρ
600 2483 669 2534 τὰ
703 2482 851 2535 αῖτια
883 2484 979 2537 τοῦ
1011 2484 1310 2556 ἀγιασμοῦ,
1336 2490 1541 2560 ψυχικά
1570 2491 1705 2546 ὄντα
1734 2493 1916 2562 ἁγαθά
1938 2494 2034 2548 καὶ

466 2571 796 2642 ἀμψοτέροις
826 2575 1088 2644 πρόσεστι
1115 2592 1131 2609 ·
1161 2579 1253 2631 καὶ
1277 2580 1339 2632 τδ
1375 2585 1805 2654 προηγουμένως
1829 2585 1925 2639 καὶ
1956 2587 2033 2640 oi-

466 2662 630 2725 κείως
653 2663 780 2732 ἔχον
805 2665 944 2735 πρὸς
966 2665 1060 2719 τὸν
1089 2666 1383 2740 ἅγιασμδν,
1407 2672 1469 2725 τὸ
1494 2673 1624 2727 αὐτό
1652 2688 1667 2705 ·
1691 2674 1801 2743 καὶ]
1818 2676 1846 2728 ό
1877 2676 2034 2745 ἁγιά-

465 2754 574 2816 ζων
608 2755 815 2824 ἱερεὺς,
867 2759 895 2810 ὀ
922 2758 1105 2822 αύτός.
1138 2759 1311 2816 Τοῦτο
1343 2764 1505 2833 μόνον
1541 2767 1657 2829 τοῖς
1705 2767 1765 2819 ἐν
1817 2767 2029 2838 σώματι

463 2845 599 2907 ζῶσι
647 2848 872 2916 προσὸν,
924 2850 986 2902 οὐ
1053 2851 1276 2922 μέτεστι
1316 2856 1432 2920 τοῖς
1485 2856 1809 2924 ἀπελθοῦσι,
1828 2860 1888 2913 τὸ
1930 2860 2028 2916 καὶ

457 2939 586 3000 τοῦς
626 2940 880 3006 ἀναξίους
927 2941 1036 2995 τῶν
1074 2945 1392 3017 μυστηρίων
1446 2947 1773 3016 ἀγιάζσσθαι
1821 2951 2023 3020 δοκεῖν,

2144 1950 2198 1996 et
2220 1953 2489 2011 mortuos,
2517 1946 2666 2011 solus
2692 1957 2777 2003 est
2807 1950 2921 2018 ipse
2941 1961 3211 2007 servator.
3239 1952 3313 2007 Ex
3346 1953 3505 2009 dictis
3530 1956 3721 2023 utique

2142 2031 2398 2087 oumibus
2452 2033 2511 2087 iit
2536 2035 2666 2089 illttd
2695 2037 3067 2105 manifestum,
3111 2043 3257 2112 quod
3284 2059 3624 2113 quaecunque
3650 2047 3718 2100 ad

2141 2124 2284 2178 sacri
2320 2127 2566 2195 mysterii
2590 2128 3013 2188 celebrationem
3059 2136 3352 2204 pertinent,
3420 2146 3546 2193 sunt
3567 2153 3717 2194 com-

2140 2214 2326 2269 munia
2355 2225 2409 2271 et
2439 2217 2577 2274 vivis
2607 2227 2662 2274 et
2696 2224 2950 2279 mortuis.
2990 2226 3182 2283 Causae
3217 2230 3364 2284 enim
3408 2231 3718 2287 sanctiﬁca-

2140 2304 2331 2371 tionis,
2363 2323 2486 2362 cum
2514 2310 2581 2363 ad
2616 2310 2854 2366 animam
2900 2316 3231 2384 pertineant,
3269 2320 3432 2375 etiam
3463 2322 3716 2393 utrisque

2137 2394 2324 2451 insunt
2349 2414 2364 2463 ;
2393 2406 2447 2452 et
2479 2397 2532 2452 id
2560 2401 2707 2469 quod
2754 2403 2931 2472 primo
2979 2414 3036 2460 et
3078 2410 3451 2479 principaliter
3494 2422 3549 2467 et
3594 2430 3716 2482 pru-

2135 2486 2254 2556 prie
2319 2490 2806 2548 sanctiﬁcationem
2856 2497 3104 2567 suscipit,
3155 2500 3319 2569 idem,
3351 2511 3406 2558 et
3459 2506 3713 2561 sacerdos

2135 2578 2231 2648 qui
2265 2581 2592 2650 sanctilicat,
2628 2584 2770 2640 idem
2798 2604 2811 2641 :
2845 2590 2988 2656 quod
3036 2590 3211 2646 solum
3241 2595 3394 2650 adest
3416 2596 3483 2652 iis
3512 2599 3604 2668 qui
3636 2600 3715 2653 vi—

2133 2680 2271 2727 vunt
2302 2672 2356 2726 in
2388 2687 2641 2744 corpore,
2677 2691 2783 2732 non
2816 2690 2899 2735 est
2925 2681 2981 2735 in
3044 2681 3110 2738 iis
3154 2684 3246 2754 qui
3283 2688 3475 2746 evivis
3519 2704 3712 2746 exces-

2132 2772 2360 2830 serunt,
2394 2773 2456 2819 ut
2489 2766 2654 2825 etiam
2689 2768 2782 2837 qui
2824 2773 3100 2841 mysteriis
3138 2775 3343 2847 indigni
3387 2790 3533 2845 sunt,
3561 2782 3712 2836 vide-
3758 2851 3761 2855 ν

2130 2860 2296 2909 antur
2331 2857 2682 2925 sanctiﬁcari,
2715 2861 2977 2929 quoniam
3024 2863 3163 2920 dona
3195 2881 3290 2923 ore
3309 2881 3558 2928 sumunt.
3590 2871 3709 2930 ll.ie

2127 2945 2272 3000 enim
2300 2961 2399 3002 nec
2431 2950 2694 3006 accedere
2724 2952 2943 3021 quidem
2996 2965 3173 3024 potest
3226 2959 3519 3030 quispiam,
3553 2965 3598 3019 si
3638 2965 3710 3019 sit

450 3031 538 3083 ὅτι
566 3032 634 3085 τὰ
679 3032 828 3102 δῗιρα
877 3032 954 3104 τῷ
988 3034 1200 3104 σώματι
1247 3036 1518 3109 δέχονται.
1567 3042 1719 3094 Ἐκεῖ
1749 3042 1859 3114 γὰρ
1902 3044 2022 3097 οὐδὲ

2132 3035 2445 3106 imparatus,
2469 3040 2562 3096 sed
2589 3034 2720 3098 solis
2740 3043 2809 3099 iis
2833 3045 2926 3115 qui
2956 3046 3103 3118 digni
3147 3057 3294 3115 sunt,
3355 3052 3512 3106 datur
3540 3055 3709 3123 parti«

456 3124 746 3191 προσιέναι
800 3124 1048 3192 δυνατὸν,
1091 3127 1145 3179 εί
1196 3144 1280 3191 τις
1333 3131 1845 3202 ἀπαρασκευάστως
1883 3133 2017 3204 ἔχει,

2132 3128 2362 3198 cipatio;
2395 3132 2500 3187 hoc
2524 3144 2708 3189 autem
2763 3151 2871 3191 non
2902 3138 3093 3193 tribuit
3143 3141 3280 3197 vivis
3322 3145 3704 3201 sanctiﬁcatio-

454 3213 593 3265 ἀλλὰ
625 3214 809 3282 μόνοις
836 3214 1010 3279 ἔξεστι
1034 3216 1344 3284 τοῖςάξίοις
1377 3222 1411 3290 ἡ
1446 3225 1705 3291 μετουσία
1733 3239 1747 3254 ⁸
1778 3223 1938 3277 τοῦτο
1964 3224 2022 3278 δὲ

453 3304 578 3357 οὐδὲ
612 3305 973 3376 προστίθησιν
994 3308 1266 3378 ἁγιασμδν
1301 3313 1416 3374 τοῖς
1452 3311 1619 3375 ζῶσιν
1649 3330 1663 3345 ο
1697 3315 1831 3369 ἀλλὰ
1853 3316 2022 3370 τούν-

451 3396 639 3449 αντίον
676 3398 905 3451 κόλασιν
934 3399 1049 3470 ἔχει
1070 3399 1169 3469 τὴν
1196 3402 1454 3474 ἐσχάτην.
1486 3405 1597 3458 Καὶ
1619 3407 1710 3460 διὰ
1736 3408 1898 3461 τοῦτο
1926 3407 2022 3461 τοῦ

452 3488 647 3554 γένους
693 3487 807 3540 τῶν
833 3487 1051 3550 ζώντων
1091 3486 1233 3544 εἶναι
1279 3491 1663 3565 πλεονέκτημα
1688 3496 1889 3550 πολλοῦ
1918 3497 2018 3552 δεῖ.

457 3580 581 3631 Ἐτι
611 3579 667 3632 δὲ
700 3580 795 3632 καὶ
816 3579 886 3632 διτ
908 3581 1118 3634 ἐκεῖνον
1140 3583 1233 3635 τὸν
1258 3584 1416 3652 λόγον
1438 3587 1675 3656 φανερὸν
1706 3588 1921 3656 γίνεται
1939 3591 2021 3645 ὅτι

452 3672 517 3725 οὖ
558 3672 721 3741 μόνον
749 3672 951 3738 ἔξεστι,
992 3674 1087 3725 καὶ
1114 3675 1267 3729 οὐδὲν
1290 3676 1405 3746 ἔχει
1452 3677 1702 3750 κώλυμα,
1765 3678 1880 3732 ἀλλ’
1938 3679 2021 3733 ὅτι

447 3766 549 3817 καὶ
577 3765 893 3832 ἀναγκαίως
921 3767 1205 3821 ἀκολουθεῖ
1226 3770 1345 3831 ταῖς
1359 3769 1561 3839 ψυχαῖς
1589 3772 1824 3835 ἐκείναις
1852 3773 1884 3841 ἠ
1912 3772 2022 3826 τῶν

448 3857 616 3929 ιερῶν
665 3859 856 3930 δώρων
906 3860 1228 3931 μετάληψις.
1280 3861 1341 3914 Ei
1368 3863 1469 3931 μὲν
1494 3864 1604 3933 γὰρ
1629 3865 1723 3916 καί
1751 3882 1803 3918 τι
1834 3863 2021 3935 ἕτερον

443 3945 517 4021 ἦν
540 3951 600 4005 τὸ
618 3953 717 4014 τὰς
745 3951 927 4024 ψυχὰς
973 3955 1265 4025 εὐφραῖνον
1308 3955 1402 4008 καὶ
1431 3955 1714 4008 ἀναπαῦον
1756 3959 1895 4021 ἐκεῖ,
1949 3953 2021 4027 ἦν

445 4041 515 4094 ἂν
546 4042 724 4094 έκεῖνο
748 4043 917 4112 γέρας
944 4046 1063 4107 ταῖς
1096 4044 1276 4112 ἀξίαις
1302 4045 1404 4114 τῆς
1470 4044 1866 4114 καθαρότητος,
1922 4034 2035 4099 καὶ

443 4132 552 4186 οὐκ
575 4133 638 4187 ἂν
663 4133 853 4203 ἐδέησε
887 4133 1090 4204 ταύτης
1119 4134 1534 4207 τῆς-τραπέζης
1565 4135 1625 4200 ἐξ
1654 4138 1900 4207 ἀνάγκης
1922 4138 2019 4189 αύ-

440 4227 589 4287 ταῖς.
641 4224 758 4278 Νῦν
807 4224 864 4278 δὲ
914 4227 974 4279 τὸ
1019 4214 1204 4281 πᾶσαν
1244 4229 1457 4297 τρυφὴν
1499 4226 1593 4280 καὶ
1635 4227 2018 4298 μακαριότητα

442 4318 559 4379 τοῖς
599 4317 718 4369 ἐκεῖ
741 4318 1055 4386 γενομένοις
1086 4317 1477 4388 ἐργαζόμενον,
1532 4320 1643 4373 εἴτε
1692 4320 2018 4390 παράδεισον

441 4410 640 4475 εἴποις,
666 4408 776 4462 εἴτε
805 4409 1041 4472 κόλπους
1076 4411 1348 4480 Ἀδραὰμ,
1375 4410 1486 4463 εῖτε
1507 4409 1686 4481 λύπης
1709 4410 1804 4464 καὶ
1825 4410 2017 4480 ὀδύνης

2125 3234 2274 3283 nem,
2328 3223 2422 3277 sed
2475 3233 2665 3280 contra
2728 3227 2891 3282 habet
2944 3229 3190 3286 ultimum
3242 3234 3589 3303 supplicium,
3644 3224 3703 3292 οι

2121 3322 2409 3382 propterea
2451 3316 2682 3369 multum
2722 3319 2876 3374 abest
2915 3329 2975 3373 ut
3017 3321 3269 3378 vivorum
3328 3338 3498 3395 genus
3525 3329 3697 3384 siteis

2128 3406 2233 3463 hac
2283 3421 2342 3462 re
2385 3408 2657 3475 superius.
2716 3409 3007 3480 Propterea
3059 3422 3243 3469 autem
3289 3399 3449 3471 etiam
3478 3429 3702 3489 propter

2127 3500 2271 3554 illam
2330 3501 2598 3556 rationem
2638 3501 2845 3557 clarum
2871 3512 2976 3567 est,
3030 3506 3175 3574 quod
3205 3519 3316 3560 non
3338 3507 3516 3562 solum
3560 3510 3689 3565 licet

2118 3593 2342 3663 etquod
2373 3593 2510 3648 nihil
2555 3603 2721 3659 vetat,
2756 3595 2848 3650 sed
2880 3596 3045 3651 etiam
3090 3598 3238 3667 quod
3296 3599 3415 3654 illas
3482 3601 3695 3656 animas

2122 3686 2431 3742 necessario
2454 3689 2806 3758 consequitur
2837 3698 3149 3745 sanctorum
3201 3692 3468 3748 donorum
3520 3696 3707 3771 parti-q

2120 3776 2343 3844 cipatio.
2381 3774 2438 3830 Si
2466 3779 2610 3832 enim
2647 3789 2791 3834 esset
2816 3780 3024 3851 aliquid
3047 3782 3215 3849 aliud,
3253 3783 3398 3853 quod
3436 3783 3546 3840 illic
3574 3785 3693 3840 ani-
3730 3808 3733 3809 ν

2121 3869 2226 3922 mis
2248 3876 2304 3923 et
2374 3869 2793 3925 delectationem
2829 3882 2884 3928 et
2944 3875 3181 3942 quietem
3219 3876 3501 3946 praeberet,
3547 3888 3692 3943 esset

2119 3955 2254 4012 illud
2304 3958 2586 4027 praemium
2628 3959 2696 4013 iis
2740 3975 2863 4030 quae
2906 3977 3055 4030 pura:
3110 3972 3238 4018 sunt
3273 3973 3328 4018 et
3377 3966 3693 4029 mundae,“

2120 4062 2230 4101 non
2272 4048 2352 4102 eis
2383 4048 2487 4102 hac
2520 4064 2708 4103 mensa
2762 4051 3079 4105 necessario
3135 4066 3275 4121 Opus
3318 4063 3504 4120 esset;
3542 4070 3690 4110 nunc

2121 4145 2298 4191 autem
2336 4137 2387 4190 id
2417 4139 2562 4208 quod
2602 4153 2817 4193 omnem
2850 4140 3182 4209 voluptatem
3212 4151 3268 4196 et
3297 4143 3687 4200 beatitudinem

2119 4230 2187 4285 iis
2219 4228 2311 4300 qui
2340 4230 2447 4284 illic
2485 4240 2632 4296 sunt,
2665 4231 2855 4296 efﬁcit,
2891 4233 3005 4287 sive
3035 4233 3188 4288 dicas
3211 4234 3547 4304 paradisum,
3568 4237 3686 4292 sive

2118 4319 2295 4374 sinum
2316 4320 2568 4388 Abrahae,
2589 4320 2702 4376 sive
2721 4323 2790 4377 ab
2809 4324 2956 4376 omni
3003 4322 3193 4380 dolore
3215 4333 3271 4379 et
3301 4324 3518 4381 tristitia
3546 4341 3685 4397 pura

2118 4419 2173 4464 et
2202 4410 2378 4466 lucida
2404 4418 2458 4464 et
2481 4411 2673 4466 viridia
2704 4420 2760 4468 et
2778 4411 3154 4484 refrigerantia
3182 4416 3320 4480 loca,
3359 4416 3474 4471 sive
3495 4416 3679 4488 ipsum

441 4500 666 4569 ἀπάσης
692 4500 969 4568 καθαροὺς
1013 4503 1107 4555 καὶ
1150 4501 1445 4568 φωτεινοὺς
1493 4502 1589 4554 καὶ
1625 4500 1881 4572 χλοεροὺς
1913 4503 2009 4555 καὶ

2132 4518 2361 4573 'egnum,
2385 4503 2520 4558 nihil
2550 4512 2633 4559 est
2661 4503 2808 4560 aliud
2833 4520 2996 4575 quam
3027 4506 3117 4560 hic
3136 4506 3274 4561 calix
3294 4517 3350 4563 et
3376 4507 3465 4563 hic
3491 4510 3677 4579 panis.

439 4594 819 4663 ἀναψύχοντας
842 4594 1060 4659 τόπους,
1086 4593 1196 4646 εἴτε
1222 4592 1321 4663 τὴν
1344 4592 1624 4663 βασιλείαν
1647 4595 1840 4665 αὐτήν⁹
1873 4596 2027 4649 οὐδὲν
2059 4597 2247 4667 ἕτερόν
2269 4598 2417 4650 ἐστιν
2452 4596 2485 4664 ἢ
2521 4600 2681 4650 τοῦτο
2712 4597 2773 4651 τὸ
2815 4597 3109 4668 ποτήριον,
3141 4600 3236 4653 καὶ
3259 4593 3413 4661 οὗτος
3440 4600 3469 4652 ό
3489 4599 3676 4671 ἄρτος.

514 4685 698 4738 Ταῦτα
727 4704 834 4758 γαρ
860 4690 887 4741 ό
919 4688 1165 4757 μεσίτης,
1193 4689 1221 4740 ὁ
1248 4686 1552 4757 πρόδρομος
1579 4687 1721 4759 ὑπὲρ
1748 4688 1905 4758 ήμῶν
1931 4690 2010 4753 εἰς

438 4778 511 4832 τὰ
539 4778 694 4845 ἆγια,
728 4779 755 4830 ὁ
792 4779 947 4848 μόνος
975 4779 1125 4846 ἄγων
1150 4780 1230 4841 εἰς
1262 4777 1353 4833 τὸν
1376 4779 1618 4849 Πατέρα,
1645 4782 1673 4833 ὁ
1708 4781 1867 4850 μόνος
1896 4781 2006 4835 τῶν

434 4869 630 4941 ψυχῶν
654 4871 827 4938 ἥλιος,
855 4868 950 4923 νῦν
981 4870 1080 4940 μὲν
1108 4870 1252 4924 οὕτω
1276 4871 1621 4941 ,φαινόμενος
1656 4873 1749 4925 καὶ
1782 4874 2008 4943 μετεχόο

439 4978 626 5031 μενος,
653 4961 728 5026 ὡς
746 4961 1010 5031 ἠθέλησεν
1036 4962 1220 5030 αὐτὸς,
1242 4965 1353 5024 τοῖς
1368 4963 1612 5034 δεσμίοις
1640 4965 1739 5035 τῆς
1770 4966 1969 5035 σαρκός
1987 4980 2005 4997 ⁸

432 5058 564 5109 τότε
611 5054 670 5107 δὲ
719 5054 1090 5124 ὀφθησόμενος
1138 5056 1235 5109 καὶ
1285 5056 1832 5130 μεταληφθησόμενος
1876 5057 2007 5114 ἄνευ

432 5146 959 5215 παραπετασμάτων
982 5160 996 5176 ’
1024 5147 1114 5199 ὅτε
1144 5146 1388 5216 ὀψόμεθα
1411 5148 1594 5213 αὑτὸν,
1633 5150 1788 5218 φησὶ,
1820 5147 2002 5212 καθώς

429 5240 587 5289 ἐστιν
616 5251 631 5267 ·
661 5237 753 5289 ὅτε
780 5236 857 5298 ὡς
887 5236 1087 5307 πτῶμα
1132 5238 1460 5305 συγκαλέσει
1497 5239 1622 5300 τοὺς
1651 5239 1840 5299 ἀετούς
1864 5254 1879 5270 ’
1910 5237 2000 5290 ὅτε

431 5324 806 5395 περιζώσεται
853 5329 947 5380 καὶ
986 5328 1269 5381 ἀνακλινεῖ
1314 5329 1532 5392 αὐτοὺς,
1574 5330 1670 5382 καὶ
1710 5327 2001 5399 παρελθὼν

427 5419 753 5488 διακονήσει
798 5419 982 5482 αὐτοῖς
1006 5434 1020 5450 ’
1052 5420 1141 5473 ὅτε
1183 5421 1277 5473 ἐπὶ
1304 5419 1413 5474 τῶν
1444 5420 1685 5490 νεφελῶν
1709 5420 1997 5489 ἀστράψει,

429 5510 534 5561 καὶ
560 5508 628 5560 δι’
653 5509 835 5562 αὐτῶν
863 5508 1168 5579 λάμψουσιν
1193 5510 1245 5562 οἱ
1282 5509 1481 5563 δίκαιοι
1510 5509 1583 5573 ὡς
1612 5508 1783 5580 ἥλιος.
1811 5508 1999 5579 Τούτῳ

510 5701 590 5769 tl)
619 5701 785 5780 Caute
804 5701 957 5780 lege;
1002 5700 1202 5754 etenim
1233 5698 1426 5780 (Irasci,
1475 5708 1531 5753 et
1584 5699 1675 5780 hic
1711 5698 1994 5780 Caltasi'as

430 5780 590 5825 recte
614 5772 859 5828 sentiunt
885 5772 950 5828 de
980 5785 1105 5826 vera
1155 5780 1207 5825 et
1251 5770 1380 5824 rcali
1425 5770 1709 5838 praesentia
1753 5771 1997 5838 corporis

2186 4688 2312 4743 ﬂare
2339 4690 2483 4744 enim
2542 4698 2672 4744 sunt
2726 4691 3084 4755 intercessor,
3126 4693 3218 4760 qui
3270 4708 3368 4760 pro
3405 4693 3563 4747 nobis
3620 4694 3677 4748 in

2114 4788 2302 4836 sancta
2336 4779 2440 4835 fuit
2480 4784 2928 4853 pl‘EClllfSthui
2959 4784 3109 4838 solus
3143 4782 3296 4836 ducit
3327 4782 3394 4836 ad
3432 4782 3675 4846 Patrem,
3748 4814 3755 4866 ς

2113 4871 2210 4943 qui
2241 4872 2391 4928 solus
2434 4873 2514 4928 sol
2537 4874 2869 4940 animarum,
2899 4874 2993 4943 qui
3025 4888 3171 4927 nunc
3197 4872 3418 4941 quidem
3452 4884 3677 4942 apparet

2113 4971 2168 5018 et
2192 4963 2570 5033 participatur,
2599 4973 2659 5018 ttt
2702 4964 2819 5033 ipse
2867 4964 3057 5027 voluit,
3104 4963 3279 5016 velata
3310 4977 3475 5018 carne
3504 4980 3517 5017 :
3546 4972 3675 5018 tunc

2111 5064 2292 5111 autem
2321 5056 2592 5111 videbitur
2609 5065 2663 5112 et
2692 5056 3101 5126 participabitur
3125 5054 3247 5110 sine
3275 5055 3427 5118 velis,
3452 5057 3671 5128 quando

2111 5145 2414 5202 videbimus
2449 5147 2623 5216 ipsum
2645 5147 2788 5203 sicut
2817 5154 2920 5210 est,
2943 5144 3162 5215 quando
3191 5146 3259 5200 ad
3287 5148 3519 5225 cadaver
3541 5164 3672 5203 cnn-

2111 5237 2329 5295 vocahit
2362 5239 2597 5307 aquilas,
2631 5236 2849 5307 quando
2869 5234 3243 5301 succingetur,
3275 5246 3331 5292 et
3379 5252 3473 5293 eos
3505 5237 3670 5293 faciet

2108 5329 2474 5392 discumbere,
2506 5338 2557 5382 et
2591 5331 2859 5383 accedens
2904 5327 3409 5401 ministrabitipsis,
3447 5329 3667 5400 quando

2106 5413 2342 5484 fulgebit
2368 5415 2421 5468 in
2458 5415 2717 5481 nubibus,
2768 5424 2824 5470 et
2852 5430 2948 5486 per
2993 5431 3116 5471 eum
3173 5418 3305 5489 justi
3345 5417 3663 5486 resnlende-

2109 5507 2245 5565 bunt
2277 5518 2336 5561 ut
2366 5508 2468 5562 sol.
2515 5505 2584 5561 Ut
2609 5507 2658 5562 ei
2680 5509 2983 5580 conjuncti,
3013 5519 3074 5566 ut
3109 5517 3260 5565 novit
3312 5522 3497 5565 mensa
3526 5520 3662 5562 con-

2104 5700 2315 5754 Domini
2339 5701 2393 5774 in
2455 5701 2817 5761 Eucltaristia.
2868 5706 3254 5772 Forsau,vere,
3291 5702 3660 5774 iuteliigitdi-

2102 5786 2206 5838 guc
2249 5780 2302 5823 et
2334 5769 2634 5829 fructuose.
