4132 6308
398 341 506 410 465

1578 360 1976 425 LITURGIE
2017 364 2444 432 EXPOSITIO.

3526 361 3628 422 464i

399 457 536 550 ἀλλά
569 459 664 511 καὶ
693 462 838 530 σφῶν
866 464 1069 530 αὐτῶν,
1102 466 1150 520 εὶ
1196 470 1334 540 μετά
1389 472 1636 539 σώματος
1667 471 1826 545 ἦσαν.
1856 479 1952 531 Kai

2069 479 2199 535 bent
2233 479 2554 549 pluribusin
2616 493 2847 550 corpore
2878 477 3203 541 virentibus,
3267 484 3431 546 atque
3494 475 3630 528 adeo

400 548 536 602 αὐτὸ
560 550 616 602 δὲ
645 551 799 606 τοῦτο
837 557 1019 623 μόνον,
1045 559 1106 611 τὸ
1135 561 1347 631 γυμνὰς
1376 563 1515 618 εἶναι
1547 565 1642 618 τοῦ
1682 567 1955 638 σώματος,

403 639 840 712 ἐπιτηδειοτέρας
861 646 1080 702 δίδωσιν
1106 649 1246 705 εἶναι
1279 654 1460 725 πολλῷ
1482 657 1620 728 πρὸς
1639 659 1738 729 τὴν
1770 677 1962 730 μετουπ

406 729 525 783 σίαν
549 732 653 785 τῶν
682 740 1023 808 μυστηρίων,
1077 744 1110 812 ἢ
1138 744 1359 801 δυνατὸν
1409 745 1497 819 ἦν,
1527 752 1588 804 τὸ
1612 751 1771 822 σῶμα
1801 771 1960 824 περι-

404 824 677 887 κειμένας.
711 827 929 883 Πολλῶν
957 832 1067 902 γὰρ
1092 835 1267 891 οὐσῶν
1301 839 1396 892 καὶ
1415 841 1688 912 διαφόρων
1713 845 1832 898 ἐκεῖ
1853 845 1960 900 τῶν

403 913 595 1008 μονῶν,
632 917 715 1008 ἵνα
748 923 859 974 πᾶν
909 925 1110 995 μέτρον
1147 928 1347 1000 ἀρετῆς
1393 933 1622 1006 τιμηθῇ,
1655 937 1750 990 καὶ
1795 938 1960 1008 μηδὲν

397 1002 682 1100 ἄμισθονῇ
716 1014 867 1080 παρά
894 1016 973 1084 τῷ
999 1016 1190 1090 δικαίῳ
1233 1023 1328 1076 καὶ
1358 1002 1724 1099 φιλανθρώπῳ
1757 1002 1920 1100 κριτῇ
1943 1047 1956 1060 ⁸

300 1136 305 1142 .
395 1095 652 1188 καθάπερ
686 1103 736 1154 οί
767 1105 878 1156 τῶν
916 1109 1188 1176 μεγίστων
1221 1114 1361 1179 ἄξιοι
1388 1095 1585 1188 γερῶν,
1620 1095 1711 1171 καί
1740 1095 1957 1188 τέλειοι,

396 1186 492 1278 καλ.
519 1188 622 1257 τῆς
660 1190 876 1258 τελείας
912 1201 1313 1272 μακαριότητος
1344 1186 1692 1278 κληρονόμοι,
1724 1186 1957 1278 Παῦλοςι

393 1277 489 1330 καὶ
509 1280 563 1332 ετ
576 1297 660 1343 τις
677 1283 798 1336 κατ’
814 1286 1041 1355 ἐκεῖνον,
1061 1293 1444 1365 καθαρώτερον
1463 1298 1632 1367 αὐτῆς
1655 1277 1962 1354 ἀπολαύουέ

395 1381 484 1459 σιν
528 1369 912 1441 ἀναλύσαντες,
958 1377 992 1446 ἢ
1049 1380 1136 1432 ὅτε
1185 1381 1264 1452 τῷ
1301 1383 1402 1453 βίῳ
1437 1387 1613 1455 τούτῳ
1663 1388 1914 1459 παρῆσαν
1942 1406 1956 1421 ·

395 1455 543 1511 οὕτω
577 1463 671 1514 καὶ
699 1465 798 1534 τῆς
829 1469 1054 1537 μετρίας
1085 1473 1212 1536 τούς
1261 1475 1395 1544 πρὸς
1426 1477 1680 1550 τοιαύτην
1715 1481 1958 1535 ἀνάπαυ-

397 1565 484 1600 σιν
510 1557 872 1621 τεταγμένους
892 1561 1036 1624 είκὸς
1069 1563 1290 1634 ἄμεινον
1310 1571 1602 1639 τυγχάνειν
1624 1573 1960 1639 ἀπελθόντας

394 1641 628 1738 ἐνθένδε,
675 1647 706 1717 ἢ
745 1652 884 1718 μετά
917 1653 1170 1724 σώματος
1200 1661 1429 1725 ζῶντας.
1500 1665 1742 1738 Ἐδείχθη
1779 1667 1834 1720 δὲ
1880 1667 1952 1731 ὡς

394 1734 544 1786 πᾶσα
569 1736 755 1809 ψυχῶν
785 1741 1113 1810 ἀνάπαυσις,
1150 1752 1245 1803 καὶ
1276 1753 1383 1805 πᾶν
1412 1749 1573 1810 ἆθλον
1607 1734 1835 1826 ἀρετῆς,
1860 1759 1956 1813 καὶ

394 1825 588 1920 ιμκρδν
645 1831 739 1884 καὶ⁵
799 1836 1006 1902 μεῖζον,
1055 1808 1206 1894 οὐδέν
1258 1845 1405 1896 ἐστιν
1448 1808 1695 1918 ἕτερονῆ
1985 1808 2032 1869 Β

390 1908 564 2014 οξτος,
598 1923 689 2014 καὶ
723 1924 884 1980 τοῦτο
910 1930 973 1980 τὸ
1001 1932 1283 2000 ποτήριον,
1325 1908 1958 2014 καταλληλωςέκατέριρ

390 2005 560 2100 γένει,
596 2010 814 2074 ζώντων
847 2015 990 2084 λέγω
1026 2023 1120 2072 καὶ
1145 2025 1377 2092 νεκρῶν,
1408 2005 1957 2100 μεταλαμϐανόμενα.

389 2099 489 2152 Διά
521 2102 676 2156 τοῦτο
701 2106 810 2176 γάρ
834 2110 928 2160 καὶ
956 2111 984 2161 6
1015 2111 1220 2182 Κύριος
1241 2115 1338 2184 τὴν
1365 2117 1423 2168 ἐν
1467 2117 1543 2188 τῷ
1572 2099 1824 2188 μέλλοντι
1854 2122 1961 2176 τῶν

389 2190 563 2258 ἁγίων
589 2195 890 2251 ἀπόλαυσιν
936 2200 1155 2255 δεῖπνον
1197 2205 1458 2260 ἐκάλεσεν
1482 2224 1496 2239 ⁸
1530 2210 1620 2265 ἴνα
1654 2212 1802 2284 δείξῃ
1827 2212 1960 2267 ταύ-

387 2298 487 2352 της
518 2288 618 2356 τῆς
643 2289 923 2359 τραπέζης
952 2295 1118 2366 μηδὲν
1147 2293 1288 2352 εῖναι
1324 2301 1485 2356 πλέον
1513 2304 1648 2360 ἐκεῖ.
1683 2305 1842 2360 Οὕτω
1865 2309 1961 2362 καὶ

388 2375 530 2448 ὑπὲρ
585 2380 695 2435 τῶν
747 2385 1112 2454 ἀπελθόντων,
1145 2389 1336 2462 ὥσπερ
1387 2394 1528 2463 ὑπὲρ
1576 2396 1686 2450 τῶν
1737 2397 1958 2462 ζώντων

388 2469 536 2524 ἐστὶν
560 2474 589 2542 ή
615 2472 736 2528 θεία
777 2477 878 2545 τῆς
906 2480 1256 2551 εὐχαριστίας
1303 2485 1585 2558 ἱερουργία
1604 2508 1618 2522 ’
1644 2492 1737 2545 καὶ
1765 2494 1957 2559 διττῶς

387 2561 770 2632 ἀγιαζομένων
796 2569 1042 2638 ἐκείνων,
1077 2574 1151 2636 ὡς
1187 2577 1424 2646 εἴρηται,
1454 2581 1647 2646 διττῶς
1679 2588 1772 2639 καὶ
1800 2589 1954 2641 αὐτοὶ

391 2651 733 2717 ἀγιάζονται,
759 2657 851 2710 καὶ
895 2661 1191 2732 οὐδετέρως
1224 2665 1444 2720 ἔλαττον
1474 2669 1656 2740 ἔχουσι
1692 2675 1800 2727 τῶν
1823 2676 1956 2741 ζών-

392 2765 498 2804 των
524 2755 574 2807 οἱ
610 2761 1000 2829 μεταστάντες,
1026 2764 1140 2818 ἀλλ’
1163 2767 1310 2821 ἔστιν
1354 2771 1499 2834 ὅπως
1531 2775 1623 2827 καὶ
1659 2777 1864 2845 μεῖζον.

943 3032 1196 3092 ΚΕΦᾹΛ.
1237 3037 1388 3107 Μετ’.

471 3113 604 3181 Πῶς
627 3116 720 3172 ἀεὶ
754 3119 826 3174 τὰ
859 3121 1016 3189 δῶρα
1043 3127 1231 3182 ταῦτα
1259 3129 1444 3184 δεκτά
1468 3134 1586 3188 alat
1612 3135 1691 3200 τῷ
1717 3134 1860 3202 Θεῷ.

465 3203 694 3298 Ἒίξεξῆς
733 3207 792 3298 δέ
845 3212 1060 3267 κάκεῖνο
1107 3218 1432 3286 σκοπῶμενο
1461 3222 1540 3274 ὅτι
1589 3224 1687 3292 μὲν
1713 3225 1821 3278 ἀπὸ
1853 3227 1951 3298 τῆς

381 3291 608 3363 τελετῆς
638 3295 960 3364 ἀγιάζονται
990 3302 1190 3369 πάντες
1219 3308 1267 3359 ol
1298 3310 1494 3374 πιστοὶ,
1521 3291 1674 3382 δῆλον
1705 3315 1812 3368 ἀπὸ
1840 3291 1952 3372 τῶν

382 3383 731 3454 εἰρημένων·
764 3391 812 3442 εί
842 3391 898 3444 δὲ
928 3392 1024 3446 καὶ
1064 3395 1319 3465 πάντοτε,
1357 3400 1540 3472 ζητεῖν
1586 3405 1757 3470 ἀξιον.
1798 3409 1950 3464 Ἐπεὶ

381 3474 492 3570 γὰρ
511 3475 710 3570 δώρων
743 3481 860 3534 ἐστὶ
907 3488 1240 3558 προσαγωγὴ
1273 3490 1304 3558 ἡ
1349 3491 1652 3562 ἱερουργία,
1687 3495 1755 3550 τά
1800 3493 1949 3570 δῶρα

380 3565 439 3618 δὲ
469 3568 530 3620 οὐ
585 3570 817 3626 πάντοτε
875 3574 1044 3630 δεκτά
1097 3579 1251 3648 παρά
1288 3583 1366 3650 τῷ
1417 3584 1554 3654 θεῷ,
1584 3587 1700 3641 ἀλλ’
1739 3565 1950 3647 ἔστινᾶ

379 3657 468 3751 δια
496 3660 596 3730 τὴν
629 3666 896 3734 πονηρίαν
925 3667 1033 3722 τῶν
1065 3674 1475 3740 προσαγόντων,
1505 3679 1598 3731 καὶ
1633 3683 1945 3751 μισοῦνται,

381 3749 475 3801 καὶ
529 3751 984 3846 ἀποπέμπονται·
1019 3760 1115 3812 καὶ
1163 3763 1352 3817 τούτου
1402 3767 1594 3822 πολλαὶ
1636 3749 1748 3840 μὲν
1796 3749 1948 3846 παρά

379 3845 493 3904 τοῖς
523 3844 796 3912 παλαιοῖς,
835 3851 1027 3907 πολλαὶ
1046 3853 1102 3905 δὲ
1137 3857 1290 3924 παρά
1321 3860 1434 3920 τοῖς
1466 3860 1524 3913 ἐν
1551 3862 1737 3930 χάριτι
1782 3844 1946 3929 ζῶσιν

381 3937 434 3987 al
463 3938 785 4007 ἀποδείξεις,
817 3936 1070 4013 ζητῶμεν
1103 3948 1176 4016 μή
1209 3966 1338 4002 ποτε
1369 3953 1464 4006 καὶ
1502 3953 1678 4007 ταῦτα
1702 3956 1770 4008 τὰ
1798 3956 1946 4028 δῶρα

381 4030 554 4084 ἐνίοτε
607 4035 784 4106 μάτην
840 4040 1280 4110 ίερουργοῦνται,
1333 4045 1407 4117 μὴ
1461 4048 1822 4118 ἁγιαζόμενα,
1872 4053 1947 4116 ὡς

380 4120 601 4190 ἄδεκτα,
637 4128 779 4180 κατά
824 4129 926 4198 τὴν
973 4132 1313 4202 ἐπαγγελίαν
1343 4137 1443 4207 τῆς
1486 4139 1732 4210 τελετῆς,
1761 4142 1848 4205 ’ὡς
1880 4144 1947 4197 ἂν

378 4214 481 4267 οὐκ
509 4216 596 4269 ἀεὶ
636 4219 788 4289 παρά
822 4221 1040 4288 ἀγαθῶν
1089 4227 1318 4296 ἀνδρῶν,
1353 4230 1467 4284 ἀλλ’
1513 4231 1662 4286 ἐστιν
1711 4235 1799 4290 ὅτε
1851 4238 1944 4291 καὶ

379 4313 632 4382 πονηρῶν
658 4318 1100 4386 προσφερόμενα.
1132 4321 1254 4375 Ὅτι
1287 4323 1395 4392 γάρ
1422 4326 1450 4378 6
1481 4325 1613 4389 Θεὸς
1644 4329 1736 4381 καὶ
1773 4329 1945 4385 ταῦτα

472 4404 622 4475 δῶρα
656 4407 1082 4496 ἀποστρέφεται,
1107 4413 1236 4468 ὅταν
1257 4415 1286 4468 6
1311 4417 1600 4487 προσάγων
1654 4419 1852 4492 ἐναγὴς
1885 4419 1939 4496 ᾗ,

373 4493 550 4561 δῆλον,
583 4497 643 4561 ἐξ
669 4491 744 4552 ὧν
771 4501 804 4569 ή
859 4501 1153 4574 Ἐκκλησία
1185 4505 1342 4560 τοῦτο
1374 4511 1534 4565 ποιεί.
1568 4509 1676 4564 Kal.
1712 4513 1819 4584 γὰρ
1849 4491 1943 4580 ad;

378 4585 486 4643 οῐδε
511 4593 785 4664 θανάσιμα
813 4597 1248 4667 ἁμαρτάνοντας,
1265 4602 1363 4656 οὐκ
1392 4604 1458 4673 ἐᾷ
1485 4607 1553 4659 τὰ
1583 4606 1810 4662 τοιαῦτα
1833 4609 1938 4662 δω-

381 4686 669 4754 ροφορεῖν·
708 4687 812 4742 κᾶν
865 4692 1232 4762 τολμήσωσιν,
1268 4696 1328 4747 οὐ
1380 4697 1769 4768 παραδέχεται.
1824 4701 1943 4754 ἀλλ’

379 4775 671 4828 ἀποδιώκει
707 4779 844 4846 μετὰ
893 4781 1000 4834 τῶν
1046 4781 1255 4853 δώρων.
1301 4785 1439 4838 Ἀλλ’
1467 4788 1589 4840 ἐπεὶ
1629 4790 1689 4841 οὐ
1735 4791 1943 4854 πάντας

381 4867 504 4927 τοὺς
557 4867 832 4932 τοιούτους
883 4871 915 4940 ή
966 4872 1264 4943 Ἐκκλησία
1314 4869 1422 4928 οἶδε
1471 4875 1670 4942 καλῶς,
1725 4877 1840 4932 ἀλλ’
1893 4879 1942 4931 οί

380 4955 600 5021 πλείους
628 4959 971 5028 λανθάνουσι,
1001 4965 1095 5017 καὶ
1125 4965 1195 5018 τά
1222 4965 1369 5036 δῶρα
1400 4967 1579 5022 αὐτῶν
1601 4970 1634 5038 ή
1664 4968 1784 5022 θεία
1812 4970 1943 5040 τρά-

380 5050 522 5112 πεζα
551 5051 786 5119 δέχεται,
809 5055 861 5106 τί
893 5055 999 5125 χρὴ
1021 5057 1149 5126 περὶ
1179 5058 1401 5113 ἐκείνων
1434 5061 1544 5114 τῶν
1567 5060 1752 5131 δώρων
1778 5061 1941 5130 γινώ-

381 5159 571 5208 σκειν;
603 5139 751 5212 τΑροι
802 5145 1004 5199 ἄδεκτα
1054 5148 1203 5214 παρά
1248 5147 1326 5216 τῷ
1350 5147 1512 5218 ,Θεῷ,
1547 5150 1638 5202 καὶ
1665 5149 1942 5219 ἀγιασμοῢ

379 5233 580 5296 παντὸς
617 5234 838 5304 ἔρημας
895 5236 1004 5288 Καὶ
1052 5237 1101 5288 εἰ
1151 5237 1308 5289 τοῦτο
1342 5236 1542 5307 δοθείη,
1571 5238 1767 5308 ἄδηλον
1810 5238 1942 5291 πότε

376 5326 531 5392 ἆγια,
556 5325 650 5378 τοῦ
681 5327 884 5396 τρόπου
912 5327 1022 5380 τῶν
1049 5329 1431 5397 προσαγόντων
1467 5331 1542 5392 ὡς
1591 5328 1683 5382 ἐπὶ
1709 5330 1767 5382 τὸ
1798 5330 1948 5382 πλεῖ-

379 5434 506 5470 στον
560 5418 1060 5489 ἀμφιϐαλλομένου,
1111 5420 1143 5490 ἢ
1211 5421 1488 5485 παντελῶς
1551 5421 1940 5492 ἀγνοουμένου,

377 5511 474 5564 καὶ
525 5509 698 5574 οὕτως
729 5511 1163 5581 ἀμφιγνοοῦντας
1191 5514 1285 5567 καὶ
1311 5513 1483 5584 χωρὶς
1511 5515 1744 5579 πίστεως
1777 5532 1945 5586 προσ-

379 5601 710 5673 ερχομένους
759 5604 873 5665 τοῖς
898 5604 1218 5674 μυστηρίοις
1240 5605 1454 5676 ἀνάγκη
1490 5607 1655 5676 μηδὲν
1682 5609 1812 5678 παρ’
1841 5608 1942 5660 αὐ-

382 5694 487 5746 τῶν
524 5695 648 5757 τοὺς
699 5694 922 5758 πιστοὺς
956 5694 1304 5764 ὠφελεῖσθαι.
1347 5695 1414 5750 Τί
1464 5696 1557 5749 οὖν
1589 5699 1725 5767 πρὸς
1770 5697 1944 5754 ταῦτα

380 5785 525 5840 ἔστιν
549 5786 724 5839 εἰπεῖν
748 5805 762 5856 ;
796 5787 916 5842 Ὅτι
944 5789 1125 5860 διττῆς
1155 5787 1320 5861 οΰσης
1351 5789 1450 5858 τῆς
1470 5788 1575 5842 τῶν
1603 5789 1785 5860 δώρων
1811 5807 1942 5861 προ-

2063 575 2229 628 etiam
2265 574 2459 644 seipsis
2501 575 2544 629 si
2577 585 2758 629 essent
2819 589 2942 628 cum
2991 587 3240 644 corpore.
3271 571 3410 638 Quin
3462 571 3626 624 etiam

2061 668 2166 723 hoc
2207 668 2384 738 ipsum
2419 670 2594 723 solum
2652 670 2792 738 quod
2835 670 3041 723 scilicet
3081 677 3208 722 sunt
3252 666 3412 720 nuda:
3438 679 3632 731 corpo—

2061 778 2140 828 re,
2168 763 2331 816 edicit
2387 774 2446 817 ut
2470 764 2578 818 sint
2607 763 2777 816 multo
2807 762 3041 830 aptiores
3070 762 3132 814 ad
3161 758 3627 828 participationem

2063 857 2449 926 mysteriorum
2479 897 2494 922 ,
2535 873 2699 927 quam
2754 856 2868 909 ﬁeri
2925 863 3107 924 posset
3139 855 3184 908 si
3238 861 3422 908 essent
3474 862 3629 906 tectae

2063 963 2308 1019 corpore.
2329 949 2462 1004 Cum
2485 952 2628 1004 enim
2659 949 2766 1004 sint
2797 948 2904 1002 illic
2935 948 3114 1000 multa:
3146 947 3441 1000 ctdiversm
3473 959 3631 997 man-

2064 1041 2343 1106 siones,ut
2370 1043 2550 1096 omnis
2587 1042 2804 1095 virtutis
2837 1041 3028 1094 modus
3075 1039 3389 1103 honoretur,
3423 1035 3628 1091 ctnihil

2065 1131 2135 1184 sit
2189 1146 2294 1184 non
2329 1142 2737 1186 remuneralum
2780 1132 2920 1200 apud
2959 1132 3170 1200 justum
3221 1140 3273 1183 et
3307 1130 3626 1184 clementem

2059 1222 2301 1292 judicent
2337 1240 2350 1276 :
2387 1225 2847 1291 quemadmodum
2879 1222 2972 1292 qui
3005 1231 3132 1277 sunt
3169 1220 3423 1274 maximis
3478 1218 3626 1287 digni

2063 1312 2302 1382 prmmiis
2381 1322 2435 1366 et
2523 1312 2749 1382 perfecti
2829 1313 3190 1382 perfectaque
3276 1310 3628 1365 beatitudinis

2059 1398 2324 1463 beeredes,
2356 1397 2586 1464 Paulus,
2638 1411 2690 1454 et
2721 1401 2764 1455 si
2795 1401 2917 1469 quis
2975 1412 3057 1456 est
3090 1398 3386 1469 ejusmodi,
3413 1412 3472 1451 ea
3527 1412 3628 1458 pu-

2060 1490 2176 1545 rius
2241 1489 2497 1546 iruuntur
2555 1493 2831 1558 dissoluti,
2863 1508 3026 1563 quam
3086 1508 3207 1545 cum
3268 1492 3322 1544 in
3388 1493 3488 1544 hac
3519 1488 3625 1541 vita

2061 1581 2318 1636 aderant:
2359 1584 2430 1637 ita
2464 1583 2556 1652 qui
2595 1585 2897 1639 medioeres
2953 1583 3005 1637 in
3049 1587 3151 1638 hac
3208 1582 3391 1651 quiete
3455 1580 3628 1634 collo.

2060 1674 2188 1735 cati.
2231 1688 2327 1728 eos
2351 1681 2770 1729 consentaneum
2812 1683 2894 1729 est
2926 1673 3120 1727 melius
3167 1686 3225 1726 se
3255 1671 3621 1730 habere,eum

2061 1762 2188 1818 hinc
2211 1763 2561 1829 recesserint,
2602 1780 2765 1832 quam
2803 1765 2930 1817 dum
2974 1739 3166 1816 vivunt
3194 1776 3314 1814 eum
3369 1773 3622 1826 corpore.

2062 1854 2348 1909 Ostensum
2378 1863 2460 1908 est
2488 1862 2662 1908 autem
2718 1851 2862 1918 quod
2897 1852 3076 1906 omnis
3114 1850 3269 1920 quies
3315 1847 3622 1901 animarum

2062 1953 2116 1999 et
2144 1959 2304 2000 omne
2326 1945 2606 2013 praemium
2635 1945 2874 2007 virtutis,
2906 1945 3021 1997 sive
3057 1958 3308 2013 parvum,
3343 1943 3459 1994 sive
3515 1956 3630 1992 ma«

2063 2049 2251 2103 gnum,
2284 2049 2391 2087 non
2434 2035 2686 2089 estaliud
2721 2052 2885 2104 quam
2927 2035 3015 2090 hic
3043 2035 3201 2104 panis
3237 2042 3290 2088 et
3345 2033 3430 2087 hic
3461 2033 3624 2093 calix,

2063 2138 2181 2192 quae
2204 2124 2270 2177 ab
2301 2123 2570 2190 utrisQne,
2592 2125 2730 2178 vivis
2780 2128 3000 2190 inquam
3043 2133 3097 2178 et
3129 2123 3382 2186 mortuis,
3431 2136 3629 2176 conve-

2064 2213 2281 2267 nientcr
2337 2214 2755 2282 participantur.
2817 2214 3112 2282 Propterea
3166 2214 3312 2268 enim
3369 2212 3626 2267 Christus

2063 2320 2278 2375 quoque
2317 2311 2634 2360 sanctorum
2685 2305 2738 2357 in
2801 2303 2988 2358 futuro
3039 2303 3352 2356 fruitionem
3416 2317 3626 2356 cmnam

2060 2395 2294 2460 vocavit,
2331 2408 2390 2449 ut
2423 2395 2739 2450 ostenderet
2769 2394 2905 2448 nihil
2956 2393 3067 2448 illic
3102 2409 3226 2450 esse
3264 2404 3627 2464 praeterquam

2063 2499 2309 2540 mensam
2341 2502 2356 2540 :
2394 2487 2466 2540 ita
2499 2488 2662 2540 etiam
2692 2501 2788 2556 pro
2830 2483 3101 2540 deuinctis
3160 2483 3303 2538 sicut
3340 2493 3389 2536 et
3425 2499 3520 2553 pro
3551 2483 3631 2535 vi-

2059 2577 2162 2641 vis,
2199 2587 2283 2632 est
2312 2577 2558 2632 divinum
2575 2573 2944 2630 'Eueharistize
2995 2575 3323 2630 sacrificium
3360 2591 3374 2639 ;
3415 2584 3469 2628 et
3501 2589 3624 2626 eum

2058 2669 2370 2738 dupliciter,
2401 2677 2459 2723 ut
2481 2670 2688 2724 dictum
2722 2677 2826 2731 est,
2852 2667 3280 2726 sanctiﬁceutur.
3339 2665 3440 2733 ipsi
3476 2679 3629 2732 quo-

2059 2774 2162 2828 que
2192 2759 2404 2813 duobus
2435 2761 2614 2812 modis
2653 2760 3086 2822 sanetilieantur,
3133 2765 3185 2809 et
3215 2764 3409 2809 neutro
3464 2753 3628 2806 modo

2057 2861 2191 2908 sunt
2221 2850 2256 2904 ii
2289 2852 2382 2922 qui
2411 2854 2734 2920 migrarunt,
2759 2851 3015 2906 deteriori
3059 2846 3376 2903 conditione
3417 2845 3484 2900 iis
3527 2844 3622 2913 qui

2056 2944 2271 3010 Vivum,
2302 2943 2394 2998 sed
2427 2944 2613 3014 aliquo
2633 2945 2795 2998 modo
2818 2946 2980 2998 etiam
3003 2940 3238 2997 meliori.

2645 3035 2796 3090 CAP.
2848 3033 3033 3088 XLVI.

1979 3130 2024 3190 C
2059 3127 2330 3194 Quomodo
2365 3129 2546 3182 eadem
2573 3145 2774 3196 semper
2802 3127 2942 3181 dona
2976 3145 3006 3180 a
3036 3128 3139 3182 Deo
3167 3127 3362 3195 suscipi
3386 3129 3622 3195 possunt.

2126 3221 2260 3276 Illud
2310 3230 2489 3275 autem
2527 3223 2783 3290 deinceps
2811 3220 3240 3274 consideremus.
3289 3219 3446 3284 Quod
3477 3217 3622 3269 enim

2053 3329 2118 3369 ex
2151 3328 2310 3369 sacro
2344 3314 2603 3385 mysterio
2627 3327 2820 3368 omnes
2851 3311 3230 3366 saerilieantur
3267 3309 3478 3373 ﬁdeles,
3515 3309 3628 3362 cla-

2052 3426 2175 3466 rum
2215 3421 2294 3464 est
2341 3424 2406 3463 ex
2444 3408 2508 3460 iis
2542 3423 2662 3478 qucc
2713 3407 2856 3462 dicta
2907 3413 3052 3460 sunt.
3099 3405 3179 3457 An
3228 3410 3409 3457 autem
3459 3403 3622 3455 etiam

2052 3518 2292 3573 semper,
2315 3517 2495 3572 operaa
2527 3500 2760 3570 pretium
2787 3509 2870 3554 est
2893 3513 3157 3568 quaerere.
3182 3496 3448 3563 Quoniam
3474 3495 3622 3550 enim

2049 3596 2316 3651 donorum
2350 3605 2434 3648 est
2466 3595 2669 3648 oblatio
2703 3591 3058 3656 sacrificium,
3094 3593 3234 3644 dona
3278 3598 3460 3643 autem
3507 3602 3617 3641 non

2048 3701 2266 3756 semper
2295 3701 2325 3740 a
2357 3685 2466 3739 Deo
2500 3685 2899 3753 suscipiuntur,
2919 3683 3010 3738 sed
3037 3690 3165 3736 sunt
3190 3679 3473 3743 nonnulla,
3497 3692 3621 3746 qua:

2047 3786 2269 3848 propter
2299 3790 2483 3830 eorum
2521 3776 2613 3844 qui
2677 3773 2915 3829 oll‘erunt
2955 3771 3384 3842 improbitatem,
3415 3779 3466 3822 et
3491 3767 3618 3821 odio

2048 3867 2342 3928 habentur,
2375 3875 2429 3920 et
2457 3866 2816 3935 repudiantur
2843 3882 2858 3918 :
2889 3873 2942 3918 et
2964 3865 3147 3917 multm
3180 3870 3310 3916 sunt
3341 3861 3506 3930 hujus
3539 3861 3616 3912 rei

2049 3965 2102 4010 et
2133 3957 2275 4025 apud
2319 3965 2549 4018 veteres,
2577 3965 2631 4010 et
2658 3956 2798 4023 apud
2835 3968 2928 4008 eos
2963 3955 3050 4021 qui
3096 3954 3286 4005 vivunt
3318 3951 3370 4002 in
3402 3950 3572 4015 gratia
3601 3991 3615 4011 ,

2048 4047 2400 4116 probationes
2435 4061 2447 4097 :
2481 4059 2790 4114 qnazramus
2826 4043 3076 4112 nunquid
3119 4043 3231 4095 htee
3281 4041 3422 4092 dona
3474 4054 3614 4092 nen-

2049 4151 2330 4208 nunquam
2361 4135 2562 4190 frustra
2591 4134 3026 4196 sanetilieantur,
3063 4146 3171 4183 non
3201 4129 3528 4194 saeriticata,
3557 4139 3617 4183 ut

2047 4245 2168 4302 quae
2208 4244 2314 4283 non
2346 4227 2454 4283 sint
2485 4235 2730 4296 accepta,
2755 4235 2815 4280 ut
2848 4240 3064 4281 sacrum
3093 4224 3386 4295 proﬁtetur
3411 4233 3617 4292 myste-

2045 4324 2186 4378 rium
2212 4363 2226 4388 ,
2255 4331 2314 4375 ut
2348 4336 2470 4390 quae
2502 4334 2610 4373 non
2657 4333 2870 4388 semper
2901 4333 2928 4372 a
2963 4317 3096 4372 viris
3129 4316 3305 4379 bouis,
3340 4317 3432 4369 sed
3475 4331 3616 4369 nen-
3699 4321 3703 4324 ‘

2048 4429 2324 4484 nunquam
2354 4413 2516 4467 etiam
2540 4427 2571 4466 a
2593 4410 2750 4466 malis
2775 4409 3091 4467 offerantur.
3119 4410 3273 4476 Quod
3300 4410 3443 4462 enim
3472 4408 3615 4462 Deus

2051 4507 2214 4561 etiam
2246 4505 2364 4558 haec
2399 4503 2543 4558 dona
2575 4512 2880 4567 aversatur,
2917 4501 3135 4571 quando
3167 4501 3335 4555 fuerit
3374 4499 3613 4554 scelera-

2047 4607 2134 4654 tus
2172 4595 2219 4651 is
2245 4595 2335 4664 qui
2369 4593 2546 4659 offert,
2573 4588 2780 4649 eiaru’m
2809 4602 2889 4649 est
2922 4608 2987 4647 ex
3020 4611 3084 4649 eo
3113 4592 3256 4661 quod
3287 4590 3411 4645 fecit
3434 4589 3618 4643 Eccle-

2048 4689 2150 4743 sia.
2184 4685 2412 4754 Quando
2436 4684 2584 4740 enim
2620 4685 2772 4738 novit
2803 4683 2896 4754 qui
2931 4683 3186 4739 mortalia
3223 4690 3472 4750 peccant,
3505 4697 3611 4735 non

2046 4779 2178 4836 sinit
2210 4794 2302 4834 eos
2333 4779 2447 4833 hme
2472 4778 2615 4832 dona
2646 4775 2862 4840 offerre,
2893 4783 2966 4840 et,
3009 4775 3052 4828 si
3092 4774 3210 4826 ausi
3243 4772 3464 4833 fuerint,
3498 4787 3608 4825 non

2045 4871 2294 4941 suscipit,
2334 4869 2430 4925 sed
2477 4884 2572 4924 eos
2611 4883 2640 4922 a
2692 4866 2852 4923 donis
2903 4864 3141 4934 repellit.
3198 4861 3300 4916 Sed
3352 4865 3609 4934 quoniam

2046 4978 2238 5017 omnes
2274 4960 2406 5016 tales
2437 4969 2586 5015 recte
2625 4975 2735 5014 non
2771 4957 2919 5011 novit
2967 4955 3207 5009 Ecclesia
3235 4995 3249 5022 ,
3297 4956 3388 5009 sed
3423 4956 3612 5025 plures

2045 5054 2236 5119 latent,
2266 5062 2321 5108 et
2360 5067 2548 5107 eorum
2580 5057 2725 5107 dona
2776 5063 2930 5105 saera
2968 5063 3153 5102 mensa
3193 5049 3443 5120 suscipit,
3475 5051 3609 5120 quid

2046 5145 2250 5202 deillis
2286 5144 2446 5199 donis
2481 5151 2697 5214 oportet
2742 5140 3118 5197 statuere?an
3171 5143 3279 5194 Deo
3330 5159 3435 5196 non
3487 5159 3609 5197 esse

2045 5247 2287 5307 accepta,
2323 5245 2377 5290 et
2416 5235 2564 5292 omni
2596 5249 2716 5288 esse
2757 5232 3190 5288 sanctiﬁcatione
3219 5233 3515 5298 destituta?!
3543 5232 3608 5286 Et

2046 5331 2091 5384 si
2123 5329 2228 5384 hoc
2260 5330 2445 5384 datum
2481 5326 2662 5392 fuerit,
2695 5327 2958 5379 incertum
2989 5325 3208 5395 quando
3237 5333 3446 5384 saneta,
3482 5337 3606 5377 eum

2046 5423 2114 5477 de
2157 5422 2402 5475 moribus
2448 5433 2642 5474 eorum
2686 5416 2780 5486 qui
2815 5415 3072 5482 offerunt,
3103 5415 3187 5470 vel
3220 5422 3280 5468 ut
3311 5414 3609 5479 plurimum

2046 5513 2348 5579 dubitetur,
2397 5511 2476 5566 vel
2514 5511 2549 5564 ii
2587 5510 2811 5565 omnino
2853 5509 3172 5576 ignorentur
3203 5521 3219 5558 :
3251 5515 3304 5557 et
3339 5506 3411 5556 ita
3452 5503 3605 5560 haesi.

2049 5612 2246 5667 tantes,
2279 5610 2333 5656 et
2360 5601 2478 5656 sine
2517 5600 2620 5655 ﬁde
2652 5601 2716 5655 ad
2752 5607 3090 5653 sacramenta
3121 5594 3479 5654 accedentes.
3510 5612 3610 5653 ne-

2046 5706 2200 5747 cesse
2231 5700 2316 5746 est
2345 5691 2528 5747 lideles
2556 5691 2689 5744 nihil
2738 5689 2806 5741 ab
2851 5688 2931 5740 eis
2959 5684 3161 5755 juvari.
3190 5681 3330 5746 Quid
3379 5683 3445 5737 ad
3499 5687 3614 5745 hzec

2048 5801 2176 5857 ergo
2207 5784 2496 5841 dicendum
2529 5783 2650 5839 est?
2672 5780 2826 5846 Quod
2859 5794 2980 5832 cum
3016 5779 3083 5833 sit
3110 5775 3306 5844 duplex
3338 5777 3610 5835 donorum
