4158 6306
490 473 596 544 467

1714 480 2026 548 NICOLAI
2066 486 2460 552 CABASlL/E

3538 454 3547 465 ”
3610 468 3723 560 tua

490 599 718 662 oblatio,
761 600 931 669 prima
963 602 1180 673 quidem
1210 606 1330 675 eius
1361 609 1450 676 qui
1483 623 1545 662 ea
1589 608 1731 665 dona
1759 608 1940 669 de'ert
1984 616 2040 669 in

2154 610 2390 680 ιγωγῆς,
2459 611 2556 681 τῆς
2605 611 2706 681 μὲν
2740 612 2959 685 πρώτης
3011 614 3107 669 τοῦ
3137 615 3351 671 οῐκοθεν
3393 617 3532 669 αὐτὰ
3566 618 3722 684 κομί-

490 706 690 746 manus
728 692 1072 748 sacerdotum
1095 736 1109 761 ,
1143 698 1380 752 secunda
1431 706 1611 754 autem
1635 740 1649 765 ,
1684 700 1937 759 Ecclesiae
1990 707 2060 762 ad

487 781 699 850 Deum;
730 784 903 853 prima
924 786 1143 856 quidem
1169 789 1393 854 oblatio,
1425 791 1642 860 quando
1671 802 1756 847 est
1782 796 2060 865 improbus

489 873 583 944 qui
623 873 820 943 offert,
866 888 948 932 est
979 878 1181 945 inanis,
1221 889 1274 933 et
1315 881 1454 936 nihil
1497 881 1711 938 confert
1765 886 2017 943 oll‘crenti
2042 930 2057 954 ,

488 970 744 1036 quoniam
781 969 894 1039 ipse
923 979 1005 1025 est
1034 972 1228 1027 malus.
1257 974 1374 1027 Non
1410 976 1553 1030 enim
1583 992 1644 1031 ea
1673 993 1796 1048 qua:
1820 980 2060 1037 offerun-

487 1068 594 1126 tur,
631 1061 744 1131 ipsa
781 1077 875 1131 per
900 1078 957 1118 se
989 1073 1115 1117 sunt
1154 1065 1263 1120 Deo
1316 1068 1649 1124 exsecranda
1674 1071 1875 1141 (omnis
1912 1073 2057 1127 enim

487 1152 600 1206 Deo
634 1165 883 1209 creatura
922 1156 1062 1209 bona
1094 1157 1225 1227 est).
1282 1158 1535 1215 Secunda
1570 1172 1751 1216 autem
1785 1177 1905 1232 qua:
1936 1162 1993 1218 [it
2026 1178 2056 1218 a

483 1243 643 1300 bonis
670 1247 823 1307 viris.
861 1258 912 1302 et
941 1263 1037 1318 pro
1070 1248 1163 1305 Dei
1196 1252 1369 1320 gloria
1413 1261 1467 1308 et
1510 1263 1847 1322 sanctorum,
1884 1265 1938 1310 et
1970 1266 2054 1310 to-

483 1340 593 1392 tius
623 1340 769 1394 orbis
799 1341 996 1406 salute,
1027 1352 1081 1397 et
1113 1346 1297 1410 omni,
1344 1355 1406 1401 ut
1458 1348 1624 1403 semel
1676 1348 1877 1414 dicam,
1908 1345 2055 1411 iusta

481 1432 763 1499 petitione,
799 1428 940 1489 nihil
968 1444 1117 1491 vetat
1151 1437 1448 1507 quominus
1495 1439 1567 1495 sit
1616 1449 1863 1509 accepta.
1896 1438 2055 1495 Nulla

482 1521 627 1574 enim
659 1521 820 1577 donis
852 1523 1160 1593 inquinatio
1192 1526 1356 1581 allata
1384 1538 1467 1583 est
1491 1545 1522 1583 a
1545 1529 1796 1584 manibus
1818 1528 1938 1598 ejus
1960 1528 2056 1598 qui

483 1615 550 1669 ab
587 1614 745 1669 initio
773 1616 989 1683 obtulit,
1029 1618 1121 1673 sed
1156 1634 1291 1688 pura
1324 1620 1624 1684 manentia,
1657 1621 1820 1674 etiam
1856 1635 1886 1674 a
1927 1634 2057 1674 san-

480 1707 584 1761 ctis
633 1707 838 1775 oblata,
888 1719 944 1762 et
998 1710 1441 1779 sanctiﬁcantur,
1477 1720 1534 1765 ct
1583 1711 1931 1785 sanctiﬁcant
1958 1724 2055 1767 eos

480 1801 574 1868 qui
626 1803 913 1855 accedunt.
966 1798 1228 1857 ln-nullo
1272 1804 1418 1859 enim
1470 1804 1702 1859 rationis
1746 1803 2052 1874 expertium

480 1890 843 1945 animantium
884 1893 966 1948 vel
992 1892 1381 1960 animatorum,
1400 1903 1578 1963 potest
1604 1894 1843 1950 insidere
1872 1895 2052 1965 aliqua

480 1984 687 2053 peccati
724 1985 962 2039 macula.
990 1984 1285 2041 Peccatum
1309 1987 1456 2040 enim
1482 1995 1567 2041 est
1600 1986 1825 2041 morbus
1855 1987 2052 2040 volun-

480 2075 628 2140 tatis,
651 2085 705 2130 et
727 2079 899 2132 solum
931 2089 1017 2134 est
1039 2093 1231 2133 eorum
1262 2095 1380 2149 qua:
1404 2090 1533 2136 sunt
1562 2083 1773 2137 ratione
1806 2081 2050 2151 praedita,

481 2176 704 2234 peccato
745 2168 1040 2238 inquinari.
1083 2169 1194 2224 Cur
1222 2187 1375 2240 ergo,
1409 2171 1457 2226 si
1504 2188 1722 2240 semper
1750 2187 1885 2242 pura
1915 2178 2045 2226 sunt

481 2260 621 2312 dona
652 2275 773 2328 qua:
802 2276 832 2315 a
866 2261 1025 2316 malis
1055 2261 1382 2327 oﬂ‘eruntur,
1437 2277 1498 2318 ca
1540 2262 1623 2318 lex
1658 2262 1914 2318 Ecclesia:
1943 2278 2050 2317 non

482 2352 755 2421 suscipit?
801 2352 875 2408 Ut
915 2369 1008 2408 eos
1042 2354 1133 2424 qui
1192 2354 1446 2421 offerunt,
1496 2355 1809 2419 admoneat,
1857 2363 1916 2410 ut
1960 2369 2053 2409 co-

481 2453 752 2512 gnoscant
794 2445 1093 2499 maximam
1139 2443 1234 2500 Dei
1268 2446 1403 2499 iram
1438 2461 1602 2515 quam
1649 2446 1763 2515 ipse
1789 2446 2049 2510 ostendit,

481 2536 574 2605 qui
609 2537 777 2591 etiam
815 2547 1099 2592 creaturas
1130 2553 1260 2593 suas
1298 2539 1497 2607 quibus
1545 2551 1651 2591 non
1694 2538 1852 2592 habet
1902 2540 2049 2604 quod

479 2631 777 2700 quidquam
811 2631 1059 2699 corporis
1097 2631 1343 2701 obiiciat,
1376 2641 1600 2702 propter
1646 2633 1791 2702 ipsos
1832 2647 2052 2688 aversa-

481 2730 567 2777 tur
610 2732 664 2777 et
701 2724 862 2777 habet
902 2725 1029 2778 odio
1062 2741 1075 2778 :
1110 2732 1164 2777 et
1215 2739 1340 2779 cum
1388 2726 1503 2778 haec
1549 2724 1790 2780 intellexi
1809 2725 1943 2787 rint,
1978 2725 2044 2779 ti-

481 2824 688 2879 meant,
714 2823 768 2869 et
793 2815 957 2869 vitam
984 2815 1259 2884 corrigant
1279 2834 1294 2880 ;
1317 2815 1433 2886 ipsa
1463 2824 1644 2871 autem
1681 2819 1824 2872 dona
1846 2818 2051 2872 nullius

482 2906 599 2960 vitii
628 2906 980 2961 condemnat.
1019 2903 1312 2974 Propterea
1350 2908 1484 2962 nihil
1536 2908 1791 2978 prohibet
1833 2910 2048 2978 quomi-

483 3014 589 3055 nus
619 3016 680 3056 ca
727 3002 837 3056 sint
867 3010 1087 3071 accepta
1126 3010 1181 3056 et
1223 3002 1662 3066 sanctiﬁcentur,
1695 3017 1819 3057 cum
1851 3017 2051 3057 secun-

480 3088 603 3147 dam
636 3092 967 3147 oblationem
998 3093 1201 3148 faciant
1234 3094 1358 3149 boni
1393 3095 1514 3149 viri.
1537 3094 1643 3150 Sed
1675 3096 1874 3151 dixerit
1902 3097 2053 3167 quis-

481 3185 673 3250 piant:
710 3184 872 3252 Atqui
930 3199 1038 3239 non
1081 3200 1275 3241 omnes
1324 3186 1415 3257 qui
1464 3187 1732 3252 oﬂ'erunt,
1782 3196 1908 3243 sunt
1951 3186 2049 3242 viri

2164 699 2345 764 ζοντος
2374 703 2453 765 είς
2478 704 2579 766 τὰς
2625 703 2733 756 τῶν
2763 705 2951 776 ἱερέων
2995 708 3184 777 χεῖρας
3207 723 3222 738 ο
3254 708 3353 778 τῆς
3381 707 3439 760 δὲ
3470 708 3722 777 δευτέρας

2161 789 2262 859 τῆς
2305 791 2631 862 Ἐκκλησίας
2661 795 2798 866 πρὸς
2828 796 2919 851 τὸν
2947 798 3081 851 Θεὸν
3099 817 3113 830 α
3139 800 3172 868 ὴ
3197 802 3296 868 μὲν
3329 798 3523 871 πρώτη
3551 816 3724 868 προσ-

2161 884 2378 953 αγωγὴ,
2438 884 2566 939 ὅταν
2601 887 2837 958 πονηρὸς
2889 889 2918 941 ὀ
2968 890 3261 957 προσάγων
3296 885 3352 964 ᾖ,
3380 891 3602 961 ματαία,
3631 892 3726 945 καὶ

2160 973 2310 1026 οὐδὲν
2341 974 2512 1045 αὐτῆς
2539 976 2732 1046 ὄφελος
2762 977 2840 1047 τῷ
2873 981 3261 1049 προσῳέροντι,
3290 981 3378 1033 διὰ
3404 981 3466 1033 τὸ
3490 983 3724 1052 πονηρὸν

2160 1064 2324 1139 αὐτὸν
2373 1061 2553 1120 εἶναι’
2611 1068 2672 1122 ού
2706 1069 2814 1139 γὰρ
2846 1070 2911 1141 δὴ
2962 1072 3031 1124 τὰ
3064 1073 3458 1142 προσαγόμενα
3490 1074 3627 1126 αὐτὰ
3654 1075 3725 1127 δι’

2160 1153 2329 1206 ἑαυτά
2362 1156 2510 1225 παρά
2540 1156 2616 1226 τῷ
2642 1157 2758 1227 Θεῷ
2793 1158 3060 1228 βδελυκτά
3106 1162 3208 1231 (ὅτι
3244 1164 3354 1215 πᾶν
3391 1163 3594 1231 κτίσμα
3625 1162 3721 1216 τοῦ

2158 1244 2293 1298 Θεοῦ
2329 1245 2537 1317 καλόν)·
2569 1250 2669 1319 τὴν
2706 1251 2763 1303 δὲ
2791 1251 3050 1323 δευτέραν
3076 1255 3230 1324 παρᾶ
3260 1255 3484 1323 ἀγαθῶν
3514 1254 3727 1325 ἀνδρῶν

2159 1337 2475 1407 γινομένην,
2510 1339 2605 1393 καὶ
2635 1340 2778 1413 ὑπὲρ
2816 1343 2918 1413 τῆς
2969 1345 3064 1398 τοῦ
3097 1344 3233 1398 Θεοῦ
3281 1345 3462 1417 δόξης,
3488 1347 3583 1399 καὶ
3614 1347 3724 1400 τῶν

2157 1427 2351 1496 ἁγίων,
2385 1428 2479 1483 καὶ
2504 1431 2603 1497 τῆς
2637 1433 2911 1504 σωτηρίας
2950 1435 3048 1504 τῆς
3078 1436 3470 1506 οίκουμενικῆς
3499 1436 3595 1489 καὶ
3618 1437 3724 1489 πά-

2160 1538 2259 1591 σης
2290 1520 2474 1584 ἁπλῶς
2499 1521 2713 1588 δικαίας
2742 1527 3031 1595 αἰτήσεως,
3061 1527 3215 1581 οὐδὲν
3231 1529 3434 1582 κωλύει
3480 1523 3719 1599 εὐπρόσο

2155 1610 2345 1667 ὃεκτον
2379 1610 2566 1681 εἶναι.
2600 1616 2675 1670 Ού
2744 1618 2851 1688 γὰρ
2885 1618 3104 1689 ὲνετὲθη
3149 1637 3235 1684 τις
3285 1619 3566 1690 μολυσμὸς
3612 1623 3723 1679 τοῖς

2157 1702 2349 1776 δώροις
2382 1705 2490 1760 ἀπὸ
2517 1706 2625 1761 τῶν
2661 1708 2861 1778 χειρῶν
2890 1709 2986 1762 τοῦ
3020 1711 3078 1776 ἐξ
3110 1709 3287 1781 ἀρχῆς
3335 1711 3476 1764 αὐτὰ
3519 1727 3725 1782 προσε-

2156 1795 2468 1865 νεγκόντος,
2494 1798 2628 1852 ἀλλά
2661 1799 2881 1869 καθαρά
2913 1801 3170 1869 μένοντα,
3191 1802 3288 1855 καὶ
3326 1803 3430 1855 ὑπ’)
3466 1801 3726 1872 καθαρῶν

2157 1889 2568 1959 ἀναφερόμενα,
2616 1890 2713 1942 καὶ
2760 1890 3102 1957 ἀγιάζονται,
3134 1893 3225 1945 καὶ
3257 1892 3547 1960 ἀγιάςουσι
3596 1893 3724 1956 τοὺς

2157 1983 2661 2052 προσερχομένους.
2705 1983 2794 2035 Ἐν
2823 1983 3002 2037 οὐδενὶ
3045 1985 3157 2054 γὰρ
3185 1983 3295 2037 τῶν
3320 1984 3530 2051 ἀλόγων
3556 1984 3588 2053 ἧ
3616 1984 3725 2037 τῶν

2153 2072 2381 2143 ἀψύχων
2412 2073 2662 2144 ῥυπαρία
2685 2091 2769 2136 τις
2810 2077 2910 2144 τῆς
2949 2073 3225 2147 ἁμαρτίας
3255 2077 3543 2144 ἐντεθῆναι
3566 2076 3724 2129 δύνα-

2153 2180 2245 2217 ται
2267 2180 2281 2193 ·
2313 2164 2394 2216 ὅτι
2441 2166 2475 2236 ἡ
2518 2165 2766 2235 ἁμαρτία
2800 2164 3175 2236 προαιρέσεώς
3205 2166 3324 2218 ἐστι
3354 2165 3589 2235 νόσημα,
3628 2166 3722 2218 καὶ

2156 2254 2334 2326 μόνων
2365 2255 2432 2310 ἂν
2477 2257 2565 2327 εῐη
2608 2256 2717 2311 τῶν
2750 2257 2989 2323 λογικῶν
3039 2258 3097 2311 τὸ
3146 2258 3253 2311 ἀπὸ
3293 2256 3394 2326 τῆς
3439 2257 3720 2327 ἁμαρτίας

2156 2346 2506 2416 μολύνεσθαι.
2532 2350 2598 2402 Τί
2621 2350 2716 2403 οὖν
2742 2389 2757 2415 ,
2789 2352 2839 2404 εἰ
2868 2351 2956 2404 ἀεὶ
2982 2351 3201 2423 καθαρά
3222 2351 3288 2404 τὰ
3307 2350 3454 2421 δῶρα
3480 2352 3547 2403 τὰ
3573 2352 3723 2421 παρὰ

2150 2439 2260 2491 τῶν
2292 2439 2547 2510 πονηρῶν
2571 2438 2990 2512 προσαγόμενα,
3019 2445 3047 2497 ὁ
3069 2444 3235 2513 νόμος
3264 2443 3363 2513 τῆς
3395 2442 3719 2510 Ἐκκλησίας

2152 2531 2212 2585 οὗ
2258 2532 2666 2603 παραδέχεται;
2714 2536 2830 2588 Ἵνα
2878 2535 3004 2597 τοὺς
3050 2535 3430 2606 προσάγοντας
3464 2535 3717 2605 ἐντρέψῃ,

2154 2624 2243 2678 ἵνα
2272 2624 2483 2694 μάθωσι
2517 2627 2613 2697 τῆς
2647 2626 2740 2679 τοῦ
2769 2626 2903 2680 Θεοῦ
2935 2626 3128 2697 ὀργῆς,
3161 2628 3228 2699 ἢν
3264 2628 3446 2690 αὐτοῖς
3469 2628 3715 2698 ἐμήνισε,

2150 2716 2252 2788 τὴν
2289 2716 2617 2788 ὑπερϐολὴν,
2648 2717 2705 2782 ὃς
2736 2718 2831 2771 καὶ
2859 2718 2927 2772 τὰ
2957 2719 3121 2772 αὑτοῦ
3152 2720 3428 2788 κτίσματα
3461 2715 3537 2780 οἷς
3564 2718 3717 2771 οὐδὲν

2152 2807 2405 2875 ἐγκαλεῖν
2431 2807 2566 2877 ἔχει,
2600 2808 3042 2877 ἀποστρέφεται,
3078 2807 3174 2860 καὶ
3207 2808 3360 2878 μισεῖ
3383 2823 3395 2836 ο
3425 2808 3516 2862 καὶ
3545 2808 3716 2860 ταῦτα

2154 2899 2436 2967 μαθόντες,
2490 2900 2770 2969 φοϐηθῶσι
2821 2902 2914 2955 καὶ
2952 2898 3350 2970 διορθώσωνται
3406 2902 3514 2953 τὶν
3555 2900 3666 2969 βίον
3699 2913 3716 2928 ⁸

2152 2993 2334 3047 αὐτῶν
2358 2992 2415 3046 δὲ
2438 2993 2548 3045 τῶν
2570 2992 2759 3062 δώρων
2779 2993 3045 3063 οὐδεμίαν
3062 2992 3465 3061 καταγινώσκει
3494 2994 3712 3046 κακίαν.

2152 3090 2250 3143 Διὰ
2279 3087 2439 3142 τοῦτο
2491 3088 2647 3142 οὐδὲν
2694 3088 2895 3141 κωλύει
2925 3089 3091 3144 δεκτά
3123 3089 3369 3158 γίνεσθαι
3419 3088 3590 3143 ταῦτα
3624 3090 3718 3142 καὶ

2153 3180 2474 3250 ἁγιάζεσθαι
2508 3179 2608 3250 τὴν
2645 3179 2907 3248 δευτέραν
2960 3182 3329 3252 προσαγωγὴν
3376 3180 3719 3247 ποιουμένων

481 3276 627 3335 boni.
671 3274 765 3331 sed
814 3274 1061 3330 nonnulli
1108 3276 1271 3331 etiam
1320 3277 1572 3332 laborant
1623 3288 1871 3334 extremo
1930 3281 2044 3335 vitii

2154 3273 2358 3341 ἀνδρῶν
2383 3271 2624 3339 ἀγαθῶν.
2666 3272 2804 3328 Ἀλλ’
2832 3274 2978 3326 εἴποι
3000 3290 3082 3335 τις
3111 3273 3198 3340 ἂν,
3224 3274 3337 3326 Καὶ
3364 3273 3474 3343 μὴν
3494 3275 3555 3327 οὐ
3586 3274 3717 3325 πάνυ

481 3368 674 3423 morbo
704 3386 717 3421 :
754 3368 896 3422 unde
925 3367 992 3422 ad
1025 3368 1272 3423 eamdem
1305 3368 1703 3424 dubitationem
1745 3381 1931 3425 nostra
1961 3386 2048 3425 rc-

481 3458 559 3513 dit
590 3460 786 3514 oratio.
833 3460 1065 3526 Quando
1106 3459 1249 3514 enim
1302 3468 1565 3530 utrosque
1613 3462 1892 3525 oblatores
1943 3460 2053 3517 Deo
2102 3534 2103 3537 η

480 3569 601 3609 esse
644 3554 852 3609 invisos
892 3554 1177 3624 contigerit
1213 3553 1504 3624 (contingit
1542 3555 1736 3622 enim),
1776 3555 2050 3608 undenam

480 3646 640 3701 donis
669 3646 893 3702 accedet
924 3656 979 3701 ut
1010 3646 1120 3700 Deo
1149 3655 1299 3716 grata
1336 3646 1448 3700 sint
1478 3656 1531 3700 et
1558 3654 1814 3715 accepta.
1843 3657 1894 3701 et
1929 3663 2054 3700 san~

481 3749 565 3795 cla
593 3748 646 3793 et
683 3737 1112 3794 sanetilicantia?
1152 3738 1473 3807 Nusquam;
1520 3738 1610 3792 sed
1656 3748 1785 3793 tunc
1832 3739 2050 3807 quidem

483 3846 608 3886 vere
651 3838 870 3900 accepta
918 3846 1023 3886 non
1076 3840 1225 3886 sunt.
1272 3829 1416 3884 Sunt
1468 3839 1652 3885 autem
1704 3831 1908 3890 dubia.
1984 3847 2050 3885 en

480 3923 627 3992 quod
670 3924 736 3978 de
782 3924 1030 3979 moribus
1075 3938 1263 3977 eorum
1317 3924 1409 3993 qui
1459 3923 1693 3978 offerunt
1736 3934 1790 3978 et
1843 3924 2055 3979 sacriﬁ-

481 4026 628 4079 cant,
672 4015 974 4070 dubitatur.
1015 4033 1033 4066 ι
1072 4015 1243 4070 Nemo
1272 4015 1449 4079 enim,
1483 4015 1680 4085 inquit,
1708 4024 1859 4070 certo
1904 4015 2054 4069 ιιοι-ἰι

481 4120 604 4175 quae
645 4113 774 4160 sunt
822 4105 1083 4168 hominis,
1114 4104 1217 4160 nisi
1248 4105 1476 4174 spiritus
1503 4106 1596 4175 qui
1627 4114 1709 4159 est
1740 4107 1796 4157 in
1838 4105 1989 4172 ipso;
2028 4123 2045 4156 ι

483 4206 539 4250 et
585 4197 659 4250 ita
707 4195 877 4250 multa
918 4206 1003 4251 est
1039 4196 1183 4251 circa
1228 4210 1444 4249 sacrum
1493 4195 1811 4264 mysterium
1860 4196 2049 4247 inlide-

483 4287 608 4342 litas
648 4296 700 4342 et
747 4287 1040 4351 dubitatio,
1080 4286 1353 4341 ccrtitudo
1392 4295 1574 4341 autem
1635 4302 1942 4355 nusquam,
2000 4296 2051 4340 et

484 4386 804 4433 sanctorum
835 4377 1182 4445 participatio
1206 4376 1342 4430 nihil
1380 4377 1626 4446 proderit
1659 4376 1925 4437 ﬁdelibus,
1958 4378 2048 4446 qui

485 4471 604 4525 sine
648 4468 753 4521 ﬁde
795 4467 1138 4535 participant.
1183 4468 1310 4520 llaec
1352 4466 1552 4520 dixerit
1595 4476 1650 4520 et
1698 4466 2048 4532 dubitat-erit,

484 4562 531 4615 si
575 4560 700 4630 quis
745 4569 897 4628 putat
945 4557 1120 4626 ipsum
1183 4557 1525 4612 sacerdotem
1593 4572 1713 4614 esse
1764 4559 2045 4613 dominum

486 4654 679 4708 horum
726 4653 994 4707 donorum
1059 4650 1398 4715 oblationis,
1448 4651 1542 4706 sed
1606 4667 1712 4706 non
1778 4661 1880 4706 est.
1943 4653 2046 4707 Sed
2080 4692 2125 4747 υ

484 4745 630 4815 quod
675 4760 863 4799 eorum
915 4743 1135 4812 quidem
1193 4742 1522 4798 oblationem
1580 4744 1799 4813 proprie
1846 4744 2047 4809 cllicit,

485 4847 568 4892 cst
614 4838 787 4906 gratia
830 4834 1204 4891 sanctilicans.
1282 4834 1396 4888 Hoc
1458 4835 1605 4889 enim
1666 4844 1749 4891 est
1806 4837 2049 4890 oblatum

484 4944 627 4994 esse,
672 4944 793 4984 esse
836 4928 1258 4983 sanctiﬁcatum.
1304 4925 1409 4992 Qui
1452 4937 1633 4982 autem
1668 4928 1915 4997 quotidie
1960 4945 2047 4982 sa-

483 5021 712 5085 crificat,
764 5030 849 5075 est
895 5020 1046 5075 illius
1094 5020 1364 5076 minister.
1404 5019 1548 5074 Nihil
1589 5021 1729 5075 enim
1773 5021 1935 5075 domo
1971 5019 2052 5074 af-

480 5109 612 5169 fert,
662 5124 837 5178 neque
866 5110 1070 5178 aliquid
1099 5110 1262 5165 audet
1305 5109 1488 5166 facere
1531 5111 1611 5165 vel
1642 5110 1826 5165 dicere
1859 5126 1926 5165 ex
1951 5128 2049 5166 suo

482 5199 689 5269 judicio
733 5200 817 5253 vel
862 5201 1092 5265 ratione,
1137 5201 1230 5255 sed
1262 5202 1349 5255 illa
1390 5202 1568 5256 solum
1611 5218 1732 5270 quae
1774 5202 1923 5257 illinc
1952 5218 2049 5256 ac-

487 5294 653 5363 cepit,
695 5293 810 5347 sive
861 5309 949 5349 res
991 5303 1094 5356 est,
1144 5295 1258 5349 sive
1301 5310 1505 5359 sermo,
1553 5293 1669 5348 sive
1707 5294 1930 5361 factum,
1982 5312 2048 5349 eo

486 5401 596 5454 quo
620 5385 810 5454 jussus
843 5393 925 5439 est
956 5387 1118 5441 modo
1146 5385 1398 5451 Oilei-ens,
1448 5388 1555 5441 Deo
1600 5385 1778 5440 reddit
1817 5401 1833 5450 ;
1873 5400 1927 5441 ct
1974 5386 2046 5442 ita

488 5480 653 5543 dona,
700 5493 821 5548 quae
851 5489 1014 5549 prout
1045 5480 1093 5533 ei
1127 5479 1323 5548 placet.
1375 5479 1485 5534 Deo
1528 5493 1742 5553 semper
1773 5479 2044 5543 oll‘erunt,

489 5584 711 5641 necesse
755 5581 838 5626 cst
892 5585 1108 5640 semper
1153 5571 1202 5625 ei
1262 5586 1384 5625 esse
1437 5581 1677 5639 accepta.
1742 5570 1881 5636 Quid
1932 5582 2044 5626 tum

488 5659 659 5723 enim,
708 5661 753 5717 si
798 5661 846 5716 is
887 5663 981 5731 qui
1023 5661 1199 5724 oll'ert,
1235 5650 1288 5713 in
1321 5660 1389 5714 iis
1422 5677 1542 5729 qua:
1576 5661 1640 5714 ad
1679 5678 1737 5717 se
1780 5664 2049 5731 pertinent

489 5751 666 5805 malus
704 5754 822 5806 cst?
851 5752 1003 5807 Illius
1032 5753 1176 5807 enim
1225 5751 1543 5819 improbitas
1572 5751 1735 5808 donis
1783 5755 1919 5809 nihil
1948 5756 2014 5809 ad
2033 5786 2046 5796 -

488 5840 626 5908 jicit,
676 5858 854 5912 neque
904 5845 1081 5899 reddit
1123 5845 1452 5901 oblationem
1508 5848 1851 5913 deteriorem,
1907 5849 2050 5901 sicut

493 5943 596 5987 nec
626 5933 1076 5991 medicamentum
1118 5938 1355 5995 salutare
1394 5955 1512 5996 esse
1541 5941 1872 6006 prohibetur.
1903 5942 2047 6005 quod

2156 3383 2245 3428 τες
2269 3367 2317 3417 οἱ
2344 3365 2710 3436 προσάγοντες
2751 3366 2915 3436 ἱερεῖς
2948 3366 3167 3434 ἀγαθοὶ,
3193 3366 3306 3421 ἀλλ’
3334 3366 3471 3420 ἔνιοι
3501 3370 3595 3419 και
3618 3384 3719 3418 πε,-

2154 3458 2346 3527 νηρίαν
2381 3457 2596 3511 νοσοῦσι
2632 3458 2729 3523 τὴν
2780 3461 3056 3528 ἐσχάτην·
3105 3462 3229 3515 ὅθεν
3268 3461 3349 3524 είς
3401 3460 3499 3528 τὴν
3546 3460 3718 3520 αὐτὴν

2153 3550 2387 3621 ἀπορίαν
2421 3547 2769 3620 περίΐσταται
2800 3552 2828 3603 ὁ
2858 3551 3014 3619 λόγος
3043 3553 3194 3618 ἡμῖν.
3231 3552 3397 3606 Ὅταν
3439 3552 3549 3621 γὰρ
3581 3552 3718 3620 τύχῃ

2155 3642 2245 3695 καὶ
2280 3642 2626 3711 ἀμφοτέρους
2652 3642 2781 3704 τοὺς
2815 3641 3207 3711 προσαγωγέας
3235 3639 3375 3696 εἶναι
3399 3640 3719 3703 θεοστυγεῖς

2156 3732 2452 3803 (ἐνδέχεται
2478 3733 2605 3803 γὰρ)
2642 3732 2808 3786 πὸοεν
2836 3735 3070 3802 ὑπάρξει
3096 3735 3205 3796 τοῖς
3240 3732 3437 3803 δώροις
3465 3732 3542 3801 τῷ
3575 3726 3717 3784 εῖναι

2154 3798 2273 3894 Θειῖξ
2300 3798 2709 3895 κεχαρισμένα,
2748 3827 2842 3878 καὶ
2889 3798 3073 3891 δεκτά,
3102 3826 3196 3879 καὶ
3223 3798 3376 3893 ἅγια,
3418 3798 3526 3879 καὶ-
3553 3824 3715 3890 ἁγια-

2154 3916 2341 3979 auxi;
2373 3914 2686 3984 Οὑδαμὸθεν
2708 3933 2719 3945 ·
2750 3915 2886 3969 ἀλλά
2931 3915 3051 3983 τότε
3086 3915 3186 3984 μὲν
3234 3913 3453 3978 ἀληθῶς
3493 3913 3714 3967 ἀδεκτσ..

2167 4009 2277 4062 Ἀεὶ
2307 4008 2364 4062 δὲ
2392 4009 2692 4078 ἀμφίϐολα,
2720 4007 2806 4061 διὰ
2852 4009 2910 4061 τὸ
2960 4006 3402 4076 ἀμφιϐάλλεσθαι
3434 4006 3562 4068 τοὺς
3591 4004 3719 4075 τρό-

2154 4120 2286 4164 πους
2316 4101 2425 4153 τῶν
2479 4102 2935 4171 δωροφορούντων
2962 4099 3105 4154 αὐτὰ
3132 4101 3225 4152 καὶ
3258 4097 3714 4166 ἱερουργούντων.

2158 4211 2177 4245 ι
2225 4194 2408 4257 Οὐδεὶς
2442 4196 2550 4264 γὰρ
2582 4193 2813 4262 βεϐαίως
2843 4188 2971 4257 οἶδε,
3003 4193 3158 4263 φησὶ,
3180 4191 3249 4245 τὰ
3280 4191 3375 4244 τοῦ
3404 4189 3714 4261 ἀνθρώπου,

2153 4287 2200 4338 εἰ
2231 4286 2305 4353 μὴ
2339 4286 2397 4338 τὸ
2426 4287 2482 4337 ἐν
2529 4283 2679 4354 αὐτῷ
2711 4282 2927 4351 πνεῦμα
2951 4300 2963 4311 ·
3013 4300 3032 4333 ι
3076 4283 3170 4334 καὶ
3216 4280 3361 4335 οὕτω
3407 4280 3578 4348 πολλὴ
3614 4278 3718 4347 μὲν

2153 4378 2281 4447 περὶ
2304 4376 2400 4446 τὴν
2449 4377 2675 4443 τελετὴν
2732 4376 2977 4441 ἀπιστία,
3035 4376 3131 4428 καὶ
3171 4374 3510 4444 ἀμφιϐολία·
3547 4371 3606 4426 τὸ
3658 4370 3719 4425 δὲ

2154 4469 2366 4540 βέϐαιον
2396 4469 2637 4539 οὐδαμοῦ
2660 4484 2675 4499 ⁶
2703 4469 2797 4522 καὶ
2827 4471 2860 4538 ἡ
2892 4467 3196 4537 μετάληψις
3232 4468 3340 4519 τῶν
3370 4466 3541 4534 ἁγίων
3563 4465 3717 4517 οὐδὲν

2154 4563 2348 4630 ost-:10;
2397 4561 2534 4614 οἴσει
2569 4563 2682 4624 τοῖς
2730 4563 2942 4622 πιστοῖς
2998 4559 3490 4629 μεταλαμϐάνουσι
3543 4558 3718 4627 χωρὶς

2153 4659 2411 4719 πίστεως.
2462 4654 2649 4708 Ταῦτα
2703 4655 2850 4707 είποι
2893 4655 2985 4706 καί
3029 4652 3335 4722 ἀπορήσειν
3389 4648 3588 4716 ἆν,εἱή
3633 4667 3719 4708 τ.;

2152 4748 2324 4800 οἴεται
2385 4747 2476 4799 τὸν
2537 4746 2686 4816 ἱερέα
2735 4745 2897 4798 αὑτὸν
2952 4739 3093 4797 εἶναι
3131 4744 3222 4796 τὸν
3261 4743 3450 4812 κύριον
3476 4743 3573 4804 τῆς
3608 4741 3723 4799 τῶν

2153 4839 2342 4909 δώρων
2374 4837 2581 4892 τούτων
2622 4837 3027 4907 προσαγωγῆςο
3063 4841 3165 4889 οὐκ
3203 4836 3321 4889 ἔστι
3365 4837 3463 4895 δέι
3489 4836 3623 4895 ἀλλὰ
3657 4840 3723 4892 τὸ

2157 4931 2255 5000 μὲν
2281 4929 2379 4999 τὴν
2406 4928 2775 4999 προσαγωγὴν
2822 4928 3003 4980 αὐτῶν
3031 4927 3239 4998 κυρίως
3266 4929 3654 5004 ἔργαξόμενον,
3684 4935 3720 5003 ἡ

2154 5018 2311 5092 χάρις
2338 5022 2485 5074 ἐστὶν
2533 5022 2566 5090 ἡ
2611 5021 2933 5088 ἁγιάζουσα.
2967 5020 3142 5078 Τοῦτο
3170 5026 3280 5096 γάρ
3310 5029 3425 5079 ἐστι
3454 5043 3722 5094 προσενε-

2152 5114 2348 5184 χθῆναι
2376 5113 2538 5178 αὐτὰ,
2559 5112 2621 5164 τὸ
2660 5112 2995 5186 ἁγιασοῆναι
3022 5132 3035 5145 °
3068 5119 3095 5170 ὀ
3123 5116 3167 5168 δ’
3208 5117 3468 5169 ἑκάστοτε
3508 5118 3723 5184 ἱερουρ-

2152 5206 2288 5274 γῶν,
2339 5204 2619 5274 ὑπηρέτης
2657 5206 2803 5260 ἐστὶν
2843 5209 3077 5278 ἐκείνης.
3133 5209 3389 5278 Εἰσφέρει
3430 5209 3535 5274 γὰρ
3567 5208 3721 5259 οὐδὲν

2152 5298 2387 5366 οἴκοθεν,
2420 5298 2598 5353 ούὸἐτι
2635 5300 2809 5371 τολμᾷ
2841 5304 3014 5354 ποιεῖν
3044 5301 3075 5370 ἣ
3124 5300 3305 5367 λέγειν
3334 5298 3444 5352 ἀπὸ
3474 5298 3567 5367 τῆς
3591 5299 3723 5349 ἐαυ-

2151 5392 2246 5446 τοῦ
2280 5394 2541 5464 κρίσεως,
2571 5396 2663 5446 καὶ
2688 5393 2800 5446 τῶν
2828 5392 3106 5460 λογισμῶν
3131 5407 3144 5421 ’
3171 5392 3286 5445 ἀλλ’
3324 5394 3509 5444 ἐκεῖνα
3555 5390 3721 5459 μόνον

2152 5482 2188 5536 ἃ
2219 5484 2531 5552 παρέλαϐεν
2559 5483 2789 5549 ἐκεῖθεν,
2818 5485 2926 5536 εἴτε
2950 5482 3183 5554 πρᾶγμά
3207 5486 3375 5549 ἐστιν,
3406 5484 3514 5536 εἴτε
3536 5481 3717 5547 λόγος,

2154 5560 2262 5625 εἴτε
2294 5572 2476 5643 ἔργον,
2507 5574 2648 5627 κατὰ
2676 5574 2765 5628 τὸν
2794 5576 3014 5645 τρόπον,
3043 5575 3101 5627 ὃν
3130 5573 3450 5643 ἐκελεύσθη,
3481 5572 3719 5638 κομίσας

2154 5666 2448 5720 ἀποδίδωσι
2481 5667 2558 5736 τῷ
2586 5667 2704 5737 Θεῷ
2732 5683 2747 5697 ·
2782 5670 2874 5721 καὶ
2901 5666 3043 5719 οὕτω
3064 5666 3132 5719 τὰ
3165 5665 3313 5734 δῶρα
3337 5666 3478 5719 κατὰ
3500 5665 3560 5717 τὸ
3582 5664 3715 5732 ἀρε-

2156 5776 2286 5811 σκον
2331 5759 2408 5828 τῷ
2454 5759 2611 5831 Θεῷ·
2643 5761 2731 5814 ἀεὶ
2776 5759 3215 5830 προσφερόμενα,
3249 5756 3462 5825 ἀνάγκη
3504 5757 3719 5824 ἀρεστὰ

2156 5850 2306 5917 αύτῷ
2334 5851 2429 5904 καὶ
2458 5851 2545 5904 ἀεὶ
2576 5851 2743 5903 δεκτὰ
2768 5849 2931 5904 εἶναι.
2959 5851 3022 5903 Τί
3053 5851 3158 5920 γὰρ
3191 5850 3241 5902 εί
3264 5848 3333 5903 τά
3366 5848 3486 5901 καθ’
3516 5847 3719 5900 ἑαυτὸν

2158 5942 2363 6011 φαῦλός
2392 5944 2540 5998 ἐστιν
2567 5945 2593 5997 ὁ
2623 5943 2897 6011 κομίζωπη
2929 5946 3004 5997 Οὐ
3034 5944 3142 6009 γὰρ
3173 5940 3525 6009 προστίθησιν
3560 5939 3718 5994 οὐδὲν
