4132 6308
339 371 446 441 469

1488 386 1491 387 ⁷
1530 392 1933 456 ιιτυιιϐιιε
1973 398 2420 462 EXPOSITIO.

3483 405 3592 471 4'10

339 492 373 569 ἢ
407 490 683 572 φαυλότης
726 501 939 558 ἐκείνου
991 508 1105 571 τοῖς
1148 507 1526 580 δώροις.ὀῦδὲ
1561 514 1733 583 χείρω
1768 517 1901 568 ποιεῖ

2017 519 2248 589 simplex
2302 528 2357 575 et
2406 520 2594 588 idiota,
2628 528 2682 575 et
2726 522 2820 592 qui
2865 534 3039 581 artem
3073 523 3214 579 nihil
3260 524 3439 591 callet,
3485 524 3590 581 hoc

337 592 440 664 τὴν
482 600 882 668 προσαγωγὴν*
927 599 1119 672 ὥσπερ
1158 603 1279 655 οὐδὲ
1330 606 1574 676 ἰατρικὸν
1614 609 1909 676 φάρμακον

341 685 618 741 κωλύεται
646 684 781 743 εἶναι
823 691 1088 760 ὑγιεινὸν,
1119 693 1202 748 ὅτι
1236 697 1450 767 ἰδιώτης
1481 698 1790 768 ἄνθρωπος,
1818 702 1910 754 καὶ

343 776 445 845 τῆς
478 777 666 848 τέχνης
690 781 843 834 οὐδὲν
877 783 1085 839 ἐπαΐων
1131 787 1262 840 αὑτὸ
1317 788 1635 857 συνέθηκεν,
1666 791 1715 842 εἰ
1748 790 1911 857 μόνον

349 869 529 935 ἰατροῦ
568 871 929 937 κελεύσαντος
982 877 1078 943 κα)
1130 879 1230 947 τὴν
1283 881 1635 948 κατασκευὴν
1687 879 1908 933 ἃπασαν

345 961 583 1025 ἐκδόντος
616 964 765 1034 αῦτῷ
798 966 1087 1035 συνέθηκε.
1115 970 1329 1023 Γένοιτο
1358 971 1469 1041 γὰρ
1504 972 1588 1037 ἂν,
1615 971 1676 1024 οὑ
1700 971 1788 1025 διὰ
1810 971 1910 1042 τὴν

340 1048 606 1119 ἁμάοειαν
638 1055 733 1107 τοῦ
767 1057 1222 1129 ὑπηρετήσαντος
1253 1063 1505 1129 μάταιον,
1533 1062 1669 1116 ἀλλὰ
1701 1062 1788 1116 διὰ
1809 1063 1908 1134 τὴν

337 1139 531 1210 τέχνην
580 1144 675 1196 τοῦ
711 1145 1081 1212 ἐκδεδωκότος
1131 1154 1421 1228 σωτήριον.
1477 1154 1611 1206 Ἀπὸ
1656 1154 1754 1223 μὲν
1798 1154 1907 1223 γὰρ

336 1230 428 1282 τοῦ
470 1233 748 1304 ὑπηρέτου
781 1238 1317 1312 ἀνεπιστημοσύνης,
1351 1245 1507 1299 οὐδὲν
1536 1244 1732 1298 ἐλαϐεν
1754 1261 1767 1275 ·
1798 1245 1910 1298 ἀπὸ

333 1319 390 1372 δὲ
413 1325 511 1392 τῆς
546 1324 640 1377 τοῦ
676 1328 866 1398 ἰατροῦ
905 1330 1100 1401 τέχνης
1150 1335 1332 1387 πᾶσαν
1363 1335 1583 1402 ἐδέξατο
1612 1336 1707 1407 τὴν
1741 1352 1910 1389 κατα-

336 1416 560 1481 σκευήν.
600 1416 757 1472 Οὕτω
816 1420 1091 1476 κάνταῦθα
1119 1424 1177 1477 τὸ
1208 1427 1317 1480 πᾶν
1343 1426 1379 1496 ἡ
1398 1427 1559 1498 χάρις
1588 1428 1904 1496 ἐργάζεται.

345 1505 407 1558 '0
444 1507 505 1559 δὲ
539 1509 718 1579 ἱερεὺς
771 1514 1049 1585 ὑπηρέτης
1100 1519 1217 1572 ἐστὶ
1267 1519 1447 1589 μόνον,
1471 1520 1581 1573 οὐδ’
1624 1520 1789 1583 αὐτὸς
1846 1518 1907 1573 τὸ

333 1597 632 1667 ὑπηρετεῖν
684 1603 896 1659 οῐκοοεν
944 1605 1106 1677 ἔχων.
1134 1610 1245 1662 Καὶ
1289 1611 1449 1664 τοῦτο
1478 1611 1589 1683 γὰρ
1623 1612 1777 1679 παρὰ
1807 1610 1904 1681 τῆς

332 1685 559 1754 χάριτος
584 1690 751 1762 αὐτῷ.
787 1694 957 1749 Τοῦτο
990 1697 1095 1768 γάρ
1116 1699 1266 1754 ἔστιν
1288 1701 1321 1771 ἡ
1341 1702 1648 1774 βερωσὺνη,
1671 1701 1903 1772 δύναμις

330 1777 644 1853 ὑπηρετική
696 1802 780 1849 τις
821 1786 931 1841 τῶν
975 1790 1158 1861 ἱερῶν.
1224 1793 1369 1847 Ἀλλ’
1410 1795 1493 1850 ὅτι
1535 1795 1635 1866 μὲν
1694 1794 1904 1857 πάντας

2014 613 2338 681 composuit,
2374 612 2420 669 si
2457 614 2618 668 modo
2668 614 2893 683 jubente
2933 614 3147 670 medico
3186 623 3243 670 et
3286 630 3409 670 eam
3440 631 3590 670 eoin-

2013 703 2342 771 positionem
2388 705 2640 759 tradente
2670 706 2720 761 id
2754 708 3082 775 composuit.
3106 706 3455 763 Fueritenim
3480 721 3586 761 non

2012 802 2233 861 propter
2279 794 2397 864 ejus
2433 794 2525 863 qui
2571 795 2807 850 inseruit
2851 796 3183 865 imperitiam
3225 811 3445 860 vanum,
3492 796 3588 851 sed

2012 891 2228 950 propter
2272 891 2443 937 artem
2509 884 2629 954 ejus
2700 885 2790 955 qui
2838 886 3061 941 tradidit
3103 887 3359 941 salutare.
3400 889 3437 941 Α
3488 887 3591 940 ιιιί-

2011 973 2171 1027 nistri
2214 975 2360 1028 enim
2406 974 2620 1028 inscitia
2671 977 2806 1030 nihil
2852 977 3081 1047 accepit,
3125 979 3190 1032 ab
3238 988 3356 1033 arte
3401 988 3585 1033 autent

2016 1066 2215 1121 medici
2258 1082 2478 1122 omnem
2530 1070 2775 1137 suscepit
2823 1070 3297 1137 compositionem.
3367 1068 3442 1124 Ita
3499 1071 3587 1125 hic

2008 1156 2172 1210 etiam
2218 1160 2392 1227 gratia
2436 1160 2814 1214 universorum
2861 1159 3049 1215 cilicit.
3087 1160 3354 1215 Sacerdos
3402 1175 3582 1215 autem

2007 1246 2185 1301 solum
2219 1257 2306 1303 est
2331 1251 2601 1313 minister,
2635 1268 2735 1306 nec
2765 1251 2941 1318 ipsum
2970 1252 3187 1322 quidem
3223 1252 3584 1307 ministerium

2008 1335 2172 1393 domo
2218 1339 2491 1409 prolatum
2532 1341 2762 1397 habens.
2806 1340 2943 1396 Nam
2998 1343 3050 1396 id
3097 1342 3264 1397 etiam
3325 1343 3487 1397 habet
3557 1359 3586 1397 ει

2007 1427 2204 1495 gratia.
2244 1426 2358 1484 Hoc
2395 1440 2481 1485 est
2524 1432 2671 1486 enim
2734 1433 3123 1498 sacerdotium,
3157 1442 3401 1502 potestas
3441 1448 3576 1501 quae-

2006 1516 2130 1573 dam
2166 1520 2530 1576 miuistratrix
2561 1538 2865 1579 sacrorum.
2896 1523 3003 1578 Sed
3048 1524 3199 1593 quod
3241 1524 3424 1579 fideles
3466 1522 3587 1592 qui-

2005 1607 2130 1664 dem
2163 1612 2510 1667 sanctificant
2555 1615 2740 1669 omnia
2792 1614 2935 1669 dona
2984 1625 3041 1670 et
3084 1629 3315 1683 semper,
3360 1625 3419 1668 ut
3465 1629 3587 1683 qua:

2006 1698 2118 1757 Deo
2151 1718 2366 1775 semper
2414 1716 2642 1776 accepta
2688 1706 2819 1770 sint,
2851 1706 3060 1762 clarum
3104 1719 3191 1763 est
3237 1721 3305 1763 ex
3356 1706 3423 1761 iis
3465 1720 3585 1776 qua:

2005 1791 2149 1848 dicta
2195 1805 2348 1853 sunt.

330 1875 463 1939 τοὺς
490 1881 716 1946 πιστοὺς
749 1882 966 1952 ἁγιάζει
995 1886 1165 1941 ταῦτα
1214 1890 1286 1945 τὰ
1326 1890 1498 1963 δῶρα,
1531 1892 1626 1946 καὶ
1664 1892 1921 1957 πάντοτε,
1947 1888 2183 1946 πάντοτε
2211 1893 2341 1949 ὄντα
2368 1895 2535 1951 δεκτὰ
2563 1894 2642 1965 τῷ
2671 1894 2813 1966 Θεῷ,
2836 1895 2996 1968 δῆλον
3018 1895 3125 1951 ἀπὸ
3188 1895 3297 1950 τῶν
3354 1895 3580 1967 εξρημέ·

329 1985 461 2026 νων.

900 2074 1153 2130 ΚΕΦΑΛ.
1194 2078 1328 2133 ΜΖ¹.

830 2168 1018 2223 Ὅσον
1058 2171 1178 2224 εἶσὶ
1207 2171 1411 2228 δεκτὰ.

412 2256 713 2327 Ἐπόμενον
745 2259 802 2312 δὲ
854 2258 1136 2329 θεωρῆσαι
1167 2263 1261 2315 καὶ
1313 2262 1438 2318 ὅσον
1469 2264 1580 2318 εἰσὶ
1623 2265 1823 2321 δεκτάο
1852 2265 1908 2319 τι

329 2346 443 2420 γάρ
469 2349 547 2419 τῷ
577 2350 738 2420 δώρῳ
783 2350 845 2404 τὸ
876 2351 1067 2406 δεκτδν
1100 2348 1262 2418 εἶναι,
1304 2358 1400 2411 καὶ
1428 2356 1653 2412 ἐπὶτῶν
1689 2356 1906 2428 ἀνθρὼ-

330 2457 451 2494 πων
478 2441 577 2506 ;Ti
596 2442 880 2507 ποιοῦντες
897 2444 965 2496 τὰ
989 2445 1159 2514 δῶρα,
1180 2447 1432 2518 δέχεσθαι
1454 2448 1594 2503 αὐτὰ
1618 2448 1866 2518 λέγονται
1887 2465 1902 2515 ;

327 2528 457 2605 ’Ἆρ’
487 2536 571 2590 ὅτι
600 2537 724 2600 ταῖς
777 2539 934 2608 χερσὶ
967 2540 1320 2611 λαμϐάνομεν
1355 2543 1446 2597 καὶ
1488 2544 1687 2598 κόλπον
1720 2543 1903 2607 αὐτοῖς

327 2623 648 2694 ὑπέχομενς
684 2628 975 2698 Οὐδαμῶς.
1007 2632 1186 2685 Πολλὰ
1217 2634 1344 2703 γὰρ,
1377 2635 1499 2688 οὐδὲ
1525 2634 1747 2703 κομίσαι
1775 2637 1904 2700 τοὺς

324 2716 733 2786 λαμϐάνοντας,
778 2719 899 2772 οὑδὲ
934 2721 1293 2788 ὑποδέξασθαι
1325 2725 1550 2780 δυνατόν
1571 2744 1585 2759 ·
1631 2726 1821 2797 ὥσπερ
1854 2729 1903 2781 εἰ

330 2807 503 2876 ἀγρὸς
531 2808 616 2877 εἴη
645 2808 706 2862 τὺ
729 2810 1029 2880 διδόμενον,
1058 2813 1090 2883 ἦ
1113 2815 1284 2882 οἰκία,
1309 2816 1342 2886 ἦ
1369 2834 1423 2870 τι
1445 2817 1707 2873 τοιοῦτον.
1742 2818 1903 2873 Ἀλλὰ

332 2900 388 2954 τί
416 2902 482 2953 ἂν
514 2900 601 2971 εἴη
637 2900 697 2955 τὸ
724 2902 975 2972 δέχεσθαι
1026 2907 1119 2959 ἐπὶ
1162 2909 1384 2962 πάντων
1430 2909 1540 2963 τῶν
1574 2910 1793 2981 δώρων;
1827 2910 1901 2964 Τὸ

334 2992 476 3060 μετὰ
522 2993 632 3046 τῶν
681 2995 827 3049 Ξδίων
879 2998 1060 3064 τάξαι,
1116 2998 1178 3052 τὸ
1236 2998 1667 3067 οἰκειώσασθαι,
1722 3003 1901 3057 ταῦτα

326 3086 495 3140 δεκτά
528 3087 802 3157 λέγονται.
841 3092 902 3146 '0
933 3093 986 3146 δὲ
1038 3093 1171 3157 Θεὸς
1213 3094 1389 3149 ταῦτα
1418 3095 1486 3148 τά
1528 3095 1679 3167 δῶρα
1726 3096 1899 3161 οὑτως

325 3179 644 3244 οἰκειοῦται,
671 3181 813 3237 ὥστε
845 3184 986 3237 αὑτά
1020 3185 1183 3255 σῶμα
1224 3188 1321 3240 καὶ
1366 3182 1507 3256 αἷμα
1541 3192 1774 3241 ποιεῖται
1803 3186 1897 3241 τοῦ

324 3270 690 3340 Μονογενοῦς.
723 3274 787 3328 Ei
814 3276 994 3329 τοίνυν
1036 3277 1136 3343 τῆς
1180 3278 1512 3341 οἰκειώσεως
1554 3280 1779 3348 ταύτης,
1804 3282 1898 3334 οὐ·

2597 2077 2751 2134 CAP.
2783 2077 2993 2135 XLVII.

2431 2170 2702 2235 Quatenus
2752 2184 2875 2226 sunt
2923 2185 3157 2239 accepta.

2079 2256 2344 2326 Sequitur
2372 2268 2434 2313 ut
2478 2260 2644 2313 etiam
2687 2261 3104 2317 consideremus
3137 2272 3413 2332 quatenus
3450 2273 3583 2321 sunt

2008 2357 2251 2419 accepta.
2285 2347 2429 2415 Quid
2462 2349 2609 2404 enim
2650 2349 2756 2404 hoc
2789 2351 2892 2405 sibi
2927 2353 3063 2416 vult,
3094 2368 3220 2408 esse
3254 2354 3458 2408 donum
3491 2370 3582 2410 ac-

2005 2448 2250 2508 ceptum,
2282 2440 2447 2495 etiam
2483 2440 2625 2510 apud
2660 2440 2954 2496 homines?
2994 2442 3260 2509 Quidnam
3296 2445 3579 2507 facientes,

2005 2530 2264 2586 dicuntur
2288 2546 2352 2586 ea
2382 2531 2523 2587 dona
2558 2533 2879 2602 suscipere?
2914 2536 2994 2588 An
3030 2535 3174 2604 quod
3208 2536 3459 2590 manibus
3489 2552 3581 2590 su-

2004 2623 2206 2681 mimus
2227 2635 2280 2679 et
2311 2639 2373 2681 ea
2406 2625 2459 2679 in
2487 2627 2668 2681 sinum
2694 2627 2949 2694 ponimus
2972 2625 3392 2696 INequaquam.
3416 2625 3582 2684 Multa

2002 2714 2150 2769 enim
2183 2726 2313 2771 sunt
2340 2731 2464 2787 quae
2504 2732 2607 2774 nec
2654 2720 2747 2787 qui
2776 2719 3074 2789 accipiunt,
3122 2719 3263 2774 ferre
3320 2736 3418 2775 nec
3456 2736 3582 2775 sus-

2002 2809 2186 2879 cipere
2242 2824 2525 2882 possunt:
2562 2815 3030 2884 quemadmodum
3065 2817 3115 2872 si
3157 2817 3230 2871 sit
3271 2833 3400 2887 ager
3433 2820 3583 2889 quod

2002 2901 2189 2968 datur,
2216 2902 2301 2958 vel
2320 2904 2552 2969 domus,
2594 2906 2681 2961 vel
2707 2907 2841 2976 quid
2875 2906 3001 2965 tale.
3032 2907 3136 2962 Sed
3173 2908 3435 2977 quidnam
3465 2909 3583 2966 fuc-

2001 2992 2075 3047 rit
2094 2993 2345 3063 accipere
2369 2994 2422 3049 in
2450 2996 2713 3052 omnibus
2740 2996 2937 3053 donis?
2963 2999 3021 3052 In
3052 2998 3292 3068 pr0priis
3316 3006 3580 3063 statuere.

2002 3083 2227 3154 propria
2257 3093 2311 3139 et
2343 3084 2646 3140 domestica
2683 3085 2915 3150 eilieere.
2946 3098 2999 3142 et
3035 3102 3095 3141 ea
3139 3089 3348 3143 ratione
3383 3106 3445 3144 ea
3485 3105 3580 3145 ac-

2000 3183 2157 3243 cepta
2186 3190 2310 3231 esse
2336 3176 2615 3231 dicuntur.
2654 3176 2798 3233 Deus
2822 3189 3006 3234 autem
3040 3179 3155 3234 haec
3184 3180 3324 3234 dona
3357 3184 3429 3235 ita
3458 3197 3556 3251 pro

2002 3266 2118 3334 pria
2153 3275 2208 3320 et
2245 3267 2534 3322 familiaria
2570 3269 2755 3331 efiicit,
2800 3281 2859 3324 ut
2898 3284 2961 3324 ea
2995 3269 3161 3325 faciat
3208 3287 3331 3328 esse
3379 3288 3583 3343 corpus

322 3363 416 3416 δέν
445 3364 595 3417 ἔστιν
623 3365 741 3418 ῐσον
791 3364 1188 3436 ἐνθυμηθῆναι,
1238 3369 1362 3422 οὑδὲ
1409 3370 1532 3424 ὅσον
1580 3371 1688 3425 εἰσὶ
1735 3373 1901 3427 δεκτὰ

2005 3366 2058 3412 et
2086 3357 2412 3428 sanguinem
2444 3358 2751 3428 Unigeniti.
2794 3360 2851 3414 Si
2886 3375 3017 3431 ergo
3043 3361 3171 3417 huic
3217 3361 3577 3419 familiaritati

324 3455 532 3527 μέτρον
561 3455 746 3523 εὑρεῖν
777 3456 1025 3512 δυνατόν.
1070 3460 1189 3512 Ἔτι
1228 3460 1285 3513 δὲ
1322 3465 1414 3516 καὶ
1457 3463 1565 3515 ἀπὸ
1598 3465 1695 3534 τῆς
1747 3467 1899 3519 ἀντιο

313 3545 528 3610 δόσεως
571 3548 735 3617 δῆλον
774 3548 1009 3617 γίνεται,
1048 3550 1175 3603 ὅσον
1223 3552 1550 3623 ἀποδέχεται
1588 3555 1650 3608 τδ
1692 3554 1845 3609 δοθὲν
1873 3558 1902 3609 6

317 3637 529 3693 λαϐὼν.
569 3639 664 3702 Τις
690 3632 785 3694 οὖν
817 3639 1054 3695 ἐνταῦθα
1083 3644 1115 3706 ἡ
1144 3642 1449 3710 ἀντίδοσις
1479 3645 1618 3700 Αὐτὸ
1651 3649 1817 3704 πάλιν
1840 3649 1901 3703 τὸ

320 3730 489 3801 σῶμα
539 3731 633 3784 τοῦ
683 3732 922 3802 Χριστοῦ
964 3735 1058 3788 καὶ
1110 3736 1170 3787 τὸ
1219 3731 1393 3805 αἷμαο
1449 3738 1744 3808 λαμϐάνων
1792 3743 1899 3814 γὰρ

315 3824 487 3894 ἡμῶν
518 3823 684 3894 ἄρτον
721 3826 813 3878 καὶ
844 3821 990 3878 οἶνον
1019 3825 1047 3878 6
1088 3826 1241 3892 Θεὸς,
1273 3829 1439 3884 αὑτὸν
1471 3832 1780 3887 ἀντιδίδωσι
1808 3835 1901 3889 τὸν

314 3914 473 3973 Υἰόν.
517 3918 626 3969 Καὶ
676 3916 840 3969 πόθεν
867 3917 1048 3986 δῆλον,
1095 3920 1284 3987 φησὶν,
1325 3922 1410 3974 ὅτι
1437 3920 1513 3987 ὡς
1547 3924 1696 3995 δῶρα
1727 3928 1900 3981 ταῦτα

266 4018 267 4021 ‘
315 4011 462 4078 ἡμῖν
509 4008 630 4061 ἀντὶ
658 4006 769 4059 τῶν
815 4008 1250 4078 προσαγομένων
1285 4010 1435 4077 παρᾶ
1463 4011 1558 4064 τοῦ
1592 4011 1728 4065 Θεοῦ
1759 4012 1900 4066 διδο-

313 4118 416 4155 τοιι
442 4116 457 4131 ο
507 4099 596 4163 Ἐξ
625 4093 698 4151 ὧν
728 4098 889 4160 αὐτὸς
919 4100 947 4151 6
976 4099 1147 4151 ταῦτα
1182 4100 1568 4170 περικείμενός
1603 4119 1734 4172 φησι
1767 4104 1903 4173 ergo;

313 4192 499 4263 ἡμᾶς,
538 4208 557 4242 ι
595 4189 827 4255 Λάϐετε,
868 4208 887 4242 ι
935 4187 1148 4255 λέγων·
1188 4188 1332 4243 οὕτω
1373 4190 1479 4261 γὰρ
1526 4190 1789 4261 μηνύεται
1842 4194 1903 4247 τὸ

313 4283 517 4354 δῶρον.
541 4282 729 4354 Ταύτῃ
746 4283 812 4351 τῇ
844 4284 1018 4352 φωνῇ,
1048 4283 1143 4335 καὶ
1165 4285 1193 4335 6
1217 4282 1394 4346 διδοὺς
1422 4285 1518 4336 καὶ
1553 4287 1580 4337 6
1610 4283 1902 4354 δεχόμενος

312 4380 422 4432 καὶ
437 4375 495 4429 τὸ
510 4374 785 4443 διδόμενον
804 4375 1132 4443 σημαίνεται
1153 4391 1165 4405 ’
1183 4373 1298 4428 ἔστι
1320 4374 1414 4429 καὶ
1430 4375 1602 4440 ἄλλως
1620 4392 1673 4430 τι
1690 4377 1896 4445 λαϐεῖν,

312 4470 401 4532 ὡς
427 4465 919 4537 παρακαταθήκην,
941 4459 984 4533 ᾧ
1009 4466 1247 4537 χρῆσθαι
1267 4468 1392 4529 τοὺς
1424 4467 1689 4529 λαϐόντας
1721 4470 1782 4523 οὑ
1810 4470 1900 4524 θέ-

318 4577 440 4630 μις.
463 4559 535 4611 Σὺ
561 4558 708 4611 δ’ἵνα
730 4560 804 4628 μὴ
823 4559 982 4611 τοῦτο
1002 4559 1249 4629 νομίσῃς,
1265 4560 1378 4612 ἀλλ’
1403 4560 1520 4631 ἴδῃς
1547 4561 1628 4614 ὅτι
1652 4563 1742 4616 σόν
1758 4564 1896 4632 ἐστι,

315 4651 418 4705 καὶ
468 4647 781 4719 χρήσασθαι
817 4648 1095 4712 ἐκέλευσε,
1132 4668 1151 4700 ι
1198 4649 1430 4719 Φάγετε,
1465 4669 1483 4702 ι
1516 4651 1712 4721 λέγων.
1740 4654 1899 4708 οὕτω

2006 3449 2142 3503 nihil
2180 3457 2357 3519 potest
2399 3450 2578 3507 simile
2615 3450 2952 3520 echgitari,
3000 3466 3099 3507 uec
3131 3461 3403 3521 quatenus
3449 3466 3581 3509 sunt

2002 3549 2245 3612 accepta,
2288 3549 2468 3609 potest
2528 3542 2721 3599 modus
2773 3543 3024 3599 inveniri.
3072 3541 3339 3599 Prmterea
3392 3557 3571 3600 autem

2001 3633 2166 3689 etiam
2197 3649 2262 3688 ex
2311 3635 2757 3691 remuneratione
2804 3633 2962 3691 facile
3007 3636 3140 3692 sciri
3186 3645 3367 3707 potest
3414 3654 3576 3706 quam

2001 3735 2286 3795 acceptum
2319 3724 2485 3781 fuerit
2514 3724 2563 3781 ei
2597 3726 2689 3797 qui
2721 3727 2935 3797 accepit
2993 3727 3045 3781 id
3078 3728 3222 3799 quod
3256 3727 3441 3783 datum
3471 3739 3574 3784 est.

2002 3813 2133 3882 Qum
2163 3825 2246 3872 est
2277 3832 2405 3887 ergo
2438 3818 2526 3874 hic
2550 3819 2963 3874 remuneratio?
2992 3818 3171 3889 Ipsum
3206 3834 3391 3874 rursus
3419 3819 3580 3874 Chri-

2000 3910 2067 3963 sti
2099 3922 2298 3978 corpus
2332 3918 2385 3964 et
2415 3910 2662 3978 sanguis.
2692 3910 2983 3980 Accipiens
3016 3911 3162 3965 enim
3192 3927 3220 3965 a
3263 3906 3423 3968 nobis
3458 3928 3574 3981 pa-

2002 4010 2126 4050 nem
2160 4007 2215 4051 et
2246 3999 2432 4051 vinum
2463 3997 2605 4053 Deus
2640 4000 2816 4067 ipsum
2856 4000 3033 4054 reddit
3060 3999 3280 4055 Filium.
3315 4001 3378 4054 Et
3407 4003 3576 4055 ulule-

2004 4100 2151 4150 nam,
2184 4087 2381 4155 inquit,
2416 4089 2655 4143 sciemus
2684 4090 2832 4156 quod
2865 4091 2977 4143 hac
3011 4088 3150 4143 dona
3188 4091 3347 4144 nobis
3377 4106 3474 4159 pro
3505 4092 3574 4145 iis

2004 4194 2128 4248 qua:
2161 4178 2470 4235 offeruntur
2498 4196 2528 4235 a
2572 4180 2680 4234 Deo
2714 4180 2957 4234 dantur?
2989 4180 3066 4233 Ex
3103 4182 3186 4235 his
3229 4198 3349 4250 quae
3390 4183 3436 4237 is
3476 4187 3574 4253 qui

2006 4271 2112 4327 illis
2147 4279 2326 4326 tectus
2369 4280 2474 4337 est,
2532 4270 2683 4338 dicit,
2735 4271 2896 4327 nobis
2940 4271 3150 4335 dicens,
3187 4290 3205 4323 ι
3241 4273 3505 4343 Accipite.
3547 4297 3567 4327 ι

2002 4363 2079 4419 ita
2108 4363 2254 4418 enirn
2287 4363 2594 4419 ostenditur
2626 4364 2852 4417 donum.
2888 4363 3000 4419 Hac
3030 4379 3164 4421 voce
3190 4372 3245 4418 et
3283 4367 3376 4437 qui
3407 4367 3573 4423 donat

2002 4462 2057 4509 et
2083 4455 2177 4523 qui
2204 4455 2422 4524 accipit,
2454 4461 2509 4509 et
2537 4454 2682 4522 quod
2705 4454 2965 4519 donatur,
2988 4454 3353 4525 significatur.
3389 4457 3571 4513 Potest

2000 4546 2163 4603 etiam
2202 4548 2337 4602 alias
2393 4547 2602 4616 aliquid
2653 4542 2868 4613 accipi,
2908 4558 3167 4616 tanquam
3214 4547 3568 4618 depositum,

2000 4653 2114 4708 quo
2152 4654 2259 4694 non
2293 4638 2375 4694 fas
2409 4648 2493 4694 est
2520 4638 2598 4693 uti
2629 4653 2724 4693 eos
2766 4638 2860 4708 qui
2891 4648 3221 4708 acceperunt
3250 4656 3264 4691 :
3294 4649 3351 4692 tu
3388 4648 3569 4693 autem

314 4744 493 4799 δεκτὰ
517 4742 598 4812 τῷ
625 4741 744 4811 Θεῷ
774 4741 845 4793 τά
873 4741 1023 4811 δῶρα
1054 4745 1148 4795 καὶ
1183 4743 1322 4812 μετὰ
1359 4743 1632 4814 τοσαύτης
1665 4747 1899 4818 ὑπερϐο-

2006 4746 2074 4786 ne
2095 4732 2199 4786 hoc
2227 4729 2527 4797 existimes,
2556 4731 2649 4786 sed
2673 4733 2816 4788 scias
2836 4746 2956 4787 esse
2980 4741 3157 4796 tuttm,
3180 4747 3290 4799 quo
3318 4740 3367 4785 te
3402 4733 3566 4785 etiam

315 4834 442 4903 λῆς.
474 4830 572 4883 Διὰ
623 4828 782 4883 τοῦτο
824 4830 1149 4897 ἁγιάζουσιν
1182 4833 1271 4885 ἀεὶ
1325 4833 1507 4897 πάσας
1550 4836 1895 4903 Χριστιανῶν

315 4925 525 4994 ψυχὰς,
564 4921 657 4976 καὶ
688 4922 906 4985 ζώντων
936 4924 1032 4975 καὶ
1063 4922 1374 4978 τεθνεώτων
1406 4925 1504 4988 τὰς
1540 4928 1773 4996 ἀτελεῖς,
1815 4930 1895 4985 ἔτι

314 5018 585 5087 δεομένας
614 5015 927 5085 ἁγιασμῶν.
959 5013 1023 5068 ΟΞ
1051 5014 1159 5084 γὰρ
1177 5016 1557 5081 τελειωθέντες
1582 5018 1730 5086 ἅγιοι
1757 5022 1897 5090 μετὰ

316 5114 434 5165 τῶν
460 5110 714 5179 ἀγγέλων
745 5108 1007 5171 ἑστῶτες,
1041 5110 1137 5161 καὶ
1170 5112 1248 5172 εἰς
1281 5109 1380 5181 τὴν
1424 5112 1679 5183 οὐράνιον
1710 5115 1897 5182 ἱεραρο

317 5206 448 5274 χίαν
476 5201 575 5272 ἤδη
625 5200 967 5263 τελέσαντες,
998 5201 1099 5253 οῦκ
1137 5200 1218 5253 ἔτι
1266 5201 1470 5256 δέονται
1509 5204 1609 5273 τῆς
1650 5205 1892 5274 ἐπιγείου

320 5295 637 5366 ἱεραρχίας.

889 5548 1142 5614 ΚῈΦΛΛ.
1184 5557 1325 5611 Mll'.

326 5676 427 5741 Τίς
457 5676 489 5728 ὀ
520 5676 707 5742 λόγος
747 5677 876 5745 καθ’
905 5674 977 5726 ὃν
1004 5675 1099 5727 καὶ
1135 5674 1276 5739 τοὺς
1311 5676 1517 5742 ἁγίους
1562 5677 1665 5731 τοῦ
1699 5676 1890 5745 δώρου

518 5748 736 5800 τούτου
762 5743 1118 5813 δεξιούμεθα
1147 5748 1239 5798 καὶ
1268 5749 1695 5813 θεραπεύομεν.

396 5833 584 5907 Τούτῳ
612 5835 667 5890 δὲ
694 5834 981 5891 ἀκόλουθον
1014 5838 1187 5891 ἐκεῖνο
1212 5838 1443 5909 ζητῆσαι
1468 5858 1477 5867 ·
1512 5840 1570 5890 Εἰ
1595 5841 1701 5910 γὰρ
1732 5841 1896 5895 ταῦτα

2004 4824 2083 4879 uti
2102 4821 2290 4893 jussit,
2320 4822 2511 4879 dicens
2548 4839 2561 4877 :
2598 4842 2616 4875 ι
2646 4822 2947 4878 Comcdite.
2984 4841 3002 4874 ι
3036 4823 3110 4876 ita
3138 4832 3265 4876 sunt
3294 4823 3433 4875 d0na
3459 4824 3569 4877 Deo

2004 4925 2224 4985 accepta
2254 4923 2310 4969 et
2340 4922 2450 4970 tam
2500 4915 2830 4984 insigniter;
2864 4924 3151 4982 propterea
3188 4928 3404 4980 semper
3440 4928 3569 4966 san-

2001 5007 2242 5062 ctilicant
2271 5020 2463 5061 omnes
2492 5004 2934 5061 Christianorum
2965 5004 3202 5066 animas,
3233 5011 3289 5057 et
3318 5006 3566 5060 vivorum

2003 5107 2076 5165 et,
2120 5109 2484 5162 mortuorum,
2548 5113 2670 5167 quae
2715 5106 2844 5151 sunt
2910 5096 3090 5150 adhuc
3141 5096 3470 5164 imperfecta:
3515 5109 3571 5154 et

2003 5198 2161 5260 egent
2188 5189 2639 5245 sanctiﬁcatione.
2681 5186 2866 5241 Sancti
2904 5186 3048 5242 enim
3083 5187 3307 5257 perfecti
3340 5203 3403 5242 ac
3440 5205 3569 5245 cono
3623 5252 3628 5256 ι

2004 5281 2281 5347 summati,
2312 5290 2520 5337 stantes
2548 5294 2674 5334 cum
2706 5278 2936 5349 angelis,
2968 5279 3020 5333 in
3053 5279 3332 5335 eoeleswm
3363 5279 3571 5334 hierar-

2002 5374 2182 5428 chiam
2213 5374 2325 5443 jam
2355 5372 2618 5441 adoptati,
2658 5386 2768 5425 non
2797 5381 2960 5439 egent
2989 5373 3226 5443 amplius
3262 5372 3569 5428 hierarchia

2001 5468 2259 5523 terrestri.

2294 5538 2309 5545 ’
2563 5556 2719 5612 CAP.
2774 5554 3005 5611 xum.

2004 5674 2260 5738 Quaenam
2295 5671 2431 5723 ratio
2465 5678 2677 5738 propter
2703 5686 2859 5738 quam
2883 5679 3093 5722 sanctos
3124 5668 3202 5720 Itis
3240 5661 3395 5716 donis
3426 5679 3579 5727 vene.

2517 5755 2698 5790 ramnr
2725 5752 2772 5791 et
2806 5738 3048 5793 colimus.

2076 5835 2211 5889 iiuie
2253 5840 2433 5887 autem
2467 5845 2810 5897 consequens
2846 5835 2928 5881 est
2973 5826 3105 5880 illud
3156 5838 3400 5895 qualrerc
3443 5843 3458 5879 :
3519 5833 3580 5893 Si
