4158 6306
532 415 630 482 ΓΙ

1763 432 2070 495 NICOLAI
2111 436 2499 498 CABASILxE
3669 422 3772 490 179.

527 545 672 586 cntm
707 529 820 588 hanc
851 544 1037 590 sancta
1073 536 1185 594 Deo
1239 539 1459 611 quidem
1506 540 1812 606 donantur,
1859 557 1955 598 eos
2005 559 2070 597 au

2207 545 2273 598 τὰ
2298 545 2429 614 am
2463 545 2778 600 ἀνατίθεται
2831 543 2928 616 μὲν
2964 544 3038 617 τῷ
3071 543 3210 616 Θεῷ,
3247 543 3537 614 ἁγιάζεται
3566 541 3622 595 δὲ
3647 545 3772 603 τοὺς

531 632 639 678 tetu
674 627 1020 683 sanctiﬁcant
1046 631 1137 700 qui
1163 632 1596 686 sanctiﬁcatione
1620 634 1884 704 indigent,
1914 650 2098 703 quam-

529 730 653 770 nam
690 718 760 772 ob
790 735 1008 774 causam
1042 722 1205 777 etiam
1235 726 1345 794 jam
1373 724 1744 779 sanctiﬁcatos
1775 734 1828 779 et
1852 727 1998 780 omni
2028 740 2095 781 ex

527 822 681 876 parte
716 810 1007 879 perfectos,
1050 815 1148 870 bac
1189 817 1453 868 donorum
1491 817 1765 870 oblatione
1796 818 1896 871 coli
1925 819 2098 872 credi-

533 918 561 951 n
589 903 697 954 ns?
729 913 779 956 et
830 906 1046 972 quando
1085 921 1179 960 eos
1216 907 1419 975 aliquid
1466 920 1705 972 orantes,
1735 911 1787 963 in
1836 910 2094 964 auxilium

527 997 905 1049 vocaverimus
931 1037 944 1058 ,
981 997 1172 1050 borum
1215 999 1480 1054 donorum
1531 1000 1892 1055 ministerium
1942 1001 2099 1070 polli-

527 1101 736 1150 cemur,
781 1097 1036 1154 tanquam
1077 1089 1160 1141 vel
1216 1089 1347 1158 ipsis
1395 1105 1457 1142 ea
1505 1090 1808 1155 donaturi,
1857 1090 1940 1143 vel
1997 1105 2097 1158 pro

526 1178 681 1244 ipsis,
723 1189 779 1232 ttt
828 1180 956 1233 ﬁant
997 1181 1286 1235 meliores?
1332 1181 1486 1248 Quod
1535 1182 1753 1252 quidem
1800 1192 1883 1237 est
1929 1182 2094 1236 etiam

525 1270 664 1324 alius
699 1270 898 1323 modus
929 1271 1198 1323 donorum
1231 1271 1528 1326 oblationis
1562 1287 1724 1341 quant
1758 1273 1908 1340 prius
1941 1271 2093 1336 dixi,

527 1369 624 1419 per
651 1372 812 1424 quem
840 1358 954 1412 ltmc
979 1358 1119 1412 dona
1149 1360 1286 1412 ﬁunt
1316 1361 1476 1413 etiam
1512 1371 1851 1423 sanctorum,
1877 1363 2096 1431 quando

531 1449 638 1502 Deo
673 1459 936 1519 tanquam
999 1465 1098 1518 pro
1155 1451 1454 1520 gratiarum
1511 1453 1722 1507 actione
1771 1451 2094 1518 offeruntur,

525 1543 668 1609 quod
702 1541 782 1596 eis
809 1540 1200 1610 perfectionem
1225 1553 1278 1597 et
1307 1541 1833 1598 consummationem
1864 1543 2093 1609 dederit;

526 1638 651 1681 sunt
687 1633 832 1684 enim
866 1630 957 1683 Dei
986 1631 1151 1697 dona,
1181 1642 1238 1686 ut
1289 1648 1410 1703 qu:c
1448 1633 1498 1686 ei
1530 1632 1824 1687 donantur.
1875 1631 2013 1687 Sunt
2041 1643 2096 1687 et

526 1717 796 1780 ﬁdelium,
829 1729 1018 1788 utpote
1051 1722 1120 1776 iis
1178 1724 1270 1791 qui
1305 1724 1508 1777 auxilio
1539 1723 1813 1795 indigent,
1842 1733 1901 1778 ut
1942 1726 2097 1777 auxi-

527 1810 637 1877 lia;
671 1819 800 1865 sunt
829 1813 991 1866 etiam
1025 1824 1361 1882 sanctorum,
1394 1815 1538 1886 quod
1565 1830 1750 1870 eorum
1781 1815 1951 1886 gratia
1988 1816 2095 1870 Deo

527 1901 824 1956 donantur.

599 1996 752 2061 Quod
800 1995 945 2051 enim
980 2010 1096 2050 mea
1135 1997 1306 2065 gratia
1352 1998 1680 2066 datum‘est,
1727 2015 1829 2067 ego
1862 2001 2092 2069 accipio,

528 2095 844 2164 quicunque
905 2094 951 2148 is
1008 2094 1080 2148 sit
1131 2095 1222 2164 qui
1277 2095 1494 2164 accipit.
1543 2093 1661 2150 Non
1711 2095 1857 2151 enim
1911 2097 2094 2150 omnia

527 2203 648 2258 quae
678 2187 836 2243 nobis
873 2187 1237 2258 undecunque
1266 2189 1566 2258 donantur,
1602 2189 1808 2244 nostris
1842 2189 2095 2244 manibus

527 2281 846 2350 accipimus,
881 2282 973 2336 sed
1001 2283 1164 2336 etiam
1200 2281 1502 2336 amicorum
1531 2291 1585 2335 et
1613 2279 1988 2345 familiarium,
2017 2291 2092 2345 et,

531 2385 588 2428 ut
639 2373 804 2430 semel
840 2374 1043 2438 dicam,
1093 2377 1336 2430 omnium
1394 2375 1594 2444 quibus
1627 2374 1864 2429 donator
1905 2374 2092 2440 donat,

526 2474 586 2518 nt
648 2465 808 2519 nobis
870 2479 986 2518 rem
1052 2475 1260 2530 gratam
1321 2464 1503 2538 faciat.
1572 2467 1866 2533 Pr0pterea
1929 2466 2091 2519 etiam

525 2551 811 2617 Dominus,
863 2554 1192 2624 pauperibus
1241 2553 1655 2622 accipientibus,
1696 2554 1825 2625 quia
1872 2554 1964 2623 qui
2014 2554 2094 2608 eis

525 2645 890 2713 suppeditant,
927 2644 1044 2711 ejus
1090 2645 1260 2713 gratia
1294 2645 1398 2699 hoc
1443 2643 1668 2710 faciunt,
1715 2645 1830 2714 ipse
1874 2661 1932 2701 se
1965 2643 2095 2698 dicit

526 2736 792 2804 accipere.
842 2732 919 2789 ita
981 2735 1144 2789 etiam
1207 2736 1380 2789 sancti
1433 2735 1548 2789 haec
1595 2735 1738 2789 dona
1791 2734 2090 2803 accipiunt,

524 2826 668 2896 quod
697 2841 882 2882 eorum
917 2827 1090 2896 gratia
1141 2826 1250 2881 Deo
1288 2825 1581 2880 donantur.
1620 2824 2090 2892 Quemadmodum

523 2917 668 2972 enim
703 2925 924 2987 propter
955 2917 1154 2972 Christi
1209 2917 1559 2972 dilectionem
1597 2916 1727 2971 illud
1769 2918 1850 2981 ﬁt,
1888 2917 1961 2971 ita
1991 2917 2093 2972 hoc

524 3008 689 3062 etiam
730 3017 952 3078 propter
985 3007 1331 3062 dilectionem
1389 3019 1722 3063 sanctorum.
1776 3007 1914 3073 Quia
1947 3008 2090 3060 enim

524 3099 682 3154 valde
715 3114 812 3155 eos
838 3100 1134 3170 diligimus,
1175 3100 1359 3154 eadem
1400 3100 1541 3155 bona
1581 3108 1763 3154 nostra
1795 3115 1914 3154 esse
1943 3099 2092 3153 duci-

527 3206 673 3256 mus,
711 3201 764 3246 et
793 3189 870 3246 eis
900 3193 964 3245 de
1014 3190 1270 3246 felicitate
1319 3192 1662 3261 gratulantur
1695 3200 1951 3259 tanquam
1989 3188 2089 3258 ipsi
2117 3231 2158 3287 ε

524 3282 796 3337 bonorum
857 3282 1168 3352 participes.
1227 3281 1301 3338 ita
1359 3283 1522 3337 etiam
1575 3283 1874 3352 gaudentes
1927 3281 2087 3336 donis

523 3373 656 3441 ipsis
689 3390 718 3428 a
756 3373 986 3428 Domino
1017 3374 1180 3436 datis,
1223 3374 1425 3443 gratias
1456 3374 1666 3444 agimus
1707 3373 1755 3426 ei
1797 3373 1888 3442 qui
1919 3373 2086 3433 dedit,

520 3477 575 3521 et
637 3482 734 3537 pro
797 3467 1100 3537 gratiarum
1159 3467 1376 3522 actione
1421 3467 1561 3521 dona
1617 3465 1918 3519 offerimus.
1969 3464 2087 3517 Nm

523 3570 741 3627 propter
774 3559 875 3613 hoc
908 3568 1090 3613 autem
1129 3559 1302 3613 solum
1355 3557 1392 3610 ii
1425 3557 1567 3611 dona
1613 3556 1912 3625 accipiunt,
1943 3555 2085 3624 quod

526 3661 745 3720 propter
803 3665 992 3704 eorum
1049 3649 1392 3704 dilectionem
1443 3649 1500 3702 ﬁt
1551 3649 1819 3702 donorum
1862 3647 2085 3712 oblatio,

525 3743 616 3796 sed
650 3744 794 3810 quod
825 3742 929 3796 hoc
953 3743 1117 3795 etiam
1149 3750 1233 3795 est
1258 3741 1339 3795 eis
1364 3739 1822 3808 Iucundissimum
1847 3748 1902 3794 et
1931 3739 2088 3808 longe

525 3832 919 3902 gratissimum.
951 3831 1074 3885 dico
1099 3839 1279 3884 autem
1314 3832 1456 3898 quod
1488 3831 1628 3884 Deus
1656 3844 1751 3898 per
1784 3830 1930 3898 ipsos
1960 3845 2086 3899 gra-

527 3927 630 3978 tias
664 3923 881 3994 accipit,
919 3931 974 3977 et
1017 3921 1374 3992 gloriﬁcatur.
1429 3920 1898 3986 Quemadmodum
1941 3921 2084 3975 enim

522 4025 604 4069 est
631 4014 927 4068 maximum
959 4021 1242 4082 peccatum
1276 4012 1560 4066 'malorum
1599 4013 1904 4075 hominum,
1941 4012 2082 4080 quod

523 4106 934 4173 blasphematur
995 4118 1193 4157 nomen
1245 4103 1338 4158 Dei
1387 4118 1480 4172 per
1531 4103 1700 4172 ipsos,
1733 4102 1824 4156 'ita
1880 4103 2087 4158 sanctis

518 4207 600 4250 est
640 4209 892 4263 magnum
942 4193 1290 4252 beneﬁcium.
1341 4203 1397 4248 et
1447 4206 1643 4262 magno
1697 4193 1877 4246 studio
1921 4207 2084 4260 appe-

522 4289 767 4351 tendum,
800 4285 945 4355 quod
978 4302 1074 4354 per
1126 4287 1274 4355 ipsos
1309 4287 1451 4340 Deus
1499 4285 1855 4354 gloriﬁcatur.
1893 4282 2005 4338 Hoc
2033 4293 2087 4337 et.

520 4394 644 4434 cum
680 4391 906 4444 corpore
935 4375 1242 4430 viventibus
1289 4384 1402 4428 erat
1432 4383 1751 4444 perpetuum
1782 4383 2080 4439 certamen,

519 4477 805 4538 postquam
864 4467 916 4519 in
981 4466 1176 4519 caelum
1234 4467 1559 4535 migrarunt.
1620 4469 1936 4520 continuum
1998 4477 2086 4521 est

517 4575 678 4626 opus,
722 4567 774 4611 et
811 4556 1084 4622 voluptas,
1121 4563 1177 4608 et
1227 4555 1370 4610 illius
1407 4555 1757 4611 beatitudinis
1791 4567 1972 4626 caput.
2023 4556 2078 4611 Si
2113 4591 2158 4650 ο

515 4652 660 4704 enim
707 4647 924 4718 quando
954 4647 1094 4700 bona
1145 4645 1224 4702 eis
1273 4648 1325 4700 in
1371 4662 1466 4718 spe
1505 4647 1679 4704 solum
1729 4659 1917 4713 erant,
1967 4651 2078 4704 Deo

519 4743 720 4812 gratias
770 4748 1030 4809 perpetuo
1072 4739 1324 4808 agebant,
1375 4750 1429 4796 et
1473 4743 1654 4796 omnia
1695 4741 1760 4796 ad
1795 4743 1917 4813 ejus
1961 4742 2080 4812 glo-

518 4837 653 4888 riam
712 4833 1020 4898 faciebant;
1065 4833 1375 4901 cujusmodi
1403 4843 1615 4902 oportet
1663 4851 1756 4890 eos
1796 4835 1847 4888 in
1881 4835 2082 4888 talibus

517 4926 851 4987 existimare,
905 4924 1126 4991 quando
1161 4923 1331 4978 multo
1381 4926 1558 4995 major
1603 4926 1820 4996 quidem
1871 4936 1954 4981 est
2000 4926 2080 4979 eis

517 5017 791 5082 gratitude
836 5026 890 5072 et
935 5017 1182 5072 beneﬁcii
1229 5017 1558 5078 recordatio.
1611 5033 1732 5072 cuin
1783 5015 1930 5071 omni
1967 5015 2077 5083 jam

519 5109 720 5160 virtute
779 5109 1002 5176 perfecti
1054 5118 1201 5174 sunt,
1255 5109 1400 5164 bona
1461 5118 1641 5163 autem
1696 5122 1800 5162 non
1859 5114 2081 5174 sperant

519 5200 790 5268 amplius,
852 5201 945 5254 sed
1013 5201 1129 5270 ipsa
1192 5200 1523 5270 experientia
1585 5199 1802 5254 discunt
1862 5198 2082 5252 Domini

521 5288 942 5356 benignitatem:
998 5293 1217 5358 quando
1265 5290 1452 5343 vident
1498 5289 1686 5358 quales
1725 5304 1787 5342 ex
1821 5289 2077 5358 qualibus

516 5381 642 5433 facti
675 5387 822 5440 sunt,
857 5393 954 5446 pro
981 5381 1220 5433 terrenis
1247 5379 1409 5442 soles,
1462 5393 1560 5448 pro
1586 5382 1759 5434 servis
1790 5389 2074 5447 contemp-

515 5471 584 5522 tis
635 5467 889 5521 bonorati
944 5467 1033 5520 ﬁlii
1081 5478 1131 5521 et
1182 5469 1329 5536 regni
1383 5468 1617 5522 emlestis
1667 5467 1929 5532 lueredes,
1978 5483 2084 5530 pro

515 5560 620 5612 rei;
659 5567 906 5626 potentes
951 5558 1034 5611 vel
1079 5557 1217 5611 alios
1264 5573 1293 5610 e
1341 5557 1448 5610 reis
1495 5559 1753 5621 (eximere,
1807 5573 1903 5625 per
1949 5573 2069 5611 eam

513 5665 674 5712 quam
728 5649 928 5702 habent
967 5650 1108 5717 apud
1161 5647 1408 5700 Judicctn
1461 5647 1676 5702 dicendi
1726 5649 2076 5703 libertatem?

516 5739 802 5806 Propterea
841 5739 987 5792 nulla
1039 5747 1143 5800 est,
1179 5737 1424 5804 inquam,
1472 5739 1552 5790 eis
1601 5738 1767 5792 Deum
1815 5739 2072 5793 laudandi

517 5829 754 5884 satietas.
790 5830 940 5885 Unde
974 5843 1071 5884 nec
1120 5828 1434 5884 existimant
1487 5829 1697 5898 seipsos
1747 5831 1892 5886 solos
1921 5832 2070 5887 suni-

2204 637 2479 706 ἀγιασμοῦ
2509 637 2818 707 δεομένους,
2855 638 2998 703 τίνος
3033 641 3196 693 ἕνεκα
3224 637 3471 699 καὶτοὺς
3507 631 3771 705 ἡγιασμέ-

2199 745 2321 790 νους
2351 729 2450 799 ἤδη
2503 730 2597 783 καὶ
2623 730 2802 784 πάντα
2829 730 3092 795 τελείους,
3136 731 3310 800 ταύτῃ
3344 730 3409 797 τῇ
3459 728 3770 795 δωροφορῖᾳ

2198 820 2502 884 δεξιοῦσθαι
2531 821 2881 890 πιστεύομεν,
2904 823 2998 875 καὶ
3032 823 3252 876 ἐπειδὰν
3272 821 3452 875 αὐτῶν
3477 835 3530 872 τι
3553 819 3770 890 δεηθὲνο

2197 930 2311 976 τες,
2362 916 2442 976 είς
2491 912 2814 984 ἐπικουρίαν
2868 911 3211 984 καλέσωμεν,
3255 912 3354 980 τὴν
3409 911 3519 964 τῶν
3578 905 3769 979 δώρων

2200 1004 2402 1058 τούτων
2456 1004 2868 1075 ὑπισχνούμεθα
2903 1006 3268 1074 λειτουργίαν,
3299 1002 3546 1074 ῶσπερῆ
3582 1002 3769 1064 αὐτοῖς

2200 1096 2376 1151 ταῦτα
2405 1096 2698 1168 ἀναθήσειν
2735 1097 3044 1166 μέλλοντες,
3075 1097 3107 1166 ἢ
3140 1097 3280 1165 ὑπὲρ
3309 1096 3515 1158 αὐτῶν,
3547 1095 3632 1147 ἵνα
3675 1093 3768 1160 γέ-

2199 1204 2400 1240 νωνται
2431 1187 2673 1258 βελτίους
2705 1206 2720 1254 ;
2753 1189 2876 1242 Ὀτι
2909 1188 3006 1242 καὶ
3050 1187 3237 1257 ἕτερός
3274 1189 3387 1238 ἔστι
3423 1185 3622 1255 τρόπος
3668 1186 3767 1251 τῆς

2197 1277 2539 1346 δωροφορίας
2586 1277 2813 1347 ταύτης,
2947 1276 3184 1346 πρόσθεν
3217 1277 3377 1345 ἔφην,
3427 1275 3554 1328 καθ’
3599 1272 3657 1326 ὅν
3697 1272 3767 1324 τὰ

2198 1367 2345 1438 δῶρα
2376 1368 2566 1434 ταῦτα,
2599 1371 2692 1422 καὶ
2725 1369 2831 1422 τῶν
2861 1369 3034 1436 ἀγίων
3061 1371 3293 1438 γίνεται,
3341 1367 3471 1421 ὅταν
3499 1366 3573 1427 ῶς
3604 1366 3766 1434 εὐχαο

2201 1460 2456 1530 ρεστήρια
2507 1461 2584 1531 τῷ
2620 1461 2741 1530 Θεῷ
2792 1462 3197 1530 προσάγωνται,
3247 1461 3390 1529 ὑπὲρ
3443 1460 3541 1529 τῆς
3587 1457 3766 1536 αὐτῶν

2198 1551 2380 1621 δόξης,
2409 1545 2477 1623 ἦς
2501 1552 2698 1616 αὐτοὺς
2723 1551 2962 1618 ὲδόξασε,
2989 1553 3084 1606 καὶ
3115 1552 3254 1620 ὑπὲρ
3281 1552 3377 1620 τῆς
3407 1549 3762 1610 τελειώσεως,

2196 1638 2263 1712 ἧς
2307 1643 2504 1706 αὐτοὺς
2533 1643 2871 1696 ἐτελείωσεν.
2909 1644 3066 1696 Ἔστι
3098 1643 3197 1711 μὲν
3241 1642 3351 1709 γὰρ
3394 1637 3488 1692 τοῦ
3521 1638 3656 1691 Θεοῦ
3695 1639 3765 1690 τά

2201 1733 2352 1802 δῶρα
2397 1733 2473 1797 ὡς
2503 1733 2653 1803 αὐτῷ
2685 1733 3050 1804 ἀνατιθέμενα
3075 1749 3090 1766 ο
3126 1732 3243 1786 ἔστι
3287 1732 3342 1785 δὲ
3374 1732 3469 1784 καὶ
3500 1729 3609 1782 τῶν
3648 1727 3762 1782 δέο-

2202 1827 2380 1894 μένων
2411 1825 2661 1897 βοηθείας
2705 1825 2913 1880 πιστῶν
2943 1826 3017 1888 ὼς
3042 1825 3364 1895 βοηθήματα
3390 1838 3406 1854 ·
3445 1823 3561 1874 ἔστι
3588 1820 3644 1874 δὲ
3670 1819 3764 1872 καὶ

2196 1916 2305 1969 τῶν
2333 1917 2526 1984 ἁγίων,
2555 1918 2638 1970 ὅτι
2665 1916 2846 1970 αὐτῶν
2872 1916 3031 1986 χάριν
3060 1913 3370 1969 ἀνατίθεται
3402 1911 3478 1980 τῷ
3513 1911 3652 1981 Θεῷ.

2268 2011 2340 2061 Τὸ
2366 2010 2473 2078 γὰρ
2531 2009 2671 2078 ἐμὴν
2727 2008 2885 2078 χάριν
2934 2007 3108 2070 δοθὲν,
3145 2004 3260 2073 ἐγὼ
3305 2003 3595 2074 λαμϐάνω,
3653 2001 3764 2055 κᾶν
3852 2065 3862 2074 ι

2197 2101 2444 2155 ὁστισοῦν
2479 2103 2505 2156 ό
2532 2100 2821 2170 δεχόμενος
2950 2099 3010 2152 οὐ
3039 2099 3150 2168 γὰρ
3195 2097 3376 2151 πάντα
3406 2095 3473 2148 τὰ
3505 2095 3762 2162 διδόμενα

2197 2194 2330 2262 ἡμῖν
2355 2191 2576 2246 ὁθενοῦν
2606 2193 2726 2255 ταῖς
2757 2191 2912 2262 χερσὶ
2943 2190 3294 2260 λαμϐάνομεν
3317 2190 3438 2249 ταῖς
3461 2187 3764 2257 ἡμετέραις

2199 2285 2380 2354 μόνον,
2413 2281 2548 2336 ἀλλά
2581 2281 2676 2335 καὶ
2703 2283 2822 2344 ταῖς
2866 2281 2976 2334 τῶν
3009 2279 3200 2348 φίλων,
3235 2278 3330 2331 καὶ
3366 2276 3477 2328 τῶν
3515 2275 3760 2335 οἰκείων,

2196 2378 2292 2429 καὶ
2324 2375 2511 2436 ἁπλῶς
2550 2375 2770 2428 πάντων
2795 2367 2876 2434 οἷς
2907 2373 2934 2424 ό
2962 2370 3305 2441 δωρούμενος
3337 2368 3428 2422 ἵνα
3469 2367 3620 2438 ἡμᾶς
3664 2367 3761 2418 εὐ-

2196 2465 2400 2535 φράνῃ,
2427 2465 2702 2534 δωρεῖται.
2741 2463 2839 2516 Διά
2863 2461 3022 2516 τοῦτο
3049 2463 3146 2516 καὶ
3169 2463 3197 2513 ό
3229 2460 3443 2530 Κύριος,
3475 2457 3584 2510 τῶν
3609 2473 3762 2509 πτω-

2194 2557 2306 2628 χῶν
2335 2556 2742 2626 λαμϐανόντων,
2777 2556 2859 2608 ὅτι
2889 2555 2939 2608 οί
2961 2553 3326 2624 χορηγοῦντες
3355 2551 3557 2612 αὐτοῖς,
3590 2547 3759 2602 αὐτοῦ

2194 2647 2354 2718 χάριν
2385 2649 2544 2700 τοῦτο
2571 2645 2837 2709 ποιοῦσιν,
2863 2645 3026 2708 αὐτὸς
3053 2644 3353 2713 λαμϐάνειν
3377 2641 3556 2718 φησίν.
3596 2639 3761 2694 Οὐτω

2197 2739 2290 2790 καὶ
2321 2739 2369 2788 oi
2395 2736 2540 2804 ἀγιοι
2568 2734 2746 2789 ταῦτα
2769 2734 2838 2788 τὰ
2867 2735 3015 2805 δῶρα
3043 2733 3430 2802 λαμϐάνουσιν,
3469 2733 3549 2785 ὅτι
3579 2729 3766 2784 αὐτῶν

2193 2830 2353 2899 χάριν
2383 2827 2700 2882 ἀνατίθεται
2729 2825 2806 2897 τῷ
2840 2825 2978 2896 Θεῷ.
3019 2826 3229 2895 Ὠσπερ
3273 2825 3380 2894 γὰρ
3417 2823 3505 2877 διὰ
3533 2823 3631 2892 vi];
3669 2821 3757 2874 .·οῦ

2193 2918 2432 2989 Χριστοῦ
2460 2919 2682 2992 ἀγάπην
2732 2921 2908 2972 ἐκεῖνο
2933 2918 3167 2985 γίνεται,
3205 2915 3351 2969 οὕτω
3392 2915 3481 2968 διὰ
3515 2913 3614 2985 τὴν
3645 2912 3760 2966 τῶν

2194 3011 2364 3076 ἁγίων
2395 3009 2618 3081 ἀγάπην
2655 3009 2836 3066 τοῦτο.
2871 3009 2994 3061 ’Ότι
3043 3009 3140 3077 μὲν
3179 3007 3292 3080 γὰρ
3332 3007 3539 3075 σφόδρα
3572 3001 3755 3072 φιλοῦο

2195 3117 2296 3170 μεν
2323 3100 2542 3164 αὐτοὺς,
2573 3099 2642 3152 τὰ
2693 3098 2874 3152 αὐτῶν
2907 3097 3089 3166 ἀγαθὰ
3118 3096 3364 3168 ἡμέτερα
3401 3093 3755 3164 λογιζόμεθα,

2193 3191 2289 3244 καὶ
2335 3189 2707 3260 συγχαίρομεν
2752 3188 2936 3251 αὐτοῖς
2985 3187 3087 3256 τῆς
3129 3185 3496 3255 εὐδαιμονίας,
3529 3185 3605 3244 ὼς
3661 3184 3758 3236 καὶ

2191 3279 2346 3331 αὐτοὶ
2378 3277 2698 3348 μετέχοντες
2751 3276 2858 3331 τῶν
2893 3275 3133 3343 ἀγαθῶν.
3173 3275 3327 3328 Οὕτω
3369 3274 3426 3327 δὲ
3472 3275 3757 3344 χαίροντες

2189 3372 2310 3433 ταῖς
2347 3369 2499 3438 παρά
2529 3369 2624 3422 τοῦ
2670 3367 2880 3438 Κυρίου
2927 3367 3244 3435 δεδομέναις
3272 3367 3454 3428 αὐτοῖς
3499 3367 3755 3435 δωρεαῖς,

2189 3460 2621 3532 εὐχαριστοῦμεν
2683 3458 2762 3528 τῷ
2814 3458 3090 3522 δεδωκότι,
3152 3458 3246 3510 καὶ
3295 3459 3363 3511 τὰ
3421 3455 3755 3528 χαριστήρια

2189 3554 2542 3624 προσάγομεν
2569 3551 2738 3620 δῶρα.
2778 3551 2853 3604 Οὐ
2879 3551 2968 3604 διὰ
3001 3549 3160 3604 τοῦτο
3205 3548 3263 3602 δὲ
3308 3548 3471 3618 μόνον
3505 3548 3658 3600 αὐτοὶ
3685 3545 3757 3598 ιεά

2187 3645 2336 3714 δῶρα
2387 3642 2784 3713 λαμϐάνουσιν,
2827 3643 2912 3695 ὅτι
2944 3641 3032 3693 διά
3081 3641 3181 3709 τὴν
3230 3639 3410 3692 αὐτῶν
3465 3638 3686 3708 ἀγάπην
3720 3638 3754 3702 ἡ

2186 3737 2496 3806 δωροφορία
2551 3735 2785 3803 γίνεται,
2837 3734 2954 3786 ἀλλ’
2996 3735 3082 3787 ὅτι
3129 3734 3224 3786 καὶ
3276 3732 3410 3786 αὐτὸ
3452 3729 3612 3784 τοῦτο
3643 3729 3754 3782 τῶν

2187 3828 2420 3898 ἡδίστων
2459 3826 2554 3880 καὶ
2580 3825 2787 3894 σφόδρα
2819 3825 3235 3895 κεχαρισμένων
3271 3823 3474 3887 αὐτοῖς,
3515 3820 3656 3888 λέγω
3684 3819 3753 3888 δὴ

2187 3920 2270 3982 τὸ,
2303 3919 2392 3972 τὸν
2421 3917 2555 3972 Θεὸν
2581 3916 2648 3970 δι’
2674 3915 2872 3978 αὐτοὺς
2897 3915 3124 3986 χάριτας
3155 3915 3431 3986 δέχεσθαι,
3464 3913 3558 3967 καὶ
3599 3911 3757 3975 δοξά-

2188 4011 2398 4078 ζεσθαι.
2435 4011 2646 4078 Ὥσπερ
2683 4010 2794 4080 γὰρ
2825 4008 3079 4078 μέγιστον
3109 4009 3414 4076 ἁμάρτημα
3441 4004 3549 4059 τῶν
3583 4021 3752 4072 πονη-

2191 4105 2301 4172 ρῶν
2329 4100 2640 4170 ἀνθρώπων
2661 4100 2721 4152 τὸ
2751 4097 3184 4168 βλασφημεῖσθαι
3212 4099 3272 4150 τὸ
3297 4099 3468 4166 ὄνομα
3495 4095 3586 4149 τοῦ
3610 4094 3751 4147 Θεοῦ

2185 4195 2253 4248 δι’
2283 4194 2507 4256 αὐτούς’
2549 4191 2691 4245 οὕτω
2741 4191 2885 4261 μέγα
2921 4189 3274 4259 κατόρθωμα,
3314 4190 3408 4242 καὶ
3450 4186 3753 4257 περισπού-

2185 4286 2380 4339 δαστον
2417 4287 2530 4348 τοῖς
2553 4284 2750 4352 ἁγίοις,
2795 4284 2857 4334 τὸ
2897 4280 2968 4332 δι’
3001 4283 3198 4344 αὐτοὺς
3247 4282 3337 4335 τὸν
3380 4282 3513 4334 Θεὸν
3539 4279 3750 4346 δοξάζε-

2191 4378 2335 4431 σθαι.
2370 4376 2539 4428 Τοῦτο
2566 4378 2658 4428 καὶ
2691 4376 2829 4444 μετά
2862 4377 3116 4444 σώματος
3145 4376 3278 4438 ζῶσι
3317 4374 3569 4444 διηνεκὴς
3595 4375 3750 4441 ἀγὼν

2185 4463 2275 4540 ἦν,
2329 4470 2422 4522 καὶ
2457 4469 2787 4540 μεταστᾶσιν
2837 4469 2916 4532 εἰς
2961 4470 3053 4522 τὸν
3113 4467 3341 4539 οὐρανὸν
3400 4467 3556 4537 ἔργον
3598 4468 3750 4520 ἐστὶν

2187 4560 2419 4629 ἄληκτον
2451 4561 2545 4614 καὶ
2573 4561 2776 4631 τρυφὴ,
2815 4561 2910 4615 καὶ
2943 4561 3042 4630 τῆς
3099 4560 3502 4629 μακαριότητος
3530 4560 3748 4628 ἐκείνης

2186 4654 2499 4722 κεφάλαιον.
2532 4656 2594 4709 Et
2625 4655 2734 4724 γὰρ
2779 4656 2866 4708 ὅτε
2905 4655 2973 4708 τὰ
3007 4654 3185 4721 ἀγαθά
3212 4657 3268 4706 ἐν
3317 4653 3527 4706 ἐλπίσιν
3551 4647 3617 4722 ἦν
3645 4650 3748 4718 μό·

2187 4761 2275 4796 νον
2323 4745 2525 4807 αὐτοῖς,
2565 4745 2833 4798 διετέλουν
2862 4746 2920 4797 ὲν
2964 4747 3124 4798 παντὶ
3170 4743 3618 4815 εὐχαριστοῦντες
3664 4741 3749 4811 τῷ

2182 4835 2323 4904 Θεῷ,
2355 4836 2451 4888 καὶ
2491 4835 2666 4888 πάντα
2694 4835 2774 4898 είς
2804 4835 2962 4900 δόξαν
2986 4834 3154 4890 αὐτοῦ
3185 4835 3465 4898 ποιοῦντες
3489 4852 3504 4867 ·
3528 4834 3747 4893 ὁποίους

2183 4923 2374 4985 αὐτοὺς
2406 4921 2658 4990 γενέσθαι
2685 4923 2752 4976 τὰ
2784 4923 3018 4990 ,τοιαῦτα
3047 4925 3152 4996 χρὴ
3186 4925 3456 4994 νομίζειν,
3501 4926 3590 4978 ὅτε
3622 4925 3746 4992 μεί-

2182 5011 2292 5076 ζων
2327 5013 2424 5079 μὲν
2474 5014 2658 5076 αὐτοῖς
2712 5016 3174 5085 ἡεύγνωμοσύνη
3227 5017 3408 5087 πολλῷ
3441 5017 3517 5087 τῷ
3567 5018 3742 5086 μέσῳ,

2179 5103 2405 5166 τελείοις
2436 5104 2538 5174 ἤδη
2570 5107 2749 5180 πᾶσαν
2781 5106 2981 5176 ἀρετὴν
3010 5109 3348 5176 γενομένοις,
3383 5109 3452 5162 τά
3483 5110 3537 5163 δὲ
3562 5110 3744 5176 ἀγαθά

2178 5194 2363 5247 οὐκέτι
2389 5195 2700 5258 ἐλπίζουσιν
2720 5213 2735 5228 ο
2772 5196 2886 5249 ἀλλ’
2912 5199 3048 5268 αὐτῇ
3075 5200 3241 5270 πείρᾳ
3274 5200 3606 5268 μανθάνουσι
3643 5202 3742 5269 τὴν

2179 5285 2272 5337 τοῦ
2297 5286 2567 5338 Δεσπότου
2601 5287 2932 5357 φιλοτιμίαν,
2960 5291 3046 5342 ὅτε
3067 5290 3266 5354 ὁρῶσιν
3287 5291 3510 5354 ἑαυτοὺς
3532 5291 3590 5355 ἐξ
3611 5292 3740 5344 οἵων

2179 5373 2279 5428 οἷοι
2310 5379 2597 5445 γεγόνασιν
2630 5380 2750 5432 ἀντὶ
2789 5382 3028 5450 πηλίνων
3058 5384 3221 5450 ἣλιοι,
3248 5383 3367 5436 ἀντὶ
3399 5385 3602 5436 δούλων
3624 5385 3744 5453 ὴτιο

2182 5468 2448 5536 μωμένων
2519 5471 2626 5522 υἱοὶ
2654 5472 2842 5538 τίμιοι,
2879 5473 2971 5525 καὶ
3005 5472 3283 5541 βασιλείας
3324 5476 3568 5545 οὐρανῶν
3606 5478 3744 5550 κλη-

2179 5559 2398 5624 ρονόμοι
2425 5575 2439 5589 ο
2465 5559 2582 5612 ἀντὶ
2617 5562 2955 5628 ὑπευθύνων,
2982 5559 3199 5618 δυνατοὶ
3243 5568 3335 5619 καὶ
3359 5567 3552 5628 ἄλλους
3591 5566 3742 5620 λύειν

2177 5646 2434 5718 εὐθύνης,
2490 5653 2554 5720 τῇ
2611 5653 2750 5721 πρδς
2794 5655 2884 5708 τὸν
2939 5657 3210 5725 Δικαστὴν
3261 5657 3577 5727 παρῤησίᾳ;
3639 5659 3744 5712 Διὰ

2177 5739 2334 5791 τοῦτο
2379 5741 2506 5794 οὐδὲ
2546 5745 2707 5812 κόρος
2755 5747 2903 5800 ἐστὶν
2931 5749 3116 5811 αὐτοῖς
3143 5748 3318 5812 οὐδεὶς
3347 5749 3454 5802 τῶν
3487 5751 3568 5811 εἰς
3600 5749 3741 5804 Θεδν

2179 5832 2400 5900 ὓμνωνο
2443 5837 2562 5890 οὐδὲ
2603 5838 2912 5908 νομίζουσιν
2939 5842 3088 5894 αὐτοὶ
3137 5841 3286 5911 μόνοι
3317 5840 3454 5912 πρὸς
3501 5839 3601 5911 τὴν
3645 5843 3743 5895 εὐ·-
