4132 6308
287 396 394 459 ΜἏ

1478 395 1884 464 LITURGIE
1924 401 2363 472 EXPOSITIO.

3441 411 3544 480 ἐτι

287 502 580 577 χαριστίαν
611 500 819 574 ἀρκεῖν.
858 503 1022 557 Ὅθεν
1049 503 1336 573 βούλονται
1383 509 1592 573 πάντας
1619 513 1712 563 καὶ
1758 512 1856 576 ἁγ-

1972 526 2086 566 rere
2119 513 2184 567 ad
2213 515 2450 583 agendas
2477 519 2700 587 gratias.
2734 514 2894 571 Unde
2925 515 3115 572 volunt
3141 517 3304 572 etiam
3352 531 3544 574 omnes

289 598 492 667 γέλους
535 596 628 649 καὶ
661 594 985 662 ἀνθρώπους
1030 597 1178 666 ἔχειν
1207 597 1399 652 τοῦτον
1453 601 1637 664 αὐτοῖς
1676 619 1868 670 συνερ-

291 684 634 756 γαζομένους
686 685 774 738 τὸν
827 687 1030 756 ῦμνονο
1089 689 1174 740 ἵνα
1223 689 1284 740 τὸ
1327 689 1550 760 ὄφλημα
1607 693 1785 745 αὐτῶν
1825 696 1859 763 ἡ

295 781 608 850 εὐχαριστία
658 780 731 847 τῷ
768 781 888 850 Θεῷ
923 781 1207 851 ἐγγυτέρω
1254 783 1353 850 τῆς
1403 784 1561 850 ἀξίας
1601 785 1867 856 ἀποδοθῇ,

297 870 711 923 πολλαπλασίων
739 863 945 940 ⁴ἑαυτῆς
983 872 1274 940 γενομένη,
1310 875 1378 943 τῇ
1429 875 1718 945 προσθήκῃ
1753 876 1864 928 τῶν

245 1037 248 1041 ἡ
298 962 568 1032 ὑμνητῶν.
601 963 713 1014 Καὶ
742 963 955 1014 τούτων
999 963 1280 1031 μάρτυρες
1331 965 1382 1016 οἱ
1432 968 1561 1035 περὶ
1606 967 1863 1036 Ἀζαρίαν

295 1055 438 1120 ἅγιοι
465 1055 676 1118 παῖδες,
704 1055 755 1107 οἱ
785 1054 883 1106 τοῦ
915 1055 1087 1122 πυρὸς
1109 1058 1506 1127 κρατήσαντες,
1534 1062 1626 1113 καὶ
1654 1062 1861 1132 ταύτην

291 1149 444 1216 παρᾶ
473 1147 570 1198 τοῦ
597 1147 734 1200 Θεοῦ
767 1147 890 1199 τότε
921 1147 1184 1210 λαϐόντες
1217 1149 1315 1219 τὴν
1350 1151 1512 1220 χάριν
1539 1168 1552 1182 ·
1605 1155 1727 1206 ἐπεὶ
1754 1154 1863 1207 ἔδει

291 1241 388 1291 καὶ
420 1239 621 1302 αὐτοὺς
650 1241 752 1308 τῆς
787 1239 1095 1310 παραδόξου
1125 1240 1329 1309 ταύτης
1375 1243 1654 1313 σωτηρίας
1699 1246 1862 1316 χάρι-

286 1347 388 1394 τας
419 1332 766 1402 ὁμολογῆσαι
796 1333 873 1402 τῷ
898 1333 1157 1398 σώσαντι,
1187 1336 1284 1387 καὶ
1311 1333 1555 1404 ὑμνῆσαι
1594 1337 1696 1391 οὐκ
1725 1338 1866 1406 ἠγά-

284 1439 493 1491 πησαν,
535 1425 585 1476 εί
617 1425 771 1476 αὐτοὶ
805 1424 964 1494 μόνον
995 1425 1349 1493 ὑμνήσουσιν,
1375 1426 1498 1477 οὐδὲ
1521 1425 1621 1496 τὴν
1653 1427 1864 1481 ἑαυτῶν

283 1513 421 1584 βοὴν
457 1517 652 1585 ἀρκεῖν
703 1516 982 1585 ἐνόμισαν,
1016 1516 1152 1570 ἀλλά
1185 1517 1281 1570 καὶ
1323 1518 1591 1586 ἀγγέλους
1632 1523 1861 1574 συνεκάο

283 1608 440 1673 λουν,
469 1611 564 1662 καὶ
597 1607 900 1677 ἀνθρώπων
948 1608 1168 1664 ἅπαντα
1192 1612 1346 1680 γένη,
1387 1612 1481 1664 καὶ
1510 1611 1734 1680 οὐρανὸν
1765 1613 1861 1666 αὐ·

280 1700 406 1765 τὸν,
437 1701 533 1752 καὶ
561 1699 653 1752 τὸν
687 1700 859 1769 ἥλιον,
908 1703 1008 1754 καὶ
1047 1701 1175 1764 τοὺς
1217 1703 1476 1772 ἀστέρας,
1507 1703 1602 1757 καὶ
1632 1705 1736 1774 γῆν
1765 1706 1862 1757 καὶ

281 1791 415 1861 ὅρη,
444 1792 537 1844 καὶ
571 1791 740 1859 ἄλογα
769 1793 951 1846 πάντα
1001 1795 1094 1847 καὶ
1116 1793 1298 1864 ἄψυχα
1325 1811 1339 1826 ’
1385 1797 1478 1848 καὶ
1514 1795 1718 1861 ἁπλῶς,
1756 1797 1856 1850 πᾶ-

285 1901 396 1938 σαν
427 1884 524 1954 τὴν
568 1884 764 1938 κτίσιν.
812 1885 1063 1955 Τοσαύτη
1118 1885 1212 1939 τοῦ
1254 1887 1346 1939 τὸν
1389 1886 1523 1939 Θεὸν
1572 1889 1862 1957 ὑμνεῖσθαι

290 1977 448 2048 παρὰ
477 1979 590 2040 τοῖς
641 1977 820 2045 ἁγίοις
849 1977 1140 2044 ἐπιθυμία,
1182 1977 1276 2030 καὶ
1314 1979 1454 2046 μετὰ
1499 1977 1754 2046 σώματος
1785 1980 1865 2032 ἔτι

291 2069 452 2134 ζῶσι,
515 2070 612 2124 καὶ¹
673 2070 857 2140 πολλῷ
924 2069 1127 2138 μᾶλλον
1187 2069 1555 2135 ἀπαλλαγεῖσι
1613 2069 1708 2122 τοῦ
1767 2070 1866 2122 σώ-

292 2179 486 2233 ματος.

369 2258 538 2313 Ὄθεν
569 2259 622 2313 εἴ
669 2275 753 2322 τις
781 2257 964 2312 αὐτῶν
997 2257 1348 2327 μεμνημένος
1386 2258 1481 2312 καὶ
1519 2259 1620 2329 τῆς
1661 2256 1870 2312 εὐδοκι-

305 2349 519 2418 μήσεως
553 2348 756 2413 αὐτῶν,
796 2350 889 2401 καὶ
924 2347 1023 2418 τῆς
1061 2349 1488 2418 μακαριότητος,
1525 2350 1619 2403 καὶ
1653 2349 1751 2419 τῆς
1773 2348 1868 2402 ’δό-

300 2436 413 2508 ὃγς,
444 2439 536 2491 τὸν
570 2438 992 2507 στεφανώσαντα
1039 2438 1176 2492 Θεὸν
1210 2439 1494 2508 ὑμνήσειε,
1551 2440 1716 2512 χάριν
1767 2439 1869 2492 αὖ-

300 2530 407 2590 τοῖς
436 2526 794 2581 κατατίθεται
823 2528 1064 2598 χαρίτων
1099 2528 1329 2580 ἁπασῶν
1373 2529 1475 2597 τὴν
1501 2521 1865 2599 τιμιωτέραν,

298 2620 388 2671 καὶ
439 2618 654 2686 μάλιστ’
711 2619 840 2670 ὅταν
891 2619 1114 2686 ποιῆται
1143 2621 1242 2688 τὴν
1288 2619 1547 2688 ῦμνησιν,
1575 2620 1633 2672 οὐ
1665 2621 1870 2688 φωναῖς

208 2729 218 2737 ·
300 2708 482 2778 ψιλαῖς
518 2711 696 2778 μόνον,
734 2709 868 2764 ἀλλά
917 2711 1010 2762 καὶ
1054 2709 1244 2778 δώρων
1280 2711 1654 2782 χαριστηρίων
1699 2729 1872 2780 προσ-

305 2802 514 2881 αζωγῇ,
552 2800 648 2851 καὶ
692 2797 882 2868 δώρων
925 2799 1068 2853 οὕτω
1114 2800 1321 2871 σφόδρα
1359 2800 1567 2854 δεκτῶν
1617 2801 1699 2870 τῷ
1729 2799 1869 2869 Θεῷ,

307 2892 394 2943 καὶ
423 2891 622 2959 τιμίων
657 2889 756 2959 τὴν
786 2892 1046 2944 ἀνωτάτω
1071 2893 1256 2963 τιμήν.
1290 2892 1607 2960 Τηνικαῦτα
1636 2891 1747 2961 γὰρ
1776 2908 1872 2945 κα-

308 2984 478 3054 θάπερ
522 2984 680 3046 αὐτὸς
711 2986 739 3036 ό
770 2985 981 3053 Σωτὴρ,
1023 2983 1180 3047 ῖλεως
1230 2984 1372 3038 αύτά
1412 2984 1724 3053 δεχόμενος,
1776 2985 1870 3037 καὶ

306 3077 438 3145 ὑπὲρ
467 3077 645 3129 πᾶσαν
689 3075 918 3145 νομικὴν
957 3075 1218 3144 λατρείαν
1247 3077 1307 3128 τὸ
1353 3076 1516 3146 σῶμα
1550 3077 1682 3146 ἡμῖν
1715 3077 1866 3128 ἀντι·

1924 645 1932 652 .
1973 607 2193 674 angelos
2232 617 2282 660 et
2327 606 2574 663 homines
2623 609 2687 661 ad
2736 607 2858 676 ejus
2905 608 3117 662 laudem
3154 609 3540 663 celebrandam

1976 696 2175 750 habere
2236 698 2534 763 auditores,
2585 709 2644 752 ut
2696 714 2883 753 eorum
2933 700 3196 764 debitum,
3245 703 3541 768 gratiarum

1973 787 2183 841 scilicet
2215 787 2323 842 Deo
2368 790 2530 854 actio,
2577 805 2643 844 eo
2698 791 2921 860 propius
2961 807 3058 861 pro
3113 793 3374 860 dignitate
3425 794 3539 847 sol-

1970 886 2150 941 vatur,
2184 879 2543 948 multiplicata
2579 896 2676 948 per
2722 881 3060 936 laudatorum
3093 883 3540 940 additamentum.

1973 969 2036 1022 Et
2069 971 2170 1024 hoc
2202 979 2472 1026 testantur
2501 973 2673 1026 sancti
2701 973 2910 1028 Azarize
2943 975 3056 1039 lilii,
3093 977 3330 1045 quicum
3361 978 3540 1045 ignem

1968 1061 2251 1125 vicissent,
2289 1073 2346 1116 et
2379 1079 2496 1116 eam
2537 1074 2666 1118 tunc
2709 1065 2940 1135 gratiam
2975 1082 3004 1120 a
3039 1066 3148 1120 Deo
3183 1066 3540 1136 accepissent,

1970 1152 2411 1222 quandoquidem
2446 1157 2730 1224 oportebat
2766 1156 2913 1226 ipsos
2950 1168 3168 1225 propter
3200 1159 3338 1212 hanc
3368 1161 3543 1214 adrni-

1972 1240 2199 1294 rabilem
2235 1252 2290 1296 et
2330 1243 2666 1312 inepinatam
2713 1248 2946 1301 salutem
2987 1246 3096 1300 Deo
3129 1248 3334 1317 gratias
3359 1265 3541 1318 agere.

1971 1332 2064 1401 qui
2120 1347 2216 1388 eos
2263 1344 2599 1402 servaverat,
2653 1346 2706 1392 ct
2757 1353 2881 1392 cum
2937 1339 3184 1401 lattdare,
3243 1355 3347 1392 non
3405 1343 3545 1393 satis

1972 1422 2303 1490 habuerunt,
2335 1426 2380 1480 si
2431 1426 2533 1494 ipsi
2568 1427 2667 1482 soli
2722 1428 3034 1493 laudarent,
3067 1446 3165 1484 nec
3195 1446 3352 1484 suum
3387 1433 3542 1484 anxi—

1971 1515 2102 1570 lium
2159 1517 2410 1573 sullicere
2469 1521 2885 1586 existimarunt,
2942 1523 3035 1576 sed
3098 1523 3262 1576 etiam
3324 1525 3546 1592 allgt'iﬂs

1971 1619 2342 1664 convocarunt
2389 1620 2443 1664 et
2467 1597 2651 1665 omnia
2685 1613 2965 1666 hominum
2996 1628 3192 1682 genera
3218 1629 3232 1671 :
3262 1625 3315 1667 et
3345 1615 3543 1668 cmlum

1970 1699 2172 1771 ipsum,
2217 1711 2272 1758 et
2322 1703 2514 1768 solem,
2551 1715 2605 1759 et
2635 1715 2800 1769 astra,
2831 1716 2885 1759 et
2941 1717 3166 1772 terram,
3219 1715 3272 1760 et
3308 1717 3546 1771 montes,

1968 1801 2022 1848 et
2061 1795 2246 1850 omnia
2282 1797 2509 1851 rationis
2553 1807 2606 1852 et
2639 1797 2834 1851 anima:
2881 1798 3148 1866 expertia,
3197 1809 3250 1855 et
3301 1815 3542 1864 omnem,

1965 1894 2026 1940 ut
2075 1886 2244 1940 semel
2301 1887 2505 1952 dicam,
2563 1896 2894 1942 creaturam.
2954 1889 3189 1943 Tantum
3231 1898 3314 1944 est
3372 1893 3542 1945 Deum

1967 1979 2224 2034 laudandi
2274 1981 2415 2049 apud
2468 1991 2688 2035 sanctos
2735 1981 3093 2048 desiderium,
3145 1985 3310 2037 etiam
3361 1985 3542 2039 adhuc

1968 2088 2092 2126 cum
2131 2087 2363 2141 corpore
2418 2074 2682 2139 viventes,
2735 2085 2789 2128 et
2821 2076 2992 2131 multo
3028 2075 3203 2145 magis
3249 2087 3538 2148 postquam

1969 2177 1997 2216 a
2028 2178 2255 2231 corpore
2280 2163 2658 2218 discesserint.

2044 2253 2196 2308 Unde
2230 2254 2274 2307 si
2328 2254 2450 2322 quis
2482 2270 2669 2308 eorum
2721 2258 3062 2322 recordatus,
3097 2274 3398 2329 eorumque
3444 2262 3544 2315 he-

1971 2348 2145 2412 noris,
2179 2345 2537 2400 beatitudinis
2569 2353 2624 2398 et
2670 2346 2877 2415 gloriae,
2907 2346 3076 2402 Deum
3129 2350 3221 2416 qui
3268 2364 3362 2403 eos
3391 2364 3548 2402 coro-

1974 2435 2142 2499 navit,
2203 2431 2551 2497 laudaverit,
2615 2433 2810 2488 tribuit
2867 2435 2949 2490 eis
3013 2437 3242 2506 gratiam
3301 2438 3546 2492 omnium

1972 2527 2274 2597 gratiarum
2339 2523 2866 2593 praestantissimam,
2933 2533 2987 2578 et
3039 2527 3278 2581 maxime
3329 2527 3545 2596 quando

1972 2635 2079 2673 non
2110 2618 2241 2672 solis
2274 2617 2499 2671 vocibus
2531 2617 2746 2670 laudem
2774 2616 3032 2680 celebrat,
3064 2621 3155 2672 sed
3183 2618 3346 2672 etiam
3374 2619 3545 2673 dono-

1975 2724 2092 2764 rum
2156 2722 2253 2778 pro
2303 2706 2492 2778 gratiis
2553 2708 2781 2776 agendis
2823 2708 3125 2772 oblatione,
3167 2719 3222 2764 et
3273 2710 3539 2764 donorum

1972 2798 2082 2853 Deo
2139 2798 2275 2851 adeo
2331 2806 2680 2865 acceptorum
2743 2806 2798 2852 et
2856 2800 3221 2868 pretiosorum
3285 2815 3543 2870 supremo

1973 2892 2199 2944 honore.
2229 2888 2385 2944 Tunc
2413 2890 2584 2954 enim,
2635 2890 3094 2959 quemadmodum
3138 2893 3252 2961 ipse
3288 2891 3543 2946 Sen-ator

1971 2980 2239 3050 pr0pitius
2267 2980 2382 3050 ipsa
2411 2980 2734 3048 suscipiens,
2799 2987 2850 3034 et
2889 2997 3054 3049 super
3083 2996 3300 3036 omnem
3337 2983 3540 3036 cultum

1972 3074 2225 3144 legalem,
2257 3087 2418 3127 suum
2453 3087 2653 3141 corpus
2685 3081 2738 3127 et
2788 3075 3109 3141 sanguinem
3148 3074 3438 3128 retribuit:
3469 3074 3542 3126 ita

300 3165 495 3230 ὃῧωσι,
531 3166 624 3219 καὶ
657 3166 718 3218 τὸ
755 3160 928 3232 αἷμα·
963 3163 1108 3217 οὕτω
1138 3165 1234 3218 καὶ
1277 3165 1431 3218 αὐτοὶ
1463 3167 1746 3235 χαίροντες
1774 3166 1867 3218 αὐ-

1974 3167 2134 3220 etiam
2167 3163 2268 3231 ipsi
2300 3163 2380 3216 eis
2417 3165 2738 3232 gaudentes,
2777 3174 2834 3217 ut
2872 3164 3021 3219 nullo
3053 3166 3306 3230 aliorum,
3343 3164 3543 3234 quibus

303 3261 428 3318 τᾶς,
465 3257 542 3320 ὡς
588 3257 766 3332 οὐδενὶ
803 3257 912 3309 τῶν
937 3256 1136 3316 ἄλλων,
1169 3252 1251 3318 οἷς
1285 3257 1484 3319 αὐτοὺς
1529 3257 1864 3327 θεραπεύειν

303 3350 585 3418 δαοῦμεν,
608 3349 765 3410 ὅλους
798 3350 1134 3418 παρέχουσιν
1163 3349 1296 3416 ἡμῖν
1323 3347 1556 3411 ἑαυτοὺς
1589 3349 1866 3402 συντελεῖν

301 3431 434 3510 ’πρὸς
485 3443 594 3495 πᾶν
628 3441 656 3494 ὃ
689 3455 742 3492 τι
783 3440 917 3511 ἡμῖν
964 3438 1268 3507 συμφέρει·
1304 3438 1582 3511 πανταχοῦ
1633 3439 1743 3510 γάρ
1777 3439 1866 3494 τὸν

304 3533 508 3588 ἑαυτῶν
537 3531 836 3604 μιμοῦνται
864 3529 1167 3598 Δεσπότην.

872 3641 1124 3696 ΚΕΦΑΛ.
1151 3642 1285 3697 ΜΘ’.

301 3758 464 3835 Πρες.
493 3756 638 3822 τοὺς
674 3755 968 3835 λέγοντας
1004 3753 1122 3835 τὴν
1145 3753 1215 3807 ἐν
1252 3753 1718 3835 ζῇλειιτοιινργζᾳ
1751 3757 1870 3835 τῷν

395 3988 518 4041 Ἀλλ’
536 3987 768 4040 ἐνταῦθά
789 4003 933 4048 τινες
954 3985 1339 4055 ἠπατήθησαν,
1363 3987 1464 4040 οὐκ
1479 3987 1867 4056 εὐχαριστίαν,

303 4077 430 4133 ἀλλ’
465 4079 656 4133 κεσίαν
711 4077 852 4146 ὑπὲρ
901 4075 1010 4130 τῶν
1041 4075 1215 4143 ἁγίων
1266 4078 1406 4146 πρὸς
1442 4077 1533 4129 τὸν
1584 4077 1719 4130 Θεδν
1769 4078 1871 4146 τὴν

310 4171 525 4242 μνήμΝ
560 4171 740 4225 αὐτῶν
792 4166 933 4223 εἶναι
988 4167 1338 4237 νομίσαντες,
1392 4169 1493 4221 οὐκ
1543 4162 1658 4221 οἶδα
1712 4169 1874 4222 πόθεν

307 4261 558 4324 λαϐόντς
589 4262 698 4314 τῶν
727 4259 1010 4329 λογισμῶν
1035 4257 1244 4311 τούτων
1287 4259 1386 4322 τὰς
1419 4260 1697 4331 ἀφορμάς.
1736 4259 1874 4314 Οῦτε

308 4354 430 4420 γὰρ
473 4350 561 4404 ἁδὺ
609 4351 721 4403 τῶν
753 4351 1101 4419 πραγμάτων
1151 4349 1334 4402 αὐτῶν
1383 4349 1557 4402 ταῦτα
1593 4350 1875 4406 πιστεύειν

313 4433 618 4502 ἀκόλουίον,
667 4436 793 4490 οὔτε
829 4437 938 4489 ἀπὸ
987 4436 1097 4489 τῶν
1127 4436 1364 4491 ἐνταῦθα
1411 4438 1510 4508 τῆς
1558 4439 1876 4510 ἱερουργίας

1970 3256 2117 3323 ipsos
2143 3253 2323 3307 colere
2378 3253 2648 3319 videmur,
2685 3263 2828 3308 totos
2863 3255 3070 3322 seipsos
3122 3257 3277 3310 nobis
3308 3258 3544 3325 praebent

1969 3347 2036 3401 ad
2097 3343 2387 3400 ferendum
2445 3344 2711 3398 auxilium
2771 3345 2825 3398 in
2885 3345 3032 3399 omni
3090 3361 3148 3400 re
3201 3361 3321 3415 qua:
3385 3348 3546 3401 nobis

1968 3440 2271 3506 conducit;
2339 3439 2630 3494 Dominum
2685 3440 2831 3494 enim
2885 3455 3043 3495 suum
3098 3440 3246 3496 omni
3292 3457 3355 3495 ex
3393 3451 3546 3510 parte

1968 3533 2269 3588 imitantur.

2568 3642 2720 3702 CAP.
2764 3643 2946 3701 XLIX.

1973 3760 2232 3814 Adversus
2266 3776 2354 3814 eos
2387 3758 2475 3830 qui
2504 3759 2692 3814 dicunt
2737 3769 3041 3814 sanctorum
3067 3774 3184 3829 qua:
3212 3760 3273 3828 ﬁt
3305 3760 3361 3812 in
3393 3774 3546 3830 sacro

2042 3830 2310 3899 mysterio,
2356 3829 2683 3899 memoriam,
2743 3846 2853 3884 esse
2902 3831 3192 3884 sacerdotis
3239 3846 3336 3899 pro
3365 3830 3441 3884 eis
3477 3829 3545 3881 ad

2047 3898 2210 3953 Deum
2243 3898 2702 3968 supplicationem.

2044 3988 2150 4041 Sed
2205 3988 2295 4041 hic
2325 3989 2574 4042 nonnulli
2626 3987 2839 4056 decepti
2890 3997 3039 4052 sunt,
3091 4002 3198 4042 non
3252 3989 3543 4058 gratiarum

1975 4077 2268 4141 actionem,
2293 4077 2384 4130 sed
2418 4092 2518 4146 pro
2547 4078 2753 4131 sanctis
2774 4077 2839 4130 ad
2874 4076 3041 4130 Deum
3098 4078 3545 4146 supplicationem

1976 4181 2168 4222 eorum
2206 4166 2530 4219 memoriam
2571 4180 2694 4218 esse
2723 4173 3000 4234 putantes,
3051 4167 3239 4221 nescio
3275 4167 3543 4221 undenam

1977 4268 2195 4330 accepta
2236 4257 2336 4311 hac
2369 4256 2641 4324 cOgitandi
2698 4258 3006 4311 occasione.
3048 4255 3234 4326 Neque
3285 4258 3430 4312 enim
3481 4272 3545 4311 ex

1976 4351 2112 4422 ipsis
2145 4351 2309 4405 rebus
2339 4360 2421 4404 est
2448 4348 2562 4406 haec
2598 4353 2820 4403 credere
2862 4359 3313 4413 consentaneum,
3347 4366 3446 4405 nec
3479 4368 3545 4406 ex

1979 4441 2114 4512 ipsis
2145 4441 2326 4496 verbis
2352 4440 2628 4495 sacriﬁcii.
2663 4437 2726 4492 Et
2752 4439 2892 4509 quod
2927 4455 3107 4494 rerum
3141 4441 3362 4510 quidem
3392 4443 3540 4495 veri-

315 4525 591 4598 ρημάτω.
624 4529 735 4582 Καὶ
786 4528 846 4580 τὸ
878 4527 976 4594 μὲν
1028 4530 1176 4591 εἰκὸς
1218 4529 1326 4582 τῶν
1381 4532 1746 4598 πραγμάτων,
1788 4533 1867 4584 ὅτι

1973 4534 2269 4590 similitudo
2317 4534 2552 4588 multum
2599 4533 2752 4587 abest
2804 4539 2863 4586 ut
2916 4533 3030 4588 haec
3085 4534 3378 4595 concedat,
3418 4535 3544 4588 hinc

318 4617 527 4674 πολλοῦ
557 4613 616 4672 δί
663 4617 892 4673 τοιαῦτα
943 4623 1283 4690 συγχωρεῖν,
1330 4620 1489 4690 δῆλον
1539 4621 1770 4676 ἐκεῖθεν.
1812 4623 1874 4675 El

317 4713 437 4782 γὰρ
467 4708 668 4778 εῦλχειαι
712 4712 851 4783 ὑπὲρ
881 4712 990 4767 τῶν
1040 4713 1214 4780 ἀγίων
1248 4716 1280 4784 ἡ
1323 4714 1644 4784 Ἐκκλησία,
1693 4717 1877 4768 ἐκεῖνα

319 4803 552 4858 πάντως
601 4801 782 4867 ε’ξαιτ’
823 4801 889 4854 ἂν
933 4801 968 4855 ἃ
1012 4801 1206 4854 εἴωθεν
1257 4800 1512 4871 εὔχεσθαι
1572 4804 1872 4874 πανταχοῦ.

322 4895 460 4949 Τίνα
487 4892 545 4945 δέ
573 4892 699 4945 saw
733 4892 772 4947 ἀ
797 4891 1019 4962 εὔχεται
1049 4893 1164 4956 τοῖς
1193 4895 1626 4964 κεκοιμημένοις
1653 4912 1668 4961 ;
1702 4896 1875 4964 Ἀφε-

328 5005 416 5050 σις
447 4986 735 5054 ἁμαρτών,
767 4985 1046 5056 βασιλείας
1085 4985 1446 5057 κληρονομία,
1488 4988 1792 5050 ἀνάπαυσις
1818 4989 1876 5041 ὲν

327 5082 444 5140 τοῖς
499 5074 714 5138 κόλποι,
763 5078 1020 5146 Ἀϐραὰμ
1077 5079 1216 5146 μετὰ.
1267 5078 1377 5130 τῶν
1437 5080 1876 5150 τετελειωμένων

327 5174 528 5239 ἁγίων.
580 5165 745 5222 Ταῦτι
792 5173 894 5239 τῆς
938 5170 1268 5239 Ἐκκλησίας
1311 5169 1466 5240 εὐχὴ,
1501 5171 1651 5240 παρὰ
1703 5170 1877 5224 ταῦτα

329 5265 486 5318 οὐδὲν
521 5260 592 5314 ἂν
649 5257 807 5326 εὔρις
856 5260 1162 5330 εὐχομένην
1213 5261 1321 5323 τοῖς
1390 5263 1744 5330 μεταστᾶσιν.
1788 5261 1876 5314 Ἐν

329 5353 543 5414 τούτοις
574 5349 787 5418 ὧριστα
821 5354 855 5422 ἡ
892 5352 1029 5420 πρὸς
1063 5353 1195 5404 Θεὸν
1237 5352 1632 5420 ἡμῶν¹ίκεσία.
1662 5354 1736 5406 Οὐ
1766 5353 1876 5423 γὰρ

334 5446 447 5496 πᾶν
480 5435 651 5510 οὗπερ
694 5437 760 5491 ἄν
787 5453 844 5504 ις
889 5441 1274 5510 ἐπιθυμήσειε,
1325 5445 1417 5494 καὶ
1463 5442 1718 5512 εὔχεσθαι
1764 5443 1878 5508 ἕξει

335 5551 458 5586 στιν
484 5549 499 5564 ·
525 5531 663 5586 ἀλλά
691 5528 942 5584 κάνυιῦθα
975 5533 1132 5596 νόμος
1161 5533 1303 5596 ἐστὶ,
1333 5534 1428 5587 καὶ
1453 5534 1596 5603 ὅρος,
1625 5535 1684 5588 ὃν
1713 5536 1877 5602 ὑπερ-

337 5625 548 5678 ϐαίνειν
576 5620 851 5689 ἀθέμιτον.
1174 5637 1177 5640 ·

414 5715 486 5768 Τὸ
509 5716 638 5781 γὰρ,
666 5730 684 5764 ι
717 5709 783 5761 Τί
831 5712 1215 5783 πεοσευξόμεθα
1246 5714 1369 5767 καθ’
1397 5715 1425 5767 ὃ
1457 5715 1554 5779 δεῖ,
1602 5717 1700 5768 ούκ
1732 5719 1874 5770 οἴδα-

344 5824 466 5879 iis".
504 5803 688 5874 φησὶν,
732 5798 842 5855 ἀλλ’
894 5805 999 5859 κύτὸ
1032 5804 1089 5858 τὸ
1127 5804 1350 5875 Πνεῦμα
1392 5807 1708 5874 ἐντυγχάνει
1735 5807 1870 5878 ὑπὲρ

1978 4635 2224 4694 apertum
2276 4633 2377 4678 est.
2428 4623 2482 4677 Si
2519 4623 2664 4677 enim
2718 4639 2814 4692 pro
2865 4624 3074 4678 sanctis
3127 4633 3248 4677 orat
3282 4623 3539 4688 Ecclesia,

1979 4719 2069 4772 illa
2103 4716 2326 4772 omnino
2360 4717 2618 4782 oraverit,
2652 4731 2771 4785 quae
2799 4731 3016 4785 semper
3048 4731 3205 4769 orare
3235 4716 3539 4770 consuevit.

1978 4809 2236 4877 Quaenam
2271 4819 2450 4862 autem
2486 4817 2612 4863 sunt
2658 4823 2780 4876 qua:
2828 4815 3056 4861 orantur
3083 4803 3147 4857 iis
3181 4804 3270 4872 qui
3309 4804 3542 4858 dormie-

1978 4901 2140 4956 runt?
2168 4899 2434 4955 llemissio
2461 4909 2830 4970 peccatorum,
2867 4897 3012 4968 regni
3038 4895 3351 4959 hzereditas,
3387 4896 3542 4963 quies

1978 4990 2031 5045 in
2081 4991 2204 5046 sinu
2256 4989 2485 5044 Abrahae
2529 5004 2652 5043 cum
2708 4986 3102 5042 consummatis
3141 4987 3366 5040 sanctis.
3422 4985 3544 5040 llaec

1978 5092 2102 5136 sunt
2136 5083 2311 5136 oratio
2346 5081 2620 5135 Ecclesize.
2671 5078 2872 5132 Prmter
2915 5079 3027 5131 haec
3057 5078 3190 5131 nilnil
3221 5093 3345 5132 eam
3379 5091 3544 5131 oran-

1981 5183 2088 5228 tem
2138 5175 2412 5230 inveneris
2448 5174 2515 5228 iis
2554 5173 2646 5241 qui
2693 5170 3051 5239 emigrarunt.
3087 5170 3140 5222 In
3193 5171 3277 5224 bis
3327 5170 3544 5224 drﬁnita

1977 5273 2061 5319 est
2095 5273 2281 5320 nostra
2335 5264 2403 5319 ad
2454 5264 2623 5317 Deum
2673 5260 3018 5331 supplicatio.
3056 5260 3172 5314 Non
3209 5261 3354 5315 enim
3383 5262 3546 5329 quid-

1976 5355 2102 5424 quid
2131 5355 2520 5411 desideraverit
2540 5352 2833 5422 quispiam,
2869 5351 2920 5405 id
2949 5353 3109 5405 etiam
3139 5350 3220 5406 fas
3249 5360 3334 5406 est
3361 5366 3541 5405 orare.

1977 5445 2083 5503 Sed
2118 5447 2206 5501 hic
2239 5461 2455 5517 quoque
2492 5445 2578 5499 lex
2624 5452 2710 5499 est
2742 5443 3006 5498 terminus
3040 5457 3199 5512 quem
3255 5456 3364 5494 non
3417 5441 3546 5498 licet

1977 5539 2304 5610 transgredi.

2053 5734 2072 5768 ι
2136 5712 2277 5781 Quid
2340 5712 2488 5767 enim
2542 5709 2869 5771 arabimus,
2929 5715 2988 5760 ut
3043 5706 3305 5770 oportet,
3363 5709 3547 5764 nesci.

1976 5823 2120 5875 mus,
2186 5804 2388 5876 inquit,
2426 5803 2521 5859 sed
2583 5802 2699 5871 ipse
2757 5797 2990 5866 Spiritus
3054 5790 3364 5860 interpellat
3441 5815 3548 5870 ρςο
