4132 6308
570 383 682 450 475

1836 378 2143 441 NICOLAI
2189 368 2583 435 CABASILIE

3719 363 3830 429 4'46

575 493 756 562 nobis,
791 513 810 549 ι
847 493 954 553 hoc
982 505 1086 561 est,
1125 512 1245 566 quae
1278 510 1438 553 orare
1469 503 1680 566 oportet
1712 510 1812 550 nos
1843 497 2036 559 docet;
2070 493 2143 546 ita

2259 487 2409 557 ὴμῶν
2436 504 2449 517 ο
2492 505 2510 539 ι
2541 483 2842 549 τουτέστιν,
2892 481 2929 536 ἃ
2970 477 3053 535 δεῖ
3080 479 3522 551 προσεύχεσθαι,
3580 479 3831 533 διδάσκει

573 590 721 644 enim
796 589 1054 646 Ecclesiae
1120 590 1378 645 doctores
1441 600 1792 660 acceperunt.
1845 589 2149 644 Considera

574 691 726 742 ergo,
755 677 800 731 si
837 686 1034 747 praeter
1062 694 1127 733 ea
1162 696 1281 748 quae
1320 680 1463 735 dicta
1494 689 1644 745 sunt,
1675 680 1730 734 in
1772 680 2025 735 omnibus
2060 695 2150 736 sa-

576 783 797 822 crorum
830 770 1216 841 mysteriorum
1264 771 1723 829 celebrationibus
1743 771 1992 838 {inveniri
2023 785 2150 841 pos-

578 857 649 911 sit
671 874 832 916 orans
861 859 1125 926 Ecclesia,
1161 871 1217 918 et
1261 878 1386 918 non'
1420 864 1688 920 invenies.
1739 864 1882 935 Ergo
1914 866 2152 923 orabunt

578 950 800 1015 quidem
837 952 905 1008 iis
936 954 1027 1023 qui
1085 955 1160 1008 rei
1195 970 1306 1009 non
1340 964 1488 1021 sunt,
1533 957 1911 1014 remissionem
1956 971 2151 1027 pecca-

580 1048 782 1107 torum,
820 1052 1079 1114 tanquam
1117 1046 1297 1102 adbuc
1337 1047 1448 1103 reis
1485 1056 1540 1103 et
1586 1048 1871 1119 obligatis:
1919 1049 2153 1105 orabunt

580 1143 760 1189 autem
785 1136 1009 1201 sanctis,
1036 1147 1296 1209 tauquam
1333 1154 1442 1195 non
1466 1139 1846 1206 sanctiﬁcatis,
1878 1156 2003 1198 cum
2029 1158 2152 1198 san-

579 1225 682 1279 etis
706 1225 947 1296 requiem
975 1246 990 1293 ;
1025 1230 1267 1284 orabunt
1300 1231 1556 1300 perfectis
1600 1235 2153 1302 consummationem,

578 1323 839 1385 tanquam
877 1319 1119 1375 nondum
1170 1323 1593 1389 consummatis,
1629 1330 1684 1381 et
1725 1322 1804 1380 sic
1826 1340 2048 1383 necesse
2073 1335 2157 1384 est

578 1422 675 1463 eos
699 1409 1022 1467 alterutrum
1054 1428 1302 1482 peccare.
1348 1413 1446 1470 Vel
1475 1416 1623 1472 enim
1663 1417 1987 1475 confitentés
2025 1420 2156 1475 bea-

580 1500 871 1556 titudinem
909 1512 965 1558 et
1018 1505 1405 1573 perfectionem
1442 1516 1780 1578 sanctorum,
1806 1510 2037 1567 libentes
2058 1528 2156 1568 vo-

581 1592 703 1645 lunt
735 1594 877 1662 apud
910 1596 1077 1650 Deum
1107 1598 1322 1668 nugari,
1362 1607 1416 1654 et
1447 1600 1663 1655 inanem
1705 1617 1805 1672 pro
1833 1603 1914 1659 eis
1949 1606 2156 1661 oratio-

582 1697 706 1735 nem
740 1691 1027 1740 rontexere
1052 1724 1070 1751 ,
1097 1687 1242 1755 quod
1291 1697 1376 1741 est
1401 1690 1646 1745 virorum
1701 1692 1886 1749 divina
1923 1695 2158 1754 ludibrio

582 1768 922 1836 Labentium,
953 1773 1134 1841 potius
1161 1790 1324 1845 quam
1359 1778 1744 1836 sacerdotum:
1776 1783 1860 1840 vel
1889 1785 2034 1840 serio
2060 1786 2156 1854 .fa-

581 1861 788 1916 cientes
813 1865 1108 1929 orationes,
1147 1875 1409 1938 tanquam
1441 1870 1818 1930 existimantes
1849 1890 1907 1929 se
1937 1886 2156 1941 sanctos

582 1965 680 2015 per
724 1967 818 2007 eas
862 1954 1087 2022 iuvare,
1128 1973 1315 2014 eorum
1364 1960 1593 2031 gloriam
1633 1962 1961 2029 iuficiantur,
2012 1967 2158 2034 quod

581 2051 668 2095 est
691 2042 1066 2112 blasphemare
1101 2063 1206 2102 nou
1231 2049 1381 2119 ipsos
1415 2061 1645 2117 tantum,
1676 2054 1771 2109 sed
1801 2055 1964 2111 etiam
1989 2055 2157 2115 Deum

585 2127 787 2197 ipsum,
820 2134 984 2202 utqui
1010 2138 1275 2204 promissa
1313 2154 1420 2195 non
1461 2147 1761 2200 servaverit
1794 2160 1915 2217 qua:
1954 2150 2163 2220 promi-

583 2220 672 2280 sit.
705 2237 763 2276 se
789 2239 885 2279 eos
910 2227 1362 2298 glorificaturum,
1385 2243 1439 2288 ct
1468 2250 1694 2306 regnum
1731 2238 2156 2309 impertiturum.

589 2312 680 2368 Vel
732 2318 914 2385 potius
964 2329 1259 2392 utrumque
1283 2333 1367 2379 est
1427 2328 1719 2384 manifesta
1763 2330 2156 2403 blasphemia;

586 2406 687 2461 hoc
707 2410 948 2477 quidem,
977 2421 1235 2483 tanquam
1260 2417 1485 2472 omnino
1506 2420 1820 2491 negantium
1843 2433 2157 2480 sanctorum

586 2494 976 2556 beatitudinem
1013 2543 1028 2566 ,
1062 2505 1193 2560 illud
1221 2515 1427 2569 autem,
1464 2517 1721 2579 tanquam
1760 2513 2072 2571 farcientium
2094 2532 2159 2573 ea

585 2604 706 2656 (tua:
746 2591 952 2646 faciunt
996 2596 1088 2663 qui
1138 2605 1364 2665 negant.
1413 2598 1564 2663 Quos
1613 2604 1757 2658 enim
1804 2606 1993 2664 beatos
2041 2624 2161 2665 esse

587 2682 839 2747 credunt,
869 2684 1041 2752 utqui
1073 2687 1125 2738 iu
1157 2687 1390 2743 filiorum
1427 2691 1675 2747 ordinem
1725 2695 1882 2750 relati
1931 2709 2078 2764 sunt,
2108 2710 2163 2756 et

589 2772 761 2841 ipsius
789 2775 937 2843 regni
970 2776 1210 2833 haeredes
1237 2818 1253 2844 ,
1319 2795 1416 2835 eos
1452 2782 1603 2838 nullo
1633 2799 1756 2840 esse
1802 2802 2030 2846 munere
2079 2793 2163 2848 af-

528 2856 533 2861 ’
588 2861 764 2921 fectos
795 2874 848 2920 et
878 2866 1236 2926 inhonoratos
1260 2882 1315 2927 et
1341 2887 1466 2930 reos
1496 2915 1513 2940 ,
1566 2891 1633 2931 eo
1662 2878 1781 2948 ipso
1810 2895 1920 2950 quo
1961 2898 2058 2953 pro
2083 2884 2162 2941 eis

588 2956 720 3012 talia
772 2968 1090 3028 precantur,
1142 2970 1431 3021 testantur.
1456 2966 1532 3022 lta
1559 2983 1689 3038 ergo
1725 2969 1918 3026 harum
1982 2989 2163 3032 rerum

591 3049 763 3117 grat’a
800 3038 1097 3106 absurdum
1121 3066 1243 3108 esse
1268 3055 1501 3123 videtur,
1538 3057 1581 3113 si
1612 3059 1736 3129 quis
1759 3061 2033 3120 existimet
2062 3062 2165 3122 Ec-

2255 581 2399 650 ἡμᾶς
2418 595 2433 611 ’
2462 576 2608 630 οὔτω
2633 576 2741 646 γὰρ
2772 575 2823 629 οί
2851 573 3166 628 διδάσκαλοι
3193 574 3295 643 τῆς
3337 572 3665 644 Ἐκκλησίας
3687 572 3831 638 ἔξει-

2250 671 2510 740 λήφασιν.
2537 667 2747 736 Σκέψαι
2799 665 2982 720 τοίνυν
3020 664 3126 718 εἴτι
3158 665 3319 719 πλέον
3355 664 3466 717 τῶν
3512 662 3828 734 εἰρημένων

2252 763 2311 815 ἐν
2341 759 2548 823 πάσαις
2572 757 2823 820 τελεταῖς
2857 759 2954 812 καὶ
2978 756 3307 826 ἱερολογίαις
3346 755 3495 809 ἐστιν
3529 755 3714 824 εὑρεῖν
3737 755 3833 808 sfa-

2251 852 2492 923 χομένην
2524 851 2625 922 τὴν
2663 848 3016 919 Ἐκκλησίαν,
3039 848 3137 902 καὶ
3168 848 3272 902 οὔκ
3293 846 3360 901 ἂν
3384 846 3590 917 εὕροις.
3612 845 3830 900 Οὐκοῦν

2252 938 2501 1008 εὔξονται
2539 941 2639 1012 μὲν
2662 943 2779 1004 τοῖς
2812 938 3131 1002 ἀνευθύνως
3172 938 3371 1005 ἄφεσιν
3408 936 3722 1007 ἁμαρτιῶν,
3751 937 3833 999 ὡς

2255 1031 2585 1097 ὑπευθύνοις
2631 1032 2713 1086 ἔτι
2740 1032 2837 1087 xei.
2882 1033 3035 1094 δίκας
3083 1030 3430 1100 ὀφείλουσιν·
3470 1029 3722 1095 εὔξονται
3768 1031 3830 1084 δὲ

2253 1125 2371 1187 τοῖς
2419 1121 2619 1193 ἁγίοις,
2646 1122 2724 1186 ὡς
2772 1122 2941 1193 μήπω
2970 1120 3351 1191 ἡγιασμένοις,
3384 1121 3486 1191 τὴν
3533 1122 3674 1190 μετά
3717 1121 3829 1175 τῶν

2256 1215 2429 1285 ἁγίων
2475 1214 2821 1270 ἀνάπαυσιν·
2872 1212 3122 1279 εὔξονται
3163 1212 3222 1267 δὲ
3260 1213 3541 1267 τελείωσιν
3589 1216 3703 1277 τοῖς
3732 1229 3826 1265 τε·

2254 1306 2440 1374 λείοις,
2476 1306 2552 1370 ὡς
2591 1305 2761 1376 μήπω
2808 1304 3203 1360 τελειωθεῖσιν.
3233 1304 3343 1359 Καὶ
3388 1304 3564 1368 οὔτως
3610 1306 3825 1374 ἀνάγκη

2255 1397 2402 1452 δυοῖν
2453 1396 2683 1468 θάτερον
2729 1396 3069 1468 ἁμαρτάνειν
3120 1396 3362 1459 αὐτούς·
3402 1398 3435 1467 ἧ
3484 1396 3594 1466 γὰρ
3637 1394 3827 1466 ὁμολοο

2255 1489 2480 1560 γοῦντες
2510 1490 2611 1561 τὴν
2641 1489 3048 1561 μακαριότητα,
3100 1490 3198 1543 καὶ
3237 1488 3342 1560 τὴν
3372 1489 3688 1560 τελειότητα
3716 1490 3823 1543 τῶν

2258 1579 2452 1648 ἁγίων,
2487 1578 2705 1642 ἑκόντες
2737 1578 3025 1649 βούλονται
3056 1579 3196 1648 πρὸς
3217 1578 3311 1632 τὸν
3334 1572 3467 1632 Θεδν
3494 1580 3707 1649 ληρεῖν,
3732 1580 3825 1634 καὶ

2261 1666 2498 1743 ματαίαν
2529 1671 2673 1741 ὑπὲρ
2732 1671 2914 1725 αὐτῶν
2960 1671 3235 1742 συνείρειν
3276 1670 3463 1741 εὐχὴν,
3496 1671 3641 1741 ὅπερ
3681 1672 3824 1726 ἐστὶν

2259 1762 2468 1834 ἀνδρῶν
2500 1761 2570 1816 τὰ
2614 1761 2735 1816 θεῖα
2790 1762 3102 1827 παιζόντων
3158 1762 3361 1833 μᾶλλον
3424 1762 3459 1834 ἢ
3515 1764 3730 1833 ἱερέων.
3758 1764 3825 1817 Ἦ

2263 1856 2405 1928 μετὰ
2444 1856 2686 1926 σπουδῆς
2731 1854 3046 1926 ποιούμενοι
3088 1855 3187 1919 τὰς
3219 1855 3409 1925 εὐχὰς,
3441 1856 3520 1921 ὡς
3551 1858 3619 1912 ἃν
3648 1858 3827 1927 οίὸμεα

2260 1966 2340 2003 νοι
2374 1946 2503 2010 τοὺς
2537 1948 2731 2016 ἁγίους
2763 1946 2831 2002 δι’
2877 1947 3056 2017 αὐτῶν
3087 1946 3347 2017 ὠφελεῖν,
3380 1947 3479 2020 τὴν
3523 1948 3708 2004 αὐτῶν
3736 1950 3823 2019 ἀρα

2259 2038 2477 2094 νοῦνται
2517 2038 2698 2106 δόξαν,
2734 2039 2869 2111 ὅπερ
2903 2040 3021 2094 ἐστι
3066 2039 3439 2113 βλασφημεῖν,
3483 2039 3587 2094 οὔκ
3635 2040 3821 2101 αὐτοὺς

2263 2133 2425 2203 μόνον
2456 2132 2594 2187 ἁλλὰ
2624 2133 2720 2188 καὶ
2745 2132 2839 2186 τὸν
2867 2132 3000 2186 Θεὸν
3031 2132 3220 2198 αὐτὸν,
3255 2132 3332 2196 ὠς
3359 2133 3709 2202 ψευσάμενον
3735 2133 3817 2194 τὰς

2262 2224 2601 2294 ἐπαγγελίας
2627 2241 2644 2258 °
2669 2225 2727 2288 δς
2758 2225 3130 2297 ἐπηγγείλατο
3167 2224 3438 2292 δοξάζειν,
3466 2225 3564 2279 καὶ
3599 2225 3703 2294 τῆς
3730 2226 3811 2295 βα·

2262 2318 2475 2381 σιλείας
2524 2317 2861 2389 μεταδώσειν
2905 2318 3127 2381 αὐτοῖς’
3183 2316 3389 2387 μᾶλλον
3425 2317 3483 2371 δὲ
3525 2318 3624 2372 καὶ
3668 2319 3820 2386 ἄμφω

2264 2412 2446 2483 σαφής
2477 2412 2595 2464 ἔστι
2639 2409 3000 2481 βλασφημία’
3051 2409 3215 2464 τοῦτο
3268 2410 3389 2480 μὲν,
3426 2409 3503 2473 ὡς
3549 2410 3823 2471 παντελῶς

2261 2499 2612 2573 ἀρνουμένων
2661 2499 2762 2572 τὴν
2817 2501 3203 2571 μακαριότητα
3246 2499 3354 2555 τῶν
3397 2499 3568 2567 ἁγίων
3592 2514 3606 2528 ·
3637 2500 3814 2552 έκεῖνο

2260 2591 2342 2656 δὲ,
2375 2592 2450 2657 ὼς
2488 2591 2559 2646 τὰ
2606 2590 2718 2645 τῶν
2761 2589 3138 2662 ἀρνουμένων,
3194 2588 3507 2646 ποιούντων.
3554 2586 3665 2653 Οὓς
3720 2588 3823 2659 γὰρ

2262 2680 2406 2740 εἶναι
2444 2683 2765 2740 πιστεύουσι
2797 2683 3125 2755 μακαρίους,
3165 2684 3240 2746 ὡς
3275 2683 3335 2737 ἐν
3366 2683 3501 2737 υίῶν
3546 2682 3715 2752 μοίρᾳ
3747 2698 3823 2734 τε·

2262 2779 2595 2849 ταγμένους,
2645 2777 2870 2848 καὶτῆς
2912 2776 3192 2848 βασιλείας
3237 2776 3408 2846 αὐτῆς
3442 2775 3821 2845 κληρονόμους,

2262 2870 2492 2935 τούτους
2522 2871 2653 2934 ίσως
2670 2869 2737 2924 ἂν
2756 2867 3087 2940 ἁγεράστοις
3116 2870 3214 2924 καὶ
3238 2868 3529 2940 ἀτιμήτοις
3553 2867 3647 2920 καὶ
3670 2866 3823 2918 61:9-

2265 2960 2474 3028 θύνοις,
2509 2959 2579 3015 δι’
2608 2956 2685 3016 ὧν
2722 2961 3122 3032 τοιαῦτα.ὑπὲρ
3150 2960 3334 3015 αὐτῶν
3379 2959 3625 3026 ἀξιοῦσιν
3680 2958 3823 3029 εὔχε-

2268 3049 2416 3120 σθαι,
2451 3051 2851 3124 μαρτυροῦσιν.
2885 3050 3042 3105 Οὔτω
3076 3051 3175 3122 μὲν
3206 3051 3299 3106 οὖν
3330 3050 3511 3105 αὐτῶν
3547 3051 3711 3104 ἕνεκα
3732 3049 3824 3101 τῶν

593 3137 774 3191 οΙρεῖεε
804 3153 900 3207 pro
928 3140 1134 3196 sanctis
1158 3142 1224 3197 ad
1259 3143 1427 3199 Deum
1455 3147 1785 3205 oblationem
1809 3167 1931 3208 esse
1952 3156 2160 3225 suppli-

2265 3145 2635 3214 πραγμάτων,
2672 3146 2877 3201 ἄτοπον
2923 3144 3068 3202 εἶναι
3117 3147 3393 3216 φαίνεται,
3418 3148 3473 3201 εί
3496 3166 3580 3212 τις
3625 3149 3820 3219 νομίζει

593 3231 880 3286 ratur-iam.
933 3230 1229 3289 Videamus
1304 3246 1488 3294 autem
1561 3241 1724 3297 etiam
1783 3243 1900 3315 ipsa
1948 3249 2161 3306 verba:

598 3340 617 3374 ι
650 3320 916 3379 Praeterea
939 3324 1220 3384 offerimus
1247 3329 1342 3385 tibi
1375 3332 1754 3391 rationabilem
1786 3336 1931 3393 hunc
1953 3339 2163 3397 cultum

591 3429 691 3485 pro
723 3415 788 3470 iis
810 3417 902 3487 qui
926 3419 978 3472 in
1006 3419 1108 3475 fide
1135 3423 1538 3492 requiererunt,
1558 3426 1878 3496 majoribus,
1898 3430 2165 3500 patribus,

592 3504 949 3572 patriarclris,
1001 3509 1302 3579 pr0pltetis,
1354 3515 1637 3582 apostolis,
1695 3518 2164 3590 praedicatoribus,

594 3599 965 3666 ctangelistis,
1002 3603 1363 3669 martyribus,
1395 3605 1827 3671 confessoribus.
1882 3614 2167 3669 continen-

596 3685 763 3748 tibus,
795 3696 850 3742 ct
897 3690 1044 3744 omni
1079 3691 1275 3761 spiritu
1318 3694 1370 3747 in
1405 3695 1505 3751 fide
1543 3711 1944 3767 consummato,
1978 3707 2169 3774 praeci-

597 3791 704 3844 pue
733 3779 1103 3846 sanctissima,
1156 3782 1496 3851 intemerata,
1532 3788 1771 3858 gloriosa
1804 3791 2033 3850 Domina
2062 3812 2166 3852 no-

600 3877 737 3932 stra,
774 3869 995 3939 Dcipara
1031 3881 1086 3927 et
1113 3888 1328 3945 semper
1357 3878 1567 3947 virgine
1606 3878 1795 3946 Maria,
1823 3896 2014 3941 sancto
2045 3902 2169 3957 pro-

602 3963 755 4030 pheta
810 3964 1154 4023 Praecursore
1213 3975 1266 4023 et
1319 3968 1560 4041 Baptista
1610 3971 1845 4042 Joanne,
1878 3980 2085 4036 sanctis
2115 3988 2169 4036 et

600 4056 902 4113 benedictis
953 4058 1234 4129 apostolis,
1271 4070 1323 4116 et
1363 4064 1619 4120 omnibus
1652 4070 1858 4125 sanctis
1889 4085 1903 4124 :
1934 4086 2168 4141 quorum

600 4149 854 4217 precibus
894 4152 1103 4221 respice
1138 4168 1259 4221 nos,
1294 4153 1460 4225 Deus,
1493 4167 1545 4211 et
1587 4172 1865 4217 memento
1923 4166 2169 4220 omnium

601 4240 694 4308 qui
719 4241 1056 4298 dormierunt
1078 4244 1130 4298 in
1150 4259 1249 4316 spe
1275 4250 1691 4305 resurrectionis
1717 4264 1768 4306 et
1790 4252 1912 4306 vita:
1932 4262 2168 4321 :cternaz,

603 4340 654 4380 et
683 4330 766 4385 fac
790 4334 909 4384 illos
931 4336 1213 4400 quiescere
1238 4337 1328 4391 ubi
1355 4340 1576 4405 respicit
1616 4341 1799 4395 lumen
1834 4344 2016 4397 vultus
2037 4346 2165 4400 tui.»

607 4419 731 4472 ΙΙ.ιό
758 4430 884 4474 sunt
913 4425 1070 4477 verba
1102 4426 1153 4478 in
1186 4428 1381 4493 quibus
1410 4429 1556 4484 nulla
1584 4433 1894 4487 continetur
1926 4450 2022 4503 pro
2042 4451 2171 4491 san—

2267 3235 2367 3304 τὴν
2397 3235 2537 3307 ὑπὲρ
2586 3235 2697 3289 τῶν
2726 3236 2899 3306 ἁγίων
2930 3239 3081 3309 παρὰ
3112 3239 3212 3310 τῆς
3255 3239 3589 3312 Ἐκκλησέας
3638 3242 3720 3303 είς
3749 3239 3822 3291 τὸν

2266 3325 2402 3381 Θεδν
2431 3328 2753 3401 προσφορὰν
2800 3331 3007 3383 ίκέσιον
3035 3324 3200 3385 εἶναι.
3232 3330 3463 3400 Ἰδωμεν
3490 3331 3548 3385 δὲ
3581 3332 3674 3385 καὶ⁵
3702 3330 3823 3384 αὐτὰ

2267 3415 2338 3470 τὰ
2375 3418 2621 3488 ῥήματα.
2653 3435 2673 3469 ι
2716 3417 2840 3471 Ἐτι
2873 3418 3228 3488 προσάγομέν
3257 3434 3342 3472 σοι
3369 3418 3599 3487 λογικὴν
3633 3418 3820 3482 ταύτην

2267 3506 2527 3579 λατρείαν
2558 3508 2700 3579 ὑπὲρ
2729 3508 2837 3562 τῶν
2870 3511 2927 3562 ἐν
2959 3508 3140 3563 πίστει
3177 3509 3675 3579 ἀναπαυσαμένων,
3711 3525 3823 3577 ποο-

2268 3600 2548 3669 πατόρων,
2591 3601 2972 3670 πατριαρχῶν,
3017 3601 3335 3670 προφητῶν,
3370 3602 3716 3668 ἀποστόλων,
3746 3620 3821 3668 ιη-

2271 3690 2478 3762 ρύκων,
2508 3689 2935 3760 εὐαγγελιστῶν,
2966 3691 3262 3763 μαρτύρων
3284 3732 3299 3755 ,
3343 3693 3720 3765 ὁμολογητῶν,
3741 3696 3819 3758 ὲγο

2266 3783 2606 3854 κρατευτῶν,
2655 3783 2750 3838 καὶ
2782 3782 2983 3846 παντὸς
3032 3783 3346 3854 πνεύματος
3380 3787 3439 3839 ὲν
3469 3786 3652 3839 πίστει
3682 3802 3818 3840 τετε-

2269 3872 2608 3942 λειωμένου·
2662 3874 2978 3942 ἐξαιρέτως,
3034 3875 3137 3944 τῆς
3190 3876 3491 3944 παναγίας,
3542 3879 3813 3949 ἀχράοτου.

2272 3966 2821 4036 ὑπερευλογημένης,
2862 3966 3073 4031 ἐνδόξου
3117 3967 3421 4038 Δεσποίνης
3470 3970 3630 4040 ἡμῶν
3658 3969 3819 4024 83016-

2273 4076 2393 4125 κου,
2424 4060 2521 4115 καὶ
2555 4060 2921 4131 ἁειπαρθένου
2967 4061 3207 4131 Μαρίας,
3245 4060 3342 4114 τοῦ
3388 4062 3545 4130 ἁγίου
3598 4063 3817 4118 ἰυάννιυ

2272 4150 2367 4203 τοῦ
2417 4152 2706 4222 προφήτου
2747 4153 2842 4206 καὶ
2875 4152 3187 4206 Βαπτιστοῦ
3231 4154 3327 4207 καὶ
3362 4154 3686 4227 Προδρόμω,
3715 4154 3817 4205 τῶν

2274 4242 2446 4310 ἁγίων
2470 4245 2564 4297 καὶ
2588 4245 2964 4315 πανευφήμων
2995 4245 3330 4311 ἀποστόλων,
3363 4246 3459 4299 καὶ
3490 4249 3690 4301 πάντων
3719 4247 3817 4297 τ”ν

2276 4337 2473 4404 ἁγίων,
2517 4330 2592 4391 ὧν
2627 4341 2746 4401 ταῖς
2805 4336 3040 4402 ἱκεσίαις
3078 4337 3373 4408 ἐπίσκεψαι
3421 4340 3569 4408 ἡμᾶς
3606 4346 3628 4391 3
3670 4337 3816 4399 Θεὸς,

2278 4429 2374 4479 καὶ
2415 4428 2693 4497 μνήσθητι
2725 4428 2946 4482 πάντων
2976 4427 3083 4480 τῶν
3113 4429 3533 4498 κεκοιμημένων
3561 4428 3629 4480 ἐτ’
3649 4426 3816 4479 ἐλπξδι

607 4515 711 4567 etis
732 4514 794 4567 ad
823 4515 987 4568 Deum
1013 4516 1357 4584 supplicatio,
1382 4534 1478 4573 nec
1498 4521 1577 4574 eis
1600 4523 1855 4577 saetzrdos
1873 4526 2165 4595 quidquam

2277 4520 2650 4582 ἀναστάσεως,
2711 4512 2808 4572 καὶ
2859 4518 3007 4588 ζωῆς
3056 4518 3316 4572 αἰωνῖου·
3373 4519 3471 4572 καὶ
3529 4518 3817 4573 ἀνάπαυσον

608 4618 926 4663 Consuetum
971 4617 1243 4676 precatur.
1268 4608 1370 4663 Sed
1399 4611 1630 4668 aliorum
1671 4615 1888 4685 quidem
1931 4618 2169 4674 fideliqu

609 4699 699 4767 qui
746 4699 1099 4766 dormierunt,
1134 4699 1343 4757 faciens
1376 4705 1714 4769 memoriam,
1758 4708 1941 4762 statim
1979 4708 2178 4779 adjicit

610 4804 706 4858 pro
752 4790 830 4844 eis
880 4790 1208 4845 orationem.
1235 4810 1251 4843 t
1286 4792 1395 4847 Fac
1423 4809 1536 4855 eos.
1581 4796 1777 4865 inquit,
1811 4795 2177 4868 requiescere,

612 4882 700 4934 ubi
733 4884 952 4953 respicit
976 4885 1157 4938 lumen
1190 4884 1369 4939 vultus
1403 4886 1501 4940 tui.
1534 4905 1552 4939 ι
1579 4884 1635 4941 In
1664 4889 1869 4944 sanctis
1897 4901 2075 4945 autem
2101 4900 2181 4946 ιο⁸

614 4983 725 5026 ιιιιη
748 4985 830 5028 est
856 4977 1212 5031 contrarium.
1239 4975 1359 5032 Non
1384 4978 1529 5033 enim
1550 4993 1648 5048 pro
1669 4979 1748 5033 eis
1769 4979 1900 5036 facit
1921 4980 2184 5037 interces-

614 5064 846 5131 sionem,
877 5069 968 5122 scd
1002 5068 1149 5139 ipsos
1175 5071 1354 5140 potius
1377 5071 1764 5129 intercessores
1813 5074 2022 5129 statuit.
2043 5073 2179 5130 Cum

615 5158 756 5210 enim
810 5158 1054 5227 dixisset,
1115 5175 1169 5217 et
1210 5172 1429 5219 sanctos
1480 5163 1912 5230 adnumerassct,
1971 5164 2180 5234 adjicit:

622 5266 639 5297 ι
675 5249 912 5312 Quorum
934 5248 1411 5312 intercessionibus
1431 5254 1585 5311 visita
1616 5269 1739 5322 nos,
1772 5255 1933 5312 Deus.
1976 5276 1995 5309 ι
2030 5255 2184 5322 Quod

616 5347 798 5393 autem
829 5339 1063 5396 maxime
1096 5346 1335 5401 ostendit
1370 5363 1477 5403 non
1511 5348 1827 5403 orationem
1863 5348 2101 5419 aliquam
2129 5358 2184 5404 et

617 5430 1088 5500 supplicationem,
1120 5436 1211 5489 sed
1244 5452 1339 5506 pro
1371 5441 1575 5495 sanctis
1593 5440 1891 5511 gratiarum
1919 5441 2184 5496 actionem

617 5540 742 5581 esse
774 5524 887 5581 haec
919 5526 1099 5593 verba,
1152 5532 1294 5598 quod
1343 5533 1505 5587 etiam
1552 5535 1642 5589 Dei
1686 5534 1858 5591 Mater
1905 5534 1958 5590 in
2005 5550 2070 5591 eo
2098 5549 2190 5590 ca-

618 5619 803 5688 talogo
852 5618 1095 5689 ponitur.
1126 5618 1311 5689 Neque
1344 5623 1486 5678 enim
1547 5636 1858 5694 poneretur,
1891 5626 1935 5681 si
1996 5625 2043 5682 is
2060 5626 2190 5681 clio-

618 5726 724 5773 rus
752 5711 932 5781 aliqua
974 5712 1365 5770 intercessione
1403 5726 1603 5785 egeret,
1648 5727 1706 5771 ut
1761 5734 1881 5787 quae
1929 5727 2013 5775 est
2049 5719 2187 5774 ultra

605 5818 844 5869 onmem
876 5805 1345 5875 intercessionem,
1374 5825 1478 5865 non
1505 5809 1676 5867 solum
1710 5811 1961 5868 humanae
1986 5813 2188 5869 bieraro

2278 4612 2414 4666 ὅπου
2452 4613 2745 4666 ὲπισκοπεί
2763 4612 2822 4664 τὸ
2850 4611 2968 4679 φῶς
2992 4610 3085 4664 τοῦ
3115 4611 3410 4682 προσώπου
3451 4613 3543 4666 σοῦ
3578 4628 3596 4660 ι
3642 4610 3820 4663 Ταῦτα

2278 4705 2347 4758 τὰ
2370 4706 2593 4777 ῥήματα
2616 4706 2674 4757 ἐν
2700 4702 2779 4766 οἷς
2800 4705 3028 4774 οὐδεμία
3050 4704 3365 4775 περιέχεται
3392 4702 3629 4777 περλτῶν
3656 4703 3821 4769 ἁγίωι

2283 4798 2420 4867 πρὸς
2471 4797 2562 4851 τὸν
2594 4798 2728 4851 Θεὸν
2781 4799 2981 4859 ίκεσία,
3031 4798 3153 4852 οὐδὲ
3196 4797 3418 4869 εὔχεται
3469 4796 3689 4865 ὀίερεὺς
3720 4796 3824 4847 τῶν

2282 4888 2548 4942 εἰωθότων
2573 4888 2742 4942 οὐδέν.
2763 4887 2922 4941 Ἀ).λὰ
2953 4887 3061 4941 τῶν
3097 4888 3197 4958 μὲν
3226 4889 3402 4944 ἄλλων
3434 4887 3824 4956 κεκοιμημένων

2284 4978 2492 5034 πιστῶν
2543 4979 2949 5050 μεμνημένους,
2982 4978 3146 5043 εὐθὺς
3180 4979 3515 5051 προστίθητιν
3562 4977 3664 5045 τὴν
3691 4978 3826 5047 ὑπὲρ

2283 5073 2490 5126 τούτων
2542 5073 2730 5140 εὐχήν.
2766 5089 2787 5123 ι
2837 5070 3181 5125 Ἀνὰπαυσον
3235 5073 3344 5143 γὰρ
3394 5069 3588 5135 αι’τοὺς,
3642 5069 3823 5138 φησιν,

2284 5164 2420 5217 ὅπου
2448 5165 2738 5216 ἐπισκοπεῖ
2764 5163 2824 5214 τὸ
2860 5163 2974 5231 φῶς
3001 5164 3096 5216 τοῦ
3132 5165 3407 5234 προσώποί
3452 5176 3569 5214 σου.
3617 5179 3635 5212 ι
3674 5161 3828 5229 Ἔστι

2284 5254 2343 5308 δὲ
2373 5255 2482 5309 τῶν
2514 5253 2684 5323 ἁγίων
2716 5253 3035 5308 τούναντίον
3076 5256 3244 5309 ἅπαν.
3290 5255 3366 5308 Οὐ
3381 5249 3485 5319 γὰρ
3533 5250 3828 5316 πρεσϐείαν

2289 5347 2432 5418 ὑπὲρ
2461 5348 2642 5405 αὐτῶν
2682 5349 2942 5412 ποιεῖται,
2980 5346 3096 5399 ἀλλ’
3135 5347 3333 5409 αὐτοὺς
3354 5340 3557 5409 μᾶλλον
3592 5340 3828 5409 προϐάλ-

2288 5439 2443 5493 λεται
2495 5439 2777 5509 πρέσϐεις.
2832 5437 3018 5493 Εἰπὼν
3052 5439 3162 5508 γὰρ
3214 5437 3310 5491 καὶ
3338 5433 3654 5503 ἀριθμήσας
3709 5436 3828 5495 τοὺς

2288 5531 2481 5599 ἁγίους
2508 5570 2523 5595 ,
2573 5532 2795 5599 ἐπάγει,
2837 5549 2854 5583 ι
2894 5525 2994 5583 Ὧν
3026 5534 3146 5594 ταῖς
3198 5525 3489 5601 πρεεϐείαις
3534 5525 3829 5594 ὲπὶσκειίαι

2292 5625 2463 5694 ἡμᾶς,
2498 5626 2524 5676 ὁ
2553 5624 2702 5686 Θεός.
2732 5642 2750 5676 ι
2793 5624 2859 5677 Ὃ
2888 5623 2946 5676 δὲ
2985 5625 3220 5693 μάλιστα
3262 5618 3529 5682 δ-ἰκννσιν,
3558 5619 3621 5670 οὐ
3644 5618 3830 5687 δέησίν

2290 5734 2411 5769 τινα
2442 5716 2538 5769 καὶ
2571 5718 2805 5783 ἱκεσίαν,
2844 5716 2958 5768 ἀλλ’
2986 5715 3313 5785 εὐχαριστέιν
3346 5708 3485 5775 ὑπὲρ
3510 5708 3616 5760 τῶν
3655 5709 3828 5777 ἁγίων

2294 5802 2433 5863 εἶναι
2468 5809 2637 5863 ταῦτα
2669 5807 2733 5863 τὰ
2769 5808 3011 5879 ῥήματα,
3043 5806 3122 5859 ὅτι
3157 5800 3290 5868 καὶὴ
3328 5797 3417 5852 τοῦ
3453 5797 3585 5850 Θεοῦ
3620 5799 3821 5871 Μήτηρ
