4132 6308
249 344 348 412 477

1431 358 1833 423 LITURGLE
1875 358 2304 427 EXPOSITIO.

3374 363 3479 432 478

242 462 301 513 ὲν
327 460 513 533 τούτῳ
556 463 636 533 τῷ
663 465 949 537 καταλόγῳ
984 468 1278 525 τάττεται·
1312 472 1373 526 οὐ
1422 474 1527 545 γὰρ
1562 474 1631 528 ἂν
1659 475 1807 529 £161-

1916 476 2072 540 cltize,
2126 479 2218 532 sed
2267 479 2429 533 etiam
2484 480 2828 550 angelorum,
2862 496 2988 536 cum
3027 482 3098 537 sit
3123 483 3254 553 ipsis
3312 485 3476 538 etiam

240 564 389 618 τετο,
413 556 464 607 εἰ
497 556 776 625 μεσιτείας
797 558 941 622 τινὸς
982 561 1012 613 6
1058 562 1218 632 χορὸς
1247 558 1401 627 οὗτος
1450 567 1639 634 ἐδεῖτο,
1669 569 1705 639 ἦ
1740 585 1805 637 γε

245 644 428 715 πάσης
458 647 610 700 ἐστὶν
632 648 890 703 ἐπέκεινα
916 653 1221 720 μισιτείας,
1243 656 1306 709 οὺ
1332 658 1429 727 τῆς
1456 658 1806 730 ἀνθρωπίνης

250 738 412 805 μόνον
440 739 741 809 ίεραρχίας,
777 740 914 795 ἀλλὰ
942 745 1038 796 καὶ
1070 745 1174 813 τῆς
1196 747 1306 801 τῶν
1332 751 1603 817 ἀγγέλων,
1637 754 1711 814 ὡς
1741 753 1808 805 ἂν

252 828 343 879 καὶ
393 828 567 882 αὐτῶν
614 826 751 884 οὖσα
800 832 911 885 τῶν
960 834 1224 891 ἀνωτάτω
1277 839 1413 892 νόων
1459 840 1809 912 ἀσυγκρίτως

254 920 544 989 ἁγιωτέρα.
569 924 680 977 Καὶ
708 925 817 995 μὴν
850 929 878 980 6
906 928 1143 998 Χριστός
1166 933 1303 996 ἐστι,
1331 932 1518 1001 φησὶν,
1548 934 1577 985 6
1605 933 1810 1004 ταύτην

247 1011 413 1063 τελῶν
463 1013 797 1085 ἱερουργίαν.
858 1020 928 1072 Τί
962 1018 1056 1073 οῦν
1102 1020 1416 1090 θαυμαστὸν
1457 1025 1504 1077 si
1564 1026 1657 1079 καὶ
1695 1028 1811 1088 τοῖς

242 1101 417 1167 ἁγίοις
445 1107 541 1159 καὶ
563 1107 702 1179 αὐτῇ
730 1112 1074 1179 pse-tuticus
1098 1116 1164 1182 τῇ
1192 1114 1377 1186 Μητρί
1400 1133 1416 1180 ;
1457 1116 1600 1171 Ἀλλ’
1621 1100 1837 1172 οὐδένα

237 1196 396 1250 τοῦτο
449 1199 608 1268 λόγον
660 1201 799 1272 ἔχει.
833 1203 909 1257 Οὐ
956 1205 1067 1275 γὰρ
1091 1197 1244 1270 οὗτος
1285 1206 1315 1259 6
1350 1208 1552 1280 τρόπος
1582 1209 1684 1279 τῆς
1713 1208 1810 1263 τοῦ

236 1282 481 1356 Χριστοῦ
517 1293 799 1360 μεσιτείας
821 1311 837 1327 ·
875 1298 1105 1367 μεσίτης
1149 1299 1250 1369 μὲν
1278 1301 1386 1369 γὰρ
1416 1301 1636 1369 ἐγένετο
1655 1299 1813 1370 ,Θεοῦ

234 1382 343 1465 καὶ-
368 1383 710 1454 ἀνθρώπων·
737 1387 854 1441 ἀλλ’
884 1391 944 1442 οὐ
974 1389 1151 1459 λόγοις
1183 1397 1296 1446 τισὶ
1321 1394 1410 1446 καὶ
1446 1393 1659 1460 εὐχαῖς,
1690 1392 1809 1448 ἀλλ’

231 1466 447 1541 ἑαυὲᾣσ
482 1476 567 1530 ὅτι
595 1477 703 1548 γὰρ
729 1479 859 1544 Θεὸς
882 1482 911 1533 6
931 1481 1094 1546 αὐτὸς
1122 1484 1217 1536 καὶ
1243 1485 1530 1555 ἄνθρωπος
1561 1483 1649 1552 ἦν,
1674 1485 1807 1540 Θεὸν

229 1563 556 1633 ἀνθρώποις
590 1568 818 1639 συνῆψε,
846 1571 1025 1625 κοινὸν
1053 1571 1181 1643 ὅρον
1227 1574 1421 1629 ἑαυτὸν
1463 1574 1811 1645 ἀμφοτέραις

1913 568 2272 623 sanctissimis
2298 569 2569 625 mentibus
2593 572 3092 641 incomparabiliter
3109 575 3367 629 sanctior.
3388 577 3481 627 At-

1912 660 2003 727 qtti
2039 660 2287 715 Christus
2316 669 2417 726 est,
2443 662 2746 733 inquit,qtti
2769 664 2872 719 hoc
2896 665 3102 734 peragit
3124 664 3476 720 sacrificium.

1913 750 2053 816 Quid
2083 766 2212 821 ergo
2239 751 2458 818 mirum,
2487 754 2551 821 εἰς
2572 754 2731 808 etiam
2767 769 2862 824 pro
2889 756 3093 809 sanctis
3123 764 3176 808 et
3201 753 3371 808 Matre
3393 755 3479 807 iu-

1916 842 2223 896 tercesserit
2252 843 2275 895 ‘i
2310 841 2412 897 Sed
2443 844 2547 899 hoc
2579 844 2783 897 nullam
2832 845 2990 899 habet
3022 847 3309 901 rationem.
3361 844 3476 898 Non

1917 940 2003 989 est
2030 934 2174 988 enim
2213 933 2302 988 hic
2362 934 2557 990 modus
2607 936 3013 993 intercessionis
3073 937 3299 992 Christi.
3352 937 3484 990 Fuit‘

1916 1025 2063 1080 enim
2092 1027 2422 1081 intercessor
2475 1025 2565 1080 Dei
2599 1036 2653 1080 et
2693 1028 2996 1092 hominum,
3027 1028 3118 1082 sed
3158 1044 3265 1082 non
3296 1029 3477 1082 verbis

1915 1116 2241 1184 quibusdam
2260 1123 2313 1170 ct
2340 1117 2612 1187 precibus,
2640 1116 2733 1171 sed
2758 1118 2957 1186 seipso,
2976 1132 3171 1187 nempe
3199 1119 3476 1187 quodcum

1914 1206 2056 1263 Deus
2094 1216 2150 1263 et
2178 1209 2344 1264 homo
2380 1219 2544 1273 esset,
2595 1209 2762 1264 Deum
2825 1210 3141 1265 hominibus
3196 1209 3481 1279 conjunxit

1910 1314 2253 1356 communem
2281 1302 2568 1357 terminum
2621 1304 2857 1374 seipsum
2890 1306 3140 1371 utrisque
3163 1301 3374 1355 naturis
3401 1302 3484 1353 iu-

1904 1392 2122 1463 jicicns.
2147 1391 2477 1450 Existimare
2524 1403 2706 1449 autem
2744 1395 2945 1465 ipsum,
2998 1409 3096 1463 per
3132 1407 3322 1463 preces
3357 1408 3478 1461 quae

1912 1485 2457 1551 ﬁuntin'sacriﬂcio,
2507 1502 2722 1557 semper
2780 1487 3136 1547 intercedere,
3194 1493 3277 1540 est
3330 1484 3479 1537 omni

1908 1575 2253 1646 blasphemia
2293 1586 2348 1633 et
2382 1578 2720 1634 ahsurditate
2744 1578 2988 1649 plenum.

226 1659 355 1719 ταῖς
391 1654 622 1726 φύσεσιν
676 1662 950 1733 ιμσαλών.
994 1667 1068 1721 Τὸ
1116 1668 1173 1723 δὲ
1204 1670 1448 1740 νομίζειν
1501 1670 1666 1726 αὐτὸν
1714 1670 1805 1725 διὰ
1840 1670 1951 1725 τῶν
1984 1673 2042 1725 ιν
2071 1675 2138 1745 τῇ
2176 1674 2458 1746 ἱερουργίᾳ
2482 1673 2654 1744 εὐχῶν
2683 1673 2772 1727 ἀεὶ
2838 1673 3165 1745 μεσιτεύειν,
3237 1670 3482 1742 βλασφη-

230 1754 371 1823 μίας
400 1755 621 1825 ἁπάσης
653 1758 747 1812 καὶ
777 1760 1011 1826 ἀτοπίας
1039 1764 1157 1818 ἐστὶ
1188 1767 1410 1835 μεστόν.

303 1844 371 1899 El
402 1846 509 1917 γὰρ
539 1849 634 1903 καὶ
677 1850 842 1915 αὐτός
872 1855 1022 1908 ἔστιν
1053 1857 1082 1909 6
1110 1856 1283 1910 τελῶν
1322 1858 1421 1929 τὴν
1462 1858 1798 1930 ίερουργίαν,

1975 1854 2090 1914 Etsi
2119 1859 2262 1913 enim
2283 1858 2398 1928 ipse
2422 1858 2616 1928 estqui
2649 1858 2857 1930 peragit
2875 1857 3227 1921 sacriﬁcium,
3251 1871 3357 1912 non
3400 1866 3482 1911 ta-

230 1936 352 1989 ἁλλ’
382 1939 443 1990 οὐ
477 1939 657 1994 πάντα
700 1942 768 1997 τὰ
790 1945 909 1997 ἐκεῖ
938 1946 1200 2016 γινόμενα
1227 1950 1320 2003 καὶ
1346 1950 1621 2019 λεγόμενα
1652 1951 1803 2021 αὐτῷ

231 2028 603 2101 ἀναθήσομεν.
636 2032 710 2087 T6
743 2034 842 2104 μὲν
884 2036 996 2106 γὰρ
1045 2036 1207 2108 ἔργον
1237 2038 1339 2108 τῆς
1390 2042 1800 2110 μυσταγωγίας,

232 2120 331 2173 καὶ
391 2122 453 2174 16
486 2124 667 2191 τέλος,
700 2126 823 2197 ἦτοι
877 2128 938 2180 16
982 2129 1313 2198 ἀγιασθῆναι
1366 2134 1434 2185 τὰ
1485 2132 1654 2202 δῶρα,
1709 2134 1804 2187 καὶ

233 2211 460 2279 ἁγιάσαι
503 2216 633 2278 τοὺς
672 2219 921 2286 πιστοὺς,
962 2221 1125 2285 αὐτός
1182 2223 1298 2277 ἐστι
1340 2225 1503 2294 μόνος
1538 2227 1566 2279 6
1612 2226 1804 2280 τελῶν.

232 2307 299 2358 Δί
336 2306 393 2358 δὲ
430 2310 562 2375 περὶ
609 2308 820 2365 τούτων
846 2312 1006 2382 εὐχαὶ
1053 2316 1148 2369 καὶ
1187 2316 1408 2385 δεήσεις
1449 2319 1544 2371 καὶ
1576 2318 1802 2382 ίκεσίαι,

230 2397 331 2450 τοῦ
360 2399 552 2469 ἱερέως
575 2418 590 2434 ·
620 2404 802 2457 ἐκεῖνα
837 2408 933 2474 μὲν
960 2407 1066 2478 γὰρ
1094 2409 1375 2475 δεσπότου,
1404 2411 1578 2466 ταῦτα
1606 2413 1663 2465 δὲ
1686 2411 1806 2466 δού-

232 2490 364 2544 λου*
405 2496 499 2548 καὶ
534 2496 564 2547 6
594 2494 719 2563 ’μὲν
752 2496 993 2565 εὔχεται,
1039 2501 1068 2553 6
1114 2500 1173 2554 δὲ
1207 2502 1408 2556 τελαιοῖ
1459 2503 1557 2566 τὰς
1587 2504 1753 2573 εὐχάς
1784 2519 1799 2531 ⁶

233 2585 334 2638 καὶ
362 2586 391 2637 6
422 2586 524 2653 μὲν
556 2587 752 2655 Σωτὴρ
776 2589 1012 2654 δίδωσιν,
1039 2593 1067 2644 6
1098 2591 1154 2645 δὲ
1185 2596 1367 2663 ἱερεὺς
1404 2595 1547 2666 ὑπὲρ
1575 2595 1684 2649 τῶν
1718 2597 1806 2649 6ος

234 2673 449 2729 θέντων
474 2676 821 2745 εὐχαριστείο
853 2680 949 2732 καὶ
978 2681 1007 2733 6
1036 2681 1136 2749 μὲν
1169 2684 1352 2752 ἱερεὺς
1376 2687 1664 2755 προσάγει,
1690 2687 1719 2738 6
1748 2686 1803 2739 δὲ

235 2765 450 2835 Κυριος
475 2766 758 2837 ἐκδέχεται
797 2770 867 2823 τὰ
899 2770 1049 2842 δῶρα
1068 2789 1084 2806 υ
1115 2774 1413 2844 προσφέρει
1458 2776 1555 2845 μὲν
1579 2776 1687 2847 γὰρ
1710 2777 1806 2829 καὶ

239 2857 270 2908 6
321 2857 548 2927 Κύριος,
585 2858 700 2912 ἀλλ’
752 2859 943 2915 ἑαυτὸν
991 2861 1069 2932 τῷ
1121 2863 1349 2933 Πατέρι,
1398 2865 1490 2917 καὶ
1539 2868 1607 2918 τὰ
1655 2865 1804 2937 δῶρα

236 2944 434 3010 ταῦτα.
463 2948 593 3002 ὅταν
624 2948 787 3013 αὐτὸς
808 2952 1089 3018 γένωνται,
1115 2953 1244 3006 ’ὁταν
1269 2956 1348 3016 είς
1375 2953 1436 3007 16
1456 2955 1620 3008 αὐτοῦ
1644 2955 1804 3026 σῶμα

235 3039 337 3091 καὶ
367 3031 507 3105 αἷμα
543 3040 978 3109 μτασληθῶσιν.
1012 3044 1135 3098 Ὀτι
1169 3045 1275 3114 γὰρ
1324 3045 1520 3099 ἑαυτὸν
1568 3046 1805 3116 προσφέ-

237 3144 346 3197 ρει.
377 3128 467 3184 διὰ
497 3130 660 3184 τοῦτο
691 3127 830 3185 εἶναι
853 3133 1070 3202 λέγεται
1102 3137 1129 3186 6
1149 3137 1312 3198 αὐτὸς
1338 3137 1429 3190 καὶ
1454 3137 1800 3208 προσφέρων,

233 3220 333 3274 καὶ
380 3222 849 3292 προσφερόμενος,
897 3226 990 3278 καὶ
1044 3226 1510 3295 προσδεχόμενοςο
1564 3230 1799 3297 προσφέσ

235 3329 351 3381 ρων
382 3313 501 3382 μὲν,
538 3315 630 3367 καὶ
668 3315 1124 3385 προσδεχόμενος,
1171 3317 1248 3380 ὡς
1293 3317 1460 3381 Θεόςο
1496 3321 1807 3391 προσφερόο

237 3420 403 3474 μενος
427 3404 483 3457 δὲ
512 3402 587 3467 ὡς
621 3405 907 3475 ἄνθρωπος
930 3423 943 3437 ·
971 3406 1138 3474 ἄρτον
1164 3406 1219 3461 ὁὶ
1269 3411 1364 3461 καὶ
1389 3404 1533 3462 οἶνον
1563 3409 1644 3462 ἔτι
1677 3409 1808 3463 ὄντα

230 3495 303 3549 τὰ
326 3495 503 3566 δῶρα,
533 3498 836 3566 προσφέρει
881 3497 982 3567 μὲν
1012 3499 1038 3549 6
1072 3498 1270 3569 ἱερεὺς,
1302 3499 1663 3570 προσδέχεται
1691 3500 1749 3555 δὲ
1779 3500 1808 3553 6

234 3587 470 3653 Κύριος.

309 3680 425 3745 Καὶ
454 3680 508 3731 τί
556 3679 727 3732 ποιῶν
764 3679 831 3732 τὰ
876 3680 1025 3748 δῶρα
1084 3680 1484 3752 προσδέχεται;
1538 3682 1809 3751 Ἀγιάζων

232 3768 399 3829 αὐτὰ,
438 3772 517 3834 εἰς
570 3771 631 3823 16
680 3771 845 3825 αὐτοῦ
900 3772 1058 3838 σῶμα
1091 3776 1185 3826 καὶ
1236 3769 1376 3841 αἷμα
1431 3776 1804 3845 μεταϐάλλων.

234 3863 415 3917 Τοῦτο
468 3863 574 3933 γὰρ
628 3863 688 3916 16
737 3864 1010 3934 δέχεσθαι,
1060 3864 1121 3917 16
1159 3865 1518 3930 οἰκειοῦσθαι,
1569 3870 1711 3922 κατὰ
1740 3871 1810 3923 τὰ

232 3954 619 4025 προειρημένα
644 3970 659 3985 ⁸
696 3948 849 4018 οὗτος
871 3956 899 4008 6
926 3954 1130 4025 τρόπος
1162 3954 1288 4009 καθ’
1316 3955 1376 4009 ὃν
1400 3957 1428 4009 6
1452 3957 1684 4027 Χριστὸς
1711 3957 1811 4026 τὴν

234 4042 556 4117 ἱερουργίαν
608 4045 814 4114 ταύτην
848 4048 1163 4115 ίερουργεϊ·
1209 4044 1385 4100 ταῦτά
1430 4046 1583 4100 ἑστιν
1620 4047 1657 4102 ἃ
1711 4047 1819 4119 τὴν

236 4135 549 4206 ἱερωσύνην
581 4135 733 4205 αὐτῷ
764 4138 942 4188 ποιεῖ’
985 4138 1034 4189 εἰ
1075 4137 1134 4191 δὲ
1162 4137 1299 4206 πρὸς
1331 4139 1445 4201 τοῖς
1472 4138 1808 4208 εἰρημένοις,

233 4230 329 4281 καὶ
365 4228 468 4290 τὰς
502 4228 558 4279 ὲν
587 4230 653 4298 τῇ
695 4229 1057 4298 μυσταγωγίᾳ
1103 4228 1289 4299 εὐχὰς,
1320 4229 1353 4299 ἢ
1396 4228 1577 4291 πάσας
1602 4229 1633 4298 ἢ
1659 4230 1812 4291 τινὰς

232 4320 325 4372 τοῦ
363 4318 606 4388 Χριστοῦ
632 4319 751 4389 θείη
788 4336 872 4382 τις
902 4316 1042 4374 εἶναι
1069 4324 1277 4389 φωνὰς,
1305 4322 1456 4374 οὐδὲν
1483 4323 1625 4375 κατὰ
1654 4322 1814 4376 τοῦτο

233 4413 433 4465 διοίσει
485 4410 596 4465 τῶν
625 4412 857 4475 ἀσεϐῶν,
887 4412 937 4465 οἳ
966 4413 1066 4483 τὴν
1119 4413 1280 4478 δόξαν
1309 4413 1475 4468 αὐτοῦ
1525 4415 1817 4486 καθαιρεῖν

1904 1963 2028 2004 men
2066 1950 2249 2003 omnia
2277 1965 2399 2019 qua
2424 1950 2533 2005 illic
2558 1951 2814 2005 dicuntur
2841 1960 2899 2006 et
2925 1952 3081 2013 fiunt,
3114 1950 3161 2004 ci
3211 1950 3479 2005 attribue-

1906 2056 2046 2095 mus.
2070 2040 2307 2111 Mysterii
2330 2042 2472 2095 enim
2526 2057 2662 2111 opus
2688 2051 2738 2096 et
2770 2044 2949 2103 finem.
3003 2042 3302 2096 sacrificari
3340 2037 3481 2095 scili-

1912 2141 1999 2186 cet
2035 2142 2088 2186 et
2126 2133 2456 2186 sanctiﬁcari
2482 2134 2685 2195 ﬁdeles,
2742 2137 2855 2202 ipse
2902 2144 2985 2189 est
3028 2137 3177 2190 solus
3209 2136 3299 2199 qui
3350 2151 3477 2204 per-

1904 2221 2037 2290 agit.
2068 2219 2139 2273 De
2161 2222 2246 2276 his
2269 2230 2445 2275 autem
2476 2238 2663 2291 preces
2682 2234 2809 2278 sunt
2831 2225 3103 2281 orationes
3130 2234 3183 2280 et
3206 2227 3480 2296 supplica—

1906 2313 2086 2367 tiones
2116 2312 2435 2367 sacerdotis.
2468 2312 2560 2367 Illa
2587 2313 2731 2367 enim
2764 2323 2892 2367 sunt
2938 2314 3177 2380 Domini,
3219 2316 3333 2369 haec
3356 2331 3484 2371 vero

1906 2406 2045 2463 servi
2072 2422 2088 2471 ;
2124 2412 2178 2460 et
2204 2404 2295 2459 hic
2322 2404 2538 2473 quidem
2571 2413 2841 2472 precatur,
2882 2403 2971 2460 ille
3000 2420 3127 2458 vero
3157 2420 3345 2474 preces
3369 2421 3487 2473 per.

1907 2500 2037 2564 iicit;
2062 2507 2113 2553 et
2148 2497 2408 2552 Dominus
2441 2497 2657 2567 quidem
2694 2497 2897 2561 donat,
2933 2498 3191 2552 sacerdos
3221 2512 3349 2550 vero
3391 2513 3485 2563 pro

1908 2590 1977 2645 iis
2006 2604 2128 2659 quae
2156 2588 2280 2644 data
2316 2589 2591 2659 sunt,agit
2621 2589 2822 2660 gratias
2848 2605 2862 2653 ;
2896 2598 2948 2641 et
2980 2589 3236 2643 sacerdos
3264 2588 3483 2657 quidem

1904 2682 2080 2746 od‘ert,
2160 2680 2420 2735 Dominus
2482 2695 2611 2734 vero
2662 2679 2804 2732 dona
2852 2678 3065 2747 accipit.
3118 2678 3284 2733 Oll'ert
3338 2681 3483 2732 enim

1904 2773 2065 2829 etiam
2119 2770 2400 2835 Dominus,
2433 2770 2525 2824 scd
2576 2771 2816 2840 Seipsum
2862 2768 3034 2835 Patri,
3102 2780 3156 2824 et
3194 2769 3333 2824 dona
3371 2769 3486 2823 haec

1904 2863 2127 2936 quando
2165 2863 2282 2927 ipse
2312 2862 2451 2917 facta
2484 2861 2702 2926 fuerint,
2736 2860 2952 2930 quando
2979 2860 3031 2914 in
3058 2861 3173 2930 ejus
3195 2874 3391 2928 corpus
3434 2865 3487 2911 ct

1905 2955 2226 3025 sanguinem
2252 2967 2512 3007 conversa
2553 2961 2604 3006 et
2642 2962 2870 3006 muta-ta;
2899 2948 3035 3016 Quia
3072 2949 3214 3003 enim
3243 2951 3483 3016 seipsum

1904 3046 2080 3108 oﬂ‘ert,
2096 3045 2217 3098 ideo
2239 3044 2436 3097 dicitur
2455 3044 2592 3097 idem
2622 3057 2743 3096 esse
2765 3050 2818 3096 et
2839 3043 2930 3111 qui
2949 3042 3125 3099 oii‘ert.
3143 3050 3196 3096 et
3211 3040 3304 3111 qui
3329 3037 3487 3092 οιτον-

1908 3145 1995 3190 tur
2008 3147 2057 3187 et
2076 3136 2326 3202 suscipit,
2359 3132 2823 3200 oiierensquidetn
2843 3133 3213 3200 etsuscipicns
3244 3139 3303 3185 ut
3323 3126 3484 3201 Deus.

1906 3226 2120 3280 oblatus
2141 3232 2319 3277 autem
2340 3230 2399 3275 ut
2422 3225 2608 3273 homo.
2631 3220 2839 3274 Panem
2858 3227 3043 3273 autem
3061 3230 3115 3273 et
3134 3221 3341 3281 vinum,
3357 3220 3485 3271 dum

1907 3317 2082 3370 adhuc
2124 3314 2265 3368 dona
2302 3321 2450 3375 sunt,
2484 3311 2641 3365 oli‘ert
2680 3310 2905 3379 quidem
2958 3310 3228 3373 sacerdos,
3262 3310 3488 3378 suscipit

1909 3417 2087 3463 autem
2115 3404 2401 3461 Dominus.
2445 3401 2513 3455 Et
2535 3400 2662 3471 quid
2719 3414 2882 3470 agens
2909 3401 3055 3455 dona
3107 3399 3385 3467 suscipit?
3416 3399 3485 3452 Ea

1910 3500 2283 3565 sanctificans,
2310 3497 2364 3550 in
2394 3510 2554 3551 suum
2594 3508 2793 3563 corpus
2824 3492 3215 3561 et'sanguincm
3242 3499 3481 3544 mutans.

1910 3594 2024 3646 Hoc
2068 3590 2212 3644 enim
2258 3595 2342 3643 est
2402 3586 2701 3655 suscipere,
2757 3581 3038 3652 proprium
3105 3590 3159 3636 et
3219 3578 3486 3635 familiare

1908 3685 2140 3750 edicere,
2174 3691 2230 3737 ut
2262 3683 2464 3738 dictum
2497 3688 2603 3735 est.
2634 3677 2732 3732 Hic
2752 3685 2836 3732 est
2873 3675 3064 3731 modus
3092 3690 3201 3747 quo
3234 3677 3485 3731 Christus

1912 3778 2014 3833 hoc
2043 3775 2371 3831 sacriﬁcium
2404 3773 2660 3828 celehrat.
2690 3770 2815 3824 ilmc
2852 3777 2979 3824 sunt
3000 3784 3120 3839 quae
3144 3769 3191 3823 ei
3221 3768 3482 3824 sacerdo—

1912 3870 2046 3922 tium
2090 3870 2455 3923 constituunt.
2518 3867 2572 3919 Si
2608 3874 2786 3919 autem
2828 3874 3023 3932 praeter
3076 3877 3139 3915 ea
3174 3877 3290 3929 qum
3343 3860 3484 3913 dicta

1914 3967 2060 4021 sunt,
2089 3956 2250 4009 etiam
2280 3956 2556 4008 orationes
2580 3969 2703 4022 qua:
2726 3953 2861 4005 ﬂttnt
2885 3950 2938 4003 in
2967 3950 3213 4019 mysterii
3241 3948 3456 4001 celchra
3474 3979 3486 3986 -

1916 4048 2084 4109 tione,
2103 4044 2191 4100 vel
2208 4058 2399 4098 omnes
2447 4044 2532 4098 vel
2558 4044 2769 4112 aliquas
2790 4041 2992 4096 Christi
3018 4054 3177 4093 voces
3200 4052 3318 4092 esse
3338 4038 3487 4090 dixe-

1914 4140 2005 4204 rit,
2027 4137 2160 4193 nihil
2190 4139 2242 4190 in
2263 4137 2362 4190 hac.
2389 4149 2449 4189 re
2477 4135 2545 4188 ab
2567 4134 2747 4197 impiis
2777 4131 3006 4195 dilferet,
3032 4130 3124 4198 qui
3151 4130 3267 4199 ejus
3302 4128 3488 4197 glorim
3510 4167 3525 4179 .

1914 4225 2197 4281 detrahere
2226 4222 2342 4278 ausi
2373 4230 2520 4277 sunt.
2556 4220 2693 4289 Lege
2714 4232 2906 4272 omnes
2937 4217 3230 4279 orationes,
3266 4225 3319 4270 et
3345 4215 3484 4267 scius

1916 4319 2076 4374 vetba
2152 4318 2243 4372 illa
2299 4315 2485 4370 omnia
2560 4327 2682 4368 esse
2740 4323 3024 4365 servorum
3100 4306 3284 4360 verba.
3346 4306 3486 4371 Lch

1915 4413 2078 4467 etiarn
2104 4426 2224 4465 eam
2257 4408 2439 4477 inqua
2471 4413 2789 4460 sanctorum
2853 4400 3124 4461 meminit,
3181 4414 3343 4463 quam
3389 4414 3486 4451 au-

235 4505 568 4574 ὲτὸλμησαν.
614 4504 917 4572 Ἀνάγνωθι
951 4506 1051 4569 τὰς
1084 4507 1248 4576 εὐχὰς
1277 4507 1522 4572 ἁπάσας,
1566 4508 1660 4560 καὶ
1692 4488 1807 4578 εἴσῃ

1917 4502 2046 4558 dent
2072 4501 2292 4557 Christo
2326 4499 2584 4559 tribuere,
2605 4503 2661 4550 et
2693 4492 2937 4549 invenies
2974 4493 3106 4546 nihil
3133 4493 3241 4545 illic
3290 4507 3489 4545 conre-

235 4597 301 4649 τὰ
353 4598 574 4668 ῥήματα
655 4598 838 4652 ἐκεῖνα
889 4599 1068 4652 πάντα
1117 4600 1319 4654 δούλων
1358 4595 1497 4652 εἶναι
1547 4601 1765 4671 ῥήματα
1792 4616 1808 4634 ⁸

237 4689 520 4755 ἀνάγνωθι
570 4688 666 4742 καὶ
694 4690 904 4759 ταύτην
930 4688 965 4760 ἢ
998 4691 1327 4760 μνημονεύει
1378 4691 1486 4744 τῶν
1520 4691 1711 4760 ἁγίων,
1744 4691 1812 4761 ἥν

238 4779 313 4850 τῷ
343 4780 568 4850 Χριστῷ
613 4780 928 4835 ἀνατιθέναι
968 4782 1235 4852 τολμῶσι,
1273 4781 1366 4835 καὶ
1401 4782 1658 4854 εὑρήσεις
1695 4784 1812 4836 ἐκεῖ

237 4872 394 4925 οὐδὲν
431 4872 531 4940 μὲν
556 4871 658 4941 υίῷ
710 4871 927 4942 πρέπον
954 4871 1229 4943 ὁμοτίμῳ,
1270 4873 1447 4927 πάντα
1494 4873 1551 4925 δὲ
1582 4872 1806 4929 δούλων.

240 4965 464 5033 Πρῶτον
520 4963 782 5033 μὲνγὰρ,
835 4963 934 5016 οὐκ
970 4961 1065 5030 ἀφ’
1115 4964 1233 5027 ἐνὸς
1289 4960 1612 5034 προσώπου,
1668 4963 1808 5016 ἀλλὰ

238 5053 396 5123 κοινὴ
434 5053 530 5106 τοῦ
558 5053 750 5121 γένους
779 5052 930 5105 ἐστὶν
958 5053 991 5122 ὴ
1028 5051 1368 5122 εὐχαριστία,
1410 5055 1503 5106 καὶ
1532 5052 1606 5115 ὡς
1633 5052 1808 5120 ἁμαρ-

240 5147 535 5215 τήσαντες,
585 5144 679 5199 καὶ
710 5145 784 5215 μὴ
839 5144 1227 5214 περιοφθέντες
1255 5143 1359 5196 ὑπὸ
1403 5146 1502 5215 τῆς
1546 5145 1640 5198 τοῦ
1671 5142 1806 5196 Θεοῦ

241 5237 675 5306 φιλανθρωπίας,
724 5236 1143 5307 εὐχαριστοῦσι*
1172 5237 1326 5306 καὶὴ
1368 5236 1694 5306 εὐχαριστία
1742 5234 1806 5288 οὗ

242 5330 378 5399 πρὸς
406 5331 502 5384 τὸν
529 5330 750 5400 Πατέρα
785 5331 967 5399 μόνον,
996 5328 1133 5382 ἀλλὰ
1160 5331 1254 5382 καὶ
1285 5328 1419 5398 πρὸς
1439 5329 1532 5381 τὸν
1558 5328 1686 5381 Υίδν
1712 5330 1808 5380 αὖ·

241 5422 360 5484 τοῦ,
399 5422 498 5475 καὶ
518 5422 579 5476 16
615 5421 841 5492 Πνεῦμα
882 5422 944 5475 16
991 5423 1148 5489 ἅγιον
1176 5439 1191 5454 ·
1230 5422 1327 5474 καὶ
1381 5423 1479 5492 τῆς
1529 5420 1622 5473 τοῦ
1666 5421 1804 5474 Θεοῦ

244 5514 488 5583 Μητρὸς,
549 5514 624 5578 ὡς
687 5515 982 5584 Δεσποίνης
1039 5514 1233 5578 δοῦλοι,
1306 5514 1654 5584 μέμνηνται’
1707 5516 1803 5569 καὶ

244 5607 365 5667 ταῖς
406 5604 729 5673 πρεσϐείαις
755 5604 927 5674 αὐτῆς
958 5606 1051 5657 καὶ
1089 5603 1199 5656 τῶν
1244 5603 1412 5671 ἁγίων
1466 5605 1566 5671 τῆς
1650 5607 1801 5675 παρᾶ

245 5696 341 5747 τοῦ
382 5697 519 5750 Θεοῦ
576 5697 918 5766 ἐπισκέψεως
948 5699 1042 5751 καὶ
1082 5695 1338 5767 προνοίας
1385 5695 1660 5750 αἰτοῦνται
1711 5714 1803 5749 τυ-

248 5787 383 5856 χεῖν.
431 5789 615 5847 Ταῦτα
645 5790 699 5843 δὲ
733 5790 785 5843 τί
826 5790 1004 5844 κοινὸν
1047 5790 1158 5860 ἔχει
1206 5788 1342 5859 προς
1391 5787 1484 5842 τόν
1539 5786 1633 5842 έναι
1685 5789 1796 5841 Κύ-

1919 4597 2039 4650 nire
2087 4592 2247 4657 Filio,
2279 4594 2373 4659 qui
2429 4597 2516 4644 est
2542 4586 2691 4641 Patri
2731 4584 2938 4641 honore
2990 4585 3248 4652 aequalis;
3307 4584 3484 4634 nuntia

1919 4699 2100 4743 autem
2135 4698 2441 4740 servorum.
2469 4681 2712 4735 Primum
2743 4683 2887 4734 enim
2916 4692 3026 4731 non
3064 4676 3133 4729 ab
3170 4690 3274 4728 una
3300 4688 3488 4743 perso-

1916 4796 2009 4844 na,
2035 4779 2127 4835 sed
2164 4774 2467 4830 communis
2530 4782 2611 4826 est
2651 4772 2863 4841 generis
2926 4768 3227 4839 gratiarum
3284 4765 3427 4818 actio
3463 4781 3477 4826 ;

1916 4882 1968 4928 et
1999 4881 2059 4927 ut
2118 4870 2213 4940 qui
2272 4871 2590 4937 peccarunt.
2632 4873 2816 4917 etnon
2848 4867 2979 4916 sunt
3006 4856 3247 4925 despecti
3300 4869 3330 4909 ιι
3393 4854 3482 4907 Dei

1915 4962 2291 5020 misericordia
2323 4969 2377 5015 et
2398 4958 2702 5018 clementia.
2746 4960 2909 5024 agunt
2942 4948 3143 5020 gratias
3168 4964 3184 5013 ;
3206 4957 3258 5001 et
3288 4948 3480 5015 gratim

1915 5073 2032 5113 rum
2065 5056 2206 5112 actio
2240 5069 2347 5109 non
2400 5054 2465 5108 ad
2497 5049 2709 5105 Patrem
2745 5046 2944 5108 solum,
2977 5042 3071 5098 sed
3098 5041 3259 5095 etiam
3289 5039 3355 5093 ad
3394 5036 3482 5092 Fi-

1914 5151 2045 5205 lium
2080 5149 2197 5220 ejus
2222 5155 2277 5201 et
2306 5154 2555 5201 sanetum
2594 5139 2856 5210 Spiritum
2893 5152 2908 5201 ;
2936 5144 2991 5191 et
3018 5133 3110 5189 Dei
3137 5120 3329 5187 mdtris
3360 5140 3483 5185 tan-

1912 5253 2074 5309 quam
2104 5238 2338 5293 dominze
2362 5232 2527 5296 servi,
2552 5227 2937 5289 meminerunt,
2963 5230 3016 5278 ct
3035 5223 3154 5293 ejus
3183 5230 3237 5277 et
3262 5230 3482 5277 sancto-

1911 5345 2034 5385 rum
2113 5322 2600 5383 intercessionibus
2633 5358 2648 5383 ,
2698 5325 2757 5372 ut
2807 5331 2837 5370 a
2874 5315 2985 5370 Deo
3052 5315 3357 5374 visitentur,
3418 5318 3473 5362 ct

1911 5435 2099 5477 eorum
2132 5433 2264 5474 cura
2295 5415 2584 5477 habeatur,
2620 5418 2827 5480 petunt.
2853 5407 2978 5463 llaec
3010 5414 3192 5461 autem
3221 5400 3482 5471 quidnam

1910 5527 2198 5569 commune
2224 5510 2423 5566 habent
2465 5519 2589 5561 cum
2643 5518 2750 5557 uno
2797 5502 3027 5557 Domino
3058 5492 3353 5561 unigenito,
3387 5490 3488 5549 Dei

1909 5606 2296 5673 Filio,peccato
2334 5615 2440 5654 non
2472 5597 2730 5662 obnoxio,
2763 5595 3004 5648 omnium
3037 5584 3285 5643 Domino?
3318 5581 3493 5642 «ϐω-ι

1910 5699 2014 5752 tias
2040 5695 2272 5765 agimus,
2306 5691 2501 5760 inquit.
2532 5689 2648 5752 tibi,
2706 5687 2753 5739 ei
2786 5684 2923 5739 Filio
2960 5692 3054 5736 tuo
3117 5674 3423 5744 ttnigenito.
3455 5699 3478 5734 ι

1908 5784 2163 5842 Christus
2189 5796 2320 5852 ergo
2353 5779 2557 5850 gratias
2590 5776 2698 5846 agit
2750 5772 2889 5827 Filio
2931 5771 3021 5826 Dei
3069 5765 3372 5836 unigenito,
3429 5784 3495 5832 οι
