4158 6306
324 291 424 360 ζ31

1532 306 1930 370 Ll'IURGI/E
1969 311 2398 376 EXPOSl'l'lO.

3477 341 3588 404 482

313 409 724 463 τελειωθέντων
750 411 924 480 ἁγίων
956 412 1036 484 τῷ
1061 414 1417 472 τελειώσαντι
1450 419 1682 490 χάριτας
1709 422 1889 491 ὁμολο-

318 502 444 524 -.-ἳη
493 501 799 524 L--1‘.-..ﬂl..
832 505 957 524 1-A,,
1015 507 1072 524 or
1111 510 1121 522 ο
1183 511 1195 524 ο
1433 513 1445 524 ι
1494 513 1505 524 ι
1659 512 1668 524 ο
1847 513 1858 524 ι

2009 423 2189 478 iidelcs
2237 429 2288 479 in
2322 431 2610 488 sanctitate
2667 437 3044 504 perficiantur,
3085 450 3133 497 et
3167 458 3451 517 propterea
3487 471 3587 524 pro

318 502 444 567 γείν
489 501 800 559 ἀκόλουθόν
828 505 979 559 ἐστιν
1011 507 1074 572 ἐξ
1099 510 1363 579 ἀνάγκης.
1419 513 1518 564 Διὰ
1571 512 1776 580 ταύτην
1807 513 1906 583 τὴν

314 592 465 661 (πὲρ
495 592 602 646 τῶν
645 594 822 660 ἁγίων
852 597 1231 668 εὐχαριστίαν,
1270 603 1302 670 ἡ
1339 602 1487 670 αὐτὴ
1525 601 1714 673 τελετὴ
1748 605 1907 673 εὐχα-

321 683 515 751 ριστία
556 685 818 738 καλεῖται·
852 689 900 740 εἰ
932 689 1042 759 γὰρ
1065 689 1158 743 καὶ
1195 691 1372 744 ἄλλων
1396 692 1638 747 ἐνταῦθα
1694 696 1905 749 πολλῶν

327 778 630 848 μέμνηται,
666 778 779 832 ἀλλ’
811 781 862 832 οἱ
891 780 1038 848 ἁγιοι
1062 783 1122 834 τὸ
1154 783 1306 847 τέλος
1329 785 1606 853 ἁπάντων,
1627 791 1724 840 καὶ
1763 789 1903 859 ὑπὲρ

246 917 260 928 ,
329 863 410 923 ῶν
445 872 621 923 ἐκεῖνα
641 869 907 942 ζητεῖται·
941 873 1064 926 ὅθεν
1092 874 1223 928 ὅταν
1255 876 1397 946 ὑπὲρ
1419 877 1645 932 ἐκείνων
1671 880 1902 950 εὐχαρι-

328 964 453 1031 στῇ,
494 961 630 1032 ὑπὲρ
659 965 760 1032 τῆς
787 964 1124 1029 τελειώσεως
1171 968 1281 1020 τῶν
1339 969 1514 1037 ἁγίων
1569 972 1900 1040 εὐχαριστεῖ.

319 1051 587 1122 Καθάπερ
617 1057 729 1125 γὰρ
757 1056 786 1107 6
819 1054 1026 1126 Κύριος
1057 1057 1155 1110 ὅσα
1203 1058 1480 1128 ἐποίησεν,
1535 1061 1622 1114 ῖνα
1656 1065 1899 1135 συστήσῃ

288 1143 412 1224 ⁸τὸν
434 1143 544 1196 τῶν
580 1145 755 1212 ἁγίων
788 1147 971 1216 χορὸν,
998 1148 1274 1218 εποίησεν·
1305 1150 1450 1205 οὕτω
1472 1153 1618 1226 καὶὴ
1668 1153 1900 1226 Ἐκκλη-

289 1235 411 1286 ’σία
439 1237 503 1288 ὲν
531 1231 612 1300 οἷς
644 1239 811 1290 αὐτὸν
841 1240 983 1310 ὑπὲρ
1007 1241 1233 1294 ἐκείνων
1258 1243 1514 1298 ἁπάντων
1537 1246 1730 1316 ὑμνεῖ,
1770 1249 1898 1317 πρὸς

310 1331 410 1384 τὸν
445 1333 611 1400 χορὸν
645 1332 926 1401 βλέπουσα
961 1337 1072 1389 τῶν
1113 1338 1286 1406 ἁγίων
1311 1341 1469 1394 τοῦτο
1491 1345 1653 1395 ποιεῖ.
1695 1342 1897 1397 Τούτου

310 1423 481 1492 χάριν
505 1425 594 1477 ὅτε
625 1427 915 1494 παρεδίδου
965 1429 1122 1481 τοῦτο
1170 1431 1231 1482 τὸ
1270 1433 1572 1501 μυστήριον
1620 1436 1647 1487 6
1675 1435 1895 1505 Σωτὴρ,

309 1512 666 1581 εὐχαριστῶν
696 1516 773 1585 τῷ
805 1518 978 1587 Πατρὶ
1009 1519 1312 1587 παρεδίδου.
1345 1522 1426 1574 ὅτι
1459 1523 1527 1575 δι’
1548 1523 1712 1576 αὐτοῦ
1738 1525 1897 1593 ἔμελ-

307 1603 404 1653 λεν
441 1606 576 1672 ἡμῖν
607 1605 844 1672 ἀνοίγειν
876 1609 966 1659 τὸν
989 1609 1240 1677 οὐρανὸν,
1279 1612 1374 1663 καὶ
1410 1612 1616 1681 ταύτην
1657 1613 1755 1684 τὴν
1782 1631 1891 1668 πα-

308 1693 547 1763 νήγυριν
576 1694 654 1765 τῷ
684 1697 1016 1766 πρωτοτὸκῳ
1054 1700 1305 1765 συνάγειν
1338 1703 1476 1756 ἐκεῖ.
1502 1702 1699 1756 Τοῦτον
1721 1705 1892 1774 ήἘκ-

313 1782 518 1850 κλησία
553 1787 892 1857 μιμουμένη,
919 1789 1016 1857 οὐχ
1051 1789 1252 1843 ἱκέσιον
1284 1792 1464 1860 μόνον,
1501 1794 1637 1847 ἀλλὰ
1667 1797 1760 1848 καὶ
1788 1793 1859 1866 χά
1878 1826 1891 1837 ~

313 1874 602 1944 ριστήριον
638 1875 734 1946 τὴν
797 1879 1199 1950 προσταγωγὴν
1243 1885 1479 1936 ποιεῖται
1525 1884 1633 1937 τῶν
1682 1885 1888 1956 δώρων.

315 1965 426 2015 Καὶ
449 1963 610 2017 τοῦτο
641 1966 850 2021 δείκυσι
881 1969 980 2036 μὲν
997 1969 1211 2045 έτέρωθ
1223 1982 1304 2036 εν,
1339 1973 1572 2040 μάλιστα
1595 1975 1649 2028 δὲ
1668 1977 1774 2029 ἀπὸ
1795 1978 1893 2045 τῆς

318 2055 508 2125 εὐχῆς,
542 2051 668 2131 ὲνῇ
706 2074 825 2122 πως
878 2043 1130 2122 ὁσκόπὺς
1177 2063 1487 2132 περιέχεται
1533 2066 1630 2134 τῆς
1671 2043 1888 2137 ἱερουρ-

320 2149 468 2213 γίας.
497 2148 888 2220 Διηγησαμένη
936 2152 1044 2222 γὰρ
1068 2151 1280 2204 ἅπαντα
1307 2154 1376 2205 τὰ
1422 2157 1572 2224 παρὰ
1627 2157 1720 2210 τοῦ
1757 2158 1890 2212 Θεοῦ

311 2235 536 2289 δοθέντα
573 2239 720 2308 ύμῖν,
757 2243 848 2294 καὶ
875 2244 1014 2316 ὑπὲρ
1045 2249 1185 2301 πάντ
1201 2267 1278 2302 ων
1310 2252 1774 2322 εὐχαριστήσασα,
1797 2257 1892 2308 καὶ

312 2329 626 2382 τελευταῖον
685 2333 989 2402 προσθεῖσα
1029 2339 1127 2408 τὴν
1156 2341 1248 2394 τοῦ
1298 2343 1507 2414 Κυρίου
1564 2345 1652 2396 διὰ
1686 2347 1890 2414 σαρκὸς

312 2419 640 2487 παρουσίαν,
670 2422 764 2474 καὶ
800 2424 902 2493 τὴν
953 2428 1047 2480 τοῦ
1076 2433 1378 2501 μυστηρίου
1435 2437 1750 2505 παράδοσιν,
1799 2440 1894 2492 καὶ

311 2511 392 2572 ὡς
420 2512 724 2566 ἐνετείλατο
751 2516 846 2568 καὶ
873 2518 1019 2586 ἡμᾶς
1046 2520 1202 2573 τοῦτο
1231 2527 1425 2591 ποιεῖν,
1460 2526 1731 2596 ἐπήγαγε,
1792 2545 1890 2596 μεο

316 2602 583 2670 μνημένοι
613 2605 792 2659 τοίνυν
834 2607 933 2677 τῆς
968 2613 1234 2681 σωτηρίου
1285 2615 1490 2683 ταύτης
1527 2617 1764 2687 ἐντολῆς,
1801 2621 1894 2672 καὶ

310 2694 535 2747 πάντων
566 2696 674 2748 τῶν
699 2697 840 2766 ὑπὲρ
866 2699 896 2769 ἡ
907 2699 1024 2768 μῶν
1052 2704 1384 2773 γενομένων,
1411 2705 1504 2759 τοῦ
1537 2707 1773 2776 σταυροῦ
1798 2711 1892 2762 καὶ

311 2784 462 2854 ἑξῆς·
499 2789 680 2840 πάντα
732 2791 1080 2856 καταλέξασα
1135 2795 1278 2864 μετὰ
1337 2797 1428 2850 τὸν
1464 2798 1716 2867 σταυρὸν,
1773 2797 1894 2854 εῐτά

311 2893 468 2945 φησι,
555 2895 576 2928 ι
619 2879 701 2930 Τὰ
769 2879 838 2934 σὰ
891 2883 955 2934 ὲκ
1015 2884 1123 2936 τῶν
1193 2886 1298 2938 σῶν
1354 2888 1436 2939 σοὶ
1511 2877 1893 2960 προσφέρομεν

313 2967 429 3037 Ιπο.
465 2970 894 3043 προσφέροντες]
942 2975 1083 3027 κατὰ
1114 2976 1309 3042 πάντα,
1342 2979 1434 3031 καὶ
1467 2978 1554 3032 διὰ
1602 2982 1780 3034 πάντα
1832 2999 1891 3035 σε

2010 517 2216 571 sanctis
2241 518 2354 586 jam
2390 522 2651 590 perfectis
2682 539 2736 580 et
2783 534 3205 601 consummatis,
3239 538 3288 591 ei
3334 544 3427 610 qui
3462 517 3584 614 per-

2010 606 2158 670 fecit,
2194 610 2399 677 gratias
2435 627 2596 681 agere
2634 625 2716 669 est
2761 622 3073 674 necessario
3126 606 3584 687 consentaneum.

2011 699 2234 768 Propter
2268 701 2409 754 hanc
2441 719 2539 772 pro
2569 715 2768 761 sanctis
2797 712 3094 776 gratiarum
3157 720 3426 774 actionem
3485 725 3586 778 hoc

2006 801 2224 841 sacrum
2264 794 2581 860 mysterium
2633 794 2980 852 Eucliaristia
3011 802 3234 860 dicitur.
3280 808 3393 862 Etsi
3438 816 3582 866 enim

2007 874 2238 928 aliorum
2283 893 2504 948 quoque
2532 883 2831 938 multorum
2883 888 2974 941 hic
3013 893 3344 949 mentionem
3394 897 3580 964 faciat,

2005 966 2176 1018 sancti
2211 975 2389 1022 tamen
2423 981 2548 1024 sunt
2584 973 2708 1026 linis
2760 976 3020 1042 omnium,
3063 989 3116 1034 et
3145 996 3242 1050 pro
3266 987 3466 1052 quibus
3493 990 3582 1042 illa

2005 1061 2290 1118 petuntur.
2331 1052 2483 1110 Unde
2514 1061 2736 1126 quando
2775 1076 2874 1129 pro
2910 1064 3018 1118 illis
3065 1070 3180 1135 agit
3209 1076 3436 1138 gratias,
3465 1082 3580 1145 agit

2003 1143 2208 1209 gratias
2245 1161 2342 1214 pro
2358 1158 2675 1202 sanctorum
2712 1151 3076 1219 perfectione.
3103 1143 3574 1223 Quemadmodum

2002 1234 2149 1286 enim
2181 1251 2520 1308 quaecunque
2560 1240 2691 1295 fecit
2721 1241 3008 1312 Dominus,
3029 1263 3091 1300 ea
3125 1249 3248 1304 fecit
3269 1263 3326 1308 ιιι
3350 1256 3576 1312 chorum

2003 1333 2320 1379 sanctorum
2355 1337 2646 1396 statueret,
2683 1332 2755 1385 ita
2788 1335 2953 1386 etiam
3007 1335 3269 1406 Ecclesia,
3301 1342 3392 1395 ubi
3426 1343 3574 1398 illum

2003 1414 2188 1469 laudat
2219 1431 2317 1485 pro
2363 1420 2638 1484 omnibus,
2670 1424 2740 1476 ad
2775 1433 3090 1478 sanctorum
3130 1428 3355 1484 chorum
3405 1436 3580 1500 respi-

2002 1507 2152 1560 ciens
2202 1506 2306 1562 hoe
2335 1511 2465 1579 agit.
2523 1510 2596 1565 Ea
2633 1513 2699 1565 de
2732 1529 2896 1568 causa
2930 1519 3150 1583 quando
3185 1522 3411 1574 tradidit
3452 1523 3577 1578 Ser-

2002 1607 2158 1652 vator
2189 1611 2619 1667 sacramentum,
2662 1604 2806 1658 l’atri
2864 1610 3070 1674 gratias
3113 1625 3278 1679 agens
3321 1614 3572 1680 tradidit,

2003 1691 2147 1759 quod
2185 1707 2280 1758 per
2329 1691 2506 1759 ipsum
2553 1696 2712 1750 nobis
2761 1699 2959 1752 coelum
2993 1709 3138 1755 esset
3172 1713 3488 1771 aperturtts,
3523 1719 3578 1762 et

1996 1782 2142 1836 hunc
2191 1782 2678 1852 primogenitorum
2717 1796 2920 1842 emtum
2964 1791 3072 1845 illic
3120 1806 3573 1863 congregaturus.

1994 1874 2131 1928 Eum
2184 1875 2407 1929 imitans
2456 1875 2723 1942 Ecclesia,
2775 1895 2881 1934 non
2922 1883 3098 1936 solum
3145 1887 3571 1953 supplicantem.

1993 1965 2088 2019 sed
2120 1967 2281 2020 etiam
2321 1968 2524 2034 gratias
2551 1979 2799 2037 agentem
2839 1971 2968 2025 facit
3009 1972 3280 2027 donorum
3331 1977 3568 2031 oblatio-

1993 2072 2141 2110 nem.
2178 2056 2242 2109 Et
2276 2058 2376 2111 lioc
2408 2059 2623 2126 quidem
2655 2059 2874 2114 aliunde
2906 2063 3166 2127 ostendit,
3213 2066 3448 2119 maxime
3475 2083 3570 2120 au-

1995 2157 2098 2202 tem
2155 2163 2218 2201 ex
2275 2149 2539 2212 oratione,
2584 2149 2636 2202 in
2691 2167 2796 2218 qua
2850 2153 3019 2207 totius
3066 2156 3322 2210 sacrificii
3369 2174 3568 2226 scopus

1994 2239 2328 2292 continetur.
2388 2239 2522 2292 Cum
2576 2242 2722 2293 enim
2779 2243 3150 2298 recensuisset
3205 2246 3395 2298 omnia
3448 2261 3572 2315 quae

1995 2328 2152 2383 nobis
2181 2342 2208 2380 a
2246 2329 2354 2382 Deo
2379 2329 2502 2382 data
2533 2340 2682 2390 sunt,
2717 2340 2771 2384 et
2803 2333 3009 2400 gratias
3036 2334 3234 2402 egisset
3262 2352 3361 2406 pro
3391 2341 3572 2392 omni-

1996 2422 2117 2481 bus,
2183 2427 2238 2473 et
2315 2427 2592 2488 postremo
2649 2419 2953 2474 addidisset
3021 2421 3241 2477 Domini
3303 2425 3356 2478 in
3405 2441 3571 2480 carne

1997 2512 2316 2575 advcntum,
2367 2521 2419 2564 et
2467 2509 2631 2579 hujus
2689 2513 3020 2566 sacramenti
3077 2513 3461 2580 traditionem,
3515 2524 3570 2569 et

1995 2603 2141 2672 quod
2189 2601 2346 2657 nobis
2397 2619 2616 2672 quoque
2659 2603 2761 2657 hoc
2789 2603 2952 2672 jussit
2990 2604 3190 2664 facere.
3230 2607 3562 2674 subjunxit:

1994 2691 2365 2747 Recordantes
2395 2707 2526 2761 ergo
2563 2693 2825 2747 salutaris
2860 2693 3027 2762 hujus
3056 2696 3336 2763 prteccpti,
3365 2704 3418 2748 et
3452 2713 3571 2750 om-

1995 2787 2147 2840 nium
2195 2801 2316 2856 qua:
2351 2799 2450 2853 pro
2495 2784 2650 2838 nobis
2692 2785 2836 2839 facta
2892 2794 3042 2851 sunt,
3076 2787 3279 2850 crucis,
3329 2797 3462 2853 ctc.,
3514 2798 3570 2844 et

1997 2879 2338 2934 enumeratis
2383 2877 2644 2947 deinceps
2674 2879 2928 2932 omnibus
2971 2894 3092 2948 qua:
3125 2895 3343 2934 crucem
3374 2896 3570 2936 conse~

1998 2977 2120 3022 cuta
2152 2977 2302 3031 sunt,
2336 2967 2536 3022 deinde
2573 2967 2745 3020 dicit:
2787 2986 2804 3019 ι
2844 2967 2959 3023 Tua
2991 2985 3054 3022 ex
3093 2970 3201 3023 tuis
3241 2971 3335 3023 tibi
3383 2971 3568 3025 oﬂ‘cri-

310 3061 617 3130 ὑμνοῦμεν,
660 3063 718 3115 σὲ
747 3063 1098 3135 εὐλογοῦμεν,
1149 3071 1233 3122 σοι
1271 3071 1727 3143 εὐχαριστοῦμεν,
1769 3075 1887 3126 Κύ-

1998 3075 2122 3114 mus
2153 3051 2168 3114 ξ
2205 3059 2273 3114 de
2302 3060 2580 3122 omnibus,
2616 3071 2668 3115 et
2714 3076 2808 3122 per
2853 3061 3034 3114 omnia
3083 3070 3132 3116 te
3175 3060 3484 3127 laudamus,
3516 3072 3568 3118 te

311 3168 417 3218 ριε,
443 3154 538 3205 καὶ
566 3152 799 3222 δεόμεθά
827 3173 942 3222 σου,
976 3159 1002 3208 6
1029 3157 1160 3222 Θεὸς
1186 3160 1364 3231 ήμῶν,
1396 3180 1415 3212 ι
1468 3163 1630 3232 Ὀρᾶς
1662 3182 1676 3230 ;
1710 3181 1728 3217 ι
1761 3165 1882 3218 Τῶν

304 3243 662 3313 εὐεργεσιῶν,
688 3246 842 3316 φησὶ,
868 3251 1223 3318 μεμνημένοι,
1243 3251 1443 3324 ταύτην
1466 3253 1770 3323 ποιούμεθα
1791 3254 1889 3325 τὴν

301 3332 671 3401 δωροφορίαν.
699 3355 717 3386 ι
758 3335 929 3388 Τοῦτο
958 3337 1017 3389 δέ
1043 3340 1158 3393 ἐστι
1184 3339 1244 3391 τὸ
1267 3340 1628 3411 εὐχαριστεῖν,
1653 3343 1713 3396 τὸ
1735 3344 1876 3416 ὑπὲρ

302 3423 418 3476 τῶν
458 3425 560 3495 ἤδη
591 3426 809 3493 ἀγαθῶν
835 3427 1094 3482 δοθέντων
1145 3431 1298 3500 ἡμῖν,
1328 3432 1520 3502 δώροις
1545 3434 1635 3488 τὸν
1663 3436 1901 3506 εὐεργέ-’

301 3532 410 3586 την
432 3518 621 3589 τιμᾷν.
653 3515 787 3573 Εἶτα
825 3520 920 3574 καὶ
949 3522 1278 3592 σαφέστερον
1312 3524 1568 3579 δεικνῦσα
1590 3527 1688 3596 τὴν
1721 3528 1884 3598 εὐχα-

305 3607 548 3674 ριστίαν,
576 3610 732 3680 φησὶ.
767 3629 786 3662 ι
830 3613 1244 3681 Προσφέροντες
1267 3613 1365 3684 τὴν
1396 3617 1717 3686 προσφορὰν
1748 3618 1882 3672 ταύ-

297 3713 432 3767 την,
473 3699 533 3751 σὲ
567 3700 866 3771 ὐμνοῦμεν,
899 3703 959 3756 σὲ
1001 3703 1353 3774 εὐλογοῦμεν,
1412 3707 1494 3758 σοὶ
1525 3708 1879 3780 εὐχαριστοῦ-

305 3808 437 3861 μεν,
477 3791 675 3863 Κύριε,
709 3795 802 3847 καὶ
826 3793 1060 3866 δεόμεθά
1089 3812 1206 3861 σου,
1243 3799 1268 3850 6
1292 3797 1421 3861 Θεὸς
1455 3800 1697 3869 ἡμῶν.»

381 3965 554 4032 Οὗτος
587 3971 614 4022 6
641 3967 786 4037 νοῦς,
825 3973 984 4042 φησὶ,
1006 3970 1106 4040 τῆς
1131 3972 1496 4041 προσαγωγῆς
1533 3972 1644 4025 τῶν
1670 3974 1884 4043 δώρων,

303 4061 372 4114 τὸ
408 4061 620 4130 ὑμνεῖν,
652 4063 714 4114 τὸ
780 4063 1140 4133 εὐχαριστεῖν,
1170 4062 1231 4114 τὸ
1291 4061 1576 4137 ἱκετεύειν,
1629 4065 1768 4133 ὅπερ
1825 4066 1886 4132 ἐξ

301 4151 496 4221 ἀρχῆς
553 4153 836 4224 ἐλέγομεν,
860 4154 998 4207 ὥστε
1026 4151 1168 4209 εἶναι
1195 4157 1288 4210 καὶ
1326 4155 1737 4225 εὐχαριστήριον
1791 4158 1888 4210 καὶ

305 4242 519 4296 ἱκέσιον
547 4243 643 4312 τὴν
698 4244 891 4314 αὐτήν.
926 4246 1035 4298 Καὶ
1074 4245 1246 4299 ταῦτα
1279 4245 1555 4315 ποιοῦμεν,
1591 4247 1746 4314 φησὶ,
1796 4247 1889 4300 δύο

300 4333 474 4387 τινῶν
506 4335 864 4404 μεμνημένοι,
897 4337 994 4404 τῆς
1027 4337 1267 4406 ἐντολῆς,
1297 4338 1364 4408 ἢν
1395 4339 1526 4408 ἡμῖν
1565 4339 1883 4404 ἐνετείλατο,

301 4427 490 4494 λέγων
509 4443 523 4458 ·
568 4445 586 4477 ι
611 4427 782 4480 Τοῦτο
822 4430 1025 4479 ποιεῖτε
1070 4429 1151 4503 είς
1176 4428 1274 4498 τὴν
1297 4429 1436 4499 ἐμὴν
1487 4430 1793 4500 ἀνάμνησιν
1817 4447 1831 4462 ·
1862 4451 1880 4482 ι

301 4519 407 4571 καὶ
433 4519 652 4571 πάντων
685 4519 794 4572 τῶν
824 4520 962 4589 ὑπὲρ
1014 4521 1046 4590 ἡ
1058 4522 1173 4589 μῶν
1207 4523 1590 4592 γενομένωψή
1651 4524 1746 4590 μὲν
1775 4523 1883 4593 γὰρ

307 4609 510 4677 μνήμη
535 4608 644 4660 τῶν
697 4609 1026 4679 εὐεργεσιῶν
1069 4610 1252 4674 ἁπλῶς
1309 4612 1389 4674 είς
1444 4612 1678 4683 ἀμοιϐὴν
1737 4615 1883 4683 ἡμᾶς

299 4699 703 4767 προτρέπεται,
736 4703 830 4751 καὶ
859 4699 920 4751 τὸ
943 4699 1078 4761 ὅλως
1109 4717 1164 4752 τι
1195 4703 1584 4770 προσενεγκεῖν
1610 4701 1684 4770 τῷ
1739 4702 1884 4755 οὕτω

306 4787 528 4858 μυρίων
553 4787 853 4857 ὑπάρξαντι
891 4789 1038 4840 αἰτία
1067 4789 1306 4859 χαρίτων
1335 4792 1497 4860 ἡμῖν’
1530 4792 1564 4862 ή
1591 4790 1648 4844 δὲ
1695 4791 1881 4861 μνήμη

298 4880 406 4948 τῆς
439 4878 678 4949 ἐντολῆς.
716 4879 807 4932 καὶ
837 4879 968 4931 αὐτὸ
996 4880 1056 4931 τὸ
1082 4875 1220 4942 εἶδος
1245 4881 1343 4949 τῆς
1369 4881 1606 4950 ἀμοιϐῆς
1643 4882 1884 4934 διδάσκει

298 4971 484 5042 ἡμᾶς,
514 4973 607 5022 καὶ
639 4971 760 5023 τίνα
793 4971 872 5024 δεῖ
911 4970 1058 5040 δῶρα
1107 4971 1422 5040 προσάγειν.
1445 4971 1622 5041 Αὐτὴν
1671 4971 1882 5041 ἐκείνην

295 5065 410 5135 τὴν
429 5067 745 5134 προσφορὰν
770 5065 1086 5132 προσίομεν,
1105 5063 1170 5134 ἣν
1191 5065 1351 5126 αὐτὸς
1379 5065 1408 5115 6
1424 5063 1731 5133 Μονογενὴς
1757 5064 1880 5116 ἀνέ-

299 5157 450 5217 δειξέ
475 5173 577 5222 σοι,
603 5159 680 5224 τῷ
711 5155 828 5226 Θεῷ
847 5156 940 5208 καὶ
960 5156 1132 5224 llatth
1155 5156 1246 5208 καὶ
1271 5155 1694 5224 εὐχαριστοῦμεν
1722 5171 1883 5222 προς-

302 5253 564 5314 ἁγοντες,
585 5249 666 5300 ὅτι
691 5248 784 5299 καὶ
816 5247 976 5308 αὐτὸς
1002 5246 1317 5308 ἀναδεικνὺς
1351 5247 1518 5316 αὐτὴν
1543 5245 1881 5316 ηὐχαρίστει.

300 5339 410 5393 Διὰ
435 5337 609 5390 ταῦτα
641 5337 794 5390 οὐδὲν
817 5336 1026 5390 οἴκοθεν
1082 5337 1374 5404 εἰσάγομεν
1439 5338 1517 5396 εἰς
1550 5335 1752 5404 ταύτην
1784 5335 1883 5404 τὴν

299 5429 676 5499 δωροφορίανθ
693 5426 816 5480 οὐτε
847 5427 956 5494 γὰρ
985 5427 1122 5496 ἔργα
1149 5426 1307 5495 ἡμῶν
1334 5427 1401 5478 τά
1426 5425 1571 5494 δῶρα
1597 5425 1755 5491 ἀλλὰ,
1787 5424 1879 5478 σοῦ

301 5521 407 5576 τοῦ
433 5523 650 5574 πάντων
693 5518 1042 5590 δημιουργοῦ.
1078 5516 1214 5570 Οῦτε
1268 5516 1509 5585 ἡμετέρα
1543 5517 1754 5569 ἐπίνοια
1782 5515 1882 5586 τῆς

305 5613 574 5686 λατρείας
612 5615 640 5666 6
689 5614 889 5682 τρόπος
942 5604 1120 5676 οὗτος,
1149 5609 1259 5661 ἀλλ’
1293 5609 1414 5661 οὐδὲ
1462 5608 1882 5679 προσεθυμήθη-

312 5724 441 5780 μεν,
477 5706 585 5760 οὐδ’
619 5704 830 5760 οἴκοθεν
859 5703 949 5756 καὶ
979 5704 1105 5772 παρ’
1137 5700 1342 5756 ἑαυτῶν
1369 5702 1446 5763 εἰς
1494 5700 1662 5770 αὐτὴν
1689 5702 1872 5770 ἐκινὴι

1995 3153 2386 3214 benedicitnus,
2427 3154 2520 3207 tibi
2559 3155 2762 3220 gratias
2792 3153 3028 3222 agimus,
3069 3155 3315 3221 Domine,
3352 3167 3404 3211 et
3445 3172 3568 3211 ora-

2002 3261 2126 3300 mus
2162 3253 2237 3310 te,
2294 3243 2436 3299 Deus
2491 3257 2698 3300 noster.
2758 3263 2777 3294 ι
2814 3243 3011 3300 Vides?
3068 3263 3086 3297 ι
3146 3246 3566 3316 Beneﬁciorum,

1992 3335 2190 3405 inquit,
2222 3333 2590 3398 recordantes,
2618 3334 2761 3386 hanc
2793 3332 2888 3386 tibi
2921 3332 3192 3387 donorum
3233 3336 3562 3391 oblationem

1992 3426 2264 3488 facimus;
2302 3443 2320 3476 ο
2363 3426 2466 3480 hoc
2497 3434 2674 3479 autem
2706 3433 2788 3478 est
2813 3425 3015 3493 gratias
3051 3439 3232 3493 agere,
3277 3443 3374 3494 pro
3402 3427 3566 3484 bonis

1987 3518 2102 3588 jam
2152 3517 2310 3571 nobis
2361 3515 2598 3579 donatis,
2627 3515 2787 3570 donis
2818 3516 3223 3569 benel‘acwrem
3262 3519 3560 3574 honorate.

1999 3611 2206 3663 Deinde
2239 3609 2407 3662 etiam
2441 3607 2681 3676 apertius
2719 3609 3017 3664 ostendens
3058 3609 3354 3678 gratiarum
3389 3611 3562 3665 actio-

1994 3717 2116 3756 nem
2151 3701 2226 3754 ait
2263 3715 2277 3752 :
2312 3719 2328 3750 ι
2365 3698 2667 3753 Oﬂ‘erentes
2701 3699 3031 3753 oblationem
3075 3701 3240 3764 hanc,
3278 3709 3328 3754 te
3372 3701 3563 3755 lauda-

1993 3808 2136 3855 mus,
2177 3801 2225 3844 te
2256 3789 2654 3853 benedicimus,
2681 3789 2774 3844 tibi
2799 3791 3004 3859 gratias
3033 3793 3274 3862 agimus,
3309 3790 3560 3853 Domine.

1993 3896 2047 3937 et
2079 3898 2334 3950 rogamus
2366 3891 2435 3945 te,
2487 3884 2628 3936 Deus
2662 3890 2869 3936 noster.
2909 3900 2929 3933 ι

2063 3974 2178 4026 Hoc
2227 3987 2358 4042 ergo
2410 3983 2494 4027 cst
2538 3974 2842 4027 institutmn
2899 3973 3168 4028 donorum
3219 3975 3515 4029 oblationis
3547 4019 3562 4043 ,

1991 4065 2252 4125 laudare,
2296 4063 2497 4133 gratias
2537 4079 2714 4131 agere,
2759 4065 3088 4131 supplicare,
3134 4071 3191 4116 ut
3224 4079 3253 4116 a
3287 4067 3408 4132 prin
3434 4069 3561 4134 'ipto

1993 4154 2253 4219 diximus,
2278 4162 2336 4207 ut
2368 4153 2552 4206 eadem
2585 4163 2637 4204 et
2668 4152 2726 4204 in
2758 4152 3150 4219 supplicatione
3177 4164 3229 4206 et
3262 4157 3560 4221 gratiarum

1997 4247 2210 4301 actione
2249 4254 2515 4299 versetur;
2553 4243 2618 4296 Et
2653 4242 2768 4306 haec
2806 4243 3060 4306 facimus,
3093 4245 3294 4312 inquit,
3327 4246 3561 4299 duorum

1995 4339 2368 4401 recordantes,
2401 4345 2453 4390 et
2478 4336 2734 4405 przecepti
2769 4335 2916 4403 quod
2947 4335 3108 4391 nobis
3137 4336 3307 4402 dedit,
3338 4337 3559 4394 dicens:

2000 4451 2017 4482 ι
2057 4429 2169 4484 Hoc
2189 4429 2426 4482 facitein
2452 4443 2624 4480 meam
2658 4426 3095 4482 recordationem
3124 4469 3138 4492 ,
3180 4447 3199 4479 ι
3231 4439 3281 4484 et
3314 4432 3560 4485 omnium

1989 4535 2108 4589 qua:
2149 4532 2248 4587 pro
2285 4518 2446 4572 nobis
2481 4516 2620 4571 facta
2659 4526 2806 4572 sunt.
2839 4515 3232 4572 Beneficiorum
3279 4520 3464 4584 enim,
3503 4529 3564 4574 ut

1987 4609 2154 4663 semel
2217 4608 2436 4673 dicam,
2504 4609 2818 4664 recordatio
2878 4625 2977 4664 nos
3023 4610 3090 4664 ad
3143 4610 3558 4664 retributionem

1985 4701 2332 4760 adhortatur,
2375 4708 2428 4751 et
2472 4697 2539 4752 ad
2593 4699 2795 4767 aliquid
2840 4699 3063 4752 omnino
3127 4697 3464 4753 offerendum
3507 4699 3558 4751 ei

1984 4792 2074 4860 qui
2118 4805 2219 4844 nos
2250 4789 2395 4858 prior
2424 4789 2909 4844 innumerabilibus
2937 4789 3217 4844 beneficiis
3239 4790 3318 4843 sic
3353 4789 3555 4843 ailccit.

1984 4881 2240 4950 Praecpti
2267 4892 2446 4934 autem
2499 4881 2762 4935 memoria
2801 4893 2854 4934 et
2889 4882 3004 4948 ipsa
3039 4877 3211 4931 forma
3235 4879 3554 4959 retributio-

1985 4976 2071 5029 nis
2103 4990 2202 5027 nos
2231 4974 2407 5036 docet,
2436 4988 2682 5042 quamam
2734 4972 2833 5040 ipsi
2876 4973 3016 5025 dona
3051 4969 3250 5023 offerre
3281 4978 3554 5038 oporteat.

1983 5067 2130 5119 Illam
2159 5068 2326 5134 ipsam
2353 5065 2685 5118 oblationem
2719 5063 3253 5130 admittimus,quam
3286 5062 3398 5131 ipse
3423 5060 3554 5116 Uni-

1987 5157 2204 5226 gcnitus
2232 5155 2330 5208 tibi
2356 5155 2598 5208 ostendit
2619 5154 2727 5206 lico
2747 5163 2798 5204 et
2819 5150 2990 5216 Patri,
3016 5158 3070 5203 et
3090 5150 3293 5220 gratias
3315 5151 3553 5220 agimus,

1955 5249 2113 5316 .quia
2171 5247 2285 5316 ipse
2333 5246 2498 5300 etiam
2531 5260 2650 5300 eam
2689 5244 2982 5297 ostendens
3016 5243 3128 5311 egit
3165 5243 3387 5312 gratias.
3427 5243 3557 5297 Pro—

1985 5347 2167 5409 pterea
2203 5339 2270 5392 ad
2302 5337 2443 5392 hanc
2476 5337 2740 5390 donorum
2799 5333 3135 5388 oblationem
3189 5334 3322 5388 nihil
3385 5335 3552 5389 domo

1987 5433 2284 5487 adferimus.
2330 5429 2518 5499 Neque
2558 5428 2703 5483 enim
2753 5427 2895 5482 dona
2941 5437 3071 5482 sunt
3122 5438 3306 5483 nostra
3363 5442 3552 5496 opera,

1985 5525 2079 5579 sed
2111 5533 2201 5576 tua
2235 5521 2476 5575 omnium
2503 5519 2736 5589 opiﬁcis.
2763 5518 2871 5573 Nec
2895 5533 3138 5574 nosmim
3161 5527 3246 5573 est
3271 5519 3547 5570 inventum

1986 5613 2099 5666 lnec
2139 5609 2349 5665 colendi
2399 5609 2596 5672 forma,
2634 5608 2730 5664 sed
2766 5624 2944 5678 neque
2977 5621 3165 5662 nosn-a
3219 5612 3412 5672 sponte
3444 5605 3550 5658 hoc

1985 5702 2258 5755 voluimus
2287 5739 2302 5767 ,
2338 5714 2515 5769 neque
2563 5700 2725 5755 domo
2773 5707 2824 5754 et
2869 5713 2931 5754 ex
2971 5697 3126 5750 nobis
3160 5695 3291 5763 ipsis
3320 5692 3386 5745 ad
3426 5705 3550 5749 eain
