4158 6306
644 312 750 375 493

1877 314 2185 374 NICOLAI
2228 313 2493 380 CABASI
2512 314 2619 371 inii

3784 318 3884 378 iii

650 425 866 497 impulsi
894 441 1112 492 sumus,
1139 426 1231 485 sed
1258 427 1370 497 ipse
1393 426 1650 493 docuisti,
1679 428 1792 498 ipse
1814 428 2136 483 adhortatus
2162 443 2203 482 ea

2326 427 2498 495 θημεν
2523 444 2535 457 '
2566 429 2679 482 ἀλλ’
2719 429 2879 493 αὐτὸς
2935 431 3201 497 ἐδίδαξας,
3232 432 3388 496 αὖθις
3442 432 3761 503 προετρέξω
3805 435 3888 491 (ἰὰ

650 534 746 588 per
783 518 1157 586 Unigcnitum.
1213 519 1278 574 Et
1321 521 1442 576 ideo
1495 537 1615 586 qua:
1662 521 1755 575 tibi
1803 519 2105 587 oll‘erimns,
2149 536 2216 575 ex

647 611 758 665 tuis
788 625 910 679 quae
943 611 1100 666 nobis
1130 610 1354 675 dedisti,
1385 623 1472 666 tua
1508 621 1637 667 sunt
1663 612 1717 666 in
1751 612 2006 667 omnibus
2034 623 2090 666 et
2122 628 2218 681 per

649 702 854 756 omnia.
884 701 962 755 ita
990 702 1152 756 etiam
1180 717 1279 771 pro
1308 703 1425 771 ipsa
1459 718 1566 771 qua
1601 712 1837 772 aguntur
1857 703 2043 774 gratiae
2066 704 2217 759 obla-

651 793 820 853 tione,
858 791 1016 844 aliam
1047 807 1239 847 rursus
1268 792 1564 863 gratiarum
1605 794 1874 849 actionem
1905 794 2014 852 Deo
2046 795 2216 850 debe-

655 896 806 944 tnus,
840 882 967 949 quia
1000 880 1132 933 nihil
1165 881 1285 949 ejus
1317 893 1561 937 nostrum
1593 891 1700 946 est,
1741 884 1835 938 sed
1865 890 1981 938 tota
2030 893 2115 939 est
2154 884 2219 939 il-

650 973 756 1024 lius
788 971 1018 1035 donum,
1046 978 1102 1025 et
1127 970 1227 1024 hoc
1249 971 1425 1041 ipsum
1461 973 1608 1042 quod
1646 973 1696 1027 id
1729 974 1981 1029 volumus
2010 983 2063 1029 et
2085 990 2216 1043 ope-

649 1078 871 1126 ramur,
912 1063 1052 1116 idem
1096 1072 1177 1116 est
1219 1062 1313 1131 qui
1362 1062 1419 1118 in
1485 1064 1641 1118 nobis
1699 1073 1981 1135 operatur.
2034 1075 2095 1121 ut
2143 1066 2217 1119 ait

647 1156 865 1209 divinus
905 1155 1222 1223 Apostolus.
1260 1154 1553 1224 Propterea
1598 1157 1699 1212 hoc
1739 1172 1959 1226 quoque
1990 1157 2044 1212 in
2086 1173 2215 1213 ora-

649 1243 899 1298 tionibus
932 1244 1177 1299 dicitur:
1213 1262 1231 1295 ι
1272 1244 1488 1299 Gratias
1522 1245 1737 1314 agimus
1768 1247 1866 1300 tibi
1912 1262 2012 1316 pro
2042 1246 2216 1302 sacri-

647 1333 790 1397 licio,
827 1334 971 1401 quod
1016 1349 1047 1387 e
1087 1334 1293 1387 nostris
1338 1334 1589 1388 manibus
1625 1336 1907 1400 suscipere
1958 1336 2216 1404 dignatus

645 1436 725 1476 es.
782 1440 800 1473 ›
857 1421 990 1486 Quae
1033 1437 1163 1490 ergo
1207 1425 1424 1489 docent,
1471 1436 1789 1481 sanctorum
1836 1426 1889 1481 in
1942 1427 2219 1481 sacriﬁcio

645 1514 1227 1568 commemorationem
1279 1530 1386 1570 non
1430 1530 1553 1571 esse
1605 1516 1673 1571 ad
1728 1516 1896 1571 Deum
1950 1532 2047 1587 pro
2084 1518 2218 1586 ipsis

645 1603 1125 1672 supplicationem,
1156 1605 1250 1659 sed
1274 1606 1572 1675 gratiarum
1602 1609 1901 1674 actionem,
1924 1609 2040 1664 hanc
2063 1617 2215 1666 sunt.

1306 1719 1461 1776 CAP.
1496 1722 1560 1777 L.

648 1807 789 1873 Quot
827 1809 995 1864 modis
1014 1810 1074 1879 ﬁt
1090 1811 1140 1864 in
1160 1813 1744 1885 sacri/iciosanclorum
1763 1827 2215 1885 commemoratio,

1153 1893 1203 1935 et
1236 1898 1353 1950 quw
1381 1883 1707 1952 differentia.

712 1968 1009 2027 Videamus
1033 1981 1213 2028 autem
1245 1977 1461 2044 quoties
1492 1985 1546 2030 et
1575 1977 1628 2031 in
1662 1993 1771 2048 quo
1802 1978 2062 2033 sacriﬁcii
2096 1978 2217 2034 loco

644 2057 705 2112 lit
733 2059 849 2115 haec
879 2066 1461 2122 cotnmemoratio.‘Fit
1490 2069 1632 2123 enim
1672 2071 1757 2125 bis
1783 2085 1797 2123 :
1828 2071 2066 2140 primum
2092 2071 2216 2141 qui-

650 2147 774 2202 dem
809 2150 864 2202 in
910 2151 1032 2220 ejus
1083 2153 1372 2224 principio,
1410 2159 1630 2226 quando
1676 2159 1821 2213 dona
1868 2158 2214 2226 offeruntur,

640 2241 889 2295 secundo
920 2254 1122 2309 autem,
1147 2250 1792 2312 quandosacrilicantur.

713 2328 853 2395 Quia
886 2333 1032 2388 enim
1064 2336 1261 2406 duplex
1293 2348 1376 2394 est
1419 2340 1650 2408 oblatio,
1683 2344 1800 2400 haec
1831 2345 2057 2416 quidem
2093 2355 2215 2401 tan-

641 2435 805 2489 quam
835 2425 1183 2482 solummodo
1211 2428 1480 2484 donorum
1516 2441 1570 2487 et
1623 2449 1943 2503 munerum,
1966 2446 2027 2491 ut
2055 2445 2212 2492 antea

639 2512 846 2566 dictum
873 2524 976 2575 est,
1034 2517 1123 2571 illa
1150 2526 1337 2572 autem
1370 2530 1635 2589 tanquam
1662 2524 1915 2579 sacriﬁcii
1942 2541 1962 2595 ς
1990 2541 2216 2582 necesse

640 2612 724 2658 est
766 2605 929 2658 etiam
975 2621 1070 2661 eos
1111 2624 1210 2678 pro
1245 2612 1446 2679 quibus
1491 2613 1814 2683 offeruntur,
1845 2626 1901 2672 et
1940 2620 2127 2689 primae
2160 2629 2214 2675 et

642 2696 898 2749 secunda:
926 2698 1224 2756 oblationis
1257 2704 1596 2760 meminisse.
1629 2707 1816 2778 itaque
1858 2712 2213 2780 quemadmo-

641 2781 771 2833 dum
808 2783 859 2834 in
892 2785 1092 2851 prima,
1125 2806 1144 2839 ι
1183 2787 1239 2841 In
1268 2791 1732 2861 recordationem,
1762 2799 1957 2867 inquit,
1995 2799 2210 2856 Domini

641 2879 697 2922 et
720 2871 819 2924 Dci
850 2870 1167 2930 Servatoris
1211 2880 1389 2934 nostri
1429 2879 1560 2937 Jesu
1584 2883 1847 2955 .Christi;
1881 2908 1901 2941 ›
1932 2891 2004 2944 ita
2044 2892 2209 2947 etiam

642 2961 697 3013 in
729 2964 994 3030 secunda,
1046 2984 1067 3016 ι
1128 2964 1501 3027 liecordantes
1539 2988 1672 3044 ergo
1712 2988 1906 3033 eorum
1947 2995 2066 3050 qua:
2112 2996 2212 3051 pro

643 3049 802 3103 nobis
848 3051 989 3106 facta
1030 3065 1179 3119 sunt,
1233 3060 1415 3114 crucis
1453 3070 1507 3116 et
1535 3062 1764 3119 aliorum
1801 3081 1923 3136 quae
1958 3049 2209 3128 Christus

639 3153 739 3208 pro
774 3140 930 3193 nobis
968 3145 1252 3201 sustinuit.
1284 3166 1308 3200 ι»
1348 3149 1480 3216 Quae
1507 3153 1654 3209 enim
1686 3155 1776 3211 hic
1798 3158 1903 3214 sibi
1939 3161 2053 3215 vult
2082 3178 2209 3217 cru-

639 3231 720 3286 cis
778 3237 1061 3303 memoria,
1100 3247 1156 3292 ct
1186 3240 1417 3297 aliorum
1466 3261 1591 3316 qua:
1639 3264 1861 3306 crucem
1912 3265 2205 3311 cousecuta

636 3333 785 3387 sunt,
809 3326 909 3379 lto‘c
933 3326 1044 3381 illic
1065 3339 1149 3384 est
1167 3331 1380 3387 Domini
1410 3342 1879 3397 commemoratio.
1899 3342 2016 3398 Non
2035 3346 2204 3410 enim,

639 3426 697 3468 ut
727 3417 989 3474 miracula
1026 3419 1274 3479 facientis
1307 3426 1639 3494 Servatoris,
1667 3433 1761 3487 sed
1795 3443 1853 3487 ut
1879 3435 2125 3491 cruciﬁxi
2146 3448 2204 3493 et

634 3509 943 3575 morientis,
979 3520 1110 3567 tunc
1163 3518 1422 3572 sacerdos
1457 3521 1728 3589 meminit,
1757 3534 1818 3579 ut
1859 3527 1914 3580 in
1953 3529 2046 3583 illo
2082 3530 2203 3587 loco

634 3613 732 3667 per
760 3601 928 3655 multa
959 3612 1245 3661 ostensum
1274 3616 1377 3663 est.
1416 3607 1484 3664 Et
1516 3627 1709 3669 rursus
1741 3616 1885 3672 sicut
1919 3619 1973 3673 in
2005 3620 2199 3690 prima,

636 3704 658 3737 ι
713 3688 792 3740 Ad
852 3692 1082 3757 gloriam
1142 3692 1556 3768 Sanctissimae,
1608 3704 1676 3757 ad
1743 3688 2198 3770 intercessionem

633 3785 978 3843 sanctorum,
1020 3798 1038 3831 ι
1081 3781 1247 3849 dicit,
1306 3785 1381 3839 ita
1428 3787 1592 3842 etiam
1641 3791 1693 3844 itt
1720 3797 1960 3851 secundo
1989 3817 2002 3853 :
2031 3818 2050 3851 ι
2093 3802 2199 3857 Pro

630 3864 840 3916 sanctis
892 3867 1185 3935 omnibus,
1226 3876 1504 3944 praecipue
1544 3877 1925 3941 Sanctissima.
1967 3906 1986 3939 ι
2044 3888 2198 3946 Sicut

622 3954 775 4005 enim
802 3954 912 4009 illic
942 3960 1319 4017 excellentiam
1352 3969 1614 4036 ostendit,
1635 3987 1756 4027 eam
1785 3976 1908 4033 aliis
1936 3981 2193 4038 omnibus

630 4049 967 4122 praeferens,
1020 4055 1091 4110 ita
1150 4059 1237 4114 hic
1292 4065 1553 4131 quoniam
1603 4079 1729 4138 post
1784 4074 1999 4144 aliquos
2051 4079 2189 4136 alios

618 4143 748 4212 eius
784 4147 1051 4215 meminit,
1094 4148 1227 4206 illud
1291 4158 1555 4227 prwcipue
1584 4160 1769 4232 adjicit
1807 4181 1822 4219 :
1853 4143 1907 4221 et
1934 4173 2197 4238 quemad-

630 4233 847 4286 modum
875 4235 927 4288 in
957 4238 1154 4304 prima,
1186 4251 1310 4310 post
1340 4256 1583 4315 sanctos,
1610 4264 1798 4305 eorum
1832 4270 1937 4324 que
1953 4233 2194 4326 agebant

620 4324 1095 4392 misericordiam,
1133 4332 1407 4400 meminit,
1435 4347 1492 4389 et
1520 4353 1620 4406 pro
1650 4340 1852 4409 quibus
1899 4324 2186 4415 supplicat,

622 4413 874 4465 vivorum
919 4426 971 4469 et
1004 4427 1381 4488 mortuorum,
1408 4423 1481 4477 ita
1513 4429 1677 4482 etiam
1712 4431 1764 4484 in
1800 4413 2059 4490 secunda.
2096 4437 2190 4495 Est
2214 4440 2268 4504 D

614 4510 808 4556 autem
839 4505 1144 4562 diﬂ‘ereutia
1173 4525 1189 4576 ;
1221 4512 1274 4564 in
1303 4518 1542 4572 secunh
1572 4520 1715 4575 enim
1747 4534 1932 4579 narrat
1959 4528 2188 4585 oblatio-

616 4609 786 4659 nem;
834 4597 967 4652 dicit
1018 4603 1212 4657 enim:
1251 4623 1271 4656 ι
1308 4606 1600 4668 Oﬂ‘erimus
1635 4613 1730 4670 tibi
1786 4616 1934 4674 hunc
1978 4623 2187 4680 cultum

614 4685 983 4757 rationalem;
1023 4709 1042 4743 ι
1100 4703 1154 4749 et
1199 4697 1361 4753 simul
1390 4704 1555 4755 etiam
1610 4707 1759 4774 ponit
1791 4724 1988 4769 causas
2034 4717 2186 4770 obla-

611 4778 809 4843 tionis,
840 4782 921 4835 vel
964 4784 1116 4853 prius
1165 4789 1377 4857 dicens,
1410 4795 1489 4849 vel
1523 4798 1860 4872 subjungens
1911 4810 2187 4865 memoria:

614 4872 932 4939 passionum
969 4876 1297 4951 Servatoris,
1327 4889 1643 4946 memoriam
1678 4904 2020 4954 sanctorum.

690 5135 747 5188 in
778 5139 952 5206 prima
986 5152 1168 5199 autem
1222 5149 1377 5216 ponit
1411 5151 1558 5208 solas
1588 5168 1786 5211 causas
1836 5158 2133 5221 oblationis
2162 5182 2176 5220 :

606 5242 634 5275 4
676 5225 731 5279 ln
760 5232 1076 5286 memoriam
1110 5235 1346 5300 Domini,
1380 5242 1430 5294 in
1457 5244 1687 5312 gloriam
1716 5245 2118 5321 Sanctissimm,
2152 5275 2172 5309 ι

603 5328 665 5370 et
700 5335 820 5383 quae
865 5336 1184 5391 sequuntur.
1217 5328 1493 5400 luquibus
1517 5338 1838 5416 meminitet
1854 5356 2044 5399 eorum
2080 5361 2179 5416 pro

607 5406 812 5470 quibus
841 5411 951 5479 agit
981 5417 1205 5481 gratias,
1227 5430 1285 5474 et
1318 5438 1507 5477 eorum
1534 5442 1631 5494 pro
1652 5413 1847 5498 quibus
1885 5406 2172 5506 supplicat.

598 5500 738 5561 Quae
752 5512 829 5552 cst
848 5519 972 5571 ergo
999 5508 1158 5573 ratio,
1174 5511 1314 5577 quod
1331 5514 1382 5565 in
1397 5514 1498 5568 hoc
1513 5517 1728 5587 quidem
1752 5522 1773 5574 Γ
1773 5532 1892 5578 acto
1905 5540 1965 5580 se
1981 5527 2177 5586 oﬂerre

606 5592 886 5645 ostendit?
913 5592 984 5648 lic
1006 5612 1145 5664 pane
1166 5600 1308 5651 enim
1340 5601 1654 5673 detrahens,
1679 5610 1731 5664 id
1767 5612 1873 5666 Deo
1902 5613 2061 5669 oﬂcrt
2082 5633 2097 5682 ;
2121 5626 2175 5671 ct

595 5677 618 5728 ἡ
645 5681 724 5732 lco
753 5699 858 5736 non
888 5701 1026 5753 opus
1048 5686 1148 5740 fuit
1183 5688 1359 5743 verbis
1402 5708 1518 5761 qua:
1550 5698 1651 5755 hoc
1681 5702 2088 5774 signiﬁcarent;
2117 5708 2168 5761 in

2251 1773 2291 1826 Β

2319 517 2412 570 τοῦ
2446 520 2802 587 Μονογενοῡς.
2862 523 3063 576 Tol-con
3124 524 3282 593 χάριν
3317 523 3353 579 ἃ
3392 524 3772 595 προσφέρομέν
3810 544 3889 579 σοι

2320 610 2385 661 ὲκ
2412 609 2520 662 τῶν
2556 611 2663 662 σών
2697 612 2828 681 ἡμῖν
2849 612 3106 677 δέδωκας,
3156 615 3227 668 σά
3255 616 3373 667 ἐστι
3402 615 3545 669 κατᾶ
3583 617 3760 670 πάντα
3798 618 3889 669 καὶ

2319 700 2407 754 διὰ
2442 702 2639 756 πάντα.
2668 702 2824 758 Οὕτω
2857 706 2949 758 καὶ
2989 706 3126 775 ὑπὲρ
3173 707 3346 775 αὐτῆς
3382 707 3483 776 τῆς
3536 707 3888 778 χαριστηρίου

2321 794 2655 861 προσφορᾶς,
2684 794 2853 860 ἄλλην
2887 796 3049 849 πάλιν
3097 796 3449 866 εὐχαριστίαν
3499 797 3785 868 ὀφείλομεν
3813 799 3889 870 τῷ

2322 881 2463 951 Θεῷ,
2493 883 2574 935 ὅτι
2603 884 2757 938 οὐδὲν
2788 885 2956 956 αὐτῆς
3002 885 3292 955 ἡμέτερον,
3319 886 3456 939 ἀλλὰ
3493 889 3645 941 πᾶσα
3683 890 3891 944 ἐκείνου

2317 972 2508 1042 δῶρον,
2543 975 2637 1028 καὶ
2666 976 2797 1029 αὐτὸ
2823 976 2883 1030 τὸ
2940 977 3114 1031 θέλειν
3168 978 3340 1049 αὐτὴν
3389 979 3486 1032 καὶ
3533 980 3596 1033 τδ
3627 981 3892 1051 ἐνεργεῖν,

2319 1065 2481 1128 αὑτός
2503 1069 2650 1119 ἐστιν
2677 1069 2704 1119 ὁ
2734 1068 2972 1138 ἐνεργῶν
2996 1069 3152 1139 ἡμῖν,
3185 1071 3325 1125 κατὰ
3356 1071 3448 1125 τὸν
3481 1070 3894 1127 θεῖονἏπόστο-

2322 1156 2434 1210 λον.
2462 1158 2559 1210 Διὰ
2615 1159 2771 1213 τοῦτο
2802 1160 2860 1213 ἐν
2912 1164 3034 1225 ταῖς
3068 1162 3258 1231 εὐχαῖς
3289 1163 3382 1215 καὶ
3427 1160 3582 1215 τοῦτο
3631 1161 3886 1229 λέγεται·

2326 1266 2346 1296 ι
2386 1249 2822 1320 Εὑχαριστοῦμέν
2853 1268 2935 1305 σοι
2976 1253 3070 1306 καὶ
3114 1254 3254 1323 ὑπὲρ
3301 1253 3470 1322 αὐτῆς
3508 1256 3607 1325 τῆς
3649 1256 3892 1324 λειτουρ-

2320 1338 2464 1403 γίας,
2482 1338 2548 1409 ἣν
2577 1340 2640 1393 ὲκ
2672 1341 2781 1394 τῶν
2809 1344 3006 1415 χειρῶν
3026 1346 3185 1416 ἡμῶν
3207 1345 3461 1410 δέξασθαι
3489 1347 3881 1418 κατηξίωσας.»

2327 1428 2395 1479 "A
2433 1428 2533 1497 μὲν
2586 1425 2680 1484 οὖν
2727 1433 2874 1502 ἡμᾶς
2926 1435 3166 1489 διδάσκει
3212 1437 3311 1505 τὴν
3367 1438 3426 1490 ὲν
3468 1441 3536 1509 τῇ
3583 1440 3893 1510 λειτουργίᾳ

2324 1520 2544 1589 μνήμην
2583 1522 2688 1574 τῶν
2722 1524 2913 1591 ἁγίων,
2947 1527 3021 1595 μὴ
3062 1529 3271 1582 ἱκεσίαν
3294 1525 3435 1583 εἶναι
3485 1532 3619 1601 πρδς
3648 1533 3739 1587 τὸν
3763 1533 3891 1587 Θεὶν

2320 1608 2460 1680 ὑπὲρ
2486 1610 2684 1677 αὐτῶν,
2717 1613 2833 1667 ἀλλ’
2866 1615 3233 1688 εὐχαριστίαν,
3260 1620 3433 1676 ταῦτά
3461 1622 3629 1676 ἐστιν.

2913 1729 3137 1783 ΚΕΦΑΔ
3159 1770 3174 1784 .
3225 1728 3309 1787 N'.

2390 1814 2661 1882 Ποσάκις
2683 1818 2791 1898 τῆς
2839 1823 3167 1898 ἱερουργίας
3208 1823 3329 1898 (dir
3375 1826 3562 1898 ἁγίων
3605 1827 3642 1893 ἡ
3705 1826 3887 1898 ιννιὶμη

2657 1889 2901 1956 γίνεται.
2937 1889 3155 1958 καὶίτίς
3198 1895 3236 1962 ἡ
3267 1889 3542 1963 διαφορά.

2393 1978 2623 2047 Ἴδωμεν
2673 1981 2730 2033 δὲ
2787 1985 3020 2047 ποσάκις
3053 1985 3148 2038 καὶ
3204 1986 3309 2040 ποῦ
3354 1987 3454 2057 τῆς
3500 1990 3808 2062 ἱερουργίας
3852 1995 3886 2062 ἡ

2320 2069 2507 2137 μνήμη
2536 2070 2672 2141 αὕτη
2702 2072 2931 2140 γίνεται.
2966 2076 3178 2130 Γίνεται
3212 2077 3323 2149 γὰρ
3370 2078 3485 2142 δίς⁹
3520 2082 3735 2148 πρῶτον
3790 2086 3888 2153 μὲν

2319 2159 2377 2214 ιν
2407 2163 2527 2225 ταῖς
2554 2165 2749 2233 ἀρχαῖς
2780 2168 2973 2238 αὐτῆς,
3009 2170 3100 2224 ὅτε
3130 2170 3443 2226 ἀνατίθεται
3471 2174 3538 2229 τὰ
3565 2174 3715 2249 δῶρα
3735 2180 3888 2235 ’δεύ-

2315 2269 2471 2322 τερον
2500 2253 2575 2316 δὲ,
2614 2257 2700 2309 ὅτε
2733 2257 2941 2315 θύεται.

2399 2342 2553 2396 Ἐπεὶ
2586 2345 2695 2415 γὰρ
2718 2345 2868 2418 διττὴ
2900 2351 2931 2420 ἡ
2970 2357 3326 2429 προσαγωγὴ,
3360 2363 3393 2432 ἡ
3423 2362 3543 2428 μιν,
3584 2364 3660 2430 ὡς
3697 2367 3886 2437 δώρων

2317 2431 2409 2483 καὶ
2433 2431 2798 2503 ἀναθημάτων
2825 2439 3029 2505 ἁπλῶς,
3068 2445 3323 2520 καθάπερ
3363 2453 3423 2505 ὲν
3442 2456 3555 2517 τοῖς
3580 2431 3891 2527 ἔμπροσθεν

2315 2522 2529 2595 εἴρηται
2549 2541 2565 2558 ο
2594 2528 2627 2594 ἡ
2653 2527 2728 2595 δὲ,
2757 2529 2831 2594 ὡς
2860 2531 3047 2599 θυσίας
3068 2552 3082 2567 ο
3118 2540 3332 2613 ἀνάγκη
3371 2545 3463 2598 καὶ
3493 2522 3713 2613 τούτους
3742 2551 3886 2623 ὑπὲρ

2314 2608 2390 2667 ὧν
2431 2618 2821 2686 προσάγονται,
2854 2627 2946 2678 καὶ
2967 2628 3060 2682 ἐπὶ
3102 2631 3201 2700 τῆς
3235 2608 3475 2706 πρώτης,
3502 2640 3595 2693 aut
3640 2608 3732 2695 ἐπὶ
3787 2608 3889 2712 τῆξ·
3998 2648 4005 2653 ’

2312 2704 2571 2775 δευτέρας
2630 2716 2998 2785 προσαγωγῆς
3054 2704 3527 2791 μνημονεύεσθαι·
3559 2732 3652 2785 καὶ
3703 2704 3890 2789 τοίνυν

2313 2797 2562 2869 καθάπερ
2590 2800 2682 2854 ἐπὶ
2708 2802 2807 2872 τῆς
2836 2809 3079 2879 πρώτης,
3108 2830 3127 2864 ι
3154 2814 3247 2878 El;
3268 2817 3587 2889 ἀνάμνησιν,
3619 2826 3771 2895 φησὶ,
3791 2827 3888 2881 τςῦ

2313 2885 2542 2955 Κυρίου,
2572 2889 2667 2942 καὶ
2693 2891 2849 2953 Θεοῦ.
2892 2895 2986 2950 καὶ
3035 2900 3288 2972 Σωτῆρος
3532 2885 3707 2978 ’ῐήεὲοὸ
3751 2885 3889 2985 Χρι-

2324 2977 2522 3031 στοῦοι
2552 2980 2693 3035 οὕτω
2740 2985 2836 3038 καὶ
2868 2988 2962 3043 ἐπὶ
3019 2990 3120 3060 τῆς
3169 2995 3448 3068 δευτέρας,
3484 3018 3504 3051 ι
3533 2977 3889 3075 Μεμνημένοι

2259 3115 2276 3137 ,
2312 3070 2493 3124 τοίνυν
2516 3075 2625 3127 τῶν
2659 3077 2799 3148 ὑπὲρ
2830 3081 2987 3150 ἡμῶν
3016 3086 3340 3153 γενομένων,
3374 3089 3470 3144 τοῦ
3501 3095 3737 3165 σταυροῦ
3787 3099 3886 3179 καί

2259 3153 2278 3177 Α
2316 3161 2377 3179 γ·-
2461 3163 2539 3179 ης
2668 3161 2697 3179 ε-
2779 3170 2792 3179 ·
2852 3171 2863 3179 ι
2983 3174 2994 3179 -
3062 3175 3085 3179 -
3202 3178 3205 3179 ν

2309 3161 2418 3215 τῶν
2453 3163 2631 3220 ἄλλων
2661 3161 2736 3222 ὧν
2772 3170 2912 3243 ὑπὲρ
2970 3174 3129 3244 ἡμῶν
3191 3178 3483 3249 ὑπέμεινεν
3510 3186 3539 3237 ὁ
3591 3161 3879 3256 Χριστός.έ

2314 3255 2380 3307 "O
2405 3254 2514 3323 γὰρ
2542 3257 2775 3314 ἐνταῦθα
2812 3262 3060 3332 βούλεται
3087 3267 3120 3338 ἡ
3154 3269 3247 3322 τοῦ
3276 3275 3511 3343 σταυροῦ
3548 3254 3758 3349 μνήμη,
3787 3281 3887 3333 καὶ

2307 3346 2417 3399 τῶν
2457 3348 2633 3404 ἄλλων
2662 3352 2771 3405 τῶν
2803 3356 2942 3424 μετὰ
2969 3357 3061 3411 τὸν
3094 3362 3347 3432 σταυρὸν,
3377 3366 3535 3420 τοῦτο
3561 3346 3680 3423 ὲκεὶ
3786 3371 3885 3426 τοῦ

2308 3438 2523 3508 Κυρίου
2576 3442 2900 3513 ἀνάμνησις.
2942 3449 3016 3503 Οὐ
3071 3452 3180 3523 γὰρ
3225 3453 3299 3515 ὡς
3345 3438 3885 3532 θαυματουργοῗιντος

2305 3529 2403 3582 τοῦ
2456 3531 2727 3604 Σωτῆρος,
2760 3536 2876 3591 ἀλλ’
2904 3539 2978 3605 ὠς
3027 3549 3453 3617 σταυρουμένου,
3493 3554 3589 3606 καὶ¹
3628 3529 3885 3628 αποθιιή-

2305 3636 2546 3689 σκοντος,
2569 3627 2868 3693 τηνικαῦτα
2897 3632 2925 3684 ὁ
2956 3634 3133 3702 ἱερεὺς
3165 3637 3458 3708 μέμνηται,
3482 3643 3560 3707 ὡς
3592 3644 3652 3699 ὲν
3680 3627 3879 3720 ἐκείνῳ

2302 3708 2383 3778 τῷ
2414 3711 2564 3782 τόπῳ
2594 3713 2683 3768 διὰ
2719 3717 2931 3773 πολλῶν
2980 3723 3431 3798 ἀπεδείχθη.·Καὶ
3468 3733 3633 3789 πάλιν
3690 3708 3883 3811 ὥσπερ

2301 3800 2513 3898 tiri-1:71;
2549 3805 2794 3876 πρώτης,
2835 3828 2856 3862 ι
2893 3813 2984 3876 Et;
3006 3813 3164 3880 δόξαν
3191 3819 3291 3889 τῆς
3316 3821 3612 3893 Παναγίας,
3646 3831 3723 3891 εἱς
3744 3800 3882 3898 πρε.-

2303 3886 2489 3942 σϐείαν
2520 3892 2628 3944 τῶν
2653 3895 2876 3964 ἀγίων,ι
2908 3903 3090 3972 φησὶν,
3122 3886 3264 3960 οὕτω
3311 3912 3406 3965 καὶ
3433 3886 3524 3966 ἐπὶ
3690 3886 3880 3974 δευτὲο

2300 3994 2440 4047 ραςο
2481 3981 2694 4054 «Ὑπὲρ
2742 3986 2851 4040 τῶν
2898 3991 3071 4059 ἁγίων
3113 3996 3389 4063 ἁπάντων,
3430 3981 3722 4075 ἐξαιρέτως
3774 4012 3878 4079 τῆς

2298 4069 2629 4139 Παναγίας.»
2664 4076 2875 4151 ’Ὠσπερ
2907 4082 3018 4153 γὰρ
3044 4084 3143 4157 τὴν
3179 4089 3454 4164 ὑπεροχὴν
3489 4069 3663 4168 αὐτῆς
3700 4069 3875 4168 ἔδειέε

2294 4160 2404 4215 τῶν
2431 4161 2607 4219 ἄλλων
2630 4170 2904 4239 προτιθεὶς
2935 4175 3209 4246 ἁπάντων,
3243 4160 3421 4248 οὕτως
3439 4160 3710 4257 ἐνταῦθα,
3743 4160 3875 4248 ιπέι

2297 4258 2435 4319 μετά
2459 4273 2610 4321 τινας
2638 4259 2827 4326 ἄλλους
2853 4265 3022 4338 αὐτῆς
3046 4271 3443 4344 ἐμνημόνευσε,
3473 4279 3535 4333 τὸ
3554 4282 3872 4354 ἐξαιρέτως

2298 4343 2576 4410 προσθεὶς,
2601 4349 2697 4402 καὶ
2741 4350 2933 4427 ὥσπερ
2983 4359 3077 4412 ἐπὶ
3109 4361 3209 4433 τῆς
3267 4366 3511 4437 πρώτης,
3732 4343 3866 4442 τοὺς

2295 4430 2506 4537 ἑγίους,
2536 4437 2645 4492 τῶν
2690 4441 2873 4506 ἐλέους
2921 4430 3191 4517 δεομένων
3238 4430 3530 4527 μέμνηται,
3555 4430 3676 4515 ’καὶ
3727 4430 3868 4537 ὑπὲρ

3016 4515 3023 4517 ε
3238 4515 3250 4523 υ
3312 4515 3324 4525 ι
3404 4515 3415 4527 ι
3519 4515 3529 4523 π
3733 4515 3749 4520 ⁷
3768 4515 3861 4537 "'r

2292 4515 2366 4575 ὧν
2398 4525 2647 4596 ἱκετεύει,
2681 4533 2774 4587 καὶ
2796 4535 3033 4605 ζώντων,
3062 4543 3158 4595 καὶ
3183 4546 3554 4616 τεθνηκότων·
3584 4554 3726 4609 οὕτω
3765 4560 3866 4613 καὶ

2290 4618 2384 4670 ἐπὶ
2406 4620 2506 4687 τῆς
2532 4623 2816 4695 δευτέρας.
2856 4631 3015 4703 Ἔχει
3040 4635 3099 4689 δὲ
3122 4637 3409 4712 διαφοράν.
3456 4646 3576 4700 Ἐπὶ
3608 4650 3706 4718 μὲν
3753 4651 3862 4721 γὰρ

2287 4713 2384 4781 τῆς
2412 4714 2696 4786 δευτέρας,
2733 4722 2827 4774 καὶ
2857 4721 3126 4795 διηγεῖται
3154 4730 3255 4802 τὴν
3292 4713 3658 4810 προσαγωγην
3676 4758 3692 4774 ο
3722 4713 3862 4814 φησι

2288 4803 2414 4874 γὰρ,
2456 4823 2474 4856 ι
2505 4808 2862 4903 Προράγομέν
2901 4832 2984 4870 σοι
3012 4818 3111 4889 τὴν
3131 4803 3354 4896 λογικὴν
3405 4803 3861 4903 cedrus-largas!-

2284 4910 2353 4947 αν
2372 4910 2383 4924 ·
2401 4915 2419 4948 ι
2460 4898 2580 4966 μεθ’
2607 4892 2681 4953 ὧν
2709 4903 2891 4974 τίθησι
2920 4908 3020 4974 τὰς
3051 4892 3431 4988 ἁφορμὰςντῆς
3462 4892 3851 4993 προσαγωγῆς,

2283 4984 2319 5055 ἢ
2357 4990 2655 5059 προὶέγων,
2685 4993 2717 5065 ἦ
2747 4997 3016 5068 ἐπιλέγων
3041 5004 3141 5075 τὴν
3163 4984 3399 5080 μνήμην
3418 4984 3527 5068 τῶν
3555 4984 3858 5089 ταδἐιρτῆζ

2288 5094 2379 5147 ρος
2401 5079 2603 5148 παθῶν,
2625 5084 2724 5155 τὴν
2747 5091 2969 5163 μνήμην
3004 5097 3110 5149 τῶν
3144 5099 3336 5167 ἁγίων.

2369 5169 2491 5225 Ἐπὶ
2524 5176 2579 5228 δὲ
2605 5178 2704 5248 τῆς
2734 5181 2957 5253 πρώτης
3011 5189 3178 5257 μόνας
3229 5193 3409 5265 τίθησι
3449 5198 3544 5262 τὰς
3595 5201 3854 5271 ἀφορμὰς

2279 5259 2379 5329 τῆς
2427 5274 2820 5342 προσαγωγῆς,
2847 5275 3051 5345 ἳέγων·
3089 5284 3213 5347 (Et;
3243 5259 3552 5359 ἀνοίμνησιν
3576 5259 3668 5345 toi”:

2284 5354 2422 5453 ρίου,
2470 5359 2551 5420 εἰς
2601 5360 2758 5425 δόξαν
2803 5365 2905 5432 τῆς
2945 5369 3288 5440 ΠαναγείαςῚ
3322 5354 3416 5431 καὶ
3442 5354 3509 5434 τὰ
3552 5383 3710 5453 ἑξῆς,
3758 5386 3853 5439 Ἐν

2276 5437 2356 5505 οἷς
2389 5446 2661 5517 μέμνηται
2689 5454 2782 5506 καὶ
2810 5455 2950 5526 ὑπὲρ
2984 5453 3060 5513 ὧν
3099 5437 3426 5536 εὐχαριστεῖ,
3451 5471 3559 5523 Καὶ

2279 5533 2533 5589 ἱκετεύει.
2563 5540 2658 5603 Τίς
2686 5540 2776 5594 οὖν
2807 5548 2834 5598 ὁ
2858 5545 3013 5616 λόγος
3042 5551 3121 5605 ὅτι
3149 5556 3207 5606 ἐν
3237 5533 3412 5628 ταύτῃ
3441 5560 3540 5627 μὲν
3564 5533 3857 5631 ἔργιμδεί-

2276 5639 2463 5677 κνυσιν
2490 5629 2570 5681 ὅτι

2605 5634 2935 5706 προαιρέρει;
2969 5639 3061 5692 καὶ
3095 5641 3202 5713 γὰρ
3246 5646 3496 5714 ἀφαιρῶν
3535 5647 3629 5700 τοῦ
3674 5650 3855 5721 ἄρτου

2276 5713 2563 5786 ἀνατίθησι

2613 5721 2689 5790 τῷ
2720 5723 2858 5795 Θέῷ.
2893 5728 2997 5781 Καὶ
3021 5729 3107 5784 διὰ
3156 5733 3314 5788 τοῦτο
3356 5736 3453 5789 οὐκ
3500 5738 3693 5810 ἐδεήθη
3735 5743 3863 5799 τῶν
