4132 6308
326 325 430 382 485
1520 317 1874 377 LiTURGIt

1977 315 2397 378 sxrosmo.
3458 327 3568 397 εδδ

325 436 625 508 δηλούντων
662 435 918 506 ῥημάτων
940 448 952 462 ·
982 434 1076 487 ἐπὶ
1105 432 1159 486 δὲ
1184 431 1279 502 τῆς
1322 432 1581 501 δευτέρας
1613 450 1873 503 προσαγω

2009 435 2245 489 secunda
2284 444 2462 489 autem
2491 435 2766 493 oblatione
2798 439 2933 495 nihil
2965 441 3144 498 facere
3175 446 3442 514 cernitur,
3473 453 3572 507 sed

328 528 424 596 γῆς
449 527 600 581 οὐδὲν
632 526 878 595 φαίνεται
901 528 1076 578 ποιεῖν
1096 539 1108 553 ·
1139 524 1275 577 ἀλλὰ
1297 526 1509 590 γίνεται
1541 525 1639 594 μὲν
1668 527 1699 595 ἡ
1726 542 1874 595 1:906-

2006 525 2296 594 iitquidem
2317 529 2541 595 oblatio,
2559 530 2617 584 iit
2636 539 2814 586 autem
2839 532 3398 592 invisibiliter.Gratia
3423 543 3569 597 enim

327 616 490 685 φορὰ,
521 616 799 685 γίνεταιδὲ
830 615 1096 686 ἀοράτως.
1122 615 1233 685 Τὴν
1271 613 1381 683 γὰρ
1428 615 1619 667 θυσίαν
1673 615 1864 684 ἁφανῶ

2005 617 2341 671 sacriﬁcium
2403 618 2638 675 latenter
2690 636 2951 691 operatur
3000 640 3097 695 per
3146 635 3571 687 saeramentales

330 709 553 778 ἠχιέιρις
583 707 870 776 ἐργάζεται
921 706 1010 760 διὰ
1041 707 1150 759 τῶν
1198 706 1533 761 τελεστικῶν
1583 706 1756 776 εὐχῶν
1799 706 1874 759 eoi

2006 707 2281 765 orationes
2326 710 2651 766 sacerdotis.
2692 712 2841 783 Opus
2877 732 3007 784 ergo
3052 717 3153 773 fuit
3198 722 3401 785 verbis,
3452 740 3574 792 qua:

332 799 536 868 ἱερέως.
567 796 769 851 Οὐκοῦν
816 797 922 850 ἔδει
973 797 1148 864 λόγων
1207 796 1320 850 τῶν
1363 796 1743 867 κηρυττόντων
1793 797 1874 866 τὴς

1999 800 2358 870 pmdicarent
2380 816 2525 868 eam,
2564 818 2686 873 qua:
2724 819 2833 859 non
2861 810 3176 877 apparebat.
3211 811 3567 869 oblationem.

336 889 409 959 μὴ
436 890 759 959 φαινομένην
786 889 1179 959 προσαγωγὴν.

908 1003 1164 1056 ΚΕΦΑΛ.
1184 1002 1313 1055 NA'.
2649 1000 2731 1055 CA
2745 1002 2801 1057 P.
2834 1001 2920 1059 LI.

325 1071 423 1126 Διὰ
469 1072 526 1126 τί
569 1073 831 1145 λογικὴν
875 1074 1239 1195 λατρεὲαἱνοό
1285 1071 1476 1140 ἱερεὺς
1517 1072 1634 1140 τὴν
1669 1072 1874 1125 θυσίαι

1011 1158 1046 1192 κ
1129 1157 1199 1194 ει.

2001 1088 2109 1142 Cur
2150 1092 2394 1146 sacerdos
2425 1103 2569 1146 vocat
2606 1094 2928 1163 sacriﬁcium
2967 1098 3166 1151 cultum
3224 1105 3563 1161 rationalem.

387 1234 592 1289 Τούτου
625 1235 787 1305 χάριν
824 1235 920 1287 καὶ
952 1233 1178 1303 λογικὴν
1214 1231 1465 1304 λατρείαν
1496 1232 1666 1303 αὐτὴν
1696 1232 1887 1298 καλεῖ,

310 1323 396 1377 ὅτι
435 1324 591 1377 οὐδὲν
624 1326 785 1394 ἔργον
826 1326 1054 1391 εἰσάγει,
1101 1323 1281 1393 μόνοις
1319 1323 1374 1376 δὲ
1406 1325 1521 1385 τοῖς
1554 1324 1889 1385 τελεστικοῐς

308 1417 382 1485 {Si}
395 1433 529 1484 μασι
557 1414 841 1485 χρώμενος
867 1416 965 1483 τὴν
993 1414 1315 1485 προσφορὰν
1335 1413 1541 1482 ταύτην
1564 1413 1887 1483 προσφέρει.

321 1507 393 1561 ἸΙ
427 1509 524 1578 μὲν
540 1509 647 1577 γάρ
670 1507 860 1579 πρώτη
885 1507 1216 1577 προσαγωγή
1243 1505 1404 1575 ἔργον
1450 1506 1597 1557 ἐστὶν
1614 1502 1887 1575 ἀνθρώπῳ

305 1597 575 1651 δυνατόν’
611 1597 704 1651 καὶ
731 1599 818 1651 διὰ
847 1596 1004 1650 τοῦτο
1027 1596 1132 1650 ὑπὸ
1152 1595 1247 1649 τοῦ
1282 1596 1471 1665 ἱερέως
1501 1593 1879 1665 πραττομένη,

307 1689 597 1761 πρακτικὴ
629 1690 694 1744 ἂν
724 1689 806 1758 εἴη
840 1689 1062 1761 λατρεία
1089 1705 1103 1721 ο
1133 1689 1233 1760 τὴν
1268 1688 1324 1742 δὲ
1351 1688 1612 1759 δευτέραν
1631 1727 1647 1754 ,
1675 1687 1775 1756 τὴν
1806 1687 1888 1750 είς

2072 1246 2143 1300 Ea
2179 1247 2247 1300 de
2276 1262 2443 1302 causa
2475 1263 2598 1302 eum
2623 1249 2788 1304 etiam
2822 1260 2983 1311 vocat
3005 1254 3212 1308 cultum
3246 1260 3566 1317 rationalem

1998 1347 2096 1391 aut
2144 1338 2442 1401 verbalem,
2487 1341 2633 1408 quod
2686 1340 2898 1395 nullum
2946 1343 3158 1399 inducit
3204 1345 3432 1415 faettun,
3472 1354 3568 1407 sed

1996 1427 2128 1482 solis
2176 1436 2339 1483 utens
2403 1429 2582 1485 verbis
2643 1433 3156 1501 sacramentalibus,
3215 1438 3357 1492 banc
3409 1436 3568 1495 oﬂ‘ert

1995 1518 2353 1575 oblationem.
2391 1518 2573 1576 Prima
2607 1523 2751 1577 enim
2793 1524 2997 1581 oblatio
3037 1535 3121 1582 est
3160 1528 3364 1583 factum
3418 1533 3560 1601 quod

1995 1609 2327 1680 ﬂeripotest
2353 1610 2423 1666 ab
2453 1612 2697 1679 homine,
2720 1625 2773 1669 et
2810 1615 2935 1671 ideo
2969 1631 3095 1673 cum
3131 1618 3223 1674 ﬂat
3270 1622 3339 1675 ab
3387 1623 3566 1679 homi-

1993 1716 2085 1767 ne,
2121 1703 2333 1758 activus
2363 1702 2543 1759 cultus
2575 1703 2761 1761 fuerit.
2801 1705 3055 1763 Secunda
3094 1718 3300 1780 autem,
3331 1718 3564 1773 mutatio

304 1785 375 1837 τδ
401 1785 541 1837 θετον
568 1785 727 1854 σῶμα
761 1786 854 1838 καὶ
882 1780 1025 1855 αἷμά
1054 1783 1361 1856 μεταϐολὴν
1389 1784 1500 1867 τῷν
1525 1782 1734 1854 δώρων,
1764 1781 1874 1852 ἥτις

1990 1794 2260 1847 donorum
2313 1794 2365 1848 in
2411 1794 2658 1850 divinum
2707 1813 2910 1869 corpus
2957 1810 3012 1856 et
3044 1805 3389 1874 sanguinem,
3438 1825 3564 1879 quae

302 1877 461 1930 ἐστὶν
488 1879 519 1946 ἡ
551 1875 735 1942 θυσία,
758 1879 897 1946 ὑπὲρ
924 1877 1215 1943 ἀνθρώπου
1245 1861 1476 1947 δύναμιν
1504 1874 1691 1940 οὖσαν,
1716 1873 1884 1942 ἐργά-

306 1966 462 2030 ζεται
486 1967 637 2037 μὲνὴ
672 1969 829 2037 χάρις
853 1982 868 1998 ’
899 1965 1119 2036 εὔχεται
1142 1967 1200 2020 δὲ
1235 1967 1394 2036 μόνον
1421 1967 1452 2018 ό
1489 1964 1692 2034 ἱερεύς.
1718 1963 1885 2016 Ὅθεν

306 2061 362 2111 εἰ
389 2060 482 2112 καὶ
513 2060 674 2130 ἔργον
701 2059 818 2113 ἐστὶ
847 2060 942 2110 καὶ
974 2059 1210 2128 πρᾶγμα
1238 2055 1456 2125 ἀληθῶς
1484 2057 1517 2127 ἠ
1556 2053 1741 2117 θυσία,
1768 2050 1886 2105 ἀλλ’

306 2152 474 2214 αὐτὸς
499 2151 651 2205 οὐδὲν
681 2155 759 2214 εἰς
790 2150 964 2221 αὐτὴν
998 2149 1388 2219 ἐργαζόμενος,
1419 2147 1556 2202 ἀλλὰ
1579 2147 1756 2213 λέγων
1790 2144 1883 2212 μό-

306 2258 418 2306 νον,
446 2244 673 2305 εἰκότως
697 2243 759 2294 οὐ
789 2239 1212 2311 πραγματικῶς,
1229 2240 1364 2292 ἀλλὰ
1384 2236 1609 2309 λογικὴν
1626 2233 1887 2305 λατρείαν

308 2337 611 2407 προσάγειν
635 2336 796 2405 φησί.

878 2429 1136 2483 ΚΕΦΛΛ.
1171 2425 1295 2479 NB’.

380 2531 484 2582 Διὰ
512 2529 568 2580 τί
599 2523 951 2593 εὐχαριστία
979 2520 1170 2589 μόνον
1199 2514 1469 2570 καλεῖται
1503 2515 1541 2583 ἢ
1573 2513 1810 2583 τελετή.

383 2621 620 2674 Κάκεῖνο
645 2618 703 2669 δὲ
747 2617 1028 2684 ζητήσεως
1073 2611 1244 2676 ἀξιον.
1302 2607 1456 2661 Ἐπεὶ
1497 2606 1606 2673 γὰρ
1653 2606 1750 2660 καὶ
1782 2621 1883 2675 χα-

312 2714 601 2786 ριστήριός
632 2710 781 2760 ἐστιν
813 2707 847 2776 ἡ
872 2703 1087 2770 τελετὴ,
1117 2703 1213 2754 καὶ
1243 2700 1465 2762 ἱκέσιός,
1493 2699 1579 2751 διά
1610 2697 1661 2751 τί
1692 2697 1767 2770 μὴ
1788 2696 1883 2786 καὶ

310 2785 621 2873 ἀμφότερα,
643 2798 756 2854 ἀλλ’
776 2792 1109 2866 Εὐχαριατία
1136 2792 1384 2847 καλεῖται
1417 2791 1575 2861 μόνον
1591 2807 1606 2854 ;
1625 2789 1759 2842 ’Λπὸ
1787 2785 1881 2841 τοῦ

312 2895 583 2956 πλείονος.
622 2888 843 2952 Πλείους
872 2887 981 2955 γὰρ
1018 2889 1074 2940 αί
1106 2885 1350 2955 ἀφορμαὶ
1378 2884 1476 2951 τῆς
1503 2880 1878 2951 εὐχαριστίας,

1986 1894 2071 1940 est
2127 1886 2486 1954 sacriﬁcium,
2538 1903 2663 1942 cum
2720 1892 2794 1945 sit
2846 1905 3010 1962 supra
3065 1896 3208 1951 vires
3258 1903 3560 1965 humanas;

1986 1984 2251 2042 operatur
2288 1976 2435 2032 enim
2472 1978 2668 2046 gratia,
2699 1988 2818 2033 orat
2860 1994 3041 2035 autem
3071 1983 3250 2038 solum
3278 1989 3560 2043 sacerdos.

1992 2065 2143 2121 Unde
2173 2069 2275 2122 etsi
2307 2084 2499 2123 revera
2547 2083 2687 2138 Opus
2732 2080 2902 2125 estet
2944 2073 3144 2129 factum
3205 2076 3560 2145 sacrlllcium,

1985 2160 2079 2214 sed
2112 2168 2292 2213 tamen
2329 2163 2459 2229 quia
2502 2162 2621 2230 ipse
2658 2164 2793 2217 nihil
2824 2165 2959 2233 agit,
3004 2166 3100 2220 sed
3149 2176 3360 2222 tantum
3404 2171 3557 2234 dicit,

1987 2249 2184 2303 merito
2215 2264 2322 2303 non
2366 2252 2629 2315 activum,
2661 2254 2756 2308 scd
2790 2257 3114 2311 rationalem
3159 2270 3250 2313 aut
3284 2261 3558 2316 verbalem

1987 2334 2195 2388 cultum
2229 2350 2289 2389 sc
2315 2336 2513 2391 olierre
2535 2338 2684 2392 tiit'il.

2618 2430 2769 2485 CAP.
2817 2430 2924 2485 LII.

2082 2516 2263 2583 Quare
2295 2518 2639 2575 Eucharistia
2667 2520 2843 2576 solum
2873 2532 3091 2576 vocatur
3127 2528 3454 2595 mysterium.

2056 2608 2190 2665 Illud
2229 2626 2448 2681 quoque
2480 2620 2566 2668 est
2614 2627 2795 2683 operae
2836 2614 3074 2683 pretium
3111 2631 3376 2683 qumere.
3405 2619 3557 2686 Quo-

1983 2714 2133 2754 niam
2161 2702 2310 2755 enim
2334 2717 2554 2758 sacrum
2585 2705 2903 2775 mysterium
2927 2704 2983 2759 in
3004 2706 3304 2775 gratiarum
3336 2709 3560 2765 actione

1982 2798 2038 2846 et
2080 2793 2481 2862 supplicatione
2527 2806 2811 2862 versatur,
2849 2813 2948 2853 cur
2980 2814 3088 2853 non
3131 2801 3294 2854 etiam
3335 2812 3553 2857 utrum-

1980 2895 2108 2950 que,
2155 2882 2252 2937 sed
2306 2882 2674 2952 Eucharistia,
2736 2889 2840 2943 hoc
2898 2897 2984 2944 est
3031 2891 3331 2960 gratiarum
3382 2895 3547 2955 actio,

310 2987 343 3057 ἢ
385 2989 485 3057 τῆς
528 2985 767 3044 ίκεσίαςο
802 2981 972 3040 πλείω
1013 2979 1125 3049 γὰρ
1156 2977 1444 3046 ἐλάϐομεν,
1476 2975 1508 3044 ἦ
1544 2967 1617 3027 ὧν
1649 2972 1729 3025 ῑτι
1767 2971 1874 3025 δεό-

1979 2982 2189 3030 tantum
2224 2976 2461 3033 dicitur?
2504 2978 2587 3033 Ab
2626 2995 2690 3035 eo
2741 2980 2887 3050 quod
2934 2990 3019 3035 est
3062 2981 3320 3051 amplius.
3362 2982 3552 3038 Plures

308 3078 474 3149 μεθα.
520 3077 598 3128 Τὰ
647 3073 747 3145 μὲν
782 3072 889 3143 γὰρ
930 3071 1115 3143 μέρος,
1153 3070 1336 3122 ἐκεῖνα
1371 3068 1428 3121 δὲ
1466 3068 1603 3120 ὅλον.
1653 3066 1720 3119 'A
1767 3065 1874 3134 γάρ

1977 3069 2122 3122 enim
2154 3080 2283 3126 sunt
2312 3086 2493 3127 causa:
2521 3074 2824 3141 gratiarum
2856 3074 3091 3130 actionis
3132 3090 3296 3145 quam
3340 3077 3551 3145 suppli-

302 3129 623 3237 ἱκετεύομεν
647 3129 873 3228 λαϐεἱν,
910 3129 1243 3235 μέροςνείσὶν
1279 3157 1355 3216 ὧν
1386 3159 1673 3227 ἐλάϐομεν.
1717 3129 1874 3211 Ἑλάλ

1979 3163 2245 3228 cationis;
2300 3166 2454 3233 plura
2500 3165 2648 3219 enim
2707 3166 3043 3235 accepimus,
3092 3182 3259 3236 quam
3305 3182 3370 3222 ea
3418 3179 3549 3224 sunt

298 3263 472 3331 ϐομεν
518 3260 627 3330 γὰρ
677 3259 919 3319 ἅπαντα,
960 3256 1087 3323 τόγε
1133 3256 1211 3317 είς
1240 3253 1347 3306 ιτδν
1397 3252 1529 3304 Θεὶν
1573 3245 1728 3321 ἦκον,
1780 3246 1874 3301 καὶ

1980 3254 2185 3324 quibus
2212 3255 2390 3308 adhuc
2423 3269 2563 3325 opus
2603 3255 2892 3309 habemus.
2924 3255 3049 3310 Haec
3086 3258 3231 3311 enim
3264 3272 3413 3327 pars,
3454 3258 3546 3315 illa

297 3354 454 3408 οὐδὲν
498 3353 748 3423 παρῆκεν
773 3349 802 3402 ὃ
843 3350 917 3420 μὴ
945 3348 1175 3401 δέδωκεν
1198 3363 1212 3378 ⁸
1245 3346 1381 3399 ἀλλὰ
1421 3346 1530 3398 τῶν
1564 3345 1663 3414 μὲν
1692 3342 1875 3409 τυχεῖν

296 3446 453 3500 ιΰπω
495 3443 689 3514 καιρὸν
717 3442 932 3510 ἔχομεν,
974 3436 1167 3507 ὥσπερ
1209 3439 1242 3507 ῄ
1287 3437 1563 3507 ἀφθαρσία
1602 3436 1712 3490 τῶν
1768 3453 1876 3490 σω-

299 3538 513 3610 μάτων,
544 3536 639 3589 καὶ
663 3535 697 3605 ἠ
729 3530 1017 3592 ἀθανασία,
1051 3530 1145 3583 καὶ
1173 3530 1206 3601 ἠ
1229 3531 1287 3583 ὲν
1315 3530 1563 3599 οὐρανοῖς
1593 3529 1871 3599 βασιλεία*

291 3629 369 3683 τὰ
399 3628 456 3681 δὲ
483 3626 740 3685 λαϐόντες
772 3623 833 3675 οὐ
865 3621 1220 3691 κατέσχομεν,
1254 3618 1444 3688 ὥσπερ
1469 3621 1502 3690 ἠ
1529 3618 1722 3688 ἄφεσις
1759 3621 1872 3674 τῶν

292 3717 585 3790 ἁμαρτιῶν
605 3757 619 3783 ,
651 3715 747 3767 καλ⁵
782 3713 851 3767 τὰ
879 3712 1015 3768 ἄλλα
1040 3712 1110 3765 τά
1138 3710 1223 3763 διὰ
1251 3712 1375 3763 τῶν⁹
1395 3713 1709 3782 μυστηρίων
1739 3714 1873 3784 ἡμῖν

292 3809 685 3883 χορηγούμενα
732 3804 913 3872 δῶρα·
956 3803 1026 3856 τὰ
1057 3801 1114 3854 δὲ
1138 3800 1512 3872 ἀπεϐάλομεν,
1549 3805 1633 3856 ὅτι
1680 3803 1873 3866 κακῶς

292 3898 679 3972 ἐχρησάμεθα,
715 3896 801 3949 ἵνα
838 3895 912 3966 μὴ
945 3892 1234 3961 γενώμεθα
1262 3894 1507 3963 χείρους,
1534 3893 1719 3960 ὥσπερ
1750 3893 1874 3947 ἀνε-

293 4009 404 4057 σιν,
446 3994 538 4044 καὶ
577 3988 785 4057 ὑγείαν,
834 3983 1212 4054 καὶ,πλοῦτον,
1249 3982 1300 4035 οἱ
1342 3982 1558 4051 τρυφῆς
1593 3982 1728 4049 ὓλην
1776 3981 1874 4034 καὶ

289 4082 569 4153 πονηρίας
598 4078 959 4149 ποιησάμενοι
986 4075 1160 4129 ταῦτα
1182 4089 1193 4103 ’
1226 4072 1257 4143 ἢ
1292 4074 1383 4126 ἐπὶ
1422 4072 1603 4140 κέρδει
1643 4071 1870 4138 μείζονι,

288 4179 487 4244 ὥσπερ
515 4177 543 4226 ὁ
580 4171 720 4236 Ἰὼϐ,
755 4169 864 4222 τῶν
892 4165 1113 4236 ἀγαθῶν
1143 4161 1597 4232 άποστερούμεθα
1629 4161 1735 4213 τῶν
1768 4178 1873 4213 πα·

293 4271 520 4340 ρῦντων.
564 4263 728 4317 Ὅθεν
761 4260 919 4330 δῆλον
965 4258 1040 4323 ὠς
1071 4257 1278 4319 ἱκεσίας
1328 4254 1426 4327 μὲν
1472 4254 1663 4308 οὐδένα
1706 4255 1871 4308 τόπον

287 4360 511 4430 ἀφῆκεν
536 4358 563 4411 ὁ
595 4356 746 4418 Θεὸς,
775 4350 1124 4423 εὐχαριστίας
1149 4349 1206 4403 δὲ
1242 4350 1424 4402 πᾶσαν
1451 4347 1710 4416 ἀφορμὴν
1742 4345 1871 4397 ἔδω-

288 4470 392 4507 κεν
411 4468 427 4483 ν
458 4450 621 4522 ἡμεῖς
648 4447 705 4501 δὲ
730 4446 830 4516 τὴν
852 4445 1061 4497 ἔνδειαν
1091 4442 1221 4512 ἡμῖν
1253 4439 1437 4501 αὐτοῖς
1464 4438 1568 4492 ὑπὸ
1594 4436 1866 4507 ῥᾳθυμίας
1894 4466 1942 4524 D

287 4540 802 4604 κατασκευάζοντες
829 4538 927 4605 τῆς
962 4533 1172 4595 ἱκεσίας
1202 4531 1453 4600 δεόμεθα.
1491 4530 1719 4599 Ἴδωμεν
1753 4529 1862 4597 γάρ

289 4638 424 4707 περὶ
466 4634 630 4688 τίνων
683 4627 1017 4698 ἱκετεύομεν.
1074 4626 1207 4693 Περὶ
1244 4624 1493 4693 ἀφέσεως
1540 4621 1862 4710 ἀμαρτιώνς

299 4728 467 4786 Ἀλλὰ
496 4725 700 4792 ταύτην
734 4719 993 4773 πλουσίαν
1017 4718 1304 4785 ἐλάϐομεν,
1336 4714 1429 4767 καὶ
1462 4712 1630 4784 μηδὲν
1661 4715 1864 4780 ἀγωνι-

289 4827 520 4890 σάμενοι
555 4816 642 4871 διὰ
686 4813 779 4868 τοῦ
825 4807 1419 4880 άγίούβαπτίσματος.
1461 4804 1525 4857 Τί
1563 4803 1656 4857 οὖν
1701 4802 1864 4857 πάλιν

290 4915 466 4981 αὐτὴν
520 4906 819 4976 αἱτοῦμεν;
862 4904 944 4957 ὅτι
996 4899 1158 4953 πάλιν
1217 4896 1510 4951 ὑπεύθυνοι
1559 4895 1865 4964 γεγόναμεν

290 5004 617 5078 ἁμαρτίαις.
673 4997 834 5052 Ἀλλὰ
886 4996 939 5050 τί
979 4995 1041 5077 τὸ
1089 4994 1261 5047 αίτιον
1314 4992 1446 5059 ἡμῖν
1486 4991 1585 5059 τῆς
1632 4989 1863 5058 εὐθύνης

289 5097 499 5167 ταύτης
522 5112 536 5159 ;
568 5095 729 5165 ἡμεῖς
753 5088 927 5142 αὐτοί.
959 5084 1166 5141 Οὐκοῦν
1185 5084 1279 5138 καὶ
1306 5082 1403 5150 τῆς
1434 5082 1638 5142 ἱκεσίας
1662 5082 1824 5151 ἡμεῖς
1845 5094 1862 5110 ο

290 5193 374 5243 ἔτι
403 5187 535 5256 περὶ
559 5185 659 5253 τῆς
683 5179 979 5253 βασιλείας,
1012 5178 1100 5231 ἵνα
1128 5177 1626 5248 κληρονομήσωμεν
1657 5174 1824 5242 αὐτῆς
1845 5211 1862 5237 ,

292 5274 642 5341 ἱκετεύομεν;
673 5270 765 5321 καὶ
808 5268 916 5337 μὴν
953 5266 1164 5320 δέδοται
1204 5265 1336 5333 ἡμῖν
1371 5263 1509 5333 αὕτη
1542 5266 1575 5331 ἡ
1607 5263 1865 5330 κληρονο-

296 5367 419 5437 μία.
457 5365 564 5417 καὶ
598 5363 705 5433 γὰρ
740 5361 905 5413 τέκνα
936 5357 1072 5411 Θεοῦ
1108 5357 1414 5426 γεγόναμεν
1444 5354 1608 5409 αὐτοῦ
1641 5353 1731 5406 τοῦ
1765 5369 1861 5405 πε-

296 5453 612 5525 ρικειμένου
638 5451 734 5521 τὴν
757 5447 1049 5517 βασιλείαν.
1073 5449 1169 5511 Τίς
1196 5447 1303 5516 γάρ
1331 5448 1683 5517 κληρονόμος,
1715 5444 1762 5496 εί
1787 5442 1862 5514 μὴ

292 5550 356 5601 τὸ
387 5548 575 5601 τέκνον
599 5564 614 5611 ;
647 5545 711 5596 Τί
740 5545 793 5596 δὲ
820 5544 926 5595 τῶν
947 5539 1214 5611 πατρῴων
1240 5538 1521 5607 διαφεύγει
1550 5537 1639 5590 τὸν
1668 5537 1767 5604 κλη
1777 5553 1864 5605 ρο-

296 5638 498 5708 νόμον;
550 5635 743 5690 Οὐδέν.
792 5633 916 5695 Πῶς
962 5630 1055 5684 οὖν
1102 5631 1362 5698 αἰτοῦμεν
1415 5630 1476 5682 τὸ
1528 5629 1627 5698 ἤδη
1676 5627 1858 5692 δοθὲνς

309 5727 587 5799 Ἀλλότρια
618 5726 725 5800 ¹τῆς
773 5722 1041 5785 υἱοθεσίας
1079 5721 1481 5792 ἐτολμήσαμεν,
1521 5720 1657 5795 μετά
1698 5719 1758 5771 τὸ
1800 5720 1861 5770 ὲκ

1979 3358 2108 3398 vera
2139 3352 2334 3398 totum.
2362 3343 2491 3410 Quae
2516 3344 2662 3398 enim
2687 3345 3236 3414 regamusaccipere,
3262 3361 3386 3414 pars
3419 3358 3549 3404 sunt

1981 3449 2170 3490 eorum
2214 3450 2337 3506 quae
2375 3436 2725 3504 accepimus.
2771 3434 2969 3489 Omnia
3018 3436 3164 3490 enim
3213 3441 3546 3505 accepimus,

1974 3530 2122 3596 quod
2156 3533 2223 3581 ad
2275 3525 2445 3581 Deum
2492 3526 2708 3592 attinet,
2739 3538 2793 3581 et
2838 3527 2974 3581 nihil
3008 3528 3358 3597 praetermisit
3397 3531 3548 3595 quod

1976 3624 2087 3671 non
2130 3617 2359 3683 dederit,
2399 3619 2492 3673 sed
2525 3618 2640 3671 hare
2668 3617 2886 3687 quidem
2929 3618 3255 3689 assequendi
3302 3622 3545 3677 nondum

1973 3717 2189 3779 tempus
2233 3710 2521 3774 habemus,
2564 3709 2710 3764 sicut
2750 3719 2833 3765 est
2876 3724 3171 3779 corporum
3213 3712 3549 3783 incorrupti-

1972 3801 2156 3857 bilitas
2207 3810 2261 3856 et
2314 3801 2701 3856 immortalitas
2747 3811 2803 3856 et
2851 3816 3079 3871 regnum
3126 3802 3179 3857 in
3222 3804 3418 3867 cmlis;
3454 3805 3543 3859 illa

1972 3908 2103 3948 vero
2150 3904 2372 3963 accepta
2424 3906 2532 3947 non
2580 3894 2906 3957 retinemus,
2956 3895 3103 3948 sicut
3149 3901 3235 3948 est
3290 3895 3547 3950 remissio

1972 3990 2327 4052 peccatorum
2359 3993 2418 4037 et
2451 3983 2557 4036 alia
2597 3983 2764 4047 dona,
2798 3998 2920 4052 qua!
2945 3999 3042 4052 per
3068 3994 3414 4041 sacramenta
3448 4001 3545 4041 no-

1970 4072 2059 4127 bis
2108 4072 2559 4140 suppeditantur;
2606 4072 2712 4126 alia
2765 4081 2946 4126 autem
2999 4073 3362 4142 perdidimus,
3411 4077 3543 4145 quia

1972 4161 2116 4216 male
2167 4161 2251 4216 usi
2307 4175 2520 4227 sumus,
2568 4175 2636 4215 ne
2694 4161 2988 4215 reddamur
3035 4162 3356 4230 deteriores,
3400 4166 3543 4222 sicut

1972 4252 2406 4311 consolationem
2434 4259 2491 4307 et
2516 4252 2804 4307 sanitatem
2833 4262 2888 4306 et
2916 4253 3158 4318 divitias,
3189 4253 3394 4323 quibus
3424 4264 3544 4310 tan-

1970 4364 2131 4419 quam
2157 4346 2478 4401 deliciarum
2519 4356 2573 4401 et
2601 4345 2858 4415 nequitiae
2895 4346 3275 4401 instrumentis
3299 4347 3406 4412 usi,
3434 4361 3540 4402 non

1972 4442 2038 4495 ad
2088 4440 2297 4494 lucrum
2338 4438 2533 4507 majus.
2570 4448 2630 4492 ut
2655 4435 2778 4499 Job,
2826 4437 3190 4506 prtesentibus
3236 4438 3395 4494 bonis
3427 4440 3542 4507 pri-

1972 4544 2182 4583 vamur.
2220 4525 2376 4582 Unde
2416 4527 2624 4581 clarum
2657 4534 2741 4581 est
2776 4527 2920 4594 quod
2962 4527 3378 4595 supplicationis
3414 4531 3539 4581 nul-

1971 4620 2082 4672 lum
2130 4619 2309 4671 locum
2360 4616 2581 4687 reliquit
2627 4615 2800 4679 Deus,
2840 4617 3172 4687 agcmlarum
3205 4626 3385 4670 autem
3414 4633 3537 4684 gra-

1970 4711 2170 4764 tiarum
2213 4710 2556 4763 occasionem
2608 4722 2824 4762 oxnnem
2870 4706 3277 4776 suppeditavit;
3309 4707 3401 4761 sed
3437 4721 3536 4760 nos

1972 4802 2130 4858 nobis
2181 4800 2313 4870 ipsis
2359 4800 2595 4867 inopiam
2651 4807 2869 4868 propter
2915 4796 3218 4851 socordiam
3262 4805 3534 4864 parantes,

1969 4908 2191 4963 egemus
2236 4890 2655 4960 supplicatione.
2693 4886 2984 4941 Videamus
3035 4888 3181 4939 enim
3227 4885 3293 4936 de
3336 4884 3537 4951 quibus

1968 4982 2359 5052 supplicamus.
2396 4980 2471 5034 De
2501 4979 2824 5034 remissione
2854 4974 3245 5045 peccatorum?
3281 4970 3384 5025 Sed
3413 4988 3533 5026 eam

1968 5076 2247 5144 cupiosam
2283 5073 2593 5140 accepimus
2625 5072 2825 5138 absque
2857 5069 2968 5120 ullo
3015 5074 3201 5120 nostro
3236 5064 3537 5119 certamine

1970 5176 2021 5218 et
2061 5164 2430 5227 contentione,
2474 5178 2569 5231 per
2605 5176 2821 5213 sat-rum
2872 5157 3228 5225 baptismum;
3259 5170 3361 5209 cur
3401 5172 3533 5225 ergo

1971 5272 2089 5311 eam
2118 5272 2313 5309 rursus
2341 5255 2614 5324 petimus?
2650 5252 2786 5317 Quia
2819 5266 3009 5303 rursus
3045 5248 3284 5317 peccatis
3311 5248 3533 5301 obnoxii

1971 5349 2101 5409 lacti
2144 5363 2354 5404 sunms.
2390 5349 2495 5401 Sed
2533 5359 2778 5414 quaenam
2815 5357 2978 5397 causa
3017 5351 3097 5395 est
3130 5342 3274 5410 quod
3310 5340 3532 5393 obumii

1970 5457 2163 5496 sumus
2189 5440 2213 5493 ?
2243 5439 2353 5494 Nos
2398 5438 2521 5507 ipsi.
2552 5436 2714 5505 Ergo
2767 5449 2868 5489 nos
2909 5433 3070 5487 etiam
3118 5427 3535 5498 supplicationis

1967 5547 2152 5587 causa:
2176 5544 2385 5586 sumus.
2431 5527 2700 5579 Praeterea
2728 5526 2795 5580 de
2824 5540 3007 5592 regno,
3044 5532 3100 5573 ut
3138 5521 3255 5585 ejus
3292 5517 3533 5570 lueredcs

1970 5627 2164 5686 simus,
2210 5618 2618 5689 supplicamus?
2652 5616 2801 5684 atqui
2842 5616 2962 5666 data
2988 5621 3071 5663 est
3112 5608 3268 5659 nonis
3301 5605 3532 5658 incredi-

1971 5728 2074 5772 tas.
2112 5712 2321 5769 Etenim
2374 5710 2467 5763 [ἰξὶί
2514 5709 2605 5765 Dei
2640 5706 2768 5762 iacti
2798 5716 3008 5761 sumus,
3043 5696 3132 5764 qui
3183 5705 3349 5759 "33:0
3380 5693 3535 5750 indu-
