4132 6308
590 292 694 356 ίδῗ

1831 294 1882 354 Ν
1894 291 2142 352 l'COLAI
2181 290 2452 351 CABASI
2464 292 2574 352 LIE

3737 301 3841 362 488

589 418 676 460 Ius
711 413 814 460 est.
850 404 986 470 Quis
1026 402 1171 459 enim
1209 403 1404 471 haeres,
1435 404 1541 459 nisi
1579 405 1756 461 ﬁlius?
1791 405 1934 469 Quid
1977 416 2156 460 autem

2263 402 2395 457 Θεοῦ
2418 408 2766 478 γεννηθῆναι,
2787 410 2878 464 καὶ
2903 412 2979 477 είς
3004 411 3206 481 ταύτην
3235 413 3504 484 ἀναϐῆναι
3531 414 3629 487 τὴν
3654 417 3840 486 τιμὴν.

590 511 770 550 rerum
816 504 1164 564 paternarum
1208 496 1475 552 heredem
1523 497 1752 567 effugit?
1799 496 1966 552 Nihil.
2015 497 2162 563 Quo-

589 586 752 641 modo
775 602 908 656 ergo
937 589 1174 656 petimus
1206 589 1258 642 id
1283 589 1426 658 quod
1451 590 1562 658 jam
1593 590 1777 645 datum
1817 591 1938 645 est?
1970 590 2163 646 Aliena

590 695 620 731 a
667 679 902 732 filiorum
951 679 1242 748 adoptione
1283 681 1744 748 perpetravimus,
1778 693 2064 752 postquam
2095 697 2160 737 ex

592 769 703 824 Deo
736 770 850 823 nati
895 786 1088 826 sumus
1119 779 1172 825 et
1202 771 1269 825 ad
1310 787 1435 826 eum
1473 773 1735 828 honorem
1769 777 2158 843 pervenimus;

591 873 692 927 pro
742 859 866 916 filiis
895 861 1024 914 mali
1068 861 1208 915 servi
1240 862 1368 916 facti
1400 878 1612 928 sumus,
1636 873 1690 919 et
1725 873 2013 934 propterea
2045 875 2164 920 tan-

592 966 757 1018 quam
790 952 858 1006 de
905 967 966 1005 re
1015 951 1188 1006 aliena
1221 962 1277 1007 et
1321 970 1445 1024 quae
1472 954 1611 1009 nihil
1656 955 1723 1009 ad
1773 971 1874 1009 nos
1902 958 2158 1026 pertinet,

593 1044 988 1112 supplicamus.
1011 1043 1154 1114 Ergo
1180 1061 1278 1100 nos
1307 1063 1526 1117 quoque
1550 1049 1716 1119 hujus
1742 1050 2163 1119 supplicationis

597 1136 754 1189 nobis
797 1150 975 1191 causae
1008 1152 1224 1194 sumus.
1254 1136 1330 1194 De
1361 1139 1522 1194 bonis
1554 1152 1737 1196 autem
1785 1145 2162 1212 corporalibus

591 1227 756 1294 jussit
779 1226 1044 1283 Dominus
1085 1246 1100 1283 :
1139 1247 1156 1280 ι
1182 1227 1356 1284 Petite
1401 1231 1636 1300 primum
1694 1247 1922 1302 regnum
1975 1235 2071 1290 Dei
2108 1245 2164 1292 et

590 1317 881 1385 justitiam,
917 1329 972 1374 et
1013 1320 1136 1374 haec
1170 1321 1353 1376 omnia
1407 1322 1734 1392 adjicientur
1781 1326 1971 1394 vobis;
2002 1345 2025 1380 ι
2062 1338 2114 1383 et
2146 1349 2159 1384 :

597 1428 618 1459 1
653 1407 729 1462 Ne
761 1410 882 1465 sitis
902 1411 1120 1466 solliciti
1151 1413 1214 1466 de
1238 1413 1595 1477 nutrimento,
1623 1425 1676 1469 et
1702 1415 1770 1471 de
1801 1415 2160 1484 indumentis,

592 1509 646 1554 et
683 1497 842 1554 Pater
873 1511 1057 1555 vester
1085 1502 1324 1558 caelestis
1359 1505 1625 1574 quidquid
1654 1523 1792 1577 opus
1815 1508 1999 1578 fuerit,
2029 1527 2162 1582 sup-

593 1589 882 1658 peditabit.
914 1610 933 1644 ι
974 1590 1087 1647 Nos
1136 1603 1318 1648 autem
1373 1599 1594 1663 quando
1647 1600 1729 1655 eis
1787 1615 2032 1670 egemus,
2077 1605 2161 1660 vel

595 1688 818 1748 propter
858 1682 1170 1737 socordiam
1219 1693 1276 1739 et
1325 1684 1705 1742 infelicitatem
1761 1701 2008 1747 nostram
2058 1695 2161 1751 hoc
2194 1730 2233 1784 Β

595 1768 858 1837 patimur,
881 1779 937 1825 et
970 1771 1116 1840 quod
1147 1771 1215 1826 de
1239 1773 1322 1828 eis
1357 1785 1684 1846 praeceptum
1710 1793 1820 1833 non
1845 1796 2160 1848 servamus;

605 1870 662 1914 et
700 1870 828 1915 tunc
853 1870 1072 1932 egestas
1113 1872 1358 1919 nostrum
1393 1874 1476 1920 est
1513 1881 1675 1935 opus,
1707 1878 1762 1924 et
1794 1887 1916 1940 quae
1946 1886 2167 1943 propter

594 1966 714 2007 eam
753 1953 816 2006 fit
851 1954 1177 2023 supplicatio
1219 1971 1235 2010 :
1269 1957 1352 2010 vel
1388 1967 1610 2028 propter
1640 1959 1732 2016 Dei
1766 1964 2164 2033 providentiam

594 2051 650 2096 et
679 2043 1090 2112 benignitatem,
1121 2046 1268 2101 sicut
1313 2045 1440 2112 Job,
1467 2059 1526 2104 ut
1555 2052 1766 2121 majora
1808 2063 1863 2110 et
1901 2067 2166 2125 praestari-

597 2137 735 2189 tiora
765 2135 909 2190 bona
953 2151 1379 2206 consequamur.
1425 2139 1492 2197 Et
1523 2152 1658 2198 tunc
1688 2145 1778 2199 illa
1810 2157 2025 2215 egestas
2069 2152 2163 2206 Dei

594 2242 732 2294 opus
764 2236 884 2291 est,
932 2231 1276 2299 non.pra=.bet
1311 2242 1491 2288 autem
1520 2237 1786 2293 orationis
1817 2247 1911 2293 aut
1949 2242 2163 2310 suppli-

593 2315 847 2380 cationis,
879 2316 974 2370 sed
1015 2317 1432 2386 gloriﬁcationis
1471 2331 1526 2377 et
1570 2326 1877 2394 gratiarum
1926 2331 2164 2386 aetionis

592 2404 905 2460 materiam.
942 2404 1414 2471 Quemadmodum
1450 2411 1552 2467 Job
1591 2415 1852 2472 dicebat:
1901 2436 1920 2470 ι
1951 2419 2034 2474 Sit
2061 2437 2162 2476 no-

594 2510 720 2550 men
760 2496 974 2552 Domini
1014 2498 1362 2556 benedictum
1400 2503 1454 2556 in
1487 2506 1744 2561 sarculum
1778 2511 1983 2565 saeculi.
2013 2530 2032 2564 ι
2074 2511 2165 2568 Vi-

593 2586 690 2639 des
721 2589 868 2655 quod
899 2589 1083 2643 omnia
1113 2605 1236 2659 qua:
1275 2607 1309 2647 a
1340 2592 1449 2648 Deo
1479 2594 1536 2648 in
1584 2612 1686 2652 nos
1717 2600 2160 2671 proficiscuntur,

593 2689 696 2729 nos
723 2677 790 2730 ad
816 2678 1268 2745 gloriﬁcationem
1300 2692 1354 2737 et
1401 2687 1700 2754 gratiarum
1742 2692 2008 2749 actionem
2049 2708 2162 2752 tan-

531 2839 534 2843 .
594 2776 707 2820 tum
734 2768 1039 2834 deducunt,
1067 2774 1379 2829 orationum
1402 2787 1588 2834 autem
1617 2789 1672 2835 et
1699 2785 2160 2852 supplicationum

595 2875 698 2914 nos
732 2875 916 2915 causa
948 2876 1162 2919 sumus.
1195 2863 1491 2936 Propterea
1523 2873 1767 2928 omnium
1803 2875 2072 2934 bonorum
2109 2889 2164 2938 et

593 2951 840 3020 corporis
867 2960 923 3006 et
946 2952 1165 3019 animae,
1209 2956 1264 3009 in
1297 2959 1504 3015 nostris
1549 2961 1618 3015 ad
1652 2962 1818 3020 Deum
1854 2970 2165 3037 interpella-

2264 494 2382 548 dwl.
2419 495 2546 552 υίῶν
2573 501 2800 570 πονηροὶ
2828 502 3004 555 δοῦλοι
3035 505 3346 574 γεγόναμεν
3373 523 3386 537 ·
3424 507 3519 559 καὶ
3553 507 3641 561 διὰ
3676 509 3840 562 τοῦτο

2267 585 2344 648 ὡς
2377 588 2504 658 περὶ
2541 589 2824 660 ἀλλοτρίου
2858 594 3206 664 πράγματος,
3244 597 3343 650 καὶ
3374 597 3528 651 οὐδὲν
3560 600 3692 668 ἡμῖν
3723 600 3842 653 δια-

2262 678 2517 748 φέροντος
2547 681 2884 751 ἱκετεύομεν.
2905 685 3114 739 Οὐκοῦν
3138 687 3235 741 καὶ
3253 690 3464 759 ταύτης
3490 691 3650 759 ἡμεῖς
3673 693 3845 762 ἔσμεν

2262 767 2428 822 αἴτιοι
2461 769 2563 839 τῆς
2594 773 2801 836 ἱκεσίας
2831 778 2965 846 ημῖν
2999 779 3205 838 αὐτοῖς.
3239 781 3376 849 Περὶ⁹
3411 781 3470 833 δὲ
3511 783 3618 836 τῶν
3653 800 3850 850 σωμα-

2260 859 2430 913 τικῶν
2459 861 2678 929 ἀγαθῶν
2725 868 2752 918 6
2783 866 2989 939 Κύριος
3037 870 3358 925 ὲκελέυσενο
3390 891 3410 925 ι
3447 876 3660 926 Αἰτεῖτε
3694 877 3852 946 πρῶ-

2263 967 2355 1004 τον
2383 952 2485 1022 τὴν
2511 954 2792 1024 βασιλείαν
2820 959 2916 1012 τοῦ
2950 960 3106 1025 Θεοῦ,
3137 962 3230 1014 καὶ
3257 963 3433 1018 ταῦτα
3464 965 3644 1018 πάντα
3677 983 3850 1034 προσ-

2262 1039 2551 1111 τεθήσεται
2588 1046 2751 1114 ὐμῖν,
2797 1068 2814 1101 ι
2857 1051 2989 1104 καίο
3038 1070 3058 1104 ι
3102 1053 3188 1122 Μὴ
3223 1056 3526 1124 μεριμνᾶτε
3571 1057 3701 1126 περὶ
3740 1062 3843 1127 τῆς

2261 1134 2486 1202 τροφῆς,
2514 1137 2607 1190 καὶ
2625 1138 2936 1208 ἐνδυμάτων
2959 1157 2974 1173 ⁸
3005 1143 3097 1196 καὶ
3119 1145 3146 1196 6
3167 1145 3350 1215 Πατὴρ
3371 1147 3527 1215 ὑμῶν
3547 1149 3574 1199 6
3595 1148 3851 1217 οὐράνιος

2264 1225 2445 1276 πᾶσαν
2469 1229 2768 1299 χορηγήσει
2794 1231 2893 1299 τὴν
2913 1233 3126 1304 χρείαν.
3149 1254 3168 1287 ι
3203 1233 3394 1305 Ἡμεῖς
3413 1237 3469 1288 δὲ
3501 1239 3724 1292 ἐπειδὰν
3748 1242 3849 1292 αὐο

2265 1314 2371 1368 τῶν
2392 1318 2585 1380 ἐνδεῶς
2603 1320 2821 1392 ἔχομεν,
2841 1324 2872 1392 ἢ
2889 1325 2976 1378 διὰ
2994 1327 3266 1397 ῥᾳθυμίαν
3313 1331 3671 1383 καὶάπιστίαν
3687 1332 3850 1386 τοῦτο

2265 1408 2571 1478 πάσχομεν,
2615 1413 2793 1466 καὶτὸ
2826 1413 2900 1485 μὴ
2935 1417 3173 1486 τηρῆσαι
3209 1418 3307 1489 τὴν
3335 1420 3464 1486 περὶ
3493 1421 3674 1474 αὐτῶν
3701 1425 3851 1476 ἐντο-

2263 1493 2361 1562 λήν
2379 1512 2393 1526 ο
2417 1499 2511 1552 καὶ
2530 1498 2650 1552 τότε
2671 1502 2704 1573 ή
2728 1501 2905 1557 ἔνδεια
2926 1504 3085 1576 ἔργον
3107 1507 3397 1578 ἡμέτερον,
3424 1511 3512 1563 κα“ο
3540 1511 3658 1581 ήδι’
3677 1513 3852 1584 αὐτὴν

2270 1589 2484 1644 ἱκεσία·
2531 1593 2564 1663 ἢ
2612 1597 2844 1665 προνοίᾳ
2886 1597 3046 1664 Θεοῦ,
3088 1600 3183 1653 καὶ
3219 1601 3622 1674 φιλανθρωπίᾳ,
3656 1604 3847 1674 ὥσπερ

2263 1681 2291 1730 6
2361 1681 2504 1748 Ἰὼϐ,
2554 1683 2639 1738 ἵνα
2705 1689 2970 1757 μειζόνων
3023 1690 3278 1760 τύχωμεν
3326 1694 3422 1746 καὶ
3474 1697 3847 1766 τιμιωτέρων.

2270 1773 2379 1825 Καὶ
2409 1773 2530 1828 τότε
2575 1777 2607 1846 ἠ
2639 1776 2812 1831 ἔνδεια
2855 1781 3037 1852 ἐκείνη
3069 1783 3184 1835 ἐστὶ
3217 1783 3315 1852 μὲν
3357 1784 3450 1837 τοῦ
3492 1785 3630 1838 Θεοῦ
3663 1787 3848 1857 ἔργον,

2267 1862 2382 1917 ἔστι
2403 1865 2459 1918 δὲ
2485 1867 2546 1920 οὐ
2567 1867 2802 1939 δεήσεώς
2825 1888 2968 1936 τινος
2998 1873 3088 1927 καὶ
3114 1874 3342 1939 ἱκεσίας,
3368 1877 3505 1930 ἀλλὰ
3528 1878 3845 1948 δοξολογίας

2265 1955 2488 2026 ἀφορμὴ
2545 1959 2641 2012 καὶ
2719 1961 3095 2032 εὐχαριστίας.
3142 1965 3353 2036 Ὠσπερ
3386 1969 3415 2020 6
3455 1967 3577 2021 ’1ὼὸ
3624 1970 3844 2038 ἔλεγεν·

2272 2062 2292 2096 ι
2329 2044 2426 2116 Είη
2455 2047 2515 2100 τὸ
2538 2048 2708 2119 ὄνομα
2739 2052 2948 2122 Κυρίου
2981 2054 3346 2125 εὐλογημένον
3371 2059 3480 2111 ἀπὸ
3501 2059 3595 2112 τοῦ
3625 2062 3720 2115 νῦν
3745 2064 3845 2114 καὶ

2265 2137 2344 2197 είς
2376 2137 2503 2200 τοὺς
2524 2139 2747 2203 αἰῶνας.
2785 2161 2804 2195 ι
2853 2141 3015 2214 Ὀρᾷς
3041 2145 3121 2198 ὅτι
3149 2149 3217 2200 τὰ
3246 2150 3398 2219 παρὰ
3419 2151 3515 2204 τοῦ
3542 2151 3673 2203 Θεοῦ
3703 2154 3838 2221 πρὸς

2265 2229 2413 2298 ἡμᾶς
2441 2231 2658 2286 ἅπαντα
2687 2235 2823 2302 πρὸς
2846 2236 3160 2307 δοξολογίαν
3187 2242 3280 2294 καὶ
3306 2242 3654 2313 εὐχαριστίαν
3683 2244 3836 2314 φέρει

2269 2319 2431 2387 μόνον
2486 2337 2502 2352 ⁸
2551 2325 2661 2377 τῶν
2713 2326 2771 2380 δὲ
2819 2328 3035 2384 ίκεσιῶν
3073 2330 3277 2386 τούτων
3325 2337 3417 2388 καὶ
3455 2336 3564 2390 τῶν
3607 2337 3841 2407 δεήσεων

2264 2409 2426 2476 ἡμεῖς
2453 2409 2635 2465 αἴτιοι.
2662 2414 2759 2467 Διὰ
2785 2416 2942 2471 τοῦτο
2970 2421 3196 2475 πάντων
3223 2424 3330 2476 τῶν
3351 2426 3586 2494 ἀγαθῶν,
3618 2429 3714 2481 καὶ
3734 2431 3843 2483 τῶν

2267 2502 2598 2566 σωματικῶν
2619 2541 2634 2564 ,
2671 2506 2765 2556 καὶ
2811 2506 2921 2560 τῶν
2951 2508 3053 2577 τῆς
3085 2511 3265 2582 ψυχῆς
3297 2515 3351 2567 ὲν
3379 2517 3496 2578 ταῖς
3526 2518 3666 2586 πρὸς
3707 2520 3844 2573 Θεὸν

2263 2587 2502 2658 ὁμιλίαις
2529 2594 2982 2662 μνημονεύοντες,
3005 2598 3093 2651 ἐπ’
3115 2600 3428 2676 εὐχαριστίᾳ
3453 2609 3672 2660 πάντων
3702 2627 3845 2679 μνη-

2265 2679 2586 2749 μονεύομεν,
2657 2684 2767 2738 εἴτε
2809 2686 3074 2758 πάρεστιν
3115 2694 3248 2764 ἡμῖν
3312 2698 3544 2762 ἅπαντα,
3593 2701 3705 2754 είτε
3743 2705 3837 2774 μή.

2275 2771 2511 2837 Ἐκεῖνος
2545 2775 2651 2844 γὰρ
2682 2777 2826 2844 ἅπαξ
2855 2779 3053 2835 ἔδωκεν
3084 2783 3322 2854 ἅπαντα,
3348 2789 3443 2842 καὶ
3470 2791 3622 2843 οὐδὲν
3657 2771 3838 2864 ἀφῆκε

2265 2865 2395 2930 παρ’
2422 2865 2620 2935 ἑαυτῷ.
2649 2869 2755 2921 Καὶ
2779 2871 2937 2926 τοῦτο
2987 2875 3142 2940 εἰδὼς
3164 2881 3192 2934 6
3214 2882 3482 2952 μακάριος
3522 2886 3840 2951 ’Δπόστολος

2264 2955 2516 3044 ἐκέλευσε
2543 2957 2755 3012 πάντων
2777 2961 2940 3018 ἓνεκα
2961 2967 3326 3039 εὐχαριστεῖν,
3345 2976 3574 3044 γράφων
3595 2995 3606 3007 ·
3641 2998 3660 3030 ι
3693 2979 3838 3033 Πάν⁸

595 3040 837 3095 tionibus
872 3044 1192 3098 memoriam
1235 3043 1517 3114 facientes,
1551 3066 1580 3105 a
1644 3055 1939 3125 gratiarum
1987 3062 2161 3117 actio-

2263 3063 2383 3100 τοτε
2414 3037 2665 3121 χαίρετε,
2699 3055 2757 3108 ὲν
2791 3057 2953 3110 παντὶ
2984 3037 3396 3129 εὐχαριστεῖτε,
3433 3037 3701 3126 ι-Τούτου
3737 3075 3835 3141 χά·

591 3145 716 3183 nem
759 3131 1004 3186 omnium
1034 3141 1616 3198 commemorationem
1661 3145 1914 3216 facimus,
1950 3151 2066 3208 sive
2100 3170 2164 3210 ea

592 3221 752 3276 nobis
776 3221 961 3278 adsint
990 3224 1106 3280 sive
1139 3243 1249 3282 non
1279 3229 1482 3287 adsint.
1523 3233 1618 3291 Ille
1651 3237 1795 3292 enim
1823 3243 1990 3298 semel
2015 3244 2166 3301 dedit

590 3314 798 3378 omnia,
849 3324 904 3370 et
939 3318 1083 3386 apud
1128 3334 1188 3376 se
1236 3322 1374 3378 nihil
1421 3325 1662 3395 reliquit.
1717 3330 1786 3384 Et
1829 3333 1934 3388 hoc
1981 3337 2164 3394 sciens

589 3403 784 3462 beatus
818 3405 1022 3464 Paulus
1068 3408 1234 3479 jussit
1283 3430 1381 3483 pro
1427 3419 1684 3474 omnibus
1727 3423 1934 3491 gratias
1981 3441 2162 3497 agere,

590 3499 887 3555 scribens:
927 3518 946 3553 ι
976 3501 1204 3572 Semper
1245 3506 1496 3575 gaudete,
1545 3509 1601 3562 in
1651 3512 1907 3571 omnibus
1958 3520 2162 3586 gratias

589 3590 754 3659 agite.
784 3610 802 3643 ι
838 3590 950 3648 Hac
991 3595 1059 3648 de
1100 3610 1264 3648 causa
1311 3597 1764 3666 perfectissimam
1794 3615 1846 3658 et
1878 3611 2164 3668 exactissi-

590 3694 736 3733 mam
788 3692 1031 3737 nostram
1074 3699 1200 3739 cum
1256 3687 1366 3742 Deo
1418 3691 1878 3762 collocutionem,
1921 3704 2161 3770 mysterii

591 3773 997 3828 communionis
1047 3775 1496 3844 celebrationem,
1560 3783 1615 3837 in
1677 3800 1784 3854 quo
1829 3791 2159 3850 mentionem

591 3860 845 3926 iacimus,
882 3877 990 3918 non
1024 3864 1189 3932 hujus
1215 3868 1299 3922 vel
1335 3869 1484 3926 illius
1518 3875 1727 3943 gratiae,
1761 3879 1854 3934 sed
1889 3884 2158 3952 omnium,

593 3961 652 4004 ut
691 3953 858 4007 semel
903 3953 1105 4023 dicam,
1139 3958 1232 4013 Dei
1269 3960 1557 4027 bonorum,
1598 3975 1653 4020 et
1691 3983 1812 4036 quae.
1843 3980 1966 4027 actu
2003 3976 2160 4033 nobis

589 4051 718 4097 sunt
751 4053 805 4098 et
837 4043 1022 4103 futura
1049 4058 1201 4118 sunt,
1235 4048 1663 4124 Eucharistiam,
1697 4057 1801 4115 hoc
1825 4069 1928 4130 est,
1961 4065 2163 4134 gratia-

588 4151 712 4189 rum
761 4137 1055 4204 actionem,
1101 4144 1386 4202 nominare
1415 4157 1534 4202 erat
1565 4163 2018 4220 consentaneum,
2050 4173 2158 4213 non

589 4239 654 4278 ex
690 4225 758 4280 iis
793 4244 914 4296 qua:
946 4230 1000 4283 in
1031 4231 1250 4287 miseria
1284 4247 1567 4293 versantes
1607 4248 1661 4293 et
1708 4255 1826 4295 eam
1861 4242 2158 4312 imploran-

590 4322 672 4368 tes
705 4330 987 4384 rogamus,
1032 4321 1125 4376 sed
1165 4338 1233 4378 ex
1282 4324 1350 4380 iis
1393 4339 1514 4394 quae
1558 4317 1785 4383 Deus'in
1825 4345 1924 4386 nos
1945 4334 2158 4390 confert

589 4405 902 4472 beneflciis;
953 4424 1051 4462 nec
1103 4425 1169 4464 ex
1199 4423 1388 4468 nostra
1419 4427 1759 4485 paupertate,
1799 4421 1892 4474 sed
1925 4438 1990 4476 ex
2019 4425 2156 4480 divi-
2189 4399 2233 4454 θ

591 4494 687 4548 tiis
727 4495 874 4552 illius
919 4498 1293 4563 benignitatis.
1323 4503 1462 4570 Quia
1501 4508 1644 4561 enim
1693 4508 1746 4564 in
1787 4526 1851 4566 ea
1883 4512 1993 4570 Deo
2021 4532 2156 4588 sup-

591 4586 878 4655 plicamus,
906 4598 960 4644 et
982 4591 1186 4660 gratias
1209 4596 1419 4664 agimus
1442 4613 1455 4649 :
1483 4599 1575 4652 sed
1601 4602 1902 4670 gratiarum
1937 4586 2156 4676 quidem

590 4679 734 4733 actio
786 4678 880 4734 Dei
909 4697 1047 4752 opus
1071 4691 1174 4748 est,
1208 4693 1268 4738 ut
1301 4685 1506 4742 dictum
1530 4701 1643 4757 est;
1674 4694 2001 4763 supplicatio
2031 4715 2158 4755 vero

591 4761 852 4824 humana:
882 4770 1274 4830 imbecillitatis
1301 4793 1314 4830 :
1351 4787 1403 4832 et
1425 4779 1724 4849 gratiarum
1745 4761 1967 4852 quidem
1992 4791 2155 4856 actio,

593 4871 814 4928 propter
854 4863 1041 4932 plura;
1092 4867 1421 4936 supplicatio
1463 4887 1614 4937 vero,
1643 4889 1742 4942 pro
1779 4878 2148 4944 paucioribus.

594 4951 686 5004 Illa
729 4954 873 5008 enim
906 4966 1128 5026 propter
1169 4960 1375 5024 omnia,
1423 4970 1482 5016 ut
1527 4965 1693 5017 semel
1734 4965 1934 5032 dicam,
1969 4969 2152 5026 bona:

595 5039 708 5092 haec
753 5055 902 5104 vero,
955 5044 1010 5096 in
1064 5047 1373 5113 nonnullis;
1430 5057 1712 5117 propterea
1763 5057 2045 5122 oportebat
2088 5074 2154 5115 ex

596 5130 913 5186 melioribus
941 5143 996 5189 et
1029 5137 1277 5203 pluribus
1303 5139 1354 5194 ei
1386 5142 1607 5195 nomine
1653 5142 1932 5213 imposito,
1962 5151 2150 5218 appel—

595 5219 708 5271 lare
764 5221 1159 5282 Eucharistiam
1195 5230 1288 5300 (ita
1345 5232 1490 5287 enim
1533 5232 1697 5286 etiam
1741 5236 1903 5290 homo
1952 5239 2152 5296 dicitur

592 5307 796 5361 animal
843 5310 1054 5368 ratione
1099 5319 1407 5385 praeditum,
1442 5320 1568 5375 licet
1594 5322 1667 5377 sit
1704 5324 1937 5394 alicujus
1979 5332 2151 5398 parti-

591 5415 724 5469 ceps
755 5401 900 5469 quod
935 5415 1086 5459 caret
1114 5409 1346 5479 ratione,
1372 5415 1552 5484 utqui
1583 5432 1612 5471 a
1641 5417 1854 5472 meliori
1888 5429 1940 5472 et
2007 5437 2091 5474 ma

593 5494 856 5559 ostendit,
889 5491 1154 5554 Dominus
1187 5513 1376 5560 noster
1404 5505 1563 5565 Jesus
1590 5509 1864 5576 Christus,
1895 5527 2004 5566 non
2037 5531 2082 5568 SI

2267 3159 2352 3210 ριν
2379 3145 2478 3216 τὴν
2501 3149 2857 3222 τελειωτάτην
2879 3154 2970 3207 καὶ
2990 3156 3393 3230 ἀκριϐεστάτην
3421 3162 3556 3230 πρὸς
3583 3163 3716 3217 Θεὸν
3739 3164 3835 3235 τὴν

2264 3233 2518 3302 ὁμιλίαν,
2567 3240 2665 3312 τὴν
2728 3243 2831 3313 τῆς
2882 3249 3164 3312 κοινωνίας
3212 3249 3455 3323 τελετὴν,
3507 3255 3566 3307 tv
3611 3249 3645 3328 ᾖ
3705 3233 3838 3327 μνή-

2268 3327 2612 3399 μονεύομεν,
2667 3334 2727 3386 οὐ
2786 3337 3031 3409 ταύτης,
3086 3345 3119 3410 ἦ
3168 3342 3388 3412 ἐκείνης
3433 3345 3528 3414 τῆς
3573 3327 3836 3418 χάριτος.

2269 3414 2406 3471 ἀλλὰ
2450 3421 2670 3477 πάντων
2729 3426 2915 3492 ἁπλῶς
2971 3430 3080 3482 τῶν
3133 3433 3197 3484 ὲκ
3252 3434 3388 3487 Θεοῦ
3442 3414 3688 3504 ἀγαθῶν,
3749 3414 3839 3494 καί.

2265 3505 2436 3562 ὄντων
2478 3513 2612 3581 ἡμῖν
2665 3516 2917 3590 ἐνεργείᾳ
2967 3521 3062 3574 καὶ
3117 3523 3412 3591 ἐσομένων,
3471 3527 3838 3598 Εὐχαριστίαν

2263 3599 2551 3668 ὀνομάζειν
2601 3606 2749 3671 είκὺς
2801 3605 2893 3676 ἦν,
2926 3612 3026 3666 οὐκ
3085 3613 3145 3678 ἐξ
3197 3608 3272 3668 ὧν
3320 3617 3478 3686 ἡμεῖς
3514 3619 3838 3693 δυστυχοῦν-

2262 3705 2350 3754 τες
2396 3692 2647 3763 δεόμεθα,
2698 3699 2990 3767 καλοῦντες
3030 3706 3218 3778 αὐτὴν,
3273 3705 3389 3762 ἀλλ’
3451 3712 3508 3779 ἐξ
3560 3707 3637 3767 ὧν
3689 3718 3835 3788 ἡμᾶς

2261 3780 2288 3830 6
2338 3781 2468 3845 Θεὸς
2504 3787 2806 3858 εὐεργετεῖ,
2855 3795 2967 3848 οὐδ’
2995 3798 3104 3851 ἀπὸ
3145 3801 3244 3869 τῆς
3311 3807 3583 3878 ἡμετέρας
3623 3780 3833 3878 πενίας,

2259 3872 2374 3925 ἀλλ’
2424 3876 2533 3931 ἀπὸ
2602 3880 2696 3934 τοῦ
2751 3884 2982 3940 πλούτου
3031 3891 3130 3960 τῆς
3178 3872 3387 3950 ἐκείνου
3441 3872 3829 3972 χρηστότητοςί

2271 3961 2424 4016 Ἐπεὶ
2455 3967 2564 4037 γὰρ
2593 3972 2684 4023 καὶ
2714 3973 3027 4048 ἱκετεύομεν
3055 3982 3112 4036 ὲν
3143 3985 3278 4055 αὐτῇ
3310 3989 3398 4041 τὸν
3617 3961 3714 4047 καί
3740 3961 3834 4047 εύ-

2260 4059 2653 4152 χαριστοῦμεν,
2690 4065 2808 4119 ἀλλ’
2837 4071 2869 4138 ή
2901 4070 3001 4138 μὲν
3028 4074 3351 4145 εὐχαριστία
3375 4081 3511 4134 Θεοῦ
3541 4083 3722 4152 ἔργον,
3756 4087 3834 4149 ὡς

2258 4144 2474 4240 εἴρηται
2495 4168 2509 4182 ’
2532 4154 2564 4222 ή
2585 4155 2641 4206 δὲ
2670 4156 2849 4213 ίκεσία
2877 4163 2978 4232 τῆς
3009 4165 3356 4240 ἀνθρωπίνης
3387 4144 3832 4237 adestis-idolium

2259 4236 2292 4306 ῄ
2341 4239 2440 4307 μὲν
2475 4244 2796 4316 εὐχαριστία
2828 4253 2921 4306 ἐπὶ
2967 4256 3230 4325 πλείοσιν,
3266 4236 3320 4332 εἰ⁷
3352 4264 3409 4317 δὲ
3459 4265 3834 4342 ίκεσίαύπὲρ

2260 4329 2559 4387 ἐλαττόνων
2581 4353 2596 4368 ο
2633 4340 2664 4409 ή
2705 4340 2804 4408 μὲν
2840 4345 2948 4415 γὰρ
2983 4348 3074 4402 ἐπὶ
3104 4353 3268 4405 πᾶσιν
3290 4329 3482 4421 ’ἅπλῶς
3514 4360 3762 4428 ἀγαθοῖς,

2259 4422 2315 4474 δὲ
2362 4424 2450 4476 ἔπ’
2502 4427 2659 4482 ἐνίων
2694 4445 2708 4458 ·
2747 4431 2836 4485 διὰ
2870 4435 3025 4490 τοῦτο
3067 4441 3174 4494 ἀπὸ
3217 4444 3326 4498 τῶν
3375 4450 3701 4518 κρειττόνων
3737 4454 3831 4507 καὶ

2261 4516 2526 4571 πλειόνων
2571 4519 2676 4574 ἔδει
2717 4523 2958 4596 τοῦνομα
3004 4531 3138 4602 αὐτῇ
3183 4516 3440 4604 θεμένους
3478 4542 3829 4611 εὐχαριστίαν

2259 4609 2550 4680 ὀνομάζειν
2604 4613 2767 4684 (οὕτω
2799 4620 2908 4692 γὰρ
2953 4625 3048 4676 καὶ
3082 4625 3110 4676 6
3139 4626 3423 4696 ἄνθρωπος
3454 4609 3667 4700 λογικὸν
3693 4635 3829 4699 ζῶον

2259 4698 2496 4767 λέγεται,
2535 4705 2628 4756 καί
2657 4723 2739 4760 τοι
2769 4709 2867 4762 καὶ
2897 4713 3096 4780 ἀλόγου
3131 4719 3272 4780 τινὸς
3309 4698 3570 4794 μετέχων,
3602 4698 3828 4780 ἀπὸτοῦ

2263 4792 2573 4860 κρείττονος
2610 4798 2708 4849 καὶ
2740 4800 2986 4868 μείζονος
3015 4806 3214 4876 μέρους
3245 4792 3620 4882 καλούμενος),
3655 4816 3831 4880 ἄλλως

2263 4881 2307 4932 0‘
2342 4883 2423 4934 ὅτι
2465 4885 2492 4936 6
2537 4886 2754 4953 πρῶτος
2786 4893 2956 4964 αὐτὴν
2988 4899 3329 4967 καταδείξας,
3371 4906 3400 4957 6
3432 4905 3636 4976 Κύριος
3671 4910 3830 4979 ημῶν

2261 4968 2468 5039 Ἰησοῦς
2481 4975 2735 5044 Χριστὸς,
2753 4981 2850 5050 οὐχ
2870 4984 3143 5051 ἱκετεύων,
3158 4989 3294 5043 ἀλλὰ
3311 4992 3473 5061 μόνον
3489 4997 3829 5068 εὐχαριστῶν

2261 5060 2337 5129 τῷ
2374 5062 2583 5131 Πατρὶ,
2619 5075 2822 5140 ταύτην
2852 5073 3067 5129 ἐτέλεσε
3110 5080 3204 5132 καὶ
3235 5060 3518 5152 παρέδωκε
3679 5090 3830 5143 τελε·-

2261 5155 2501 5234 τήνέκαὶ
2526 5157 2716 5212 τούτου
2746 5163 2902 5232 χάριν
2934 5167 2965 5238 ἠ
3004 5167 3312 5241 Ἐκκλησία,
3333 5175 3468 5247 ὅπερ
3499 5178 3668 5234 οὖσαν
3692 5199 3830 5252 παρ⁹

2261 5245 2447 5298 ἐλαϐεν
2468 5249 2656 5320 αὐτὴν,
2683 5253 2840 5308 τοῦτο
2871 5258 3046 5326 καλεῖ,
3075 5245 3823 5341 εὐχαριστίαννόνομὰζουσα.

2263 5337 2370 5390 Kal.
2399 5339 2570 5392 ταῦτα
2607 5343 2704 5411 μὲν
2738 5347 2816 5410 εἰς
2845 5349 3120 5408 τοσοῦτον.

2093 5423 2198 5491 jort
2277 5439 2426 5494 parte
2476 5437 2748 5506 vocetur).
2792 5420 2846 5493 εί
2902 5443 3138 5500 maxime
3185 5447 3311 5515 quia
3361 5453 3573 5519 primus
3627 5459 3718 5525 qui
3769 5455 3823 5510 id

2089 5516 2377 5584 Ipplicans,
2411 5526 2504 5577 sed
2543 5528 2718 5583 solum
2752 5529 2900 5587 Patri
2932 5551 3101 5605 agens
3167 5516 3391 5608 gratias,
3455 5547 3563 5601 hoc
3627 5516 3826 5620 myste-

595 5587 736 5640 rium
760 5588 969 5659 peregit
989 5597 1042 5645 et
1067 5592 1287 5649 tradidit
1310 5613 1324 5651 :
1351 5607 1405 5654 et
1427 5615 1490 5655 ea
1521 5603 1589 5659 de
1613 5618 1805 5672 causa,
1838 5605 1985 5675 quod
2020 5607 2152 5662 illud
2193 5625 2314 5665 esse
2365 5617 2595 5686 accepit,
2643 5622 2743 5677 hoc
2781 5587 2996 5692 vocat:
3035 5587 3429 5689 Euclraristiam
3505 5587 3827 5698 non-in’ans.

599 5677 663 5732 Et
695 5680 809 5737 haec
837 5683 1054 5753 quidem
1089 5686 1378 5748 hactenus.
