4158 6306
352 346 455 409 439

945 457 1192 509 ΚΕΦᾹΔ.
1227 452 1345 509 Nl".

351 572 491 640 Περὶ
517 568 625 637 τῆς
651 569 747 649 ἐπί
783 566 855 638 τῇ
886 573 1160 649 κοιινωξοίςι
1191 568 1313 649 τῶν·
1337 571 1687 649 μυςτηρίων
1722 569 1933 649 κρινῇς

420 638 835 709 εὐχαριστίας,
872 639 988 709 iam!
1024 638 1141 693 τῶν
1184 639 1336 707 πρὸς
1383 638 1464 704 τῷ
1518 640 1673 693 τέλει
1708 639 1816 707 τῆς
1855 639 1932 694 la-

418 708 708 780 ρουργίας
740 708 960 779 εὐχῶν.

442 824 498 874 Ὀ
534 820 587 873 δὲ
627 821 810 890 ἱερεὺς
843 821 970 884 τοὺς
1004 821 1409 889 μεταλαϐόντας
1442 821 1552 876 τῶν
1585 820 1930 890 μυστηρίων,

368 914 498 980 ὑπὲρ
552 914 651 980 τῆς
705 914 1089 984 μεταλήψεως,
1148 918 1542 988 εὐχαριστῆσαι
1596 915 1810 969 κελεύει
1857 914 1934 983 τῷ

362 1005 641 1075 μεταδόντι
665 1006 789 1077 Θεῷ
812 1022 826 1036 ο
858 1007 955 1060 καὶ
984 1006 1142 1061 τοῦτο
1176 1009 1236 1062 οὐ
1267 1010 1581 1082 παρέργως,
1615 1008 1734 1063 οὐδὲ
1767 1006 1933 1078 ῥᾳθύ-

356 1115 491 1166 μως,
530 1097 671 1150 ἀλλὰ
705 1100 838 1167 μετὰ
881 1099 1142 1169 σπουδῆς.
1179 1100 1350 1154 Τοῦτο
1396 1102 1504 1172 γὰρ
1546 1101 1795 1172 βούλεται
1850 1098 1933 1162 τὸ,

357 1210 375 1241 ι
399 1190 603 1257 Ὀρθοὶ,
634 1211 653 1242 ι
693 1192 794 1245 οὐκ
820 1193 1217 1263 ἀνακειμένους
1245 1194 1365 1248 οὐδὲ
1398 1196 1763 1265 καθημένους,
1797 1191 1935 1245 ἀλλὰ

349 1282 445 1334 καὶ
469 1280 651 1351 ψυχὴν
670 1282 764 1335 καὶ
794 1282 951 1352 σῶμα
1001 1283 1139 1353 πρὸς
1189 1285 1351 1338 αὑτὸν
1404 1285 1770 1350 ἀτενίζοντας.
1801 1280 1934 1338 Εἶτα

347 1373 414 1444 δὴ
444 1375 540 1427 καὶ
568 1373 737 1428 τᾶλλα
764 1374 832 1428 τὰ
864 1375 1096 1429 είωθότα
1136 1375 1230 1428 τοῦ
1263 1376 1398 1429 Θεοῦ
1434 1375 1701 1447 δεηθῆναι
1736 1392 1934 1445 παραι·

348 1464 547 1526 νέσας,
580 1463 748 1527 ἔξεισι
790 1463 885 1517 τοῦ
922 1465 1350 1536 θυσιαστηρίου,
1385 1468 1479 1519 καὶ
1512 1467 1642 1527 στὰς
1686 1466 1792 1535 τιρρ
1827 1465 1935 1518 τῶν

349 1554 564 1625 θυρῶν,
627 1555 996 1622 ἀναγινώσκει
1063 1556 1162 1627 τὴν
1222 1557 1365 1624 ὑπὲρ
1424 1558 1683 1611 ἁπάντων
1743 1558 1931 1626 εὐχήν.

361 1648 632 1702 Ἐνταῦθα
670 1649 729 1702 δὲ
765 1650 943 1703 έκεῖνο
978 1652 1427 1721 ἐπισημήνασθαι
1458 1652 1589 1723 χρὴ,
1632 1653 1750 1715 πῶς
1796 1652 1936 1722 μετὰ

349 1741 449 1811 τὴν
481 1742 815 1812 ἱερουργίαν,
834 1744 928 1796 καὶ
958 1742 1057 1814 τὴν
1086 1744 1178 1795 ἐπὶ
1204 1743 1376 1816 ταύτῃ
1404 1744 1737 1812 δοξολογίαν,
1764 1744 1840 1807 ὡς
1868 1744 1932 1813 δὴ
1966 1791 2008 1845 Β

351 1836 460 1886 τῶν
495 1838 573 1896 είς
607 1836 667 1887 τὸ
695 1834 848 1887 Θεϊον
864 1837 1229 1905 ὀφειλομένων
1254 1836 1617 1890 τελεσθέντων
1650 1837 1929 1901 ἁπάντων,

352 1924 541 1994 ῶσπερ
570 1924 823 1978 ἀπολύων
844 1927 1035 1979 ἑαυτὸν
1056 1929 1153 1997 τῆς
1178 1927 1316 1998 μετὰ
1339 1926 1432 1981 τοῦ
1453 1912 1597 1982 ’Θεοῦ
1622 1928 1929 1994 συνουσίας,

355 2018 449 2067 καὶ
479 2015 574 2067 τοῦ
622 2015 791 2085 ὕψους
821 2018 1067 2085 ἐκείνου,
1102 2019 1182 2081 είς
1224 2020 1334 2071 τῶν
1383 2017 1687 2087 ἀνθρώπων
1715 2017 1933 2087 ὁμιλίαν

356 2102 609 2171 φαίνεται
644 2105 785 2158 κατὰ
826 2105 1024 2174 μικρὸν
1057 2106 1436 2161 καταϐαίνωνο
1473 2109 1568 2161 καὶ
1594 2107 1754 2161 τοῦτο
1788 2108 1928 2175 ίερο-

353 2196 604 2265 πρεπῶς.
636 2196 745 2249 Καὶ
772 2197 879 2266 γὰρ
909 2198 1200 2267 εὐχόμενος
1232 2199 1392 2252 τοῦτο
1426 2202 1601 2252 ποιεί⁹
1633 2200 1729 2254 καὶ
1756 2200 1785 2252 ὁ
1810 2200 1934 2271 τρό-

356 2303 454 2350 πυς
480 2289 578 2355 τῆς
614 2289 779 2359 εὐχῆς
806 2290 898 2343 καὶ
925 2293 954 2344 ὁ
980 2291 1142 2354 τόπος
1171 2291 1447 2347 δείκνυσιν
1474 2294 1638 2348 αὐτὸν
1668 2292 1933 2347 καταϐαί-

354 2396 533 2433 νοντα.
557 2380 829 2451 Πρότερον
856 2383 955 2452 μὲν
982 2384 1090 2453 γὰρ
1109 2384 1258 2438 ἔνδον
1278 2384 1372 2439 τοῦ
1395 2384 1804 2455 θυσιαστηρίου,
1836 2384 1932 2438 καὶ

246 2491 259 2503 ·
354 2467 441 2538 ἐφ’
487 2469 706 2537 ἑαυτοῦ,
745 2473 975 2543 μηδενὸς
1001 2474 1316 2541 ἀκούοντος,
1368 2477 1463 2530 καὶ
1511 2475 1649 2547 πρὸς
1681 2476 1771 2529 τὸν
1799 2474 1933 2528 Θεὸν

355 2565 774 2634 ἀποτεινόμενος
798 2565 1019 2638 εὔχεται
1041 2583 1056 2599 ⁶
1075 2569 1170 2621 νῦν
1184 2569 1242 2623 δὲ
1267 2568 1360 2622 τοῦ
1380 2554 1765 2638 θυσιαστηρίου
1788 2567 1934 2632 ἐξελ-

356 2656 488 2721 θὼν,
542 2661 635 2711 καὶ
694 2660 790 2713 τοῦ
847 2658 1088 2731 πλήθους
1141 2661 1306 2732 μέσος
1358 2660 1671 2730 γενόμενος,
1716 2659 1934 2713 πάντων

355 2750 688 2816 ἀκουόντων,
740 2752 837 2823 τὴν
871 2753 1012 2823 ὑπὲρ
1055 2753 1155 2823 τῆς
1196 2752 1548 2823 Ἐκκλησίας,
1581 2751 1676 2804 καὶ
1714 2752 1933 2805 πάντων

352 2843 462 2897 τῶν
500 2844 712 2896 πιστῶν
755 2844 940 2915 κοινὴν
993 2847 1230 2899 ποιεῖται
1269 2845 1477 2916 δέησιν.
1528 2842 1661 2899 Εἶτα
1707 2847 1801 2898 καὶ
1842 2845 1934 2899 τὸν

356 2935 795 3006 προσενεχθέντα
822 2935 1009 3007 ἄρτον,
1040 2936 1101 3002 ἐξ
1128 2932 1189 2991 οὗ
1221 2938 1317 2991 τὸν
1350 2935 1492 3008 ἱερὸν
1526 2938 1800 3007 ἀπέτεμεν
1831 2937 1932 3008 ἄρ-

351 3045 467 3090 τον,
499 3029 580 3091 εἰς
626 3029 795 3083 πολλὰ
822 3029 1036 3095 διελὼν,
1078 3031 1398 3101 μεταδίδωσι
1430 3033 1544 3093 τοῖς
1577 3033 1790 3093 πιστοῖς
1810 3073 1827 3096 ,
1858 3033 1932 3093 ὡς

1540 348 1939 413 LITURGME
1980 348 2408 415 EXPOSITIO.

3414 406 3431 419 ς.
3492 362 3600 427 ιθο

2673 458 2820 514 CAP.
2861 456 2992 513 ΜΗ.

2044 565 2115 618 De
2182 586 2439 622 communi
2515 588 2725 641 propter
2777 586 3232 631 sacramentorum
3289 589 3613 640 communio-

2199 654 2310 690 n’ent
2338 643 2630 709 gratiarum
2653 645 2880 712 actione,
2909 655 2957 698 et
2986 648 3175 700 ultima
3206 651 3463 708 oratione.

2112 836 2384 895 Sacerdos
2407 851 2586 898 autem
2620 862 2715 903 eos
2738 851 2829 921 qui
2852 868 2978 908 sunt
2995 868 3467 918 sacramentorum
3486 880 3613 935 par-

2039 926 2232 998 ticipes
2270 969 2286 996 ,
2312 947 2411 1002 pro
2453 938 2873 1008 participatione
2901 946 3058 1014 jubet
3093 963 3253 1021 agere
3278 926 3612 1023 gratias-Deo

2037 1019 2128 1087 qui
2199 1022 2446 1091 impertit
2476 1068 2489 1090 ,
2524 1028 2687 1099 idque
2730 1050 2836 1089 non
2881 1039 3059 1094 otiose
3084 1081 3097 1104 ,
3135 1019 3315 1113 neque
3349 1048 3526 1103 obiter
3560 1059 3613 1105 et

2038 1113 2365 1182 socorditer,
2406 1126 2500 1173 sed
2541 1130 2747 1179 attente
2784 1137 2839 1181 et
2867 1129 3173 1199 diligenter.
3202 1134 3314 1192 Hoc
3340 1141 3484 1195 enim
3508 1143 3613 1197 sibi

2037 1203 2152 1257 vult
2182 1205 2336 1268 illud,
2390 1213 2550 1269 erecti
2578 1231 2590 1266 :
2621 1235 2640 1268 ι
2678 1232 2783 1272 non
2809 1219 3075 1289 jacentes,
3098 1241 3201 1281 nec
3221 1230 3491 1297 sedentes,
3520 1237 3637 1290 sed-

2039 1295 2280 1352 animam
2337 1310 2391 1355 et
2438 1319 2638 1375 corpus
2668 1310 2733 1364 ad
2768 1311 2945 1380 ipsum
2997 1315 3362 1376 intendentes.
3410 1295 3614 1381 Deinde

2041 1401 2161 1440 cum
2204 1389 2309 1445 alia
2354 1409 2571 1464 quoque
2626 1415 2746 1469 quae.
2801 1419 3227 1474 consueverunt,
3253 1412 3424 1469 Deum
3455 1433 3612 1474 orare

2041 1481 2253 1548 suasit,
2289 1489 2565 1553 egreditur
2622 1493 2692 1549 ab
2721 1495 2899 1560 altari,
2921 1511 2977 1553 et
3015 1511 3166 1558 stans
3196 1516 3322 1561 ante
3346 1508 3513 1574 fores,
3543 1513 3612 1567 leo

2042 1570 2119 1640 git
2144 1589 2265 1641 quae
2290 1578 2346 1629 lit
2376 1595 2472 1647 pro
2499 1586 2754 1642 omnibus
2789 1592 3113 1648 orationem.
3150 1595 3248 1651 Hic
3279 1610 3458 1655 autem
3481 1604 3612 1659 illud

2042 1667 2340 1721 notandum
2402 1682 2508 1737 est,
2560 1682 2833 1746 quomodo
2865 1694 2987 1754 post
3013 1689 3369 1756 sacrificium,
3401 1705 3456 1749 et
3493 1714 3613 1765 quae

2042 1754 2100 1805 ﬁt
2159 1770 2379 1828 propter
2427 1763 2600 1830 ipsum
2639 1772 3111 1844 gloriﬁcatiouem,
3150 1791 3408 1852 tanquam
3438 1792 3613 1843 omni—

2038 1842 2139 1899 bus
2201 1864 2322 1917 quae
2381 1852 2488 1910 Deo
2519 1858 2862 1918 debebantur
2900 1842 3158 1936 peractis.
3188 1842 3313 1929 cuin
3338 1878 3447 1932 Deo
3480 1894 3613 1935 cnn-

2036 1945 2396 1997 vcrsalionem
2434 1957 2536 2011 ,et
2595 1951 2740 2007 illam
2803 1957 3146 2017 altitudinem
3217 1967 3383 2022 veluti
3445 1973 3610 2026 relin-

2035 2041 2208 2095 quens
2247 2072 2260 2091 .
2298 2034 2366 2088 ad
2398 2035 2677 2095 hominum
2729 2045 3115 2106 allocutionem
3173 2053 3389 2111 videtur
3423 2062 3610 2128 paula-

2037 2119 2132 2172 tim
2163 2123 2493 2182 descendere
2533 2170 2548 2194 ,
2582 2132 2745 2203 idque
2775 2152 2988 2205 sancte,
3017 2154 3071 2197 et
3095 2152 3154 2199 ut
3179 2145 3334 2204 decet
3357 2155 3609 2206 εοεαε-ιιοσ

2037 2217 2163 2261 tem.
2200 2214 2411 2269 Etenim
2482 2237 2651 2278 orans
2711 2226 2816 2281 hoc
2844 2230 2993 2296 facit,
3024 2244 3078 2288 et
3109 2237 3307 2293 modus
3341 2243 3608 2298 orationis

2034 2309 2084 2351 et
2117 2300 2266 2358 locus
2321 2312 2561 2367 ostendit
2615 2329 2737 2369 emn
2773 2320 3124 2378 descendere.
3156 2327 3316 2384 Prius
3347 2332 3494 2386 enim
3539 2338 3608 2388 ad

2036 2391 2207 2450 altare
2239 2435 2254 2460 ,
2280 2405 2334 2452 et
2356 2403 2496 2470 apud
2550 2420 2610 2460 se
2640 2446 2655 2471 ,
2687 2422 2739 2462 et
2769 2412 2919 2467 nullo
2949 2415 3224 2484 audiente,
3260 2430 3313 2475 et
3337 2424 3404 2476 ad
3440 2423 3606 2481 Deum

2037 2488 2297 2556 intentus,
2317 2505 2471 2562 orat;
2497 2515 2644 2556 nunc
2662 2513 2867 2573 autem,
2898 2507 2965 2561 ab
2987 2510 3145 2565 altari
3179 2528 3453 2584 egre~sus,
3473 2529 3525 2573 et
3553 2521 3610 2574 in

2037 2582 2217 2637 medio
2282 2588 2463 2656 p0puli
2489 2592 2793 2659 exsistens,
2824 2600 3079 2656 omnibus
3105 2582 3473 2676 audientibus,
3512 2628 3611 2678 pro

2036 2670 2279 2730 Ecclesia
2336 2688 2391 2733 et
2419 2683 2677 2741 omnibus
2764 2688 3019 2746 ﬁdelibus
3068 2710 3415 2753 communem
3461 2670 3611 2757 ἰεὶυει

2037 2765 2361 2823 orationem.
2411 2769 2611 2829 Deinde
2664 2777 2827 2832 etiam
2882 2782 3122 2837 oblatum
3155 2802 3371 2856 panem,
3407 2806 3469 2844 ex
3500 2809 3611 2862 quo

2037 2869 2256 2912 sacrum
2316 2875 2513 2930 panem
2560 2866 2818 2933 abscidit,
2891 2874 2943 2927 in
2979 2877 3145 2931 multa
3176 2878 3409 2935 divisum
3447 2885 3612 2937 tradit

2042 2947 2309 3016 ﬁdelibus,
2380 2962 2438 3010 ut
2501 2959 2593 3027 qui
2650 2974 2873 3019 sanctus
2908 2966 2999 3031 sit,
3043 2983 3109 3022 eo
3135 2972 3277 3039 quod
3310 2971 3416 3026 Deo
3451 2972 3613 3031 fuerit

2038 3041 2318 3101 dedicatus
2345 3057 2401 3102 et
2444 3049 2700 3108 oblatus:
2735 3055 2810 3109 illi
2871 3068 3050 3113 autem
3116 3076 3242 3116 cum
3276 3067 3424 3119 omni
3451 3083 3609 3122 reve-

352 3119 509 3186 ἆγιον
552 3123 843 3190 γενόμενον
870 3122 1017 3191 αὐτῷ
1043 3121 1120 3192 τῷ
1148 3122 1474 3189 ἀνατεθῆναι
1500 3123 1620 3193 Θεῴ
1651 3123 1747 3174 καὶ
1777 3124 1932 3192 ίερω-

354 3209 408 3228 ιι-
917 3210 1093 3228 η...
1715 3210 1728 3228 ς
1857 3227 1860 3228 ,

2039 3135 2209 3189 rentia
2240 3139 2565 3206 suscipiunt,
2588 3153 2640 3196 et
2669 3145 2947 3201 dexteram
2971 3151 3380 3221 deosculantur,
3417 3168 3612 3228 utquzP.

353 3209 514 3278 θῆναι
536 3225 550 3240 ·
582 3212 632 3264 οἱ
660 3211 718 3264 δὲ
749 3214 846 3265 σὺν
878 3210 1134 3284 εὐλαὸείᾳ
1164 3212 1317 3282 πάσῃ
1340 3212 1610 3280 δέχονται,
1642 3210 1738 3264 καὶ
1771 3227 1936 3264 κατα.

352 3304 571 3373 φιλοῦσι
600 3304 700 3373 τὴν
734 3303 935 3371 δεξιὰν,
960 3305 1035 3367 ὡς
1068 3304 1135 3358 ἂν
1164 3306 1494 3376 προσφάτως
1520 3302 1811 3373 ἁψαμένην
1837 3302 1934 3376 τοῦ

351 3396 625 3465 παναγίου
663 3397 912 3466 σώματος
954 3397 1048 3450 τοῦ
1088 3398 1326 3461 Χριστοῦ
1371 3396 1647 3467 Σωτῆρος,
1693 3395 1786 3448 καὶ
1844 3394 1934 3448 τὸν

347 3488 561 3541 ἐκεῖθεν
606 3489 900 3558 ἀγιασμδν,
949 3490 1042 3541 καὶ
1093 3489 1405 3558 δεξάμενον,
1458 3489 1554 3541 καὶ
1609 3486 1933 3557 μεταδοῦναι

347 3583 468 3643 τοῖς
495 3581 729 3650 ψαύουσι
761 3583 1181 3653 πιστευομένην.
1225 3583 1314 3634 Ἐν
1343 3581 1586 3651 τοσούτῳ
1623 3581 1680 3633 δὲ
1715 3580 1811 3634 καὶ
1843 3579 1934 3632 τὸν

345 3674 527 3727 αἴτιον
557 3675 652 3727 καὶ
681 3675 917 3743 χορηγὸν
946 3676 1127 3737 αὐτοῖς
1161 3673 1270 3727 τῶν
1296 3673 1518 3741 ἀγαθῶν
1546 3675 1751 3725 τούτων
1786 3671 1934 3736 δοξο-

345 3784 607 3838 Αογουσι·
661 3767 758 3820 καὶ
793 3771 827 3841 ἡ
875 3766 1154 3834 δοξολογία
1200 3767 1299 3834 τῆς
1354 3762 1598 3833 Εραφῆς,
1650 3780 1668 3814 ι
1722 3762 1821 3831 Εἵη
1871 3761 1932 3814 τὸ

343 3864 527 3931 ὄνομα
582 3862 791 3932 Κυρίου
839 3856 1243 3927 εὐλογημένον,
1308 3874 1327 3905 ι
1381 3855 1474 3908 καὶ
1527 3855 1595 3908 τὰ
1648 3853 1801 3924 ἑξῆς·
1838 3855 1931 3906 καὶ

341 3954 515 4008 τοῦτο
546 3953 808 4015 πολλάκις
844 3951 1163 4020 βοήσαντες,
1193 3947 1406 4018 ψαλμὸν
1435 3946 1626 4000 ἔπειτα
1662 3943 1930 4011 ἀναγινώ-

347 4063 572 4107 omum,
603 4044 913 4112 δοξολογίας
940 4044 1034 4095 καὶ
1065 4038 1420 4109 εὐχαριστίας
1455 4036 1672 4106 μεστόν.
1703 4037 1797 4099 Τίς
1821 4037 1878 4089 δὲ
1908 4041 1935 4090 ό

341 4137 606 4206 deum”
641 4155 660 4188 ι
699 4136 993 4205 Εὐλογήσω
1023 4134 1114 4189 τὸν
1149 4132 1353 4203 Κύριον
1385 4131 1441 4183 ἐν
1483 4129 1645 4184 παντὶ
1674 4130 1871 4198 καιρῷ.
1909 4148 1927 4180 ι

338 4228 460 4285 Τοῦ
490 4229 546 4283 δὲ
569 4230 732 4302 ἄρτου
765 4228 1034 4297 δοθέντος,
1061 4229 1154 4281 καὶ
1182 4224 1275 4282 τοῦ
1305 4224 1525 4296 ψαλμοῦ
1564 4223 1930 4287 τελεσθέντος,

343 4324 576 4394 εὔχεται
612 4325 640 4376 ὁ
673 4324 850 4394 ἱερεὺς
902 4321 979 4393 τῷ
1023 4320 1217 4393 πλήθει
1249 4320 1351 4391 τὴν
1393 4319 1708 4372 τελευταίαν
1742 4319 1928 4388 εὐχὴν,

342 4423 410 4473 οὐ
453 4421 615 4487 μὶνον
645 4417 750 4481 ἔξω
776 4416 870 4470 τοῦ
906 4415 1291 4485 θυσιαστηρίου
1321 4414 1413 4467 καὶ
1450 4412 1666 4466 πάντων
1701 4413 1924 4465 ἀκουόνο

343 4531 490 4574 των,
526 4511 661 4565 ἀλλὰ
698 4510 796 4563 καὶ
832 4509 968 4579 πρὸς
1001 4508 1137 4562 αὐτὸ
1169 4508 1228 4560 τὸ
1264 4505 1465 4576 πλῆθος
1507 4505 1927 4573 ἀποτεινόμενος

344 4594 421 4657 id:
454 4603 677 4671 ῥήματα
703 4601 799 4669 τῆς
834 4598 1020 4669 εὐχῆς,
1056 4597 1278 4666 μείζονα
1339 4595 1432 4648 νῦν
1470 4594 1502 4664 ἦ
1538 4595 1803 4665 πρότερον
1839 4595 1924 4645 ὲν-

341 4693 704 4763 ὄεικνύμενος
747 4690 846 4761 τὴν
891 4688 1025 4760 πρὸς
1059 4688 1183 4752 τοὺς
1226 4687 1453 4750 πολλοὺς
1490 4687 1795 4740 κοινωνίαν.
1830 4686 1872 4736 Τ
1880 4685 1926 4747 ίς

341 4787 406 4841 δὲ
441 4786 475 4855 ἡ
504 4784 635 4854 εὐχή
660 4799 676 4846 ;
707 4782 827 4836 Ἵνα
851 4780 1164 4850 ἐλεηθέντες
1196 4779 1478 4847 σωθῶμεν,
1499 4776 1574 4840 ὡς
1605 4775 1757 4828 οὐδὲν
1778 4774 1927 4844 ἕχον-

344 4896 444 4940 τες
474 4874 689 4928 οἴκοθεν
719 4872 1051 4939 εἰσενεγκεῖν
1093 4870 1368 4938 σωτηρῖας
1403 4866 1469 4931 ξιξ
1492 4884 1551 4918 ον
1570 4905 1585 4929 ,
1622 4865 1757 4918 ἀλλὰ
1788 4865 1925 4933 πρὸς

346 4972 528 5044 μόνην
548 4968 859 5038 ἀφορῶντες
876 4966 975 5035 τὴν
997 4964 1093 5018 τοῦ
1121 4963 1289 5016 σῶσαι
1304 4961 1600 5030 δυναμένου
1627 4958 1818 5027 φιλανθ
1828 4974 1930 5028 ρω-

345 5065 511 5118 πίαν.
546 5063 643 5114 Διὰ
670 5058 832 5112 τοῦτο
864 5061 974 5128 γὰρ
1009 5059 1102 5110 καὶ
1143 5055 1353 5108 πολλῶν
1384 5052 1618 5104 ἐνταῦθα
1655 5051 1928 5121 μέμνηται

348 5154 664 5225 πρέσϐεων,
690 5151 797 5205 τῶν
826 5152 903 5214 εἰς
928 5150 1087 5203 τοῦτο
1112 5147 1487 5219 βοηθησόντων
1512 5145 1642 5214 ἡμῖν
1661 5161 1672 5172 ’
1701 5143 1795 5196 καὶ
1822 5140 1929 5209 πρὸ

343 5248 596 5310 πάντων,
617 5247 715 5313 τῆς
738 5243 1006 5309 παναγίας
1018 5242 1112 5295 τοῦ
1134 5240 1267 5294 Θεοῦ
1283 5237 1526 5309 Μητρὸς,
1547 5235 1612 5287 δι’
1630 5230 1695 5305 ἦς
1719 5236 1810 5287 καὶ
1830 5234 1926 5302 τὴν

342 5340 531 5407 ἀρχὴν
551 5333 1035 5406 ἐλεήθημεν.Τὸδέ
1063 5333 1344 5402 προοίμιον
1358 5330 1456 5398 τῆς
1480 5327 1666 5397 εὐχῆς,
1695 5324 1927 5395 Χριστὸς

339 5430 762 5498 ἀληθινὸςβεὸς
790 5429 919 5495 ἡμῖν
936 5444 948 5457 ·
972 5428 1033 5479 οὺ
1058 5425 1165 5477 τῶν
1188 5423 1357 5475 νόθων
1381 5417 1457 5482 εἷς
1485 5423 1575 5473 καὶ
1599 5419 1704 5470 τῶν
1725 5418 1929 5485 ψευδω-

341 5522 566 5589 νύμωνι
600 5519 693 5584 οὓς
732 5518 958 5583 πολλούς
993 5535 1120 5571 ποτε
1156 5516 1438 5582 ἐσέὸομεν,
1472 5510 1583 5564 ἀλλ’
1612 5509 1668 5561 ὃν
1702 5506 1927 5576 ὕστερον

346 5613 512 5685 μόλις
559 5611 858 5682 εὑρόμεθα,
901 5630 918 5664 ι
982 5611 1040 5664 Ὀ
1085 5609 1332 5678 ἀληθινὸς
1367 5606 1497 5666 θεὸς
1532 5604 1710 5673 ἡμῶν.
1751 5621 1769 5653 ι
1830 5602 1928 5656 Διὰ

342 5707 518 5760 τοῦτο
560 5707 657 5761 καὶ
706 5705 853 5777 μόνῳ
904 5703 1053 5775 αὐτῷ
1091 5702 1294 5773 πρέπει
1339 5699 1412 5761 ὡς
1448 5696 1566 5766 Θεῷ
1603 5696 1749 5748 πᾶσι
1779 5692 1928 5756 δόξα,

345 5799 492 5870 τιμὴ
523 5803 615 5852 καὶ
648 5795 1038 5867 προσκύνησις,
1069 5795 1165 5845 σὺν
1197 5790 1515 5861 τῷὰνὰρχῳ
1542 5787 1707 5840 αὐτοῦ
1744 5788 1946 5857 “arpi,

683 5897 956 5958 PATROL.
999 5894 1115 5953 Gtt.
1149 5891 1192 5953 C
1210 5893 1274 5950 L.

2041 3227 2448 3284 sanctissimum
2510 3232 2815 3291 Servaturis
2845 3254 3039 3308 corpus
3072 3254 3319 3301 reccntcr
3352 3227 3609 3320 tetigerit,

2037 3323 2093 3369 et
2119 3332 2240 3385 qua:
2267 3334 2333 3373 ex
2363 3335 2429 3374 eo
2451 3326 2694 3392 procedit
2729 3330 3216 3388 sanctiticationem
3257 3347 3311 3391 et
3345 3354 3606 3407 suscepe-

2039 3404 2128 3471 rit,
2151 3419 2201 3461 et
2236 3408 2303 3463 iis
2334 3411 2426 3479 qui
2469 3413 2762 3484 attingunt,
2792 3418 3056 3487 impertiri
3090 3425 3367 3481 credatur.
3399 3404 3609 3486 Interea

2038 3510 2221 3554 autem
2286 3517 2406 3556 eum
2461 3521 2679 3576 quoque
2730 3510 2821 3578 qui
2851 3509 2958 3566 illis
2982 3513 3174 3567 horum
3214 3518 3480 3573 bonorum
3510 3538 3609 3576 au-

2037 3599 2158 3646 ctor
2219 3604 2303 3649 est
2326 3605 2380 3650 et
2411 3600 2810 3669 suppeditator,
2840 3604 3168 3674 glorilicant;
3199 3622 3252 3664 et
3285 3611 3610 3680 gloriticatio

2037 3681 2351 3756 Scriptum,
2396 3709 2418 3749 ¹ι
2467 3688 2547 3744 Sit
2584 3709 2777 3749 nomen
2813 3694 3024 3753 Domini
3079 3699 3442 3765 benedictum.
3487 3726 3506 3757 ι
3556 3716 3609 3763 et

2040 3793 2162 3845 quae
2224 3792 2551 3850 sequuntur.
2607 3787 2671 3840 Et
2740 3805 2865 3845 cum
2913 3791 3017 3847 boc
3063 3810 3206 3865 saepe
3234 3798 3609 3860 clamaverint.

2039 3870 2307 3937 psalmum
2369 3885 2556 3942 postea
2618 3879 2802 3949 legunt
2837 3924 2852 3948 ,
2888 3883 3106 3952 plenum
3132 3872 3528 3957 gloriﬁcatione
3555 3905 3610 3948 et

2036 3961 2336 4028 gratiarum
2378 3965 2614 4022 actione.
2643 3969 2775 4035 Quis
2808 3979 2894 4026 est
2937 3986 3117 4029 autem
3151 3977 3421 4046 psalmus?
3450 4001 3467 4033 ι
3512 3982 3611 4036 Be-

2037 4051 2288 4105 nedieam
2334 4052 2620 4110 Dominum
2676 4059 2732 4112 in
2763 4062 2915 4115 omni
2985 4071 3250 4133 tempore.
3286 4087 3306 4119 ι
3342 4069 3486 4123 I'ane
3515 4089 3610 4127 au-

2039 4149 2141 4192 tem
2204 4142 2517 4207 distributo,
2542 4156 2594 4198 et
2623 4149 2834 4216 psalmo
2865 4164 3104 4219 peracto,
3136 4167 3390 4224 precatur
3421 4176 3610 4217 sacer-

2038 4229 2139 4286 dos
2195 4234 2395 4302 popqu
2453 4236 2697 4292 ultimam
2760 4243 3301 4310 precationem.non
3327 4252 3502 4312 solum
3539 4256 3608 4307 ab

2038 4323 2194 4377 altari
2255 4324 2565 4394 disjunctus
2593 4366 2610 4391 ,
2643 4340 2699 4384 et
2759 4334 3016 4390 omnibus
3079 4339 3426 4397 audientibus
3456 4384 3471 4409 ,
3510 4349 3608 4399 sed

2040 4412 2205 4494 etiam
2234 4412 2299 4468 ad
2363 4416 2534 4485 ipsam
2588 4419 2990 4476 multitudinem
3022 4425 3261 4495 dirigens
3294 4430 3455 4484 verba
3482 4448 3609 4485 ora-

2039 4491 2228 4569 tionis,
2263 4505 2524 4576 majorem
2595 4525 2739 4566 nunc
2786 4526 2946 4583 quam
2998 4526 3121 4570 ante
3160 4522 3452 4575 ostendens
3481 4540 3604 4577 cum

2043 4595 2230 4652 multis
2261 4598 2710 4655 consuetudinem
2736 4641 2749 4654 .
2778 4601 2910 4669 Qua:
2948 4615 3032 4665 est
3086 4618 3265 4662 autem
3298 4611 3508 4665 oratio?
3542 4614 3612 4668 lit

2042 4687 2474 4742 miscricordiam
2521 4692 2755 4746 assecuti
2780 4708 3087 4761 serventur,
3116 4709 3171 4749 ut
3196 4700 3289 4766 qui
3317 4702 3448 4754 nihil
3485 4718 3602 4770 [ιι-ο⁴

2044 4778 2221 4845 prium
2266 4778 2461 4833 aﬂ'erre
2496 4783 2930 4853 possimusquod
2954 4787 3025 4838 sit
3046 4786 3268 4854 dignum
3296 4792 3489 4856 salute,
3514 4793 3606 4846 sed

2042 4868 2111 4922 ad
2141 4870 2309 4923 solam
2379 4873 2733 4940 respicientes
2776 4876 2893 4944 ejus
2935 4876 3025 4944 qui
3050 4892 3269 4931 servare
3301 4887 3476 4946 potest
3516 4881 3610 4935 be-

2045 4958 2362 5028 nignitatem
2416 4969 2469 5014 et
2542 4963 2908 5016 clementiam.
2964 4964 3249 5031 Propterea
3307 4967 3451 5021 enim
3523 4970 3611 5023 hic

2041 5053 2204 5105 etiam
2232 5052 2524 5106 multorum
2551 5055 2798 5108 meminit
2824 5054 3266 5124 intercessorum,
3299 5061 3390 5129 qui
3416 5062 3479 5113 ad
3506 5061 3611 5115 hoc

2046 5144 2203 5197 nobis
2269 5144 2428 5197 laturi
2454 5154 2583 5199 sunt
2640 5144 2899 5198 auxilium
2937 5185 2950 5208 ,
2982 5154 3035 5199 et
3065 5154 3190 5201 ante
3233 5162 3446 5213 omnes,
3481 5165 3611 5203 san-

2042 5235 2301 5290 ctissimae
2336 5235 2424 5291 Dei
2471 5235 2657 5290 Matris
2679 5275 2696 5301 ,
2725 5239 2998 5305 pcrlquam
3031 5247 3085 5291 ct
3114 5238 3181 5293 ab
3208 5239 3364 5294 initio
3394 5242 3610 5296 miseri-

2043 5326 2284 5381 cordiam
2346 5343 2530 5382 sumus
2561 5328 2864 5382 consecuti.
2898 5329 3228 5386 Prommium
3271 5344 3451 5387 autem
3487 5347 3610 5386 ora-

2043 5419 2226 5483 tionis,
2264 5420 2518 5474 Clnistus
2553 5433 2714 5473 verus
2752 5419 2892 5474 Deus
2928 5433 3135 5487 noster:
3162 5437 3270 5476 non
3308 5440 3370 5475 ex
3397 5422 3609 5476 adulte-

2048 5510 2178 5564 rinis
2208 5519 2265 5563 et
2299 5510 2363 5562 iis
2383 5510 2474 5579 qui
2510 5509 2646 5563 falso
2676 5512 2893 5567 nomine
2919 5514 3283 5583 appellantur,
3307 5527 3443 5581 quos
3466 5514 3609 5566 mul-

2044 5610 2127 5654 tos
2185 5600 2479 5669 aliquando
2527 5601 2822 5668 coluimus,
2867 5606 2958 5658 sed
2988 5620 3145 5673 quem
3185 5613 3367 5671 postea
3401 5601 3486 5655 vix
3526 5605 3609 5656 in-

2041 5691 2313 5755 venimus,
2356 5710 2373 5742 ι
2415 5691 2588 5748 Verus
2640 5694 2783 5750 Deus
2816 5706 3035 5760 n05ter;
3076 5713 3095 5746 ι
3135 5703 3414 5762 prortcrea
3444 5695 3607 5750 etiam

2051 5783 2122 5837 illi
2150 5784 2401 5837 com-enit
2477 5794 2735 5854 tanquam
2768 5785 2876 5840 Deo
2913 5824 2928 5851 ,
2953 5785 3133 5841 omnis
3164 5784 3360 5853 gloria,
3385 5786 3484 5842 soli
3514 5786 3613 5843 h0-

3216 5883 3290 5945 16
