4158 6306
572 429 671 493 tot
1796 424 2114 485 NlCOLAl
2169 424 2557 484 CABASLLAZ
3701 425 3816 490 493

571 558 672 598 nor
697 549 751 595 ct
797 538 1044 594 adoratio
1075 573 1094 604 ,
1128 537 1219 609 qui
1250 546 1334 595 est
1385 552 1507 593 cum
1539 536 1696 591 Patre
1718 535 1836 606 ejus
1870 535 2138 606 principio
2167 544 2212 598 Α

2169 544 2212 598 Α
2243 534 2337 589 καὶ
2391 534 2469 603 τῷ
2519 533 2771 604 παναγίῳ
2819 533 2912 586 καὶ
2963 532 3154 602 ἀγαθῷ
3213 533 3306 586 καὶ
3342 531 3594 600 ζωοποιῷ
3645 533 3811 586 αὐτοῦ

571 642 790 688 careute
822 639 917 699 ,ct
966 629 1313 686 sanctissimo
1378 639 1430 685 et
1472 629 1616 683 bono
1667 635 1722 682 et
1751 627 1964 682 viviﬁco
2015 627 2134 694 ejus

2243 629 2540 699 Πνεύματι,
2570 627 2665 682 νῦν
2695 628 2789 682 καὶ
2810 629 2898 684 ἀεὶ
2926 627 3022 684 καὶ
3045 629 3129 692 εἰς
3159 626 3283 692 τοὺς
3310 627 3512 689 αἰῶνας
3537 624 3647 679 τῶν
3683 625 3814 680 αἰῶ-

573 724 777 794 Spiritu
819 763 835 790 ,
866 737 1011 778 nunc
1035 730 1090 776 et
1137 736 1348 792 semper
1381 762 1396 788 ,
1440 731 1494 776 et
1560 721 1613 774 in
1665 719 1862 775 sarcula
1901 721 2133 776 swculo-
2237 737 2364 776 νων.
2409 720 2602 792 Ἀμήν.

569 832 714 871 rum.
750 815 944 871 Amen.

575 1019 914 1032 c——~-—-—-—-.—v

1490 1157 2855 1331 ΝΙΚΟΑΑΟΥ

1599 1439 1901 1556 ΤΟΥ
1972 1436 2752 1557 ΚΑΒΑΣΙΛΑ.

983 1680 1374 1808 ΠΕΡΙ
1478 1681 1815 1808 ΤΗΣ
1921 1679 2128 1805 ΕΝ
2231 1678 2850 1807 ΧΡΙΣΤΩ
2961 1679 3411 1808 ΖΩΗΣ

1833 1914 2542 2004 ΛΟΓΟΙΕΠΤΑ.

1245 2297 2020 2458 NICOLAI
2139 2296 3116 2452 CABASILZE

1398 2611 1579 2724 DE
1660 2612 2015 2728 VITA
2107 2612 2247 2725 ΙΝ
2342 2611 2973 2727 CHRISTO

1739 2858 2594 2947 LIBBISEPTEM

711 3221 818 3283 Ex
847 3209 1377 3282 Jacobi’Pontani
1403 3212 1738 3278 Societatis
1770 3216 1921 3276 Jesu
1977 3211 2358 3288 Prw/aliane
2405 3209 2488 3271 ad
2514 3210 2850 3288 Lectorem,
2899 3209 2967 3272 in
3020 3208 3306 3291 Philippi
3351 3209 3644 3271 Solitarii

1935 3317 2269 3394 Dioptram
2312 3315 2420 3396 (α).

630 3487 1070 3544 Exstabatctiam
1107 3485 1160 3540 in
1200 3481 1540 3539 Bibliotheca
1593 3481 1854 3535 Bavarica
1886 3478 2094 3535 Nicolai
2121 3479 2272 3534 Caba:

2155 3479 2381 3534 Iahasilai
2415 3479 2550 3550 Περὶ
2577 3479 2673 3548 τῆς
2701 3481 2757 3532 ἐν
2796 3479 3016 3551 Χριστῷ
3048 3479 3212 3550 ζωῆς,
3238 3477 3315 3534 De
3337 3480 3445 3534 vita
3483 3481 3539 3534 in
3566 3479 3797 3544 Christo,

571 3577 897 3650 opusculum
929 3590 1064 3631 sane
1087 3573 1306 3630 doctum
1343 3588 1405 3627 ac
1430 3571 1600 3642 pium,
1629 3578 1683 3625 et
1713 3571 1777 3625 ad
1805 3571 2021 3624 animos
2054 3571 2146 3624 Dei
2178 3583 2364 3622 amore
2395 3566 2814 3623 inﬂammandos
2841 3568 2977 3623 mire
3033 3568 3368 3638 appositum,
3390 3568 3534 3638 quod
3564 3569 3800 3638 Dioptrc

557 3667 859 3737 adjungere
903 3669 1131 3732 propter
1168 3675 1350 3714 rerum
1396 3658 1836 3715 convenientiam
1883 3658 2107 3726 placuit,
2153 3671 2550 3726 speramusque
2603 3660 2720 3727 pari
2758 3659 2939 3713 fructu
2994 3659 3277 3713 evolutum
3332 3659 3422 3714 iri.
3463 3656 3798 3714 Volebamus

556 3751 971 3820 inscriptionem
1017 3749 1088 3800 ita
1123 3747 1369 3810 reddere,
1416 3745 1489 3800 De
1528 3747 1638 3800 vita
1666 3743 1994 3799 Christiana.
2029 3744 2134 3798 Sed
2168 3759 2293 3798 cum
2329 3745 2420 3799 ille
2455 3761 2563 3798 non
2606 3754 2716 3799 tam
2749 3746 2914 3801 vitam
2941 3745 3312 3802 Christianam
3351 3748 3640 3817 praeceptis
3680 3748 3798 3803 lor-

555 3852 708 3904 met,
739 3851 904 3906 quam
946 3833 1409 3904 quemadmodum
1446 3833 1535 3887 illa
1561 3849 1684 3887 cum
1717 3833 1938 3888 Christo
1971 3835 2023 3887 in
2065 3832 2176 3887 Deo
2209 3834 2535 3889 abscondita
2563 3835 2655 3898 sit,
2689 3837 2963 3900 ostendat,
3003 3834 3165 3904 idque
3205 3835 3370 3888 trium
3413 3844 3796 3889 sacramento-

556 3945 676 3984 ruun
742 3928 792 3981 vi
842 3935 896 3981 ct
949 3926 1151 3980 virtute
1184 3925 1557 3996 potissimum,
1604 3925 1888 3996 Baptismi,
1919 3923 2205 3980 Unctionis
2256 3922 2374 3976 sive
2407 3923 2875 3986 Conlirmationis,
2928 3933 2982 3977 et
3026 3921 3408 3987 Eucharistiaa,
3463 3924 3650 3978 verius
3691 3922 3795 3976 luit

553 4015 900 4086 simpliciter,
936 4012 1012 4067 De
1041 4013 1147 4067 vita
1192 4014 1248 4067 in
1281 4011 1511 4078 Christo,
1551 4012 1875 4079 inscribere,
1909 4011 2209 4067 secundum
2243 4009 2409 4063 verba
2435 4007 2624 4064 Graeca
2655 4010 2893 4065 scilicet;
2921 4009 3046 4064 Fuit
3083 4009 3367 4065 Cabasilas
3413 4012 3499 4064 vir
3533 4009 3786 4071 illustris,

553 4105 708 4173 cujus
743 4101 1046 4157 honoriﬁca
1097 4100 1306 4155 mentio
1341 4099 1396 4153 in
1446 4099 1677 4154 historia
1729 4097 1956 4155 Joannis
1988 4096 2351 4152 Cantaeuzeni
2403 4108 2614 4164 nostra,
2653 4099 2746 4152 Iih.
2790 4114 2880 4164 ιιι,
2920 4113 3042 4167 cap.
3093 4097 3160 4152 75
3205 4105 3260 4153 et
3308 4098 3399 4164 99,
3444 4097 3537 4152 ubi
3596 4096 3793 4152 Sacelli

550 4201 774 4247 curator
808 4192 926 4244 sive
963 4187 1268 4244 Praefectus
1324 4188 1660 4253 nominatur,
1694 4187 1787 4257 qui
1837 4203 1866 4241 a
1915 4185 2242 4256 Curopalata
2298 4192 2439 4246 libro
2476 4191 2550 4245 De
2596 4190 2918 4260 ofﬁcialibus
2973 4190 3165 4261 palatii
3210 4173 3795 4261 Constantinopolitani

547 4291 597 4332 et
630 4279 825 4346 ofﬁciis
846 4277 1051 4344 Magna!
1079 4276 1328 4330 Ecclesia:
1348 4277 1426 4330 sic
1456 4276 1788 4330 describitur
1808 4294 1823 4330 :
1843 4275 1892 4346 (ὁ
1929 4275 2189 4329 σακελλίοι

2152 4294 2234 4344 ου,
2269 4279 2500 4335 subaudi
2526 4279 2733 4349 ἄρχων)
2759 4281 2977 4350 κρατῶν
2994 4281 3093 4344 τὰς
3121 4278 3418 4343 καθολικὰς
3445 4279 3793 4350 Ἐκκλησίας,

554 4367 648 4419 καὶ
669 4366 730 4416 τὸ
755 4364 1058 4427 σακέλλιον,
1089 4365 1242 4431 cujus
1288 4372 1366 4417 est
1397 4372 1628 4432 potestas
1653 4364 1706 4414 in
1739 4360 2008 4415 Ecclesia:
2039 4360 2364 4434 Catholicas,
2396 4377 2445 4423 et
2469 4383 2548 4421 res
2574 4367 2912 4431 sacellorum,
2936 4368 2988 4422 id
3014 4377 3117 4431 est,
3150 4382 3330 4423 rerum
3354 4369 3420 4422 ad
3443 4384 3630 4424 sacras
3651 4369 3796 4422 aedes

546 4462 604 4505 et
657 4451 857 4504 sacella
907 4451 1264 4520 pertinentes.
1303 4450 1559 4518 Ejusdem
1609 4449 1787 4503 oratio
1820 4449 1874 4503 in
1928 4449 2282 4512 fmneratores
2329 4458 2380 4510 in
2420 4455 2612 4510 eodem
2669 4455 2854 4512 codice
2901 4456 3166 4512 Bavarico
3216 4457 3567 4527 sequebatur,
3624 4457 3799 4512 multo

545 4541 896 4596 emendatior
921 4539 1171 4610 profecto
1199 4552 1251 4594 et
1288 4541 1519 4610 longior,
1550 4555 1716 4610 quam
1750 4543 2010 4612 Augusta:
2037 4544 2417 4612 superioribus
2457 4544 2619 4598 annis
2669 4552 2752 4599 est
2805 4544 2971 4599 edita.
3004 4544 3177 4609 Quam
3208 4543 3256 4600 si
3293 4545 3524 4614 legerint
3569 4546 3656 4598 iSti
3693 4549 3796 4612 qui

544 4631 870 4698 {mnerando
911 4631 1161 4688 homines
1189 4633 1445 4701 occidunt
1472 4632 1573 4703 (sic
1600 4633 1747 4687 enim
1779 4633 1916 4690 Cato
1944 4632 2272 4697 Censorius,
2307 4633 2680 4702 interrogatus
2710 4631 2840 4701 quid
2876 4643 3026 4688 esset
3071 4632 3354 4696 uenerari,
3403 4631 3556 4696 Quod
3613 4633 3793 4685 homi-

542 4738 698 4789 nem,
732 4721 932 4791 inquit,
967 4719 1264 4791 occidere),
1301 4721 1433 4792 quid
1456 4721 1691 4792 amplius
1716 4723 1941 4778 nefariae
1964 4721 2300 4794 improbitati
2340 4735 2455 4777 suae
2485 4731 2804 4793 prwtexant,
2853 4739 2961 4780 non
3002 4722 3304 4780 habebunt.
3339 4722 3594 4778 Occurrit
3621 4726 3798 4785 enim.

545 4819 601 4866 et
638 4809 886 4867 eonlutat
919 4809 1137 4865 illorum
1173 4810 1417 4868 rationes
1450 4811 1747 4867 universas.

619 4991 692 5055 (α)
718 4992 840 5042 Vide
875 4997 974 5041 tom
1009 4991 1234 5045 CXXVII.
