4132 6308
323 345 439 409 4η

1394 364 1489 420 UE
1522 363 1694 424 VlTA
1740 368 1843 429 HV.
1865 367 2201 430 UllRtSTO
2244 374 2388 433 LIB.
2438 375 2483 435 l'-

3465 386 3585 444 498

327 456 741 559 ἐπαγγέλληται
764 462 872 524 τοῖς
907 463 1078 531 ἁγίοις
1107 482 1122 498 ⁶
1157 484 1176 518 t
1218 469 1348 523 Ἱδοὶι
1383 473 1514 542 γὰρ,
1573 477 1758 544 φησὶν,
1788 477 1896 544 ἐγὼ

2001 482 2184 535 omnia
2217 500 2369 545 vero,
2404 499 2525 537 cum
2552 485 2664 553 ipsa
2693 487 2895 541 sanctis
2932 502 3149 557 semper
3182 487 3418 544 aﬂ'utttra
3445 508 3570 559 pro-

330 545 453 613 μεθ’
490 549 648 618 ὑμῶν
674 552 787 622 εἰμι
824 554 1000 618 πάσας
1029 559 1130 621 τὰς
1160 562 1372 631 ἡμέρας
1419 567 1522 629 ἕως
1566 570 1668 635 τῆς
1717 587 1903 626 συντε-

329 635 481 700 λείας
513 640 609 692 τοῦ
640 642 850 708 αίῶνος·
890 666 909 698 ι
943 648 996 701 τί
1024 653 1306 720 προσῆκεν
1359 656 1486 711 ἀλλο
1539 659 1892 731 λογίζεσθαις

336 730 413 823 Οὐ
445 731 553 802 γάρ
578 734 644 786 τὰ
672 736 958 806 σπέρματα
986 742 1084 811 τῆς
1109 744 1256 814 ζωῆς
1292 748 1360 818 τῇ
1383 752 1454 819 γῇ
1482 754 1782 823 παρασχὼν
1804 730 1899 811 καλ.

335 822 396 876 τὸ
421 823 531 895 πῦρ
561 828 653 879 καὶ
681 829 793 898 τὴν·
811 833 1089 905 μάχαιραν
1118 836 1297 905 βαλὼν
1348 843 1591 911 ἀπῆλθεν
1630 848 1811 913 εὐθὺς,
1839 856 1899 903 τὸ

338 914 498 1007 φῦσαι
526 917 619 971 καὶ
651 918 845 991 θρέψαι
875 927 968 978 καὶ
999 928 1207 997 ἀνάψαι
1238 932 1331 986 καὶ
1370 936 1676 1007 χρήσασθαι
1729 959 1899 995 κατα-

331 1006 498 1106 λιπὼν
525 1013 638 1106 τοῖς
668 1015 1003 1086 ἀνθρώποις,
1032 1021 1151 1074 ἀλλ’
1177 1024 1339 1089 αὐτὸς
1372 1028 1630 1099 πάρεστιν
1680 1035 1900 1106 ἀληθῶς

334 1114 352 1148 t
380 1099 622 1195 ἐνεργῶν
650 1106 709 1195 έν
741 1107 874 1175 ἡμῖν
911 1112 974 1163 τὸ
1019 1112 1196 1168 θέλειν
1240 1119 1332 1170 καὶ
1382 1123 1443 1173 τὸ
1491 1099 1785 1195 ἑνεργεῖνί
1810 1147 1829 1181 ι

333 1193 604 1262 μακάριος
645 1193 753 1265 ἔφη
784 1198 1018 1266 Παῦλος,
1067 1210 1162 1257 καὶ
1200 1206 1260 1260 τὸ
1299 1208 1409 1279 πῦρ
1447 1193 1639 1278 αὐτὸς
1669 1219 1897 1277 ἀνάπτει

323 1283 418 1335 καὶ
450 1288 740 1356 προσάγει,
775 1291 870 1344 καὶ
900 1294 1000 1365 τὴν
1042 1297 1316 1367 μάχαιραν
1338 1304 1498 1370 αὐτός
1529 1309 1681 1363 ἐστιν
1714 1314 1742 1365 δ
1772 1330 1901 1369 κατ-

321 1373 480 1467 έχων.
512 1379 624 1431 Καὶ
646 1378 807 1445 ὅλως.
836 1401 856 1434 ι
878 1383 1001 1439 οὔτε
1024 1388 1177 1460 ἀξίνη
1200 1391 1588 1467 δοξασθήσεται
1629 1403 1759 1458 ἄνευ
1801 1406 1897 1461 τοῦ

320 1464 574 1565 αἴροντος
600 1470 790 1543 αὐτὴν,
820 1493 842 1526 ι
881 1478 974 1531 καὶ
995 1473 1077 1543 οἷς
1104 1484 1165 1534 οὐ
1198 1464 1467 1555 πάρεστιν
1497 1492 1525 1543 δ
1554 1492 1777 1562 ἀγαθὸς,
1806 1498 1900 1565 γέ-

320 1557 456 1654 νοιτ’
516 1560 582 1654 ἂν
626 1565 776 1619 οὐδὲν
835 1568 1054 1635 ἀγαθόν.
1125 1575 1316 1631 Καίτοι
1356 1581 1419 1632 ού
1478 1557 1730 1654 παρεῖναι
1765 1557 1894 1652 ⁷*τοῖς

2005 574 2267 630 mittitur:
2296 576 2487 635 «Ecce,
2513 576 2708 646 inquit,
2728 594 2826 647 ego
2859 579 3134 633 vobiscum
3162 595 3281 634 sum
3314 584 3584 636 omnibus.

2003 668 2215 734 diebus,
2253 683 2424 738 usque
2444 670 2509 722 ad
2550 671 3076 726 consummationem
3098 674 3283 727 saaculi
3305 676 3361 740 ’ς
3391 692 3408 726 ι
3435 677 3594 745 quid'

2001 760 2146 817 aliud
2168 800 2183 822 ,
2221 761 2324 815 nisi
2361 761 2466 815 hoc
2495 760 2673 830 ipsum
2694 775 2794 814 nos
2815 763 3060 832 cegitare
3087 773 3140 817 et
3163 765 3419 835 colligere
3441 781 3572 821 con-

2000 852 2172 908 venit?
2207 850 2359 906 Haud
2387 852 2532 907 enim
2566 866 2690 906 cum
2720 853 2924 907 semina
2952 856 3075 908 vitae
3099 870 3194 924 per
3217 866 3389 912 terras
3414 874 3571 927 spar-

2001 945 2183 1009 sisset,
2238 946 2527 1014 ignemque
2555 952 2609 997 et
2640 943 2876 1014 gladium
2909 945 3168 1011 misisset,
3204 948 3389 1002 statim
3428 949 3565 1004 abs-

2002 1036 2188 1098 cess't,
2242 1034 2668 1103 hominibusque
2714 1035 2986 1089 seminum
3020 1035 3087 1089 ad
3119 1035 3328 1105 frugem
3366 1039 3570 1107 perdu-

1999 1129 2296 1184 cendornm
2349 1137 2403 1183 et
2443 1126 2976 1190 conservandorum,
3033 1129 3177 1197 ignis
3200 1131 3560 1195 accendendi,

2001 1217 2180 1287 gladio
2206 1217 2391 1272 utendi
2424 1233 2612 1272 curam
2650 1218 2867 1287 reliquit
2898 1218 3034 1273 :sed
3062 1219 3295 1287 ipsemet
3328 1236 3569 1289 pra-sene

1998 1311 2176 1377 adest,
2210 1329 2227 1363 ι
2254 1324 2489 1380 operans
2520 1310 2572 1363 in
2593 1309 2750 1363 nobis
2771 1310 2906 1363 velle
2923 1319 2973 1361 et
2993 1302 3273 1377 perlicere,
3304 1329 3321 1361 ι
3357 1322 3414 1365 ιιι
3433 1312 3574 1366 I’au-

2000 1403 2084 1459 lus
2112 1402 2189 1457 ait
2212 1400 2277 1453 “.
2334 1397 2401 1453 Et
2435 1400 2611 1471 ignem
2646 1400 2873 1469 ipsemet
2918 1399 3167 1454 accendit
3191 1409 3253 1454 et‘
3277 1401 3569 1465 admovet;

1998 1506 2051 1552 et
2083 1494 2319 1567 gladium
2372 1494 2491 1562 ipse
2539 1500 2703 1547 tenet.
2733 1491 2812 1546 Ad
2847 1506 3145 1559 summam,
3182 1507 3320 1547 «nec
3356 1495 3570 1548 securis

1998 1588 2325 1655 gloriabitur
2369 1587 2576 1656 absque
2625 1599 2692 1639 eo
2733 1584 2825 1655 qui
2866 1592 3014 1639 secat
3053 1584 3106 1637 in
3134 1584 3317 1649 ea“;i
3346 1594 3402 1638 et
3430 1600 3573 1655 quos

322 1647 504 1748 ἁγίοις
533 1652 568 1748 μό
596 1654 795 1725 Κύριος
817 1657 1186 1731 ἐπηγγείλατο
1215 1668 1396 1737 μόνον,
1425 1647 1569 1727 ἀλλὰ.
1591 1676 1688 1730 καὶ
1709 1647 1896 1748 μένειν

1999 1647 2214 1747 deserit,
2244 1676 2337 1745 qui
2366 1647 2517 1730 solus
2540 1682 2627 1729 est
2684 1647 2882 1740 bonus,
2911 1674 2977 1729 iis
3009 1672 3144 1727 nihil
3184 1647 3309 1727 boni
3348 1647 3572 1728 evenire

320 1743 455 1810 παρ’
487 1744 668 1806 αὐτοῖς
698 1751 807 1812 καὶ.
832 1751 860 1804 δ
908 1754 1100 1810 τούτου
1140 1762 1347 1830 μεῖζον,
1385 1767 1551 1835 μονὴν
1599 1773 1659 1824 ὲν
1709 1775 1892 1842 αὐτοῖς

1995 1778 2176 1841 queat.
2222 1768 2490 1825 Caaternm
2526 1766 2730 1822 sanctis
2756 1779 2815 1821 se
2844 1780 2949 1819 nou
2979 1763 3294 1820 adfuturum
3328 1773 3571 1819 tantum-

319 1834 568 1936 ποιῆσαι.
594 1839 701 1936 [Sal
726 1842 779 1894 τί
802 1844 944 1912 λέγω
966 1864 982 1909 ς
1005 1850 1141 1904 ὅπου
1171 1870 1234 1921 γε
1260 1857 1351 1908 καὶ
1390 1834 1643 1918 ένοῦσθαι
1675 1834 1890 1936 λέγεται

1999 1834 2183 1926 modo,
2242 1860 2334 1915 sed
2370 1861 2535 1914 etiam
2576 1859 2715 1928 apud
2767 1858 2935 1927 ipsos-
2962 1871 3309 1924 mansurum,
3343 1857 3581 1926 etquod

324 1925 530 1991 αὐτοῖς,
582 1931 730 1985 οὕτω
784 1935 1181 2010 φιλανθρώπως
1225 1945 1366 2000 ὥστε
1392 1948 1451 2002 ἓν
1494 1953 1711 2024 πνεῦμα
1745 1925 1892 2026 ’μετ’

321 2017 532 2117 αὐτιῦν.
569 2018 742 2117 εἶναι·
784 2045 803 2078 ι
834 2025 896 2081 '0
969 2031 1075 2101 γὰρ
1121 2035 1466 2104 κολλώμενος
1500 2042 1578 2110 τῷ
1619 2017 1809 2117 ἰξυρίιρ
1835 2050 1895 2103 ἓν

320 2107 540 2178 πνεῦμά
567 2112 705 2180 ἐστι,
739 2134 758 2167 ι
794 2120 909 2184 καὶ,
944 2139 962 2171 ι
999 2124 1112 2175 Ἵνα
1133 2120 1228 2194 ᾖτε
1250 2125 1312 2178 ἓν
1341 2128 1495 2199 σῶμα
1524 2134 1620 2187 καὶ
1648 2107 1894 2192 ἔνθ-πνεῦ-

274 2229 281 2234 ε
320 2215 420 2268 μα.
450 2204 636 2268 καθὼς
676 2209 962 2279 ἐκλήθητε,
1006 2232 1025 2266 ι
1064 2216 1280 2271 Παύλου
1314 2224 1490 2293 φωνή.

2000 1954 2271 2020 insignius
2306 1961 2429 2019 est,
2472 1951 2811 2006 mansionem
2840 1949 2983 2020 apud
3014 1965 3109 2005 eos
3138 1948 3415 2003 iacturum
3452 1949 3563 2002 Do-

1999 2049 2183 2103 minus
2242 2046 2499 2116 promisit
2521 2046 2588 2097 ¹¹.
2641 2042 2784 2109 Quid
2841 2043 3049 2098 multa?
3104 2044 3270 2097 etiam
3331 2042 3443 2096 illis
3495 2043 3573 2095 ita

2001 2147 2250 2194 amanter
2289 2138 2542 2206 copulari
2589 2144 2642 2189 et
2669 2134 2817 2190 uniri
2859 2135 3140 2198 scribitur,
3190 2142 3248 2207 ut
3270 2148 3414 2190 unus
3444 2149 3569 2189 cum

2002 2232 2134 2301 ipsis
2191 2228 2419 2298 spiritus
2466 2223 2759 2278 elﬁciatur:
2815 2223 2950 2288 tQui
2984 2225 3129 2276 enim
3166 2223 3409 2279 adhaeret
3435 2224 3569 2286 Deo,

318 2312 464 2353 unus
486 2302 711 2369 spiritus
740 2317 823 2360 est
853 2321 975 2363 cum
999 2326 1065 2366 eo
1100 2312 1198 2367 ⁸³.»
1221 2314 1485 2375 Similiter
1507 2321 1661 2379 Pauli
1691 2342 1792 2383 vox
1819 2336 1936 2386 est:
1978 2327 2080 2385 tUt
2111 2324 2233 2382 sitis
2257 2336 2423 2379 unum
2455 2333 2677 2387 corpus,
2719 2326 2772 2371 et
2804 2332 2948 2371 unus
3006 2317 3260 2385 spiritus,
3290 2319 3432 2373 sicut
3476 2334 3572 2372 v0°

316 2390 425 2443 cati
462 2392 596 2449 estis
638 2395 697 2451 “.
715 2415 734 2447 ›

392 2485 671 2582 ιςαθάπερ
724 2489 834 2562 γὰρ
882 2494 913 2564 ή
958 2495 1340 2569 φιλανθρωπία
1394 2503 1632 2576 άρῤητος
1695 2512 1790 2563 καὶ
1852 2512 1885 2582 ή

2065 2505 2219 2561 Sicut
2271 2510 2448 2556 autem
2510 2495 2816 2566 benignitas
2857 2495 2948 2550 Dei
3007 2494 3413 2563 inexplicabilis
3463 2506 3574 2569 est,
3662 2509 3669 2516 ·

326 2575 834 2671 περὶπδᾼήμέτερον
872 2585 1028 2650 γένος
1067 2589 1255 2660 ἀγάπη
1286 2593 1381 2646 τοῦ
1427 2575 1563 2650 Θεοῦ
1594 2599 1686 2652 τὸν
1732 2575 1890 2671 λόγον

1999 2610 2047 2654 et
2085 2594 2328 2652 eharitas
2358 2593 2480 2661 ejus
2501 2603 2628 2656 erga
2666 2603 2841 2657 genus
2903 2588 3206 2641 humanum
3246 2600 3465 2640 onmem
3493 2588 3572 2642 di-

322 2665 417 2761 τὸν
461 2664 805 2734 ἀνθρώπινον
837 2671 1155 2743 ὑπερϐαίνει
1203 2682 1293 2733 καὶ
1322 2684 1386 2751 τῇ
1432 2683 1552 2756 θείᾳ
1600 2664 1892 2761 ἀγαθότητι

328 2755 471 2854 μάνη
496 2760 790 2854 προσῆκεν·
813 2763 949 2836 αὕτη
982 2769 1087 2840 γάρ
1114 2772 1262 2826 ἐστιν
1294 2793 1313 2827 ι
1341 2777 1373 2847 ἡ
1399 2777 1588 2851 εἰρήνη
1614 2755 1706 2836 τοῦ
1731 2755 1889 2854 Θεοῦ,

325 2846 361 2940 η
387 2845 727 2918 ὑπερέχουσα
756 2855 932 2910 πάντα
955 2858 1079 2913 νοῦν
1101 2879 1115 2893 ·
1139 2882 1158 2915 ι
1187 2865 1277 2918 τὸν
1302 2845 1415 2922 ἴσον
1444 2845 1646 2940 τρύπον
1672 2845 1912 2932 ἀκόλουζ

328 2936 421 2989 θον
447 2940 541 3041 καὶ
566 2941 666 3012 τὴν
694 2946 832 3041 πρὸς
857 2950 985 3015 τοὺς
1009 2953 1365 3026 ψιλουμένους
1388 2936 1583 3018 ἕνωσιν
1620 2966 1760 3041 ὑπὲρ
1784 2973 1892 3026 πᾶ-

328 3044 429 3132 σαν
480 3031 876 3132 ἕνωσιν-εἷναι,
920 3045 989 3116 ἢν
1026 3045 1091 3100 ἄν
1132 3067 1216 3115 τις
1287 3053 1504 3114 δύναιτο
1548 3031 1888 3132 λογίσασθαι,

322 3122 593 3217 καιπρὸς
624 3128 778 3186 οὐδὲν
806 3136 1156 3210 παράδειγμα
1213 3145 1420 3217 φέρειν.
1461 3152 1563 3206 Διά
1606 3122 1763 3208 τοῦτο
1798 3122 1892 3213 καί

322 3213 538 3310 πολλῶν
575 3221 766 3293 ἐδέησε
800 3228 866 3297 τῇ
898 3228 1091 3305 Γραφῇ
1129 3213 1611 3310 παραδειγμάτων,
1645 3246 1785 3300 ὥστε
1803 3248 1893 3302 δυ·
1919 3229 1963 3287 c

320 3306 551 3404 νηθῆναι
599 3310 699 3383 τὴν
744 3317 1038 3386 συνάφειαν
1088 3324 1304 3398 εκείνην
1375 3306 1622 3404 *μηνῦσαι
1671 3336 1747 3402 ὡς
1796 3340 1896 3393 οὒκ

319 3398 622 3470 ἀρκοῦντος
649 3404 789 3472 ἐνὸς,
814 3410 906 3462 καὶ
946 3410 1041 3465 νῦν
1075 3414 1172 3485 μὲν
1195 3398 1403 3477 ἔνοικον
1431 3398 1525 3478 »ιαί
1564 3398 1743 3483 οίκίαν
1784 3430 1896 3485 sla-

320 3493 466 3563 ἄγει,
500 3495 601 3590 νῦν
645 3496 699 3552 δὲ
738 3498 983 3569 ἄμπελον
1022 3505 1118 3560 καὶ
1167 3509 1373 3582 κλῆμα,
1405 3517 1496 3569 καὶ
1535 3517 1631 3571 νῦν
1675 3519 1775 3589 μὶν
1798 3520 1897 3590 γά-

323 3604 451 3658 μον,
482 3589 577 3645 νῦν
606 3590 662 3645 δὲ
700 3592 837 3665 μέλη
863 3594 955 3649 καὶ
995 3599 1256 3672 κεφαλὴν,
1285 3597 1359 3657 ὧν
1382 3606 1535 3661 οὐδέν
1583 3611 1729 3667 ἔστιν
1779 3614 1895 3669 ἴσον

320 3680 543 3773 εκείνη·
594 3685 656 3736 οὐ
717 3685 825 3755 γὰρ
872 3688 1019 3742 ἔστιν
1067 3692 1176 3744 ἀπὸ
1226 3695 1433 3751 τούτων
1489 3702 1588 3770 τῆς
1639 3703 1895 3773 ἀληθείας

317 3770 569 3867 ἀπριόᾦς
587 3775 892 3844 ἐφικέσθαι.
923 3780 1173 3837 Μάλιστα
1200 3784 1297 3854 μὲν
1321 3787 1429 3859 γάρ
1450 3790 1685 3864 ἀνάγκη,
1811 3814 1895 3865 φι-

319 3861 415 3932 λίᾳ.
445 3865 539 3918 καὶ⁸
561 3867 658 3936 τὴν
687 3869 977 3940 συνάφειαν
1009 3874 1297 3931 ἀκόλουθον
1325 3874 1484 3944 εἶναι,
1550 3883 1602 3936 τί
1631 3861 1675 3938 δ’
1804 3861 1896 3955 γέ-

319 3977 468 4014 νοιτο
491 3961 584 4033 τῆς
610 3963 757 4025 θείας
785 3965 1004 4037 ἀγάπης
1037 3968 1182 4036 ἵσονς
1212 3971 1382 4026 ἔπειθ’
1404 3976 1486 4027 ὅτι
1513 3979 1604 4030 καὶ
1637 3978 1705 4031 τὰ
1738 3981 1893 4049 μάλι-

322 4069 428 4107 στα
457 4054 749 4124 συνάφειαν
773 4059 865 4111 κα)⁸
905 4060 1128 4130 ἑνότητα
1158 4063 1431 4119 δεικνύναι
1459 4066 1715 4121 δοκοῦντα
1744 4072 1771 4124 ὁ
1794 4072 1894 4139 γά-

320 4161 426 4219 μος
464 4147 579 4200 ἐστὶ
608 4148 698 4201 καὶ
729 4150 761 4219 ἡ
788 4148 896 4202 τῶν
928 4152 1101 4220 μελῶν
1127 4155 1262 4225 apis
1294 4155 1394 4226 τὴν
1424 4158 1666 4230 κεφαλὴν
1724 4162 1895 4231 ἁρμο-

317 4240 433 4300 ν⁷α,
462 4239 634 4293 ταῦτα
654 4240 708 4292 δὲ
740 4243 1065 4313 παμπληθὲς
1095 4243 1227 4299 εἴσω
1245 4248 1456 4313 πίπτει,
1479 4250 1574 4303 καὶ
1598 4251 1790 4306 πολλοῦ
1815 4253 1896 4307 δεῖ

316 4330 392 4385 τὰ
415 4331 545 4385 ὄντα
572 4331 830 4400 δηλῶσαι.
858 4335 966 4388 Καὶ
995 4334 1104 4407 γὰρ
1124 4338 1150 4390 ὁ
1183 4338 1283 4407 μὲν
1319 4339 1495 4407 γάμος
1524 4342 1622 4395 οὐκ
1654 4343 1719 4398 ἂν
1752 4344 1896 4400 οὕτω

216 4494 221 4499 _
324 4427 584 4495 συνάψαι,
634 4426 707 4489 ὡς
740 4429 798 4481 έν
829 4427 1078 4499 ἀλλήλοις
1120 4427 1386 4486 εἶναικαὶ
1441 4433 1540 4504 ζῇν
1587 4437 1714 4500 τοὺς
1770 4455 1893 4491 συν-

1995 2689 2152 2745 cendi
2192 2686 2506 2742 facultatem
2542 2690 2783 2752 superat,
2811 2680 2912 2736 soli
2936 2679 3137 2734 divina:
3167 2679 3400 2734 bonitati
3436 2694 3577 2733 cett-

1993 2799 2194 2857 gruens
2227 2781 2367 2853 (ipsa
2397 2778 2669 2850 siquidem
2702 2786 2789 2832 est
2850 2789 2984 2846 «pax
3019 2773 3141 2839 Dei,
3178 2789 3300 2843 quae
3327 2789 3569 2843 exsupe-

1998 2877 2319 2932 rat'omnem
2351 2888 2575 2930 sensum
2603 2871 2646 2904 η
2687 2870 2777 2939 ›);
2816 2868 2892 2923 ita
2932 2867 3311 2936 consequitur,
3341 2875 3399 2919 ut
3444 2867 3568 2934 ejus

1998 2969 2127 3025 unio
2184 2982 2313 3023 cum
2357 2966 2428 3021 iis
2471 2978 2611 3035 quos
2673 2961 2871 3033 diligit,
2951 2959 3249 3030 quamlibet
3307 2961 3566 3013 unionem

1996 3075 2160 3131 quam
2210 3058 2336 3130 quis
2388 3056 2721 3127 cogitatione
2774 3053 3056 3124 percipere
3119 3059 3320 3121 potest,
3378 3050 3568 3105 multis

1997 3152 2245 3222 partibus
2274 3152 2479 3217 vincat,
2532 3164 2634 3203 nec
2665 3148 2846 3216 aliqua
2898 3143 3309 3215 comparatione
3350 3158 3449 3213 pro
3481 3142 3567 3197 di-

1996 3244 2201 3315 gnitate
2227 3243 2560 3298 declaretur.
2590 3238 2956 3306 Quamobrem
2991 3236 3280 3305 Scriptura
3310 3234 3579 3304 pluribus.

1997 3335 2260 3405 exemplis
2286 3349 2422 3405 Opus
2448 3332 2658 3397 habuit,
2683 3331 2878 3401 quibus
2908 3329 3357 3399 coniunctionem
3409 3330 3577 3385 illam»

2006 3426 2375 3482 arctissimam
2441 3424 2800 3494 exprimeret,
2826 3420 2970 3490 quod
2994 3435 3162 3474 unum
3184 3421 3409 3475 minime
3437 3420 3577 3475 satis

1995 3528 2160 3573 esset.
2175 3515 2247 3571 Et
2264 3516 2428 3572 modo
2447 3515 2663 3587 quidem
2689 3513 3047 3569 habitatorem
3069 3520 3124 3566 et
3154 3511 3378 3566 domum
3409 3510 3570 3565 indu-

1996 3608 2068 3663 cit
2096 3624 2111 3674 ;
2150 3608 2311 3663 modo
2331 3607 2492 3662 vitem
2513 3613 2566 3661 et
2593 3605 2900 3675 palmitem:
2941 3604 3100 3677 modo
3126 3603 3376 3672 nuptias;
3405 3602 3567 3656 modo

1997 3697 2240 3752 membra
2279 3705 2336 3752 et
2366 3705 2532 3765 caput
2554 3695 2615 3760 “,
2641 3709 2875 3765 quorum
2911 3694 3122 3748 nttllum
3150 3693 3307 3763 plene
3339 3706 3570 3762 respou-

1995 3788 2118 3855 det;
2156 3804 2255 3845 nec
2285 3790 2432 3844 enim
2474 3804 2571 3859 per
2612 3789 2781 3845 ullum
2825 3788 3018 3842 horum
3067 3786 3355 3840 veritatem
3379 3793 3568 3840 exacte

1995 3880 2121 3935 licet
2153 3880 2440 3950 attingere.
2491 3881 2676 3936 Amori
2718 3890 2772 3935 et
2822 3878 3076 3933 charitati
3127 3892 3313 3947 parem
3369 3892 3490 3931 esse
3514 3884 3569 3929 ct.

1995 3970 2435 4038 coniunctionem
2487 3971 2725 4026 maxime
2783 3977 3021 4037 oportet.
3096 3969 3305 4021 Divitiae
3376 3977 3562 4021 autem

1998 4060 2251 4115 charitati
2281 4061 2411 4130 quid
2442 4062 2659 4115 tandem
2706 4062 2909 4129 aequari
2972 4061 3189 4128 potest?
3212 4060 3415 4113 Deinde
3444 4076 3565 4126 quae

1996 4151 2397 4222 copulatiouem
2443 4163 2496 4205 et
2550 4152 2805 4205 unionem
2853 4150 3103 4219 inprimis
3141 4150 3454 4219 signiﬁcare
3489 4151 3567 4203 vi-

1996 4242 2213 4308 dentur,
2266 4240 2468 4311 nuptiae
2508 4250 2656 4305 sunt,
2721 4249 2776 4295 et
2825 4240 3197 4294 membrorum
3258 4241 3566 4311 capitisque

1997 4342 2119 4403 apta
2166 4334 2584 4403 coagmentatio.
2645 4333 2822 4403 Atque
2866 4332 2967 4388 ista
3023 4347 3186 4401 qua-tn
3267 4333 3563 4403 plurimum

1995 4426 2217 4492 distant,
2277 4427 2616 4496 multumque
2674 4426 2826 4480 abest
2867 4435 3064 4478 utrem
3094 4434 3218 4479 ante
3249 4425 3437 4480 oculos
3467 4441 3567 4493 po-

319 4521 685 4588 απτομένους,
715 4522 850 4591 ὅπερ
886 4522 979 4575 ἐπὶ
1006 4522 1100 4576 τοῦ
1126 4525 1360 4595 Χριστοῦ
1392 4528 1486 4580 καὶ⁸
1534 4527 1633 4597 τῆς
1668 4528 1894 4600 Ἐκκλη-

1999 4529 2152 4572 nant.
2191 4518 2400 4572 Etenim
2445 4518 2759 4589 coniugium
2807 4532 3085 4585 nunquam
3134 4514 3565 4586 adeo‘eunjnges

324 4611 448 4673 σίας
478 4610 798 4680 συμϐαίνειο
831 4611 953 4666 ὅθεν
984 4615 1011 4666 ὁ
1043 4613 1183 4677 θεῖος
1233 4614 1551 4681 ’Λπόστολος
1589 4618 1756 4673 εἰπὼν
1799 4639 1896 4674 πε-

324 4704 382 4776 ρὶ
410 4703 506 4758 τοῦ
548 4705 750 4774 γάμου,
780 4723 799 4758 ι
831 4706 902 4760 Τὸ
932 4710 1226 4778 μυστήριον
1260 4709 1418 4764 τοῦτο
1460 4711 1604 4781 μέγα
1644 4714 1810 4777 ἐστὶν,
1870 4734 1888 4766 ι

321 4800 596 4866 ἐπήγαγε,
633 4816 653 4850 ι
679 4799 839 4867 Λέγω
875 4798 932 4852 δὲ
978 4801 1060 4864 είς
1115 4802 1348 4870 Χριστὸν
1408 4804 1502 4858 καὶ
1523 4806 1622 4875 τὴν
1665 4807 1892 4879 Ἐκκλη-

326 4890 471 4953 σίαν,
503 4908 523 4942 ι
556 4888 767 4952 δεικνὺς
792 4889 851 4942 οὐ
882 4889 1089 4956 τοῦτον,
1121 4890 1234 4945 ἀλλ’
1263 4894 1467 4947 ἐκεῖνον
1489 4895 1579 4948 τὸν
1594 4896 1779 4965 γάμον
1804 4897 1894 4951 διὰ

328 4980 608 5051 θαύματος
630 4981 798 5049 ἄγων.
826 4981 905 5036 Τὰ
932 4981 989 5036 δὲ
1029 4983 1164 5054 μέλη
1195 4986 1460 5055 συνῆπται
1491 4987 1589 5056 μὲν
1614 4990 1679 5057 τῇ
1718 5005 1890 5057 κεφα-

323 5074 416 5144 λῇ,
448 5076 542 5127 καὶ
558 5073 624 5145 ζῇ
650 5074 728 5144 τῷ
757 5074 1046 5145 συνῆφθαι,
1078 5077 1170 5129 καὶ
1185 5077 1524 5145 διαιρεθέντα
1544 5079 1895 5150 ἀποθνήσκει·

330 5168 584 5236 φαίνεται
619 5167 676 5220 δὲ
712 5165 804 5219 καὶ
843 5165 1016 5220 ταῦτα
1039 5166 1117 5235 τῷ
1146 5167 1363 5238 Χριστῷ
1409 5169 1732 5239 συνημμένα
1764 5170 1896 5239 μάλο

324 5259 471 5330 λονῆ
503 5261 568 5329 τῇ
592 5258 799 5313 ἑαυτῶν
825 5258 1056 5329 κεφαλῇ,
1091 5259 1187 5313 καὶ
1212 5259 1384 5330 τούτῳ
1413 5260 1591 5323 ζῶντα
1620 5261 1821 5330 μᾶλλον
1859 5260 1893 5330 ἢ

324 5352 394 5419 τῇ
430 5349 565 5420 πρὸς
594 5348 762 5418 αὐτὴν
795 5350 1052 5421 ἁρμονίᾳ.
1085 5350 1191 5403 Καὶ
1220 5349 1378 5404 τοῦτο
1399 5350 1555 5420 δῆλον
1614 5352 1720 5404 ἀπὸ
1782 5351 1894 5403 τῶν

332 5440 622 5511 μακαρίων
653 5440 970 5510 μαρτύρων,
1013 5441 1063 5492 οἳ
1089 5442 1150 5493 τὸ
1183 5444 1280 5511 μὲν
1333 5442 1634 5509 ὑπέμειναν
1697 5442 1886 5512 ἡδέως,

1998 4608 2329 4678 conjugabit,
2366 4617 2425 4663 ut
2452 4610 2587 4663 alter
2638 4610 2692 4663 in
2724 4611 2895 4665 altero
2940 4610 3083 4664 sitet
3136 4611 3300 4673 vivat,
3334 4609 3385 4662 id
3419 4610 3563 4677 quod

1998 4699 2055 4753 in
2079 4699 2298 4755 Christo
2321 4708 2375 4755 et
2409 4700 2651 4754 Ecclesia
2679 4704 2943 4756 cernitur.
2972 4699 3128 4755 Unde
3159 4709 3384 4754 sanctus
3415 4702 3562 4767 Apo-

1998 4790 2192 4853 stolns,
2241 4806 2363 4843 cum
2422 4791 2651 4847 dixisset
2684 4792 2750 4849 de
2780 4792 3156 4853 matrimonio,
3194 4787 3558 4844 «Sicramen—

2001 4890 2113 4936 tum
2140 4883 2241 4938 hoc
2270 4898 2522 4951 magnum
2543 4884 3187 4956 estuadjecitcontinuo,
3218 4902 3235 4933 ι
3252 4882 3358 4951 Ego
3376 4892 3557 4937 autem

1996 4973 2115 5026 dico
2149 4973 2200 5026 in
2227 4974 2466 5039 Christo,
2497 4976 2625 5029 etin
2654 4975 2897 5030 Ecclesia
2925 4977 2990 5041 ",
3020 4994 3038 5026 ι
3103 4976 3418 5040 ostendens,
3450 4992 3557 5029 non

2001 5065 2119 5119 illas
2148 5081 2267 5120 sese
2312 5067 2549 5134 nuptias,
2600 5081 2787 5121 verum
2824 5066 2987 5120 hasce
3045 5068 3226 5135 potius
3275 5069 3558 5125 admirari.

2001 5158 2236 5212 Membra
2270 5168 2450 5213 autem
2484 5174 2730 5214 connexa
2760 5159 2978 5229 quidem
3003 5170 3129 5215 sunt
3163 5163 3347 5231 capiti,
3385 5174 3438 5219 et
3463 5181 3562 5234 per

1994 5267 2114 5305 eam
2134 5252 2525 5306 connexionem
2567 5261 2728 5320 atque
2758 5259 3004 5320 copulam
3031 5252 3239 5318 vivunt,
3280 5270 3387 5323 qua
3411 5257 3560 5309 diru-

1997 5354 2083 5413 pta
2118 5345 2444 5398 moriuntur.
2475 5344 2543 5397 At
2570 5359 2697 5398 vero
2722 5343 2824 5398 ista
2847 5346 3090 5399 membra
3117 5346 3333 5401 Christo
3362 5349 3555 5415 magis,

1997 5449 2157 5505 quam
2184 5449 2284 5489 suo
2309 5434 2469 5504 capiti
2501 5434 2791 5502 conjuncta
2819 5436 3091 5502 videntur,
3125 5436 3405 5505 magisque
3435 5439 3554 5499 hac,

328 5529 391 5580 τὸ
419 5528 475 5581 δὲ
506 5526 628 5580 οὐδὲ
660 5526 891 5581 ἀκοῦσαι
920 5528 1220 5599 ἐνέσχοντο,
1250 5531 1340 5583 καὶ
1375 5530 1472 5601 τὴν
1524 5531 1622 5601 μὲν
1666 5532 1896 5604 κεφαλὴι

1999 5543 2136 5599 utam
2167 5527 2257 5581 illa
2283 5542 2406 5580 cum
2456 5526 2633 5597 capite
2678 5531 3041 5585 commissura
3078 5538 3132 5583 et
3183 5542 3444 5597 compago
3472 5529 3555 5581 via

404 5737 427 5769 ⁹
467 5735 653 5791 Matth.
692 5752 885 5800 xxvm,
924 5736 1012 5791 20.

1094 5740 1136 5772 ιθ
1164 5741 1395 5808 Philipp.
1431 5755 1489 5800 II,
1530 5740 1611 5793 15.
1691 5742 1728 5771 ¹¹
1754 5742 1859 5793 lsa.
1901 5756 1955 5803 Χ,
1991 5740 2075 5793 15.

339 5807 501 5874 11,4.
581 5807 622 5838 ³³
652 5806 885 5878 Philipp,
938 5824 1008 5875 tv,
1051 5808 1105 5866 7.
1187 5810 1230 5841 "
1274 5806 1427 5865 tua".
1472 5824 1580 5873 λιν,
1642 5809 1733 5875 15;
1777 5810 1962 5862 Matth.
2000 5826 2146 5878 xxii;
2178 5807 2387 5863 Celess.
2422 5809 2458 5860 l.

2156 5738 2197 5769 ¹²
2230 5735 2385 5790 Joan.
2423 5753 2531 5799 xlv,
2561 5737 2653 5790 Ξῖ.
2732 5737 2773 5766 ¹³
2804 5735 2825 5789 l
2861 5736 2982 5789 Cor.
3025 5746 3097 5794 ιἰ,
3128 5728 3210 5781 l7.
3291 5727 3573 5800 “Epiri-3..

2539 5808 2579 5837 "’
2607 5807 2803 5875 Epiros.
2842 5820 2890 5869 ν,
2932 5801 3020 5855 52.
