4158 6306
379 379 476 446 501

1445 385 1545 446 DE
1589 385 1764 447 VlTA
1804 384 1882 443 ΙΝ
1915 380 2252 443 CHRISTO
2293 380 2442 440 LIB.
2481 378 2526 441 ῐ.

3512 380 3628 441 502

378 495 467 548 τὸν
515 493 640 548 νοῦν
662 492 838 548 οὐδενί
867 494 975 550 τῶν
1003 495 1178 550 ἄλλων
1217 497 1338 552 οὐδὲ
1399 498 1582 559 λαϐεῖν
1607 499 1783 570 ἔρωτα
1832 496 1940 550 τῶν

2057 491 2243 548 :ﬂundi
2278 505 2378 546 nec
2420 489 2584 545 ullius
2630 489 2708 547 rei
2757 504 2942 546 amore
2994 489 3278 562 implicari.
3310 492 3423 548 Etsi
3465 496 3612 548 enim

377 589 543 642 ὄντων
570 587 803 651 οὐδενός.
835 588 955 643 Κᾶν
973 588 1084 660 γὰρ
1105 583 1207 643 ὧδε
1249 591 1562 662 κινήσωμεν
1606 593 1706 662 τὴν
1754 591 1943 646 ἐπιθυ-

381 679 531 746 μίαν,
565 678 726 744 αὐτὸς
757 679 942 751 ῖστησι
979 681 1074 736 καὶ
1109 683 1402 751 ἀναπαύει,
1425 685 1528 738 κᾶν
1556 678 1758 748 ἐκεῖσε,
1779 685 1942 737 πάλιν

376 765 556 831 αὐτὸς,
614 766 718 819 κᾶν
745 766 1005 837 ἑτέρωσε,
1059 770 1154 824 καὶ
1186 771 1390 843 ταύτην
1433 773 1655 844 κατέχει
1690 774 1790 846 τὴν
1826 773 1942 826 ὁδὸν

379 859 470 915 καὶ
521 859 823 929 παριόντας
862 859 1180 931 χειροῦται.
1225 883 1244 916 ι
1305 865 1428 918 Ἐὰν
1480 867 1666 922 άναϐὦ
1725 869 1806 931 εἰς
1851 866 1943 921 τὸν

387 951 636 1022 οὐρανὸν,
665 953 729 1006 σὺ
772 952 888 1006 ἐκεῖ
928 947 996 1019 εἴ,
1046 956 1230 1025 φησίν·
1279 957 1376 1010 ἐὰν
1426 959 1651 1016 καταϐῶ
1711 962 1792 1024 εἰς
1853 959 1944 1015 τὸν

385 1045 534 1117 ᾅδην,
583 1045 778 1116 πάρει·
817 1045 913 1100 ἐὰν
949 1046 1207 1104 ἀναλάϐω
1235 1047 1336 1114 τὰς
1361 1051 1638 1122 πτέρυγάς
1680 1069 1779 1121 μου
1821 1051 1942 1105 κατ’

379 1138 572 1209 ὄρθρον
597 1138 693 1193 καὶ
727 1138 1136 1210 κατασκηνώσω
1162 1141 1242 1204 είς
1277 1144 1345 1196 τά
1389 1143 1590 1213 ἔσχατα
1627 1147 1728 1215 τῆς
1749 1144 1947 1200 θαλάσ-

382 1247 501 1300 σης,
557 1231 652 1284 καὶ
709 1232 821 1302 γάρ
877 1233 994 1285 εκεῖ
1051 1233 1243 1304 ἠχείρ
1291 1250 1386 1286 σου
1445 1235 1701 1306 ὁδηγήσει
1734 1254 1800 1307 με
1851 1239 1946 1293 καὶ

379 1322 598 1394 καθέξει
631 1339 698 1391 με
728 1323 760 1393 ἡ
789 1321 942 1388 δεξιά
964 1340 1077 1377 σου·
1118 1344 1137 1377 ι
1173 1326 1388 1395 ἀνάγκῃ
1415 1331 1524 1381 τινὶ
1547 1329 1831 1402 θαυμαστῇ
1850 1331 1946 1384 καὶ

378 1409 750 1482 φιλανθρώπῳ
810 1415 1084 1482 τυραννίδι
1133 1414 1270 1484 πρὸς
1319 1415 1511 1471 ἑαυτὸν
1571 1417 1728 1487 μόνον
1773 1419 1945 1473 ἕλκων

378 1502 475 1555 καὶ
515 1502 696 1573 ἑαυτῷ
746 1505 893 1574 μόνῳ
958 1504 1264 1562 συνάπτων.
1307 1509 1419 1561 Καὶ
1456 1508 1658 1578 ταύτην
1696 1504 1836 1562 εἰναι
1869 1503 1949 1562 οἷ-

383 1608 484 1659 μαι
512 1592 610 1662 τὴν
640 1594 909 1665 ἀνάγκην,
944 1589 1262 1670 ᾖσυνέλασε
1301 1597 1436 1664 πρὸς
1487 1597 1586 1670 τὴν
1633 1601 1812 1653 οἰκίαν
1854 1602 1947 1655 καὶ

380 1681 481 1750 τὴν
517 1683 754 1754 εὐωχίαν
783 1683 875 1748 οὓς
911 1685 1116 1752 ἐκάλει,
1160 1687 1237 1757 τῷ
1272 1687 1442 1760 δούλῳ
1471 1689 1663 1758 λέγων,
1697 1707 1718 1742 t
1758 1689 1946 1758 Ἀνάγο

380 1789 549 1827 κασον
593 1775 876 1840 εἰσελθεῖν,
905 1777 1054 1841 ὅπως
1081 1779 1314 1850 γεμισθῇ
1342 1782 1370 1834 ό
1389 1778 1537 1844 οἰκός
1577 1799 1699 1851 μου.
1740 1801 1762 1836 ι

453 1862 601 1922 Είεν.
657 1868 785 1920 Ὀτι
817 1867 914 1936 μὲν
957 1865 1099 1938 οὖνὴ
1153 1873 1213 1925 ἐν
1252 1872 1329 1942 τῷ
1350 1873 1570 1946 Χριστῷ
1593 1874 1828 1947 ζωὴηύκ
1853 1877 1946 1932 ἐπὶ

385 1954 480 2009 τοῦ
519 1957 807 2026 μέλλοντος
853 1959 1036 2030 μόνον,
1071 1961 1305 2033 ἀλλ’ῆδη
1334 1965 1427 2017 καὶ
1468 1966 1564 2019 ἐπὶ
1607 1966 1700 2022 τοῦ
1749 1969 1949 2039 παρόν-

382 2063 474 2110 τος
503 2050 735 2116 πάρεστι
777 2052 889 2113 τοῖς
935 2050 1111 2119 ἁγίοις
1155 2053 1250 2107 καὶ
1278 2054 1410 2118 ζῶσι
1453 2058 1574 2110 κατ’
1609 2057 1824 2130 ἐκείνην
1854 2061 1949 2114 καὶ

383 2137 692 2207 ἐνεργοῦσι,
741 2141 975 2211 φανερὸν
1017 2143 1082 2196 ἰκ
1129 2143 1238 2196 τῶν
1299 2145 1625 2216 εἰρημένων.
1688 2148 1852 2205 Ὅθεν
1890 2149 1947 2203 δι

383 2226 532 2280 ἔστιν
595 2229 737 2284 οὕτω
765 2231 926 2298 ζῆσαι
978 2233 1093 2297 καὶ,
1130 2235 1158 2288 ὃ
1198 2252 1332 2305 φησι
1383 2235 1616 2303 Παῦλος,
1662 2240 1722 2292 ἐν
1769 2244 1950 2296 καινό-

383 2335 508 2387 τητι
570 2321 717 2390 ζωῆς
763 2324 1157 2395 περιπατῆσαι,
1213 2327 1356 2395 λέγω
1414 2328 1478 2399 δὴ
1523 2329 1574 2382 τί
1640 2331 1881 2386 ποιοῦσιν
1922 2333 1951 2386 ό

384 2413 620 2480 Χριστὸς
650 2412 794 2468 οὕτω
829 2415 1156 2470 συνάπτεται
1201 2418 1298 2472 καὶ
1333 2419 1692 2489 προσφύεται,
1726 2423 1820 2476 καὶ
1852 2423 1952 2478 οὐκ

383 2500 480 2558 οἷδ’
507 2507 533 2558 ὅ
562 2523 616 2558 τι
657 2507 750 2560 καὶ
775 2507 880 2578 χρὴ
911 2508 1119 2574 καλεῖν,
1155 2509 1282 2578 ἑξῆς
1317 2509 1382 2562 ἂν
1416 2509 1500 2580 εἰη
1543 2512 1750 2582 ῥητέον.

461 2597 614 2650 Ἐστι
665 2597 842 2650 τοίνυν
893 2599 950 2651 τὸ
1008 2599 1111 2668 μὲν
1162 2600 1364 2667 θεόθεν,
1396 2602 1456 2654 τὸ
1490 2601 1544 2655 δὲ
1589 2603 1686 2672 τῆς
1743 2605 1950 2674 ἡμετέ-

388 2707 488 2760 ρας
531 2690 787 2760 σπουδῆς,
833 2693 928 2745 καὶ
969 2691 1030 2746 τὸ
1070 2693 1168 2760 μὲν
1198 2694 1413 2748 ἐκείνου
1467 2694 1722 2766 καθαρῶς
1767 2697 1949 2768 ἔργον,

388 2781 452 2832 τὸ
482 2781 537 2833 δὲ
581 2781 675 2833 καὶ
707 2784 838 2850 ἡμῖν
869 2782 982 2852 ἔχει
1025 2782 1338 2853 φιλοτιμίαν
1359 2800 1372 2814 ·
1418 2784 1618 2852 μᾶλλον
1672 2784 1731 2838 δὲ
1765 2787 1952 2840 τοσοῦ-

385 2886 482 2922 τον
526 2869 658 2940 παρ’
687 2871 846 2940 ἡμῶν
897 2873 1207 2941 εἰσφέρεται
1255 2872 1438 2940 μόνον,
1481 2873 1604 2927 ὅσον
1662 2875 1951 2945 ὑπομεῖναι

385 2961 488 3027 τὴν
526 2963 686 3031 χάριν
713 2962 810 3014 καὶ
876 2963 949 3032 μὴ
1019 2963 1310 3033 προδοῦναι
1350 2965 1443 3018 τὸν
1476 2965 1770 3036 θησαυρὸν,
1819 2967 1953 3038 μηδὲ

388 3053 582 3106 σϐέσαι
613 3053 710 3124 τὴν
735 3053 991 3122 λαμπάδα
1024 3055 1273 3126 ἡμμένην
1315 3056 1436 3127 ῆδη.
1459 3058 1616 3126 Λέγω
1669 3058 1732 3129 δὴ
1789 3059 1955 3129 μηδὲν

1972 1819 2022 1880 Β

2047 583 2136 638 hic
2188 583 2511 654 cupiditates
2557 582 3025 648 debellaverimus,
3085 583 3202 654 ipse
3259 598 3353 640 eas
3401 593 3616 640 coercet

2043 689 2108 730 ac
2130 673 2302 729 sedat.
2330 673 2396 728 Et
2419 689 2514 728 seu
2547 672 2672 728 illuc
2693 689 2805 739 cas,
2833 688 2930 730 seu
2949 675 3078 740 alio,
3101 675 3264 730 etiam
3287 673 3445 730 aliam
3465 675 3607 729 viam

2045 774 2294 836 occupat,
2357 774 2808 837 transeuntesque
2831 782 2996 821 manu
3024 766 3430 836 comprehendit
3459 781 3474 820 :
3506 785 3525 820 ι
3556 765 3613 820 Si

2045 857 2345 912 ascendere
2371 854 2427 910 in
2456 857 2676 921 calum,
2709 855 2908 926 inquit,
2938 865 2994 909 tu
3022 855 3133 910 illic
3167 866 3261 921 es;
3294 855 3340 910 si
3383 855 3614 910 descen-

2046 948 2174 1004 dero
2211 949 2267 1002 in
2297 947 2591 1010 infernum,
2639 947 2790 1001 ades.
2822 945 2878 1001 Si
2912 957 3196 1016 sumpsero
3228 959 3435 1016 pennas
3465 960 3614 1000 meas

2045 1039 2286 1106 diliculo,
2318 1049 2373 1094 et
2403 1037 2724 1094 habitavcro
2789 1037 2844 1092 in
2879 1038 3140 1093 extremis
3169 1040 3368 1104 maris;
3410 1038 3612 1092 etenim

2045 1133 2174 1188 illuc
2212 1145 2410 1185 manus
2441 1138 2528 1184 tua
2562 1128 2795 1184 deducet
2823 1142 2930 1192 tne,
2963 1139 3018 1182 et
3053 1128 3253 1182 tenebit
3282 1143 3368 1182 me
3395 1128 3614 1184 dextera

2045 1233 2138 1279 tua
2169 1223 2237 1284 ⁸⁸.
2278 1241 2298 1276 ι
2327 1230 2514 1278 coactu
2538 1219 2778 1291 quodam
2819 1218 3138 1274 admirando
3164 1225 3218 1273 et
3242 1221 3393 1273 suavi
3427 1231 3614 1288 tyran-

2047 1314 2174 1370 nide
2208 1314 2276 1370 ad
2312 1327 2374 1368 se
2402 1313 2578 1369 solum
2612 1326 2712 1367 nos
2738 1310 2983 1377 trahens,
3022 1311 3238 1380 sibique
3270 1311 3532 1380 copulans
3560 1318 3616 1364 et

2048 1410 2372 1477 astringens.
2409 1406 2585 1475 Atque
2603 1406 2743 1460 hanc
2765 1405 2910 1460 illam
2939 1419 3060 1460 esse
3093 1405 3198 1459 vim
3226 1411 3280 1459 et
3318 1403 3618 1458 necessita-

2046 1509 2154 1556 tem
2186 1501 2400 1569 opinor,
2459 1501 2647 1568 quain
2703 1497 2926 1551 domum
2990 1509 3145 1550 suam
3175 1495 3244 1550 ad
3305 1495 3627 1550 convivium.

2047 1590 2504 1661 compulit,{quos
2545 1590 2879 1654 convocavit,
2948 1602 3070 1642 cum
3133 1600 3290 1642 servo
3340 1586 3546 1640 diceret

2055 1702 2073 1736 ε
2101 1683 2377 1753 Compelle
2401 1683 2628 1768 intrare,
2660 1689 2719 1736 ut
2749 1681 3037 1751 impleatur
3058 1678 3254 1735 domus
3283 1691 3403 1733 mea
3427 1677 3524 1734 “.r

2116 1861 2294 1918 Vitam
2349 1860 2514 1932 igitur
2569 1861 2623 1914 in
2669 1859 2887 1916 Christo
2913 1874 3019 1915 non
3049 1873 3104 1914 tu
3130 1868 3360 1914 venturo
3411 1869 3614 1914 tantum

2048 1958 2248 2015 saeculo
2301 1956 2634 2019 adfuturam,
2687 1955 2782 2011 sed
2835 1955 2889 2009 in
2948 1956 3199 2026 praesenti
3233 1955 3397 2010 etiam
3426 1956 3617 2011 adesse

2049 2049 2277 2116 sanctis,
2306 2057 2356 2104 et
2386 2049 2685 2104 secundum
2743 2046 2893 2102 illam
2933 2061 3029 2103 eos
3054 2046 3240 2102 vivere
3298 2057 3462 2116 atque
3491 2063 3619 2117 ope-

2049 2141 2182 2206 rari,
2227 2155 2293 2195 ex
2327 2139 2415 2194 his
2449 2154 2570 2208 quae
2609 2139 2756 2193 dicta
2791 2147 2920 2193 sunt
2976 2139 3325 2209 perspicuum
3347 2138 3425 2193 fit.
3466 2138 3619 2194 Unde

2051 2241 2233 2287 autem
2282 2231 2357 2286 ita
2396 2233 2579 2286 vivere
2612 2231 2793 2297 liceat,
2829 2239 2885 2286 et
2921 2231 3067 2302 quod
3120 2231 3320 2287 Paulus
3359 2232 3437 2286 ait
3463 2233 3532 2298 ",
3562 2231 3617 2286 in

2052 2323 2293 2378 novitate
2344 2322 2466 2377 vitae
2497 2322 2800 2388 ambulare,
2832 2322 2986 2392 quid,
3017 2323 3260 2392 inquam,
3289 2320 3618 2379 facientibus

2052 2413 2304 2469 Christus
2353 2414 2429 2468 ita
2468 2414 2833 2484 coujungatur
2888 2423 2943 2468 et
2987 2413 3343 2479 adhmrescat,
3383 2422 3480 2469 aut
3511 2429 3619 2484 quo

2051 2507 2270 2562 nomine
2304 2521 2391 2561 res
2424 2505 2742 2576 appellanda
2771 2513 2877 2571 est,
2911 2505 3166 2573 deinceps
3190 2505 3545 2560 disseremus.

2123 2597 2513 2654 Faciendorum
2569 2597 2750 2667 itaque
2785 2597 2930 2651 aliud
2976 2613 3004 2651 a
3035 2594 3161 2660 Deo,
3193 2595 3341 2651 aliud
3370 2613 3401 2652 a
3438 2597 3617 2653 studio

2052 2698 2108 2746 et
2130 2691 2409 2761 diligentia
2441 2699 2622 2745 nostra
2651 2698 2836 2759 aptum
2863 2697 2946 2744 est
2971 2705 2986 2743 :
3011 2698 3064 2744 et
3095 2688 3224 2744 illud
3242 2689 3461 2760 quidem
3479 2705 3618 2762 opus

2054 2782 2174 2853 ejus
2200 2782 2370 2839 solius
2394 2793 2500 2847 est,
2541 2782 2640 2838 hoc
2672 2790 2915 2837 nostram
2966 2796 3184 2852 quoque
3213 2783 3618 2838 contentionem

2054 2874 2350 2942 desiderat,
2404 2875 2485 2928 vel
2531 2875 2734 2945 potius,
2791 2891 2820 2928 a
2853 2874 3012 2929 nobis
3063 2884 3274 2930 tantum
3329 2884 3622 2945 praestatur

2055 2965 2340 3031 duntaxat,
2377 2977 2636 3034 quantum
2667 2967 2854 3039 gratia:
2880 2965 3150 3034 innititur,
3183 2980 3282 3022 nec
3305 2967 3619 3022 thesaurum

2055 3057 2254 3128 prodit,
2311 3073 2413 3113 nec
2465 3058 2742 3114 lucernam
2797 3060 2910 3129 jam
2971 3073 3258 3115 accensam
3287 3059 3618 3130 exstinguit;

384 3148 854 3216 ὲπεισαγαγόντας
884 3148 1122 3203 ἐναντίον
1160 3151 1224 3219 τῇ
1257 3150 1368 3222 ζωῇ
1396 3149 1491 3205 καὶ
1517 3149 1554 3205 ἃ
1594 3150 1686 3204 τὸν
1732 3150 1955 3205 θάνατον

2058 3162 2182 3202 cum
2219 3147 2430 3204 scilicet
2479 3149 2615 3203 nihil
2644 3150 3140 3220 superinducimus,
3175 3151 3320 3220 quod
3361 3149 3484 3205 vitae
3520 3150 3623 3205 ad-

381 3243 563 3295 τίκτει
581 3258 600 3275 ·
630 3241 764 3311 πρὸς
788 3241 946 3294 τοῦτο
989 3243 1097 3314 γάρ
1127 3245 1234 3297 πᾶν
1268 3243 1602 3312 ἀνθρώπειον
1625 3242 1826 3311 ἀγαθὸν
1859 3241 1954 3296 καὶ

382 3335 538 3386 πᾶτα
567 3333 736 3404 ἀρετὴ
790 3335 967 3404 φέρει,
1022 3333 1096 3406 μὴ
1145 3335 1266 3389 καθ’
1311 3335 1505 3390 ἑαυτοῦ
1544 3352 1663 3388 τινα
1698 3336 1757 3388 τὸ
1804 3334 1953 3404 ξίφος

381 3425 619 3494 ὠθῆσαι,
658 3424 789 3493 μηδὲ
812 3425 1008 3494 φυγεῖν
1037 3425 1135 3496 τὴν
1152 3427 1498 3496 εὐδαιμονίαν
1532 3427 1626 3480 καὶ
1663 3429 1762 3497 τῆς
1785 3443 1956 3496 κεφα-

381 3514 487 3579 λῆς
511 3513 902 3569 άποσείσασθαι
927 3515 1052 3579 τοὺς
1092 3517 1408 3585 στεφάνους,
1438 3517 1512 3580 ὡς
1543 3518 1642 3588 τήν
1665 3534 1728 3587 γε
1768 3517 1954 3571 οὐσίαν

382 3605 561 3673 αὐτὴν
617 3605 714 3674 τῆς
747 3605 890 3675 ζωῆς
955 3606 1116 3669 αὐτὸς
1147 3607 1336 3678 παρὼν
1370 3609 1398 3659 ό
1428 3608 1664 3678 Χριστὸς
1711 3606 1954 3680 άρῤητόν

382 3715 511 3751 τινα
541 3697 748 3769 τρόπον
773 3698 993 3765 φυτεύει
1030 3701 1148 3762 ταῖς
1193 3700 1493 3771 ἡμετέραις
1520 3700 1741 3771 ψυχαῖς.
1777 3701 1956 3771 Πάρε-

387 3808 479 3844 στι
507 3791 614 3862 γάρ
640 3790 856 3861 ἀληθῶς
881 3792 974 3845 καὶ
1004 3791 1190 3862 βοηθεῖ
1235 3795 1354 3856 ταῖς
1393 3794 1590 3864 ἀρχαῖς
1634 3794 1733 3861 τῆς
1784 3792 1952 3864 ζωῆς,

385 3879 483 3946 αἶς
528 3883 688 3946 αὐτὸς
736 3884 1080 3955 ἐπιδημήσας
1132 3885 1414 3954 παρέσχε·
1466 3885 1699 3954 πάρεστι
1749 3884 1807 3938 δὲ
1860 3884 1958 3954 ούχ

385 3977 582 4046 ὥσπερ
611 3976 672 4030 τὸ
710 3976 926 4047 πρῶτον
959 3977 1168 4047 διαίτης
1199 3978 1293 4029 καὶ
1324 3977 1594 4043 συλλόγων
1629 3977 1723 4030 καὶ
1755 3977 1962 4048 διατρι-

389 4068 508 4120 ϐῶν
537 4069 674 4137 ἡμῖν
703 4067 795 4120 καὶ
825 4067 1118 4134 κοινωνῶν,
1157 4067 1272 4121 ἀλλ’
1307 4067 1493 4135 ἕτερον
1524 4067 1718 4138 ἐκείνῳ
1747 4069 1840 4121 καὶ
1874 4084 1961 4120 τε-

388 4160 662 4230 λεώτερον
689 4160 911 4229 τρόπον,
941 4160 1068 4213 καθ*
1085 4159 1143 4213 ὃν
1171 4158 1449 4230 σύσσωμοι
1497 4159 1643 4229 αύτῷ
1701 4159 1963 4230 γινόμεθα

391 4254 496 4308 καὶ
525 4253 722 4317 σύζωοι
753 4253 846 4306 καὶ
880 4253 1040 4321 μέλη.
1077 4253 1171 4306 καὶ
1202 4252 1254 4305 εῑ
1296 4270 1349 4305 τι
1395 4251 1531 4322 πρὸς
1575 4253 1737 4305 τοῦτο
1783 4251 1960 4324 φέρει.

391 4345 668 4415 Καθάπερ
718 4346 826 4415 γὰρ
873 4345 906 4414 ἡ
956 4343 1332 4413 φιλανθρωπία
1388 4345 1613 4411 άςατος,
1674 4343 1793 4397 ὅθεν
1827 4361 1964 4414 προ·

392 4438 540 4508 ήχοη
571 4439 697 4499 τοὺς
730 4437 1038 4506 αἰσχίστους
1067 4434 1211 4488 οὕτω
1249 4435 1480 4504 φιλήσας
1508 4435 1653 4488 οὕτω
1686 4437 1961 4506 μεγίστων

2056 3249 2322 3304 versetur,
2360 3249 2700 3311 mortemque
2741 3242 3046 3312 progignat.
3089 3240 3209 3299 Iluc
3237 3243 3384 3299 enim
3418 3245 3620 3299 bonum

2056 3346 2216 3388 omne
2259 3343 2312 3386 et
2342 3333 2520 3388 omnis
2573 3333 2746 3389 virtus
2793 3335 3029 3390 humana
3071 3334 3348 3399 collineat,
3399 3350 3468 3390 ne
3493 3337 3622 3405 quis

2055 3424 2294 3494 gladium
2332 3425 2383 3479 in
2420 3425 2770 3496 semetipsum
2817 3427 3021 3498 adigat,
3073 3443 3175 3483 nec
3200 3427 3372 3498 fugiat
3395 3427 3622 3482 felicita-

2055 3522 2186 3580 tem,
2233 3527 2285 3574 et
2332 3533 2592 3574 coronam
2625 3533 2658 3572 ο
2689 3519 2866 3589 capite
2915 3521 3185 3586 excutiat;
3248 3519 3505 3590 quoniam
3538 3535 3628 3576 es-

2057 3613 2286 3671 sentiam
2308 3613 2482 3682 ipsam
2518 3611 2638 3666 vitae
2661 3610 2912 3667 Christus
2938 3612 3163 3682 ipsemet
3184 3625 3443 3683 praisens,
3463 3616 3626 3671 modo

2057 3708 2316 3776 quodam,
2366 3703 2453 3759 cui
2493 3702 2836 3773 explananda
2881 3703 3047 3760 verba
3085 3717 3194 3761 non
3250 3705 3624 3776 reperiuntur,

2058 3801 2253 3856 animis
2276 3799 2475 3854 nostris
2503 3799 2654 3854 serit.
2695 3797 2837 3854 Vere
2864 3799 3009 3853 enim
3064 3797 3240 3866 adest,
3265 3806 3319 3854 et
3343 3798 3628 3870 principiis

2055 3891 2271 3948 vivendi
2305 3906 2463 3962 opem
2502 3890 2631 3956 fert,
2674 3907 2799 3961 quae
2832 3891 3061 3960 ipsemet
3087 3891 3325 3948 adventu
3357 3907 3460 3948 suo
3487 3900 3628 3948 attu-

2059 3983 2138 4038 lit.
2174 3983 2339 4038 Adest
2371 3994 2572 4046 autem,
2612 3998 2720 4038 non
2754 3992 2811 4036 ut
2839 3983 3074 4052 primum
3107 3983 3278 4049 victu,
3304 3999 3626 4054 congressu,

2059 4073 2452 4127 consuetudine
2490 4072 2774 4127 nobiscum
2801 4073 3214 4128 communicans
3233 4073 3346 4128 :sed
3365 4073 3470 4128 alia
3495 4089 3632 4143 qua-

2061 4160 2184 4214 dam
2250 4160 2459 4214 ratione
2516 4159 2740 4214 meliore
2798 4158 3247 4229 perfectioreque,
3327 4161 3628 4216 secundum

2063 4265 2224 4316 quam
2266 4265 2653 4320 concorpores,
2695 4259 2747 4306 et
2777 4249 3018 4320 ejusdem
3053 4251 3175 4306 vitae
3225 4251 3542 4322 participes,
3573 4260 3631 4308 et

2064 4341 2304 4398 membra
2371 4341 2445 4395 illi
2500 4340 2799 4407 evadimus,
2859 4350 2915 4396 et
2954 4342 3002 4397 si
3049 4343 3176 4412 quid
3235 4342 3382 4398 aliud
3439 4343 3642 4400 eodem

2065 4433 2318 4504 pertinet.
2348 4430 2816 4498 Quemadmodum
2855 4432 3000 4487 enim
3057 4434 3473 4505 benignitatem,
3524 4452 3629 4508 qua

394 4529 631 4594 ἀξιῶσαι
661 4527 921 4598 χαρίτων,
956 4528 1101 4598 καὶὴ
1143 4527 1424 4596 συνάφεια,
1461 4525 1586 4580 καθ’
1618 4529 1686 4598 ἣν
1747 4525 1955 4580 σύνεστι

2069 4525 2332 4594 impulsus
2366 4525 2620 4580 inimicos
2648 4526 2784 4580 adeo
2802 4525 3013 4590 dilexit,
3045 4527 3320 4596 tantisque
3348 4527 3649 4583 beneficiis-

393 4625 508 4682 τοῖς
539 4621 902 4689 φιλουμένοις,
927 4621 1106 4672 πᾶσαν
1134 4620 1315 4673 εἰκόνα
1342 4619 1436 4672 καὶ
1460 4621 1640 4673 πᾶσαν
1686 4619 1963 4689 ἐπωνυμία

395 4733 465 4769 αν
505 4715 647 4784 νικᾷ,
677 4712 820 4766 οὕτω
852 4713 948 4765 καὶ
983 4714 1012 4764 ὁ
1054 4711 1275 4780 τρόπος,
1331 4710 1454 4764 καθ’
1481 4709 1540 4764 ὃν
1602 4710 1819 4764 σύνεστι
1865 4713 1958 4766 καὶ

395 4809 628 4871 εύποιεῖ,
663 4804 990 4872 θαυμαστὸς,
1019 4804 1114 4856 καὶ⁸
1136 4803 1214 4870 τῷ
1238 4802 1522 4871 θαυμαστά
1551 4801 1796 4854 ποιοῦντι
1818 4801 1963 4872 μόνῳ

396 4899 717 4970 προσήκων.
744 4896 847 4949 Τὸν
879 4896 986 4965 γάρ
1017 4895 1267 4958 θάνατον,
1323 4894 1384 4947 ὃν
1409 4893 1623 4965 άληθῶς
1680 4893 1820 4964 ὑπὲρ
1863 4897 1964 4965 τῆς

395 4991 676 5062 ἡμετέρας
705 4989 849 5058 ζωῆς
875 4989 1138 5054 ἀπέθανε,
1173 4987 1463 5057 συμϐόλοις
1529 4987 1640 5040 τισὶ
1705 4988 1960 5058 καθάπερ

397 5087 460 5136 ὲν
500 5083 684 5152 γραφῇ
723 5080 1094 5151 μιμουμένους
1122 5080 1442 5149 πράγμασιν
1471 5063 1653 5144 αὐτοῖς
1683 5080 1968 5134 ἀνακαινί-

399 5175 488 5241 ζει
519 5175 608 5226 καὶ
641 5170 973 5227 ἀναπλάττει
996 5171 1087 5224 ταὶ
1119 5172 1215 5233 τῆς
1246 5169 1441 5223 ἑαυτοῦ
1493 5171 1779 5234 κοινωνοὺς
1801 5173 1972 5224 ποιεῖ-

397 5286 498 5322 ται
529 5265 696 5336 ζωῆς.

493 5454 620 5510 Ἐπὶ
643 5454 752 5524 γὰρ
771 5452 877 5507 τῶν
901 5449 1216 5522 μυστηρίων
1257 5447 1365 5502 τῶν
1390 5448 1550 5518 ἱερῶν
1573 5447 1664 5500 τὸν
1687 5446 1856 5514 τάφον
1878 5446 1972 5498 αύ-

402 5549 505 5604 τοῦ
537 5547 842 5618 γράφοντες
865 5546 959 5602 καὶ
985 5545 1076 5598 τὸν
1107 5543 1338 5596 θάνατον
1379 5541 1545 5595 αὐτοῦ
1573 5540 1974 5608 καταγγέλλον-

405 5659 527 5706 τες,
555 5640 622 5694 δι’
644 5637 824 5693 αὐτῶν
852 5637 1172 5708 γεννώμεθα
1193 5636 1288 5689 κειιί⁵
1317 5633 1659 5703 πλαττόμεθα
1688 5633 1781 5685 καὶ
1813 5633 1978 5700 ύπερ-

412 5734 569 5804 φυῶς
611 5731 997 5801 συναπτόμεθα
1018 5729 1096 5800 τῷ
1126 5728 1342 5799 Σωτῆρι
1363 5741 1376 5755 ’
1406 5727 1578 5780 ταῦτα
1608 5725 1716 5794 γάρ
1743 5727 1879 5788 ἐστι,
1908 5722 1978 5775 δι’

2069 4618 2389 4679 cumulavit,
2413 4616 2558 4671 nulla
2601 4616 2785 4686 lingua
2815 4626 3211 4689 consequatur:
3237 4628 3293 4674 et
3327 4627 3386 4672 ut
3408 4620 3633 4687 proinde

2068 4709 2382 4778 conjunctio
2425 4708 2565 4777 ejus,
2617 4723 2724 4779 qua
2759 4711 2952 4764 amicis
2979 4710 3094 4764 suis
3122 4710 3448 4776 devincitur,
3511 4725 3634 4766 om-

2071 4817 2194 4857 nem
2220 4816 2340 4870 quae
2357 4800 2540 4855 animo
2557 4799 2835 4856 informari
2877 4811 2971 4856 aut
2993 4800 3260 4857 nominari
3285 4810 3483 4869 potest,
3505 4816 3634 4857 con-

2067 4895 2398 4964 junctionem
2430 4902 2557 4964 post
2581 4909 2641 4950 se
2679 4893 2978 4963 relinquit;
3005 4893 3086 4948 sic
3111 4891 3238 4946 item
3296 4894 3490 4949 modus
3524 4901 3634 4964 quo

2073 4987 2225 5042 adest
2273 4994 2328 5040 et
2352 4985 2636 5050 benefacit,
2671 4983 3028 5040 admiratione
3069 4981 3288 5051 dignus,
3319 4991 3375 5036 et
3413 4981 3636 5039 facienti

2074 5077 2340 5133 mirabilia
2365 5077 2466 5133 soli
2520 5077 2853 5132 conveniens
2893 5084 2993 5129 est.
3029 5071 3254 5127 Mortem
3278 5073 3446 5138 enim,
3473 5090 3633 5144 quam

2075 5170 2189 5240 ipse
2215 5185 2311 5238 pro
2361 5170 2469 5223 vita
2505 5177 2692 5224 nostra
2718 5182 2843 5222 vere
2865 5165 3018 5232 obiit,
3044 5165 3215 5234 signis
3261 5173 3316 5222 et
3343 5165 3490 5221 notis
3516 5168 3638 5234 qui-

2073 5263 2328 5325 busdam,
2369 5263 2511 5316 velut
2538 5261 2590 5316 in
2620 5261 2828 5331 pictura
2860 5259 3159 5323 imitantes,
3202 5258 3367 5314 rebus
3398 5259 3529 5329 ipsis
3552 5272 3640 5312 rc-

2077 5362 2240 5407 novat
2267 5361 2318 5406 et
2349 5353 2650 5416 instaurat,
2702 5365 2766 5406 ac
2790 5350 2913 5406 vitae
2943 5367 3054 5406 sua:
3085 5362 3367 5408 consortes
3396 5356 3640 5420 praestat.

2135 5443 2193 5498 In
2215 5444 2382 5499 sacris
2405 5457 2636 5510 namque
2670 5441 3268 5513 mysteriissepulturam
3292 5441 3410 5510 ejus
3449 5437 3639 5491 adum-

2077 5536 2318 5596 hrantcs,
2342 5543 2394 5588 et
2414 5543 2640 5587 mortem
2657 5533 3065 5602 annuntiantes,
3089 5549 3183 5604 per
3205 5547 3265 5587 ea
3293 5541 3638 5599 generamur,

2079 5627 2428 5695 etfiugitnur,
2459 5633 2512 5678 et
2540 5626 2994 5688 excellentissime
3041 5640 3163 5681 cum
3215 5621 3499 5677 Salvatore
3549 5631 3642 5672 co-

2081 5717 2393 5771 alescimus.
2433 5715 2554 5773 "me
2581 5717 2722 5773 enim
2750 5727 2896 5785 sunt,
2925 5733 3018 5786 per
3047 5730 3166 5785 qua:
3186 5714 3238 5768 in
3273 5712 3410 5782 ipso,
3428 5707 3646 5765 utPaue-

495 5846 535 5876 ι’
570 5841 714 5901 Psal.
749 5856 1010 5908 cxxxvut,
1046 5839 1194 5896 8-10.
1271 5839 1317 5871 ²⁶
1370 5837 1502 5894 Luc.
1541 5854 1649 5906 xlv,
1709 5837 1800 5892 ‘23.
1879 5834 1921 5867 ¹¹
1955 5835 2116 5890 Rom.
2153 5847 2228 5900 Ix,
2257 5829 2312 5885 5.
