4158 6306
553 332 660 394 503

1806 342 2113 403 NlCOLAl
2157 346 2541 406 CABASILJS

3686 338 3795 407 50!

558 449 641 502 tus
691 446 766 501 ait
789 448 856 511 “,
887 447 1139 509 vivimus.
1172 466 1474 516 movemur,
1499 464 1554 508 et
1583 470 1807 519 sumus;
1852 457 2119 525 siquidem

2235 452 2298 513 ὧν
2338 460 2397 512 ἐν
2431 460 2581 529 αὐτῷ
2611 458 2813 529 ζῶμεν,
2925 475 3087 531 φησιν
3115 457 3346 521 Παῦλος,
3374 459 3471 513 καὶ.
3495 460 3798 530 κινούμεθα

554 537 823 607 baptisma
880 541 1099 609 quidem
1149 555 1272 596 esse
1326 552 1380 596 et
1436 559 1661 612 prorsus
1719 545 2020 601 subsistere
2073 549 2124 602 itt

555 629 771 683 ωλι-ἰπιο
823 630 1074 700 largitur.
1133 631 1187 686 ld
1248 634 1390 688 enim
1443 646 1691 691 mortuos
1775 639 2126 710 perditosqne

550 720 914 788 complexum,
937 723 1169 790 priurum
1203 724 1253 776 in
1283 724 1444 779 vitam
1480 726 1794 782 introducit.
1830 730 1997 784 Sacra
2024 746 2126 785 au-

550 811 654 857 tem
687 808 872 862 unctio
917 819 1102 865 natum
1133 812 1346 881 perficit
1370 822 1424 867 et
1455 826 1819 881 consummat,
1855 819 2124 874 actionem

550 896 642 951 tali
679 898 799 952 vitae
820 901 1234 969 respondentem
1266 903 1536 961 inserens.
1570 906 1758 962 Divina
1792 909 1989 964 deinde
2018 911 2126 965 Eu-

545 985 801 1042 charistia
832 988 998 1043 vitam
1034 990 1175 1046 hanc
1205 1002 1259 1047 et
1311 995 1602 1051 sanitatem
1659 999 1903 1055 continet
1962 1011 2128 1071 atque

544 1089 850 1134 conservat.
899 1080 1058 1134 Parta
1117 1084 1262 1137 enim
1318 1100 1555 1152 servare,
1589 1097 1641 1142 et
1674 1090 1836 1144 vitam
1868 1093 2125 1156 retinere.

547 1170 708 1234 panis
748 1172 868 1223 vitae
920 1171 1122 1226 donum
1157 1178 1227 1228 ac
1254 1191 1453 1233 munus
1480 1191 1582 1234 est.
1618 1181 1833 1249 ldcirco
1868 1184 1970 1239 hoc
2008 1189 2129 1255 qui—

546 1259 668 1313 dem
698 1275 836 1330 pane
862 1262 1113 1332 vivimus,
1132 1278 1410 1337 unguento
1436 1279 1616 1324 autem
1639 1287 1940 1338 movemur,
1967 1283 2126 1346 post-

545 1366 708 1420 quam
738 1367 769 1406 a
798 1352 1074 1421 baptismo
1132 1358 1449 1426 accepimus
1507 1371 1567 1415 ut
1594 1377 1862 1420 essemus.
1926 1365 1993 1421 Et
2024 1367 2129 1424 hoc

430 1508 449 1529 .
545 1454 705 1511 pacto
739 1444 973 1501 vivimus
1005 1448 1112 1502 vita
1175 1451 1378 1506 mundo
1408 1452 1515 1507 isto
1561 1456 1877 1523 aspectabili
1937 1459 2002 1512 ad
2048 1460 2130 1514 in-

544 1535 928 1602 aspectabilem
948 1533 1234 1605 conversa,
1266 1551 1444 1597 etnon
1467 1545 1688 1612 quidem
1711 1547 1852 1611 loco,
1880 1551 1973 1604 sed
2020 1551 2127 1606 vita

545 1630 600 1676 ct
629 1623 847 1681 vivendi
881 1627 1183 1685 rationibus
1213 1636 1584 1689 commutatis.
1608 1635 1717 1692 Nec
1744 1638 1889 1692 enim
1924 1640 2025 1708 ipsi
2060 1643 2126 1695 ad

547 1712 716 1769 Deum
748 1718 919 1772 evecti
950 1735 1164 1788 sumus,
1195 1737 1293 1778 nec
1316 1728 1383 1779 ad
1409 1727 1556 1781 illum
1582 1723 1961 1798 ascendimus;
1992 1734 2125 1801 quin

547 1804 635 1859 ille
662 1806 846 1875 potius
870 1810 936 1863 ad
971 1826 1073 1866 nos
1108 1814 1275 1878 venit,
1309 1827 1362 1869 et
1397 1816 1698 1886 descendit,
1733 1837 1831 1877 nec
1854 1838 1953 1877 nos
1971 1837 2121 1893 quae-
2158 1811 2198 1866 Β

545 1897 791 1966 sivimus,
826 1900 1165 1983 sedlquresiti.
1185 1922 1376 1963 sumus
1395 1951 1410 1977 ,
1427 1910 1554 1975 quia
1571 1926 1676 1966 non
1695 1912 1812 1969 ovis
1831 1922 2126 1981 pastorem,

546 1998 646 2037 nec
673 1984 931 2042 drachma
979 1990 1424 2059 patremfamilias
1451 1998 1724 2062 qu:esivit,
1774 2011 1857 2055 ast
1907 2001 2022 2067 ipse
2063 2004 2130 2056 de

545 2077 684 2131 calo
712 2077 764 2131 in
786 2087 989 2135 terram
1010 2087 1378 2153 prospexit,et
1403 2090 1613 2144 invenit
1636 2091 1922 2163 imaginem
1951 2110 2127 2160 suam,

546 2167 804 2236 venitque
840 2171 891 2224 in
924 2172 1040 2227 loca
1087 2174 1139 2228 in
1172 2177 1371 2244 quibus
1419 2180 1639 2235 errabat
1690 2184 1830 2249 ovis,
1859 2188 2040 2255 {quam
2074 2188 2129 2242 in

550 2260 807 2315 humeros
830 2264 1071 2329 sustulit,
1095 2277 1148 2320 et
1175 2268 1244 2322 ab
1276 2271 1514 2325 errando
1544 2273 1829 2332 cohibuit:
1864 2294 1970 2333 non
2006 2281 2131 2336 inde

549 2351 795 2408 homines
826 2354 1223 2423 transferendo,
1245 2362 1337 2416 sed
1364 2363 1417 2416 in
1450 2366 1611 2420 terris
1640 2380 1919 2425 manentes
1948 2383 2001 2425 et
2028 2390 2132 2429 cce-

552 2444 712 2497 lestes
735 2445 988 2513 reddidit,
1011 2457 1063 2503 et
1091 2451 1251 2505 vitam
1279 2453 1345 2507 iis
1367 2455 1640 2511 caelestem
1665 2460 1983 2529 impertivit.
2013 2465 2130 2521 Non

550 2535 605 2592 in
630 2536 830 2593 malum
863 2553 963 2594 nos
1006 2542 1290 2610 subduxit,
1322 2546 1416 2601 sed
1450 2552 1645 2602 emtum
1671 2553 1738 2605 ad
1774 2569 1873 2609 nos
1898 2555 2131 2614 inclina-

546 2627 624 2681 vit
649 2636 701 2680 et
738 2629 983 2689 deduxit.
1008 2632 1431 2705 sicntPropheta
1460 2641 1569 2694 ait:
1596 2642 1915 2701 tlttclinavit
1938 2651 2129 2715 caelos.

548 2725 603 2771 et
643 2716 922 2775 descendit
949 2722 1017 2777 ".
1053 2742 1070 2775 ι
1101 2723 1333 2782 Proinde
1368 2744 1460 2798 per
1501 2731 1613 2787 haec
1652 2748 1838 2791 sancta
1873 2744 2130 2811 mysteria

550 2815 811 2879 tanquam
848 2827 958 2881 per
1008 2815 1276 2874 fenestras
1305 2820 1356 2873 in
1407 2824 1753 2881 tenebrosum
1779 2830 1925 2886 hunc
1971 2849 2134 2888 mun-

551 2900 681 2954 dutn
737 2901 829 2956 Sol
856 2903 1083 2972 justitiaa
1125 2908 1447 2978 ingreditur,
1479 2918 1750 2987 vitamque
1773 2922 1901 2976 huic
1934 2928 2134 2982 mundo

552 2990 888 3049 conformem
918 3006 1091 3052 morte
1114 2999 1301 3066 afﬁcit,
1325 3018 1389 3058 ac
1415 3007 1693 3063 cmlestem
1721 3014 1940 3077 excitat,
1967 3029 2020 3071 et
2040 3018 2131 3072 lux

2178 590 2187 599 .
2235 555 2326 605 καὶ
2361 552 2550 621 ἐσμέν.
2593 553 2747 604 Ἐπεὶ
2784 551 2846 605 τὸ
2889 552 2986 621 μὲν
3033 551 3322 622 βάπτισμα
3352 552 3414 604 τὺ
3442 549 3585 606 εἰναι
3617 554 3802 608 δίδωσι

2234 645 2327 697 καί
2361 643 2497 706 ὅλως
2543 644 2848 712 ὑποστῆναι
2889 643 3027 695 κατὰ
3053 643 3291 711 Χριστόν
3320 659 3336 675 ·
3388 643 3550 696 τοῦτο
3581 645 3691 713 γὰρ
3717 662 3806 697 νε-

2235 734 2400 805 κροὺς
2433 734 2528 787 καὶ
2571 733 3000 802 διεφθαρμένους
3041 732 3360 801 παραλασδν
3400 733 3481 795 είς
3526 733 3625 803 τὴν
3656 733 3805 802 ζωὴν

2234 825 2451 895 πρῶτον
2478 827 2712 892 εἰσάγει.
2748 823 2813 877 Ἢ
2843 824 2897 878 δὲ
2930 823 3022 877 τοῦ
3066 827 3241 894 μύρου
3273 824 3453 893 χρίσις
3477 824 3679 877 τελειοῖ
3707 825 3829 876 τὸν.

2233 918 2636 988 γεγεννημένον
2660 919 2726 986 τῇ
2757 915 2934 983 τοιᾷδε
2968 915 3080 985 ζωῇ
3110 916 3498 987 προσήκουσαν
3523 916 3806 984 ἐνέργειαν

2234 1008 2506 1061 ὲντιθεῖσα
2530 1024 2546 1039 ’
2586 1009 2620 1077 η
2650 1008 2708 1061 δὲ
2754 1007 2873 1061 θεία
2914 1006 3240 1076 εὐχαριστία
3286 1007 3386 1075 τὴν
3420 1006 3570 1075 ζωὴν
3598 1006 3807 1075 ταύτην

2235 1103 2331 1154 καὶ
2361 1100 2460 1170 τὴν
2483 1101 2675 1169 ὑγείαν
2711 1100 2970 1170 συντηρεῖ
3006 1099 3099 1152 καὶ
3127 1101 3362 1167 συνέχει.
3393 1099 3466 1150 Τὸ
3496 1099 3605 1166 γὰρ
3633 1099 3806 1152 σῶσαι

2233 1193 2303 1247 τὰ
2352 1192 2621 1260 κτηθέντα
2653 1194 2747 1245 καὶ
2794 1191 3104 1245 διατελέσαι
3154 1188 3385 1253 ζῶντας,
3440 1193 3467 1243 ὀ
3519 1190 3619 1257 τῆς
3659 1189 3807 1257 ζωῆς

2234 1284 2449 1339 δίδωσιν
2483 1284 2648 1355 ἄρτος
2674 1299 2687 1313 ·
2717 1284 2804 1337 διὰ
2855 1281 3031 1336 ταῦτα
3072 1282 3248 1351 τούτῳ
3285 1281 3385 1349 μὲν
3421 1280 3499 1349 τῷ
3525 1281 3673 1351 ἄρττει
3701 1282 3808 1345 ζῶα

2238 1394 2359 1447 μεν,
2392 1375 2693 1444 κινούμεθα
2712 1375 2770 1429 δὲ
2790 1375 2867 1445 τῷ
2895 1375 3052 1445 μύρῳ
3075 1373 3182 1427 ἀπὸ
3205 1372 3300 1425 τοῦ
3334 1372 3562 1441 λουτροῦ
3583 1372 3643 1424 τὸ
3667 1369 3773 1425 eivs
3790 1392 3807 1426 ι

2236 1468 2516 1531 λαϐόντες.
2551 1467 2661 1520 Καὶ
2691 1465 2878 1518 τοῦτον
2909 1464 3004 1517 τὸν
3032 1464 3235 1533 τρόπον
3266 1465 3323 1515 ἐν
3345 1461 3425 1532 τῷ
3452 1461 3571 1531 Θεῷ
3597 1461 3802 1530 ζῶμεν,

2239 1560 2620 1631 μετατιθέντες
2675 1557 2765 1611 τὸν
2813 1556 2926 1626 βίον
2975 1556 3085 1609 ἀπὸ
3130 1553 3224 1607 τοῦ
3273 1553 3553 1622 ὁρωμένου
3606 1551 3802 1606 τούτου

2236 1652 2374 1723 πρὸς
2400 1654 2492 1705 τδν
2523 1651 2598 1721 μή
2632 1649 2965 1720 βλεπόμενον
2986 1649 3215 1715 κόσμον,
3247 1646 3307 1698 οὒ
3332 1645 3424 1698 τὸν
3455 1644 3622 1697 τόπον
3645 1644 3807 1713 ἀμεί-

2236 1744 2448 1807 ϐοντες,
2477 1741 2615 1794 ἀλλὰ
2647 1740 2738 1793 τὸν
2786 1739 2898 1809 βίον
2934 1737 3029 1792 καὶ
3058 1738 3157 1806 τὴν
3190 1736 3358 1805 ζωήν.
3408 1736 3482 1788 Οὐ
3519 1735 3626 1805 γὰρ
3652 1737 3808 1790 αύτοί⁵

2233 1834 2371 1906 πρὸς
2405 1834 2499 1888 τὸν
2527 1833 2659 1887 Θεὸν
2704 1832 3044 1901 ἑκινήθημεν
3066 1829 3189 1883 οὐδὲ
3232 1829 3529 1900 ἀνέϐημεν,
3564 1829 3681 1883 ἁλλ’
3713 1829 3806 1882 αὐ-

2231 1929 2321 1991 τὸς
2357 1928 2492 1996 πρὸς
2524 1929 2674 1996 ἡμᾶς
2715 1924 2943 1994 ἐλήλυθε
2984 1923 3080 1975 καὶ
3106 1922 3318 1992 κατῄει.
3353 1923 3427 1974 ού
3456 1922 3564 1991 γὰρ
3608 1920 3805 1990 ἐζητή-

2233 2038 2429 2089 σαμεν,
2454 2019 2569 2072 ἀλλ’
2599 2017 2971 2087 ἐζητήθημεν,
2999 2018 3083 2068 ὅτι
3114 2014 3213 2067 οὐκ
3244 2013 3547 2084 ὲξεζήτησε
3579 2013 3638 2067 τὸ
3665 2015 3802 2082 πρό-

2231 2112 2395 2164 ϐατον
2425 2112 2517 2163 τὸν
2545 2110 2804 2179 ποιμένα,
2825 2110 2917 2162 καὶ
2947 2110 2979 2177 ἡ
3009 2108 3226 2178 δραχμὴ
3272 2106 3364 2158 τὸν
3391 2107 3801 2174 οἰκοδεσπότην.

2232 2204 2346 2256 ἀλλ’
2378 2203 2538 2266 αὐτὸς
2567 2201 2765 2271 ἔκυψεν
2787 2203 2863 2263 εἰς
2888 2200 2984 2270 τὴν
3010 2200 3115 2267 γῆν
3141 2216 3159 2249 ‹
3182 2200 3277 2250 καὶ
3297 2189 3423 2266 εὗρε
3442 2196 3539 2265 τὴν
3569 2196 3751 2248 εἰκόνα
3780 2212 3799 2245 ι

2234 2296 2329 2350 καὶ
2368 2297 2460 2348 ἐπὶ
2504 2295 2614 2347 τῶν
2663 2293 2843 2347 τόπων
2873 2291 3108 2359 ἐγένετο,
3159 2292 3242 2359 ἐφ’
3283 2284 3364 2352 οἷς
3423 2289 3484 2340 τὸ
3527 2288 3803 2357 πρόϐατον

2234 2388 2525 2451 ἐπλανᾶτο,
2558 2386 2652 2439 καὶ
2680 2385 2925 2439 ἀνείλετο
2960 2383 3054 2436 καὶ
3085 2383 3185 2452 τῆς
3216 2381 3428 2451 πλάνης
3466 2379 3713 2451 ἔστησεν.
3739 2379 3797 2430 ού

2237 2482 2591 2550 μεταστήσας
2642 2478 2877 2538 ἐνθένδε,
2921 2476 3057 2528 ἀλλὰ
3116 2477 3376 2545 μένοντας
3427 2474 3519 2527 ἐπὶ
3550 2474 3649 2541 τῆς
3698 2474 3801 2540 γῆς

2235 2573 2331 2626 καὶ
2394 2571 2681 2641 οὐρανίους
2735 2569 2957 2638 ἐποίησε
3013 2567 3108 2621 καὶ
3157 2567 3255 2637 τὴν
3306 2568 3363 2619 ἐν
3400 2563 3612 2635 ούρανῷ
3651 2564 3801 2627 ζωὴν

2235 2665 2512 2734 ἐνέθηκεν,
2558 2664 2657 2716 οὐκ
2683 2662 2973 2729 ἀναγαγὼν
3008 2662 3085 2724 εἰς
3120 2660 3210 2713 τὸν
3257 2659 3509 2730 οὐρανὸν,
3546 2656 3679 2711 ἀλλὰ
3710 2657 3799 2707 τὸν

2234 2752 2462 2822 οὖρανδν
2491 2754 2571 2812 εἰς
2591 2750 2740 2820 ἡμᾶς
2763 2750 2951 2812 κλίνας
2982 2751 3076 2802 καὶ
3101 2747 3455 2817 καταγαγών.
3496 2766 3513 2798 ι
3544 2746 3646 2800 Καὶ
3672 2745 3799 2813 γὰρ,

2235 2844 2263 2897 ὅ
2294 2860 2460 2913 φησιν
2479 2845 2504 2894 ὀ
2522 2841 2838 2913 Προφήτης.
2868 2840 3078 2894 ἔκλινεν
3106 2841 3369 2909 οὐρανοὺς
3403 2841 3497 2892 καὶ
3525 2837 3747 2905 κατέϐη.
3780 2856 3796 2886 ι

2239 2936 2348 2989 Καὶ
2394 2934 2574 2986 τοίνυν
2605 2935 2692 2987 διὰ
2745 2933 2852 2987 τῶν
2885 2930 3204 3003 μυστηρίων
3242 2931 3449 2984 τούτων
3495 2932 3604 2983 τῶν
3646 2930 3813 2999 ίεριῖγ

2237 3028 2424 3095 ὥσπερ
2453 3029 2540 3081 διὰ
2577 3027 2811 3097 θυρίδων
2842 3027 2923 3089 είς
2951 3026 3042 3078 τὸν
3085 3025 3362 3079 σκοτεινὸν
3390 3022 3580 3076 τοῦτον
3605 3022 3823 3090 κόσμον-

553 3085 743 3137 mumli
798 3088 1064 3141 mundum
1103 3092 1307 3158 vincit;
1342 3099 1485 3164 quod
1517 3098 1600 3153 his
1630 3102 1811 3158 verbis
1859 3106 2127 3163 insinuat:

564 3195 569 3196 ,
587 3174 628 3196 Β
650 3194 653 3196 .
673 3191 693 3196 -
732 3177 779 3196 -.ε
797 3179 831 3196 -9
1020 3182 1031 3196 ι
1156 3184 1191 3196 ,ι
1293 3184 1311 3196 ι-
1562 3193 1570 3196 .
1710 3194 1720 3196 μ

2237 3121 2265 3171 ὁ
2288 3085 2438 3189 ἥλιος
2465 3085 2772 3187 εἰσέρχεται
2804 3085 2916 3187 τῆς.
2942 3116 3311 3186 δικαιοσύνης,
3356 3115 3449 3168 καὶ
3469 3114 3691 3169 θανατοῖ
3708 3113 3819 3181 μὲν

555 3174 699 3245 «Εεο
732 3177 834 3232 vici
867 3182 1129 3237 mundum
1156 3184 1253 3239 ⁸⁸.»
1292 3184 1349 3242 In
1380 3193 1591 3246 mortali
1625 3204 1674 3248 et
1701 3194 1876 3268 fragili
1902 3214 2133 3270 corpore

549 3271 806 3326 stabilem
837 3285 1209 3347 aeternamque
1238 3282 1403 3351 vitam
1439 3284 1640 3341 intulit.

2241 3212 2340 3277 τὴν
2380 3211 2664 3281 σύστοιχον
2704 3209 2781 3280 τῷ
2810 3210 3002 3279 κόσμῳ
3039 3208 3213 3275 τούτῳ
3247 3208 3413 3277 ζωὴν,
3470 3206 3721 3274 ἀνίστησι
3754 3204 3815 3257 δὲ

2237 3302 2335 3369 τὴν
2364 3302 2759 3371 ὺπερκόσμιον,
2809 3302 2905 3354 καὶ
2932 3302 3058 3371 νικᾷ
3084 3301 3174 3354 τὸν
3216 3302 3423 3367 κόσμον
3452 3298 3513 3351 τὸ
3549 3296 3667 3366 φῶς
3706 3295 3813 3348 τοῦ

550 3365 777 3435 κόσμου,
831 3369 971 3440 ὅπερ
1033 3371 1330 3428 αἰνίττεται
1396 3377 1594 3446 λέγων,
1670 3402 1688 3433 ι
1742 3385 1879 3451 Ἐγὼ
1925 3390 2188 3460 νενίκηκα
2238 3396 2328 3446 τὸν
2366 3396 2594 3464 κόσμον,
2637 3414 2654 3445 ι
2718 3397 2774 3446 ἐν
2832 3393 3013 3465 θνητῷ
3066 3395 3160 3446 καὶ
3216 3393 3390 3463 ῥέοντι
3447 3391 3655 3460 σώματι
3705 3390 3815 3459 τὴν

549 3458 798 3514 ἑστῶσαν
838 3463 929 3514 καὶ
958 3463 1229 3518 ἀθάνατον
1260 3469 1497 3537 εἰσάγων
1525 3472 1690 3542 ζωήν.

621 3554 773 3612 Sicut
806 3558 950 3612 enim
996 3560 1050 3614 in
1089 3561 1251 3616 domo
1283 3566 1561 3633 quapiam,
1599 3569 1795 3639 illapso
1816 3574 1945 3627 solis
1970 3575 2121 3630 radio

548 3645 771 3705 lucerna
798 3650 1133 3704 cernentium
1151 3655 1339 3710 oculos
1360 3655 1428 3708 ad
1457 3673 1514 3712 se
1541 3662 1774 3728 amplius
1799 3678 1904 3716 non
1931 3666 2122 3719 adver-

552 3739 638 3801 tit,
669 3754 857 3793 Vcrotn
909 3742 1129 3798 claritas
1157 3745 1292 3800 radii
1325 3762 1443 3801 eam
1490 3749 1648 3820 longe
1691 3753 1913 3808 vincens
1944 3755 2123 3810 dumi-

555 3840 747 3886 natur:
778 3834 1135 3889 consimilt‘ter
1157 3838 1209 3892 in
1241 3838 1343 3894 hac
1376 3840 1486 3897 vita
1510 3859 1604 3913 per
1635 3848 1890 3916 mysteria
1932 3849 2127 3905 futurae

555 3921 678 3982 vitae
708 3923 964 3991 splendor
1013 3928 1312 3994 immissus,
1340 3944 1395 3986 et
1426 3935 1640 3992 animas
1671 3939 2009 4009 inhabitans,
2044 3944 2126 3995 νὶ-

557 4025 665 4071 tam
700 4032 822 4087 qua:
859 4019 911 4071 in
952 4036 1116 4076 carne
1151 4023 1386 4093 degitur,
1423 4028 1611 4095 vincit,
1647 4032 2134 4100 pulchritudinem-

558 4123 663 4174 que
686 4121 737 4160 et
767 4111 1066 4166 claritatem
1094 4117 1278 4170 mundi
1306 4118 1469 4189 hujus
1498 4120 1771 4177 ub:cnrat.
1792 4124 1861 4178 Et
1895 4127 2006 4181 haec
2052 4141 2136 4181 est

558 4212 667 4254 v.ta
689 4204 775 4257 illa
809 4204 860 4257 in
887 4205 1103 4273 spiritu,
1127 4223 1232 4277 qua
1263 4213 1441 4266 omnis
1461 4215 1899 4282 concupiscentia
1930 4220 2132 4284 carnis,

552 4294 710 4356 juxta
741 4292 893 4347 Pauli
920 4311 1128 4359 vocem,
1155 4299 1556 4368 triumphatur:
1587 4305 1818 4373 «Spiritu
1840 4308 2130 4372 ambulate,

562 4382 757 4449 inquit,
794 4394 848 4434 et
872 4384 1140 4439 desideria
1177 4391 1358 4444 carnis
1386 4408 1491 4446 non
1528 4378 1820 4461 perficiatis
1846 4400 1944 4451 π.»
1980 4399 2127 4455 lianc

563 4471 702 4523 riam
733 4472 909 4526 secuit
944 4473 1203 4532 Dominus
1226 4489 1430 4546 noster,
1463 4485 1679 4543 cumad
1704 4502 1801 4541 nos
1832 4490 2056 4553 veniret,
2078 4500 2130 4546 et

559 4562 701 4619 hanc
747 4573 957 4634 portam
1003 4569 1056 4621 in
1090 4572 1350 4625 mundum
1388 4572 1679 4646 :ingrcssus
1716 4582 1952 4648 aperttil,
1986 4593 2039 4636 et
2063 4584 2126 4636 ad

2301 3579 2565 3649 Καθάπερ
2619 3587 2728 3651 γὰρ
2784 3583 2843 3634 ἐν
2886 3580 3034 3651 οίκίᾳ
3087 3581 3184 3652 τῆς
3216 3580 3435 3642 ἀκτῖνος
3461 3575 3815 3644 εἰσελθούσης

2232 3675 2258 3722 ὁ
2299 3673 2489 3740 λύχνος
2525 3671 2708 3723 οὐκέτι
2739 3672 2836 3730 τὰς
2867 3670 3017 3739 ὄψεις
3047 3670 3152 3722 τῶν
3199 3668 3449 3738 ὁρώντων
3492 3669 3573 3730 είς
3617 3668 3815 3718 {xw-iv

2232 3764 2573 3834 ἐπιστρέφει,
2604 3763 2723 3816 ἀλλ’
2754 3765 2786 3832 ἡ
2820 3763 2918 3831 τῆς
2955 3765 3171 3823 ἀκτῖνος
3207 3760 3529 3829 λαμπρότης
3580 3761 3813 3824 ὑπερνι-

2238 3857 2387 3909 κῶσα
2423 3854 2675 3925 κατέχει·
2706 3854 2797 3907 τὸν
2832 3854 2943 3906 ἴσον
2986 3855 3184 3920 τρόπον
3213 3856 3303 3904 καί
3335 3854 3391 3903 ἐν
3420 3850 3559 3920 τῷδε
3599 3848 3675 3918 τῷ
3703 3850 3810 3918 βίῳ

2236 3950 2321 4002 διὰ
2360 3946 2462 4001 τῶν
2491 3947 2808 4018 μυστηρίων
2832 3949 2865 4016 ἡ
2907 3947 3006 4013 τῆς
3034 3945 3334 4014 μελλούσης
3362 3943 3507 4014 ζωῆς
3557 3942 3813 4011 λαμπρόο

2239 4058 2335 4109 της
2360 4040 2717 4109 εἰσερχομένη
2750 4040 2844 4090 καὶ
2872 4039 2989 4099 ταῖς
3018 4036 3217 4105 ψυχαῖς
3239 4034 3527 4088 ἐνοικοῦσα
3558 4034 3679 4102 νικᾷ
3706 4033 3815 4100 τὴν

2237 4135 2296 4185 ἐν
2323 4134 2485 4200 σαρκὶ
2510 4131 2655 4200 ζωὴν
2681 4129 2855 4183 καὶτὸ
2886 4128 3073 4189 κάλλος
3104 4126 3197 4179 τοῦ
3232 4129 3437 4194 κόσμου
3465 4124 3682 4185 τούτου,
3714 4127 3816 4174 καὶ

2237 4222 2334 4291 τὴν
2388 4221 2752 4290 λαμπρότητα
2790 4218 3155 4286 ἀποκρύπτει,
3188 4217 3281 4269 καὶ
3335 4215 3472 4284 αὕτη
3508 4214 3714 4280 ἐστὶνὴ
3749 4214 3815 4263 ἐν

2238 4312 2507 4380 πνεύματι
2530 4309 2664 4378 ζωὴ,
2706 4304 2775 4380 ἦς
2809 4308 3074 4373 ἐπιθυμία
3113 4311 3260 4362 πᾶσα
3311 4306 3513 4375 σαρκὸς
3553 4307 3809 4374 ἡττᾶται,

2237 4402 2380 4454 κατὰ
2425 4401 2514 4452 τὸν
2568 4398 2786 4451 Παύλου
2841 4399 3017 4464 λόγον,
3054 4415 3071 4447 ι
3114 4398 3387 4466 Πνεύματι
3447 4396 3811 4463 περιπατεῖτε

2240 4492 2334 4543 καί
2384 4488 2680 4557 ἐπιθυμίαν
2715 4489 2916 4559 σαρκὸς
2966 4488 3028 4539 ού
3066 4488 3139 4558 μὴ
3189 4488 3463 4557 τελέσητε.
3520 4506 3538 4538 ι
3586 4486 3809 4554 Ταύτην
3865 4507 3883 4535 μ

2235 4580 2334 4653 τὴν
2379 4582 2495 4635 ὁδὸν
2519 4583 2546 4633 ό
2594 4580 2796 4651 Κύριος
2825 4581 3018 4650 ἔτεμεν
3050 4583 3128 4643 εἰς
3160 4582 3309 4651 ἡμᾶς
3360 4580 3674 4650 ἐρχόμενος,
3704 4583 3810 4633 καὶ

560 4655 771 4712 Patrem
811 4672 1076 4726 reversus,
1113 4663 1364 4721 claudere
1391 4682 1499 4723 non
1527 4671 1808 4737 sustinuit,
1836 4675 1926 4728 sed
1960 4691 2023 4728 ex
2046 4688 2129 4729 ‘eo

2236 4674 2441 4743 ταύτην
2473 4672 2676 4741 ἀνέῳξε
2702 4673 2800 4740 τὴν
2823 4671 3022 4747 πύλην,
3052 4672 3311 4724 εἰσελθὼν
3341 4675 3421 4731 εἰς
3447 4673 3540 4725 τὸν
3573 4672 3803 4737 κόσμον,

564 4765 656 4816 per
679 4750 819 4806 hanc
847 4753 913 4806 ad
938 4766 1159 4810 sanctos
1183 4760 1422 4827 accedit;
1446 4763 1575 4829 quin
1601 4764 1780 4832 potius
1798 4770 1953 4820 omni
1988 4776 2123 4820 tem—

564 4857 689 4906 pore
724 4842 896 4907 adest.
934 4855 988 4900 et
1024 4848 1307 4904 nobiscum
1366 4862 1451 4908 Bai.
1489 4862 1542 4908 et
1569 4856 1671 4909 erit
1728 4872 1963 4924 semper,
1994 4871 2124 4924 pro-

565 4933 789 4989 missum
821 4952 885 4992 ac
914 4950 1188 5008 receptum
1216 4941 1342 4996 illml
1373 4960 1530 4999 suum
1549 4946 1807 5001 efﬁciens.
1830 4948 2122 5013 Quocirca.

570 5039 589 5075 ι
616 5020 727 5076 Non
754 5038 835 5087 cst
862 5027 961 5082 hoc
978 5030 1148 5095 aliud,
1177 5033 1277 5086 nisi
1303 5035 1496 5091 domus
1522 5035 1638 5100 Dei,
1661 5046 1713 5091 et
1733 5037 1845 5092 haac
1871 5047 1954 5092 est
1978 5048 2131 5106 porta

565 5113 713 5169 curti.
745 5133 765 5166 ι
793 5117 927 5170 dixit
960 5121 1126 5175 Jaeon
1164 5128 1468 5192 patriarcha
1492 5128 1537 5158 ³³
1556 5167 1571 5190 ,
1597 5143 1692 5196 per
1713 5142 1876 5194 quam
1909 5144 2016 5182 non
2042 5146 2131 5184 so.

565 5207 677 5259 lum
720 5209 893 5276 angeli
929 5210 978 5263 in
1006 5223 1177 5269 terras
1205 5217 1542 5271 descendunt
1576 5219 1818 5285 (cuilibet
1854 5219 2000 5272 enim
2031 5222 2134 5277 illi-.-

562 5295 701 5361 ti-to
731 5298 972 5369 adsunt),
999 5305 1089 5356 sed
1130 5317 1288 5361 etiam
1342 5309 1563 5375 ipsetttct
1598 5308 1913 5377 angelorum
1957 5310 2134 5367 Domi-

571 5402 691 5440 nus.
737 5388 885 5441 llam:
920 5395 988 5445 ob
1028 5412 1247 5452 causam
1292 5410 1342 5451 et
1398 5397 1645 5452 Salvntor
1687 5401 1909 5467 quando
1964 5403 2136 5470 bapti-

571 5495 748 5532 smum
779 5499 934 5537 suum
966 5504 1064 5540 ceu
1101 5490 1151 5543 in
1178 5491 1354 5545 tabula
1385 5502 1827 5559 prmmonslrans,
1867 5494 2132 5562 baptismo

571 5565 797 5629 Joannis
836 5575 948 5644 ipse
980 5596 1199 5649 quoque
1226 5582 1369 5634 ablui
1401 5597 1505 5634 non
1537 5584 1752 5651 refugit,
1793 5585 1990 5639 coelum
2014 5600 2114 5653 ape

645 5742 687 5779 ’³
725 5745 839 5794 Act.
882 5758 1011 5805 xvii,
1044 5744 1130 5795 “28.
1209 5745 1253 5774 ¹³
1287 5743 1424 5797 Ρδιί.
1486 5762 1613 5811 \vtt,
1662 5750 1851 5804 illaec.
1892 5749 2049 5810 LXX.

2130 5752 2174 5783 ³⁵
2205 5748 2362 5807 Juttn.
2399 5767 2507 5814 xw,
2537 5751 2622 5805 53.

2235 4765 2328 4818 καὶ
2362 4766 2442 4826 εἰς
2471 4764 2561 4816 τὸν
2598 4763 2817 4829 Πατέρα
2856 4763 3095 4815 ἀνελθὼν
3131 4764 3231 4817 οὐκ
3261 4763 3518 4832 ἠνέσχετο
3564 4762 3806 4828 κλεῖσαι,

2235 4856 2349 4909 ἀλλ’
2376 4856 2434 4918 ἐξ
2457 4854 2662 4907 ἐκείνου
2692 4853 2779 4906 διὰ
2805 4855 3007 4924 ταύτης
3032 4856 3296 4925 ἐπιδημεῖ
3323 4858 3432 4918 τοῖς
3456 4852 3766 4922 ἀνθρώποις
3791 4869 3811 4883 ο
3874 4913 3878 4917 η

2243 4947 2442 5016 μᾶλλον
2478 4946 2535 4999 δὲ
2593 4947 2857 5015 πάρεστιν
2913 4948 3000 4999 ἀεὶ
3029 4950 3123 5000 καὶ
3176 4946 3295 5018 μεθ’
3333 4946 3490 5017 ἡμῶν
3541 4947 3658 4997 ἐστι
3710 4946 3815 4998 καὶ

2242 5040 2394 5092 ἔσται
2422 5040 2583 5108 μέχρι
2613 5041 2813 5099 παντὸς
2847 5040 2942 5101 τὰς
2982 5040 3311 5109 ἐπαγγελίας
3340 5040 3527 5104 σώζων
3559 5038 3810 5101 ἐκείνας.

2249 5130 2455 5184 Οὐκοῦν
2482 5133 2581 5185 οὐκ
2602 5131 2716 5184 ἔστι
2744 5133 2901 5185 τοῦτο
2920 5132 3048 5186 ἄλλο
3070 5134 3102 5203 ἢ
3121 5130 3267 5195 οἶκος
3291 5132 3447 5196 Θεοῦ,
3477 5131 3570 5184 καὶ
3594 5130 3734 5197 αὕτη
3773 5132 3810 5197 ἠ

2242 5224 2381 5294 πύλη
2407 5224 2499 5276 τοῦ
2544 5224 2797 5292 οῦρανοῦ,
2835 5227 2863 5277 ὁ
2894 5225 3238 5294 πατριάρχης
3268 5225 3334 5277 ἂν
3371 5222 3513 5289 εἷπε,
3544 5225 3609 5275 δι’
3638 5216 3700 5292 ἧς
3740 5222 3811 5274 οὐ

2243 5315 2403 5383 μόνον
2443 5316 2665 5381 ἄγγελοι
2700 5315 3116 5368 καταϐαίνουσιν
3147 5316 3225 5377 είς
3261 5315 3356 5384 τὴν
3384 5316 3487 5382 γῆν
3545 5314 3657 5383 (καὶ
3688 5316 3759 5376 γὲ
3780 5328 3814 5378 ρ

2237 5406 2489 5473 παρεισιν
2529 5406 2871 5475 ἑκάστῳτῶν
2906 5406 3292 5473 τελουμένων),
3342 5403 3475 5455 ἀλλὰ
3507 5405 3598 5456 καὶ
3636 5401 3816 5463 αὐτὸς

2241 5499 2268 5547 ό
2307 5497 2417 5547 τῶν
2458 5498 2704 5561 ἀγγέλων
2733 5497 3028 5564 Δεσπότης.
3068 5495 3169 5551 Διά
3202 5496 3358 5547 τοῦτο
3402 5496 3494 5546 καὶ
3535 5493 3698 5560 ἡνίκα
3746 5498 3820 5542 τὸ

2247 5584 2529 5653 βάπτισμα
2567 5585 2627 5637 τὸ
2656 5585 2850 5640 ἑαυτοῦ
2881 5586 3132 5656 καθάπερ
3162 5589 3220 5639 ἐν
3258 5588 3442 5655 γραφῇ
3484 5579 3817 5653 προχαράτ-

2706 5751 2747 5783 ³⁵
2781 5752 2953 5811 Galut.
2981 5770 3030 5818 v,
3079 5753 3158 5806 16.
3237 5755 3277 5784 ²⁶
3319 5752 3452 5805 Gen.
3491 5764 3673 5812 χλι-ιιι,
3714 5746 3812 5807 i2.
