4132 6308
409 381 517 445 ἷο5

1506 384 1606 443 ΒΕ
1650 382 1829 444 νΙΤΛ
1856 381 1935 442 1N
1977 383 2307 444 CHRISTO
2347 384 2496 449 LIB.
2531 385 2579 447 Ι.

3549 386 3655 449 5οἳ

409 520 544 566 των,
570 501 630 555 τδ
655 500 933 572 βάπτισμα
970 499 1224 554 Ἰωάννου
1257 499 1353 554 καὶ
1384 500 1545 563 αὐτὸς
1576 502 1606 553 ό
1633 499 1822 569 Σωτὴρ
1848 497 1970 567 ἠνι-

2080 502 2185 554 ruit
2204 539 2220 563 ,
2268 500 2495 565 docens,
2530 501 2635 557 hoc
2666 517 2786 558 esse
2810 517 2907 572 per
2940 502 3085 573 quod
3135 503 3387 561 caelestes
3417 506 3539 562 illas
3568 523 3650 561 re.

413 607 576 661 σχετο
607 590 982 661 βαπτισθῆναι,
1012 591 1105 643 τὸν
1136 590 1366 659 ούρανδν
1393 588 1617 661 ἀνέῳξε,
1650 590 1866 653 δεικνὺς
1894 589 1978 643 δτι

412 681 570 737 τοῦτό
606 686 741 745 ἐστι,
771 682 839 735 δι’
866 672 928 735 οῦ
968 685 1061 735 τὸν
1085 683 1336 751 οὐράνιον
1365 681 1610 752 ὀψόμεθα
1632 682 1812 752 χῶρον
1836 696 1851 711 ο
1883 680 1980 733 καὶ⁵

417 775 525 845 μὴν
552 776 643 827 καὶ
670 775 736 827 δι’
761 769 834 826 ὦν
862 776 1187 843 ἀπεφήνατο
1216 773 1291 844 μὴ
1314 773 1575 828 δύνασθαι
1603 772 1871 825 εἰσελθεῖν
1896 773 1977 834 εἰς

410 866 508 936 τὴν
545 865 689 936 ζωὴν
742 866 838 920 τὸν
888 866 965 938 μὴ
997 866 1386 938 βαπτισθέντα,
1443 866 1604 919 τοῦτο
1646 866 1709 918 τὺ
1748 864 1977 934 λουτρὸν

409 958 605 1009 εῖσοδόν
635 976 758 1011 τινα
784 959 917 1011 αύτδ
947 958 1246 1014 αἰνίττεται
1273 958 1369 1013 καὶ
1400 957 1598 1026 πύλην.
1634 975 1654 1006 ι
1703 955 1978 1021 ’Δνοίξατέ

406 1065 494 1117 μοι
529 1049 705 1112 πύλας
750 1050 1124 1120 δικαιοσύνης,
1164 1070 1183 1104 ›
1231 1050 1396 1122 φησὶν
1428 1053 1455 1105 ό
1501 1050 1687 1109 Δαδὶδ.
1746 1048 1976 1114 ταύτας,

399 1135 577 1209 οἶμαι,
617 1141 716 1204 τὰς
750 1142 925 1205 πύλας
971 1143 1255 1213 ἀνοιγῆναι
1295 1143 1597 1212 ἐπιθυμῶν.
1651 1140 1822 1195 Τοῦτο
1868 1141 1977 1212 γάρ

399 1234 570 1300 ἔστιν,
606 1232 635 1286 ὃ
667 1232 855 1286 πολλοὶ
888 1234 1168 1305 προφῆται
1215 1234 1313 1289 καὶ
1343 1235 1583 1304 βασιλεῖς
1619 1233 1977 1303 ἐπεθύμησαν

402 1326 554 1390 ἰδεῖν,
586 1327 922 1395 ἀφικόμενον
943 1330 1021 1390 εἰς
1047 1327 1147 1399 τὴν
1180 1328 1286 1397 γῆν
1313 1329 1403 1381 τὸν
1441 1328 1696 1399 τεχνίτην
1735 1329 1844 1381 τῶν
1878 1329 1974 1381 θυ-

402 1418 517 1486 ρῶν
540 1418 753 1473 τούτων
776 1435 792 1450 ο
821 1419 910 1471 διὰ
949 1418 1108 1473 τοῦτο
1138 1421 1232 1472 καὶ
1257 1420 1306 1472 ει
1346 1420 1575 1487 γίνοιτο,
1606 1420 1792 1487 φησὶν.
1823 1417 1974 1489 αὐτῷ

398 1512 586 1581 τυχεῖν
619 1511 723 1580 τῆς
751 1512 956 1565 εἰσόδου
1003 1510 1101 1566 καὶ
1130 1511 1221 1566 διὰ
1271 1510 1478 1566 τούτων
1511 1510 1688 1565 ἐλθεῖν
1714 1509 1826 1564 τῶν
1864 1527 1974 1563 πυ-

399 1599 532 1666 λῶν,
581 1601 811 1672 χάριτας
845 1604 1207 1673 ὁμολογήσειν
1242 1602 1323 1673 τῷ
1353 1603 1474 1674 Θεῷ
1509 1601 1589 1672 τῷ
1633 1602 1866 1657 διελόντι
1912 1601 1976 1655 τὸ

397 1692 596 1762 τεῖχος.
636 1711 656 1744 ι
691 1692 962 1746 Εἰσελθὼν
989 1694 1120 1763 γὰρ,
1172 1693 1362 1763 φησὶν,
1394 1693 1452 1746 ὶν
1496 1692 1690 1756 αὐταῖς
1721 1691 1973 1761 ἐξομολο-

398 1783 640 1853 γήσομαι
670 1781 748 1852 τῷ
798 1784 1007 1854 Κυρέῳ,
1050 1773 1087 1834 ι’
1106 1787 1181 1847 ὡς
1226 1784 1333 1836 ἀπ),
1362 1784 1570 1837 τούτων
1598 1784 1833 1851 μάλιστα
1860 1782 1970 1834 τῶν

397 1872 582 1927 πυλῶν
608 1877 686 1936 εἰς
710 1874 1051 1943 τελεωτάτην
1077 1875 1143 1929 ἂν
1165 1876 1366 1942 γνῶσιν
1396 1876 1647 1945 δυνηθεὶς
1670 1876 1968 1941 ἀφικέσθαι

395 1967 496 2036 τῆς
525 1966 620 2020 τοῦ
647 1967 782 2020 Θεοῦ
810 1969 939 2037 περὶ
974 1968 1031 2020 τὸ
1063 1968 1233 2037 γένος⁴
1266 1967 1609 2037 ἀγαθότητος
1638 1968 1733 2020 καὶ
1780 1954 1972 2034 φιλανξ

398 2059 662 2130 θρωπῖας.

465 2154 531 2206 τί
575 2155 683 2221 γὰρ
729 2152 796 2206 ἂν
846 2153 1059 2220 γένοιτο
1114 2153 1299 2219 μεῖζον
1330 2154 1698 2221 χρηστότητος
1740 2153 1833 2205 καὶ
1882 2169 1973 2217 φι-
2012 2228 2017 2231 _

395 2243 748 2315 λανθρωπίας
787 2247 1038 2312 σημεῖον,
1078 2244 1113 2314 ἢ
1160 2243 1387 2296 λούοντα
1446 2247 1544 2314 μὲν
1593 2244 1745 2297 ὕδατι
1796 2244 1969 2309 ῥύπου

395 2338 494 2407 τὴν
517 2336 697 2406 ψυχὴν
724 2335 1110 2400 ἀπαλλάττειν,
1139 2335 1361 2407 χρίοντα
1391 2336 1446 2388 δὲ
1481 2334 1638 2407 μύρῳ
1664 2333 1971 2404 βασιλεύειν

392 2430 492 2501 τὴν
518 2432 575 2483 ἐν
603 2431 852 2502 οὐρανοῖς
876 2429 1177 2501 βασιλείαν,
1202 2430 1388 2501 ἐστιᾷν
1412 2430 1467 2482 δὲ
1486 2431 1545 2483 τὸ
1572 2430 1733 2498 σῶμα
1758 2433 1818 2482 τὸ
1844 2430 1969 2482 ἐαυ-

393 2526 487 2581 τοῦ
516 2528 610 2580 καὶ
646 2527 707 2580 τὺ
744 2521 883 2597 αἷμα
922 2526 1337 2596 παρατιθέντα;
1388 2526 1462 2577 Τό
1492 2542 1557 2594 γε
1605 2526 1713 2594 μὴν
1753 2524 1966 2593 ἀνθρὼ-

394 2638 529 2682 πους
559 2619 717 2681 θεοὺς
756 2620 847 2671 καὶ
873 2619 1023 2682 υἱοὺς
1056 2619 1311 2685 γενέσθαι
1348 2618 1507 2683 Θεοῦ,
1552 2619 1647 2671 καλ⁸
1674 2619 1773 2688 τὴν
1804 2620 1967 2685 φύσιν

393 2711 494 2779 τὴν
528 2710 806 2778 ἡμετέραν
837 2707 974 2761 Θεοῦ
1009 2710 1144 2779 τιμῇ
1198 2709 1519 2778 τιμηθῆναι,
1554 2708 1651 2762 καὶ⁵
1692 2709 1784 2761 τὸν
1837 2709 1968 2779 χοῦν

395 2803 474 2863 εἰς
504 2800 665 2853 τοῦτο
689 2800 845 2869 δόξης
876 2798 1254 2870 ἀνενεχθῆναι,
1297 2799 1372 2860 ὡς
1402 2799 1660 2869 ὁμότιμον
1697 2800 1788 2853 καὶ
1834 2801 1965 2869 όμό-

396 2892 521 2944 θεον
567 2891 665 2961 ἢδη
701 2893 764 2959 τῇ
801 2889 922 2961 θείᾳ
962 2888 1120 2958 φύσει
1158 2890 1433 2958 γενέσθαι,
1495 2888 1601 2942 τίνι
1653 2889 1850 2958 γένοιτ’
1898 2890 1965 2944 ἀν

396 2981 451 3032 ῖσ
489 2998 550 3045 ν;
586 2979 706 3033 τίνα
750 2979 795 3033 δ’
822 2979 887 3033 ἂν
930 2979 1247 3049 καινότητος
1278 2979 1586 3050 ὑπερϐολὴν
1629 2981 1960 3047 καταλίποι;

394 3072 564 3125 Τοῦτο
593 3071 699 3142 γάρ
731 3074 879 3126 ἐστιν
906 3074 939 3142 ἠ
992 3072 1163 3143 ἀρετὴ
1205 3071 1299 3126 τοῦ
1334 3071 1496 3135 Θεοῦ,
1540 3072 1663 3144 ἥτις
1691 3073 1961 3144 ἐκάλυψεν

2079 592 2271 664 giones
2323 593 2494 647 visuri
2534 594 2729 649 simus.
2769 592 2910 661 Quin
2971 596 3158 661 etiam,
3210 597 3408 666 quibus
3475 599 3655 653 verbis

2078 683 2386 746 afﬁrmavit.
2419 700 2527 739 non
2559 700 2717 752 posse
2766 687 2859 755 qtti
2890 701 3048 741 sacro
3082 686 3231 741 fonte
3280 688 3499 743 ablutus
3537 706 3645 744 non

2078 776 2170 840 sit,
2220 776 2274 830 in
2311 778 2477 831 vitam
2533 777 2762 847 ingredi,
2795 776 2861 830 iis
2892 777 3025 845 ipsis
3079 779 3358 832 lavacrum
3400 780 3541 833 istuc
3575 782 3657 833 in-

2079 867 2302 922 troitum
2359 878 2411 921 et
2452 880 2664 938 portam
2701 868 2993 937 quamdam
3041 868 3186 923 illius
3215 883 3339 923 esse
3368 870 3652 926 indicavit.

2083 958 2333 1028 «Aperite
2366 959 2501 1013 mihi
2537 970 2724 1028 portas
2757 958 2984 1028 justitiaa
3018 960 3118 1021 π.»
3159 962 3430 1014 exclamat
3461 960 3652 1022 David,

2077 1047 2200 1111 has,
2263 1056 2325 1104 ut.
2353 1050 2617 1114 arbitror,
2670 1059 2858 1120 portas
2910 1051 3109 1118 aperiri
3165 1050 3500 1106 desiderans.
3542 1049 3655 1104 Hoc

2076 1140 2221 1196 enim
2251 1149 2358 1205 est,
2392 1142 2538 1211 quod
2576 1142 2735 1196 multi
2769 1157 2925 1209 rcges
2953 1152 3005 1196 et
3039 1141 3313 1210 praphetze
3354 1143 3536 1198 videre
3559 1157 3656 1197 cu-

2077 1228 2320 1298 pierunt,
2355 1230 2638 1301 delapsum
2664 1230 2874 1285 scilicet
2908 1230 2962 1284 in
2996 1241 3171 1286 terras
3207 1239 3487 1300 portarum
3523 1231 3655 1285 ista-

2078 1335 2198 1374 rum
2227 1322 2514 1376 artiﬁcem.
2569 1319 2864 1390 PrOpterea
2912 1322 3042 1376 item
3073 1322 3118 1377 si
3149 1324 3400 1392 ingressu
3430 1322 3535 1375 isto
3560 1335 3656 1390 po-

2078 1412 2265 1476 tiatur,
2298 1427 2501 1482 perque
2526 1422 2711 1482 purtas
2737 1414 2901 1469 hasce
2935 1414 3192 1476 introeat,
3225 1412 3428 1482 gratias
3455 1426 3513 1467 se
3547 1410 3657 1466 Deo

2077 1512 2327 1557 acturum
2360 1505 2670 1572 proﬁtetur,
2702 1504 2798 1573 qui
2830 1518 3045 1558 murum
3086 1504 3302 1559 divisit:
3343 1501 3656 1572 tlngt'essus

2073 1594 2219 1649 enim
2252 1594 2306 1648 in
2335 1608 2449 1658 eas,
2498 1595 2699 1664 inquit.
2739 1594 3043 1649 conﬁtebor
3086 1593 3315 1648 Domino
3338 1593 3438 1658 ’⁸,ι
3471 1602 3529 1647 ut
3560 1595 3652 1664 qui

2075 1687 2144 1739 ah
2174 1686 2325 1740 hisce
2368 1687 2541 1753 portis
2590 1687 2826 1740 maxime
2875 1685 2942 1739 ad
2977 1683 3426 1754 perfectissimam
3458 1684 3655 1737 divina:

2077 1779 2339 1833 bonitatis
2390 1778 2847 1847 benignitatisque
2871 1792 2995 1847 erga
3027 1793 3199 1848 genus
3233 1779 3532 1832 humanum
3564 1792 3656 1831 co-

2072 1872 2374 1942 guiliuttcm
2407 1869 2651 1941 aspirare
2683 1871 2944 1941 potuerit.

2142 2180 2297 2245 Quod
2354 2181 2496 2233 enim
2538 2179 2843 2232 clementiae
2897 2187 2949 2230 et
2994 2176 3339 2247 benignitatis
3394 2176 3651 2231 indicium

2071 2270 2447 2332 excellentius,
2466 2274 2628 2337 Quam
2654 2269 2920 2321 lavantem
2947 2282 3106 2335 aqua,
3128 2281 3157 2320 a
3183 2267 3435 2321 sordibus
3459 2268 3655 2320 aniuue

2070 2358 2327 2430 purgari?
2382 2368 2609 2411 unctum
2668 2363 2945 2425 unguento
2978 2371 3210 2424 regnare
3242 2356 3297 2409 in
3350 2372 3518 2426 regno
3545 2370 3656 2410 cm-

2070 2451 2230 2509 lesti?
2257 2450 2509 2505 convivio
2539 2446 2714 2517 excipi
2758 2446 2825 2499 ab
2852 2461 2943 2509 eo,
2976 2447 3069 2514 qtti
3107 2461 3267 2499 suum
3309 2445 3423 2513 ipse
3456 2460 3655 2513 corpus

2067 2556 2122 2601 et
2146 2542 2467 2614 sanguinem
2517 2538 2813 2610 apposuit?
2848 2535 3096 2592 homines
3122 2538 3273 2597 deos,
3305 2546 3357 2590 et
3389 2536 3527 2591 lilios
3563 2536 3654 2596 Dei

2066 2641 2183 2694 lteri
2221 2638 2627 2704 ?naturamque
2659 2644 2900 2688 nostram
2937 2632 3147 2687 divinis
3183 2630 3493 2686 honoribus
3524 2630 3653 2693 coli,

2068 2747 2133 2787 ac
2171 2730 2448 2802 pulverem
2482 2729 2535 2782 in
2572 2736 2783 2782 tantum
2823 2726 3008 2797 gloriae
3034 2723 3309 2795 fastigium
3354 2724 3559 2786 extolli.
3597 2733 3656 2779 ut

2061 2825 2172 2894 jam
2198 2823 2393 2878 divinat
2429 2831 2660 2886 naturae,
2690 2827 2746 2874 et
2778 2819 3029 2882 honoris,
3065 2827 3119 2871 ct
3148 2817 3369 2871 deitatis
3421 2830 3655 2872 consors

2064 2916 2179 2971 sit?
2238 2914 2471 2971 Cuinam
2527 2910 2733 2979 aliquid
2763 2909 2869 2965 tale
2919 2908 3171 2964 eveniat?
3226 2922 3414 2977 quam,
3445 2921 3653 2976 quaeso,

2066 3007 2343 3065 novitatis.
2385 3014 2437 3058 et
2474 3005 2748 3058 inusitatae
2800 3001 2874 3054 rei
2936 3001 3367 3071 niagnitudinem
3422 3009 3652 3068 przeter-

2066 3097 2251 3153 misit?
2282 3096 2405 3151 llaec
2428 3097 2573 3151 enim
2610 3110 2695 3150 est
2730 3096 2902 3147 virtus
2930 3091 3042 3156 Dei,
3074 3108 3196 3162 quae
3222 3091 3438 3162 operuit
3464 3090 3656 3159 cmlos,

388 3164 652 3234 οὐρανούς
677 3153 705 3199 ·’
728 3160 904 3236 οῐμαι,
945 3167 1125 3219 πᾶσαν
1156 3167 1446 3238 (ὑπερέϐη)
1500 3166 1679 3220 κτίσιν
1723 3170 1817 3221 καὶ
1853 3170 1961 3223 πᾶν

2072 3192 2284 3261 opinor,
2338 3202 2642 3246 creaturam
2698 3190 3008 3242 universam
3053 3202 3418 3258 supergressa
3463 3197 3567 3247 est,
3601 3194 3655 3239 rt

388 3256 550 3327 ἔργον
577 3257 866 3326 ἀπέκρυψε
891 3257 985 3311 τοῦ
1019 3256 1154 3310 Θεοῦ
1187 3258 1265 3328 τῷ
1300 3257 1521 3327 μεγέθει
1544 3261 1635 3311 καὶ
1663 3256 1740 3328 τῷ
1773 3259 1961 3312 κάλλει

388 3351 642 3419 νικῆσαν.
675 3348 798 3402 Τῶν
841 3349 947 3420 γὰρ
984 3349 1144 3402 θείων
1182 3350 1360 3419 ἔργων
1395 3349 1652 3405 ἀπάντων
1679 3350 1821 3405 οὕτω
1863 3352 1965 3422 μὶν
1990 3340 2007 3349 κ

390 3443 602 3498 πολλῶν
639 3443 829 3504 ὄντων,
882 3441 1027 3495 οὕτω
1054 3442 1111 3496 δὲ
1163 3439 1344 3497 καλῦν
1393 3444 1488 3497 καὶ
1548 3446 1822 3514 μεγάλων,
1862 3447 1964 3500 οὐκ

391 3536 539 3588 ἐστιν
565 3534 739 3599 οὐδὲν,
784 3533 812 3586 θ
850 3533 926 3604 μὴ
982 3534 1081 3603 τῆς
1128 3534 1322 3601 σοφίας
1359 3535 1453 3588 τοῦ
1482 3536 1820 3607 δημιουργοῦ
1872 3539 1965 3592 καὶ

389 3626 490 3694 τῆς
529 3626 727 3695 τέχνης
756 3626 979 3677 ἔλαττον
1011 3626 1147 3696 ἔχει,
1190 3627 1283 3678 καὶ
1310 3625 1517 3681 δύναιτ’
1547 3629 1613 3681 ἂν
1646 3629 1755 3682 τῶν
1785 3631 1964 3700 ὑπηρ-
1997 3670 2008 3679 .

390 3718 610 3788 γμένων
637 3719 729 3770 καὶ
767 3717 973 3770 καλλίω
1021 3718 1117 3771 καὶ
1149 3717 1321 3786 μείζω
1368 3721 1640 3789 παράγειν
1698 3724 1964 3792 οὐμενοῦν

391 3813 498 3865 οὐδ’
527 3814 650 3864 ὅσον
695 3813 870 3865 εἰπεῖν
903 3808 1124 3874 ἐξεῖναι.
1161 3810 1221 3863 Et
1270 3812 1312 3863 δ’
1347 3811 1556 3865 ἔνεστιν
1610 3814 1772 3883 ἔργον
1825 3815 1961 3868 Θεοῦ

390 3904 646 3972 γενέσθαι
688 3902 874 3967 καλὸν,
919 3901 1090 3962 οὕτως
1122 3903 1348 3970 ἀγαθὸν,
1384 3903 1523 3956 ὥστε
1579 3906 1716 3973 πρὸς
1751 3907 1850 3965 τὴν
1875 3926 1964 3961 σο·

391 3996 520 4062 (ρίαν
552 3993 765 4061 ἐκείνην
796 3994 886 4044 καί
914 3991 1008 4060 τὴν
1032 3991 1262 4060 δύναμιν
1308 3994 1402 4044 καὶ
1430 3994 1530 4061 τὴν
1562 3994 1759 4063 τέχνην
1810 3996 1969 4063 ἁμιλ-

390 4087 639 4156 ληοῆναι,
680 4089 773 4138 καὶ
805 4085 880 4147 ὡς
935 4085 1065 4145 ἔπος
1110 4084 1307 4147 εἰπεῖν,
1364 4084 1501 4153 πρὸς
1556 4084 1655 4153 τὴν
1706 4086 1966 4155 ἀπειρίαν

392 4177 741 4245 tim-ﬂavas,
781 4180 873 4229 xui.
907 4176 1154 4245 καθάπερ
1190 4176 1332 4246 ἴχνος
1357 4178 1414 4229 τὸ
1443 4178 1670 4247 μέγεθος
1698 4180 1844 4233 ἃπαν
1869 4182 1965 4250 τῆς

392 4270 585 4340 (θέας)
623 4270 958 4337 ἀγαθότητος
992 4269 1290 4335 ὑποδεῖξαι,
1320 4269 1480 4323 τοῦτο
1509 4267 1664 4340 οἶμαι
1708 4269 1852 4325 εἶναι
1885 4293 1964 4328 νιε-

392 4365 577 4431 κῆσαι.
607 4361 667 4414 El.
711 4364 821 4431 γὰρ
854 4362 1211 4439 τοῦτόῡὲστιν
1264 4365 1350 4417 ἀεί
1398 4364 1475 4432 τῷ
1521 4365 1638 4433 Θεῷ
1672 4367 1732 4420 τὸ
1782 4367 1964 4439 ἔργον,

390 4454 597 4524 ἀγαθοῦ
634 4456 998 4524 μεταδιδόναι,
1049 4457 1141 4509 καὶ
1175 4456 1318 4525 ὑπὲρ
1346 4459 1539 4511 τούτου
1574 4462 1750 4513 πάντα
1800 4465 1961 4524 ποιεῖ,

2071 3295 2235 3335 Oune
2291 3294 2432 3348 opus
2478 3279 2570 3331 Dei
2622 3276 2937 3347 praecellnit,
3000 3276 3283 3346 majestate
3342 3276 3550 3330 scilicet
3601 3283 3656 3327 ct

2072 3369 2384 3440 prmstantia
2408 3382 2767 3438 exsuperans.
2788 3364 3046 3420 Omnium
3077 3381 3315 3434 namque
3336 3365 3651 3419 divinorum

2071 3477 2319 3531 cperutn,
2359 3471 2465 3514 tam
2500 3460 2819 3523 multorum,
2858 3458 3147 3518 bonorum,
3223 3471 3655 3525 magnorumque

2072 3556 2278 3609 nullum
2336 3565 2438 3611 est.
2471 3552 2612 3621 quod
2666 3565 2773 3604 non
2836 3548 2977 3602 infra
3035 3546 3353 3617 sapientiam
3401 3555 3457 3601 et
3480 3555 3651 3600 artem

2073 3646 2417 3701 fabricatoris
2462 3645 2706 3698 omnium
2760 3642 3025 3707 videatur,
3064 3649 3377 3710 potestque,
3438 3639 3479 3693 si
3518 3639 3651 3700 vult,

2071 3740 2232 3795 editis
2261 3738 2485 3792 meliora
2528 3746 2579 3789 et
2606 3735 2812 3804 majora
2847 3735 3030 3798 edere,
3088 3744 3353 3801 quantum
3413 3729 3655 3801 profecto

2071 3832 2251 3884 dicere
2283 3831 2590 3897 nequimus.
2618 3827 2771 3893 Quod
2794 3828 2836 3881 si
2869 3827 3004 3881 adeo
3049 3827 3247 3879 bonum
3301 3833 3355 3879 et
3385 3823 3643 3877 eximium

2073 3918 2166 3972 Dei
2202 3934 2339 3987 opus
2397 3918 2509 3971 lieri
2547 3926 2744 3987 potest,
2782 3927 2842 3969 ut
2877 3933 3001 3970 cum
3034 3917 3176 3969 illius
3204 3915 3495 3984 sapientia,
3554 3932 3651 3986 po-

2077 4018 2293 4068 testate,
2322 4017 2377 4062 et
2416 4020 2533 4061 arte
2560 4008 2870 4070 contendat,
2896 4017 2969 4066 et.
2997 4015 3056 4060 ut
3088 4006 3253 4059 verbo
3296 4006 3500 4070 dicam,
3533 4006 3651 4073 'cjns

2075 4099 2328 4152 inllnitati
2361 4107 2697 4165 exaequetur,
2724 4106 2777 4150 et
2809 4097 2973 4150 veluti
3010 4096 3299 4164 vestigium
3331 4105 3498 4148 totam
3529 4095 3652 4163 ejus

2075 4189 2410 4259 majestatcm
2458 4187 2981 4255 amplitudinemque
3032 4184 3307 4245 ostendat.
3363 4185 3465 4240 hoc
3502 4188 3649 4240 arbi-

2077 4291 2190 4335 tror
2219 4295 2341 4335 esse
2380 4277 2599 4333 vicisse.
2627 4274 2761 4331 Nam
2793 4277 2838 4331 si
2883 4276 2985 4332 hoc
3019 4275 3111 4329 Dei
3144 4291 3280 4345 opus
3300 4291 3516 4346 semper
3548 4292 3652 4344 esu,

2075 4371 2275 4425 bonum
2307 4367 2736 4433 communicare,
2772 4374 2826 4421 et
2854 4366 2973 4435 ejus
3004 4365 3078 4419 rei
3108 4379 3276 4419 causa
3314 4364 3422 4435 agit
3452 4368 3655 4431 omnia,

2074 4470 2126 4515 et
2164 4461 2251 4515 hic
2284 4468 2370 4515 est
2404 4459 2524 4513 linis
2556 4469 2723 4529 atque
2766 4473 2967 4527 scopus
3005 4467 3117 4511 tum
3151 4471 3341 4511 eorum
3374 4473 3495 4526 qua:
3524 4458 3655 4511 hae-

391 4548 485 4600 καὶ
513 4547 669 4600 τοῦτο
699 4547 758 4599 τὸ
785 4547 939 4610 τέλος
970 4548 1077 4600 τῶν
1110 4565 1168 4601 τε
1214 4549 1315 4618 ήδη
1346 4550 1650 4617 γεγονότων
1683 4554 1777 4605 καὶ
1803 4553 1838 4606 ἂ
1869 4557 1964 4620 γέ-

2073 4561 2234 4608 tenus
2268 4553 2336 4607 ab
2365 4567 2432 4607 eo
2454 4550 2597 4605 facta
2619 4559 2770 4614 sunt,
2810 4559 2927 4605 tum
2972 4563 3162 4606 eorum
3220 4564 3341 4619 quas
3384 4549 3435 4602 in
3480 4559 3658 4618 postc-

389 4641 523 4694 νοιτ’
549 4640 614 4694 ἂι
644 4640 736 4694 τὸν
771 4639 962 4693 ἔπειτα
1012 4641 1205 4711 χρόνον
1237 4642 1485 4712 (χεθῆναί
1514 4661 1646 4712 φησι
1674 4648 1733 4696 ab
1763 4645 1969 4712 ἀγαθὸν

392 4736 484 4787 καὶ
513 4734 748 4804 ὁδεῦσαι)
779 4751 791 4764 ·
824 4733 851 4785 ὅ
893 4733 1064 4785 ποιῶν
1093 4733 1188 4786 τοῦ
1216 4736 1437 4788 πᾶντων
1469 4738 1495 4788 ὀ
1526 4736 1657 4798 Θεὸς
1707 4738 1966 4806 μεγίστου

393 4827 695 4895 μετέδωκεν
728 4826 933 4891 ἀγαθοῦ
993 4825 1085 4877 καὶ
1132 4818 1193 4878 οῦ
1238 4827 1422 4894 μεῖζον
1460 4828 1559 4880 οὐκ
1591 4827 1704 4896 ἔχει
1756 4829 1963 4894 δοῦναι,

390 4921 547 4972 τοῦτο
576 4918 642 4972 ἂν
674 4920 759 4988 εἴη
789 4919 849 4969 τῦ
885 4919 1142 4987 μέγιστον
1173 4918 1269 4969 καὶ
1301 4918 1588 4972 κάλλιστον
1623 4921 1723 4990 τῆς
1755 4921 1961 4987 ἀγαοόο

392 5028 550 5081 τητος
584 5013 744 5079 ἔργον
775 5012 870 5064 καὶ
893 5011 919 5061 ὁ
945 5011 1255 5071 τελευταῖος
1286 5012 1384 5078 τῆς
1417 5013 1789 5082 χρηστότητος
1816 5014 1962 5082 ὅρος.

393 5104 646 5157 Τοιοῦτον
699 5104 755 5157 δὲ
787 5107 848 5157 τὸ
882 5104 980 5173 τῆς
1032 5105 1344 5172 οἰκονομίας
1390 5104 1576 5173 ἔργον,
1610 5106 1642 5175 ἢ
1682 5107 1807 5174 περὶ
1861 5106 1968 5158 τῶι

395 5196 699 5263 ἀνθρώπων
727 5194 1077 5265 ιρκονομήοη.
1119 5194 1382 5247 Ἐνταῦθα
1415 5196 1524 5264 γὰρ
1565 5197 1625 5247 οὐ
1662 5198 1968 5265 μετέδωκεν

396 5288 583 5350 ἁπλῶς
618 5286 840 5340 ὁτουοῦν
892 5286 1101 5352 ἀγαυοῦ
1134 5289 1199 5356 τῇ
1232 5287 1392 5355 φύσει
1430 5288 1539 5340 τῶν
1594 5288 1898 5357 ἀνθρώπων
1940 5293 1967 5343 ό

396 5380 525 5441 Θεὸς
559 5378 691 5450 παρ’
725 5379 903 5447 ἐαυτῷ
934 5379 1003 5430 τά
1030 5378 1204 5431 πλείω
1238 5381 1503 5448 τηρήσας,
1540 5380 1659 5433 ἀλλ’
1699 5381 1828 5433 αὐτὸ
1862 5384 1969 5435 πᾶν

395 5471 455 5523 τὸ
490 5470 761 5539 πλήρωμα
796 5470 895 5537 τῆς
943 5469 1216 5536 θεότητος.
1246 5469 1366 5521 ὅλον
1408 5470 1573 5522 αὐτὸν
1598 5470 1690 5523 τὸν
1737 5473 1967 5537 φυσικὸν

397 5561 622 5629 ἐνέθηκε
664 5559 910 5613 πλοῦτον.
954 5560 1055 5611 Διὰ
1102 5560 1260 5612 τοῦτο
1313 5566 1406 5612 καὶ
1464 5561 1491 5612 δ
1519 5560 1813 5628 καιοσύνην
1869 5563 1963 5615 τοῦ

396 5652 533 5707 Θεοῦ
564 5655 622 5706 ὲν
646 5653 723 5722 τῷ
745 5653 1060 5723 Εὐαγγελίῳ
1089 5653 1454 5722 διαφερόντως
1480 5653 1962 5708 ἀποκαλύπτεσθαι

474 5836 517 5867 ³⁷
553 5835 695 5891 l‘sal.
740 5852 872 5908 xvn,
914 5836 998 5892 l9.
1078 5835 1120 5865 ³⁸
1169 5834 1304 5889 ibid.

2072 4664 2191 4702 rum
2231 4646 2342 4700 ﬁeri
2371 4646 2440 4699 ab
2474 4660 2537 4698 eo
2569 4653 2801 4715 possunt
2852 4644 3077 4719 (bonum
3114 4644 3257 4698 enim
3312 4643 3540 4697 dithtnzli
3591 4658 3655 4696 ac

2069 4738 2356 4808 propagari
2376 4737 2452 4791 ait
2475 4735 2862 4803 Dionysius"),
2884 4735 3025 4804 quod
3052 4735 3257 4787 faciens
3278 4734 3419 4788 Deus
3441 4732 3653 4787 univcr-

2070 4846 2283 4893 Sorum,
2309 4827 2735 4883 communicavit
2764 4827 2962 4879 bonum
2992 4809 3234 4877 omnium
3262 4824 3580 4885 maximum,
3601 4830 3655 4873 et

2068 4936 2177 4990 quo
2199 4919 2440 4974 nobilius
2455 4919 2585 4972 dare
2604 4916 2813 4984 nequit,
2838 4915 2887 4968 id
2909 4914 3075 4967 fuerit
3097 4928 3409 4980 supremum
3432 4912 3580 4974 illud,
3600 4931 3613 4961 ‹
3632 4926 3655 4972 ι

2066 5009 2497 5080 pulcherrimum
2520 5006 2774 5060 bonitatis
2804 5018 2963 5073 Optts,
2985 5013 3039 5057 et
3067 5012 3375 5056 extremum
3398 5002 3654 5055 bonitatis

2066 5103 2204 5172 ejus.
2226 5099 2612 5175 llujuscemodi
2648 5111 2809 5166 porro
2834 5095 3154 5147 asconomia:
3182 5108 3319 5163 opus
3350 5100 3455 5155 est,
3480 5108 3646 5162 quam

2067 5212 2165 5264 pro
2201 5193 2374 5248 salute
2426 5193 2668 5245 humana
2719 5185 2961 5254 suscepit
2993 5196 3045 5238 ct
3075 5185 3503 5240 administravit.
3555 5182 3653 5236 llic

2066 5287 2210 5343 enim
2246 5302 2352 5340 non
2388 5282 2707 5352 simpliciter
2763 5277 3140 5347 qualecunque
3192 5277 3393 5332 bonum
3431 5283 3644 5330 natura:

2078 5382 2330 5434 humanae
2359 5369 2809 5430 communicavit,
2843 5369 2943 5421 sibi
2981 5368 3281 5437 potioribus
3328 5363 3648 5427 reservatis;

2075 5469 2168 5525 sed
2201 5467 2372 5536 ipsam
2424 5471 2593 5516 totam
2631 5458 3021 5528 plenitudinem
3074 5454 3400 5514 divinitatis,
3459 5464 3652 5504 omnes

2073 5557 2293 5612 divitias
2326 5567 2455 5606 suas
2485 5550 2765 5605 naturales
2803 5548 2855 5601 in
2891 5562 3007 5600 eam
3032 5543 3325 5612 congessit.
3358 5538 3566 5592 Idcirco
3597 5547 3650 5590 ct

2068 5647 2336 5722 justitiam
2370 5643 2462 5698 Dei
2486 5643 2553 5710 in.
2588 5640 2876 5711 Evangelio
2908 5636 3162 5709 praeclare
3195 5630 3420 5684 revelari
3451 5627 3650 5684 Paulus

1419 5836 1459 5866 ιθ
1498 5831 1572 5887 De
1612 5834 1785 5889 divin.
1822 5847 1967 5888 noni.
2007 5849 2060 5888 c.
2089 5831 2144 5885 ι.
