4132 6308
497 393 598 455 5ὒῖ
1749 384 1798 445 Ν
1808 378 2058 443 ICOLAI
2093 377 2480 441 CABASILE
3622 371 3728 436 50'?

496 504 715 560 scribit:
749 501 1000 558 «Iustitia
1054 500 1199 555 enim
1235 499 1326 555 Dei
1362 500 1416 555 in
1442 513 1508 555 eo
1537 497 1809 555 revelatur
1830 496 1899 559 ⁸ο,
1928 513 1947 545 ι
1984 492 2059 546 in-
2092 494 2128 550 Δ

2092 494 2142 550 Δ
2172 493 2383 557 Παῦλος
2404 489 2529 547 εἷπε
2557 508 2572 523 ο
2598 491 2649 544 εί
2676 490 2785 560 γάρ
2806 488 2925 543 ἐστὶ
2948 504 3035 552 τις
3062 484 3233 556 ἀρετὴ
3248 482 3389 538 Θεοῦ
3410 482 3509 540 καὶ
3528 484 3718 541 δικαιο-

494 597 636 667 quit.
668 596 723 649 Si
746 609 855 664 qua
886 594 1135 648 enituth
1156 592 1367 662 justitia
1420 601 1476 646 et
1502 592 1671 645 virtus
1700 589 1817 655 Dei,
1847 605 1910 645 ea
1938 590 2066 654 erit,

2170 583 2334 652 σύνη,
2372 582 2528 637 τοῦτο
2558 582 2625 636 ἀν
2661 581 2747 650 εἴη
2775 581 2837 634 τὸ
2861 580 3028 633 πᾶσιν
3072 576 3323 645 ἀφθόνως
3372 573 3481 667 τῷν
3509 576 3728 644 ἀγαθῶν

496 666 757 743 omnibus
794 686 1079 741 affluentes
1149 691 1287 739 bona
1335 701 1433 738 sua
1496 683 1789 752 impertiri,
1843 683 2071 753 ipsaque

2171 672 2279 727 τῶν
2310 673 2504 726 ἐαυτοῦ
2532 670 2856 741 μεταδοῦναι
2878 670 2972 724 καὶ
2995 671 3029 739 ἠ
3051 668 3153 738 τῆς
3185 666 3589 737 μακαριότητος
3614 685 3722 720 κοι-

498 780 812 836 communio
843 778 1217 833 beatitudinis.
1248 779 1398 832 Hanc
1433 778 1505 832 ob
1538 790 1761 833 causam
1813 774 2070 845 mysteria

2172 763 2361 816 νωνία.
2395 761 2600 814 Τούτου
2641 760 2804 831 χάριν
2838 761 2904 813 τὰ
2952 757 3222 830 ίερὼτατα
3253 759 3531 827 μυστήρια
3569 757 3729 812 πύλαι

501 869 874 924 sacratissima
933 878 1103 938 porta:
1157 868 1387 938 justitia:
1446 868 1641 923 merito
1690 867 2069 932 nominentur,

2173 854 2241 908 ἂν
2287 854 2513 917 εἰκότως
2548 852 2796 906 καλοῖντο
2851 850 3225 921 δικαιοσύνης,
3260 851 3342 904 ὅτι
3374 851 3409 921 ἡ
3453 849 3546 904 τοῦ
3598 849 3732 904 Θεοῦ

501 961 760 1028 quoniam
791 959 879 1014 Dei
908 976 1030 1029 erga
1060 975 1230 1030 genus
1254 969 1501 1015 nostrum
1540 973 1795 1028 suprema
1824 958 2070 1027 benigni-

2175 946 2304 1018 περ)⁸
2331 945 2393 1000 τὸ
2424 944 2580 1013 γένος
2626 944 2829 1016 ἐσχάτη
2879 940 3263 1012 φιλανθρωπία
3308 941 3407 994 καὶ
3441 939 3735 1009 ἀγαθότης,

506 1064 587 1105 las
604 1064 656 1107 et
686 1053 920 1115 bonitas,
945 1068 1065 1119 quae
1089 1062 1171 1106 est
1190 1051 1371 1106 divina
1401 1053 1576 1108 virtus
1597 1060 1653 1106 et
1670 1051 1904 1122 justitia,
1929 1050 2075 1106 hunc

2173 1038 2295 1108 ητις
2344 1037 2491 1090 ἐστὶν
2537 1037 2569 1106 ἠ
2610 1035 2727 1089 θεία
2775 1034 2947 1106 ἀρετὴ
2996 1034 3087 1087 καὶ
3141 1030 3481 1101 δικαιοσύνη.
3535 1031 3737 1091 ταύτας

503 1144 662 1197 nobis
699 1144 972 1197 introitum
1010 1144 1062 1196 in
1096 1143 1293 1196 caelum
1333 1142 1603 1211 patefecit.

2175 1131 2306 1200 ἡμῖν
2334 1130 2414 1192 είς
2438 1129 2529 1182 τὸν
2555 1126 2781 1197 οὐρανὸν
2806 1126 3030 1194 ἐποίησε
3062 1124 3162 1186 τὰς
3189 1123 3448 1182 εἰσόδους.

578 1237 691 1288 ltuo
743 1251 869 1289 vero
918 1236 1078 1289 etiam
1106 1238 1214 1290 alio
1245 1236 1656 1302 mo:l0,judiei0
1706 1236 1968 1305 quodam,
2018 1244 2073 1289 et

2245 1221 2355 1275 Καὶ
2391 1218 2496 1289 μὴν
2528 1220 2619 1272 καὶ
2639 1217 2827 1288 ἕτερον
2860 1216 3061 1285 τρόπον
3097 1215 3274 1284 κρίσει
3305 1214 3410 1268 τινὶ
3427 1214 3520 1266 καὶ
3536 1213 3741 1266 δικαιο-

504 1326 718 1390 justitia
749 1324 853 1378 hoc
880 1333 1146 1393 tropmum
1204 1324 1490 1378 constituit
1523 1304 1802 1387 Dominus,
1852 1330 1907 1377 et
1934 1323 2077 1375 hanc

2178 1310 2313 1382 σύνῃ
2342 1310 2500 1364 τοῦτο
2523 1309 2584 1362 τὸ
2609 1308 2867 1378 τρόπαιον
2901 1305 3130 1375 ἔστησεν
3158 1307 3185 1359 ό
3217 1304 3297 1357 Κύ
3315 1321 3452 1375 ριος,
3482 1306 3579 1357 καλ⁵
3610 1304 3743 1358 ταύ-

506 1420 713 1478 purtam
749 1422 804 1464 et
845 1392 986 1465 hanc
1029 1413 1167 1466 viam
1200 1413 1359 1467 nobis
1384 1421 1466 1468 est
1501 1413 1751 1481 largitus.
1782 1412 1902 1468 Non
1927 1412 2073 1467 enim

2176 1418 2278 1472 την
2306 1403 2438 1472 ἡμῖν
2486 1399 2687 1452 ἔδωκεν
2733 1396 2832 1468 τὴν
2868 1395 3048 1465 πύλην
3073 1393 3169 1447 καὶ
3197 1392 3298 1463 τὴν
3343 1393 3485 1447 ὁδόν.
3512 1393 3587 1446 Oti
3633 1394 3743 1462 γὰρ

503 1502 748 1570 captivos
774 1502 976 1569 rapuit,
1012 1503 1104 1556 sed
1155 1501 1495 1559 liberationis
1530 1505 1762 1573 pretium
1794 1502 2073 1573 persolvit,

2177 1496 2394 1566 ἥρπασε
2424 1490 2551 1555 τοὺς
2605 1487 3005 1559 αἰχμαλώτους,
3053 1484 3190 1539 ἀλλὰ
3217 1486 3415 1555 λύτρον
3447 1485 3614 1538 ἔδωκε
3649 1487 3743 1538 καὶ

503 1602 556 1644 el
591 1590 784 1644 fortem
844 1592 1106 1660 alligavit,
1145 1596 1289 1662 quod
1318 1604 1467 1650 esset
1513 1596 1807 1662 potentior,
1845 1606 1900 1651 et
1928 1597 2077 1665 justa

2177 1586 2341 1655 ἔδησε
2383 1583 2474 1636 τὸν
2539 1581 2780 1650 ίσχυρδν,
2827 1579 2888 1632 οὐ
2939 1575 3017 1649 τῷ
3074 1577 3247 1645 μείζω
3296 1577 3527 1646 δύναμιν
3578 1577 3743 1645 ἔχειν,
3784 1614 3790 1619 η

506 1681 775 1733 sententia
816 1696 882 1736 eo
916 1683 1298 1750 condemnato,
1324 1686 1568 1755 regnavit
1593 1687 1645 1741 in
1689 1688 1853 1741 domo
1888 1687 2074 1753 Iacob,

2178 1679 2344 1748 ψήφῳ
2377 1676 2433 1729 δέ
2466 1674 2654 1744 δικαίᾳ
2691 1670 3115 1742 κατακριθέντα,
3148 1671 3245 1725 καὶ
3274 1670 3623 1724 ἐϐασίλευσεν
3653 1670 3746 1722 ἐπὶ

507 1768 561 1821 in
591 1769 879 1825 animabus
932 1773 1214 1826 [nominum
1279 1775 1615 1845 tyrannidem
1652 1787 1934 1843 evertens;
1966 1793 2074 1832 non
2110 1829 2139 1845 _

2115 1829 2152 1845 __
2180 1767 2272 1820 τὸν
2296 1760 2444 1820 οἶκον
2477 1763 2691 1830 Ἰακὼϐ,
2722 1764 2778 1817 ἐν
2818 1762 2939 1823 ταῖς
2968 1760 3166 1829 ψυχαῖς
3196 1760 3302 1812 τῶν
3327 1759 3628 1829 ἀνθρώπων
3648 1758 3747 1830 τὴν

506 1860 634 1927 quia
673 1870 918 1915 evertere
968 1863 1165 1931 potuit,
1212 1865 1307 1918 sed
1351 1865 1478 1934 quia
1509 1881 1628 1921 eam
1668 1869 1837 1921 everti
1858 1868 2069 1937 justum
2111 1850 2138 1884 ’λ

2116 1850 2153 1884 ¹⁵
2189 1857 2478 1929 τυραννίδα
2512 1855 2702 1919 λύσας.
2750 1855 2848 1924 οὐχ
2882 1854 2964 1907 ὅτι
3007 1852 3230 1906 ἐδύνατο
3274 1851 3460 1914 λῦσαι,
3507 1850 3623 1903 ἀλλ’
3665 1853 3748 1905 ὅτι

505 1958 641 2003 erat.
673 1950 848 2020 Atque
872 1951 973 2007 hoc
1002 1953 1166 2007 David
1195 1954 1462 2015 indicans.
1488 1958 1599 2013 ait:
1639 1957 1884 2015 «Justitia
1907 1969 1960 2014 et
1979 1959 2073 2030 ju-

2150 1961 2162 1973 ‘
2187 1948 2420 2018 λυθῆναι
2450 1947 2661 2001 δίκαιον
2689 1941 2775 2017 ἦν.
2807 1944 2913 1999 Kal.
2942 1942 3100 1998 τοῦτο
3126 1944 3396 2013 ἐμήνυσεν
3422 1944 3480 1996 ἐν
3499 1937 3579 2006 οἷς
3602 1939 3747 2006 εἷπε,

506 2042 734 2109 dicium,
760 2048 1078 2114 prxparatio
1108 2048 1255 2104 sedis
1281 2052 1501 2104 tuae".r
1536 2051 1655 2106 Non
1677 2053 1851 2108 solum
1890 2063 2071 2109 autem

2192 2057 2212 2091 ‹
2249 2036 2570 2106 Δικαιοσύνη
2617 2036 2710 2088 καὶ
2735 2035 2907 2104 κρίμα
2934 2034 3224 2102 ἐτοιμασία
3253 2033 3346 2087 τοῦ
3376 2033 3585 2103 θρόνου,
3619 2051 3637 2083 ι
3667 2034 3742 2085 Οὐ

503 2133 716 2203 justitia
746 2136 842 2190 has
872 2147 1058 2206 porlas
1109 2144 1347 2209 aperuit,
1399 2146 1493 2197 sed
1527 2145 1688 2198 etiam
1718 2145 1923 2216 iustitia
1954 2147 2072 2216 ipsa

2186 2128 2500 2196 δικαιοσύνη
2529 2127 2585 2180 δὲ
2617 2127 2777 2195 μόνον
2807 2124 3012 2188 ταύτας
3042 2124 3206 2178 διεῖλε
3248 2125 3348 2187 τὰς
3389 2123 3574 2187 πύλας,
3603 2123 3740 2176 ἀλλὰ

507 2238 605 2288 per
633 2238 726 2278 eas
750 2225 813 2279 ad
846 2242 1016 2296 genus
1075 2242 1320 2284 nostrum
1385 2232 1554 2288 venit.
1585 2232 1868 2289 Prioribus
1925 2237 2069 2291 enim

2187 2220 2503 2290 δικαιοσύνη
2551 2218 2621 2270 δι’
2654 2217 2833 2270 αὐτῶν
2867 2219 2945 2279 είς
2976 2216 3038 2269 τὸ
3088 2215 3362 2287 ἡμέτερον
3393 2215 3613 2282 ἀφίκετο
3643 2213 3737 2281 γέ-

509 2315 864 2383 temporibus,
909 2318 1222 2391 priusquam
1261 2322 1402 2377 Deus
1431 2323 1497 2377 ad
1526 2323 1773 2379 homines
1797 2327 2074 2383 delabere-

2188 2330 2298 2375 νος.
2346 2311 2470 2363 Ἐπὶ
2506 2312 2606 2381 μὲν
2650 2309 2759 2378 γὰρ
2797 2307 2904 2360 τῶν
2951 2307 3233 2376 προτέρων
3271 2306 3499 2377 χρόνων,
3552 2305 3676 2375 πρὶν
3707 2304 3742 2373 ἢ

508 2414 620 2471 tur,
650 2406 859 2477 justitia
893 2411 945 2465 lu
979 2416 1109 2467 orbe
1139 2424 1407 2470 terrarum
1449 2433 1721 2487 nusquam
1758 2422 2072 2477 invenieba-

2186 2404 2279 2457 τὸν
2308 2402 2441 2455 Θεὸν
2481 2403 2562 2463 είς
2605 2399 2733 2460 τοὺς
2772 2396 3093 2468 ἀνθρώπους
3146 2397 3501 2466 ἐπιδημῆσαι,
3535 2397 3634 2450 οὐκ
3677 2391 3749 2466 ἦν

511 2505 621 2551 tur.
659 2499 774 2569 Ipse
823 2504 967 2556 enim
1003 2505 1142 2560 Deus
1187 2508 1252 2561 de
1273 2509 1413 2563 caelo
1462 2511 1733 2578 aspiciens
1789 2516 2073 2583 quaesivit,

2188 2495 2369 2563 εὑρεῖν
2402 2489 2753 2559 δικαιοσύνην
2784 2489 2870 2541 ἐπὶ
2905 2488 3005 2558 τῆς
3051 2488 3171 2558 γῆς.
3206 2489 3382 2552 Αὐτὸς
3408 2487 3519 2557 γὰρ
3563 2488 3626 2541 ἐκ
3655 2487 3750 2540 τοῦ

509 2604 668 2657 quem
708 2594 875 2645 latere
932 2609 1037 2646 non
1097 2599 1380 2663 potuissm,
1441 2600 1484 2653 si
1528 2601 1632 2655 ulla
1663 2579 1983 2673 exstitisset,
2022 2579 2074 2664 ct

2189 2584 2419 2654 οὐρανοῦ
2442 2581 2663 2651 διέκυψε
2693 2581 2789 2635 καὶ
2820 2581 3085 2649 ἐζήτησεν
3115 2582 3141 2633 ό
3175 2580 3327 2643 Θεὸς,
3354 2579 3414 2632 ὃν
3439 2579 3624 2633 λαθεῖν
3649 2582 3750 2635 ούκ

512 2691 692 2734 talneu
717 2699 822 2735 non
853 2684 1087 2739 invenit:
1115 2686 1345 2744 «Omnes
1368 2692 1741 2763 cnim,iuquit,
1768 2697 2075 2753 declinave‘

2187 2675 2337 2744 ἐνῆν,
2371 2674 2531 2745 εἴπερ
2556 2674 2692 2735 ὅλως
2718 2668 2806 2744 ἦν,
2838 2672 2933 2724 καὶ
2971 2673 3121 2740 ὅμως
3148 2670 3243 2740 οὐχ
3274 2664 3397 2741 εὗρε
3423 2686 3436 2699 ’
3474 2691 3492 2723 ι
3544 2672 3750 2736 Πάντες

513 2781 659 2834 runt,
695 2780 747 2826 et
770 2772 989 2828 inutiles
1019 2775 1143 2830 facti
1185 2789 1346 2832 sunt:
1386 2794 1491 2833 nou
1547 2761 1750 2852 estqui
1790 2783 1951 2840 faciat
1982 2791 2075 2841 bo-

2187 2765 2317 2833 γάρ,
2348 2764 2532 2835 φησὶν,
2574 2763 2876 2829 ἐξέκλιναν,
2905 2761 3020 2830 ἅμα.
3045 2762 3450 2832 ἠχρειώθησαν,
3482 2764 3580 2815 οὐκ
3631 2763 3749 2816 ἐστι

502 2857 642 2939 ’ῃιιιιι
674 2879 687 2925 ;
729 2880 834 2918 non
893 2877 974 2922 est
1031 2884 1204 2938 usque
1240 2870 1306 2924 ad
1368 2888 1535 2925 unum
1562 2874 1659 2925 ⁸⁸.»
1692 2875 1760 2927 At
1790 2884 2071 2946 postquam

2187 2858 2358 2911 ποιῶν
2389 2858 2753 2927 χρηστότητα,
2779 2855 2878 2908 οὐκ
2902 2853 3048 2905 ἐστιν
3078 2853 3183 2916 ἓως
3206 2854 3344 2916 ἑνός.
3385 2872 3404 2905 ι
3447 2854 3598 2908 Ἐπεὶ
3626 2855 3679 2907 δὲ

511 2954 711 3009 Veritas
741 2955 807 3010 de
834 2965 971 3011 terra
1024 2959 1076 3012 in
1107 2961 1342 3015 tenebris
1372 2973 1534 3030 atque
1585 2965 1773 3018 umbra
1811 2968 2072 3021 mendacii

2188 2949 2419 3019 ἀλήθεια
2448 2951 2512 3002 ἐκ
2549 2948 2648 3017 τῆς
2674 2947 2776 3014 γῆς
2811 2944 3054 2998 ἀνέτειλε
3087 2947 3200 3007 τοῖς
3232 2947 3288 2997 ἐν
3326 2943 3406 3015 τῷ
3448 2946 3631 2998 σκότει
3655 2946 3752 2998 τοῦ

511 3046 826 3103 sedentibus
860 3060 1049 3103 exorta
1086 3061 1188 3114 est,
1220 3059 1349 3106 tunc
1379 3053 1540 3107 etiam
1600 3055 1905 3124 justitia‘de
1938 3059 2076 3113 coelo

2186 3044 2417 3114 ψεύδους
2462 3042 2555 3095 καὶ
2581 3043 2644 3110 τῇ
2683 3040 2811 3110 σκιᾷ
2851 3038 3206 3109 καθημένοις,
3257 3039 3558 3109 τηνικαῦτα
3589 3042 3681 3093 καὶ
3718 3044 3753 3112 ἡ

513 3140 810 3207 prospexit,
835 3151 888 3195 et
911 3150 1021 3195 tum
1056 3143 1291 3210 primum
1323 3159 1445 3198 vere
1488 3146 1831 3218 perfecteque
1859 3149 2089 3203 homini-
2115 3129 2145 3185 ί

2123 3129 2157 3185 ε
2189 3133 2503 3203 δικαιοσύνη
2537 3134 2600 3184 ἐκ
2650 3130 2746 3183 τοῦ
2777 3130 3007 3199 ούρανοῦ
3057 3130 3312 3200 διέκυψεν
3343 3132 3471 3201 ἄρτι
3520 3131 3755 3201 πρώτως

514 3230 616 3281 bus
639 3232 886 3297 apparuit
912 3271 926 3296 ,
954 3240 1006 3284 et
1031 3231 1313 3299 iustificati
1343 3249 1568 3300 sumus;
1598 3238 1833 3306 primum
1870 3242 2085 3309 quidem

2189 3224 2405 3294 ἀληθῶς
2427 3223 2519 3276 καὶ
2535 3221 2753 3285 τελείως
2768 3224 2879 3284 τοῖς
2898 3222 2993 3274 ἀνθ
3008 3221 3211 3291 ρώποις
3234 3224 3461 3291 φανεῖσα
3484 3238 3497 3252 ·
3533 3222 3628 3275 καὶ
3640 3223 3754 3274 ἐδι-

446 3364 449 3365 ,
513 3334 542 3371 δ
584 3319 834 3387 vinculis,
890 3330 945 3376 et
997 3339 1024 3376 a
1058 3326 1267 3378 ratione
1300 3326 1567 3382 reddenda
1623 3329 1862 3397 liberati,
1898 3347 1963 3384 eo
1994 3335 2078 3403 qui

2189 3316 2524 3387 καιὼθημεν,
2543 3313 2757 3383 πρῶτον
2793 3313 2894 3383 μὲν
2915 3312 3024 3365 τῶν
3045 3313 3260 3381 δεσμῶν
3283 3315 3375 3366 καλ⁸
3399 3313 3495 3382 τῆς
3519 3313 3754 3381 εὐθύνης

514 3410 646 3463 nihil
679 3414 898 3468 sceleris
932 3416 1227 3469 admiserat
1261 3432 1355 3486 per
1384 3428 1611 3473 mortem
1648 3424 1828 3476 crucis
1864 3438 1961 3491 pro
1989 3438 2089 3477 no-

2188 3408 2630 3475 ἀπαλλαγέντες,
2678 3405 2774 3461 τοῦ
2826 3405 2994 3477 μηδὲν
3038 3405 3364 3475 ἀδικηκότος
3412 3405 3553 3477 ὑπὲρ
3594 3407 3754 3476 ἡμῶν

516 3503 598 3556 bis
633 3507 1030 3572 respondente;
1062 3524 1168 3576 qua
1211 3524 1399 3576 poenas
1428 3510 1527 3565 luit
1581 3527 1794 3575 eorum,
1837 3529 1957 3581 quae
1990 3532 2087 3569 nos

2187 3499 2674 3568 ἀπολογησαμένου
2706 3497 2782 3567 τῷ
2827 3497 2916 3551 διὰ
2972 3496 3207 3567 σταυροῦ
3251 3495 3488 3566 θανάτῳ,
3531 3498 3653 3551 καθ’
3689 3499 3754 3552 ὃν

516 3595 723 3650 n:-farie
753 3599 872 3652 ausi
905 3598 1221 3653 fueramus:
1255 3601 1450 3655 deinde
1477 3617 1572 3671 per
1596 3615 1823 3657 mortem
1857 3604 2002 3658 illam
2033 3616 2087 3661 et

2187 3592 2354 3644 ἔδωκε
2385 3590 2541 3661 δίκην
2591 3589 2732 3658 ὑπὲρ
2762 3581 2837 3641 ὧν
2890 3589 3054 3658 ἡμεῖς
3110 3588 3514 3657 ἐτολμήσαμεν,
3559 3587 3753 3643 ἔπειτα

513 3688 671 3741 amici
700 3688 811 3749 Dei,
832 3699 885 3742 et
904 3690 1035 3757 justi
1059 3693 1355 3745 evasimus.
1385 3693 1506 3746 Non
1532 3693 1677 3747 enim
1706 3699 2085 3752 tantummodo

2188 3682 2284 3734 καὶ
2324 3681 2467 3750 φίλοι
2500 3678 2636 3732 Θεοῦ
2668 3680 2763 3732 καὶ
2798 3679 2998 3731 δίκαιοι
3040 3678 3388 3747 κατέστημεν
3417 3679 3505 3731 διὰ
3532 3676 3624 3731 τὸν
3658 3679 3755 3732 θά-

512 3792 615 3830 nos
649 3776 918 3842 liberavit,
943 3788 997 3833 et
1028 3796 1150 3834 cum
1179 3781 1335 3834 Patre
1360 3783 1414 3835 in
1445 3784 1671 3852 gratiam
1700 3787 1912 3840 reduxit
1940 3804 2082 3844 mor-

2187 3790 2347 3827 νατον
2375 3775 2602 3826 ἐκεῖνον.
2647 3771 2722 3823 Οὐ
2763 3769 2871 3841 γὰρ
2912 3770 3069 3822 ἔλυσε
3117 3769 3279 3839 μόνον
3314 3770 3409 3822 καὶ
3458 3769 3537 3839 τῷ
3577 3771 3754 3840 Πατρὶ

513 3874 641 3919 tuus
664 3866 948 3934 Salvator,
982 3870 1074 3923 sed
1105 3869 1329 3940 insuper
1364 3873 1543 3927 «dedit
1575 3875 1729 3929 nobis
1763 3887 2080 3944 potestatem

2187 3864 2525 3935 κατήλλαξεν
2563 3862 2851 3917 ἀποθανὼν
2897 3864 2925 3914 ό
2981 3862 3189 3932 Σωτὴρ,
3220 3860 3351 3914 ἀλλὰ
3381 3865 3476 3915 καὶ
3506 3882 3525 3915 ι
3553 3863 3752 3918 ἔδωκεν

513 3955 653 4010 ﬁlios
687 3956 775 4010 Dei
810 3959 1047 4015 11811³⁸.)
1106 3961 1382 4032 Copulans
1442 3965 1660 4033 quidem
1696 3967 1799 4020 sibi
1834 3979 2080 4026 naturam

2184 3961 2317 4029 ἡμῖν
2349 3957 2602 4022 ἐξουσίαν
2632 3956 2799 4010 τέκνα
2830 3953 2965 4006 Θεοῦ
3001 3953 3275 4021 γενέσθαι.
3319 3972 3337 4003 ι
3374 3953 3617 4020 συνάψας
3653 3955 3752 4022 μὲν

512 4057 783 4115 nostram,
820 4065 916 4119 per
948 4066 1165 4107 carnem
1202 4056 1361 4110 nobis
1413 4067 1760 4127 comparatus
1823 4071 1945 4116 est:
1980 4078 2081 4118 no-

2186 4046 2364 4117 ὲαυτῷ
2404 4047 2505 4114 τὴν
2538 4044 2701 4114 φύσιν
2723 4045 2823 4112 τὴν
2857 4043 3133 4112 ἡμετέραν
3162 4042 3253 4093 διὰ
3291 4041 3391 4110 τῆς
3430 4044 3651 4114 capacis,
3683 4047 3750 4114 ἦν

510 4150 687 4197 atrum
716 4153 895 4197 autem
939 4160 1383 4217 unumquemque
1439 4150 1587 4205 carni
1650 4166 1763 4206 suae
1796 4153 2079 4223 copulatis,

2184 4140 2447 4202 ἀνείλετο,
2514 4138 2800 4191 συνάπτων
2849 4136 2906 4189 δὲ
2962 4134 3121 4204 ἡμῶν
3156 4132 3385 4186 ἕκαστον
3437 4139 3503 4205 τῇ
3550 4135 3748 4188 ἐαυτοῦ

510 4231 712 4287 virtute
764 4239 1146 4306 mysteriorum
1181 4240 1451 4305 videlicet,
1486 4243 1590 4297 hoc
1622 4244 1782 4296 modo
1810 4244 2077 4312 justitiam

2187 4231 2350 4299 σαρκὶ
2376 4234 2439 4300 τῇ
2472 4230 2700 4299 δυνάμει
2745 4229 2853 4280 τῶν
2902 4230 3241 4296 μυστηρίων.
3279 4228 3389 4280 Καὶ
3432 4225 3623 4279 τοῦτον
3657 4230 3749 4280 τὴν

512 4340 668 4377 suam
706 4336 758 4381 et
785 4329 948 4381 vitam
996 4331 1050 4383 in
1079 4332 1360 4386 animabus
1382 4334 1582 4388 nostris
1604 4334 1803 4388 exoriri
1832 4335 1975 4389 facit.
2006 4339 2078 4392 lta

2182 4322 2382 4389 τρόπον
2410 4321 2506 4390 τὴν
2531 4319 2724 4373 ἑαυτοῦ
2751 4319 3100 4387 δικαιοσύνην
3133 4321 3225 4373 καὶ
3254 4320 3354 4388 τὴν
3382 4318 3526 4384 ζωὴν
3553 4320 3609 4371 ἐν
3632 4322 3750 4382 ταῖς

515 4426 701 4463 veram
746 4412 1012 4479 justitiam
1049 4431 1142 4483 per
1171 4433 1323 4471 saera
1381 4422 1641 4490 mysteria
1670 4432 1724 4475 et
1752 4436 2080 4491 cognoscere
2113 4457 2147 4512 Β

2126 4457 2155 4512 D
2184 4416 2479 4483 ἡμετέραις
2510 4411 2786 4465 ἀνατέλλει
2814 4408 3015 4480 ψυχαῖς
3036 4428 3049 4442 ·
3083 4411 3224 4464 οὕτω
3239 4411 3335 4482 τὴν
3365 4409 3538 4479 ἀληθῆ
3553 4411 3758 4463 δικῖιο-

518 4501 829 4559 liominibus
857 4502 1029 4569 licuit,
1062 4516 1115 4558 et
1139 4520 1199 4561 ea
1225 4508 1324 4563 rite
1351 4509 1522 4581 fungi.
2113 4501 2150 4512 ν

2122 4501 2151 4512 ⁷
2188 4506 2355 4575 σύνην
2400 4504 2487 4556 διὰ
2544 4503 2653 4556 τῶν
2703 4501 3021 4572 μυστηρίων
3076 4502 3185 4554 τῶν
3251 4502 3412 4571 ἱερῶν
3476 4501 3754 4571 ἐξεγένετο

2185 4596 2279 4650 κτλ.
2307 4595 2511 4663 γνῶναι
2541 4596 2652 4656 τοῖς
2686 4591 2995 4662 ἀνθρώποις
3025 4591 3121 4643 καὶ
3149 4590 3517 4657 κατορθῶσαι.

586 4677 701 4735 Etsi
741 4680 885 4733 enim
937 4680 1091 4734 multi
1128 4680 1283 4749 justi,
1314 4692 1368 4738 et
1391 4685 1550 4740 amici
1581 4687 1673 4742 Dei
1723 4691 1774 4744 in
1835 4690 2080 4763 Scriptu-

2253 4688 2315 4740 Εί
2364 4687 2472 4755 γὰρ
2509 4685 2693 4738 πολλοὶ
2738 4683 2936 4736 δίκαιοι
2991 4680 3086 4734 καὶ
3134 4680 3276 4750 φίλοι
3320 4680 3455 4733 θεοῦ
3492 4680 3642 4749 παρά
3678 4683 3745 4751 τῇ

517 4787 578 4825 ra
605 4782 994 4837 memorentur,
1032 4782 1318 4842 antequam
1349 4776 1653 4844 adveniret,
1681 4782 1772 4851 qui
1811 4785 2081 4851 justiliea-

2183 4779 2374 4849 Γραφῇ
2424 4778 2548 4848 πρὶν
2583 4774 2811 4844 ἀφῖχθαι
2854 4773 2944 4826 τδν
2987 4773 3303 4826 δικαιοῦντα
3357 4773 3448 4825 καὶ
3499 4772 3752 4826 διαλλάτ-

520 4873 604 4918 ret
648 4873 702 4918 ct
734 4865 1148 4928 reconciliaret,
1184 4874 1362 4921 tamen
1407 4868 1537 4922 illud
1594 4871 1644 4924 iu
1690 4874 1878 4940 primis
1929 4876 2078 4943 cogi-

2184 4888 2365 4937 τοντα,
2418 4872 2595 4922 ἐκεῖνο
2644 4864 2952 4931 λογίζεσθαι
2986 4864 3112 4935 χρὴ,
3151 4866 3387 4932 μάλιστα
3442 4866 3539 4935 μὲν
3589 4867 3646 4917 ἐν
3679 4869 3750 4934 τῇ

521 4957 742 5009 tandum
774 4966 880 5021 est,
924 4959 1067 5027 quod
1103 4957 1338 5027 primum
1374 4959 1446 5012 ad
1494 4961 1751 5015 sarculum
1813 4963 2078 5029 ipsorum,

2186 4963 2350 5029 γενεᾷ
2383 4961 2583 5022 αὐτῶν,
2617 4957 2807 5010 ἔπειτα
2841 4958 2936 5009 καὶ
2975 4956 3063 5010 διὰ
3103 4956 3164 5009 τὸ
3201 4956 3415 5025 μέλλον,
3443 4957 3524 5009 ὃτι
3552 4950 3658 5008 oio!
3686 4972 3751 5007 τε

520 5056 639 5114 post
671 5047 736 5099 ad
789 5046 1031 5103 futurum
1061 5049 1345 5115 attinebat,
1394 5064 1488 5104 eos
1520 5051 1783 5119 potuisse.
1819 5062 1873 5106 et
1924 5069 2082 5121 para-

2188 5056 2433 5122 ἐγένοντο
2479 5054 2574 5105 καὶ
2630 5049 3169 5118 παρασκευάσθησαν
3224 5048 3532 5119 ἀνασχούσῃ
3586 5064 3758 5117 προσ-

522 5146 606 5190 tos
648 5136 814 5191 fuisse
841 5138 905 5191 ad
932 5140 1228 5206 justitiam,
1262 5142 1426 5197 veluti
1455 5142 1520 5195 ad
1553 5143 1827 5198 sublatum
1863 5146 2081 5213 aliquod

2188 5148 2416 5219 δραμεῖν
2449 5147 2514 5215 τῇ
2552 5141 2871 5214 δικαιοσύνῃ
2914 5142 3009 5194 καὶ
3040 5141 3267 5212 λυθῆναι
3304 5142 3405 5211 μὲν
3432 5141 3525 5193 τοῦ
3555 5140 3760 5209 λύτρου

520 5229 735 5298 signum
806 5243 1112 5297 accurrere,
1188 5235 1571 5304 persolutuque
1639 5235 1834 5304 pretio,
1884 5235 2085 5304 quibus

2188 5235 2644 5306 καταϐληθέντος,
2698 5233 2826 5285 ἰδεῖν
2855 5232 2910 5285 δὲ
2952 5231 3046 5285 τοῦ
3091 5233 3266 5299 φωτὸς
3312 5232 3593 5299 φανέντοξ.
3625 5232 3761 5283 ἀνα-

524 5321 851 5375 tenebantur
870 5321 1097 5378 vinculis
1120 5325 1308 5391 levari,
1328 5326 1677 5396 oblatumque
1706 5328 1884 5380 lumen
1922 5342 2083 5397 aspe-

2188 5331 2375 5399 στῆναι
2414 5327 2468 5379 δὲ
2499 5325 2607 5377 τῶν
2644 5324 2832 5376 τύπων
2872 5323 2972 5391 τῆς
3012 5323 3270 5392 ἀληθείας
3321 5321 3756 5390 ἀναδειχθείσης.

502 5431 693 5480 ‘etare,
743 5430 797 5473 et
852 5418 1223 5474 demonstrata
1258 5423 1370 5492 jam
1431 5424 1682 5488 veritate,
1720 5438 1750 5478 a
1783 5424 1973 5492 figuris
2032 5433 2087 5477 et

2187 5424 2292 5474 Καὶ
2330 5420 2500 5486 τούτῳ
2543 5417 2837 5483 διήνεγκαν
2875 5416 2924 5466 ei
2973 5415 3177 5466 δίκαιοι
3220 5413 3329 5465 τῶν
3369 5410 3643 5480 πνινηρῶν,
3693 5412 3758 5464 ἐν

524 5512 733 5565 umbris
776 5511 1046 5565 recedere.
1098 5509 1164 5564 Ει
1186 5515 1289 5565 hoc
1314 5515 1444 5583 justi
1488 5517 1557 5571 ab
1601 5517 1863 5585 improbis
1911 5515 2083 5570 diffe-

2184 5518 2296 5575 τοῖς
2327 5514 2510 5572 αὐτοῖς
2557 5509 2742 5578 σχεδὸν
2793 5506 3024 5568 ἐκείνοις
3071 5505 3224 5567 ὄντες
3269 5504 3483 5570 δεσμοῖς
3527 5502 3620 5553 καὶ
3653 5502 3758 5570 τὴν

522 5606 736 5671 rebant,
771 5620 894 5658 cum
943 5609 1129 5658 essent
1184 5591 1395 5674 alioqui
1446 5608 1838 5676 prepemudum
1889 5605 2081 5659 iisdem

2184 5603 2352 5672 αὐτὴν
2386 5599 2748 5668 ὑφιστάμενοι
2792 5593 3106 5664 τυραννίδα,
3139 5594 3218 5646 ὅτι
3268 5593 3318 5646 οἱ
3362 5592 3458 5661 μὲν
3486 5590 3621 5660 πρὸς
3658 5589 3758 5644 τὸν

602 5783 645 5813 ³ο
694 5783 850 5844 Ιὶοιιι.
901 5800 937 5848 ι,
978 5782 1061 5842 l7.
1137 5782 1180 5815 ³¹
1212 5781 1358 5838 Psal.
1401 5798 1664 5849 Lxxxvm,
1693 5784 1776 5837 l3.
1857 5785 1899 5819 ³³
1931 5782 2073 5840 Psal.
2124 5798 2233 5846 xix,

1212 5781 1358 5838 Psal.
1401 5798 1664 5849 Lxxxvm,
1693 5784 1776 5837 l3.
1857 5785 1899 5819 ³³
1931 5782 2073 5840 Psal.
2124 5798 2233 5846 xix,
2269 5782 2321 5836 3.
2399 5776 2624 5833 “Joan.
2663 5791 2702 5844 ι,
2751 5776 2835 5831 12.
