4132 6308
405 318 514 382 509

1508 330 1609 390 DE
1649 330 1829 392 VITA
1870 330 1955 391 IN
1996 330 2336 395 (ἷΗῆῐὸΤο
2379 338 2526 397 LIB.
2567 336 2621 398 ῐ.

3536 342 3641 403 5ὶο

406 433 846 522 ἀνδραποδισμὸν
882 435 1089 490 ἐκεῖνον
1131 437 1228 493 καὶ
1267 437 1363 508 τὴν
1393 440 1643 495 δουλείαν
1690 444 2002 515 δυσχερῶς.

2105 450 2424 518 ompedibns
2459 453 2674 514 irrotiti,
2717 455 3077 521 eantdem'pte
3117 452 3456 521 tyrannidem
3491 464 3648 522 pate~
3700 454 3717 473 '

412 521 583 595 εἶχον,
618 527 711 581 καὶ
748 525 974 598 ηὔχοντο
1016 529 1076 582 τὸ
1114 529 1486 601 δεσμωτήριον
1521 537 1978 605 καταπραφῆναι

414 621 513 670 καὶ
542 619 609 671 τὰ
653 618 825 683 δεσμά
870 621 1054 675 ἐκεῖνα
1085 621 1334 689 λυθῆναι,
1381 624 1483 677 καὶ
1528 626 1837 696 ἐπεθύμουν
1879 645 1983 681 πα-

417 710 683 778 τουμένην
714 710 844 763 ἰδεῖν
877 712 983 763 ὑπὸ
1009 713 1117 763 τῶν
1142 713 1442 782 δεδεμένων
1463 716 1563 786 τὴν
1590 718 1685 769 τοῦ
1712 718 1980 786 τυράννου

421 802 677 875 κεφαλὴν,
723 805 832 865 τοῖς
871 804 928 857 δὲ
978 803 1099 858 οὔτε
1141 807 1313 865 ἐδόκει
1358 809 1530 867 δεινὸν
1558 810 1710 862 οὐδὲν
1735 813 1802 864 τὰ
1838 826 1985 881 παρ-

426 892 568 957 όντα,
623 895 717 947 καὶ
771 895 965 965 ἥδοντο
1012 896 1375 959 δουλεύοντες.
1432 895 1549 954 Oiei
1602 901 1699 954 καὶ
1741 901 1835 953 ἐπὶ
1877 902 1986 952 τῶν

423 984 643 1054 ἡμερῶν
701 987 925 1041 ἐκείνων
988 989 1238 1054 ἐγένοντο
1290 989 1400 1049 τῶν
1454 991 1760 1061 μακαρίων,
1794 990 1844 1043 οἳ
1897 992 1989 1044 τὸν

417 1074 569 1143 ἥλιον
603 1078 689 1132 ἐπ’
713 1079 894 1131 αὐτῶν
924 1080 1282 1133 ἁνατείλαντα
1312 1081 1436 1134 οὔτε
1468 1081 1719 1146 ἐδέξαντο
1743 1084 1837 1136 καὶ
1858 1085 1991 1136 ἀπο-

418 1165 610 1218 σϐέσαι
641 1169 1007 1237 ἐπεχείρησαν
1041 1165 1121 1232 οἷς
1152 1170 1298 1238 ἐξῆν,
1337 1172 1403 1224 δι’
1431 1166 1506 1227 ὧν
1534 1172 1796 1243 ᾠήθησαν
1830 1174 1990 1243 δυνη-

418 1255 577 1324 θῆναι
607 1259 870 1326 ἀφανίσαι
900 1260 1001 1331 τὴν
1044 1263 1236 1315 ἀκτῖνα
1280 1264 1462 1319 πάντα
1493 1264 1799 1325 ποιοῦντες.
1826 1266 1991 1318 Ὅθεν

420 1352 517 1401 καὶ
548 1352 598 1402 οἱ
652 1354 752 1422 μὲν
800 1353 1069 1424 ἐλύθησαν
1102 1356 1203 1424 τῆς
1255 1357 1314 1409 ἐν
1356 1354 1484 1428 ᾅδου
1530 1357 1850 1426 τυραννίδος
1896 1356 1990 1409 τοῦ

423 1439 689 1509 βασιλέως
723 1446 1006 1511 φανέντος,
1045 1448 1095 1499 οἱ
1139 1447 1195 1500 δὲ
1223 1446 1450 1512 ἔμειναν
1491 1449 1584 1503 ἐπὶ
1614 1448 1724 1505 τῶν
1752 1448 1988 1517 δεσμῶν.

496 1623 757 1693 Καθάπερ
805 1625 898 1677 ἐπὶ
934 1624 1044 1678 τῶν
1078 1626 1439 1681 νοεούντωνοῖ
1478 1627 1577 1698 τὴν
1614 1625 1907 1697 θεραπείαν
1932 1629 1996 1682 ἐκ

422 1717 626 1777 παντὸς
652 1718 853 1785 τρόπον
886 1718 1110 1786 ζητοῦσι
1137 1718 1233 1772 καὶ
1269 1718 1363 1773 τὸν
1396 1720 1581 1790 ἰατρὸν
1618 1720 1794 1789 ἡδέως
1821 1720 1991 1790 δρῶσι

422 1808 531 1860 τῶν
567 1808 700 1876 μηδὲ
727 1808 947 1865 εἰδότων
977 1812 1057 1863 ὅτι
1085 1811 1300 1865 νοσοῦσι
1332 1814 1423 1866 καὶ
1456 1813 1594 1882 πρὸς
1627 1813 1696 1867 τὰ
1723 1814 1992 1884 φάρμακα

422 1899 826 1968 ἀποπηδώντων
856 1902 1113 1970 ἀμείνους
1146 1902 1238 1953 καὶ
1266 1902 1657 1972 ἀνεκτο-ἐρους
1683 1896 1821 1954 εἶναι
1854 1920 1994 1970 συμ-

424 1989 600 2042 ϐαίνει
625 2006 640 2020 ο
679 1990 905 2053 τούτους
946 1992 1058 2061 γὰρ
1095 1993 1123 2043 6
1160 1990 1367 2058 ἰατρὸς,
1401 1985 1692 2059 οἷμαι,καὶ
1716 1991 1996 2057 unum-

423 2102 523 2147 τας
575 2085 675 2154 ἥδη
724 2086 986 2156 προσερεῖ
1032 2086 1128 2139 καὶ
1183 2085 1346 2153 μήπω
1402 2083 1654 2150 ὑγιάσας,
1711 2084 1763 2135 εί
1809 2100 1873 2149 γε
1922 2083 1995 2153 μὴ

430 2177 671 2230 σύνοιδεν
708 2176 891 2244 ἐαυτῷ
923 2176 1022 2245 τὴν
1049 2175 1245 2244 τέχνην
1278 2176 1375 2243 τῆς
1408 2176 1721 2245 ἀρρωστίας
1748 2175 1952 2228 ἐλάττω
1979 2191 1994 2207 ο

425 2265 614 2319 τοῦτον
664 2266 758 2319 τὸν
787 2266 989 2334 τρόπον
1030 2266 1129 2319 καὶ
1173 2266 1415 2329 δικαίους
1459 2264 1554 2319 καὶ
1599 2264 1785 2334 φίλους
1822 2264 1999 2327 ἐνίους

427 2359 522 2415 ἐπὶ
554 2360 664 2414 τῶν
693 2360 903 2431 χρόνων
949 2358 1178 2414 ἐκείνων
1216 2359 1476 2414 ἐκάλεσεν
1503 2361 1531 2412 6
1577 2356 1731 2420 Θεός.
1782 2356 1863 2431 Τὰ
1890 2356 2000 2427 γὰρ

429 2453 564 2523 παρ’
596 2452 806 2505 ἑαυτῶν
840 2453 1125 2522 εἰσέφερον
1153 2452 1331 2506 πάντα
1358 2452 1453 2507 καὶ
1479 2451 1579 2521 τὴν
1606 2451 1842 2519 δυνατὴν
1874 2451 2001 2502 ἐπε-

427 2543 674 2609 δείξαντο
725 2545 1112 2610 δικαιοσύνην,
1173 2545 1314 2615 ὅπερ
1368 2543 1598 2611 λυθῆναι
1657 2542 1755 2611 μὲν
1811 2541 2000 2607 ἀξίους

430 2635 655 2704 ἐποίησε
679 2634 774 2686 τοῦ
799 2635 959 2689 λῦσαι
988 2635 1289 2704 δυναμένου
1323 2636 1607 2702 φανέντος,
1634 2635 1789 2687 ἔλυσε
1821 2634 1877 2687 δὲ
1907 2635 2001 2687 οὐ-

432 2727 643 2797 δαμῶς.
677 2726 872 2781 Καίτοι
913 2727 962 2779 εί
1002 2725 1160 2778 τοῦτο
1188 2721 1255 2797 ἦν
1287 2726 1496 2796 ἀληθὴς
1532 2725 1874 2793 δικαιοσύνη,
1906 2727 2001 2777 καὶ

435 2816 586 2869 αὐτοὶ
619 2815 683 2868 ἂν
716 2811 855 2887 ἦσαν
889 2835 908 2868 ι
941 2817 998 2868 ὲν
1031 2816 1221 2887 είρήνῃ
1267 2817 1359 2869 καὶ
1397 2819 1457 2871 ἐν
1488 2820 1630 2888 χειρὶ
1659 2816 1819 2881 θεοῦ,
1856 2837 1874 2869 ι
1906 2819 2003 2869 Σο-

434 2907 616 2978 λομὼν
656 2905 799 2972 εἷπε,
830 2909 889 2962 τὸ
927 2907 1087 2978 σῶμα
1130 2910 1509 2974 ἀνατιθέμενοι
1549 2911 1745 2964 τοῦτο’
1798 2910 1895 2963 νῦν
1943 2911 2002 2964 δὲ

431 2999 837 3071 ἀπερχομένους
860 2999 1068 3055 ἐνθένδε
1092 3000 1222 3072 ᾅδης
1245 3000 1539 3071 ἐξεδέχετο.
1565 3003 1680 3072 Τὴν
1697 3002 1805 3072 γὰρ
1827 3002 2000 3075 ἀληθῆ

2082 552 2286 598 rentur.
2330 544 2467 597 Nam
2518 546 2591 598 illi
2640 544 2965 612 mancipium
2997 553 3053 596 et
3119 544 3436 597 servitutem
3502 544 3649 597 illam

2085 632 2272 701 iniquo
2337 634 2586 689 ferebant
2656 635 2887 698 animo,
2932 634 3304 703 optabantque
3371 648 3650 689 carcerem

2084 724 2314 788 destrui,
2342 737 2395 780 et
2428 727 2641 780 vincula
2692 726 2780 779 illa
2811 725 3099 794 disrumpi.
3151 735 3204 779 et
3243 726 3456 794 tyranni
3486 736 3650 792 caput

2085 834 2114 873 a
2154 818 2351 872 vinetis
2380 818 2761 871 conculcatum
2798 817 2980 869 videre
3004 815 3315 885 cupiebant.
3339 816 3435 869 His
3467 825 3648 868 autem

2088 922 2327 977 praesens
2353 922 2532 960 rerum
2570 914 2745 959 status
2804 905 2938 958 nihil
2973 905 3174 959 habere
3211 904 3473 958 horribile
3506 904 3653 956 vide-

2089 1005 2269 1066 batur,
2310 1009 2363 1055 et
2398 1000 2661 1055 servitute
2689 1000 2804 1068 ipsa
2839 997 3180 1052 hetabantur.
3207 998 3411 1061 Quales
3440 1007 3492 1050 et
3522 997 3653 1050 bea-

2094 1093 2161 1147 tis
2199 1091 2306 1145 illis
2330 1091 2670 1159 temporibus
2712 1099 2896 1148 erant.
2927 1088 3024 1156 qui
3075 1088 3244 1141 solem
3277 1103 3441 1156 super
3473 1103 3531 1140 se
3562 1103 3656 1139 ev-

2092 1193 2272 1235 orlum
2308 1194 2407 1235 nec
2432 1179 2814 1245 admittebant,
2849 1188 2905 1233 et
2955 1178 3158 1247 quibus
3194 1188 3417 1245 possent
3481 1178 3656 1232 modis

2093 1275 2441 1342 exstinguere
2461 1272 2845 1335 moliebantur,
2870 1270 3004 1323 nihil
3029 1272 3524 1339 praatermittentes,
3546 1283 3656 1336 quo

2094 1380 2152 1418 se
2192 1365 2402 1417 radium
2452 1361 2844 1416 obscuraturos
2894 1360 3322 1412 arbitrabantur.
3381 1354 3537 1412 Unde
3603 1367 3657 1411 et

2095 1452 2194 1517 illi,
2226 1453 2318 1505 ubi
2355 1467 2446 1505 rex
2473 1450 2747 1520 apparuit,
2798 1465 2829 1503 e
2883 1458 3119 1503 tartareo
3154 1446 3436 1500 dominatu
3484 1446 3658 1515 erepti

2097 1553 2263 1597 sunt:
2300 1542 2352 1595 hi
2388 1556 2517 1594 vero
2550 1543 2600 1593 in
2635 1539 2868 1593 vinculis
2903 1545 3342 1607 permanserunt.

2166 1636 2320 1692 Sicut
2358 1633 2502 1687 enim
2546 1632 2687 1687 inter
2732 1640 2988 1701 aegrotos.
3034 1629 3125 1698 qni
3148 1628 3486 1683 curationem
3513 1641 3662 1680 omni

2098 1726 2376 1799 diligentia
2406 1726 2724 1795 exquirunt,
2768 1731 2824 1776 et
2854 1720 3123 1775 medicum
3154 1718 3375 1772 minime
3403 1730 3661 1770 aversan-

2094 1833 2204 1886 tur,
2236 1820 2302 1874 iis
2342 1819 2434 1889 qui
2460 1835 2530 1872 ne
2558 1817 2800 1872 sentiunt
2825 1814 3043 1884 quidem
3096 1827 3154 1866 se
3204 1819 3486 1880 aegrotare,
3533 1818 3587 1862 ct
3629 1821 3661 1861 ι

2095 1913 2370 1969 medicina
2418 1911 2693 1974 resiliunt,
2734 1907 3001 1963 meliores
3032 1914 3087 1959 et
3111 1901 3511 1959 tolerabiliores
3541 1915 3663 1954 esse

2094 2005 2312 2061 solent:
2353 2005 2438 2057 his
2468 2003 2716 2057 medicus
2750 1999 3017 2062 medetur,
3044 1997 3262 2067 opinor,
3326 2002 3381 2050 et
3409 1993 3666 2050 convale-

2095 2105 2314 2150 scentes
2355 2096 2673 2164 alloquitur,
2705 2094 2867 2162 idque
2890 2091 3022 2145 nihil
3054 2089 3329 2150 dubitans,
3376 2088 3422 2143 si
3457 2087 3667 2145 noverit

2097 2194 2270 2241 artem
2287 2200 2440 2239 suam
2483 2184 2656 2237 morbi
2689 2183 2907 2236 saevitia:
2938 2196 3046 2235 non
3095 2182 3357 2248 imparem
3403 2193 3562 2244 esse;
3598 2176 3664 2230 ad

2098 2277 2348 2332 eumdem
2408 2274 2628 2327 modum
2659 2271 2822 2325 etiam
2850 2270 3029 2339 jnstos
3059 2280 3113 2324 et
3159 2270 3362 2322 amicos
3398 2268 3663 2338 quosdam

2099 2369 2206 2424 illis
2235 2367 2446 2424 saeculis
2497 2364 2711 2420 vocavit
2767 2363 2929 2418 Deus.
2970 2362 3121 2429 Quod
3153 2360 3296 2414 enim
3349 2360 3402 2413 in
3440 2374 3498 2414 se
3527 2369 3666 2421 erat,

2099 2465 2152 2519 id
2185 2461 2536 2532 praestabant,
2580 2462 2635 2510 ct
2698 2471 2797 2525 pro
2851 2454 2993 2509 virili
3056 2452 3323 2521 justitiam
3390 2450 3664 2515 colebant,

2099 2555 2243 2627 quod
2279 2568 2374 2608 eos
2425 2548 2702 2606 solutione
2748 2548 2944 2617 dignos
3001 2545 3305 2606 reddebat,
3365 2558 3487 2598 Ctltlt
3534 2541 3581 2596 is
3614 2541 3666 2593 in

2103 2641 2281 2697 medio
2310 2645 2477 2703 esset,
2506 2638 2603 2708 qui
2648 2636 2893 2692 solvendi
2924 2642 3248 2704 potestatem
3291 2634 3545 2687 habebat.
3572 2632 3672 2685 Ast

2102 2734 2415 2803 neutiquam
2445 2731 2631 2786 solvit.
2672 2728 2835 2799 Atqui
2872 2727 2916 2781 si
2950 2729 3062 2780 lucc
3096 2737 3214 2779 erat
3262 2742 3388 2778 vera
3434 2723 3669 2794 justitia.

2103 2825 2205 2895 ipsi
2266 2837 2483 2894 quoque
2519 2835 2751 2889 corpore
2791 2821 2894 2874 hoc
2918 2818 3166 2885 depo<ito
3198 2835 3215 2867 ι
3247 2816 3298 2868 in
3350 2830 3480 2883 pact:
3530 2822 3583 2867 et
3614 2814 3671 2867 in

2102 2933 2262 2971 tnanu
2301 2916 2391 2969 Dei
2415 2935 2434 2966 ι
2471 2928 2594 2969 esse
2622 2913 2945 2966 debuerunt.
2971 2910 3126 2963 Nunc
3158 2916 3250 2959 aut
3271 2924 3337 2961 -m
3357 2923 3421 2961 ex
3448 2911 3549 2960 hac
3584 2903 3671 2958 lu-
3737 2884 3747 2895 ⁸

2104 3030 2165 3066 re
2217 3013 2516 3075 abeuntes,
2574 3006 2733 3061 inferi
2802 3004 3168 3074 excipiebant.
3220 3000 3430 3061 ,Veram
3473 2999 3673 3068 quippe

429 3089 776 3160 δικαιοσύνην
807 3091 899 3144 καὶ
925 3089 1024 3160 τὴν
1061 3091 1201 3161 πρὸς
1235 3091 1366 3145 Θεὸν
1399 3092 1648 3163 ἑταιρίαν
1675 3093 1774 3163 οὐχ
1798 3094 1998 3163 ὑπερό-

2103 3108 2366 3181 justitiam
2406 3115 2612 3158 etcum
2662 3102 2769 3153 Deo
2822 3098 3121 3151 amicitiam
3183 3095 3445 3148 Dominus
3490 3099 3675 3146 noster

433 3202 548 3256 ριον
574 3183 740 3239 οὖσαν
767 3186 1083 3252 κατήγαγεν
1112 3186 1141 3235 6
1170 3186 1450 3255 Δεσπότης
1478 3185 1654 3253 ἡμῶν,
1684 3186 1800 3238 ἀλλ’
1836 3187 2000 3250 αὐτὸς

429 3278 730 3349 εἰσήγαγεν
765 3275 843 3339 εἰς
886 3273 980 3327 τὸν
1038 3275 1267 3343 κόσμον,
1304 3277 1398 3329 καὶ
1454 3280 1553 3346 τὴν
1597 3278 1870 3347 φέρουσαν
1918 3279 2000 3340 είς

429 3370 522 3425 τὸν
553 3368 783 3440 οὐρανὸν
809 3368 909 3421 οὐκ
935 3363 1095 3420 οὖσαν
1127 3361 1311 3436 εὗρεν,
1346 3367 1458 3422 ἀλλ’
1496 3370 1658 3434 αὐτὸς
1689 3370 1902 3441 ἔτεμεν.
1938 3371 2000 3422 Ei

431 3464 542 3533 γὰρ
571 3459 663 3532 ἦν,
706 3465 800 3515 καὶ
831 3461 987 3525 ἄλλος
1018 3461 1083 3514 ἃν
1122 3459 1285 3530 ἔτεμε
1319 3464 1428 3515 τῶν
1458 3464 1742 3535 προτέρων
1768 3482 1780 3495 ’
1822 3465 1916 3520 νῦν
1945 3465 2002 3518 δὲ

441 3573 460 3607 ε
502 3554 688 3616 Οὐδεὶς
744 3552 1089 3621 ἀναῦέϐηκεν
1133 3555 1214 3616 εὶς
1242 3555 1333 3607 τὸν
1378 3556 1628 3624 οὐρανὸν,
1678 3559 1726 3609 εἰ
1775 3557 1848 3628 μὴ
1878 3559 1906 3610 6
1939 3560 2002 3611 ἐκ

431 3647 528 3702 τοῦ
557 3646 788 3716 ούρανοῦ
820 3645 1088 3711 καταόἔις,
1113 3646 1142 3698 6
1175 3646 1303 3710 Υἱὸς
1328 3647 1424 3700 τοῦ
1444 3648 1753 3718 ἀνθρώπου,
1789 3653 1815 3702 6
1841 3650 1917 3703 ὣν
1942 3653 1999 3703 ὲν

430 3740 513 3809 τῷ
541 3738 778 3809 οὐρανῷ.
815 3757 834 3791 ι
866 3739 1038 3791 Ὅπου
1066 3738 1172 3807 γὰρ
1198 3737 1391 3807 ἄφεσιν
1417 3741 1707 3811 ἁμαρτιῶν
1736 3744 1827 3795 καὶ
1849 3744 2006 3811 δίκης

432 3832 764 3901 ἀπαλλαγὴν
794 3832 894 3890 οὐκ
927 3826 997 3900 ἦν
1028 3830 1212 3899 εὑρεῖν
1243 3831 1350 3901 πρὸ
1384 3832 1480 3885 τοῦ
1515 3832 1776 3903 σταυροῦ,
1799 3836 1853 3887 τί
1896 3838 2003 3905 χρὴ

434 3926 567 3989 περὶ
613 3921 959 3989 δικαιοσύνης
1005 3921 1284 3991 νομίζειν;
1325 3925 1398 3975 Οὐ
1448 3925 1557 3993 γὰρ
1586 3921 1654 3995 ἦν
1689 3927 2003 3990 ἀκόλουθον,

433 4014 618 4082 οἶμαι,
649 4019 779 4086 πρὶν
826 4015 1240 4083 καταλλαγῆναι
1278 4015 1418 4084 μετὰ
1449 4016 1543 4068 τοῦ
1580 4017 1742 4086 χοροῦ
1777 4018 1886 4070 τῶν
1916 4021 2007 4086 φε.

434 4114 549 4162 λων
579 4107 801 4160 ἑστάναι
848 4106 943 4159 καὶ
971 4105 1150 4174 δεσμὰ
1194 4107 1618 4175 περικειμένους
1660 4105 1743 4159 ἔτι
1770 4109 2005 4178 ἐστεφα-

434 4200 714 4269 νωμένους
741 4195 1216 4268 ἀνακηρύττεσθαι
1239 4213 1253 4227 ο
1283 4196 1418 4259 ὅλως
1442 4197 1498 4251 δὲ
1525 4199 1571 4250 εί
1592 4197 1786 4252 τὸπᾶν
1813 4200 2009 4269 ἤνυσεν

433 4292 467 4345 ὁ
502 4291 670 4357 ἀμνὸς
701 4290 935 4353 ὲκεῖκος,
969 4289 1022 4340 τί
1052 4287 1164 4342 τῶν
1186 4288 1456 4355 δευτέρων
1477 4288 1586 4343 ἔδει
1612 4290 1856 4357 τούτων;
1889 4292 2010 4345 Τῶν

432 4383 552 4455 γὰρ
583 4382 769 4435 τύπων
798 4382 893 4436 καὶ
920 4381 1031 4434 τῶν
1072 4380 1297 4436 εἰκόνων
1323 4381 1422 4451 τὴν
1445 4380 1790 4454 ζητουμένην
1825 4383 2009 4436 εὐδαι-

438 4477 635 4552 μονίαν
663 4473 1087 4539 εἰσενεγκόντων
1125 4474 1303 4543 μάτην
1332 4477 1364 4544 ἠ
1394 4475 1621 4545 ἀλήθεια
1652 4476 1745 4529 καὶ
1773 4476 1842 4529 τὰ
1869 4477 2011 4544 πρά-
2041 4462 2085 4518 ι)

433 4590 655 4642 γματα.
687 4571 762 4625 Τό
790 4587 854 4638 γε
882 4573 987 4641 μὴν
1010 4569 1098 4624 διὰ
1132 4569 1225 4621 τοῦ
1259 4568 1491 4622 θανάτου
1520 4567 1612 4621 τοῦ
1644 4569 1882 4638 Χριστοῦ
1906 4569 2009 4636 τὴν

434 4664 645 4735 ἐχθριιν
694 4660 1084 4729 καταλυθῆναι,
1130 4660 1228 4712 καὶ
1256 4660 1319 4711 τὸ
1376 4660 1693 4729 μεσότοιχον
1739 4661 1805 4713 εκ
1840 4659 2007 4728 μέσου

432 4756 699 4828 γενέσθαι
725 4754 823 4809 καὶ
861 4755 1089 4825 εἰρήνην
1122 4753 1218 4807 καὶ
1248 4752 1599 4820 δικαιοσύνην
1640 4752 1737 4805 ἐπὶ.
1764 4752 1874 4805 τῶν
1911 4750 2006 4806 τοῦ

436 4849 699 4918 Σωτῆρος
728 4845 957 4917 ἡμερῶν
992 4845 1274 4899 ἀνατεῖλαι
1323 4846 1418 4897 καὶ
1443 4843 1626 4898 πάντα
1660 4841 1856 4906 ταῦτα,
1886 4843 2009 4896 τίνα

434 4941 510 4995 ἂν
539 4939 619 4993 ἔτι
662 4938 847 5010 χώραν
876 4937 1011 5008 ἔχοι,
1050 4938 1098 4990 εί
1142 4937 1286 5005 φίλοι
1335 4935 1472 4988 Θεοῦ
1521 4935 1618 4987 καὶ
1669 4933 1869 4987 δίκαιοι
1907 4934 2013 5005 πρὸ

434 5034 542 5100 τῆς
596 5031 783 5093 θυσίας
815 5026 958 5102 ἦσαν
1010 5029 1258 5099 ἐκείνηςς
1311 5028 1627 5098 Τεκμήριον
1659 5027 1716 5080 δὲ
1765 5029 2011 5081 κάκεῖνο.

436 5122 580 5174 Τίτε
621 5121 720 5190 μὲν
749 5121 860 5187 γὰρ
887 5120 1051 5188 νόμος
1096 5120 1242 5187 ἡμᾶς
1274 5119 1350 5187 τῷ
1393 5118 1511 5186 Θεῷ
1548 5119 1808 5185 συνῆπτε,
1840 5119 1933 5169 νῦν
1959 5118 2018 5171 δὲ

436 5213 631 5276 ⁸πίστις
657 5216 749 5266 καὶ
781 5212 940 5282 χάρις
970 5212 1064 5265 καὶ
1089 5212 1145 5264 εῐ
1169 5228 1220 5263 τι
1247 5210 1451 5263 τούτων
1483 5210 1686 5281 ἔχεται.
1712 5208 1884 5279 Δῆλον
1908 5210 2017 5279 γὰρ

437 5305 699 5360 ἐντεῦθεν
731 5304 1033 5374 τηνικαῦτα
1094 5303 1193 5373 μὲν
1236 5303 1507 5367 δουλείαν,
1540 5304 1634 5355 νῦν
1680 5304 1738 5355 δὲ
1795 5302 2018 5370 υἱότητα

438 5400 542 5452 καὶ
570 5397 752 5467 φιλίαν
781 5399 881 5463 τῖ’,ν
914 5394 1023 5446 τῶν
1047 5393 1351 5464 ἀνθρώπων
1384 5393 1520 5463 πρὸς
1562 5394 1693 5446 Θεὸν
1731 5393 2017 5446 κοινωνίαν

434 5486 585 5543 εἶναι
611 5505 624 5518 '
652 5488 681 5539 6
725 5487 824 5557 μὲν
852 5486 962 5555 γὰρ
987 5485 1153 5552 νόμος
1194 5488 1306 5549 τοῖς
1343 5485 1571 5549 δούλοις,
1616 5485 1786 5551 φίλων
1816 5483 1874 5535 δὲ
1923 5482 2016 5536 καὶ

438 5579 584 5634 υἱῶν
618 5581 650 5648 ἠ
684 5577 839 5647 χάρις
877 5575 971 5631 καὶ
1006 5576 1040 5647 ἡ
1071 5575 1254 5640 πίστις
1284 5577 1376 5629 καὶ
1423 5576 1485 5629 τὸ
1532 5575 1778 5646 θαρρεῖν.
1820 5573 1907 5638 Ἐξ
1939 5568 2014 5627 ὧν

529 5768 569 5800 ³³
599 5768 730 5824 Joan
767 5784 841 5834 ιιι,
885 5767 966 5823 l5.

2106 3216 2213 3254 non
2273 3214 2304 3251 e
2349 3190 2736 3249 remotissimis
2786 3199 2838 3243 et
2896 3187 3198 3258 peregrinis
3250 3186 3672 3253 locislarqnam

2103 3295 2169 3346 ab
2198 3289 2392 3345 exsilio
2424 3285 2639 3340 reduxit
2669 3300 2685 3350 ;
2744 3281 2835 3338 sed
2872 3283 3105 3352 ipsemet
3163 3279 3372 3348 primus
3399 3277 3454 3330 in
3513 3290 3678 3329 mun-

2104 3386 2228 3436 dum
2260 3377 2580 3438 introduxit,
2618 3386 2673 3428 et
2712 3375 2813 3427 iter
2844 3374 2895 3425 in
2924 3373 3116 3425 ccelnm
3155 3368 3353 3430 f'l‘t‘lls’,
3399 3380 3503 3418 non
3527 3364 3670 3434 quod

2100 3485 2220 3530 erat
2275 3472 2506 3531 invenit,
2542 3468 2637 3522 sed
2707 3467 2823 3536 ipse
2885 3463 3015 3516 illud
3052 3459 3306 3524 munivit,
3345 3468 3398 3510 et
3426 3455 3672 3509 ambula-

2103 3567 2202 3620 vit.
2236 3565 2368 3618 Nam
2411 3561 2457 3616 si
2498 3559 2714 3623 fuisset,
2751 3556 2946 3625 utique
2979 3555 3120 3607 alius
3169 3552 3281 3622 pris
3319 3564 3478 3604 orum
3543 3546 3676 3601 illud

2104 3655 2431 3726 capessisset
2476 3672 2490 3708 :
2547 3671 2564 3702 ι
2597 3649 2760 3719 Atqui
2817 3662 2974 3702 nemo
3032 3643 3278 3701 ascendit
3345 3643 3398 3696 in
3452 3640 3677 3701 ctelum,

2106 3752 2210 3805 nisi
2243 3749 2413 3804 Filius
2445 3745 2699 3809 hominis,
2728 3743 2821 3814 qui
2856 3752 2939 3796 est
2973 3741 3029 3795 in
3084 3738 3221 3793 εωιυ
3280 3734 3345 3791 ³⁸.
3385 3753 3405 3787 ι
3449 3732 3680 3800 Quando

2105 3844 2249 3896 enim
2278 3847 2624 3910 peccatorum
2655 3835 2893 3894 veniam,
2962 3843 3359 3899 pmnarnmque
3419 3824 3680 3880 immuni-

2110 3941 2271 3984 tatem
2330 3938 2457 3983 ante
2495 3926 2786 3979 Dominum
2840 3924 2893 3976 in
2948 3936 3111 3975 cruce
3159 3918 3413 3973 stttIixnm
3453 3914 3684 3980 adipisd

2109 4039 2217 4077 nun
2254 4022 2425 4083 licuit,
2459 4019 2587 4086 quid
2638 4014 2948 4087 dejustitia
2995 4009 3486 4067 existimabimus?
3527 4007 3683 4062 “and

2108 4114 2254 4168 enim
2285 4119 2719 4165 consentaneum
2756 4114 2898 4170 erat,
2930 4114 2991 4157 ut
3014 4103 3276 4163 arbitror,
3308 4107 3436 4153 ante
3487 4114 3683 4154 recon-

2109 4206 2442 4273 ciliationem
2477 4203 2532 4257 in
2561 4201 2733 4256 choro
2771 4198 3077 4253 amicorum
3111 4192 3398 4258 collocari,
3429 4191 3681 4246 ctadhue

2111 4297 2353 4354 vinculis
2399 4294 2773 4350 circumdatos
2834 4304 2933 4359 pro
2994 4286 3273 4345 coronatis
3322 4282 3680 4355 promulgari;

2109 4394 2179 4450 Ut
2209 4388 2519 4447 summatim
2558 4386 2755 4449 dicam,
2789 4382 2835 4438 si
2876 4397 3050 4452 agnus
3105 4378 3378 4450 paschalis
3422 4378 3512 4432 ille
3569 4391 3687 4429 om-

2114 4488 2202 4540 nia
2230 4482 2480 4543 cunl‘ecit,
2532 4479 2662 4547 quid
2710 4477 2795 4531 his
2840 4474 3232 4544 posterioribus
3260 4487 3401 4541 opus
3442 4468 3543 4523 l‘nit
3577 4469 3623 4501 "
3661 4468 3688 4521 ?

2114 4574 2247 4629 Nam
2274 4573 2317 4626 si
2354 4573 2460 4642 lypi
2509 4580 2565 4623 et
2612 4567 2876 4638 imagines
2904 4567 3190 4636 quzesitam
3242 4562 3551 4617 felicitatem
3604 4568 3686 4614 at-

2118 4664 2378 4725 tulerunt,
2412 4659 2613 4714 veritas
2664 4670 2716 4713 et
2756 4673 2844 4712 res
2873 4658 2987 4727 ipsa
3017 4656 3200 4710 inania
3231 4665 3383 4708 sunt.
3408 4652 3511 4707 Per
3536 4666 3688 4706 mor:

2114 4767 2225 4810 tem
2265 4769 2390 4806 vero
2417 4748 2624 4805 Christi
2654 4747 2972 4802 inimicitias
3020 4742 3284 4807 convelli,
3336 4750 3391 4797 et
3444 4739 3688 4797 medium

2116 4848 2375 4918 parietem
2406 4860 2436 4898 e
2476 4842 2654 4896 medio
2697 4840 2809 4895 tolli
2847 4840 2915 4906 ³⁸,
2977 4850 3275 4907 pacemque
3330 4843 3387 4889 et
3417 4833 3691 4904 justitiam

2116 4937 2449 5008 temporibus
2507 4931 2807 4989 Salvatoris
2858 4930 3082 4989 exoriri.
3134 4937 3189 4983 et
3220 4927 3409 4981 omnia
3462 4926 3689 4985 demum

2118 5026 2445 5099 hujnsmodi,
2502 5036 2793 5093 quemnam
2851 5020 3031 5073 adhuc
3088 5018 3267 5072 locum
3331 5016 3588 5079 habeant,
3640 5015 3686 5069 si

2116 5132 2241 5173 ante
2281 5116 2610 5172 sacriticium
2667 5112 2799 5168 illud
2842 5110 2975 5180 justi
3031 5119 3085 5163 et
3148 5110 3307 5163 amici
3360 5108 3451 5162 Dei
3483 5108 3693 5163 erant?

2120 5210 2216 5265 Est
2263 5222 2314 5264 et
2361 5208 2509 5263 aliud
2551 5208 2605 5262 in
2645 5212 2899 5276 promptu
2936 5213 3344 5273 argumentum.
3378 5201 3532 5256 Tunc
3563 5200 3689 5270 qui-

2121 5303 2242 5356 dem
2273 5300 2355 5354 lex
2387 5300 2493 5355 Deo
2521 5311 2623 5351 nos
2650 5293 2986 5349 consociavit
3015 5310 3029 5347 :
3058 5303 3114 5349 at
3134 5307 3277 5347 nunc
3311 5291 3464 5353 lldes,
3493 5300 3686 5358 etgra-

2125 5392 2224 5454 tia,
2275 5403 2329 5444 et
2380 5389 2424 5443 si
2462 5388 2590 5457 quid
2645 5387 2728 5440 his
2796 5385 2953 5439 aliine
2998 5394 3101 5439 est.
3159 5382 3501 5437 blatuilestum
3541 5377 3688 5431 enim

2124 5483 2270 5546 hinc,
2321 5490 2433 5534 tum
2473 5478 2693 5549 quidem
2747 5476 3191 5531 communionem
3226 5470 3507 5524 hominum
3562 5484 3686 5521 cum

2126 5574 2235 5627 Deo
2266 5585 2471 5626 meram
2520 5570 2862 5633 servitutem,
2902 5581 3050 5623 nunc
3086 5576 3214 5617 vero
3257 5559 3491 5614 ﬁliorum
3522 5560 3690 5632 adop-

1051 5765 1093 5799 "
1123 5763 1295 5819 Exod.
1328 5777 1424 5827 xtl,
1454 5775 1606 5831 seqq.
1662 5759 1706 5791 υ
1736 5759 1931 5831 Ephes.
1962 5776 2022 5823 ιι,
2068 5757 2151 5823 lt,
2198 5755 2282 5811 16.
