4132 6308
416 388 520 456 511

1692 386 2005 447 NICOLAI
2042 388 2126 446 CA
2141 388 2304 446 BASI
2323 387 2431 446 UE

3554 377 3662 444 512

413 511 618 564 tionem
672 516 724 563 et
763 507 1062 562 amicitiam
1097 523 1236 562 esse.
1295 506 1400 559 Lex
1453 507 1651 559 etenim
1694 510 1868 562 servis
1905 507 1996 560 da-
2029 548 2036 560 .

2140 510 2354 562 πάντων
2404 504 2612 572 γίνεται
2661 501 2842 569 δῆλον,
2885 500 3072 569 ὥσπερ
3111 518 3128 550 ι
3161 497 3518 580 ,πρωτότοκος
3550 498 3663 550 τῶν

416 610 526 661 tur,
557 597 862 651 amicorum
902 606 1080 650 autem
1117 597 1461 664 ﬁliorumque
1501 599 1694 664 gratia,
1737 596 1891 658 tidcs.
1929 597 1989 648 ti-

417 689 579 743 ducia
627 696 728 743 est.
776 690 848 742 Ex
893 691 1092 758 quibus
1122 689 1375 741 omnibus
1425 698 1589 756 patet,
1639 688 1993 756 quemadmo-

421 783 550 835 dum
597 782 850 835 Salvator
889 804 906 833 ι
957 784 1354 850 primogenitus
1383 793 1467 836 est
1505 791 1845 835 mortuorum
1875 776 1940 844 ³⁷,
1967 801 1985 832 ›

424 889 529 928 nec
562 884 775 943 poterat
811 877 1105 944 quisquam
1139 873 1522 930 defunctorum
1560 885 1684 928 ante
1709 875 1776 928 ad
1829 875 1992 927 vitam

427 969 790 1022 immortalem
827 968 1170 1030 reviviscere,
1230 982 1393 1035 quam
1430 967 1519 1020 ille
1550 966 1826 1021 redivivus
1849 966 1996 1019 exsi-

428 1069 599 1115 steret
633 1076 648 1126 ;
696 1060 882 1113 eodem
920 1059 1079 1112 modo
1113 1059 1277 1112 etiam
1301 1057 1366 1110 ad
1395 1058 1734 1111 sanctitatem
1759 1057 1995 1127 etjusti-

431 1151 563 1204 tiam
591 1149 902 1202 hominibus
925 1148 1095 1216 ipsum
1130 1146 1305 1201 solum
1341 1145 1665 1214 prmivisse;
1700 1154 1754 1198 et
1797 1142 1998 1197 Paulus

431 1241 743 1298 conﬁrmat,
802 1239 1082 1292 Chrisum
1130 1251 1525 1306 prtecursoreut
1601 1251 1699 1305 pro
1736 1235 1891 1289 nobis
1943 1235 2000 1288 in

435 1342 626 1386 sancta
658 1332 939 1385 introiisse
997 1331 1272 1385 scribens.
1325 1329 1580 1384 Introivit
1629 1328 1776 1382 enim
1848 1336 2004 1397 post-

434 1438 596 1490 qttant
632 1423 870 1490 seipsum
905 1422 1100 1475 obtulit
1133 1420 1300 1482 Patri,
1325 1430 1378 1474 et
1401 1420 1646 1474 volentes
1683 1419 2004 1480 introducit,

435 1511 726 1578 sepultura
749 1511 867 1579 ejus
901 1520 1186 1564 consortes
1217 1526 1232 1576 ;
1269 1526 1377 1563 non
1410 1523 1541 1564 sane
1569 1509 1792 1579 perinde
1826 1517 1882 1561 ιιι
1917 1509 2008 1561 ille

438 1601 763 1666 morientes,
793 1602 888 1655 sed
927 1611 1157 1655 mortem
1217 1601 1364 1654 illam
1402 1603 1453 1653 in
1482 1600 1704 1654 lavacro
1751 1600 2006 1669 baptismi

441 1691 754 1763 cogitationi
798 1692 1169 1762 subjicientes,
1197 1701 1249 1745 et
1273 1703 1489 1755 unctos,
1517 1702 1572 1746 et
1598 1692 1649 1745 in
1678 1709 1832 1746 sacra
1861 1708 2012 1745 meu-

444 1798 504 1834 sa
553 1783 970 1849 aununtiantes,
1033 1787 1304 1852 modoque
1369 1784 1630 1839 inembili
1682 1799 1779 1854 pro
1835 1784 2012 1853 epulis

2093 600 2302 669 νεκρῶν
2334 618 2351 649 ι
2375 599 2402 650 6
2432 597 2646 666 Σωτὴρ,
2679 596 2772 646 καὶ
2794 594 2893 645 οὐκ
2918 589 2985 662 ἦν
3010 589 3305 644 ἀναϐιῶναι
3336 589 3444 640 τῶν
3471 588 3666 656 τεθνη-

2094 692 2268 744 κότων
2305 689 2498 741 ούδένα
2544 687 2644 754 τὴν
2698 684 2964 737 ἀθάνατον
3012 682 3158 750 ζωὴν
3197 681 3272 750 μὴ
3327 679 3664 741 ἀναστάντος

2094 783 2305 836 ἐκείνου
2324 797 2336 810 ·
2366 778 2457 832 τὸν
2511 780 2627 832 ἴσον
2658 777 2858 845 τρόπον
2889 774 2984 827 καλ⁹
3011 773 3148 841 πρὸς
3191 772 3287 842 τὴν
3348 769 3668 837 ἁγιωσύνην

2095 875 2192 929 καὶ⁵
2220 873 2566 942 δικαιοσύνην
2589 873 2701 933 τοῖς
2726 867 3035 940 ἀνθρώποις
3065 865 3228 928 αύτδς
3269 863 3520 934 ἡγήσατο
3564 863 3668 928 μό-

2099 985 2208 1032 νος,
2243 966 2338 1020 καὶ
2385 965 2543 1018 τοῦτο
2590 962 2799 1024 Παῦλος
2847 959 3014 1025 ἔδειξε
3067 958 3318 1028 γράφων,
3353 956 3668 1024 πρόδρομον

2099 1059 2240 1128 ὑπὲρ
2273 1056 2435 1128 ἡμῶν
2461 1057 2540 1119 εἰς
2571 1055 2638 1108 τὰ
2669 1053 2803 1121 ἆγια
2833 1054 2926 1104 τὸν
2961 1050 3197 1120 Χριστὸν
3239 1046 3667 1117 εἰσεληλυθέναι.

2101 1149 2335 1217 Εἱσῆλθε
2351 1147 2460 1217 γὰρ
2474 1147 2552 1210 είς
2572 1148 2640 1202 τὰ
2657 1145 2808 1213 ἅγια,
2828 1142 3020 1198 ἑαυτὸν
3041 1139 3348 1207 ἀνενεγκὼν
3368 1138 3448 1208 τῷ
3467 1136 3668 1206 Πατρδ,

2103 1245 2198 1296 καὶ
2225 1243 2354 1304 τοὺς
2386 1239 2742 1312 βουλομένους
2769 1235 2979 1304 εἰσάγει
3013 1235 3112 1303 τῆς
3153 1233 3332 1301 ταφῆς
3366 1230 3515 1299 αὐτῷ
3553 1247 3668 1282 κοιο

2104 1335 2428 1399 νωνοῦντας,
2461 1335 2561 1387 οὐκ
2589 1331 3036 1399 ἀποθνήσκοντας
3066 1325 3256 1395 ὥσπερ
3299 1325 3528 1385 ἐκεῖνος,
3555 1320 3671 1374 ἀλλ’

2107 1429 2200 1482 ἐπὶ
2231 1427 2325 1481 τοῦ
2352 1424 2578 1496 λουτροῦ
2609 1423 2700 1476 τὸν
2733 1423 2961 1476 θάνατον
2993 1415 3479 1485 ἐπιδεικνυμένους
3529 1414 3672 1465 ἐκεί-

2109 1538 2219 1584 νον,
2281 1520 2374 1572 καὶ
2425 1519 2517 1572 ἐπὶ
2573 1516 2672 1586 τῆς
2720 1512 3001 1584 τραπέζης
3047 1507 3520 1578 καταγγέλλοντας
3573 1503 3677 1572 τῆς

2113 1611 2264 1678 ἱερᾶς
2297 1608 2391 1661 καὶ
2447 1607 2769 1677 χρωμένους
2817 1606 2911 1658 καὶ
2971 1601 3381 1671 εὐωχουμένους
3436 1597 3678 1669 ἄῤῥητόν

2112 1715 2232 1749 τινα
2271 1695 2471 1764 τρόπον
2505 1695 2672 1748 αὑτὸν
2716 1696 2806 1746 τὸν
2835 1694 3180 1762 νεκρωθέντα
3207 1693 3302 1744 καὶ
3346 1689 3680 1743 ἀναστάντα.

2115 1789 2226 1842 Καὶ
2259 1785 2402 1841 οὕτω
2434 1785 2524 1839 διά
2551 1786 2661 1839 τῶν
2687 1785 2873 1838 πυλῶν
2901 1783 3106 1836 τούτων
3136 1781 3449 1850 εἰσαγαγὼν
3478 1781 3558 1842 είς
3586 1779 3683 1848 τὴν

445 1883 728 1928 sumentes
789 1875 967 1944 ipsum
1019 1876 1108 1942 qui
1161 1887 1410 1930 mortuus
1467 1887 1552 1932 est
1595 1887 1642 1932 ct
1696 1876 2012 1931 resurrexit.

2138 1878 2400 1933 Βασιλείαν
2425 1879 2518 1932 καὶ
2546 1879 2675 1942 τοὶς
2709 1878 3004 1946 στεφάνους
3038 1878 3280 1946 ἡγεῖται.

449 1965 515 2018 Ει
547 1966 619 2020 ita
657 1982 751 2035 per
801 1968 899 2021 has
962 1978 1149 2036 portas
1193 1969 1535 2023 introductos
1575 1969 1639 2021 ad
1698 1983 1920 2037 regnum
1965 1976 2019 2021 ct

450 2055 516 2108 ad
542 2072 772 2112 coronas
806 2059 978 2114 ducit.

524 2148 696 2203 Porta:
746 2151 860 2204 ista:
915 2153 1019 2206 illis
1051 2152 1285 2222 paradisi
1338 2153 1508 2222 portis
1549 2153 1720 2207 multo
1761 2150 2018 2219 majorem

454 2243 867 2296 venerationem
897 2255 947 2298 et
996 2245 1280 2300 utilitatem
1321 2247 1541 2300 habent.
1581 2247 1689 2301 Illae
1751 2247 2019 2316 siquidem

456 2332 590 2384 nulli
619 2335 930 2400 aperientur
958 2336 1052 2405 qui
1098 2353 1194 2406 per
1223 2338 1387 2392 hasce
1431 2339 1584 2406 prius
1635 2353 1741 2393 non
1787 2337 2023 2391 intrave-

457 2425 528 2477 rit
558 2442 571 2478 :
607 2425 690 2481 ha:
717 2443 866 2490 vero,
909 2431 1162 2497 quamvis
1191 2430 1399 2483 clausis
1443 2429 1566 2491 illis,
1594 2437 1775 2496 patent
1827 2426 1892 2479 Et
1925 2427 2027 2478 illae

459 2515 678 2582 quidem
715 2519 879 2571 etiam
913 2519 1149 2574 educere
1187 2529 1503 2589 potuerunt,
1534 2519 1680 2571 intus
1701 2526 1981 2571 versantes
2011 2534 2023 2569 :

464 2607 784 2662 luctantum
825 2611 1203 2672 introducunt,
1259 2611 1529 2663 neminem
1567 2611 1821 2664 educunt.
1859 2611 1920 2663 Et
1963 2609 2028 2662 il-

466 2688 532 2742 lie
559 2693 769 2745 occludi
821 2703 1096 2761 poterant,
1149 2693 1492 2761 occlusaeque
1545 2703 1673 2747 sunt
1708 2711 1722 2759 ;
1757 2710 1920 2763 super
1947 2695 2031 2748 his

467 2783 610 2850 quod
641 2783 816 2835 velunt
860 2784 982 2848 fuit,
1011 2785 1238 2838 omnino
1278 2785 1592 2854 disjectum,
1620 2793 1672 2839 et
1701 2786 1914 2841 medius
1937 2801 2034 2855 pa-

468 2873 582 2926 ries
637 2873 888 2928 sublatus
933 2885 1016 2930 est
1051 2895 1062 2929 :
1103 2891 1202 2929 nec
1248 2876 1410 2930 datur
1445 2877 1682 2946 amplius
1742 2879 2033 2932 maceriam

471 2961 734 3028 excitare,
775 2975 828 3018 ct
859 2975 1047 3035 portas
1071 2967 1148 3020 illi
1203 2976 1411 3036 aptare,
1451 2975 1506 3021 et
1556 2967 1762 3035 pariete
1802 2967 2040 3022 interce-

471 3053 635 3110 dente
669 3057 902 3110 tnundos
952 3059 1211 3122 invicem,
1263 3059 1626 3128 superiorem,
1675 3059 1917 3128 inquam,
1953 3060 2038 3113 in-

475 3144 842 3215 ferioretnque
879 3147 1158 3203 dirimere.
1198 3149 1312 3204 Non
1345 3151 1489 3204 enim
1542 3151 1864 3221 simpliciter
1903 3150 2041 3205 dun-

477 3245 630 3290 taxat
661 3239 869 3307 aperti,
909 3241 1004 3296 sed
1035 3250 1089 3294 et
1136 3241 1362 3307 diducti,
1391 3251 1443 3296 et
1478 3244 1635 3313 quasi
1673 3241 1860 3296 diliissi
1916 3251 2044 3296 sunt

477 3326 627 3388 cmli.
659 3340 716 3381 ut
756 3330 976 3386 Marcus
1017 3333 1092 3386 ait
1120 3331 1184 3385 ⁸⁸.
1225 3333 1341 3398 Qua
1389 3349 1445 3388 re
1485 3330 1766 3390 ostensum
1798 3345 1901 3398 est,
1935 3349 2042 3388 non

477 3422 589 3491 jam
622 3431 833 3490 portam
891 3433 942 3478 et
987 3435 1189 3492 postes,
1223 3441 1398 3495 neque
1449 3429 1814 3482 velamentum
1877 3427 2044 3480 nlltttn

483 3515 738 3570 relictum
771 3532 912 3573 esse.
942 3515 1043 3583 Qui
1099 3519 1244 3574 enim
1298 3535 1594 3589 supernum
1638 3521 1902 3574 mundum
1964 3521 2048 3573 his

483 3609 577 3675 qui
627 3609 766 3663 infra
802 3621 927 3664 sunt
965 3611 1339 3666 reconciliavit
1368 3622 1420 3666 et
1447 3612 1752 3680 conjunxit,
1777 3623 1830 3666 et
1861 3625 2048 3679 pacem

487 3701 635 3764 fecit,
678 3703 1046 3770 parietemque
1100 3704 1334 3756 medium
1388 3705 1635 3757 maceria:
1689 3703 2050 3766 destruxit”,

489 3811 595 3848 non
635 3803 809 3864 potest
870 3809 1066 3862 negare
1126 3795 1478 3863 semetipsum
1503 3795 1570 3858 ⁸ο,
1623 3804 1682 3849 ut
1737 3794 1796 3849 B.
1854 3793 2054 3848 Paulus

492 3887 690 3955 inquit.
725 3887 916 3942 Pet-tas
940 3887 1082 3940 enim
1126 3888 1246 3942 illas
1274 3896 1492 3957 propter
1520 3888 1788 3942 Adamutn
1820 3898 2054 3958 apertas,

491 3994 558 4032 co
593 3994 698 4031 non
729 3978 1074 4048 persistente,
1103 3979 1154 4032 in
1187 3979 1386 4048 quibus
1423 3981 1712 4048 persistere
1745 3980 2054 4050 Oportebat,

493 4071 658 4124 etiam
697 4071 873 4125 claudi
933 4071 1120 4141 utique
1165 4081 1592 4125 consentaneum
1632 4080 1764 4125 erat.
1819 4070 1926 4126 llas
1962 4088 2060 4125 att-

495 4172 603 4216 tem
632 4163 887 4218 Christus
933 4165 1162 4235 ipsemet
1195 4167 1482 4228 reseravit,
1511 4165 1603 4234 qui
1639 4175 1917 4234 peccatum
1953 4182 2058 4220 non

499 4254 649 4318 fecit,
698 4266 750 4309 et
802 4256 854 4308 in
887 4273 1046 4325 quem
1104 4274 1326 4325 peccare
1365 4275 1473 4311 non
1515 4258 1659 4311 cadit
1689 4257 1755 4310 ”.
1793 4276 1812 4308 ι
1844 4256 2062 4312 Justitia

499 4347 645 4396 enim
672 4346 813 4413 ejus,
851 4347 1028 4414 inquit
1073 4347 1262 4408 David,
1297 4361 1478 4403 manet
1529 4349 1581 4401 in
1637 4358 1900 4402 telernum
1931 4351 1997 4401 δ’.
2041 4368 2058 4399 ι

505 4435 658 4488 Unde
689 4451 782 4489 eas
810 4449 992 4504 patere
1021 4452 1232 4506 semper
1256 4455 1478 4506 prorsus
1511 4454 1734 4493 necesse
1768 4449 1871 4504 est,
1909 4450 1960 4492 ct
1999 4441 2063 4493 ad

2193 2137 2435 2200 Αὗταιαί
2477 2144 2640 2199 πύλαι
2678 2145 2785 2198 τῶν
2801 2145 2894 2200 τοῦ
2931 2143 3256 2214 παραδείσου
3299 2143 3487 2196 πυλῶν
3508 2141 3680 2210 πολλῷ

2127 2244 2452 2312 συμνότεραι
2485 2242 2578 2295 καὶ
2623 2240 3085 2308 λυσιτελέστεραι.
3122 2239 3185 2291 Ai.
3224 2237 3322 2306 μέν
3356 2236 3465 2304 γάρ
3500 2236 3595 2288 οὐκ
3619 2234 3682 2288 ἂν

2126 2337 2402 2403 ἁνοιγεῖεν’
2425 2335 2603 2387 ούδενὶ
2643 2334 2717 2401 μὴ
2744 2334 2830 2386 διὰ
2867 2332 3073 2385 τούτων
3092 2329 3391 2383 εἰσελθόντι
3417 2329 3680 2398 πρότερον

2126 2427 2236 2478 τῶν
2263 2425 2461 2485 πυλῶν,
2499 2425 2554 2476 αἱ
2590 2423 2646 2476 δέ
2679 2421 3080 2488 κεκλεισμένων
3105 2421 3328 2474 ἐκείνων
3354 2420 3543 2488 ἠνοίγη
3557 2438 3651 2471 σαν
3675 2436 3688 2448 ·

2130 2523 2224 2570 καὶ
2263 2518 2316 2568 αἱ
2369 2516 2469 2584 μὲν
2505 2515 2597 2568 καὶ
2631 2515 2888 2569 ἐδύναντο
2934 2514 3148 2580 ἐξάγειν
3193 2514 3321 2575 τοὺς
3353 2511 3519 2573 ἔνδον,
3555 2512 3608 2562 αἱ
3638 2511 3694 2562 δὲ

2131 2610 2412 2676 εἰσάγουσι
2464 2609 2645 2678 μόνον,
2697 2607 2952 2675 ἐξάγουσι
2985 2607 3040 2660 δὲ
3068 2606 3282 2659 οὐδένα,
3333 2605 3439 2657 Καὶ
3470 2605 3568 2667 τὰς
3601 2604 3696 2672 μὲν

2134 2701 2224 2753 καὶ
2260 2699 2576 2767 κλεισθῆναι
2612 2699 2836 2750 δυνατὸν
2866 2693 2932 2768 ἦν
2964 2697 3055 2749 καί
3088 2712 3148 2763 γε
3181 2695 3568 2763 ἐκλείσθησαν,
3605 2695 3699 2745 ἐπὶ

2135 2792 2190 2844 δὲ
2217 2793 2422 2844 τούτων
2459 2792 2771 2844 παντάπασι
2804 2791 2866 2842 τὸ
2893 2789 3306 2858 παραπέτασμα
3335 2789 3426 2840 καὶ
3457 2787 3516 2838 τὸ
3545 2786 3706 2855 μεσό-

2137 2901 2316 2953 τοιχον
2373 2884 2534 2953 ἐλύθη
2590 2886 2685 2937 καὶ
2741 2882 3024 2954 ἀνῃρέθη·
3063 2883 3155 2934 καὶ
3212 2882 3312 2934 οὐκ
3364 2882 3574 2933 ἔνεστιν
3623 2879 3706 2931 ἔτι

2142 2975 2398 3046 φραγμὸν
2429 2974 2730 3042 ἀναστῆναι
2784 2975 2879 3026 καὶ
2927 2972 3100 3036 πύλας
3144 2972 3559 3042 ἀναρμοσθῆναι
3613 2971 3709 3022 καὶ

2141 3071 2266 3128 τοὺς
2297 3068 2537 3136 κόσμους
2584 3066 2829 3134 ἀλλήλων
2864 3065 3051 3135 τειχίῳ
3096 3064 3463 3133 διαιρεθῆναι.
3496 3064 3570 3116 Οὐ
3602 3063 3711 3132 γάρ

2070 3190 2110 3242 C
2144 3159 2454 3230 ἁνεῴγασιν
2507 3158 2692 3222 ἁπλῶς
2729 3160 2911 3227 μόνον,
2951 3156 3067 3210 ἀλλ’
3098 3156 3426 3226 ἐσχίσθησαν
3468 3157 3516 3208 οἱ
3552 3156 3716 3224 ούρα-

2145 3250 2246 3312 νοὶ,
2286 3252 2314 3302 6
2353 3249 2655 3319 Θαυμάσιος
2703 3247 2808 3319 ἔφη
2862 3249 3110 3319 Μάρκος,
3157 3247 3372 3309 δεικνὺς
3421 3246 3493 3307 ὡς
3523 3245 3714 3296 οὐκέτι

2146 3342 2284 3410 θύρα
2315 3342 2408 3394 καὶ
2448 3341 2790 3410 παραστάδες
2819 3339 2938 3392 οὐδὲ
2969 3342 3384 3410 παραπέτασμα
3403 3339 3554 3392 οὐδὲν
3582 3338 3716 3390 ύπε-

2145 3430 2359 3500 λείφθη.
2396 3429 2457 3482 '0
2487 3433 2596 3502 γὰρ
2645 3429 2988 3494 καταλλάξας
3028 3431 3124 3482 καὶ
3165 3429 3409 3497 συνάψας
3438 3428 3531 3480 καὶ
3555 3429 3713 3495 εἰρη-

2148 3523 2440 3592 νοποιήσας
2475 3523 2565 3576 τὸν
2607 3523 2720 3577 ἀνω
2751 3523 2956 3592 κόσμον
2995 3525 3110 3584 τοῖς
3140 3524 3293 3575 κάτω
3328 3523 3420 3574 καὶ
3453 3521 3514 3573 τὸ
3555 3518 3723 3587 μεσό-

2151 3631 2327 3683 τοιχον
2371 3613 2466 3666 τοῦ
2503 3614 2762 3683 φραγμοῦ
2812 3614 2983 3677 λύσας
3027 3615 3086 3666 ού
3118 3615 3342 3668 δύναται
3374 3613 3722 3683 ἀρνήσασθαι

2154 3707 2365 3766 ἐαυτὸν,
2403 3706 2430 3757 6
2478 3707 2745 3776 μακάριος
2778 3707 2880 3776 ἐφη
2916 3705 3148 3766 Παῦλος.
3179 3705 3289 3764 Τὰς
3332 3704 3428 3772 μὲν
3473 3705 3582 3773 γάρ
3617 3703 3724 3755 πύ-

2155 3796 2249 3858 λας
2283 3797 2500 3859 ἐκείνας
2533 3797 2620 3850 διὰ
2665 3798 2755 3849 τὸν
2803 3798 2974 3866 Ἀδάμ
3023 3797 3348 3864 ἀνεῳγυίας,
3400 3795 3610 3847 ἐκείνου
3647 3795 3719 3863 μὴ

2162 3891 2439 3960 μείναντος
2473 3890 2558 3954 ἐφ’
2583 3884 2664 3952 οἷς
2690 3888 2798 3942 ἔδει
2827 3890 3026 3959 μένειν,
3066 3887 3159 3940 καὶ
3185 3886 3498 3955 κλεισθῆναι
3525 3887 3724 3954 δήπου-

2160 3983 2251 4035 θεν
2277 3981 2424 4044 εἰκὸς
2451 3977 2539 4051 ἦν.
2581 3981 2801 4042 Ταύτας
2832 3979 2887 4030 δὲ
2921 3979 2949 4030 6
2989 3980 3227 4047 Χριστὸς
3257 3979 3421 4040 αὐτὸς
3464 3979 3722 4048 ἀνέῳξεν,

2160 4076 2214 4137 ὃς
2237 4075 2512 4146 ἁμαρτίαν
2537 4075 2637 4126 ούκ
2668 4073 2942 4141 ἐποίησεν,
2967 4073 3086 4125 οὐδὲ
3117 4071 3334 4125 δύναται
3359 4073 3728 4141 ἁμαρτάνειν*

2164 4171 2195 4238 ἡ
2227 4170 2334 4240 γὰρ
2357 4168 2670 4237 δικαιοσύνη
2708 4165 2895 4234 αὐτοῦ,
2925 4165 3083 4234 φησι,
3119 4165 3267 4235 μένει
3297 4166 3378 4226 εἰς
3407 4164 3498 4215 τὸν
3526 4163 3691 4214 αἰῶνα
3715 4177 3728 4188 ·

2166 4259 2286 4312 ὅθεν
2329 4261 2544 4328 ἀνάγκη
2568 4260 2738 4320 πᾶσα,
2771 4258 2952 4326 μένειν
2979 4257 3328 4325 ἀνεῳγμένας
3351 4255 3446 4307 καὶ
3470 4255 3603 4325 πρὸς
3631 4252 3732 4321 μὲν

2167 4352 2264 4419 τὴν
2294 4351 2436 4417 ζωὴν
2485 4349 2752 4416 εἰσάγειν,
2802 4349 2910 4402 ἀπὸ
2941 4348 2998 4400 δέ
3031 4348 3127 4415 τῆς
3166 4349 3310 4414 ζωῆς
3354 4347 3532 4411 ἔξοδον
3561 4346 3738 4399 οὐδενὶ

2172 4441 2456 4508 παρέχειν.
2505 4458 2522 4490 ι
2560 4435 2763 4491 ’Ἦλθον
2789 4439 2917 4507 γὰρ,
2961 4438 3127 4508 φησιν
3161 4441 3188 4491 6
3216 4438 3427 4507 Σωτὴρ,
3474 4439 3560 4489 ἵνα
3591 4437 3735 4500 ζωὴν

504 4527 671 4579 \itum
706 4525 924 4595 quidem
987 4527 1370 4589 intromittere,
1428 4543 1454 4581 a
1517 4529 1624 4581 vita
1683 4539 1862 4582 autem
1929 4530 2036 4582 null

2138 4555 2139 4562 ι
2171 4530 2336 4600 ἕχωσι
2363 4547 2375 4560 ·
2420 4549 2438 4582 ι
2477 4529 2636 4582 τοῦτο
2685 4531 2794 4599 γάρ
2825 4532 2973 4582 ἐστιν
3003 4531 3034 4600 ἠ
3072 4529 3206 4598 ζωὴ,
3235 4530 3302 4598 ἣν
3347 4531 3374 4582 6
3403 4529 3602 4599 Κύριος
3631 4523 3732 4597 ἧκε

505 4616 710 4671 exitum
768 4617 918 4670 dare.
963 4635 980 4668 ι
1021 4617 1174 4677 Veni,
1235 4619 1410 4685 inquit
1468 4618 1736 4683 Salvator,
1790 4629 1847 4672 ut
1899 4623 2064 4674 vitam

509 4711 742 4764 habeant
773 4709 839 4762 “.
878 4729 895 4760 ι
936 4711 1060 4762 Haec
1111 4718 1190 4763 est
1241 4711 1383 4762 enim
1421 4711 1548 4773 vita,
1594 4728 1756 4781 quam
1811 4714 2070 4768 Dominus

510 4818 694 4857 secum
725 4803 925 4867 attulit,
957 4801 1213 4872 mysteria
1249 4803 1348 4853 ista
1381 4815 1732 4870 usurpantes,
1766 4805 1904 4874 ejus
1932 4822 2076 4860 tuor-

515 4895 583 4947 lis
615 4903 668 4947 et
713 4895 990 4964 passionis
1025 4893 1314 4962 participes
1344 4903 1398 4947 et
1446 4905 1728 4948 consortes
1771 4896 1908 4959 ﬁeri,
1955 4897 2075 4952 sine

515 5000 622 5053 quo
659 4999 882 5039 mortem
915 4987 1153 5055 eﬂ'ub'ere
1200 5001 1304 5038 non
1336 5001 1647 5054 possumus.
1696 4992 1883 5054 Neque
1930 4989 2074 5041 enim

519 5090 626 5127 non
662 5076 989 5144 baptizatum
1028 5078 1080 5129 in
1133 5091 1272 5145 aqua
1308 5087 1360 5129 et
1408 5076 1612 5145 Spiritu
1649 5088 1841 5131 sancto
1891 5075 1971 5130 fas
2003 5089 2083 5132 est

519 5169 572 5222 itt
625 5169 788 5219 vitam
832 5168 1038 5235 ingredi
1071 5169 1160 5223 ιιι
1215 5187 1386 5239 neque
1440 5170 1531 5238 qui
1588 5185 1693 5223 non
1744 5171 2082 5224 comederint

521 5273 740 5313 carnem
779 5257 898 5310 Ftlii
932 5261 1188 5324 hominis,
1225 5274 1276 5315 et
1316 5262 1548 5314 biberint
1583 5259 1705 5329 ejus
1739 5261 2080 5329 sanguinem,

523 5350 690 5402 vitam
737 5347 789 5400 in
831 5364 887 5402 se
914 5349 1046 5416 ipsis
1073 5351 1269 5404 habere
1297 5363 1506 5420 queunt
1538 5351 1603 5404 “.

595 5440 770 5494 Altius
817 5453 980 5508 porro
1017 5440 1156 5496 istuc
1195 5442 1576 5498 discutiamus.
1620 5441 1814 5495 Vivere
1854 5442 2084 5496 Deonon

528 5531 673 5597 licet,
721 5532 770 5587 si
812 5531 1049 5601 peccatis
1089 5546 1192 5585 non
1231 5533 1402 5587 simus
1437 5535 1657 5588 mortui.
1692 5534 1860 5588 Posse
1905 5541 2085 5586 autem

610 5735 646 5766 "
684 5737 895 5789 Coloss.
926 5751 959 5790 I.
995 5735 1084 5790 ΞΟ.

1160 5738 1204 5768 ³⁸
1251 5738 1409 5792 λιεινυ.
1447 5754 1482 5800 ι,
1532 5737 1616 5791 10.

542 5819 658 5869 Litt,
693 5806 743 5859 9.

823 5807 867 5837 "
910 5808 1050 5860 l’sal.
1092 5825 1176 5876 cs,
1206 5809 1258 5863 3.
1337 5807 1562 5860 “Joatt.
1611 5825 1661 5872 κ,
1703 5809 1784 5862 l0.

1723 5739 1765 5770 ³³
1811 5738 2006 5806 Ephes.
2042 5757 2098 5798 ll,
2157 5739 2237 5794 Η,
2285 5738 2365 5792 l6.

1866 5811 1906 5840 “
1933 5808 2087 5864 Joan.
2116 5825 2192 5875 ιιι,

2178 4625 2382 4693 φέρων,
2409 4623 2470 4676 τὸ
2493 4623 2582 4677 διά
2611 4623 2721 4675 τῶν
2755 4623 3074 4691 μυστηρίων
3109 4621 3316 4674 τούτων
3356 4621 3609 4682 ἐλθόντας
3644 4637 3744 4687 με·

2178 4719 2395 4784 τασχείν
2426 4713 2572 4783 αύτῷ
2607 4713 2702 4766 τοῦ
2744 4713 2976 4766 θανάτου
3006 4714 3096 4764 καὶ
3137 4712 3468 4780 κοινωνῆσαι
3504 4711 3596 4764 τοῦ
3639 4711 3745 4762 πάι

2182 4807 2328 4871 θονς,
2355 4811 2447 4859 καὶ
2475 4807 2665 4858 τούτου
2701 4807 2869 4876 χωρ“’ς
2913 4804 3003 4858 τὸν
3036 4804 3265 4857 θάνατον
3294 4804 3393 4855 ούκ
3426 4803 3506 4854 Evr.
3554 4801 3752 4869 διαφυ-

2183 4903 2318 4968 γεῖν.
2356 4898 2496 4950 υύτε
2523 4897 2633 4968 γάρ
2665 4899 2737 4966 μὴ
2765 4896 3130 4966 βαπτισθέντα
3161 4898 3218 4948 ἐν
3253 4894 3409 4947 ὕδατι
3440 4894 3536 4945 καὶ
3577 4892 3751 4944 Πνεύ-

2193 5011 2323 5062 ματι
2369 4991 2593 5043 δυνατὸν
2630 4992 2711 5050 εἰς
2750 4992 2849 5056 τὴν
2893 4987 3036 5058 ζωὴν
3087 4987 3372 5050 εἰσελθεῖν,
3429 4983 3551 5036 οὔτε
3583 4985 3631 5034 oi
3678 4984 3755 5050 μὴ

2191 5082 2455 5150 φαγόντες
2507 5079 2607 5148 τὴν
2651 5078 2829 5146 σάρκα
2874 5075 2966 5129 τοῦ
3001 5075 3132 5128 Υίοῦ
3166 5075 3260 5128 τού
3313 5073 3625 5144 ἀνθρώπου,
3661 5074 3754 5123 καὶ

2191 5175 2406 5234 πιόντες
2454 5171 2618 5226 αὐτοῦ
2648 5171 2707 5222 τὸ
2758 5164 2917 5237 αἷμα,
2943 5168 3201 5221 δύνανται
3236 5169 3380 5237 ζωὴν
3427 5170 3484 5218 ἐν
3539 5165 3753 5224 ἑαυτοῖς

2189 5267 2352 5337 ἔχειν.

2266 5445 2374 5498 Καὶ
2417 5443 2706 5510 σκοπῶμεν
2738 5442 2962 5510 ἄνωθεν.
2988 5442 3156 5510 Ζῆσαι
3189 5441 3287 5511 μὲν
3311 5440 3419 5509 γὰρ
3453 5437 3551 5490 οὐκ
3581 5433 3648 5505 ἦν
3683 5435 3761 5504 τῷ

2197 5535 2316 5604 Ε)εῴ
2359 5537 2434 5602 μὴ
2462 5538 2579 5597 ταῖς
2613 5533 2908 5603 ἁμαρτίαις
2937 5531 3330 5593 ἀποθανόντας,
3360 5529 3677 5580 ἀποκτεῖναι
3703 5525 3761 5577 δὲ

2442 5735 2485 5767 ⁸ο
2544 5735 2581 5790 II
2628 5735 2767 5788 Tini.
2805 5751 2864 5799 tt,
2899 5736 2979 5789 l5.

3071 5733 3112 5764 “
3153 5732 3169 5786 Ι
3207 5732 3348 5786 Pctr.
3395 5745 3457 5793 tt,
3495 5725 3598 5790 2'2;
3651 5723 3764 5779 lsa.

2355 5810 2398 5839 ⁸⁵
2427 5806 2582 5862 Joatt.
2623 5823 2693 5872 vt,
2734 5807 2818 5860 ΞΗ.
