4132 6308
425 344 530 409 διδ

1517 342 1616 401 DE
1646 342 1821 404 VITA
1860 339 1940 398 1N
1974 339 2308 400 CHRISTO
2366 342 2512 401 LIB.
2545 342 2597 402 Ι.

3550 350 3659 413 516

427 456 725 525 δυνηθῆναι
761 453 856 523 τὴν
899 453 1171 523 ἁμαρτίαν
1203 452 1364 522 μόνον
1410 453 1569 505 9.06.
1604 453 1726 514 Ίόῖς
1760 454 1865 520 γὰρ
1896 453 1986 503 ἀν-

2097 458 2376 517 pcreatum
2412 452 2744 520 interimere,
2778 454 2950 510 solius
2986 455 3075 509 Dei
3125 467 3225 513 cst.
3269 458 3572 515 Dein-batur
3600 464 3658 517 id

435 548 674 617 θρώποις
707 547 967 615 ὠφείλετο
1014 544 1143 614 μέν’
1196 545 1396 597 δίκαιοι
1441 544 1547 613 γὰρ
1585 541 1727 614 ἦμεν
1774 544 1988 604 ἑκόντες

435 638 752 709 ἡττηθέντες
783 637 1125 691 ἀναπαλαίσα
1165 637 1254 688 θαι
1294 636 1392 704 τὴν
1426 631 1618 706 ἧτταν,
1643 636 1742 687 οὐκ
1775 635 1904 701 ἐνῆν
1931 633 1988 686 δὲ

438 732 547 783 οὐδ’
569 732 728 796 ἐγγὺς
750 729 953 788 δούλοις
976 728 1074 799 ἤδη
1099 728 1410 795 γενομένοις
1431 728 1527 794 τῆς
1545 726 1840 795 ἁμαρτίας.
1865 724 1988 786 Πῶς

438 822 543 892 γὰρ
564 822 627 875 ἂν
649 820 948 889 ἐγενόμεθα
969 820 1251 889 κρείττους
1345 818 1683 880 δουλεύοντες
1704 813 1846 887 ἦμεν
1874 833 1889 880 ;
1911 811 1985 869 Ἦ

435 915 540 982 γάρ
558 912 621 967 ἂν
642 914 733 965 καὶ
760 913 981 982 μείζους
995 910 1156 983 ἦμεν,
1183 931 1201 963 ι
1226 912 1325 964 οῦκ
1343 910 1457 963 ἔστι
1474 910 1659 971 δοῦλος
1676 922 1738 979 pr:
1751 908 1877 972 ίζων
1894 910 1988 961 τοῦ

432 1007 618 1072 κυρίου
658 1006 845 1059 αὑτοῦ.
870 1024 889 1056 ι
926 1006 1078 1058 Ἐπεὶ
1132 1005 1314 1056 τοίνυν
1348 1007 1374 1056 ὁ
1415 1004 1510 1072 μὲν
1549 1005 1610 1055 τὸ
1644 1003 1802 1073 χρέος
1831 1003 1990 1055 τοῦτο

428 1098 755 1150 καταλαϐεῖν
784 1100 880 1149 καὶ
926 1097 1025 1167 τὴν
1070 1097 1231 1164 νίκην
1269 1096 1497 1163 ἀρέσθαι
1545 1095 1746 1166 ταύτην
1781 1097 1990 1159 δίκαιος

424 1188 498 1241 ὢν
526 1189 857 1258 ἀνδράποδον
900 1185 986 1259 ἦν,
1024 1184 1100 1240 ὧν
1150 1189 1255 1241 ἔδει
1288 1189 1367 1259 τῷ
1413 1190 1635 1259 πολέμῳ
1678 1192 1928 1258 κρατεῖν,
1962 1190 1990 1241 6

423 1279 480 1331 δὲ
517 1278 670 1345 Θεὸς,
701 1272 746 1348 ᾧ
792 1279 964 1332 ταῦτα
1017 1280 1165 1351 ἐξῆν,
1195 1280 1408 1341 οὐδενὸς
1442 1281 1726 1348 ὑπόχρεως
1752 1275 1841 1349 ἦν,
1894 1280 1990 1332 καὶ

425 1370 514 1423 διὰ
567 1372 740 1423 ταῦτα
770 1371 861 1422 τὸν
910 1369 1098 1437 ἀγῶνα
1154 1370 1431 1438 οὐδέτερος
1484 1372 1759 1441 ἀνῃρεῖτο,
1813 1371 1904 1422 καὶ
1955 1372 1988 1439 ἡ

423 1463 669 1532 ἁμαρτία
702 1462 819 1531 ἔζη,
873 1462 965 1515 καὶ
1006 1459 1074 1532 ἦν
1121 1462 1405 1532 ἀμήχανον
1446 1462 1545 1532 ἤδη
1582 1462 1681 1530 τὴν
1711 1461 1987 1533 -ἀληθινὴν

425 1552 573 1621 ζωὴν
603 1554 734 1623 ἡμῖν
767 1553 1065 1619 ἀνατεῖλαι,
1094 1553 1154 1605 τὸ
1200 1554 1467 1621 τρόπαιον
1495 1552 1656 1607 ἄλλου
1699 1554 1798 1623 μὲν
1838 1554 1993 1622 ὀφεί-

422 1645 625 1710 λοντος,
652 1645 815 1700 ἄλλου
839 1646 893 1699 δὲ
913 1646 1213 1714 δυναμένου
1238 1660 1252 1674 ·
1279 1645 1487 1698 τούτων
1518 1645 1683 1698 ἕνεκα
1713 1646 1988 1699 συνελθεῖν

425 1738 611 1805 ἐδέησε
641 1736 800 1791 τοῦτο
826 1739 1069 1800 κάκεῖνο,
1111 1739 1204 1791 καὶ
1234 1737 1331 1791 ἕνα
1358 1738 1453 1791 καὶ
1500 1737 1591 1790 τὸν
1621 1737 1786 1790 αὐτὸν
1812 1738 1993 1806 ἀμφο-

2094 541 2310 607 quidem
2348 540 2678 595 hominibus.
2710 540 2843 597 Nam
2889 561 3014 599 cum
3065 547 3306 603 volentes
3337 551 3466 603 victi
3506 566 3659 606 estte—

2098 642 2240 686 mus.
2297 629 2659 695 redintegrata
2715 632 2903 686 saltem
2955 650 3154 703 pugna,
3206 647 3265 690 ut
3318 640 3660 694 vinceremus

2096 722 2326 785 aequitas
2361 706 2690 788 postulabat.
2743 724 2860 778 Non
2915 726 3112 781 licebat
3160 737 3339 783 autem
3400 741 3454 786 et
3502 732 3662 801 longe

2097 810 2309 874 aberat,
2343 826 2465 865 eum
2491 813 2603 880 jam
2656 817 2798 867 servi
2847 816 2971 870 lacti
3001 832 3246 874 essemus
3277 824 3503 889 peccati.
3539 823 3660 886 Quo

2097 904 2241 954 enim
2299 914 2457 969 pacto
2486 919 2551 958 eo
2582 906 2668 959 cui
2707 907 3073 964 serviebamus
3132 913 3442 979 superiores
3480 913 3661 968 disce-

2099 993 2397 1049 deremus?
2426 995 2582 1050 Certe
2612 998 2713 1051 etsi
2746 1000 2909 1052 etiam
2953 1001 3184 1070 majores
3214 1019 3453 1071 eramus,
3480 1015 3660 1060 tamen

2104 1104 2123 1135 ι
2156 1085 2272 1138 Non
2312 1097 2391 1141 cst
2427 1102 2617 1142 servus
2650 1090 2822 1158 major
2870 1092 3093 1147 domino
3125 1095 3310 1147 suo“.
3344 1116 3361 1147 ι
3390 1099 3659 1162 Quoniam
3754 1092 3763 1095 ’

2102 1176 2267 1244 igitur
2312 1194 2472 1255 quem
2512 1181 2756 1234 debitum
2811 1183 2910 1238 hoe
2941 1186 3248 1254 complecti,
3283 1197 3334 1241 et
3373 1191 3660 1244 victoriam

2101 1266 2244 1321 hanc
2295 1279 2572 1338 reportare
2621 1274 2842 1340 dignum
2897 1285 3035 1338 erat,
3092 1277 3160 1329 iis
3195 1280 3485 1344 serviebat,
3523 1298 3661 1350 quos

2098 1364 2267 1413 armis
2300 1363 2551 1430 subigere
2586 1374 2924 1432 oportuerat,
2979 1368 3115 1423 Deus
3149 1380 3351 1434 autem,
3400 1373 3450 1425 in
3503 1375 3661 1443 cujus

2102 1460 2368 1518 potestate
2396 1454 2497 1508 ista
2538 1466 2688 1519 sunt,
2719 1460 2852 1511 nulli
2885 1460 3180 1530 quidquam
3219 1464 3467 1527 debebat,
3497 1476 3662 1536 atque

2098 1540 2221 1599 ideo
2251 1552 2526 1597 certamen
2559 1555 2753 1601 neuter
2782 1540 3217 1619 aggrediebatur,
3276 1564 3328 1608 et
3374 1569 3656 1624 peccatum

2094 1632 2333 1699 vivebat,
2370 1645 2422 1689 et
2466 1636 2576 1705 jam
2616 1649 2671 1691 ut
2722 1654 2785 1693 ex
2840 1656 2965 1697 vera
3023 1646 3130 1698 vita
3172 1657 3435 1716 tropaeum
3499 1653 3660 1708 nobis

2094 1726 2425 1790 exoriretur,
2482 1729 2594 1781 ﬁeri
2651 1745 2757 1785 non
2794 1741 3030 1801 poterat,
3064 1752 3186 1791 eum
3223 1740 3365 1794 alius
3412 1741 3656 1808 deberet,

421 1827 585 1898 τέρας
614 1825 754 1884 εἶναι
789 1830 887 1893 τὰς
922 1830 1139 1899 φύσεις,
1169 1829 1265 1884 τοῦ
1296 1847 1355 1883 τε
1394 1833 1764 1902 προσήκοντος
1786 1830 1861 1898 τῷ
1890 1847 1986 1887 πον

2091 1815 2229 1870 alius
2261 1828 2462 1885 posset.
2497 1820 2646 1876 Hanc
2685 1824 2753 1877 ob
2788 1840 3037 1895 causam,
3061 1828 3161 1883 hoc
3201 1838 3255 1884 ct
3300 1831 3427 1887 illud
3462 1850 3659 1890 conve-

421 1920 591 1990 λέμῳ,
626 1926 718 1975 καὶ
745 1922 803 1985 6;
851 1922 1075 1976 ἐδύνατο
1095 1923 1339 1991 νικῆσαι.
1372 1923 1590 1976 Γίνεται
1630 1924 1812 1976 τοίνυν
1840 1940 1854 1955 ·
1891 1922 1987 1976 καὶ

422 2013 552 2076 Θεὸς
575 2016 673 2083 μὲν
698 2014 998 2068 οἰκειοῦται
1030 2015 1285 2083 τὸνούπὲρ
1313 2013 1422 2067 τῶν
1454 2008 1985 2082 ἀνθρώπωνάγῶνα,

421 2105 711 2175 ἄνθρωπος
763 2105 909 2175 γάρ’
943 2103 1232 2173 ἄνθρωπος
1272 2102 1331 2155 δὲ
1383 2107 1509 2174 νικᾷ
1538 2106 1637 2174 τὴν
1686 2107 1985 2177 ἁμαρτίαν,

429 2196 666 2266 καθαρὸς
698 2195 977 2266 ἁμαρτίας
1025 2194 1262 2264 ἁπάσης,
1296 2194 1427 2256 Θεὸς
1460 2195 1570 2265 γὰρ
1598 2193 1667 2263 ἦν
1690 2212 1703 2226 ο
1739 2200 1832 2250 καὶ
1857 2197 1985 2249 τοῦ-

421 2305 513 2341 τον
545 2288 637 2341 τὸν
677 2289 878 2358 τρὸπον
908 2288 942 2355 ἡ
989 2286 1151 2355 φύσις
1180 2284 1543 2341 τῶνώνεώῶν
1580 2286 1988 2341 ἀπαλλάττεται

419 2382 513 2431 καὶ
547 2379 823 2432 ἀναδεῖται
852 2376 1004 2445 νίκης
1040 2383 1309 2448 στεφάνῳ,
1339 2378 1436 2447 τῆς
1471 2375 1751 2448 ἁμαρτίας
1788 2375 1991 2430 πεσού-

422 2484 543 2534 σης.
574 2466 742 2522 Οὔπω
784 2466 844 2521 δὲ
893 2467 989 2521 καὶ
1016 2466 1127 2521 τῶν
1162 2465 1467 2537 ἀνθρώπων
1498 2466 1729 2530 ἕκαστος
1775 2465 1808 2535 ἢ
1849 2466 1990 2519 νενί-

311 2580 328 2594 ·
419 2576 557 2631 κηκε
585 2558 793 2612 τούτων
841 2557 1070 2628 ἕνεκαῆ
1119 2557 1443 2628 ἠγώνισται.
1479 2560 1690 2628 ’Πγουν
1737 2557 1848 2611 τῶν
1898 2558 1988 2612 δε-

422 2649 578 2720 σμῶν
609 2649 836 2702 ἐκείνων
887 2647 1078 2717 ἐλύθη,
1120 2648 1403 2712 καὶτοῦτο
1452 2649 1510 2702 δὲ
1543 2648 1710 2711 αὐτὸς
1760 2647 1987 2716 ἐποίησε

422 2740 491 2792 δι’
540 2734 617 2792 ὧν
656 2739 999 2811 προσέθηκεν
1040 2740 1068 2791 6
1120 2740 1333 2810 Σωτὴρ,
1383 2740 1442 2792 ἐν
1490 2735 1570 2804 οἷς
1606 2739 1822 2809 ἑκάστῳ
1879 2739 1988 2792 τῶν

426 2831 736 2901 ἀνθρώπιον
782 2832 982 2885 ιδωκεν
1032 2832 1278 2896 ἐξουσίαν
1324 2834 1643 2885 ἀποκτεῖναι
1673 2832 1774 2900 τὴν
1804 2833 1987 2901 ἀμαρ-

424 2922 548 2977 τίαν
578 2923 674 2976 καῖ
728 2924 1017 2984 κοινωνοὺς
1045 2922 1194 2993 αὐτῷ
1224 2922 1481 2990 γενέσθαι
1529 2921 1631 2990 τῆς
1678 2921 1981 2993 ἀριστείας.

436 3011 590 3065 Ἐπεὶ
624 3012 734 3080 γὰρ
780 3011 920 3081 μετά
947 3011 1008 3064 τὸ
1039 3012 1301 3083 τρόπαιον
1331 3013 1506 3075 ἐκεῖνο
1531 3012 1650 3066 δέον
1684 3011 1984 3080 στεφανοῦ-

422 3102 545 3157 σθαι
576 3104 671 3157 καὶ
697 3103 1076 3174 θριαμϐεύειν,
1103 3104 1132 3156 6
1158 3103 1218 3158 δὲ
1241 3103 1467 3174 πληγιῖν
1494 3103 1584 3157 καὶ
1608 3104 1853 3201 σταυροῦ
1888 3103 1984 3157 καὶ
2006 3138 2052 3201 C

419 3196 650 3249 θανάτου
685 3199 780 3250 καὶ
819 3196 928 3250 τῶν
956 3196 1217 3251 τοιούτων
1255 3199 1334 3260 είς
1386 3196 1574 3264 πεῖραν
1606 3191 1760 3267 ἦλθε,
1791 3197 1818 3250 6
1849 3213 1981 3265 φησι

419 3286 651 3353 Παῦλος,
681 3305 698 3339 ι
756 3287 903 3340 Ἀντὶ
931 3288 1032 3354 τῆς
1064 3286 1436 3358 προκειμένης
1468 3284 1619 3354 αὐτῷ
1647 3286 1820 3356 χαρᾶς
1853 3286 1984 3340 ὑπέ-

422 3393 573 3445 μεινε
604 3376 864 3447 σταυρὸν,
914 3374 1178 3444 αἰσχύνης
1226 3378 1666 3445 καταφρονήσας,
1705 3392 1725 3425 ι
1759 3376 1812 3429 τί
1838 3376 1983 3443 γίνε-

417 3485 540 3533 ται;
588 3467 648 3519 '0
683 3467 782 3536 μὲν
838 3465 991 3520 οὐδὲν
1024 3465 1307 3535 ἠδίκησεν,
1343 3458 1420 3519 ὧν
1469 3464 1535 3518 ἂν
1588 3464 1763 3518 ταῦτα
1811 3464 1980 3519 ἔδωκε

416 3557 595 3627 δίκην,
625 3556 745 3610 οῦδὲ
800 3556 1053 3626 ἐποίησεν
1104 3555 1404 3626 ἁμαρτίαν,
1451 3555 1573 3609 οὐδὲ
1605 3552 1756 3627 εἶχεν
1804 3555 1979 3622 οῦδὲν,

416 3649 540 3701 ὅθεν
572 3649 638 3702 ἂν
691 3650 942 3716 ἐγκαλεῖν
982 3644 1129 3719 εἶχεν
1171 3648 1200 3701 6
1252 3647 1594 3717 συκοφάντης
1653 3647 1745 3701 καὶ
1775 3647 1982 3717 σφόδρα

416 3742 812 3810 ἀναισχυντῶν,
872 3739 1057 3812 πληγὴ
1089 3740 1145 3792 δὲ
1196 3740 1289 3792 καὶ
1318 3739 1476 3808 ὀδύνη
1521 3738 1617 3792 καὶ
1666 3737 1895 3800 θάνατος
1923 3739 1981 3803 ἒξ

418 3834 593 3904 ἀρχῆς
642 3824 780 3887 κατὰ
826 3834 922 3903 τῆς
958 3834 1235 3903 ἁμαρτίας
1288 3832 1578 3899 δπενοήθη.
1627 3830 1694 3883 Τί
1746 3830 1856 3899 γὰρ
1889 3829 1983 3881 καὶ

424 3926 717 3997 συνεχώρει
770 3925 1148 3995 φιλάνθρωπος
1179 3921 1253 3976 ὢν
1281 3924 1308 3975 6
1336 3922 1645 3990 Δεσπότης;
1674 3921 1751 3976 Οὐ
1781 3919 1888 3989 γὰρ
1908 3919 1986 3971 εί-

418 4019 511 4081 κός
550 4020 690 4080 ἔστι,
742 4017 959 4087 (ροσερῷ
984 4016 1077 4070 καὶ
1129 4013 1343 4083 θανάτῳ
1376 4014 1474 4081 τὴν
1507 4010 1824 4079 ἀγαθότητα
1866 4010 1985 4079 χαί-

418 4124 554 4177 ρειν.
590 4109 687 4159 Διά
719 4106 879 4159 τοῦτο
908 4104 1050 4176 μετὰ
1074 4105 1173 4175 τὴν
1202 4102 1480 4173 ἁμαρτίαν
1508 4100 1670 4161 εὐθὺς
1702 4099 1796 4151 τὸν
1825 4099 1986 4151 θάναοι

413 4215 508 4251 τον
551 4199 647 4253 καὶ
691 4197 793 4269 τὴν
823 4197 1018 4269 ὀδύνην
1054 4194 1435 4267 συνεχώρησεν
1467 4193 1497 4247 6
1545 4190 1698 4259 Θεὸς,
1730 4190 1793 4242 οῦ
1824 4189 1983 4259 δίκην

416 4290 768 4361 ἡμαρτηκότι
799 4288 1001 4360 μᾶλλον
1026 4290 1250 4356 ἐπάγων
1284 4286 1318 4355 ἢ
1354 4284 1650 4357 φάρμακον
1669 4279 1980 4349 νενοσηκότι

414 4382 697 4451 παρέχων.
757 4381 911 4433 Ἐπεὶ
948 4380 1129 4436 τοίνυν
1171 4381 1283 4442 τοῖς
1315 4377 1421 4431 ὑπὸ
1461 4374 1559 4429 τοῦ
1595 4372 1833 4443 Χριστοῦ
1883 4387 1979 4424 πε·-

2088 1907 2210 1964 nire
2267 1913 2633 1983 conjungique
2670 1932 2893 1974 necesse
2928 1919 3051 1985 luit,
3087 1932 3140 1976 et
3175 1939 3340 1977 unum
3374 1929 3657 1981 eumdem-

2089 2013 2194 2068 que
2220 2011 2472 2058 naturam
2501 2020 2684 2060 veram
2711 2023 2922 2077 gerere,
2951 2020 3063 2065 tum
3094 2013 3215 2083 ejus
3244 2016 3334 2085 qui
3369 2020 3653 2073 certamini

2090 2100 2235 2142 esset
2270 2090 2519 2158 idoneus,
2556 2104 2666 2149 tum
2698 2097 2819 2165 ejus
2850 2100 2940 2167 qui
2973 2101 3190 2157 vincere
3220 2117 3424 2173 posset.
3473 2106 3578 2170 Fit,
3601 2120 3657 2163 et

2095 2176 2238 2232 Deus
2290 2182 2511 2249 quidem
2574 2201 2801 2253 agonem
2861 2206 2959 2260 pro
3020 2195 3336 2251 hominibus
3385 2202 3654 2265 assumit,

2092 2275 2255 2360 natus
2309 2271 2511 2337 homo;
2568 2285 2620 2330 et
2670 2279 2832 2332 homo
2866 2281 3099 2337 debellat
3146 2299 3446 2353 peccatum,
3482 2307 3656 2360 purus

2092 2358 2276 2412 omnis
2332 2362 2565 2429 peccati,
2596 2365 2720 2432 quia
2780 2366 2925 2424 Deus
2978 2380 3116 2426 erat.
3173 2373 3239 2429 Et
3295 2377 3398 2431 hoc
3434 2358 3653 2441 uiridem

2091 2459 2251 2519 pacto
2304 2453 2661 2521 opprobrium
2721 2467 2923 2521 cessat,
2985 2468 3039 2513 et
3095 2473 3317 2531 peccato
3357 2476 3654 2532 prostrato,

2091 2541 2331 2595 victoria
2389 2557 2592 2598 corona
2658 2547 2966 2604 redimitur.
3032 2554 3131 2607 Ast
3191 2556 3428 2609 nondum
3490 2558 3654 2613 etiam

2090 2627 2254 2682 homo
2305 2631 2534 2697 quilibet
2585 2643 2678 2688 aut
2733 2646 3016 2706 propterea
3064 2642 3211 2707 vicit,
3248 2653 3344 2698 aut
3402 2648 3653 2713 certavit,

2091 2727 2187 2773 aut
2217 2719 2451 2775 vinculis
2480 2722 2586 2777 illis
2614 2723 2826 2779 solutus
2851 2736 2956 2782 est.
2999 2727 3065 2783 Et
3098 2730 3201 2785 hoc
3227 2746 3360 2788 sane
3402 2732 3658 2790 Salvator

2090 2810 2207 2879 ipse
2237 2810 2366 2866 fecit
2397 2826 2490 2880 per
2513 2828 2573 2866 ea
2618 2830 2739 2883 qua
2770 2819 3088 2887 assumpsit,
3125 2820 3179 2873 in
3211 2822 3410 2891 quibus
3441 2825 3657 2880 unicui-

2092 2914 2197 2972 que
2228 2900 2509 2958 hominum
2542 2915 2862 2974 potestatem
2893 2910 3041 2965 dedit
3067 2912 3428 2970 interﬁciendi
3460 2932 3656 2984 pecca-

2087 2999 2226 3057 tum,
2262 3003 2317 3048 et
2361 2995 2676 3051 societatem
2716 2996 3055 3056 fortitudinis
3101 3002 3223 3072 ejus
3257 3009 3649 3075 consequendi.

2086 3081 2357 3149 Quoniam
2407 3087 2552 3141 enim
2605 3101 2726 3157 post
2772 3093 3055 3147 victoriam
3094 3094 3239 3148 illam
3292 3099 3545 3152 coronari
3597 3109 3654 3155 et

2086 3175 2424 3242 triumphare
2471 3180 2777 3246 oportebat,
2812 3181 2926 3250 ipse
2963 3192 3143 3238 autem
3177 3186 3384 3255 plagas,
3407 3202 3649 3255 crucem,

2084 3273 2344 3331 mortem,
2380 3275 2434 3318 et
2482 3265 2863 3335 hujuscemodi
2899 3271 3038 3324 mala
3069 3283 3324 3341 expertus
3359 3284 3465 3338 est,
3502 3289 3554 3330 et
3594 3287 3653 3330 ut

2085 3354 2289 3413 Paulus
2345 3360 2420 3411 ait
2469 3377 2483 3411 :
2546 3376 2565 3410 ι
2623 3358 2908 3427 Proposito
2959 3362 3060 3416 sibi
3118 3366 3335 3433 gaudio.
3390 3368 3655 3422 sustinuit

2084 3460 2328 3513 erucem,
2377 3447 2701 3504 confusione
2734 3460 3041 3518 contempta
3068 3451 3153 3517 M;
3196 3471 3215 3502 ι
3248 3455 3377 3521 quid
3415 3456 3516 3508 ru?
3551 3458 3646 3513 lllo

2084 3540 2263 3593 scelus
2327 3542 2536 3594 nullum
2597 3540 2905 3604 conscivit,_
2947 3543 3016 3594 ob
3087 3544 3229 3611 quod
3293 3560 3482 3613 pmnas
3541 3558 3651 3601 tam

2082 3629 2232 3685 diras
2287 3634 2613 3697 exsolveret,
2674 3633 2825 3686 nullo
2852 3647 2910 3688 se
2959 3633 3157 3688 delicto
3205 3636 3520 3701 obstrinxit,
3555 3655 3655 3695 nec

2083 3724 2316 3790 patravit
2354 3723 2655 3793 quidpiam,
2717 3725 2861 3780 unde
2922 3726 3073 3780 illum
3125 3727 3206 3780 vel
3278 3729 3418 3784 inter
3492 3744 3653 3801 syco-

2083 3813 2319 3881 phantas
2389 3816 2906 3884 tmpudentissinus
2997 3822 3295 3873 accusare
3360 3828 3648 3889 potuisset.

2080 3902 2256 3973 Plaga:
2288 3915 2466 3959 autem
2502 3914 2556 3959 ut
2594 3908 2748 3960 dolor
2800 3916 2856 3959 et
2899 3924 3047 3963 mors
3088 3911 3155 3963 ab
3187 3910 3339 3963 initio
3389 3914 3652 3968 adversus

2083 4004 2362 4064 peccaturo
2401 3997 2702 4067 excogitata
2729 4009 2875 4051 sunt.
2936 4000 3073 4062 Quid
3130 4006 3275 4053 enim
3332 4004 3650 4058 concederet

2084 4086 2186 4149 illi,
2239 4101 2548 4156 quanquam
2609 4090 2877 4158 benignus
2935 4091 3234 4144 Dominus?
3298 4092 3447 4144 llaud
3505 4097 3650 4149 enim

2085 4192 2301 4246 aequum
2355 4187 2457 4242 est,
2490 4178 2794 4246 perditione
2833 4188 2886 4232 et
2924 4193 3096 4232 morte
3125 4182 3294 4234 lat-tari
3330 4183 3646 4237 bonitatem.

2083 4267 2353 4335 Quocirca
2432 4278 2558 4338 post
2615 4278 2895 4339 peccatum
2974 4269 3236 4325 continuo
3292 4283 3522 4326 mortem
3597 4286 3652 4330 et

2084 4362 2300 4416 dolores
2330 4361 2554 4417 immisit
2582 4360 2746 4426 Deus,
2778 4376 2886 4417 non
2915 4362 3087 4432 magis
3121 4372 3178 4418 ut
3207 4365 3651 4435 reum-supplicio

418 4472 758 4542 πραγρένοις
782 4472 883 4526 οὐκ
905 4468 975 4545 ἦν
995 4471 1307 4543 ἐφαρμόσαι
1336 4468 1542 4537 ταύτην
1564 4466 1663 4535 τὴν
1685 4465 1866 4534 δίκην,
1890 4465 1981 4516 καὶ

2091 4453 2369 4518 multaret,
2405 4468 2567 4523 quam
2610 4461 2668 4508 ut
2696 4464 2900 4522 aegroto
2937 4455 3264 4509 medicinam
3307 4459 3648 4513 admoveret.

414 4565 728 4635 ἀρρωστίας
764 4566 908 4634 ίχνος
961 4560 1108 4634 εἶχεν
1134 4561 1288 4615 οὐδὲν
1337 4562 1365 4613 6
1412 4558 1626 4628 Σωτὴρ,
1656 4555 1723 4625 ἢν
1771 4556 1984 4607 ἀνεῖλεν

415 4657 554 4726 ὅπερ
587 4655 748 4709 ἔλασε
780 4658 1096 4726 φάρμακον,
1120 4654 1199 4716 είς
1227 4653 1374 4724 ἡμᾶς
1405 4652 1440 4721 ἡ
1468 4648 1563 4703 τοῦ
1600 4648 1860 4718 ποτηρίου
1890 4644 1982 4698 δύ-

419 4765 581 4817 ναμις
606 4747 816 4801 ἐκείνου
846 4742 1116 4801 διαϐαίνει
1152 4747 1248 4801 καὶ
1287 4736 1601 4800 ἀποκτείνει
1631 4742 1731 4813 τὴν
1766 4745 1824 4796 ὲν
1850 4739 1985 4812 ἡμῖν

419 4839 715 4910 ἁμαρτίαν,
752 4840 902 4911 καὶή
935 4838 1027 4892 τοῦ
1064 4836 1357 4892 ἀνευθύνου
1392 4835 1576 4905 πληγὴ
1617 4836 1828 4901 γίνεται
1858 4833 1983 4899 δίκη

417 4935 532 4995 τοῖς
563 4931 774 4985 πολλῶν
801 4931 1081 5000 ὑπόχρεως
1113 4925 1256 4982 οὖσι.
1282 4930 1388 4981 Καὶ
1409 4928 1531 4980 ἐπεὶ
1568 4924 1780 4995 μεγάλη
1805 4940 1888 4984 τις
1918 4917 1985 4991 ἦν

418 5021 454 5088 ἡ
477 5019 598 5089 δίκη
640 5024 730 5073 καὶ
755 5020 1044 5090 θαυμαστὴ
1074 5021 1169 5072 καὶ⁸
1204 5021 1406 5088 μείζων
1440 5018 1471 5085 ἢ
1499 5019 1605 5068 τῶν
1629 5014 1984 5084 ἀνθρωπείων

421 5110 606 5163 κακῶν
632 5112 961 5182 ἀντίρῤοπος
990 5108 1150 5172 εἶναι,
1176 5112 1236 5162 ού
1267 5108 1431 5180 μέχρι
1455 5108 1647 5161 τούτου
1676 5106 1837 5176 μόνον
1855 5103 1984 5174 ἔστη

418 5201 628 5255 λύσασα
674 5205 737 5255 τὸ
778 5202 1069 5272 ἔγκλημα,
1111 5201 1246 5254 ἀλλὰ
1303 5200 1575 5268 τοσαύτην
1643 5198 1985 5269 προσέθηκεν

418 5291 723 5363 ὑπερϐολὴν
751 5293 993 5360 ἀγαθῶν.
1023 5291 1163 5344 ὥστε
1193 5293 1284 5343 καὶ
1316 5292 1394 5352 είς
1423 5293 1513 5343 τὸν
1560 5287 1786 5358 οὐρανὸν
1821 5288 1985 5339 αὐτὸν

418 5383 683 5453 ἀναϐῆναι
719 5386 810 5435 καὶ
837 5385 934 5453 τῆς
964 5382 1197 5436 ἐνταῦθα
1232 5383 1507 5453 βασιλείας
1535 5381 1610 5450 τῷ
1642 5380 1758 5448 Θεῴ
1790 5395 1980 5431 κοινω-

420 5474 585 5543 νῆσαι
639 5475 763 5536 τοὺς
820 5475 925 5527 ἀπὸ
985 5476 1109 5542 γῆς,
1156 5474 1283 5534 τοὺς
1318 5472 1620 5542 ἐχθίστους.
1662 5471 1786 5531 τοὺς
1839 5468 1983 5520 δεδε-

424 5567 639 5634 μένους,
672 5566 797 5629 τοῦς
827 5565 1385 5635 ὴνδραποδισμένους,
1421 5565 1544 5627 τοὺς
1573 5561 1973 5633 ὴτιμωμένους.

493 5746 750 5800 “Matth.
786 5763 813 5798 κ
882 5745 974 5800 24.
1047 5745 1089 5774 ’⁵⁷
1129 5741 1289 5796 Hebr.
1326 5757 1417 5803 xu,
1457 5741 1510 5793 Ξ.

2084 4546 2222 4612 Quia
2253 4547 2419 4617 igitur
2447 4546 2756 4602 actionibus
2810 4545 3016 4604 Christi
3047 4547 3430 4618 hujuscemodi
3472 4553 3650 4606 anim-

2081 4638 2335 4693 adversio
2373 4652 2480 4691 non
2515 4638 2896 4704 conveniebat,
2928 4655 3027 4694 nec
3057 4639 3225 4693 ullum
3278 4641 3450 4694 morbi
3483 4642 3650 4698 vesti-

2083 4730 2232 4800 gium
2266 4728 2516 4786 Salvator
2550 4731 2806 4797 habebat,
2855 4732 2999 4801 quod
3033 4739 3256 4800 accepto
3293 4731 3649 4787 medicamine

2085 4826 2385 4884 tolleretur.
2416 4824 2483 4879 ad
2528 4841 2627 4880 nos
2663 4826 2811 4880 illius
2839 4826 3075 4895 potionis
3104 4828 3392 4882 ellicacitas
3428 4829 3646 4895 transit,

2082 4924 2136 4971 et
2170 4930 2456 4986 peceatum
2512 4917 2565 4972 in
2615 4918 2772 4973 nobis
2808 4919 3020 4973 hac-rens
3053 4928 3266 4981 enecat,
3313 4920 3647 4989 verberaque

2084 5010 2391 5065 illliOt‘eﬂliS
2454 5011 2592 5065 nunt
2642 5011 2973 5080 supplicium
3026 5025 3119 5078 pro
3173 5009 3257 5063 his
3310 5010 3402 5078 qui
3460 5014 3645 5067 multis

2084 5102 2405 5157 Criminibus
2437 5115 2566 5158 sunt
2596 5106 2844 5157 involuti.
2883 5105 2942 5158 Et
2970 5104 3227 5171 quoniam
3260 5118 3419 5173 pwua
3455 5105 3557 5174 ing:
3580 5122 3644 5159 us

2083 5204 2200 5246 erat
2225 5204 2278 5246 et
2309 5192 2631 5263 singularis,
2668 5194 2971 5263 majorque,
3022 5209 3182 5264 quam
3222 5203 3280 5247 ut
3308 5209 3427 5248 eam
3468 5195 3643 5247 humi-

2085 5301 2212 5340 num
2247 5298 2453 5342 scelera
2479 5285 2852 5354 adxquarent,
2887 5303 2992 5339 non
3025 5288 3111 5341 hic
3134 5288 3403 5350 constitit,
3433 5297 3488 5339 ut
3516 5302 3644 5339 cun-

2087 5389 2254 5432 tracta
2299 5381 2528 5433 crimina
2561 5380 2824 5445 expiaret,
2862 5378 2954 5432 sed
3002 5389 3206 5432 tantum
3245 5379 3506 5432 honorum
3540 5390 3638 5426 cu-

2088 5471 2292 5522 mulum
2320 5470 2537 5536 adjccit,
2565 5478 2622 5522 ut
2647 5477 2700 5522 et
2741 5470 2794 5522 in
2828 5471 3026 5522 caelum
3055 5468 3426 5523 ascenderem,
3455 5472 3505 5512 et
3533 5463 3641 5513 illic

2090 5558 2196 5614 Deo
2232 5568 2514 5613 consortes
2554 5558 2700 5629 regni
2744 5558 2952 5624 tierent,
2993 5555 3213 5617 terreni,
3255 5548 3639 5614 inimicissimi,
