4132 6308
471 412 584 479 515
1737 415 2039 477 NICOLA]

2142 416 2472 478 ABASlL/E
3615 417 3722 480 516

471 523 663 591 vincti,
693 522 956 578 servitute
987 523 1239 594 oppressi
1281 534 1444 595 atque
1499 527 1759 597 despecti.
1792 526 2039 583 Pretiosa

2145 530 2342 600 Τίμιος
2374 530 2483 600 γὰρ
2520 524 2591 600 ἦν
2619 529 2647 581 ό
2678 526 2905 591 θάνατος
2934 527 3139 589 ἐκεῖνος
3170 522 3435 594 οὐμενοῦν
3466 525 3573 579 οὐδ’
3596 528 3723 582 ὅσον

471 616 619 670 enim
651 623 770 670 erat
799 630 946 672 mors
978 615 1091 683 illa,
1115 624 1384 686 quantum
1430 632 1581 673 mens
1610 618 1849 674 humana
1891 636 2040 674 com-

471 705 815 777 prehendere
861 706 1076 775 nequit,
1115 707 1219 762 ctsi
1273 707 1342 763 ab
1376 707 1666 764 liomieidis
1718 708 1827 764 illis
1877 725 2043 777 parvo

479 795 739 852 venditus
763 806 847 852 est
866 796 1043 853 libens
1069 797 1335 853 Salvator.
1362 799 1428 854 Et
1457 798 1574 855 haec
1601 816 1709 854 una
1741 816 1868 870 pars
1898 800 2043 856 illius

471 898 704 945 summae
740 889 1079 958 paupertatis
1109 898 1163 945 et
1186 890 1525 959 ignominia,
1551 900 1611 945 ut
1642 892 1787 961 quod
1819 891 2044 945 omnino

476 976 730 1032 venditus
777 985 942 1042 esset,
974 978 1029 1059 in
1067 992 1133 1032 eo
1170 978 1371 1034 servile
1423 979 1684 1049 quiddam
1739 971 2041 1044 sustinens,

470 1068 833 1124 contumelias
877 1068 1218 1136 lucraretur;
1258 1071 1495 1126 dedecus
1526 1071 1672 1126 enim
1726 1086 1826 1141 pro
1882 1072 2041 1128 nobis

470 1169 527 1216 et
554 1161 905 1231 opprobrium
956 1160 1012 1214 in
1044 1161 1213 1218 lucris
1264 1164 1622 1230 numerabat;
1658 1164 1815 1233 pretii
1858 1174 2038 1219 autem

468 1253 766 1323 exiguitate
800 1252 1200 1316 insinuaretur,
1225 1268 1349 1307 eum
1384 1254 1451 1308 ad
1489 1264 1719 1308 mortem
1752 1271 1849 1325 pro
1880 1273 2041 1310 mun-

468 1344 541 1397 do
573 1344 978 1413 perpetiendam
1007 1345 1180 1412 gratis
1220 1344 1456 1410 venisse,
1488 1354 1557 1415 et.
1582 1346 1686 1400 boc
1719 1347 1794 1401 illi
1840 1364 2041 1403 munus

468 1434 635 1489 dare.‘
673 1435 877 1504 Sponte
909 1442 963 1488 et
996 1435 1138 1489 ultro
1195 1445 1279 1489 est
1332 1444 1609 1500 mortuus,
1649 1452 1771 1491 cum
1835 1437 2040 1492 nemini

469 1542 572 1581 nec
619 1526 966 1590 facultatum,
1002 1542 1102 1581 nec
1154 1526 1277 1580 vita:
1308 1528 1487 1582 civilis
1536 1538 1700 1599 atque
1733 1529 2040 1583 communis

469 1616 645 1685 gratia
702 1614 864 1667 ullam
928 1614 1282 1682 imposuisset
1338 1614 1618 1682 injuriam,
1665 1626 1719 1670 et
1763 1616 2037 1672 beneﬁciis

472 1704 594 1757 illus
629 1703 1013 1757 interfectores
1044 1718 1174 1757 suos
1198 1704 1344 1755 omni
1373 1718 1469 1774 spe
1496 1719 1561 1760 ac
1586 1705 1854 1760 desiderio
1883 1706 2040 1775 longe

468 1795 771 1863 majoribus
806 1795 1210 1850 antevenisset.

539 1924 643 1979 Sed
684 1925 816 1994 quid
860 1940 961 1995 ego
1003 1926 1107 1980 ista
1144 1926 1552 1981 commemoro?
1599 1923 1744 1981 Deus
1787 1934 2038 1981 mortuus

469 2025 603 2072 est:
644 2015 736 2070 Dei
791 2015 1019 2085 sanguis
1064 2018 1121 2071 in
1159 2032 1323 2073 cruce
1368 2017 1577 2073 ell‘usus
1611 2028 1714 2075 est.
1754 2017 1895 2085 Quid
1947 2021 2048 2075 hac

468 2116 648 2163 morte
681 2108 1020 2176 pretiosius?
1078 2109 1209 2179 quid
1266 2110 1636 2164 venerandum
1691 2109 1869 2181 magis
1931 2110 2046 2166 fleri

468 2198 674 2269 queat?
702 2199 858 2264 Quod
912 2207 1122 2254 tantum
1162 2199 1342 2256 scelus
1393 2201 1677 2256 hominum
1735 2202 1858 2267 fuit,
1887 2210 1947 2257 ut
1992 2201 2044 2257 id

466 2292 658 2347 eluere
696 2292 921 2347 deberet
971 2292 1092 2363 ipsa
1143 2293 1402 2364 justitia?
1433 2294 1604 2360 Quale
1646 2294 1866 2362 vulnus,
1899 2294 2045 2365 quod

468 2392 581 2436 tam
636 2383 820 2437 nobile
873 2372 1140 2438 auxilium
1206 2385 1498 2455 posceret?
1550 2382 1847 2454 Oportebat
1901 2386 2044 2439 enim

467 2475 748 2545 supplicio
776 2474 968 2546 aliquo
1015 2489 1300 2547 peccatum
1330 2476 1560 2538 aboleri,
1590 2476 2046 2530 commissorum-

465 2579 575 2632 que
633 2566 904 2621 adversus
955 2581 1079 2620 eum
1126 2566 1276 2635 justa
1307 2576 1466 2635 ptena
1510 2579 1771 2633 expensa.
1811 2579 2040 2620 accusa-

467 2658 616 2708 tione
649 2657 893 2710 liberari.
928 2654 1066 2709 Nam
1113 2661 1207 2724 qui
1241 2670 1435 2725 ptenas
1463 2656 1726 2725 suscepit,
1771 2671 1937 2726 super
1969 2657 2037 2710 iis

469 2756 692 2815 propter
740 2761 864 2815 quae
914 2747 1153 2816 suscepit
1205 2747 1257 2800 in
1308 2746 1578 2816 judicium
1636 2748 1872 2817 amplius
1931 2761 2039 2801 non

468 2847 720 2895 vocatur.
781 2838 1077 2894 Hominum
1131 2856 1262 2895 vero
1298 2840 1676 2909 reperiebatur
1718 2855 1897 2905 nemo,
1946 2839 2039 2910 qui

468 2934 585 3001 ipse
638 2934 849 3005 integer
877 2947 932 2988 et
989 2949 1019 2987 a
1051 2933 1176 2988 labe
1234 2948 1403 3003 purus
1445 2941 1760 3002 pateretur;
1819 2932 2039 3002 quando

466 3038 572 3077 nec
624 3024 727 3077 sibi
775 3023 1000 3093 quidem
1043 3024 1191 3078 ullus
1247 3022 1566 3086 sufﬁciebat,
1633 3036 1813 3092 neque
1872 3036 2046 3092 genus

473 3114 775 3167 humanum
835 3115 1175 3178 universum,
1227 3117 1275 3168 si
1331 3115 1529 3169 millies
1581 3117 1721 3170 mori
1775 3116 2043 3182 licuisset,

469 3207 856 3260 commeritum
893 3207 1222 3277 supplicium
1250 3206 1380 3262 dare
1407 3206 1693 3276 potuisset.
1719 3206 1857 3272 Quid
1896 3205 2039 3260 enim

470 3313 572 3368 pro
625 3297 891 3368 dignitate
947 3302 1193 3369 patiatur
1237 3315 1429 3354 servus
1481 3299 1914 3369 impuriSsimus,
1946 3298 2039 3368 qui

465 3385 676 3456 regiam
728 3387 1017 3458 imaginem
1069 3389 1354 3455 contrivit,
1391 3390 1535 3444 et-in
1581 3399 1784 3443 lautam
1822 3389 2043 3444 celsitu-

468 3476 654 3532 dinem
685 3477 1122 3535 contumeliosus
1156 3480 1296 3534 fuit?
1347 3480 1553 3536 ldcirco
1602 3480 1867 3535 Dominus
1901 3480 2039 3549 ipse,

469 3571 537 3625 ab
567 3569 717 3625 omni
749 3577 978 3641 peccato
1009 3572 1246 3637 alienus,
1275 3573 1447 3626 multa
1481 3571 1712 3625 nefanda
1748 3580 2041 3640 perpessus

469 3665 739 3727 moritur;
774 3673 829 3718 et
868 3664 1035 3717 homo
1065 3662 1352 3717 hominum
1389 3677 1613 3718 causam
1650 3661 2040 3732 patrocinium-

475 3768 579 3824 que
621 3753 952 3822 suscipiens,
981 3754 1258 3809 cruciatus
1288 3754 1494 3822 excipit
1516 3794 1530 3817 ,
1563 3759 1617 3807 ct
1666 3767 1837 3825 genus
1878 3760 2039 3808 suum

467 3843 703 3912 piaculis
777 3842 1070 3909 absolvit;
1150 3842 1481 3913 compeditis
1558 3844 1862 3899 libertatem
1941 3844 2042 3898 do-

470 3945 597 4003 nat,
636 3950 744 4004 qua
776 3934 912 4007 ipse,
940 3946 1001 3990 ut
1026 3936 1168 3992 Deus
1199 3946 1254 3991 et
1283 3935 1572 4001 Dominus,
1604 3948 1714 3991 non
1748 3938 1963 4005 egebat.

543 4029 787 4095 Quorum
835 4029 1010 4097 gratia
1053 4029 1223 4100 igitur
1266 4044 1393 4084 vera
1440 4030 1545 4084 vita
1568 4046 1665 4101 per
1708 4046 1895 4085 necem
1921 4029 2042 4086 Salo

469 4121 680 4176 ntoris
710 4120 777 4175 ad
814 4135 915 4176 nos
957 4121 1275 4187 dimanarit,
1330 4123 1444 4177 haec
1477 4133 1624 4179 sunt.
1686 4123 1897 4189 Modus,
1929 4140 2040 4194 quo

471 4212 615 4266 hanc
655 4211 821 4265 vitam
876 4212 928 4265 in
967 4212 1177 4266 animas
1226 4223 1443 4266 nostras
1473 4214 1808 4281 derivemus,
1841 4228 1944 4279 est,
1982 4225 2042 4269 ut

473 4302 744 4373 mysteriis
776 4303 1088 4355 initientur:
1124 4319 1318 4372 nempe
1349 4312 1408 4356 ttt
1443 4305 1751 4366 abluantur.
1794 4317 1854 4359 ut
1886 4307 2044 4359 inuu-

474 4404 691 4463 gatnnr,
753 4398 814 4443 ut
863 4401 1216 4444 sacrosancto
1263 4393 1518 4445 convivio
1569 4410 1668 4447 uos
1701 4394 2037 4460 expleamus.

474 4485 599 4539 ila-c
634 4482 724 4547 qui
781 4480 1006 4542 faciunt,
1070 4481 1136 4533 ad
1190 4497 1286 4535 eos
1320 4483 1577 4537 Christus
1620 4487 1791 4546 venit,
1840 4486 1891 4538 in
1934 4487 2041 4541 illis

2150 623 2464 694 ἀνθρώποις
2507 620 2829 691 λογίσασθαι
2859 620 3107 684 δυνατὸν,
3152 620 3244 671 καὶ
3280 619 3328 671 εί
3365 619 3549 686 ὀλίγου
3577 620 3727 683 τινὸς

2150 714 2366 783 ἐπράθη
2393 715 2505 773 τοῖς
2538 715 2845 782 φωνευταῖς
2876 712 3196 783 συγχωροῦν
3208 728 3291 773 τος
3311 709 3406 764 τοῦ
3433 711 3686 779 Σωτῆρος
3705 726 3722 742 ·

2151 805 2244 859 ἵνα
2293 804 2391 858 καὶ
2429 803 2591 858 τοῦτο
2630 805 2905 875 πτωχείας
2950 804 3100 873 αὐτῷ
3143 803 3295 876 γέμῃ
3343 801 3435 856 καὶ
3472 802 3726 869 ἀτιμίας,

2149 897 2300 951 ὼσὰν
2330 895 2413 968 τῷ.
2444 897 2545 965 μὲν
2593 898 2729 960 ὅλως
2764 882 3039 968 πραθῆναι
3086 896 3156 950 τὰ
3186 895 3392 949 δούλων
3419 894 3728 963 ὑπομείνας

2150 991 2209 1042 τὸ
2242 989 2570 1058 ὑϐρισθῆναι
2603 989 2863 1059 κερδάνῃ.
2889 988 3093 1059 Κέρδος
3118 989 3227 1057 γὰρ
3252 988 3436 1056 ἠγεῖτο
3462 986 3559 1053 τὴν
3586 986 3726 1054 ὑπὲρ

2151 1081 2309 1152 ἡμῶν
2337 1082 2563 1151 ἀτιμίαν
2590 1096 2606 1111 ο
2637 1080 2713 1148 τῷ
2736 1080 2792 1133 δὲ
2822 1080 3004 1147 ὀλίγου
3031 1080 3179 1141 τινδς
3212 1077 3489 1146 αἰνίξηται
3519 1079 3725 1145 προῖκα

2148 1173 2243 1225 καὶ
2272 1171 2446 1241 δῶρον
2470 1174 2546 1234 είς
2570 1171 2662 1224 τὸν
2696 1172 2837 1242 ὑπὲρ
2872 1171 2965 1224 τοῦ
2991 1172 3201 1241 κόσμου
3228 1168 3462 1222 θάνατον
3488 1169 3725 1237 ἀφιγμέ-

2149 1282 2261 1327 νος.
2309 1263 2483 1317 Ἐκὼν
2520 1266 2785 1332 ἀπέθανε,
2817 1264 3020 1336 μηδένα
3056 1262 3223 1333 μηδὲν
3256 1262 3547 1330 ἀδικήσας,
3595 1258 3721 1313 οὔτε

2147 1356 2243 1409 τοῦ
2274 1357 2393 1427 βίου
2428 1358 2595 1411 ἕνεκα
2616 1356 2738 1410 οὔτε
2770 1356 2872 1426 τῆς
2905 1358 2984 1419 είς
3014 1354 3076 1408 τδ
3104 1355 3282 1409 κοινὸν
3303 1353 3603 1414 πολιτείας,
3636 1370 3726 1422 χαο

2152 1453 2317 1518 ρίτων
2344 1447 2595 1521 ὑπάρξας
2628 1451 2741 1510 τοῖς
2781 1450 3065 1518 φονευταίς
3102 1445 3212 1500 τῶν
3263 1444 3573 1514 ἐπιθυμιῶν
3627 1444 3723 1495 καὶ

2148 1540 2258 1594 τῶν
2285 1541 2521 1594 ἐλπίδων
2556 1540 2736 1610 πολλῷ
2764 1538 3049 1610 μειζόνων.

2070 1892 2114 1947 Β
2216 1895 2323 1950 Καὶ
2339 1893 2393 1947 τί
2429 1894 2492 1965 δὴ
2514 1893 2683 1949 ταῦτα
2706 1895 2849 1962 λέγω
2875 1892 3042 1955 ςΘεδς
3072 1890 3340 1945 ἀπέθανεν
3369 1907 3383 1919 ·
3418 1884 3554 1958 αἷμα
3584 1885 3718 1939 Θε-.ῦ

2149 1989 2209 2040 τὸ
2242 1987 2397 2057 χεθὲν
2427 1989 2520 2040 ἐπὶ
2559 1986 2653 2041 τοῦ
2682 1986 2939 2056 σταυροῦ.
2970 1983 3034 2037 Τί
3061 1983 3385 2053 τιμιώτερον
3410 1983 3598 2033 τούτου
3625 1979 3718 2048 γέ-

2149 2077 2280 2131 νοιτ’
2310 2079 2376 2131 ἂν
2407 2077 2502 2131 τοῦ
2543 2078 2815 2142 θανάτους
2852 2078 2903 2128 τί
2935 2073 3367 2146 φρικωδέστερον
3392 2090 3406 2138 ;
3433 2071 3499 2123 Τί
3535 2069 3718 2123 τοσοῦ-

2148 2185 2241 2221 τον
2291 2167 2541 2238 ἥμαρτεν
2589 2170 2622 2237 ἠ
2668 2169 2775 2220 τῶν
2820 2166 3123 2236 ἀνθρώπων
3170 2163 3358 2233 φύσις,
3410 2164 3528 2216 ὅσον
3566 2158 3709 2213 λύειν

2136 2259 2297 2331 ε’χεν
2328 2263 2362 2333 ἡ
2392 2261 2558 2332 δίκης
2591 2263 2827 2328 Πηλίκον
2871 2256 2938 2314 ἀν
2972 2254 3039 2331 ἦν
3064 2260 3125 2312 τὸ
3169 2257 3417 2329 τραῦμα,
3461 2255 3594 2307 ὥστε
3622 2254 3708 2307 ἀν-

2149 2354 2410 2424 τίρροπον
2434 2353 2690 2421 γενέσθαι
2711 2356 2774 2423 τῇ
2804 2351 2897 2406 τοῦ
2928 2350 3221 2421 φαρμάκου
3251 2349 3441 2402 τούτου
3463 2347 3708 2415 δυνάμεις

2153 2445 2298 2498 Ἔδει
2322 2444 2424 2514 μὲν
2454 2446 2563 2515 γὰρ
2586 2446 2827 2517 τιμωρίᾳ
2851 2447 2959 2498 τινὶ
2992 2443 3383 2515 τὴνιάμαρτίαν
3408 2439 3718 2510 καταλυθῆ-

2149 2555 2259 2600 ναι,
2287 2537 2384 2589 καί
2414 2529 2487 2589 ὧν
2512 2536 2649 2608 πρὸς
2679 2538 2814 2590 Θεὸν
2841 2537 3250 2607 ἐξημάρτομεν,
3290 2535 3390 2605 τὴν
3417 2533 3575 2598 ἀξίας
3598 2534 3714 2587 δόν-
3782 2602 3797 2617 .

2149 2645 2247 2690 τας
2298 2628 2454 2699 δίκην
2502 2628 2851 2700 ἀπηλλάχθαι
2903 2627 3014 2681 τῶν
3071 2628 3456 2697 ἐγκλημάτων.
3495 2624 3552 2680 Ὀ
3608 2625 3716 2695 γάρ

2148 2721 2608 2792 τιμωρησάμενος
2651 2718 2732 2786 οἷς
2761 2716 3033 2792 ἐπήνεγκε
3064 2721 3242 2790 δίκην,
3290 2720 3553 2789 ἐγκαλοίη
3590 2717 3716 2788 περὶ

2150 2810 2261 2864 τῶν
2295 2813 2473 2866 αὐτῶν
2513 2812 2618 2866 οὐκ
2648 2812 2714 2866 ἂν
2759 2812 2839 2865 ἐτι
2866 2828 2880 2842 °
2917 2813 3013 2866 ἀνθ
3025 2813 3221 2883 ρώπων
3244 2811 3302 2864 δὲ
3330 2799 3506 2873 ούδεὶς
3536 2805 3627 2880 ἦν,
3657 2808 3717 2873 ὃς

2149 2900 2380 2971 εὐθύνης
2409 2902 2650 2973 καθαρὸς
2682 2902 2759 2956 ὣν
2792 2903 2953 2965 αὐτὸς
2980 2903 3119 2973 ὑπὲρ
3148 2901 3255 2955 τῶν
3288 2902 3466 2955 ἄλλων
3513 2898 3715 2955 ἔπαθεν

2150 2990 2236 3054 ἂν,
2282 2993 2414 3044 ὅπου
2448 3010 2512 3060 γε
2541 2994 2663 3047 οὐδὲ
2693 2995 2869 3065 ἐαυτῷ
2916 3012 2999 3058 τις
3026 2995 3279 3065 ἡρκεσεν,
3323 2993 3527 3047 οὐδὲτὸ
3560 2992 3716 3060 γένος

2151 3086 2316 3147 ἅπαν,
2352 3087 2399 3137 εί
2445 3088 2705 3157 μυριάκις
2740 3088 2869 3157 ἐξῆν
2913 3088 3227 3151 ἀποθανεῖν,
3271 3089 3369 3156 τὴν
3417 3086 3718 3155 γενομένην

2148 3175 2374 3229 ἀπέτισε
2417 3177 2594 3246 δίκην.
2629 3180 2692 3230 Τί
2723 3181 2828 3251 γὰρ
2871 3170 2936 3232 ἂν
2985 3174 3132 3244 ἄξιον
3169 3180 3261 3232 καί
3315 3179 3478 3231 πάθοι
3533 3177 3717 3240 δοῦλος

2145 3269 2447 3336 αἴσχιστος,
2495 3271 2595 3341 τὴν
2621 3271 2807 3327 εἰκόνα
2859 3271 3157 3342 συντρίψας
3187 3273 3284 3342 τὴν
3314 3270 3600 3343 βασιλικὴν
3622 3273 3715 3323 καὶ

2144 3361 2280 3429 πρὸς
2306 3355 2561 3417 τοσοῦτον
2589 3361 2724 3431 ὕψος
2749 3363 2976 3434 ὑϐρίσας
3000 3380 3016 3432 ;
3042 3364 3139 3417 Διά
3177 3363 3351 3418 ταῦτα
3370 3365 3399 3416 ό
3436 3362 3711 3432 Δεσπότης

2140 3457 2168 3509 ό
2184 3455 2590 3526 ἀναμάρτητος,
2611 3457 2823 3513 πολλῶν
2845 3460 3033 3513 δεινῶν
3051 3461 3444 3532 ἀνασχόμενος,
3474 3461 3715 3531 ἀποθνήο

2144 3562 2264 3597 σκει
2295 3547 2390 3600 καὶ
2413 3546 2577 3616 φέρει
2604 3546 2703 3618 μὲν
2726 3547 2825 3620 τὴν
2853 3549 3092 3620 πληγὴν,
3112 3552 3249 3622 ὑπὲρ
3269 3553 3379 3605 τῶν
3407 3548 3714 3622 ἀνθρώπων

2145 3634 2589 3707 ἀπολογούμενος
2630 3638 2920 3712 ἄνθρωπος
2960 3640 3057 3705 ὢν,
3089 3642 3207 3696 λύει
3233 3643 3291 3694 δὲ
3321 3643 3380 3695 τὸ
3415 3642 3571 3711 γένος
3600 3642 3711 3695 τῶν

2144 3728 2517 3799 ἐγκλημάτων
2559 3733 2653 3785 καὶ
2677 3728 2862 3786 δίδωσι
2895 3736 3007 3799 τοῖς
3032 3733 3341 3804 δεδεμένοις
3373 3734 3708 3804 ἐλευθερίαν,

2140 3822 2222 3877 ὅτι
2246 3822 2410 3887 αὐτὸς
2437 3824 2538 3878 οὐκ
2560 3825 2731 3880 ἐδεῖτο
2762 3826 2986 3899 ταύτης,
3015 3826 3146 3891 Θεὸς
3178 3826 3253 3881 ὣν
3287 3829 3395 3880 atati:
3409 3829 3709 3897 Δεσπότης.

2225 4012 2367 4065 Ἀνθ’
2399 4005 2476 4066 ὧν
2524 4014 2622 4082 μὲν
2661 4012 2752 4066 οῦν
2787 4014 2820 4085 ἡ
2852 4014 3081 4085 ἀληθινὴ
3100 4014 3213 4087 ζωὴ
3235 4015 3331 4068 διὰ
3357 4016 3453 4070 τοῦ
3478 4017 3711 4071 θανάτου

2141 4104 2236 4159 τοῦ
2266 4107 2518 4176 Σωτῆρος
2547 4107 2629 4169 είς
2668 4109 2812 4176 ἡμᾶς
2841 4109 3129 4175 διαϐαίνει,
3162 4109 3335 4163 ταῦτά
3367 4110 3537 4163 ἐστιν.
3577 4112 3635 4164 '0
3655 4111 3713 4163 δὲ

2140 4199 2367 4267 τρόπος,
2396 4200 2549 4259 ὅπως
2572 4201 2776 4270 ταύτην
2809 4200 3042 4267 ἕλκομεν
3074 4204 3151 4264 είς
3184 4202 3281 4265 τὰς
3310 4202 3587 4272 ἡμετέρας
3616 4202 3716 4271 ψυ-

2141 4293 2262 4360 χὰς,
2293 4291 2452 4344 τοῦτό
2485 4292 2605 4343 ἐστι
2632 4291 2695 4344 τὸ
2728 4291 3144 4361 τελεσθῆναιτά
3176 4282 3474 4362 μυστήρια,
3502 4293 3564 4345 τὸ
3592 4291 3716 4345 λού-

2143 4383 2361 4443 σασθαι,
2389 4384 2448 4435 τὸ
2496 4385 2811 4454 χρισθῆναι,
2843 4386 2902 4437 τὸ
2947 4386 3234 4455 τραπέζης
3273 4378 3581 4439 ἀπολαῦσαι
3613 4384 3712 4452 τῆς

2143 4476 2317 4543 ἱερᾶς.
2348 4476 2536 4529 Ταῦτα
2573 4477 2681 4545 γὰρ
2713 4477 2959 4530 ποιοῦσιν
2990 4480 3016 4530 ό
3044 4480 3281 4547 Χριστὸς
3311 4480 3570 4549 ἐπιδημεῖ
3617 4477 3705 4533 καὶ

470 4575 707 4637 habitat,
753 4571 866 4625 illis
895 4569 1180 4637 copulatur
1206 4581 1264 4625 et
1309 4572 1651 4638 adhaerescit,
1680 4586 1731 4627 ct
1757 4588 2036 4643 peceatum

2144 4568 2340 4621 ἐνοικεῖ
2393 4570 2488 4621 καὶ
2539 4570 2870 4623 συνάπτεται
2911 4573 3004 4625 καὶ
3066 4571 3432 4640 προσφύεται,
3465 4573 3560 4623 καὶ
3609 4571 3703 4638 τὴν

473 4667 647 4732 elidit.
674 4664 956 4733 νίιοιιιψισ
1002 4678 1161 4717 suam
1190 4671 1243 4716 et
1278 4665 1657 4719 strenuitatem'
1692 4667 1950 4734 impertit.
1984 4668 2039 4721 in

468 4774 680 4833 partem
715 4759 961 4813 victoriae
982 4767 1096 4812 sua:
1126 4755 1387 4821 admittit,
1419 4756 1473 4825 (ο
1510 4758 1805 4812 bonitatem
1829 4760 1871 4829 ί)
1900 4760 2040 4824 lotos

470 4864 716 4916 coronat,
747 4860 800 4906 et
830 4849 1179 4906 comantibus
1212 4849 1539 4916 praconium
1585 4850 1798 4903 tribuit.
1835 4850 2039 4916 Quam-

472 4948 661 4999 obrem
704 4955 908 5005 autem,
965 4952 1019 4995 et
1076 4954 1312 5010 quanam
1349 4940 1560 4993 ratiune
1590 4939 1673 5003 ﬁt,
1719 4948 1841 4993 uta
1891 4940 2037 4993 lava-

467 5038 642 5101 tione,
678 5047 732 5091 et
778 5037 1062 5098 unctione,
1098 5041 1154 5089 et
1209 5047 1397 5086 mensa
1443 5032 1672 5085 victoria
1723 5046 2039 5100 coronaque

472 5129 746 5192 obveniat,
782 5143 905 5197 qua:
933 5129 1207 5187 laborum,
1242 5126 1526 5190 sudorum,
1560 5124 2038 5194 periculorumque

469 5220 694 5290 praemia
729 5218 897 5271 sunt?
925 5218 1064 5283 Quia
1099 5217 1314 5272 tametsi
1349 5232 1454 5269 non
1489 5225 1786 5281 certamus,
1821 5231 1921 5270 nec
1962 5216 2039 5270 la-

469 5308 733 5363 boramus
767 5307 870 5359 ista
917 5308 1206 5373 obeuntes,
1243 5307 1606 5361 nihilominus
1634 5304 1779 5358 illius
1806 5320 2031 5375 agonem

470 5399 726 5455 laudibus
775 5397 1140 5459 celebramus,
1173 5400 1456 5453 victoriam
1520 5397 1875 5465 suscipimus.
1926 5406 2038 5451 tro-

467 5507 643 5563 pa:qu
684 5489 976 5544 adoramus
998 5529 1013 5555 ,
1043 5498 1096 5543 et
1119 5503 1245 5558 erga
1279 5490 1596 5545 bellatorem
1647 5489 2031 5568 fortissimum,

466 5582 748 5645 eximium,
814 5577 1295 5646 incredibilemque
1358 5594 1600 5632 amorem
1650 5575 2032 5642 ostendimus;

466 5672 804 5740 vulneraque
835 5669 950 5733 illa,
984 5679 1037 5723 et
1084 5669 1289 5739 plagas,
1319 5678 1374 5723 et
1408 5682 1637 5724 mortem
1670 5670 1735 5723 ad
1789 5684 1887 5723 nos
1910 5679 2034 5745 tra-

468 5762 674 5830 himus,
720 5776 775 5818 et
818 5779 922 5833 qua
975 5763 1058 5818 via
1099 5778 1415 5834 possumus,
1458 5763 1617 5816 nobis
1664 5761 2028 5826 vindicamus,

452 5852 749 5925 ipsamque
800 5869 1020 5911 carnem
1077 5854 1278 5911 mortui
1339 5863 1392 5911 ct
1450 5853 1672 5913 redivivi
1719 5861 2025 5924 gustamus.

2142 4660 2421 4728 ἁμαρτίαν
2469 4660 2529 4713 ἐν
2564 4662 2695 4730 ἡμῖν
2747 4660 3042 4729 ἀποπνίγει
3075 4662 3167 4715 καὶ
3218 4663 3316 4730 τὴν
3350 4660 3495 4730 ζωὴν
3535 4661 3705 4729 ἐνίησι

2138 4753 2238 4817 τὴν
2274 4750 2468 4803 ἑαυτοῦ
2499 4753 2595 4804 καὶ
2624 4753 2722 4812 τὴν
2753 4752 3058 4820 ἀριστείαν,
3091 4753 3184 4806 καὶ
3215 4753 3504 4813 κοινωνοὺς
3537 4754 3708 4803 ποιεῖ-

2138 4859 2230 4895 ται
2284 4844 2383 4912 τῆς
2435 4843 2611 4911 νίκης,
2663 4843 2746 4909 (ὣ
2795 4846 2893 4914 τῆς
2917 4845 3247 4913 ἀγαθότητος
3279 4845 3333 4912 l)
3382 4844 3705 4911 λουομένους

2139 4933 2321 4985 ἀναδεί
2344 4933 2435 4985 καὶ
2463 4931 2814 4995 δειπνοῦντας
2840 4933 3224 5004 ἀνακηρύττει.
3252 4933 3349 4985 Διά
3372 4931 3425 4984 τί
3448 4931 3542 4985 καὶ
3567 4929 3708 4982 κατά

2136 5024 2257 5077 τίνι
2293 5024 2388 5075 τοῦ
2442 5025 2725 5093 γινομένου
2775 5024 2937 5092 λόγου
2971 5025 3078 5077 ἀπὸ
3117 5023 3342 5093 λουτροῦ
3390 5024 3484 5076 καὶ
3518 5027 3708 5093 μύρων

2136 5119 2232 5169 καὶ
2259 5116 2538 5184 τραπέζης
2569 5116 2693 5183 νίκη
2719 5117 2813 5169 καὶ
2843 5119 3128 5185 στέφανος.
3161 5115 3197 5169 ὃ.
3221 5116 3400 5168 πόνων
3429 5115 3524 5169 καὶ
3550 5114 3707 5185 ἱδρώ-

2135 5225 2244 5261 των
2268 5208 2387 5259 ἐστὶ
2419 5207 2630 5276 καρπός
2658 5224 2673 5271 ;
2701 5206 2825 5259 Ὅτι
2856 5209 2904 5259 εί
2930 5209 3022 5260 καί
3051 5208 3125 5276 μὴ
3154 5207 3539 5276 ἀγωνιζόμεθα
3568 5206 3706 5277 μηδὲ

2135 5298 2407 5367 πονοῦμεν
2462 5297 2635 5349 ταῦτα
2698 5296 2998 5361 ποιοῦντες,
3056 5297 3192 5352 ἀλλὰ
3249 5298 3338 5350 τόν
3393 5314 3456 5365 γε
3515 5300 3703 5366 ἀγῶνα

2139 5387 2423 5459 ὑμνοῦμεν
2477 5390 2683 5440 ἐκεῖνον
2738 5390 2833 5441 καὶ
2864 5389 3219 5458 θαυμάζομεν
3263 5388 3363 5459 τὴν
3414 5389 3572 5458 νίκην
3609 5389 3704 5441 καὶ

2135 5480 2550 5550 προσκυνοῦμεν
2602 5480 2664 5531 τὸ
2716 5481 2977 5549 τρόπαιον
3011 5483 3105 5535 καὶ
3161 5484 3289 5551 περὶ
3335 5482 3425 5534 τὸν
3473 5484 3704 5550 ἀριστέα

2137 5570 2364 5639 σφοδρόν
2399 5588 2454 5622 τι
2487 5571 2581 5623 καί
2608 5572 2847 5641 ἄρρητον
2878 5573 3300 5642 ἐπιδεικνύμεθα
3323 5573 3562 5642 φίλτρον.
3594 5571 3701 5625 Καὶ

2132 5662 2202 5716 τά
2259 5661 2549 5732 τραύματα
2620 5664 2803 5716 ἐκεῖνα
2869 5666 2963 5717 καὶ
3010 5664 3109 5734 τὴν
3175 5666 3390 5737 πληγὴν
3448 5671 3541 5736 καὶ
3606 5666 3700 5718 τὸν
3790 5720 3805 5737 η

2133 5755 2358 5810 θάνατον
2392 5755 2759 5826 οἰκειούμεθα,
2815 5758 2906 5808 καὶ
2957 5757 3029 5810 δι’
3058 5751 3130 5811 ὧν
3168 5757 3373 5821 ἔξεστιν
3419 5761 3498 5822 εἰς
3548 5760 3697 5827 ἡμᾶς

2132 5849 2328 5912 αὐτοὺς
2368 5848 2624 5920 ἕλκομεν,
2665 5851 2758 5901 καὶ
2792 5850 2973 5904 αὐτῶν
3016 5851 3285 5922 γενόμεθα
3320 5852 3429 5905 τῶν
3476 5851 3696 5919 σαρκῶν
