4158 6306
426 347 539 411 517

1527 346 1627 406 DE
1668 345 1846 408 VITA
1887 342 1971 402 ΙΝ
2011 341 2351 403 CHRISTO
2392 342 2539 403 LIB.
2588 340 2639 400 Ι.

3563 332 3670 397 518

427 460 523 514 τοῦ
554 460 925 532 νεκρωθέντος
956 461 1049 514 καὶ
1071 461 1401 523 ἀναστάντος
1430 476 1442 491 ο
1483 460 1605 514 ὅθεν
1638 461 1864 524 εἰκότως
1891 459 2000 512 τῶν

2105 454 2258 510 Unde
2289 470 2395 509 non
2456 453 2656 523 injuria
2708 451 2869 507 benis
2900 466 2926 505 ο
2961 458 3136 505 morte
3167 459 3218 505 et
3262 449 3528 520 agonibus
3560 450 3672 506 illis

426 552 535 606 ἀπὸ
563 551 657 604 τοῦ
690 551 923 605 θανάτου
955 553 1050 606 καὶ
1080 552 1187 606 τῶν
1216 553 1443 620 ἀγώνων
1472 553 1693 605 ἐκείνων
1732 550 2001 604 ἁπολαύο·

428 659 528 714 μεν
560 642 804 712 ἀγαθῶν.
832 644 894 696 El
915 645 1024 714 γάρ
1054 660 1138 707 τις
1162 642 1419 713 τύραννον
1451 644 1650 697 ἁλόντα
1679 644 1773 696 καὶ
1795 640 1993 713 (δίκην)

424 735 832 805 ἀπαιτούμενον
878 733 1168 805 παρελθὼν
1223 735 1520 804 ἐξαιρεῖται
1579 735 1672 788 καὶ
1718 736 1998 802 στεφάνων

423 824 568 890 ἀξιοῖ
597 824 691 878 καὶ
745 826 1004 895 σεμνύνει
1037 826 1134 894 τὴν
1164 827 1476 898 τυραννίδα,
1507 827 1602 880 καὶ
1649 827 1810 887 αὐτξς
1844 826 1999 894 ἡγεῖ-

426 932 517 970 ται
548 917 921 985 ἀποθνήσκειν
947 919 1159 971 ἐκείνου
1191 918 1480 980 πίπτοντος
1511 916 1602 972 καὶ
1629 915 1872 988 καταὸοᾷ
1891 916 1998 971 τῶν

429 1010 612 1078 νόμων
651 1005 748 1062 καὶ
783 1010 921 1079 πρὸς
966 1009 1037 1063 τὰ
1076 1011 1260 1063 δίκαια
1298 1008 1661 1079 δυσχεραίνει,
1693 1010 1789 1062 καὶ
1822 1007 1998 1062 ταῦτα

427 1101 488 1153 οὐ
529 1101 627 1155 σὺν
662 1101 897 1172 αἰσχύνῃ
944 1101 1068 1154 οὐδὲ
1100 1101 1500 1168 συγκαλύπτων
1555 1101 1654 1172 τὴν
1705 1099 1994 1170 πονηρίαν,

428 1194 559 1246 ἀλλὰ
596 1195 1111 1265 παρρησιαζόμενος
1144 1195 1239 1247 καὶ
1272 1196 1689 1265 μαρτυρόμενος
1729 1195 1825 1248 καὶ
1870 1195 1997 1246 ἔπι-

426 1284 776 1356 δεικνύμενος
818 1286 1045 1339 τοῦτον’
1101 1286 1262 1340 τίνων
1311 1286 1617 1357 ἀξιώσομεν
1664 1286 1901 1357 ψήφων;
1933 1287 1994 1339 οὐ

427 1377 538 1431 τῶν
560 1378 743 1431 αὐτῶν
769 1377 1121 1448 τιμησόμεθα
1145 1378 1226 1448 1τῷ
1252 1377 1533 1449 τυράννῳς
1568 1378 1738 1431 Παντί
1777 1394 1878 1430 που
1906 1377 2000 1447 δῆ-

430 1469 540 1524 λον.
571 1467 785 1523 Οὐκοῦν
821 1469 1133 1522 τούναντίον
1181 1468 1351 1535 ἅπαν,
1386 1470 1441 1524 εῐ
1484 1486 1568 1533 τις
1600 1471 1831 1540 ἀριστέα
1863 1469 1997 1523 θαυ-

434 1558 595 1630 μάζει
644 1562 737 1613 καὶ
788 1562 970 1631 χαίρει
1004 1563 1310 1633 νενικηκότι
1355 1564 1449 1616 καὶ
1498 1562 1793 1631 στεφάνους
1847 1561 1997 1633 αύτῷ

432 1652 621 1706 πλέκει
652 1653 750 1707 καὶ
811 1652 1075 1723 θορύϐους
1128 1654 1333 1725 ἐγείρει
1381 1655 1477 1710 καὶ
1508 1655 1640 1708 σείει
1674 1654 1733 1707 τὸ
1768 1656 1996 1725 θέατρον

431 1744 526 1796 καὶ
546 1739 939 1811 θριαμϐεύοντι
970 1742 1302 1812 προσπίπτει
1328 1742 1423 1795 σὺν
1449 1742 1608 1814 ήδονῇ
1640 1743 1730 1795 καὶ
1752 1740 1995 1811 κεφαλὴν

432 1832 723 1901 καταφιλεῖ
749 1832 845 1886 καὶ⁵
869 1832 1304 1904 περιπτύσσεται
1337 1832 1538 1899 δεξιὰν,
1566 1833 1660 1886 καὶ
1689 1832 1833 1886 οὕτω
1862 1832 1995 1900 σφό-

427 1925 529 1996 δρα
566 1922 820 1994 μαίνεται
845 1923 975 1994 περὶ
1005 1922 1098 1977 τδν
1132 1924 1474 1996 στρατιώτην
1508 1923 1609 1976 ’καὶ
1638 1924 1704 1993 ἣν
1732 1922 1997 1993 ἀνῄρηται

427 2014 603 2082 νίκην,
630 2014 821 2086 ὥσπερ
866 2014 1029 2077 αὐτὸς
1056 2013 1134 2069 ὢν
1165 2015 1194 2067 ό
1220 2015 1318 2084 τὴν
1352 2014 1593 2084 κεφαλὴν
1620 2014 1698 2084 τῷ
1746 2013 1998 2084 στεφάνῳ

428 2107 725 2177 κοσμήσων
771 2107 871 2178 τὴν
915 2104 1136 2161 ἑαυτοῦ.
1171 2099 1340 2169 Οὗτος
1377 2106 1486 2179 γάρ
1533 2106 1760 2177 μερίτης
1797 2106 1861 2159 ἂν
1910 2103 1996 2176 εἴη

428 2200 534 2253 τῶν
567 2199 821 2253 ἐπάθλων
866 2197 946 2270 τῷ
976 2199 1170 2271 νικητῇ
1205 2197 1355 2268 παρά
1389 2213 1453 2265 γε
1497 2196 1803 2266 εὐγνώμοσι
1838 2197 1995 2251 δικα-

432 2290 608 2353 σταῖς,
651 2289 907 2360 καθάπερ
962 2289 1191 2354 ἐκεῖνος,
1224 2281 1406 2357 οἶμαι,
1454 2288 1777 2357 κοινωνήσει
1801 2286 1879 2357 τῷ
1904 2302 1998 2340 τυ-

433 2381 608 2450 ράννῳ
625 2379 723 2449 τῆς
750 2379 927 2450 δίκης.
953 2380 1018 2433 El
1052 2380 1157 2451 γάρ
1180 2383 1306 2450 περὶ
1330 2382 1453 2443 τοὺς
1483 2379 1752 2451 πονηροὺς
1774 2379 1810 2434 ἀ
1831 2395 2000 2448 προσ-

429 2472 550 2542 ἧκε,
582 2473 678 2524 καὶ
701 2470 797 2540 τῆς
832 2473 1201 2544 προαιρέσεως
1250 2475 1345 2528 καὶ
1374 2473 1470 2544 τῆς
1515 2471 1743 2543 γνώμης
1769 2474 2001 2543 ἀπαιτη-

428 2564 548 2617 τέον
583 2561 843 2632 εὐθύνας,
872 2564 1035 2636 σχολῇ
1061 2580 1126 2634 γε
1151 2564 1299 2628 εἰκός
1326 2565 1443 2617 ἔστι
1470 2563 1596 2626 τοὺς
1627 2562 1866 2631 ἀγαθοὺς
1888 2563 1999 2619 τῶν

432 2656 773 2726 γιγνομένων
797 2657 1142 2727 ἀποστερεῖν.
1168 2656 1231 2709 Ei
1257 2655 1314 2709 δὲ
1341 2658 1438 2710 καὶ
1464 2654 1621 2708 τοῦτο
1645 2655 1998 2728 προστεθείη,

432 2750 525 2802 καὶ
549 2749 579 2799 ό
608 2746 708 2816 τὴν
747 2747 905 2818 νίκην
939 2746 1303 2818 εἰργασμένος
1346 2746 1566 2816 ἐκείνην
1592 2746 1751 2811 αὐτὸς
1790 2747 1889 2819 μὲν
1936 2748 1998 2802 ού

431 2839 600 2892 δεῖται
645 2837 759 2892 τῶν
808 2837 918 2892 ἀπὸ
967 2837 1064 2908 τῆς
1115 2837 1271 2907 νίκης
1309 2839 1506 2908 γερῶν,
1563 2839 1740 2892 ἐκεῖνο
1791 2837 1849 2892 δὲ
1879 2838 2001 2892 ἀντὶ

430 2929 650 2984 πάντων
676 2930 916 3001 ήγεῖται,
941 2927 1198 3001 λαμπρὸν
1233 2929 1363 2983 ίδεῖν
1395 2931 1488 2984 ἐπὶ
1518 2930 1613 2983 τοῦ
1647 2930 1879 3001 θεάτρου
1909 2930 2001 2984 τὸν

431 3021 797 3094 σπουδαστὴν,
854 3022 952 3075 καὶ⁸
996 3020 1154 3076 τοῦτο
1186 3021 1284 3092 τῆς
1328 3022 1572 3091 ἀγωνίας
1612 3018 1775 3077 ἆθλον
1818 3024 1999 3097 ἑαυτῷ

2102 546 2499 615 proﬂuentibus
2532 545 2887 614 pet-fruimur.
2925 541 2982 597 Si
3016 543 3139 612 quis
3188 543 3331 597 enim
3374 553 3668 614 tyrannum

2103 647 2317 704 captum
2377 647 2429 688 et
2488 637 2664 704 poenis
2719 636 2993 688 addictum
3061 630 3390 687 convenit-ns
3441 635 3670 700 eximat,

2103 745 2302 784 corona
2351 730 2700 793 condecoret,
2756 729 2824 781 ob
2874 727 3219 799 tyrannidem
3280 738 3588 790 veneretur,
3618 736 3675 782 et

2100 835 2167 875 eo
2218 831 2477 889 pereunte
2533 821 2875 875 moriemlum
2929 819 3031 873 sibi
3082 821 3372 884 existimet,
3406 820 3673 874 adversus

2102 913 2246 984 leges
2281 916 2567 976 exclamet.
2602 926 2653 969 et
2695 925 2888 971 contra
2936 916 3063 983 jura
3120 916 3454 986 indignetur,
3497 932 3675 985 neque

2101 1003 2156 1057 id
2197 1020 2319 1058 cum
2382 1006 2611 1072 pudore.
2665 1021 2729 1060 ac
2778 1006 3125 1075 improbitate
3158 1007 3502 1062 dissimulata
3529 1045 3544 1070 ,
3577 1006 3672 1059 sed

2100 1104 2372 1166 proterve,
2402 1112 2466 1152 ac
2518 1096 2651 1152 deos
2676 1106 2901 1160 testans,
2929 1107 2983 1151 et
3032 1113 3089 1153 se
3145 1098 3197 1151 in
3251 1114 3316 1150 eo
3365 1108 3669 1162 ostentans.

2102 1204 2266 1258 quam
2295 1188 2618 1243 sententiam
2670 1189 2721 1242 in
2757 1190 2904 1243 hunc
2936 1188 3218 1244 feremus?
3248 1188 3437 1243 Nonne.
3474 1191 3671 1244 iisdem
3766 1204 3781 1210 ·

2102 1295 2228 1334 cum
2276 1291 2509 1352 tyranno
2557 1282 2838 1351 suppliriis
2887 1285 3227 1336 multandum
3287 1285 3678 1339 censebimus?

2103 1370 2328 1425 Planum
2364 1373 2466 1427 hoc
2513 1375 2732 1441 quidem
2766 1374 2957 1429 cuivis.
3013 1373 3207 1428 Nonne
3247 1375 3408 1443 igitur
3440 1392 3667 1444 prorsus

2102 1464 2438 1518 contrarium
2470 1464 2624 1530 facit,
2650 1467 2743 1535 qui
2781 1483 2960 1535 regem
2991 1466 3458 1522 bellicosissimum
3493 1469 3671 1522 admi—

2104 1563 2291 1620 ratur;
2332 1554 2450 1624 ejus
2487 1556 2713 1611 virtoria
2752 1558 3028 1623 exsultat;
3060 1572 3320 1612 coronam
3358 1559 3408 1614 ci
3443 1559 3668 1628 plectit;

2103 1647 2354 1716 plausum
2393 1649 2631 1711 excitat;
2667 1660 2721 1703 et
2780 1651 3056 1703 theatrum
3113 1659 3287 1704 totum
3322 1662 3669 1717 commovet;

2101 1749 2227 1793 ante
2263 1740 2682 1806 triumphantem
2735 1758 2859 1796 cum
2913 1744 3188 1810 voluptate
3224 1745 3277 1797 in
3327 1759 3499 1814 genua
3548 1760 3674 1814 pro-

2100 1832 2347 1897 cumbit;
2384 1841 2547 1902 caput
2574 1833 2694 1903 ejus
2724 1832 3104 1902 deosculatum;
3148 1836 3392 1890 dextram
3428 1837 3671 1906 comple-

2101 1920 2288 1985 ctitur,
2326 1932 2491 1992 atque
2543 1924 2682 1978 adeo
2736 1927 3105 1990 vehementer,
3139 1934 3193 1979 et
3225 1941 3388 1995 prope
3419 1927 3485 1980 ad
3522 1926 3672 1981 insa-

2102 2012 2247 2067 niam
2282 2014 2688 2084 imperatorem,
2719 2026 3158 2087 reportatamque
3192 2020 3259 2071 ab
3289 2032 3354 2072 eo
3382 2018 3670 2073 victoriam

2101 2103 2298 2171 diligit,
2333 2107 2488 2174 quasi
2527 2106 2596 2161 ab
2624 2096 2815 2162 eodem
2851 2117 3015 2177 caput
3046 2123 3206 2162 suum
3237 2123 3438 2163 corona
3471 2125 3673 2164 ornau-

2100 2192 2228 2247 dum
2265 2194 2379 2248 sit?
2414 2193 2545 2249 Nam
2575 2196 2662 2251 hic
2688 2206 2894 2264 partem
2930 2200 3219 2266 quamdam
3254 2202 3607 2269 praemiorum
3640 2218 3673 2256 a

2099 2283 2309 2338 victore
2343 2288 2543 2355 rapiet,
2603 2287 2745 2355 apud
2797 2288 2944 2353 juste
2976 2304 3089 2342 rem
3146 2291 3499 2354 aestimantes,
3533 2291 3676 2345 sicut

2101 2376 2193 2431 ille
2225 2377 2387 2441 alius,
2436 2378 2652 2447 opinor,
2687 2388 2919 2450 tyranno
2953 2381 3192 2436 victoria:
3239 2382 3426 2437 socius
3454 2383 3580 2437 erit.
3615 2385 3673 2438 Si

2102 2468 2247 2523 enim
2302 2470 2569 2540 improbis
2603 2486 2721 2541 qua:
2768 2487 2863 2526 eos
2895 2472 3142 2541 accipere
3171 2473 3364 2528 decent
3409 2473 3676 2529 concede-

2102 2576 2249 2625 mus,
2298 2560 2717 2632 voluntatisque
2771 2572 2825 2617 et
2880 2563 3046 2617 animi
3090 2563 3340 2618 habenda
3394 2572 3475 2618 est
3508 2565 3671 2630 ratio,

2100 2653 2419 2722 neutiquam
2471 2653 2550 2706 l'as
2581 2665 2667 2709 est
2699 2653 2872 2711 bonos
2924 2657 3040 2710 suis
3069 2656 3454 2712 emolumentis
3486 2658 3672 2727 priva-

2102 2750 2216 2797 tmn
2264 2744 2352 2797 iri.
2393 2744 2546 2809 Quod
2580 2746 2623 2799 si
2679 2744 2783 2801 hoc
2814 2747 2980 2800 etiam
3018 2749 3334 2815 accesserit,
3373 2758 3431 2804 ut
3461 2765 3553 2819 qut
3588 2750 3673 2804 vi-

2101 2835 2333 2891 ctoriam
2371 2838 2519 2892 illam
2558 2838 2784 2907 peperit,
2828 2838 2944 2908 ipse
2993 2841 3235 2895 victoriae
3288 2843 3527 2911 praemiis
3563 2859 3673 2898 non

2101 2930 2366 2999 indigeat,
2399 2939 2453 2985 et
2489 2930 2625 2984 illud
2658 2933 2831 2987 instar
2863 2934 3109 2987 omnium
3142 2935 3325 2998 ducat,
3352 2936 3437 2989 sui
3472 2951 3676 2989 aman-

2104 3032 2210 3079 tem
2253 3038 2318 3077 ac
2349 3023 2653 3077 studiosum
2703 3025 2754 3077 iu
2800 3024 3049 3079 theatrali
3081 3026 3435 3081 multitudine
3461 3029 3677 3097 conspi-

432 3113 645 3183 νομίζει
683 3112 1096 3185 στεφανωθῆναι
1126 3113 1217 3168 τδν
1250 3114 1464 3183 ἑταῖρον
1487 3130 1502 3144 ·
1534 3115 1650 3178 πῶς
1683 3115 1742 3169 ού
1773 3115 2000 3181 δικαίως

2105 3130 2268 3169 cuum
2301 3129 2546 3179 cernere,
2606 3117 2791 3171 ethoc
2838 3118 3158 3172 certaminis
3203 3122 3286 3173 sui
3320 3118 3672 3173 honorarium

429 3203 635 3270 ἐκεῖνός
668 3204 764 3259 καὶ¹
801 3204 946 3275 μάλα
983 3204 1296 3269 ἀκολούθως
1318 3207 1447 3260 ἄνευ
1485 3206 1723 3278 ἱδρώτων
1758 3208 1853 3262 καὶ
1885 3224 2000 3260 κιν-

427 3296 597 3350 δύνων
629 3295 883 3367 τδννὰπὺ
930 3294 1026 3349 τοῦ
1082 3295 1323 3367 πολέμου
1352 3299 1624 3367 κομιεῖται
1680 3298 1945 3367 στέφανον
1978 3315 1994 3363 ;

432 3386 619 3442 Ταῦτα
645 3387 712 3457 δὴ
739 3386 834 3441 καὶ
859 3389 996 3458 ἡμῖν
1024 3385 1084 3440 τὸ
1113 3387 1335 3459 λουτρὸν
1365 3385 1525 3441 τοῦτο
1548 3387 1772 3442 δύναται
1813 3387 1908 3440 καὶ
1935 3387 1995 3439 τὸ

430 3483 643 3536 δεῖπνον
677 3479 773 3535 καὶ
802 3481 837 3550 ή
870 3479 1106 3551 σώφρων
1139 3476 1236 3533 τοῦ
1271 3478 1444 3551 μύρου
1493 3481 1698 3550 τρυφή.
1736 3480 1997 3549 Μυούμε-

433 3591 511 3627 νοι
541 3574 655 3644 γὰρ
692 3571 783 3625 τὸν
816 3570 916 3642 μὲν
941 3570 1203 3640 τύραννον
1235 3570 1536 3642 κακίζομεν
1563 3572 1659 3626 καὶ
1689 3573 1998 3626 καταπτύοο

438 3679 536 3733 μιν
570 3665 663 3716 καὶ
686 3662 1164 3733 ἀποστρεφόμεθα,
1194 3660 1289 3716 τὸν
1323 3664 1549 3735 ἀριστέα
1574 3665 1630 3718 δὲ
1666 3664 1998 3736 ἐπαινοῦμεν

436 3760 530 3806 καὶ
575 3754 935 3825 θαυμάζομεν
990 3755 1086 3807 καὶ
1135 3752 1549 3825 προσκυνοῦμεν
1593 3756 1688 3809 καὶ
1737 3757 1998 3829 φιλοῦμεν

429 3846 526 3919 ὅλῃ
557 3846 727 3918 ψυχῇ,
759 3844 898 3899 ὥστε
947 3845 1026 3917 τῷ
1055 3844 1300 3916 περιόντι
1329 3845 1422 3899 τοῦ
1464 3845 1691 3916 φίλτρου
1720 3845 1795 3910 ὡς
1834 3847 1997 3919 ἄρτον

432 3937 726 4005 σιτούμεθα
777 3938 871 3991 καὶ
891 3937 966 4000 ώς
1004 3937 1175 4008 μύρον
1213 3936 1478 4007 χριόμεθα
1507 3937 1602 3990 καὶ
1629 3935 1700 4002 ὥς
1731 3938 1874 4009 ὕδωρ
1906 3957 1999 3992 πε-

434 4028 821 4099 ριϐαλλόμεθα.
853 4028 1091 4100 Φανερδν
1116 4028 1173 4081 δὲ
1188 4028 1270 4082 ὅτι
1289 4028 1379 4082 τὸν
1400 4028 1633 4098 πόλεμον
1661 4030 1802 4099 ὑπὲρ
1839 4030 1997 4100 ήμῶν

430 4119 605 4175 είλετο
636 4120 846 4186 τοῦτον,
880 4122 975 4174 καὶ
1002 4121 1090 4174 ἵνα
1118 4120 1435 4192 νικήσωμεν
1468 4120 1651 4188 ἡμεῖς,
1680 4120 1840 4183 αὐτὸς
1873 4119 1998 4172 ἀνέ-

430 4229 590 4283 σχετο
617 4213 1002 4283 ἀποθνήσκων,
1062 4210 1203 4264 ὥστε
1263 4211 1415 4264 οὐδὲν
1467 4210 1826 4264 ἀνακόλουθον
1871 4211 1995 4265 οὐδὲ

422 4305 658 4375 ἀπᾷδον,
684 4304 793 4356 ἀπὸ
818 4302 926 4355 τῶν
953 4302 1271 4372 μυστηρίων
1291 4302 1495 4356 τούτων
1525 4302 1616 4358 ἐπὶ
1644 4303 1771 4366 τοὺς
1797 4302 1997 4370 στεφά-

430 4413 556 4459 νους
582 4394 863 4464 ἔρχεσθαι.
903 4392 1092 4465 Ἡμεῖς
1141 4393 1240 4462 μὲν
1268 4392 1366 4462 τὴν
1410 4393 1642 4464 δυνατὴν
1686 4393 1994 4448 ἐπιδεικνύ-

2103 3216 2340 3275 reputet,
2378 3207 2631 3260 coronari
2679 3207 2936 3262 videlicet
2963 3211 3243 3275 amicum,
3283 3213 3556 3275 quomodo
3587 3211 3674 3264 ille

2104 3314 2210 3352 non
2249 3298 2392 3367 jure,
2433 3310 2486 3352 et
2535 3300 2927 3352 convenienter
2956 3302 3273 3364 admodum,
3303 3302 3419 3357 sine
3449 3303 3671 3357 sudori-

2102 3389 2207 3445 bus
2244 3389 2609 3459 periculisque
2660 3406 2688 3443 e
2739 3389 2877 3443 bello
2926 3406 3182 3445 coronam
3240 3393 3488 3448 auferet?
3547 3394 3674 3450 llaec

2104 3496 2236 3537 sane
2274 3482 2431 3537 nobis
2478 3481 2774 3535 conciliare
2819 3491 3050 3550 possunt
3101 3484 3377 3537 lavacrum
3424 3466 3565 3541 istuc
3617 3496 3673 3540 et

2104 3588 2292 3638 caena;
2326 3574 2509 3628 Sobria
2537 3588 2710 3638 coena,
2742 3573 2983 3643 inquam,
3016 3583 3069 3626 et
3098 3574 3357 3629 modesta:
3386 3575 3668 3629 unctionis

2103 3665 2311 3720 deliciae
2357 3662 2650 3719 conciliare
2688 3674 2953 3733 possunt;
3006 3681 3130 3718 nam
3187 3680 3311 3719 eum
3365 3667 3668 3731 initiamur,

2106 3765 2394 3826 tyrannum
2469 3755 2848 3819 detestamur,
2922 3755 3284 3822 conspuimus
3337 3766 3391 3809 et
3448 3770 3674 3810 aversa-

2105 3865 2268 3911 mur..
2287 3846 2664 3902 Fortissimum
2698 3857 2876 3901 autent
2906 3848 3221 3903 bellatorem
3269 3848 3669 3910 collaudamus.

2104 3941 2480 4003 admiramur,
2543 3943 2858 4006 adoramus,
2920 3950 2975 3996 et
3042 3950 3152 3996 toto
3196 3950 3414 4010 pectore
3487 3940 3668 4009 diligi-

2103 4045 2249 4094 mus,
2281 4042 2335 4086 et
2364 4031 2697 4087 abundantia
2751 4033 2979 4093 amoris,
3017 4041 3274 4099 tanquam
3309 4045 3446 4098 pane
3492 4032 3674 4100 pasci-

2105 4136 2247 4183 mur,
2298 4129 2352 4175 et
2395 4120 2559 4175 veluti
2610 4137 2751 4191 aqua
2787 4118 3241 4175 circumfluimus.
3277 4119 3474 4188 Liquet
3507 4135 3673 4188 porro

2102 4213 2267 4267 etiam
2304 4214 2550 4283 praelium
2586 4213 2689 4268 hoc
2720 4212 2910 4267 abillo
2946 4212 3122 4266 nostri
3162 4227 3324 4266 causa
3354 4221 3668 4282 susceptum

2103 4324 2229 4366 esse
2264 4325 2278 4361 ε
2310 4317 2364 4362 et
2393 4316 2453 4361 ut
2488 4321 2591 4361 nos
2621 4306 2988 4370 vinceremus,
3024 4304 3205 4374 ipsum
3256 4304 3394 4357 mori
3443 4319 3550 4357 non
3584 4319 3670 4356 re-

2103 4415 2352 4458 cusasse.
2382 4398 2651 4465 Quocirca
2688 4411 2793 4450 non
2824 4407 2908 4451 est
2948 4410 3140 4465 parum
3174 4409 3538 4465 consequens,
3570 4413 3673 4451 nec

432 4485 572 4557 μεθα
603 4484 913 4555 προθυμίαν
963 4484 1057 4536 καὶ
1101 4483 1161 4535 τὸ
1207 4483 1354 4552 ὕδωρ
1395 4482 1686 4547 ἀκούοντες
1733 4484 1891 4538 τοῦτο
1924 4485 1993 4538 τὰ

2103 4489 2428 4553 absurdum,
2466 4489 2534 4542 ab
2560 4487 2711 4541 hisce
2742 4485 3019 4557 mysteriis
3055 4500 3153 4539 nos
3183 4485 3248 4538 ad
3279 4500 3509 4551 coronas
3552 4500 3672 4553 per-

426 4576 525 4631 τοῦ
565 4574 800 4631 θανάτου
832 4572 928 4626 τοῦ
960 4573 1200 4643 Χριστοῦ
1226 4573 1322 4625 καὶ
1353 4575 1529 4642 τάφου
1573 4573 1855 4640 δύνασθαι,
1900 4579 1997 4629 καὶ

431 4667 764 4737 πιστεύομεν
792 4663 854 4718 εὖ
892 4662 1035 4734 μάλα
1068 4663 1163 4716 καὶ
1194 4662 1462 4732 πρόσιμεν
1499 4664 1668 4732 ήδέως
1695 4665 1790 4717 καὶ⁵
1824 4682 1996 4718 κατα-

428 4759 702 4829 δυόμεθα·
735 4759 762 4810 ό
796 4757 853 4810 δὲ
886 4756 966 4825 (ού
999 4753 1108 4822 γὰρ
1141 4754 1315 4823 μικρά
1351 4753 1586 4819 δίδωσιν,
1615 4755 1737 4809 οὐδὲ
1779 4758 1995 4828 μικρῶν

428 4850 591 4921 ἀξιοῖ)
634 4851 761 4912 τοὺς
811 4844 1274 4918 προστιθεμένους
1307 4847 1420 4909 τοῖς
1458 4848 1594 4914 μετά
1623 4847 1713 4900 τὸν
1762 4848 1995 4902 θάνατον

430 4945 524 4997 καὶ
553 4942 655 5013 τὴν
700 4940 882 5011 ταφὴν
912 4937 1203 5004 δεξιοῦται,
1246 4938 1306 4991 οὐ
1359 4938 1621 5006 στέφανόν
1670 4956 1792 4992 τινα
1828 4941 1999 5010 παρέ-

431 5052 564 5104 χων,
598 5034 661 5085 οὐ
688 5033 849 5101 δόξης
900 5030 1240 5101 μεταδιδοὺς.
1271 5028 1388 5082 ἀλλ’
1431 5029 1595 5082 αὑτὸν
1637 5028 1728 5083 τὸν
1773 5031 1997 5101 νικητὴν

433 5127 595 5190 αὐτὸς
625 5124 821 5178 ἑαυτὸν
850 5120 1320 5192 ἐστεφανωμένον.
1364 5120 1475 5174 Καὶ
1501 5120 1562 5173 τὺ
1596 5120 1738 5191 ὕδωρ
1769 5122 1998 5175 ἀναδῦν-

432 5235 523 5281 τες
553 5216 721 5270 αὐτὸν
751 5216 844 5269 τὸν
878 5215 1106 5284 Σωτῆρα
1155 5212 1394 5283 φέρομεν
1425 5211 1518 5264 ἐπὶ
1562 5211 1673 5267 τῶν
1715 5214 2000 5285 ἡμετέρων

429 5308 640 5378 ψυχῶν,
666 5308 760 5360 ἐπὶ
790 5305 888 5376 τῆς
920 5302 1185 5374 κεφαλῆς,
1208 5303 1302 5355 ἐπὶ
1324 5301 1430 5354 τῶν
1459 5301 1775 5372 ὀφθαλμῶν,
1805 5305 1863 5357 ὲν
1897 5308 1998 5358 αύ-

431 5401 545 5460 τοῖς
599 5398 712 5460 τοῖς
748 5395 1103 5465 σπλάγχνοις,
1164 5392 1260 5444 ἐπὶ
1320 5390 1430 5444 τῶν
1487 5392 1665 5462 μελῶν
1721 5395 2002 5460 ἁπάντων,

432 5488 709 5559 ἁμαρτίας
735 5486 998 5557 καθαρὸν,
1032 5481 1239 5553 φθορᾶς
1276 5482 1496 5551 ἀπάσης
1546 5483 1994 5563 ἀπηλλαγμένον,

432 5577 544 5645 οἷος
569 5581 770 5650 ἀνέστη
786 5580 894 5655 ικαὶ
922 5579 1032 5641 τοῖς
1065 5576 1338 5647 μαθηταῖς
1372 5573 1528 5644 ὤφθη
1568 5577 1663 5627 καὶ
1692 5577 1994 5647 ἀνελήφθη,

431 5667 541 5739 οἷος
568 5673 824 5743 ἀφίξεται
850 5672 1011 5725 πάλιν
1030 5669 1219 5724 τοῦτον
1237 5668 1558 5738 ἀπαιτήσων
1587 5669 1678 5720 τὸν
1700 5667 1994 5740 θησαυρόν.

434 5823 671 5879 purum,
717 5807 784 5859 ab
836 5805 983 5860 omni
1039 5804 1388 5871 corruptione
1453 5801 1720 5863 liberum,

2112 4582 2320 4636 venire.
2356 4579 2465 4634 Nos
2497 4582 2643 4633 enim
2674 4592 2839 4647 quam
2873 4576 3151 4647 potuimus
3180 4576 3515 4630 alacritatem
3553 4590 3671 4630 stu-

2109 4672 2369 4740 diumque
2426 4667 2961 4732 demonstravimus,
3017 4676 3071 4722 et
3126 4668 3408 4722 audientes
3466 4668 3668 4721 fontem

2107 4764 2275 4817 istum
2314 4760 2515 4815 habere
2541 4762 2733 4814 mortis
2758 4768 2813 4813 et
2844 4759 3162 4829 sepulturae,
3197 4756 3400 4811 Christi
3426 4756 3669 4812 eﬂicien—

2106 4858 2264 4920 tiam,
2314 4862 2369 4908 et
2414 4853 2693 4908 credimus
2726 4867 2940 4911 omnes.
2972 4861 3031 4906 et
3075 4850 3305 4903 libenter
3331 4853 3666 4915 accedimus,

2105 4953 2162 5000 et
2192 4943 2588 5013 immergimur.
2632 4941 2749 4996 Non
2788 4942 2933 4995 enim
2965 4941 3161 5009 exigua
3204 4939 3392 5004 donat,
3423 4953 3520 4993 nec
3553 4956 3670 4994 me-

2104 5035 2381 5090 diocribus
2420 5034 2696 5101 dignatur.
2747 5035 2814 5111 A‘t
2863 5032 2953 5086 ille
3004 5044 3125 5085 sese
3176 5041 3298 5099 post
3334 5041 3585 5093 mortem,
3614 5039 3670 5086 et

2104 5126 2438 5194 sepulturam
2493 5136 2645 5178 suam
2687 5125 2751 5177 ad
2815 5124 2990 5191 ipsum
3031 5121 3366 5190 applicantes
3422 5133 3668 5179 amanter

2104 5213 2355 5280 suscipit,
2412 5227 2518 5266 non
2581 5225 2841 5266 coronam
2909 5209 3149 5279 aliquam
3212 5212 3516 5283 porrigens.
3567 5227 3668 5267 nec

2103 5305 2329 5375 gloriam
2361 5305 2427 5358 iis
2457 5317 2612 5359 suam
2649 5302 3063 5356 communicans
3099 5320 3113 5357 :
3148 5305 3245 5359 sed
3278 5305 3457 5374 ipsum
3490 5305 3665 5358 victo-

2104 5410 2241 5460 rem,
2277 5394 2392 5463 ipse
2425 5394 2777 5457 semetipsum
2810 5405 3133 5448 coronatum
3186 5396 3578 5458 communit-at,
3612 5401 3667 5447 et

2100 5500 2133 5539 ο
2163 5500 2322 5538 sacro
2353 5483 2500 5537 iottte
2533 5491 2816 5549 exeuntes,
2856 5484 3032 5553 ipsum
3081 5484 3421 5539 Salvatorem
3452 5483 3504 5535 in
3540 5482 3666 5535 ani-

2106 5575 2297 5628 mabus
2353 5572 2556 5626 nostris
2589 5581 2886 5642 portamus,
2944 5575 2997 5627 in
3027 5576 3227 5642 capite,
3269 5575 3321 5625 in
3373 5571 3572 5633 oculis,
3608 5569 3665 5624 in

2102 5667 2235 5735 ipsis
2272 5662 2599 5729 visceribus,
2638 5665 2693 5719 in
2752 5665 3013 5719 membris
3062 5664 3334 5727 omnibus,
3362 5677 3391 5716 a
3440 5669 3665 5730 peccato

1812 5804 1990 5869 qualis
2068 5798 2386 5862 τρειιιτιιῐι,
2444 5806 2497 5853 et
2548 5798 2834 5869 discipulis
2910 5798 3193 5868 apparuit,
3244 5806 3296 5853 et
3355 5798 3409 5853 in
3463 5798 3665 5854 caelum

445 5908 726 5982 profectus
752 5917 855 5974 est,
884 5906 1057 5976 qualis
1090 5903 1304 5967 rcdib't,
1332 5904 1648 5957 thesaurum
1678 5903 1818 5954 hanc
1843 5912 2153 5958 exacturus.
