4132 6308
522 377 629 447 519

522 595 688 655 atque
736 583 914 637 forma
965 582 1187 637 Christo
1236 581 1457 651 signati,
1518 595 1585 635 ne
1636 581 1797 634 aliam
1850 579 2089 650 speciem

522 676 903 737 admittamus,
942 674 1068 727 vitm
1123 672 1330 727 aditum
1386 672 1500 742 ipse
1555 681 1786 741 occupat
1844 687 1857 726 :
1910 680 1964 726 et
1997 685 2093 740 per

522 783 646 836 qum
680 767 745 819 ad
784 767 951 819 vitam
1002 766 1413 819 sustentandam
1472 779 1651 819 aerem
1712 764 1905 833 spiritu
1936 763 2093 818 duci-

527 872 675 922 mus,
708 866 764 912 et
818 857 1133 910 alimoniam
1173 858 1447 925 capimus,
1501 872 1597 924 per
1646 857 1837 911 eadem
1890 856 2091 926 ipsein

527 949 741 1003 animas
794 958 1011 1003 nostras
1068 948 1390 1017 ingreditur,
1422 958 1475 1002 et
1526 958 1710 1017 portas
1745 949 1934 1003 ambas
1986 946 2090 1002 sibi

526 1038 778 1095 attribuit
838 1059 852 1095 :
914 1041 992 1095 illi
1052 1040 1268 1107 quidem
1325 1048 1385 1093 ut
1441 1049 1775 1108 unguentum
1811 1049 1868 1094 et
1906 1039 2093 1095 suavis

531 1133 665 1185 odor
688 1173 703 1196 ,
760 1131 885 1186 huic
921 1139 979 1185 ut
1016 1132 1173 1185 cibus
1204 1140 1366 1200 aptus
1399 1141 1454 1186 et
1482 1133 1838 1186 conveniens.
1875 1132 2088 1187 Etenim

528 1224 681 1275 illum
744 1234 793 1276 et
833 1222 1129 1290 spiramus,
1175 1233 1382 1292 ct'pro
1419 1224 1751 1277 nutrimento
1806 1224 2091 1281 habemus.

528 1314 592 1368 Et
632 1331 752 1368 cum
783 1315 854 1368 ita
885 1315 1249 1384 semetipsum-
1272 1331 1367 1385 per
1396 1316 1579 1369 omnia
1621 1316 1779 1370 nobis
1812 1317 2095 1385 implicue-

533 1403 604 1455 rit
650 1402 1192 1472 commiscueritquc,
1225 1420 1383 1459 suum
1434 1420 1634 1473 corpus
1677 1405 1828 1467 lacit,
1853 1416 1907 1460 et
1939 1406 2094 1461 nobis

527 1494 666 1546 idem
717 1495 796 1558 tit,
831 1495 975 1563 quod
1024 1497 1283 1551 membris
1313 1509 1495 1566 caput.
1528 1499 1755 1567 Propter
1787 1499 1889 1553 hoc
1923 1499 2092 1563 enim,

523 1586 657 1653 quia
687 1593 848 1653 caput
876 1626 891 1649 ,
921 1586 1087 1638 etiam
1131 1586 1400 1641 bonorum
1432 1587 1551 1657 ejus
1575 1577 1834 1643 omnium
1870 1590 2097 1660 particio

528 1692 624 1745 pes
652 1691 721 1730 ac
757 1678 893 1731 socii
927 1694 1140 1732 sumus.
1192 1679 1328 1734 Nam
1363 1696 1484 1749 quae
1508 1681 1702 1750 capitis
1731 1691 1860 1738 sunt
1896 1683 1949 1737 in
1974 1699 2097 1737 cor-

528 1782 630 1836 pus
661 1767 899 1822 transire
929 1784 1152 1825 necesse
1181 1780 1296 1834 est;
1327 1772 1475 1840 quod
1509 1773 1633 1840 quis
1674 1788 1781 1826 nou
1825 1775 2097 1830 immerito
2127 1807 2173 1865 Β

525 1860 851 1924 admiretur,
873 1863 1016 1931 quod
1058 1878 1179 1916 cum
1230 1878 1334 1918 nec
1385 1866 1682 1932 cruciatus,
1714 1882 1815 1921 nec
1867 1877 2093 1922 mortem

525 1966 649 2005 cum
704 1966 769 2007 eo
802 1955 1212 2023 pertulerimus,
1250 1957 1344 2012 sed
1382 1957 1537 2013 solus
1585 1959 1982 2026 decertaverit;
2017 1969 2100 2012 ta-

527 2059 674 2111 men,
711 2055 1002 2115 postquam
1036 2048 1103 2103 ad
1138 2049 1548 2106 coronationem
1584 2061 1806 2107 ventum
1833 2061 1935 2120 est,
1982 2062 2095 2106 tum

528 2150 629 2188 nos
683 2138 785 2189 sibi
842 2150 1128 2194 consortes
1175 2155 1296 2196 esse
1329 2142 1583 2197 voluerit.
1644 2142 1739 2200 Est
1789 2145 1952 2212 igitur
1994 2146 2098 2199 hoc

526 2229 693 2281 etiam
753 2230 1023 2300 ejusmodi
1085 2234 1463 2301 humanitatis,
1526 2244 1586 2291 ut
1637 2237 1816 2291 verbis
1861 2238 2092 2307 exprimi

528 2329 765 2387 nequeat
818 2338 831 2377 :
874 2336 972 2376 nec
1021 2325 1210 2391 procul
1258 2336 1436 2379 autem
1474 2341 1503 2380 a
1542 2327 1753 2381 ratione
1806 2342 2097 2397 rerumque

526 2414 938 2481 consequentia.
981 2415 1106 2470 Post
1149 2430 1368 2470 crucem
1411 2418 1556 2471 enim
1601 2417 1825 2473 Christo
1868 2418 2097 2487 conglu-

526 2502 682 2557 tinati
719 2520 948 2571 smnus;
1011 2520 1121 2576 quo
1155 2509 1421 2571 ,.nondum
1462 2517 1701 2576 mortuo,
1742 2509 1891 2563 nulla
1939 2510 2095 2564 nobis

526 2609 651 2648 cum
703 2609 769 2649 co
822 2596 1191 2652 communitas
1244 2599 1577 2655 intercessit.
1633 2599 1726 2655 llle
1773 2602 1918 2657 enim
1979 2611 2097 2658 erat

529 2682 695 2747 (ilius,
729 2674 1088 2752 et'dilectus;
1126 2703 1227 2744 nos
1259 2690 1496 2756 scelesti,
1531 2702 1584 2746 et
1626 2693 1794 2757 servi,
1825 2704 1873 2748 et
1908 2696 2095 2749 animo

528 2775 738 2831 hostes.
775 2779 843 2832 At
894 2788 1183 2850 postquam
1219 2797 1403 2837 necem
1438 2784 1678 2853 pertulit,
1716 2794 1770 2840 et
1805 2801 1902 2855 pro
1933 2787 2096 2842 liber-

529 2864 639 2919 tate
669 2875 858 2923 nostra
906 2873 1139 2939 pretium
1171 2883 1254 2927 est
1285 2874 1614 2942 impensum,
1646 2886 1701 2931 et
1727 2878 1926 2932 diaboli
1973 2894 2094 2933 car-

527 2973 620 3010 eer
674 2958 1027 3028 destructus,
1081 2971 1213 3019 tunc
1267 2964 1606 3031 libertatem,
1641 2977 1689 3021 et
1745 2969 2093 3039 adoptionem

528 3047 765 3103 ﬁliorum
802 3054 1132 3121 recepimus,
1166 3063 1221 3109 et
1266 3056 1410 3111 beati
1447 3058 1591 3112 illius
1617 3060 1811 3129 capitis
1848 3064 2093 3119 membra

1773 367 2086 432 NICOLAI
2127 365 2511 431 CABASILE

595 491 686 547 Sic
745 489 858 546 nati
896 503 1018 545 cum
1065 503 1276 552 sumus,
1321 499 1369 541 rt
1414 487 1579 542 veluti
1628 486 1808 556 specie
1856 483 2090 555 quadam
2119 477 2171 537 Α

3656 370 3762 435 52)

2271 485 2426 537 Οὕτω
2454 486 2508 539 δὲ
2548 486 2895 557 γεννηθέντες
2938 485 3032 539 καὶ
3065 485 3316 558 καθάπερ
3362 484 3492 539 εῖδει
3537 489 3641 540 τινὶ
3667 491 3761 542 καὶ

2198 580 2380 649 μορφῇ
2415 578 2493 649 τῷ
2519 579 2738 649 Χριστῷ
2781 578 3143 641 τυπωθέντες,
3176 579 3265 631 ἴνα
3314 579 3484 648 μηδὲν
3530 581 3756 632 ἐπεισα-

2196 669 2456 738 γᾶγωμεν
2512 670 2794 736 ἀλλότριον
2831 666 2988 734 εἶδος,
3040 671 3136 740 τῆς
3186 670 3332 733 ζωῆς
3378 670 3478 730 τὰς
3524 670 3763 734 εἰσόδους

2196 760 2355 820 αὐτὸς
2382 761 2622 829 κατέχει.
2659 762 2765 813 Καὶ
2793 761 2863 813 δι’
2886 756 2960 813 ὧν
2994 761 3132 831 ἀέρα
3160 760 3253 813 καὶ
3284 761 3490 829 τροφὴν
3514 762 3763 829 εἰσάγον-

2192 868 2288 913 τες
2336 856 2402 922 τῇ
2453 852 2564 922 ζωῇ
2599 852 2692 906 τοῦ
2749 852 3001 923 σώματος
3053 851 3376 921 βοηθοῦμεν,
3419 851 3506 905 διὰ
3556 853 3765 906 τούτων

2196 943 2357 1006 αὐτος
2397 945 2477 1004 εἷς
2506 944 2606 1005 τὰς
2655 944 2933 1013 ἡμετέρας
2982 942 3256 997 εἰσδύεται
3294 943 3475 1013 ψυχὰς
3518 945 3615 996 καὶ
3664 947 3764 1008 τὰς

2196 1036 2367 1106 θύρας
2398 1037 2715 1106 ἀμφοτέρας
2759 1036 3080 1100 οἰκειοῦται,
3111 1039 3178 1106 τῇ
3215 1036 3317 1107 μὲν
3350 1037 3426 1100 ὡς
3458 1039 3633 1107 μύρον
3667 1040 3761 1090 καὶ

2195 1129 2415 1191 εὐωδία,
2462 1130 2527 1197 τῇ
2563 1129 2618 1181 δὲ
2652 1129 2726 1191 ὡς
2761 1128 2936 1198 τροφὴ
2993 1130 3309 1200 προσήκων.
3346 1132 3459 1184 Καὶ
3507 1132 3617 1200 γὰρ
3670 1134 3763 1185 καὶ

2197 1221 2542 1289 ἀναπνέομεν
2614 1220 2799 1281 αὑτὸν.
2849 1222 2939 1274 καί
2994 1220 3169 1291 τροφὴ
3219 1223 3425 1289 γίνεται
3475 1224 3630 1291 ἡμῖν,
3670 1224 3762 1274 καί

2195 1311 2365 1373 οὕτως
2400 1312 2592 1364 ἑαυτὸν
2618 1311 2705 1364 διὰ
2737 1310 2956 1365 πάντων
2982 1314 3113 1380 ἡμῖν
3139 1313 3486 1381 ἀνακεράσας
3511 1314 3605 1364 καὶ
3636 1314 3765 1364 ἀνα-

2200 1403 2361 1473 μίξας
2395 1405 2589 1457 ἑαυτοῦ
2611 1405 2848 1458 ποιεῖται
2870 1405 3051 1473 σῶμα,
3090 1407 3184 1458 καὶ
3218 1406 3428 1474 γίνεται
3459 1407 3594 1474 ἡμῖν
3626 1407 3758 1475 ὅπερ

2200 1498 2389 1565 μέλεσι
2433 1499 2663 1567 κεφαλή.
2696 1498 2795 1550 Διὰ
2822 1496 2978 1550 τοῦτο
3007 1500 3113 1565 γὰρ
3142 1499 3234 1551 καὶ
3261 1497 3480 1564 ἀγαθῶν
3508 1499 3761 1552 ἁπάντων

2198 1590 2348 1660 αὑτῷ
2379 1590 2767 1660 κοινωνοῦμεν.
2801 1593 2883 1644 ὅτι
2917 1592 3167 1660 κεφαλή·
3202 1591 3270 1643 τὰ
3301 1593 3409 1659 γὰρ
3446 1592 3547 1660 τῆς
3590 1611 3761 1659 κεφα-

2197 1680 2296 1749 λῆς
2327 1684 2407 1744 εἰς
2436 1683 2496 1734 τὸ
2528 1683 2688 1751 σῶμα
2737 1682 3036 1735 διαϐαίνειν
3087 1685 3323 1752 ἀνάγκη.
3372 1683 3547 1752 ’Υπὲρ
3580 1678 3639 1735 οὗ
3672 1689 3762 1737 καὶ

2199 1771 2481 1838 Θαυμάσαι
2511 1788 2596 1834 τις
2627 1769 2715 1834 ἂν,
2751 1774 2832 1824 ὅτι
2863 1773 2937 1840 μὴ
2970 1773 3062 1824 καὶ
3079 1773 3187 1824 τῶν
3212 1773 3438 1839 πληγῶν
3460 1774 3610 1843 αὐτῷ
3634 1792 3761 1842 μετ-

2201 1866 2399 1935 έχομεν
2450 1864 2575 1917 οὐδὲ
2611 1864 2705 1917 τοῦ
2741 1864 2999 1926 θανάτου,
3042 1865 3178 1919 ἀλλὰ
3214 1867 3372 1935 μόνος
3418 1868 3516 1936 μὲν
3564 1866 3750 1934 ἠγώνι-

2202 1978 2344 2024 σται,
2381 1961 2502 2014 ἐπεὶ
2536 1960 2595 2012 δὲ
2632 1952 2739 2012 ἔδει
2778 1958 3221 2027 στεφανωθῆναι,
3241 1959 3547 2028 τηνικαῦτα
3578 1978 3747 2012 κοινω

2200 2055 2324 2116 νοὺς
2357 2053 2505 2122 ἡμᾶς
2549 2054 2786 2104 ποιεῖται
2819 2051 2926 2103 τῶν
2968 2049 3185 2104 ἑαυτοῦ.
3218 2051 3377 2103 Ἐστι
3419 2051 3520 2119 μὲν
3549 2052 3642 2104 οὖν
3672 2053 3759 2104 καί

2198 2145 2356 2197 τοῦτο
2384 2144 2483 2213 τῆς
2529 2143 2770 2212 ἀρρήτου
2803 2140 3235 2211 φιλανθρωπίας.
3269 2140 3331 2192 οὐ
3365 2141 3556 2210 πόῤῥω
3596 2141 3650 2190 δὲ
3687 2139 3745 2191 ὶὸ

2197 2252 2298 2307 γου
2329 2240 2421 2291 καί
2457 2238 2554 2305 τῆς
2608 2236 2936 2304 γιγνομένης
2967 2233 3311 2297 ἀκολουθίας.
3355 2235 3509 2286 Μετὰ
3536 2236 3640 2304 γίρ
3675 2234 3753 2286 τοι

2200 2328 2432 2399 σταυρὸν
2459 2328 2534 2393 τῷ
2578 2327 2799 2396 Χριστῷ
2832 2328 3194 2394 συνήφθημεν
3216 2341 3230 2359 ο
3267 2327 3435 2394 μήπω
3467 2325 3522 2377 δὲ
3557 2325 3755 2376 ἀποθα-

2199 2419 2358 2472 νόντα
2398 2419 2579 2471 κοινὸν
2629 2417 2782 2470 οὐδὲν
2812 2419 2943 2487 ἡμῖν
2976 2416 3113 2487 πρὸς
3142 2418 3373 2470 ἐκεῖνον.
3422 2417 3479 2469 Ὀ
3524 2417 3625 2484 μὲν
3656 2416 3761 2485 γὰρ

2199 2514 2329 2576 Υἱὸς
2358 2513 2451 2567 καί
2485 2512 2793 2582 ἀγαπητὸς,
2824 2513 2985 2581 ἡμεῖς
3012 2511 3067 2564 δὲ
3119 2512 3304 2580 μιαροὶ
3340 2510 3429 2564 καὶ
3459 2509 3635 2561 δοῦλοι
3668 2513 3763 2561 καὶ

2199 2601 2390 2671 ἐχθροί
2440 2603 2506 2670 τῇ
2541 2600 2749 2670 διανοίᾳ
2774 2614 2792 2633 ο
2822 2600 2946 2653 ἐπεὶ
2984 2600 3038 2654 δὲ
3075 2599 3315 2653 ἀπέθανε
3345 2600 3436 2653 καὶ
3463 2599 3523 2650 τὸ
3562 2598 3758 2666 λύτρον

2198 2695 2358 2763 ἐδόθη
2391 2695 2483 2748 καὶ
2506 2695 2567 2749 τὸ
2594 2693 2688 2748 τοῦ
2714 2693 2963 2765 διαόρλου
2989 2693 3363 2763 δεσμωτήριον
3384 2694 3756 2762 κιτεστράιξη,

2198 2789 2503 2860 τηνικαῦτα
2532 2788 2631 2859 τὴν
2667 2786 2983 2857 ἐλευθερίαν
3012 2787 3110 2838 καὶ
3136 2788 3233 2856 τὴν
3266 2784 3538 2837 υἱοθεσίαν
3575 2787 3762 2854 ἐκομι-

2201 2880 2414 2948 σάμεθα
2445 2879 2540 2932 καὶ
2571 2878 2708 2948 μέλη
2742 2879 2841 2947 τῆς
2871 2877 3148 2947 μακαρίας
3178 2876 3395 2945 ἐκείνης
3423 2877 3764 2945 κατέστημεν

2197 2972 2461 3041 κεφαλῆς.
2507 2971 2596 3035 Ἐξ
2643 2971 2851 3025 ἐκείνου
2900 2970 3105 3034 τοίνυν,
3134 2966 3169 3023 ἃ
3198 2969 3295 3038 τῆς
3346 2966 3587 3037 κεφαλῆς
3631 2968 3763 3024 ἐστι.

2198 3066 2295 3119 καὶ
2325 3066 2483 3137 ἡμῶν
2535 3064 2771 3133 γίνεται.
2825 3064 2934 3117 Καὶ
2963 3063 3058 3118 νῦν
3101 3062 3199 3131 μὲν
3245 3060 3624 3131 ἀναμάρτητοι
3671 3059 3762 3111 to}

440 3208 448 3214 ‘
532 3139 661 3193 l'aeti
695 3155 906 3196 sumus.
939 3141 1014 3196 Ex
1052 3159 1119 3199 eo
1153 3145 1316 3215 igitur
1343 3163 1464 3216 qua:
1498 3148 1691 3217 capitis
1717 3159 1866 3212 sunt,
1904 3161 2090 3207 nostra

2200 3160 2390 3224 ὕδατος
2433 3157 2888 3227 ἀπαλλαττόμεθα
2909 3154 3122 3218 τούτου,
3162 3158 3249 3208 καὶ
3299 3156 3409 3210 τῶν
3444 3154 3612 3206 αὐτοῦ
3649 3169 3766 3220 μετ-

528 3244 748 3301 quoque
777 3242 924 3289 sunt.
963 3235 1029 3289 Et
1061 3252 1207 3292 nunc
1240 3239 1460 3308 quidem
1512 3241 1661 3301 nullo
1704 3254 1926 3313 peccato
1959 3244 2096 3298 obli—

528 3322 639 3390 gati
673 3323 740 3377 ab
770 3338 908 3396 aqua
950 3327 1050 3383 ista
1080 3329 1433 3397 discedimus,
1468 3341 1523 3386 et
1561 3350 1685 3387 cum
1731 3350 1797 3389 eo
1826 3336 1879 3388 in
1903 3335 2090 3390 eadem

527 3415 700 3483 gratia
757 3419 1162 3484 consociamur,
1223 3437 1288 3476 ac
1342 3437 1563 3495 propter
1625 3438 1986 3495 unguentum,
2039 3438 2095 3482 et

530 3518 751 3577 propter
782 3526 1022 3566 mensam
1055 3514 1243 3568 eadem
1271 3515 1379 3570 vita
1413 3533 1536 3571 cum
1573 3517 1691 3586 ipso
1726 3520 2000 3584 vivimus;
2039 3522 2092 3575 in

529 3596 716 3653 futuro
746 3611 929 3655 autem
979 3606 1179 3660 saculo
1233 3607 1306 3661 dii
1338 3625 1460 3663 cum
1512 3609 1643 3676 Deo,
1690 3620 1744 3665 et
1772 3616 2091 3669 eorumdem

528 3707 654 3746 eum
711 3695 804 3748 illo
845 3697 1111 3760 heredes,
1140 3707 1195 3753 et
1243 3703 1429 3756 eodem
1485 3719 1651 3772 regno
1679 3720 1804 3760 cum
1860 3707 1976 3777 ipso
2012 3723 2096 3764 re-

529 3796 761 3853 gnatttcs
787 3788 1055 3856 vivemus,
1083 3791 1186 3845 nisi
1215 3807 1316 3857 nos
1346 3793 1493 3863 ipsos
1517 3807 1712 3866 sponte
1741 3798 2095 3869 volentesque

530 3877 585 3929 in
616 3877 716 3931 hac
750 3879 858 3932 vita
892 3884 1376 3951 excmcaverimus,
1402 3903 1467 3942 ac
1510 3900 1712 3946 vestem
1752 3893 1953 3963 regiam
1983 3895 2090 3949 dis-

529 3971 866 4040 rnperimus.
907 3974 1019 4029 Hoc
1051 3976 1195 4031 enim
1232 3980 1407 4035 solum
1434 3997 1602 4053 super
1625 3984 1789 4040 vitam
1818 3999 2092 4060 acceptam

527 4063 595 4118 de
630 4075 818 4120 nostro
849 4068 1124 4134 adduuus,
1162 4086 1220 4125 ut
1249 4073 1390 4128 dona
1440 4077 1840 4146 contineamus,
1885 4090 1941 4137 et
1974 4098 2096 4153 gra-

530 4160 660 4212 tiam
687 4162 1084 4229 custodiamus,
1124 4181 1224 4220 nec
1264 4182 1524 4223 coronam
1552 4170 1898 4241 abjieiamus,
1929 4191 2092 4244 quam

530 4253 719 4307 multis
746 4256 1045 4310 sudoribus
1068 4269 1116 4312 et
1142 4259 1420 4315 laboribus
1446 4262 1588 4319 Dens
1614 4266 1770 4320 nobis
1791 4269 2093 4324 coatexuit.

530 4344 655 4400 "me
685 4356 769 4401 cst
823 4349 932 4401 vita
993 4349 1044 4402 in
1097 4349 1342 4419 Christo,
1395 4374 1558 4426 quam
1603 4357 1843 4413 conﬂant
1875 4362 2092 4428 quidem

533 4436 814 4505 mysteria,
874 4441 965 4491 Sed
999 4442 1065 4493 ad
1094 4444 1337 4499 eamdem
1372 4458 1628 4514 prarterea
1687 4451 1922 4503 humana
1971 4451 2096 4505 dili.

2201 3253 2399 3323 έχομεν
2432 3252 2673 3323 χαρίτων
2702 3250 2791 3303 διὰ
2845 3249 2906 3302 τὸ
2966 3248 3159 3319 μύρον,
3190 3250 3285 3302 καὶ
3313 3251 3400 3301 διὰ
3432 3246 3531 3316 τὴν
3561 3246 3764 3314 τράπε-

2202 3343 2302 3408 ζαν
2334 3343 2431 3412 τὴν
2461 3343 2631 3411 αὐτὴν
2654 3340 2851 3411 ἐκείνῳ
2878 3340 3061 3409 ζῶμεν
3091 3341 3238 3409 ζωήν
3262 3355 3275 3366 ·
3316 3338 3407 3391 ἐπὶ
3430 3337 3486 3390 δὲ
3513 3336 3605 3389 τοῦ
3638 3335 3762 3403 μέλ-

2198 3439 2381 3500 λοντος
2413 3437 2524 3490 θεοὶ
2559 3435 2687 3505 περί
2735 3433 2865 3486 Θεὸν
2898 3432 2992 3486 καὶ
3020 3432 3128 3509 τῶν
3160 3431 3338 3485 αὐτῶν
3385 3429 3533 3499 αὐτῷ
3566 3428 3765 3498 κληρο-

2198 3529 2354 3598 νόμοι
2386 3527 2480 3580 καί
2509 3525 2609 3596 τὴν
2650 3523 2820 3593 αὐτὴν
2860 3523 3010 3589 αὐτῷ
3040 3519 3416 3591 βασιλεύοντες
3462 3518 3763 3588 βασιλείαν,

2198 3624 2293 3675 ἐάν
2323 3638 2387 3690 γε
2423 3620 2497 3690 μὴ
2531 3621 2749 3681 ἑκόντες
2798 3618 2947 3688 ἡμᾶς
2977 3616 3171 3676 αὐτοὺς
3206 3611 3562 3680 ἀποτυφλώση
3588 3628 3687 3679 μεν
3713 3613 3766 3662 ἐν

2198 3712 2332 3783 τῷδε
2368 3713 2445 3782 τῷ
2472 3711 2571 3782 βίῳ
2600 3713 2693 3765 καὶ
2720 3710 2812 3762 τὸν
2839 3708 3041 3779 χιτῶνα
3073 3705 3456 3776 διαρῤήξωμεν
3492 3703 3586 3754 τὸν
3620 3702 3768 3771 βασις

2198 3806 2371 3859 λικὸν.
2403 3803 2573 3858 Τοῦτο
2601 3802 2709 3872 γὰρ
2740 3801 2880 3870 ὑπὲρ
2924 3800 3021 3870 τῆς
3053 3797 3199 3867 ζωῆς
3232 3796 3531 3865 εἰσάγομεν
3580 3796 3760 3863 μόνον,

2201 3900 2300 3963 τὰς
2332 3897 2542 3967 δωρεὰς
2572 3896 2867 3965 ὑπομείναι
2904 3890 3128 3945 καὶτῶν
3163 3889 3402 3960 χαρίτων
3432 3886 3766 3957 ἀνασχέσθαι

2199 3998 2295 4049 καὶ
2332 3999 2409 4062 μὴ
2446 3990 2600 4063 ῥίψαι
2650 3988 2742 4042 τὸν
2775 3987 3058 4055 στέφανον,
3091 3983 3152 4036 ὃν
3187 3981 3400 4044 πολλοῖς
3436 3980 3627 4052 ἱδρῶσι
3674 3981 3766 4031 καὶ

2200 4092 2385 4150 πόνοις
2429 4084 2653 4148 ἔπλεξεν
2698 4084 2833 4153 ἡμῖν
2862 4084 2888 4133 ὀ
2926 4078 3080 4142 Θεὸς.
3130 4075 3304 4129 Τοῦτό
3352 4074 3563 4143 ὲττινή
3603 4074 3661 4123 ἑν
3693 4071 3765 4139 τῷ

2200 4179 2422 4250 Χριστῷ
2452 4177 2587 4247 ζωὴ,
2615 4176 2681 4246 ἢν
2726 4173 3010 4240 συνίστησι
3056 4168 3154 4239 μὲν
3179 4172 3246 4220 τὰ
3277 4166 3576 4234 μυστήρια,
3626 4161 3766 4215 δοκεῖ

2200 4275 2258 4327 δέ
2290 4290 2342 4327 τι
2375 4269 2635 4325 δύνασθαι
2695 4265 2830 4335 πρὸς
2881 4262 3086 4330 ταύτην
3135 4259 3229 4312 καί
3274 4257 3370 4324 τὴν
3423 4254 3765 4324 ἀνθρωπείαν

2205 4363 2482 4429 σποεδήνσ
2514 4359 2640 4413 ὅθεν
2694 4356 2771 4423 τῷ
2823 4353 2952 4424 περὶ
2987 4353 3156 4422 αὐτῆς
3211 4350 3386 4401 εἰπεῖν
3435 4345 3759 4413 βουλομένῳ,

2206 4454 2334 4523 περὶ
2365 4453 2474 4506 τῶν
2522 4448 2840 4521 μυστηρίων
2887 4444 3120 4499 ἑκάστου
3174 4442 3392 4511 πρῶτον
3443 4437 3760 4495 δκλαόόντι,

531 4525 714 4593 gentia
767 4528 1016 4581 nonnihil
1053 4530 1284 4586 confert.
1320 4533 1391 4589 De
1420 4552 1525 4604 qua
1568 4538 1839 4593 disserere
1871 4541 2094 4614 volenti,

2203 4545 2324 4602 εἶτα
2356 4544 2484 4615 περί
2522 4546 2620 4614 τῆς
2670 4541 2790 4595 κατ’
2824 4538 3022 4609 ἀρετὴν
3068 4536 3331 4608 ἐργασίας
3372 4531 3662 4587 ἁκιίλουθον
3697 4524 3773 4579 ἂν

533 4620 624 4674 ubi
653 4621 720 4675 de
752 4636 1084 4694 unoquoque
1127 4629 1387 4696 mysterio
1422 4644 1665 4686 seorsum
1720 4634 1870 4703 prius
1909 4636 2096 4705 dispu-

530 4713 748 4779 taverit,
781 4722 898 4768 ttnn
933 4713 1152 4769 demtnn
1211 4718 1277 4772 de
1315 4720 1529 4776 aetimie
1571 4720 1706 4780 cunt'
1737 4727 1935 4783 virtute
1966 4747 2095 4785 cou-

525 4801 711 4870 juncta
745 4804 1035 4861 ordinatim
1074 4810 1326 4864 tractatio
1351 4817 1634 4872 succedet.
1921 4820 1926 4824 ”

2204 4642 2289 4712 εἴη
2320 4640 2564 4691 σκοπεῖν.
