4158 6306
370 483 1447 509 ..Μια-

808 605 1204 780 ΠΕΡΙ
1278 588 1616 782 ΤΗΣ
1697 592 1905 784 EN
1979 589 2595 790 ΧΡῙΣΤΩ
2668 665 3119 795 ΖΩΗΣ
3170 708 3191 783 ε

1414 342 1513 403 DE
1554 347 1726 407 VlTA
1777 350 1851 408 ΙΝ
1889 350 2227 413 CIIRISTO
2265 351 2414 411 LIB.
2455 351 2535 411 IL

1452 496 3406 527 mw

3491 316 3598 424 ππ

1377 882 1383 887 ’
1460 863 2492 989 ΛΟΓΟΣἌΕΥΤΕΡΟΣ.

1099 1035 1244 1092 Τίνα
1267 1039 1627 1096 συντέλειαν
1660 1043 1724 1097 τὸ
1761 1042 1927 1098 θεῖον
1964 1043 2121 1114 αὐτῇ
2159 1048 2482 1116 παρέχεται
2510 1046 2849 1117 βάπτισμα.

1135 1326 1332 1525 DE
1393 1328 1790 1528 VITA
1850 1332 2009 1457 IN
2050 1316 2067 1321 ”
2107 1252 2799 1463 CHRISTO

1391 1577 1740 1667 LIBER
1864 1579 2517 1672 SECUNDUS.

1005 1730 1196 1805 Quem
1220 1732 1277 1793 ei
1308 1729 1610 1793 utilitatis
1642 1733 1924 1811 fructum
1957 1734 2237 1800 divinum
2277 1714 2586 1821 baptisma
2615 1748 2924 1813 conciliet.

414 1892 483 1944 Te
521 1892 621 1963 μὲν
650 1889 742 1948 οὖν
771 1895 829 1947 ἐν
865 1897 978 1958 τοῖς
1026 1897 1195 1966 ἱεροῖς
1234 1895 1558 1967 μυστηρίοις
1608 1896 1710 1967 τὴν
1759 1897 1914 1970 ἱερὰν

2091 1902 2275 1961 Sacris
2307 1883 2498 1978 itaque
2534 1909 2810 1979 mysteriis
2840 1911 3006 1967 vitam
3059 1929 3275 1970 sacram
3311 1919 3583 1975 contineri

343 1981 490 2051 ζωὴν
520 1987 847 2037 συνεστάναι
868 1985 976 2038 ἀπὸ
996 1987 1107 2038 τῶν
1139 1987 1424 2057 προτέρων
1447 1988 1721 2042 δέδεικται
1743 2002 1756 2018 ·
1785 1988 1916 2041 ἐκα-

344 2090 469 2127 σεον
499 2075 557 2129 δὲ
586 2076 695 2128 τῶν
722 2077 1041 2148 μυστηρίων
1065 2078 1216 2141 ὅτε-ης
1256 2081 1336 2143 εἰς
1369 2080 1583 2134 τουτονὶ
1620 2080 1776 2149 φέρει
1822 2079 1914 2133 τὸν

342 2168 479 2234 βίον,
516 2169 638 2220 νυνὶ
677 2167 992 2237 σκοπῶμεν.
1033 2169 1190 2222 Ἐστι
1224 2169 1326 2238 μὲν
1378 2171 1487 2241 γὰρ
1530 2172 1564 2240 ἡ
1614 2173 1670 2224 ὲν
1691 2173 1915 2242 Χριστῷ

339 2259 454 2329 ζωὴ
484 2261 617 2313 αὐτὸ
657 2259 716 2314 τδ
749 2261 1089 2330 συναφθῆναι
1123 2261 1349 2332 Χριστῷ
1375 2278 1389 2294 ·
1414 2261 1472 2315 δν
1500 2261 1547 2316 δ’
1567 2263 1674 2332 ἄρα
1711 2266 1913 2335 τρόπον

339 2351 547 2419 ἑκάστη
578 2349 770 2418 τελετὴ
798 2351 925 2415 τοὺς
957 2350 1380 2421 τετελεσμένους
1426 2351 1506 2421 τῷ
1533 2352 1756 2424 Χριστῷ
1782 2369 1913 2408 συν-

339 2444 522 2506 άπτει,
554 2441 805 2510 λέγωμεν
833 2442 958 2512 ἤδη.

414 2535 578 2587 Ἔστι
612 2533 677 2602 δὴ
707 2532 926 2603 Χριστῴ
949 2532 1294 2602 συνοφθῆναι
1318 2533 1405 2588 διά
1433 2538 1653 2590 πάντων
1673 2535 1910 2602 ὲλθοῦσι,

338 2630 407 2684 δι’
443 2626 518 2684 ὧν
553 2632 582 2683 ὁ
622 2631 814 2702 Σωτήρ
867 2625 1022 2702 ἦλθε,
1055 2633 1150 2685 καὶ
1181 2633 1360 2687 πάντα
1409 2634 1504 2685 καὶ
1550 2632 1783 2686 παθοῦσι
1816 2633 1912 2686 καὶ

339 2722 656 2791 γενομένοις
687 2721 787 2774 ὅσα
820 2724 1047 2786 ἐκεῖνος.
1093 2722 1330 2785 Ἐκεῖνος
1355 2721 1538 2778 τοίνυν
1566 2722 1753 2793 ήνὼθη
1811 2723 1911 2793 μὲν

334 2813 535 2878 αἵματι
563 2812 659 2865 καὶ
684 2814 852 2883 σαρκὶ
896 2813 1078 2882 πάσης
1102 2812 1366 2883 καθαροῖς
1397 2813 1674 2884 ἁμαρτίας
1696 2829 1710 2843 ·
1747 2812 1911 2882 φύσει

335 2904 393 2956 δὲ
422 2903 499 2956 ὢν
530 2904 668 2967 Θεὸς
699 2904 862 2968 αὐτὸς
920 2904 979 2971 ἐξ
1016 2904 1195 2975 ἀρχῆς
1243 2906 1338 2959 καὶ
1382 2905 1542 2958 τοῦτο
1562 2904 1848 2971 τεθέωκεν,
1881 2904 1909 2959 δ

335 2997 564 3063 γέγονεν
613 2995 862 3066 ὕστερον,
905 2996 1005 3066 τὴν
1032 2996 1381 3067 ἀνθρωπείαν
1427 2987 1612 3064 φύσιν,
1639 2996 1908 3051 τελευτῶν

332 3089 388 3141 δὲ
416 3090 510 3141 καὶ
545 3087 786 3140 ἀπέθανε
837 3088 937 3157 τῆς
983 3089 1188 3159 σαρκὸς
1220 3087 1383 3141 ἕνεκα
1411 3090 1509 3143 καὶ
1538 3089 1761 3158 ἀνέστη.
1817 3090 1911 3141 Δεῖ

331 3179 515 3230 τοίνυν
569 3178 666 3231 καὶ
713 3177 814 3247 τῆς
864 3176 1065 3247 σαρκὸς
1111 3177 1262 3247 αὐτῷ
1314 3178 1636 3248 μεταλαϐεῖν
1668 3180 1764 3232 καὶ
1808 3179 1907 3248 τῆς

333 3265 589 3329 θεώσεως
641 3268 934 3336 μετασχεῖν
972 3268 1063 3319 καὶ
1092 3266 1187 3319 τοῦ
1218 3267 1393 3334 τάφου
1423 3267 1520 3321 καὶ
1548 3271 1646 3336 τῆς
1674 3268 1907 3321 ἀναστά-

333 3376 472 3420 σεως
503 3360 837 3427 κοινωνῆσαι
857 3361 948 3410 τὸν
983 3358 1321 3427 συναρθῆναι
1350 3357 1619 3430 ζητοῦντα
1644 3377 1659 3391 ·
1715 3360 1811 3413 καὶ
1840 3360 1906 3430 δὴ

332 3451 721 3520 βαπτιζόμεθα
790 3449 913 3520 μὲν,
981 3450 1068 3504 ῐνα
1115 3450 1206 3505 τὸν
1259 3451 1490 3505 θάνατον
1541 3452 1906 3522 ἀποθάνωμεν

328 3541 542 3593 ἐκεῖνον
577 3542 670 3594 καὶ
692 3540 805 3612 τὴν
841 3540 1142 3594 ἀνάστασιν
1177 3542 1525 3614 ἀναστῶμεν,
1549 3545 1818 3617 χριόμεθα
1847 3545 1904 3599 δὲ

328 3631 421 3687 ἵνα
459 3631 555 3684 τοῦ
580 3632 883 3703 χρίσματος
914 3631 1007 3686 τοῦ
1044 3632 1328 3702 βασιλικοῦ
1349 3637 1448 3702 τῆς
1476 3634 1724 3701 θεώσεως
1752 3637 1904 3709 αὐτῷ

326 3725 621 3795 γενώμεθα
680 3725 950 3779 κοινωνοί.
1007 3726 1326 3794 Σιτοῠμενοι
1382 3727 1439 3780 δὲ
1483 3729 1575 3781 τὸν
1612 3729 1904 3799 ἱερώτατον

326 3819 499 3889 ἄρτον
532 3818 628 3872 καὶ
664 3817 758 3870 τοῦ
796 3817 1078 3871 θειοτάτου
1112 3819 1361 3883 πίνοντες
1410 3821 1686 3890 ποτηρίου⁵
1732 3822 1901 3892 αὐτῆς

335 3912 644 3981 μετέχομεν
668 3910 771 3979 τῆς
810 3910 1036 3980 σαρκὸς,
1070 3909 1234 3962 αὐτοῦ
1267 3909 1363 3962 τοῦ
1391 3911 1646 3981 αἵματος,
1688 3913 1795 3965 τῶν
1825 3913 1904 3985 τῷ

328 4006 548 4075 Σωτῆρι
596 4003 1124 4075 προσειλημμένων
1187 4004 1283 4056 καὶ
1330 4004 1522 4056 τοῦτον
1581 4004 1672 4056 τδν
1702 4005 1904 4075 τρόπον

329 4095 729 4165 συναπτόμεθα
775 4094 854 4163 τῷ
899 4095 1039 4165 ὑπὲρ
1070 4094 1227 4165 ἡμῶν
1252 4093 1591 4165 σιρκωθέντι
1637 4096 1732 4148 καὶ
1765 4095 1901 4148 θεω-

329 4195 479 4246 θέντι
510 4191 605 4243 καὶ
640 4189 968 4243 ἀποθανόντι
999 4190 1093 4241 καὶ
1132 4188 1451 4242 ἀναστάντι.
1481 4188 1547 4240 Τί
1576 4182 1673 4242 οὖν
1704 4187 1779 4258 μὴ
1811 4188 1904 4241 καὶ

328 4286 427 4355 τὴν
459 4284 633 4355 αὐτὴν
658 4283 852 4353 ἐκείνῳ
884 4282 1132 4351 σῴζομεν
1175 4280 1355 4347 τάξιν,
1389 4281 1506 4333 ἀλλ’
1535 4280 1659 4334 ὅθεν
1690 4281 1898 4351 ἔληξεν,

327 4377 643 4446 ἀρχόμενοι,
679 4377 735 4425 ἐν
768 4367 847 4435 οἷς
871 4374 1075 4432 ἐκεῖνος
1101 4371 1317 4442 ηοξατο,
1353 4372 1738 4443 τελευτῶμεν;
1776 4372 1901 4425 Ὀτι

330 4467 600 4538 κατῆλθεν
631 4466 699 4518 ἵν’
728 4466 889 4535 ἡμεῖς
917 4464 1254 4534 ἀνέλθωμεν,
1303 4465 1398 4517 καὶ
1426 4466 1521 4535 τῆς
1553 4464 1726 4536 αὐτῆς
1769 4467 1902 4519 ὐπο-

2017 2003 2071 2048 ct
2102 1995 2399 2060 coluerere,
2434 1998 2576 2053 libro
2621 2000 2870 2068 proxime
2923 2006 3207 2074 superiore
3237 2007 3587 2067 demonstra-

2019 2091 2133 2136 tum
2166 2097 2268 2139 est.
2298 2085 2584 2153 Quomodo
2614 2099 2798 2146 autem
2832 2097 3267 2171 unumquodque
3298 2115 3394 2169 per
3424 2118 3484 2158 se
3520 2105 3586 2158 ad

2017 2188 2136 2228 eam
2207 2178 2518 2245 pertineat,
2570 2182 2821 2252 sequitur
2867 2194 2928 2239 ut
2977 2168 3322 2257 indagemus.
3356 2171 3584 2249 Vitain

2016 2264 2240 2321 Christo
2300 2285 2409 2325 non
2476 2272 2624 2326 aliud
2685 2282 2802 2339 est,
2855 2266 3047 2346 quam'
3087 2282 3458 2349 conglutinari
3531 2286 3587 2339 in

2016 2356 2392 2438 _Christo.Quo
2411 2373 2594 2416 autem
2638 2366 2802 2419 modo
2834 2381 3174 2438 unaquatque
3207 2373 3446 2428 initiatio
3484 2375 3592 2429 iui-

2014 2433 2179 2504 tiatos
2208 2465 2330 2505 cum
2364 2452 2584 2508 Christo
2608 2433 2974 2524 conglutinet,
3001 2433 3147 2515 nunc
3167 2444 3584 2531 explicabimus.

2087 2540 2238 2597 Licet
2271 2542 2438 2610 igitur
2465 2559 2591 2603 cum
2628 2546 2848 2601 Christo
2905 2550 3165 2621 conjungi
3206 2568 3302 2610 eos
3335 2558 3427 2626 qui
3457 2573 3586 2628 per-

2014 2632 2353 2687 transierunt
2390 2636 2595 2699 omnia,
2631 2651 2726 2705 per
2754 2652 2891 2715 quae.
2923 2639 3011 2694 ille
3038 2632 3310 2710 transivit,
3344 2647 3586 2720 iactique

2012 2732 2142 2778 sunt.
2178 2735 2233 2778 et
2272 2726 2512 2794 perpessi
2540 2727 2727 2782 omnia
2767 2744 2890 2798 qua:
2925 2731 3038 2786 ille.
3095 2733 3347 2791 Christus
3378 2726 3587 2809 itaque

2014 2828 2180 2871 carne
2218 2823 2273 2870 et
2302 2818 2565 2886 sanguine
2611 2821 2792 2875 omnis
2836 2825 3039 2890 peccati
3090 2829 3412 2896 expertibus
3454 2847 3587 2887 cou-

2007 2906 2234 2976 junctus
2259 2916 2315 2961 et
2353 2910 2539 2965 unitus
2573 2920 2679 2965 est.
2718 2898 2966 2984 Cumque
2994 2916 3136 2973 Deus
3187 2931 3332 2975 esset
3366 2923 3436 2976 ab
3476 2923 3582 2978 iui-

2014 2996 2110 3061 tio,
2147 2997 2310 3051 etiam
2352 2999 2475 3062 hoc,
2510 3001 2652 3069 quod
2695 3011 2882 3070 postea
2938 3004 3117 3062 lactus
3159 3016 3264 3075 cst,
3296 2996 3582 3069 divinitate

2013 3087 2216 3153 affecit,
2256 3089 2554 3146 humanam
2582 3102 2837 3149 naturam
2870 3095 3143 3154 videlicet.
3177 3099 3417 3157 Tandem
3454 3120 3582 3159 car-

2014 3178 2097 3232 nis
2126 3181 2299 3249 gratia
2335 3192 2564 3237 mortem
2593 3199 2810 3254 quoque
2837 3187 3062 3254 subivit,
3091 3200 3146 3244 et
3177 3191 3230 3246 in
3265 3194 3428 3249 vitam
3460 3212 3581 3252 sese

2012 3271 2308 3326 revocavit.
2327 3270 2550 3341 Oportet
2571 3289 2700 3343 ergo
2727 3285 2782 3330 et
2806 3277 2858 3330 in
2883 3292 3047 3332 carne
3069 3279 3215 3337 illius
3246 3299 3578 3349 consortem,

2008 3370 2063 3414 et
2108 3360 2161 3413 in
2195 3360 2479 3416 divinitate
2510 3363 2855 3434 participem,
2889 3376 2941 3421 et
2975 3368 3026 3421 in
3071 3372 3349 3441 sepultura
3378 3392 3444 3433 ac
3493 3394 3578 3435 re-

2009 3465 2356 3507 surrecuone
2380 3452 2590 3509 socium
2618 3468 2760 3520 esse,
2792 3456 2883 3525 qui
2929 3473 3054 3510 cum
3097 3459 3291 3515 eodem
3327 3464 3574 3537 colligari

2008 3540 2306 3598 desiderat.
2339 3544 2465 3601 Ideo
2505 3545 2557 3599 in
2594 3546 2797 3601 undam
2840 3547 3136 3604 salutarem
3175 3546 3574 3627 innuergimur,

2010 3639 2066 3683 ut
2097 3630 2241 3685 illius
2270 3642 2442 3688 morte
2474 3634 2775 3689 moriamur
2805 3644 2859 3690 et
2890 3642 3295 3698 resurrectione
3326 3660 3576 3717 resurgas

2007 3739 2151 3777 mus.
2188 3721 2455 3793 Ungimur
2484 3738 2690 3794 autem,
2729 3737 2788 3783 ut
2821 3731 2986 3799 regiae
3014 3733 3260 3790 unctioni
3292 3746 3347 3793 et
3386 3722 3576 3796 deitati

2008 3814 2086 3870 illi
2123 3817 2534 3872 consociemur.
2590 3816 2826 3876 Edentes
2861 3837 2988 3878 vero
3019 3839 3213 3894 panem
3266 3814 3581 3903 sacratissi-

2009 3923 2181 3974 mum,
2213 3919 2266 3965 et
2300 3911 2700 3966 divinissimum
2738 3913 2996 3983 poculum
3030 3917 3364 3987 haurientes,
3395 3926 3577 3981 carnis

2008 4002 2183 4068 ipsius
2211 4013 2263 4057 et
2287 4006 2596 4073 sanguinis,
2627 4020 2751 4074 qua:
2778 4010 3094 4076 assumpsit,
3128 4015 3420 4083 participes
3450 4020 3575 4072 red-

2006 4091 2210 4144 dimur.
2251 4091 2321 4144 Et
2374 4094 2475 4147 ista
2515 4094 2601 4146 via
2638 4096 2962 4163 copulantur
3014 4099 3064 4152 ei
3117 4100 3208 4168 qui
3268 4119 3366 4171 pro
3415 4107 3576 4163 nobis

2006 4181 2345 4244 incarnatus.
2370 4193 2425 4238 ct
2445 4183 2744 4249 deilicatus,
2766 4195 2817 4239 et
2843 4176 3099 4243 mortuus
3122 4199 3225 4256 est,
3252 4198 3305 4246 et
3329 4180 3571 4249 resurre'.

2005 4277 2102 4330 xit.
2123 4272 2261 4341 Quid
2296 4276 2499 4347 igitur?
2522 4292 2651 4331 num
2679 4286 2735 4333 et
2757 4280 3009 4334 eumdem
3043 4295 3168 4336 cum
3202 4281 3295 4338 illo
3326 4276 3573 4343 ordinem

2007 4368 2300 4422 tenemus?
2344 4365 2492 4422 Nihil
2528 4369 2729 4434 minus,
2773 4369 2869 4426 sed
2905 4371 2998 4425 ulti
3034 4372 3125 4427 ille
3159 4376 3460 4439 desiit,uos
3493 4367 3576 4432 in;

2006 4459 2262 4528 cipimus,
2288 4468 2342 4514 et
2375 4476 2406 4515 a
2434 4460 2636 4531 quibus
2669 4461 2758 4516 ille
2788 4461 3014 4532 incepit,
3046 4464 3099 4517 in
3132 4480 3196 4520 ea
3231 4482 3333 4521 nos
3367 4468 3575 4523 desim-

329 4559 589 4627 κειμένης
643 4556 765 4609 ὀδοῦ
813 4557 872 4608 τὸ
904 4557 1003 4626 μὲν
1048 4556 1258 4609 ἐκείνου
1291 4557 1525 4626 πρᾶγμα
1554 4558 1779 4621 κάθοδος
1808 4554 1898 4628 ἦν,

2010 4542 2150 4602 nius.
2182 4548 2476 4604 Descendit
2505 4555 2649 4604 enim
2699 4559 2758 4605 ut
2796 4566 2898 4607 nos
2931 4555 3320 4627 ascendamus,
3353 4570 3407 4616 et
3450 4575 3573 4616 cum

326 4654 490 4724 ἡμεῖς
520 4652 575 4704 δὲ
604 4649 985 4721 ἐινερχὸμεθιπι⁸
1032 4647 1231 4702 οὐκοῦν
1262 4647 1451 4719 ὥσπερ
1486 4650 1580 4703 ἐπὶ
1628 4650 1896 4720 κλίμακος

326 4747 466 4811 ὅπερ
489 4742 716 4811 ἔσχατον
759 4734 838 4810 ,ἧν
876 4738 1071 4810 ἐκείνῳ
1129 4741 1541 4809 κατερχομένῳ,
1580 4741 1740 4796 τοῦτο
1770 4744 1900 4812 ἡμῖν

326 4835 539 4891 ἀνιοῦσι
568 4833 778 4901 γίνεται
805 4833 1042 4901 πρῶτον.
1077 4831 1287 4895 ’Ἄλλως
1316 4849 1376 4885 τε
1405 4834 1513 4886 οὐδ’
1541 4834 1670 4903 ἐξῆν
1697 4836 1899 4905 ἑτέρως

327 4926 512 4981 αὐτῶν
535 4923 699 4975 ἕνεκα
725 4923 833 4973 τῶν
853 4919 1216 4989 πραγμάτων.
1252 4920 1326 4972 Τὸ
1359 4919 1456 4989 μὲν
1478 4920 1587 4988 γὰρ
1615 4920 1899 4992 βάπτισμα

325 5022 605 5089 γέννησις,
654 5014 713 5068 τὸ
747 5013 804 5066 δὲ
844 5011 1016 5083 μύρον
1066 5011 1347 5081 ἐνεργείας
1382 5013 1478 5064 κού⁸
1520 5014 1791 5082 κινήσεως
1842 5013 1903 5066 ἐν

328 5112 460 5180 ἡμῖν
491 5110 605 5179 ἔχει
636 5107 794 5173 λόγον
817 5120 832 5135 ’
864 5107 892 5157 ὁ
934 5105 989 5156 δὲ
1038 5103 1136 5168 τῆς
1167 5104 1312 5172 ζωῆς
1341 5104 1506 5174 ἀρτος
1532 5108 1626 5157 καί
1649 5104 1710 5157 τὸ
1733 5106 1902 5176 ποτή-

329 5219 447 5271 ριον
477 5202 575 5269 τῆς
608 5197 969 5267 ιεζύχαριστίας
1013 5195 1216 5264 βρῶσίς
1255 5198 1371 5248 ἐστι
1432 5198 1527 5249 καὶ
1570 5196 1900 5267 πόσιςνάλη-

327 5294 473 5363 θινὴ.
505 5293 620 5345 Οὔκ
653 5292 770 5342 ἔστι
803 5289 859 5341 δὲ
890 5287 1235 5356 κινηθῆναιῆ
1277 5288 1516 5356 ταφῆναι
1545 5291 1677 5359 πρὶν
1702 5307 1900 5363 γεννη.

326 5385 506 5454 θῆναι.
556 5368 679 5434 σετι
702 5381 758 5433 δὲ
787 5381 849 5432 τδ
897 5379 997 5449 μὲν
1022 5379 1310 5449 βάπτισμα
1343 5378 1462 5450 Θεῷ
1487 5380 1578 5432 τὸν
1610 5381 1898 5451 ἄνθρωπον

310 5473 714 5534 ,καταλλάττεῃ
749 5469 808 5519 τὸ
830 5469 886 5521 δὲ
911 5466 1083 5538 μύρον
1114 5468 1224 5520 τῶν
1271 5467 1482 5520 ἐκεῖθεν
1514 5468 1656 5535 ἀξιοῖ
1679 5468 1892 5540 δώρων,

326 5565 359 5633 ἠ
391 5564 449 5616 δὲ
477 5560 761 5632 τραπέζης
791 5561 1021 5627 δύναμις
1059 5559 1160 5628 τὴν
1189 5558 1370 5626 σάρκα
1401 5558 1494 5612 τοῦ
1525 5560 1767 5629 Χριστοῦ
1804 5564 1901 5616 καὶ

327 5660 390 5709 τὸ
420 5652 556 5725 αἷμα
591 5653 749 5705 κοινά
779 5653 922 5704 ποιεῖ
972 5653 1067 5704 καὶ
1095 5650 1172 5722 τῷ
1220 5652 1548 5724 τελουμῖνῳ.
1591 5654 1897 5725 Ἀμήχανον

403 5777 447 5807 ⁸⁸
477 5781 635 5829 .Iuan.
675 5750 751 5833 vt,
791 5771 881 5824 56.

608 5865 877 5925 ΡΑτιιυι.
928 5862 1041 5921 Gtt.
1086 5859 1179 5918 CL
1197 5896 1213 5915 .

2004 4641 2197 4696 eadem
2228 4641 2299 4696 sit
2334 4642 2748 4711 via‘proposita,
2783 4644 2930 4700 illius
2967 4649 3242 4715 negotium
3276 4654 3576 4725 descensus

2007 4731 2129 4798 fuit,
2167 4743 2414 4787 nostrum
2467 4749 2731 4791 ascensus
2765 4746 2871 4793 est.
2924 4737 3108 4808 Itaque
3162 4751 3221 4794 ut
3273 4742 3325 4795 iu
3386 4748 3571 4812 scalis,

2006 4826 2149 4893 quod
2202 4823 2277 4878 illi
2322 4826 2669 4881 descendenti
2712 4837 3015 4883 extremum
3073 4838 3216 4895 erat,
3281 4833 3384 4888 hoc
3413 4837 3575 4891 nubis

2007 4915 2430 4972 ascendentibus
2463 4918 2697 4985 primum
2724 4931 2826 4974 est.
2854 4919 3055 4975 Deinde
3079 4922 3237 4976 aliter
3255 4924 3417 4982 etiam
3445 4944 3573 4997 pru-

2006 5016 2125 5076 pter
2155 5007 2393 5076 ipsarqu
2413 5024 2593 5063 rerum
2616 5011 2983 5065 conditionem
3020 5027 3126 5066 non
3154 5015 3304 5071 licet.
3352 5017 3568 5088 Baptis-

2008 5114 2132 5154 mus
2200 5099 2347 5153 enim
2373 5111 2456 5154 est
2500 5102 2800 5170 generatio,
2832 5101 2947 5155 sive
2995 5098 3571 5177 ottus.Unguentum.

2007 5191 2123 5245 sive
2182 5192 2424 5246 chrisma
2480 5191 2715 5245 actionis
2755 5198 2809 5245 et
2861 5193 3119 5250 motionis
3158 5184 3576 5279 rationemha-

2008 5283 2129 5336 bet.
2165 5280 2329 5337 Panis
2359 5292 2539 5337 autem
2572 5282 2697 5336 vita:
2719 5323 2735 5346 ,
2767 5288 2822 5335 et
2864 5284 3123 5352 poculum
3169 5288 3567 5357 Eucharistiaa,

2011 5389 2170 5428 verus
2196 5386 2278 5428 est
2305 5373 2485 5438 cibus,
2516 5382 2569 5427 et
2597 5387 2759 5427 verus
2786 5383 2944 5441 potus
2973 5372 3042 5430 ⁸⁸.
3069 5377 3235 5449 Atqui
3268 5398 3375 5437 nou
3407 5384 3572 5440 datur

2009 5476 2159 5522 motu
2206 5466 2337 5522 cieri
2406 5473 2499 5518 aut
2533 5465 2626 5529 ali,
2684 5466 3003 5535 priusquam
3039 5477 3201 5526 natus
3241 5474 3341 5529 sis.
3369 5472 3567 5529 Adhth

2008 5560 2311 5629 buptismus
2341 5556 2614 5612 hominem
2642 5572 2766 5612 cum
2805 5556 2913 5612 Deo
2947 5559 3001 5613 in
3032 5563 3260 5631 gratiam
3293 5565 3566 5634 restituit;

2012 5659 2348 5722 unguentum
2408 5648 2568 5704 donis
2618 5648 2732 5704 illic
2783 5651 3041 5721 repositis
3094 5653 3316 5722 dignum
3364 5654 3565 5713 edicit:

3104 5864 3175 5923 Η
