4132 6308
546 356 656 419 ῑ23

547 567 756 623 Christi
781 581 904 620 cum
942 564 1099 619 initio
1135 563 1526 619 communicat.
1564 560 1656 616 Est
1693 569 1874 616 autem
1907 560 2119 629 impos-

551 660 744 724 sibile,
776 667 903 713 ante
940 656 1439 712 reconciliationem
1494 670 1619 707 cum
1673 652 1867 708 amicis
1925 652 2125 706 habere

551 750 1035 817 consuetudinem,
1060 758 1115 803 et
1143 763 1204 802 ea
1235 746 1532 817 promereri
1568 744 1793 815 praemia
1823 757 1948 813 qua:
1978 742 2125 811 ipso-

555 859 676 897 rum
710 852 838 897 sunt
887 840 1127 910 propria,
1159 837 1535 908 malignosque
1576 845 1631 891 et
1661 834 1903 904 peccatis
1935 830 2125 888 subdi-

552 942 639 989 tos
670 934 736 986 de
791 945 955 986 carne
992 928 1302 994 comedere,
1334 935 1391 982 et
1419 928 1485 981 de
1511 924 1780 995 sanguine
1811 923 1997 980 bibere
2029 939 2126 979 eo-

548 1039 699 1088 rum,
725 1023 816 1093 qui
840 1021 994 1075 nullo
1015 1019 1193 1075 defit-ti
1226 1034 1424 1090 genere
1450 1016 1821 1087 implicantur.
1844 1014 2114 1082 Quocirca

557 1114 792 1183 primum
836 1112 1103 1175 lavamur,
1139 1119 1327 1180 postea
1374 1110 1664 1179 ungimur:
1710 1108 1780 1163 ita
1820 1110 1931 1178 jam
1966 1124 2127 1164 mun-

554 1205 655 1259 dos
688 1212 742 1258 et
782 1201 1162 1257 suaveolentes
1199 1215 1381 1255 mensa
1415 1198 1638 1270 excipit.

630 1296 691 1347 iit
733 1295 846 1349 hac
876 1294 1099 1363 quidem
1136 1292 1423 1346 hactenus.
1458 1289 1578 1345 Jam
1628 1289 1696 1346 de
1735 1288 1966 1359 singulis
2003 1302 2125 1356 my-

556 1388 741 1442 steriis
771 1387 968 1441 docere
1034 1400 1549 1455 pergamus,quam
1598 1381 1885 1438 utilitatem
1952 1394 2125 1436 sacrm

561 1479 687 1533 \ita:
722 1488 1035 1547 apportent.
1063 1477 1139 1530 Ac
1175 1478 1409 1546 primum
1441 1476 1507 1530 de
1540 1476 1837 1545 baptismo,
1871 1488 2123 1543 quaenam

554 1573 620 1623 ad
674 1571 889 1624 istbanc
923 1571 1086 1622 vitam
1136 1568 1422 1623 commoda
1461 1568 1585 1622 inde
1618 1566 1866 1636 progigni
1900 1573 2123 1635 queant.

626 1662 720 1715 Est
758 1664 922 1732 igitur
976 1662 1243 1732 baptizari
1290 1662 1529 1730 idipsum
1557 1702 1570 1726 ,
1628 1662 1773 1727 quod
1814 1657 2121 1713 secundum

1779 347 2099 411 NICOLAI
2134 347 2524 409 CABASILIE

441 515 459 531 .
549 476 726 529 virtus
768 484 936 528 sacra:
974 482 1174 526 mensa:
1209 470 1374 524 etiam
1431 483 1653 524 carnem
1685 479 1739 523 et
1792 467 2115 538 sanguinem

2229 465 2281 518 δὲ
2316 468 2447 536 πρὶν
2500 464 2874 535 κατηλλάχθαι
2911 463 3049 533 μετά
3078 460 3188 514 τῶν
3212 459 3384 530 φίλων
3408 456 3654 522 ἑστάναι,
3701 462 3796 511 καὶ

3689 337 3797 403 524

2230 551 2305 619 ὧν
2356 558 2588 621 ἐκείνοις
2641 556 2920 626 προσῆκεν
2973 553 3260 619 ἀξιοῦσθαι
3307 550 3565 621 χαρίτων,
3594 553 3685 605 καὶ
3715 550 3797 620 τῷ

2225 651 2453 720 πονηρῷ
2482 649 2578 702 καὶ
2603 650 2723 711 ταῖς
2774 646 3075 718 ἁμαρτίαις
3133 645 3533 714 ὑποκειμένους
3564 642 3799 713 αἵματος

2226 745 2375 795 πιεῖν
2420 743 2517 794 καὶ
2571 737 2773 810 eam;
2835 739 3034 807 φαγείν
3075 735 3185 791 τῶν
3236 736 3660 806 ἀναμαρτήτων.
3697 733 3800 786 Διά

2225 832 2402 887 ταῦτα
2441 831 2686 902 λούμεθα
2741 831 2984 901 πρῶτον,
3015 825 3132 883 εἶτα
3182 827 3472 899 χριόμεθα,
3509 828 3601 880 καὶ
3653 826 3800 880 οὕτω

2226 926 2500 999 καθαροὺς
2530 928 2626 981 καὶ
2652 923 2874 989 εὐώδεις
2908 925 2942 994 ἠ
2972 923 3221 995 τράπεζα
3242 923 3477 992 δέχεται.
3796 964 3809 1005 ,

2297 1296 2409 1349 Καὶ
2443 1294 2615 1348 ταῦτα
2654 1295 2755 1362 μὲν
2781 1294 2864 1355 εἰς
2890 1292 3165 1347 τοσοῦτον.
3202 1292 3341 1362 Περὶ
3368 1291 3425 1345 δὲ
3459 1292 3569 1345 τῶν
3592 1310 3801 1362 μυστη-

2231 1387 2373 1461 ρίων.
2423 1384 2658 1440 ἑκάστου
2717 1384 3013 1451 σκοπῶμεν
3061 1382 3164 1445 ἔτι.
3212 1383 3334 1435 τίνα
3377 1383 3691 1436 συντέλειαν
3719 1385 3802 1454 τῷ

2230 1478 2363 1547 ἱερῷ
2386 1476 2690 1547 παρέχεται
2710 1475 2937 1545 βίῳ,καὶ
2966 1475 3095 1543 περὶ
3119 1474 3214 1527 τοῦ
3248 1474 3626 1543 βαπτίσματος
3650 1478 3802 1545 πρὼ-

2225 1587 2345 1630 του,
2378 1570 2478 1622 ὅσα
2507 1567 2559 1636 γ’
2584 1570 2662 1630 εἰς
2689 1569 2788 1637 τὴν
2813 1567 2956 1637 ζωὴν
2985 1567 3192 1636 ταύτην
3211 1566 3439 1619 δύναται
3477 1567 3688 1637 φέρειν.

2301 1661 2462 1715 Ἔστι
2493 1660 2673 1713 τοίνυν
2722 1659 2785 1714 τὸ
2838 1658 3208 1729 βαπτισθῆναι
3241 1659 3374 1712 αὐτὸ
3405 1660 3467 1713 τὸ
3496 1660 3639 1713 κατά
3670 1660 3802 1729 Χρι-

559 1755 838 1809 Christum
876 1753 1065 1818 nasci,
1100 1754 1389 1822 ipsamque
1421 1752 1716 1807 essentiam
1763 1759 1820 1805 et
1874 1749 2126 1803 substan-

2229 1753 2351 1807 στὸν
2381 1750 2714 1821 γεννηθῆναι
2754 1751 2848 1804 καὶ
2896 1749 3084 1803 λαϐεῖν
3113 1750 3246 1803 αὐτὸ
3273 1749 3335 1802 τὸ
3361 1746 3504 1803 εἶναι
3533 1752 3629 1803 καὶ
3664 1753 3798 1803 ὐπο-

557 1846 685 1899 tiatn
707 1844 971 1913 accipere,
994 1859 1116 1897 cum
1144 1852 1302 1897 antea
1328 1843 1458 1896 nihil
1482 1841 1683 1895 fueris:
1706 1840 1755 1894 id
1774 1840 1916 1911 quod
1938 1837 2121 1893 multis

2229 1848 2417 1914 στῆναι
2461 1843 2626 1913 μηδὲν
2687 1844 2873 1908 ὖντας.
2936 1842 3108 1897 Τοῦτο
3172 1843 3229 1896 δὲ
3286 1844 3631 1912 καταμαθεῖν
3681 1844 3797 1897 ἔστι

556 1955 585 1991 e
624 1939 756 1991 locis
798 1935 1109 2005 perspicere
1141 1934 1285 1989 licet.
1334 1933 1610 2003 Principio
1632 1948 1694 1986 ex
1730 1930 1923 1986 ordine
1957 1930 2118 1998 ἱρείη

560 2032 663 2083 hoc
716 2029 860 2082 enim
901 2037 986 2083 cst
1037 2026 1274 2096 primum
1326 2027 1740 2097 mysteriorum,
1776 2039 1885 2095 quo
1933 2040 2125 2078 conse-

556 2136 815 2183 cramur,
858 2131 911 2174 et
968 2119 1071 2173 hoc
1121 2128 1250 2174 ante
1302 2119 1405 2173 alia
1451 2117 1799 2173 Christianos
1845 2118 1898 2170 in
1952 2117 2119 2169 vitam

554 2225 750 2265 novatn
804 2211 1123 2266 introducit.
1199 2210 1401 2265 Deinde
1451 2218 1504 2264 et
1575 2210 1706 2281 ipsis
1770 2209 2122 2273 nominibus.

554 2304 755 2373 quibus
811 2303 861 2358 id
913 2303 1320 2374 appellitamus.
1347 2301 1633 2357 Postremo
1679 2317 1745 2357 ex
1799 2301 1921 2371 ejus
1960 2316 2127 2357 caere-

556 2397 757 2452 moniis
805 2407 859 2451 et
895 2397 1168 2466 precibus,
1204 2411 1324 2469 qua:
1376 2394 1428 2450 in
1477 2410 1542 2449 eo
1591 2393 1924 2450 conferendo
1964 2409 2125 2449 usur-

555 2497 772 2558 patitur.

630 2582 778 2637 Ordo
830 2580 994 2650 igitur
1045 2578 1114 2630 ab
1164 2577 1323 2631 initio
1375 2577 1463 2631 hic
1508 2578 1628 2640 est',
1662 2577 1808 2631 ablui
1863 2578 2125 2648 primum,

560 2685 684 2748 post
726 2670 942 2740 inungi,
989 2677 1154 2737 atque
1185 2669 1258 2722 ita
1303 2668 1521 2723 demum
1564 2672 1793 2724 sacratis
1826 2672 2004 2739 epulis
2036 2688 2126 2725 ac—

559 2764 818 2818 cumbere
849 2778 865 2828 ;
897 2759 1039 2829 quod
1069 2757 1316 2823 profecto
1350 2758 1573 2813 evidens
1610 2769 1994 2828 argumentum
2024 2772 2127 2829 est,

516 2835 520 2839 I
558 2865 611 2909 et
651 2852 978 2922 principium
1034 2851 1160 2903 vitae
1202 2864 1267 2903 ac
1307 2847 1741 2917 fundamentum,
1777 2860 1829 2905 et
1864 2861 2128 2923 praestru-

561 2947 772 2999 ctiones
811 2942 1127 3012 huiusmodi
1155 2955 1319 3006 pones
1354 2942 1630 2996 lavacrum
1660 2958 1823 2999 esse:
1858 2942 2125 3014 siquidem

561 3045 613 3089 et
634 3033 885 3090 Christus
912 3046 1036 3085 cum
1069 3031 1135 3085 iis
1162 3030 1420 3086 omnibus
1450 3047 1571 3102 quae
1600 3034 1773 3087 nostri
1804 3050 1964 3089 causa
2002 3039 2129 3092 tole-

561 3128 722 3188 ravit,
744 3125 1005 3194 quoniam
1034 3130 1091 3178 et
1117 3121 1390 3191 baptismo
1419 3122 1639 3177 lustrari
1672 3126 1973 3194 oportebat,
2001 3145 2125 3183 eum

564 3218 740 3289 primo
768 3217 886 3270 loco
912 3232 1018 3271 non
1044 3215 1384 3271 detrectavit.
1403 3216 1635 3273 Nomina
1658 3228 1839 3274 autem
1866 3235 2126 3286 quorsum

567 3311 781 3370 tandem
806 3310 911 3364 alio
929 3317 1175 3379 spectare
1190 3308 1429 3379 posSint?
1452 3310 1889 3378 Generationem,
1905 3324 1958 3368 et
1977 3329 2129 3382 rege-

568 3405 897 3457 nerationem
916 3411 969 3457 et
984 3400 1446 3473 reformationem,
1468 3414 1520 3459 et
1541 3406 1800 3475 sigillum,
1821 3408 1931 3461 sive
1944 3406 2129 3477 signa-

568 3494 748 3550 culum
771 3507 1187 3562 nuncupamus;
1214 3502 1469 3566 praeterea
1489 3493 1779 3562 baptisma,
1800 3510 1895 3550 seu
1913 3497 2129 3551 innuer-

566 3586 1212 3649 sionem,indumcntum,
1239 3586 1571 3651 unctionem,
1604 3584 1834 3648 donum,
1860 3596 1912 3641 et
1935 3586 2133 3642 illumi-

565 3678 836 3731 natiOnem
856 3719 869 3741 ,
899 3686 951 3731 et
975 3677 1250 3731 lavacrum
1302 3690 1317 3729 :
1347 3691 1466 3744 quae
1497 3677 1679 3731 omnia
1711 3678 1813 3734 hoc
1844 3695 2009 3735 unum
2038 3696 2132 3737 va-

565 3765 676 3818 lent
714 3774 768 3819 et
793 3765 1004 3828 volunt,
1040 3763 1125 3817 his
1159 3763 1248 3831 qui
1286 3762 1584 3818 secundum
1619 3762 1788 3818 Deum
1819 3776 1945 3820 sunt
1973 3768 2130 3821 etvi-

564 3866 717 3918 vunt,
746 3855 1106 3908 initiatioucm
1138 3853 1295 3907 istam
1323 3856 1574 3909 essentia}
1598 3856 1953 3925 primordium
1983 3874 2126 3918 esse.

571 3967 588 3999 ι
626 3947 917 4001 Genet-atto
956 3965 975 3998 ι
1023 3945 1243 4015 quidem
1291 3961 1400 4001 non
1441 3947 1612 4012 aliud,
1664 3965 1826 4020 quam
1865 3950 2007 4006 istud
2049 3952 2132 4021 ip-

566 4056 684 4096 sum
741 4039 886 4094 haud
936 4039 1171 4094 absurde
1224 4040 1437 4094 videtur
1488 4040 1816 4109 significare.
1865 4042 2130 4099 Similiter

571 4152 589 4185 ι
629 4132 986 4204 regeneratio,
1030 4151 1048 4185 ι
1077 4140 1132 4187 et
1185 4150 1203 4184 ι
1252 4132 1569 4188 reformatio
1613 4152 1631 4185 ι
1668 4145 1876 4191 tantum
1915 4139 2016 4189 hoc
2052 4137 2131 4190 si-

565 4226 854 4296 gnificant,
907 4240 1055 4279 nunc
1097 4225 1318 4279 demum
1366 4234 1528 4281 natos
1563 4225 1961 4297 formatostlue,
1992 4230 2127 4285 alios

566 4329 784 4385 quoque
831 4326 990 4369 natos
1021 4312 1221 4377 fuisse,
1269 4324 1324 4369 et
1358 4313 1532 4370 forma
1572 4316 1802 4383 perdita,
1837 4334 1983 4372 nune
2023 4320 2128 4374 ista

565 4407 735 4459 altera
786 4403 1134 4472 generatione
1167 4403 1231 4457 ad
1267 4403 1557 4472 pristinam
1593 4404 2130 4477 speciem‘formam-

2154 3184 2197 3243 (Ξ

2227 1936 2576 2008 πολλαχόθεν.
2618 1934 2840 2006 Πρῶτον
2872 1935 2973 2004 μὲν
3008 1935 3116 1987 ἀπὸ
3136 1934 3236 2003 τῆς
3264 1935 3474 1999 τάξεως
3500 1936 3691 2005 αὐτῆς,
3711 1938 3797 1990 ὅτι

2225 2031 2384 2084 τοῦτο
2441 2029 2659 2101 πρῶτον
2719 2028 3005 2099 μυούμεθα
3038 2029 3378 2098 μυστηρίων,
3428 2031 3521 2082 καὶ
3550 2031 3655 2098 πρὸ
3683 2031 3795 2082 τῶν

2227 2124 2401 2177 ἄλλων
2460 2122 2619 2177 τοῦτο
2658 2121 3022 2193 Χριστιανοὺς
3072 2121 3148 2182 εἰς
3200 2119 3300 2188 τὴν
3345 2120 3536 2190 καινὴν
3574 2120 3791 2186 εἰσάγει

2229 2214 2398 2284 ζωὴν,
2428 2214 2679 2280 δεύτερον
2704 2213 2812 2267 τῶν
2840 2213 3144 2283 ὀνομάτων,
3174 2211 3297 2265 ὅθεν
3330 2212 3463 2265 αὐτὸ
3494 2211 3778 2280 καλοῦμεν,

2227 2310 2321 2361 καὶ
2349 2308 2530 2377 τρίτον
2560 2305 2671 2361 τῶν
2702 2305 2788 2359 ἐπ’
2816 2307 2963 2376 αὐτῷ
2987 2305 3329 2374 τελουμένων
3365 2307 3460 2360 καὶ
3491 2303 3785 2379 ᾀδομένων.

2311 2583 2377 2636 Ἥ
2403 2583 2501 2654 μὲν
2523 2576 2615 2636 οὖν
2640 2581 2793 2647 τάξις
2810 2579 3018 2634 ἄνωθεν
3048 2580 3517 2650 αὖτη,λούσαοθαι
3544 2583 3796 2649 πρῶτον,

2226 2666 2535 2749 εἶταμύρῳ
2569 2674 2937 2745 χρισαμένους
2960 2676 3039 2737 εἰς
3065 2675 3166 2742 τὴν
3192 2673 3471 2744 τράπεζαν
3494 2673 3798 2740 ἀφικέσθαι

2228 2772 2326 2842 τὴν
2359 2769 2542 2838 ἰεράν’
2600 2767 2628 2820 ὃ
2658 2768 2724 2838 δὴ
2783 2767 3085 2838 τεκμήριόν
3119 2768 3269 2819 ἐστιν
3335 2767 3580 2834 ἐναργὲς,
3614 2766 3709 2817 τοῦ
3739 2783 3801 2818 τε

2229 2859 2402 2930 ἀρχὴν
2424 2858 2542 2928 βίου
2573 2856 2668 2910 καὶ
2699 2854 2848 2925 ζωῆς
2874 2855 3073 2925 βάθρον
3096 2857 3191 2907 καὶ
3221 2854 3480 2917 τοιαύτας
3511 2855 3800 2917 ὑποθέσεις

2228 2950 2289 3002 τὸ
2320 2945 2546 3018 λουτρὸν
2596 2940 2755 3005 εἶναι,
2808 2944 2930 2996 ἐπεὶ
2976 2944 3067 2996 καὶ
3100 2942 3333 3012 Χριστὸς
3361 2943 3547 3005 αὐτὶς,
3587 2941 3685 3012 μεθ
3726 2935 3801 2993 ὧν

2230 3038 2370 3105 ὑπὲρ
2400 3036 2555 3106 ἡμῶν
2581 3034 2841 3104 ἠνέσχετο
2872 3031 3111 3103 πάντων,
3138 3032 3241 3103 ,καὶ
3275 3031 3640 3103 βαπτισθῆναι
3671 3032 3799 3100 δηξ-

2232 3147 2332 3183 σαν
2368 3126 2527 3181 τοῦτο
2564 3125 2780 3196 δέχεται
2812 3122 3078 3199 ¹’τιιρὸντθῷν
3116 3116 3329 3176 ἀλλων.
3368 3122 3451 3176 Τά
3480 3123 3536 3176 δὲ
3564 3125 3803 3194 ὀνόματα
3862 3116 3867 3131 ’

2231 3220 2368 3287 πρὸς
2407 3218 2460 3269 τί
2485 3216 2549 3271 ἂν
2574 3216 2703 3270 ἄλλο
2738 3214 2955 3267 δύναιτο
2990 3213 3208 3285 φέρειν;
3242 3213 3502 3281 Γέννησιν
3525 3215 3621 3266 κα)⁸
3668 3215 3805 3265 ἀνα-

2231 3313 2485 3381 γέννησιν
2532 3308 2629 3361 καὶ
2658 3306 2963 3360 ἀνάπλασιν
3018 3305 3115 3357 καὶ
3145 3305 3416 3376 σφραγῖδα
3444 3305 3576 3358 αὐτὸ
3609 3306 3808 3357 καλοῦ-

2233 3418 2357 3473 μεν,
2385 3399 2466 3453 ἔτι
2511 3398 2568 3452 δὲ
2605 3399 2890 3473 βάπτισμα
2922 3397 3012 3449 καὶ
3047 3394 3250 3465 ἔνδυμα
3285 3397 3376 3449 καὶ
3425 3397 3658 3466 χρίσμα,
3707 3396 3803 3447 καὶ

2230 3472 2479 3562 χάρισμα
2510 3487 2607 3542 καὶ
2636 3472 2895 3557 φώτισμα
2925 3485 3020 3539 καὶ
3044 3485 3268 3557 λουτρόν
3289 3501 3302 3515 ο
3326 3484 3361 3538 ά
3394 3484 3457 3557 δὴ
3485 3486 3658 3539 πάντα
3713 3488 3803 3538 τὶν

2229 3583 2327 3636 ἕνα
2356 3581 2546 3635 τοῦτον
2575 3579 2799 3633 δύναται
2828 3578 3009 3644 λόγον,
3048 3580 3163 3640 τοῖς
3200 3578 3339 3631 κατά
3373 3578 3507 3631 Θεὸν
3534 3578 3653 3632 οὖσι
3707 3580 3806 3631 καὶ

2232 3675 2397 3740 ζῶσιν
2414 3672 2588 3744 ἀρχὴν
2617 3667 2755 3725 εἶναι
2780 3670 2876 3725 τοῦ
2899 3667 3043 3725 εἶναι
3072 3672 3170 3740 τὴν
3200 3671 3444 3743 τελετήν.
3487 3673 3549 3725 Ἦ
3589 3673 3689 3742 μὲν
3712 3674 3806 3724 οὖν

2229 3768 2484 3837 γέννησις
2513 3764 2771 3826 ἐπιεικῶς
2805 3762 2957 3817 οὐδὲν
2990 3762 3121 3816 ἄλλο
3151 3764 3182 3833 ἢ
3220 3763 3380 3817 τοῦτο
3412 3764 3560 3817 δοκεῖ
3594 3768 3805 3834 σημαί-

2231 3866 2391 3911 νειν·¹
2430 3856 2532 3929 gat
2580 3856 2614 3926 ἡ
2663 3854 3024 3925 ἀναγέννησις
3082 3855 3175 3907 καὶ
3223 3857 3257 3925 ἡ
3288 3855 3596 3920 ἀνάπλασις
3625 3858 3809 3909 ἐκεῖνο

2232 3948 2703 4019 προσσηααίνουσι
2740 3948 2921 4016 μόνον,
2949 3947 3076 4010 τοὺς
3105 3947 3482 4017 γεννωμένους
3512 3949 3608 4002 καὶ
3629 3949 3808 4001 πλατ-

2229 4042 2492 4111 τομένους
2525 4022 2627 4093 καί
2673 4038 2864 4093 ἄλλοτε
2910 4036 3243 4109 γεννηθῆναι
3294 4042 3388 4093 καὶ
3427 4041 3806 4104 ἀπολέσαντας

2229 4132 2329 4203 τὴν
2378 4132 2594 4203 μορφὴν
2650 4130 2747 4185 νῦν
2777 4132 3010 4200 δευτέρᾳ
3059 4132 3311 4201 γεννήσει
3340 4132 3475 4202 πρὸς
3498 4133 3561 4184 τὸ
3586 4131 3807 4201 πρῶτον

2231 4221 2369 4287 εἶδος
2401 4221 2560 4285 αὖθις
2593 4221 2898 4284 ἐπανιέναι.
2932 4221 3185 4294 καθάπερ
3224 4222 3544 4296 ἀνδριάντος
3578 4223 3712 4294 ὓλην
3742 4225 3808 4278 τὸ

2227 4312 2370 4379 εἶδος
2399 4315 2809 4378 ἀπολωλεκότος
2858 4316 3143 4380 ἀποδιδοὺς
3174 4319 3209 4370 δ’
3229 4319 3481 4387 τεχνίτης
3527 4321 3808 4392 ἀναγεννᾷ

2230 4408 2329 4477 τὴν
2363 4406 2548 4460 εἰκόνα
2571 4407 2664 4461 καὶ
2695 4406 3048 4471 ἀναπλάττει,
3080 4410 3203 4462 ἐπεὶ
3237 4410 3330 4462 καλ⁸
3358 4410 3509 4478 αὐτὸ,
3541 4411 3569 4463 ὅ
3592 4411 3805 4464 τίποτέ

564 4508 671 4564 que
699 4492 1019 4546 revertisse:
1049 4492 1506 4558 quemadmodum
1557 4508 1678 4545 cum
1740 4494 1980 4571 materiae
2010 4505 2124 4549 sta-

2233 4498 2380 4550 ἔστιν
2411 4499 2467 4550 ὲν
2498 4498 2628 4565 ἡμῖν
2659 4495 2721 4549 τὺ
2754 4496 2845 4549 τοῦ
2883 4497 3264 4567 βαπτίσματος
3295 4499 3479 4569 ἔργον,
3511 4495 3654 4562 εἶδός
3682 4502 3806 4554 ὲσῖι

564 4594 669 4638 true
698 4579 935 4649 alicujus
987 4578 1219 4632 formam
1256 4579 1515 4634 amissam
1549 4580 1847 4635 statuarius
1894 4587 2127 4652 reponit,

561 4674 855 4744 imaginem
888 4677 1174 4740 regenerat
1202 4679 1256 4724 et
1314 4668 1608 4725 reformat:
1643 4654 1909 4743 siquidem
1944 4685 1996 4729 et
2027 4676 2128 4731 hoc

564 4771 767 4837 ipsum,
799 4766 1165 4836 quodcunque
1210 4764 1425 4818 tandem
1459 4766 1514 4820 in
1548 4750 1817 4825 nobisest
1840 4769 2131 4839 baptisma-

563 4865 631 4915 tis
665 4875 828 4929 opus,
863 4858 1076 4928 species
1108 4855 1356 4927 quaedam
1385 4866 1437 4911 et
1463 4856 1641 4913 forma
1667 4862 1753 4914 est
1780 4878 1796 4921 ;
1836 4858 2125 4929 imaginem

563 4954 705 5006 enim
774 4952 1067 5021 quamdam
1124 4950 1177 5004 in
1230 4949 1522 5005 animabus
1568 4952 1770 5005 nostris
1805 4951 2040 5022 depingit
2075 4966 2129 5008 et

562 5045 839 5113 insculpit,
890 5041 1232 5112 formamque
1294 5041 1509 5107 inserit,
1556 5042 1719 5097 morti
1770 5053 1824 5096 et
1886 5057 2129 5099 resilire-

563 5133 729 5187 tztioni
768 5132 1071 5187 Salvatoris
1112 5130 1429 5187 conformes
1454 5132 1718 5187 efficiens.
1751 5133 1890 5188 Hine
1931 5152 1949 5186 ι
1975 5134 2128 5204 sigil-

564 5224 699 5287 lum,
740 5241 758 5274 ι
792 5224 907 5277 sive
943 5242 961 5275 ι
997 5223 1334 5293 signaculum
1369 5242 1389 5275 ι
1418 5238 1635 5294 quoque
1658 5225 1879 5289 dicitur,
1910 5227 2127 5295 quando

565 5330 667 5369 nos
730 5311 797 5366 ad
842 5313 1044 5383 regiam
1095 5313 1320 5384 effigiem
1356 5323 1408 5369 et
1442 5316 1508 5369 ad
1559 5316 1770 5371 beatam
1821 5317 1964 5370 illuni
2007 5334 2127 5387 spe-

562 5408 698 5460 ciem
748 5402 920 5472 fingit.
971 5401 1193 5470 Species
1246 5413 1427 5459 autem
1482 5407 1763 5462 materiam
1819 5408 2123 5477 complexa,

564 5497 850 5551 informem
926 5493 994 5547 de
1043 5503 1239 5549 caetero
1283 5512 1401 5552 esse
1451 5513 1557 5553 non
1618 5501 1843 5569 patitur.
1899 5500 2127 5570 Insuper

567 5609 585 5640 ι
630 5586 968 5653 indumenti,
1011 5604 1028 5637 ι
1070 5594 1124 5638 et
1160 5604 1177 5637 ι
1227 5586 1598 5656 baptismatis,
1638 5610 1656 5642 ι
1698 5608 1793 5647 seu
1848 5612 1865 5644 ι
1907 5593 2126 5647 immer~

561 5681 733 5735 sionis
773 5699 790 5729 ι
826 5679 1045 5734 nomine
1071 5677 1339 5732 allicimus
1373 5682 1474 5734 hoc
1506 5687 1860 5752 mysterium;
1895 5686 2125 5740 dicitur-

552 5782 666 5838 ‘quo
714 5771 807 5840 qui
857 5771 1106 5826 initiatus
1142 5781 1245 5838 est,
1298 5783 1353 5825 et
1389 5773 1635 5841 indutus,
1686 5789 1738 5831 et
1792 5777 2118 5847 bapiizatus,

2232 4590 2326 4643 καὶ
2359 4588 2563 4660 μορφή.
2594 4588 2704 4642 Καὶ
2734 4591 2843 4658 γάρ
2881 4606 3003 4643 τινα
3036 4590 3225 4643 εἰκόνα
3255 4590 3523 4660 ἐγγράφει
3549 4592 3643 4644 καὶ
3671 4611 3807 4662 μορ-

2233 4682 2339 4753 φὴν
2391 4681 2630 4751 ἐντίθησι
2693 4681 2814 4743 ταῖς
2848 4680 3052 4751 ψυχαῖς
3107 4683 3466 4753 συμμόρφους
3500 4683 3805 4752 ἀπὸφαινον

2229 4770 2325 4824 τοῦ
2355 4770 2590 4826 θανάτου
2614 4772 2709 4823 καὶ
2734 4772 2832 4839 τῆς
2862 4772 3212 4836 ἀναστάσεως
3232 4773 3326 4826 τοῦ
3351 4774 3623 4846 Σωτῆρος,
3658 4776 3763 4828 ὐπὲ
3772 4796 3806 4847 ρ

2228 4857 2291 4918 οὗ
2318 4864 2412 4918 καὶ
2444 4863 2680 4933 σφραγὶς
2708 4862 2955 4916 καλεῖται
2979 4864 3113 4934 πρὸς
3134 4863 3233 4937 τὴν
3259 4865 3531 4936 βασίλειον
3564 4866 3806 4922 πλάττον

2230 4954 2415 5007 εἰκόνα
2450 4956 2543 5006 καὶ
2572 4954 2631 5005 τὸ
2685 4954 2956 5025 μακάριον
3006 4952 3164 5020 εἶδος.
3201 4958 3322 5012 Ὀτι
3359 4958 3501 5012 δὲτὸ
3529 4954 3673 5021 εἶδος
3704 4964 3807 5031 τὴν

2231 5044 2364 5115 ὓλην
2385 5044 2706 5116 περιϐάλλει
2735 5048 2827 5100 καὶ
2856 5049 3108 5114 ἀφανίζει
3133 5049 3231 5122 τὴν
3264 5051 3568 5121 ἀμορφίαν,
3599 5056 3691 5105 καὶ
3717 5051 3807 5105 ἐν·

2228 5138 2375 5207 δυμα
2427 5135 2703 5206 καλοῦμεν
2762 5136 2857 5191 καὶ
2891 5137 3177 5211 βάπτισμα
3233 5141 3293 5194 τὸ
3327 5145 3654 5213 μυστήριον.
3687 5145 3808 5198 Καὶ

2227 5229 2388 5282 τοῦτο
2419 5228 2592 5298 δηλῶν
2626 5231 2652 5282 ὁ
2678 5229 2911 5296 Παῦλος,
2947 5234 3008 5285 τὸ
3035 5233 3238 5302 ἔνδυμα
3266 5234 3361 5288 καὶ
3393 5233 3491 5306 τὴν
3522 5235 3805 5304 σφραγῖδα

2230 5321 2364 5391 πρὸς
2384 5321 2542 5375 τοῦτο
2572 5325 2782 5389 φέρειν,
2814 5324 2908 5377 νῦν
2940 5324 3043 5394 μὲν
3071 5326 3418 5394 ἐγγραφῆναι
3445 5328 3539 5381 καὶ
3575 5344 3808 5397 μορφω-

2229 5412 2387 5482 θῆναί
2444 5429 2576 5482 φησι
2612 5416 2701 5466 τὸν
2735 5415 3097 5484 Χριστδν,νῦν
3156 5417 3213 5469 δὲ
3264 5418 3623 5488 περιτεθῆναι
3668 5421 3813 5491 Χρι-

2230 5507 2465 5567 στιανοῖς
2492 5505 2746 5577 καθάπερ
2779 5510 2992 5576 ἱμάτιον
3018 5523 3033 5536 ⁸
3065 5508 3377 5564 ἐνδεδύσθαι
3395 5511 3613 5579 λέγεται
3646 5512 3677 5563 ὁ
3701 5530 3810 5581 με·

2232 5598 2507 5666 μυημένος
2559 5601 2651 5651 καὶ
2686 5599 3074 5666 βεϐαπτίσθαι,
3132 5602 3190 5654 τὸ
3220 5603 3318 5671 μὲν
3351 5602 3617 5661 Γαλάταις
3655 5604 3809 5675 γρά-

2227 5703 2364 5755 φων,
2403 5706 2420 5739 ι
2458 5689 2659 5742 Τεκνία
2695 5709 2815 5760 μου,
2846 5692 2935 5754 οὒς
2968 5695 3132 5747 πάλιν
3167 5694 3360 5755 ὠδίνω,
3393 5696 3550 5764 ἄχρις
3574 5687 3635 5747 οὗ
3664 5714 3812 5767 μορ-

2229 5779 2379 5851 φωθῇ
2415 5781 2647 5850 Χριστὸς
2710 5785 2766 5835 ἐν
2826 5785 2971 5854 ὑμῖν,
3018 5803 3036 5836 ι
3095 5787 3211 5849 καὶ,
3259 5804 3277 5838 ι
3324 5788 3527 5856 Ἰησοῦς
3559 5789 3810 5856 Χριστὸς
