4132 6308
518 316 628 379 ξεῖ

1770 311 2075 371 NICOMI
2125 311 2508 397 causam:
2586 394 2593 399 _
2660 386 2669 397 ι

3660 311 3770 376 538

518 434 733 490 felicem
778 433 1105 501 cogitamus,
1139 444 1299 500 quam
1354 429 1569 483 animus
1621 427 1894 481 humanus
1941 441 2082 480 com-

2202 427 2294 479 καὶ
2353 428 2448 494 τῆς
2484 428 2784 499 ἐπιθυμίας
2845 426 2941 499 τῆς
2990 426 3290 498 ἡμετέρας.
3347 427 3768 499 Χρίσμαδὲότι

514 526 679 596 plecti
705 534 888 596 queat.
916 524 1073 592 Atqui
1105 522 1246 576 istud
1279 519 1604 575 omnimodis
1635 518 1776 571 aliud
1806 526 1908 582 est,
1943 517 2091 585 iuge-

521 618 720 685 uioque
770 631 830 670 ac
883 614 1156 670 desiderio
1200 622 1388 667 nostro
1434 611 1705 679 superius.
1760 628 1777 660 ι
1827 608 2021 663 Unctio
2064 627 2080 658 ι

520 718 700 763 autem
732 710 845 764 sive
883 726 901 760 (
939 709 1175 764 chrisma
1217 725 1234 756 ι
1275 703 1605 775 appellatur,
1643 702 1771 772 quia
1808 700 2085 756 Christum

522 811 745 871 propter
789 816 888 855 nos
919 813 1141 854 unctum
1193 797 1423 852 initiatis
1453 794 1722 859 inscribit,
1754 803 1809 849 et
1846 793 2086 863 sigillum

520 901 630 957 est,
673 892 849 961 ipsum
899 890 1236 946 Salvatorem
1282 886 1625 956 imprimens.
1688 883 1890 939 Unctio
1939 883 2085 937 enim

522 984 740 1053 ubique,
791 997 887 1052 per
937 990 1105 1036 totam
1153 979 1384 1035 formam
1430 976 1675 1046 corporis
1736 974 2087 1044 suscipientis

522 1073 761 1144 perfecte
791 1080 1081 1142 penetrans
1108 1110 1122 1133 ,
1162 1078 1216 1123 et
1264 1068 1393 1123 illud
1426 1070 1696 1135 adaptans
1719 1109 1733 1134 ,
1766 1066 1944 1136 ipsum
1980 1081 2085 1118 un-

522 1175 669 1222 ctum
705 1181 767 1220 ex
798 1166 915 1234 ipso
942 1176 1264 1233 expressum
1297 1170 1352 1216 et
1395 1166 1672 1232 signatum
1708 1158 1861 1222 facit,
1892 1165 1946 1211 et
1975 1155 2087 1210 for-

470 1288 475 1293 ~
520 1274 664 1313 mam
709 1256 964 1319 ostendit,
1006 1264 1053 1309 et
1100 1256 1337 1325 sigillum
1399 1263 1484 1308 est
1533 1267 1744 1308 revera.
1788 1251 2085 1308 Docuimus

518 1363 683 1417 porro
733 1347 970 1416 sigillum
1022 1346 1161 1400 idem
1208 1344 1351 1413 quod
1419 1343 1821 1414 generationem
1886 1357 2083 1414 posse,

516 1439 660 1492 sicut
690 1438 831 1492 idem
866 1437 1007 1507 quod
1048 1436 1324 1506 sigillum,
1358 1434 1735 1490 indumentum
1776 1442 1831 1491 et
1860 1433 2085 1488 immer-

520 1531 621 1587 sio.
667 1530 769 1584 Sed
808 1527 1065 1597 quoniam
1104 1528 1329 1591 donum,
1370 1536 1424 1580 et
1454 1526 1801 1592 illuminatio,
1833 1532 1888 1579 et
1935 1527 2086 1580 lava-

519 1636 671 1675 crum
706 1620 895 1674 eodem
938 1633 1048 1687 quo
1078 1617 1334 1671 formatio
1368 1617 1757 1688 generatioque
1789 1616 2082 1686 pertinent,

519 1711 713 1781 patuit,
768 1723 986 1764 onmem
1033 1708 1379 1778 baptismatis
1435 1707 1854 1777 appellationem
1915 1724 2082 1762 unum

2195 518 2286 569 τὶν
2311 516 2377 569 δι’
2400 520 2546 588 ἡμᾶς
2567 518 2877 588 χρισθέντα,
2915 518 3006 572 τὸν
3054 519 3314 590 Χριστὸν,
3347 520 3620 590 ἐγγράφει
3648 526 3766 584 τοῖς

2194 608 2561 675 τελουμένοις,
2592 610 2685 663 καί
2718 610 2955 679 σφραγίς
2974 612 3122 663 ἐστιν
3158 610 3323 664 αὐτὸν
3354 612 3769 681 ένσημαίνουσα

2197 701 2289 753 τὸν
2316 702 2563 773 Σωτῆρα.
2619 703 2694 755 Τὸ
2721 706 2829 772 γὰρ
2889 704 3100 773 χρίσμα
3155 702 3426 773 πανταχοῦ
3460 705 3548 759 διά
3582 706 3767 775 πάσης

2195 792 2439 861 ἀκριϐῶς
2482 793 2585 863 τῆς
2634 797 2850 866 μορφῆς
2903 795 3210 868 ἀφιγμένον
3238 795 3333 849 τοῦ
3386 794 3765 867 σώματοςτοῦ

2193 882 2488 954 δεξαμένου
2518 886 2612 938 καὶ
2635 888 3030 958 προσαρμόσαν
3054 887 3215 943 αὑτὸν
3238 889 3295 941 ἐν
3318 888 3468 958 αύτῷ
3498 889 3650 957 φέρει
3671 890 3767 944 τδιν

2186 976 2564 1047 ¹ἀληλιμμένον
2614 978 3046 1049 ὲνσημανθέντα,
3097 979 3196 1033 καὶ
3240 978 3303 1033 τὸ
3349 975 3491 1043 εἶδος
3519 979 3767 1033 δείκνυσι

2193 1071 2286 1122 καὶ
2317 1072 2552 1140 σφραγίς
2584 1075 2733 1126 ἐστιν
2754 1075 3018 1144 ἀτεχνῶς.
3048 1074 3331 1130 Δέδεικται
3372 1076 3432 1129 δὲ
3467 1076 3581 1138 τοῖς
3609 1075 3765 1143 είρηο

2195 1163 2401 1232 μένοις,
2433 1166 2499 1233 τῇ
2545 1167 2795 1236 γεννήσει
2842 1168 3008 1221 ταύτὸ
3050 1167 3309 1222 δύνασθαι
3335 1168 3435 1237 τὴν
3467 1170 3762 1239 σφραγῖδα,

2192 1253 2442 1323 καθάπερ
2472 1257 2566 1310 καὶ
2602 1259 2668 1327 τῇ
2723 1258 2978 1327 σφραγῖδι
3010 1259 3069 1312 τὸ
3108 1259 3313 1330 ἔνδυμα
3345 1260 3441 1314 καὶ
3469 1260 3531 1313 τὸ
3560 1260 3761 1330 βάπτι-

2195 1360 2327 1413 σμα.
2370 1345 2522 1398 Ἐπεὶ
2552 1345 2609 1399 δὲ
2634 1348 2727 1399 καὶ
2755 1350 2815 1401 τὸ
2849 1348 3096 1419 χάρισμα
3143 1350 3237 1403 καὶ
3268 1351 3330 1402 τὸ
3365 1350 3624 1420 φώτισμα
3665 1353 3763 1404 καὶ

2191 1434 2252 1487 τὸ
2279 1435 2504 1505 λοῦτρον
2528 1438 2595 1506 τῇ
2616 1436 2814 1491 πλάσει
2836 1438 2930 1491 καὶ
2955 1439 3211 1508 γεννήσει
3236 1438 3374 1510 πρὸς
3395 1438 3560 1493 ταύτὸ
3577 1442 3758 1510 φέρει,

2191 1525 2351 1595 δῆλον
2386 1527 2623 1593 ἐγένετο,
2673 1530 2854 1582 πᾶσαν
2879 1529 2971 1582 τοῦ
3027 1529 3405 1602 βαπτίσματος
3435 1534 3760 1602 ἐπωνυμίαν

2184 1616 2251 1669 εδ
2276 1618 2335 1671 ἒν
2359 1620 2534 1672 έκεῖνο
2571 1619 2882 1691 σημαίνειν,
2904 1621 2977 1685 ὡς
3011 1622 3121 1691 ἄρα
3158 1624 3412 1694 γέννησις
3443 1623 3537 1678 καὶ
3564 1624 3662 1695 τῆς
3699 1628 3758 1679 ἐν

2194 1707 2414 1779 Χριστῷ
2441 1711 2587 1781 ζωῆς
2616 1714 2747 1782 ἡμῖν
2781 1713 2928 1766 ἐστιν
2956 1714 3100 1784 ἀρχὴ
3132 1716 3192 1766 τὸ
3225 1715 3470 1786 λουτρόν.
3503 1717 3562 1771 El
3584 1717 3641 1771 δὲ
3667 1721 3760 1772 καὶ

518 1779 650 1854 illud
696 1799 1037 1867 significare,
1085 1812 1281 1866 nempe
1310 1797 1416 1852 hoc
1462 1797 1734 1851 lavacrum
1782 1798 2082 1867 generatio-

2187 1797 2255 1851 τὰ
2299 1779 2596 1869 τελούμενα
2636 1779 2744 1856 ’καὶ
2775 1779 3062 1874 λεγόμενα
3088 1779 3189 1858 τοῦ
3226 1779 3533 1879 μυστηρίου
3565 1809 3759 1862 τοῦτον

520 1905 643 1943 nem
702 1897 756 1944 et
805 1888 929 1941 vitae
989 1887 1041 1941 in
1088 1886 1308 1940 Christo
1359 1885 1688 1955 principium
1737 1884 1896 1940 nobis
1944 1900 2083 1961 esse.

518 1980 711 2038 Utrum
735 1989 913 2036 autem
941 1978 1303 2042 caeremoniae,
1324 1986 1378 2030 et
1404 1992 1522 2046 qua:
1555 1976 1856 2031 recitantur
1903 1977 1955 2030 in
1987 1978 2089 2031 hoc

518 2071 798 2143 mysterio,
820 2069 962 2124 hanc
980 2070 1086 2123 vim
1119 2067 1372 2129 habeant,
1405 2066 1631 2120 clarehit
1659 2066 1748 2130 iis,
1776 2065 1868 2133 qui
1902 2065 2087 2120 initia-

519 2165 721 2219 tioncm
757 2162 916 2216 istam
946 2159 1315 2230 particulatim
1351 2158 1730 2229 expendcrint.

588 2255 843 2315 Cernitur
876 2254 1021 2308 enim
1062 2252 1155 2323 qui
1187 2250 1254 2305 ad
1284 2254 1601 2322 mysterium
1635 2249 1741 2304 hoc
1774 2249 2086 2319 percipien-

516 2350 642 2403 dum
685 2347 918 2413 accedit,
953 2354 1243 2414 antequam
1276 2343 1541 2404 initietur,
1578 2343 1814 2396 nondum
1863 2341 1970 2395 Deo
2005 2355 2089 2393 re-

518 2440 868 2502 conciliatus,
907 2436 1148 2492 nondum
1185 2450 1215 2489 a
1260 2435 1427 2488 veteri
1461 2433 1725 2488 dedecore
1761 2446 1823 2486 ac
1854 2431 2088 2499 turpitu-

516 2531 643 2586 dine
675 2529 957 2585 immunis.
985 2527 1248 2585 Precatur
1268 2528 1471 2597 quippe
1498 2523 1740 2577 initiator
1770 2534 1895 2577 alite
1920 2522 2082 2576 aliam

514 2623 922 2685 cmremoniam,
976 2629 1038 2673 ut
1094 2634 1124 2673 a
1173 2633 1283 2687 quo
1332 2625 1630 2685 occupatus
1673 2625 1758 2671 est
1809 2616 2083 2678 dzemone,

518 2715 800 2769 liberetur.
838 2711 950 2764 Nec
976 2708 1151 2765 solum
1190 2707 1488 2777 alloquitur
1519 2707 1689 2761 Deum
1725 2722 1825 2776 pro
1866 2722 1952 2769 eo,
1988 2710 2081 2762 sed

516 2822 570 2866 ct
595 2810 775 2881 ipsum
808 2806 1258 2862 catechumcnum
1284 2802 1561 2867 adoriens,
1585 2811 1873 2874 tyrannum
1907 2804 2086 2857 inere-

528 2912 642 2972 pat,
672 2910 726 2955 et
759 2899 972 2967 flagello
1010 2898 1331 2952 insectatur.
1367 2892 1661 2962 Flagellum
1697 2904 1780 2949 cst
1834 2912 1852 2945 ι
1885 2908 2081 2948 nomen

519 2994 651 3047 iiiud
683 3008 848 3062 super
878 3005 1040 3045 omne
1076 3003 1272 3043 nomen
1300 2987 1367 3040 ".
1409 3004 1428 3037 ι
1461 2985 1806 3055 Tantumque
1842 2985 1992 3040 abest
2025 2994 2084 3040 ut

520 3087 682 3145 vivat,
710 3095 764 3138 et
802 3083 946 3138 filius
972 3094 1133 3150 atque
1158 3080 1329 3133 haeres
1357 3079 1447 3143 sit,
1473 3086 1532 3132 ut
1563 3077 1740 3132 adhuc
1775 3079 1827 3131 in
1865 3078 2078 3148 tyranni

520 3174 787 3243 n-ancipio
816 3179 1083 3228 versetur.
1119 3167 1252 3222 Nam
1286 3170 1377 3237 qui
1421 3182 1545 3221 cum
1577 3167 1813 3237 maligno
1842 3168 2078 3222 rationes

518 3265 699 3326 habet,
721 3263 765 3317 is
806 3278 833 3315 a
873 3260 981 3316 Deo
1012 3261 1225 3330 penitus
1252 3259 1476 3314 recedit.
1510 3257 1622 3313 Hoc
1658 3273 1786 3313 vero
1815 3269 1899 3313 est
1921 3273 2077 3328 pror-

515 3372 614 3409 sus
646 3364 919 3407 mortuum
954 3367 1098 3408 esse.
1140 3350 1319 3415 Quare
1362 3352 1527 3406 etiam
1578 3350 1743 3405 veluti
1782 3349 1847 3404 ad
1890 3348 2080 3404 exani-

517 3461 659 3499 mem
700 3442 878 3498 adhuc
909 3442 1181 3496 accedens
1215 3440 1477 3503 initiator,
1505 3440 1559 3493 in
1596 3438 1787 3493 faciem
1820 3438 1935 3507 ejus
1967 3439 2080 3493 suf-

515 3538 644 3591 "at:
689 3551 811 3605 qua:
843 3532 1133 3589 insumatio
1178 3532 1298 3585 vitae
1337 3532 1553 3586 cmlitus
1598 3530 1892 3586 inferenda:
1938 3542 2077 3586 tecta

516 3628 840 3695 significatio
866 3633 971 3678 est.
1002 3624 1133 3689 Quae
1163 3634 1486 3691 sequuntur,
1513 3621 1864 3687 respondent.
1883 3620 2078 3676 Omnia

517 3722 660 3771 enim
696 3718 996 3785 suntquasi
1033 3714 1196 3768 modo
1246 3723 1680 3782 procreatarum,
1711 3722 1765 3767 et
1790 3715 2078 3782 praesentia

518 3823 747 3875 (piaeque
780 3809 832 3860 in
867 3805 1121 3858 manibus
1156 3815 1285 3858 sunt
1317 3804 1750 3873 dcspicientium,
1771 3812 1824 3859 et
1851 3804 1917 3859 ad
1949 3821 2082 3859 nio-

517 3902 772 3951 dri-amen
822 3895 969 3950 aliud
1018 3890 1425 3950 translatorum.
1466 3893 1699 3962 Urgetur
1728 3896 1871 3950 enim
1918 3911 1949 3949 e
1976 3895 2080 3950 du-

516 3993 639 4061 piici
691 3991 894 4045 mundo
937 3990 1081 4044 hunc
1136 3998 1519 4055 contemnere,
1570 3989 1717 4042 illum
1768 3989 2076 4055 honorare;

514 4097 567 4137 ct
600 4086 720 4138 vita:
783 4084 905 4138 huic
944 4082 1160 4153 quidem
1208 4082 1530 4141 valedicere,
1566 4080 1709 4135 illam
1758 4081 1969 4145 vivere;
2021 4089 2078 4135 et

514 4174 633 4227 vita:
662 4180 850 4227 ducem
882 4175 1025 4228 hunc
1050 4174 1180 4227 Veiis
1206 4172 1477 4241 remisque
1501 4170 1705 4242 fugere,
1732 4172 1881 4225 illum
1912 4187 2075 4241 quam

513 4266 923 4319 studiosissime
946 4267 1123 4335 sequi.
1158 4266 1323 4334 igitur
1360 4266 1489 4333 quia
1521 4263 1805 4331 praesentia
1837 4262 2077 4329 deponit,

514 4358 650 4410 satis
679 4356 909 4418 indicat,
943 4371 1172 4424 quorum
1201 4364 1374 4410 semet
1402 4355 1641 4411 nondum
1678 4354 1855 4407 adhuc
1889 4367 2081 4407 recon-

2186 1888 2411 1945 δύναται
2443 1893 2534 1947 τὸν
2570 1893 2745 1963 λόγον,
2783 1898 3021 1967 φανερὸν
3060 1898 3127 1953 ὃν
3159 1901 3245 1969 εἰη
3284 1901 3427 1955 κατὰ
3463 1902 3630 1972 μέρος
3658 1909 3758 1972 τξν

2185 1981 2412 2048 τελετὴν
2438 1984 2674 2040 ἐπιοῦσι.

2259 2252 2661 2336 Φαίνεταιογάρ
2694 2258 2723 2308 ὁ
2755 2256 2997 2326 προσιὼν
3018 2258 3095 2331 τῷ
3124 2261 3411 2332 μυστηρίῳ
3443 2264 3576 2335 πρὶν
3603 2267 3751 2320 τελεο

2189 2345 2384 2414 σθῆναι
2442 2348 2613 2416 μήπω
2644 2348 2763 2418 Θεῷ
2813 2350 3284 2421 κατηλλαγμένος,
3323 2355 3493 2425 μήπω
3518 2357 3621 2427 τῆς
3656 2361 3754 2429 ἀρα

2186 2438 2343 2506 χαίας
2368 2438 2631 2509 αἰσχύνης
2676 2440 3137 2511 ἀπηλλαγμένος·
3187 2445 3407 2515 εὔχεται
3454 2448 3561 2519 γὰρ
3602 2451 3753 2520 αὐτῷ

2185 2532 2488 2598 προσιόντι,
2522 2535 2653 2600 πρὶν
2682 2531 2811 2585 ἄλλο
2830 2550 2882 2585 τι
2919 2534 3138 2605 τελέσῃ,
3175 2534 3271 2607 τὴν
3301 2536 3394 2590 τοῦ
3426 2541 3753 2609 κατέχοντος

2183 2619 2437 2689 δαίμονος
2490 2621 2814 2691 ἀπαλλαγὴν
2867 2624 2895 2676 ὁ
2929 2625 3134 2690 τελῶν,’
3172 2630 3265 2680 καὶ
3290 2630 3351 2681 ού
3381 2628 3454 2698 τῷ
3473 2628 3589 2700 Θεῷ
3620 2633 3751 2702 περὶ

2185 2710 2350 2764 αὐτοῦ
2384 2713 2693 2781 διαλέγεται
2732 2715 2914 2785 μόνον,
2963 2717 3100 2770 ἀλλὰ
3140 2720 3237 2772 καὶ
3267 2720 3418 2792 αύτῷ
3472 2722 3750 2776 ἐπιπεσὼν

2182 2804 2411 2875 ἐπιτιμᾷ
2441 2804 2518 2874 τῷ
2546 2806 2798 2877 τυράννῳ
2847 2810 2942 2863 καὶ
2989 2808 3202 2863 ἐλαύνει
3256 2812 3555 2881 μαστίζων.
3589 2813 3656 2867 Ἦ
3696 2814 3750 2868 δὲ

2187 2895 2385 2964 μάστιξ
2419 2897 2567 2967 αὐτῷ
2596 2917 2614 2948 ι
2645 2899 2705 2950 τὸ
2727 2899 2902 2970 ὄνομά
2935 2901 3053 2953 ἐστι
3090 2901 3152 2955 τὸ
3181 2903 3320 2974 ὑπὲρ
3359 2906 3469 2958 πᾶν
3499 2904 3688 2975 ὄνομα.
3728 2925 3746 2957 ι

2184 2988 2451 3042 Τοσοῦτον
2476 2990 2669 3060 ἀπέχει
2709 2990 2823 3054 ζῶν
2844 2985 2984 3044 εῖναι
3010 2994 3104 3046 καὶ
3139 2994 3251 3058 υἱὸς
3280 2995 3373 3048 καὶ
3398 2995 3747 3067 κληρονόμος,

2182 3082 2240 3144 ὃς
2279 3099 2340 3150 γε
2371 3081 2452 3134 ἔτι
2489 3081 2565 3151 τῷ
2593 3083 2842 3154 τυράννῳ
2870 3083 3114 3138 δουλεύει
3135 3102 3149 3118 ·
3197 3085 3488 3157 συμϐαίνει
3545 3088 3655 3157 γὰρ
3676 3088 3752 3157 τῷ

2136 3157 2149 3176 ¹
2183 3169 2405 3239 πονηρῷ
2463 3171 2690 3224 συνόντα
2745 3171 2881 3225 Θεοῦ
2914 3173 3199 3236 παντελῶς
3232 3176 3560 3242 ἀφεστάναι,
3610 3177 3670 3230 τὸ
3697 3176 3752 3231 δέ

2179 3262 2297 3315 ἐστι
2340 3261 2660 3315 παντάπασι
2704 3264 2902 3333 νεκρὸν
2954 3259 3117 3319 εῖναι.
3150 3264 3251 3317 Διὰ
3273 3268 3430 3320 τοῦτο
3462 3267 3557 3338 καὶ
3579 3266 3654 3330 ὡς
3688 3267 3751 3320 ἂν

2180 3351 2334 3406 οὔπω
2370 3352 2514 3423 ζωῆς
2546 3355 2937 3422 μετειληφότος
2966 3354 3279 3424 προσελθὼν
3310 3357 3338 3409 ὁ
3360 3356 3619 3427 τελεστὴς
3653 3359 3748 3423 ἑρ-

2180 3448 2329 3515 φυσᾷ
2362 3446 2439 3516 τῷ
2471 3446 2749 3516 προσώπῳ
2775 3461 2789 3477 °
2816 3446 2877 3499 τὸ
2908 3447 3017 3516 γὰρ
3041 3447 3349 3516 ἐμφύσημα
3379 3448 3587 3502 ἄνωθεν
3608 3448 3751 3517 ζωῆς

2179 3538 2427 3607 αίνιγμα.
2456 3538 2564 3591 Καὶ
2591 3538 2659 3590 τὰ
2689 3536 2816 3606 ἑξῆς
2841 3537 2897 3590 δὲ
2918 3538 3227 3602 ἀκολούθως
3250 3539 3366 3609 ἔχει
3389 3554 3403 3569 ⁸
3440 3540 3620 3593 πάντα
3645 3542 3749 3609 γὰρ

2178 3627 2288 3678 τῶν
2318 3627 2438 3693 ἄρτι
2468 3626 2910 3695 καθισταμένων,
2950 3628 3046 3680 καὶ
3076 3628 3183 3679 τῶν
3212 3629 3310 3697 μὲν
3342 3631 3633 3700 παρόντων
3656 3630 3747 3682 καὶ

2182 3719 2241 3769 έν
2265 3719 2451 3787 χερσὶν
2503 3718 2600 3770 ὕπε
2611 3718 2918 3788 ρορῶντων,
2943 3718 3030 3771 ἐπ’
3051 3718 3185 3773 ἄλλα
3202 3719 3259 3772 δὲ
3286 3720 3747 3791 μετατιθεμένων.

2194 3808 2505 3875 Ἐπείγεται
2539 3808 2647 3878 γὰρ
2682 3808 2904 3877 κόσμων
2933 3809 3025 3862 τοῦ
3056 3809 3155 3879 μὲν
3188 3813 3627 3883 καταφρονῆσαι,
3660 3814 3749 3865 τὶν

2179 3900 2235 3953 δὲ
2259 3901 2511 3969 τιμῆσαι,
2547 3902 2640 3954 καὶ
2670 3900 2785 3969 βίον
2812 3901 2902 3956 τὸν
2937 3903 3037 3970 μὲν
3071 3905 3495 3972 ἀπογεγονέναι,
3549 3907 3640 3958 τὸν
3693 3906 3749 3958 δὲ

2184 3992 2396 4062 βιῶναι,
2430 3994 2523 4046 καὶ
2560 3992 2703 4061 ζωῆς
2727 3996 3035 4062 ἡγούμενον
3067 3995 3158 4047 τὸν
3197 3995 3295 4063 μὲν
3316 3997 3379 4048 ἐκ
3404 3997 3607 4060 παντὸς
3630 3997 3751 4067 τρό-

2182 4095 2284 4131 πον
2316 4083 2563 4147 φευγεῑν.
2617 4080 2707 4133 τὶν
2738 4082 2793 4132 δὲ
2846 4084 2993 4152 πάσῃ
3032 4084 3237 4153 σπουδῇ
3269 4084 3506 4139 διώκειν.
3543 4088 3750 4140 Οὐκοῦν

2180 4169 2247 4222 δι’
2286 4164 2361 4225 ὧν
2409 4172 2509 4239 μὲν
2552 4172 2868 4224 ἀποτίθεται
2895 4172 2964 4223 τὰ
2997 4175 3257 4240 παρόντα,
3311 4174 3466 4244 δῆλός
3498 4178 3650 4230 ἐστιν
3672 4171 3752 4231 ὧν

2181 4261 2519 4328 κατεγνώκει
2551 4263 2626 4331 μή
2642 4280 2720 4315 πω
2744 4264 2836 4314 καὶ
2862 4263 2958 4315 νῦν
2992 4263 3419 4333 ἀπηλλαγμένος
3441 4281 3455 4296 ·
3492 4265 3565 4318 δι’
3597 4259 3670 4320 ὧν
3694 4267 3750 4320 δὲ

2181 4353 2250 4404 τὰ
2278 4351 2508 4415 δόξαντα
2533 4351 2741 4404 καλλίω
2770 4353 2866 4404 καὶ
2899 4351 2935 4407 ἃ
2979 4352 3260 4423 προῦθηκε
3304 4354 3412 4407 τῶν
3468 4358 3752 4429 παρόντων

514 4445 733 4498 ciliatus
769 4444 1115 4499 condemnet.
1165 4442 1302 4509 Quia
1349 4456 1532 4498 autem
1578 4445 1692 4499 visa
1738 4444 2073 4512 pulchriora,

2185 4443 2286 4495 ἅπδ
2334 4441 2429 4494 τοῦ
2487 4444 2793 4512 μυστηρίου
2824 4442 3014 4494 τούτου
3068 4442 3360 4514 λαμϐάνει,
3406 4444 3645 4499 δείκνυσι
3673 4446 3752 4516 τῷ

514 4547 567 4589 ct
618 4551 647 4587 a
698 4548 756 4588 se
815 4533 1171 4602 praesentibus
1234 4534 1561 4602 anteposita,
1587 4535 1654 4587 ab
1680 4533 1786 4587 hoc
1824 4535 2081 4604 mysterio

515 4626 733 4696 accipit,
788 4623 1049 4690 ostendit,
1111 4637 1171 4680 se
1224 4622 1370 4693 quod
1428 4624 1733 4693 baptizatus
1789 4625 1881 4688 sit,
1914 4626 2078 4680 vitam

515 4717 840 4773 laudabilem
888 4715 1147 4770 exordiri.
1174 4715 1457 4785 Templum
1506 4700 1707 4787 quippe
1763 4700 2079 4789 ingressus,

515 4822 720 4865 vestem
775 4807 1022 4878 deponit,
1074 4816 1129 4862 et
1179 4806 1548 4862 calceamenta
1597 4808 1796 4873 Solvit,
1831 4796 1980 4863 veSte
2027 4817 2083 4862 et

518 4900 740 4961 calceis,
770 4915 890 4969 quae
923 4900 987 4954 ad
1016 4898 1182 4953 vitam
1206 4905 1341 4978 sunt
1378 4898 1707 4978 necessaria,
1735 4900 1968 4965 priorem
1997 4900 2082 4952 vi-

520 4991 679 5045 Vettdi
707 4994 971 5046 rationem
1006 4994 1314 5050 insinuans.
1336 4974 1609 5045 Pi‘aaterea
1644 4992 1712 5045 ad
1745 4993 2081 5071 occidentem

520 5098 839 5146 conversus,
868 5083 1123 5152 spiritum
1160 5099 1256 5138 ore
1304 5083 1525 5146 emittit,
1568 5084 1690 5138 vitae
1745 5084 1796 5138 ia
1847 5085 2084 5140 tenebris

521 5182 660 5227 acta:
687 5172 970 5240 iudicium;
992 5186 1184 5231 manus
1207 5176 1467 5239 extendit,
1492 5184 1546 5229 ct
1569 5185 1823 5245 tanquam
1848 5191 2085 5246 praesen-

523 5274 628 5316 tcm
681 5261 896 5330 sibique
937 5262 1346 5319 incumbentem
1401 5265 1697 5332 malignum
1748 5266 1979 5335 repellit,
2032 5275 2087 5322 et

523 5370 623 5409 ceu
650 5354 924 5423 impurum
954 5354 1354 5425 scelestmuque
1384 5357 1755 5421 abominatur,
1783 5356 2086 5425 fcederique

525 5446 911 5530 inimicissimp
944 5454 996 5500 et
1032 5446 1234 5501 infideli
1266 5458 1320 5502 et
1350 5464 1527 5504 causa:
1581 5449 1764 5504 omnis
1808 5449 1960 5503 exitii
1999 5463 2086 5502 re-

526 5542 759 5605 nuntiat,
789 5538 1197 5605 amicitiamquc
1226 5542 1384 5609 longe
1415 5542 1819 5598 acerbissimam
1854 5541 2084 5608 tlissuit;

599 5721 643 5751 ⁵⁵
676 5701 902 5789 Philipp.
940 5736 1001 5784 tt,
1040 5718 1091 5775 9.

2185 4532 2545 4602 βαπτισθῆναι
2570 4532 2669 4603 τῆς
2697 4534 3092 4603 ἐπαινουμένης
3124 4534 3431 4604 ἀρχόμενος
3456 4535 3625 4606 ζωῆς.
3648 4537 3751 4590 Τὸν

2184 4625 2292 4696 γὰρ
2324 4626 2471 4694 ἱερὸν
2527 4623 2789 4677 εἰσελθὼν
2841 4618 2992 4677 οἶκον
3024 4624 3116 4678 τὸν
3168 4625 3371 4693 χιτῶνα
3399 4627 3750 4679 κατατίθετ.,ι

2183 4716 2280 4770 καὶ
2307 4717 2375 4769 τὰ
2402 4717 2572 4786 ύπτδή
2585 4733 2731 4786 ματα
2758 4714 3007 4778 ύπολύει,
3036 4716 3114 4785 τῷ
3140 4717 3341 4787 ίματίῳ
3375 4720 3465 4772 καὶ
3488 4721 3598 4780 τοῖς
3620 4719 3753 4771 ὐπο-

2185 4810 2446 4879 δὴμασιν,
2497 4808 2533 4863 ἃ.
2572 4807 2711 4877 πρὸς
2758 4807 2859 4877 τὴν
2894 4807 3039 4879 ζωὴν
3077 4807 3291 4879 βοηθεῖ,
3348 4814 3441 4864 τὸν
3487 4810 3748 4880 πρότερον

2185 4902 2559 4969 αἰνιττόμενος
2589 4898 2729 4968 βίον.
2758 4899 2879 4952 Ἔτι
2910 4898 2966 4951 δὲ
3006 4899 3143 4970 πρὸς
3186 4901 3398 4971 δυσμὰς
3429 4902 3753 4957 ἀποϐλέπων

2188 4993 2403 5062 πνεῦμα
2430 4991 2525 5044 τοῦ
2562 4990 2831 5060 στόματος
2861 4990 3120 5056 ἀποπνεῖ,
3154 4991 3256 5062 τῆς
3290 4995 3346 5045 έν
3398 4994 3582 5048 σκότει
3612 4992 3755 5063 ζωῆς

2189 5085 2436 5150 σημεῖον,
2463 5082 2650 5152 χεῖράς
2680 5097 2737 5134 τε
2764 5081 2994 5134 ἐκτείνει
3026 5082 3119 5135 καὶ
3152 5083 3227 5146 ὡς
3259 5085 3501 5154 παρόντα
3523 5088 3621 5138 καὶ
3641 5090 3756 5139 sm-

2188 5177 2438 5245 κείμενον
2489 5176 2580 5227 τὸν
2623 5172 2859 5244 πονηρὸν
2917 5174 3219 5228 ἀπωθεῖται
3281 5178 3373 5228 καὶ
3423 5177 3501 5237 ὡς
3560 5178 3755 5248 μιαρλῦ

2191 5269 2281 5319 καὶ
2309 5263 2567 5337 βδελυροῦ
2595 5263 2924 5327 καταπτύει,
2956 5266 3050 5316 καὶ
3080 5265 3180 5327 τὰς
3212 5262 3463 5334 ἐχθίστας
3502 5268 3599 5319 καὶ
3625 5266 3754 5317 ἀπὶο

2190 5374 2349 5418 στους
2380 5356 2475 5409 καὶ
2504 5353 2731 5423 ὀλέθρου
2764 5352 2964 5416 παντὸς
3016 5352 3208 5417 αίτίας
3254 5356 3494 5424 ἀρνεῖται
3526 5355 3761 5418 σπονδὰς

2188 5451 2281 5503 καὶ
2335 5449 2434 5518 τὴν
2479 5445 2662 5516 φιλίαν
2689 5444 2787 5514 τὴν
2822 5444 3025 5514 πικράν
3079 5445 3395 5499 παντάπασι
3426 5443 3642 5497 διαλύει
3667 5456 3762 5497 και

2189 5539 2285 5607 τὴν
2315 5522 2516 5608 ἔχθραν
2570 5536 2803 5590 ἐπαινεῖ.
2839 5535 2947 5589 Καὶ
2978 5535 3100 5589 ἐπεὶ
3137 5536 3299 5605 φύγοι
3321 5536 3379 5589 τὸ
3411 5536 3632 5601 σκότος,
3668 5538 3762 5589 ὲ..ὶ

4128 3158 4132 3425 1
