4132 6308
589 395 698 458 δη

1860 408 2166 467 NiCOLAl
2203 408 2290 463 Cit.
2315 405 2600 466 BASlL/E

3732 414 3834 476 532

589 521 720 566 tuus
770 512 891 567 oleo
929 515 1315 575 exsultationis
1358 534 1467 588 pra:
1498 520 1858 591 participibus
1892 522 2000 574 tuis
2025 519 2092 583 3‘,
2134 538 2152 570 ι

2263 518 2401 578 Θεός
2430 533 2525 570 σου
2549 516 2728 572 ἔλαιον
2761 519 3132 585 ἀγαλλιάσεως
3183 522 3334 592 παρᾶ
3397 524 3523 587 τοὺς
3572 527 3827 598 μετόχους

590 603 885 673 participes
918 621 1122 664 vocans
1170 623 1300 672 nos,
1336 625 1472 679 quos
1497 622 1719 681 propter
1756 611 2149 681 benignitatem

588 695 742 761 regni
771 697 951 754 socios
981 698 1129 753 facit.

665 786 957 857 [lucusque
1001 789 1162 859 igitur
1211 791 1450 845 nondum
1497 792 1756 848 vivimus.
1804 790 1970 864 Signa
2006 793 2152 849 enim

587 871 717 935 emt
748 881 862 934 haec
898 880 1184 946 initiando,
1220 891 1276 936 et
1304 883 1572 953 principia
1619 884 1891 955 qumdam,
1922 895 1977 939 et
2009 901 2150 956 prae-

589 958 896 1040 parationes
928 973 1067 1027 vitae.
1109 960 1398 1043 Postquam
1439 986 1625 1029 autem
1676 976 1834 1044 aquis
1864 987 2154 1046 coopertus

590 1072 671 1116 ter
722 1063 1022 1122 emerserit.
1076 1062 1344 1119 Trinitate
1393 1080 1557 1136 super
1591 1080 1659 1120 eo
1694 1068 1994 1134 nominata,
2024 1078 2156 1124 tunc

589 1163 760 1207 tntum
795 1155 940 1224 quod
990 1155 1407 1211 desiderabatur
1460 1158 1683 1228 accipit,
1737 1169 1793 1213 et
1839 1168 2154 1228 generatur,

587 1254 639 1294 ιιι
670 1241 936 1298 formatur
970 1248 1323 1315 generatione
1370 1255 1425 1302 et
1470 1247 1800 1305 formatione
1837 1250 1968 1316 diei,
2014 1251 2159 1311 sicut

588 1335 761 1404 inquit
789 1327 952 1391 Dai'id
980 1338 1048 1401 ",
1081 1339 1419 1408 suseipitque
1440 1341 1761 1409 praeclarum
1787 1343 2157 1413 signaculum,

588 1436 641 1476 rt
671 1429 822 1481 oumi
897 1444 1061 1497 quam
1110 1431 1391 1499 quzerebat
1436 1432 1694 1489 feliritate
1737 1435 1961 1502 potitur,
1992 1435 2161 1505 ﬁtque

587 1518 698 1581 lux,
759 1518 852 1587 qui
914 1535 1089 1588 nuper
1128 1533 1246 1575 erat
1300 1522 1556 1585 tenebrae,
1620 1535 1676 1579 et
1732 1526 2001 1589 subsistit,
2063 1524 2159 1596 qui

591 1608 728 1661 nihil
788 1618 929 1674 erat,
981 1619 1141 1679 atque
1189 1628 1220 1667 a
1263 1613 1371 1668 Deo
1421 1614 1473 1667 in
1512 1614 1834 1668 familiarem
1882 1623 1937 1670 ct
1989 1615 2159 1670 filium

592 1710 907 1770 ronptalur,
942 1717 985 1755 -a
1020 1718 1242 1759 carcere
1288 1715 1344 1758 ct
1395 1716 1634 1760 extrema
1665 1707 1927 1761 servitute
1971 1708 2040 1762 ad
2077 1723 2160 1763 re-

586 1795 733 1857 gium
770 1795 1026 1848 thronum
1076 1805 1387 1864 provectus.
1436 1795 1559 1850 Ilaec
1605 1797 1751 1851 enim
1803 1814 1947 1868 aqua
1997 1798 2159 1852 aliam

588 1885 806 1953 quidem
838 1886 1001 1941 vitam
1035 1888 1192 1953 tollit,
1229 1888 1388 1943 aliam
1437 1888 1629 1953 efficit,
1683 1901 1738 1945 et
1782 1901 2016 1945 veterem
2061 1891 2159 1944 bo-
2191 1852 2232 1908 Β

589 1977 787 2056 minem
853 1979 1150 2042 occidens,
1210 1994 1408 2034 novum
1473 1997 1767 2053 exsurgere
1832 1982 1980 2037 facit.
2046 1980 2158 2037 Hoc

590 2070 825 2126 maxime
886 2070 1242 2144 intelligunt,
1336 2073 1428 2142 qui
1484 2072 1663 2144 reipsa
1725 2074 1939 2144 experti
2007 2083 2157 2129 sunt.

592 2162 795 2218 Deinde
828 2173 884 2220 et
930 2180 1051 2234 quae
1096 2166 1150 2219 in
1206 2166 1325 2233 ipso
1375 2166 1636 2236 mysterio
1681 2175 2015 2233 cernuntur,
2054 2167 2159 2220 hoc

590 2258 724 2311 dant
760 2273 855 2326 per
895 2259 1080 2313 omnia
1132 2260 1426 2329 conjicere.
1467 2258 1603 2315 Nam
1630 2261 1774 2331 quod
1804 2278 1997 2331 aquam
2025 2265 2159 2318 sub-

590 2352 708 2402 iens
754 2358 924 2405 semet
971 2349 1226 2413 occultat,
1279 2350 1491 2405 videtur
1541 2350 1734 2421 fugere
1795 2353 1981 2418 vitam,
2039 2371 2159 2421 quae

592 2442 695 2495 hoc
719 2441 843 2496 εαξη
877 2441 1070 2508 spiritu
1119 2440 1308 2498 alitur.
1355 2440 1564 2511 Fugere
1615 2452 1797 2497 autem
1833 2445 2020 2508 vitam,
2053 2445 2159 2501 hoc

590 2540 676 2586 est
721 2531 917 2587 emori.
969 2531 1237 2591 Rursum.
1284 2534 1426 2601 quod
1478 2533 1725 2603 emergit,
1764 2542 1819 2588 et
1852 2535 1907 2588 in
1939 2551 2064 2590 aere
2096 2550 2161 2592 ae

592 2623 715 2679 luce
743 2623 1098 2693 conspicitur,
1141 2622 1306 2677 vitam
1331 2624 1633 2679 consectari
1661 2633 1715 2678 et
1749 2625 1980 2696 adipisci
2008 2628 2158 2684 vitle-

596 2727 707 2769 tur.
740 2713 975 2782 Propter
1004 2715 1106 2768 hoc
1148 2725 1201 2769 et
1255 2713 1422 2770 Deum
1456 2714 1544 2771 hic
1580 2716 1965 2772 fabricatorcm
1999 2734 2161 2774 voca-

584 2810 741 2873 mus,
775 2808 919 2878 quod
956 2807 1145 2862 istlnec
1197 2807 1323 2862 vita:
1375 2808 1672 2878 primordia
1729 2819 1876 2875 sunt,
1909 2821 1965 2866 et
1991 2810 2159 2865 fabri-

597 2902 742 2957 catio
790 2901 1049 2964 secunda,
1103 2902 1283 2971 priore
1333 2903 1722 2970 praestantior;
1780 2904 1962 2974 imago
2015 2908 2159 2961 enim

595 2993 841 3048 exat-tius
868 3007 1029 3061 quam
1062 3000 1217 3046 antea
1243 2991 1514 3060 efﬁngitur
1571 3002 1626 3048 et
1684 3003 1862 3049 statua
1895 2998 1947 3049 in
1980 3007 2161 3067 typum

596 3084 1120 3153 similitudinemque
1180 3084 1420 3139 divinam
1485 3086 1804 3154 expressius
1876 3087 2160 3144 formatur.

2261 626 2386 673 σευ,
2436 626 2456 660 ι
2495 610 2757 678 μετόχους
2787 608 2964 681 λέγων
2991 615 3162 683 ἡμᾶς,
3194 614 3287 678 οὓς
3309 615 3396 668 διὰ
3419 616 3829 689 φιλανθρωπίαν

2259 701 2558 764 κοινωνοὺς
2589 705 2829 756 ποιεῖται
2848 705 2947 771 τῆς
2970 705 3267 775 βασιλείας.

2328 791 2517 862 Μέχρι
2551 792 2651 861 μὲν
2678 792 2741 860 δὴ
2765 795 2971 848 τούτων
3000 793 3154 849 οῦπω
3202 797 3385 866 ζῶμεν
3415 817 3427 830 ο
3464 803 3671 869 σημεῖα
3722 802 3832 871 γάρ

2263 886 2391 937 ὲστι
2424 883 2598 937 ταῦτα
2621 883 2699 952 τῷ
2727 886 3041 957 τελουμένῳ
3083 889 3183 942 καὶ
3216 891 3527 958 προτέλειαί
3561 909 3708 955 τινες
3738 895 3833 948 καὶ

2262 975 2733 1044 προ-παρασκευαὶ
2784 977 2883 1045 τῆς
2937 976 3102 1047 ζωῆς.
3173 980 3426 1033 Ἐπειδὰν
3478 982 3537 1034 δὲ
3568 982 3649 1052 τῷ
3683 984 3836 1039 ὕδατι

2262 1064 2567 1134 καλυφθείς
2588 1068 2822 1136 τρισσῶς
2849 1067 3055 1140 ἀναδύῃ
3089 1068 3191 1133 τῆς
3216 1070 3445 1140 Τριάδος
3468 1072 3833 1143 ἐπᾳδομένης,

2260 1154 2567 1226 τηνικαῦτα
2604 1158 2662 1210 τὸ
2694 1157 3025 1229 ζητούμενον
3074 1160 3222 1214 ἅπαν
3254 1163 3282 1213 ὁ
3309 1165 3668 1234 μεμυημένος
3699 1164 3835 1233 λαμ-

2262 1249 2417 1303 ϐάνει
2473 1249 2571 1301 καὶ
2599 1249 2854 1315 γεννᾶται
2871 1249 2966 1304 καὶ
2990 1250 3284 1304 πλάττεται
3308 1251 3405 1320 τὴν
3422 1254 3531 1321 iuta
3540 1254 3693 1323 ρινὴν
3712 1255 3835 1320 γένο

2261 1355 2417 1408 νησιν
2439 1338 2540 1391 καὶ
2575 1336 2797 1402 πλάσιν,
2878 1338 3043 1392 Δαϐὶδ
3069 1335 3221 1406 εἷπε,
3249 1340 3344 1393 καὶ
3366 1340 3587 1412 δέχεται
3612 1342 3713 1412 τὴν
3739 1359 3836 1395 κα-

2260 1430 2359 1501 λὴν
2384 1429 2663 1502 σφραγῖδα
2691 1431 2787 1482 καὶ
2816 1431 3001 1484 πᾶσαν
3027 1432 3143 1501 ἔχει
3166 1432 3269 1500 τὴν
3297 1432 3639 1504 ζητουμένην
3666 1435 3836 1487 εὐδαι-

2264 1522 2487 1591 μονίαν,
2509 1521 2604 1575 καὶ
2666 1521 2873 1587 γίνεται
2900 1521 3013 1590 φῶς
3059 1522 3249 1585 σκότος
3299 1520 3377 1576 ὢν
3422 1524 3711 1595 πρότερον,
3741 1526 3834 1578 καὶ

2262 1614 2563 1682 ὑφίσταται
2593 1613 2763 1683 μηδὲν
2787 1612 2887 1679 ὢν,
2915 1614 3010 1666 καὶ
3042 1614 3343 1668 οἰκειοῦται
3376 1615 3475 1669 καὶ
3516 1616 3832 1671 υίοθετεῖται

2263 1705 2385 1776 Θεῷ
2412 1705 2524 1760 ἀπὸ
2548 1705 2928 1776 δεσμωτηρίου
2957 1706 3051 1759 καὶ
3079 1706 3325 1770 δουλείας
3350 1708 3448 1774 τῆς
3486 1708 3723 1777 ἐσχάτης
3744 1709 3834 1762 ἐπὶ

2262 1799 2357 1852 τὸν
2386 1796 2659 1867 βασίλειον
2693 1798 2963 1864 ἀγόμενος
2995 1797 3205 1867 θρόνον.
3235 1798 3309 1849 Τὸ
3345 1798 3455 1867 γάρ
3501 1797 3648 1866 ὕδωρ
3680 1798 3833 1853 τοῦτο

2262 1888 2411 1959 ζωὴν
2439 1905 2539 1954 την
2572 1888 2672 1956 μὲν
2697 1888 2985 1952 ἀπόλλυσι,
3019 1888 3117 1958 τὴν
3142 1888 3200 1940 δὲ
3228 1888 3596 1953 ἀναδείκνυσι,
3627 1890 3720 1943 καί
3748 1891 3837 1943 τᾶν

2258 1981 2363 2048 μὲν
2384 1981 2619 2035 παλαιὸν
2648 1980 2936 2051 ἄνθρωπον
2966 1979 3282 2046 ἀποπνίγει,
3336 1980 3429 2033 τὸν
3460 1981 3518 2033 δὲ
3561 1990 3680 2034 νέον
3740 1970 3832 2034 civ?

2262 2074 2468 2144 ίστησι.
2525 2073 2697 2126 Τοῦτο
2746 2072 2803 2125 δὲ
2860 2072 3095 2142 μάλιστα
3131 2073 3232 2141 μὲν
3273 2075 3384 2135 τοῖς
3407 2072 3834 2142 πεπειραμένοις

2258 2167 2353 2218 ἀπ’
2387 2164 2568 2218 αὐτῶν
2605 2164 2713 2217 τῶν
2767 2163 3109 2234 πραγμάτων
3150 2163 3360 2231 γίνεται
3410 2162 3604 2230 δῆλον·
3642 2163 3830 2214 ἔπειτα

2259 2256 2319 2308 δὲ
2353 2259 2451 2309 καὶ
2469 2255 2539 2308 τὰ
2560 2257 2862 2325 φαινόμενα
2894 2255 2989 2307 τοῦ
3021 2255 3325 2324 μυστηρίου
3352 2254 3514 2306 τοῦτο
3543 2254 3730 2308 δίδωσι
3745 2255 3831 2306 διὰ

2262 2347 2480 2401 πάντων
2502 2346 2763 2411 εἰκάζειν.
2790 2345 2880 2415 Τῷ
2912 2347 3020 2416 γάρ
3041 2346 3318 2399 ὑποδύντα
3362 2346 3424 2399 τδ
3462 2344 3609 2417 ὕδωρ
3639 2344 3832 2398 ἑαυτὸν

2259 2437 2690 2503 ἀφανίσαιδοκεῖ
2722 2437 2949 2504 φεύγειν
2977 2440 3075 2507 τὴν
3108 2438 3165 2490 ὲν
3199 2436 3277 2507 τῷ
3306 2438 3430 2507 ἀέρι
3470 2436 3637 2505 ζωὴν,
3675 2436 3735 2488 τὸ
3773 2436 3829 2487 δὲ

2262 2534 2454 2599 φυγεῖν
2487 2530 2584 2601 τὴν
2632 2529 2805 2600 ζωὴν,
2859 2529 3019 2583 τοῦτό
3076 2530 3226 2584 ἔστιν
3258 2529 3643 2597 ἀποθνήσκειν·
3676 2527 3757 2595 τῷ
3785 2528 3830 2579 δ’

2261 2621 2418 2684 αὖθις
2453 2620 2721 2676 ἀναδύντα
2752 2621 2829 2691 τῷ
2894 2620 3018 2690 ἀέρι
3054 2620 3148 2673 καὶ
3180 2619 3258 2688 τῷ
3307 2618 3444 2687 φωτὶ
3466 2617 3822 2685 συγγενέσθαι

2262 2716 2409 2787 ζωὴν
2463 2718 2610 2769 ἔοικε
2671 2712 2891 2767 διώκειν
2919 2716 3014 2768 καὶ
3059 2714 3290 2783 τυχόντα
3317 2712 3521 2765 λαϐεῖν.
3552 2711 3648 2763 Διά
3669 2711 3825 2764 τοῦτο

2262 2811 2357 2865 καὶ
2378 2810 2469 2863 τὸν
2491 2808 2687 2879 δημιου
2699 2808 2827 2878 ργῧιν
2852 2804 3085 2859 ἐνταῦθα
3104 2805 3267 2858 καλοῦ
3277 2822 3399 2869 μεν,
3415 2805 3499 2856 ὅτι
3521 2804 3668 2873 ῐωῆς
3690 2805 3830 2872 ἀρχὴ

2263 2902 2335 2954 τά
2367 2898 2610 2970 παρόντα
2638 2900 2734 2951 καὶ
2764 2897 3097 2967 δημιουργία
3121 2899 3349 2965 δευτέρα
3382 2894 3560 2965 πολλῷ
3580 2895 3679 2964 τῆς
3702 2911 3834 2965 προ-

2265 2992 2428 3061 τέρας
2457 2991 2718 3061 ἀμείνων.
2748 2988 3025 3057 Γράφεται
3058 2986 3169 3057 γάρ
3205 2986 3601 3057 ἀκριϐέστερον
3632 2984 3667 3054 ἢ
3701 2984 3832 3053 πρά-

2265 3100 2424 3153 τερον
2447 3083 2481 3150 ἡ
2515 3079 2705 3145 εἰκὼν,
2738 3082 2832 3133 καὶ
2859 3077 3082 3147 ἀνδριάς
3105 3079 3185 3141 είς
3210 3080 3543 3147 σαφέστεριν
3579 3076 3674 3129 τὸν
3694 3076 3833 3129 θεῖον

596 3177 805 3231 ideirco
839 3186 894 3232 et
922 3178 1114 3246 purius
1146 3179 1496 3248 archetypum
1550 3182 1777 3248 proponi
1828 3197 1976 3236 nunc
2003 3198 2161 3251 apor-

2271 3177 2568 3229 πλάττεται
2606 3172 2780 3227 τύπον
2801 3189 2814 3202 ·
2843 3171 2931 3225 διὰ
2967 3170 3128 3225 τοῦτο
3178 3171 3274 3224 καὶ
3304 3170 3364 3223 τὸ
3399 3168 3713 3240 ἀρχέτυπον
3743 3168 3834 3220 νῦν

598 3270 767 3325 tebat.
826 3268 1039 3325 Etenim
1089 3271 1183 3339 qui
1234 3270 1534 3341 baptizant,
1584 3270 1753 3327 Deum
1815 3274 1883 3327 atl
1942 3288 2161 3328 sacrum

598 3361 801 3415 fontem
837 3360 1175 3424 invocantes,
1207 3375 1316 3415 non
1346 3378 1469 3416 eum
1499 3364 1720 3416 nomine
1742 3362 1835 3416 Dei
1865 3364 2160 3433 appellant,

593 3455 736 3525 quod
773 3466 859 3511 est
892 3454 1150 3509 Triuitati
1198 3469 1514 3518 commune,
1568 3471 1669 3509 nec
1707 3470 1775 3508 eo
1822 3457 1957 3510 saris
2008 3456 2163 3510 then-

593 3546 794 3616 logice,
832 3546 938 3602 hoc
993 3555 1099 3611 est,
1133 3562 1245 3601 non
1282 3547 1566 3615 perspicue
1609 3556 1662 3600 et
1692 3547 1927 3603 discrete
1968 3549 2162 3603 divini-

595 3648 678 3693 tas
718 3640 1025 3693 indicatur:
1059 3639 1152 3693 sed
1202 3639 1415 3705 plenius
1474 3648 1530 3693 et
1568 3642 2001 3697 eonsummatius
2034 3658 2160 3697 eum

597 3725 966 3788 nominantes,
1004 3726 1359 3794 proprietates
1429 3729 1862 3798 uniuscujusque
1918 3745 2164 3800 personae

595 3818 894 3871 celebrant.

666 3908 864 3964 Subest
896 3918 949 3963 et
975 3909 1077 3961 alia
1107 3923 1291 3966 causa.
1334 3907 1450 3963 Etsi
1496 3909 1643 3964 enim
1694 3925 1800 3964 una
1833 3911 2164 3982 benignitate

593 3998 779 4071 grueri
808 4009 993 4054 nostro
1026 3998 1270 4054 Trinitas
1305 3999 1531 4054 salutem
1582 4000 1752 4064 dedit,
1799 4010 1983 4055 tamen
2016 4019 2165 4072 quae-

594 4092 727 4145 libet
786 4107 1062 4148 sacrarum
1130 4092 1480 4148 ύποστάσεων
1559 4093 1838 4163 proprium
1902 4094 2160 4164 quiddam

592 4184 891 4238 contulisse
949 4184 1290 4253 praedicatur.
1355 4184 1515 4239 Pater
1572 4185 1717 4239 enim
1771 4186 2160 4241 reconciliatus

597 4282 697 4334 est,
757 4268 929 4327 Filius
987 4273 1395 4339 reconciliavit,
1454 4274 1694 4344 Spiritus
1748 4285 1968 4329 sanctus
2020 4276 2164 4329 inter

595 4363 802 4414 sinit-os
848 4363 961 4431 jam
1013 4365 1267 4433 ascriptis
1321 4365 1525 4418 donum
1580 4367 1744 4420 datus
1796 4376 1900 4420 est.
1955 4365 2024 4420 Et
2072 4367 2163 4421 ille

594 4452 815 4520 quidem
874 4451 1161 4517 liberavit;
1222 4452 1308 4506 hic
1367 4457 1604 4522 pretium
1660 4454 1835 4511 factus
1892 4467 1997 4521 est,
2054 4473 2163 4527 quo

2267 3268 2374 3322 ἔδει
2396 3264 2784 3335 καθαρώτερον
2816 3263 3169 3333 προτεθῆναι.
3224 3261 3327 3316 Τδν
3352 3263 3463 3331 γάρ
3491 3261 3627 3315 Θεὸν
3661 3261 3752 3315 ἐπὶ
3780 3261 3835 3313 τὸ

2221 3364 2225 3368 ’
2266 3358 2491 3429 λουτρὸν
2525 3359 2575 3409 οἱ
2610 3355 2909 3426 βαπτισταὶ
2940 3354 3235 3416 καλοῦντες
3279 3354 3343 3406 ού
3373 3353 3435 3405 τὸ
3472 3348 3609 3416 Θεός
3661 3352 3833 3420 ὄνομα

2269 3451 2327 3502 τὸ
2377 3448 2553 3502 κοινὸν
2604 3449 2670 3516 τῇ
2705 3446 2897 3516 Τριάδι
2933 3444 3149 3516 βοῶσιν,
3195 3445 3333 3513 ὅπερ
3360 3442 3462 3496 ούκ
3492 3442 3613 3494 ἔστι
3649 3441 3833 3507 σαφῶς

2267 3541 2365 3594 καὶ
2395 3539 2827 3608 διακεκριμένως
2856 3535 3274 3605 Θεολογούντων,
3292 3534 3408 3587 ἀλλ’
3438 3532 3831 3601 ἀκριϐέστερον

2267 3633 2360 3685 καὶ
2389 3630 2718 3699 τελεώτερον
2743 3629 2841 3691 τὰς
2881 3628 3149 3698 ἰδιότητας
3179 3625 3420 3694 ἑκάστης
3461 3624 3574 3678 τῶν
3604 3620 3833 3677 ὑποστά-

2268 3743 2407 3778 σεων
2441 3722 2766 3792 άνυμνοῦσι.

2336 3904 2449 3960 Καὶ
2485 3905 2590 3976 μὴν
2644 3903 2739 3957 καὶ
2780 3900 2849 3956 δι’
2904 3903 3114 3955 ἐκεῖνον
3149 3899 3238 3952 τὸν
3271 3898 3449 3966 λόγον.
3508 3896 3570 3950 Et
3595 3894 3708 3968 γάρ
3736 3894 3824 3966 μιᾷ

2268 3996 2648 4071 φιλανθρωπίᾳ
2700 3996 2759 4049 τὸ
2818 3995 2972 4062 γένος
3005 3994 3210 4046 ἔσωσεν
3262 3988 3296 4060 ή
3324 3986 3516 4061 Τριάς,
3549 3988 3666 4041 ἀλλ’
3687 3990 3828 4059 ὅμως

2265 4095 2374 4149 τῶν
2400 4094 2756 4146 ύποστάσεων
2803 4087 3008 4157 ἑκάστη
3063 4086 3171 4138 τῶν
3214 4084 3503 4154 μακαρίων
3541 4078 3682 4137 ἰδίαν
3711 4081 3827 4135 τινὰ

2264 4187 2485 4254 λέγεται
2538 4181 2852 4235 συντέλειαν
2894 4178 3221 4245 εἰσενέγκαι.
3280 4176 3339 4230 '0
3373 4176 3470 4236 μὲν
3505 4172 3614 4242 γάρ
3641 4172 3828 4242 Πατὴρ

2265 4273 2606 4344 διήλλακται,
2665 4270 2693 4322 ὁ
2730 4268 2785 4323 δὲ
2836 4268 2963 4331 Υίδς
3012 4260 3288 4336 διήλλαξε,
3330 4263 3390 4317 τὸ
3420 4262 3476 4317 δὲ
3523 4260 3751 4349 Πνεῦμα
3776 4263 3834 4315 τὸ

2265 4362 2419 4433 ἅγιον
2473 4363 2648 4431 φίλοις
2697 4361 2798 4431 ἤδη
2836 4356 3146 4411 καταστᾶσι
3175 4354 3350 4420 δῶρον
3403 4353 3643 4420 ἐγένετο.
3677 4354 3782 4407 Καὶ
3806 4354 3832 4405 ὁ

2273 4457 2371 4527 μὲν
2406 4455 2616 4517 ἔλυσεν,
2649 4453 2677 4504 ὁ
2732 4452 2789 4504 δὲ
2827 4447 2886 4503 τὸ
2918 4449 3114 4515 λύτρον
3165 4441 3232 4518 ἦν
3260 4439 3303 4515 ᾧ
3350 4442 3645 4513 λελύμεθα,
3695 4444 3753 4496 τὸ
3778 4442 3832 4496 δὲ

598 4542 807 4597 liberati
853 4557 1088 4608 sumus;
1141 4541 1372 4611 Spiritus
1410 4545 1525 4613 ipsa
1567 4544 1786 4599 libertas
1832 4555 1958 4602 est:
2014 4566 2032 4597 ι
2061 4547 2159 4602 Ubi

2269 4547 2491 4618 Πνεῦμα
2545 4544 2869 4614 ἐλευθερία·
2923 4561 2941 4594 ι
2981 4536 3055 4595 Οῦ
3086 4539 3196 4610 γὰρ
3228 4539 3288 4592 τὸ
3336 4536 3561 4606 Πνεῦμα
3606 4535 3827 4605 Κυρῗου,

598 4634 744 4687 enim
779 4632 1014 4699 Spiritus
1063 4631 1301 4692 Domini,
1335 4631 1490 4699 juxta
1545 4631 1697 4687 Bauli
1750 4650 1957 4696 vocem,
1992 4635 2064 4688 ibi
2099 4632 2165 4687 li-

601 4728 780 4779 bertas
807 4724 872 4777 ⁶⁰.
907 4744 925 4776 ι
955 4722 1016 4778 Ει
1048 4723 1210 4777 Pater
1240 4724 1454 4791 quidem
1482 4724 1751 4791 formavit,
1786 4725 1958 4790 Filius
1992 4726 2164 4781 refor-

600 4817 804 4882 mavit;
866 4835 884 4867 ι
914 4814 1157 4884 Spiritus
1204 4821 1290 4868 est
1343 4815 1433 4882 qui
1494 4815 1729 4869 viviﬁcat
1761 4816 1826 4873 εί.
1860 4835 1880 4867 ι
1920 4814 2055 4870 Nam
2106 4824 2161 4869 et

601 4908 771 4972 prima
833 4904 1189 4959 fabricatione
1243 4902 1483 4959 Trinitas
1563 4905 1941 4960 adumbratur.
1996 4905 2162 4962 Pater

600 5011 789 5064 nempe
820 4995 1073 5066 fingebat,
1124 4993 1294 5050 Filius
1342 5011 1536 5050 manus
1569 5005 1687 5048 erat
1722 4996 1965 5066 ﬁngenti,
1994 4996 2162 5050 Para—

599 5088 772 5138 cletus
821 5087 1043 5154 spiritus
1077 5096 1193 5141 erat
1243 5086 1404 5140 vitam
1447 5086 1758 5156 iuspirauti.
1809 5085 1875 5140 Et
1905 5084 2034 5157 quid
2065 5104 2167 5158 ego

602 5176 721 5230 istis
775 5175 1083 5231 immorer?
1119 5176 1177 5232 in
1228 5179 1328 5232 hoc
1391 5170 1698 5234 divinorum
1755 5195 1982 5249 operum
2049 5182 2166 5235 solo

606 5269 744 5320 licus
790 5265 1060 5321 discretus
1106 5277 1206 5323 est.
1254 5267 1389 5324 Nam
1435 5287 1560 5326 cum
1617 5269 1781 5324 multa
1816 5271 1925 5325 sint
1970 5271 2163 5325 merita

599 5360 798 5428 quibus
825 5359 971 5413 omni
997 5368 1155 5413 aetate
1182 5360 1324 5418 Deus
1365 5373 1670 5417 creaturam
1704 5373 1784 5417 est
1820 5372 2160 5431 prosecutus,

603 5450 807 5504 utilium
848 5446 1113 5510 invenias,
1158 5452 1299 5515 quod
1346 5451 1411 5504 ad
1446 5446 1662 5505 Patrem
1712 5451 1911 5514 solum,
1961 5459 2056 5505 aut
2094 5450 2161 5503 ad

601 5540 797 5596 Filium
853 5537 1054 5597 solum,
1110 5550 1203 5593 aut
1254 5541 1317 5595 ad
1371 5541 1636 5610 Spiritum
1689 5552 1935 5598 sanctum
1983 5542 2159 5597 solum

604 5633 907 5697 referatur;
960 5628 1054 5684 sed
1102 5630 1284 5686 omnia
1340 5628 1591 5693 Triuitati
1645 5634 1952 5691 communia
2007 5641 2158 5698 sunt,

2267 4640 2386 4691 ἐκεῖ
2406 4635 2714 4707 ἐλευθερία,
2745 4653 2762 4686 ι
2790 4632 3003 4686 Παύλου
3033 4632 3207 4700 φωνή.
3230 4627 3338 4681 Καὶ
3364 4630 3392 4681 ὁ
3418 4629 3515 4699 μὲν
3537 4624 3828 4685 ἀνέπλασε,

2265 4730 2343 4800 τῷ
2373 4730 2429 4783 δὲ
2460 4724 2908 4794 ἀνεπλάσθημεν,
2941 4721 3002 4776 ab
3029 4722 3085 4774 δὲ
3108 4718 3334 4789 Πνεῦμά
3363 4719 3479 4771 ἐστι
3510 4715 3830 4784 ζωοποιοῦν*

2264 4822 2389 4875 ἐπεὶ
2411 4821 2506 4874 καὶ
2543 4818 2683 4872 κατὰ
2715 4818 2812 4886 τὴν
2839 4813 3061 4885 πρώτην
3087 4813 3452 4882 δημιουργίαν
3488 4812 3522 4881 ἡ
3567 4810 3739 4880 Τριάς
3758 4807 3833 4868 ὡς

2266 4917 2325 4967 ἐν
2348 4914 2530 4975 σκιαῖς
2563 4909 2856 4979 ἐγράφετο.
2901 4904 2960 4959 ’0
2995 4905 3094 4976 μὲν
3126 4905 3234 4973 γάρ
3264 4901 3498 4957 ἔπλασεν
3520 4940 3536 4966 ,
3566 4901 3594 4952 ὀ
3623 4900 3683 4952 δὲ
3715 4899 3831 4970 χεὶρ

2270 4997 2340 5073 ἦν
2362 5000 2439 5070 τῷ
2465 4997 2772 5059 πλάττοντι,
2797 4995 2824 5046 ὁ
2846 4993 2903 5047 δὲ
2935 4986 3289 5065 Παράκλητος
3317 4991 3534 5059 πνεῦμα
3564 4988 3662 5056 τὴν
3689 4986 3831 5056 ζωὴν

2271 5088 2607 5163 ἐμφυσῶντα
2641 5087 2752 5140 Καὶ
2783 5086 2834 5139 τί
2859 5084 3038 5138 ταῦτα
3058 5085 3202 5154 λέγω
3225 5103 3240 5152 ;
3269 5083 3431 5153 Μόνῳ
3451 5083 3560 5151 γάρ
3585 5083 3645 5133 ἐν
3661 5078 3831 5147 τούτῳ

2269 5182 2379 5236 τῶν
2416 5179 2581 5234 θείων
2609 5178 2788 5250 ἔργων
2818 5178 2846 5230 ὁ
2874 5174 3005 5237 Θεὸς
3036 5174 3305 5244 διεκρίθη.
3363 5168 3581 5224 Πολλῶν
3606 5171 3722 5239 γὰρ
3750 5167 3835 5219 ὅν-

2269 5292 2399 5336 των,
2431 5263 2511 5334 οἷς
2535 5272 2599 5325 ὲκ
2623 5268 2718 5324 τοῦ
2736 5269 2935 5331 παντὸς
2966 5267 3163 5328 αίῶνος
3185 5265 3284 5337 τὴν
3305 5264 3485 5317 κτίσιν
3509 5257 3570 5314 εῦ
3602 5260 3831 5329 πεποίη-

2271 5383 2368 5419 κεν
2393 5366 2421 5418 ὀ
2446 5362 2604 5427 Θεὸς,
2626 5360 2736 5415 ὀὐκ
2763 5359 2830 5413 ἂν
2852 5358 3037 5429 εύροις
3067 5355 3240 5420 οὐδὲν,
3279 5354 3309 5407 δ
3337 5354 3475 5423 πρὸς
3500 5350 3593 5405 τδν
3612 5349 3833 5420 Πατέρα

2267 5454 2597 5523 ἀναφέρεται
2632 5450 2813 5519 μόνον,
2838 5446 2870 5519 ἦ
2900 5446 3038 5519 πρὸς
3073 5445 3162 5498 τδν
3186 5445 3332 5507 Υίδν,
3356 5441 3390 5511 ἢ
3418 5438 3555 5511 πρὸς
3583 5438 3645 5492 τδ
3670 5432 3836 5493 Πνεῦ-

2272 5558 2373 5611 μα,
2405 5538 2542 5593 ἀλλά
2567 5538 2745 5591 πάντα
2768 5538 2925 5590 κοινά
2952 5535 3052 5604 τῆς
3083 5533 3332 5604 Τριάδος,
3363 5530 3443 5583 ὅτι
3478 5529 3581 5599 μιᾷ
3601 5527 3831 5596 δυνάμει

2264 5635 2362 5686 καὶ
2391 5630 2618 5702 προνοίᾳ
2638 5630 2735 5684 καὶ
2753 5626 3081 5701 δημιουργίᾳ
3107 5625 3284 5680 πάντα
3309 5622 3473 5677 ποιεί.
3496 5618 3631 5675 Ἐπὶ
3652 5618 3711 5673 δὲ
3734 5616 3833 5687 τῆς

675 5809 721 5842 ⁸⁸
750 5811 890 5867 Psal.
927 5828 1070 5879 utr,
1109 5813 1162 5870 8.
1241 5815 1286 5847 ”
1327 5814 1469 5870 Psal.
1522 5829 1745 5882 cxxxut,
1780 5815 1865 5870 16.
1943 5816 1990 5848 ⁸ο
2028 5812 2069 5867 ιι
2093 5812 2161 5869 Co

2263 5816 2332 5875 m,
2389 5811 2510 5868 H7.
2587 5811 2629 5845 ⁶¹
2683 5808 2844 5865 Joan.
2887 5821 2965 5872 v1,
2995 5806 3086 5861 64.
