4158 6306
333 392 437 450 ξι33

1424 403 1521 462 DE
1560 404 1730 466 VITA
1775 406 1848 464 IN
1887 406 2220 471 CIIRISTO
2256 414 2402 475 LIB.
2450 415 2532 476 II.

3462 427 3567 491 534

334 503 649 573 οἰκηομίας
706 507 799 560 καὶ
828 508 888 560 τὸ
920 509 1187 583 ἡμέτερον
1239 513 1531 584 ἅνὼρθωσε
1566 519 1742 586 γένος,
1804 519 1898 573 καὶ

2010 524 2129 590 quia
2161 522 2369 579 scilicet
2418 540 2525 579 una
2577 535 2863 596 potestate,
2922 532 3259 599 providentia
3319 547 3369 590 et
3408 536 3572 592 fabri-

334 595 493 648 τοῦτο
524 598 717 652 καινὸν
749 602 985 666 ἐγένετο,
1019 605 1113 662 καὶ
1136 605 1235 677 τὴν
1266 607 1406 677 ἐμὴν
1433 610 1703 681 σωτηρίαν
1745 610 1901 665 ἐϐου-

340 687 478 758 λήθη
502 690 602 760 μὲν
633 691 666 761 ἡ
692 691 862 762 Τριᾶς
888 698 1060 765 κοινῇ,
1092 697 1187 751 καὶ
1208 698 1356 760 ὅπως
1380 699 1450 754 ἂν
1486 701 1697 767 γένοιτο
1731 702 1903 771 πρού-

339 781 507 851 νοήθη
529 797 543 810 ο
581 783 797 851 ἐνεργεῖ
821 783 878 837 δὲ
905 786 1087 840 οὐκέτι
1119 792 1291 861 κοινῇ.
1320 790 1625 860 Δύτουργὸς
1649 792 1757 863 γὰρ
1780 792 1902 847 οὔτε

341 874 367 926 ὁ
402 872 592 942 Πατὴρ
632 872 756 926 οὔτε
788 874 848 928 τὸ
874 876 1119 947 Πνεῦμα,
1169 878 1307 934 ἀλλὰ
1339 880 1500 949 μόνος
1530 881 1558 935 ὁ
1589 882 1783 949 Λόγος,
1811 884 1906 936 καὶ

341 965 499 1033 μόνος
530 968 557 1017 ὁ
581 966 895 1038 Μονογενὴς
920 969 1153 1037 αἵματος
1180 971 1442 1042 ἠνέσχετο
1464 974 1558 1028 καὶ
1589 974 1791 1044 σαρκὸς
1810 975 1905 1028 καὶ

340 1056 553 1127 ἐπλήγη
589 1054 680 1108 καὶ
728 1057 980 1128 ὠδυνήθη
1013 1060 1108 1112 καὶ
1161 1061 1401 1115 ἀπέθανε
1441 1064 1532 1116 καὶ
1560 1064 1783 1133 ἀνέστη,
1834 1064 1904 1116 δι’

310 1130 411 1199 ⁸ὧν
434 1147 466 1216 ἡ
497 1146 656 1214 φύσις
675 1148 875 1201 ἀνεϐίω
894 1151 985 1203 καὶ
1014 1153 1074 1203 τὸ
1094 1150 1379 1222 βάπτισμα
1400 1154 1653 1223 συνέστη,
1682 1154 1715 1223 ἢ
1740 1130 1903 1226 καινὴ

338 1241 589 1308 γέννησις
640 1241 736 1293 καὶ
783 1242 1114 1306 ἀνάπλασις.
1159 1242 1370 1296 Οὐκοῦν
1420 1248 1541 1310 ταῖς
1570 1247 1901 1301 ὑποστάσεσι

334 1330 678 1398 δι;·ιροῦντας
702 1332 795 1385 ἐπὶ
830 1331 923 1386 τοῦ
955 1334 1100 1386 θείου
1128 1334 1357 1406 λουτροῦ
1388 1339 1480 1390 τὸν
1500 1337 1632 1391 θεὸν
1656 1338 1765 1390 ἔδει
1797 1354 1897 1391 κα-

332 1423 442 1472 λε⁷ν
474 1424 555 1484 εἰς
591 1423 651 1474 τὸ
680 1422 851 1492 ὄνομα
882 1425 977 1478 τοῦ
1006 1427 1224 1496 Πατρὺς
1251 1429 1346 1480 καὶ
1381 1427 1477 1481 τοῦ
1514 1428 1648 1482 Υίοῦ
1683 1430 1774 1482 καὶ
1807 1429 1901 1483 τοῦ

334 1512 489 1579 ἁγίου
519 1511 858 1583 Πνεῦμα-τος,
889 1515 987 1586 τὴν
1024 1517 1176 1588 ἱερὰν
1208 1519 1409 1572 πλάσιν
1433 1519 1902 1590 κομιζομένους,ῆ

333 1601 747 1673 διακεκριμένον
776 1603 867 1657 τὸν
897 1606 1029 1660 Θεὸν
1062 1607 1313 1675 ἀπέδειξε
1350 1609 1510 1679 μόνη.

2008 614 2224 669 catione
2269 614 2431 671 cﬁicit
2478 619 2681 674 omnia.
2743 618 2802 673 ln
2858 624 3161 678 mcunomia
3212 634 3413 691 autem,
3465 644 3573 696 qua

2008 717 2181 780 genus
2230 705 2524 763 humanum
2579 708 2918 778 instauravit,
2976 715 3140 770 etiam
3196 716 3301 772 ista
3356 721 3601 777 novitas.

2011 793 2260 862 contigit,
2289 801 2344 848 et
2381 795 2612 851 salutem
2662 814 2836 854 meam
2872 802 3044 858 voluit
3087 806 3306 873 quidem
3335 808 3576 865 Trinitas

2008 885 2397 951 communiter,
2452 896 2509 942 et
2572 897 2631 943 ut
2693 891 3075 949 restitueretur
3125 899 3409 966 providit;
3466 915 3575 954 non

2007 982 2189 1028 tamen
2246 975 2409 1031 etiam
2456 983 2819 1035 communiter
2879 998 2998 1038 eam
3047 996 3270 1056 operata
3317 1000 3422 1045 est.
3477 989 3579 1046 Per
3662 981 3668 989 ’

2005 1077 2064 1118 se
2095 1064 2239 1118 enim
2274 1080 2376 1120 nec
2407 1066 2585 1133 Pater,
2640 1085 2743 1126 nec
2797 1070 3052 1143 Spiritus,
3091 1078 3184 1131 sed
3220 1081 3397 1133 solum
3436 1082 3574 1136 Ver-

2004 1152 2133 1207 bum
2184 1163 2239 1209 et
2263 1156 2415 1212 solus
2452 1156 2774 1230 Unigenitus
2804 1174 3062 1234 operatus
3089 1176 3194 1234 est,
3229 1171 3321 1238 qui
3355 1186 3575 1226 carnem

2001 1247 2435 1317 sanguinemque
2460 1266 2741 1321 assumere
2771 1255 3025 1326 dignatus
3046 1268 3149 1325 est,
3177 1262 3425 1326 verbera,
3458 1279 3581 1318 cru-

2007 1338 2210 1405 ciatus,
2263 1349 2492 1396 mortetn
2544 1346 2774 1414 excepit,
2830 1360 2885 1402 et
2931 1351 3260 1418 resurrexit,
3311 1369 3406 1422 per
3459 1370 3579 1424 qua:

2010 1438 2205 1483 natura
2241 1432 2459 1496 revixit,
2484 1442 2537 1488 et
2566 1437 2765 1504 quibus
2785 1438 3073 1509 baptisma,
3108 1458 3246 1497 nova
3292 1447 3580 1513 generatio

2010 1530 2067 1574 et
2109 1520 2423 1578 reformatio
2455 1529 2757 1583 constituta
2791 1540 2896 1589 est.
2947 1532 3133 1603 Itaque
3177 1537 3430 1605 personis
3470 1538 3584 1592 dis-

2012 1611 2245 1666 tinctum
2286 1612 2453 1669 Deum
2507 1617 2561 1671 in
2610 1619 2798 1675 divino
2844 1622 3067 1679 lavacro
3098 1626 3371 1695 appellare
3420 1643 3584 1699 oper.

335 1694 477 1748 lebat
504 1695 579 1765 (in
610 1697 828 1753 nomine
853 1697 1063 1754 scilicet
1083 1700 1280 1765 Patris,
1308 1711 1363 1756 et
1394 1701 1516 1757 Filii
1576 1712 1632 1758 et
1699 1702 1936 1771 Spiritus
1989 1704 2206 1784 sancti)
2263 1721 2379 1772 eos,
2430 1712 2523 1779 qui
2575 1726 2784 1769 sacram
2841 1694 3245 1784 formationem,
3299 1739 3417 1791 qua:
3458 1694 3577 1779 sola

334 1785 498 1841 Deum
533 1789 830 1845 discretum
866 1792 1125 1857 ostendit,
1156 1801 1520 1864 reportarent.

402 1883 468 1935 Τί
497 1882 591 1936 οὖν
616 1883 690 1954 μὴ
716 1885 809 1939 καὶ
840 1887 939 1956 τὴν
962 1888 1274 1958 οἰκονομίαν
1296 1889 1390 1942 καὶ
1418 1888 1657 1960 μάλιστα
1685 1891 1891 1958 ταύτην

2066 1887 2208 1954 Quid
2235 1891 2415 1960 ergo?
2472 1908 2603 1947 num
2651 1895 2813 1949 etiam
2861 1900 3220 1954 oeconomiam
3261 1912 3314 1956 et
3348 1903 3578 1960 maxime

330 1976 424 2027 ἐπὶ
455 1975 550 2028 τοῦ
587 1976 966 2048 βαπτίσματος
989 1979 1339 2052 ἀνυμνοῦμεν
1362 1998 1378 2048 ;
1403 1982 1550 2035 Πάνυ
1591 1982 1689 2050 μὲν
1720 1980 1813 2034 οῦν
1842 1983 1903 2034 οὐ

331 2067 398 2120 δι’
427 2060 501 2119 ὧν
532 2066 789 2138 λέγομεν,
816 2069 953 2124 ἀλλὰ
976 2070 1042 2124 δι’
1071 2066 1146 2126 ὧν
1177 2073 1520 2145 πράττομεν,
1564 2074 1637 2127 To
1667 2075 1776 2143 γὰρ
1808 2091 1908 2128 κα-

331 2157 566 2212 ταδύντα
604 2161 841 2230 τρισσῶς
899 2162 1186 2230 ἀναδῦναι,
1249 2166 1334 2227 τίς
1384 2165 1482 2218 οὐκ
1526 2160 1668 2217 οἶδεν
1703 2166 1784 2219 ὅτι
1814 2166 1905 2219 τὸν

332 2249 632 2320 τριὴμερον
681 2250 912 2307 θάνατον
970 2255 1063 2308 τοῦ
1120 2257 1374 2327 Σωτῆρος
1427 2257 1640 2325 εἰσάγει
1672 2257 1766 2310 καὶ
1807 2256 1906 2324 τὴν

334 2341 656 2408 ἀνάστασιν,
693 2342 727 2398 ἃ
752 2345 905 2406 τέλος
935 2346 1053 2398 ἐστὶ
1092 2348 1196 2414 τῆς
1231 2348 1360 2417 ὅλης
1398 2349 1758 2416 οίκονομίαςς
1796 2348 1907 2400 Καὶ

334 2429 396 2480 οὐ
426 2428 625 2501 μάτην,
660 2427 834 2499 οἶμαι,
859 2432 956 2503 τὴν
990 2434 1088 2502 μὲν
1137 2435 1415 2503 θεολογίαν
1456 2436 1694 2506 βοῶμεν,
1717 2435 1815 2506 τὴν
1849 2436 1906 2488 δὲ

336 2522 653 2589 οἰκονομίαν
681 2525 771 2575 ἐπὶ
796 2524 903 2576 τῶν
937 2523 1114 2593 ἔργων
1138 2525 1569 2596 ἐπιδεικνύμεθα
1609 2531 1810 2599 σιωπῇ.
1835 2528 1907 2581 Τὸ

343 2616 437 2684 μὲν
473 2616 584 2685 γὰρ
615 2612 682 2686 ἦν
712 2616 809 2669 ἀπ’
843 2619 1021 2688 ἀρχῆς
1052 2620 1145 2671 ιιιοιλ⁵
1200 2620 1282 2682 είς
1339 2620 1544 2687 γνῶσιν
1592 2621 1908 2692 ἀνθρώποις

338 2707 423 2759 διὰ
478 2707 580 2776 τῆς
622 2708 807 2775 φωνῆς
869 2710 1100 2776 ἀφίκετο
1135 2710 1326 2781 μόνης,
1366 2711 1425 2763 τὸ
1476 2712 1535 2763 δὲ
1566 2712 1786 2779 ἐγένετο
1814 2714 1907 2766 καὶ

338 2800 527 2869 ὼρᾶθη
553 2802 665 2864 τοῖς
688 2800 799 2855 τῶν
824 2802 1128 2872 ἀνθρώπιον
1154 2805 1471 2875 ὀφθαλμοῖς,
1505 2806 1651 2876 ἁφῆς
1681 2806 1907 2878 ἠνέσχε-

340 2910 399 2943 το
432 2892 525 2946 καὶ
555 2894 756 2964 χειρῶν
779 2912 794 2926 ⁸
819 2895 941 2948 ὅθεν
962 2899 989 2948 ὁ
1016 2896 1290 2966 μακάριος
1328 2896 1582 2968 Ἰωάννης
1618 2900 1711 2953 καὶ
1740 2900 1909 2969 ἄμφω

338 2984 514 3037 ταῦτα
549 2985 710 3039 τοῦτο
766 2988 991 3041 κάκεῖνο
1025 2991 1153 3058 περὶ
1188 2990 1280 3043 τοῦ
1314 2991 1503 3044 διπλοῦ
1537 2992 1785 3062 Σωτῆρος
1823 3010 1908 3060 γι·-

340 3071 566 3124 νὼσκων
586 3068 709 3125 εἷπε
733 3074 834 3142 μέν
859 3092 872 3105 ο
914 3094 932 3125 ι
963 3077 1028 3129 Ὃ
1058 3073 1126 3147 ἦν
1154 3070 1435 3150 ἆπαρχῆς,
1460 3081 1487 3133 ὂ
1518 3083 1863 3153 ἀκηκόαμεν,
1886 3102 1903 3134 ι

346 3163 596 3234 ἐπήγαγε
617 3164 704 3217 δέ·
742 3185 761 3217 ι
794 3168 859 3219 Ὀ
883 3168 1211 3237 ἑωράκαμεν
1248 3174 1362 3236 τοῖς
1396 3173 1697 3241 ὀφθαλμοῖς
1719 3175 1906 3243 ἡμῶν,

341 3258 434 3306 καὶ
467 3257 526 3309 αί
549 3258 730 3327 χεῖρες
754 3258 911 3326 ἡμῶν
940 3234 1296 3331 ὲιίίηλάφησαν
1321 3234 1451 3333 περί
1476 3234 1780 3333 τοῦνΛὸγού
1931 3234 1976 3295 C

341 3348 510 3417 ζωῆς.
551 3369 569 3400 ι
615 3350 738 3401 Ἔτι
797 3350 851 3403 δὲ
891 3352 989 3420 τὴν
1038 3355 1136 3423 μὲν
1188 3355 1471 3423 θεολογίαν
1517 3359 1806 3412 πιστεῦσαι
1832 3360 1911 3412 δεῖ

344 3439 528 3505 μόνον,
583 3441 681 3493 καὶ
716 3442 747 3511 ή
779 3442 1039 3508 ἐπίδειξις
1070 3448 1168 3515 τῆς
1200 3447 1435 3512 πίστεως
1468 3451 1559 3503 ἐπὶ
1591 3452 1690 3520 τῆς
1722 3453 1909 3524 φωνῆς

341 3529 624 3615 (ἆγὰρείς
652 3533 1021 3605 δικαιοσύν.ην,
1052 3540 1210 3606 φησὶ,
1245 3541 1573 3612 πιστεύομεν
1602 3546 1667 3617 τῇ
1691 3547 1910 3618 καρδίᾳ,

337 3624 519 3677 ταῦτα
554 3624 633 3694 τῷ
660 3625 889 3694 στόματι
917 3628 1289 3699 ὁμολογοῦμεν)
1326 3634 1407 3695 εἰς
1444 3637 1781 3706 σωτηρίαν),
1807 3640 1912 3708 τὴν

337 3712 402 3767 δὲ
423 3716 738 3785 οἰκονομίαν
796 3719 891 3771 καὶ
950 3722 1298 3791 μιμήσασθαι
1331 3727 1424 3778 καὶ
1473 3728 1566 3780 ἐπὶ
1594 3731 1703 3783 τῶν
1734 3732 1912 3801 ἔργων

344 3805 518 3892 δεῖξαι
551 3810 702 3862 πᾶσα
732 3810 947 3880 ἀνάγκη
966 3828 979 3843 ⁶
1010 3812 1091 3866 δεῖ
1113 3814 1242 3884 γὰρ,
1272 3818 1459 3886 φησὶν,
1486 3821 1913 3893 ὲξακολουθῆσαι

344 3900 459 3985 τοῖς
508 3900 683 3969 ῐχνεσι
715 3900 807 3954 τοῦ
859 3903 1001 3971 ὑπὲρ
1041 3905 1197 3972 ἡμῶν
1252 3909 1615 3977 ἀποθανόντος
1650 3918 1744 3969 καὶ
1780 3919 1910 3971 ἁνα-

343 3990 594 4050 στάντος.

423 4083 521 4136 Διὰ
553 4083 730 4137 ταῦτα.
762 4086 944 4141 τοίνυν
1001 4091 1034 4157 ἡ
1073 4088 1173 4156 μὲν
1227 4090 1399 4161 Τριάς
1431 4094 1523 4147 ἐπὶ
1554 4095 1650 4162 τῆς
1709 4098 1911 4166 φωνῆς,

232 4172 253 4186 ⁸
342 4174 410 4226 τὸ
447 4175 502 4228 δὲ
539 4175 712 4239 πάθος
758 4179 853 4229 καὶ
896 4179 988 4233 τὸν
1024 4179 1259 4236 θάνατον
1292 4184 1381 4237 διὰ
1409 4184 1504 4237 τοῦ
1534 4186 1725 4250 ὕδατος
1755 4190 1814 4239 ὲν
1839 4191 1916 4260 τῷ

345 4264 565 4333 σώματι
623 4266 932 4337 γράφομεν,
962 4271 1266 4336 τυποῦντες
1302 4274 1448 4343 ἡμᾶς
1509 4275 1705 4339 αὐτοὺς
1747 4277 1828 4338 εἰς
1856 4279 1918 4331 τὸ

350 4358 633 4426 μακάριον
653 4352 797 4422 εἶδος
825 4363 1002 4415 ἐκεῖνο
1032 4363 1128 4417 καλ⁸
1155 4365 1253 4434 τὴν
1290 4368 1529 4439 μορφήν.
1566 4370 1679 4422 Οὐκ
1722 4370 1916 4439 ἄδηλον

351 4449 453 4518 μὲν
493 4448 589 4502 οὖν
634 4452 697 4504 ἐκ
730 4450 837 4503 τῶν
871 4454 1221 4524 εἰρημένων,
1275 4458 1356 4512 ὅτι
1416 4462 1753 4531 πανταχόθεν
1807 4464 1916 4517 τῶν

352 4542 482 4607 περὶ
514 4542 576 4593 τὸ
601 4540 886 4610 βάπτισμα
926 4544 1319 4615 θεωρουμένων
1359 4551 1467 4604 ἀπό
1500 4570 1556 4604 τε
1580 4554 1678 4623 τῆς
1710 4555 1915 4622 τάξεως
1945 4576 1994 4635 D

350 4630 522 4701 αὐτῆς
550 4631 661 4684 τῶν
702 4650 761 4685 τε
797 4635 1103 4704 ὀνομάτων,
1139 4638 1263 4692 ὅθεν
1293 4642 1426 4694 αὐτὸ
1474 4643 1768 4713 καλοῦμεν,
1805 4646 1917 4700 ἀπό

348 4738 405 4774 τε
436 4722 546 4775 τῶν
580 4723 668 4775 ἐπ’
720 4725 867 4793 αὐτῷ
912 4728 1254 4799 τελουμένων
1291 4732 1387 4785 καὶ
1425 4734 1705 4804 ᾀδομένων
1739 4738 1917 4791 ἐκεῖνο

352 4811 719 4882 γινώσκομεν,
753 4814 851 4883 τὴν
877 4817 935 4869 ὲν
967 4818 1043 4888 τῷ
1071 4820 1294 4892 Χριστῷ
1324 4822 1470 4895 ζωὴν
1513 4824 1620 4878 ἀπὸ
1662 4825 1755 4878 τοῦ
1791 4827 1916 4881 λου-

352 4901 485 4972 τροῦ
518 4903 618 4973 τὴν
651 4905 828 4977 ἀρχὴν
877 4907 972 4960 τοῦ
1029 4907 1169 4965 εἶναι
1200 4911 1521 4981 λαμϐάνειν.
1570 4914 1720 4968 Τίδὲ
1766 4917 1916 4970 ἐστιν

352 4988 486 5040 αὐτὸ
537 4988 600 5042 τδ
647 4986 788 5046 εἷναι
833 4994 933 5063 τὴν
989 4993 1155 5069 ζωὴν,
1217 4999 1402 5053 λοιπὸν
1427 5000 1493 5054 ἂν
1542 5002 1632 5074 εἴη
1662 5007 1912 5060 σκοπεῖν.

366 5074 523 5131 Ἐπεὶ
545 5080 656 5150 γὰρ
686 5082 753 5140 τὰ
785 5083 886 5152 μὲν
914 5086 1293 5157 ἀπολλύμεθα,
1322 5091 1389 5144 τὰ
1415 5092 1473 5146 δὲ
1506 5095 1795 5164 γινόμεθα,
1826 5094 1923 5149 καὶ

352 5168 425 5219 τὰ
457 5169 558 5238 μὲν
589 5170 879 5242 ρίπτομεν,
914 5175 984 5228 τὰ
1014 5176 1071 5230 δὲ
1091 5178 1360 5251 σώζομεν,
1397 5184 1446 5235 εί
1472 5182 1524 5234 τί
1552 5182 1700 5237 ἐστιν
1728 5184 1922 5238 ἐπάτει

358 5274 455 5327 ρον
505 5261 715 5317 τούτων
772 5264 982 5333 γένοιτο
1032 5267 1213 5338 δῆλον,
1258 5271 1418 5341 δῆλον
1469 5273 1536 5328 ἂν
1571 5276 1658 5344 εἴη
1686 5276 1739 5328 τί
1774 5279 1922 5330 ἐστιν

359 5350 491 5402 αὐτὸ
521 5352 586 5403 τδ
620 5371 640 5404 ι
674 5354 817 5406 κατὰ
851 5356 1089 5426 Χριστὸν
1124 5359 1446 5430 ὑποστῆναι.
1482 5379 1503 5412 ι
1550 5364 1711 5417 Ἔστι
1743 5364 1924 5417 τοίνυν

361 5440 423 5493 τὸ
448 5441 550 5510 μὲν
582 5441 848 5514 ἁμαρτία,
877 5446 938 5499 τὸ
966 5447 1022 5500 δὲ
1053 5448 1392 5521 δικαιοσύνη,
1422 5451 1516 5505 καὶ
1541 5451 1601 5506 τὸ
1628 5452 1727 5521 μὲν
1759 5456 1787 5507 ὁ
1812 5472 1916 5507 πα-

362 5532 514 5596 λαιὸς
546 5533 856 5605 ἄνθρωπος,
886 5538 947 5590 τὸ
975 5538 1034 5592 δὲ
1064 5542 1091 5593 ὁ
1114 5540 1321 5604 καινός.
1353 5542 1572 5597 Μᾶλλον
1596 5542 1655 5597 δὲ
1686 5543 1914 5614 ἀκριδέ-

364 5638 555 5694 στερον
578 5623 661 5679 ἔτι
692 5629 821 5698 περὶ
848 5629 1054 5685 τούτων
1080 5630 1389 5703 σκοπῶμεν.

443 5801 503 5833 ⁶¹⁹
530 5802 548 5857 l
577 5802 733 5861 Joan.
775 5823 811 5868 ι,
848 5807 900 5862 1.
977 5809 1019 5841 ⁸³
1050 5806 1210 5863 Rom.
1242 5825 1293 5876 ι,
1339 5807 1425 5864 10.
1480 5808 1597 5886 ν⁴⁶³1
1635 5808 1779 5867 Pelr-
1813 5825 1870 5874 ll.
1895 5810 1981 5866 21·

2006 1981 2062 2035 in
2124 1982 2452 2052 baptismate
2512 1986 2852 2044 laudamus?
2911 1989 3022 2045 Nos
3073 2006 3203 2046 vcro
3270 1994 3575 2057 laudamus,

2005 2088 2116 2129 non
2152 2090 2247 2142 per
2272 2092 2334 2131 ea
2363 2093 2482 2146 quae
2505 2078 2767 2146 dicimus,
2800 2084 2891 2137 sed
2918 2099 3038 2154 qum
3066 2084 3320 2140 facimus.
3355 2084 3576 2142 Trinam

2005 2167 2150 2222 enim
2184 2168 2594 2226 immersionem
2625 2181 2681 2227 et
2708 2177 3094 2241 cmersionem,
3148 2178 3272 2247 quis
3297 2194 3401 2232 non
3434 2179 3578 2234 videt

2008 2257 2312 2313 triduanam
2348 2259 2644 2316 Salvatoris
2700 2275 2926 2320 mortem
2990 2276 3044 2321 et
3092 2270 3574 2334 resurrectionem,

2005 2366 2127 2420 qum
2151 2351 2318 2407 totius
2349 2353 2667 2409 meonomia:
2690 2355 2816 2412 ﬁnis
2842 2366 2947 2422 est,
2980 2359 3262 2423 exhibere,
3296 2361 3576 2429 oculisque

2008 2444 2325 2513 subjicere?
2355 2443 2464 2499 Nec
2511 2455 2738 2513 temere,
2788 2450 3000 2518 opinor,
3035 2452 3175 2521 quod
3215 2454 3575 2522 theologicum

2005 2542 2090 2588 est
2135 2549 2268 2590 voce
2312 2535 2560 2601 edimus;
2616 2538 2979 2593 meouomiam
3017 2551 3199 2595 autem
3253 2542 3416 2596 rebus
3453 2559 3575 2597 cum

2008 2624 2231 2679 silentio
2262 2625 2647 2694 exprimimus.
2697 2626 2833 2683 Illud
2874 2631 3019 2685 enim
3053 2643 3170 2686 erat
3214 2634 3282 2687 ab
3314 2634 3494 2699 initio,
3524 2648 3578 2690 et

2008 2730 2105 2785 per
2164 2731 2352 2770 vocem
2419 2721 2799 2775 tantummodo
2862 2721 2917 2776 in
2984 2722 3265 2779 hominum
3326 2727 3575 2782 notitiam

2009 2807 2536 2879 intelligentiamque
2586 2814 2927 2880 penetravit;
2984 2815 3087 2869 hoc
3135 2815 3356 2883 factum,
3386 2826 3439 2871 et
3474 2820 3576 2872 hu-

2009 2900 2188 2952 manis
2216 2899 2390 2954 oculis
2422 2915 2799 2970 conspectum,
2830 2915 2881 2959 et
2906 2906 3155 2981 manibus
3179 2915 3574 2962 contrectatum

2007 2999 2110 3044 est.
2142 2989 2302 3046 Unde
2326 3001 2379 3045 et
2408 2992 2600 3047 beatus
2626 2993 2864 3051 Joannes
2889 2997 3049 3052 ambo
3078 2998 3213 3062 haec,
3241 2997 3340 3052 hoc
3364 3007 3414 3053 et
3446 2999 3577 3053 illud

2008 3080 2075 3134 de
2125 3079 2403 3137 Salvatore
2453 3088 2669 3154 gemino
2717 3102 3073 3157 cognoscens,
3125 3091 3260 3145 dixit
3307 3073 3574 3160 quidem:

2017 3189 2035 3221 ι
2065 3171 2218 3237 Quod
2249 3185 2366 3229 erat
2413 3177 2483 3229 ab
2531 3178 2688 3231 initio
2719 3219 2732 3239 ,
2763 3181 2907 3248 quod
2954 3183 3264 3237 audivimus
3308 3224 3321 3244 ,
3357 3202 3375 3235 ι
3443 3185 3575 3238 sult-

2009 3262 2188 3332 iunxit
2219 3274 2444 3320 tamen:
2481 3286 2499 3317 ι
2537 3267 2690 3333 Quod
2742 3270 2979 3325 vidimus
3022 3274 3198 3327 oculis
3250 3276 3471 3336 nostris,
3524 3284 3579 3329 et

2008 3370 2205 3412 manus
2234 3368 2432 3414 nostra:
2458 3368 2940 3416 contrectavcrunt
2982 3364 3049 3418 de
3092 3363 3267 3419 Verbo
3299 3366 3421 3421 vita:
3450 3366 3572 3422 ⁸⁸⁸.»

2008 3447 2275 3504 Praeterea
2332 3451 2695 3521 theologicam
2731 3454 2866 3509 illud
2902 3456 3122 3510 credere
3171 3464 3381 3510 tantum
3412 3474 3579 3528 opor-

2014 3549 2106 3599 tet.
2138 3549 2191 3594 et
2216 3541 2462 3609 probatio
2495 3541 2614 3597 ﬁdei
2655 3541 2709 3595 in
2736 3557 2867 3597 Voce
2896 3544 3151 3598 consistit
3173 3545 3220 3615 (ι
3253 3546 3382 3611 Qua:
3405 3547 3573 3613 enim,

2013 3630 2189 3698 inquit
2242 3631 2463 3696 Paulus,
2505 3630 2669 3686 corde
2720 3632 2787 3686 ad
2835 3632 3105 3703 justitiam
3159 3634 3455 3696 credimus,
3513 3650 3576 3689 ca

2013 3734 2107 3773 ore
2134 3720 2198 3773 ad
2218 3721 2444 3775 salutem
2474 3720 2793 3776 conﬁtemur
2816 3725 2860 3756 ⁵⁸
2892 3723 2958 3790 ι),
2987 3725 3288 3778 oeconomia
3322 3734 3499 3778 autem
3527 3734 3579 3779 ct

2015 3812 2274 3867 imitanda
2334 3814 2558 3868 omnino
2608 3826 2658 3867 et
2713 3814 2972 3883 operibus
3016 3815 3439 3870 demonstranda
3473 3828 3573 3870 est.

2016 3902 2148 3971 Ejus
2181 3904 2328 3958 enim
2387 3907 2611 3977 vestigia
2663 3908 2818 3976 sequi
2869 3918 3102 3976 oportet,
3153 3911 3244 3977 qui
3290 3923 3387 3977 pro
3421 3909 3577 3963 nobis

2016 4000 2262 4048 mortuus
2301 4006 2383 4049 est
2407 4005 2460 4050 et
2486 4000 2785 4052 resurrexit
2811 3997 2876 4051 ".

2087 4081 2295 4136 idcirco
2323 4084 2565 4140 Trinitas
2594 4088 2814 4154 quidem
2860 4088 2917 4139 in
2957 4102 3087 4142 voce
3109 4098 3231 4153 est;
3266 4092 3574 4157 passionem

2018 4185 2197 4231 autem
2225 4185 2278 4229 et
2312 4185 2540 4229 mortem
2597 4191 2691 4243 per
2732 4192 2928 4246 aquam
2970 4166 3445 4245 reprtcsentatnus,
3479 4195 3577 4234 nos

2020 4271 2166 4338 ipsos
2208 4268 2276 4323 ad
2326 4268 2537 4322 beatam
2572 4269 2718 4323 illam
2752 4271 2986 4337 speciem
3038 4280 3199 4339 atque
3236 4271 3462 4325 formam
3500 4274 3581 4324 in-

2020 4360 2334 4415 formantes.
2373 4359 2449 4414 Ex
2481 4360 2640 4415 dictis
2686 4362 2865 4429 itaque
2905 4370 3073 4431 patet,
3110 4377 3208 4417 nos
3240 4363 3481 4432 undique
3513 4380 3577 4417 ex

2021 4452 2105 4506 his
2155 4464 2274 4522 quae
2328 4452 2472 4507 circa
2526 4451 2855 4522 baptismum
2915 4454 3359 4519 considerantur,
3409 4465 3463 4508 et
3512 4470 3576 4509 ex

2020 4543 2211 4599 ordine
2253 4543 2390 4611 ipso,
2436 4551 2491 4598 et
2539 4558 2604 4598 ex
2638 4543 2937 4604 vocabulis,
2974 4545 3173 4614 quibus
3220 4546 3477 4610 afﬁcitur,
3526 4556 3580 4601 et

2016 4650 2080 4689 ex
2112 4634 2476 4700 caeremoniis,
2513 4642 2567 4690 et
2608 4635 2788 4690 verbis
2822 4652 2941 4705 quae
2969 4637 3111 4690 ineo
3147 4630 3579 4716 administrando

2014 4725 2364 4789 adhibentur,
2402 4725 2531 4779 illud
2566 4725 2799 4791 discere,
2830 4727 2997 4782 vitam
3031 4729 3083 4780 in
3113 4725 3337 4780 Christo
3369 4741 3398 4778 a
3431 4726 3578 4780 lava-

2016 4832 2111 4872 cro
2143 4816 2393 4871 essentia
2426 4831 2540 4873 sua:
2586 4818 2912 4887 principium
2946 4832 3161 4887 capere.
3209 4817 3349 4882 Quid
3396 4829 3576 4873 autem

2016 4907 2087 4962 sit
2117 4909 2295 4978 ipsum
2345 4909 2468 4973 hoc,
2515 4923 2638 4965 esse
2664 4909 2853 4973 vitam,
2885 4909 3144 4977 deinceps
3187 4922 3576 4977 exsequamur.

2016 4996 2282 5064 Quoniam
2333 5000 2480 5054 enim
2523 4999 2626 5054 alia
2664 5001 2961 5071 perdimus,
3012 4999 3118 5052 alia
3170 4998 3354 5061 ﬁmus,
3387 5006 3443 5055 et
3471 5001 3577 5055 alia

2017 5090 2358 5160 projicimus,
2385 5091 2489 5146 alia
2517 5106 2823 5157 servamus,
2849 5093 2895 5146 si
2920 5091 3192 5146 constabit
3218 5091 3346 5159 quid
3372 5102 3582 5146 atrurn-

2018 5198 2123 5252 quc
2158 5183 2349 5237 horum
2404 5184 2495 5247 sit,
2545 5183 2817 5239 constabit
2863 5183 3048 5248 etiam,
3103 5183 3235 5253 quid
3285 5184 3353 5239 sit
3402 5187 3577 5255 ipsum

2020 5271 2144 5338 hoc,
2180 5290 2200 5323 ι
2229 5274 2526 5329 secundum
2573 5273 2845 5328 Christum
2882 5273 3199 5330 subsistere.
3229 5292 3251 5327 ι
3289 5276 3381 5330 list
3417 5277 3581 5347 igitur

2020 5362 2152 5417 illud
2206 5364 2426 5433 quidem
2484 5373 2792 5434 peccatum,
2860 5366 2963 5422 hoc
3016 5368 3282 5438 justitia;
3345 5379 3399 5423 et
3451 5369 3579 5421 illud

2026 5465 2180 5511 vetus
2213 5457 2398 5523 homo,
2446 5456 2547 5510 hoc
2592 5470 2790 5514 novus.
2839 5457 2945 5514 Sed
2976 5461 3285 5518 accuratius
3336 5461 3451 5515 haec
3501 5461 3583 5513 di-

2021 5547 2331 5618 spiciamus.
