4158 6306
544 377 651 439 {-39

1802 376 2114 437 NlCOLAl
2146 375 2538 434 CABASlL.’E

3681 382 3789 444 540

543 505 796 580 paratum
829 488 947 558 εει,
1005 494 1146 547 tauri
1203 494 1307 548 mei
1388 501 1440 547 et
1498 493 1666 546 altilia
1721 492 1904 545 occisa
1964 499 2113 552 sunt,

2242 505 2364 552 me,
2393 492 2441 543 oi
2472 488 2663 557 ταῦροί
2712 506 2814 559 μου
2839 491 2932 543 καὶ
2963 488 3026 542 τὰ
3052 490 3286 554 σιτιστὰ,
3316 492 3473 561 φησὶ,
3520 493 3788 562 τεθυμένα

546 588 743 656 inquit,
793 594 844 640 et
878 585 1061 641 omnia
1101 594 1328 653 parata;
1381 586 1561 638 venite
1607 584 1673 637 ad
1722 584 1937 652 nuptias
1987 583 2049 636 “.
2091 601 2112 635 ι

551 678 665 733 Hoc
694 678 870 733 solum
906 687 1099 740 restat,
1158 689 1215 730 ut
1248 676 1422 730 var-ali
1463 676 1528 728 ad
1563 677 1666 729 hoc
1700 673 1897 729 festum
1926 689 2120 729 occur-

546 777 693 822 rant.
735 765 1163 821 Occurrentihus
1221 773 1404 819 autem
1440 764 1571 834 quid
1611 766 1828 819 tandem
1885 765 1948 818 ad
1996 765 2116 818 feli-

547 861 767 913 eitaPem
820 860 1000 913 adhuc
1061 859 1252 912 deesse
1305 858 1550 927 poterit?
1599 857 1742 912 Nihil
1797 859 2005 927 utique.
2058 856 2119 912 In

547 963 778 1005 venturo
809 951 1011 1021 quippe
1042 951 1243 1004 saeculo
1304 951 1478 1020 parati
1528 950 1593 1004 ad
1626 950 1907 1004 Christum
1959 964 2119 1004 accc-

551 1045 770 1107 dimus;
801 1053 857 1096 at
891 1057 1037 1095 nunc
1080 1041 1305 1110 quidem
1351 1057 1475 1095 cum
1522 1041 1946 1102 accesserimus,
1976 1057 2116 1111 prae-

552 1150 827 1204 paramur.
861 1133 1013 1186 Tunc
1042 1148 1267 1202 prorsus
1298 1135 1669 1188 necessarium
1703 1134 1829 1198 erit,
1860 1133 2117 1187 omnibus

552 1224 715 1276 rebus
769 1224 1069 1276 instructos
1125 1223 1423 1287 accedere;
1483 1222 1535 1275 iu
1584 1223 1842 1291 praesenti
1896 1238 2121 1278 necesse

552 1324 655 1376 est,
692 1324 745 1367 ut
787 1321 1075 1382 postquam
1114 1314 1528 1375 accesserimus,
1576 1314 1760 1368 munia
1790 1315 1991 1384 quibus
2024 1330 2122 1369 nos

552 1406 753 1460 instrui
780 1415 1025 1474 oportet,
1053 1406 1408 1474 accipiamus.
1445 1404 1599 1459 Tunc
1629 1407 1791 1460 fatuis
1820 1408 2124 1476 virginibus

553 1501 618 1552 ad
671 1513 936 1566 sponsum
994 1498 1175 1552 aditus
1235 1514 1340 1551 non
1398 1489 1643 1567 patebit;
1695 1498 1782 1552 hic
1818 1511 2001 1552 autem
2055 1499 2120 1551 ad

558 1591 869 1643 convivium
919 1599 967 1643 et
1034 1592 1446 1659 propinationes
1503 1599 1681 1645 vocat.
1762 1589 1919 1644 Tunc
1974 1592 2121 1644 enim

553 1697 663 1734 nun
699 1679 919 1733 dabitur
971 1689 1245 1733 mortuum
1289 1682 1629 1743 reviviscere,
1671 1678 1974 1733 luminibus
2026 1695 2121 1734 or-

557 1772 744 1826 batum
796 1773 1061 1840 aspicere,
1111 1770 1473 1825 deformatum
1528 1787 1593 1827 ac
1630 1770 1898 1842 perditqu
1948 1770 2125 1825 denuo

556 1866 782 1919 formari
807 1879 872 1919 ac
902 1865 1111 1933 reﬁngi.
1144 1872 1239 1919 Ast
1270 1866 1322 1917 in
1353 1866 1456 1918 hoc
1485 1865 1581 1918 arvi
1615 1864 1892 1919 curriculo
1917 1872 2126 1918 tantum

554 1956 812 2010 voluntas
866 1965 919 2010 et
968 1957 1134 2010 animi
1192 1956 1444 2010 alacritas
1531 1959 1847 2026 requiritur,
1905 1966 1960 2012 ct
2017 1958 2132 2012 haec

556 2048 739 2102 munia
781 2058 1212 2116 consequuntur.
1272 2050 1361 2102 Ait
1426 2051 1616 2103 enim:
1686 2067 1705 2100 ι
1739 2050 1847 2117 ligo
1899 2051 2018 2102 veni
2076 2049 2128 2103 in

559 2141 846 2207 mundum,
869 2147 929 2194 ut
963 2142 1126 2194 vitam
1165 2140 1481 2202 habeant“,
1524 2159 1542 2191 ι
1575 2149 1654 2202 et,
1691 2161 1708 2191 ι
1745 2138 1861 2193 Lux
1899 2141 2050 2193 venit
2080 2141 2131 2192 iu

558 2230 824 2285 mundum
866 2232 933 2284 ".
962 2249 981 2281 ι
1027 2231 1204 2300 Atque
1244 2230 1355 2284 ha-c
1396 2231 1661 2283 immensa
1708 2229 1795 2283 Dei
1824 2230 2136 2299 benignitas

558 2333 660 2387 est,
697 2323 877 2376 omnia
921 2323 1097 2391 ipsum
1141 2325 1477 2390 praestitisse.
1523 2337 1618 2390 per
1648 2338 1768 2390 quae
1802 2339 1831 2376 e
1860 2322 2139 2376 calamita-

561 2416 708 2469 tibus
772 2415 974 2469 nostris
1038 2416 1207 2483 erepti
1273 2431 1521 2468 sumus:
1597 2414 1889 2483 reliquisse
1951 2423 2132 2467 tamen

560 2508 865 2577 quidpiam,
918 2506 1064 2576 quod
1132 2509 1197 2560 ad
1250 2507 1552 2560 libertatem
1587 2507 1687 2574 ipsi
1735 2508 2133 2571 conferremus,

562 2615 759 2667 nempe
814 2598 1045 2653 salutem
1104 2608 1347 2651 nostram
1410 2597 1684 2665 baptismo
1746 2599 2133 2660 committere,

560 2692 805 2754 νι-Ιιυςιιιι)
841 2689 1122 2749 accedere,
1161 2700 1215 2742 ut
1244 2691 1370 2742 hinc
1409 2690 1569 2743 nobis
1600 2699 1770 2743 totum
1817 2691 2135 2759 imputetur,

566 2783 999 2849 meritorumque
1052 2797 1277 2835 suorum
1316 2782 1368 2833 in
1408 2796 1508 2835 nos
1552 2782 1875 2835 collatorum
1903 2784 2135 2853 gratiam

568 2874 723 2927 nobis
752 2873 966 2926 debeat.
1006 2872 1237 2926 Proinde
1269 2888 1391 2926 cum
1428 2872 1524 2924 luti
1580 2874 1871 2927 confesrim
1903 2874 2041 2928 forte
2073 2876 2139 2929 de

564 2969 675 3020 vita
732 2967 1052 3029 exierimus,
1116 2966 1249 3019 nihil
1311 2967 1596 3020 nobiscum
1652 2978 1847 3037 przetcr
1900 2968 2136 3037 sigillum

569 3061 883 3121 aﬂ'ercnlcs,
915 3059 1139 3126 perinde
1175 3074 1237 3111 ae
1289 3058 1333 3112 si
1377 3074 1473 3127 pro
1505 3059 1640 3113 istoc
1677 3074 1845 3129 regno
1878 3060 2142 3115 certavis-

570 3168 776 3215 Se'mts,
820 3152 886 3203 ad
928 3166 1161 3205 coronas
1197 3162 1370 3205 vocat.

643 3243 854 3308 Quibus
901 3244 1070 3313 igitur
1099 3244 1280 3305 malis.
1330 3245 1906 3315 quemadmodumque
1933 3246 2145 3301 animas

571 3336 877 3405 baptismus
912 3336 1179 3402 absolvat,
1209 3354 1273 3391 ex
1308 3338 1470 3391 dictis
1505 3338 1716 3391 clarum
1748 3347 1850 3392 est.
1886 3339 2148 3405 Quando-

572 3429 792 3499 quidem
836 3444 965 3483 vero
1002 3443 1054 3483 et
1088 3431 1252 3483 vitam
1295 3429 1590 3497 quamdam
1634 3430 1823 3482 tribuit
1890 3445 1986 3498 per
2019 3445 2144 3483 eum

572 3522 665 3589 qui
697 3521 1014 3585 resurrexit,
1053 3536 1174 3590 age,
1226 3536 1475 3588 quamam
1526 3523 1599 3572 sit
1639 3520 1728 3573 illa
1767 3520 1875 3573 vita
1922 3521 2148 3573 investi-

571 3627 787 3681 gemus.
822 3611 914 3666 Est
955 3612 1123 3680 igitur
1150 3610 1350 3664 rationi
1396 3622 1847 3669 consentaneum,
1884 3628 1992 3665 non
2027 3628 2151 3667 esse

474 3764 481 3767 _
571 3719 695 3757 eam
758 3719 922 3770 quam
993 3705 1144 3771 prius
1201 3702 1547 3765 vivebamus,
1608 3703 1703 3756 Sed
1755 3719 1818 3757 ea
1872 3705 2148 3758 "mlierem

576 3805 895 3863 natumque
926 3795 1227 3864 propriam.
1262 3792 1397 3847 Nam
1429 3795 1474 3849 si
1512 3796 1750 3863 priorem
1780 3796 1960 3851 adhuc
1990 3797 2153 3867 dege—

577 3904 784 3952 remus,
817 3889 946 3958 quid
978 3888 1213 3956 amplius
1260 3888 1424 3942 etiam
1478 3890 1616 3942 mori
1656 3906 1790 3958 opus
1824 3891 2013 3944 esset?
2054 3888 2148 3943 Sin

579 3980 763 4044 aliam,
797 3980 936 4032 idem
971 3980 1263 4041 valentem,
1298 3980 1397 4032 hoc
1433 3996 1540 4035 non
1591 3991 1711 4034 erat
1753 3997 2057 4049 resurgere.
2094 3980 2151 4035 Si

579 4072 907 4139 angelicam,
945 4070 1075 4139 quid
1113 4071 1272 4125 nobis
1306 4087 1600 4126 commune
1633 4088 1756 4126 cum
1795 4073 1944 4126 illis?
1976 4071 2153 4127 Homo

578 4163 723 4215 enim
759 4164 942 4231 lapsus
977 4172 1094 4227 est;
1139 4163 1353 4233 lapsum
1399 4174 1580 4219 autem
1617 4180 1739 4219 esse
1768 4164 2065 4229 hominem,
2098 4175 2154 4219 et

579 4266 955 4322 resurgentem
985 4255 1098 4307 fieri
1133 4256 1409 4323 angelum,
1440 4257 1540 4310 hoc
1564 4272 1668 4308 non
1700 4266 1846 4310 esset
1876 4255 2151 4310 hominem

581 4342 894 4400 reformari.
945 4342 1413 4406 Quemadmodum
1486 4355 1682 4398 statuae
1733 4347 1980 4400 contritas
2043 4363 2151 4400 non

582 4433 785 4503 eﬂigies
813 4433 1073 4496 humana,
1098 4435 1190 4485 sed
1217 4435 1321 4487 alia
1345 4436 1591 4502 quaedam
1621 4436 1791 4490 facies
1815 4437 2150 4507 imponitur:

582 4534 638 4576 ιιι
668 4525 768 4575 hoc
803 4532 885 4576 est
920 4521 971 4574 in
1003 4522 1148 4574 aliud
1192 4527 1555 4594 quodcunque
1601 4524 1859 4588 formare,
1892 4545 1997 4582 non
2038 4539 2152 4584 sta-

586 4625 734 4668 tuam
794 4614 1116 4668 reformare.
1166 4613 1337 4679 Quam
1387 4616 1456 4668 ob
1490 4631 1708 4671 causam
1767 4620 2035 4689 sequitur,
2099 4633 2158 4677 ut

586 4716 693 4761 sxta
730 4708 841 4761 haec
873 4714 929 4760 et
956 4705 1216 4770 humana,
1253 4715 1331 4759 et‘
1360 4723 1518 4772 nova,
1551 4717 1604 4761 et
1631 4719 1948 4780 antegressa
1985 4714 2159 4766 hone-

586 4798 730 4849 S'inr
762 4795 1062 4863 meliorque
1110 4795 1203 4856 sit,
1246 4810 1365 4864 qua:
1398 4798 1580 4849 omnia
1614 4797 1669 4850 in
1707 4800 1821 4853 sola
1854 4798 2157 4855 Salvatoris

587 4889 699 4942 vita
726 4888 1091 4956 reperiuntur.
1129 4886 1223 4940 Est
1274 4887 1418 4941 enim
1470 4904 1627 4953 nova,
1679 4891 1936 4958 quoniam
1986 4892 2156 4945 veteri

590 4981 748 5035 aliine
792 4982 928 5036 nihil
979 4980 1163 5035 habet.
1215 4978 1428 5042 Melior,
1465 4989 1731 5050 quantum
1761 4984 2158 5050 comprehendi

592 5076 776 5129 animo
806 5091 914 5128 non
949 5083 1127 5144 potest
1153 5091 1169 5141 ;
1201 5085 1287 5129 est
1311 5074 1454 5127 enim
1486 5074 1593 5127 vita
1634 5072 1752 5129 Dei.
1784 5072 2004 5129 Natural.
2037 5091 2164 5145 pro-

594 5166 732 5236 pria,
760 5169 1021 5235 quoniam
1050 5173 1167 5220 erat
1195 5164 1304 5219 vita
1355 5163 1615 5227 hominis,
1652 5173 1707 5218 et
1739 5165 1830 5235 qui
1866 5179 1986 5220 eam
2021 5165 2166 5219 vive.-

594 5259 711 5324 ltat,
763 5258 908 5313 sicut
963 5267 1082 5313 erat
1132 5259 1298 5321 Deus,
1357 5257 1429 5313 ita
1481 5271 1643 5312 verus
1700 5267 1825 5311 Item
1874 5258 2060 5322 homo,
2110 5267 2164 5312 et

598 5357 819 5417 propter
853 5347 1148 5401 humanam
1194 5359 1443 5403 naturam
1495 5348 1645 5402 omni
1681 5355 1905 5417 peccato
1936 5362 2161 5402 vacans.

602 5438 971 5505 Quamobrem
1027 5437 1187 5492 nobis
1231 5439 1436 5493 renatis
1487 5437 1692 5493 Christi
1743 5442 1911 5493 vitam
1962 5437 2164 5492 exoriri

2223 582 2321 634 καὶ
2350 582 2528 635 πάντα
2560 582 2780 651 ἕτοιμα,
2817 582 2971 635 δεῦτε
3000 584 3082 645 είς
3131 585 3257 646 τοὺς
3290 584 3524 654 γάμους.
3558 605 3575 638 ι
3615 587 3790 643 Τοῦτο

2315 680 2474 748 ἑορτῇ
2509 678 2759 732 λείπεται
2789 678 2971 748 μόνον,
3009 680 3325 736 ἀπαντῆσαι
3355 682 3483 743 τοὺς
3515 683 3789 752 κεκλημέ-

2218 787 2366 834 νους·
2388 772 2740 840 ἀπαντήσασι
2766 771 2822 823 δὲ
2848 773 2988 835 τίνος
3016 772 3094 826 ἔτι
3121 773 3302 843 δεήσει
3324 774 3460 844 πρὸς
3487 776 3588 844 τὴν
3615 776 3792 829 εὐδαι-

2223 862 2443 931 μονίαν;
2474 863 2698 925 Οὐδενὸς
2728 863 2852 933 ήδη.
2887 863 3010 916 Ἐπὶ
3047 864 3147 933 μὲν
3197 866 3305 935 γὰρ
3348 866 3442 919 τοῦ
3506 868 3791 936 μέλλοντος

2220 953 2417 1015 αίῶνος
2456 954 3013 1021 παρασκευασάμενοι
3061 956 3481 1025 προσερχομεθα
3525 960 3604 1029 τῷ
3657 963 3794 1030 Χρι-

2222 1040 2356 1112 στῷ,
2410 1041 2508 1095 νῦν
2561 1041 2618 1094 δὲ
2653 1042 3190 1113 παρασκευαζόμεθα
3224 1044 3637 1111 προσελθόντες’
3670 1048 3789 1101 τότε

2225 1131 2322 1200 μὲν
2346 1131 2453 1200 γάρ
2488 1130 2700 1201 ἀνάγκη
2725 1132 2901 1184 πάντα
2932 1131 3157 1201 ἔχοντας
3194 1135 3537 1202 προσελθεῖν,
3590 1138 3683 1188 ἐπὶ
3734 1140 3789 1191 δὲ

2222 1223 2315 1275 τοῦ
2346 1222 2617 1290 παρόντος
2664 1222 2879 1291 ἀνάγκη
2907 1222 3303 1291 προσελθόντας
3353 1225 3528 1277 πάντα
3585 1228 3788 1283 λαϐεῖν.

2222 1317 2322 1370 Διά
2354 1316 2512 1370 τοῦτο
2540 1316 2845 1385 τηνικαῦτα
2865 1317 2963 1384 μὲν
2986 1319 3103 1379 ταῖς
3137 1320 3348 1386 μωραῖς
3369 1319 3479 1371 τῶν
3507 1320 3794 1388 παρθένων

2223 1409 2322 1461 οὐκ
2355 1409 2619 1478 είσιτητὸς
2643 1410 2671 1461 ὀ
2695 1407 2945 1478 νυμφὼν,
2985 1409 3078 1460 ἐπὶ
3099 1408 3155 1461 δὲ
3179 1408 3272 1461 τοῦ
3302 1411 3567 1478 παρόντος
3599 1413 3794 1476 αἰῶνος

2222 1499 2350 1561 τοὺς
2387 1499 2630 1568 ἄφρονας
2655 1500 2750 1552 ἐπὶ
2791 1500 2891 1570 τὴν
2929 1500 3168 1569 εὐωχίαν
3199 1504 3295 1553 καὶ
3326 1501 3426 1571 τὴν
3475 1502 3797 1570 φιλοτησίαν

2226 1593 2402 1646 καλεῖ.
2451 1593 2585 1644 Τότε
2624 1592 2856 1665 μὲνγὰρ
2910 1593 3011 1645 οὐκ
3052 1594 3195 1654 ἐστι,
3251 1596 3447 1664 νεκρὸν
3497 1596 3797 1650 ἀναόιῶναι

2229 1685 2318 1736 καὶ
2358 1684 2562 1753 τυφλὸν
2596 1684 2787 1753 βλέοξλαι
2820 1684 2911 1737 καὶ
2937 1684 3336 1754 διεφθαρμένον
3357 1687 3798 1757 ἀναπλασθῆναι,

2162 1817 2207 1877 Β
2232 1775 2309 1846 τῷ
2337 1776 2393 1829 δὲ
2419 1775 2518 1846 βίῳ
2550 1776 2725 1847 τούτῳ
2742 1775 3018 1843 θελήσεως
3050 1779 3131 1829 δεῖ
3163 1776 3322 1844 μόνον
3341 1776 3438 1831 καὶ
3468 1778 3800 1848 προθυμίας,

2238 1866 2331 1919 καὶ
2356 1865 2422 1917 τὰ
2451 1868 2625 1920 πάντα
2648 1866 2952 1919 ἀκολουθεῖ·
2991 1885 3008 1917 ι
3041 1864 3247 1920 Ἦλθον
3292 1867 3424 1937 γὰρ,
3485 1870 3671 1939 φησὶν,
3723 1873 3803 1932 είς

2237 1960 2329 2011 τὸν
2362 1958 2586 2027 κόσμον,
2619 1958 2701 2010 ἴνα
2731 1957 2877 2028 ζωὴν
2909 1959 3091 2026 ἔχωσι·
3136 1977 3154 2007 ι
3208 1959 3325 2022 καὶ,
3382 1979 3400 2010 ι
3428 1960 3547 2023 Φῶς
3581 1962 3661 2025 είς
3714 1963 3807 2016 τὸν

2240 2049 2442 2115 κόσμον
2471 2046 2717 2117 ἐλήλυθε.
2758 2067 2774 2099 ι
2809 2048 2916 2099 Καὶ
2942 2048 3099 2101 τοῦτο
3137 2048 3191 2100 δὲ
3219 2048 3317 2115 τῆς
3340 2050 3583 2120 ἀρρήτου
3612 2052 3806 2119 φιλαν.

2240 2141 2505 2211 θρωπίας,
2551 2140 2610 2193 τὸ
2637 2142 2813 2196 πάντα
2849 2142 3012 2193 αὑτὸν
3053 2142 3436 2211 εἰργασμένον,
3493 2142 3561 2195 δι’
3585 2136 3661 2196 ὧν
3689 2144 3811 2195 ἐλῶ

2242 2232 2363 2299 θην,
2415 2232 2735 2283 καταλιπεῖν
2781 2249 2831 2284 τι
2888 2233 2979 2285 καὶ
3024 2234 3155 2299 ἡμῖν
3210 2234 3290 2295 εἰς
3335 2233 3433 2302 τὴν
3494 2235 3809 2302 ἐλευθερίαν

2242 2327 2591 2390 εἰσενεγκεῖν,
2640 2324 2774 2375 αὐτὸ
2803 2324 2861 2374 τὸ
2893 2324 3185 2376 πιστεῦσαι
3235 2326 3311 2393 τῷ
3345 2325 3680 2394 βαπτίσματι
3708 2328 3810 2395 τὴν

2245 2415 2520 2482 σωτηρῖαν
2575 2414 2668 2465 καὶ
2701 2413 2927 2479 θελῆσαι
2983 2413 3321 2481 προσελθεῖν,
3355 2415 3440 2468 ἴνα
3470 2417 3575 2467 ἀπὸ
3600 2419 3810 2470 τούτων

2241 2504 2454 2573 ἡμῖντὸ
2497 2502 2880 2572 πᾶνὶογισθῇ,
2929 2505 3023 2556 καὶ
3067 2498 3141 2557 ὧν
3190 2504 3352 2568 αὐτὸς
3403 2500 3460 2558 εὖ
3511 2506 3808 2576 πεποίηκε,

2244 2595 2336 2647 καὶ
2389 2593 2595 2646 τούτων
2628 2593 2820 2665 ὀφείλῃ
2852 2596 3029 2663 χάριν.
3065 2597 3175 2648 Καὶ
3204 2597 3384 2648 τοίνυν
3410 2596 3630 2649 ἐπειδὰν
3673 2615 3813 2667 συμ-

2245 2685 2311 2755 ϐῇ
2369 2685 2727 2755 λελουμένους
2793 2685 2955 2748 εὐθὺς
3022 2687 3309 2749 ἀπελθεῖν,
3389 2686 3554 2754 μηδὲν
3624 2688 3813 2756 ἕτερον

2244 2777 2622 2846 ἐπαγομένους
2668 2777 2829 2845 ἧτὴν
2885 2780 3185 2847 σφραγῖδα,
3232 2779 3325 2830 ἐπὶ
3352 2780 3477 2840 τοὺς
3514 2781 3815 2847 στεφάνους

2246 2870 2402 2924 καλεί
2451 2870 2704 2939 καθάπερ
2760 2869 2901 2938 ὑπὲρ
2927 2870 3024 2939 τῆς
3053 2868 3333 2939 βασιλείας
3361 2869 3565 2940 ταύτης
3590 2870 3811 2939 ἡγωνι-

2248 2961 2504 3033 σμένους.

2314 3223 2418 3282 *ον
2454 3230 2551 3298 μὲν
2577 3226 2670 3282 οὖν
2717 3228 2779 3281 τδ
2812 3227 3090 3298 βάπτισμα
3142 3230 3235 3283 καὶ
3285 3231 3432 3293 ὅπως
3495 3232 3595 3293 τὰς
3639 3232 3817 3302 ψυχὰς

2248 3321 2600 3384 ἀπαλλάττει,
2648 3319 2824 3373 nam
2853 3323 3024 3372 ἐστιν’
3082 3320 3205 3374 ἐπεὶ
3265 3323 3324 3374 δὲ
3369 3324 3464 3374 καὶ
3504 3323 3652 3393 ζωήν
3695 3342 3818 3377 τινα

2249 3411 2480 3480 παρέχει
2503 3411 2593 3463 διὰ
2641 3410 2733 3462 τὸν
2760 3412 3096 3475 ἀναστάντα,
3132 3412 3386 3481 ζητῶμεν
3435 3414 3520 3477 τίς
3570 3417 3723 3466 ἐστιν
3788 3420 3813 3486 ἢ

2249 3502 2386 3571 ζωή.
2427 3500 2584 3554 Ἔστι
2621 3503 2721 3570 μὲν
2752 3497 2844 3554 οὖν
2880 3502 3028 3564 εἰκὸς
3060 3501 3133 3571 μὴ
3174 3502 3380 3570 ταύτην
3412 3499 3573 3566 εἶναι,
3600 3506 3731 3558 καθ’
3755 3508 3817 3576 ἢν

2252 3594 2520 3664 πρότερον
2552 3593 2784 3662 ἕζωμεν,
2818 3593 3022 3646 καλλίω
3057 3593 3111 3644 δὲ
3142 3594 3239 3663 τῆς
3277 3596 3569 3665 προτέρας,
3610 3598 3820 3652 οίκείαν

2250 3686 2306 3739 δὲ
2340 3688 2407 3756 τῇ
2442 3687 2622 3754 φύσει.
2656 3686 2720 3737 Εί
2746 3685 2846 3753 μὲν
2867 3685 2977 3755 γὰρ
3005 3688 3104 3754 τὴν
3134 3686 3411 3755 προτέραν
3435 3689 3530 3740 καὶ
3554 3687 3649 3740 νῦν
3702 3690 3818 3759 ἐχο-

2255 3795 2376 3849 μεν,
2420 3778 2473 3832 τί
2502 3778 2608 3831 ἔδει
2638 3779 2731 3829 καὶ
2761 3779 3172 3848 ἀποθνήσκειν;
3229 3779 3288 3830 Ei
3315 3779 3371 3831 δὲ
3397 3779 3564 3847 ἀλλην
3598 3781 3667 3834 τὰ
3684 3782 3821 3834 αὐτὰ

2252 3870 2580 3941 δυναμένην,
2615 3870 2774 3924 τοῦτο
2800 3871 2898 3940 μὲν
2929 3868 3025 3924 οὖν
3056 3872 3155 3923 οὐκ
3187 3867 3253 3940 ἦν
3295 3872 3600 3940 ἀναστῆναι
3624 3888 3638 3901 ·
3690 3875 3739 3926 εί
3765 3874 3817 3926 δὲ

2253 3963 2350 4032 τὴν
2412 3961 2734 4031 ἀγγελικὴν,
2813 3963 2866 4014 τί
2899 3962 3081 4014 κοινὸν
3137 3963 3269 4029 ἡμῖν
3323 3963 3462 4030 πρὸς
3530 3964 3815 4027 ἐκείνουςς

2258 4054 2580 4124 ΙἈνθρωπος
2617 4053 2726 4123 γὰρ
2769 4054 2797 4105 ὁ
2821 4053 3023 4105 πεσώνο
3048 4052 3108 4103 τὸ
3141 4052 3197 4104 δὲ
3242 4052 3532 4122 ἀνθρώπου
3565 4059 3820 4116 πεσόντος

2254 4147 2488 4214 ἄγγελον
2538 4143 2677 4198 εἶναι
2701 4145 2794 4198 τὸν
2849 4144 3238 4212 ἀνιστάμενον,
3273 4145 3365 4195 τὸν
3401 4144 3693 4214 ἄνθρωπον
3723 4148 3820 4199 οὐκ

2253 4233 2321 4307 ἦν
2351 4236 2808 4290 ἀναπλάττεσθαι.
2844 4235 3230 4304 Παραπλήσιον
3262 4234 3369 4303 γὰρ
3394 4235 3583 4305 ὥσπερ
3614 4240 3666 4290 εἰ
3699 4256 3818 4290 συν-

2255 4328 2536 4395 τριϐέντος
2565 4327 2886 4396 ἀνδριάντος
2914 4327 3017 4378 οὐκ
3043 4327 3335 4397 ἀνθρώπου
3375 4330 3583 4397 μορφὴ,
3617 4325 3822 4381 ἀλλἐῐ-

2255 4420 2343 4483 δος
2381 4420 2568 4488 ἕτερον
2600 4417 2883 4470 ἐπετίθετο
2914 4417 2993 4487 τῷ
3019 4419 3205 4488 χαλκῷ
3225 4434 3241 4450 ο
3274 4419 3432 4471 τοῦτο
3461 4419 3570 4489 γὰρ
3617 4416 3688 4489 ἦν
3713 4424 3817 4473 ότιο

2257 4511 2352 4565 οὖν
2380 4510 2508 4565 ἄλλο
2536 4510 2812 4575 πλάττειν,
2844 4508 2902 4563 οὐ
2961 4509 3053 4562 τὸν
3095 4509 3389 4578 ἀνδριάντα
3432 4508 3816 4561 ἀναπλάττειν.

2258 4604 2356 4657 Διά
2385 4601 2558 4657 ταῦτα
2589 4601 2885 4654 ἀκόλουθόν
2917 4602 3032 4653 ἐστι
3067 4601 3167 4671 τὴν
3191 4600 3334 4670 ζωὴν
3368 4600 3575 4669 ταύτην
3604 4601 3820 4666 ἀνθρω-

2258 4695 2418 4748 πείαν
2450 4710 2509 4746 τε
2541 4688 2681 4745 εἶναι
2709 4694 2803 4745 καὶ
2834 4693 2961 4745 νέαν
3000 4691 3095 4745 καὶ
3120 4693 3219 4759 τῆς
3263 4695 3530 4762 προτέρας
3596 4693 3819 4745 καλλίωο

2258 4786 2430 4839 ταῦτα
2462 4786 2517 4837 δὲ
2566 4784 2743 4836 πάντα
2783 4784 2917 4855 μόνῃ
2966 4783 3251 4851 συμϐαίνει
3315 4787 3382 4853 τῇ
3423 4785 3518 4837 τοῦ
3578 4785 3824 4852 Σωτῆρος

2260 4878 2399 4948 ζωῇ.
2433 4875 2613 4947 Καινὴ
2642 4874 2740 4946 μὲν
2766 4875 2898 4944 γὰρ,
2953 4876 3031 4928 ὅτι
3063 4875 3200 4946 πρὸς
3251 4874 3353 4947 τὴν
3382 4876 3619 4930 παλαιὰν
3677 4876 3826 4928 οὐδὲν

2262 4969 2439 5022 κοινὸν
2462 4963 2598 5036 εἶχε,
2629 4964 2855 5018 καλλίων
2882 4964 2938 5018 δὲ
2968 4964 3077 5019 οὐδ’
3099 4967 3224 5019 ὅσον
3251 4964 3622 5036 ἐνθυμηθῆναι
3648 4982 3665 4997 ο
3690 4962 3824 5018 Θεοῦ

2263 5062 2395 5131 γὰρ,
2431 5061 2497 5128 τῇ
2532 5057 2693 5126 φύσει
2752 5056 2810 5110 δὲ
2847 5056 3045 5112 οἰκεία.
3104 5058 3217 5110 Καὶ
3251 5058 3360 5125 γὰρ
3417 5053 3485 5128 ἦν
3539 5056 3827 5126 ἀνθρώπου

2264 5154 2401 5227 ζωὴ,
2437 5153 2532 5208 καὶ
2577 5156 2607 5207 ὁ
2633 5150 2837 5220 ταύτην
2869 5151 3021 5219 βιοὺς
3052 5151 3306 5221 καθάπερ
3338 5152 3492 5215 Θεὸς,
3550 5149 3694 5203 οὕτω
3738 5149 3830 5200 καὶ

2263 5248 2365 5316 τῆς
2397 5245 2612 5314 φύσεως
2645 5244 2811 5299 ἕνεκα
2839 5243 2940 5313 τῆς
2962 5243 3310 5312 ἀνθρωπείας
3331 5242 3572 5311 καθαρὸς
3611 5240 3828 5308 ἁπάσης

2263 5336 2334 5410 ἦν
2367 5336 2664 5408 ἁμαρτίαςο
2696 5337 2904 5389 τούτων
2937 5334 3100 5389 ἕνεκα
3134 5335 3285 5388 πᾶσα
3338 5334 3555 5401 ἀνάγκη
3608 5333 3710 5401 τὴν
3737 5328 3829 5382 τοῦ

2268 5429 2506 5499 Χριστοῦ
2539 5426 2683 5497 ζωὴν
2716 5424 3189 5494 ἀναγεννωμένοις
3212 5424 3346 5492 ἡμῖν
3376 5421 3710 5482 ἀνατέλλειν,
3742 5418 3831 5471 διὰ

603 5531 765 5603 plane
812 5529 1180 5584 necessarium
1233 5537 1338 5582 est.
1374 5526 1456 5582 Ob
1498 5527 1547 5582 id
1576 5542 1794 5599 quoque
1837 5529 2043 5599 peccati
2075 5542 2141 5582 ex

2268 5522 2426 5573 τοῦτο
2471 5519 2564 5573 καὶ
2593 5518 2966 5588 ἀναμάρτητοι
3013 5515 3110 5569 τοῦ
3148 5515 3361 5577 ὓδατος⁹
3375 5510 3830 5579 ἀπαλλαττόμεθα

609 5601 788 5687 penes
821 5621 891 5675 ab
929 5634 1069 5691 aqua
1099 5618 1197 5674 ista
1227 5618 1585 5675 discedimus.
1611 5618 1769 5685 Quod
1796 5627 1852 5675 et
1882 5620 2010 5674 hinc
2039 5616 2141 5672 sati

2272 5613 2486 5667 τούτου.
2536 5611 2660 5667 Ἔτι
2682 5610 2739 5665 δὲ
2772 5611 2866 5665 καὶ
2896 5602 3000 5664 ὦδε
3031 5605 3241 5675 γίνεται
3275 5605 3454 5674 δῆλον.
3527 5605 3541 5625 ⁸
3562 5604 3609 5657 Η
3638 5601 3751 5671 γὰρ
3775 5601 3833 5652 ἐν

684 5803 755 5836 ⁶⁸’
782 5803 969 5860 Matth.
1022 5818 1154 5869 nu,
1191 5801 1245 5860 4.
1328 5801 1373 5835 ⁸⁸
1415 5796 1574 5858 Joan.
1611 5816 1666 5868 ι,
1725 5798 1813 5853 10.
1891 5799 1936 5832 ⁸⁷
1970 5795 2130 5853 Joan.
2163 5811 2247 5866 ut,
2286 5795 2373 5851 l9.
