  <div class='ocr_page' id='page_1' title='image "/cluster/home/n/w/nwhite01/storage/ocr_20150623/150/mdp.39015078384743/278.png"; bbox 0 0 4158 6306; ppageno 0'>
   <div class='ocr_carea' id='block_1_1' title="bbox 333 372 433 439">
    <p class='ocr_par' dir='ltr' id='par_1_1' title="bbox 333 372 433 439">
     <span class='ocr_line' id='line_1_1' title="bbox 333 372 433 439; baseline -0.01 0"><span class='ocrx_word' id='word_1_1' title='bbox 333 372 433 439; x_wconf 75' lang='grc'><strong>541</strong></span> 
     </span>
    </p>
   </div>
   <div class='ocr_carea' id='block_1_2' title="bbox 1398 379 2516 446">
    <p class='ocr_par' dir='ltr' id='par_1_2' title="bbox 1398 379 2516 446">
     <span class='ocr_line' id='line_1_2' title="bbox 1398 379 2516 446; baseline 0.002 -3"><span class='ocrx_word' id='word_1_2' title='bbox 1398 385 1491 443; x_wconf 89' lang='lat' dir='ltr'><strong>DE</strong></span> <span class='ocrx_word' id='word_1_3' title='bbox 1535 384 1707 446; x_wconf 74' lang='lat' dir='ltr'><strong>VITA</strong></span> <span class='ocrx_word' id='word_1_4' title='bbox 1746 383 1825 442; x_wconf 81' lang='grc' dir='ltr'><strong>ΙΝ</strong></span> <span class='ocrx_word' id='word_1_5' title='bbox 1869 379 2208 442; x_wconf 70' lang='lat' dir='ltr'><strong>CHRISTO</strong></span> <span class='ocrx_word' id='word_1_6' title='bbox 2248 383 2395 442; x_wconf 84' lang='lat' dir='ltr'><strong>LIB.</strong></span> <span class='ocrx_word' id='word_1_7' title='bbox 2441 383 2516 445; x_wconf 84' lang='lat' dir='ltr'><strong>ll.</strong></span> 
     </span>
    </p>
   </div>
   <div class='ocr_carea' id='block_1_3' title="bbox 3474 384 3581 447">
    <p class='ocr_par' dir='ltr' id='par_1_3' title="bbox 3474 384 3581 447">
     <span class='ocr_line' id='line_1_3' title="bbox 3474 384 3581 447; baseline 0.019 -2"><span class='ocrx_word' id='word_1_8' title='bbox 3474 384 3581 447; x_wconf 65' lang='lat'><strong>55°.</strong></span> 
     </span>
    </p>
   </div>
   <div class='ocr_carea' id='block_1_4' title="bbox 327 491 1897 569">
    <p class='ocr_par' dir='ltr' id='par_1_4' title="bbox 327 491 1897 569">
     <span class='ocr_line' id='line_1_4' title="bbox 327 491 1897 569; baseline 0.001 -22"><span class='ocrx_word' id='word_1_9' title='bbox 327 491 407 559; x_wconf 78' lang='grc' dir='ltr'><strong>τῷ</strong></span> <span class='ocrx_word' id='word_1_10' title='bbox 436 493 779 563; x_wconf 73' lang='grc' dir='ltr'><strong>βαπτίσματι</strong></span> <span class='ocrx_word' id='word_1_11' title='bbox 821 499 1072 566; x_wconf 77' lang='grc' dir='ltr'>γέννησις</span> <span class='ocrx_word' id='word_1_12' title='bbox 1130 498 1392 569; x_wconf 74' lang='grc' dir='ltr'>ἀρχὴτῆς</span> <span class='ocrx_word' id='word_1_13' title='bbox 1448 496 1749 569; x_wconf 73' lang='grc' dir='ltr'><strong>μελλούσης</strong></span> <span class='ocrx_word' id='word_1_14' title='bbox 1781 494 1897 548; x_wconf 71' lang='grc' dir='ltr'><strong>ἐστῖ</strong></span> 
     </span>
    </p>
   </div>
   <div class='ocr_carea' id='block_1_5' title="bbox 1998 491 3578 569">
    <p class='ocr_par' dir='ltr' id='par_1_5' title="bbox 2004 495 3578 567">
     <span class='ocr_line' id='line_1_5' title="bbox 2004 495 3578 567; baseline 0.003 -20"><span class='ocrx_word' id='word_1_15' title='bbox 2004 495 2353 564; x_wconf 68' lang='lat' dir='ltr'><strong>perspicitur.</strong></span> <span class='ocrx_word' id='word_1_16' title='bbox 2405 496 2699 550; x_wconf 37' lang='lat' dir='ltr'><strong>(It-neralia</strong></span> <span class='ocrx_word' id='word_1_17' title='bbox 2746 498 2888 551; x_wconf 89' lang='lat' dir='ltr'><strong>enim</strong></span> <span class='ocrx_word' id='word_1_18' title='bbox 2945 499 2997 551; x_wconf 92' lang='lat' dir='ltr'><strong>in</strong></span> <span class='ocrx_word' id='word_1_19' title='bbox 3046 498 3315 567; x_wconf 80' lang='lat' dir='ltr'><strong>baptismo</strong></span> <span class='ocrx_word' id='word_1_20' title='bbox 3381 497 3578 553; x_wconf 70' lang='lat' dir='ltr'><strong>futura:</strong></span> 
     </span>
    </p>
   </div>
   <div class='ocr_carea' id='block_1_6' title="bbox 330 582 1896 659">
    <p class='ocr_par' dir='ltr' id='par_1_6' title="bbox 330 582 1896 659">
     <span class='ocr_line' id='line_1_6' title="bbox 330 582 1896 659; baseline 0.001 -23"><span class='ocrx_word' id='word_1_21' title='bbox 330 582 498 654; x_wconf 77' lang='grc' dir='ltr'>ζωῆς,</span> <span class='ocrx_word' id='word_1_22' title='bbox 529 586 626 639; x_wconf 69' lang='grc' dir='ltr'>καὶ</span> <span class='ocrx_word' id='word_1_23' title='bbox 678 588 712 657; x_wconf 87' lang='grc' dir='ltr'><strong>ή</strong></span> <span class='ocrx_word' id='word_1_24' title='bbox 737 587 849 640; x_wconf 81' lang='grc' dir='ltr'><strong>τῶν</strong></span> <span class='ocrx_word' id='word_1_25' title='bbox 881 588 1081 642; x_wconf 75' lang='grc' dir='ltr'>καινιῖιν</span> <span class='ocrx_word' id='word_1_26' title='bbox 1113 590 1295 659; x_wconf 83' lang='grc' dir='ltr'>μελῶν</span> <span class='ocrx_word' id='word_1_27' title='bbox 1325 590 1548 644; x_wconf 79' lang='grc' dir='ltr'>καὶτῶν</span> <span class='ocrx_word' id='word_1_28' title='bbox 1579 589 1896 656; x_wconf 84' lang='grc' dir='ltr'>αἰσθήσεων</span> 
     </span>
    </p>
   </div>
   <div class='ocr_carea' id='block_1_7' title="bbox 334 676 1898 751">
    <p class='ocr_par' dir='ltr' id='par_1_7' title="bbox 334 676 1898 751">
     <span class='ocr_line' id='line_1_7' title="bbox 334 676 1898 751; baseline -0.01 -5"><span class='ocrx_word' id='word_1_29' title='bbox 334 676 533 745; x_wconf 67' lang='grc' dir='ltr'><strong>κομιδὴ</strong></span> <span class='ocrx_word' id='word_1_30' title='bbox 562 679 665 748; x_wconf 77' lang='grc' dir='ltr'><strong>τῆς</strong></span> <span class='ocrx_word' id='word_1_31' title='bbox 694 681 811 733; x_wconf 75' lang='grc' dir='ltr'>ἐκεῖ</span> <span class='ocrx_word' id='word_1_32' title='bbox 846 681 1059 750; x_wconf 79' lang='grc' dir='ltr'><strong>διαίτης</strong></span> <span class='ocrx_word' id='word_1_33' title='bbox 1091 684 1439 751; x_wconf 87' lang='grc' dir='ltr'>παρασκευή·</span> <span class='ocrx_word' id='word_1_34' title='bbox 1467 680 1898 749; x_wconf 79' lang='grc' dir='ltr'>παρασκευάσα-</span> 
     </span>
    </p>
   </div>
   <div class='ocr_carea' id='block_1_8' title="bbox 332 765 1898 839">
    <p class='ocr_par' dir='ltr' id='par_1_8' title="bbox 332 765 1898 839">
     <span class='ocr_line' id='line_1_8' title="bbox 332 765 1898 839; baseline 0.001 -22"><span class='ocrx_word' id='word_1_35' title='bbox 332 765 457 817; x_wconf 78' lang='grc' dir='ltr'>σθαι</span> <span class='ocrx_word' id='word_1_36' title='bbox 504 767 562 820; x_wconf 65' lang='grc' dir='ltr'>δὲ</span> <span class='ocrx_word' id='word_1_37' title='bbox 592 766 728 837; x_wconf 82' lang='grc' dir='ltr'>πρὸς</span> <span class='ocrx_word' id='word_1_38' title='bbox 782 768 844 821; x_wconf 76' lang='grc' dir='ltr'>τὸ</span> <span class='ocrx_word' id='word_1_39' title='bbox 881 770 1074 838; x_wconf 74' lang='grc' dir='ltr'>μέλλον</span> <span class='ocrx_word' id='word_1_40' title='bbox 1119 772 1218 824; x_wconf 83' lang='grc' dir='ltr'>οὐκ</span> <span class='ocrx_word' id='word_1_41' title='bbox 1268 771 1416 824; x_wconf 78' lang='grc' dir='ltr'>ἔστιν</span> <span class='ocrx_word' id='word_1_42' title='bbox 1463 770 1688 839; x_wconf 75' lang='grc' dir='ltr'>ἑτέρως,</span> <span class='ocrx_word' id='word_1_43' title='bbox 1733 768 1768 837; x_wconf 83' lang='grc' dir='ltr'>ἢ</span> <span class='ocrx_word' id='word_1_44' title='bbox 1798 769 1898 836; x_wconf 74' lang='grc' dir='ltr'><strong>τὴν</strong></span> 
     </span>
    </p>
   </div>
   <div class='ocr_carea' id='block_1_9' title="bbox 334 854 1895 931">
    <p class='ocr_par' dir='ltr' id='par_1_9' title="bbox 334 854 1895 931">
     <span class='ocr_line' id='line_1_9' title="bbox 334 854 1895 931; baseline 0.001 -24"><span class='ocrx_word' id='word_1_45' title='bbox 334 854 427 908; x_wconf 76' lang='grc' dir='ltr'><strong>τοῦ</strong></span> <span class='ocrx_word' id='word_1_46' title='bbox 453 856 692 925; x_wconf 78' lang='grc' dir='ltr'><strong>Χριστοῦ</strong></span> <span class='ocrx_word' id='word_1_47' title='bbox 728 858 874 925; x_wconf 80' lang='grc' dir='ltr'>ζωὴν</span> <span class='ocrx_word' id='word_1_48' title='bbox 907 859 1114 913; x_wconf 75' lang='grc' dir='ltr'>ἐνθένδε</span> <span class='ocrx_word' id='word_1_49' title='bbox 1147 861 1249 931; x_wconf 75' lang='grc' dir='ltr'>ἤδη</span> <span class='ocrx_word' id='word_1_50' title='bbox 1301 859 1584 922; x_wconf 73' lang='grc' dir='ltr'>λαϐόντας,</span> <span class='ocrx_word' id='word_1_51' title='bbox 1620 859 1679 920; x_wconf 80' lang='grc' dir='ltr'>ὃς</span> <span class='ocrx_word' id='word_1_52' title='bbox 1714 858 1895 926; x_wconf 75' lang='grc' dir='ltr'>πατὴρ</span> 
     </span>
    </p>
   </div>
   <div class='ocr_carea' id='block_1_10' title="bbox 331 945 1896 1020">
    <p class='ocr_par' dir='ltr' id='par_1_10' title="bbox 331 945 1896 1020">
     <span class='ocr_line' id='line_1_10' title="bbox 331 945 1896 1020; baseline 0.002 -23"><span class='ocrx_word' id='word_1_53' title='bbox 331 946 549 1013; x_wconf 75' lang='grc' dir='ltr'>ἐγένετο</span> <span class='ocrx_word' id='word_1_54' title='bbox 603 947 699 1000; x_wconf 84' lang='grc' dir='ltr'><strong>τοῦ</strong></span> <span class='ocrx_word' id='word_1_55' title='bbox 731 948 1016 1016; x_wconf 80' lang='grc' dir='ltr'>μέλλοντος</span> <span class='ocrx_word' id='word_1_56' title='bbox 1059 952 1258 1014; x_wconf 84' lang='grc' dir='ltr'>αἰῶνος</span> <span class='ocrx_word' id='word_1_57' title='bbox 1308 951 1497 1020; x_wconf 81' lang='grc' dir='ltr'>ὥσπερ</span> <span class='ocrx_word' id='word_1_58' title='bbox 1536 951 1564 1002; x_wconf 88' lang='lat'><strong>6</strong></span> <span class='ocrx_word' id='word_1_59' title='bbox 1593 948 1766 1016; x_wconf 76' lang='grc' dir='ltr'>Ἀδὰμ</span> <span class='ocrx_word' id='word_1_60' title='bbox 1801 945 1896 1001; x_wconf 86' lang='grc' dir='ltr'><strong>τοῦ</strong></span> 
     </span>
    </p>
   </div>
   <div class='ocr_carea' id='block_1_11' title="bbox 333 1037 1897 1115">
    <p class='ocr_par' dir='ltr' id='par_1_11' title="bbox 333 1037 1897 1115">
     <span class='ocr_line' id='line_1_11' title="bbox 333 1037 1897 1115; baseline 0.017 -26"><span class='ocrx_word' id='word_1_61' title='bbox 333 1037 620 1109; x_wconf 76' lang='grc' dir='ltr'><strong>παρόντος·</strong></span> <span class='ocrx_word' id='word_1_62' title='bbox 655 1042 756 1111; x_wconf 81' lang='grc' dir='ltr'>τῆς</span> <span class='ocrx_word' id='word_1_63' title='bbox 790 1043 894 1112; x_wconf 76' lang='grc' dir='ltr'><strong>γὰρ</strong></span> <span class='ocrx_word' id='word_1_64' title='bbox 934 1044 993 1094; x_wconf 84' lang='grc' dir='ltr'>ἐν</span> <span class='ocrx_word' id='word_1_65' title='bbox 1033 1045 1210 1115; x_wconf 78' lang='grc' dir='ltr'>φθορᾷ</span> <span class='ocrx_word' id='word_1_66' title='bbox 1244 1042 1389 1111; x_wconf 74' lang='grc' dir='ltr'><strong>ζωῆς</strong></span> <span class='ocrx_word' id='word_1_67' title='bbox 1442 1042 1603 1105; x_wconf 60' lang='grc' dir='ltr'>αὐτὸς</span> <span class='ocrx_word' id='word_1_68' title='bbox 1648 1043 1897 1112; x_wconf 79' lang='grc' dir='ltr'><strong>ἡγήσατο</strong></span> 
     </span>
    </p>
   </div>
   <div class='ocr_carea' id='block_1_12' title="bbox 331 1129 1896 1204">
    <p class='ocr_par' dir='ltr' id='par_1_12' title="bbox 331 1129 1896 1204">
     <span class='ocr_line' id='line_1_12' title="bbox 331 1129 1896 1204; baseline 0.003 -25"><span class='ocrx_word' id='word_1_69' title='bbox 331 1131 441 1192; x_wconf 72' lang='grc' dir='ltr'>τ-εἶς</span> <span class='ocrx_word' id='word_1_70' title='bbox 477 1129 809 1200; x_wconf 82' lang='grc' dir='ltr'>ἀνθρώποις.</span> <span class='ocrx_word' id='word_1_71' title='bbox 837 1131 1100 1204; x_wconf 79' lang='grc' dir='ltr'>Καθάπερ</span> <span class='ocrx_word' id='word_1_72' title='bbox 1133 1135 1242 1204; x_wconf 83' lang='grc' dir='ltr'>γὰρ</span> <span class='ocrx_word' id='word_1_73' title='bbox 1270 1133 1371 1186; x_wconf 79' lang='grc' dir='ltr'>οὐκ</span> <span class='ocrx_word' id='word_1_74' title='bbox 1411 1134 1490 1186; x_wconf 78' lang='grc' dir='ltr'><strong>ενι</strong></span> <span class='ocrx_word' id='word_1_75' title='bbox 1519 1133 1713 1202; x_wconf 85' lang='grc' dir='ltr'>βιῶναί</span> <span class='ocrx_word' id='word_1_76' title='bbox 1744 1133 1896 1186; x_wconf 85' lang='grc' dir='ltr'><strong>τόνδε</strong></span> 
     </span>
    </p>
   </div>
   <div class='ocr_carea' id='block_1_13' title="bbox 333 1215 1896 1293">
    <p class='ocr_par' dir='ltr' id='par_1_13' title="bbox 333 1215 1896 1293">
     <span class='ocr_line' id='line_1_13' title="bbox 333 1215 1896 1293; baseline 0.004 -26"><span class='ocrx_word' id='word_1_77' title='bbox 333 1216 424 1268; x_wconf 78' lang='grc' dir='ltr'><strong>τὸν</strong></span> <span class='ocrx_word' id='word_1_78' title='bbox 455 1215 573 1286; x_wconf 75' lang='grc' dir='ltr'>βίον</span> <span class='ocrx_word' id='word_1_79' title='bbox 634 1218 725 1272; x_wconf 74' lang='grc' dir='ltr'><strong>τὸν</strong></span> <span class='ocrx_word' id='word_1_80' title='bbox 757 1221 1119 1289; x_wconf 73' lang='grc' dir='ltr'>ἀνθρώπινον,</span> <span class='ocrx_word' id='word_1_81' title='bbox 1178 1224 1252 1293; x_wconf 83' lang='grc' dir='ltr'>μὴ</span> <span class='ocrx_word' id='word_1_82' title='bbox 1312 1224 1408 1287; x_wconf 82' lang='grc' dir='ltr'>τὰς</span> <span class='ocrx_word' id='word_1_83' title='bbox 1457 1223 1745 1293; x_wconf 72' lang='grc' dir='ltr'><strong>αἰσθήσεις</strong></span> <span class='ocrx_word' id='word_1_84' title='bbox 1797 1221 1896 1274; x_wconf 82' lang='grc' dir='ltr'><strong>τοῦ</strong></span> 
     </span>
    </p>
   </div>
   <div class='ocr_carea' id='block_1_14' title="bbox 342 1308 1896 1385">
    <p class='ocr_par' dir='ltr' id='par_1_14' title="bbox 342 1308 1896 1385">
     <span class='ocr_line' id='line_1_14' title="bbox 342 1308 1896 1385; baseline 0.005 -25"><span class='ocrx_word' id='word_1_85' title='bbox 342 1308 516 1379; x_wconf 72' lang='grc' dir='ltr'>Ἀδὰμ</span> <span class='ocrx_word' id='word_1_86' title='bbox 604 1312 700 1365; x_wconf 74' lang='grc' dir='ltr'><strong>καὶ</strong></span> <span class='ocrx_word' id='word_1_87' title='bbox 772 1313 869 1377; x_wconf 75' lang='grc' dir='ltr'><strong>τὰς</strong></span> <span class='ocrx_word' id='word_1_88' title='bbox 946 1315 1075 1385; x_wconf 77' lang='grc' dir='ltr'>περὶ</span> <span class='ocrx_word' id='word_1_89' title='bbox 1130 1315 1190 1368; x_wconf 74' lang='grc' dir='ltr'><strong>τό</strong></span> <span class='ocrx_word' id='word_1_90' title='bbox 1260 1313 1363 1385; x_wconf 81' lang='grc' dir='ltr'>ζῇν</span> <span class='ocrx_word' id='word_1_91' title='bbox 1430 1314 1690 1385; x_wconf 82' lang='grc' dir='ltr'>δυνάμεις</span> <span class='ocrx_word' id='word_1_92' title='bbox 1764 1315 1896 1368; x_wconf 83' lang='grc' dir='ltr'>ταύ-</span> 
     </span>
    </p>
   </div>
   <div class='ocr_carea' id='block_1_15' title="bbox 328 1398 1895 1472">
    <p class='ocr_par' dir='ltr' id='par_1_15' title="bbox 328 1398 1895 1472">
     <span class='ocr_line' id='line_1_15' title="bbox 328 1398 1895 1472; baseline -0.001 -15"><span class='ocrx_word' id='word_1_93' title='bbox 328 1413 424 1457; x_wconf 70' lang='grc' dir='ltr'><strong>τας</strong></span> <span class='ocrx_word' id='word_1_94' title='bbox 505 1398 573 1470; x_wconf 75' lang='grc' dir='ltr'>δὴ</span> <span class='ocrx_word' id='word_1_95' title='bbox 640 1401 739 1463; x_wconf 67' lang='grc' dir='ltr'><strong>τὰς</strong></span> <span class='ocrx_word' id='word_1_96' title='bbox 808 1402 1155 1472; x_wconf 73' lang='grc' dir='ltr'><strong>ἀνθρωπείας</strong></span> <span class='ocrx_word' id='word_1_97' title='bbox 1237 1404 1514 1458; x_wconf 77' lang='grc' dir='ltr'>λαϐόντα·</span> <span class='ocrx_word' id='word_1_98' title='bbox 1593 1405 1685 1459; x_wconf 68' lang='grc' dir='ltr'>τὸν</span> <span class='ocrx_word' id='word_1_99' title='bbox 1777 1404 1895 1458; x_wconf 71' lang='grc' dir='ltr'>ἴσον</span> 
     </span>
    </p>
   </div>
   <div class='ocr_carea' id='block_1_16' title="bbox 328 1492 1895 1567">
    <p class='ocr_par' dir='ltr' id='par_1_16' title="bbox 328 1492 1895 1567">
     <span class='ocr_line' id='line_1_16' title="bbox 328 1492 1895 1567; baseline 0.006 -27"><span class='ocrx_word' id='word_1_100' title='bbox 328 1492 530 1557; x_wconf 82' lang='grc' dir='ltr'><strong>τρόπον</strong></span> <span class='ocrx_word' id='word_1_101' title='bbox 592 1492 715 1546; x_wconf 74' lang='grc' dir='ltr'>οὐδὲ</span> <span class='ocrx_word' id='word_1_102' title='bbox 768 1495 906 1562; x_wconf 69' lang='grc' dir='ltr'>πρὸς</span> <span class='ocrx_word' id='word_1_103' title='bbox 947 1495 1039 1549; x_wconf 71' lang='grc' dir='ltr'><strong>τδν</strong></span> <span class='ocrx_word' id='word_1_104' title='bbox 1094 1496 1368 1566; x_wconf 82' lang='grc' dir='ltr'>μακάριον</span> <span class='ocrx_word' id='word_1_105' title='bbox 1421 1499 1633 1550; x_wconf 77' lang='grc' dir='ltr'>ἐκεῖνον</span> <span class='ocrx_word' id='word_1_106' title='bbox 1687 1495 1895 1567; x_wconf 78' lang='grc' dir='ltr'><strong>κόσμον</strong></span> 
     </span>
    </p>
   </div>
   <div class='ocr_carea' id='block_1_17' title="bbox 330 1581 1894 1660">
    <p class='ocr_par' dir='ltr' id='par_1_17' title="bbox 330 1581 1894 1660">
     <span class='ocr_line' id='line_1_17' title="bbox 330 1581 1894 1660; baseline -0.003 -14"><span class='ocrx_word' id='word_1_107' title='bbox 330 1581 507 1646; x_wconf 71' lang='grc' dir='ltr'>ζῶντα</span> <span class='ocrx_word' id='word_1_108' title='bbox 536 1586 807 1655; x_wconf 76' lang='grc' dir='ltr'>χωρῆσαι,</span> <span class='ocrx_word' id='word_1_109' title='bbox 843 1588 919 1657; x_wconf 81' lang='grc' dir='ltr'>μὴ</span> <span class='ocrx_word' id='word_1_110' title='bbox 941 1590 1006 1658; x_wconf 80' lang='grc' dir='ltr'>τῇ</span> <span class='ocrx_word' id='word_1_111' title='bbox 1038 1585 1132 1641; x_wconf 84' lang='grc' dir='ltr'><strong>τοῦ</strong></span> <span class='ocrx_word' id='word_1_112' title='bbox 1163 1588 1405 1658; x_wconf 78' lang='grc' dir='ltr'><strong>Χριστοῦ</strong></span> <span class='ocrx_word' id='word_1_113' title='bbox 1434 1591 1546 1660; x_wconf 77' lang='grc' dir='ltr'>ζωῇ</span> <span class='ocrx_word' id='word_1_114' title='bbox 1579 1605 1860 1660; x_wconf 84' lang='grc' dir='ltr'>παρεσκευ</span> <span class='ocrx_word' id='word_1_115' title='bbox 1880 1618 1894 1629; x_wconf 88' lang='lat'><strong>-</strong></span> 
     </span>
    </p>
   </div>
   <div class='ocr_carea' id='block_1_18' title="bbox 328 1674 1896 1748">
    <p class='ocr_par' dir='ltr' id='par_1_18' title="bbox 328 1674 1896 1748">
     <span class='ocr_line' id='line_1_18' title="bbox 328 1674 1896 1748; baseline 0.007 -23"><span class='ocrx_word' id='word_1_116' title='bbox 328 1674 565 1742; x_wconf 80' lang='grc' dir='ltr'>ασμένον</span> <span class='ocrx_word' id='word_1_117' title='bbox 592 1678 686 1730; x_wconf 80' lang='grc' dir='ltr'>καὶ</span> <span class='ocrx_word' id='word_1_118' title='bbox 724 1678 867 1731; x_wconf 79' lang='grc' dir='ltr'>κατὰ</span> <span class='ocrx_word' id='word_1_119' title='bbox 895 1680 992 1748; x_wconf 80' lang='grc' dir='ltr'>τὴν</span> <span class='ocrx_word' id='word_1_120' title='bbox 1011 1680 1195 1735; x_wconf 90' lang='grc' dir='ltr'>εἰκόνα</span> <span class='ocrx_word' id='word_1_121' title='bbox 1223 1681 1550 1735; x_wconf 79' lang='grc' dir='ltr'><strong>πλασθέντα.</strong></span> <span class='ocrx_word' id='word_1_122' title='bbox 1578 1682 1689 1735; x_wconf 75' lang='grc' dir='ltr'><strong>Καὶ</strong></span> <span class='ocrx_word' id='word_1_123' title='bbox 1719 1681 1896 1745; x_wconf 72' lang='grc' dir='ltr'>ἄλλως</span> 
     </span>
    </p>
   </div>
   <div class='ocr_carea' id='block_1_19' title="bbox 327 1765 1896 1844">
    <p class='ocr_par' dir='ltr' id='par_1_19' title="bbox 327 1765 1896 1844">
     <span class='ocr_line' id='line_1_19' title="bbox 327 1765 1896 1844; baseline 0.005 -27"><span class='ocrx_word' id='word_1_124' title='bbox 327 1765 385 1817; x_wconf 83' lang='grc' dir='ltr'>δὲ</span> <span class='ocrx_word' id='word_1_125' title='bbox 423 1765 675 1836; x_wconf 74' lang='grc' dir='ltr'>γέννησίς</span> <span class='ocrx_word' id='word_1_126' title='bbox 732 1769 850 1822; x_wconf 68' lang='grc' dir='ltr'>ἑστι</span> <span class='ocrx_word' id='word_1_127' title='bbox 903 1770 964 1823; x_wconf 77' lang='grc' dir='ltr'><strong>τὸ</strong></span> <span class='ocrx_word' id='word_1_128' title='bbox 992 1771 1233 1843; x_wconf 83' lang='grc' dir='ltr'>λουτρόν,</span> <span class='ocrx_word' id='word_1_129' title='bbox 1289 1774 1385 1826; x_wconf 79' lang='grc' dir='ltr'>καὶ</span> <span class='ocrx_word' id='word_1_130' title='bbox 1426 1774 1591 1844; x_wconf 76' lang='grc' dir='ltr'>γεννᾷ</span> <span class='ocrx_word' id='word_1_131' title='bbox 1620 1774 1718 1843; x_wconf 79' lang='grc' dir='ltr'>μὲν</span> <span class='ocrx_word' id='word_1_132' title='bbox 1751 1774 1896 1826; x_wconf 62' lang='grc' dir='ltr'>ἐκεῖ.</span> 
     </span>
    </p>
   </div>
   <div class='ocr_carea' id='block_1_20' title="bbox 328 1858 1894 1935">
    <p class='ocr_par' dir='ltr' id='par_1_20' title="bbox 328 1858 1894 1935">
     <span class='ocr_line' id='line_1_20' title="bbox 328 1858 1894 1935; baseline 0.004 -26"><span class='ocrx_word' id='word_1_133' title='bbox 328 1875 438 1923; x_wconf 86' lang='grc' dir='ltr'>νος,</span> <span class='ocrx_word' id='word_1_134' title='bbox 462 1858 781 1929; x_wconf 79' lang='grc' dir='ltr'>γεννώμεθα</span> <span class='ocrx_word' id='word_1_135' title='bbox 830 1861 887 1913; x_wconf 82' lang='grc' dir='ltr'>δὲ</span> <span class='ocrx_word' id='word_1_136' title='bbox 921 1864 1105 1931; x_wconf 74' lang='grc' dir='ltr'>ἡμεῖς’</span> <span class='ocrx_word' id='word_1_137' title='bbox 1134 1862 1211 1932; x_wconf 80' lang='grc' dir='ltr'><strong>τῷ</strong></span> <span class='ocrx_word' id='word_1_138' title='bbox 1240 1863 1296 1916; x_wconf 76' lang='grc' dir='ltr'>δὲ</span> <span class='ocrx_word' id='word_1_139' title='bbox 1348 1865 1678 1935; x_wconf 77' lang='grc' dir='ltr'>γεννωμένῳ</span> <span class='ocrx_word' id='word_1_140' title='bbox 1728 1863 1894 1918; x_wconf 84' lang='grc' dir='ltr'>παντί</span> 
     </span>
    </p>
   </div>
   <div class='ocr_carea' id='block_1_21' title="bbox 332 1951 1892 2027">
    <p class='ocr_par' dir='ltr' id='par_1_21' title="bbox 332 1951 1892 2027">
     <span class='ocr_line' id='line_1_21' title="bbox 332 1951 1892 2027; baseline 0.006 -27"><span class='ocrx_word' id='word_1_141' title='bbox 332 1966 436 2001; x_wconf 83' lang='grc' dir='ltr'><strong>που</strong></span> <span class='ocrx_word' id='word_1_142' title='bbox 491 1951 672 2020; x_wconf 80' lang='grc' dir='ltr'>δῆλον,</span> <span class='ocrx_word' id='word_1_143' title='bbox 721 1951 797 2015; x_wconf 84' lang='grc' dir='ltr'><strong>ὡς</strong></span> <span class='ocrx_word' id='word_1_144' title='bbox 828 1952 937 2024; x_wconf 79' lang='grc' dir='ltr'>ἄρα</span> <span class='ocrx_word' id='word_1_145' title='bbox 993 1954 1092 2023; x_wconf 79' lang='grc' dir='ltr'>τὴν</span> <span class='ocrx_word' id='word_1_146' title='bbox 1145 1954 1341 2009; x_wconf 79' lang='grc' dir='ltr'>ἑαυτοῦ</span> <span class='ocrx_word' id='word_1_147' title='bbox 1381 1955 1527 2027; x_wconf 83' lang='grc' dir='ltr'>ζωὴν</span> <span class='ocrx_word' id='word_1_148' title='bbox 1558 1957 1833 2026; x_wconf 81' lang='grc' dir='ltr'><strong>ἐντίθησιν</strong></span> <span class='ocrx_word' id='word_1_149' title='bbox 1863 1959 1892 2010; x_wconf 91' lang='grc' dir='ltr'><strong>ό</strong></span> 
     </span>
    </p>
   </div>
   <div class='ocr_carea' id='block_1_22' title="bbox 329 2040 554 2111">
    <p class='ocr_par' dir='ltr' id='par_1_22' title="bbox 329 2040 554 2111">
     <span class='ocr_line' id='line_1_22' title="bbox 329 2040 554 2111; baseline 0.013 -16"><span class='ocrx_word' id='word_1_150' title='bbox 329 2040 554 2111; x_wconf 82' lang='grc' dir='ltr'>γεννῶν.</span> 
     </span>
    </p>
   </div>
   <div class='ocr_carea' id='block_1_23' title="bbox 414 2136 1892 2212">
    <p class='ocr_par' dir='ltr' id='par_1_23' title="bbox 414 2136 1892 2212">
     <span class='ocr_line' id='line_1_23' title="bbox 414 2136 1892 2212; baseline 0.003 -22"><span class='ocrx_word' id='word_1_151' title='bbox 414 2136 678 2192; x_wconf 82' lang='grc' dir='ltr'>Ἐνταῦθα</span> <span class='ocrx_word' id='word_1_152' title='bbox 733 2138 791 2190; x_wconf 75' lang='grc' dir='ltr'>δὲ</span> <span class='ocrx_word' id='word_1_153' title='bbox 846 2136 939 2191; x_wconf 75' lang='grc' dir='ltr'>καὶ</span> <span class='ocrx_word' id='word_1_154' title='bbox 972 2136 1249 2207; x_wconf 79' lang='grc' dir='ltr'>θαυμάσαι</span> <span class='ocrx_word' id='word_1_155' title='bbox 1301 2157 1386 2201; x_wconf 82' lang='grc' dir='ltr'><strong>τις</strong></span> <span class='ocrx_word' id='word_1_156' title='bbox 1434 2139 1520 2192; x_wconf 82' lang='grc' dir='ltr'><strong>ἄν.</strong></span> <span class='ocrx_word' id='word_1_157' title='bbox 1572 2140 1646 2192; x_wconf 84' lang='grc' dir='ltr'><strong>υῦ</strong></span> <span class='ocrx_word' id='word_1_158' title='bbox 1694 2139 1804 2212; x_wconf 78' lang='grc' dir='ltr'><strong>γὰρ</strong></span> <span class='ocrx_word' id='word_1_159' title='bbox 1842 2142 1892 2194; x_wconf 90' lang='grc' dir='ltr'><strong>οἰ</strong></span> 
     </span>
    </p>
   </div>
   <div class='ocr_carea' id='block_1_24' title="bbox 331 2224 1893 2303">
    <p class='ocr_par' dir='ltr' id='par_1_24' title="bbox 331 2224 1893 2303">
     <span class='ocr_line' id='line_1_24' title="bbox 331 2224 1893 2303; baseline 0.004 -23"><span class='ocrx_word' id='word_1_160' title='bbox 331 2227 647 2296; x_wconf 76' lang='grc' dir='ltr'>λελουμένοι</span> <span class='ocrx_word' id='word_1_161' title='bbox 710 2231 893 2302; x_wconf 81' lang='grc' dir='ltr'>μόνον,</span> <span class='ocrx_word' id='word_1_162' title='bbox 935 2232 1051 2285; x_wconf 78' lang='grc' dir='ltr'>ἀλλ’</span> <span class='ocrx_word' id='word_1_163' title='bbox 1080 2233 1180 2303; x_wconf 79' lang='grc' dir='ltr'><strong>ήδη</strong></span> <span class='ocrx_word' id='word_1_164' title='bbox 1211 2224 1296 2295; x_wconf 78' lang='grc' dir='ltr'>οἷς</span> <span class='ocrx_word' id='word_1_165' title='bbox 1328 2232 1427 2285; x_wconf 78' lang='grc' dir='ltr'>οὐκ</span> <span class='ocrx_word' id='word_1_166' title='bbox 1471 2232 1753 2302; x_wconf 75' lang='grc' dir='ltr'>ἐξεγένετο</span> <span class='ocrx_word' id='word_1_167' title='bbox 1785 2252 1893 2287; x_wconf 84' lang='grc' dir='ltr'>πα-</span> 
     </span>
    </p>
   </div>
   <div class='ocr_carea' id='block_1_25' title="bbox 334 2321 1893 2395">
    <p class='ocr_par' dir='ltr' id='par_1_25' title="bbox 334 2321 1893 2395">
     <span class='ocr_line' id='line_1_25' title="bbox 334 2321 1893 2395; baseline 0.004 -23"><span class='ocrx_word' id='word_1_168' title='bbox 334 2321 783 2389; x_wconf 78' lang='grc' dir='ltr'>ρασκευασθῆναι</span> <span class='ocrx_word' id='word_1_169' title='bbox 817 2326 953 2393; x_wconf 66' lang='grc' dir='ltr'>πρὸς</span> <span class='ocrx_word' id='word_1_170' title='bbox 981 2324 1070 2377; x_wconf 72' lang='grc' dir='ltr'><strong>τὸν</strong></span> <span class='ocrx_word' id='word_1_171' title='bbox 1101 2324 1369 2377; x_wconf 84' lang='grc' dir='ltr'>ἀθάνατον</span> <span class='ocrx_word' id='word_1_172' title='bbox 1396 2324 1511 2392; x_wconf 80' lang='grc' dir='ltr'>βίον</span> <span class='ocrx_word' id='word_1_173' title='bbox 1551 2328 1620 2395; x_wconf 79' lang='grc' dir='ltr'><strong>τῇ</strong></span> <span class='ocrx_word' id='word_1_174' title='bbox 1666 2326 1893 2395; x_wconf 75' lang='grc' dir='ltr'><strong>δυνάμει</strong></span> 
     </span>
    </p>
   </div>
   <div class='ocr_carea' id='block_1_26' title="bbox 326 2412 1893 2490">
    <p class='ocr_par' dir='ltr' id='par_1_26' title="bbox 326 2412 1893 2490">
     <span class='ocr_line' id='line_1_26' title="bbox 326 2412 1893 2490; baseline 0.006 -25"><span class='ocrx_word' id='word_1_175' title='bbox 326 2412 443 2467; x_wconf 83' lang='grc' dir='ltr'><strong>τῶν</strong></span> <span class='ocrx_word' id='word_1_176' title='bbox 475 2417 810 2485; x_wconf 79' lang='grc' dir='ltr'>μυστηρίων,</span> <span class='ocrx_word' id='word_1_177' title='bbox 844 2420 935 2470; x_wconf 75' lang='grc' dir='ltr'>καὶ</span> <span class='ocrx_word' id='word_1_178' title='bbox 965 2416 1153 2481; x_wconf 81' lang='grc' dir='ltr'>ἁπλῶς</span> <span class='ocrx_word' id='word_1_179' title='bbox 1173 2417 1448 2490; x_wconf 80' lang='grc' dir='ltr'>ἄνθρωποι</span> <span class='ocrx_word' id='word_1_180' title='bbox 1470 2418 1673 2482; x_wconf 82' lang='grc' dir='ltr'>πάντες</span> <span class='ocrx_word' id='word_1_181' title='bbox 1701 2421 1893 2490; x_wconf 76' lang='grc' dir='ltr'>ἀγήρω</span> 
     </span>
    </p>
   </div>
   <div class='ocr_carea' id='block_1_27' title="bbox 330 2508 1890 2583">
    <p class='ocr_par' dir='ltr' id='par_1_27' title="bbox 330 2508 1890 2583">
     <span class='ocr_line' id='line_1_27' title="bbox 330 2508 1890 2583; baseline 0.005 -23"><span class='ocrx_word' id='word_1_182' title='bbox 330 2508 652 2575; x_wconf 79' lang='grc' dir='ltr'>κομιοῦνται</span> <span class='ocrx_word' id='word_1_183' title='bbox 681 2509 749 2562; x_wconf 77' lang='grc' dir='ltr'><strong>τὰ</strong></span> <span class='ocrx_word' id='word_1_184' title='bbox 784 2513 1010 2580; x_wconf 83' lang='grc' dir='ltr'>σώματα</span> <span class='ocrx_word' id='word_1_185' title='bbox 1038 2511 1132 2563; x_wconf 78' lang='grc' dir='ltr'>καὶ</span> <span class='ocrx_word' id='word_1_186' title='bbox 1182 2511 1577 2580; x_wconf 84' lang='grc' dir='ltr'>ἀναστήσονται</span> <span class='ocrx_word' id='word_1_187' title='bbox 1599 2512 1890 2583; x_wconf 76' lang='grc' dir='ltr'>ἄφθαρτοι.</span> 
     </span>
    </p>
   </div>
   <div class='ocr_carea' id='block_1_28' title="bbox 330 2601 1894 2675">
    <p class='ocr_par' dir='ltr' id='par_1_28' title="bbox 330 2601 1894 2675">
     <span class='ocr_line' id='line_1_28' title="bbox 330 2601 1894 2675; baseline 0.004 -24"><span class='ocrx_word' id='word_1_188' title='bbox 330 2601 659 2668; x_wconf 76' lang='grc' dir='ltr'>Θαυμαστὸν</span> <span class='ocrx_word' id='word_1_189' title='bbox 689 2602 824 2670; x_wconf 82' lang='grc' dir='ltr'>γὰρ.</span> <span class='ocrx_word' id='word_1_190' title='bbox 858 2605 907 2655; x_wconf 90' lang='grc' dir='ltr'><strong>εἰ</strong></span> <span class='ocrx_word' id='word_1_191' title='bbox 946 2603 1205 2672; x_wconf 86' lang='grc' dir='ltr'>μετέσται</span> <span class='ocrx_word' id='word_1_192' title='bbox 1232 2604 1332 2672; x_wconf 76' lang='grc' dir='ltr'>τῆς</span> <span class='ocrx_word' id='word_1_193' title='bbox 1360 2604 1735 2668; x_wconf 83' lang='grc' dir='ltr'>ἀναστάσεως,</span> <span class='ocrx_word' id='word_1_194' title='bbox 1774 2606 1840 2675; x_wconf 80' lang='grc' dir='ltr'>ἢν</span> <span class='ocrx_word' id='word_1_195' title='bbox 1865 2608 1894 2658; x_wconf 98' lang='lat'><strong>6</strong></span> 
     </span>
    </p>
   </div>
   <div class='ocr_carea' id='block_1_29' title="bbox 330 2692 1895 2768">
    <p class='ocr_par' dir='ltr' id='par_1_29' title="bbox 330 2692 1895 2768">
     <span class='ocr_line' id='line_1_29' title="bbox 330 2692 1895 2768; baseline 0.005 -25"><span class='ocrx_word' id='word_1_196' title='bbox 330 2692 423 2744; x_wconf 80' lang='grc' dir='ltr'><strong>τοῦ</strong></span> <span class='ocrx_word' id='word_1_197' title='bbox 457 2693 694 2764; x_wconf 80' lang='grc' dir='ltr'>Χριστοῦ</span> <span class='ocrx_word' id='word_1_198' title='bbox 728 2694 959 2757; x_wconf 82' lang='grc' dir='ltr'>θάνατος</span> <span class='ocrx_word' id='word_1_199' title='bbox 985 2697 1144 2765; x_wconf 84' lang='grc' dir='ltr'>μόνος</span> <span class='ocrx_word' id='word_1_200' title='bbox 1171 2697 1488 2768; x_wconf 74' lang='grc' dir='ltr'>εἰσήνεγκεν</span> <span class='ocrx_word' id='word_1_201' title='bbox 1528 2700 1607 2758; x_wconf 85' lang='grc' dir='ltr'><strong>εἰς</strong></span> <span class='ocrx_word' id='word_1_202' title='bbox 1642 2697 1734 2751; x_wconf 75' lang='grc' dir='ltr'>τὸν</span> <span class='ocrx_word' id='word_1_203' title='bbox 1767 2699 1895 2751; x_wconf 84' lang='grc' dir='ltr'>κόσ-</span> 
     </span>
    </p>
   </div>
   <div class='ocr_carea' id='block_1_30' title="bbox 333 2781 1892 2859">
    <p class='ocr_par' dir='ltr' id='par_1_30' title="bbox 333 2781 1892 2859">
     <span class='ocr_line' id='line_1_30' title="bbox 333 2781 1892 2859; baseline 0.004 -25"><span class='ocrx_word' id='word_1_204' title='bbox 333 2800 455 2849; x_wconf 79' lang='grc' dir='ltr'>μον,</span> <span class='ocrx_word' id='word_1_205' title='bbox 499 2787 614 2848; x_wconf 84' lang='grc' dir='ltr'><strong>τοίς</strong></span> <span class='ocrx_word' id='word_1_206' title='bbox 646 2785 720 2856; x_wconf 80' lang='grc' dir='ltr'><strong>μή</strong></span> <span class='ocrx_word' id='word_1_207' title='bbox 758 2787 817 2838; x_wconf 79' lang='grc' dir='ltr'>τὸ</span> <span class='ocrx_word' id='word_1_208' title='bbox 848 2786 1072 2853; x_wconf 82' lang='grc' dir='ltr'>λουτρὸν</span> <span class='ocrx_word' id='word_1_209' title='bbox 1095 2786 1435 2857; x_wconf 79' lang='grc' dir='ltr'>δεξαμένοις,</span> <span class='ocrx_word' id='word_1_210' title='bbox 1463 2781 1507 2856; x_wconf 82' lang='grc' dir='ltr'>ᾧ</span> <span class='ocrx_word' id='word_1_211' title='bbox 1527 2790 1892 2859; x_wconf 84' lang='grc' dir='ltr'>κοινωνοῦμεν</span> 
     </span>
    </p>
   </div>
   <div class='ocr_carea' id='block_1_31' title="bbox 330 2874 1891 2952">
    <p class='ocr_par' dir='ltr' id='par_1_31' title="bbox 330 2874 1891 2952">
     <span class='ocr_line' id='line_1_31' title="bbox 330 2874 1891 2952; baseline 0.005 -25"><span class='ocrx_word' id='word_1_212' title='bbox 330 2874 424 2928; x_wconf 83' lang='grc' dir='ltr'><strong>τοῦ</strong></span> <span class='ocrx_word' id='word_1_213' title='bbox 464 2875 857 2941; x_wconf 77' lang='grc' dir='ltr'>ζωοποιοῦντος</span> <span class='ocrx_word' id='word_1_214' title='bbox 899 2878 1151 2933; x_wconf 73' lang='grc' dir='ltr'>θανάτου.</span> <span class='ocrx_word' id='word_1_215' title='bbox 1185 2882 1247 2934; x_wconf 78' lang='grc' dir='ltr'>Εἰ</span> <span class='ocrx_word' id='word_1_216' title='bbox 1276 2882 1385 2952; x_wconf 76' lang='grc' dir='ltr'>γὰρ</span> <span class='ocrx_word' id='word_1_217' title='bbox 1423 2881 1513 2935; x_wconf 73' lang='grc' dir='ltr'>τὸν</span> <span class='ocrx_word' id='word_1_218' title='bbox 1541 2883 1723 2950; x_wconf 74' lang='grc' dir='ltr'>ἰατρὸν</span> <span class='ocrx_word' id='word_1_219' title='bbox 1753 2882 1891 2952; x_wconf 79' lang='grc' dir='ltr'>ἔψυ-</span> 
     </span>
    </p>
   </div>
   <div class='ocr_carea' id='block_1_32' title="bbox 330 2971 1891 3043">
    <p class='ocr_par' dir='ltr' id='par_1_32' title="bbox 330 2971 1891 3043">
     <span class='ocr_line' id='line_1_32' title="bbox 330 2971 1891 3043; baseline 0.005 -22"><span class='ocrx_word' id='word_1_220' title='bbox 330 2986 445 3037; x_wconf 78' lang='grc' dir='ltr'>γον,</span> <span class='ocrx_word' id='word_1_221' title='bbox 471 2971 563 3023; x_wconf 79' lang='grc' dir='ltr'>καὶ</span> <span class='ocrx_word' id='word_1_222' title='bbox 590 2972 690 3041; x_wconf 78' lang='grc' dir='ltr'>τὴν</span> <span class='ocrx_word' id='word_1_223' title='bbox 735 2971 988 3039; x_wconf 81' lang='grc' dir='ltr'>βοήθειαν</span> <span class='ocrx_word' id='word_1_224' title='bbox 1027 2973 1128 3025; x_wconf 81' lang='grc' dir='ltr'>οὐκ</span> <span class='ocrx_word' id='word_1_225' title='bbox 1157 2971 1563 3040; x_wconf 74' lang='grc' dir='ltr'>ὲδέξαντο,·καὶ</span> <span class='ocrx_word' id='word_1_226' title='bbox 1615 2977 1676 3026; x_wconf 73' lang='grc' dir='ltr'><strong>τὸ</strong></span> <span class='ocrx_word' id='word_1_227' title='bbox 1732 2975 1891 3043; x_wconf 84' lang='grc' dir='ltr'>μόνον</span> 
     </span>
    </p>
   </div>
   <div class='ocr_carea' id='block_1_33' title="bbox 331 3061 1890 3136">
    <p class='ocr_par' dir='ltr' id='par_1_33' title="bbox 331 3061 1890 3136">
     <span class='ocr_line' id='line_1_33' title="bbox 331 3061 1890 3136; baseline 0.003 -21"><span class='ocrx_word' id='word_1_228' title='bbox 331 3064 688 3116; x_wconf 73' lang='grc' dir='ltr'>ἁπεσείσαντο</span> <span class='ocrx_word' id='word_1_229' title='bbox 706 3065 1018 3131; x_wconf 77' lang='grc' dir='ltr'>φάρμακον,</span> <span class='ocrx_word' id='word_1_230' title='bbox 1041 3065 1093 3116; x_wconf 90' lang='grc' dir='ltr'><strong>τί</strong></span> <span class='ocrx_word' id='word_1_231' title='bbox 1118 3065 1304 3118; x_wconf 85' lang='grc' dir='ltr'>λοιπὸν</span> <span class='ocrx_word' id='word_1_232' title='bbox 1326 3061 1414 3136; x_wconf 80' lang='grc' dir='ltr'>ἦν,</span> <span class='ocrx_word' id='word_1_233' title='bbox 1433 3065 1461 3117; x_wconf 82' lang='grc' dir='ltr'>ὅ</span> <span class='ocrx_word' id='word_1_234' title='bbox 1486 3066 1619 3135; x_wconf 73' lang='grc' dir='ltr'>πρὸς</span> <span class='ocrx_word' id='word_1_235' title='bbox 1639 3066 1737 3136; x_wconf 80' lang='grc' dir='ltr'>τὴν</span> <span class='ocrx_word' id='word_1_236' title='bbox 1757 3067 1890 3119; x_wconf 72' lang='grc' dir='ltr'>ἁθαο</span> 
     </span>
    </p>
   </div>
   <div class='ocr_carea' id='block_1_34' title="bbox 2001 586 3577 657">
    <p class='ocr_par' dir='ltr' id='par_1_34' title="bbox 2001 586 3577 657">
     <span class='ocr_line' id='line_1_34' title="bbox 2001 586 3577 657; baseline 0.004 -19"><span class='ocrx_word' id='word_1_237' title='bbox 2001 587 2125 639; x_wconf 73' lang='lat' dir='ltr'><strong>vita:</strong></span> <span class='ocrx_word' id='word_1_238' title='bbox 2183 586 2512 656; x_wconf 82' lang='lat' dir='ltr'><strong>principium</strong></span> <span class='ocrx_word' id='word_1_239' title='bbox 2545 598 2648 649; x_wconf 88' lang='lat' dir='ltr'><strong>est,</strong></span> <span class='ocrx_word' id='word_1_240' title='bbox 2685 603 3062 657; x_wconf 86' lang='lat' dir='ltr'><strong>novorumque</strong></span> <span class='ocrx_word' id='word_1_241' title='bbox 3108 588 3476 643; x_wconf 85' lang='lat' dir='ltr'><strong>membrorum</strong></span> <span class='ocrx_word' id='word_1_242' title='bbox 3522 602 3577 646; x_wconf 90' lang='lat' dir='ltr'><strong>et</strong></span> 
     </span>
    </p>
   </div>
   <div class='ocr_carea' id='block_1_35' title="bbox 1999 675 3567 749">
    <p class='ocr_par' dir='ltr' id='par_1_35' title="bbox 1999 675 3567 749">
     <span class='ocr_line' id='line_1_35' title="bbox 1999 675 3567 749; baseline 0.004 -21"><span class='ocrx_word' id='word_1_243' title='bbox 1999 689 2263 729; x_wconf 84' lang='lat' dir='ltr'><strong>sensuum</strong></span> <span class='ocrx_word' id='word_1_244' title='bbox 2311 675 2623 742; x_wconf 86' lang='lat' dir='ltr'><strong>acquisitio,</strong></span> <span class='ocrx_word' id='word_1_245' title='bbox 2649 685 2703 732; x_wconf 90' lang='lat' dir='ltr'><strong>et</strong></span> <span class='ocrx_word' id='word_1_246' title='bbox 2727 677 2847 731; x_wconf 70' lang='lat' dir='ltr'><strong>vita:</strong></span> <span class='ocrx_word' id='word_1_247' title='bbox 2885 678 3031 732; x_wconf 89' lang='lat' dir='ltr'><strong>illius</strong></span> <span class='ocrx_word' id='word_1_248' title='bbox 3080 678 3322 734; x_wconf 82' lang='lat' dir='ltr'><strong>caelestis</strong></span> <span class='ocrx_word' id='word_1_249' title='bbox 3356 694 3567 749; x_wconf 72' lang='lat' dir='ltr'><strong>praepa-</strong></span> 
     </span>
    </p>
   </div>
   <div class='ocr_carea' id='block_1_36' title="bbox 2001 764 3566 834">
    <p class='ocr_par' dir='ltr' id='par_1_36' title="bbox 2001 764 3566 834">
     <span class='ocr_line' id='line_1_36' title="bbox 2001 764 3566 834; baseline 0.003 -17"><span class='ocrx_word' id='word_1_250' title='bbox 2001 766 2160 819; x_wconf 87' lang='lat' dir='ltr'><strong>ratio.</strong></span> <span class='ocrx_word' id='word_1_251' title='bbox 2210 764 2589 834; x_wconf 69' lang='lat' dir='ltr'><strong>Prmparamnr</strong></span> <span class='ocrx_word' id='word_1_252' title='bbox 2644 784 2774 823; x_wconf 88' lang='lat' dir='ltr'><strong>vero</strong></span> <span class='ocrx_word' id='word_1_253' title='bbox 2822 770 2888 822; x_wconf 83' lang='lat' dir='ltr'><strong>ad</strong></span> <span class='ocrx_word' id='word_1_254' title='bbox 2924 768 3086 822; x_wconf 87' lang='lat' dir='ltr'><strong>vitam</strong></span> <span class='ocrx_word' id='word_1_255' title='bbox 3124 770 3269 823; x_wconf 81' lang='lat' dir='ltr'><strong>illam</strong></span> <span class='ocrx_word' id='word_1_256' title='bbox 3329 769 3566 823; x_wconf 86' lang='lat' dir='ltr'><strong>futuram</strong></span> 
     </span>
    </p>
   </div>
   <div class='ocr_carea' id='block_1_37' title="bbox 1998 857 3571 926">
    <p class='ocr_par' dir='ltr' id='par_1_37' title="bbox 1998 857 3571 926">
     <span class='ocr_line' id='line_1_37' title="bbox 1998 857 3571 926; baseline -0.001 -16"><span class='ocrx_word' id='word_1_257' title='bbox 1998 873 2104 911; x_wconf 90' lang='lat' dir='ltr'><strong>non</strong></span> <span class='ocrx_word' id='word_1_258' title='bbox 2141 857 2321 923; x_wconf 83' lang='lat' dir='ltr'><strong>aliter,</strong></span> <span class='ocrx_word' id='word_1_259' title='bbox 2369 874 2530 926; x_wconf 89' lang='lat' dir='ltr'><strong>quam</strong></span> <span class='ocrx_word' id='word_1_260' title='bbox 2572 860 2619 912; x_wconf 88' lang='lat' dir='ltr'><strong>si</strong></span> <span class='ocrx_word' id='word_1_261' title='bbox 2648 859 2850 914; x_wconf 75' lang='lat' dir='ltr'><strong>Christi</strong></span> <span class='ocrx_word' id='word_1_262' title='bbox 2894 860 3057 912; x_wconf 84' lang='lat' dir='ltr'><strong>vitam</strong></span> <span class='ocrx_word' id='word_1_263' title='bbox 3094 860 3181 913; x_wconf 90' lang='lat' dir='ltr'><strong>hic</strong></span> <span class='ocrx_word' id='word_1_264' title='bbox 3224 860 3571 922; x_wconf 75' lang='lat' dir='ltr'><strong>inchoemus,</strong></span> 
     </span>
    </p>
   </div>
   <div class='ocr_carea' id='block_1_38' title="bbox 1997 949 3567 1021">
    <p class='ocr_par' dir='ltr' id='par_1_38' title="bbox 1997 949 3567 1021">
     <span class='ocr_line' id='line_1_38' title="bbox 1997 949 3567 1021; baseline 0.004 -19"><span class='ocrx_word' id='word_1_265' title='bbox 1997 949 2090 1018; x_wconf 94' lang='lat' dir='ltr'><strong>qui</strong></span> <span class='ocrx_word' id='word_1_266' title='bbox 2118 962 2268 1018; x_wconf 85' lang='lat' dir='ltr'><strong>pater</strong></span> <span class='ocrx_word' id='word_1_267' title='bbox 2294 960 2376 1005; x_wconf 83' lang='lat' dir='ltr'><strong>est</strong></span> <span class='ocrx_word' id='word_1_268' title='bbox 2405 950 2597 1008; x_wconf 86' lang='lat' dir='ltr'><strong>futuri.</strong></span> <span class='ocrx_word' id='word_1_269' title='bbox 2631 952 2774 1005; x_wconf 90' lang='lat' dir='ltr'><strong>sicut</strong></span> <span class='ocrx_word' id='word_1_270' title='bbox 2827 951 2996 1003; x_wconf 84' lang='lat' dir='ltr'><strong>Adam</strong></span> <span class='ocrx_word' id='word_1_271' title='bbox 3027 954 3312 1021; x_wconf 74' lang='lat' dir='ltr'><strong>prmsentis</strong></span> <span class='ocrx_word' id='word_1_272' title='bbox 3341 954 3527 1007; x_wconf 69' lang='lat' dir='ltr'><strong>saeculi</strong></span> <span class='ocrx_word' id='word_1_273' title='bbox 3553 971 3567 1008; x_wconf 89' lang='lat'><strong>:</strong></span> 
     </span>
    </p>
   </div>
   <div class='ocr_carea' id='block_1_39' title="bbox 1997 1042 3608 1115">
    <p class='ocr_par' dir='ltr' id='par_1_39' title="bbox 1997 1042 3608 1115">
     <span class='ocr_line' id='line_1_39' title="bbox 1997 1042 3608 1115; baseline 0.003 -21"><span class='ocrx_word' id='word_1_274' title='bbox 1997 1042 2120 1094; x_wconf 70' lang='lat' dir='ltr'><strong>vitae</strong></span> <span class='ocrx_word' id='word_1_275' title='bbox 2152 1043 2421 1111; x_wconf 70' lang='lat' dir='ltr'><strong>siquidem</strong></span> <span class='ocrx_word' id='word_1_276' title='bbox 2478 1042 2758 1112; x_wconf 77' lang='lat' dir='ltr'><strong>pereuntis</strong></span> <span class='ocrx_word' id='word_1_277' title='bbox 2806 1043 2897 1096; x_wconf 89' lang='lat' dir='ltr'><strong>ille</strong></span> <span class='ocrx_word' id='word_1_278' title='bbox 2943 1043 3255 1098; x_wconf 83' lang='lat' dir='ltr'><strong>hominibus</strong></span> <span class='ocrx_word' id='word_1_279' title='bbox 3302 1053 3466 1114; x_wconf 77' lang='lat' dir='ltr'><strong>caput</strong></span> <span class='ocrx_word' id='word_1_280' title='bbox 3514 1052 3608 1115; x_wconf 73' lang='lat' dir='ltr'><strong>ett</strong></span> 
     </span>
    </p>
   </div>
   <div class='ocr_carea' id='block_1_40' title="bbox 1998 1120 3601 1202">
    <p class='ocr_par' dir='ltr' id='par_1_40' title="bbox 1998 1120 3601 1202">
     <span class='ocr_line' id='line_1_40' title="bbox 1998 1120 3601 1202; baseline 0.001 -15"><span class='ocrx_word' id='word_1_281' title='bbox 1998 1132 2105 1187; x_wconf 72' lang='lat' dir='ltr'><strong>dux</strong></span> <span class='ocrx_word' id='word_1_282' title='bbox 2139 1132 2258 1187; x_wconf 80' lang='lat' dir='ltr'><strong>fuit.</strong></span> <span class='ocrx_word' id='word_1_283' title='bbox 2311 1133 2466 1189; x_wconf 82' lang='lat' dir='ltr'><strong>Sicut</strong></span> <span class='ocrx_word' id='word_1_284' title='bbox 2501 1149 2738 1202; x_wconf 83' lang='lat' dir='ltr'><strong>namque</strong></span> <span class='ocrx_word' id='word_1_285' title='bbox 2782 1134 2892 1188; x_wconf 90' lang='lat' dir='ltr'><strong>vita</strong></span> <span class='ocrx_word' id='word_1_286' title='bbox 2930 1135 3042 1187; x_wconf 63' lang='lat' dir='ltr'><strong>haec</strong></span> <span class='ocrx_word' id='word_1_287' title='bbox 3088 1135 3324 1187; x_wconf 89' lang='lat' dir='ltr'><strong>humana</strong></span> <span class='ocrx_word' id='word_1_288' title='bbox 3360 1120 3601 1189; x_wconf 63' lang='lat' dir='ltr'><strong>traduciE</strong></span> 
     </span>
    </p>
   </div>
   <div class='ocr_carea' id='block_1_41' title="bbox 2000 1223 3568 1294">
    <p class='ocr_par' dir='ltr' id='par_1_41' title="bbox 2000 1223 3568 1294">
     <span class='ocr_line' id='line_1_41' title="bbox 2000 1223 3568 1294; baseline 0.001 -17"><span class='ocrx_word' id='word_1_289' title='bbox 2000 1240 2108 1279; x_wconf 90' lang='lat' dir='ltr'><strong>non</strong></span> <span class='ocrx_word' id='word_1_290' title='bbox 2164 1235 2362 1294; x_wconf 86' lang='lat' dir='ltr'><strong>potest,</strong></span> <span class='ocrx_word' id='word_1_291' title='bbox 2416 1225 2519 1279; x_wconf 86' lang='lat' dir='ltr'><strong>nisi</strong></span> <span class='ocrx_word' id='word_1_292' title='bbox 2576 1225 2699 1292; x_wconf 84' lang='lat' dir='ltr'><strong>quis</strong></span> <span class='ocrx_word' id='word_1_293' title='bbox 2771 1240 2969 1281; x_wconf 77' lang='lat' dir='ltr'><strong>sensus</strong></span> <span class='ocrx_word' id='word_1_294' title='bbox 3019 1223 3214 1278; x_wconf 82' lang='lat' dir='ltr'><strong>Adami</strong></span> <span class='ocrx_word' id='word_1_295' title='bbox 3273 1236 3327 1279; x_wconf 88' lang='lat' dir='ltr'><strong>ct</strong></span> <span class='ocrx_word' id='word_1_296' title='bbox 3381 1226 3568 1279; x_wconf 61' lang='lat' dir='ltr'><strong>vitales</strong></span> 
     </span>
    </p>
   </div>
   <div class='ocr_carea' id='block_1_42' title="bbox 1997 1313 3565 1384">
    <p class='ocr_par' dir='ltr' id='par_1_42' title="bbox 1997 1313 3565 1384">
     <span class='ocr_line' id='line_1_42' title="bbox 1997 1313 3565 1384; baseline 0.002 -16"><span class='ocrx_word' id='word_1_297' title='bbox 1997 1313 2285 1370; x_wconf 78' lang='lat' dir='ltr'><strong>facultates</strong></span> <span class='ocrx_word' id='word_1_298' title='bbox 2318 1317 2451 1371; x_wconf 89' lang='lat' dir='ltr'><strong>istas</strong></span> <span class='ocrx_word' id='word_1_299' title='bbox 2485 1316 2753 1371; x_wconf 81' lang='lat' dir='ltr'><strong>humanas</strong></span> <span class='ocrx_word' id='word_1_300' title='bbox 2781 1318 3091 1384; x_wconf 74' lang='lat' dir='ltr'><strong>acceperit:</strong></span> <span class='ocrx_word' id='word_1_301' title='bbox 3126 1316 3242 1383; x_wconf 81' lang='lat' dir='ltr'><strong>pari</strong></span> <span class='ocrx_word' id='word_1_302' title='bbox 3276 1315 3436 1369; x_wconf 85' lang='lat' dir='ltr'><strong>modo</strong></span> <span class='ocrx_word' id='word_1_303' title='bbox 3467 1332 3565 1371; x_wconf 85' lang='lat' dir='ltr'><strong>nec</strong></span> 
     </span>
    </p>
   </div>
   <div class='ocr_carea' id='block_1_43' title="bbox 1996 1406 3570 1478">
    <p class='ocr_par' dir='ltr' id='par_1_43' title="bbox 1996 1406 3570 1478">
     <span class='ocr_line' id='line_1_43' title="bbox 1996 1406 3570 1478; baseline 0.001 -20"><span class='ocrx_word' id='word_1_304' title='bbox 1996 1407 2062 1459; x_wconf 88' lang='lat' dir='ltr'><strong>ad</strong></span> <span class='ocrx_word' id='word_1_305' title='bbox 2094 1406 2314 1461; x_wconf 83' lang='lat' dir='ltr'><strong>beatum</strong></span> <span class='ocrx_word' id='word_1_306' title='bbox 2350 1408 2500 1462; x_wconf 91' lang='lat' dir='ltr'><strong>illum</strong></span> <span class='ocrx_word' id='word_1_307' title='bbox 2532 1409 2793 1462; x_wconf 84' lang='lat' dir='ltr'><strong>mundum</strong></span> <span class='ocrx_word' id='word_1_308' title='bbox 2835 1410 3127 1477; x_wconf 86' lang='lat' dir='ltr'><strong>quisquam</strong></span> <span class='ocrx_word' id='word_1_309' title='bbox 3168 1412 3412 1462; x_wconf 75' lang='lat' dir='ltr'><strong>vivorum</strong></span> <span class='ocrx_word' id='word_1_310' title='bbox 3446 1424 3570 1478; x_wconf 80' lang='lat' dir='ltr'><strong>per-</strong></span> 
     </span>
    </p>
   </div>
   <div class='ocr_carea' id='block_1_44' title="bbox 1996 1492 3567 1572">
    <p class='ocr_par' dir='ltr' id='par_1_44' title="bbox 1996 1492 3567 1572">
     <span class='ocr_line' id='line_1_44' title="bbox 1996 1492 3567 1572; baseline 0.005 -20"><span class='ocrx_word' id='word_1_311' title='bbox 1996 1499 2187 1553; x_wconf 82' lang='lat' dir='ltr'><strong>venire</strong></span> <span class='ocrx_word' id='word_1_312' title='bbox 2213 1510 2412 1569; x_wconf 82' lang='lat' dir='ltr'><strong>potest,</strong></span> <span class='ocrx_word' id='word_1_313' title='bbox 2446 1503 2542 1572; x_wconf 85' lang='lat' dir='ltr'><strong>qui</strong></span> <span class='ocrx_word' id='word_1_314' title='bbox 2590 1503 2701 1559; x_wconf 89' lang='lat' dir='ltr'><strong>vita</strong></span> <span class='ocrx_word' id='word_1_315' title='bbox 2734 1492 2938 1560; x_wconf 80' lang='lat' dir='ltr'><strong>Christi</strong></span> <span class='ocrx_word' id='word_1_316' title='bbox 2987 1507 3320 1562; x_wconf 77' lang='lat' dir='ltr'><strong>traducenda</strong></span> <span class='ocrx_word' id='word_1_317' title='bbox 3356 1524 3464 1560; x_wconf 83' lang='lat' dir='ltr'><strong>non</strong></span> <span class='ocrx_word' id='word_1_318' title='bbox 3507 1523 3567 1560; x_wconf 76' lang='lat' dir='ltr'><strong>se</strong></span> 
     </span>
    </p>
   </div>
   <div class='ocr_carea' id='block_1_45' title="bbox 1995 1596 3568 1668">
    <p class='ocr_par' dir='ltr' id='par_1_45' title="bbox 1995 1596 3568 1668">
     <span class='ocr_line' id='line_1_45' title="bbox 1995 1596 3568 1668; baseline 0.007 -24"><span class='ocrx_word' id='word_1_319' title='bbox 1995 1598 2125 1645; x_wconf 90' lang='lat' dir='ltr'><strong>ante</strong></span> <span class='ocrx_word' id='word_1_320' title='bbox 2183 1606 2249 1645; x_wconf 93' lang='lat' dir='ltr'><strong>eo</strong></span> <span class='ocrx_word' id='word_1_321' title='bbox 2281 1596 2704 1663; x_wconf 81' lang='lat' dir='ltr'><strong>comparaverit,</strong></span> <span class='ocrx_word' id='word_1_322' title='bbox 2751 1605 2809 1652; x_wconf 83' lang='lat' dir='ltr'><strong>et</strong></span> <span class='ocrx_word' id='word_1_323' title='bbox 2854 1599 3153 1653; x_wconf 88' lang='lat' dir='ltr'><strong>secundum</strong></span> <span class='ocrx_word' id='word_1_324' title='bbox 3197 1598 3370 1652; x_wconf 81' lang='lat' dir='ltr'><strong>idenm</strong></span> <span class='ocrx_word' id='word_1_325' title='bbox 3406 1610 3568 1668; x_wconf 81' lang='lat' dir='ltr'><strong>atque</strong></span> 
     </span>
    </p>
   </div>
   <div class='ocr_carea' id='block_1_46' title="bbox 1998 1682 3568 1759">
    <p class='ocr_par' dir='ltr' id='par_1_46' title="bbox 1998 1682 3568 1759">
     <span class='ocr_line' id='line_1_46' title="bbox 1998 1682 3568 1759; baseline 0.006 -23"><span class='ocrx_word' id='word_1_326' title='bbox 1998 1682 2286 1753; x_wconf 72' lang='lat' dir='ltr'><strong>imaginem</strong></span> <span class='ocrx_word' id='word_1_327' title='bbox 2331 1685 2451 1752; x_wconf 85' lang='lat' dir='ltr'><strong>ejus</strong></span> <span class='ocrx_word' id='word_1_328' title='bbox 2480 1685 2750 1742; x_wconf 88' lang='lat' dir='ltr'><strong>formatus</strong></span> <span class='ocrx_word' id='word_1_329' title='bbox 2779 1703 2891 1743; x_wconf 88' lang='lat' dir='ltr'><strong>non</strong></span> <span class='ocrx_word' id='word_1_330' title='bbox 2944 1688 3125 1744; x_wconf 84' lang='lat' dir='ltr'><strong>fuerit.</strong></span> <span class='ocrx_word' id='word_1_331' title='bbox 3159 1689 3332 1745; x_wconf 77' lang='lat' dir='ltr'><strong>Aliter</strong></span> <span class='ocrx_word' id='word_1_332' title='bbox 3364 1691 3568 1759; x_wconf 83' lang='lat' dir='ltr'><strong>baptis-</strong></span> 
     </span>
    </p>
   </div>
   <div class='ocr_carea' id='block_1_47' title="bbox 1998 1779 3565 1852">
    <p class='ocr_par' dir='ltr' id='par_1_47' title="bbox 1998 1779 3565 1852">
     <span class='ocr_line' id='line_1_47' title="bbox 1998 1779 3565 1852; baseline 0.006 -25"><span class='ocrx_word' id='word_1_333' title='bbox 1998 1789 2121 1830; x_wconf 89' lang='lat' dir='ltr'><strong>mus</strong></span> <span class='ocrx_word' id='word_1_334' title='bbox 2150 1785 2235 1831; x_wconf 87' lang='lat' dir='ltr'><strong>est</strong></span> <span class='ocrx_word' id='word_1_335' title='bbox 2276 1779 2595 1847; x_wconf 79' lang='lat' dir='ltr'><strong>generatio;</strong></span> <span class='ocrx_word' id='word_1_336' title='bbox 2651 1779 2741 1834; x_wconf 87' lang='lat' dir='ltr'><strong>ille</strong></span> <span class='ocrx_word' id='word_1_337' title='bbox 2785 1789 3031 1851; x_wconf 76' lang='lat' dir='ltr'><strong>generat,</strong></span> <span class='ocrx_word' id='word_1_338' title='bbox 3063 1796 3167 1837; x_wconf 92' lang='lat' dir='ltr'><strong>nos</strong></span> <span class='ocrx_word' id='word_1_339' title='bbox 3215 1797 3565 1852; x_wconf 77' lang='lat' dir='ltr'><strong>generatnur.</strong></span> 
     </span>
    </p>
   </div>
   <div class='ocr_carea' id='block_1_48' title="bbox 1999 1866 3569 1944">
    <p class='ocr_par' dir='ltr' id='par_1_48' title="bbox 1999 1866 3569 1944">
     <span class='ocr_line' id='line_1_48' title="bbox 1999 1866 3569 1944; baseline 0.007 -25"><span class='ocrx_word' id='word_1_340' title='bbox 1999 1866 2094 1922; x_wconf 85' lang='lat' dir='ltr'><strong>Est</strong></span> <span class='ocrx_word' id='word_1_341' title='bbox 2121 1877 2301 1924; x_wconf 86' lang='lat' dir='ltr'><strong>autem</strong></span> <span class='ocrx_word' id='word_1_342' title='bbox 2352 1870 2407 1924; x_wconf 88' lang='lat' dir='ltr'><strong>in</strong></span> <span class='ocrx_word' id='word_1_343' title='bbox 2440 1870 2716 1938; x_wconf 84' lang='lat' dir='ltr'><strong>confesso,</strong></span> <span class='ocrx_word' id='word_1_344' title='bbox 2749 1873 2912 1927; x_wconf 88' lang='lat' dir='ltr'><strong>vitam</strong></span> <span class='ocrx_word' id='word_1_345' title='bbox 2959 1875 3202 1943; x_wconf 84' lang='lat' dir='ltr'><strong>generati</strong></span> <span class='ocrx_word' id='word_1_346' title='bbox 3251 1875 3373 1928; x_wconf 72' lang='lat' dir='ltr'><strong>vitre</strong></span> <span class='ocrx_word' id='word_1_347' title='bbox 3399 1889 3569 1944; x_wconf 75' lang='lat' dir='ltr'><strong>gene-</strong></span> 
     </span>
    </p>
   </div>
   <div class='ocr_carea' id='block_1_49' title="bbox 1998 1959 2606 2018">
    <p class='ocr_par' dir='ltr' id='par_1_49' title="bbox 1998 1959 2606 2018">
     <span class='ocr_line' id='line_1_49' title="bbox 1998 1959 2606 2018; baseline 0.013 -8"><span class='ocrx_word' id='word_1_348' title='bbox 1998 1959 2170 2015; x_wconf 86' lang='lat' dir='ltr'><strong>rantis</strong></span> <span class='ocrx_word' id='word_1_349' title='bbox 2197 1961 2432 2016; x_wconf 89' lang='lat' dir='ltr'><strong>similem</strong></span> <span class='ocrx_word' id='word_1_350' title='bbox 2462 1977 2606 2018; x_wconf 89' lang='lat' dir='ltr'><strong>esse.</strong></span> 
     </span>
    </p>
   </div>
   <div class='ocr_carea' id='block_1_50' title="bbox 2070 2142 3566 2213">
    <p class='ocr_par' dir='ltr' id='par_1_50' title="bbox 2070 2142 3566 2213">
     <span class='ocr_line' id='line_1_50' title="bbox 2070 2142 3566 2213; baseline 0.003 -16"><span class='ocrx_word' id='word_1_351' title='bbox 2070 2142 2170 2197; x_wconf 81' lang='lat' dir='ltr'><strong>Hic</strong></span> <span class='ocrx_word' id='word_1_352' title='bbox 2212 2158 2377 2213; x_wconf 85' lang='lat' dir='ltr'><strong>porro</strong></span> <span class='ocrx_word' id='word_1_353' title='bbox 2415 2144 2685 2213; x_wconf 83' lang='lat' dir='ltr'><strong>quispiam</strong></span> <span class='ocrx_word' id='word_1_354' title='bbox 2736 2148 2984 2203; x_wconf 88' lang='lat' dir='ltr'><strong>miretur.</strong></span> <span class='ocrx_word' id='word_1_355' title='bbox 3035 2144 3151 2202; x_wconf 85' lang='lat' dir='ltr'><strong>Non</strong></span> <span class='ocrx_word' id='word_1_356' title='bbox 3199 2147 3342 2201; x_wconf 89' lang='lat' dir='ltr'><strong>enim</strong></span> <span class='ocrx_word' id='word_1_357' title='bbox 3371 2146 3566 2202; x_wconf 71' lang='lat' dir='ltr'><strong>&#39;ablnti</strong></span> 
     </span>
    </p>
   </div>
   <div class='ocr_carea' id='block_1_51' title="bbox 1998 2236 3568 2308">
    <p class='ocr_par' dir='ltr' id='par_1_51' title="bbox 1998 2236 3568 2308">
     <span class='ocr_line' id='line_1_51' title="bbox 1998 2236 3568 2308; baseline 0.003 -20"><span class='ocrx_word' id='word_1_358' title='bbox 1998 2239 2181 2298; x_wconf 84' lang='lat' dir='ltr'><strong>modo,</strong></span> <span class='ocrx_word' id='word_1_359' title='bbox 2237 2237 2333 2289; x_wconf 89' lang='lat' dir='ltr'><strong>sed</strong></span> <span class='ocrx_word' id='word_1_360' title='bbox 2384 2236 2498 2305; x_wconf 84' lang='lat' dir='ltr'><strong>jam</strong></span> <span class='ocrx_word' id='word_1_361' title='bbox 2546 2237 2711 2290; x_wconf 83' lang='lat' dir='ltr'><strong>etiam</strong></span> <span class='ocrx_word' id='word_1_362' title='bbox 2763 2238 2962 2305; x_wconf 87' lang='lat' dir='ltr'><strong>quibus</strong></span> <span class='ocrx_word' id='word_1_363' title='bbox 3013 2254 3119 2291; x_wconf 85' lang='lat' dir='ltr'><strong>non</strong></span> <span class='ocrx_word' id='word_1_364' title='bbox 3170 2239 3398 2308; x_wconf 82' lang='lat' dir='ltr'><strong>contigit</strong></span> <span class='ocrx_word' id='word_1_365' title='bbox 3446 2254 3568 2293; x_wconf 84' lang='lat' dir='ltr'><strong>sese</strong></span> 
     </span>
    </p>
   </div>
   <div class='ocr_carea' id='block_1_52' title="bbox 1998 2327 3570 2398">
    <p class='ocr_par' dir='ltr' id='par_1_52' title="bbox 1998 2327 3570 2398">
     <span class='ocr_line' id='line_1_52' title="bbox 1998 2327 3570 2398; baseline 0.003 -21"><span class='ocrx_word' id='word_1_366' title='bbox 1998 2327 2195 2381; x_wconf 88' lang='lat' dir='ltr'><strong>virtute</strong></span> <span class='ocrx_word' id='word_1_367' title='bbox 2223 2328 2607 2397; x_wconf 86' lang='lat' dir='ltr'><strong>mysteriorum</strong></span> <span class='ocrx_word' id='word_1_368' title='bbox 2640 2329 2705 2381; x_wconf 89' lang='lat' dir='ltr'><strong>ad</strong></span> <span class='ocrx_word' id='word_1_369' title='bbox 2758 2329 2920 2382; x_wconf 89' lang='lat' dir='ltr'><strong>vitam</strong></span> <span class='ocrx_word' id='word_1_370' title='bbox 2965 2329 3327 2384; x_wconf 90' lang='lat' dir='ltr'><strong>immortalem</strong></span> <span class='ocrx_word' id='word_1_371' title='bbox 3365 2346 3570 2398; x_wconf 85' lang='lat' dir='ltr'><strong>praepa-</strong></span> 
     </span>
    </p>
   </div>
   <div class='ocr_carea' id='block_1_53' title="bbox 1994 2419 3566 2490">
    <p class='ocr_par' dir='ltr' id='par_1_53' title="bbox 1994 2419 3566 2490">
     <span class='ocr_line' id='line_1_53' title="bbox 1994 2419 3566 2490; baseline 0.003 -19"><span class='ocrx_word' id='word_1_372' title='bbox 1994 2433 2139 2482; x_wconf 88' lang='lat' dir='ltr'><strong>rare,</strong></span> <span class='ocrx_word' id='word_1_373' title='bbox 2166 2429 2218 2473; x_wconf 86' lang='lat' dir='ltr'><strong>et</strong></span> <span class='ocrx_word' id='word_1_374' title='bbox 2249 2419 2574 2488; x_wconf 86' lang='lat' dir='ltr'><strong>simpliciter</strong></span> <span class='ocrx_word' id='word_1_375' title='bbox 2639 2420 2889 2474; x_wconf 81' lang='lat' dir='ltr'><strong>homines</strong></span> <span class='ocrx_word' id='word_1_376' title='bbox 2930 2420 3172 2476; x_wconf 78' lang='lat' dir='ltr'><strong>universi</strong></span> <span class='ocrx_word' id='word_1_377' title='bbox 3203 2436 3430 2490; x_wconf 84' lang='lat' dir='ltr'><strong>corpora</strong></span> <span class='ocrx_word' id='word_1_378' title='bbox 3457 2438 3566 2475; x_wconf 85' lang='lat' dir='ltr'><strong>non</strong></span> 
     </span>
    </p>
   </div>
   <div class='ocr_carea' id='block_1_54' title="bbox 1993 2510 3565 2582">
    <p class='ocr_par' dir='ltr' id='par_1_54' title="bbox 1993 2510 3565 2582">
     <span class='ocr_line' id='line_1_54' title="bbox 1993 2510 3565 2582; baseline 0.002 -19"><span class='ocrx_word' id='word_1_379' title='bbox 1993 2511 2335 2567; x_wconf 87' lang='lat' dir='ltr'><strong>senescentia</strong></span> <span class='ocrx_word' id='word_1_380' title='bbox 2402 2510 2697 2578; x_wconf 84' lang='lat' dir='ltr'><strong>recipient,</strong></span> <span class='ocrx_word' id='word_1_381' title='bbox 2773 2521 3171 2582; x_wconf 78' lang='lat' dir='ltr'><strong>resurgeutque</strong></span> <span class='ocrx_word' id='word_1_382' title='bbox 3240 2512 3565 2581; x_wconf 85' lang='lat' dir='ltr'><strong>incorrupti.</strong></span> 
     </span>
    </p>
   </div>
   <div class='ocr_carea' id='block_1_55' title="bbox 1996 2603 3565 2673">
    <p class='ocr_par' dir='ltr' id='par_1_55' title="bbox 1996 2603 3565 2673">
     <span class='ocr_line' id='line_1_55' title="bbox 1996 2603 3565 2673; baseline 0.003 -18"><span class='ocrx_word' id='word_1_383' title='bbox 1996 2604 2220 2669; x_wconf 71' lang='lat' dir='ltr'><strong>Dignum</strong></span> <span class='ocrx_word' id='word_1_384' title='bbox 2273 2605 2418 2658; x_wconf 86' lang='lat' dir='ltr'><strong>enim</strong></span> <span class='ocrx_word' id='word_1_385' title='bbox 2462 2603 2844 2665; x_wconf 83' lang='lat' dir='ltr'><strong>admiratione,</strong></span> <span class='ocrx_word' id='word_1_386' title='bbox 2903 2605 3348 2666; x_wconf 75' lang='lat' dir='ltr'><strong>resurrectionis,</strong></span> <span class='ocrx_word' id='word_1_387' title='bbox 3402 2620 3565 2673; x_wconf 81' lang='lat' dir='ltr'><strong>quam</strong></span> 
     </span>
    </p>
   </div>
   <div class='ocr_carea' id='block_1_56' title="bbox 1995 2693 3565 2762">
    <p class='ocr_par' dir='ltr' id='par_1_56' title="bbox 1995 2693 3565 2762">
     <span class='ocr_line' id='line_1_56' title="bbox 1995 2693 3565 2762; baseline -0.001 -13"><span class='ocrx_word' id='word_1_388' title='bbox 1995 2695 2108 2749; x_wconf 89' lang='lat' dir='ltr'><strong>sola</strong></span> <span class='ocrx_word' id='word_1_389' title='bbox 2142 2693 2344 2749; x_wconf 88' lang='lat' dir='ltr'><strong>Christi</strong></span> <span class='ocrx_word' id='word_1_390' title='bbox 2379 2710 2527 2749; x_wconf 90' lang='lat' dir='ltr'><strong>mors</strong></span> <span class='ocrx_word' id='word_1_391' title='bbox 2567 2696 2620 2748; x_wconf 90' lang='lat' dir='ltr'><strong>in</strong></span> <span class='ocrx_word' id='word_1_392' title='bbox 2653 2696 2914 2750; x_wconf 90' lang='lat' dir='ltr'><strong>mundum</strong></span> <span class='ocrx_word' id='word_1_393' title='bbox 2963 2697 3190 2759; x_wconf 78' lang='lat' dir='ltr'><strong>invexit,</strong></span> <span class='ocrx_word' id='word_1_394' title='bbox 3225 2698 3340 2751; x_wconf 84' lang='lat' dir='ltr'><strong>fore</strong></span> <span class='ocrx_word' id='word_1_395' title='bbox 3366 2699 3565 2762; x_wconf 78' lang='lat' dir='ltr'><strong>socios,</strong></span> 
     </span>
    </p>
   </div>
   <div class='ocr_carea' id='block_1_57' title="bbox 1995 2787 3612 2861">
    <p class='ocr_par' dir='ltr' id='par_1_57' title="bbox 1995 2787 3612 2861">
     <span class='ocr_line' id='line_1_57' title="bbox 1995 2787 3612 2861; baseline 0.001 -21"><span class='ocrx_word' id='word_1_396' title='bbox 1995 2788 2086 2854; x_wconf 91' lang='lat' dir='ltr'><strong>qui</strong></span> <span class='ocrx_word' id='word_1_397' title='bbox 2123 2787 2449 2855; x_wconf 82' lang='lat' dir='ltr'><strong>baptismum</strong></span> <span class='ocrx_word' id='word_1_398' title='bbox 2484 2803 2592 2842; x_wconf 89' lang='lat' dir='ltr'><strong>non</strong></span> <span class='ocrx_word' id='word_1_399' title='bbox 2626 2789 2989 2856; x_wconf 76' lang='lat' dir='ltr'><strong>susceperint,</strong></span> <span class='ocrx_word' id='word_1_400' title='bbox 3025 2804 3119 2853; x_wconf 85' lang='lat' dir='ltr'><strong>per</strong></span> <span class='ocrx_word' id='word_1_401' title='bbox 3144 2805 3304 2857; x_wconf 81' lang='lat' dir='ltr'><strong>quem</strong></span> <span class='ocrx_word' id='word_1_402' title='bbox 3334 2789 3569 2861; x_wconf 73' lang='lat' dir='ltr'><strong>viviﬁcze</strong></span> <span class='ocrx_word' id='word_1_403' title='bbox 3609 2812 3612 2816; x_wconf 57' lang='grc' dir='ltr'><strong>λ</strong></span> 
     </span>
    </p>
   </div>
   <div class='ocr_carea' id='block_1_58' title="bbox 1996 2879 3570 2950">
    <p class='ocr_par' dir='ltr' id='par_1_58' title="bbox 1996 2879 3570 2950">
     <span class='ocr_line' id='line_1_58' title="bbox 1996 2879 3570 2950; baseline 0.003 -20"><span class='ocrx_word' id='word_1_404' title='bbox 1996 2879 2190 2931; x_wconf 77' lang='lat' dir='ltr'><strong>nmrtis</strong></span> <span class='ocrx_word' id='word_1_405' title='bbox 2216 2882 2664 2934; x_wconf 87' lang='lat' dir='ltr'><strong>communionem</strong></span> <span class='ocrx_word' id='word_1_406' title='bbox 2716 2882 3076 2950; x_wconf 85' lang='lat' dir='ltr'><strong>acquirintus.</strong></span> <span class='ocrx_word' id='word_1_407' title='bbox 3126 2882 3179 2936; x_wconf 90' lang='lat' dir='ltr'><strong>Si</strong></span> <span class='ocrx_word' id='word_1_408' title='bbox 3216 2884 3362 2937; x_wconf 85' lang='lat' dir='ltr'><strong>enim</strong></span> <span class='ocrx_word' id='word_1_409' title='bbox 3401 2882 3570 2935; x_wconf 70' lang='grc' dir='ltr'>ιιιοιίίο</span> 
     </span>
    </p>
   </div>
   <div class='ocr_carea' id='block_1_59' title="bbox 1992 2969 3567 3042">
    <p class='ocr_par' dir='ltr' id='par_1_59' title="bbox 1992 2969 3567 3042">
     <span class='ocr_line' id='line_1_59' title="bbox 1992 2969 3567 3042; baseline 0.001 -18"><span class='ocrx_word' id='word_1_410' title='bbox 1992 2985 2116 3024; x_wconf 90' lang='lat' dir='ltr'><strong>cum</strong></span> <span class='ocrx_word' id='word_1_411' title='bbox 2154 2969 2432 3040; x_wconf 74' lang='lat' dir='ltr'><strong>fugerunt,</strong></span> <span class='ocrx_word' id='word_1_412' title='bbox 2477 2985 2534 3027; x_wconf 83' lang='lat' dir='ltr'><strong>et</strong></span> <span class='ocrx_word' id='word_1_413' title='bbox 2568 2988 2725 3042; x_wconf 87' lang='lat' dir='ltr'><strong>opem</strong></span> <span class='ocrx_word' id='word_1_414' title='bbox 2779 2975 3013 3028; x_wconf 76' lang='lat' dir='ltr'><strong>aversati</strong></span> <span class='ocrx_word' id='word_1_415' title='bbox 3054 2982 3203 3039; x_wconf 86' lang='lat' dir='ltr'><strong>sunt,</strong></span> <span class='ocrx_word' id='word_1_416' title='bbox 3245 2983 3297 3028; x_wconf 89' lang='lat' dir='ltr'><strong>et</strong></span> <span class='ocrx_word' id='word_1_417' title='bbox 3329 2974 3567 3028; x_wconf 79' lang='lat' dir='ltr'><strong>medici-</strong></span> 
     </span>
    </p>
   </div>
   <div class='ocr_carea' id='block_1_60' title="bbox 1992 3061 3564 3134">
    <p class='ocr_par' dir='ltr' id='par_1_60' title="bbox 1992 3061 3564 3134">
     <span class='ocr_line' id='line_1_60' title="bbox 1992 3061 3564 3134; baseline 0.001 -20"><span class='ocrx_word' id='word_1_418' title='bbox 1992 3076 2119 3114; x_wconf 87' lang='lat' dir='ltr'><strong>nam</strong></span> <span class='ocrx_word' id='word_1_419' title='bbox 2160 3076 2282 3129; x_wconf 82' lang='lat' dir='ltr'><strong>quae</strong></span> <span class='ocrx_word' id='word_1_420' title='bbox 2321 3061 2438 3117; x_wconf 88' lang='lat' dir='ltr'><strong>sola</strong></span> <span class='ocrx_word' id='word_1_421' title='bbox 2490 3063 2747 3131; x_wconf 85' lang='lat' dir='ltr'><strong>prodesse</strong></span> <span class='ocrx_word' id='word_1_422' title='bbox 2794 3072 3003 3133; x_wconf 86' lang='lat' dir='ltr'><strong>poterat</strong></span> <span class='ocrx_word' id='word_1_423' title='bbox 3050 3066 3390 3134; x_wconf 87' lang='lat' dir='ltr'><strong>repulerunt,</strong></span> <span class='ocrx_word' id='word_1_424' title='bbox 3435 3063 3564 3132; x_wconf 84' lang='lat' dir='ltr'><strong>quid</strong></span> 
     </span>
    </p>
   </div>
   <div class='ocr_carea' id='block_1_61' title="bbox 331 3146 1897 3231">
    <p class='ocr_par' dir='ltr' id='par_1_61' title="bbox 331 3147 1887 3231">
     <span class='ocr_line' id='line_1_61' title="bbox 331 3147 1887 3231; baseline 0.004 -25"><span class='ocrx_word' id='word_1_425' title='bbox 331 3147 733 3219; x_wconf 79' lang='grc' dir='ltr'>νασίανάὑτιῖς</span> <span class='ocrx_word' id='word_1_426' title='bbox 753 3154 981 3226; x_wconf 80' lang='grc' dir='ltr'>ἀρκέσει</span> <span class='ocrx_word' id='word_1_427' title='bbox 1000 3174 1015 3224; x_wconf 89' lang='grc'>;</span> <span class='ocrx_word' id='word_1_428' title='bbox 1037 3158 1148 3210; x_wconf 74' lang='grc' dir='ltr'><strong>Καὶ</strong></span> <span class='ocrx_word' id='word_1_429' title='bbox 1162 3157 1309 3210; x_wconf 85' lang='grc' dir='ltr'>δοκεῖ</span> <span class='ocrx_word' id='word_1_430' title='bbox 1329 3159 1473 3211; x_wconf 81' lang='grc' dir='ltr'>δυοῖν</span> <span class='ocrx_word' id='word_1_431' title='bbox 1498 3158 1723 3231; x_wconf 79' lang='grc' dir='ltr'>θάτερον</span> <span class='ocrx_word' id='word_1_432' title='bbox 1741 3160 1887 3223; x_wconf 76' lang='grc' dir='ltr'>εἰκὸς</span> 
     </span>
    </p>
   </div>
   <div class='ocr_carea' id='block_1_62' title="bbox 1998 3146 3571 3231">
    <p class='ocr_par' dir='ltr' id='par_1_62' title="bbox 1998 3150 3571 3224">
     <span class='ocr_line' id='line_1_62' title="bbox 1998 3150 3571 3224; baseline 0.002 -21"><span class='ocrx_word' id='word_1_433' title='bbox 1998 3150 2256 3217; x_wconf 85' lang='lat' dir='ltr'><strong>restabat,</strong></span> <span class='ocrx_word' id='word_1_434' title='bbox 2288 3152 2435 3221; x_wconf 89' lang='lat' dir='ltr'><strong>quod</strong></span> <span class='ocrx_word' id='word_1_435' title='bbox 2462 3151 2542 3208; x_wconf 85' lang='lat' dir='ltr'><strong>eis</strong></span> <span class='ocrx_word' id='word_1_436' title='bbox 2564 3153 2630 3205; x_wconf 86' lang='lat' dir='ltr'><strong>ad</strong></span> <span class='ocrx_word' id='word_1_437' title='bbox 2662 3152 3131 3210; x_wconf 83' lang='lat' dir='ltr'><strong>immortalitatem</strong></span> <span class='ocrx_word' id='word_1_438' title='bbox 3162 3154 3571 3224; x_wconf 85' lang='lat' dir='ltr'><strong>opitularetur?</strong></span> 
     </span>
    </p>
   </div>
   <div class='ocr_carea' id='block_1_63' title="bbox 334 3245 1893 3321">
    <p class='ocr_par' dir='ltr' id='par_1_63' title="bbox 334 3245 1893 3321">
     <span class='ocr_line' id='line_1_63' title="bbox 334 3245 1893 3321; baseline 0.003 -23"><span class='ocrx_word' id='word_1_439' title='bbox 334 3245 898 3321; x_wconf 80' lang='grc' dir='ltr'>εἷναισυμόαἰνειν,ῆ</span> <span class='ocrx_word' id='word_1_440' title='bbox 940 3254 1156 3309; x_wconf 61' lang='grc' dir='ltr'>πὶντων</span> <span class='ocrx_word' id='word_1_441' title='bbox 1209 3250 1338 3317; x_wconf 75' lang='grc' dir='ltr'><strong>ἑξῆς</strong></span> <span class='ocrx_word' id='word_1_442' title='bbox 1388 3252 1680 3305; x_wconf 73' lang='grc' dir='ltr'>ἀπολαύειν</span> <span class='ocrx_word' id='word_1_443' title='bbox 1717 3253 1893 3306; x_wconf 86' lang='grc' dir='ltr'>ἁπάν-</span> 
     </span>
    </p>
   </div>
   <div class='ocr_carea' id='block_1_64' title="bbox 332 3334 1890 3416">
    <p class='ocr_par' dir='ltr' id='par_1_64' title="bbox 332 3334 1890 3416">
     <span class='ocr_line' id='line_1_64' title="bbox 332 3334 1890 3416; baseline 0.004 -23"><span class='ocrx_word' id='word_1_444' title='bbox 332 3334 539 3406; x_wconf 77' lang='grc' dir='ltr'>τας,ὧν</span> <span class='ocrx_word' id='word_1_445' title='bbox 567 3342 595 3394; x_wconf 91' lang='lat'><strong>6</strong></span> <span class='ocrx_word' id='word_1_446' title='bbox 622 3342 857 3413; x_wconf 77' lang='grc' dir='ltr'>Χριστὸς</span> <span class='ocrx_word' id='word_1_447' title='bbox 892 3345 1025 3412; x_wconf 85' lang='grc' dir='ltr'>ήμῖν</span> <span class='ocrx_word' id='word_1_448' title='bbox 1063 3344 1234 3407; x_wconf 76' lang='grc' dir='ltr'>αἴτιος</span> <span class='ocrx_word' id='word_1_449' title='bbox 1268 3346 1484 3414; x_wconf 70' lang='grc' dir='ltr'>ἐγένετο</span> <span class='ocrx_word' id='word_1_450' title='bbox 1506 3344 1890 3416; x_wconf 77' lang='grc' dir='ltr'>ἀποθνήσκων,</span> 
     </span>
    </p>
   </div>
   <div class='ocr_carea' id='block_1_65' title="bbox 333 3436 1891 3508">
    <p class='ocr_par' dir='ltr' id='par_1_65' title="bbox 333 3436 1891 3508">
     <span class='ocr_line' id='line_1_65' title="bbox 333 3436 1891 3508; baseline 0.004 -22"><span class='ocrx_word' id='word_1_451' title='bbox 333 3437 429 3488; x_wconf 71' lang='grc' dir='ltr'>καὶ</span> <span class='ocrx_word' id='word_1_452' title='bbox 456 3436 862 3504; x_wconf 86' lang='grc' dir='ltr'>συναναστῆναι</span> <span class='ocrx_word' id='word_1_453' title='bbox 911 3437 1007 3489; x_wconf 78' lang='grc' dir='ltr'>καὶ</span> <span class='ocrx_word' id='word_1_454' title='bbox 1034 3436 1204 3507; x_wconf 72' lang='grc' dir='ltr'>συζῇν</span> <span class='ocrx_word' id='word_1_455' title='bbox 1229 3436 1381 3507; x_wconf 80' lang='grc' dir='ltr'>αὐτῷ</span> <span class='ocrx_word' id='word_1_456' title='bbox 1414 3439 1505 3490; x_wconf 84' lang='grc' dir='ltr'>καὶ</span> <span class='ocrx_word' id='word_1_457' title='bbox 1535 3438 1891 3508; x_wconf 76' lang='grc' dir='ltr'>συμϐασιλεύ-</span> 
     </span>
    </p>
   </div>
   <div class='ocr_carea' id='block_1_66' title="bbox 330 3527 1893 3600">
    <p class='ocr_par' dir='ltr' id='par_1_66' title="bbox 330 3527 1893 3600">
     <span class='ocr_line' id='line_1_66' title="bbox 330 3527 1893 3600; baseline 0.004 -21"><span class='ocrx_word' id='word_1_458' title='bbox 330 3545 412 3579; x_wconf 81' lang='grc' dir='ltr'><strong>ειν</strong></span> <span class='ocrx_word' id='word_1_459' title='bbox 430 3530 524 3583; x_wconf 73' lang='grc' dir='ltr'>καὶ</span> <span class='ocrx_word' id='word_1_460' title='bbox 553 3527 651 3597; x_wconf 83' lang='grc' dir='ltr'>τὴν</span> <span class='ocrx_word' id='word_1_461' title='bbox 684 3527 854 3598; x_wconf 77' lang='grc' dir='ltr'>ἄλλην</span> <span class='ocrx_word' id='word_1_462' title='bbox 886 3528 1031 3599; x_wconf 83' lang='grc' dir='ltr'>ἔχειν</span> <span class='ocrx_word' id='word_1_463' title='bbox 1057 3530 1426 3599; x_wconf 81' lang='grc' dir='ltr'>εὐδαιμονίαν,</span> <span class='ocrx_word' id='word_1_464' title='bbox 1483 3534 1536 3586; x_wconf 80' lang='grc' dir='ltr'><strong>εἰ</strong></span> <span class='ocrx_word' id='word_1_465' title='bbox 1554 3549 1616 3600; x_wconf 80' lang='grc' dir='ltr'>γε</span> <span class='ocrx_word' id='word_1_466' title='bbox 1646 3533 1755 3585; x_wconf 80' lang='grc' dir='ltr'><strong>ιδεί</strong></span> <span class='ocrx_word' id='word_1_467' title='bbox 1780 3533 1893 3586; x_wconf 85' lang='grc' dir='ltr'><strong>τῶν</strong></span> 
     </span>
    </p>
   </div>
   <div class='ocr_carea' id='block_1_67' title="bbox 332 3621 1897 3696">
    <p class='ocr_par' dir='ltr' id='par_1_67' title="bbox 332 3621 1897 3696">
     <span class='ocr_line' id='line_1_67' title="bbox 332 3621 1897 3696; baseline 0.005 -24"><span class='ocrx_word' id='word_1_468' title='bbox 332 3621 461 3690; x_wconf 83' lang='grc' dir='ltr'>παρ’</span> <span class='ocrx_word' id='word_1_469' title='bbox 485 3623 642 3693; x_wconf 81' lang='grc' dir='ltr'>ήμῶν</span> <span class='ocrx_word' id='word_1_470' title='bbox 667 3622 901 3685; x_wconf 64' lang='grc' dir='ltr'>οὐδενος,</span> <span class='ocrx_word' id='word_1_471' title='bbox 936 3640 956 3672; x_wconf 75' lang='grc' dir='ltr'><strong>ι</strong></span> <span class='ocrx_word' id='word_1_472' title='bbox 990 3623 1044 3691; x_wconf 82' lang='grc' dir='ltr'>ἢ,</span> <span class='ocrx_word' id='word_1_473' title='bbox 1102 3624 1153 3675; x_wconf 85' lang='grc' dir='ltr'><strong>εἰ</strong></span> <span class='ocrx_word' id='word_1_474' title='bbox 1197 3625 1345 3675; x_wconf 68' lang='grc' dir='ltr'>πὶσα</span> <span class='ocrx_word' id='word_1_475' title='bbox 1369 3623 1580 3693; x_wconf 70' lang='grc' dir='ltr'>ἀνάγκη</span> <span class='ocrx_word' id='word_1_476' title='bbox 1622 3628 1716 3680; x_wconf 77' lang='grc' dir='ltr'>καὶ</span> <span class='ocrx_word' id='word_1_477' title='bbox 1747 3626 1897 3696; x_wconf 78' lang='grc' dir='ltr'>ἡμᾶς</span> 
     </span>
    </p>
   </div>
   <div class='ocr_carea' id='block_1_68' title="bbox 330 3712 1893 3786">
    <p class='ocr_par' dir='ltr' id='par_1_68' title="bbox 330 3712 1893 3786">
     <span class='ocr_line' id='line_1_68' title="bbox 330 3712 1893 3786; baseline 0.002 -18"><span class='ocrx_word' id='word_1_478' title='bbox 330 3712 509 3769; x_wconf 85' lang='grc' dir='ltr'>ὁτιοῦν</span> <span class='ocrx_word' id='word_1_479' title='bbox 539 3716 837 3786; x_wconf 70' lang='grc' dir='ltr'>εἰσφέρειν,</span> <span class='ocrx_word' id='word_1_480' title='bbox 872 3717 998 3776; x_wconf 70' lang='grc' dir='ltr'>τοὺς</span> <span class='ocrx_word' id='word_1_481' title='bbox 1039 3715 1113 3785; x_wconf 76' lang='grc' dir='ltr'>μὴ</span> <span class='ocrx_word' id='word_1_482' title='bbox 1140 3716 1239 3785; x_wconf 77' lang='grc' dir='ltr'>τὴν</span> <span class='ocrx_word' id='word_1_483' title='bbox 1267 3717 1452 3770; x_wconf 74' lang='grc' dir='ltr'>πίστιν</span> <span class='ocrx_word' id='word_1_484' title='bbox 1481 3718 1893 3785; x_wconf 82' lang='grc' dir='ltr'>εἰσενεγκόντας</span> 
     </span>
    </p>
   </div>
   <div class='ocr_carea' id='block_1_69' title="bbox 332 3807 1162 3878">
    <p class='ocr_par' dir='ltr' id='par_1_69' title="bbox 332 3807 1162 3878">
     <span class='ocr_line' id='line_1_69' title="bbox 332 3807 1162 3878; baseline 0 -18"><span class='ocrx_word' id='word_1_485' title='bbox 332 3807 409 3876; x_wconf 79' lang='grc' dir='ltr'>τῷ</span> <span class='ocrx_word' id='word_1_486' title='bbox 433 3807 655 3878; x_wconf 81' lang='grc' dir='ltr'>Σωτῆρι</span> <span class='ocrx_word' id='word_1_487' title='bbox 681 3808 820 3877; x_wconf 82' lang='grc' dir='ltr'>μηδὲ</span> <span class='ocrx_word' id='word_1_488' title='bbox 844 3807 1162 3871; x_wconf 76' lang='grc' dir='ltr'>ἀναϐιῶναι.</span> 
     </span>
    </p>
   </div>
   <div class='ocr_carea' id='block_1_70' title="bbox 406 4073 1900 4144">
    <p class='ocr_par' dir='ltr' id='par_1_70' title="bbox 406 4073 1900 4144">
     <span class='ocr_line' id='line_1_70' title="bbox 406 4073 1900 4144; baseline 0.001 -16"><span class='ocrx_word' id='word_1_489' title='bbox 406 4075 565 4128; x_wconf 85' lang='grc' dir='ltr'>Ἔστι</span> <span class='ocrx_word' id='word_1_490' title='bbox 593 4075 774 4127; x_wconf 69' lang='grc' dir='ltr'>τοίνυν</span> <span class='ocrx_word' id='word_1_491' title='bbox 814 4075 990 4127; x_wconf 73' lang='grc' dir='ltr'>ἐκεῖνο</span> <span class='ocrx_word' id='word_1_492' title='bbox 1031 4073 1392 4144; x_wconf 76' lang='grc' dir='ltr'>περὶτούτων</span> <span class='ocrx_word' id='word_1_493' title='bbox 1421 4076 1618 4128; x_wconf 86' lang='grc' dir='ltr'>εἰπεῖν.</span> <span class='ocrx_word' id='word_1_494' title='bbox 1663 4078 1728 4130; x_wconf 81' lang='grc' dir='ltr'>Ἡ</span> <span class='ocrx_word' id='word_1_495' title='bbox 1766 4079 1900 4131; x_wconf 74' lang='grc' dir='ltr'><strong>ἀνά-</strong></span> 
     </span>
    </p>
   </div>
   <div class='ocr_carea' id='block_1_71' title="bbox 334 4165 1899 4236">
    <p class='ocr_par' dir='ltr' id='par_1_71' title="bbox 334 4165 1899 4236">
     <span class='ocr_line' id='line_1_71' title="bbox 334 4165 1899 4236; baseline 0.003 -18"><span class='ocrx_word' id='word_1_496' title='bbox 334 4183 528 4229; x_wconf 86' lang='grc' dir='ltr'>στασις</span> <span class='ocrx_word' id='word_1_497' title='bbox 580 4166 793 4233; x_wconf 84' lang='grc' dir='ltr'>φύσεώς</span> <span class='ocrx_word' id='word_1_498' title='bbox 836 4167 984 4218; x_wconf 77' lang='grc' dir='ltr'>ἐστιν</span> <span class='ocrx_word' id='word_1_499' title='bbox 1014 4165 1406 4236; x_wconf 77' lang='grc' dir='ltr'>ἐπανόρθωσις·</span> <span class='ocrx_word' id='word_1_500' title='bbox 1461 4167 1528 4221; x_wconf 78' lang='grc' dir='ltr'>τὰ</span> <span class='ocrx_word' id='word_1_501' title='bbox 1579 4169 1635 4221; x_wconf 78' lang='grc' dir='ltr'>δὲ</span> <span class='ocrx_word' id='word_1_502' title='bbox 1672 4170 1899 4223; x_wconf 75' lang='grc' dir='ltr'>τοιαῦτα</span> 
     </span>
    </p>
   </div>
   <div class='ocr_carea' id='block_1_72' title="bbox 336 4256 1901 4330">
    <p class='ocr_par' dir='ltr' id='par_1_72' title="bbox 336 4256 1901 4330">
     <span class='ocr_line' id='line_1_72' title="bbox 336 4256 1901 4330; baseline 0.004 -21"><span class='ocrx_word' id='word_1_503' title='bbox 336 4261 539 4325; x_wconf 79' lang='grc' dir='ltr'>προῖκα</span> <span class='ocrx_word' id='word_1_504' title='bbox 560 4256 774 4309; x_wconf 79' lang='grc' dir='ltr'>δίδωσιν</span> <span class='ocrx_word' id='word_1_505' title='bbox 807 4258 835 4308; x_wconf 92' lang='lat'><strong>6</strong></span> <span class='ocrx_word' id='word_1_506' title='bbox 869 4256 1021 4318; x_wconf 86' lang='grc' dir='ltr'>Θεός.</span> <span class='ocrx_word' id='word_1_507' title='bbox 1081 4257 1291 4326; x_wconf 83' lang='grc' dir='ltr'>Ὥσπερ</span> <span class='ocrx_word' id='word_1_508' title='bbox 1347 4258 1459 4328; x_wconf 83' lang='grc' dir='ltr'>γὰρ</span> <span class='ocrx_word' id='word_1_509' title='bbox 1504 4259 1730 4313; x_wconf 80' lang='grc' dir='ltr'>πλάττει</span> <span class='ocrx_word' id='word_1_510' title='bbox 1766 4263 1901 4330; x_wconf 70' lang='grc' dir='ltr'>μηδὲ</span> 
     </span>
    </p>
   </div>
   <div class='ocr_carea' id='block_1_73' title="bbox 336 4347 1901 4422">
    <p class='ocr_par' dir='ltr' id='par_1_73' title="bbox 336 4347 1901 4422">
     <span class='ocr_line' id='line_1_73' title="bbox 336 4347 1901 4422; baseline 0.003 -18"><span class='ocrx_word' id='word_1_511' title='bbox 336 4350 714 4422; x_wconf 62' lang='grc' dir='ltr'>βουλομένους.</span> <span class='ocrx_word' id='word_1_512' title='bbox 734 4348 877 4401; x_wconf 62' lang='grc' dir='ltr'>οὕτω</span> <span class='ocrx_word' id='word_1_513' title='bbox 900 4347 1226 4401; x_wconf 79' lang='grc' dir='ltr'>ἀναπλάττει</span> <span class='ocrx_word' id='word_1_514' title='bbox 1255 4349 1422 4418; x_wconf 82' lang='grc' dir='ltr'>μηδὲν</span> <span class='ocrx_word' id='word_1_515' title='bbox 1454 4355 1901 4422; x_wconf 70' lang='grc' dir='ltr'>προεισενεγκόνο</span> 
     </span>
    </p>
   </div>
   <div class='ocr_carea' id='block_1_74' title="bbox 334 4439 1902 4515">
    <p class='ocr_par' dir='ltr' id='par_1_74' title="bbox 334 4439 1902 4515">
     <span class='ocr_line' id='line_1_74' title="bbox 334 4439 1902 4515; baseline 0 -19"><span class='ocrx_word' id='word_1_516' title='bbox 334 4461 432 4506; x_wconf 87' lang='grc' dir='ltr'><strong>τας</strong></span> <span class='ocrx_word' id='word_1_517' title='bbox 450 4459 465 4473; x_wconf 79' lang='grc'><strong><em>⁸</em></strong></span> <span class='ocrx_word' id='word_1_518' title='bbox 499 4444 534 4512; x_wconf 74' lang='grc' dir='ltr'><strong>ἡ</strong></span> <span class='ocrx_word' id='word_1_519' title='bbox 566 4441 623 4493; x_wconf 81' lang='grc' dir='ltr'>δὲ</span> <span class='ocrx_word' id='word_1_520' title='bbox 641 4439 885 4510; x_wconf 81' lang='grc' dir='ltr'>βασιλεία</span> <span class='ocrx_word' id='word_1_521' title='bbox 913 4440 1098 4508; x_wconf 76' lang='grc' dir='ltr'>ἐκείνη</span> <span class='ocrx_word' id='word_1_522' title='bbox 1123 4440 1216 4491; x_wconf 70' lang='grc' dir='ltr'><strong>καὶ</strong></span> <span class='ocrx_word' id='word_1_523' title='bbox 1243 4441 1276 4508; x_wconf 91' lang='grc' dir='ltr'><strong>ή</strong></span> <span class='ocrx_word' id='word_1_524' title='bbox 1294 4440 1386 4492; x_wconf 88' lang='grc' dir='ltr'><strong>τοῦ</strong></span> <span class='ocrx_word' id='word_1_525' title='bbox 1408 4441 1542 4493; x_wconf 71' lang='grc' dir='ltr'>θεοῦ</span> <span class='ocrx_word' id='word_1_526' title='bbox 1571 4444 1774 4515; x_wconf 81' lang='grc' dir='ltr'>θεωρία</span> <span class='ocrx_word' id='word_1_527' title='bbox 1804 4448 1902 4500; x_wconf 62' lang='grc' dir='ltr'>καὶ</span> 
     </span>
    </p>
   </div>
   <div class='ocr_carea' id='block_1_75' title="bbox 337 4531 1901 4602">
    <p class='ocr_par' dir='ltr' id='par_1_75' title="bbox 337 4531 1901 4602">
     <span class='ocr_line' id='line_1_75' title="bbox 337 4531 1901 4602; baseline 0.004 -16"><span class='ocrx_word' id='word_1_528' title='bbox 337 4536 396 4588; x_wconf 77' lang='grc' dir='ltr'>τδ</span> <span class='ocrx_word' id='word_1_529' title='bbox 427 4535 668 4588; x_wconf 81' lang='grc' dir='ltr'>συνεῖναι</span> <span class='ocrx_word' id='word_1_530' title='bbox 696 4531 916 4602; x_wconf 83' lang='grc' dir='ltr'>Χριστῷ</span> <span class='ocrx_word' id='word_1_531' title='bbox 943 4531 1124 4600; x_wconf 81' lang='grc' dir='ltr'>τρυφή</span> <span class='ocrx_word' id='word_1_532' title='bbox 1155 4531 1272 4583; x_wconf 75' lang='grc' dir='ltr'>ἐστι</span> <span class='ocrx_word' id='word_1_533' title='bbox 1322 4531 1418 4599; x_wconf 79' lang='grc' dir='ltr'>τῆς</span> <span class='ocrx_word' id='word_1_534' title='bbox 1466 4532 1760 4602; x_wconf 83' lang='grc' dir='ltr'>θελήσεως.</span> <span class='ocrx_word' id='word_1_535' title='bbox 1805 4539 1901 4592; x_wconf 66' lang='lat' dir='ltr'><strong>Atil</strong></span> 
     </span>
    </p>
   </div>
   <div class='ocr_carea' id='block_1_76' title="bbox 338 4619 1899 4695">
    <p class='ocr_par' dir='ltr' id='par_1_76' title="bbox 338 4619 1899 4695">
     <span class='ocr_line' id='line_1_76' title="bbox 338 4619 1899 4695; baseline 0.004 -20"><span class='ocrx_word' id='word_1_536' title='bbox 338 4623 495 4675; x_wconf 83' lang='grc' dir='ltr'>τοῦτο</span> <span class='ocrx_word' id='word_1_537' title='bbox 520 4623 634 4685; x_wconf 85' lang='grc' dir='ltr'>τοῖς</span> <span class='ocrx_word' id='word_1_538' title='bbox 663 4620 920 4689; x_wconf 82' lang='grc' dir='ltr'>θελήσασι</span> <span class='ocrx_word' id='word_1_539' title='bbox 966 4620 1062 4672; x_wconf 75' lang='grc' dir='ltr'>καὶ</span> <span class='ocrx_word' id='word_1_540' title='bbox 1100 4619 1419 4688; x_wconf 68' lang='grc' dir='ltr'>ἠγαπηκόσι</span> <span class='ocrx_word' id='word_1_541' title='bbox 1469 4623 1563 4675; x_wconf 77' lang='grc' dir='ltr'>καὶ</span> <span class='ocrx_word' id='word_1_542' title='bbox 1595 4625 1899 4695; x_wconf 86' lang='grc' dir='ltr'>ποθήσασιν</span> 
     </span>
    </p>
   </div>
   <div class='ocr_carea' id='block_1_77' title="bbox 339 4711 1898 4785">
    <p class='ocr_par' dir='ltr' id='par_1_77' title="bbox 339 4711 1898 4785">
     <span class='ocr_line' id='line_1_77' title="bbox 339 4711 1898 4785; baseline -0.004 -18"><span class='ocrx_word' id='word_1_543' title='bbox 339 4716 518 4779; x_wconf 77' lang='grc' dir='ltr'>ἔξεστι</span> <span class='ocrx_word' id='word_1_544' title='bbox 548 4713 752 4784; x_wconf 76' lang='grc' dir='ltr'>μόνοιςο</span> <span class='ocrx_word' id='word_1_545' title='bbox 782 4713 1003 4775; x_wconf 84' lang='grc' dir='ltr'>τούτους</span> <span class='ocrx_word' id='word_1_546' title='bbox 1030 4715 1128 4782; x_wconf 83' lang='grc' dir='ltr'>μὲν</span> <span class='ocrx_word' id='word_1_547' title='bbox 1155 4711 1264 4783; x_wconf 82' lang='grc' dir='ltr'>γὰρ</span> <span class='ocrx_word' id='word_1_548' title='bbox 1292 4713 1385 4764; x_wconf 79' lang='grc' dir='ltr'>καὶ</span> <span class='ocrx_word' id='word_1_549' title='bbox 1413 4716 1627 4785; x_wconf 79' lang='grc' dir='ltr'>τρυφᾷν</span> <span class='ocrx_word' id='word_1_550' title='bbox 1670 4717 1898 4772; x_wconf 76' lang='grc' dir='ltr'>ἀκόλου-</span> 
     </span>
    </p>
   </div>
   <div class='ocr_carea' id='block_1_78' title="bbox 341 4804 1899 4879">
    <p class='ocr_par' dir='ltr' id='par_1_78' title="bbox 341 4804 1899 4879">
     <span class='ocr_line' id='line_1_78' title="bbox 341 4804 1899 4879; baseline -0.005 -18"><span class='ocrx_word' id='word_1_551' title='bbox 341 4810 432 4861; x_wconf 83' lang='grc' dir='ltr'>οόν</span> <span class='ocrx_word' id='word_1_552' title='bbox 465 4810 582 4861; x_wconf 73' lang='grc' dir='ltr'>ἐστι</span> <span class='ocrx_word' id='word_1_553' title='bbox 617 4806 725 4859; x_wconf 84' lang='grc' dir='ltr'>τῶν</span> <span class='ocrx_word' id='word_1_554' title='bbox 752 4804 1104 4873; x_wconf 81' lang='grc' dir='ltr'>ποθουμένων</span> <span class='ocrx_word' id='word_1_555' title='bbox 1133 4805 1436 4874; x_wconf 86' lang='grc' dir='ltr'>παρόντων,</span> <span class='ocrx_word' id='word_1_556' title='bbox 1468 4807 1560 4861; x_wconf 87' lang='grc' dir='ltr'>τὸν</span> <span class='ocrx_word' id='word_1_557' title='bbox 1584 4808 1640 4860; x_wconf 71' lang='grc' dir='ltr'>δὲ</span> <span class='ocrx_word' id='word_1_558' title='bbox 1665 4810 1740 4879; x_wconf 85' lang='grc' dir='ltr'>μὴ</span> <span class='ocrx_word' id='word_1_559' title='bbox 1771 4810 1899 4879; x_wconf 74' lang='grc' dir='ltr'><strong>βου,</strong></span> 
     </span>
    </p>
   </div>
   <div class='ocr_carea' id='block_1_79' title="bbox 340 4895 1900 4968">
    <p class='ocr_par' dir='ltr' id='par_1_79' title="bbox 340 4895 1900 4968">
     <span class='ocr_line' id='line_1_79' title="bbox 340 4895 1900 4968; baseline 0.003 -18"><span class='ocrx_word' id='word_1_560' title='bbox 340 4900 576 4968; x_wconf 73' lang='grc' dir='ltr'>ληοέντα</span> <span class='ocrx_word' id='word_1_561' title='bbox 607 4897 905 4966; x_wconf 82' lang='grc' dir='ltr'>ἀμήχανον.</span> <span class='ocrx_word' id='word_1_562' title='bbox 937 4896 1057 4957; x_wconf 82' lang='grc' dir='ltr'>Πῶς</span> <span class='ocrx_word' id='word_1_563' title='bbox 1086 4895 1192 4964; x_wconf 79' lang='grc' dir='ltr'>γὰρ</span> <span class='ocrx_word' id='word_1_564' title='bbox 1217 4895 1284 4950; x_wconf 80' lang='grc' dir='ltr'>ἂν</span> <span class='ocrx_word' id='word_1_565' title='bbox 1308 4898 1639 4968; x_wconf 73' lang='grc' dir='ltr'>καὶτρυφᾷν</span> <span class='ocrx_word' id='word_1_566' title='bbox 1683 4900 1900 4954; x_wconf 85' lang='grc' dir='ltr'>δύναιτο</span> 
     </span>
    </p>
   </div>
   <div class='ocr_carea' id='block_1_80' title="bbox 341 4977 1900 5057">
    <p class='ocr_par' dir='ltr' id='par_1_80' title="bbox 341 4977 1900 5057">
     <span class='ocr_line' id='line_1_80' title="bbox 341 4977 1900 5057; baseline 0.006 -24"><span class='ocrx_word' id='word_1_567' title='bbox 341 4989 438 5041; x_wconf 66' lang='grc' dir='ltr'><strong>καὶ</strong></span> <span class='ocrx_word' id='word_1_568' title='bbox 461 4987 673 5057; x_wconf 79' lang='grc' dir='ltr'>χαίρειν</span> <span class='ocrx_word' id='word_1_569' title='bbox 698 4985 1007 5055; x_wconf 85' lang='grc' dir='ltr'>παρόντων,</span> <span class='ocrx_word' id='word_1_570' title='bbox 1026 4977 1102 5039; x_wconf 77' lang='grc' dir='ltr'>ὧν</span> <span class='ocrx_word' id='word_1_571' title='bbox 1129 4986 1230 5038; x_wconf 80' lang='grc' dir='ltr'>οὐκ</span> <span class='ocrx_word' id='word_1_572' title='bbox 1257 4985 1418 5039; x_wconf 73' lang='grc' dir='ltr'>ἔλαϐε</span> <span class='ocrx_word' id='word_1_573' title='bbox 1447 4988 1613 5041; x_wconf 82' lang='grc' dir='ltr'>πόθον</span> <span class='ocrx_word' id='word_1_574' title='bbox 1625 4989 1900 5055; x_wconf 80' lang='grc' dir='ltr'>ἀπόντων,</span> 
     </span>
    </p>
   </div>
   <div class='ocr_carea' id='block_1_81' title="bbox 343 5074 1903 5147">
    <p class='ocr_par' dir='ltr' id='par_1_81' title="bbox 343 5074 1903 5147">
     <span class='ocr_line' id='line_1_81' title="bbox 343 5074 1903 5147; baseline 0.001 -16"><span class='ocrx_word' id='word_1_575' title='bbox 343 5078 469 5131; x_wconf 74' lang='grc' dir='ltr'>ἐπεὶ</span> <span class='ocrx_word' id='word_1_576' title='bbox 519 5076 656 5147; x_wconf 80' lang='grc' dir='ltr'>μηδὲ</span> <span class='ocrx_word' id='word_1_577' title='bbox 710 5074 1053 5145; x_wconf 76' lang='grc' dir='ltr'>ἐπιθυμῆσαι</span> <span class='ocrx_word' id='word_1_578' title='bbox 1097 5075 1401 5145; x_wconf 88' lang='grc' dir='ltr'>τηνικαῦτα</span> <span class='ocrx_word' id='word_1_579' title='bbox 1450 5077 1659 5131; x_wconf 83' lang='grc' dir='ltr'>δύναιτ’</span> <span class='ocrx_word' id='word_1_580' title='bbox 1679 5078 1748 5132; x_wconf 84' lang='grc' dir='ltr'>ἂν</span> <span class='ocrx_word' id='word_1_581' title='bbox 1808 5081 1903 5133; x_wconf 66' lang='grc' dir='ltr'><strong>καὶ</strong></span> 
     </span>
    </p>
   </div>
   <div class='ocr_carea' id='block_1_82' title="bbox 342 5167 1903 5241">
    <p class='ocr_par' dir='ltr' id='par_1_82' title="bbox 342 5167 1903 5241">
     <span class='ocr_line' id='line_1_82' title="bbox 342 5167 1903 5241; baseline 0 -20"><span class='ocrx_word' id='word_1_582' title='bbox 342 5169 575 5241; x_wconf 80' lang='grc' dir='ltr'>ζητῆσαι</span> <span class='ocrx_word' id='word_1_583' title='bbox 605 5171 809 5238; x_wconf 78' lang='grc' dir='ltr'>τυχεῖν,</span> <span class='ocrx_word' id='word_1_584' title='bbox 840 5167 924 5221; x_wconf 83' lang='grc' dir='ltr'>ὅτι</span> <span class='ocrx_word' id='word_1_585' title='bbox 949 5167 1047 5234; x_wconf 80' lang='grc' dir='ltr'>οὐχ</span> <span class='ocrx_word' id='word_1_586' title='bbox 1090 5168 1193 5236; x_wconf 79' lang='grc' dir='ltr'>ὁρᾷ</span> <span class='ocrx_word' id='word_1_587' title='bbox 1230 5167 1292 5219; x_wconf 85' lang='grc' dir='ltr'>τὸ</span> <span class='ocrx_word' id='word_1_588' title='bbox 1330 5168 1529 5231; x_wconf 82' lang='grc' dir='ltr'>κάλλος</span> <span class='ocrx_word' id='word_1_589' title='bbox 1557 5170 1753 5234; x_wconf 69' lang='grc' dir='ltr'>ἐκεῖνο,</span> <span class='ocrx_word' id='word_1_590' title='bbox 1808 5172 1903 5223; x_wconf 77' lang='grc' dir='ltr'>καὶ</span> 
     </span>
    </p>
   </div>
   <div class='ocr_carea' id='block_1_83' title="bbox 342 5257 1906 5331">
    <p class='ocr_par' dir='ltr' id='par_1_83' title="bbox 342 5257 1906 5331">
     <span class='ocr_line' id='line_1_83' title="bbox 342 5257 1906 5331; baseline -0.001 -15"><span class='ocrx_word' id='word_1_591' title='bbox 342 5265 370 5315; x_wconf 83' lang='grc' dir='ltr'>ὅ</span> <span class='ocrx_word' id='word_1_592' title='bbox 401 5279 568 5331; x_wconf 77' lang='grc' dir='ltr'>φησιν</span> <span class='ocrx_word' id='word_1_593' title='bbox 599 5263 629 5315; x_wconf 92' lang='lat'><strong>6</strong></span> <span class='ocrx_word' id='word_1_594' title='bbox 647 5260 874 5331; x_wconf 79' lang='grc' dir='ltr'>Κύριος,</span> <span class='ocrx_word' id='word_1_595' title='bbox 907 5277 926 5311; x_wconf 81' lang='grc' dir='ltr'><strong>ι</strong></span> <span class='ocrx_word' id='word_1_596' title='bbox 961 5259 1021 5312; x_wconf 80' lang='grc' dir='ltr'>οὐ</span> <span class='ocrx_word' id='word_1_597' title='bbox 1042 5257 1265 5312; x_wconf 80' lang='grc' dir='ltr'>δύναται</span> <span class='ocrx_word' id='word_1_598' title='bbox 1291 5257 1498 5325; x_wconf 74' lang='grc' dir='ltr'>λαϐεῖν,</span> <span class='ocrx_word' id='word_1_599' title='bbox 1526 5259 1688 5313; x_wconf 82' lang='grc' dir='ltr'><strong>ὅτιού</strong></span> <span class='ocrx_word' id='word_1_600' title='bbox 1709 5261 1906 5331; x_wconf 74' lang='grc' dir='ltr'>θεωρεῖ</span> 
     </span>
    </p>
   </div>
   <div class='ocr_carea' id='block_1_84' title="bbox 342 5349 1907 5420">
    <p class='ocr_par' dir='ltr' id='par_1_84' title="bbox 342 5349 1907 5420">
     <span class='ocr_line' id='line_1_84' title="bbox 342 5349 1907 5420; baseline 0.001 -16"><span class='ocrx_word' id='word_1_601' title='bbox 342 5353 475 5405; x_wconf 77' lang='grc' dir='ltr'>αὐτὸ</span> <span class='ocrx_word' id='word_1_602' title='bbox 503 5352 627 5405; x_wconf 68' lang='grc' dir='ltr'>οὐδὲ</span> <span class='ocrx_word' id='word_1_603' title='bbox 652 5353 912 5420; x_wconf 82' lang='grc' dir='ltr'>γινώσκει</span> <span class='ocrx_word' id='word_1_604' title='bbox 944 5349 1100 5413; x_wconf 83' lang='grc' dir='ltr'>αὐτὸ,</span> <span class='ocrx_word' id='word_1_605' title='bbox 1136 5367 1156 5402; x_wconf 74' lang='grc' dir='ltr'><strong>ι</strong></span> <span class='ocrx_word' id='word_1_606' title='bbox 1203 5349 1402 5419; x_wconf 76' lang='grc' dir='ltr'>τυφλὸς</span> <span class='ocrx_word' id='word_1_607' title='bbox 1429 5350 1674 5403; x_wconf 78' lang='grc' dir='ltr'>ἐντεῦθεν</span> <span class='ocrx_word' id='word_1_608' title='bbox 1703 5351 1784 5415; x_wconf 84' lang='grc' dir='ltr'><strong>εἰς</strong></span> <span class='ocrx_word' id='word_1_609' title='bbox 1815 5352 1907 5405; x_wconf 81' lang='grc' dir='ltr'><strong>τὸν</strong></span> 
     </span>
    </p>
   </div>
   <div class='ocr_carea' id='block_1_85' title="bbox 348 5440 1905 5513">
    <p class='ocr_par' dir='ltr' id='par_1_85' title="bbox 348 5440 1905 5513">
     <span class='ocr_line' id='line_1_85' title="bbox 348 5440 1905 5513; baseline -0.001 -18"><span class='ocrx_word' id='word_1_610' title='bbox 348 5443 462 5513; x_wconf 79' lang='grc' dir='ltr'>βίον</span> <span class='ocrx_word' id='word_1_611' title='bbox 488 5440 736 5497; x_wconf 65' lang='grc' dir='ltr'>ἐκπεσὼν</span> <span class='ocrx_word' id='word_1_612' title='bbox 766 5442 974 5495; x_wconf 68' lang='grc' dir='ltr'>ἐκεῖνον</span> <span class='ocrx_word' id='word_1_613' title='bbox 1006 5441 1102 5493; x_wconf 77' lang='grc' dir='ltr'>καὶ</span> <span class='ocrx_word' id='word_1_614' title='bbox 1128 5440 1308 5509; x_wconf 86' lang='grc' dir='ltr'>πάσης</span> <span class='ocrx_word' id='word_1_615' title='bbox 1338 5441 1643 5511; x_wconf 82' lang='grc' dir='ltr'>αἰσθήσεως</span> <span class='ocrx_word' id='word_1_616' title='bbox 1684 5442 1777 5494; x_wconf 79' lang='grc' dir='ltr'>καὶ</span> <span class='ocrx_word' id='word_1_617' title='bbox 1809 5442 1905 5494; x_wconf 83' lang='grc' dir='ltr'>δν-</span> 
     </span>
    </p>
   </div>
   <div class='ocr_carea' id='block_1_86' title="bbox 346 5523 1951 5602">
    <p class='ocr_par' dir='ltr' id='par_1_86' title="bbox 346 5523 1951 5602">
     <span class='ocr_line' id='line_1_86' title="bbox 346 5523 1951 5602; baseline 0.001 -17"><span class='ocrx_word' id='word_1_618' title='bbox 346 5537 563 5602; x_wconf 84' lang='grc' dir='ltr'>νὰμεως</span> <span class='ocrx_word' id='word_1_619' title='bbox 609 5531 1078 5601; x_wconf 70' lang='grc' dir='ltr'>ἀπεστερημένος,</span> <span class='ocrx_word' id='word_1_620' title='bbox 1135 5529 1204 5583; x_wconf 84' lang='grc' dir='ltr'><strong>δι’</strong></span> <span class='ocrx_word' id='word_1_621' title='bbox 1229 5523 1306 5584; x_wconf 81' lang='grc' dir='ltr'>ὧν</span> <span class='ocrx_word' id='word_1_622' title='bbox 1332 5529 1509 5593; x_wconf 71' lang='grc' dir='ltr'>ἔξεστι</span> <span class='ocrx_word' id='word_1_623' title='bbox 1567 5532 1662 5585; x_wconf 83' lang='grc' dir='ltr'>καὶ</span> <span class='ocrx_word' id='word_1_624' title='bbox 1699 5531 1902 5597; x_wconf 84' lang='grc' dir='ltr'>γνῶναι</span> <span class='ocrx_word' id='word_1_625' title='bbox 1938 5557 1951 5565; x_wconf 65' lang='grc' dir='ltr'><strong>ι</strong></span> 
     </span>
    </p>
   </div>
   <div class='ocr_carea' id='block_1_87' title="bbox 345 5619 1902 5689">
    <p class='ocr_par' dir='ltr' id='par_1_87' title="bbox 345 5619 1902 5689">
     <span class='ocr_line' id='line_1_87' title="bbox 345 5619 1902 5689; baseline 0.003 -17"><span class='ocrx_word' id='word_1_626' title='bbox 345 5622 438 5674; x_wconf 72' lang='grc' dir='ltr'>τὸν</span> <span class='ocrx_word' id='word_1_627' title='bbox 470 5620 700 5689; x_wconf 78' lang='grc' dir='ltr'>Σωτῆρα</span> <span class='ocrx_word' id='word_1_628' title='bbox 728 5620 825 5673; x_wconf 74' lang='grc' dir='ltr'><strong>καὶ</strong></span> <span class='ocrx_word' id='word_1_629' title='bbox 853 5619 1076 5688; x_wconf 78' lang='grc' dir='ltr'>φιλῆσαι</span> <span class='ocrx_word' id='word_1_630' title='bbox 1124 5619 1217 5673; x_wconf 75' lang='grc' dir='ltr'>καὶ</span> <span class='ocrx_word' id='word_1_631' title='bbox 1244 5620 1469 5688; x_wconf 77' lang='grc' dir='ltr'>θελῆσαι</span> <span class='ocrx_word' id='word_1_632' title='bbox 1521 5623 1758 5676; x_wconf 79' lang='grc' dir='ltr'>συνεῖναι</span> <span class='ocrx_word' id='word_1_633' title='bbox 1806 5621 1902 5676; x_wconf 77' lang='grc' dir='ltr'>καὶ</span> 
     </span>
    </p>
   </div>
   <div class='ocr_carea' id='block_1_88' title="bbox 425 5795 1405 5868">
    <p class='ocr_par' dir='ltr' id='par_1_88' title="bbox 425 5795 1405 5868">
     <span class='ocr_line' id='line_1_88' title="bbox 425 5795 1405 5868; baseline 0.002 -19"><span class='ocrx_word' id='word_1_634' title='bbox 425 5795 472 5829; x_wconf 82' lang='grc'>⁸⁸</span> <span class='ocrx_word' id='word_1_635' title='bbox 509 5795 649 5853; x_wconf 68' lang='lat' dir='ltr'><strong>Psal.</strong></span> <span class='ocrx_word' id='word_1_636' title='bbox 679 5815 766 5868; x_wconf 79' lang='lat' dir='ltr'><strong>xv,</strong></span> <span class='ocrx_word' id='word_1_637' title='bbox 796 5800 852 5857; x_wconf 64' lang='grc' dir='ltr'><strong>Ξ.</strong></span> <span class='ocrx_word' id='word_1_638' title='bbox 928 5802 971 5834; x_wconf 79' lang='lat'><strong>&quot;</strong></span> <span class='ocrx_word' id='word_1_639' title='bbox 991 5800 1149 5858; x_wconf 83' lang='lat' dir='ltr'><strong>Joan.</strong></span> <span class='ocrx_word' id='word_1_640' title='bbox 1179 5815 1289 5865; x_wconf 65' lang='grc' dir='ltr'>ειν,</span> <span class='ocrx_word' id='word_1_641' title='bbox 1320 5799 1405 5852; x_wconf 84' lang='grc'><strong>17.</strong></span> 
     </span>
    </p>
   </div>
   <div class='ocr_carea' id='block_1_89' title="bbox 1999 3243 3570 3317">
    <p class='ocr_par' dir='ltr' id='par_1_89' title="bbox 1999 3243 3570 3317">
     <span class='ocr_line' id='line_1_89' title="bbox 1999 3243 3570 3317; baseline 0.003 -20"><span class='ocrx_word' id='word_1_642' title='bbox 1999 3243 2143 3299; x_wconf 89' lang='lat' dir='ltr'><strong>Sane</strong></span> <span class='ocrx_word' id='word_1_643' title='bbox 2171 3259 2237 3299; x_wconf 84' lang='lat' dir='ltr'><strong>ex</strong></span> <span class='ocrx_word' id='word_1_644' title='bbox 2285 3246 2501 3300; x_wconf 90' lang='lat' dir='ltr'><strong>duobus</strong></span> <span class='ocrx_word' id='word_1_645' title='bbox 2545 3246 2779 3300; x_wconf 89' lang='lat' dir='ltr'><strong>alterum</strong></span> <span class='ocrx_word' id='word_1_646' title='bbox 2819 3248 3043 3301; x_wconf 88' lang='lat' dir='ltr'><strong>evenire</strong></span> <span class='ocrx_word' id='word_1_647' title='bbox 3095 3262 3309 3317; x_wconf 73' lang='lat' dir='ltr'><strong>aequum</strong></span> <span class='ocrx_word' id='word_1_648' title='bbox 3346 3259 3395 3303; x_wconf 92' lang='lat' dir='ltr'><strong>et</strong></span> <span class='ocrx_word' id='word_1_649' title='bbox 3433 3264 3570 3303; x_wconf 86' lang='lat' dir='ltr'><strong>con-</strong></span> 
     </span>
    </p>
   </div>
   <div class='ocr_carea' id='block_1_90' title="bbox 1996 3337 3566 3402">
    <p class='ocr_par' dir='ltr' id='par_1_90' title="bbox 1996 3337 3566 3402">
     <span class='ocr_line' id='line_1_90' title="bbox 1996 3337 3566 3402; baseline 0 -10"><span class='ocrx_word' id='word_1_650' title='bbox 1996 3346 2317 3392; x_wconf 84' lang='lat' dir='ltr'><strong>sentaneum</strong></span> <span class='ocrx_word' id='word_1_651' title='bbox 2359 3337 2599 3402; x_wconf 88' lang='lat' dir='ltr'><strong>videtur,</strong></span> <span class='ocrx_word' id='word_1_652' title='bbox 2624 3344 2719 3393; x_wconf 88' lang='lat' dir='ltr'><strong>aut</strong></span> <span class='ocrx_word' id='word_1_653' title='bbox 2767 3344 2825 3392; x_wconf 85' lang='lat' dir='ltr'><strong>ut</strong></span> <span class='ocrx_word' id='word_1_654' title='bbox 2862 3352 3055 3392; x_wconf 89' lang='lat' dir='ltr'><strong>omnes</strong></span> <span class='ocrx_word' id='word_1_655' title='bbox 3103 3339 3358 3392; x_wconf 87' lang='lat' dir='ltr'><strong>omnibus</strong></span> <span class='ocrx_word' id='word_1_656' title='bbox 3410 3339 3566 3394; x_wconf 88' lang='lat' dir='ltr'><strong>dein-</strong></span> 
     </span>
    </p>
   </div>
   <div class='ocr_carea' id='block_1_91' title="bbox 1995 3429 3569 3500">
    <p class='ocr_par' dir='ltr' id='par_1_91' title="bbox 1995 3429 3569 3500">
     <span class='ocr_line' id='line_1_91' title="bbox 1995 3429 3569 3500; baseline -0.001 -15"><span class='ocrx_word' id='word_1_657' title='bbox 1995 3445 2124 3499; x_wconf 87' lang='lat' dir='ltr'><strong>ceps</strong></span> <span class='ocrx_word' id='word_1_658' title='bbox 2166 3429 2441 3495; x_wconf 81' lang='lat' dir='ltr'><strong>fruantur,</strong></span> <span class='ocrx_word' id='word_1_659' title='bbox 2472 3445 2708 3500; x_wconf 90' lang='lat' dir='ltr'><strong>quorum</strong></span> <span class='ocrx_word' id='word_1_660' title='bbox 2748 3430 3004 3485; x_wconf 87' lang='lat' dir='ltr'><strong>Christus</strong></span> <span class='ocrx_word' id='word_1_661' title='bbox 3044 3429 3200 3483; x_wconf 83' lang='lat' dir='ltr'><strong>nobis</strong></span> <span class='ocrx_word' id='word_1_662' title='bbox 3243 3441 3419 3484; x_wconf 84' lang='lat' dir='ltr'><strong>morte</strong></span> <span class='ocrx_word' id='word_1_663' title='bbox 3470 3447 3569 3484; x_wconf 90' lang='lat' dir='ltr'><strong>sua</strong></span> 
     </span>
    </p>
   </div>
   <div class='ocr_carea' id='block_1_92' title="bbox 1993 3520 3575 3588">
    <p class='ocr_par' dir='ltr' id='par_1_92' title="bbox 1993 3520 3575 3588">
     <span class='ocr_line' id='line_1_92' title="bbox 1993 3520 3575 3588; baseline -0.003 -10"><span class='ocrx_word' id='word_1_664' title='bbox 1993 3535 2161 3578; x_wconf 89' lang='lat' dir='ltr'><strong>causa</strong></span> <span class='ocrx_word' id='word_1_665' title='bbox 2216 3520 2340 3586; x_wconf 90' lang='lat' dir='ltr'><strong>fuit,</strong></span> <span class='ocrx_word' id='word_1_666' title='bbox 2405 3529 2458 3575; x_wconf 90' lang='lat' dir='ltr'><strong>et</strong></span> <span class='ocrx_word' id='word_1_667' title='bbox 2511 3521 2675 3575; x_wconf 89' lang='lat' dir='ltr'><strong>simul</strong></span> <span class='ocrx_word' id='word_1_668' title='bbox 2726 3528 3034 3588; x_wconf 80' lang='lat' dir='ltr'><strong>resurgant,</strong></span> <span class='ocrx_word' id='word_1_669' title='bbox 3098 3527 3260 3587; x_wconf 85' lang='lat' dir='ltr'><strong>atque</strong></span> <span class='ocrx_word' id='word_1_670' title='bbox 3318 3534 3441 3572; x_wconf 91' lang='lat' dir='ltr'><strong>cum</strong></span> <span class='ocrx_word' id='word_1_671' title='bbox 3506 3536 3575 3574; x_wconf 90' lang='lat' dir='ltr'><strong>eo</strong></span> 
     </span>
    </p>
   </div>
   <div class='ocr_carea' id='block_1_93' title="bbox 1998 3608 3574 3682">
    <p class='ocr_par' dir='ltr' id='par_1_93' title="bbox 1998 3608 3574 3682">
     <span class='ocr_line' id='line_1_93' title="bbox 1998 3608 3574 3682; baseline -0.003 -13"><span class='ocrx_word' id='word_1_672' title='bbox 1998 3615 2184 3669; x_wconf 85' lang='lat' dir='ltr'><strong>vivant</strong></span> <span class='ocrx_word' id='word_1_673' title='bbox 2238 3621 2294 3668; x_wconf 91' lang='lat' dir='ltr'><strong>et</strong></span> <span class='ocrx_word' id='word_1_674' title='bbox 2344 3622 2592 3682; x_wconf 79' lang='lat' dir='ltr'><strong>regnent,</strong></span> <span class='ocrx_word' id='word_1_675' title='bbox 2650 3619 2705 3666; x_wconf 88' lang='lat' dir='ltr'><strong>et</strong></span> <span class='ocrx_word' id='word_1_676' title='bbox 2756 3610 2963 3678; x_wconf 85' lang='lat' dir='ltr'><strong>reliqua</strong></span> <span class='ocrx_word' id='word_1_677' title='bbox 3016 3608 3280 3663; x_wconf 79' lang='lat' dir='ltr'><strong>felicitate</strong></span> <span class='ocrx_word' id='word_1_678' title='bbox 3333 3610 3574 3664; x_wconf 88' lang='lat' dir='ltr'><strong>circum-</strong></span> 
     </span>
    </p>
   </div>
   <div class='ocr_carea' id='block_1_94' title="bbox 1993 3701 3567 3773">
    <p class='ocr_par' dir='ltr' id='par_1_94' title="bbox 1993 3701 3567 3773">
     <span class='ocr_line' id='line_1_94' title="bbox 1993 3701 3567 3773; baseline -0.003 -13"><span class='ocrx_word' id='word_1_679' title='bbox 1993 3706 2185 3766; x_wconf 87' lang='lat' dir='ltr'><strong>lluant,</strong></span> <span class='ocrx_word' id='word_1_680' title='bbox 2208 3703 2479 3773; x_wconf 81' lang='lat' dir='ltr'><strong>siquidem</strong></span> <span class='ocrx_word' id='word_1_681' title='bbox 2508 3721 2527 3754; x_wconf 81' lang='grc' dir='ltr'><strong>ι</strong></span> <span class='ocrx_word' id='word_1_682' title='bbox 2547 3701 2817 3757; x_wconf 86' lang='lat' dir='ltr'><strong>bonorum</strong></span> <span class='ocrx_word' id='word_1_683' title='bbox 2855 3709 3169 3755; x_wconf 90' lang='lat' dir='ltr'><strong>nostrorum</strong></span> <span class='ocrx_word' id='word_1_684' title='bbox 3194 3715 3299 3753; x_wconf 86' lang='lat' dir='ltr'><strong>non</strong></span> <span class='ocrx_word' id='word_1_685' title='bbox 3323 3711 3444 3771; x_wconf 79' lang='lat' dir='ltr'><strong>eget</strong></span> <span class='ocrx_word' id='word_1_686' title='bbox 3464 3704 3531 3767; x_wconf 73' lang='grc'><strong>⁸⁸,</strong></span> <span class='ocrx_word' id='word_1_687' title='bbox 3548 3722 3567 3754; x_wconf 72' lang='grc' dir='ltr'><strong>ι</strong></span> 
     </span>
    </p>
   </div>
   <div class='ocr_carea' id='block_1_95' title="bbox 1995 3792 3569 3864">
    <p class='ocr_par' dir='ltr' id='par_1_95' title="bbox 1995 3792 3569 3864">
     <span class='ocr_line' id='line_1_95' title="bbox 1995 3792 3569 3864; baseline -0.002 -13"><span class='ocrx_word' id='word_1_688' title='bbox 1995 3805 2090 3851; x_wconf 83' lang='lat' dir='ltr'><strong>aut</strong></span> <span class='ocrx_word' id='word_1_689' title='bbox 2116 3797 2163 3852; x_wconf 88' lang='lat' dir='ltr'><strong>si</strong></span> <span class='ocrx_word' id='word_1_690' title='bbox 2200 3795 2425 3850; x_wconf 92' lang='lat' dir='ltr'><strong>omnino</strong></span> <span class='ocrx_word' id='word_1_691' title='bbox 2454 3793 2763 3864; x_wconf 84' lang='lat' dir='ltr'><strong>oportebat,</strong></span> <span class='ocrx_word' id='word_1_692' title='bbox 2795 3804 2849 3846; x_wconf 87' lang='lat' dir='ltr'><strong>et</strong></span> <span class='ocrx_word' id='word_1_693' title='bbox 2882 3808 2982 3847; x_wconf 90' lang='lat' dir='ltr'><strong>nos</strong></span> <span class='ocrx_word' id='word_1_694' title='bbox 3008 3792 3376 3862; x_wconf 82' lang='lat' dir='ltr'><strong>quodcunque</strong></span> <span class='ocrx_word' id='word_1_695' title='bbox 3403 3795 3569 3848; x_wconf 87' lang='lat' dir='ltr'><strong>etiam</strong></span> 
     </span>
    </p>
   </div>
   <div class='ocr_carea' id='block_1_96' title="bbox 1996 3884 3570 3956">
    <p class='ocr_par' dir='ltr' id='par_1_96' title="bbox 1996 3884 3570 3956">
     <span class='ocr_line' id='line_1_96' title="bbox 1996 3884 3570 3956; baseline 0 -16"><span class='ocrx_word' id='word_1_696' title='bbox 1996 3887 2290 3944; x_wconf 83' lang='lat' dir='ltr'><strong>conferre:</strong></span> <span class='ocrx_word' id='word_1_697' title='bbox 2323 3887 2413 3956; x_wconf 86' lang='lat' dir='ltr'><strong>qui</strong></span> <span class='ocrx_word' id='word_1_698' title='bbox 2448 3884 2607 3940; x_wconf 80' lang='lat' dir='ltr'><strong>ﬁdem</strong></span> <span class='ocrx_word' id='word_1_699' title='bbox 2639 3891 2702 3940; x_wconf 87' lang='lat' dir='ltr'><strong>ad</strong></span> <span class='ocrx_word' id='word_1_700' title='bbox 2732 3884 3067 3939; x_wconf 82' lang='lat' dir='ltr'><strong>Salvatorem</strong></span> <span class='ocrx_word' id='word_1_701' title='bbox 3099 3897 3206 3935; x_wconf 90' lang='lat' dir='ltr'><strong>non</strong></span> <span class='ocrx_word' id='word_1_702' title='bbox 3234 3887 3570 3951; x_wconf 85' lang='lat' dir='ltr'><strong>attulissent,</strong></span> 
     </span>
    </p>
   </div>
   <div class='ocr_carea' id='block_1_97' title="bbox 1996 3979 2696 4034">
    <p class='ocr_par' dir='ltr' id='par_1_97' title="bbox 1996 3979 2696 4034">
     <span class='ocr_line' id='line_1_97' title="bbox 1996 3979 2696 4034; baseline -0.004 0"><span class='ocrx_word' id='word_1_703' title='bbox 1996 3994 2099 4034; x_wconf 90' lang='lat' dir='ltr'><strong>nec</strong></span> <span class='ocrx_word' id='word_1_704' title='bbox 2134 3979 2188 4032; x_wconf 91' lang='lat' dir='ltr'><strong>in</strong></span> <span class='ocrx_word' id='word_1_705' title='bbox 2226 3979 2392 4033; x_wconf 84' lang='lat' dir='ltr'><strong>vitam</strong></span> <span class='ocrx_word' id='word_1_706' title='bbox 2428 3979 2696 4032; x_wconf 87' lang='lat' dir='ltr'><strong>revocari.</strong></span> 
     </span>
    </p>
   </div>
   <div class='ocr_carea' id='block_1_98' title="bbox 2068 4068 3570 4138">
    <p class='ocr_par' dir='ltr' id='par_1_98' title="bbox 2068 4068 3570 4138">
     <span class='ocr_line' id='line_1_98' title="bbox 2068 4068 3570 4138; baseline 0 -15"><span class='ocrx_word' id='word_1_707' title='bbox 2068 4070 2219 4124; x_wconf 82' lang='lat' dir='ltr'><strong>Licet</strong></span> <span class='ocrx_word' id='word_1_708' title='bbox 2239 4068 2550 4138; x_wconf 79' lang='lat' dir='ltr'><strong>igiturillud</strong></span> <span class='ocrx_word' id='word_1_709' title='bbox 2575 4068 2642 4120; x_wconf 84' lang='lat' dir='ltr'><strong>ad</strong></span> <span class='ocrx_word' id='word_1_710' title='bbox 2671 4070 2809 4122; x_wconf 90' lang='lat' dir='ltr'><strong>hanc</strong></span> <span class='ocrx_word' id='word_1_711' title='bbox 2832 4069 3196 4137; x_wconf 85' lang='lat' dir='ltr'><strong>objectionem</strong></span> <span class='ocrx_word' id='word_1_712' title='bbox 3222 4070 3570 4137; x_wconf 86' lang='lat' dir='ltr'><strong>respondere.</strong></span> 
     </span>
    </p>
   </div>
   <div class='ocr_carea' id='block_1_99' title="bbox 2000 4158 3573 4216">
    <p class='ocr_par' dir='ltr' id='par_1_99' title="bbox 2000 4158 3573 4216">
     <span class='ocr_line' id='line_1_99' title="bbox 2000 4158 3573 4216; baseline -0.003 0"><span class='ocrx_word' id='word_1_713' title='bbox 2000 4158 2354 4216; x_wconf 72' lang='lat' dir='ltr'><strong>Resurrectio</strong></span> <span class='ocrx_word' id='word_1_714' title='bbox 2383 4166 2467 4212; x_wconf 87' lang='lat' dir='ltr'><strong>est</strong></span> <span class='ocrx_word' id='word_1_715' title='bbox 2536 4167 2747 4212; x_wconf 80' lang='lat' dir='ltr'><strong>natura:</strong></span> <span class='ocrx_word' id='word_1_716' title='bbox 2815 4161 3164 4214; x_wconf 86' lang='lat' dir='ltr'><strong>instauratio.</strong></span> <span class='ocrx_word' id='word_1_717' title='bbox 3221 4159 3330 4213; x_wconf 87' lang='lat' dir='ltr'><strong>Ista</strong></span> <span class='ocrx_word' id='word_1_718' title='bbox 3390 4168 3573 4212; x_wconf 87' lang='lat' dir='ltr'><strong>autem</strong></span> 
     </span>
    </p>
   </div>
   <div class='ocr_carea' id='block_1_100' title="bbox 1999 4248 3571 4320">
    <p class='ocr_par' dir='ltr' id='par_1_100' title="bbox 1999 4248 3571 4320">
     <span class='ocr_line' id='line_1_100' title="bbox 1999 4248 3571 4320; baseline -0.001 -13"><span class='ocrx_word' id='word_1_719' title='bbox 1999 4252 2171 4319; x_wconf 74' lang='lat' dir='ltr'><strong>gratis</strong></span> <span class='ocrx_word' id='word_1_720' title='bbox 2200 4250 2294 4305; x_wconf 88' lang='lat' dir='ltr'><strong>dat</strong></span> <span class='ocrx_word' id='word_1_721' title='bbox 2325 4248 2490 4304; x_wconf 90' lang='lat' dir='ltr'><strong>Deus.</strong></span> <span class='ocrx_word' id='word_1_722' title='bbox 2523 4249 2676 4304; x_wconf 90' lang='lat' dir='ltr'><strong>Sicut</strong></span> <span class='ocrx_word' id='word_1_723' title='bbox 2700 4250 2844 4305; x_wconf 87' lang='lat' dir='ltr'><strong>enim</strong></span> <span class='ocrx_word' id='word_1_724' title='bbox 2874 4250 3026 4320; x_wconf 74' lang='lat' dir='ltr'><strong>fingit</strong></span> <span class='ocrx_word' id='word_1_725' title='bbox 3064 4251 3117 4305; x_wconf 85' lang='lat' dir='ltr'><strong>id</strong></span> <span class='ocrx_word' id='word_1_726' title='bbox 3144 4266 3252 4305; x_wconf 92' lang='lat' dir='ltr'><strong>non</strong></span> <span class='ocrx_word' id='word_1_727' title='bbox 3284 4251 3530 4305; x_wconf 88' lang='lat' dir='ltr'><strong>volentes</strong></span> <span class='ocrx_word' id='word_1_728' title='bbox 3553 4289 3571 4314; x_wconf 84' lang='lat'><strong>,</strong></span> 
     </span>
    </p>
   </div>
   <div class='ocr_carea' id='block_1_101' title="bbox 2001 4342 3571 4414">
    <p class='ocr_par' dir='ltr' id='par_1_101' title="bbox 2001 4342 3571 4414">
     <span class='ocr_line' id='line_1_101' title="bbox 2001 4342 3571 4414; baseline -0.001 -15"><span class='ocrx_word' id='word_1_729' title='bbox 2001 4346 2076 4400; x_wconf 83' lang='lat' dir='ltr'><strong>ita</strong></span> <span class='ocrx_word' id='word_1_730' title='bbox 2146 4358 2368 4414; x_wconf 88' lang='lat' dir='ltr'><strong>quoque</strong></span> <span class='ocrx_word' id='word_1_731' title='bbox 2429 4342 2646 4412; x_wconf 77' lang='lat' dir='ltr'><strong>reﬁngit</strong></span> <span class='ocrx_word' id='word_1_732' title='bbox 2721 4343 2856 4396; x_wconf 88' lang='lat' dir='ltr'><strong>nihil</strong></span> <span class='ocrx_word' id='word_1_733' title='bbox 2913 4345 2980 4398; x_wconf 91' lang='lat' dir='ltr'><strong>ad</strong></span> <span class='ocrx_word' id='word_1_734' title='bbox 3034 4345 3084 4399; x_wconf 90' lang='lat' dir='ltr'><strong>id</strong></span> <span class='ocrx_word' id='word_1_735' title='bbox 3134 4343 3571 4399; x_wconf 85' lang='lat' dir='ltr'><strong>commodantes.</strong></span> 
     </span>
    </p>
   </div>
   <div class='ocr_carea' id='block_1_102' title="bbox 1942 4434 3569 4527">
    <p class='ocr_par' dir='ltr' id='par_1_102' title="bbox 1942 4434 3569 4527">
     <span class='ocr_line' id='line_1_102' title="bbox 1942 4434 3569 4527; baseline 0 -38"><span class='ocrx_word' id='word_1_736' title='bbox 1942 4475 1981 4527; x_wconf 68' lang='grc' dir='ltr'><strong>Β</strong></span> <span class='ocrx_word' id='word_1_737' title='bbox 2011 4435 2260 4506; x_wconf 73' lang='lat' dir='ltr'><strong>Regnum</strong></span> <span class='ocrx_word' id='word_1_738' title='bbox 2292 4449 2458 4505; x_wconf 90' lang='lat' dir='ltr'><strong>porro</strong></span> <span class='ocrx_word' id='word_1_739' title='bbox 2501 4435 2654 4501; x_wconf 87' lang='lat' dir='ltr'><strong>illud,</strong></span> <span class='ocrx_word' id='word_1_740' title='bbox 2690 4445 2744 4488; x_wconf 90' lang='lat' dir='ltr'><strong>et</strong></span> <span class='ocrx_word' id='word_1_741' title='bbox 2775 4434 2866 4488; x_wconf 91' lang='lat' dir='ltr'><strong>Dei</strong></span> <span class='ocrx_word' id='word_1_742' title='bbox 2901 4436 3315 4504; x_wconf 88' lang='lat' dir='ltr'><strong>contemplatio,</strong></span> <span class='ocrx_word' id='word_1_743' title='bbox 3349 4445 3402 4488; x_wconf 90' lang='lat' dir='ltr'><strong>et</strong></span> <span class='ocrx_word' id='word_1_744' title='bbox 3447 4452 3569 4490; x_wconf 86' lang='lat' dir='ltr'><strong>cum</strong></span> 
     </span>
    </p>
   </div>
   <div class='ocr_carea' id='block_1_103' title="bbox 2008 4526 3579 4592">
    <p class='ocr_par' dir='ltr' id='par_1_103' title="bbox 2008 4526 3579 4592">
     <span class='ocr_line' id='line_1_103' title="bbox 2008 4526 3579 4592; baseline 0.002 -10"><span class='ocrx_word' id='word_1_745' title='bbox 2008 4528 2230 4582; x_wconf 84' lang='lat' dir='ltr'><strong>Christo</strong></span> <span class='ocrx_word' id='word_1_746' title='bbox 2259 4528 2487 4591; x_wconf 86' lang='lat' dir='ltr'><strong>versari,</strong></span> <span class='ocrx_word' id='word_1_747' title='bbox 2526 4526 2825 4580; x_wconf 87' lang='lat' dir='ltr'><strong>voluntatis</strong></span> <span class='ocrx_word' id='word_1_748' title='bbox 2864 4535 2993 4581; x_wconf 89' lang='lat' dir='ltr'><strong>sunt</strong></span> <span class='ocrx_word' id='word_1_749' title='bbox 3030 4526 3261 4582; x_wconf 72' lang='lat' dir='ltr'><strong>deliciae.</strong></span> <span class='ocrx_word' id='word_1_750' title='bbox 3306 4527 3579 4592; x_wconf 79' lang='lat' dir='ltr'><strong>Quocirca</strong></span> 
     </span>
    </p>
   </div>
   <div class='ocr_carea' id='block_1_104' title="bbox 2004 4616 3574 4685">
    <p class='ocr_par' dir='ltr' id='par_1_104' title="bbox 2004 4616 3574 4685">
     <span class='ocr_line' id='line_1_104' title="bbox 2004 4616 3574 4685; baseline -0.001 -13"><span class='ocrx_word' id='word_1_751' title='bbox 2004 4618 2071 4672; x_wconf 88' lang='lat' dir='ltr'><strong>iis</strong></span> <span class='ocrx_word' id='word_1_752' title='bbox 2101 4626 2312 4671; x_wconf 87' lang='lat' dir='ltr'><strong>tantum</strong></span> <span class='ocrx_word' id='word_1_753' title='bbox 2348 4617 2440 4685; x_wconf 91' lang='lat' dir='ltr'><strong>qui</strong></span> <span class='ocrx_word' id='word_1_754' title='bbox 2474 4616 2786 4681; x_wconf 84' lang='lat' dir='ltr'><strong>voluerunt,</strong></span> <span class='ocrx_word' id='word_1_755' title='bbox 2821 4626 2876 4671; x_wconf 88' lang='lat' dir='ltr'><strong>et</strong></span> <span class='ocrx_word' id='word_1_756' title='bbox 2911 4617 3246 4681; x_wconf 78' lang='lat' dir='ltr'><strong>dilexerunt,</strong></span> <span class='ocrx_word' id='word_1_757' title='bbox 3275 4626 3328 4672; x_wconf 89' lang='lat' dir='ltr'><strong>ct</strong></span> <span class='ocrx_word' id='word_1_758' title='bbox 3359 4619 3574 4672; x_wconf 80' lang='lat' dir='ltr'><strong>deside-</strong></span> 
     </span>
    </p>
   </div>
   <div class='ocr_carea' id='block_1_105' title="bbox 2006 4708 3579 4778">
    <p class='ocr_par' dir='ltr' id='par_1_105' title="bbox 2006 4708 3579 4778">
     <span class='ocr_line' id='line_1_105' title="bbox 2006 4708 3579 4778; baseline -0.001 -14"><span class='ocrx_word' id='word_1_759' title='bbox 2006 4718 2217 4771; x_wconf 88' lang='lat' dir='ltr'><strong>rarunt,</strong></span> <span class='ocrx_word' id='word_1_760' title='bbox 2256 4723 2332 4762; x_wconf 71' lang='lat' dir='ltr'><strong>eae</strong></span> <span class='ocrx_word' id='word_1_761' title='bbox 2377 4709 2774 4764; x_wconf 90' lang='lat' dir='ltr'><strong>conceduntur.</strong></span> <span class='ocrx_word' id='word_1_762' title='bbox 2810 4708 2919 4764; x_wconf 88' lang='lat' dir='ltr'><strong>llos</strong></span> <span class='ocrx_word' id='word_1_763' title='bbox 2957 4710 3104 4763; x_wconf 77' lang='lat' dir='ltr'><strong>enim</strong></span> <span class='ocrx_word' id='word_1_764' title='bbox 3154 4725 3252 4778; x_wconf 88' lang='lat' dir='ltr'><strong>par</strong></span> <span class='ocrx_word' id='word_1_765' title='bbox 3287 4718 3375 4764; x_wconf 86' lang='lat' dir='ltr'><strong>est</strong></span> <span class='ocrx_word' id='word_1_766' title='bbox 3424 4709 3579 4764; x_wconf 76' lang='lat' dir='ltr'><strong>dele-</strong></span> 
     </span>
    </p>
   </div>
   <div class='ocr_carea' id='block_1_106' title="bbox 2003 4799 3568 4871">
    <p class='ocr_par' dir='ltr' id='par_1_106' title="bbox 2003 4799 3568 4871">
     <span class='ocr_line' id='line_1_106' title="bbox 2003 4799 3568 4871; baseline -0.003 -14"><span class='ocrx_word' id='word_1_767' title='bbox 2003 4802 2139 4857; x_wconf 82' lang='lat' dir='ltr'><strong>ctari</strong></span> <span class='ocrx_word' id='word_1_768' title='bbox 2190 4800 2575 4871; x_wconf 61' lang='lat' dir='ltr'><strong>praesentibus,</strong></span> <span class='ocrx_word' id='word_1_769' title='bbox 2606 4800 2700 4870; x_wconf 92' lang='lat' dir='ltr'><strong>qui</strong></span> <span class='ocrx_word' id='word_1_770' title='bbox 2737 4801 2986 4857; x_wconf 87' lang='lat' dir='ltr'><strong>absentia</strong></span> <span class='ocrx_word' id='word_1_771' title='bbox 3017 4799 3436 4868; x_wconf 87' lang='lat' dir='ltr'><strong>concupierunt.</strong></span> <span class='ocrx_word' id='word_1_772' title='bbox 3467 4801 3568 4853; x_wconf 84' lang='lat' dir='ltr'><strong>Ast</strong></span> 
     </span>
    </p>
   </div>
   <div class='ocr_carea' id='block_1_107' title="bbox 2005 4889 3574 4960">
    <p class='ocr_par' dir='ltr' id='par_1_107' title="bbox 2005 4889 3574 4960">
     <span class='ocr_line' id='line_1_107' title="bbox 2005 4889 3574 4960; baseline -0.001 -14"><span class='ocrx_word' id='word_1_773' title='bbox 2005 4892 2099 4960; x_wconf 89' lang='lat' dir='ltr'><strong>qui</strong></span> <span class='ocrx_word' id='word_1_774' title='bbox 2148 4907 2212 4946; x_wconf 81' lang='lat' dir='ltr'><strong>ea</strong></span> <span class='ocrx_word' id='word_1_775' title='bbox 2244 4908 2350 4946; x_wconf 86' lang='lat' dir='ltr'><strong>non</strong></span> <span class='ocrx_word' id='word_1_776' title='bbox 2395 4892 2587 4953; x_wconf 80' lang='lat' dir='ltr'><strong>voluit,</strong></span> <span class='ocrx_word' id='word_1_777' title='bbox 2618 4891 2762 4946; x_wconf 88' lang='lat' dir='ltr'><strong>hunc</strong></span> <span class='ocrx_word' id='word_1_778' title='bbox 2812 4891 2881 4947; x_wconf 90' lang='lat' dir='ltr'><strong>iis</strong></span> <span class='ocrx_word' id='word_1_779' title='bbox 2936 4891 3043 4945; x_wconf 86' lang='lat' dir='ltr'><strong>frui</strong></span> <span class='ocrx_word' id='word_1_780' title='bbox 3088 4898 3172 4944; x_wconf 89' lang='lat' dir='ltr'><strong>est</strong></span> <span class='ocrx_word' id='word_1_781' title='bbox 3210 4889 3574 4957; x_wconf 82' lang='lat' dir='ltr'><strong>impossibile.</strong></span> 
     </span>
    </p>
   </div>
   <div class='ocr_carea' id='block_1_108' title="bbox 2006 4980 3575 5052">
    <p class='ocr_par' dir='ltr' id='par_1_108' title="bbox 2006 4980 3575 5052">
     <span class='ocr_line' id='line_1_108' title="bbox 2006 4980 3575 5052; baseline -0.001 -17"><span class='ocrx_word' id='word_1_782' title='bbox 2006 4980 2126 5045; x_wconf 83' lang='lat' dir='ltr'><strong>Quo</strong></span> <span class='ocrx_word' id='word_1_783' title='bbox 2148 4982 2291 5036; x_wconf 80' lang='lat' dir='ltr'><strong>enim</strong></span> <span class='ocrx_word' id='word_1_784' title='bbox 2319 4992 2479 5052; x_wconf 88' lang='lat' dir='ltr'><strong>pacto</strong></span> <span class='ocrx_word' id='word_1_785' title='bbox 2530 4981 2857 5049; x_wconf 84' lang='lat' dir='ltr'><strong>voluptatem</strong></span> <span class='ocrx_word' id='word_1_786' title='bbox 2911 4996 3106 5050; x_wconf 80' lang='lat' dir='ltr'><strong>capere</strong></span> <span class='ocrx_word' id='word_1_787' title='bbox 3126 4991 3181 5035; x_wconf 88' lang='lat' dir='ltr'><strong>et</strong></span> <span class='ocrx_word' id='word_1_788' title='bbox 3206 4980 3378 5034; x_wconf 82' lang='lat' dir='ltr'><strong>laetari</strong></span> <span class='ocrx_word' id='word_1_789' title='bbox 3410 4988 3575 5049; x_wconf 77' lang='lat' dir='ltr'><strong>queat</strong></span> 
     </span>
    </p>
   </div>
   <div class='ocr_carea' id='block_1_109' title="bbox 2003 5073 3577 5142">
    <p class='ocr_par' dir='ltr' id='par_1_109' title="bbox 2003 5073 3577 5142">
     <span class='ocr_line' id='line_1_109' title="bbox 2003 5073 3577 5142; baseline 0.002 -20"><span class='ocrx_word' id='word_1_790' title='bbox 2003 5073 2115 5142; x_wconf 74' lang='lat' dir='ltr'><strong>jam</strong></span> <span class='ocrx_word' id='word_1_791' title='bbox 2174 5075 2562 5142; x_wconf 73' lang='lat' dir='ltr'><strong>praesentibus,</strong></span> <span class='ocrx_word' id='word_1_792' title='bbox 2609 5089 2772 5142; x_wconf 89' lang='lat' dir='ltr'><strong>quem</strong></span> <span class='ocrx_word' id='word_1_793' title='bbox 2834 5074 3139 5128; x_wconf 87' lang='lat' dir='ltr'><strong>absentium</strong></span> <span class='ocrx_word' id='word_1_794' title='bbox 3201 5073 3350 5128; x_wconf 88' lang='lat' dir='ltr'><strong>nulla</strong></span> <span class='ocrx_word' id='word_1_795' title='bbox 3400 5074 3577 5141; x_wconf 77' lang='lat' dir='ltr'><strong>tetigit</strong></span> 
     </span>
    </p>
   </div>
   <div class='ocr_carea' id='block_1_110' title="bbox 2008 5163 3576 5233">
    <p class='ocr_par' dir='ltr' id='par_1_110' title="bbox 2008 5163 3576 5233">
     <span class='ocr_line' id='line_1_110' title="bbox 2008 5163 3576 5233; baseline -0.001 -14"><span class='ocrx_word' id='word_1_796' title='bbox 2008 5164 2312 5233; x_wconf 75' lang='lat' dir='ltr'><strong>cupiditas?</strong></span> <span class='ocrx_word' id='word_1_797' title='bbox 2351 5165 2489 5221; x_wconf 89' lang='lat' dir='ltr'><strong>Cum</strong></span> <span class='ocrx_word' id='word_1_798' title='bbox 2537 5174 2669 5220; x_wconf 89' lang='lat' dir='ltr'><strong>tunc</strong></span> <span class='ocrx_word' id='word_1_799' title='bbox 2709 5178 2779 5219; x_wconf 89' lang='lat' dir='ltr'><strong>ne</strong></span> <span class='ocrx_word' id='word_1_800' title='bbox 2827 5164 3138 5220; x_wconf 85' lang='lat' dir='ltr'><strong>desiderare</strong></span> <span class='ocrx_word' id='word_1_801' title='bbox 3189 5163 3428 5233; x_wconf 88' lang='lat' dir='ltr'><strong>quidem,</strong></span> <span class='ocrx_word' id='word_1_802' title='bbox 3480 5179 3576 5218; x_wconf 83' lang='lat' dir='ltr'><strong>eo-</strong></span> 
     </span>
    </p>
   </div>
   <div class='ocr_carea' id='block_1_111' title="bbox 2013 5255 3577 5328">
    <p class='ocr_par' dir='ltr' id='par_1_111' title="bbox 2013 5255 3577 5328">
     <span class='ocr_line' id='line_1_111' title="bbox 2013 5255 3577 5328; baseline -0.002 -18"><span class='ocrx_word' id='word_1_803' title='bbox 2013 5271 2249 5325; x_wconf 84' lang='lat' dir='ltr'><strong>rumque</strong></span> <span class='ocrx_word' id='word_1_804' title='bbox 2291 5256 2568 5326; x_wconf 85' lang='lat' dir='ltr'><strong>adcptioni</strong></span> <span class='ocrx_word' id='word_1_805' title='bbox 2610 5255 2830 5310; x_wconf 89' lang='lat' dir='ltr'><strong>studere</strong></span> <span class='ocrx_word' id='word_1_806' title='bbox 2862 5256 3057 5328; x_wconf 82' lang='lat' dir='ltr'><strong>possit,</strong></span> <span class='ocrx_word' id='word_1_807' title='bbox 3091 5255 3217 5325; x_wconf 79' lang='lat' dir='ltr'><strong>quia</strong></span> <span class='ocrx_word' id='word_1_808' title='bbox 3262 5255 3411 5309; x_wconf 88' lang='lat' dir='ltr'><strong>illam</strong></span> <span class='ocrx_word' id='word_1_809' title='bbox 3455 5256 3577 5324; x_wconf 83' lang='lat' dir='ltr'><strong>pul-</strong></span> 
     </span>
    </p>
   </div>
   <div class='ocr_carea' id='block_1_112' title="bbox 2014 5346 3575 5408">
    <p class='ocr_par' dir='ltr' id='par_1_112' title="bbox 2014 5346 3575 5408">
     <span class='ocr_line' id='line_1_112' title="bbox 2014 5346 3575 5408; baseline -0.002 -6"><span class='ocrx_word' id='word_1_810' title='bbox 2014 5346 2382 5402; x_wconf 87' lang='lat' dir='ltr'><strong>chritudinem</strong></span> <span class='ocrx_word' id='word_1_811' title='bbox 2444 5362 2553 5402; x_wconf 91' lang='lat' dir='ltr'><strong>non</strong></span> <span class='ocrx_word' id='word_1_812' title='bbox 2599 5347 2799 5402; x_wconf 84' lang='lat' dir='ltr'><strong>videt:</strong></span> <span class='ocrx_word' id='word_1_813' title='bbox 2849 5353 2904 5403; x_wconf 82' lang='lat' dir='ltr'><strong>et</strong></span> <span class='ocrx_word' id='word_1_814' title='bbox 2958 5347 3103 5401; x_wconf 86' lang='lat' dir='ltr'><strong>sicut</strong></span> <span class='ocrx_word' id='word_1_815' title='bbox 3160 5346 3427 5401; x_wconf 81' lang='lat' dir='ltr'><strong>Dominus</strong></span> <span class='ocrx_word' id='word_1_816' title='bbox 3473 5348 3575 5408; x_wconf 89' lang='lat' dir='ltr'><strong>ait,</strong></span> 
     </span>
    </p>
   </div>
   <div class='ocr_carea' id='block_1_113' title="bbox 2019 5425 3571 5512">
    <p class='ocr_par' dir='ltr' id='par_1_113' title="bbox 2019 5425 3571 5512">
     <span class='ocr_line' id='line_1_113' title="bbox 2019 5425 3571 5512; baseline 0 -20"><span class='ocrx_word' id='word_1_817' title='bbox 2019 5460 2037 5492; x_wconf 76' lang='grc' dir='ltr'><strong>ι</strong></span> <span class='ocrx_word' id='word_1_818' title='bbox 2072 5457 2234 5510; x_wconf 79' lang='lat' dir='ltr'><strong>quem</strong></span> <span class='ocrx_word' id='word_1_819' title='bbox 2289 5425 2526 5498; x_wconf 85' lang='lat' dir='ltr'><strong>mundus</strong></span> <span class='ocrx_word' id='word_1_820' title='bbox 2581 5456 2693 5496; x_wconf 87' lang='lat' dir='ltr'><strong>non</strong></span> <span class='ocrx_word' id='word_1_821' title='bbox 2743 5448 2919 5512; x_wconf 83' lang='lat' dir='ltr'><strong>potest</strong></span> <span class='ocrx_word' id='word_1_822' title='bbox 2961 5440 3235 5510; x_wconf 88' lang='lat' dir='ltr'><strong>accipere,</strong></span> <span class='ocrx_word' id='word_1_823' title='bbox 3282 5440 3411 5510; x_wconf 89' lang='lat' dir='ltr'><strong>quia</strong></span> <span class='ocrx_word' id='word_1_824' title='bbox 3464 5454 3571 5493; x_wconf 88' lang='lat' dir='ltr'><strong>non</strong></span> 
     </span>
    </p>
   </div>
   <div class='ocr_carea' id='block_1_114' title="bbox 2012 5530 3573 5602">
    <p class='ocr_par' dir='ltr' id='par_1_114' title="bbox 2012 5530 3573 5602">
     <span class='ocr_line' id='line_1_114' title="bbox 2012 5530 3573 5602; baseline -0.001 -16"><span class='ocrx_word' id='word_1_825' title='bbox 2012 5533 2157 5587; x_wconf 86' lang='lat' dir='ltr'><strong>videt</strong></span> <span class='ocrx_word' id='word_1_826' title='bbox 2189 5548 2313 5588; x_wconf 86' lang='lat' dir='ltr'><strong>eum</strong></span> <span class='ocrx_word' id='word_1_827' title='bbox 2358 5548 2536 5602; x_wconf 91' lang='lat' dir='ltr'><strong>neque</strong></span> <span class='ocrx_word' id='word_1_828' title='bbox 2569 5533 2720 5589; x_wconf 73' lang='lat' dir='ltr'><strong>norit</strong></span> <span class='ocrx_word' id='word_1_829' title='bbox 2749 5549 2873 5589; x_wconf 89' lang='lat' dir='ltr'><strong>eum</strong></span> <span class='ocrx_word' id='word_1_830' title='bbox 2893 5534 2961 5587; x_wconf 78' lang='lat'><strong>&quot;.</strong></span> <span class='ocrx_word' id='word_1_831' title='bbox 2992 5552 3013 5586; x_wconf 70' lang='grc' dir='ltr'><strong>ι</strong></span> <span class='ocrx_word' id='word_1_832' title='bbox 3048 5531 3185 5589; x_wconf 89' lang='lat' dir='ltr'><strong>Cum</strong></span> <span class='ocrx_word' id='word_1_833' title='bbox 3219 5546 3397 5588; x_wconf 67' lang='lat' dir='ltr'><strong>caecus</strong></span> <span class='ocrx_word' id='word_1_834' title='bbox 3444 5530 3573 5585; x_wconf 85' lang='lat' dir='ltr'><strong>hine</strong></span> 
     </span>
    </p>
   </div>
   <div class='ocr_carea' id='block_1_115' title="bbox 2006 5620 3572 5695">
    <p class='ocr_par' dir='ltr' id='par_1_115' title="bbox 2006 5620 3572 5695">
     <span class='ocr_line' id='line_1_115' title="bbox 2006 5620 3572 5695; baseline 0.002 -19"><span class='ocrx_word' id='word_1_835' title='bbox 2006 5639 2264 5695; x_wconf 75' lang='lat' dir='ltr'><strong>egressus</strong></span> <span class='ocrx_word' id='word_1_836' title='bbox 2327 5625 2382 5681; x_wconf 85' lang='lat' dir='ltr'><strong>in</strong></span> <span class='ocrx_word' id='word_1_837' title='bbox 2430 5624 2597 5681; x_wconf 84' lang='lat' dir='ltr'><strong>vitam</strong></span> <span class='ocrx_word' id='word_1_838' title='bbox 2642 5627 2792 5681; x_wconf 84' lang='lat' dir='ltr'><strong>illam</strong></span> <span class='ocrx_word' id='word_1_839' title='bbox 2843 5624 3156 5692; x_wconf 76' lang='lat' dir='ltr'><strong>devenerit,</strong></span> <span class='ocrx_word' id='word_1_840' title='bbox 3204 5622 3467 5693; x_wconf 74' lang='lat' dir='ltr'><strong>multique</strong></span> <span class='ocrx_word' id='word_1_841' title='bbox 3516 5620 3572 5679; x_wconf 80' lang='lat' dir='ltr'><strong>vi</strong></span> 
     </span>
    </p>
   </div>
  </div>
