4132 6308
543 395 649 460 543

1798 394 1848 453 Ν
1862 394 2113 454 [COLAI
2150 397 2240 455 CA
2257 395 2416 456 BASI
2430 395 2541 454 [ηιξ

3671 389 3770 452 511

546 510 821 565 sentiendi
846 523 897 565 et
931 511 1190 567 facultate
1218 510 1480 580 privatus,
1522 525 1615 579 per
1647 525 1785 580 quas
1814 524 1870 564 et
1909 526 2110 580 cegno-

2238 512 2529 581 ἰυνηθῆναι.
2554 509 2653 562 Διὰ
2685 507 2841 563 τοῦτο
2871 510 2933 562 ού
2962 507 3069 579 χρὴ
3093 504 3420 574 θαυμάζειν,
3453 504 3502 556 εἰ
3530 505 3784 575 ζήσονται

547 620 701 660 scere
742 605 1108 670 Salvatoretu,
1158 614 1214 660 et
1249 621 1452 669 amare,
1496 614 1549 658 et
1594 603 1730 657 velle
1773 618 1896 657 cum
1945 619 2010 658 eo
2064 613 2119 658 et

546 712 710 766 posse
740 700 922 753 vivere
958 699 1106 762 licet,
1142 698 1341 752 mirum
1392 696 1642 750 accidere
1692 695 1894 749 nemini
1939 695 2118 760 debet,

548 790 594 843 si
637 805 843 861 omnes
873 790 1092 863 quidem
1133 787 1536 847 immortaliter.
1578 801 1687 839 non
1721 800 1913 840 omnes
1938 800 2118 839 autem

548 880 703 934 beate
739 880 1084 948 feliciterque
1112 880 1310 934 victuri
1346 864 1503 934 sunt.
1530 878 1663 932 Nam
1698 880 1940 933 divinam
1974 878 2120 933 circa

550 981 801 1024 naturam
837 971 1230 1037 providentiam
1290 985 1483 1024 omnes
1533 968 1683 1023 nullo
1721 968 2038 1023 discriminc
2069 980 2119 1025 ct

551 1076 702 1128 :cque
745 1060 1021 1114 sentiunt:
1051 1061 1170 1128 ejus
1215 1068 1396 1113 autent
1442 1059 1781 1112 voluntatem
1833 1058 1993 1112 donis
2032 1074 2119 1111 or-

552 1152 717 1206 nandi
750 1152 851 1205 soli
897 1153 1251 1220 experientur
1276 1167 1340 1205 ex
1373 1151 1656 1215 omnibus,
1686 1150 1777 1218 qui
1823 1147 1991 1204 Deum
2034 1153 2123 1220 pio
2151 1156 2159 1169 ‘

550 1257 847 1313 sancteque
881 1244 1149 1299 coluerint
1180 1261 1193 1297 :
1221 1243 1349 1312 quia
1398 1242 1654 1295 nimirum
1694 1241 1833 1296 Deus
1866 1241 2123 1297 omnibus

551 1335 768 1400 quidem
806 1337 989 1389 omnia
1043 1324 1184 1389 bona
1229 1336 1383 1394 vult,
1430 1344 1481 1387 et
1521 1332 1778 1386 omnibus
1825 1348 1979 1402 mque
2023 1348 2122 1387 sua

552 1426 947 1488 communicat,
982 1434 1092 1478 tum
1124 1439 1218 1492 per
1242 1439 1365 1493 qua:
1392 1420 1669 1476 voluntate
1704 1437 1802 1475 sua
1830 1421 2118 1486 benefacit,

554 1525 667 1567 tum
718 1530 811 1582 per
839 1530 959 1583 quae
1006 1527 1255 1567 naturam
1301 1514 1538 1567 restituit
1577 1521 1631 1567 et
1667 1506 1982 1568 instaurat:
2023 1528 2120 1568 nos

553 1619 683 1659 vero
715 1605 806 1658 Dei
833 1605 1095 1659 beneﬁcia
1119 1606 1172 1659 in
1201 1619 1478 1667 naturam,
1502 1605 1761 1672 quoniam
1793 1620 1855 1659 ea
1885 1604 2123 1674 cﬁ'ugere

555 1712 662 1749 non
712 1711 1023 1765 possumus,
1071 1697 1159 1758 iis.
1203 1711 1514 1767 quanquam
1573 1696 1708 1750 citra
1762 1678 2119 1762 voluntatem,

2226 604 2325 673 μὲν
2361 603 2604 655 ἀθάνατα
2640 601 2862 665 πάντες,
2926 601 2988 654 ού
3027 601 3227 662 πάντες
3270 598 3326 652 δὲ
3362 596 3671 666 μακαρίως
3709 599 3788 651 ὅτι

2222 695 2320 764 τῆς
2361 696 2457 764 μὲν
2490 695 2619 764 περὶ
2646 694 2743 761 τὴν
2778 693 2941 761 φύσιν
2978 692 3163 755 ἁπλῶς
3198 692 3291 743 τοῦ
3341 688 3479 742 Θεοῦ
3535 691 3789 758 προνοίας

2225 784 2561 837 ἀπολαύουσι
2591 784 2792 847 πάντες
2825 782 3049 853 ὁμοίως,
3081 782 3188 834 τῶν
3211 782 3269 836 δὲ
3298 782 3396 850 τὴν
3421 782 3639 848 θέλησιν
3669 799 3792 833 κοσ-

2229 875 2472 945 μοῦντων
2499 874 2688 944 δώρων
2721 876 2872 945 μόνοι
2906 874 3017 926 τῶν
3041 873 3214 928 ἄλλων
3235 874 3283 925 οἱ
3326 876 3454 941 περὶ
3484 873 3618 924 Θεὸν
3643 873 3791 925 εύσεο

2226 967 2362 1029 δεῖς.
2405 966 2465 1020 ’0
2495 968 2551 1020 δὲ
2573 968 2753 1035 λόγος,
2781 968 2863 1019 ὅτι
2897 967 3032 1019 πᾶσι
3069 967 3167 1033 μὲν
3201 968 3228 1019 ὁ
3258 966 3389 1029 Θεὸς
3419 964 3638 1019 ἅπαντα
3668 965 3789 1035 βού-

2225 1058 2378 1113 λεται
2413 1061 2653 1127 τάγαθὰ,
2684 1061 2779 1113 καὶ
2823 1061 3040 1113 πάντων
3067 1058 3273 1128 ὁμοίως
3321 1059 3645 1128 μεταδίδωσι
3686 1060 3792 1110 τῶν

2227 1149 2415 1214 αὐτοῦ,
2446 1152 2541 1202 καὶ
2569 1151 2671 1203 ὅσα
2689 1150 2785 1219 τὴν
2819 1149 3041 1219 θέλησιν
3065 1146 3123 1202 εὖ
3155 1151 3301 1203 ποιεῖ
3326 1150 3418 1201 καὶ
3443 1149 3481 1203 ἃ
3508 1149 3607 1219 τὴν
3635 1150 3792 1218 φύσιν

2228 1243 2533 1311 ὲὲτανορθοί,
2559 1243 2718 1312 ἡμεῖς
2743 1242 2799 1296 δὲ
2824 1241 2933 1294 τῶν
2976 1242 3075 1311 μὲν
3101 1242 3181 1305 εἰς
3212 1240 3311 1309 τὴν
3359 1240 3522 1310 φύσιν
3545 1239 3640 1294 τοῦ
3660 1241 3787 1293 Θεοῦ

2229 1326 2491 1404 χαρίτων,
2526 1335 2648 1387 ἐπεὶ
2686 1335 2761 1405 μὴ
2785 1333 3073 1403 δυνώμεθα
3101 1333 3348 1403 φεύγειν,
3379 1336 3474 1386 καὶ
3505 1334 3580 1404 μὴ
3609 1334 3790 1404 βουλό-

2232 1441 2383 1495 μενοι
2410 1425 2749 1494 τυγχάνομεν
2779 1425 2998 1486 πάντες.
3029 1425 3137 1477 Καὶ
3168 1426 3277 1494 γάρ
3312 1427 3404 1476 καὶ
3436 1424 3672 1488 ἄκοντας
3708 1428 3796 1477 εὖ·

2232 1517 2381 1568 ποιεῖ
2427 1517 2521 1567 καὶ
2549 1515 2799 1586 βιάζεται
2831 1514 3254 1586 φιλανθρώπως,
3301 1517 3500 1569 ὁπόταν
3573 1516 3795 1568 ἀποσεί-

2231 1605 2428 1659 σασθαι
2459 1607 2557 1673 τὴν
2580 1606 2901 1676 εὐεργεσίαν
2926 1592 3250 1677 βουλώμεθα
3280 1606 3398 1677 μὲν,
3456 1608 3518 1659 οὐ
3553 1607 3794 1677 δυνώμε-

2231 1697 2299 1751 θα
2331 1697 2409 1751 δέ.

554 1784 797 1839 universi
827 1786 1087 1841 homines"
1105 1786 1394 1841 aﬂicimur.
1429 1788 1562 1841 Nam
1595 1787 1739 1841 etde
1769 1786 1958 1841 invitis
1989 1788 2125 1841 bene
2163 1797 2425 1853 meretur,
2451 1796 2504 1842 et
2534 1788 2848 1843 humaniter
2869 1787 3036 1859 cogit,
3102 1789 3317 1857 quando
3379 1789 3792 1845 beneficentiam

556 1877 675 1946 ejus
708 1876 921 1929 amoliti
947 1877 1164 1945 quidem
1205 1892 1236 1931 a
1282 1877 1442 1931 nobis
1473 1878 1750 1942 volumus,
1781 1891 1890 1929 non
1936 1887 2115 1929 tamen
2157 1890 2475 1945 possumus.
2864 1880 2873 1885 ’

627 2080 688 2135 In
723 2094 788 2135 eo
815 2094 1019 2148 genere
1047 2079 1253 2134 donum
1296 2080 1713 2136 resurrectionis
1744 2095 2118 2136 numeremus.

2295 2080 2548 2135 Τοιοῦτον
2572 2082 2630 2135 δὲ
2660 2083 2721 2136 τὸ
2768 2083 2866 2152 τῆς
2900 2083 3248 2148 ἀναστάσεως
3296 2084 3491 2154 δῶρον.
3554 2088 3625 2141 Ού
3686 2092 3795 2162 γὰρ

564 2170 718 2226 liaud
754 2160 910 2247 enim
957 2166 1033 2225 in"
1063 2180 1257 2226 nostro
1317 2171 1483 2227 situm
1518 2181 1601 2229 est
1650 2173 1904 2237 arbitrio,
1952 2188 2156 2263 neque,

559 2266 715 2321 nasci
757 2281 787 2320 a
836 2265 1128 2335 principio,
1178 2279 1357 2335 neque
1397 2280 1425 2319 a
1471 2264 1701 2320 mortuis
1749 2265 1998 2329 excitari,
2036 2273 2130 2319 aut

559 2372 670 2410 non
707 2355 955 2411 excitari.
984 2354 1117 2422 Quae
1147 2365 1326 2411 autem
1355 2370 1386 2409 a
1417 2356 1698 2411 voluntate
1733 2356 1968 2410 humana
1997 2342 2155 2425 pen--

559 2447 713 2513 dent,
771 2458 921 2516 puta,
982 2447 1107 2501 boni
1169 2447 1386 2507 electio.
1459 2455 1807 2515 peccatorum
1860 2446 2130 2509 remissio,

561 2554 773 2593 morum
808 2530 1117 2607 integritas,
1151 2538 1349 2590 animae
1381 2538 1614 2604 puritas,
1646 2552 1771 2605 erga
1806 2538 1969 2589 Deum
2003 2537 2134 2590 cha-

559 2630 718 2690 ritas,
746 2628 941 2681 harum
972 2642 1181 2681 merces
1205 2636 1288 2683 est
1330 2616 1587 2696 suprema
1626 2628 1924 2681 beatitudo.
1957 2629 2133 2696 Atque

561 2732 623 2773 ut
653 2720 734 2772 vel
762 2720 879 2773 haec
905 2720 1330 2788 amplectamur,
1358 2721 1440 2773 vel
1478 2721 1804 2784 devitentus,
1833 2736 1999 2789 penes
2034 2714 2159 2776 nos'

561 2819 668 2871 est.
704 2807 857 2864 Unde
893 2810 1206 2865 volentibus
1239 2811 1291 2864 itt
1327 2822 1582 2880 promptu
1614 2821 1696 2866 est
1743 2813 1810 2865 iis
1842 2811 1979 2875 frui;
2033 2825 2132 2864 tto-

566 2903 739 2956 lentes
768 2902 857 2971 qui
891 2903 1109 2956 tandem
1148 2903 1254 2956 lrui
1291 2903 1528 2972 queant?
1562 2902 1670 2958 Nec
1703 2903 1849 2957 enim
1886 2904 2135 2958 nolentes

562 2996 776 3060 volunt,
802 3011 903 3049 nec
925 2989 1177 3049 volentes
1199 2988 1491 3063 coguntur.
1514 2996 1719 3050 Deinde
1743 3004 1965 3065 propter
1988 2996 2133 3050 illam

570 3086 840 3139 rationem
867 3101 879 3136 :
901 3084 1159 3153 quoniam
1180 3073 1440 3139 Dominus
1465 3086 1618 3141 solus
1642 3074 1887 3141 naturam
1915 3088 2133 3159 quidem

568 3188 599 3226 a
632 3174 1003 3242 corruptione,
1032 3174 1270 3227 animum
1297 3190 1426 3228 vero
1448 3190 1476 3228 a
1500 3186 1718 3244 peccato
1739 3177 1974 3231 exemit:
2009 3179 2135 3231 illud
2198 3177 2206 3183 ’

534 3264 965 3332 δυνὶιιιοεειιξιιιε
1015 3263 1193 3319 factus
1255 3275 1622 3331 mortuorum,
1671 3267 1774 3321 hoc
1824 3284 1922 3336 pro
1978 3250 2153 3323 nobis.

569 3354 780 3419 primus
808 3356 858 3407 in
892 3355 1090 3409 Sancta
1121 3365 1434 3410 sanctorum
1469 3357 1775 3426 ingressus,
1806 3366 1989 3426 utpote
2013 3374 2139 3427 prc-

568 3458 692 3501 cato
716 3448 987 3517 jngulato,
1018 3460 1073 3503 et
1123 3449 1229 3503 Deo
1270 3450 1430 3502 nobis
1452 3446 1455 3447 ⁷
1474 3444 1850 3513 reéoneiliato,
1878 3458 1931 3503 et
1959 3451 2134 3504 medio

570 3540 774 3606 pariete
803 3541 1067 3595 dissoluto
1098 3558 1113 3594 :
1144 3552 1196 3594 et
1223 3542 1461 3610 seipsum
1495 3555 1594 3610 pro
1630 3524 1787 3595 nobis
1830 3522 2155 3595 san‘cti'lica-'

569 3630 668 3691 vit,
697 3642 755 3683 ut
785 3644 833 3685 et
871 3648 969 3685 nos
994 3632 1169 3685 sancti
1198 3635 1371 3686 simus
1396 3632 1449 3684 in
1477 3633 1727 3698 veritate,
1752 3633 1943 3702 liquet,
1991 3625 2152 3687 solos.

573 3732 627 3773 et
658 3723 854 3774 merito
882 3711 1121 3776 solutum
1156 3724 1218 3776 iri
1247 3733 1301 3777 ct
1324 3741 1351 3776 a
1381 3725 1729 3794 corruptione
1755 3736 1809 3779 et
1831 3741 1858 3778 a
1892 3737 2134 3794 peccato,

575 3811 666 3875 qui
699 3821 753 3865 et
784 3802 1059 3866 voluntate
1112 3810 1407 3868 et'natura
1452 3815 1518 3868 ad
1549 3830 1671 3868 eum
1719 3815 1919 3869 fuerint
1951 3832 2140 3885 aggre-

574 3902 719 3971 gati:
761 3903 881 3967 hoc,
917 3913 1193 3973 quatenus
1230 3898 1509 3966 homines,
1558 3894 1713 3969 illud,
1744 3901 2011 3976 quatenus
2041 3908 2140 3959 ad-

577 4004 792 4048 ventum
819 3994 941 4064 ejus
989 3998 1411 4068 passionetnque
1441 3999 1771 4063 dilexerunt,
1794 4009 1847 4052 et
1872 3990 2151 4053 mandatis

575 4087 695 4155 ejus
725 4080 1046 4156 paruerunt,
1083 4092 1386 4161 eademque
1424 4107 1546 4146 cum
1584 4093 1676 4146 illo
1710 4094 2023 4146 voluerunt.
2058 4091 2138 4145 Illi

576 4168 868 4233 alii'unum
917 4180 1152 4235 habent:
1185 4178 1416 4237 alterum
1463 4199 1569 4237 non
1614 4192 1967 4259 receperunt;
2001 4193 2057 4237 et
2088 4192 2144 4235 ιιι

579 4271 630 4322 in
661 4272 972 4326 hominibus
1002 4283 1208 4338 essent,
1237 4276 1341 4329 hoc
1369 4277 1592 4344 quidem
1631 4276 1769 4344 ipsis
1790 4256 2052 4344 contigit;
2088 4283 2145 4327 ut

578 4370 758 4414 autem
801 4363 1034 4416 salutem
1089 4379 1243 4416 suam
1296 4365 1569 4419 Salvatori
1623 4367 2045 4429 committerent,
2092 4376 2146 4420 et

579 4466 701 4501 cum
747 4466 811 4503 eo
844 4451 936 4519 qui
985 4452 1169 4506 animo
1213 4454 1604 4524 voluntatequc
1640 4455 1959 4520 bonuscst,
1991 4473 2146 4510 com-

581 4543 946 4605 mnuicarent,
980 4558 1084 4595 non
1128 4546 1376 4614 contigit.
1428 4545 1537 4598 llos
1571 4536 1914 4613 peccatorum
1945 4550 2147 4603 condo;

581 4633 801 4687 natione
835 4642 890 4687 et
922 4647 1125 4687 corona
1169 4633 1422 4702 justitiar,
1475 4645 1727 4703 tanquam
1778 4638 2052 4695 voluntate
2095 4648 2148 4693 ct

2231 2172 2317 2240 ἐφ’
2345 2174 2477 2242 ἡμῖν
2503 2175 2648 2227 ἐστιν
2681 2172 2805 2227 οὔτε
2846 2175 2905 2227 τὸ
2935 2176 3263 2245 γεννηθῆναι
3305 2176 3429 2229 οὔτε
3488 2178 3548 2231 τὸ
3588 2181 3792 2234 ἀποθα-

2229 2264 2422 2326 νόντας
2449 2264 2885 2319 ἀναόιὼσκεσθαι
2908 2266 3068 2319 πάλιν
3090 2267 3121 2334 ἢ
3147 2268 3475 2323 τούναντίον.
3529 2272 3596 2323 Ἀ
3619 2270 3674 2323 δὲ
3697 2271 3793 2341 τῆς

2231 2354 2501 2425 θελήσεως
2533 2356 2634 2425 τῆς
2668 2357 3010 2428 ἀνθρωπείας
3062 2360 3382 2429 ἐξήρτηται,
3446 2362 3590 2431 λέγω
3646 2364 3711 2431 δὴ
3740 2365 3800 2417 τὸ

2232 2447 2446 2501 ἑλέσθαι
2466 2448 2526 2500 τὸ
2550 2447 2774 2515 ἀγαθὸν,
2808 2450 3094 2519 ἁμαρτιῶν
3111 2450 3323 2517 ἄφεσις,
3351 2452 3515 2521 ἤθους
3543 2455 3801 2525 ὀρθότης,

2230 2539 2406 2608 ψυχῆς
2443 2538 2773 2608 καθαρότης,
2807 2540 2938 2592 Θεοῦ
2980 2541 3219 2610 φίλτρον,
3271 2545 3328 2595 τὸ
3375 2542 3579 2596 τούτων
3631 2541 3801 2599 ἆθλον
3886 2591 3895 2597 .

2231 2631 2264 2700 ἡ
2297 2630 2496 2699 ἐσχάτη
2533 2631 2896 2699 μακαριότης.
2932 2631 3119 2685 Ταῦτα
3139 2632 3192 2682 δὲ
3219 2632 3301 2700 ἐφ’
3320 2634 3448 2703 ἡμῖν
3467 2635 3582 2685 ἐστι
3610 2633 3799 2689 λαϐεῖν

2232 2723 2265 2791 ῆ
2320 2724 2531 2789 φυγεῖν,
2563 2722 2686 2787 ὅθεν
2720 2721 3060 2791 βουλομένοις
3106 2725 3206 2792 μὲν
3246 2723 3443 2788 ἔξεστι,
3508 2727 3583 2794 μὴ
3619 2725 3801 2794 βουλο-

2237 2812 2421 2879 μένοις
2451 2811 2507 2863 δὲ
2539 2813 2657 2874 πῶς
2679 2812 2743 2865 ἃν
2782 2804 2996 2879 γένοιτο
3020 2813 3199 2865 αὐτῶν
3225 2814 3557 2879 άπολαύεινς
3586 2818 3659 2869 Οὐ
3690 2817 3797 2886 γὰρ

2235 2903 2380 2955 ἔστιν
2413 2904 2640 2965 ἄκοντας
2676 2903 2901 2966 ἐθέλειν,
2934 2893 3369 2972 οὖδὲβῖάζεσθάι
3423 2905 3799 2977 βουλομένους.

2239 2992 2359 3045 Ἔτι
2388 2992 2443 3045 δὲ
2478 2992 2545 3046 δι’
2579 2995 2783 3046 ἐκεῖνον
2829 2994 2921 3045 τὸν
2955 2992 3143 3059 λόγον’
3177 2995 3300 3046 ἐπεὶ
3347 2998 3454 3066 γάρ
3484 2989 3657 3065 ’μόνος
3684 2998 3803 3050 ελυ-

2220 3098 2329 3159 σεν
2358 3084 2386 3133 ὁ
2427 3081 2634 3150 Κύριος
2681 3082 2781 3153 τὴν
2830 3083 2929 3152 μὲν
2991 3083 3155 3153 φύσιν
3205 3086 3304 3155 τῆς
3334 3086 3564 3157 φθορᾶς,
3606 3089 3706 3160 τὴν
3747 3091 3803 3143 δὲ

2236 3174 2465 3255 γν’ἷ›ρ.ην
2497 3174 2595 3242 τῆς
2632 3174 2926 3243 ἁμαρτίας,
2956 3175 3017 3226 τδ
3060 3176 3158 3242 μὲν
3204 3179 3544 3245 πρωτότοκος
3580 3182 3804 3250 γενόμε-

2236 3282 2323 3326 νος
2356 3265 2463 3316 τῶν
2498 3264 2727 3332 νεκρῶν,
2757 3263 2816 3315 τὸ
2845 3264 2899 3316 δὲ
2922 3265 3229 3334 πρόδρομος
3282 3267 3420 3339 ὑπὲρ
3448 3269 3605 3337 ἡμῶν
3633 3271 3804 3322 sica).-

2243 3355 2352 3407 θὼν
2387 3356 2463 3418 εἰς
2490 3357 2555 3407 τὰ
2587 3356 2652 3408 ’Ἀ
2664 3372 2752 3422 για
2777 3356 2885 3407 τῶν
2909 3356 3099 3423 ἁγίων,
3136 3357 3230 3410 ἅτε
3253 3358 3352 3426 τὴν
3372 3359 3646 3428 ἁμαρτίαν
3674 3363 3808 3414 ἀπο-

2238 3447 2452 3506 κτείνας
2478 3451 2572 3499 καὶ
2615 3448 2706 3499 τὸν
2739 3447 2872 3500 Θεὸν
2901 3451 3035 3516 ἡμῖν
3072 3449 3362 3513 διαλλάξας
3402 3436 3514 3502 νκαὶ
3549 3451 3609 3504 τὸ
3642 3454 3807 3520 μεσό-

2236 3557 2415 3606 τειχον
2474 3538 2789 3603 καταλύσας
2842 3542 2938 3593 καὶ
2996 3541 3136 3610 ὑπὲρ
3194 3543 3350 3612 ἡμῶν
3401 3543 3596 3597 ἑαυτὸν
3647 3546 3808 3607 αύτὶς

2238 3626 2492 3695 ἁγιάσας,
2546 3630 2631 3682 ἵνα
2702 3632 2795 3683 καὶ
2877 3633 3040 3701 ἡμεῖς
3114 3625 3267 3698 ὦμεν
3331 3633 3659 3703 ἡγιασμένοι
3746 3639 3805 3689 ὲν

2238 3716 2769 3789 ἁ).ηθεξᾳ·-φανερδν
2821 3720 2903 3773 ὅτι
2996 3721 3144 3789 μόνοι
3200 3721 3414 3774 λύοιντο
3465 3723 3533 3775 ἂν
3584 3725 3809 3787 εἰκότως

2240 3815 2334 3863 καὶ
2363 3810 2460 3878 τῆς
2482 3811 2685 3880 φθορᾶς
2708 3812 2800 3863 καὶ
2828 3812 2924 3880 τῆς
2954 3811 3226 3881 ἁμαρτιας
3279 3814 3329 3864 οἱ
3390 3816 3485 3867 καὶ
3533 3813 3809 3885 θε)ἠσεω;

2241 3902 2390 3970 αὐτῷ
2420 3903 2512 3955 καὶ
2542 3903 2757 3970 φύσεως
2779 3905 3163 3974 μετασχόντες,
3199 3905 3258 3956 τὸ
3293 3904 3392 3973 μὲν
3416 3907 3488 3968 ὡς
3507 3906 3803 3974 ἄνθρωποι,

2242 3996 2302 4047 τὸ
2341 3995 2396 4046 δὲ
2426 3994 2502 4057 ὡς
2558 3997 2911 4064 ἠγαπηκότες
2972 3996 3068 4065 τὴν
3119 3997 3443 4064 ἐπιφάνειαν
3485 3997 3650 4050 αὐτοῦ
3723 4001 3814 4051 καὶ

2242 4087 2549 4150 τὸπάθος
2620 4087 2714 4140 καὶ
2801 4091 2914 4149 τοῖς
3019 4072 3407 4158 προστάγμασι
3497 4090 3810 4154 πεισθέντες

2243 4182 2338 4234 καὶ
2407 4168 2731 4249 θελήσαντες
2798 4179 2942 4248 ἅπερ
3030 4182 3259 4243 ἐκεῖνος.
3353 4179 3414 4232 Οἳ
3486 4180 3544 4232 δὲ
3600 4183 3659 4235 τὸ
3711 4182 3811 4252 μὲν

2244 4268 2412 4339 εἶχον,
2442 4269 2502 4321 τὸ
2535 4269 2589 4322 δὲ
2620 4270 2719 4321 οὐκ
2755 4269 3005 4335 ἐδέξαντο
3034 4283 3047 4297 ·
3094 4269 3189 4323 κα)⁸
3240 4268 3300 4322 τὸ
3356 4270 3456 4329 μὲν
3501 4272 3813 4340 ἀνθρώποις

2246 4358 2386 4413 εἷναί
2415 4376 2566 4427 σφισι
2600 4360 2819 4426 συνέόη,
2842 4359 3117 4413 πιστεύειν
3151 4361 3206 4413 δὲ
3230 4360 3307 4430 τῷ
3338 4362 3550 4431 Σωτῆρι
3579 4363 3679 4433 τὴν
3707 4380 3813 4416 σωο

2246 4453 2438 4523 τηρίαν
2480 4456 2570 4506 καὶ
2607 4454 2887 4505 κοινωνεῖν
2914 4454 2993 4522 τῷ
3047 4452 3240 4523 ἀγάθῳ
3298 4438 3395 4522 τῆς
3454 4455 3678 4522 γνώμης
3719 4456 3808 4507 ού-

2249 4546 2366 4597 κέτι
2402 4560 2416 4576 ⁸
2458 4545 2677 4608 τούτους
2707 4544 2806 4613 τῆς
2842 4545 2939 4613 μὲν
2972 4546 3216 4611 ἀφέσεως
3258 4545 3367 4599 τῶν
3399 4545 3676 4615 ἁμαρτιῶν
3712 4544 3807 4597 καλ⁵

2248 4635 2356 4688 τῶν
2381 4637 2474 4688 ἐπὶ
2513 4634 2832 4705 δικαιοσύνῃ
2868 4636 3148 4701 στεφάνων
3196 4636 3483 4690 ἐκπίπτειν
3517 4635 3811 4688 ἀκόλουθόν

581 4727 851 4780 sententia
880 4724 1227 4791 dissidentes,
1274 4741 1461 4781 carere
1498 4738 1923 4784 consentaneum
1959 4742 2063 4804 est,
2095 4741 2140 4785 et

2251 4728 2364 4779 ἐστι
2395 4729 2461 4796 τῇ
2494 4726 2687 4796 γνώμῃ
2718 4726 3120 4794 διισταμένους,
3145 4726 3375 4795 λυθῆναι
3412 4727 3470 4780 δὲ
3497 4728 3596 4796 τὴν
3622 4729 3816 4797 ἑτέραν

581 4818 758 4886 petire
787 4817 1013 4872 alteram
1056 4818 1353 4872 libertatem
1379 4822 1399 4870 ε’
1429 4832 1528 4872 nec
1553 4833 1675 4873 esse
1709 4819 2018 4889 quidquam.
2046 4822 2149 4875 int-

583 4909 897 4977 pedimenti,
926 4909 1243 4979 quominus,
1299 4925 1425 4965 cum
1468 4902 1745 4965 eamdem
1779 4927 1902 4966 cum
1935 4913 2149 4969 Christo

584 5007 833 5051 naturam
905 5000 1216 5064 obtineant,
1284 4999 1447 5053 etiam
1508 4999 1732 5054 redivivi
1795 5017 1827 5055 e
1882 5003 2149 5069 sepulcris

584 5090 869 5143 exsistant.
900 5086 1113 5144 Etenim
1162 5090 1431 5160 baptisma
1480 5091 1658 5146 solum
1706 5092 1877 5148 beatm
1927 5093 2049 5147 vitae
2092 5095 2147 5148 in

586 5178 828 5243 Christo,
859 5195 965 5234 non
1001 5181 1162 5236 etiam
1194 5183 1313 5237 vine
1338 5199 1506 5239 causa
1548 5192 1666 5250 est,
1704 5185 2144 5254 quandoquidem

587 5270 788 5323 Christi
826 5286 972 5325 mors
1002 5282 1055 5327 et
1090 5267 1441 5330 resurrectio
1471 5275 1726 5331 omnibus
1769 5276 2051 5345 aequaliter
2094 5285 2149 5330 ct

591 5354 919 5431 simpliciter
970 5364 1135 5418 vitam
1191 5367 1551 5423 immortalem
1579 5368 1908 5422 conciliavit.
1950 5368 2155 5437 Eapro—

590 5462 710 5521 pter
739 5445 1071 5529 resurrectio
1101 5454 1371 5509 universis
1392 5457 1713 5512 mortalibus
1736 5471 2028 5511 commune
2049 5456 2150 5509 do-

597 5558 727 5597 num
761 5554 883 5597 est:
920 5544 1173 5598 remissio
1206 5555 1383 5600 autem
1415 5560 1786 5616 peccatorum,
1824 5557 1878 5602 et
1908 5548 2157 5603 cmleStes

594 5649 833 5694 coronae,
869 5643 919 5685 et
966 5649 1188 5703 regnum
1236 5636 1497 5695 cwlorum
1548 5638 1615 5693 iis
1652 5638 2019 5692 tantummodo
2062 5637 2160 5690 tri-

601 5730 860 5793 buuntur,
896 5729 1096 5798 quibus
1142 5730 1374 5784 debitam
1413 5733 1933 5786 consummationem
1956 5730 2154 5786 addere

600 5819 673 5879 lic
698 5831 809 5875 tum
859 5823 961 5878 fait
1004 5838 1019 5878 :
1053 5824 1143 5893 qui
1187 5824 1313 5880 hinc
1352 5839 1413 5881 se
1455 5824 1764 5889 instituunt,
1821 5832 1879 5879 ut
1916 5823 2037 5879 vita:
2075 5822 2152 5879 illi

2250 4816 2562 4886 ἐλευθερίαν
2594 4818 2689 4868 καὶ
2725 4817 3027 4883 ἀναστῆναι
3055 4817 3149 4882 τῆς
3185 4816 3399 4884 φύσεως
3423 4818 3518 4883 τῆς
3549 4818 3725 4887 αὐτῆς
3745 4817 3818 4888 τῷ

2260 4907 2480 4976 Χριστῷ
2501 4894 2827 4976 γενομένους
2851 4908 3001 4961 οὐδὲν
3034 4907 3249 4960 κωλύει.
3290 4909 3365 4959 Τὸ
3393 4910 3502 4977 γὰρ
3534 4909 3819 4981 βάπτισμα

2247 4999 2346 5068 τῆς
2381 4999 2438 5049 ὲν
2467 4996 2691 5067 Χριστῷ
2712 4998 3007 5069 ’μακαρίας
3068 4997 3213 5065 ζωῆς
3242 4998 3422 5050 αἴτιόν
3474 5000 3592 5052 ἐστι
3639 5003 3817 5066 μόνον,

2249 5089 2308 5140 ού
2346 5088 2444 5156 τῆς
2473 5087 2640 5156 ζωῆς·
2685 5087 2868 5150 ἁπλῶς
2894 5090 3005 5157 γάρ
3033 5089 3132 5156 τὴν
3159 5089 3426 5142 ἀθάνατον
3457 5089 3606 5159 ζωὴν
3638 5091 3701 5143 τὸ
3732 5092 3819 5144 τὸν

2251 5181 2486 5251 Χριστὸν
2516 5182 2768 5234 τεθνάναι
2830 5183 2923 5235 καὶ
2965 5166 3261 5235 ἀναϐιῶναι
3290 5183 3567 5252 παρέσχεν
3595 5185 3817 5253 ὁμοίως.

2246 5263 2349 5327 ⁸Διὰ
2373 5272 2532 5325 τοῦτο
2577 5273 2609 5342 ἡ
2639 5272 2734 5341 μὲν
2767 5256 3061 5335 ἀνάστασις
3112 5273 3294 5327 κοινόν
3327 5275 3447 5325 ἐστι
3487 5272 3664 5343 δῶρον
3716 5277 3819 5328 πᾶ-

2253 5380 2338 5416 σιν
2369 5361 2699 5431 ἀνθρώποις,
2739 5363 2933 5431 ἄφεσις
2958 5363 3326 5432 δὲάμαρτιῶν
3357 5363 3449 5416 καὶ
3478 5364 3532 5415 δι
3568 5366 3628 5417 ὲν
3665 5367 3823 5435 οὖρα-

2252 5456 2363 5515 νοῖς
2411 5454 2666 5523 στέφανοι
2710 5457 2802 5506 καὶ
2839 5458 2871 5527 ἡ
2905 5458 3152 5528 βασιλεία
3206 5459 3431 5512 ἐκείνων
3470 5458 3685 5527 γίνεται
3732 5460 3823 5530 μό-

2256 5561 2366 5609 νον,
2441 5539 2523 5603 oi;
2584 5545 2795 5613 ὑπῆρξε
2844 5546 3403 5622 προεισενέγκαι’τὴν
3437 5546 3820 5621 ’ὀφειλομένην

2259 5634 2590 5699 συντέλειαν,
2620 5637 2672 5690 οἳ
2692 5638 2975 5693 τάττουσιν
3036 5643 3262 5706 ἑαυτοὺς
3313 5643 3542 5708 ἐνθένδε,
3575 5643 3652 5706 ὡς
3674 5641 3818 5695 ἔστιν

2259 5727 2470 5789 οἰκείως
2499 5729 2643 5799 ἔχειν
2667 5729 2801 5800 πρὸς
2835 5732 2925 5783 τὸν
2957 5732 3067 5802 βίον
3088 5734 3293 5786 ἐκεῖνον
3319 5734 3410 5785 καὶ
3437 5733 3528 5785 τὸν
3561 5734 3815 5802 νυμφίον’

2271 5821 2599 5892 γεννώμενοι
2628 5822 2725 5893 μὲν
2771 5826 2990 5890 καινῶς,
3046 5827 3126 5879 ὅτι
3162 5825 3342 5886 καινὸς
3374 5827 3576 5887 ἐκεῖνος
3621 5824 3811 5883 Ἀδὰμ.
