4132 6308
297 318 398 381 5ἒ5

1346 327 1440 386 DE
1482 328 1660 397 VlTA
1705 326 1785 387 ΙΝ
1826 328 2166 391 CllRlSTO
2205 333 2355 394 LIB.
2402 333 2480 397 II.

3430 345 3537 409 516

296 433 479 488 κάλλει
507 433 566 486 δὲ
603 434 924 504 ’λάμποιτες
971 436 1064 488 καὶ
1128 436 1224 508 τὴν
1257 438 1408 509 ὥραν
1455 439 1743 505 σώζοντες,
1800 442 1835 513 ἢ

1939 494 1941 501 ι
1971 457 2285 513 sponsoque
2307 446 2417 499 sint
2442 446 2646 513 idonei,
2679 448 2845 518 geniti
2886 451 3105 520 quidem
3139 468 3277 508 nova
3307 469 3538 524 genera-

208 522 219 535 ⁸
296 527 475 589 αὐτοῖς
505 528 793 598 ἐνεποίησε
835 528 894 580 τὸ
941 528 1188 599 λουτρὸν,
1229 532 1315 585 ὅτι
1370 551 1390 585 ι
1429 533 1629 602 ὡραίας
1679 534 1865 589 κάλλει

294 617 448 687 παρὰ
472 621 597 680 τοὺς
625 620 772 681 υἱοὺς
803 620 1130 689 ἀνθρώπων,
1162 640 1182 673 ι
1217 625 1311 676 καὶ
1360 630 1461 691 τὴν
1492 625 1593 695 μὲν
1620 626 1867 697 κεφαλὴν

295 704 537 759 ἑστῶσαν
568 706 799 776 ἔχοντες,
853 703 963 761 οἷαι
993 710 1104 764 τῶν
1128 711 1569 787 ὀλυμπιονίκων,⁴
1598 717 1683 769 ὄτι
1739 716 1863 770 στέ-

298 797 458 864 φανός
481 797 645 861 ἐστιν,
675 791 789 851 ὦτα
834 799 892 851 δὲ
921 800 1002 852 ὅτι
1059 801 1237 869 λόγος,
1298 804 1610 876 ὀφθαλμοὺς
1673 808 1732 861 δὲ
1778 809 1862 862 ὅτι

296 886 461 955 ἥλιος,
491 886 760 957 ὄσφρησιν
799 889 855 942 δὲ
905 890 990 943 ὅτι
1036 892 1131 944 καὶ
1178 892 1348 964 μύρον
1381 897 1529 949 ἐστὶν
1575 900 1604 951 6
1631 899 1860 967 νυμφίος

296 978 385 1030 καὶ
406 978 572 1045 μύρον
600 980 928 1048 ὲκκενωθὲν,
956 987 1144 1052 σεμνοὶ
1170 985 1228 1038 δὲ
1262 988 1356 1039 καὶ
1383 988 1602 1043 ἐπὶτῶν
1627 992 1861 1061 ίματίων

289 1068 371 1120 διὰ
401 1070 489 1121 τὸν
510 1070 720 1139 γάμον.

350 1241 495 1300 Εἶεν.
529 1247 720 1305 Ταῦτα
741 1251 798 1304 δὲ
817 1253 914 1306 καὶ
939 1254 1075 1324 πρὸς
1111 1255 1300 1328 ἕτερον
1337 1260 1495 1332 φέρει
1527 1262 1749 1332 ζήτημα
1778 1264 1857 1317 δί-

280 1352 430 1389 καιον
460 1337 522 1391 ὃν
560 1341 636 1412 μὴ
675 1343 1006 1414 περιῶφθαι.
1054 1348 1116 1400 Ei
1149 1349 1258 1419 γὰρ
1288 1351 1350 1403 τὸ
1395 1353 1494 1420 μὲν
1524 1354 1732 1407 ἐθέλειν
1760 1355 1856 1408 καὶ

278 1432 572 1485 πιστεῦσαι
598 1435 693 1487 καὶ
725 1437 1046 1505 προσελθεῖν
1070 1440 1181 1494 τῶν
1207 1442 1303 1495 τοῦ
1338 1443 1717 1515 βαπτίσματος
1747 1446 1853 1501 δώ-

277 1537 383 1589 ρων
399 1525 681 1594 ἐπιτυχεῖς
701 1530 1028 1599 γεγενῆσθαι
1074 1537 1508 1603 παρασκευάσει,
1526 1539 1587 1591 τὸ
1602 1538 1660 1591 δὲ
1679 1540 1854 1595 ταῦτα

275 1612 500 1681 φεύγειν
531 1618 630 1669 καὶ
651 1619 751 1688 τὴν
782 1624 1162 1694 μακαριότητα
1192 1628 1372 1681 πᾶσαν
1393 1616 1609 1699 ἐκείνην
1627 1630 1851 1699 φεύγειν

273 1704 439 1771 ἐστὶν,
474 1711 606 1773 τοὺς
637 1712 775 1780 μετὰ
806 1712 867 1765 τὸ
910 1713 1093 1769 λαϐεῖν
1122 1718 1387 1787 ῥίψαντας
1425 1726 1517 1776 καὶ
1560 1723 1659 1794 τῆς
1710 1723 1849 1792 γνώ-

276 1813 381 1865 μης
429 1799 531 1868 τῆς
578 1803 853 1872 προτέρας
897 1806 1124 1870 ἑαυτοὺς
1177 1810 1566 1881 μεμψαμένους
1617 1813 1713 1866 καὶ
1757 1814 1849 1869 τὸν

272 1890 502 1960 Κριστδν
525 1893 884 1964 ἡρνημὲνους,
911 1898 1127 1953 ἐπειδὰν
1148 1902 1229 1965 είς
1259 1902 1360 1971 τὴν
1391 1903 1734 1974 Ἐκκλησίαν,
1764 1905 1850 1975 ἐφ’

270 1978 350 2042 οἷς
393 1983 707 2053 ὴνόμησαν,
761 1990 1119 2057 μεταγνόντες
1166 1993 1569 2061 αὖτομολῶσιν,
1623 1999 1651 2049 6
1704 1997 1848 2067 ίερδς

272 2072 489 2141 θεσμὸς,
516 2077 807 2132 ἀκόλουθον
831 2080 891 2136 δν
917 2082 1008 2134 ἐπὶ
1028 2082 1090 2135 τὸ
1119 2083 1343 2153 λουτρὸν
1364 2086 1559 2149 αὐτοὺς
1580 2086 1732 2155 ἄγειν
1754 2090 1849 2143 καὶ

268 2166 333 2217 τὰ
373 2169 611 2235 μυστικὰ
646 2172 821 2223 τελεῖν
856 2172 916 2236 ἐξ
949 2174 1124 2242 ἀρχῆς
1155 2174 1302 2227 ὠσὰν
1334 2175 1394 2228 τὸ
1433 2176 1538 2229 πᾶν
1572 2177 1849 2231 ἀπολωλε-

269 2256 452 2323 κότας,
484 2261 513 2311 6
543 2259 600 2312 δὲ
632 2260 711 2329 τῷ
738 2261 867 2331 θείῳ
896 2261 1054 2332 μύρῳ
1078 2262 1146 2317 τὰ
1177 2262 1401 2334 σώματα
1431 2267 1612 2327 αὐτοῖς
1640 2272 1849 2337 ἀποση-

269 2347 581 2416 μηνάμενος
632 2354 727 2404 καὶ
781 2353 949 2424 μηδὲν
993 2354 1156 2409 πλέον
1197 2359 1454 2427 προσθεὶς
1501 2344 1595 2413 τοῦ
1643 2360 1845 2413 κύκλου

265 2439 540 2507 γράφεται
574 2443 682 2495 τῶν
721 2445 929 2499 πιστῶν
953 2461 969 2478 ⁶
1005 2448 1057 2501 τί
1085 2444 1179 2503 οὖν
1210 2454 1347 2519 πρὸς
1377 2451 1549 2505 ταῦτα
1584 2453 1725 2505 εῖποι
1760 2470 1844 2517 τις

261 2531 327 2583 ἄν
355 2550 369 2596 ;
422 2533 493 2585 Ἢ
536 2535 679 2589 δυεῖν
706 2538 912 2591 τούτων
937 2540 1066 2608 ἡμῖν
1099 2540 1196 2610 τὴν
1228 2543 1365 2610 πρὸς
1403 2542 1535 2596 Θεὸν
1563 2544 1845 2598 εὐσέὸειαν

259 2613 602 2693 δυναμένων,
628 2627 722 2681 τοῦ
753 2646 812 2680 τε
835 2630 1021 2682 λαϐεῖν
1049 2632 1329 2701 ὀφθαλμὸν
1355 2634 1463 2686 ἀπὸ
1494 2635 1602 2687 τῶν
1636 2654 1842 2708 μυστη-

263 2714 413 2779 ρίων.
442 2716 538 2766 τοῦ
577 2734 636 2768 τε
671 2718 909 2787 χρῆσθαι
957 2721 1053 2774 καὶ
1086 2723 1220 2792 πρὸς
1259 2723 1360 2792 τὴν
1387 2725 1579 2777 ἀκτῖνα
1626 2728 1842 2798 εκείνην

263 2805 421 2871 ὀρᾷν,
462 2806 577 2868 τοῖς
626 2808 986 2876 προδεδωκόσι
1030 2813 1120 2865 τὸν
1168 2815 1597 2886 Χριστιανίσμὸν
1639 2820 1700 2871 τὸ
1740 2820 1841 2888 μὲν

260 2894 563 2952 ἀπῦλλυται
593 2905 652 2949 τὸ
682 2890 953 2973 δεύτερον,
981 2903 1156 2957 ἐκεῖνο
1180 2905 1236 2957 δὲ
1269 2909 1452 2975 μένει;
1482 2909 1623 2976 λέγω
1647 2909 1710 2975 δὴ
1740 2910 1838 2981 τὴν

259 2987 396 3053 πρδς
432 2987 513 3043 ,τὸ
569 2989 786 3059 βλέπειν
839 2994 1253 3066 ἐπιτηδειότητα
1302 3003 1395 3051 καὶ
1448 3003 1831 3071 παρασκευήν.

1970 532 2137 599 tione,
2166 537 2423 604 quoniam
2460 536 2632 592 Adam
2677 540 2768 595 ille
2807 558 2982 597 novus
3021 551 3138 598 est:
3186 546 3386 603 decore
3431 548 3536 602 ful-

1965 633 2211 693 gentes,
2262 635 2318 680 et
2373 628 2833 696 pulchritudinem
2891 648 2922 686 a
2985 634 3200 695 lavacro
3253 651 3533 706 at‘Ct'plattl

1964 729 2356 773 conservantes
2382 738 2396 773 :
2437 738 2458 772 ‹
2487 722 2623 787 Quia
2653 726 2936 792 speciosus
2961 726 3136 782 forma
3163 738 3247 785 est
3274 747 3383 800 pra:
3407 735 3533 787 [iliis

1965 806 2247 861 hominum
2278 810 2356 875 7°;
2407 828 2427 862 ι
2496 821 2551 865 et
2602 823 2765 883 caput
2817 826 3061 872 erectum
3122 820 3421 887 habentes,
3474 835 3532 878 ut

1962 898 2365 968 Olympionicas,
2410 904 2539 970 quia
2585 919 2786 959 corona
2819 921 2940 973 est;
2982 924 3143 965 aures
3166 922 3370 977 autem,
3402 917 3529 985 quia

1963 987 2185 1040 Verbum
2211 999 2328 1053 est;
2385 990 2593 1055 oculos,
2621 993 2747 1061 quia
2779 994 2861 1047 sol
2886 1010 3108 1064 ,ηδε-οε,
3133 1000 3262 1067 quia
3286 1018 3500 1073 unguen
3518 1033 3532 1043 -

1965 1085 2073 1129 tum
2132 1086 2218 1130 est
2264 1080 2655 1146 sponsus.ille,
2709 1092 2763 1137 et
2808 1096 3139 1155 unguentum
3181 1087 3526 1147 eﬂ‘nsum“:

1960 1164 2149 1220 habitu
2184 1180 2367 1222 autem
2397 1169 2636 1234 honesti,
2667 1183 2885 1242 propter
2909 1178 3152 1244 nuptias.
3254 1218 3260 1226 .

2029 1255 2224 1311 Ethmc
2254 1258 2474 1328 quidem
2491 1262 2804 1330 hujusmodi
2827 1278 3011 1320 sunto.
3033 1266 3251 1323 Exsistit
3284 1270 3387 1326 hoc
3406 1272 3472 1325 loc
3491 1289 3526 1329 ο

1957 1347 2059 1401 alia
2100 1352 2352 1418 quaestio,
2383 1367 2548 1421 quam
2581 1353 2737 1408 decet
2768 1371 2879 1411 non
2920 1359 3216 1428 negligere.
3254 1361 3309 1416 Si
3375 1368 3519 1418 enim

1956 1439 2112 1505 velle,
2140 1450 2195 1493 et
2259 1441 2603 1496 committere
2664 1459 2744 1509 se,
2812 1455 2869 1499 et
2907 1449 3188 1515 accedere,
3249 1451 3518 1506 donorum

1955 1529 2207 1598 baptismi
2231 1542 2515 1601 compotes
2539 1534 2697 1588 ctIicit
2716 1552 2735 1600 ;
2763 1545 2818 1590 et
2848 1537 3194 1607 ha:c.fugere,
3217 1550 3301 1596 est
3333 1540 3521 1612 fugere

1952 1634 2170 1675 omnem
2223 1621 2650 1692 beatitudinem;
2689 1628 2778 1696 qui
2832 1628 3044 1697 abjecta
3107 1634 3517 1698 communione,

1951 1722 2005 1767 et
2036 1713 2215 1782 priore
2235 1716 2504 1795 sententia
2537 1718 2678 1784 apud
2713 1732 2773 1772 se
2789 1723 3141 1788 reprehensa,
3195 1733 3251 1779 et
3297 1725 3520 1781 Christo

1950 1804 2237 1875 abuegato,
2272 1806 2422 1862 ducti
2450 1809 2788 1875 paenitudine
2818 1813 3044 1867 sceleris
3091 1815 3178 1869 sui
3203 1816 3270 1870 ad
3333 1816 3518 1873 Eccle-

1949 1897 2084 1951 siam
2119 1899 2407 1963 redierint,
2464 1917 2586 1955 cum
2627 1916 2970 1972 consequens
3005 1905 3077 1959 sit
3132 1922 3225 1963 eos
3250 1909 3322 1962 ad
3374 1910 3519 1962 lava-

1948 2003 2099 2043 crum
2124 1990 2307 2044 statim
2337 1991 2556 2057 adduci,
2589 2003 2645 2049 et
2692 1996 2757 2051 de
2787 1997 2999 2065 integro
3050 2000 3313 2070 mysticas
3354 2017 3518 2055 caere-

1951 2081 2163 2148 tnonias
2184 2082 2459 2148 adhiberi,
2483 2085 2654 2153 utqui
2678 2094 2851 2141 totttm
2878 2088 3121 2145 funditus
3146 2093 3474 2160 perdiderint
3497 2110 3513 2158 ;

1948 2173 2205 2224 sacerdos
2231 2182 2409 2226 tamen
2433 2177 2762 2231 auctoritate
2791 2180 2924 2246 legis
2944 2182 3329 2239 ecclesiasticze
3353 2201 3516 2239 sacro

1953 2268 2161 2315 tantum
2191 2263 2312 2316 oleo
2343 2279 2571 2331 corpora
2612 2266 2888 2334 iuunctos,
2945 2272 3086 2325 citra
3118 2276 3282 2327 ritum
3319 2279 3510 2338 alium,

1947 2350 2121 2404 ordini
2158 2352 2396 2405 lidelium
2428 2354 2686 2408 restituit.
2740 2355 2879 2421 Quid
2912 2362 2976 2411 ad
3023 2360 3128 2414 hoc
3180 2367 3518 2431 respondet.-

1948 2442 2229 2495 tium?An
2261 2458 2385 2496 cum
2440 2446 2553 2499 haec
2604 2449 2713 2501 duo
2765 2451 3021 2517 pietatem
3088 2467 3326 2507 uosmm
3383 2472 3511 2526 erga

1944 2533 2113 2588 Deum
2144 2537 2483 2611 contineant,
2513 2548 2623 2592 tum
2656 2546 2938 2610 accepisse
2965 2544 3183 2597 oculum
3221 2560 3251 2599 a
3308 2558 3513 2616 myste-

1945 2628 2062 2690 riis,
2095 2637 2207 2681 tum
2234 2628 2356 2697 ejus
2392 2645 2549 2683 usqu
2582 2631 2804 2697 habere,
2828 2643 2881 2687 et
2909 2636 3120 2688 radium
3142 2636 3295 2690 illum
3336 2638 3514 2692 iutueo

1943 2720 2010 2784 ri,
2042 2720 2450 2777 Christianismi
2492 2725 2865 2793 proditoribus
2917 2744 3088 2782 unum
3132 2731 3319 2800 periit,
3370 2735 3511 2788 alte-

1940 2827 2060 2866 rum
2096 2813 2225 2866 illud
2253 2824 2461 2879 manet,
2517 2816 2735 2873 habitus
2766 2818 3010 2888 inquam,
3038 2832 3093 2874 et
3151 2820 3387 2878 facilitas
3441 2829 3509 2879 ad

1942 2906 2228 2960 videndum
2257 2906 2481 2963 ?Causa
2506 2908 2620 2963 haec
2665 2920 2770 2976 est,
2799 2912 2928 2980 quia
2962 2912 3064 2967 hoc
3085 2914 3304 2981 quidem
3327 2915 3514 2969 sulen-

1941 2996 2086 3051 tibus
2118 3001 2350 3064 perdere
2380 2999 2546 3064 licet,
2585 3002 2804 3068 quando
2835 3002 2887 3055 in
2925 3012 3113 3057 nostro
3143 3004 3374 3059 arbitrio
3400 3016 3507 3072 est,

254 3079 437 3145 Αἴτιον
474 3078 532 3132 δὲ
566 3082 648 3133 ὅτι
679 3083 738 3135 τὸ
774 3083 871 3153 μὲν
900 3086 1194 3140 άποόαλεῖν
1242 3088 1420 3155 ἔξεστι
1468 3091 1831 3160 βουλομένοις,

1939 3090 2342 3144 autsolisluce
2394 3091 2711 3158 aspicienda
2762 3093 3046 3160 delectari,
3098 3105 3193 3148 aut
3241 3096 3507 3153 adversus

254 3171 519 3241 ἡμέτερον
549 3173 660 3241 γὰρ
687 3173 720 3245 ἢ
747 3176 970 3246 στέρξαι
992 3178 1083 3231 τὸν
1112 3180 1263 3250 ἥλιον
1298 3180 1330 3250 ἦ
1366 3182 1501 3252 πρὸς
1525 3183 1623 3253 τὴν
1643 3186 1834 3239 ἀκτῖνα

258 3263 430 3333 μῦσαι
472 3263 564 3315 τὸν
601 3264 878 3332 ὀφθαλμόν
895 3282 923 3321 ο,
949 3269 1009 3321 τό
1036 3286 1100 3335 γε
1134 3271 1432 3340 μὴνταύτὸν
1482 3274 1709 3343 ἐκκόψαι
1742 3276 1834 3328 τὸν

252 3352 534 3421 ὀφθαλμὶν
558 3356 651 3407 καὶ
670 3350 773 3424 τὴν·
795 3355 990 3410 πλάσιν
1014 3359 1228 3432 ἐκείνην
1255 3363 1567 3417 παντάπασι
1594 3365 1833 3434 διαφθεῖ-

257 3461 343 3512 ραι
390 3444 500 3496 τῶν
545 3447 843 3532 ἀμηχάνων
883 3450 1034 3518 ἡμῖν.
1081 3452 1141 3505 Εί
1184 3452 1294 3525 γάρ
1335 3457 1446 3508 τῶν
1482 3459 1541 3510 ὲν
1577 3461 1643 3529 τῇ
1682 3459 1828 3532 ψυχῇ

251 3536 554 3607 δυνάμεων,
597 3542 717 3607 μεθ’
786 3531 861 3593 ὧν
906 3542 1114 3615 ήμᾶςή
1156 3546 1316 3612 φύσις
1363 3549 1671 3619 ἐγέννησεν,
1720 3553 1830 3606 οὐδ’

253 3627 500 3696 ἡντινοῦν
530 3629 813 3699 δυνάμεθα
841 3632 1008 3697 λύειν,
1039 3635 1242 3705 ἥκιστα
1269 3637 1334 3709 δὴ
1361 3639 1577 3694 πάντων
1606 3642 1671 3713 ἥν
1697 3645 1830 3713 ἡμῖν

252 3719 566 3785 ἀναγεννῶν
610 3722 771 3784 αὐτὸς
804 3725 1023 3790 άμέσως
1054 3726 1311 3797 ἐνέθηκεν
1334 3731 1362 3783 6
1390 3732 1523 3796 Θεός
1542 3750 1556 3766 ο
1587 3732 1709 3788 ἐπεὶ
1733 3726 1833 3789 και

251 3810 378 3863 αὐτὸ
420 3811 481 3864 τὺ
506 3813 565 3865 ὲν
598 3814 732 3882 ἡμῖν
760 3815 1082 3885 ἡγούμενον,
1119 3819 1147 3870 ὃ
1186 3822 1238 3872 τί
1271 3824 1563 3889 ποτέ’ἐστι,
1603 3827 1825 3883 πλάττει

252 3902 342 3955 καὶ
378 3903 655 3974 διατίθησι
704 3905 766 3957 τὸ
810 3907 1054 3975 λουτρὸν,
1106 3910 1215 3964 είτε
1258 3911 1417 3979 λόγου
1465 3918 1561 3970 καὶ
1601 3917 1827 3988 γνώμης

251 3993 576 4064 αὐτονομίαν
601 4035 617 4058 ,
639 3994 741 4048 εἴθ’
764 3995 950 4067 ἕτερον
988 3998 1169 4052 ὁτιοῦν
1199 4000 1306 4072 χρὴ
1333 4002 1493 4056 τοῦτο
1512 4005 1751 4074 νομίσαι,
1781 4004 1826 4075 ᾧ

253 4083 394 4135 πᾶσα
434 4084 535 4153 μὲν
578 4084 739 4137 εἴκει.
764 4085 992 4155 δύναμις
1035 4090 1132 4156 τῆς
1182 4090 1381 4160 ψυχῆςσ
1409 4090 1502 4145 καὶ
1532 4088 1827 4165 ’πρὺςτῆν

248 4173 452 4227 ἐκείνου
479 4176 709 4245 φέρεται
738 4185 973 4247 κίνησιν,
992 4180 1303 4234 ὲπιττάττει
1330 4183 1385 4236 δὲ
1412 4184 1568 4238 οὐδὲν
1591 4186 1711 4239 οὐδὲ
1733 4188 1824 4241 δύ.

248 4282 401 4321 ναται
448 4268 837 4337 μεταϐάλλειν,
881 4270 995 4323 ἀλλ’
1025 4271 1145 4324 οὐδὲ
1182 4273 1313 4327 αὐτὸ
1345 4276 1542 4331 ἑαυτό·
1577 4282 1824 4348 κρεῖττον

1936 3179 2150 3233 radium
2214 3179 2332 3243 ejus
2389 3180 2647 3235 claudere
2712 3183 2934 3237 oculum
2990 3201 3005 3238 :
3061 3201 3253 3242 eruere
3320 3200 3504 3243 autem

1936 3268 2116 3336 ipsum
2159 3271 2404 3335 oculum,
2446 3278 2897 3340 structuramque
2936 3273 3083 3327 illam
3156 3278 3371 3344 penitus
3428 3280 3498 3330 vi.

1936 3360 2093 3423 tiare,
2152 3360 2310 3414 nobis
2369 3371 2450 3413 est
2528 3362 2758 3415 nimium
2806 3374 3070 3431 quantum
3133 3369 3366 3422 dillicile.
3445 3370 3503 3424 Si

1932 3454 2077 3507 enim
2127 3452 2445 3507 facultatum
2501 3454 2715 3517 animae,
2753 3472 2880 3510 cum
2941 3458 3144 3527 quibus
3196 3476 3295 3513 nos
3342 3470 3503 3514 natu-

1932 3558 1990 3597 ra
2025 3544 2231 3613 genuit,
2258 3544 2580 3615 disperdere
2632 3547 2844 3601 nullam
2900 3563 3210 3616 possumus,
3274 3552 3502 3607 minime

1930 3641 2171 3691 omnium
2188 3638 2345 3692 illam
2379 3640 2704 3709 poterimus,
2732 3636 2897 3711 quam
2952 3642 3112 3697 nobis
3174 3659 3503 3713 regeneratus

1931 3729 2048 3799 ipse
2090 3731 2231 3786 Deus
2261 3748 2358 3801 per
2389 3748 2447 3787 se
2476 3733 2675 3787 indidit
2708 3753 2723 3787 :
2753 3734 3028 3804 siquidem
3070 3748 3123 3791 et
3147 3738 3322 3807 ipsum
3351 3740 3501 3807 quod

1929 3821 1985 3874 in
2010 3822 2166 3877 nobis
2186 3824 2398 3877 obtinet
2431 3827 2822 3894 principatum.
2853 3828 3241 3898 quodcunque.
3268 3832 3489 3884 tandem

1928 3922 2032 3976 est,
2068 3913 2361 3969 forruatLet
2386 3918 2666 3985 componit
2712 3919 2992 3973 lavacrum
3018 3920 3177 3975 tsi-re
3194 3923 3247 3975 id
3267 3922 3498 3975 rationis

1927 4012 1981 4056 et
2003 4005 2202 4058 mentis
2227 4010 2567 4071 autouomia,
2593 4008 2708 4062 sive
2732 4007 3275 4080 aliud-quodcunque
3307 4015 3500 4070 elisu-

1929 4093 2187 4147 mandum
2206 4102 2310 4157 est,
2343 4097 2429 4148 cui
2471 4096 2870 4151 omnisanimse
2902 4100 3076 4153 virtus
3103 4103 3266 4166 cedit,
3327 4112 3381 4157 et
3424 4107 3495 4158 ad

1929 4193 2131 4237 motum
2166 4184 2451 4239 illiussese
2483 4187 2878 4253 accommodat,
2917 4189 3005 4243 cui
3053 4190 3189 4244 nihil
3242 4192 3493 4261 imperat,

1925 4277 2179 4346 quodque
2214 4268 2412 4331 mutari
2439 4292 2471 4331 a
2501 4277 2651 4330 nulla
2683 4293 2740 4332 re
2771 4287 2969 4348 potest.
3000 4280 3106 4335 Sed
3138 4290 3262 4340 nec
3282 4304 3293 4312 ι
3314 4288 3496 4357 ipsum

248 4359 350 4428 γὰρ
375 4359 530 4413 οὐδὲν
563 4359 762 4424 γένοιτ’
788 4360 855 4413 ἂν
900 4361 1121 4426 ἑαυτοῦ,
1159 4364 1256 4417 καὶ
1291 4365 1400 4435 μὴν
1427 4366 1550 4420 οῠδὶ
1575 4369 1666 4422 τὸν
1689 4370 1822 4425 Θεὸν

1939 4367 2278 4436 temetipsum
2309 4376 2486 4421 mutat
2513 4385 2530 4435 ;
2560 4367 2695 4423 nihil
2721 4370 2864 4424 enim
2898 4373 3106 4442 .soipso
3123 4378 3320 4434 melius
3377 4381 3493 4435 fieri

248 4451 406 4515 είκός.
434 4453 508 4506 Οὐ
550 4452 660 4523 γὰρ
689 4453 933 4520 ἀφέλοιτ’
961 4454 1028 4507 ἂν
1054 4448 1130 4509 ὧν
1164 4431 1304 4525 ἡμῖν*
1337 4431 1599 4513 κατέθετο
1634 4460 1824 4534 δώρων

1939 4431 2239 4525 πίεραι-ΞΜ
2270 4472 2445 4527 neque
2469 4431 2642 4512 a‘Deo
2670 4461 2871 4514 mutari
2916 4431 3136 4533 aequum
3171 4431 3492 4525 est.‘Hvaud

246 4543 392 4597 οὐδέν
417 4561 434 4578 ο
482 4565 500 4599 ι
574 4546 992 4617 Ἀμεταμέλητα
1030 4549 1141 4618 γὰρ
1179 4550 1247 4602 τὰ
1283 4550 1622 4622 χαρίσματα,
1663 4557 1824 4626 φησὶ,

246 4635 335 4689 τοῦ
365 4638 523 4705 θεοῦ,
569 4656 593 4691 ι
621 4638 717 4691 καὶ
745 4639 879 4703 ὅλως
908 4639 1134 4711 ἄπειρος
1163 4642 1495 4711 ἁγαθότητος
1523 4643 1600 4697 ὢν
1634 4645 1833 4714 βούλε-“

243 4740 329 4778 ται
360 4728 468 4781 πᾶν
495 4728 632 4798 ἡμῖν
657 4727 884 4795 ἀγαθὸν,
927 4729 1022 4782 καὶ
1056 4729 1238 4783 δίδωσί
1267 4747 1329 4799 γε
1361 4731 1564 4786 ἀλύτου
1597 4735 1696 4804 τῆς
1727 4736 1822 4790 τοῦ

244 4816 587 4884 αὖτεξουσίου
615 4818 905 4889 προεδρίας
934 4819 1324 4892 ὑποκειμένης.
1369 4822 1623 4877 Τοιοῦτςν
1663 4826 1722 4879 δὲ
1760 4826 1822 4880 τὸ

244 4911 333 4960 τοῦ
372 4909 754 4983 βαπτίσματος
780 4909 1005 4979 ἀγαθόν.
1037 4913 1112 4965 Οὐ
1142 4915 1249 4983 γὰρ
1277 4914 1436 4985 ἄγχει
1462 4917 1563 4988 τὴν
1591 4917 1819 4989 γνώμην

245 5000 359 5054 οὐδὲ
381 5003 626 5074 κατέχει,
651 5002 788 5071 ἀλλὰ
809 5003 1038 5075 δύναμις
1066 5001 1203 5059 οὖσα
1230 5008 1357 5069 τοὺς
1381 5010 1478 5078 μὲν
1499 5012 1818 5081 χρωμένους

245 5092 388 5147 οὐδὲν
408 5096 651 5149 ἐκώλυσε
678 5096 858 5164 μεῖναι
890 5097 1181 5170 πονηροὺς,
1213 5099 1464 5170 καθάπερ
1491 5102 1587 5155 καὶ
1616 5101 1676 5157 τὸ
1707 5105 1816 5156 σῶν

246 5176 382 5248 ἔχειν
417 5181 508 5235 τὸν
540 5181 819 5252 ὀφθαλμὸν
849 5183 950 5237 οὐκ
985 5184 1051 5237 ἂν
1093 5188 1361 5258 προσταίη
1399 5191 1513 5252 τοῖς
1544 5192 1602 5243 ὲν
1636 5193 1816 5247 σκότει

247 5266 342 5339 ζῇν
369 5270 708 5342 βουλομένοις
728 5290 742 5304 '
772 5276 865 5328 καὶ
890 5274 1050 5344 δῆλον
1079 5276 1324 5342 αὐτόθεν,
1348 5281 1507 5334 αὐτοὶ
1531 5283 1640 5353 γὰρ
1667 5279 1813 5338 οὗτοι

250 5358 516 5432 μάρτυρες
547 5365 737 5431 σαφεῖς
765 5365 816 5417 οί
848 5365 987 5434 μετὰ
1019 5367 1081 5420 τὸ
1111 5367 1410 5423 λούσασθαι
1436 5373 1532 5425 καὶ
1553 5375 1622 5427 τὰ
1662 5376 1819 5427 iui--

248 5447 335 5502 θεν
381 5453 565 5507 πάντα
610 5452 797 5508 λαϐεῖν
849 5457 929 5520 εἰς
977 5459 1079 5527 τὴν
1126 5460 1364 5532 ἐσχάτην
1417 5464 1672 5520 ἀσέϐειαν
1719 5467 1829 5521 καὶ

251 5542 543 5617 μοχθηρίαν
564 5546 950 5620 ἑξενεχθέντες.
977 5549 1078 5604 Διὰ
1106 5552 1279 5609 ταῦτα
1300 5554 1481 5610 τοίνυν
1505 5558 1582 5629 τῷ
1607 5561 1683 5630 μὴ
1710 5560 1823 5623 τὰς

316 5723 360 5755 ⁷ο
382 5722 523 5780 Psal.
559 5743 681 5795 XLV,
711 5730 761 5786 5.
843 5729 884 5760 ⁷¹
927 5727 1087 5784 Cant.
1122 5746 1159 5796 l,
1194 5730 1247 5784 2.
1327 5735 1370 5764 ⁷²
1412 5732 1566 5786 nuru.
1610 5750 1682 5799 xi,
1726 5736 1815 5790 ‘29.

1920 4549 2065 4603 enim
2103 4548 2170 4602 de
2195 4548 2358 4604 donis
2386 4550 2504 4606 suis
2531 4552 2643 4605 ullo
2665 4566 2765 4607 nos
2812 4555 3071 4622 spoliabit
3105 4573 3122 4612 :
3159 4576 3179 4609 ι
3215 4558 3309 4614 Dei
3341 4561 3491 4616 enim

1919 4641 2063 4695 dona
2095 4642 2215 4697 sine
2260 4642 2582 4712 poenitentia
2610 4654 2761 4712 sunt,
2799 4664 2818 4697 ι
2857 4648 3034 4718 inquit
3064 4651 3357 4718 Apotstolus
3416 4655 3487 4707 τ’.

1917 4731 1974 4786 In
2026 4747 2260 4798 summa,
2290 4734 2514 4789 infinitas
2540 4736 2805 4792 bonitatis
2841 4753 2964 4793 cum
2990 4739 3109 4803 "sit,
3139 4741 3287 4806 cupit
3310 4751 3363 4795 et
3394 4742 3491 4798 dat

1917 4826 2077 4881 nobis
2104 4840 2267 4880 onme
2318 4812 2546 4895 bonum,
2608 4828 2681 4883 ita
2725 4839 2905 4884 tamen
2968 4839 3029 4884 ut
3073 4833 3486 4902 prmrogativam

1918 4930 2073 4971 suam
2107 4918 2279 4974 libera
2311 4918 2565 4975 voluntas
2593 4930 3030 4992 nostra‘semper
3054 4922 3325 4977 retineat.
3353 4923 3489 4981 Tale

1918 5019 2002 5064 est
2027 5008 2367 5080 baptismatis
2395 5012 2620 5067 bonum.
2643 5007 2759 5067 Non
2778 5013 2925 5067 enim
2982 5022 3216 5068 mentem
3245 5025 3488 5071 coarctat

1918 5113 2094 5166 neque
2121 5100 2407 5169 opprimit,
2439 5103 2688 5156 sedeam
2712 5102 2785 5156 sit
2809 5102 2888 5155 vis
2928 5110 2980 5156 et
3035 5101 3288 5169 facultas,
3325 5117 3489 5160 uten-

1916 5191 2062 5245 tibus
2083 5193 2345 5261 prodest;
2386 5209 2494 5248 non
2530 5201 2749 5248 utentes
2775 5185 2953 5247 aute'm
2998 5208 3221 5249 manere
3276 5196 3499 5266 impro-v

1918 5283 2018 5338 bos
2050 5299 2157 5338 non
2179 5294 2325 5340 vetat
2355 5296 2377 5340 τί
2403 5288 2546 5342 sicut
2578 5298 2632 5340 et
2661 5292 2853 5341 sanum
2897 5286 3096 5342 habere
3155 5287 3375 5342 Oculum
3430 5290 3497 5343 in‘

1921 5377 2159 5433 tenebris
2181 5377 2463 5433 ambulare
2483 5370 2791 5433 volentibus
2815 5378 3204 5445 impedimento
3223 5394 3330 5433 non
3357 5380 3497 5433 erit.-

1922 5469 2097 5541 ilujus
2154 5456 2255 5526 rei"
2284 5480 2448 5525 testes
2507 5480 2637 5525 sunt
2695 5472 2959 5528 luculeutl
3001 5473 3138 5542 -'qui,
3180 5481 3483 5537 postquam

1923 5563 2091 5620 abluti
2140 5574 2192 5618 et
2224 5564 2407 5619 omnia
2440 5564 2587 5621 illius
2624 5566 3083 5636 niystcrii‘adepti
3115 5564 3366 5623 fuissent;
3425 5560 3505 5621 in:
